2516 3791
663 197 707 227 IN
743 198 846 228 CAP.
887 196 982 226 xvi.

109 278 200 318 κατὰ
229 278 288 316 τὸν
324 278 548 332 πατριάρχην
589 279 822 330 γεγενημένας
856 282 903 323 εἰς
940 277 1038 331 ἔργον
1070 277 1132 314 οὐκ

107 340 252 390 ἤγαγεν,
281 338 359 377 ἀλλ’
398 338 456 377 ἵνα
497 339 587 391 μετὰ
623 341 758 386 πολλῆς
802 344 864 388 τῆς
908 337 1133 391 περιφανείας

106 399 236 444 ταύτας
265 402 360 452 αὐτῷ
390 401 582 454 παράσχῃ,
607 402 667 440 καὶ
697 409 784 440 πᾶσι
814 406 874 440 τοῦ
905 400 1039 440 δικαίου
1069 398 1132 446 τὴν

105 460 223 498 πίστιν
240 460 438 507 κατάδηλον
459 461 660 512 ἐργάζηται.
678 462 747 500 Διὰ
774 461 877 500 τοῦτό
905 477 1010 514 φησι,
1032 457 1133 497 Μετὰ

106 519 192 559 δέκα
209 520 269 567 ἔτη
289 525 349 559 τοῦ
377 524 581 568 συνοικῆσαι
608 522 730 567 αὐτοὺς
749 526 783 562 ἐν
811 526 856 574 γῇ
888 520 1048 568 Χαναὰν,
1077 518 1135 556 ἰ’να

106 581 220 633 μάθῃς
249 581 328 626 ὅσος
360 584 519 635 παρῆλθε
542 583 668 636 χρόνος
689 583 723 628 ἐξ
746 577 783 622 οῧ
814 582 858 621 τὰ
887 586 949 629 τῆς
980 583 1134 630 ἐπαγγε-

104 640 182 685 λίας
202 641 351 686 ἐδέξατο.
369 641 481 686 Εὐθὺς
499 643 566 696 γὰρ
583 644 728 687 ἐπιστὰς
743 648 786 695 τῇ
806 641 1011 692 Χαναναία,
1029 639 1134 685 ἤκου-

107 717 180 748 σεν,
201 701 253 740 ὅτι
283 704 316 742 Τ
319 706 347 756 ᾧ
367 703 548 754 σπέρματί
581 720 641 743 σου
677 704 779 743 δώσω
808 703 872 750 τὴν
898 706 964 755 γῆν
989 699 1133 746 ταύτην,

106 763 166 801 καὶ
185 765 219 802 ἐν
239 763 394 816 τοσούτῳ
414 764 521 815 μήκει
539 765 666 817 χρόνου
692 764 751 803 καὶ
781 765 882 806 αὐτὸς
919 763 1026 804 ἄπαις
1059 759 1133 798 διέ-

104 824 296 875 μεινε,καὶ
327 827 388 870 τῆς
405 825 525 876 Σάρας
552 828 574 871 ἡ
605 825 789 877 στείρωσις
826 823 1031 863 ἐπετείνετο.
1063 820 1134 859 Καὶ

106 885 214 923 ἔδωκε
232 883 297 931 τὴν
317 884 448 936 Ἅγαρ,
478 885 596 937 φησὶν,
611 885 752 938 Ἄὸραμ
769 888 820 939 τῷ
842 883 940 937 ἀνδρὶ
960 884 1066 928 αὐτῆς
1087 883 1134 924 εἷς

105 950 267 997 γυναῖκα.

156 1004 253 1059 ’Ὅρα
272 1005 365 1052 πόση
383 1005 423 1044 τὸ
440 1006 590 1044 παλαιὸν
613 1005 832 1045 ἐπολιτεύετο
860 1004 946 1057 παρ’
970 1006 1085 1047 αὐτοῖς
1112 1006 1134 1048 ἡ

106 1066 291 1120 φιλοσοφία
307 1082 314 1090 ·
343 1069 419 1110 πῶς
447 1067 507 1104 καὶ
527 1069 558 1106 οἱ
580 1066 701 1118 ἄνδρες
735 1061 824 1114 ἦσαν
853 1069 1056 1117 ἐγκρατεῖς,
1077 1063 1137 1102 καὶ

107 1129 171 1174 τῆς
193 1126 420 1180 σωφροσύνης
436 1126 545 1166 πολὺν
566 1127 767 1178 ποιούμενοι
794 1128 910 1178 λόγον,
938 1126 999 1165 καὶ
1024 1128 1059 1164 αἱ
1077 1142 1140 1177 γυ-

108 1193 225 1232 ναῖκες
249 1187 463 1234 ζηλοτυπίας
482 1189 579 1232 ἐκτὸς
599 1188 802 1242 ἐτύγχανον.
824 1188 1013 1234 Ἐπίτηδες
1031 1186 1099 1239 γὰρ
1117 1190 1139 1233 ἡ

110 1248 237 1302 Γραφὴ
256 1251 412 1300 συνεχῶς
425 1248 538 1300 λέγει,
560 1249 630 1288 Καὶ
649 1249 806 1289 λαθοῦσα
832 1249 933 1303 Σάρα
949 1248 1056 1300 Ἅγαρ
1076 1247 1140 1294 τὴν

107 1309 318 1356 παιδίσκην·
342 1309 403 1347 καὶ
430 1310 549 1358 πάλιν,
570 1309 729 1349 Ἔδωκεν
762 1309 869 1357 αὐτὴν
900 1312 948 1352 εἰς
974 1315 1140 1361 γυναῖκα·

106 1369 165 1407 ἵνα
187 1370 300 1422 μάθῃς
319 1369 413 1413 ὅπως
441 1372 585 1415 ἀπαθῶς
605 1371 646 1410 τὸ
661 1377 810 1424 πρᾶγμα
829 1370 1066 1423 μετεχείριζε,
1079 1369 1140 1408 καὶ

106 1430 200 1478 πόση
220 1430 304 1484 παρ’
319 1433 434 1475 αὐτοῖς
453 1425 496 1478 ἦν
515 1434 537 1478 ἡ
558 1432 755 1484 φιλοσοφία.
772 1432 842 1472 Καὶ
859 1433 1015 1480 εἰσῆλθε,
1032 1431 1138 1484 φησὶ,

108 1491 195 1543 πρὸς
221 1490 343 1544 Ἅγαρ,
374 1492 434 1530 καὶ
465 1492 784 1545 συνέλαὸεν.”ορα
817 1495 892 1536 πῶς
922 1493 1088 1544 μανθάνει
1116 1495 1138 1539 ἡ

106 1552 210 1604 Σάρα
224 1581 234 1598 ,
247 1552 300 1591 ὅτι
319 1554 356 1592 οὐ
373 1553 471 1606 παρὰ
490 1554 548 1592 τὸν
568 1553 701 1592 δίκαιον
721 1555 756 1591 ἐν
776 1553 925 1608 ἀπαιδίᾳ
940 1553 1139 1606 ἐτύγχανεν,

109 1612 202 1652 ἀλλὰ
221 1614 318 1666 παρὰ
337 1613 401 1662 τὴν
420 1615 605 1667 στείρωσιν
623 1614 688 1661 τὴν
718 1617 844 1661 ἑαυτῆς
856 1630 863 1638 ·
885 1614 1009 1659 εὐθέως
1031 1614 1099 1666 γὰρ
1116 1618 1137 1660 ἡ

109 1674 274 1713 συνουσία
298 1675 361 1723 τὴν
396 1674 569 1727 σύλληψιν
594 1670 793 1727 εἰργάσατο.
813 1675 904 1714 Ἀλλ’
939 1674 1004 1728 ὅρα
1033 1675 1140 1714 πάλιν

107 1737 170 1781 τῆς
194 1735 385 1783 παιδίσκης
406 1736 469 1784 τὴν
499 1736 762 1788 ἀγνωμοσύνην,
783 1736 843 1774 καὶ
861 1739 923 1783 τῆς
941 1737 1140 1788 γυναικείας

112 1796 248 1848 φύσεως
279 1797 344 1843 τὴν
376 1797 570 1844 ἀσθένειαν,
595 1797 651 1835 ἵνα
675 1797 789 1850 μάθῃς
808 1798 867 1836 καὶ
896 1799 1050 1836 ἐντεῦθεν
1080 1801 1140 1837 τοῦ

106 1857 327 1911 πατριάρχου
347 1858 410 1906 τὴν
432 1858 564 1906 πολλὴν
585 1858 787 1897 ἐπιείκειαν.
810 1859 880 1897 Καὶ
906 1853 993 1907 εἶδε,
1021 1859 1138 1911 φησὶν,

108 1917 163 1956 ὅτι
182 1920 216 1956 ἐν
238 1920 364 1972 γαστρὶ
391 1920 484 1972 ἔχει,
516 1919 576 1958 καὶ
604 1920 784 1971 ἠτιμάσθη
817 1923 838 1966 ἡ
860 1920 963 1972 κυρία
985 1920 1138 1959 ἐναντίον

107 1980 226 2024 αὐτῆς.
247 1980 415 2018 Τοιοῦτον
436 1979 503 2031 γὰρ
524 1983 594 2018 τῶν
609 1981 751 2017 οἰκετῶν
775 1980 816 2018 τὸ
833 1974 932 2026 ἦθος·
954 1981 994 2019 ἂν
1011 1987 1140 2032 μικρᾶς

106 2039 297 2091 εὐπραγίας
324 2039 582 2088 ἐπιλάὸωνται,
608 2042 671 2078 οὐκ
699 2040 885 2092 ἀνέχονται
916 2041 1033 2092 μένειν
1054 2041 1138 2080 εἴσω

107 2103 176 2138 τῶν
207 2100 344 2138 οἰκείων
369 2100 472 2154 ὅρων,
501 2103 578 2140 ἀλλ’
611 2101 733 2144 εὐθέως
765 2102 1053 2140 ἐπιλανθάνονται
1076 2104 1139 2148 τῆς

107 2161 238 2204 οἰκείας
263 2160 412 2209 τάξεως,
431 2162 492 2200 καὶ
519 2162 606 2213 πρὸς
637 2161 886 2212 ἀγνωμοσύνην
919 2161 1135 2213 ἐπείγονται·

105 2221 192 2274 ὅπερ
204 2222 264 2260 καὶ
280 2221 366 2269 αὐτὴ
387 2225 408 2268 ἡ
429 2221 599 2268 παιδίσκη
613 2221 797 2260 πέπονθεν.
814 2222 966 2270 Ἐπειδὴ·
979 2222 1048 2275 γὰρ
1068 2217 1137 2261 εἶδε

106 2285 169 2329 τῆς
188 2282 338 2335 γαστρὸς
351 2282 409 2320 τὸν
429 2282 544 2334 ὄγκον,
560 2283 622 2320 οὐκ
637 2283 801 2321 ἐννοοῦσα
819 2285 857 2321 οὗ
874 2286 938 2329 τ’ἥς
954 2283 1138 2331 δεσποίνης

106 2342 170 2389 τὴν
203 2343 336 2394 ἄφατον
376 2342 595 2395 φιλοσοφίαν,
630 2346 668 2382 οὐ
692 2346 756 2390 τῆς
789 2343 917 2387 οἰκείας
949 2344 1046 2388 ἀξίας
1075 2344 1136 2391 τὴν

106 2403 296 2451 εὐτέλειαν,
317 2405 393 2442 ἀλλ’
409 2406 599 2456 ἐπαρθεῖσα
618 2404 678 2442 καὶ
701 2404 791 2457 μέγα
812 2405 1016 2457 φρονήσασα
1031 2408 1136 2457 ὑπερ-

106 2471 172 2516 ορᾷ
190 2466 253 2509 τ’ἤς
272 2463 456 2510 δεσποίνης
473 2467 537 2510 τῆς
553 2463 728 2510 τοσαύτην
747 2465 827 2517 περὶ
844 2464 950 2512 αὐτὴν
966 2464 1137 2509 ἐπιδειξα-

108 2526 216 2575 μένης
233 2523 296 2571 τὴν
324 2523 550 2575 κηδεμονίαν,
571 2526 618 2568 ὡς
640 2525 699 2562 καὶ
731 2525 790 2563 ἐπὶ
815 2525 879 2572 τὴν
909 2525 1007 2572 εὐνὴν
1028 2525 1136 2573 αὐτὴν

108 2589 251 2638 ἀγαγεῖν
268 2589 327 2624 τοῦ
345 2585 479 2637 ἀνδρός.
490 2585 537 2624 Τί
551 2579 609 2623 οῧν
625 2589 647 2632 ἡ
670 2585 790 2638 Σάρα;
806 2579 896 2624 Eine
908 2616 917 2633 ,
934 2586 1037 2638 φησὶ,
1052 2587 1138 2638 πρὸς

107 2647 251 2698 Ἀῧραμ
267 2662 274 2669 ·
296 2647 485 2697 ἀδικοῦμαι
505 2647 544 2683 ἐκ
567 2650 640 2684 σοῦ.
659 2650 674 2666 ³
687 2645 778 2684 Ἰδοὺ
808 2646 943 2685 δέδωκα
972 2646 1035 2694 τὴν
1053 2662 1136 2685 παι-

108 2707 232 2754 δίσκην
255 2723 321 2758 μου
341 2710 389 2751 εἰς
408 2707 466 2746 τὸν
485 2707 614 2745 κόλπον
635 2722 716 2745 σου·
739 2708 858 2747 ἰδοῦσα
881 2708 917 2746 δὲ
937 2707 990 2746 ὅτι
1009 2709 1044 2746 ἐν
1073 2725 1137 2761 γα·

107 2768 187 2820 στρὶ
203 2769 294 2820 ἔχει,
311 2767 510 2819 ἠτιμάσθην
533 2767 685 2806 ἐναντίον
706 2769 826 2815 αὐτῆς.
851 2769 977 2822 Κρίναι
1002 2773 1020 2808 ὁ
1047 2770 1138 2813 Θεὸς

106 2829 175 2867 ἀνὰ
195 2828 301 2879 μέσον
327 2830 412 2879 ἐμοῦ
441 2828 501 2867 καὶ
521 2832 597 2867 σοῦ.
631 2828 806 2868 Ἐνταῧθά
835 2847 895 2882 μοι
926 2831 1050 2870 σκόπει
1075 2835 1136 2870 τοῦ

110 2889 244 2928 δικαίου
266 2889 329 2936 τὴν
363 2887 494 2941 ἄφατον
524 2890 782 2942 μακροθυμίαν,
802 2891 864 2930 καὶ
888 2892 954 2939 τὴν
980 2894 1068 2931 αἰδῶ
1096 2895 1137 2941 ἣν

109 2951 190 3003 περὶ
201 2950 264 2997 τὴν
281 2950 399 3003 Σάραν
413 2950 666 2999 ἐπιδείκνυται,
679 2952 889 3004 συγγνώμην
903 2954 1011 3001 αὐτὴν
1032 2958 1138 2994 αἰτῶν

110 3014 174 3057 τῆς
199 3011 326 3062 ἀλόγου
344 3010 476 3058 ταύτης
497 3011 622 3055 αἰτίας.
643 3011 688 3050 Ἡ
708 3013 775 3065 γὰρ
803 3019 880 3058 ταῖς
900 3016 1002 3068 χερσὶ
1023 3032 1138 3068 παρα·

112 3074 218 3112 δοῦσα
235 3072 300 3119 τὴν
318 3072 510 3120 παιδίσκην
531 3075 581 3124 τῷ
609 3073 727 3125 ἀνδρὶ,
747 3077 770 3120 ἡ
799 3077 944 3114 εἰποῦσα
958 3105 967 3123 ,
993 3077 1139 3116 Εἴσελθε

113 3134 200 3186 πρὸς
221 3134 285 3181 τὴν
309 3133 502 3180 παιδίσκην
524 3149 608 3185 μου·
638 3137 660 3181 ἡ
685 3134 817 3174 οἴκοθεν
839 3137 898 3174 καὶ
919 3138 978 3190 ἀφ’
1006 3140 1134 3185 ἑαυτῆς

113 3194 199 3244 πρὸς
225 3193 288 3241 τὴν
312 3194 496 3233 συνουσίαν
515 3196 618 3234 αὐτὸν
649 3196 939 3248 πρστρεψαμένη,
963 3197 1052 3246 αὕτη
1081 3203 1139 3236 νῦν

116 3254 405 3305 μεταὸαλλομένη
426 3256 542 3307 φησὶν,
573 3255 776 3306 Ἀδικοῧμαι
808 3259 846 3295 ἐκ
875 3262 947 3298 σοῦ.
979 3259 1040 3306 Μὴ
1071 3262 1138 3312 γὰρ

163 3377 174 3392 ¹
199 3368 238 3400 In
257 3366 371 3399 Bibliis
387 3366 504 3411 legitur
523 3375 578 3411 ἐγὼ
597 3373 718 3403 ᾗέιζωκκ.

332 3425 427 3449 TUM·
449 3426 502 3450 ΙΥ.

1021 193 1180 224 GENES.

1147 273 1193 298 ³⁴38

1159 310 1184 340 Λ

1161 1073 1185 1103 Β

1162 1689 1186 1720 C

1219 191 1375 223 ιιοΜιι..
1417 194 1609 225 xxxviii.
2068 187 2160 247 449

1207 289 1266 313 eas
1287 275 1342 313 illi
1364 275 1582 326 concederet,
1595 277 1830 329 omnibusque
1851 282 2157 332 monstraretjusti

1207 335 1328 374 fidem.
1357 336 1492 375 Idcirco
1511 336 1614 386 dicit,
1655 340 1869 390 Postquam
1887 340 2017 377 decern
2035 354 2159 378 annas

1208 397 1326 434 simul
1345 398 1558 437 habitasset
1572 401 1614 436 in
1633 406 1737 437 ter-ra
1753 400 1970 437 chanaan.-
1994 409 2031 437 ut
2045 400 2161 438 diseas

1207 465 1380 505 quantum
1407 458 1632 508 praeteriisset
1653 457 1822 511 temporis
1842 473 1887 497 ex
1913 472 1982 509 quo
2002 459 2160 511 promis-

1206 515 1321 553 siones
1340 518 1542 569 accepisset.
1579 519 1709 557 Statim
1729 520 1823 557 enim
1845 528 1883 557 ut
1896 519 1993 558 venit
2009 519 2045 557 in
2061 520 2160 557 Cha-

1207 586 1388 624 nanaeam,
1425 577 1566 614 audivit
1588 578 1760 616 :Semini
1792 587 1858 615 tuo
1885 578 1987 615 dabo
2018 586 2161 615 terram

1209 634 1335 672 hanc.-
1374 644 1408 673 et
1431 645 1527 674 tanto
1564 637 1753 676 intervallo
1774 638 1941 690 temporis
1959 638 2091 689 absque
2120 639 2162 675 li-

1208 692 1303 729 beris
1322 703 1514 743 manserat,
1532 696 1768 747 sterilitasque
1781 698 1880 737 Sarae
1897 698 2037 735 interim
2057 711 2162 750 auge-

1208 753 1327 791 batur.
1348 755 1401 791 Et
1419 755 1539 805 dedit,
1572 755 1700 807 inquit,
1720 757 1833 810 Agar
1849 759 1890 796 A
1895 761 1970 796 brae
1992 761 2079 797 viro
2094 772 2162 798 sno

1207 828 1251 851 tn
1273 827 1444 853 tuorem.

1263 1006 1300 1043 4.
1328 1005 1423 1044 Vide
1443 1016 1572 1058 quanta
1590 1007 1696 1046 etiam
1721 1007 1808 1046 olim
1824 1008 2051 1062 philosophia
2068 1014 2164 1065 apud

1210 1074 1345 1105 veteres
1363 1067 1613 1116 exercebatur5
1635 1069 1815 1120 quomodo
1829 1079 1864 1107 et
1881 1071 1950 1109 viri
1967 1080 2164 1124 temperan—

1210 1136 1262 1166 tes
1272 1137 1383 1177 erant,
1393 1143 1630 1180 magnamque
1637 1131 1861 1169 continentiae
1872 1131 2050 1172 habebant
2060 1135 2167 1173 ratio-

1212 1203 1307 1240 nem,
1326 1203 1368 1228 ac
1383 1191 1548 1228 mulieres
1567 1191 1752 1244 zelotypiae
1769 1193 1936 1232 carebant
1958 1195 2058 1233 vitio.
2089 1198 2165 1234 De—

1210 1249 1287 1288 dita
1305 1250 1402 1289 enim
1422 1265 1527 1304 opera
1543 1252 1674 1305 saepius
1700 1252 1789 1291 dicit
1805 1254 2013 1306 Scriptura:
2054 1259 2105 1294 Et
2127 1267 2168 1295 ιιι

1213 1312 1302 1350 tulit
1320 1313 1420 1351 Sara
1436 1313 1609 1365 Agarem
1623 1315 1836 1353 ancillam:
1855 1325 1888 1353 et
1907 1316 2056 1355 iterum:
2092 1320 2168 1356 De-

1211 1374 1269 1411 dit
1285 1387 1371 1411 eam
1386 1376 1428 1411 in
1441 1388 1599 1412 uxorem
1614 1391 1625 1411 .·
1648 1384 1687 1413 ιιι
1700 1375 1817 1414 discas
1835 1377 2015 1428 quomodo
2035 1378 2167 1430 absque

1211 1431 1321 1470 animi
1336 1431 1547 1484 aegritudine
1577 1434 1760 1486 negotium
1775 1435 1899 1486 egerit,
1940 1445 1974 1474 et
1994 1446 2168 1487 quantum

1211 1492 1310 1545 apud
1328 1507 1386 1531 eos
1414 1503 1503 1532 esset
1525 1494 1672 1533 virtutis
1686 1494 1861 1534 studium.
1878 1497 1917 1535 4.
1946 1498 2001 1534 Et
2020 1499 2165 1550 ingres-

1212 1567 1276 1592 sus
1305 1562 1377 1601 est,
1412 1554 1541 1606 inquit,
1569 1557 1624 1593 ad
1652 1556 1780 1609 Agar,
1801 1565 1836 1595 et
1853 1561 2038 1610 concepit.
2071 1558 2168 1597 Vide

1212 1614 1391 1666 quomodo
1404 1615 1511 1653 discit
1527 1616 1630 1667 Sara,
1649 1630 1718 1655 non
1729 1619 1867 1670 justum
1879 1618 1914 1656 in
1930 1632 2035 1656 causa
2046 1620 2167 1664 fuisse,

1210 1676 1307 1726 quod
1337 1685 1496 1715 carerent
1524 1677 1623 1725 filiis,
1655 1678 1719 1716 sed
1737 1692 1800 1716 sua
1819 1679 1937 1731 potius
1971 1679 2166 1718 sterilitas:

1211 1737 1331 1775 statim
1342 1737 1437 1776 enim
1454 1751 1682 1790 congressum
1705 1753 1786 1778 cum
1806 1739 1936 1777 ancilla
1950 1739 2166 1790 subsequuta

1211 1807 1263 1836 est
1281 1799 1474 1851 conceptio.
1491 1799 1665 1837 Caeterum
1686 1799 1770 1837 vide
1783 1808 1817 1837 et
1831 1800 1970 1838 ancillae
1985 1800 2166 1851 ingratum

1211 1859 1387 1910 animum,
1410 1868 1443 1897 et
1466 1859 1651 1897 muliebris
1679 1874 1785 1898 sexus
1816 1860 2086 1899 infirmitatem:
2130 1873 2167 1900 ut

1211 1920 1329 1959 discas
1360 1920 1467 1958 etiam
1486 1921 1554 1959 hoc
1572 1921 1650 1958 loco
1666 1921 1875 1973 patriarcha:
1895 1922 2024 1960 miram
2042 1923 2166 1960 lenita-

1210 1991 1294 2021 tem.
1311 1984 1348 2020 E
1353 1992 1366 2020 t
1382 1984 1497 2029 vidit,
1515 1982 1645 2033 inquit,
1659 1984 1765 2034 quod
1779 1992 1926 2022 uterum
1939 1994 2100 2036 gereret,
2128 1995 2167 2023 et

1211 2051 1407 2081 contemta
1437 2052 1493 2081 est
1510 2044 1671 2081 domina
1685 2057 1817 2081 coram
1833 2058 1891 2081 ea.
1909 2045 1973 2082 Ille
1989 2045 2084 2082 enim
2097 2047 2167 2083 fer-

1211 2117 1269 2141 me
1289 2117 1474 2141 servorum
1490 2118 1566 2142 mos
1588 2113 1651 2153 est,
1672 2113 1711 2141 ut
1730 2118 1811 2141 cum
1839 2118 1969 2156 parum
1988 2107 2168 2157 prosperi-

1210 2163 1294 2202 tatis
1318 2163 1370 2201 eis
1402 2164 1599 2212 accesserit,
1621 2173 1796 2215 nequeant
1815 2164 1907 2202 intra
1927 2178 2008 2203 suos
2037 2166 2169 2204 limites

1212 2238 1354 2262 manere
1362 2239 1372 2273 ;
1393 2224 1454 2262 sed
1474 2224 1594 2262 statim
1613 2225 1668 2263 sui
1685 2224 1822 2263 ordinis
1840 2225 2113 2275 obliviscantur,
2134 2237 2168 2264 et

1212 2285 1344 2337 ingrati
1361 2285 1466 2323 facile
1491 2285 1668 2324 evadant:
1703 2285 1740 2323 id
1759 2285 1856 2337 quod
1875 2296 1908 2324 et
1923 2287 2009 2324 huic
2029 2288 2168 2326 ancillze

1211 2346 1356 2384 accidit.
1377 2347 1470 2385 Nam
1484 2355 1523 2384 ut
1544 2346 1638 2385 vidit
1657 2346 1749 2384 uteri
1768 2347 1958 2398 sarcinam,
1975 2362 2088 2399 neque
2103 2349 2167 2386 do-

1212 2406 1317 2445 minae
1351 2406 1603 2445 admirabilem
1638 2406 1918 2460 philosophiam,
1952 2423 2064 2460 neque
2097 2424 2167 2447 sure

1212 2467 1428 2507 conditionis
1464 2468 1639 2506 vilitatem
1662 2468 1854 2520 cogitavit:
1892 2469 1955 2507 sed
1983 2469 2102 2507 inflata
2134 2480 2169 2508 et

1212 2528 1422 2580 superbiens
1440 2528 1626 2567 contemsit
1643 2527 1842 2576 dominam,
1872 2544 1948 2579 quae
1967 2529 2067 2567 illam
2094 2539 2166 2567 tam

1213 2589 1496 2628 commendatam
1515 2589 1684 2639 habebat,
1707 2598 1746 2626 ut
1764 2598 1797 2626 et
1817 2589 1853 2626 in
1874 2590 1944 2627 viri
1967 2590 2166 2628 thalamum

1212 2649 1428 2689 admitteret.
1443 2649 1663 2701 Quidigitur
1683 2650 1800 2689 Sara?
1820 2650 1854 2688 5.
1876 2651 2005 2696 Dixit,
2023 2651 2162 2702 inquit,

1214 2713 1269 2750 ad
1286 2712 1441 2750 Abram
1455 2727 1465 2747 :
1482 2713 1635 2762 Injuria
1655 2724 1679 2748 a
1696 2718 1731 2748 te
1754 2711 1926 2763 afficior.
1951 2713 2057 2750 Ecce
2076 2714 2166 2750 dedi

1214 2773 1405 2810 ancillam
1433 2785 1559 2809 meam
1588 2774 1630 2808 in
1658 2773 1784 2809 sinum
1803 2780 1933 2808 tuum:
1968 2786 2053 2824 qnoe
2074 2776 2166 2825 quia

1212 2835 1314 2872 vidit
1350 2833 1454 2885 quod
1482 2841 1630 2869 uterum
1655 2834 1767 2883 gerit,
1796 2836 2008 2870 contemtui
2034 2847 2166 2871 coram

1211 2909 1257 2932 ea
1282 2895 1418 2932 habita
1438 2906 1533 2930 snm.
1563 2893 1718 2930 Judicet
1739 2893 1847 2930 Deus
1860 2895 1962 2930 inter
1977 2907 2038 2931 me
2050 2903 2085 2948 et
2118 2903 2164 2932 te.

1214 2955 1295 3005 Hic,
1316 2968 1449 3006 quaeso,
1488 2952 1733 2991 animadverte
1748 2952 1995 2992 incredibilem
2011 2954 2164 2992 toleran-

1212 3017 1299 3055 tiam
1315 3024 1347 3053 et
1367 3014 1599 3053 reverentiam
1609 3013 1711 3065 justi,
1731 3028 1838 3065 quam
1857 3028 1939 3065 erga
1960 3015 2086 3053 saram
2104 3016 2165 3054 dc—

1211 3076 1374 3123 claravit,
1416 3075 1558 3113 veniam
1587 3074 1632 3112 ab
1665 3088 1704 3112 ea
1733 3084 1854 3127 petens
1887 3085 1958 3113 tam
1988 3076 2165 3114 immerito

1212 3137 1340 3190 objecti
1368 3135 1539 3174 criminis.
1575 3135 1662 3182 Quae
1682 3135 1776 3173 enim
1799 3135 1964 3173 manibus
1998 3137 2165 3174 ancillam

1212 3199 1291 3237 viro
1313 3197 1522 3247 tradiderat,
1541 3205 1574 3234 et
1594 3195 1752 3234 dixerat:
1786 3198 1992 3249 Ingredere
2020 3198 2074 3235 ad
2087 3213 2162 3234 an—

1213 3261 1345 3299 cillam
1379 3273 1525 3301 meam;
1547 3272 1624 3309 quae
1648 3272 1666 3295 a
1695 3257 1878 3310 semetipsa
1910 3267 1941 3295 et
1965 3272 2025 3296 sua
2043 3267 2162 3310 sponte

1966 3428 2014 3451 (νί)
