2483 3791
343 198 426 242 118

327 309 508 333 sacrarum
526 295 794 347 scripturarum
813 295 964 334 lectione
981 295 1148 346 reliquit,
1177 303 1216 332 ut
1240 309 1281 332 ea

326 355 478 394 subinde
496 356 706 395 vulneribus
720 356 850 394 nostris
865 357 1099 409 imponentes,
1117 365 1150 393 et
1166 355 1278 394 vitam

323 416 469 454 illorum
499 417 686 455 beatorum
716 416 874 456 virorum
897 426 977 454 ante
1001 417 1121 454 oculos
1145 429 1279 468 propo—

324 487 456 527 nentes,
471 478 519 516 ad
533 477 774 516 aemulandum
789 491 1041 529 provocemur,
1057 486 1091 515 et
1105 476 1277 515 virtutem

323 552 391 576 non
426 539 663 590 negligamus,
677 537 762 576 “sed
795 538 977 589 fugiamus
1011 547 1212 590 peccatum,
1243 547 1277 577 et

322 599 439 636 omnia
451 599 636 649 faciamus,
644 613 687 637 ne
697 599 862 650 indignos
874 613 937 637 nos
946 599 1191 638 ineffabilibus
1203 599 1276 638 illis

320 660 423 698 bonis
443 660 676 710 exhibeamus
698 675 706 696 ε
727 659 824 712 quod
842 660 946 699 nobis
963 661 1130 699 omnibus
1153 675 1275 700 eonce-

318 720 435 766 datur,
456 721 570 773 gratia
592 731 626 760 et
650 721 868 774 benignitate
886 722 1034 761 Domini
1056 723 1168 761 nostri
1188 725 1273 763 Jesu

319 782 468 833 Christi,
485 797 567 821 cum
582 797 652 835 quo
666 784 766 822 Patri
787 793 820 822 et
833 783 987 837 Spiritui
1005 793 1125 822 sancto
1137 784 1182 822 sit
1195 785 1271 837 glo-

315 842 381 892 ria,
407 844 623 896 imperium,
646 853 680 882 et
699 844 812 883 honor
839 845 876 883 in
896 845 1024 884 saecula
1044 845 1268 885 saeculorum.

318 908 445 944 Amen.

753 213 790 241 S.

829 213 1014 243 JOANMS
1049 213 1302 244 CHRYSOST.
1340 215 1546 244 ARCfflEP.
1583 216 1944 246 CONSTANTINOP-

1351 295 1552 340 ἕέπιθέντες
1582 299 1716 341 ἑαυτοῖς
1734 301 1898 351 συνεχῶς,
1917 299 1976 337 καὶ
2003 299 2079 342 τοὺς
2096 301 2196 350 βίους,
2210 302 2374 353 ἀναλογι-

1350 354 1488 405 ζόμενοι
1502 359 1570 394 τῶν
1588 361 1796 409 θαυμαστῶν
1815 359 1954 398 ἐκείνων
1974 360 2032 397 καὶ
2052 361 2212 411 μεγάλων
2229 364 2373 414 ἀνδρῶν,

1351 417 1397 458 εἷς
1418 418 1520 463 ζῆλον
1543 418 1760 470 ἐναγώμεθα,
1780 420 1840 458 καὶ
1861 420 1910 471 μὴ
1938 422 2123 472 ἄμελῶμεν
2149 424 2212 468 τῆς
2236 424 2373 474 ἀρετῆς,

1349 477 1440 516 ἀλλὰ
1472 478 1652 530 φεύγωμεν
1681 480 1824 528 κακίαν,
1851 481 1910 519 καὶ
1938 481 2053 520 πάντα
2077 485 2254 533 ποιῶμεν,
2282 482 2373 522 ὥστε

1349 536 1398 587 μὴ
1414 537 1571 582 ἀναξίους
1588 540 1730 584 ἑαυτοὺς
1743 545 1964 588 καταστῆσαι
1977 545 2046 581 τῶν
2062 543 2268 596 ἀπορρήτων
2288 544 2374 582 ἐκεί-

1301 612 1323 642 Ε
1349 614 1414 637 νων
1448 602 1585 651 ἀγαθῶν
1603 617 1611 624 ·
1640 595 1688 640 ῶν
1722 602 1855 654 γένοιτο
1885 604 2017 647 πάντας
2046 608 2141 654 ἡμᾶς
2177 607 2371 657 ἐπιτυχεῖν,

1347 662 1466 715 χάριτι
1481 662 1541 700 καὶ
1558 663 1800 717 φιλανθρωπίᾳ
1813 668 1872 702 τοῦ
1886 664 2016 717 Κυρίου
2031 668 2133 715 ἡμῶν
2151 666 2266 713 Ἰησοῦ
2285 668 2372 719 Χρι-

1346 728 1442 771 στοῦ,
1457 726 1532 775 μεθ’
1548 718 1586 761 οῦ
1596 727 1646 777 τῷ
1662 725 1791 777 Πατρὶ,
1808 725 1883 775 ἅμα
1897 728 1947 777 τῷ
1962 725 2050 778 ἁγίῳ
2064 725 2260 777 Πνεύματι,
2277 726 2370 772 δόξα,

1344 784 1488 836 κράτος,
1506 784 1612 836 τιμὴ,
1631 789 1689 824 νῦν
1709 786 1768 824 καὶ
1789 786 1861 833 ἀεὶ,
1887 786 1946 824 καὶ
1976 789 2023 830 εἷς
2048 786 2125 830 τοὺς
2154 789 2281 831 αἰῶνας
2299 789 2369 825 τῶν

1343 844 1489 884 αἰώνων.
1511 845 1632 896 Ἀμήν.

1287 1024 1318 1046 99

1290 1059 1314 1086 Α
1725 1031 1903 1069 ΟΜῙΛΙΑ
1928 1030 1983 1081 ιγ’.

613 1036 826 1076 HOMILIA
857 1036 960 1075 XIII.

113 1158 186 1185 Gen.
201 1167 227 1187 2.
244 1160 273 1191 8·
312 1157 359 1196 Et
371 1158 548 1210 plantavit
560 1158 738 1197 Dominus
752 1159 849 1196 Deus
868 1158 1073 1210 paradisum
1092 1159 1129 1197 in
1149 1159 1264 1198 Edem
1337 1161 1406 1202 Καὶ
1439 1162 1602 1214 ἐφύτευσε
1628 1167 1642 1183 ³
1654 1161 1779 1214 Κύριος
1805 1165 1823 1200 ὃ
1850 1163 1941 1205 Θεὸς
1968 1162 2179 1214 παράδεισον
2198 1165 2234 1202 ἐν
2253 1164 2365 1216 Ἐδὲμ

363 1219 409 1257 ad
428 1219 612 1270 orientem,
639 1228 674 1258 et
700 1219 821 1272 posuit
843 1219 919 1257 illic
947 1220 1129 1259 hominem
1156 1235 1262 1272 quem

360 1280 543 1319 formavit.

358 1407 392 1442 t.
413 1402 552 1443 Videns
584 1413 742 1442 vestrum
775 1404 992 1457 inexplebile
1023 1404 1257 1455 desiderium,

302 1473 334 1502 et
365 1465 517 1503 multam
550 1465 776 1513 aviditatem,
809 1475 1033 1517 mentemque
1071 1475 1255 1516 attentam,

300 1540 363 1565 nec
385 1541 455 1564 non
474 1541 596 1565 omnes
618 1526 665 1565 ad
680 1526 906 1579 spiritualem
933 1527 1027 1565 hanc
1054 1526 1255 1566 doctrinam

297 1587 503 1626 advolantes
516 1604 528 1638 3
549 1588 714 1639 quamvis
730 1587 836 1627 valde
851 1587 919 1626 sim
935 1602 1021 1626 meae
1042 1587 1170 1641 inopiae
1187 1588 1252 1627 mi-

298 1648 335 1686 hi
355 1649 537 1699 consciu53
563 1651 763 1700 frequenter
790 1658 907 1687 tamen
929 1658 961 1687 et
983 1649 1144 1700 quotidie
1168 1649 1251 1687 ino-
1276 1656 1299 1686 Β

295 1724 377 1761 pem
396 1719 430 1748 et
452 1719 594 1748 tenuem
617 1711 710 1749 hanc
737 1724 895 1748 mensam
922 1710 1026 1749 vobis
1056 1725 1251 1763 proponere

295 1770 443 1821 studeo,
482 1771 664 1810 confidens
709 1785 774 1809 vos
816 1771 992 1809 desiderio
1031 1772 1222 1823 flagrantes
1238 1803 1248 1821 ,

294 1830 420 1882 majori
459 1830 640 1868 alacritate
685 1844 764 1881 quae
809 1830 978 1868 dicuntur
1023 1840 1248 1883 suscepturos

292 1905 380 1941 esse,
419 1891 713 1943 quandoquidem
737 1891 825 1930 etin
860 1891 1090 1931 sensibilibus
1115 1892 1246 1932 eduliis

291 1952 413 1991 videre
443 1962 558 2006 potest
592 1952 710 2004 quivis
750 1952 820 1992 hoc
858 1954 1074 2004 contingere.
1106 1955 1245 2007 Urgen-

291 2022 324 2051 te
340 2028 492 2065 namque
523 2014 758 2053 convivarum
781 2015 956 2067 appetitu,
985 2015 1121 2053 etiamsi
1149 2030 1244 2068 pau-

291 2075 435 2125 percula
450 2089 570 2113 mensa
585 2075 644 2123 sit,
660 2084 694 2113 et
715 2075 817 2127 inops
836 2075 866 2113 is
882 2075 944 2126 qui
963 2076 1129 2114 convivio
1148 2077 1244 2116 exci-

291 2135 358 2187 pit,
388 2149 514 2187 magna
549 2145 665 2173 tamen
697 2150 781 2173 cum
807 2137 990 2188 voluptate
1022 2137 1048 2174 ii
1081 2139 1244 2189 apposita

291 2194 483 2231 absumunt
494 2209 504 2243 ;
536 2203 656 2232 contra
683 2195 712 2232 si
746 2194 861 2232 minor
892 2194 1114 2246 epulantium
1138 2196 1244 2234 fuerit

290 2252 482 2303 appetitus,
497 2251 635 2289 etiamsi
653 2261 879 2290 sumtuosum
897 2253 1006 2290 fuerit
1023 2253 1184 2305 epulum,
1211 2264 1244 2293 et

289 2313 389 2350 varia
415 2313 627 2365 copiosaque
647 2313 778 2363 edulia,
808 2314 950 2352 nullum
978 2313 1062 2352 inde
1088 2329 1244 2354 commo-

290 2371 392 2420 dum,
430 2385 511 2409 cum
548 2386 650 2410 nemo
672 2372 716 2410 sit
747 2372 809 2424 qui
841 2373 1012 2425 appositis
1044 2373 1098 2411 uti
1126 2383 1241 2424 queat.

290 2432 356 2471 Hic
379 2442 511 2483 autem,
539 2433 623 2484 quia
648 2433 763 2485 gratia
780 2433 848 2472 Dei
875 2433 1007 2472 alacres
1026 2443 1059 2472 et
1089 2434 1242 2473 famelici

289 2494 335 2531 ad
356 2494 578 2546 spiritualem
597 2509 754 2533 mensam
773 2495 955 2547 acceditis,
972 2504 1005 2533 et
1025 2495 1093 2548 ipsi
1113 2511 1242 2549 magno

288 2555 464 2593 desiderio
485 2555 654 2605 dicimus,
674 2557 841 2606 scientes,
864 2570 927 2595 nos
945 2556 1074 2595 sobriis
1093 2558 1243 2597 auribus

288 2617 428 2655 divinas
461 2618 563 2656 hasce
591 2618 808 2657 narrationes
839 2632 1026 2671 apponere.
1061 2620 1242 2667 Quoniam

289 2687 322 2715 et
344 2678 513 2730 agricola,
535 2679 595 2730 qui
616 2679 785 2731 pinguem
811 2688 853 2718 et.
866 2679 1016 2717 fertilem
1038 2693 1165 2731 agrum
1187 2681 1241 2718 in-

290 2740 400 2786 venit,
441 2750 631 2792 postquam
657 2740 775 2778 omnia
806 2754 886 2791 quae
917 2741 974 2778 sui
1010 2741 1120 2779 officii
1143 2751 1242 2779 erant

291 2801 475 2852 priestitit,
505 2816 546 2839 ac
567 2811 695 2839 terram
728 2802 896 2852 sulcavit,
930 2811 1090 2840 aratrum
1121 2802 1240 2852 duxit,

291 2862 478 2913 spinasque
490 2862 628 2910 eduxit,
644 2871 728 2900 tunc
741 2863 886 2915 largiter
898 2863 1060 2909 seminat,
1076 2862 1240 2913 bonaque

290 2937 351 2974 spe
377 2923 499 2969 fultus,
518 2923 678 2973 quotidie
698 2937 838 2974 germen
868 2933 1049 2977 exspectat
1079 2924 1235 2975 seminis,

289 2990 386 3040 quod
402 3000 501 3027 terrae
516 2991 723 3029 fecunditati
739 2991 926 3040 commisit,
943 2989 989 3028 ad
1002 2999 1103 3028 terrae
1114 2990 1238 3028 feraci—

291 3067 396 3095 tatem
417 3058 610 3106 attendens,
622 3059 666 3096 ad
679 3058 791 3096 multo
810 3059 980 3111 majorem
997 3059 1092 3110 jacto
1108 3057 1240 3096 semine

332 3192 345 3213 8
363 3181 423 3213 Alii
449 3187 635 3220 ἐπιτιθέντες.
665 3182 740 3213 Mox
766 3182 848 3219 Rs‘z.
879 3186 1121 3225 ἀναλογιζόμενοι
1153 3191 1288 3225 συνεχῶς.

287 3234 423 3268 coislin.
436 3237 579 3272 διηνεκῶς.
598 3233 698 3266 Paulo
715 3242 791 3276 post
804 3233 942 3267 Coislin.
955 3239 1128 3278 ἐναγώμεθα
1144 3238 1292 3271 πολιτείας

290 3292 476 3332 θεοπρεποῦς.
493 3294 537 3329 μὴ
558 3292 651 3320 τοίνυν
666 3290 836 3329 ἀμελῶμεν.

332 3355 343 3364 ··
362 3340 422 3373 Alii
440 3344 535 3384 κῦρεος
553 3344 565 3374 ὲ
582 3345 654 3377 θεός.
674 3339 732 3371 Alii
750 3345 763 3374 ὁ
781 3345 842 3377 θεάς
858 3347 997 3372 ῑὶηηυῐη

331 3395 346 3416 ῐ’
363 3391 416 3424 Sic
432 3403 546 3424 omnes
564 3398 680 3433 praeter
701 3391 814 3423 More!-
834 3391 888 3433 qui
905 3389 1004 3423 habet
1023 3397 1088 3435 περὶ
1104 3400 1166 3429 τήν.

1388 1222 1479 1261 κατὰ
1498 1222 1681 1270 ἀνατολὰς,
1701 1222 1761 1261 καὶ
1785 1222 1881 1261 ἔθετο
1914 1224 1985 1262 ἐκεῖ
2010 1223 2068 1261 τὸν
2097 1223 2298 1278 ἄνθρωπον,
2325 1226 2362 1263 ὃν

1387 1284 1547 1322 ἔπλασεν.

1354 1447 1356 1449 ,
1384 1407 1499 1459 Ὁρῶν
1517 1408 1614 1457 ὑμῶν
1632 1406 1689 1444 τὸν
1707 1406 1810 1445 πόθον
1826 1407 1884 1444 τὸν
1901 1406 2101 1458 ἀκόρεστον,
2117 1406 2178 1445 καὶ
2197 1407 2262 1453 τὴν
2285 1409 2360 1446 ε’πι·

1330 1467 1457 1518 θυμίαν
1479 1467 1541 1514 τὴν
1564 1467 1716 1515 πολλὴν,
1737 1468 1796 1506 καὶ
1816 1467 2072 1519 συντεταμένην
2099 1467 2162 1515 τὴν
2191 1468 2358 1517 διάνοιαν,

1328 1529 1388 1568 καὶ
1414 1529 1548 1572 πάντας
1573 1530 1766 1581 κεχηνότας
1782 1559 1791 1576 ,
1822 1528 1882 1566 καὶ
1912 1529 2215 1581 ἀνεπτερωμένους
2246 1529 2358 1583 ι’πρὸς

1327 1590 1389 1638 τὴν
1407 1590 1648 1640 πνευματικὴν
1669 1589 1916 1635 διδασκαλίαν,
1932 1589 2047 1628 καίτοι
2062 1591 2196 1637 πολλὴν
2215 1594 2357 1644 ἐμαυτῷ

1326 1651 1444 1689 πενίαν
1464 1649 1646 1699 συνειδὼς,
1668 1654 1821 1702 συνεχῶς
1842 1651 1900 1688 καὶ
1927 1653 2005 1689 καθ’
2038 1651 2190 1698 ἑκάστην
2219 1652 2355 1705 ἡμέραν

1323 1712 1386 1763 τὴν
1406 1711 1550 1764 πτωχὴν
1570 1711 1699 1759 ταύτην
1720 1712 1779 1750 καὶ
1800 1713 1921 1758 εὐτελῆ
1942 1712 2117 1765 τράπεζαν
2133 1716 2214 1763 ὑμῖν
2234 1729 2354 1767 παρα-

1324 1773 1456 1811 τιθέναι
1482 1772 1677 1821 σπουδάζω,
1698 1774 1834 1826 θαῤῥῶν
1866 1772 1919 1811 ὅτι
1951 1777 1993 1824 τῇ
2022 1772 2188 1825 ἐπιθυμία
2215 1775 2353 1813 ἐκκαιό-

1322 1851 1418 1885 μενοι
1445 1834 1534 1885 μετὰ
1554 1834 1748 1887 προθυμίας
1768 1834 1903 1878 δέξεσθε
1923 1834 1967 1873 τὰ
1985 1834 2177 1885 λεγόμενα,
2212 1835 2271 1874 πεὶ
2290 1837 2353 1875 καὶ

1319 1898 1377 1934 ἐπὶ
1396 1899 1464 1934 τῶν
1499 1898 1672 1942 αἰσθητῶν
1704 1895 1903 1946 ἐδεσμάτων
1919 1899 2044 1933 ςτοῦτο
2070 1897 2260 1946 συμὸαῑνον
2283 1897 2348 1935 ἴδοι

1317 1974 1370 2002 τις
1389 1958 1444 1996 ἄν.
1468 1956 1582 1996 “Οταν
1604 1956 1665 2008 μὲν
1681 1956 1749 2010 γὰρ
1770 1955 2042 2008 διεγῆγερμένην
2060 1955 2167 2008 ἔχινισι
2182 1957 2246 2004 τὴν
2265 1957 2348 2010 ὄρε-

1318 2020 1366 2064 ξιν
1397 2022 1428 2058 οἱ
1458 2018 1679 2068 δαιτυμόνες,
1707 2018 1771 2057 κᾶν
1801 2018 1928 2070 verm-[6
1959 2034 2011 2061 τις
2037 2019 2194 2070 τυγχάνῃ
2215 2022 2238 2064 ἡ
2255 2019 2345 2072 τρά-

1316 2084 1421 2126 πεζα,
1450 2081 1514 2118 κᾶν
1545 2080 1687 2126 εὐτελὴς
1718 2073 1775 2131 ᾗὸ
1792 2079 1984 2131 ἑστιάτωρ,
2025 2079 2114 2128 μετὰ
2130 2081 2263 2126 πολλῆς
2282 2084 2346 2127 τῆς

1315 2143 1441 2188 ἡδονῆς
1471 2142 1654 2180 δαπανῶσι
1673 2140 1717 2178 τὰ
1732 2139 1994 2191 παρατιθέμενα
2011 2155 2019 2162 ·
2039 2139 2120 2178 ὅταν
2142 2140 2177 2179 δὲ
2196 2141 2348 2179 καταδε-

1316 2202 1494 2252 ὅλημένην
1534 2202 1641 2254 ἔχωσι
1668 2201 1777 2253 ὄρεξιν
1812 2204 1843 2239 οἳ
1876 2199 2104 2251 ἑστιώμενοι,
2138 2202 2202 2240 κᾶν
2231 2205 2345 2242 πολυ-

1315 2265 1419 2309 τελὴς
1448 2263 1606 2314 τυγχ-άνῃ
1641 2265 1663 2307 ἦ
1692 2262 1869 2313 τράπεζα,
1907 2262 1966 2299 καὶ
1998 2262 2062 2314 ἔχῃ
2097 2263 2157 2301 καὶ
2195 2264 2344 2318 διάφορα

1316 2324 1360 2362 τὰ
1380 2324 1555 2374 ἐδέσματα
1569 2354 1578 2370 ,
1599 2323 1694 2362 οὐδὲν
1715 2324 1856 2375 ὄφελος,
1885 2325 1947 2361 οὐκ
1966 2324 2072 2362 ὄντων
2103 2327 2172 2362 τῶν
2194 2326 2346 2376 δυναμέ-

1316 2401 1383 2423 νων
1401 2385 1601 2437 χρῆσασθαι
1626 2389 1697 2428 τοῖς
1715 2388 2064 2437 παρασκευασθεῖσιν.
2093 2385 2266 2424 Ἐνταῦθα
2295 2385 2343 2431 δὲ,

1315 2445 1434 2491 ἐπειδὴ
1466 2445 1522 2483 διὰ
1563 2445 1626 2491 τὴν
1661 2450 1720 2483 τοῦ
1749 2447 1840 2483 Θεοῦ
1874 2445 1978 2497 χάριν
2013 2446 2072 2484 καὶ
2105 2450 2127 2494 ἡ
2167 2447 2342 2499 προθυμία

1314 2509 1410 2558 ὑμῶν
1429 2506 1679 2559 διεγηγερμένη
1705 2505 1893 2558 τυγχάνει,
1921 2506 1980 2544 καὶ
2011 2510 2032 2552 ἡ
2059 2507 2214 2559 τράπεζα
2232 2523 2342 2545 πνευ-

1316 2567 1446 2618 ματικὴ
1464 2597 1474 2616 ,
1513 2567 1601 2618 μετὰ
1631 2568 1760 2605 πολλοῦ
1790 2571 1850 2605 τοῦ
1882 2566 1988 2605 πόθου
2022 2568 2081 2606 καὶ
2115 2568 2212 2605 αὐτοὶ
2244 2568 2342 2619 λέγο-

1315 2645 1396 2679 μεν,
1417 2628 1541 2672 εἰδότες
1569 2628 1623 2667 ὅτι
1644 2627 1828 2680 vrgao-§cute
1853 2629 1973 2671 ἀκοαῖς
2002 2628 2265 2680 παρατιθέμεθα
2293 2629 2339 2666 τὰ

1312 2693 1388 2728 θεῖα
1415 2694 1526 2728 ταῦτα
1556 2690 1769 2740 διδάγματα.
1798 2689 1903 2727 Ἐπεὶ
1932 2689 1990 2726 καὶ
2018 2689 2169 2741 γηπόνος
2197 2690 2337 2728 ἐπειδὰν

1310 2751 1462 2803 λιπαρὰν
1485 2750 1565 2803 εὕρῃ
1592 2751 1651 2788 καὶ
1675 2750 1856 2801 βαθύγειον
1887 2750 2036 2802 ἄρουραν
2068 2750 2112 2788 τὰ
2140 2753 2224 2802 παρ’
2254 2754 2337 2789 ἑαυ-

1310 2817 1369 2851 τοῦ
1391 2813 1506 2851 πάντα
1541 2815 1588 2856 εἰς
1618 2811 1724 2859 αὐτὴν
1757 2810 2033 2861 ἐπιδειξάμενος,
2052 2810 2136 2848 ἀκαὶ
2167 2811 2244 2855 τοὺς
2273 2811 2335 2849 αὗ-

1311 2877 1420 2918 λακας
1448 2873 1655 2925 ἀνατεμὼν,
1677 2873 1736 2912 καὶ
1763 2873 1803 2910 τὸ
1825 2872 1969 2925 ἄροτρον
1997 2871 2157 2919 ἑλκύσας,
2186 2872 2245 2910 καὶ
2276 2874 2338 2916 τὰς

1312 2936 1463 2980 ἀκάνθας
1482 2935 1698 2982 ἀνασπάσας,
1729 2933 1816 2984 μετὰ
1845 2933 2026 2984 δαψιλείας
2055 2933 2271 2972 καταὸάλλει
2291 2934 2335 2972 τὰ

1311 2997 1515 3049 σπέρματα,
1537 2996 1596 3033 καὶ
1621 3002 1695 3040 ταῖς
1721 3001 1892 3047 χρησταῖς
1911 2994 2047 3032 ἐλπίσιν
2066 2994 2133 3041 ἤδη
2160 2994 2330 3046 τρεφόμε-

1311 3074 1365 3101 νος
1384 3060 1459 3096 καθ’
1482 3058 1630 3103 ἑκάστην
1662 3056 1797 3109 ἡμέραν
1824 3055 1918 3102 Θτὴν
1946 3055 2136 3104 βλάστησιν
2172 3055 2333 3105 ἀναμένει

1368 3190 1379 3203 ⁰
1398 3180 1475 3223 Reg.
1496 3192 1578 3212 unus
1593 3188 1625 3211 et.
1641 3179 1763 3211 Coislin
1794 3184 1881 3213 τοῦτο
1896 3181 2064 3220 σνμέανει·
2083 3183 2165 3211 ὅταν.

1370 3231 1387 3257 d
1401 3231 1502 3265 Savil.
1522 3240 1554 3264 et
1569 3231 1706 3265 coislin.
1723 3236 1771 3264 καὶ
1788 3237 1840 3268 τὰς
1856 3234 1996 3267 αὔλακας.

1368 3291 1379 3305 0
1393 3283 1488 3316 Multi
1511 3284 1588 3316 Mss.
1607 3290 1662 3322 τὴν
1685 3287 1831 3327 βλάστην.
1851 3280 1953 3313 Paulo
1971 3289 2044 3323 post
2070 3281 2150 3324 fleg.
2171 3292 2254 3314 uuus
2281 3286 2330 3314 mi

1325 3341 1400 3372 ποὶύ
1415 3342 1551 3371 πλείονα..
1571 3336 1637 3367 aluo
1655 3335 1708 3367 alii
1725 3341 1772 3368 καὶ
1790 3338 2019 3368 πολυπλασίονα.
