2516 3791
677 227 733 258 Dr:
772 228 829 258 Da
838 226 943 257 VIDE
979 224 1035 256 ET

67 318 153 359 Ἐὰν
169 316 237 370 γὰρ
256 314 434 368 νήφωμεν,
450 313 509 351 καὶ
526 311 630 351 πλέον
648 311 783 362 ἕξομεν,
802 311 836 349 ἔν
860 327 898 349 τε
913 317 984 355 τοῖς
1005 308 1096 348 κατὰ

67 380 156 420 Θεὸν
176 377 393 430 πράγμασιν,
408 373 443 412 ἔν
463 389 501 411 τε
516 379 587 416 τοῖς
605 376 776 426 παροῦσιν
797 373 922 410 ἅπασι.
944 371 1013 410 Καὶ
1031 370 1097 423 γὰρ

65 439 192 489 ἡδονὴν
207 438 266 477 καὶ
285 435 494 489 ἀσφάλειαν,
514 434 572 473 καὶ
595 433 696 478 δόξαν
711 432 857 485 ἀγαθὴν,
877 433 936 471 καὶ
962 431 1096 484 ὑγίειαν

65 502 250 553 σώματος,
274 499 335 537 καὶ
351 497 556 550 φιλοσοφίαν
575 498 689 549 ψυχῆς
703 525 713 542 ,
737 496 796 534 καὶ
819 493 977 547 χρηστὰς
994 492 1096 533 ἐλπί-

66 564 146 606 δας,
162 560 221 599 καὶ
241 560 281 598 τὸ
307 559 356 610 μὴ
384 558 520 610 ταχέως
550 557 764 609 ἁμαρτάνειν
784 555 882 609 παρὰ
901 560 971 598 τοῖς
989 554 1095 601 πένη-

66 640 118 663 σιν
133 622 273 676 εὑρήσει
301 637 354 664 τις
382 622 531 672 μᾶλλον,
555 619 577 666 ἢ
597 619 694 692 παρὰ
714 625 784 662 τοῖς
810 619 1011 657 πλουτοῦσι.
1032 616 1094 663 Μὴ

66 683 179 722 τοίνυν
198 682 289 721 κατὰ
307 681 600 734 τουςάγνώμονας
613 697 682 719 των
697 681 840 718 οἰκετων
854 678 1000 731 γογγύζι
1002 693 1093 729 )μεν,

68 743 156 796 μηδὲ
180 747 241 782 τοῦ
263 743 443 782 Δεσπότου
471 757 738 795 κατηγοριψεν,
761 740 840 779 ἀλλ’
856 742 890 778 ἐν
910 746 1018 778 πᾶσιν
1044 741 1098 778 εὗ-

66 821 306 858 χαριστωμεν,
335 804 394 843 καὶ
430 803 466 842 ἓν
501 803 606 855 μόνον
634 803 830 854 νομίζωμεν
852 804 939 840 εἶναι
970 800 1095 848 δεινὸν,

67 867 265 920 ἁμαρτίαν,
285 866 345 904 καὶ
370 865 518 916 ἀγαθὸν,
552 863 786 911 δικαιοσύνην.
805 862 867 902 Αν
890 862 958 916 γαρ
990 862 1099 906 οὕτως

66 922 162 980 ῶμεν
176 927 408 977 διακείμενοι,
423 927 461 964 οὐ
478 924 595 972 νόσος,
615 927 652 964 οὗ
668 925 786 972 πενία,
803 927 866 964 οὐκ
885 923 1022 976 ἀτιμία,
1037 926 1099 962 οὐκ

68 990 154 1029 ἄλλο
172 988 269 1027 οὐδὲν
285 990 355 1026 τῶν
372 985 565 1026 δοκούντων
587 980 675 1025 εἶναι
697 988 865 1041 λυπηρῶν
887 991 982 1038 ἡμᾶς
1000 986 1098 1034 δήξε-

66 1064 140 1088 ται·
157 1049 248 1088 ἀλλὰ
264 1047 420 1101 καθαρὰν
434 1048 562 1095 ἡδονὴν
578 1048 852 1101 καρπωσάμενοι
872 1049 929 1088 διὰ
943 1048 1097 1095 πάντων,

67 1114 135 1150 τῶν
155 1110 352 1161 μελλόντων
367 1109 616 1160 ἐπιτευξόμεθα
642 1112 794 1162 ἀγαθῶν,
814 1110 936 1162 χάριτι
960 1126 1018 1148 και
1042 1126 1098 1163 φι-

67 1170 274 1224 λανθρωπία
286 1175 346 1209 τοῦ
367 1170 496 1222 Κυρίου
513 1173 615 1221 ἡμῶν
636 1170 752 1217 Ιησοῦ
779 1172 943 1224 Χριστου,
965 1173 1041 1222 μεθ’
1059 1174 1098 1209 οὑ

67 1236 116 1287 τῷ
135 1232 250 1286 Πατρὶ
269 1235 290 1278 ἡ
309 1232 408 1280 δόξα,
429 1231 503 1282 ἅμα
532 1234 583 1284 τῷ
604 1231 693 1284 ἁγίῳ
713 1231 913 1283 Πνευματι,
947 1235 995 1278 εἷς
1020 1250 1100 1277 τους

69 1297 195 1339 αἰῶνας
209 1296 279 1332 τῶν
295 1293 441 1332 αἰώνων.
468 1293 590 1344 Ἀμήν.

1073 212 1219 254 saber,
1256 220 1441 251 nonum
1481 219 1509 249 1.

2028 202 2120 249 805

1168 316 1250 355 tem,
1267 306 1470 356 bonamque
1488 304 1619 342 sarnam
1637 315 1679 340 ac
1694 301 1951 351 valetudinem,
1978 311 2053 341 tum
2070 318 2124 341 re-

1169 376 1260 406 ctam
1278 365 1422 405 vivendi
1445 365 1634 412 rationem,
1656 377 1753 416 spem
1771 363 1913 411 bonam,
1934 363 2122 401 minorem-

1167 442 1235 478 que
1254 441 1346 480 pecc.
1331 426 1422 464 ·andi
1441 425 1662 464 occasionem
1682 423 1778 476 apud
1796 438 1968 477 pauperes
1997 424 2123 475 magis

1165 503 1305 540 quam
1297 487 1393 541 apud
1413 487 1725 525 divitesinvcnias.
1746 486 1923 537 Neigitui
1936 500 2123 523 mor-esei-

1166 564 1296 588 vorum
1312 550 1531 601 ingratorum
1548 562 1828 596 murmuremus,
1843 555 1905 584 aut
1922 547 2124 584 incusemus

1166 611 1376 660 Dominum,
1393 610 1453 649 sed
1469 623 1534 663 pro
1550 609 1716 647 omnibus
1739 609 1871 660 gratias
1889 622 2051 658 agamus,
2069 607 2125 645 ni-

1166 672 1218 710 hil
1236 673 1371 710 malum
1385 672 1554 710 ducentes
1570 671 1636 708 nisi
1657 679 1857 723 peccatum,
1879 669 1969 707 nihil
1989 669 2125 708 bonum

1168 734 1442 788 nisijttstitiam.
1470 733 1510 771 Si
1530 733 1580 771 sic
1599 733 1826 780 scwnseiimus,
1845 745 1913 769 non
1931 730 2121 783 aegrittttlo,

1168 810 1236 834 non
1261 795 1394 849 inopia,
1413 809 1480 833 non
1496 794 1707 862 ignominia,
1725 794 1814 832 nihil
1835 792 1989 844 denique
2007 793 2127 830 simile

1168 858 1357 896 molestum
1397 856 1501 895 nobis
1519 855 1620 894 erit.
1658 855 1718 894 sed
1738 869 1865 908 puram
1891 868 1935 892 cx
1958 854 2128 892 omnibus

1168 918 1526 972 rebuspercipientcs
1547 918 1782 970 voluptatem,
1805 918 1921 954 sutura
1940 930 2127 967 conseque-

1167 996 1250 1019 mur
1266 982 1374 1032 bona,
1394 980 1507 1033 gratia
1525 988 1558 1018 et
1583 979 1803 1030 benignitate
1839 978 1983 1017 Domini
2016 978 2126 1015 nostri

1167 1045 1251 1083 Jcsu
1291 1043 1443 1090 Christi,
1481 1055 1562 1080 cum
1600 1056 1671 1093 quo
1705 1042 1800 1079 Patri
1842 1041 1972 1093 gloria,
2018 1040 2126 1078 simul

1167 1114 1201 1143 et
1247 1114 1369 1144 sancto
1422 1103 1588 1157 Spiritui,
1649 1103 1684 1141 in
1727 1103 1856 1142 saecula
1901 1102 2126 1141 soeculorum.

1170 1170 1294 1206 Amen.

834 1596 1382 1682 MONITUM

403 1794 487 1841 AD
522 1792 685 1841 TRES
719 1791 1024 1840 ΗοΜιιιΑε
1059 1793 1142 1840 DE
1175 1789 1413 1840 DAVIDE
1446 1790 1533 1838 ET
1568 1766 1791 1839 sAi'JLE.

125 1966 263 2005 Eodem
276 1978 348 2017 quo
366 1965 567 2018 superiores
583 1965 769 2003 Sermones
785 1977 878 2002 anno
898 1962 975 2003 587
995 1964 1277 2016 Chrysostomus
1292 1963 1357 2001 has
1371 1962 1417 2001 de
1437 1961 1580 2002 Davide
1601 1972 1634 2001 et
1662 1963 1771 2002 Same
1786 1962 1956 2001 homilias
1981 1963 2129 2008 hahuit,

73 2037 112 2066 ut
131 2027 297 2080 colligere
313 2036 365 2065 est
379 2041 424 2065 ex
445 2026 604 2064 Homilia
624 2026 740 2079 prima
755 2025 801 2064 de
818 2025 958 2064 Davide
973 2035 1007 2063 et
1021 2025 1143 2074 Saule,
1161 2039 1308 2064 numero
1322 2027 1361 2076 1,
1384 2024 1449 2062 ubi
1468 2024 1518 2062 ait
1538 2038 1574 2062 se
1593 2039 1706 2077 nuper
1723 2039 1921 2062 sermonem
1947 2025 2068 2063 fecisse
2088 2025 2134 2063 de

73 2089 232 2127 debitore
251 2089 373 2127 decem
392 2087 550 2126 millium
566 2088 791 2136 talentorum,
813 2096 846 2126 et
864 2087 1061 2126 ostendisse
1078 2097 1252 2138 quantum
1265 2086 1399 2125 malum
1411 2095 1500 2124 esset
1516 2086 1731 2138 injuriarum
1743 2085 1955 2124 recordatio.
1976 2085 2042 2123 llla
2060 2100 2129 2123 au-

74 2159 144 2188 tem
162 2150 321 2188 Homilia
341 2150 384 2188 de
401 2149 563 2188 debitore
579 2159 644 2188 etc.
664 2163 744 2201 quae
764 2150 879 2202 prima
897 2159 947 2188 est
964 2149 999 2187 in
1021 2150 1138 2187 Tomo
1158 2149 1277 2198 tertio,
1310 2147 1436 2186 eodem
1468 2161 1560 2185 anno
1581 2147 1711 2199 scripta
1743 2156 1808 2191 est,
1827 2162 1897 2199 quo
1930 2162 1994 2199 per
2021 2156 2133 2185 totam

74 2210 397 2263 Quadi-agesimam
417 2211 462 2249 de
486 2211 635 2249 vitando
649 2212 851 2263 juramento
871 2220 1002 2263 egerat.
1025 2212 1059 2249 Is
1072 2219 1125 2249 est
1143 2224 1256 2248 annus
1284 2209 1375 2257 587,
1391 2218 1431 2248 ut
1446 2209 1608 2247 diximus
1625 2208 1660 2246 in
1686 2209 1827 2247 Monito
1855 2208 2002 2246 ibidem.
2025 2208 2133 2255 Quod

74 2272 194 2324 itaque
210 2281 462 2325 argumentum
481 2273 516 2311 in
537 2273 696 2310 Homilia
723 2272 770 2311 de
793 2271 954 2310 debitore
976 2282 1130 2325 ceperat,
1163 2286 1290 2325 nempe
1314 2271 1358 2309 de
1386 2271 1603 2323 injuriarum
1638 2269 1884 2308 recordatione
1906 2269 2131 2322 depellenda,

74 2333 192 2384 deque
209 2333 415 2372 earumdem
434 2333 692 2373 condonatione
704 2333 882 2383 facienda,
902 2333 998 2372 idem
1018 2334 1137 2386 ipsum
1151 2342 1403 2385 argumentum
1419 2332 1454 2370 in
1468 2331 1567 2369 hisce
1583 2331 1699 2369 tribus
1715 2331 1875 2369 homiliis
1885 2331 2049 2383 exemplo
2065 2332 2134 2369 Da-

75 2396 173 2434 vidis
186 2405 328 2434 strenue
343 2397 581 2449 persequitur,
596 2406 630 2435 et
642 2396 788 2448 quidem
803 2395 891 2435 adeo
905 2400 1121 2444 παθητικῶς,
1133 2405 1171 2434 ut
1185 2394 1393 2434 auditorum
1408 2394 1586 2447 lacrymas
1603 2393 1809 2440 excusserit,
1820 2402 1942 2443 atque,
1960 2401 1998 2429 ut
2012 2392 2136 2430 videre

80 2465 147 2502 est,
168 2456 403 2494 Antiochenos
419 2457 466 2494 ad
483 2467 703 2510 praeceptum
714 2457 806 2496 illud
825 2458 1087 2510 evangelicum,
1113 2459 1278 2510 Diligite
1291 2459 1470 2494 inimicos
1489 2464 1654 2501 vestros,
1672 2453 1898 2507 implendum
1914 2454 2132 2503 adduxerit;

81 2525 120 2554 ut
137 2516 172 2554 in
204 2517 488 2568 Quadragesima
503 2519 669 2571 proxima
685 2519 828 2557 eosdem
842 2533 863 2557 a
878 2519 1106 2571 juramentis,
1123 2519 1255 2571 quibus
1269 2517 1401 2557 assueti
1419 2525 1532 2566 erant,
1548 2524 1726 2555 avocarat.

130 2577 461 2630 Interpretationem
482 2579 647 2618 Latinam
667 2579 808 2618 Erasmi
836 2580 960 2619 multis
980 2580 1017 2618 in
1034 2580 1122 2619 locis
1141 2580 1409 2632 castigavimus.

1123 2844 1170 2867 74¹³

1135 2883 1160 2910 Α

453 2848 466 2864 ²
484 2843 661 2882 ΟΜΙΛῙΑ
692 2842 736 2881 α’.
1524 2840 1734 2880 HOMILIA
1763 2840 1787 2877 Ι.

1183 2967 1245 3004 De
1268 2964 1423 3003 Davide
1449 2972 1484 3001 et
1518 2963 1649 3010 Saiile,
1689 2963 1812 3016 deque
1852 2963 2077 3008 tolerantia,
2101 2970 2135 2999 et

1236 3027 1342 3081 quod
1373 3034 1546 3078 oporteat
1586 3027 1755 3063 inimicis
1777 3038 1950 3077 parcere,
1991 3038 2058 3061 nec
2091 3024 2139 3059 de

1236 3088 1459 3127 absentibus
1480 3088 1584 3126 male
1599 3088 1720 3139 loqui.

80 2966 143 3009 Εἷς
161 2963 206 3002 τὰ
224 2964 316 3003 κατὰ
331 2965 390 3003 τὸν
413 2964 522 3003 aaut&
541 2966 600 3004 καὶ
617 2966 675 3004 τὸν
697 2966 834 3016 Σαοὺλ,
852 2967 911 3006 καὶ
933 2966 1013 3020 περὶ
1028 2968 1110 3004 ἀνε-

133 3024 305 3073 ξικακίας,
325 3025 385 3064 καὶ
407 3030 468 3064 τοῦ
488 3027 559 3064 δεῖν
580 3026 756 3078 φείδεσθαι
782 3031 852 3066 τῶν
882 3029 1030 3080 ἐχθρῶν,
1050 3027 1110 3065 καὶ

135 3086 224 3136 μηδὲ
244 3087 396 3131 ἀπόντας
415 3086 531 3138 λέγειν
551 3089 682 3131 κακῶς.

1237 3214 1272 3249 t.
1299 3211 1448 3259 Quoties
1473 3209 1612 3249 diutina
1631 3208 1809 3262 quaepiam
1839 3221 1879 3246 ac
1899 3207 1988 3245 dura
2003 3204 2138 3242 inflatio

135 3215 249 3255 οΟταν
266 3216 389 3270 χρονία
401 3233 454 3261 τις
469 3214 530 3254 καὶ
549 3216 684 3268 σκληρὰ
703 3215 880 3268 φλεγμονὴ
895 3223 965 3260 ¹1:03<
982 3216 1107 3268 σώμα-

1183 3273 1391 3326 corporibus
1413 3271 1568 3321 inhaesit,
1593 3279 1668 3309 tum
1681 3279 1714 3308 et
1735 3270 1841 3321 longo
1861 3277 2028 3319 tempore,
2043 3265 2136 3302 mnt-

85 3291 138 3314 σιν
155 3278 496 3329 ἐναποσκιῤῥωῡεῖσα
524 3276 643 3329 τύχοι,
670 3278 800 3315 πολλοῦ
823 3275 886 3327 μὲν
907 3277 1032 3330 χρόνου
1051 3277 1109 3315 καὶ

128 3409 141 3422 ·
165 3398 293 3431 Cottam
311 3411 385 3432 cum
404 3399 481 3433 eod.
498 3400 600 3441 Regio
618 3400 712 3440 ¹975,
729 3400 806 3430 item
827 3410 900 3431 cum
921 3401 1015 3431 ⁴963.
1037 3399 1093 3430 Iu·
1131 3396 1183 3428 ubi
1202 3406 1310 3429 tamen
1330 3396 1510 3438 reperimus
1528 3400 1667 3441 μςῤῥόω,
1687 3402 1715 3424 ct
1737 3397 1943 3435 ηζκπιιρρεω.
1965 3389 2088 3419 obulum
2106 3397 2138 3419 ct

86 3461 136 3497 fra
162 3456 458 3496 ἐναποτιριῥωθεῖη.
488 3451 681 3495 Composita
716 3463 778 3484 vox
802 3452 912 3495 ignota
943 3452 1091 3484 Laicis>
1129 3449 1367 3493 quatientium
1387 3447 1487 3488 [ιιι-ιύ,
