2483 3791
680 236 722 265 ΙΝ
761 236 861 266 ΟΑΡ.
904 235 948 265 ΙΙ.

62 325 106 374 γῇ
125 321 182 360 τὸν
200 320 422 373 παράδεισον,
444 321 521 358 ἀλλ’
544 320 577 357 ἐν
598 320 755 373 οὐρανῷ,
771 319 830 357 καὶ
845 324 859 339 ¹¹
876 317 1083 370 μυθολογίας

59 383 154 426 τινὰς
181 382 340 426 τοιαύτας
376 382 620 433 ὀνειροπολεῖν.
651 382 695 420 Εἰ
727 379 795 434 γὰρ
828 380 887 419 καὶ
930 379 1082 431 τοσαύτῃ

59 444 286 498 χρησαμένης
301 442 463 496 ἀκριὸείᾳ
478 446 539 489 τῆς
559 442 651 486 θείας
672 444 815 496 Γραφῆς
827 472 837 488 ,
860 444 899 480 οὐ
915 441 1083 494 παρῃτή-

58 506 164 546 σαντό
187 521 278 550 τινες
307 508 376 544 τῶν
401 505 459 543 ἐπὶ
490 504 684 556 εὐγλωττίᾳ
713 504 1084 557 μεγαλοφρονούντων,

55 567 116 607 καὶ
135 571 178 620 τῇ
196 567 301 620 σοφίᾳ
324 570 367 619 τῇ
395 566 539 615 ἔξωθεν,
561 565 768 609 ἀπεναντίας
796 571 867 609 τοῖς
884 564 1084 616 γεγραμμέ-

56 645 125 673 νοις
155 629 384 682 φθέγγεσθαι,
409 628 467 666 καὶ
498 630 625 675 εἰπεῖν,
646 627 695 678 μὴ
725 627 783 665 ἐπὶ
815 629 877 672 τῆς
892 629 967 676 ογῆς
994 619 1084 663 εἶναι

56 691 116 729 τὸν
130 691 340 743 παράδεισον
353 721 363 738 ,
381 690 441 728 καὶ
457 690 571 728 πολλὰ
587 689 689 741 ἕτερα
711 691 779 726 τῶν
796 687 989 741 εἰρημένων
1010 702 1084 724 πα-

60 755 286 805 ρεγγυῶντες,
305 751 353 802 μὴ
374 754 421 794 ὡς
442 751 638 802 γέγραπται
657 755 812 802 φρονεῖν,
833 749 912 786 ἀλλ’
930 750 1083 786 ἀπεναν-

56 813 131 858 τίας
145 813 331 865 ἔρχεσθαι,
346 812 404 850 καὶ
424 810 468 848 τὰ
491 810 547 848 ἐπὶ
566 813 629 855 τ’ἧς
648 813 711 861 γῆς
730 809 896 862 εἰρημένα
914 808 994 861 περὶ
1013 811 1082 846 τῶν

55 875 91 912 ἓν
112 876 268 926 οὐρανοῖς
294 872 445 923 νομίζειν
470 873 650 924 εἰρῆσθαι·
672 871 701 908 εἰ
721 870 770 920 μὴ
791 873 834 921 τῇ
856 869 1082 915 ταπεινότητι

54 934 186 974 τούτων
207 937 275 972 τῶν
296 933 428 984 λόγων,
450 932 510 970 καὶ
529 935 572 983 τῇ
593 931 852 983 συγκαταὸάσει
872 933 890 968 ὃ
911 931 1083 982 μακάριος

55 997 208 1042 Μωϋσῆς
229 993 426 1047 ἐχρήσατο,
442 997 503 1031 τοῦ
524 992 623 1045 ἁγίου
649 991 857 1042 Πνεύματος
878 991 940 1040 τὴν
962 992 1082 1043 γλῶτ-

52 1071 115 1094 ταν
136 1056 238 1093 αὐτοῦ
254 1059 443 1098 κινοῦντος,
463 1057 530 1091 ποῦ
550 1055 611 1091 οὐκ
630 1052 670 1090 ἂν
691 1051 976 1099 ἐξεκυλίσθησαν,
996 1051 1081 1090 καί-

52 1131 106 1154 τοι
123 1131 165 1167 γε
181 1117 244 1161 τῆς
265 1114 367 1166 ἁγίας
385 1115 550 1166 Γραφῆς,
570 1113 710 1152 ἐπειδὰν
730 1113 898 1166 βούληταί
917 1129 952 1151 τι
969 1116 1082 1152 τοιοῦ-

52 1192 110 1216 τον
138 1181 232 1228 ἡμᾶς
261 1175 458 1222 διδάσκειν,
480 1174 608 1221 ἑαυτὴν
635 1174 907 1227 ἑρμηνευούσης,
928 1174 989 1213 καὶ
1018 1175 1081 1213 οὐκ

53 1238 213 1292 ἀφιείσης
236 1238 435 1276 πλανᾶσθαι
464 1236 521 1274 τὸν
556 1236 750 1288 ἀκροατήη
775 1235 866 1274 Ἀλλ’
897 1237 1018 1284 ἐπειδὴ
1048 1237 1080 1276 οἱ

53 1299 175 1339 πολλοὶ
189 1302 228 1338 οὐ
246 1298 303 1337 διὰ
321 1298 360 1336 τὸ
380 1296 636 1350 καρπώσασθαί
652 1313 685 1335 τι
703 1296 824 1350 κέρδος
843 1299 882 1336 ἐκ
894 1300 964 1336 τῶν
980 1297 1080 1336 θείων

54 1363 221 1415 Γραφῶν,
249 1360 339 1398 ἀλλὰ
365 1359 518 1411 τέρψεως
546 1358 662 1396 ἕνεκεν
688 1357 751 1402 τὰς
778 1358 885 1402 ἀκοὰς
911 1358 1079 1412 ὑπέχουσι

51 1428 122 1466 τοῖς
141 1421 187 1460 τὰ
203 1419 449 1474 παριστάμενα
468 1419 625 1471 λέγουσι·
642 1419 699 1457 διὰ
719 1422 820 1458 τοῦτο
835 1421 873 1458 οὐ
893 1426 964 1464 τοῖς
983 1422 1078 1473 ὠφε-

51 1486 170 1522 λοῦσιν
182 1514 192 1531 ,
208 1481 298 1522 ἀλλὰ
313 1481 328 1501 '³
341 1487 413 1525 τοῖς
433 1480 572 1534 τέρπειν
590 1480 724 1532 μᾶλλον
741 1481 943 1531 δυναμένοις
964 1499 1078 1535 προσ-

50 1544 144 1597 έχειν
164 1543 408 1587 σπουδάζουσι.
429 1542 510 1587 Διὸ,
530 1543 739 1595 παρακαλῶ,
759 1548 847 1580 πᾶσι
871 1549 942 1586 τοῖς
961 1542 1080 1581 τοιού-

51 1621 122 1649 τοις
143 1604 205 1649 τὰς
230 1603 334 1647 ἀκοὰς
358 1603 665 1655 ἀποτειχίσαντες,
684 1606 734 1655 τῷ
757 1603 876 1642 κανόνι
894 1607 956 1652 τῆς
978 1604 1079 1657 ἁγίας

51 1665 81 1702 Γ
84 1667 194 1717 ραφῆς
208 1663 582 1714 κατακολουθήσωμεν.
608 1663 678 1702 Καὶ
692 1664 775 1702 ὅταν
800 1663 951 1717 ἀκούσῃς
962 1696 971 1713 ,
987 1668 1077 1718 ἀγα-

52 1726 160 1774 τιῃτὲ,
181 1727 235 1764 ὅτι
265 1725 456 1778 Ἰίφύτευσε
483 1726 695 1779 παράδεισον
728 1728 746 1764 ὁ
777 1725 868 1769 Θεὸς
904 1729 939 1765 ἐν
968 1727 1079 1779 Ἐδὲμ

54 1788 145 1826 κατὰ
176 1787 366 1835 ἀνατολὰς,
389 1787 428 1826 τὸ
462 1785 539 1837 μὲν,
560 1785 770 1837 Ἐφύτευσε,
789 1789 989 1840 θεοπρεπῶς
1019 1788 1078 1826 ἐπὶ

54 1849 147 1886 Θεοῦ
166 1849 249 1897 νόει,
270 1849 323 1886 ὅτι
339 1847 531 1900 προσέταξε
543 1878 552 1895 ,
570 1847 610 1885 τὸ
626 1846 662 1885 δὲ
682 1846 760 1892 ἑξῆς
776 1847 929 1895 πίστευε,
945 1849 998 1886 ὅτι
1017 1849 1078 1887 καὶ

54 1910 263 1961 παράδεισος
277 1909 415 1960 γέγονε,
430 1909 489 1947 καὶ
508 1910 544 1946 ἐν
566 1907 687 1960 ἐκείνῳ
705 1911 756 1960 τῷ
770 1908 867 1960 τόπῳ
885 1938 894 1956 ,
916 1909 997 1947 ἔνθα
1018 1910 1079 1948 καὶ

52 1973 77 2016 ἡ
96 1971 218 2023 Γραφὴ
243 1970 504 2021 ἐπεσημήνατο.
525 1970 578 2008 Τὸ
594 1969 662 2022 γὰρ
690 1969 738 2020 μὴ
760 1969 935 2008 πιστεύειν
958 1977 1029 2015 τοῖς
1044 1974 1078 2010 ἐν

55 2032 98 2081 τῇ
125 2031 199 2084 θεία
227 2032 256 2070 Γ
260 2035 350 2083 ραφῇ
379 2031 568 2080 κειμένοις,
592 2033 669 2069 ἀλλ’
692 2030 794 2083 ἔτερα
821 2031 1016 2084 ἐπεισάγειν
1045 2032 1079 2077 ἐξ

55 2092 182 2136 οἰκείας
203 2091 374 2140 διανοίας,
394 2091 503 2130 πολὺν
528 2096 683 2143 ἡγοῦμαι
701 2091 854 2130 κίνδυνον
875 2092 988 2144 φέρειν
1008 2099 1080 2137 τοῖς

53 2154 152 2189 τοῦτο
184 2157 294 2189 ποιεῖν
333 2153 502 2202 τολμῶσι.
531 2151 602 2189 Καὶ
631 2151 743 2199 ἔθετο,
766 2151 890 2202 φησὶν,
915 2154 987 2190 ἐκεῖ
1019 2153 1077 2191 τὸν

51 2210 247 2261 ἄνθρωπον,
262 2209 298 2247 ὃν
312 2210 473 2248 ἔπλασεν.

101 2268 198 2322 οὈρα
219 2270 354 2319 εὐθέως,
375 2270 488 2318 πόσην
520 2270 583 2318 τὴν
607 2269 713 2322 τιμὴν
741 2272 788 2315 εἷς
813 2272 917 2311 αὐτὸν
942 2274 1077 2312 ἐπιδεί-

48 2347 180 2371 κνυται.
199 2331 295 2376 Ἔξω
314 2335 374 2370 τοῦ
397 2331 610 2384 παραδείσου
640 2335 760 2371 τοῦτον
792 2333 1073 2386 δημιουργήσας,

47 2392 169 2437 εὐθέως
198 2394 300 2431 αὐτὸν
329 2392 544 2446 παραγαγὼν
559 2421 569 2439 ,
590 2392 646 2431 ἵνα
672 2392 729 2431 διὰ
754 2397 822 2432 τῶν
854 2395 1073 2447 πραγμάτων

46 2453 204 2500 αἴσθησιν
241 2457 334 2507 αὐτῷ
363 2456 425 2500 τῆς
461 2453 660 2506 εὐεργεσίας
692 2455 883 2509 παράσχῃ,
908 2456 967 2494 καὶ
1001 2460 1073 2510 γνῷ

46 2514 104 2552 διὰ
118 2519 186 2553 τῶν
211 2516 322 2567 ἔργων
342 2515 406 2562 τὴν
422 2515 528 2566 τιμὴν
541 2547 551 2563 ,
568 2516 610 2563 ἣν
631 2518 678 2560 εἷς
695 2517 798 2556 αὐτὸν
819 2517 1072 2568 ἐπιδείκνυται,

46 2575 93 2617 εἷς
117 2575 175 2613 τὸν
203 2575 413 2627 παράδεισον
446 2575 546 2614 αὐτὸν
574 2575 758 2627 εἰσήγαγε,
775 2575 845 2614 Καὶ
876 2577 972 2615 ἔθετο
1000 2580 1072 2617 ἐκεῖ

45 2634 102 2673 τὸν
118 2635 310 2688 ἄνθρωπον,
325 2636 361 2675 ὃν
376 2635 517 2675 ἔπλασε.
534 2636 602 2674 Καὶ
623 2636 662 2675 τὸ
677 2636 836 2685 ,Ἔθετο,
859 2638 964 2677 πάλιν
982 2638 1072 2678 οὕτω

44 2697 189 2746 νοῶμεν,
199 2697 276 2735 ἀντὶ
285 2700 344 2735 τοῦ
356 2696 564 2750 προσέταξεν
579 2700 651 2736 ἐκεῖ.
665 2698 766 2737 αὐτὸν
784 2698 927 2750 διάγειν,
940 2698 998 2738 ἵνα
1008 2701 1070 2740 καὶ

43 2755 66 2802 ἡ
80 2757 156 2809 ὄψις
170 2758 228 2795 καὶ
238 2761 260 2804 ἡ
275 2758 430 2810 διαγωγὴ
443 2759 576 2806 πολλὴν
589 2762 682 2812 αὐτῷ
697 2759 761 2806 τὴν
773 2760 901 2808 ἡδονὴν
914 2762 1069 2815 παρέχῃ,

44 2817 103 2855 καὶ
115 2821 184 2862 ςείς
195 2819 416 2872 εὐχαριστίας
431 2820 694 2872 εὐγνωμοσύνην
709 2821 810 2859 αὐτὸν
822 2823 840 2859 δ
846 2821 973 2875 ιεγείρῃ
984 2853 993 2870 ,
1010 2825 1067 2860 ἐν-

43 2882 185 2916 νοοῦντα
198 2879 277 2919 ὅσον
293 2881 516 2932 εὐεργέτηται
528 2882 624 2920 οὐδὲν
642 2883 776 2920 οὐδέπω
796 2883 1066 2934 ἐπιδειξάμενος.

45 2938 105 2985 Μὴ
117 2940 229 2978 τοίνυν
247 2940 404 2985 ξενιζέτω
419 2959 457 2981 σε
471 2945 492 2989 ἡ
507 2947 567 2981 τοῦ
578 2943 705 2983 Ἔθετο
721 2943 826 2988 λέξις·
844 2945 918 2988 ἔθος
930 2946 998 2998 γὰρ
1012 2946 1066 2984 ἀεὶ

41 3003 84 3052 τῇ
103 3002 225 3054 Γραφῇ
244 3003 287 3040 δι’
309 3005 402 3054 ἡμᾶς
427 3003 486 3041 καὶ
511 3003 574 3051 τὴν
595 3005 764 3057 ὠφέλειαν
795 3005 858 3052 τὴν
887 3007 1064 3060 ἡμετέραν

42 3067 115 3105 ταῖς
137 3062 368 3115 ἀνθρωπίναις
392 3067 585 3116 κεχρῆσθαι
614 3066 739 3110 λέξεσι.
762 3068 832 3106 Καὶ
852 3067 909 3105 ἵνα
933 3068 1065 3120 μάθῃς,

40 3121 105 3173 ὅρα
123 3126 197 3167 πῶς
219 3124 460 3176 προλαδοῦσα,
479 3125 541 3164 καὶ
568 3126 626 3165 ἐπὶ
650 3130 713 3174 τῆς
737 3131 806 3166 τῶν
827 3128 984 3181 ἀστέρων
1003 3130 1064 3178 δη-

11 3233 15 3237 .
42 3184 221 3236 μιουργίας
240 3188 283 3237 τῇ
301 3186 387 3237 αὐτῇ
404 3186 494 3233 λέξει
513 3188 691 3240 ἐχρήσατο
706 3190 870 3238 εἰποῦσα,
891 3190 961 3229 Καὶ
971 3193 1066 3230 ἔθετο

82 3325 95 3339 ²·
111 3316 164 3348 Sic
179 3327 293 3348 omnes
315 3324 433 3359 praeter
450 3317 565 3351 Morel.
581 3319 638 3362 qui
655 3318 756 3352 babet
773 3326 955 3364 μυθολογίας
973 3326 1049 3356 ταύ-

41 3383 95 3406 τας
118 3374 161 3401 ³2:
150 3383 203 3412 ιφ.
222 3368 312 3400 Infra
329 3368 384 3402 alii
400 3379 616 3416 γεγραμμένας
638 3376 826 3415 φθέγξασθαι,

87 3418 329 3459 1·(,03slin.‹oi;
344 3428 391 3466 td(
380 3436 480 3456 σπουαι
494 3428 621 3465 μᾶλλον.

988 233 1151 264 GENES.

1193 234 1350 264 uouit„
1390 235 1486 265 xui.
2028 226 2111 270 123

1159 317 1289 356 cundia
1302 332 1381 369 sua,
1397 332 1532 357 necnon
1546 318 1592 357 de
1607 319 1836 372 philosophia
1849 322 1986 359 exotica
2001 322 2115 360 altum

1158 379 1347 431 sapientes,
1362 379 1513 419 adversa
1528 380 1724 433 Scripturis
1744 381 1856 432 loqui,
1868 390 1902 419 ct
1919 381 2038 420 dicere
2056 398 2115 434 pa—

1159 440 1350 480 r'adisum
1340 456 1375 479 ln
1398 451 1491 480 terra
1508 457 1577 480 nou
1593 456 1667 480 esse
1667 442 1874 493 ,multaque
1894 443 1964 480 alia
1988 453 2115 495 praeter

1158 516 1198 541 ea
1218 517 1295 553 quae
1310 502 1405 542 dicta
1427 513 1508 542 sunt
1521 503 1742 557 adoptantes,
1753 513 1872 542 contra
1892 503 2055 556 Scriptur
2057 519 2114 542 am

1156 565 1305 614 sentire·
1321 575 1353 603 ct
1372 565 1561 604 adv-msam
1581 575 1699 604 tencre
1717 566 1830 616 viam,
1852 575 1959 617 atquc
1977 580 2017 603 ca
2033 580 2113 617 quac

1154 625 1200 663 de
1219 635 1309 664 terra
1340 627 1435 665 dicta
1462 636 1559 675 sunt,
1580 627 1625 665 de
1643 627 1738 666 caelis
1757 627 1852 665 dicta
1876 636 2023 680 putarc;
2047 627 2115 665 nist

1156 685 1285 724 humili
1315 687 1377 724 illa
1415 696 1448 726 ct
1481 697 1712 740 attemperata
1749 689 1942 726 v·eiboium
1981 688 2117 727 ratione

1156 761 1242 785 usus
1262 750 1405 800 Moyses
1424 758 1513 786 esset
1526 779 1536 798 ,
1559 750 1698 801 Spiritu
1717 759 1838 787 sancto
1858 750 2019 801 linguam
2040 751 2116 802 ejus

1138 817 1331 858 ,movente,
1346 822 1417 859 quo
1433 822 1502 846 non
1518 809 1679 847 devoluti
1694 819 1822 858 essent,
1836 811 2002 861 quamvis
2019 811 2117 849 Scri-

1157 878 1261 922 ptura
1281 883 1380 907 sacra
1401 884 1483 907 cum
1500 884 1563 908 nos
1583 871 1652 908 tale
1668 870 1855 923 quidpiam
1875 871 2002 909 docere
2019 873 2115 922 vult,

1154 930 1306 983 seipsam
1336 931 1600 983 interpretetur,
1624 941 1656 969 et
1688 932 1888 970 auditorem
1909 947 2026 970 errare
2049 948 2116 972 non

1153 991 1271 1030 sinat?
1284 991 1356 1031 Sed
1371 993 1542 1044 quoniam
1558 993 1663 1033 multi
1678 1008 1747 1032 non
1763 1003 1802 1031 ut
1821 993 2012 1046 quidpiam
2027 995 2117 1034 lucri

1153 1067 1199 1091 ex
1224 1052 1358 1091 divinis
1388 1054 1584 1106 Scripturis
1609 1054 1805 1105 demetant,
1829 1054 1891 1093 sed
1919 1056 2118 1108 voluptatis

1152 1115 1281 1166 gratia,
1297 1129 1402 1153 aures
1429 1114 1534 1153 dictis
1558 1115 1731 1154 adhibent
1749 1132 1757 1153 z
1774 1116 1855 1155 ideo
1884 1131 1953 1155 non
1983 1117 2027 1155 iis
2052 1118 2116 1168 qui

1152 1185 1313 1228 prosunt,
1333 1176 1396 1214 sed
1416 1176 1460 1214 iis
1486 1179 1546 1227 qui
1573 1177 1688 1230 magis
1711 1178 1889 1216 oblectant
1908 1178 2111 1217 attendunt.

1151 1236 1396 1284 Quamobrem
1416 1238 1573 1287 obsecro,
1590 1247 1629 1276 ut
1649 1239 1816 1277 omnibus
1836 1239 1908 1277 illis
1927 1254 2029 1277 aures
2050 1240 2115 1278 ob-

1150 1306 1323 1347 turanteS,
1343 1313 1450 1336 sacrae
1475 1299 1673 1351 Scripturas
1707 1300 1831 1337 canoni
1857 1301 2110 1351 obsequamur.

1152 1361 1202 1397 Ac
1223 1373 1303 1397 cum
1335 1359 1504 1408 audieris,
1525 1360 1669 1410 dilecte,
1691 1362 1790 1399 Deus
1811 1361 1990 1414 plantavit
2009 1377 2113 1414 para—

1150 1421 1270 1459 disum
1285 1421 1320 1459 in
1341 1422 1493 1471 oriente;
1511 1422 1620 1473 illud,
1637 1424 1859 1470 Plantavit,
1884 1433 1923 1461 ut
1938 1425 2013 1462 Deo
2030 1438 2113 1463 con-

1151 1483 1247 1521 venit
1279 1482 1453 1535 intellige,
1477 1497 1605 1536 nempe
1633 1484 1730 1535 quod
1758 1485 1990 1538 praeccperit3
2015 1485 2112 1537 quod

1149 1558 1234 1583 vero
1251 1545 1413 1596 sequitur
1431 1545 1545 1595 crede,
1564 1546 1736 1584 nimirum
1752 1546 1959 1599 paradisum
1978 1547 2111 1586 factum

1150 1618 1236 1654 esse,
1256 1615 1290 1644 ct
1308 1607 1344 1644 in
1364 1606 1427 1644 illo
1448 1606 1541 1655 loco,
1561 1607 1623 1645 ubi
1645 1608 1832 1660 Scriptura
1854 1622 1952 1645 saera
1972 1608 2112 1659 signifi-

1150 1665 1258 1705 cavit.
1275 1668 1356 1706 Non
1379 1667 1522 1706 credere
1537 1668 1631 1706 enim
1652 1669 1696 1706 iis
1715 1683 1794 1720 quae
1811 1669 1847 1707 in
1869 1668 1992 1707 divina
2012 1669 2112 1707 Scri-

1151 1736 1256 1779 ptura
1275 1729 1452 1778 feruntur,
1471 1728 1533 1767 sed
1551 1729 1620 1767 alia
1641 1744 1687 1768 ex
1701 1730 1846 1782 propria
1869 1739 1986 1767 mente
2006 1729 2113 1767 indu—

1151 1801 1240 1837 cere,
1261 1803 1429 1841 magnum
1457 1799 1546 1842 puto
1567 1791 1769 1842 periculum
1794 1805 1911 1828 creare
1939 1791 2024 1828 talia
2047 1805 2111 1828 au-

1151 1846 1330 1886 dentibus.
1342 1851 1380 1887 E
1383 1859 1396 1887 t
1414 1853 1555 1902 posuit,
1567 1850 1694 1902 inquit,
1708 1853 1763 1889 ibi
1779 1853 1988 1900 hominem,
1998 1865 2110 1904 quem

1140 1909 1350 1963 formavit.

1104 2163 1130 2193 D

1199 2271 1240 2308 4.
1273 2269 1385 2321 Vide,
1409 2280 1584 2322 quantum
1611 2271 1782 2310 honorem
1808 2272 1927 2311 statim
1959 2273 1993 2311 in
2026 2288 2108 2314 eum

1146 2331 1345 2370 contulerit.
1370 2333 1462 2371 Cum
1486 2347 1566 2371 eum
1586 2342 1686 2371 extra
1714 2333 1922 2386 paradisum
1945 2345 2106 2385 creasset,

1143 2394 1264 2433 statim
1283 2394 1386 2432 illum
1405 2409 1446 2433 eo
1474 2394 1690 2443 introduxit,
1706 2405 1744 2433 ut
1760 2410 1806 2434 ex
1828 2396 1933 2434 rebus
1960 2396 2047 2449 ipsis
2067 2398 2103 2436 in

1143 2455 1307 2494 beneficii
1324 2471 1465 2495 sensum
1482 2456 1601 2508 ipsum
1613 2456 1817 2504 adduceret,
1826 2466 1865 2494 ut
1875 2457 1980 2495 sciret
1993 2473 2102 2509 quan-

1141 2527 1200 2556 tus
1214 2518 1268 2556 illi
1282 2519 1396 2556 honor
1412 2527 1501 2556 esset
1513 2532 1711 2566 concessus,
1724 2519 1758 2556 in
1775 2518 1980 2571 paradisum
1998 2520 2102 2558 illum

1141 2579 1363 2627 introduxit,
1391 2581 1443 2617 Et
1473 2583 1601 2632 posuit
1630 2581 1715 2618 illic
1741 2582 1960 2627 hominem,
1989 2595 2103 2632 quem

1129 2642 1340 2695 formavit.
1361 2640 1458 2679 Illud
1488 2641 1585 2688 item,
1608 2643 1759 2688 Posuit,
1783 2641 1833 2678 sic
1862 2640 2104 2692 intelligamus

1141 2716 1182 2740 ac
1205 2702 1235 2740 si
1263 2702 1411 2751 diceret,
1431 2701 1599 2754 praeccpit
1628 2711 1667 2739 ut
1693 2701 1767 2739 illic
1797 2701 1986 2748 habitaret,
2007 2712 2043 2740 ut
2067 2713 2101 2742 et

2212 395 2318 423 Contra

2130 444 2177 461 eos
2203 438 2252 471 qni
2273 438 2320 463 ‹li-

2129 486 2152 501 (ι
2147 477 2232 503 mlant
2270 488 2322 523 pa-

2131 518 2259 544 radisum
2290 520 2319 545 in

2131 563 2148 584 t
2152 569 2206 584 ·rr:i
2263 569 2320 586 nou

2108 627 2114 634 ,
2131 609 2191 626 esse
2199 621 2204 626 .

1140 2773 1302 2816 aspectus
1321 2773 1354 2801 et
1380 2762 1554 2801 habitatio
1575 2777 1742 2814 magnam
1759 2762 1825 2814 ipsi
1846 2772 1983 2813 pareret
1998 2765 2100 2802 volu-
2148 2787 2157 2792 -

1093 2837 1117 2868 Ε
1140 2834 1286 2877 ptatcm‚
1301 2834 1335 2862 et
1363 2838 1445 2862 eum
1471 2823 1516 2861 ad
1546 2824 1677 2875 gratias
1698 2821 1899 2860 referendas
1918 2827 2099 2875 excitaret,

1143 2884 1358 2936 cogitantem
1385 2892 1557 2934 quantum
1586 2882 1749 2920 beneficii
1778 2885 1989 2937 accepisset,
2018 2898 2100 2923 cum

1138 2946 1298 2985 nondum
1327 2945 1513 2997 quidpiam
1543 2944 1763 2996 praestitisset
1791 2946 1888 2984 boni.
1908 2949 1962 2985 Ne
1989 2947 2100 2998 igitur

1137 3016 1170 3046 te
1198 3008 1232 3045 in
1265 3017 1450 3059 stuporem
1477 3005 1612 3057 injiciat
1642 3021 1713 3044 vox
1739 3007 1815 3057 illa,
1840 3011 1979 3047 Posuit
1998 3023 2098 3046 :mos

1136 3069 1232 3107 enim
1247 3078 1298 3106 est
1317 3068 1511 3119 Scripturae
1531 3080 1639 3104 sacrae
1660 3078 1806 3120 propter
1822 3084 1886 3108 nos
1904 3080 1937 3108 et
1953 3071 2000 3107 ad
2022 3070 2096 3108 uti-

1136 3129 1273 3168 litatem
1297 3138 1453 3167 nostram
1486 3127 1653 3167 humanis
1683 3129 1734 3166 uti
1765 3131 1896 3169 verbis.
1925 3131 2032 3177 Quod
2060 3140 2098 3168 ut

1137 3191 1289 3239 ediscas,
1308 3188 1487 3242 perpende
1509 3188 1689 3240 quomodo
1714 3191 1827 3243 prius,
1848 3206 1928 3230 cum
1955 3191 1999 3230 de
2017 3192 2097 3230 stel-

1127 3329 1138 3342 θ
1155 3321 1258 3354 Savil.
1281 3328 1314 3352 et
1345 3319 1483 3353 Coislin.
1513 3327 1553 3359 εἰς
1568 3325 1759 3368 ιὶχαριστιάυ
1785 3330 1834 3358 καὶ
1861 3328 2091 3366 ,εὐγνωμοτύνη»Δ

1083 3372 1195 3405 Morel.
1221 3379 1258 3410 εἷς
1287 3377 1476 3418 εὶχαματὶας
1510 3377 1740 3417 εὐγνωμοσύνην.
1770 3374 1859 3409 lbld.
1886 3375 1999 3407 Morel.
2035 3386 2094 3412 πῶς

1081 3431 1284 3470 &clastris-rx(-
