2566 3791
215 1960 338 1995 Septcna

153 2011 203 2026 cur
264 2001 338 2028 sumi

155 2042 235 2068 velit.

782 207 820 237 S,

360 193 454 250 264

359 291 500 330 indidit.
523 292 697 330 Caeterum
715 290 762 328 de
778 289 922 328 mundis
942 303 983 327 ac
1003 287 1199 326 immundis
1223 286 1309 323 satis

359 353 497 390 dictum
516 361 578 391 est.

412 413 449 449 6.
482 412 619 450 Verum
654 410 796 448 interim
826 409 896 446 alia
923 421 996 444 sese
1014 407 1118 443 offert
1136 403 1307 454 quaestio:
1330 418 1354 447 B

360 482 470 519 quare
506 482 552 505 ex
586 467 782 504 immundis
810 466 914 510 bina,
947 477 991 501 ex
1024 462 1167 500 mundis
1192 469 1310 498 autem

361 539 502 581 septena
516 544 526 577 ;
554 528 631 565 haec
659 540 819 576 quoque:
849 539 959 575 quare
981 518 1134 561 non-vel
1154 536 1230 571 sex,
1251 521 1309 560 vel

360 599 453 638 octo,
468 589 528 626 sed
544 596 675 639 septem
688 586 812 638 paria?
830 585 1004 623 Fortassis
1018 584 1159 634 longius
1174 597 1308 621 excur—

358 652 407 688 rit
425 649 537 687 oratio
561 664 568 684 :
593 647 655 685 sed
674 647 702 685 si
722 661 791 684 non
812 646 920 699 piget,
940 655 973 684 et
992 645 1022 683 si
1042 645 1168 693 vultis,
1185 643 1310 697 paucis

359 711 435 748 haec
465 709 647 747 caritatem
670 718 823 746 vestram
851 706 1069 754 docebimus,
1101 719 1141 742 ea
1175 704 1311 742 seilicet

358 785 435 821 quae
455 770 558 808 nobis
584 769 707 808 divina
734 767 846 820 gratia
862 766 1080 805 concesserit.
1096 765 1310 804 Multienim

357 833 475 871 varias
493 832 536 870 de
554 831 599 869 iis
621 831 762 869 fabulas
787 837 931 868 narrant
946 858 956 877 ,
976 837 1009 866 et
1027 827 1112 865 hinc
1128 827 1310 865 occasione

358 903 489 941 sumta,
515 892 778 931 ohservationes
805 904 1033 928 numerorum
1062 897 1249 939 ostentant.
1262 890 1310 925 At

358 969 427 993 non
447 953 659 1001 observatio,
682 952 744 990 sed
767 950 1017 1003 intempestiva
1037 948 1224 986 hominum
1247 961 1308 985 cu-

357 1015 496 1053 riositas
512 1015 596 1052 talia
611 1014 743 1064 fingere
761 1011 922 1059 molitur,
938 1009 1032 1047 unde
1046 1018 1080 1047 et
1097 1008 1220 1046 multae
1235 1008 1308 1045 hae-

357 1091 449 1114 reses
465 1086 565 1125 ortae,
584 1073 680 1125 quod
696 1072 816 1111 statim
834 1071 962 1109 scietis.
984 1070 1125 1109 Etenim
1144 1070 1302 1120 frequen-
1327 1082 1351 1113 c

357 1140 432 1186 ter(
454 1146 493 1174 ut
511 1135 698 1175 videamur
720 1132 822 1184 quasi
841 1146 887 1170 ex
909 1130 1129 1169 abundantia
1152 1143 1222 1178 eos,
1245 1128 1308 1181 qui

358 1212 403 1236 ex
420 1197 492 1236 suis
511 1194 739 1249 opinionibus
758 1207 850 1232 nova
868 1193 1036 1240 afferunt,
1062 1195 1308 1243 compescere)

357 1257 561 1297 invenimus
580 1258 615 1294 in
633 1255 829 1307 Scripturis
856 1254 991 1306 copulae
1020 1267 1209 1291 numerum
1232 1266 1306 1290 ser-

358 1329 493 1358 vatum.
511 1318 656 1369 Quippe
685 1315 828 1367 quando
852 1315 950 1353 misit
975 1314 1184 1366 discipulos,
1207 1313 1310 1351 binos

358 1395 416 1419 eos
434 1380 545 1426 misit,
564 1378 632 1431 ipsi
651 1387 767 1416 autem
793 1390 913 1415 omnes
931 1375 1122 1413 duodecim
1137 1383 1254 1424 erant,
1277 1382 1310 1411 et

359 1440 555 1492 Evangelia
576 1448 729 1490 quatuor
748 1451 907 1476 numero.
934 1439 982 1474 At
1005 1448 1308 1487 supervacaneum

357 1502 464 1540 suerit
473 1502 548 1539 haec
559 1500 657 1553 apud
669 1500 851 1538 caritatem
864 1506 1021 1536 vestram
1034 1508 1309 1534 commemorare

357 1578 434 1614 quae
453 1563 538 1601 satis
553 1561 683 1600 didicit
703 1558 909 1612 hujusmodi
928 1557 1035 1595 dictis
1056 1557 1224 1595 obturare
1242 1570 1306 1593 au-

355 1639 421 1662 res.
439 1624 684 1662 'Necessarium
715 1630 834 1659 autem
861 1628 900 1656 ut
927 1618 1075 1671 posthac
1097 1617 1302 1666 doceamus,

354 1699 464 1735 quare
482 1694 624 1736 septena
646 1692 680 1721 et
704 1691 845 1733 septena
869 1695 914 1718 ex
932 1679 1034 1732 puris
1065 1677 1244 1717 introduci
1267 1678 1304 1715 in

354 1760 472 1784 arcam
502 1743 720 1797 praeceperit.
747 1742 855 1780 Plura
881 1739 1026 1792 quidem
1056 1738 1225 1791 praecepit
1259 1752 1304 1775 ex

354 1806 498 1845 mundis
512 1804 719 1850 introduci,
740 1812 781 1840 ut
788 1803 909 1855 justus
922 1801 996 1850 ille,
1014 1809 1047 1837 et
1066 1799 1127 1850 qui
1141 1813 1224 1836 cum
1242 1798 1305 1835 illo
1327 1811 1352 1839 ι)

353 1877 466 1919 erant,
488 1881 533 1905 ex
563 1866 709 1904 illorum
740 1878 807 1902 usu
841 1862 1000 1912 aliquam
1031 1859 1307 1898 consolationem

353 1929 570 1982 acciperent:
592 1925 689 1978 quod
710 1933 830 1963 autem
856 1931 997 1975 septena
1019 1931 1053 1959 et
1076 1929 1242 1973 septena,
1273 1928 1307 1957 et

354 1992 421 2030 hoc
439 2003 581 2041 quoque
602 1987 631 2026 si
643 2000 788 2024 causam
800 1983 994 2032 disceretis,
1012 1995 1196 2020 summum
1213 1980 1308 2019 indi-

355 2053 451 2090 cium
468 2060 518 2089 est
533 2050 601 2102 piae
617 2047 744 2086 mentis
760 2045 847 2099 justi
868 2044 950 2083 viri.
971 2045 1063 2082 Nam
1076 2043 1158 2094 quia
1178 2056 1307 2094 cogno-

355 2113 407 2151 vit
432 2111 608 2162 benignus
627 2111 725 2147 Deus
753 2106 825 2146 viri
859 2105 1044 2153 virtutem,
1070 2113 1104 2141 et
1135 2104 1235 2154 quod
1267 2113 1307 2141 ut

352 2176 485 2226 justus,
504 2181 537 2210 et
559 2179 655 2209 tanta
668 2167 816 2206 Domini
836 2168 946 2204 fretus
965 2164 1221 2213 misericordia,
1244 2165 1305 2202 ubi

357 2243 461 2272 tantae
490 2229 706 2283 tempestatis
725 2227 906 2279 effugisset
932 2225 1146 2278 periculum,
1176 2226 1307 2263 libera-

358 2305 483 2345 tusque
496 2293 618 2330 fuisset
633 2306 652 2328 a
666 2289 837 2343 periculo,
854 2296 887 2325 et
905 2287 950 2324 ab
964 2301 1054 2324 arcae
1071 2286 1306 2325 incommodis

358 2355 517 2404 solutus,
539 2361 681 2404 gratum
709 2351 867 2387 animum
896 2347 1154 2394 declaraturus,
1181 2357 1215 2385 et
1241 2362 1306 2399 pro

357 2415 552 2467 gratiarum
571 2412 707 2450 actione
729 2409 860 2448 hostias
879 2417 912 2446 et
930 2407 1104 2446 sacrificia
1121 2407 1306 2446 oblaturus

357 2486 466 2524 esset,
493 2483 532 2512 ut
551 2488 593 2512 ne
612 2473 680 2511 hoc
698 2469 858 2509 faciendo
879 2469 1059 2506 mutilaret
1079 2468 1179 2520 paria
1196 2484 1203 2505 :
1226 2468 1305 2507 ideo
1328 2484 1352 2515 Ε

358 2537 532 2576 Dominus
560 2533 730 2587 praescius
764 2531 871 2584 hujus
901 2539 1007 2581 gratae
1036 2530 1178 2578 mentis,
1203 2530 1306 2582 jubet

357 2607 497 2650 septena
525 2606 557 2634 et
589 2604 730 2647 septena
754 2591 933 2631 introduci
953 2606 998 2629 ex
1019 2591 1169 2642 singulis
1184 2591 1304 2630 avium

357 2658 559 2711 generibus,
571 2665 622 2705 ut,
639 2669 721 2693 cum
737 2662 887 2691 cessaret
900 2652 1109 2691 universalis
1125 2651 1303 2702 interitus,

357 2730 390 2758 et
418 2734 518 2757 suam
549 2726 702 2756 mentem
734 2715 941 2763 declararet,
973 2713 1073 2766 paria
1095 2713 1306 2762 volatilium,

356 2790 631 2830 caeterorumque
661 2776 871 2815 animalium
906 2789 975 2812 non
1008 2773 1245 2812 laederentur:
1269 2775 1307 2814 id

355 2841 451 2893 quod
470 2841 505 2878 in
523 2839 692 2878 sermonis
707 2851 895 2890 progressu
914 2835 1071 2885 discetis,
1095 2835 1157 2874 ubi
1175 2836 1210 2874 in
1225 2851 1305 2875 eum

355 2904 474 2940 locum
494 2900 770 2953 pervenerimus,
791 2897 974 2938 videbitis
995 2897 1089 2935 enim
1104 2898 1243 2950 justum
1261 2899 1305 2936 il-

356 2963 429 3000 lum
459 2963 536 2999 haec
568 2961 700 2999 secisse.
730 2959 918 2997 Didicistis
955 2973 1097 2997 causam
1128 2959 1174 2997 ol)
1198 2973 1303 3010 quam

866 207 1052 237 JOANMS
1087 205 1326 237 CHRVSOST.
1364 203 1572 233 ARCfllEP.
1609 202 1971 232 CONSTANTINOP-

1380 287 1475 336 αὐτῷ
1504 283 1634 321 τούτων
1669 282 1778 330 δήλην
1802 284 1975 329 ἐποίησεν.
2005 283 2108 321 Ἀλλὰ
2141 282 2221 334 περὶ
2243 281 2304 333 μὲν
2332 284 2402 320 τῶν

1380 346 1540 394 καθαρῶν
1561 344 1620 382 καὶ
1635 344 1842 395 ἀκαθάρτων
1862 343 2058 395 ἀρκούντως
2075 344 2276 395 εἰρήκαμεν.

1432 404 1547 441 Πάλιν
1574 403 1611 441 δὲ
1631 403 1745 457 ἕτερον
1765 407 1849 454 ’ἡμῖν
1878 403 2070 442 ἀνακύπτει
2088 404 2230 454 ζήτημα
2243 419 2250 427 ·
2281 404 2315 441 τί
2338 404 2402 450 δή-

1379 479 1465 503 ποτε
1493 465 1562 502 ἀπὸ
1589 464 1649 515 μὲν
1671 467 1739 502 τῶν
1769 465 1973 516 ἀκαθάρτων
1996 464 2055 502 δύο
2083 464 2160 512 δύο,
2181 465 2251 503 ἀπὸ
2274 464 2310 502 δὲ
2333 467 2403 502 τῶν

1381 527 1540 577 καθαρῶν
1557 525 1646 563 ἑπτὰ
1662 524 1773 563 ἑπτά·
1792 525 1852 563 καὶ
1871 524 1975 562 πάλιν
1988 540 1995 547 ·
2011 524 2102 566 τίνος
2123 524 2238 562 ἕνεκεν
2258 527 2323 576 οὐχ
2342 523 2378 568 ἒξ
2392 553 2402 570 ,

1380 585 1455 647 οὐδὲ
1471 585 1562 624 ὀκτὼ
1576 615 1586 632 ,
1604 586 1679 623 ἀλλ’
1698 584 1787 622 ἑπτά
1799 616 1806 623 .
1823 584 1930 636 Τάχα
1946 586 1993 627 εἷς
2013 583 2102 622 πολὺ
2126 588 2236 634 μῆκος
2262 587 2280 622 ὃ
2303 584 2405 634 λόγος

1380 650 1464 697 ἡμῖν
1484 647 1692 686 ἐκτείνεται·
1716 647 1793 684 ἀλλ’
1821 648 1851 683 εἷ
1875 644 1925 694 μὴ
1948 645 2169 695 ἀπεκάμετε,
2192 645 2251 682 καὶ
2278 645 2403 695 βούλε-

1380 711 1439 745 σθε
1452 736 1461 752 ,
1481 708 1658 758 συντόμως
1674 708 1733 745 καὶ
1754 705 1834 758 περὶ
1855 705 1984 744 τούτων
2006 704 2198 757 διδάξωμεν
2226 705 2289 751 τὴν
2316 707 2407 755 ὑμεψ

1379 769 1482 822 τέραν
1500 769 1654 821 ἀγάπην,
1673 769 1763 821 ἅπερ
1786 768 1824 804 ἂν
1843 771 1864 813 ἡ
1883 771 1942 805 τοῦ
1960 768 2053 805 Θεοῦ
2078 766 2181 818 χάρις
2205 766 2404 818 χορηγῆσῃ.

1380 828 1512 867 Πολλοὶ
1545 829 1613 882 γὰρ
1652 827 1767 866 πολλὰ
1801 827 1881 879 περὶ
1911 826 2040 865 τούτων
2069 829 2315 878 μυθολογοῦσι,
2343 826 2407 863 καὶ

1379 893 1533 928 ἐντεῦθεν
1567 890 1727 942 ἀφορμὴν
1757 889 1996 939 λαμὸάνοντες
2031 887 2292 941 παρατηρήσεις
2323 890 2403 938 ἀρι-

1378 954 1474 1001 θμῶν
1496 952 1761 989 ἐπιδείκνυνται.
1780 950 1868 988 (Ότι
1897 949 1932 988 δὲ
1953 952 2014 987 οὐκ
2036 950 2110 987 ἔστι
2137 949 2399 1000 παρατήρησις,

1377 1014 1453 1050 ἀλλ’
1469 1016 1491 1058 ἡ
1507 1011 1650 1065 ἄκαιρος
1669 1010 1979 1064 φιλοπραγμοσύνη
1994 1013 2063 1048 τῶν
2081 1009 2270 1063 ἀνθρώπων
2290 1013 2405 1047 ταῦτα

1377 1072 1611 1111 ἀναπλάττειν
1631 1074 1820 1124 ἐπιχειρεῖ,
1840 1072 1916 1109 ὅθεν
1933 1073 1993 1109 καὶ
2014 1073 2050 1108 αἱ
2071 1069 2211 1114 πλείους
2226 1073 2294 1107 τῶν
2311 1069 2404 1121 αἱρέ-

1378 1148 1467 1171 σεων
1487 1132 1701 1184 ἐτέχθησαν,
1721 1131 1844 1170 αὐτίκα
1873 1131 1969 1181 μάλα
1996 1132 2140 1170 εἴσεσθε.
2160 1131 2231 1168 Καὶ
2262 1131 2328 1182 γὰρ
2355 1133 2404 1174 ὡς

1378 1194 1436 1233 ἐπὶ
1451 1195 1490 1232 τὸ
1514 1196 1677 1232 πλεῖστον
1697 1194 1775 1245 (ἵνα
1796 1193 1948 1244 δόξωμεν
1968 1196 2014 1237 ὡς
2037 1195 2076 1231 ἐκ
2099 1192 2298 1243 περιουσίας
2324 1194 2403 1230 ἐπι-

1378 1255 1552 1305 στομίζειν
1572 1254 1650 1298 τοὺς
1668 1254 1713 1293 τὰ
1737 1255 1806 1293 ἀπὸ
1825 1257 1894 1292 τῶν
1921 1254 2056 1293 οἰκείων
2080 1255 2257 1304 λογισμῶν
2278 1254 2400 1291 ἐπεισ-

1377 1315 1564 1368 φέροντας)
1597 1316 1801 1368 εὑρίσκομεν
1831 1317 1866 1353 ἐν
1897 1321 1973 1359 ταῖς
1994 1317 2153 1367 Γραφαῖς
2185 1315 2317 1364 μᾶλλον
2343 1314 2402 1352 τὸν

1376 1380 1438 1422 τῆς
1458 1376 1618 1427 συζυγίας
1635 1377 1780 1428 ἀριθμὸν
1798 1376 2008 1424 σωζόμενον.
2025 1375 2096 1413 Καὶ
2116 1374 2184 1427 γὰρ
2200 1374 2304 1420 ἡνίκα
2319 1373 2404 1412 ἀπέν

1377 1438 1498 1474 στελλε
1532 1436 1611 1480 τοὺς
1638 1437 1818 1487 μαθητὰς,
1841 1437 1901 1475 δύο
1933 1437 1992 1474 δύο
2017 1435 2139 1479 αὐτοὺς
2166 1435 2404 1482 θάπέστελλε,

1376 1497 1436 1535 καὶ
1458 1498 1555 1536 αὐτοὶ
1577 1498 1611 1536 δὲ
1631 1498 1758 1542 πάντες
1778 1497 1913 1536 δώδεκα
1938 1493 2041 1544 ἦσαν,
2057 1497 2117 1535 καὶ
2138 1498 2182 1535 τὰ
2201 1497 2402 1548 Εὐαγγέλια

1374 1558 1528 1610 τέσσαρα
1565 1560 1623 1598 τὸν
1652 1559 1796 1611 ἀριθμόν
1830 1561 1935 1597 ἐστιν.
1962 1558 2070 1596 Ἀλλὰ
2098 1563 2208 1596 ταῦτα
2239 1557 2401 1608 περιττὸν

1375 1626 1481 1658 κινεῖν
1503 1620 1561 1658 ἐπὶ
1580 1623 1641 1667 τῆς
1668 1619 1838 1672 ὑμετέρας
1863 1619 2023 1670 ἀγάπης,
2042 1618 2290 1669 δεδιδαγμένης
2310 1617 2402 1662 ἅπαξ

1374 1686 1444 1723 τοῖς
1462 1680 1627 1724 τοιούτοις
1651 1680 1886 1733 ἀποφράττειν
1907 1679 1969 1723 τὰς
1994 1679 2114 1723 ἀκοάς.
2144 1680 2344 1730 Ἀναγκαῖον
2364 1679 2400 1717 δὲ

1375 1742 1495 1780 λοιπὸν
1510 1744 1630 1789 εἰπεῖν,
1649 1741 1739 1785 τίνος
1758 1741 1872 1780 ἕνεκεν
1895 1740 1985 1778 ἑπτὰ
2003 1741 2091 1778 ἑπτὰ
2114 1740 2184 1778 ἀπὸ
2207 1742 2275 1777 τῶν
2291 1743 2399 1777 καθα-

1379 1806 1445 1856 ρῶν
1478 1804 1683 1855 εἰσαχθῆναι
1709 1804 1756 1846 εἷς
1775 1802 1838 1849 τὴν
1865 1802 2015 1840 κιὸωτὸν
2043 1800 2244 1854 προσέταξε.
2265 1801 2318 1838 Τὸ
2337 1801 2401 1850 μὲν

1376 1864 1520 1903 πλείονα
1539 1863 1732 1916 προστάξαι
1758 1866 1827 1902 τῶν
1847 1865 2007 1915 καθαρῶν
2034 1863 2263 1914 εἰσαχθῆναι,
2285 1861 2342 1899 διὰ
2362 1861 2404 1898 τὸ

1377 1925 1604 1979 παραμυθίαν
1625 1924 1704 1963 τινὰ
1720 1924 1812 1977 ἔχειν
1832 1925 1891 1962 καὶ
1917 1924 1975 1962 τὸν
1996 1922 2142 1971 δίκαιον,
2164 1922 2223 1961 καὶ
2242 1921 2320 1966 τοὺς
2340 1921 2401 1960 σὺν

1379 1988 1473 2039 αὐτῷ
1492 1991 1554 2034 τῆς
1573 1985 1607 2030 ἐξ
1633 1985 1772 2024 ἐκείνων
1794 1984 2021 2028 ἀπολαύσεως
2044 1983 2272 2035 μετέχοντας·
2297 1983 2336 2022 τὸ
2366 1982 2403 2021 δὲ

1378 2048 1468 2086 ἑπτὰ
1493 2047 1602 2095 ἑπτὰ,
1621 2047 1681 2085 καὶ
1701 2051 1802 2085 τοῦτο
1830 2045 1951 2095 πάλιν,
1970 2047 2000 2084 εἷ
2014 2044 2077 2091 τὴν
2107 2043 2220 2082 αἰτίαν
2241 2043 2403 2093 μάθοιτε,

1378 2108 1551 2152 ἀπόδειξις
1578 2108 1617 2145 ἂν
1655 2107 1708 2154 εἴη
1731 2106 1878 2158 μεγίστη
1902 2110 1964 2153 τῆς
1995 2105 2152 2158 φιλοθέου
2170 2103 2312 2156 γνώμης
2342 2108 2403 2143 τοῦ

1378 2169 1522 2207 δικαίου.
1545 2168 1693 2215 Ἐπειδὴ
1724 2168 1792 2219 γὰρ
1817 2167 1893 2218 ᾔδει
1920 2171 1938 2205 ὁ
1967 2167 2209 2220 φιλάνθρωπος
2228 2166 2318 2209 Θεὸς
2343 2170 2404 2204 τοῦ

1378 2229 1498 2282 ἀνδρὸς
1513 2228 1575 2276 τὴν
1599 2228 1740 2281 ἀρετὴν,
1762 2228 1822 2266 καὶ
1842 2227 1896 2265 ὅτι
1920 2227 2052 2270 δίκαιος
2069 2227 2130 2274 ὢν,
2150 2227 2209 2264 καὶ
2232 2226 2405 2272 τοσαύτης

1378 2289 1577 2333 ἀπολαύσας
1609 2287 1707 2341 παρὰ
1737 2292 1795 2325 τοῦ
1827 2288 2006 2326 Δεσπότου
2034 2286 2311 2340 φιλανθρωπίας,
2344 2287 2405 2325 καὶ

1377 2357 1436 2390 τοῦ
1455 2350 1620 2390 τοσούτου
1641 2349 1831 2388 κλυδωνίου
1849 2348 2025 2401 διαφυγὼν
2040 2347 2103 2394 τὴν
2120 2355 2256 2399 πεῖραν,
2271 2348 2404 2398 ἤμελλε

1379 2412 1468 2462 μετὰ
1485 2411 1549 2458 τὴν
1573 2411 1780 2462 ἀπαλλαγὴν
1812 2413 1881 2448 τῶν
1913 2411 2046 2456 δεινῶν,
2069 2409 2129 2447 καὶ
2154 2410 2192 2447 τὸ
2221 2410 2406 2460 ἐλευθερω-

1378 2476 1478 2518 θῆναι
1493 2476 1554 2518 τῆς
1574 2474 1608 2509 ἐν
1622 2475 1663 2523 τῇ
1680 2472 1820 2524 κιῧωτῷ
1835 2472 2010 2522 διαγωγῆς
2021 2499 2030 2516 ,
2048 2469 2111 2516 τὴν
2129 2469 2256 2508 οἰκείαν
2272 2471 2403 2520 εὐγνω-

1379 2533 1531 2585 μοσύνην
1550 2533 1826 2581 ἐπιδείκνυσθαι,
1849 2532 1907 2570 καὶ
1925 2531 2109 2583 βούλεσθαι
2129 2531 2247 2574 θυσίας
2265 2531 2404 2582 ἀνενέγ-

1377 2611 1437 2633 και
1455 2594 1541 2646 ὒπὲρ
1558 2594 1783 2646 εὐχαριστίας
1802 2597 1870 2632 τῶν
1887 2591 2127 2644 γεγενημένων
2144 2592 2204 2629 καὶ
2222 2592 2405 2642 ὑπηργμέ-

1376 2672 1443 2693 νων
1477 2658 1591 2707 αὐτῷ,
1622 2656 1678 2692 ἵνα
1717 2655 1764 2706 μὴ
1796 2659 1896 2692 τοῦτο
1920 2656 2027 2691 ποιῶν
2062 2652 2309 2704 ἀκρωτηριάσῃ
2341 2651 2405 2695 τὰς

1378 2717 1558 2768 συζυγίας,
1580 2716 1636 2755 διὰ
1668 2721 1769 2755 τοῦτο
1793 2714 1962 2769 προειδὼς
1982 2716 2084 2752 αὐτοῦ
2108 2716 2170 2759 τῆς
2189 2712 2332 2763 γνώμης
2364 2713 2403 2750 τὸ

1379 2778 1581 2830 εὐχάριστον
1607 2777 1740 2815 κελεύει
1769 2776 1859 2814 ἑπτὰ
1886 2774 1976 2813 ἑπτὰ
2009 2773 2209 2825 εἰσάγεσθαι
2241 2775 2299 2825 ἀφ’
2321 2773 2402 2810 ἑκά-

1378 2854 1458 2877 στου
1479 2838 1596 2890 γένους
1615 2841 1681 2876 τῶν
1713 2838 1853 2890 ὀρνέων,
1874 2836 1931 2873 ἵνα
1961 2838 2022 2881 τῆς
2054 2833 2292 2887 πανωλεθρίας
2308 2850 2403 2872 παυ-

1378 2901 1530 2950 σαμένης
1565 2900 1625 2937 καὶ
1662 2900 1720 2937 τὸν
1749 2901 1874 2936 οἰκεῖον
1918 2897 2047 2934 σκοπὸν
2077 2895 2307 2942 ἐπιδείξηται,
2343 2896 2403 2933 καὶ

1375 2965 1418 3012 τῇ
1449 2961 1592 3011 συζυγία
1626 2963 1694 2998 τῶν
1729 2961 1894 2998 πετεινῶν
1927 2958 1985 2995 καὶ
2009 2960 2077 2995 τῶν
2108 2958 2239 2994 λοιπῶν
2277 2956 2402 3007 ὀρνέων

356 3033 495 3075 septena
515 3031 655 3074 septena
676 3021 897 3058 introducere
916 3030 1132 3072 prceeeptum
1153 3020 1232 3059 fuit.
1250 3022 1303 3059 Ne
1314 3048 1362 3072 226
1377 3021 1425 3071 μὴ
1464 3022 1682 3071 λυμήνηται·
1712 3021 1729 3059 ὃ
1758 3020 1799 3066 δὴ
1833 3019 1892 3057 καὶ
1922 3017 2108 3070 προϊούσης
2136 3020 2197 3062 τῆς
2234 3017 2401 3054 διδασκα-

357 3084 504 3135 posthac
531 3082 684 3120 toleretis
709 3095 767 3119 cos
782 3081 842 3131 qui
871 3080 1038 3130 fabulari,
1066 3080 1304 3132 adversusque
1327 3086 1349 3113 Α

356 3143 517 3183 divinam
549 3142 768 3193 Scripturam
794 3141 988 3191 insurgere,
1011 3151 1042 3179 et
1072 3155 1149 3191 quae
1167 3156 1210 3180 cx
1241 3156 1303 3181 suo

1375 3083 1451 3126 λίας
1472 3082 1688 3132 μαθήσεσθε,
1704 3080 1842 3119 ἐπειδὰν
1861 3082 1909 3123 εἰς
1931 3079 2031 3117 αὐτὸν
2048 3079 2105 3116 τὸν
2125 3077 2230 3116 τόπον
2247 3091 2400 3128 παραγε-

1376 3143 1525 3194 νώμεθα.
1562 3142 1715 3194 ”()ψεσθε
1756 3140 1822 3193 γὰρ
1865 3141 1923 3178 τὸν
1970 3139 2101 3177 δίκαιον
2139 3140 2257 3175 τοῦτον
2299 3140 2402 3175 τοῦτο

400 3281 411 3294 ’·
429 3269 530 3303 Suvil.
551 3274 716 3303 ἀπέστειλε.
737 3269 810 3299 Non
835 3267 892 3299 abs
919 3279 952 3299 re.
977 3266 1029 3300 hic
1046 3266 1304 3310 Chrysostoinus
1326 3265 1358 3296 in
1393 3263 1494 3296 niodo
1513 3265 1605 3296 l'liilo
1623 3273 1653 3296 et
1669 3265 1821 3297 Clemens
1840 3261 2089 3302 Alexandrinus,
2108 3259 2163 3292 scd
2181 3259 2280 3292 etiarn
2299 3259 2400 3290 Eusc-

355 3323 426 3355 illos
446 3321 620 3359 inu-initur,
640 3321 695 3362 qui
714 3322 743 3351 in
762 3319 955 3361 explicanda
976 3318 1086 3351 divina
1103 3321 1273 3361 Scriptura
1291 3329 1357 3349 nia-

1394 3316 1464 3349 bius
1481 3316 1606 3358 aliquot
1624 3318 1654 3347 in
1674 3316 1774 3356 locis,
1790 3317 1857 3347 imo
1874 3313 1973 3346 etalii
1994 3314 2116 3346 Patres.
2132 3313 2204 3352 Qua
2222 3311 2262 3343 dc
2278 3322 2310 3342 rc
2328 3320 2399 3341 mu·

355 3387 451 3417 gnam
468 3384 677 3407 numerorum
694 3374 852 3404 rationein
868 3370 1169 3414 liabclmiit,q¹=:=les
1182 3377 1274 3403 erant
1293 3381 1357 3402 uun
1392 3380 1492 3410 gnum
1511 3367 1629 3399 librum
1648 3367 1749 3399 edidit
1767 3368 1879 3399 Petrus
1896 3367 2034 3408 [longus.
