2433 3775
270 173 330 219 58
667 187 704 217 s.
743 187 931 217 JOANMS
967 185 1211 216 cunvsosr.

264 280 365 308 terrae
379 269 559 308 adscribas
573 283 611 307 ea
626 283 705 320 quae
725 283 770 308 ex
786 270 863 322 ipsa
876 277 1069 308 nascuntur
1080 299 1088 315 ‚
1106 282 1218 319 neque

265 330 349 368 solis
381 330 435 368 vel
455 330 548 368 lunae
581 330 842 382 cooperationi3
871 329 935 368 sed
964 330 1075 381 probe
1103 328 1218 379 cogita

265 393 382 430 Deum
407 401 487 430 ante
504 391 650 429 illorum
679 391 891 428 creationem
921 390 1056 427 dixisse
1077 389 1219 426 dumta-

264 462 327 492 xat
337 483 349 503 ,
380 454 580 491 Producat
615 461 717 489 terra
742 453 902 489 herbam
925 452 1043 501 freni,
1074 459 1108 487 et
1134 462 1221 486 mox

264 528 406 552 omnem
425 522 525 552 terrae
541 512 667 550 faeiem
685 521 844 549 ornatam
861 510 980 548 fuisse.
998 510 1035 549 Si
1055 509 1132 547 haec
1150 509 1220 546 sin-

265 575 360 626 gulis
379 574 506 612 diebus
525 572 710 610 nobiscum
728 584 928 619 versemus,
951 570 1019 622 ipsi
1040 569 1132 621 grati
1151 568 1220 606 eri·

265 650 364 684 mus,
382 643 415 672 et
431 633 588 671 Domino
602 663 611 679 ,
629 641 668 669 ut
689 631 809 682 decet,
828 631 901 669 imo
921 640 959 669 ut
977 639 1104 668 nostrae
1125 629 1221 668 vires

263 697 400 742 ferunt,
421 693 573 746 gloriam
604 692 784 731 dabimus.
816 692 981 732 Gloriam
1001 701 1121 730 autem
1151 691 1221 744 ipsi

264 756 464 793 tribuemus
475 785 485 804 ,
506 768 577 792 non
593 768 656 806 per
672 754 739 792 hoc
755 754 891 802 solum,
913 752 974 791 sed
992 762 1025 791 et
1041 767 1103 804 per
1121 753 1220 804 opti-

264 831 360 854 mam
378 816 509 865 vitam,
530 814 560 853 si
574 829 644 852 non
658 814 694 852 in
708 813 831 853 eadem
851 823 992 866 peecata
1008 813 1221 862 recidamus,

264 877 324 915 sed
339 877 487 928 longum
506 875 586 914 vale
598 875 755 914 dieentes
771 875 962 913 diabolicis
980 874 1221 923 illusionibus,

265 936 430 989 diligenti
446 937 594 989 posthae
621 936 825 982 attentione,
842 936 1027 986 multoque
1042 935 1174 983 studio,
1190 944 1223 972 et

266 999 432 1036 continua
469 998 685 1036 confessione
721 1012 912 1049 supernam
941 997 1225 1035 benevolentiam

267 1060 370 1097 nobis
390 1059 630 1097 conciliemus.
652 1058 794 1096 Sufficit
810 1058 906 1095 enim
921 1057 974 1094 illi
997 1057 1043 1094 ob
1056 1070 1224 1108 magnam

267 1136 368 1159 suam
387 1120 690 1169 misericordiam,
719 1129 758 1157 nt
783 1119 994 1157 desistamus
1012 1132 1031 1156 a
1058 1118 1222 1170 peccatis.

267 1182 306 1219 Si
326 1182 421 1219 enim
439 1181 508 1218 hoc
531 1181 776 1230 statuerimus,
795 1180 899 1217 facile
924 1189 958 1217 et
983 1178 1029 1216 ad
1047 1179 1223 1217 bonorum

268 1257 419 1295 operum
433 1242 608 1280 actionem
623 1242 861 1294 impellemur.
877 1242 930 1279 Ne
943 1240 1022 1291 quis
1032 1270 1042 1290 ,
1059 1240 1203 1278 obsecro
1214 1270 1223 1287 ‚

267 1304 418 1357 posthac
445 1304 481 1341 in
502 1303 720 1341 circensibus
739 1302 834 1340 ludis
855 1310 1045 1355 appareat,
1075 1315 1119 1339 ne
1145 1301 1225 1352 quis

269 1367 305 1404 in
327 1364 585 1403 conventiculis
600 1364 860 1416 intempestivis
883 1363 954 1401 diei
974 1372 1113 1416 partem
1131 1363 1226 1401 dila-

270 1426 391 1479 pidet3
409 1440 452 1464 ne
468 1426 548 1477 quis
563 1425 718 1463 talorum
739 1425 837 1473 ludo,
853 1434 887 1463 et
900 1424 1046 1463 clamori
1063 1425 1126 1476 qui
1144 1424 1228 1462 inde

269 1487 383 1525 oritur
401 1501 442 1525 ac
453 1487 598 1537 reliquae
618 1486 787 1538 perniciei
800 1486 949 1539 posthac
968 1500 1004 1523 se
1023 1484 1227 1524 admisceat.

272 1549 360 1595 Quae
373 1549 468 1586 enim
482 1548 618 1586 utilitas
628 1548 768 1600 jejunii,
781 1547 852 1596 dic,
867 1548 1028 1595 obsecro,
1043 1548 1073 1585 si
1084 1556 1157 1586 toto
1172 1548 1230 1586 die

271 1610 364 1648 nihil
382 1609 554 1657 comedis,
575 1609 671 1647 ludjs
690 1619 808 1647 autem
828 1610 983 1658 tesseris,
1004 1618 1036 1647 et
1055 1609 1226 1661 nugarisi,

272 1685 364 1723 saepe
381 1671 487 1709 etiam
502 1671 638 1723 pejeras
657 1680 690 1708 et
717 1670 962 1723 blasphemas,
991 1679 1024 1707 et
1040 1670 1089 1708 ita
1116 1679 1232 1708 totum

273 1733 423 1770 insumis
443 1732 570 1770 diem?
590 1733 643 1769 Ne
658 1762 669 1782 ,
693 1732 859 1781 obsecro,
887 1745 930 1769 ne
949 1731 998 1769 ita
1014 1731 1232 1782 negligentes

273 1794 386 1832 simus
411 1794 448 1831 in
482 1803 602 1831 nostra
634 1793 795 1845 ipsorum
827 1793 940 1830 salute
952 1807 962 1841 ;
999 1792 1084 1843 quin
1115 1792 1232 1843 potius

272 1868 388 1893 sermo
408 1863 525 1892 noster
544 1854 590 1891 sit
607 1853 653 1891 de
672 1853 942 1905 spiritualibus,
964 1861 998 1890 et
1026 1852 1162 1890 librum
1179 1852 1234 1890 di-

273 1916 401 1954 vinum
411 1914 561 1967 accipiat
575 1914 707 1965 aliquis
719 1914 755 1952 in
770 1914 947 1963 manibus,
962 1913 1234 1964 convocatisque

276 1976 474 2029 proximis,
497 1990 558 2028 per
577 1974 701 2014 djx-ina
729 1975 867 2026 eloquia
900 1974 992 2026 riget
1018 1983 1051 2012 et
1076 1989 1177 2012 suam
1202 1984 1236 2013 et

276 2037 506 2089 praesentium
532 2045 686 2074 mentem
709 2052 717 2072 z
740 2045 780 2073 ut
801 2036 852 2073 sic
871 2035 1067 2074 diabolicas
1088 2035 1237 2074 insidias

278 2099 434 2149 effugere
462 2097 645 2135 valeamus
660 2126 672 2143 ,
711 2110 857 2147 magnos
899 2096 1080 2147 percipere
1108 2096 1237 2148 jejunii

278 2159 438 2206 fructus,
468 2167 501 2195 et
521 2157 593 2194 frui
618 2157 836 2207 benignitate
861 2156 947 2205 Dei,
979 2157 1090 2207 gratia
1112 2165 1145 2194 et
1169 2156 1238 2193 mi-

280 2219 516 2258 serationibus
535 2218 709 2269 unigeniti
726 2218 808 2255 Filii
830 2218 929 2269 ejus,
949 2231 1029 2255 cum
1049 2231 1119 2268 quo
1140 2217 1237 2254 Patri
1260 2220 1282 2249 B

280 2290 313 2318 et
329 2279 482 2333 Spiritui
502 2289 623 2318 sancto
641 2279 686 2316 sit
705 2279 818 2331 gloria
834 2309 845 2329 ,
866 2278 1059 2330 imperium
1070 2308 1081 2327 ,
1105 2278 1233 2328 honor,

283 2356 377 2380 nunc
391 2351 424 2379 et
440 2356 578 2394 semper
590 2371 601 2391 ,
620 2349 653 2379 ct
669 2343 706 2378 in
723 2340 850 2378 §secula
865 2339 1088 2378 saeculorum.
1110 2341 1234 2377 Amen.

333 2901 348 2923 ¹·
365 2900 487 2931 Omnes
511 2909 592 2939 pene
621 2898 696 2930 Mss.
731 2905 763 2930 et
788 2896 892 2930 Savil.
922 2902 982 2940 πρὸ
1006 2903 1058 2933 τῆς
1085 2896 1195 2929 τούτων
1221 2897 1292 2936 δημ-

289 2950 401 2984 Morel.
419 2957 476 2995 πρὸ
493 2960 544 2989 τῆς
561 2954 676 2985 τοὺτῳ-

334 3014 345 3026 ¹=
364 3003 418 3035 Sic
439 3001 538 3034 smil.
563 3011 595 3034 et
611 3003 685 3033 Mss.
704 3015 711 3043 3
738 3000 853 3034 Morel.
874 3011 951 3033 xero
978 3003 1101 3037 εὐκόλως
1119 3004 1155 3036 εἰς
1172 3004 1224 3036 τὴν
1240 3007 1297 3031 τῶν

1253 184 1306 214 AB
1314 183 1458 214 CHIEP.
1498 182 1859 214 CONSTANTINOP-

1293 264 1433 304 ἐπειδὰν
1451 264 1528 315 ἴδῃς
1552 265 1660 312 αὐτὴν
1684 272 1755 310 τοῖς
1775 267 1890 306 ἄνθεσι
1910 269 2233 320 καλλωπιζομένην,
2248 286 2315 308 κα-

1294 326 1405 377 θάπερ
1429 324 1568 375 ἱμάτιον
1595 326 1766 374 ποικίλον,
1786 327 2044 380 ἐφηπλωμένην
2076 331 2162 381 αὐτῇ
2183 346 2316 369 παντα-

1293 385 1392 437 χόθεν
1431 384 1682 436 τὴν·βλάστην
1709 389 1772 434 τὴν
1805 389 1875 427 ἀπὸ
1907 392 1974 427 τῶν
2006 391 2173 440 βοτανῶν,
2197 390 2245 441 μὴ
2273 394 2315 442 τῇ

1293 445 1439 496 δυνάμει
1457 448 1521 491 τῆς
1538 448 1602 496 γῇς
1619 446 1743 500 λογίσῃ
1765 448 1810 486 τὰ
1831 449 1865 494 ἐξ
1882 450 1987 496 αὐτῇς
2002 449 2208 500 τικτόμενα,
2229 450 2317 501 μηδὲ

1293 510 1336 558 τῇ
1355 510 1415 544 τοῦ
1435 506 1535 553 ἡλίου
1551 507 1732 561 συνεργεία
1744 538 1754 556 ,
1773 507 1796 554 ἢ
1820 512 1884 556 τῇς
1915 510 2063 557 σελήνης
2075 527 2082 534 ·
2106 512 2183 548 ἀλλ’
2205 510 2319 556 ἐννόη-

1296 584 1354 606 σον
1383 567 1632 619 εὐγνωμόνως,
1647 568 1699 606 ὅτι
1719 569 1778 607 καὶ
1794 569 1890 622 ι’πρὸ
1920 574 1982 618 τῇς
2003 571 2132 610 τούτων
2153 573 2320 624 δημιουρ-

1293 628 1370 680 γίας
1389 623 1467 666 εἷπε
1486 628 1601 679 μόνον,
1620 628 1845 681 Ἔξαγαγέτω
1872 633 1894 676 ἡ
1912 634 1958 681 γῇ
1992 632 2140 682 βοτάνην
2169 632 2297 684 χόρτου
2310 660 2319 677 ,

1293 690 1354 728 καὶ
1371 692 1593 743 παραχρῆμα
1615 690 1707 728 ἅπαν
1728 694 1790 738 τῇς
1807 694 1872 742 γῇς
1887 692 1926 730 τὸ
1946 691 2132 743 πρόσωπον
2156 693 2320 746 ἐφαιδρύ-

1294 767 1382 789 νετο.
1403 751 1489 790 Ἐὰν
1517 755 1628 790 ταῦτα
1645 754 1722 790 καθ’
1742 752 1893 799 ἑκάστην
1913 753 2047 806 ἡμέραν
2065 754 2267 807 στρέφωμεν
2287 756 2322 793 ἐν

1295 818 1366 856 τοῖς
1385 811 1568 864 ἡμετέροις
1593 814 1792 863 λογισμοῖς,
1815 813 1912 852 αὐτοί
1939 830 1976 852 τε
2008 814 2223 867 εὐγνώμονες
2247 814 2321 854 ἐσό-

1299 876 1386 924 μεθα
1400 902 1409 919 ,
1429 872 1488 910 καὶ
1517 875 1566 925 τῷ
1585 873 1746 924 Δεσπότῃ
1770 873 1833 920 τὴν
1854 874 2113 925 προσήκουσαν,
2132 877 2265 926 μᾶλλον
2287 875 2322 912 >s

1297 933 1359 981 τὴν
1375 933 1467 971 κατὰ
1494 932 1638 983 δύναμιν
1658 933 1721 979 τὴν
1739 934 1916 987 ἡμετέραν
1944 935 2139 987 δοξολογίαν
2167 936 2325 986 ἀναπέμ-

1296 996 1420 1046 ψομεν.
1448 992 1649 1044 Δοξάσομεν
1666 995 1701 1033 δε
1722 996 1824 1034 αὐτὸν
1840 998 1878 1034 οὗ
1904 996 1961 1034 διὰ
1986 1001 2086 1035 τοῦτο
2105 996 2220 1047 μόνον,
2235 995 2325 1035 ἀλλὰ

1297 1055 1357 1092 καὶ
1377 1053 1433 1092 διὰ
1462 1057 1525 1100 τῇς
1555 1055 1701 1107 ἀρίστης
1723 1056 1919 1105 πολιτείας,
1945 1056 2005 1094 ἐὰν
2036 1056 2085 1108 μὴ
2117 1057 2222 1095 πάλιν
2255 1063 2325 1101 τοῖς

1298 1117 1415 1159 αὐτοῖς
1429 1114 1692 1165 περιπέσωμεν,
1713 1116 1804 1153 ἀλλὰ
1830 1117 1890 1155 ἐὰν
1911 1118 2026 1156 πολλὰ
2044 1118 2180 1171 χαίρειν
2211 1119 2325 1157 εἶπόν·

1297 1191 1354 1219 τες
1368 1181 1444 1218 ταῖς
1466 1175 1682 1218 ὃιαὸολικαῖς
1703 1176 1872 1225 ἀπάταις,
1897 1180 1940 1229 τῇ
1974 1179 2062 1228 μετὰ
2085 1183 2196 1217 ταῦτα
2217 1195 2325 1230 προσ·

1298 1239 1364 1288 οχῇ
1394 1235 1454 1274 καὶ
1483 1239 1525 1287 τῇ
1558 1237 1670 1288 πολλῇ
1693 1237 1846 1288 σπουδῇ,
1874 1238 1933 1275 καὶ
1965 1241 2008 1289 τῇ
2036 1237 2185 1290 συντόνῳ
2207 1238 2325 1289 ἐξομο-

1299 1296 1440 1348 λογήσει
1466 1297 1528 1344 τὴν
1555 1297 1685 1335 ἄνωθεν
1716 1296 1849 1336 εὔνοιαν
1887 1298 2178 1349 ἐπισπασώμεθα.
2213 1299 2328 1351 Ἀρκεῖ

1299 1357 1366 1410 γὰρ
1392 1360 1484 1411 αὐτῷ
1513 1357 1571 1397 διὰ
1600 1357 1662 1405 τὴν
1692 1358 1826 1406 πολλὴν
1857 1361 1959 1398 αὐτοῦ
1995 1359 2256 1411 φιλανθρωπίαν
2288 1360 2327 1398 τὸ

1304 1422 1501 1466 ἀποστῆναι
1523 1419 1625 1470 μόνον
1659 1423 1754 1470 ἡμᾶς
1785 1423 1849 1466 τῇς
1870 1420 2007 1464 κακίας.
2037 1420 2096 1459 Ἂν
2127 1420 2194 1472 γὰρ
2227 1424 2329 1459 τοῦτο

1304 1477 1483 1528 ἑλώμεθα,
1501 1482 1516 1498 ²¹
1531 1477 1679 1521 εὐκόλως
1700 1477 1759 1516 καὶ
1778 1478 1864 1530 πρὸς
1881 1478 1945 1524 τὴν
1965 1482 2033 1516 τῶν
2063 1480 2201 1529 ἀγαθῶν
2218 1478 2327 1530 ἔργων

1303 1539 1427 1591 πρᾶξιν
1460 1539 1672 1592 ὃρμήσομεν.
1687 1539 1749 1586 Μή
1779 1556 1839 1590 μοι
1865 1541 1985 1579 λοιπὸν
2017 1543 2051 1579 ἐν
2081 1539 2331 1593 ἱπποδρομίαις

1305 1617 1356 1645 τις
1376 1601 1570 1653 φαινέσθω,
1587 1603 1804 1653 παρακαλῶ,
1821 1602 1911 1640 ἀλλὰ
1943 1600 2032 1652 μηδὲ
2063 1603 2097 1639 ἐν
2117 1607 2189 1644 τοῖς
2207 1601 2330 1639 συλλό-

1304 1678 1378 1714 γοις
1397 1668 1468 1705 τοῖς
1485 1660 1642 1713 ἀκαίροις
1655 1662 1938 1700 καταδαπανάτω
1955 1662 2012 1700 τὸν
2035 1663 2155 1715 καιρὸν
2169 1664 2231 1707 τῇς
2245 1661 2331 1712 ἡμέ-

1307 1740 1387 1777 ρας·
1429 1723 1479 1774 μή
1521 1739 1580 1774 μοι
1616 1723 1754 1772 κύὸοις,
1795 1723 1854 1762 καὶ
1885 1727 1928 1774 τῇ
1957 1725 2109 1762 ἐντεῦθεν
2142 1723 2330 1774 τικτομένῃ

1305 1788 1462 1838 κραυγῇ)
1483 1785 1543 1822 καὶ
1562 1787 1605 1836 τῇ
1625 1786 1732 1836 λοιπῇ
1756 1785 1850 1837 λύμῃ
1873 1785 1996 1824 ἑαυτόν
2013 1801 2064 1828 τις
2088 1785 2264 1823 ἐκδιδότω.
2285 1784 2333 1822 Τί

1306 1846 1373 1899 γὰρ
1395 1847 1532 1899 ὄφελος,
1552 1845 1630 1884 εἶπέ
1650 1861 1727 1896 μοι,
1748 1849 1810 1892 τῇς
1826 1846 2007 1894 νηστείας,
2026 1846 2108 1886 ὅταν
2129 1847 2245 1890 ἄσιτος
2266 1845 2329 1897 μὲν

1309 1907 1534 1959 διημερεύῃς,
1557 1906 1674 1950 κύέοις
1693 1906 1728 1945 δὲ
1751 1907 1872 1945 ἑαυτὸν
1889 1909 2031 1960 ἐκδιδῷς
2043 1936 2053 1953 ,
2068 1907 2129 1945 καὶ
2149 1907 2333 1959 φλυαρίαις

1309 1966 1689 2015 ἀνονήτοις,πολλοίκις
1710 1966 1745 2006 δὲ
1779 1968 1838 2005 καὶ
1869 1967 2061 2019 ἐπιορκίαις
2089 1966 2148 2004 καὶ
2178 1969 2334 2019 βλασφη-

1309 2029 1404 2079 μίαις
1419 2035 1534 2067 πᾶσαν
1555 2027 1739 2079 ἀναλώσῃς
1758 2027 1821 2075 τὴν
1843 2028 2001 2081 ἡμέραν;
2019 2027 2102 2076 Μὴ,
2119 2029 2334 2080 παρακαλῶ,

1311 2089 1359 2140 μὴ
1383 2089 1473 2128 οὕτω
1496 2088 1657 2141 ῥᾳθύμως
1683 2089 1764 2140 περὶ
1792 2088 1856 2134 τὴν
1892 2091 2024 2126 ἑαυτῶν
2053 2090 2227 2139 σωτηρίαν
2261 2089 2335 2126 δια-

1308 2153 1478 2200 τεθῶμεν,
1499 2148 1589 2187 ἀλλὰ
1616 2151 1748 2200 μᾶλλον
1768 2149 1847 2200 περὶ
1876 2152 1944 2187 τῶν
1973 2152 2220 2199 πνευματικῶν
2249 2153 2336 2201 ἡμῖν

1310 2210 1399 2248 ἔστω
1426 2212 1590 2256 διηνεκῶς
1617 2212 1638 2255 ἡ
1659 2209 1826 2257 διάλεξις,
1848 2210 1907 2247 καὶ
1930 2210 2062 2261 βιὸλίον
2083 2226 2134 2253 τις
2159 2214 2246 2249 θεῖον
2269 2213 2337 2249 λα-

1311 2271 1381 2310 Εὼν
1412 2271 1500 2322 μετὰ
1525 2277 1663 2323 χεῖρας,
1680 2271 1740 2308 καὶ
1761 2271 1979 2322 συγκαλέσας
1997 2271 2076 2316 τοὺς
2095 2271 2256 2320 πλησίον,
2280 2271 2337 2311 διὰ

1312 2331 1404 2371 ι’τῶν
1433 2333 1532 2371 θείων
1561 2332 1672 2382 λόγων
1705 2332 1840 2384 ἀρ’δέτω
1862 2333 1922 2371 καὶ
1941 2332 2004 2380 τὴν
2033 2335 2154 2371 ἑαυτοῦ
2184 2332 2336 2371 διάνοιαν

1311 2394 1369 2432 καὶ
1406 2397 1474 2432 τῶν
1505 2393 1760 2445 συγγινομένων
1773 2422 1783 2441 ,
1822 2394 1865 2431 ἵν’
1902 2393 1992 2432 οὕτω
2026 2394 2086 2432 καὶ
2120 2393 2182 2438 τὰς
2215 2410 2335 2446 μηχα-

1312 2455 1371 2498 νὰς
1403 2459 1462 2494 τοῦ
1487 2459 1638 2507 πονηροῦ
1673 2456 1851 2507 διαφυγεῖν
1885 2456 2099 2506 δυνηθῶμεν,
2118 2456 2179 2493 καὶ
2201 2455 2337 2506 μεγάλα

1314 2515 1464 2563 ἀπὸ’τ·’7·,ς
1480 2515 1638 2563 νηστείας
1655 2516 1911 2569 καρπώσασθαι
1928 2516 2042 2568 ἀγαθὰ
2055 2547 2064 2563 ,
2084 2516 2145 2555 καὶ
2156 2519 2219 2563 τῇς
2239 2516 2337 2568 παρὰ

1312 2582 1371 2616 τοῦ
1399 2580 1491 2617 Θεοῦ
1524 2577 1786 2631 φιλανθρωπίας
1822 2577 2089 2629 ἀπολαύσωμεν,
2125 2577 2246 2629 χάριτι
2276 2577 2337 2616 καὶ

1313 2641 1506 2691 οἷκτιρμοῖς
1531 2642 1590 2676 τοῦ
1626 2643 1826 2690 μονογενοῦς
1846 2639 1932 2677 Υἱοῧ
1961 2641 2087 2685 αὐτοῦ,
2110 2641 2184 2689 μεθ’
2215 2632 2254 2677 οῧ
2286 2641 2336 2690 τῶ

1314 2699 1447 2751 Πατρὶ,
1463 2699 1537 2750 ἅμα
1552 2703 1602 2752 τῷ
1618 2700 1707 2752 ἁγίῳ
1726 2699 1912 2750 Πνεύματι
1923 2729 1932 2746 ,
1953 2699 2034 2744 δόξα
2045 2729 2054 2746 ,
2069 2698 2194 2752 κράτος
2205 2728 2215 2746 ,
2230 2698 2336 2750 τιμὴ,

1314 2763 1371 2798 νῦν
1389 2761 1448 2800 καὶ
1471 2761 1523 2800 ἀεὶ
1536 2791 1546 2810 ,
1566 2761 1627 2799 καὶ
1647 2763 1694 2805 εἷς
1711 2760 1789 2804 τοὺς
1810 2763 1937 2804 αἰῶνας
1961 2764 2029 2799 τῶν
2051 2760 2196 2800 αἰώνων.
2214 2760 2334 2811 Ἀμήν.

1331 2899 1424 2938 ἔργων
1439 2899 1556 2939 πρᾶξιν.
1573 2892 1680 2936 Aliqui
1698 2899 1746 2927 καὶ
1762 2897 1833 2938 περὶ
1847 2899 1900 2931 τὴν
1916 2902 1984 2927 τῶν,

1376 2947 1391 2971 b
1409 2945 1470 2978 Alli
1488 2952 1570 2981 θείων
1586 2949 1700 2988 λογίων.
