2516 3791
893 234 952 264 DF.
989 233 1111 264 ANNA
1148 231 1296 263 SERMO
1335 234 1362 262 t.

106 325 281 374 ἐποίησας.
309 324 363 364 Οὗ
392 322 448 362 διὰ
480 322 520 360 τὸ
539 323 670 368 πλῆθος
703 321 738 361 δὲ
767 319 870 372 μόνον
891 320 1129 371 ἐθαυμάζομεν

106 391 165 426 τοῦ
182 389 274 425 Θεοῦ
293 384 358 432 τὴν
377 383 513 437 σοφίαν,
534 384 624 421 ἀλλὰ
649 382 708 422 καὶ
728 383 771 421 δι’
796 381 978 436 ἀμφότερα
996 385 1105 419 ταῦτα
1120 407 1130 425 ,

104 449 157 486 ὅτι
177 446 236 485 καὶ
252 445 363 492 καλὴν
383 444 442 484 καὶ
462 444 618 498 μεγάλην
637 443 696 482 καὶ
711 443 915 494 θαυμαστὴν
931 442 995 489 τὴν
1016 440 1128 480 κτίσιν

104 508 269 556 ἐποίησε,
298 506 358 545 καὶ
384 507 437 546 ὅτι
458 505 572 545 πολλὰ
591 505 697 544 πάλιν
725 508 788 552 τῆς
816 503 994 547 ἀσθενείας
1025 504 1130 547 αὐτῆς

105 570 276 622 δείγματα
296 568 481 607 ἐναπέθετο
496 572 567 611 τοῖς
594 566 801 620 ὁρωμένοις·
821 565 862 604 τὸ
882 564 958 617 μὲν,
973 564 1029 602 ει’να
1045 566 1129 601 θαυ-

107 632 261 682 μάζηται
289 630 346 670 ἐπὶ
376 629 502 683 σοφίᾳ,
532 628 592 667 καὶ
611 629 697 680 πρὸς
722 627 786 676 τὴν
818 631 940 667 ἑαυτοῦ
966 624 1131 678 λατρείαν

106 694 184 738 τοὺς
205 696 357 746 δρῶντας
375 691 586 745 ἐφέλκηται·
617 691 657 729 τὸ
681 689 736 739 δὲ,
769 689 825 728 ἵνα
858 687 908 740 μὴ
940 686 1000 726 τὸν
1029 686 1131 732 ποιή-

107 772 218 795 σαντα
236 755 376 808 ἀφέντες
395 757 426 794 οἱ
445 757 650 807 θεωροῦντες
671 752 784 791 αὐτῶν
805 751 845 790 τὸ
862 748 988 794 κάλλος
1010 749 1070 787 καὶ
1092 749 1132 786 τὸ

109 816 272 868 μέγεθος,
305 817 378 854 ἀντ’
408 815 539 853 ἐκείνου
580 812 849 866 προσκυνήσωσι
880 810 924 849 τὰ
951 809 1131 863 ὁρώμενα,

2063 222 2152 267 8ιῖ

1202 327 1290 356 sunt
1313 332 1428 371 opera
1451 327 1532 367 tua,
1554 321 1745 359 Domine!
1760 323 1894 359 omnia
1911 324 1953 359 in
1967 325 2157 374 sapientia

1190 382 1342 433 fecisti.
1367 383 1489 433 Neque
1509 396 1594 421 vero
1621 391 1766 436 propter
1792 382 2059 421 multitudinem
2084 393 2158 421 tau-

1202 450 1279 480 tum
1301 442 1365 481 Dei
1384 443 1595 496 sapientiam
1626 444 1860 494 mirabamur,
1879 444 1941 482 sed
1961 454 1995 483 et
2013 454 2158 498 propter

1203 511 1354 554 utraque
1370 503 1446 542 haec
1465 504 1552 555 duo,
1573 504 1671 556 quod
1685 514 1717 544 ct
1734 505 1923 559 pulchram
1939 515 1971 544 ct
1992 520 2157 558 magnam

1202 572 1235 601 et
1260 564 1512 604 admirabilem
1537 566 1739 605 condiderit
1767 575 1979 614 creaturam,
2002 577 2034 605 et
2063 568 2161 619 quod

1203 624 1315 663 multa
1336 625 1594 665 imbecillitatis
1612 628 1689 681 ejus
1710 627 1844 667 indicia
1865 628 1971 667 rebus
1991 643 2070 680 quae
2087 643 2161 667 cer-

1203 693 1336 723 nuntur
1350 685 1532 735 indiderit,
1546 696 1623 726 tum
1637 697 1677 726 ut
1691 688 1738 727 ob
1752 689 1964 742 sapientiam
1981 689 2161 739 laudetur,

1202 755 1307 798 atque
1329 746 1375 785 ad
1396 749 1533 787 cultum
1552 764 1657 788 suum
1678 764 1737 789 eos
1755 750 1817 802 qui
1837 760 1985 789 cernunt
2006 751 2160 801 alliciat;

1204 816 1282 846 tum
1301 822 1345 846 ne
1364 809 1530 848 Creatore
1546 809 1710 862 dimisso,
1721 812 1782 863 qui
1797 811 2103 865 pulchritudinem
2123 828 2164 851 ac

107 881 168 924 τῆς
186 879 220 916 ἐν
237 879 350 921 αὐτοῖς
371 875 546 920 ἀσθενείας
565 873 757 925 δυναμένης
775 874 840 922 τὴν
854 873 1019 920 τοιαύτην
1038 874 1133 924 διορ-
1145 905 1192 930 7⁰²
1207 870 1491 922 magnitudinem
1528 872 1672 911 illarum
1706 872 1901 922 intuentur,
1928 889 1993 928 pro
2018 875 2081 914 illo
2111 890 2164 913 rcs

107 942 215 978 θῶσαι
235 938 382 986 πλάνην.
400 937 471 976 Καὶ
485 940 559 980 πῶς
577 935 714 990 φθαρτὴ
731 935 830 975 πᾶσά
847 938 940 975 ἐστιν
958 938 981 982 ἡ
998 935 1109 978 κτίσις
1125 965 1133 981 ,
1158 943 1183 972 Λ
1206 932 1320 971 oculis
1353 933 1529 986 subjectas
1558 933 1719 983 adorent,
1741 949 1822 974 cum
1852 950 1891 974 ea
1922 950 2000 989 qua}
2028 936 2063 974 in
2094 936 2166 975 illis

107 999 166 1039 καὶ
183 1000 268 1053 πρὸς
285 999 325 1038 τὸ
347 998 480 1051 βέλτιον
500 997 757 1050 μεταστήσεται
777 999 923 1049 σχῆμα,
944 996 1005 1035 καὶ
1019 997 1135 1035 πλείο-

107 1077 161 1104 νος
188 1060 425 1099 ἀπολαύσεται
444 1058 564 1107 δόξης,
596 1058 655 1097 καὶ
684 1058 793 1107 πότε,
826 1058 886 1097 καὶ
906 1057 963 1097 διὰ
989 1057 1042 1106 τί,
1075 1058 1135 1097 καὶ

108 1122 198 1166 τίνος
212 1124 327 1161 ἕνεκεν
345 1120 482 1175 φθαρτλ
500 1121 639 1173 γέγονε,
667 1120 727 1159 καὶ
745 1123 857 1158 ταῦτα
885 1119 1025 1158 ἅπαντα
1051 1120 1136 1173 πρὸς

109 1187 198 1236 ὑμᾶς
216 1185 486 1236 ἐφιλοσοφοῦμεν
505 1182 583 1222 τότε
600 1212 610 1230 ,
639 1182 698 1220 καὶ
716 1184 777 1220 τοῦ
799 1182 892 1220 Θεοῦ
910 1180 973 1229 τὴν
990 1181 1135 1233 δύναμιν

111 1248 293 1284 κάντεῦθεν
312 1245 524 1296 ἐδείκνυμεν,
547 1244 600 1282 ὅτι
620 1244 655 1281 ἐν
672 1246 835 1296 φθαρτοῖς
853 1241 996 1294 σώμασι
1010 1247 1136 1282 τοσοῦ-

111 1323 168 1346 τον
189 1306 373 1361 εἰργάσατο
387 1307 531 1354 κάλλος,
546 1305 633 1358 ὅπερ
649 1305 708 1343 καὶ
728 1305 762 1351 ἐξ
780 1308 892 1358 ἀρχῆς
917 1307 1033 1349 αὐτοῖς
1051 1322 1136 1345 συν-

113 1368 310 1421 εκλήρωσεν
325 1371 343 1406 ὃ
364 1368 471 1415 Θεὸς,
490 1366 529 1405 τὸ
551 1368 620 1405 τῶν
653 1366 806 1418 ἄστρων,
827 1367 867 1405 τὸ
889 1371 949 1406 τοῦ
968 1369 1114 1421 οὐρανοῦ
1127 1398 1136 1415 ,

113 1430 153 1468 τὸ
185 1434 244 1468 τοῦ
278 1428 391 1475 ἡλίου.
424 1429 493 1468 Καὶ
521 1428 589 1482 γὰρ
617 1428 724 1472 ὄντως
750 1428 824 1467 ἐστὶ
845 1429 1046 1479 θαυμάσαι,
1065 1432 1140 1473 πῶς

115 1493 200 1530 ἐτῶν
226 1489 467 1542 παρελθόντων
490 1489 676 1539 τοσούτων,
705 1489 802 1529 οὐδὲν
833 1489 973 1540 ἔπαθον,
1001 1484 1071 1529 οἷον
1095 1489 1140 1529 τὰ

114 1552 269 1604 ἡμέτερα
283 1551 449 1603 σώματα,
464 1551 542 1591 οὐδὲ
557 1554 607 1605 τῷ
625 1552 717 1605 γήρᾳ
736 1552 967 1605 ἀσθενέστερα
985 1552 1139 1605 γέγονεν,

116 1614 192 1653 οὐδὲ
209 1614 300 1666 νόσῳ
319 1614 379 1652 καὶ
398 1614 576 1668 ἀρρωστία
593 1617 607 1633 ⁸
623 1614 690 1652 τινὶ
707 1613 996 1665 κατεμαλακίσθη
1013 1644 1023 1662 ,
1052 1612 1142 1652 ἀλλὰ

116 1675 180 1722 τὴν
208 1675 338 1714 οἰκείαν
369 1674 486 1726 ἀκμὴν
516 1674 633 1713 καὶτὸ
652 1675 798 1724 κάλλος,
823 1674 929 1728 ὅπερ,
957 1676 1005 1720 ὡς
1035 1674 1142 1727 ἔφθην

119 1734 239 1783 εἰπὼν,
259 1735 292 1780 ἐξ
317 1737 428 1788 ἀρχῆς
453 1737 569 1780 αὐτοῖς
594 1736 854 1790 συνεκλήρωσεν
873 1740 892 1776 ὃ
910 1736 1023 1784 Θεὸς,
1049 1737 1143 1787 μένει

120 1797 350 1848 διατηροῦντα
365 1824 374 1842 ,
406 1796 465 1835 καὶ
497 1796 576 1836 οὔτε
611 1797 650 1836 τὸ
680 1797 826 1844 ἡλιακὸν
858 1797 1015 1850 ἐξετρίὸη
1048 1800 1120 1850 φῶς
1133 1828 1142 1846 ,

121 1857 200 1896 οὔτε
225 1857 264 1895 τὸ
282 1860 350 1896 τῶν
377 1858 513 1910 ἄστρων
535 1858 634 1902 ἄνθος
655 1858 892 1912 ἀμαυρότερον
912 1859 1062 1911 γέγονεν,
1081 1861 1147 1911 οὐχ

122 1922 144 1965 ἡ
164 1922 224 1956 τοῦ
239 1920 384 1971 οὐρανοῦ
401 1919 587 1971 φαιδρότης
614 1919 774 1972 ἐξερρύη,
791 1923 858 1973 οὐχ
875 1924 907 1960 οἱ
926 1925 989 1969 τῆς
1015 1920 1143 1959 θαλάτ-

123 1995 185 2027 της
205 1979 411 2028 ἐκινήθησαν
426 1980 522 2033 ὅροι,
543 1981 609 2034 οὐχ
622 1984 644 2029 ἡ
659 1984 722 2028 τῆς
742 1984 806 2034 γῆς
832 1982 982 2029 ἐσὲέσθη
1002 1981 1147 2034 δύναμις

123 2046 145 2089 ἢ
164 2043 245 2094 περὶ
258 2041 337 2086 τοὺς
353 2042 473 2086 τόκους
487 2046 556 2082 τῶν
578 2043 724 2091 ἐτησίων
744 2047 901 2097 καρπῶν.
925 2045 994 2083 Καὶ
1016 2046 1070 2084 ὅτι
1086 2044 1147 2095 μὲν

124 2104 260 2157 φθαρτὰ
275 2104 387 2143 ταῦτά
407 2107 480 2144 ἐστι
496 2135 506 2153 ,
529 2105 589 2144 καὶ
618 2105 688 2144 ἀπὸ
706 2107 899 2158 λογισμῶν,
920 2106 979 2144 καὶ
998 2107 1067 2146 ἀπὸ
1080 2110 1148 2145 τῶν

125 2166 226 2205 θείων
244 2168 390 2218 Γραφῶν
411 2166 658 2218 ἀπεδείξαμεν·
679 2167 732 2206 ὅτι
745 2167 781 2206 δὲ
798 2168 889 2207 καλὰ
902 2199 912 2218 ,
927 2170 987 2208 καὶ
1004 2169 1148 2223 φαιδρὰ,

125 2227 185 2265 καὶ
204 2227 244 2265 τὸ
260 2227 360 2271 ἄνθος
379 2227 533 2278 ἀκμάζον
554 2228 770 2282 διετήρησεν,
789 2232 811 2276 ἡ
827 2230 1045 2283 καθημερινὴ
1063 2246 1151 2283 μαρ-

124 2294 219 2342 τυρεῖ
235 2291 304 2327 τῶν
331 2288 491 2341 ὁρώντων
511 2289 589 2342 ὄψις
602 2320 611 2338 ,
632 2290 650 2329 ὃ
672 2291 713 2338 δὴ
737 2291 892 2341 μάλιστά
913 2295 988 2330 ἐστι
1008 2293 1149 2345 θαυμά-

127 2365 186 2388 σαι
215 2353 276 2389 τοῦ
310 2350 519 2397 ποιήσαντος
555 2350 664 2396 οὕτως
696 2352 786 2391 αὐτὰ
826 2352 861 2398 ἐξ
892 2356 1004 2406 ἀρχῆς
1040 2356 1148 2394 Θεοῦ.

128 2410 274 2460 Ἐπειδὴ
295 2411 331 2451 δὲ
350 2415 461 2450 ταῦτα
482 2413 652 2465 λεγόντων
670 2415 771 2466 ἡμῶν
792 2414 870 2454 τότε
887 2414 978 2459 τινὲς
996 2414 1147 2454 ἀντέτει-

127 2486 197 2519 νον,
216 2471 393 2523 λέγοντες·
419 2474 537 2512 οὐκοῦν
563 2473 702 2513 πάντων
726 2477 795 2514 τῶν
819 2475 1004 2529 ὁρωμένων
1024 2476 1151 2528 ἀτιμό-

128 2545 228 2582 τερον
245 2534 263 2570 ὁ
279 2531 479 2584 ἄνθρωπος,
498 2531 568 2585 εἴγε
587 2534 730 2586 οὐρανοῦ
751 2534 815 2586 μὲν
834 2538 960 2586 σῶμα,
982 2534 1042 2573 καὶ
1060 2538 1148 2587 γῆς,

129 2591 188 2629 καὶ
206 2591 316 2639 ἡλίου,
333 2592 392 2630 καὶ
410 2592 450 2630 τὸ
464 2596 533 2631 τῶν
554 2594 692 2647 ἄστρων
711 2595 876 2635 ἁπάντων
891 2597 977 2651 πρὸς
991 2602 1150 2637 τοσοῦτον

128 2651 291 2705 διήρκεσε
305 2653 441 2706 χρόνον,
460 2648 558 2699 οὗτος
576 2654 611 2695 δὲ
632 2655 722 2708 μετὰ
743 2657 984 2709 ἑὸδομήκοντα
997 2658 1057 2706 ἔτη
1078 2659 1152 2698 δια-

127 2714 270 2761 λύεται,
287 2716 347 2753 καὶ
365 2714 583 2756 ἀπόλλυται·
603 2719 742 2770 πριῗντον
763 2719 826 2771 μὲν
854 2722 964 2759 ἐκεῖνο
982 2720 1023 2758 ἂν
1043 2720 1152 2760 εἴποι-

132 2791 206 2826 μεν,
235 2777 289 2814 8τι
318 2779 382 2830 οὔχ
400 2778 591 2832 ὁλόκληρον
612 2780 792 2820 διαλύεται
811 2781 852 2820 τὸ
878 2784 978 2833 ζῶον,
1003 2783 1095 2822 ἀλλὰ
1114 2782 1156 2820 τὸ

131 2837 338 2890 κυριώτερον
365 2839 470 2878 αὐτοῦ
493 2841 553 2879 καὶ
575 2842 896 2896 ἀναγκαιότερον,ἡ
916 2843 1013 2898 ψυχὴ
1027 2876 1037 2894 ,
1058 2845 1154 2896 με’νει

132 2899 298 2945 διηνεκῶς
319 2899 509 2949 ἀθάνατος,
539 2902 652 2941 οὐδενὶ
676 2904 809 2944 τούτων
838 2905 980 2945 εἴκουσα
997 2910 1065 2946 τῶν
1087 2923 1154 2946 πα-

132 2963 213 3008 θῶν,
234 2960 294 2998 καὶ
320 2963 342 3007 ἡ
367 2960 477 3015 φθορὰ
495 2962 575 3015 περὶ
601 2964 641 3002 τὸ
657 2964 801 3005 ἔλαττον
816 2967 967 3019 γίνεται·
996 2968 1154 3022 δεύτερον

131 3021 184 3060 ὅτι
211 3022 270 3060 καὶ
290 3021 404 3074 τούτῳ
424 3025 518 3077 αὐτῷ
541 3024 727 3076 τιμώμεθα
758 3029 932 3078 μειζόνως,
962 3031 1056 3070 Οὐδὲ
1087 3031 1154 3083 γὰρ

132 3083 273 3130 ἅπλῶς,
305 3084 382 3122 οὐδὲ
409 3084 489 3124 ἄνευ
516 3085 629 3130 αἰτίας
651 3088 742 3132 τινὸς
756 3119 766 3137 ,
791 3090 881 3129 ἀλλὰ
909 3092 969 3131 καὶ
989 3094 1155 3142 δικαίως,

131 3146 192 3183 καὶ
210 3146 268 3183 ἐπὶ
286 3146 473 3201 χρησίμῳ,
492 3148 552 3186 καὶ
570 3152 679 3202 γῆρας
698 3151 758 3189 καὶ
779 3152 898 3198 νόσους
916 3155 1134 3208 ὑπομένομεν
1148 3173 1156 3179 ·

135 3206 277 3250 δικαίως
297 3207 373 3258 μὲν,
397 3207 450 3247 ὅτι
478 3209 564 3262 πρὸς
583 3211 757 3264 ἁμαρτίαν
782 3214 1020 3268 κατεπέσομεν
1035 3233 1043 3241 ·
1065 3233 1157 3270 γρη-

136 3266 246 3315 σίμως
265 3267 319 3316 δὲ,
340 3267 397 3307 ἵνα
414 3269 477 3317 τὴν
497 3273 536 3309 ἐκ
558 3275 619 3319 τῆς
645 3273 816 3324 ῥᾳθυμίας
833 3275 1058 3328 ἐγγινομένην
1073 3264 1158 3329 ημῖν

137 3327 298 3366 ἀπόνοιαν
319 3330 377 3368 διὰ
391 3333 453 3377 τῆς
474 3332 603 3378 ἐνδείας
622 3334 752 3382 ταύτης
770 3335 830 3374 καὶ
848 3339 917 3375 τῶν
933 3342 1053 3378 παθῶν
1070 3341 1159 3391 διορ-

185 3456 194 3469 ‘
213 3446 306 3480 Cnll).
325 3461 406 3483 unus
423 3460 454 3484 et
472 3453 549 3496 Rvg.
568 3460 620 3488 τινὶ
638 3459 867 3499 ιατεμαὶάχθη.

1207 1003 1353 1047 apparet
1383 994 1626 1044 imbecillitas,
1651 996 1826 1049 ejusmodi
1853 997 2030 1050 corrigere
2056 998 2167 1051 possit

1207 1070 1374 1094 errorem.
1389 1057 1481 1095 Item
1501 1071 1570 1109 quo
1594 1067 1698 1111 pacto
1727 1067 1888 1098 creatura
1909 1059 2024 1098 omnis
2041 1073 2166 1097 corru-

1207 1117 1319 1171 ptioni
1335 1128 1387 1157 est
1402 1119 1571 1168 obnoxia,
1585 1129 1618 1159 et
1630 1119 1676 1159 ad
1689 1120 1870 1159 meliorem
1885 1121 2037 1174 speciem
2053 1130 2166 1158 trans-

1209 1180 1354 1230 feretur,
1372 1181 1499 1235 majori
1518 1181 1631 1234 gloria
1659 1183 1874 1235 perfruetur,
1896 1191 1929 1221 et
1951 1181 2108 1234 quando,
2136 1191 2169 1219 et

1210 1258 1337 1295 quare,
1359 1253 1393 1282 et
1427 1258 1491 1282 cur
1527 1243 1684 1283 obnoxia
1717 1243 1939 1297 corruptioni
1975 1243 2021 1281 sit
2055 1242 2169 1291 edita,

1209 1315 1316 1358 atque
1350 1305 1427 1344 haec
1456 1305 1576 1344 omnia
1606 1314 1684 1343 tum
1715 1303 1816 1358 apud‘
1844 1318 1909 1344 vos
1938 1304 2171 1358 philosopha-

1210 1367 1354 1417 bamur,
1366 1366 1506 1418 Deique
1518 1366 1712 1419 potentiam
1727 1365 1811 1405 inde
1823 1365 2170 1411 demonstrabamus,

1212 1427 1311 1480 quod
1329 1427 1365 1465 in
1387 1427 1684 1481 corruptibilibus
1703 1428 1914 1481 corporibus
1932 1437 2068 1466 tantam
2090 1441 2172 1465 con-

1212 1488 1346 1530 diderit
1377 1488 1705 1542 pulchritudinem,
1734 1503 1844 1540 quam
1875 1497 1909 1528 et
1941 1504 1959 1527 a
1993 1488 2172 1542 principio

1214 1553 1315 1590 Deus
1331 1551 1405 1589 illis
1423 1550 1603 1599 attribuit,
1620 1550 1794 1600 siderum,
1811 1550 1890 1589 caeli
1908 1559 1941 1589 et
1958 1550 2056 1589 solis.
2078 1552 2174 1589 Vere

1214 1626 1368 1663 namque
1387 1610 1512 1649 mirari
1532 1624 1736 1663 possumus,
1756 1625 1827 1662 qua
1848 1611 1999 1658 ratione,
2019 1625 2103 1649 cum
2124 1620 2175 1649 tot

1214 1672 1298 1712 anni
1318 1672 1388 1712 sint
1406 1671 1530 1725 elapsi,
1550 1671 1643 1709 nihil
1664 1671 1734 1710 tale
1754 1671 1824 1710 sint
1848 1686 1964 1725 passa,
1987 1672 2091 1724 quale
2111 1685 2174 1710 no-

1215 1744 1287 1774 stra
1309 1747 1457 1787 corpora
1480 1733 1679 1786 patiuntur,
1701 1747 1814 1785 neque
1834 1742 2013 1772 senectute
2035 1732 2173 1771 reddita

1217 1796 1348 1835 fuerint
1377 1794 1626 1843 imbecilliora,
1644 1808 1758 1846 neque
1785 1795 1910 1833 morbo
1936 1794 1994 1833 vel
2027 1794 2175 1846 aegritu-

1217 1857 1302 1896 dine
1327 1856 1447 1908 aliqua
1471 1855 1658 1895 debilitata
1677 1856 1761 1904 sint,
1784 1855 1846 1894 sed
1865 1855 1943 1893 vim
1957 1870 1997 1894 ac
2013 1855 2177 1909 pulchri-

1218 1918 1379 1958 tudinem
1406 1931 1520 1967 suam,
1539 1931 1660 1969 quam,
1686 1925 1726 1956 ut
1755 1926 1835 1955 ante
1861 1917 1955 1967 dixi,
1975 1917 2075 1956 Deus
2105 1917 2178 1955 illis

1218 1980 1442 2030 attribuerat,
1461 1992 1654 2033 perennem
1673 1988 1892 2025 conservent,
1909 1987 1942 2018 et
1961 1992 2076 2030 neque
2093 1979 2179 2017 solis

1219 2050 1446 2081 consumtum
1470 2041 1516 2079 sit
1531 2040 1669 2091 lumen,
1689 2054 1803 2091 neque
1830 2039 1990 2078 siderum
2012 2039 2180 2093 splendor

1220 2105 1452 2151 obscuratus,
1483 2117 1598 2154 neque
1627 2102 1705 2140 caeli
1736 2101 1856 2154 fulgor
1887 2101 2083 2151 effluxerit,
2109 2115 2180 2139 non

1222 2166 1330 2205 maris
1345 2165 1489 2205 termini
1502 2164 1580 2203 loco
1597 2164 1683 2202 moti
1700 2163 1784 2214 sint,
1798 2178 1868 2202 non
1884 2173 1986 2202 terrae
2003 2163 2120 2202 virtus
2135 2162 2180 2200 ad

1221 2236 1346 2281 partus
1371 2239 1507 2265 annuos
1535 2226 1718 2264 fructuum
1740 2224 1896 2264 edendos
1926 2224 2101 2264 exstincta
2123 2224 2180 2263 sit.

1222 2289 1308 2327 Haec
1320 2297 1441 2326 autem
1461 2287 1580 2326 omnia
1600 2286 1820 2339 corruptioni
1838 2300 1913 2325 esse
1928 2286 2084 2325 obnoxia
2100 2300 2181 2324 cum

1223 2363 1267 2389 ex
1281 2348 1493 2398 rationibus,
1511 2357 1589 2386 tum
1610 2362 1657 2387 ex
1683 2347 1793 2387 sacris
1820 2347 1935 2386 literis
1956 2347 2180 2386 demonstra-

1223 2411 1343 2451 vimus
1369 2426 1378 2448 ε
1403 2409 1557 2464 pulchra
1589 2424 1675 2449 vero
1706 2409 1769 2448 illa
1801 2423 1874 2449 esse
1915 2423 1956 2448 ac
1993 2409 2181 2462 splendida

1223 2486 1399 2525 suumque
1411 2486 1552 2525 semper
1570 2471 1749 2523 integrum
1763 2471 1926 2523 vigorem
1945 2485 2182 2516 conservasse,

1222 2535 1452 2587 quotidianus
1468 2547 1591 2572 eorum
1606 2533 1670 2584 qui
1682 2541 1828 2571 cernunt
1842 2540 1991 2570 testatur
2005 2542 2181 2585 aspectus,

1223 2598 1260 2635 in
1279 2611 1350 2648 quo
1369 2595 1526 2634 maxime
1545 2593 1779 2632 admirandus
1797 2602 1848 2632 est
1868 2595 1977 2642 Deus,
1992 2595 2053 2644 qui
2074 2593 2126 2632 sic
2143 2608 2183 2632 ea

1223 2658 1269 2696 ab
1283 2657 1385 2695 initio
1398 2655 1572 2695 condidit.
1582 2653 1652 2693 Sed
1663 2655 1847 2706 quoniam,
1857 2654 1946 2693 dum
1958 2654 2036 2693 haec
2049 2669 2068 2693 a
2081 2655 2183 2694 nobis

1223 2719 1446 2767 dicerentur,
1476 2716 1749 2769 refragabantur
1790 2716 1952 2754 nonnulli
1989 2716 2146 2755 dicentes
2174 2734 2181 2753 :

1224 2781 1340 2833 Igitur
1374 2778 1538 2817 omnium
1579 2791 1658 2829 quae
1701 2777 1770 2815 sub
1806 2787 1988 2830 aspectum
2024 2777 2155 2817 cadunt
2171 2810 2181 2823 ,

1224 2841 1441 2881 vilissimum
1472 2848 1524 2878 est
1561 2839 1689 2887 homo,
1723 2838 1902 2890 siquidem
1932 2838 2011 2878 caelt
2039 2853 2182 2893 corpus,

1225 2909 1341 2948 terrae,
1363 2897 1463 2948 solis,
1481 2906 1515 2936 et
1537 2897 1698 2936 omnium
1720 2897 1879 2936 siderum
1902 2906 2000 2936 tanto
2026 2907 2183 2951 tempore

1225 2960 1384 3008 duravit,
1398 2958 1460 2997 hic
1481 2972 1565 2997 vero
1584 2967 1664 3011 post
1682 2971 1792 2996 annos
1811 2958 2036 3011 septuaginta
2053 2959 2183 2998 dissol-

1226 3022 1324 3059 vitur
1338 3029 1446 3071 atque
1458 3019 1578 3057 interit
1592 3035 1599 3055 ε
1613 3019 1772 3072 primum
1785 3019 1930 3071 quidem
1946 3019 2036 3058 illud
2050 3019 2184 3059 dixeri-

1228 3097 1322 3132 mus,
1338 3095 1408 3120 non
1428 3090 1544 3119 totum
1563 3080 1697 3119 animal
1714 3079 1877 3130 dissolvi,
1888 3081 1950 3119 sed
1964 3081 2183 3134 praecipuam

1228 3144 1413 3196 magisque
1438 3141 1669 3181 necessariam
1690 3150 1827 3195 partem
1845 3151 2015 3195 perpetuo
2030 3155 2183 3189 manere,

1227 3206 1384 3244 animam
1403 3203 1654 3253 immortalem,
1678 3217 1757 3254 quae
1776 3203 1884 3241 nullis
1896 3202 2070 3255 ejusmodi
2092 3217 2184 3240 mor-

1229 3272 1285 3310 bis
1313 3280 1365 3310 est
1396 3270 1570 3319 obnoxia,
1601 3270 1775 3308 minorem
1809 3279 1925 3307 autem
1966 3269 2182 3321 corruptioni

1231 3355 1304 3378 csse
1335 3338 1526 3378 obnoxiam
1561 3356 1567 3376 :
1598 3337 1725 3377 deinde
1766 3339 1830 3376 boc
1865 3338 1982 3389 ipsum
2017 3338 2185 3389 majorem
