2516 3791
706 267 747 295 lx
786 266 890 295 (ΣΗ).
931 265 992 294 ΧΙ.
1035 263 1195 294 (nixus.
1238 263 1392 292 nomn..
1434 261 1559 292 xxxh

126 355 238 392 Τοῦτο
251 349 318 403 γὰρ
333 349 392 388 καὶ
411 351 505 398 ἡμᾶς
520 347 801 400 προθυμοτέρους
820 346 1055 399 ἀπεργάζεται
1066 376 1075 394 ,
1090 346 1149 384 καὶ

124 409 381 464 παρασκευάζει
414 408 668 461 δαψιλεστέραν
701 411 782 460 ὓμῖν
818 407 1050 459 παρατιθέναι
1083 407 1147 454 τὴν

125 472 276 512 ἑστίασιν
292 471 422 517 ταύτην
438 470 500 517 τὴν
518 470 768 521 πνευματικήν.
786 469 889 508 Ἐπεὶ
903 468 962 507 καὶ
977 468 1126 519 γηπόνος
1137 497 1146 515 ,

124 532 263 572 ἐπειδὰν
299 531 354 583 ἴδῃ
389 532 452 578 τὴν
484 531 636 585 ἄρουραν
671 530 729 569 καὶ
772 530 816 568 τὰ
856 528 1147 578 καταὸαλλόμενα

123 593 310 646 σπέρματα
342 592 591 631 πολλαπλάσια
624 590 862 636 δεικνύουσαν,
894 590 954 628 καὶ
983 591 1147 640 κομῶντα

122 653 167 692 τὰ
188 655 289 700 λήϊα,
327 656 365 692 οὗ
392 652 543 691 παύεται
566 651 610 690 τὰ
629 654 714 704 παρ’
751 654 873 691 ἑαυτοῦ
896 653 972 689 καθ’
995 650 1146 697 ἑκάστην

123 714 305 766 εἰσφέρων,
318 714 377 752 καὶ
385 712 447 760 τὴν
459 712 704 766 προσήκουσαν
716 712 918 763 ἐπιμέλειαν
930 710 1145 762 ποιούμενος,

124 775 183 814 καὶ
211 776 433 827 περισκοπῶν
452 774 510 811 καὶ
531 776 565 812 ἐν
590 773 688 811 νυκτὶ
722 773 781 810 καὶ
801 774 835 810 ἐν
857 770 991 823 ἡμέρᾳ,
1007 770 1055 821 μή
1079 767 1145 807 πού

124 852 158 874 τι
172 841 186 857 “
197 836 396 886 λυμήνηται
410 841 482 877 τοῖς
498 835 612 877 πόνοις
630 834 733 871 αὐτοῦ
745 848 752 855 ·
771 833 828 871 τὸν
845 832 947 870 αὐτὸν
962 830 1002 878 δὴ
1019 830 1147 882 τρόπον

123 898 222 948 κάγῶ
240 898 329 947 ὁρῶν
345 896 443 945 ὑμῶν
472 893 535 940 τὴν
558 894 708 945 ἄρουραν
735 892 866 938 ταύτην
895 892 959 938 τὴν
987 905 1147 941 πνευμα-

122 957 222 1003 τικὴν
239 955 330 994 οὕτω
362 955 568 1000 θάλλουσαν,
598 953 657 991 καὶ
681 952 739 992 τὸν
772 952 1006 1004 πνευματικὸν
1026 954 1146 989 τοῦτον

2086 243 2175 289 555

1220 344 1321 384 Illud
1350 345 1444 383 enim
1468 357 1530 382 nos
1551 341 1672 381 reddit
1692 341 1894 389 alacriores,
1919 350 1957 378 ut
1979 341 2045 378 hoc
2067 342 2173 393 spiri-

1221 406 1317 444 tuale
1330 405 1540 444 convivium
1554 404 1690 457 largius
1702 402 1805 443 vobis
1819 416 2071 455 proponamus.
2085 402 2178 448 Quia

1219 476 1253 504 et
1270 467 1426 518 agricola
1437 467 1465 505 si
1483 465 1627 518 quando
1641 465 1737 503 videt
1751 478 1878 517 agrum
1895 464 2028 516 etjacta
2046 463 2178 501 semina

1220 528 1397 567 virescere
1417 538 1450 566 et
1471 527 1682 580 germinare,
1704 535 1924 578 segetemque
1945 538 2102 572 vernare,
2123 526 2179 562 ni-

1220 588 1272 626 hil
1293 589 1388 639 quod
1409 588 1455 626 ad
1475 603 1511 626 sc
1529 588 1652 626 attinet
1673 586 1891 637 intermittit,
1915 585 2075 637 qnotidie
2093 600 2181 623 con-

1218 658 1403 699 gruentem
1431 649 1530 687 illius
1560 663 1682 686 curam
1710 662 1829 700 agcnS,
1857 656 1893 686 et
1922 656 2022 686 nocte
2051 646 2180 698 dieque

1218 709 1458 757 considerans,
1484 723 1527 747 ne
1553 709 1642 747 sorte
1662 709 1749 759 quid
1773 709 1913 746 labores
1937 723 2018 746 suos
2039 707 2144 746 laedat
2168 724 2175 743 :

1217 769 1327 807 simili
1348 769 1454 807 modo
1473 778 1507 807 et
1528 782 1593 820 ego
1612 769 1837 821 spiritualem
1855 769 1951 806 hunc
1974 783 2100 820 agrum
2120 783 2180 807 ve—

1221 838 1336 868 strum
1355 830 1491 879 florere,
1509 837 1543 867 ct
1561 843 1678 867 semen
1698 829 1766 866 hoe
1786 828 1972 881 spirituale
1991 829 2026 866 in
2044 829 2182 867 sinibus

1219 899 1342 929 vestras
1366 891 1494 929 mentis
1515 889 1659 928 recondi
1681 889 1826 938 videns,
1849 889 1986 941 gaudeo
2007 898 2040 926 et
2062 890 2180 936 laetor,

1219 952 1445 1003 multumque
1469 965 1549 989 sum
1561 950 1705 997 anxius,
1722 964 1791 988 non
1804 950 1969 1002 ignorans
1984 964 2093 1001 quam
2106 964 2183 988 ma-

121 1017 250 1070 σπόρον
267 1021 337 1060 τοῖς
351 1019 412 1062 τῆς
433 1014 585 1057 διανοίας
605 1014 747 1057 κόλποις
766 1012 1147 1068 παρακατατιθέμενον,
1163 1013 1340 1071 305lignus
1367 1012 1412 1050 sit
1440 1012 1572 1060 hostis,
1601 1011 1663 1062 qui
1691 1020 1818 1050 vestrae
1846 1010 1952 1049 saluti
1981 1010 2183 1049 insidiatur.

121 1081 208 1128 ὁμοῦ
228 1078 286 1116 καὶ
305 1077 420 1130 χαίρω
442 1076 502 1114 καὶ
523 1075 752 1129 εὐφραίνομαι
765 1105 774 1122 ,
795 1075 854 1114 καὶ
873 1075 982 1114 πολὺν
1000 1074 1071 1127 ἔχω
1090 1075 1148 1113 τὸν
1174 1084 1200 1112 Α
1221 1075 1313 1112 Nam
1335 1072 1638 1124 quemadmodum
1659 1072 1785 1124 pirata}
1805 1071 1950 1123 quando
1971 1072 2095 1110 vident
2114 1086 2183 1109 na-

123 1141 260 1191 ἀγῶνα,
277 1138 377 1182 εἰδὼς
392 1141 451 1175 τοῦ
474 1139 598 1189 ἐχθροῦ
618 1136 677 1175 καὶ
693 1136 878 1176 ἐπιὸούλου
895 1139 956 1183 τῆς
975 1135 1150 1188 σωτηρίας

123 1203 185 1247 τῆς
212 1199 387 1252 ἡμετέρας
416 1199 479 1246 τὴν
510 1198 691 1250 πονηρίαν.
716 1198 885 1249 Καθάπερ
905 1197 972 1249 γὰρ
994 1200 1025 1236 ot
1057 1196 1150 1235 κατὰ

123 1260 299 1298 θάλατταν
318 1258 504 1311 πειραταὶ,
526 1258 668 1296 ἐπειδὰν
694 1257 793 1295 ἴδωσι
809 1260 892 1294 ναῦν
908 1257 1046 1294 πολλῶν
1064 1272 1150 1309 φορ-

124 1321 207 1359 τίων
230 1319 525 1371 πεπληρωμένην,
547 1319 606 1357 καὶ
636 1321 786 1357 πλοῦτον
812 1318 944 1370 ἄφατον
974 1317 1146 1368 ἐπαγομέ-

125 1397 202 1429 νην,
227 1382 304 1419 τότε
327 1381 483 1432 μάλιστα
502 1379 634 1426 πολλὴν
651 1379 714 1426 τὴν
734 1378 921 1425 ε’πιὸουλὴν
942 1378 1152 1416 ἐπιδείκνυν-

127 1459 206 1489 ται,
227 1442 320 1481 ὥστε
344 1440 461 1480 πάντα
481 1441 679 1478 καταδῦσαι
696 1440 754 1479 τὸν
774 1440 914 1493 φόρτον,
945 1439 1006 1477 καὶ
1021 1439 1153 1492 γυμνοὺ

133 1503 192 1541 καὶ
223 1503 372 1554 ἐρήμους
409 1500 488 1544 τοὺς
530 1500 744 1551 ἐμπλέοντας
781 1503 1027 1547 καταστῆσαι·
1063 1499 1154 1538 οὕτω

134 1563 175 1611 δὴ
192 1564 251 1601 καὶ
269 1567 286 1602 ὁ
303 1562 482 1609 διάὸολος,
510 1561 591 1600 ὅταν
609 1562 664 1614 ἴδῃ
688 1561 794 1600 πολὺν
811 1563 961 1600 πλοῦτον
982 1560 1156 1612 συνηγμέ-

134 1640 188 1663 νον
216 1624 464 1674 πνευματικὸν,
497 1624 556 1661 καὶ
591 1623 789 1678 προθυμίαν
817 1623 974 1672 ζέουσαν,
993 1623 1054 1662 καὶ
1083 1622 1156 1661 διά·

132 1699 227 1722 νοιαν
247 1683 532 1735 διεγηγερμένην,
565 1683 626 1722 καὶ
658 1685 735 1722 καθ’
767 1683 918 1730 ἑκάστην
943 1682 1080 1736 ἡμέραν
1099 1682 1157 1721 τὸν

134 1746 282 1783 πλοῦτον
303 1743 547 1792 αὐξανόμενον,
572 1744 736 1782 δάκνεται
759 1744 819 1782 καὶ
833 1744 942 1796 τρίζει
964 1743 1040 1786 τοὺς
1057 1744 1159 1781 ὀδόν-

136 1822 196 1850 τας
209 1835 219 1852 ,
241 1807 301 1844 καὶ
319 1806 477 1858 καθάπερ
493 1805 660 1858 πειρατὴς
679 1807 769 1844 οὕτω
788 1805 1013 1859 περιέρχεται
1035 1805 1160 1857 μυρίας

138 1868 283 1904 ἐπινοῶν
300 1865 460 1918 μηχανὰς
472 1897 481 1911 ,
501 1866 591 1905 ὥστε
608 1866 775 1918 βραχεῖάν
796 1882 875 1904 τινα
889 1869 998 1918 εὑρεῖν
1016 1866 1160 1913 εἴσοδον,

137 1928 197 1965 καὶ
217 1926 365 1977 γυμνοὺς
384 1927 444 1965 καὶ
460 1927 608 1979 ἐρήμους
630 1931 724 1978 ἡμᾶς
745 1929 943 1978 ἀποφῆναι,
964 1929 1023 1966 καὶ
1049 1929 1159 1974 συλῆ-

139 2003 197 2026 σαι
225 1988 341 2025 πάντα
371 1988 428 2026 τὸν
453 1990 602 2026 πλοῦτον
621 1990 723 2039 ἡμῶν
748 1988 806 2027 τὸν
825 1988 1072 2038 πνευματικόν.
1092 1988 1161 2027 Διά

138 2064 192 2087 τοι
226 2052 327 2087 τοῦτο
348 2048 526 2101 νήφωμεν,
556 2050 773 2100 παρακαλῶ,
790 2049 849 2087 καὶ
870 2048 942 2102 ὅσῳ
970 2049 1010 2087 ἂν
1030 2050 1073 2088 τὰ
1099 2053 1162 2097 τῆς

139 2109 338 2162 περιουσίας
368 2113 452 2160 ἡμῖν
483 2109 629 2157 αὔξηται
649 2112 713 2155 τ’ἧς
734 2113 990 2160 πνευματικῆς,
1009 2110 1162 2164 τοσούτῳ

140 2172 199 2209 καὶ
216 2170 261 2208 τὰ
292 2172 355 2215 τῆς
382 2170 572 2221 ἀγρυπνίας
593 2170 817 2209 ἐπιτεινέσθω
830 2199 839 2216 ,
863 2171 922 2209 καὶ
941 2171 1162 2224 πανταχόθεν

141 2231 417 2283 ἀποτειχίζωμεν
439 2232 533 2283 αὐτῷ
562 2231 624 2275 τὰς
653 2230 792 2282 ἐφόδους
806 2259 816 2276 ,
834 2231 894 2269 καὶ
915 2231 972 2270 διὰ
997 2235 1059 2278 τῆς
1081 2232 1161 2283 ἀρί-

140 2309 225 2339 στης
246 2292 422 2334 πολιτείας
440 2291 503 2338 τὴν
518 2291 616 2344 παρὰ
628 2294 688 2329 τοῦ
707 2293 800 2330 Θεοῦ
818 2292 952 2330 εὔνοιαν
966 2293 1163 2332 ἐπισπασά-

142 2369 260 2404 μενοι,
291 2352 482 2405 ἀνωτέρους
511 2351 656 2395 ἑαυτοὺς
687 2353 966 2405 καταστήσωμεν
999 2357 1068 2392 τῶν
1101 2358 1161 2393 τοῦ

143 2413 305 2452 διαόόλου
335 2414 456 2464 βελῶν.
484 2414 642 2467 Πονηρὸν
680 2413 748 2467 γάρ
782 2417 857 2453 ἐστι
886 2415 926 2453 τὸ
953 2415 1083 2469 θηρίον,
1102 2416 1162 2454 καὶ

136 2474 376 2517 πολυπλόκους
396 2474 470 2526 ἔχει
497 2475 558 2518 τὰς
579 2475 760 2527 μηχανάς·
781 2476 842 2514 καὶ
869 2476 1009 2515 ἐπειδὰν
1030 2476 1078 2527 μὴ
1108 2478 1162 2516 δυ-

139 2539 226 2588 νηθῇ
257 2535 292 2579 ἐξ
327 2535 457 2579 εὐθείας
489 2535 575 2587 πρὸς
605 2536 669 2583 τὴν
690 2537 818 2575 κακίαν
847 2540 942 2588 ἡμᾶς
971 2540 1161 2590 ὖποσῦραι,

138 2596 198 2633 καὶ
231 2595 288 2634 διὰ
307 2598 370 2641 τ’ἧς
403 2595 543 2641 ἀπάτης
575 2596 753 2636 δελεάσαι·
782 2597 857 2637 οὐδὲ
886 2597 954 2651 γὰρ
986 2599 1162 2650 βιάζεται,

139 2657 219 2696 οὐδὲ
242 2658 452 2709 ἀναγκάζει,
482 2657 532 2707 μὴ
551 2657 703 2709 γε’νοιτο,
721 2660 798 2697 ἀλλ’
824 2661 944 2712 ἀπατᾶΙ
967 2660 1084 2711 μόνον,
1103 2661 1163 2699 καὶ

139 2718 280 2757 ἐπειδὰν
305 2718 361 2770 ἴδῃ
383 2721 642 2771 ῥᾳθυμοῦντας,
661 2720 901 2765 ὓποσκελίζει·
918 2721 999 2759 ὅταν
1025 2715 1084 2760 οὖν
1112 2723 1161 2774 μὴ

140 2780 184 2816 δι’
203 2782 309 2826 αὐτῆς
337 2782 398 2825 τῆς
418 2779 542 2824 κακίας
565 2784 751 2834 προφανῶς
777 2782 903 2833 δυνηθῇ
933 2786 976 2836 τῇ
1007 2784 1163 2838 ἡμετέρᾳ

141 2840 300 2892 σωτηρία
326 2839 569 2890 λυμήνασθαι,
596 2842 766 2886 πολλάκις
799 2843 843 2880 δι’
874 2845 988 2882 αὐτῶν
1006 2847 1076 2883 τῶν
1102 2849 1165 2892 τῆς

143 2901 268 2951 αἶρε-»ἦς
299 2899 421 2952 ἔργων,
460 2894 508 2938 ὧν
541 2901 728 2953 μετίωμεν,
765 2903 806 2941 τὸ
842 2904 965 2957 δέλεαρ
998 2906 1163 2956 ἐμὸαλὼν

141 2961 379 3004 λανθανόντως
404 2961 541 3000 ἅπαντα
575 2963 633 3002 τὸν
660 2965 808 3003 πλοῦτον
829 2965 1009 3006 κατέδυσε.
1030 2968 1078 3006 Τί
1105 2963 1163 3006 οὖν

144 3024 249 3069 ἐστιν,
263 3021 283 3060 ὅ
300 3037 408 3073 φημι;
426 3025 614 3074 ἀναγκαῖον
633 3024 700 3077 γὰρ
716 3025 799 3064 αὐτὸ
817 3027 1027 3081 σαφέστερον
1041 3031 1164 3076 εἰπεῖν,

143 3081 200 3120 ἵνα
237 3082 453 3134 διδαχθέντες
476 3086 580 3123 αὐτοῦ
607 3084 670 3130 τὰς
700 3087 908 3137 ἐπιδουλὰς,
940 3089 1165 3142 διαφύγωμεν

146 3142 208 3188 τὴν
242 3145 394 3181 ἐντεῦθεν
429 3144 578 3196 βλάὸην.
595 3144 709 3185 ιὈταν
733 3147 788 3201 ἴδῃ
815 3148 864 3200 μὴ
899 3151 1048 3194 εὐκόλως
1072 3154 1167 3202 ἡμᾶς

148 3203 442 3255 καταδεχομένους
459 3205 595 3256 γυμνὴν
610 3206 675 3254 τὴν
701 3209 841 3258 κακίαν,
869 3210 958 3249 ἀλλὰ
979 3211 1168 3264 φεύγοντας

151 3261 213 3312 μὲν
232 3262 294 3309 τὴν
308 3263 489 3315 ἀσέλγειαν
503 3296 514 3313 ,
529 3265 592 3314 τὴν
606 3267 642 3306 δὲ
657 3269 880 3321 σωφροσύνην
895 3272 1168 3324 ἀσπαζομένους,

151 3322 211 3360 καὶ
237 3323 341 3360 πάλιν
361 3323 424 3371 τὴν
442 3326 641 3371 πλεονεξίαν
661 3330 1008 3383 ἀποστρεφομένους,
1036 3334 1095 3371 καὶ
1114 3351 1170 3385 μι-

199 3449 211 3463 ·
228 3448 399 3482 myrham,
417 3445 482 3480 τοὺς
497 3450 609 3483 πόνους.
620 3445 674 3478 Sic
692 3453 756 3479 tres
772 3447 847 3479 Mss.

1221 1149 1302 1174 vem
1323 1133 1448 1172 multis
1471 1134 1651 1172 mercibus
1667 1141 1862 1180 oneratam,
1882 1142 1914 1171 et
1931 1133 2103 1185 plurimas
2120 1132 2186 1170 ad—

1222 1195 1410 1234 vehentem
1429 1193 1590 1243 divitias,
1611 1203 1695 1232 tunc
1721 1194 1949 1246 potissimum
1967 1194 2086 1232 varias
2106 1209 2183 1231 mo-

1220 1256 1360 1294 liuntur
1386 1254 1549 1304 insidias,
1579 1264 1620 1292 ut
1646 1254 1784 1308 possint
1812 1269 1948 1293 merces
1967 1269 2092 1293 omnes
2117 1254 2180 1291 de—

1220 1330 1391 1368 mergere,
1421 1330 1461 1354 ac
1482 1325 1641 1354 vectores
1664 1316 1744 1354 illos
1771 1316 1926 1368 spoliare
1949 1332 1956 1352 :
1981 1316 2029 1353 ita
2050 1330 2133 1353 saue
2154 1325 2188 1353 et

1222 1377 1401 1427 diabolus,
1420 1392 1503 1416 cum
1519 1377 1650 1415 viderit
1665 1377 1869 1430 spirituales
1891 1377 2023 1415 multas
2036 1377 2187 1415 divitias

1224 1448 1459 1488 coacervatas,
1491 1439 1710 1477 alacritatem
1734 1439 1923 1489 fervidam,
1950 1448 2103 1477 mentem
2131 1438 2188 1477 vi—

1226 1501 1347 1553 gilem,
1373 1511 1407 1540 et
1427 1501 1589 1552 quotidie
1612 1500 1759 1540 divitias
1783 1502 1918 1554 angeri,
1947 1503 2128 1539 cruciatur
2147 1516 2189 1539 ac

1226 1563 1396 1601 dentibus
1436 1563 1588 1612 frendet,
1627 1572 1661 1601 et
1697 1563 1802 1614 quasi
1841 1563 1957 1616 pirata
1998 1562 2188 1606 circumit,

1228 1623 1503 1675 innumerasque
1535 1623 1714 1675 excogitat
1745 1633 1852 1674 artes,
1884 1633 1923 1661 ut
1959 1624 1987 1661 si
2025 1638 2095 1674 qua
2131 1623 2189 1661 vel

1228 1699 1384 1737 parvum
1406 1685 1565 1723 inveniat
1592 1684 1746 1734 aditum,
1775 1699 1838 1723 nos
1864 1684 2021 1722 denudet
2047 1699 2088 1722 ac
2110 1699 2191 1735 spo-

1230 1746 1305 1795 liet,
1329 1755 1362 1784 et
1381 1745 1560 1798 quidquid
1581 1746 1684 1784 nobis
1707 1756 1757 1785 est
1777 1746 2020 1798 spiritualium
2042 1745 2188 1783 divitia-

1186 1809 1209 1839 B
1232 1822 1312 1845 rum
1331 1807 1570 1860 dcpraedetur.
1591 1807 1707 1859 Igitur
1727 1807 1837 1845 sobrii
1857 1808 1980 1854 simus,
2003 1821 2132 1857 quaeso,
2154 1817 2189 1845 et

1232 1877 1364 1919 quanto
1393 1869 1506 1920 magis
1531 1868 1734 1921 spirituales
1759 1877 1886 1907 nostrae
1909 1868 2092 1906 facultates
2115 1883 2189 1906 crc-

1231 1938 1344 1977 scunt,
1365 1938 1462 1967 tanto
1482 1929 1596 1981 magis
1619 1938 1653 1967 et
1677 1929 1812 1982 vigiliae
1834 1939 1960 1967 nostrae
1980 1938 2189 1982 augeantur,

1231 2000 1271 2028 ut
1283 1989 1441 2041 undique
1452 1989 1688 2028 excludamus
1700 1990 1859 2039 insidias,
1869 1991 2189 2029 etbenevolentiani

1233 2052 1298 2090 Dei
1313 2052 1387 2090 vita
1403 2051 1539 2104 optima
1552 2051 1654 2089 nobis
1667 2051 1910 2102 conciliantes,
1926 2052 2100 2104 superiori
2113 2052 2190 2089 loco

1232 2123 1378 2161 stemus,
1404 2127 1514 2164 quam
1547 2122 1585 2150 ut
1617 2112 1716 2150 illius
1745 2113 1866 2164 jacula
1894 2127 2019 2151 nocere
2045 2123 2189 2164 queant.

1233 2173 1329 2212 Mala
1344 2174 1440 2211 enim
1454 2173 1567 2211 bestia
1583 2182 1647 2222 est,
1667 2183 1701 2211 et
1716 2173 1935 2227 multiplices
1949 2174 2187 2212 machinatio-

1232 2248 1293 2273 nes
1317 2234 1425 2272 struit
1449 2249 1456 2270 :
1481 2243 1515 2272 et
1537 2234 1680 2286 quando
1707 2248 1778 2272 non
1803 2244 1918 2288 potest
1940 2245 2032 2273 recta
2056 2250 2120 2274 nos
2146 2236 2191 2273 ad

1233 2295 1321 2334 vitia
1340 2295 1501 2345 allicere,
1521 2304 1556 2333 et
1578 2295 1652 2333 suis
1671 2294 1765 2333 dolis
1788 2295 1946 2334 inescare
1968 2313 1977 2345 ;
1998 2311 2067 2335 non
2093 2298 2190 2336 enim

1233 2356 1339 2408 cogit,
1358 2356 1414 2395 vel
1437 2355 1510 2394 vim
1531 2356 1631 2404 facit,
1655 2356 1748 2394 absit
1769 2372 1777 2392 τ
1799 2356 1858 2394 scd
1883 2357 2014 2411 decipit
2033 2368 2188 2404 tantum,

1233 2426 1266 2455 et
1288 2430 1378 2468 quos
1405 2417 1622 2469 negligentes
1651 2417 1763 2466 videt,
1794 2419 2000 2471 supplantat
2020 2435 2030 2469 ς
2050 2422 2191 2471 quando

1186 2485 1210 2516 C
1233 2478 1345 2530 igitur
1373 2478 1523 2516 salutem
1549 2487 1707 2516 nostram
1732 2480 1888 2529 nequitia
1919 2495 1982 2518 sua
2009 2482 2191 2519 manifeste

1232 2539 1363 2578 laedere
1376 2540 1512 2590 nequit,
1532 2554 1624 2591 saepe
1640 2553 1702 2591 per
1717 2540 1792 2592 ipsa
1813 2555 1918 2593 opera
1936 2541 2094 2590 virtutis,
2111 2557 2189 2592 quae

1233 2600 1384 2652 agimus,
1413 2600 1614 2638 clanculum
1636 2613 1715 2637 esca
1742 2601 1854 2648 illata,
1879 2600 2025 2639 divitias
2054 2612 2190 2640 nostras

1233 2661 1351 2714 perdit
1369 2675 1501 2699 omnes.
1521 2659 1622 2709 Quid
1646 2660 1758 2711 igitur
1779 2670 1830 2698 est
1859 2661 1939 2709 hoc,
1960 2662 2057 2713 quod
2076 2662 2156 2701 dico
2173 2663 2190 2700 ἶ)

1235 2738 1348 2776 operae
1378 2723 1533 2775 pretium
1564 2721 1658 2760 enim
1685 2722 1790 2760 fuerit
1819 2723 2038 2762 manifestius
2069 2725 2188 2777 expli-

1236 2799 1326 2833 care,
1352 2793 1390 2821 ut
1416 2783 1513 2821 illius
1544 2781 1697 2834 cognitis
1721 2782 1873 2832 insidiis,
1895 2783 2069 2823 damnum
2093 2786 2189 2837 quod

1235 2846 1319 2884 inde
1344 2845 1515 2892 nascitur,
1546 2844 1659 2882 vitare
1691 2844 1879 2896 possimus.
1910 2845 2066 2894 Quando
2097 2846 2190 2885 videt

1237 2922 1299 2945 uos
1315 2905 1409 2944 nuda
1427 2905 1514 2944 vitia
1531 2904 1596 2942 vix
1612 2903 1814 2952 admittere,
1837 2915 1870 2944 et
1886 2906 2007 2959 fugere
2021 2907 2191 2961 intempe-

1235 2967 1400 3014 rantiam,
1424 2965 1674 3005 continentiam
1700 2980 1783 3004 vero
1802 2967 2001 3020 amplexari
2022 2985 2029 3005 :
2050 2969 2096 3007 ad
2116 2970 2191 3008 liaee

1235 3028 1390 3067 aversari
1411 3026 1617 3076 avaritiam,
1641 3025 1723 3063 odio
1742 3026 1871 3066 habere
1893 3028 2121 3081 injustitiam,
2142 3031 2185 3068 ri-

1235 3090 1320 3129 dere
1345 3098 1377 3128 et
1409 3097 1629 3126 contemnere
1655 3086 1815 3137 delicias,
1840 3090 1989 3144 jejuniis
2014 3101 2130 3129 autem
2159 3102 2191 3129 et

1237 3150 1402 3204 precibus
1423 3161 1564 3194 vacare,
1587 3161 1627 3185 ac
1649 3147 1880 3201 eleemosynis
1908 3149 1994 3189 dare
2014 3165 2158 3204 operam
2183 3168 2190 3187 z

1237 3222 1322 3251 tunc
1340 3211 1451 3249 alium
1475 3208 1759 3247 comminiscitur
1776 3209 1914 3260 dolum,
1937 3227 2007 3263 quo
2032 3227 2191 3265 pessum-

1237 3273 1296 3312 det
1310 3285 1430 3311 omnes
1444 3279 1582 3309 nostras
1595 3283 1692 3322 opeS‚
1712 3278 1835 3321 totque
1850 3271 1942 3310 bona
1953 3287 2057 3326 opera
2075 3284 2193 3312 nostra

1241 3332 1365 3373 reddat
1385 3331 1538 3371 inutilia.
1558 3331 1651 3370 Nam
1672 3331 1734 3381 qui
1756 3345 1883 3384 magna
1903 3336 2098 3374 constantia
2120 3350 2194 3374 ma-

1190 3159 1214 3189 D
