2516 3791
623 173 667 202 IN
704 171 808 202 CAP.
848 170 927 201 XV.
965 167 1128 199 GENES.
1167 165 1325 197 nomn„
1365 166 1543 197 xxxvn.

52 262 158 302 Οὕτω
187 257 256 310 γὰρ
283 255 402 296 λοιπὸν
422 254 483 294 καὶ
514 256 577 302 τῆς
607 253 707 301 δόξης
727 257 787 292 τοῦ
811 252 980 305 παρόντος
1000 250 1076 303 βίου

51 324 223 374 ὓπερορᾷν
243 316 459 367 δυνησόμεθα
477 315 540 363 τὴν
560 315 674 362 ἀληθῆ
697 314 798 358 δόξαν
818 315 1056 365 προτιμῶντες
1068 341 1078 360 ,

51 381 111 421 καὶ
127 382 190 426 τῆς
205 376 520 430 ταπεινοφροσύνης
535 375 669 422 πολλὴν
686 379 862 414 ποιεῖσθαι
880 374 944 420 τὴν
958 373 1079 424 ἐπιμέ-

50 445 160 489 λειαν,
182 440 242 479 καὶ
260 439 378 485 πάσης
407 440 472 484 τῆς
501 440 562 476 τοῦ
593 436 764 490 παρόντος
794 436 870 487 βίου
893 434 1079 487 εὐημερίας

51 503 260 553 καταγελᾷν,
295 499 351 537 ἵνα
374 501 436 545 τῆς
456 499 606 544 ἀληθοῦς
636 497 696 536 καὶ
727 496 871 548 βεὸαίας
892 494 1080 546 εὐημερίας

52 560 321 612 ἀπολαύσωμεν,
349 559 410 598 καὶ
427 560 486 598 τὸν
512 558 662 612 Χριστὸν
684 559 766 596 ἰδεῖν
796 557 1079 605 καταξιωθῶμεν.

52 622 232 674 Μακάριοι
262 621 350 673 γὰρ,
381 620 486 672 φησὶν
499 649 509 666 ,
530 622 562 658 οἱ
594 618 739 671 καθαροὶ
774 621 818 669 τῇ
850 616 997 668 καρδίᾳ,
1026 614 1079 652 ὅτι

53 683 152 721 αὐτοὶ
168 681 226 720 τὸν
245 681 335 721 Θεὸν
349 681 505 733 ὄψονται.
525 679 780 731 Καθαρίσωμεν
793 678 908 716 τοίνυν
923 678 1025 727 ἡμῶν
1041 675 1081 712 τὸ

53 743 223 790 συνειδὸς,
242 742 302 781 καὶ
325 741 413 792 μετὰ
432 739 612 791 ἀκριὸείας
627 740 685 777 τὸν
709 740 841 776 ἑαυτῶν
862 737 936 788 βίον
951 738 1080 775 οἰκονο-

55 806 190 854 μῶμεν,
209 803 266 841 ἵνα
285 802 348 848 τὴν
375 804 556 854 παροῦσαν
576 798 667 844 ζωὴν
695 798 784 848 μετὰ
805 798 922 844 πάσης
954 798 1081 848 ἀρετῆς

52 864 273 910 ὁδεύσαντες,
303 866 372 901 τῶν
404 863 552 899 ἐνταῦθα
572 859 687 898 πόνων
707 859 769 902 τὰς
789 857 940 909 ἀμοιὸὰς
959 856 1079 895 λαὸεῖν

52 923 323 973 καταξιωθῶμεν
346 923 380 960 ἐν
398 924 449 974 τῷ
470 919 632 972 μελλόντι
652 921 773 967 αἰῶνι,
796 919 918 971 χάριτι
937 918 997 957 καὶ
1020 933 1081 971 φι-

53 984 257 1037 λανθρωπία
289 985 348 1021 τοῦ
383 981 513 1034 Κυρίου
545 983 647 1031 ἡμῶν
669 980 784 1028 Ἰησοῦ
810 981 982 1032 Χριστοῦ,
1004 982 1080 1030 μεθ’

53 1039 91 1084 οὗ
110 1047 160 1097 τῷ
176 1044 292 1096 Πατρὶ
304 1073 313 1090 ,
335 1042 410 1092 ἅμα
427 1044 477 1095 τῷ
497 1042 586 1094 ἁγίῳ
598 1042 794 1093 Πνεύματι,
815 1040 895 1085 δόξα
908 1071 918 1089 ,
933 1041 1059 1093 κράτος
1072 1071 1082 1089 ,

53 1106 164 1158 τιμὴ,
186 1109 244 1144 νῦν
268 1104 327 1144 καὶ
345 1103 421 1152 ἀεὶ,
441 1103 501 1142 καὶ
530 1104 577 1146 εἷς
602 1101 681 1147 τοὺς
701 1105 830 1146 αἰῶνας
847 1106 916 1142 τῶν
933 1101 1081 1141 αἰώνων.

55 1166 178 1218 Ἀμήν.

429 1306 610 1345 ΟΜῘΛῙΑ
637 1304 702 1350 λζ’.

53 1421 145 1467 Εἷπε
165 1427 201 1466 δὲ
217 1426 345 1480 Κύριος
363 1427 448 1480 πρὸς
467 1427 608 1481 Ἄὸραμ
620 1444 627 1451 ·
644 1426 713 1479 ἐγώ
737 1428 809 1479 εἶμι
825 1429 842 1466 ὁ
861 1427 949 1472 Θεὸς
969 1429 986 1466 ὁ
1006 1426 1083 1472 ἐξα-

106 1488 224 1541 γαγών
261 1504 299 1527 σε
334 1490 374 1527 ἐκ
399 1488 517 1541 χώρας
540 1488 740 1536 Χαλδαίων,
770 1487 861 1527 ὥστε
893 1488 1010 1528 δοῦναί
1030 1506 1084 1529 σοι

105 1549 170 1596 τὴν
192 1553 257 1601 γῆν
276 1549 419 1598 ταύτην,
439 1551 704 1602 κληρονομῆσαι
732 1549 856 1596 αὐτήν.
896 1543 987 1588 Εἷπε
1021 1550 1082 1590 δέ·

107 1609 272 1650 Δέσποτα
300 1610 430 1664 Κύριε,
451 1610 543 1649 κατὰ
561 1610 596 1649 τί
621 1609 822 1662 γνώσομαι,
839 1610 892 1649 ὅτι
911 1612 1081 1665 κληρονο-

109 1672 213 1722 μήσω
233 1671 363 1719 αὗτήν;

109 1794 260 1846 Μεγάλη
279 1796 341 1841 τῆς
360 1794 452 1838 θείας
470 1796 615 1848 Γραφῆς
631 1797 652 1841 ἦ
673 1795 817 1846 δύναμις
833 1825 842 1842 ,
863 1796 923 1834 καὶ
942 1796 1050 1840 πολὺς
1068 1799 1086 1835 ὁ

55 1862 126 1899 τοῖς
146 1855 298 1908 ῥήμασιν
327 1856 607 1907 ἐγκεκρυμμένος
626 1858 773 1900 πλοῦτος
800 1860 869 1895 τῶν
889 1857 1085 1907 νοημάτων.

56 1919 111 1954 Δι’
142 1917 160 1956 ὃ
191 1916 359 1968 προσήκει
387 1915 479 1967 μετὰ
513 1917 693 1970 ἀκριέείας
719 1920 814 1967 ἡμᾶς
848 1918 1087 1970 προσέχοντας

55 1976 188 2024 πολλὴν
215 1981 390 2016 ποιεῖσθαι
415 1977 478 2024 τὴν
500 1977 654 2029 ἔρευναν,
679 1978 736 2016 ἵνα
756 1979 887 2030 δαψιλῆ
909 1979 972 2026 τὴν
997 1978 1087 2031 ὠφέ-

54 2039 152 2076 λειαν
172 2039 324 2076 ἐντεῦθεν
353 2038 636 2092 καρπωσώμεθα·
669 2039 736 2078 Διὰ
769 2039 838 2091 γὰρ
868 2045 967 2078 τοῦτο
990 2039 1087 2077 καὶὸ

56 2099 208 2152 Χριστὸς
235 2100 450 2153 παρήγγειλε
474 2100 599 2152 λέγων,
616 2100 805 2153 Ἐρευνᾶτε
832 2101 893 2145 τὰς
923 2101 1087 2153 Γραφάς·

56 2159 112 2197 ἵνα
134 2159 182 2210 μὴ
203 2161 323 2204 ἁπλῶς
338 2163 423 2213 ψιλῇ
444 2161 674 2214 προσέχωμεν
694 2164 737 2212 τῇ
761 2160 979 2213 ἀναγνώσει,
997 2162 1087 2200 ἀλλὰ

56 2219 97 2258 τὸ
129 2220 234 2271 βάθος
266 2221 502 2272 ἀνιχνεύοντες
532 2222 590 2260 τὸν
623 2223 736 2269 ἀληθῆ
764 2224 827 2268 τῆς
848 2223 990 2274 Γραφῆς
1008 2227 1087 2261 νοῦν

54 2283 267 2321 καταλαὸεῖν
297 2284 509 2334 δυνηθῶμεν.
528 2285 694 2322 Τοιοῦτον
715 2283 782 2336 γὰρ
802 2287 864 2330 τῆς
885 2286 1028 2338 Γραφῆς
1047 2285 1087 2323 τὸ

57 2344 131 2386 ἔθος
145 2358 153 2366 ·
180 2345 213 2381 ἐν
244 2343 394 2395 βραχέσι
413 2343 566 2396 ῥήμασίν
588 2347 662 2382 ἐστι
678 2345 849 2389 πολλάκις
869 2347 981 2397 εὑρεῖν
997 2345 1086 2384 πολὺ

57 2406 188 2451 πλῆθος
205 2405 404 2455 νοημάτων.
430 2407 520 2444 Θεῖα
540 2405 608 2457 γάρ
626 2407 701 2444 ἐστι
727 2405 773 2444 τὰ
793 2406 1011 2458 διδάγματα,
1027 2407 1087 2445 καὶ

57 2467 118 2503 οὐκ
138 2465 360 2517 ἀνθρώπινα,
378 2466 437 2504 καὶ
457 2465 515 2504 διὰ
542 2471 643 2504 τοῦτο
667 2466 878 2511 ἀπεναντίας
905 2471 949 2514 τῆ
983 2468 1088 2520 σοφίᾳ

57 2529 100 2577 τῇ
123 2526 322 2579 ἀνθρωπίνῃ
354 2533 471 2565 πᾶσαν
493 2526 601 2573 αὐτήν
622 2529 716 2565 ἐστιν
740 2528 822 2565 ἰδεῖν
840 2529 1086 2580 συγκειμένην.

59 2586 130 2626 Καὶ
149 2589 240 2635 πῶς,
260 2586 328 2638 ἐγὼ
355 2586 458 2636 λέγω.
475 2586 574 2626 Ἐκεῖ
595 2587 658 2638 μὲν
678 2587 767 2640 γὰρ,
789 2588 847 2627 ἐπὶ
866 2591 928 2634 τ’ἧς
948 2592 1086 2641 ἀνθρω-

58 2647 160 2695 πίνης
193 2647 314 2700 σοφίας
332 2648 425 2700 λέγω
438 2679 448 2696 ,
479 2655 577 2687 πᾶσα
604 2651 718 2693 αὐτοῖς
733 2652 754 2696 ἡ
772 2649 904 2697 σπουδὴ
926 2650 1005 2701 περὶ
1024 2650 1088 2698 τὴν

59 2711 126 2747 τῶν
141 2709 266 2754 λέξεων
283 2710 457 2757 συνθήκην
473 2710 693 2758 ἐπινενόηται
708 2727 715 2734 ·
734 2713 882 2749 ἐνταῦθα
899 2711 934 2750 δὲ
949 2713 1089 2750 τούναν-

59 2769 130 2809 τίον
150 2771 255 2809 ἅπαν.
274 2771 400 2815 Οὐδεὶς
419 2775 462 2823 τῇ
487 2773 613 2824 Γραφῇ
640 2772 741 2823 λόγος
756 2772 836 2825 περὶ
857 2772 1004 2816 κάλλους
1025 2776 1088 2826 ῥη-

61 2831 181 2881 μάτων
198 2831 220 2878 ἢ
241 2832 412 2879 συνθήκης
425 2847 433 2855 ·
453 2832 527 2885 ἔχει
545 2833 611 2884 γὰρ
639 2832 771 2872 οἴκοθεν
791 2833 853 2880 τὴν
871 2833 965 2872 θείαν
985 2833 1088 2886 χάριν

2010 154 2098 206 [⁸²31

1151 262 1292 288 omnem
1312 248 1494 301 praesentis
1509 248 1592 287 vitae
1610 246 1896 300 prosperitatem,
1915 256 1956 286 ut
1974 262 2056 287 vera
2076 258 2111 286 et

1152 309 1266 348 solida
1277 309 1444 347 felicitate
1458 309 1635 358 fruamur,
1652 317 1686 346 ct
1700 307 1884 346 Christum
1901 307 2022 345 videre
2036 322 2110 345 me-

1153 385 1309 409 reamur.
1328 373 1445 409 Beati
1459 370 1569 419 enim,
1591 369 1725 421 inquit,
1748 371 1837 421 puri
1858 370 1987 415 corde,
2007 382 2106 421 quo-

1155 435 1261 469 niam
1278 433 1351 482 ipsi
1374 432 1499 468 Deum
1514 431 1716 469 videbunt.
1735 429 1975 468 purificemus
1991 429 2111 479 itaque

1154 500 1311 529 nostram
1327 491 1592 539 conscientiam,
1613 500 1646 529 et
1668 505 1795 543 magna
1815 505 1899 529 cura
1918 491 2030 529 vitam
2049 504 2111 528 no-

1153 561 1263 589 stram
1284 553 1538 602 gubernemus,
1560 562 1599 590 ut
1619 566 1700 590 cum
1716 561 1924 604 praesentem
1945 551 2057 590 vitam
2076 551 2112 589 in

1152 612 1250 650 omni
1266 612 1442 649 virtutum
1455 625 1581 662 genere
1594 613 1852 661 transierimus,
1868 613 1997 650 horum
2012 612 2115 650 labo-

1152 686 1233 710 rum
1246 672 1391 723 praemia
1403 686 1603 710 mereamur
1614 674 1772 725 accipere
1787 675 1822 711 in
1836 675 1958 711 futuro
1972 674 2117 722 sacculo,

1153 732 1266 784 gratia
1281 741 1313 770 et
1326 732 1571 770 misericordia
1583 733 1729 770 Domini
1741 733 1850 771 nostri
1864 736 1948 772 Jesu
1964 734 2114 781 Christi,

1154 793 1210 832 cui
1229 807 1309 831 cum
1326 795 1430 831 Patre
1446 802 1480 830 ct
1498 802 1618 831 sancto
1632 793 1771 845 Spiritu
1786 794 1832 830 sit
1863 794 1988 844 gloria,
2007 796 2119 847 impe-

1154 854 1264 898 rium,
1290 853 1417 902 honor,
1437 867 1532 892 nunc
1552 863 1586 892 et
1611 867 1766 906 semper,
1788 863 1822 892 et
1845 855 1880 892 in
1903 855 2030 892 saecula
2054 869 2119 893 sae-

1156 915 1332 957 culorum.
1355 917 1482 953 Amen.

1415 1295 1639 1343 nonnus
1658 1303 1857 1344 XXXVII.

1156 1423 1263 1463 Dixit
1282 1433 1401 1464 autem
1417 1425 1473 1464 ei:
1493 1425 1572 1478 Ego
1591 1441 1670 1465 sum
1690 1428 1800 1476 Deus,
1815 1427 1878 1478 qui
1895 1426 2003 1465 eduxi
2026 1436 2059 1465 te
2073 1426 2118 1466 de

1209 1496 1303 1525 terra
1317 1486 1586 1538 Chaldaeorum,
1599 1497 1638 1526 ut
1650 1488 1773 1527 darem
1786 1489 1853 1527 tibi
1869 1498 2000 1526 terram
2012 1488 2118 1537 hanc,

1208 1557 1248 1586 ut
1263 1549 1299 1587 in
1313 1549 1548 1588 hereditatem
1562 1549 1744 1603 possideas
1756 1564 1845 1588 eam.
1857 1549 1962 1588 Dixit
1976 1559 2095 1588 autem
2109 1565 2117 1586 :

1210 1610 1365 1648 Domine
1386 1611 1554 1661 Domine,
1577 1611 1772 1650 secundum
1796 1610 1885 1662 quid
1908 1624 2119 1663 cognoscam

1210 1670 1309 1721 quod
1328 1670 1365 1708 in
1381 1670 1619 1709 hereditatem
1633 1671 1809 1723 accipiam
1824 1686 1903 1709 eam
1916 1672 1934 1709 Ξ)

1211 1796 1245 1831 t.
1274 1795 1408 1845 Magna
1436 1792 1569 1839 divinae
1602 1793 1800 1846 Scripturae
1834 1793 1951 1832 virtus
1980 1802 2054 1841 est,
2086 1803 2119 1832 et

1157 1856 1279 1893 multae
1291 1856 1327 1893 in
1339 1855 1458 1893 verbis
1470 1855 1581 1893 latent
1590 1855 1845 1893 sententiarum
1860 1854 2014 1893 divitiae.
2033 1854 2119 1893 Ideo

1156 1931 1223 1969 par
1255 1925 1305 1954 cst
1337 1925 1374 1953 ut
1407 1915 1598 1967 diligenter
1624 1914 1864 1965 intendamus,
1899 1924 1932 1953 et
1964 1915 2120 1954 sollicite

2128 379 2240 406 ΜηιιΙι.
2251 379 2267 408 5
2276 377 2317 408 ,8.

2137 1430 2212 1469 Pap.
2231 1429 2277 1458 15.

2132 1484 2160 1501 v.
2180 1485 2209 1511 7.
2229 1472 2260 1503 8.

1157 1985 1370 2025 scrutemur,
1389 1990 1460 2027 quo
1483 1976 1694 2028 ampliorem
1717 1976 1908 2014 utilitatem
1931 1976 2013 2014 inde
2039 1991 2131 2028 perr

1158 2039 1344 2090 cipiamus.
1362 2039 1456 2075 Nam
1468 2046 1613 2089 propter
1628 2037 1696 2074 hoc
1708 2046 1741 2074 et
1757 2037 1921 2075 Christus
1934 2037 2116 2089 praecepit,

1157 2098 1280 2137 dicens
1296 2114 1303 2134 z
1320 2099 1558 2137 Scrutamini
1573 2098 1789 2149 Scripturas
1807 2113 1817 2133 .·
1841 2106 1879 2135 ut
1894 2111 1963 2135 non
1980 2105 2118 2135 tantum

1158 2158 1262 2196 nudae
1278 2158 1420 2196 lectioni
1441 2171 1623 2207 vacemus,
1647 2157 1708 2195 sed
1729 2157 1941 2209 profundius
1960 2166 2117 2196 scrutan-

1158 2228 1356 2269 tes,verum
1366 2219 1561 2271 Scripturae
1573 2233 1716 2257 sensum
1731 2218 1913 2271 percipere
1924 2219 2119 2257 valeamus.

1111 2290 1136 2321 E
1160 2281 1262 2319 Talis
1283 2280 1378 2318 enim
1400 2280 1594 2332 Scripturae
1619 2294 1695 2318 mos
1721 2288 1795 2329 est,
1822 2289 1863 2317 ut
1885 2289 1919 2318 et
1940 2279 1976 2317 in
1999 2281 2120 2333 parvis

1157 2341 1278 2380 verbis
1290 2341 1446 2393 plurima
1457 2354 1550 2392 saepe
1563 2339 1758 2378 multitudo
1772 2355 1938 2379 sensuum
1954 2341 2117 2379 invenia-

1156 2411 1227 2440 tur.
1253 2402 1388 2440 Divina
1410 2402 1505 2439 enim
1532 2410 1615 2439 sunt
1639 2400 1823 2453 dogmata,
1848 2415 1916 2439 non
1940 2401 2112 2450 humana,

1156 2473 1190 2502 et
1206 2473 1353 2517 propter
1371 2463 1439 2501 hoc
1454 2477 1596 2501 omnem
1613 2462 1714 2501 illam
1730 2457 1852 2501 videre
1867 2463 1947 2500 licet
1965 2477 2063 2500 secus
2079 2477 2115 2500 se

1155 2525 1286 2563 habere
1300 2539 1410 2576 quam
1425 2524 1619 2562 humanam
1631 2524 1853 2576 sapientiam.
1874 2525 1917 2561 Et
1933 2523 2114 2574 quomodo

1156 2587 1239 2637 hoc,
1258 2599 1324 2638 ego
1341 2585 1476 2624 dicam.
1497 2585 1578 2623 Illic
1593 2585 1703 2634 enim,
1720 2585 1756 2622 in
1771 2585 1928 2622 humana
1943 2584 2115 2637 sapientia

1157 2648 1252 2692 dico,
1267 2661 1371 2685 omne
1388 2646 1548 2684 studium
1569 2645 1825 2683 concinnandis
1838 2645 1959 2682 verbis
1974 2644 2117 2682 adhibi-

1157 2719 1234 2748 tum
1248 2718 1299 2748 est
1314 2725 1321 2745 ε
1334 2709 1395 2746 hic
1411 2721 1492 2745 vcro
1505 2720 1650 2759 prorsus
1661 2706 1776 2744 aliter.
1794 2706 1938 2744 Nullam
1952 2706 2116 2759 Scriptu-

1158 2786 1205 2809 rae
1220 2771 1353 2808 habent
1372 2768 1543 2806 rationem
1563 2765 1845 2819 pulchritudinis
1866 2766 1923 2804 vel
1940 2767 2117 2819 composi-

1159 2832 1266 2870 tionis
1292 2830 1482 2869 verhorum
1507 2844 1514 2864 ε
1543 2827 1672 2864 habent
1702 2827 1798 2864 enim
1826 2826 1860 2864 in
1890 2840 1926 2864 se
1954 2826 2116 2866 divinam

61 2893 275 2932 ἐπανθοῦσαν
296 2893 355 2931 καὶ
387 2893 427 2931 τὸ
452 2894 580 2937 κάλλος
613 2893 658 2932 τὰ
677 2893 861 2946 λεγόμενα.
891 2896 1004 2933 Κάκεῖ
1025 2894 1088 2945 μὲν
1101 2916 1150 2941 ³7³
1163 2893 1313 2945 gratiam
1337 2890 1580 2941 effulgentem,
1601 2897 1633 2926 et
1654 2886 1962 2939 pulchritudinem
1985 2888 2020 2926 in
2041 2889 2118 2942 ipsa

63 2953 150 3001 μετὰ
165 2953 296 3000 πολλὴν
313 2953 373 2992 καὶ
389 2954 519 3006 ἄφατον
537 2954 707 3007 φλυαρίαν
721 2954 800 2993 τότε
818 2958 886 2993 τῶν
901 2956 1087 3007 νοημάτων

61 3013 134 3052 ἐστὶ
164 3014 457 3066 περιδράξασθαι·
476 3015 624 3053 ἐνταῦθα
640 3014 697 3063 δὲ,
726 3017 773 3060 ὥς
797 3015 893 3063 ἴστε,
917 3016 977 3054 καὶ
1003 3019 1088 3069 βρα-

61 3079 140 3126 χεῖα
169 3074 258 3119 λέξις
277 3075 449 3118 πολλάκις
475 3075 622 3127 ἤρκεσεν
641 3078 727 3126 ἡμῖν
744 3082 860 3114 πᾶσαν
880 3079 1008 3129 ὑφᾶναι
1027 3077 1089 3124 τὴν

62 3135 300 3174 διδασκαλίαν.
334 3136 403 3174 Διά
430 3151 484 3174 τοι
502 3139 605 3175 τοῦτο
623 3135 683 3174 καὶ
709 3136 789 3188 χθὲς
807 3136 989 3188 προθέντες
1008 3140 1090 3188 ὑμῖν

61 3194 105 3232 τὰ
121 3195 365 3247 ἀνεγνωσμένα
379 3225 388 3242 ,
410 3196 469 3234 καὶ
484 3199 552 3234 τῶν
577 3197 770 3250 προοιμίων
788 3196 960 3249 ἁψάμενοι
971 3228 981 3246 ,
996 3201 1089 3237 ἐπει-

63 3254 104 3302 δὴ
124 3255 232 3293 πολὺν
261 3255 404 3308 εὕρομεν
435 3259 504 3294 τῶν
533 3256 720 3308 νοημάτων
753 3256 811 3295 τὸν
834 3259 996 3306 πλοῦτον,
1026 3261 1088 3298 οὐκ

63 3314 255 3367 ἰσχύσαμεν
280 3315 476 3371 περαιτέρω
489 3320 668 3370 προελθεῖν
686 3333 693 3341 ·
713 3317 805 3357 ὥστε
827 3318 875 3369 μὴ
896 3322 945 3371 τῷ
960 3320 1087 3366 πλήθει

63 3379 270 3428 καταχῶσαι
290 3376 354 3424 τὴν
379 3378 521 3430 μνήμην
540 3382 650 3430 ὑμῶν,
678 3379 738 3418 καὶ
766 3380 988 3430 λυμήνασθαι
1016 3387 1087 3425 τοῖς

1112 2954 1140 2983 Α
1161 2952 1353 2991 verborum
1366 2949 1501 2988 ratione
1512 2947 1628 2986 sitam.
1640 2946 1688 2984 Et
1702 2947 1776 2984 illic
1791 2946 1936 2997 quidem
1949 2956 2029 3000 post
2042 2947 2119 2986 lon-

1161 3028 1242 3066 gam
1257 3022 1291 3051 et
1307 3013 1482 3064 ingentem
1495 3007 1733 3059 nugacitatem
1747 3007 1885 3058 aliquid
1900 3022 2022 3046 sensus
2036 3022 2117 3060 per-

1160 3076 1277 3127 cipere
1288 3082 1337 3111 est
1351 3088 1358 3109 :
1373 3071 1432 3109 hic
1447 3078 1578 3117 autem,
1593 3077 1629 3105 ut
1643 3067 1755 3113 scitis,
1768 3068 1875 3106 etiam
1885 3083 1995 3122 parva
2006 3068 2118 3107 dictio

1159 3150 1252 3188 saepe
1273 3143 1385 3172 totum
1402 3130 1502 3169 nohis
1517 3129 1687 3167 doetrinae
1703 3143 1901 3167 sermonem
1917 3130 2112 3168 contexuit.

1160 3200 1352 3250 Propterea
1384 3203 1417 3231 et
1446 3191 1538 3239 heri,
1569 3190 1752 3243 proposita
1785 3191 1886 3228 vobis
1920 3191 2114 3243 Scriptura!

1158 3258 1326 3304 lectione,
1348 3254 1414 3292 sul)
1441 3252 1516 3305 ipso
1543 3250 1707 3302 exordio,
1732 3251 1816 3303 quia
1839 3251 1994 3289 multum
2014 3252 2115 3289 inve—

1159 3320 1278 3358 nimus
1297 3329 1463 3355 sensuum
1484 3314 1705 3359 thesaurum,
1727 3326 1795 3351 non
1819 3313 2002 3366 potuimus
2023 3313 2115 3350 ultra

1158 3378 1339 3433 progredi,
1374 3386 1412 3415 ut
1441 3391 1483 3415 ne
1509 3375 1689 3414 dictorum
1721 3373 1952 3412 multitudine
1982 3387 2113 3411 memo-

2131 2105 2221 2133 Jcmn.
2232 2104 2247 2133 5
2267 2105 2318 2143 39.

2214 2408 2259 2436 Div
2272 2411 2320 2437 ina

2184 2450 2318 2485 dogmata

2176 2497 2318 2528 quantum

2185 2533 2319 2558 humanis

2129 2573 2316 2600 antecellant.
