<?xml version="1.0" encoding="UTF-8"?>
<!DOCTYPE html PUBLIC "-//W3C//DTD XHTML 1.0 Transitional//EN"
    "http://www.w3.org/TR/xhtml1/DTD/xhtml1-transitional.dtd">
<html xmlns="http://www.w3.org/1999/xhtml" xml:lang="en" lang="en">
 <head>
  <title>
</title>
<meta http-equiv="Content-Type" content="text/html;charset=utf-8" />
  <meta name='ocr-system' content='tesseract 3.04.00' />
  <meta name='ocr-capabilities' content='ocr_page ocr_carea ocr_par ocr_line ocrx_word'/>
</head>
<body>
  <div class='ocr_page' id='page_1' title='image "./operaomniaquaeex04johnuoft/operaomniaquaeex04johnuoft_0519.png"; bbox 0 0 2516 3791; ppageno 0'>
   <div class='ocr_carea' id='block_1_1' title="bbox 959 220 1646 253">
    <p class='ocr_par' dir='ltr' id='par_1_1' title="bbox 959 220 1646 253">
     <span class='ocr_line' id='line_1_1' title="bbox 959 220 1646 253; baseline -0.001 0"><span class='ocrx_word' id='word_1_1' title='bbox 959 223 1085 253; x_wconf 78' lang='lat' dir='ltr'>xvnt.</span> <span class='ocrx_word' id='word_1_2' title='bbox 1126 220 1285 250; x_wconf 63' lang='lat' dir='ltr'>GENES.</span> <span class='ocrx_word' id='word_1_3' title='bbox 1327 221 1492 252; x_wconf 73' lang='lat' dir='ltr'>uomit..</span> <span class='ocrx_word' id='word_1_4' title='bbox 1533 222 1646 252; x_wconf 78' lang='lat' dir='ltr'><strong>XLII.</strong></span> 
     </span>
    </p>
   </div>
   <div class='ocr_carea' id='block_1_2' title="bbox 2122 215 2216 275">
    <p class='ocr_par' dir='ltr' id='par_1_2' title="bbox 2122 215 2216 275">
     <span class='ocr_line' id='line_1_2' title="bbox 2122 215 2216 275; baseline 0.043 -4"><span class='ocrx_word' id='word_1_5' title='bbox 2122 215 2216 275; x_wconf 66' lang='lat'>499</span> 
     </span>
    </p>
   </div>
   <div class='ocr_carea' id='block_1_3' title="bbox 1261 305 2394 420">
    <p class='ocr_par' dir='ltr' id='par_1_3' title="bbox 1261 305 2394 420">
     <span class='ocr_line' id='line_1_3' title="bbox 1261 305 2394 359; baseline 0.011 -18"><span class='ocrx_word' id='word_1_6' title='bbox 1261 305 1392 356; x_wconf 76' lang='lat' dir='ltr'>parat?</span> <span class='ocrx_word' id='word_1_7' title='bbox 1413 306 1639 359; x_wconf 80' lang='lat' dir='ltr'>Quapropter</span> <span class='ocrx_word' id='word_1_8' title='bbox 1664 314 1697 345; x_wconf 90' lang='lat' dir='ltr'>et</span> <span class='ocrx_word' id='word_1_9' title='bbox 1726 306 1859 344; x_wconf 89' lang='lat' dir='ltr'>Paulus</span> <span class='ocrx_word' id='word_1_10' title='bbox 1885 305 2027 345; x_wconf 86' lang='lat' dir='ltr'>dicebat</span> <span class='ocrx_word' id='word_1_11' title='bbox 2046 325 2053 346; x_wconf 91' lang='lat'>:</span> <span class='ocrx_word' id='word_1_12' title='bbox 2074 309 2213 348; x_wconf 79' lang='lat' dir='ltr'>Obam-</span> <span class='ocrx_word' id='word_1_13' title='bbox 2230 323 2317 350; x_wconf 64' lang='lat' dir='ltr'>Item.</span> <span class='ocrx_word' id='word_1_14' title='bbox 2348 334 2394 353; x_wconf 81' lang='lat' dir='ltr'>tt.</span> 
     </span>
     <span class='ocr_line' id='line_1_4' title="bbox 1261 363 2346 420; baseline 0.006 -17"><span class='ocrx_word' id='word_1_15' title='bbox 1261 366 1493 406; x_wconf 70' lang='lat' dir='ltr'>bulaverunt</span> <span class='ocrx_word' id='word_1_16' title='bbox 1524 368 1562 405; x_wconf 87' lang='lat' dir='ltr'>in</span> <span class='ocrx_word' id='word_1_17' title='bbox 1594 367 1724 406; x_wconf 77' lang='lat' dir='ltr'>ovillis</span> <span class='ocrx_word' id='word_1_18' title='bbox 1755 370 2000 420; x_wconf 80' lang='lat' dir='ltr'>caprim‘sque</span> <span class='ocrx_word' id='word_1_19' title='bbox 2029 363 2278 420; x_wconf 76' lang='lat' dir='ltr'>pellibus,³⁷·</span> <span class='ocrx_word' id='word_1_20' title='bbox 2298 364 2346 395; x_wconf 68' lang='lat'>3⁸·</span> 
     </span>
    </p>
   </div>
   <div class='ocr_carea' id='block_1_4' title="bbox 738 223 918 254">
    <p class='ocr_par' dir='ltr' id='par_1_4' title="bbox 738 223 918 254">
     <span class='ocr_line' id='line_1_5' title="bbox 738 223 918 254; baseline 0 -1"><span class='ocrx_word' id='word_1_21' title='bbox 738 223 780 253; x_wconf 77' lang='lat' dir='ltr'>IN</span> <span class='ocrx_word' id='word_1_22' title='bbox 819 224 918 254; x_wconf 71' lang='lat' dir='ltr'>CAP.</span> 
     </span>
    </p>
   </div>
   <div class='ocr_carea' id='block_1_5' title="bbox 163 304 1185 418">
    <p class='ocr_par' dir='ltr' id='par_1_5' title="bbox 163 304 1185 418">
     <span class='ocr_line' id='line_1_6' title="bbox 163 304 1183 356; baseline -0.002 -12"><span class='ocrx_word' id='word_1_23' title='bbox 163 304 310 356; x_wconf 83' lang='grc' dir='ltr'>κόσμος,</span> <span class='ocrx_word' id='word_1_24' title='bbox 344 307 361 343; x_wconf 99' lang='lat'>6</span> <span class='ocrx_word' id='word_1_25' title='bbox 393 305 484 344; x_wconf 85' lang='grc' dir='ltr'>κατὰ</span> <span class='ocrx_word' id='word_1_26' title='bbox 502 305 565 353; x_wconf 81' lang='grc' dir='ltr'>τὴν</span> <span class='ocrx_word' id='word_1_27' title='bbox 588 305 793 356; x_wconf 78' lang='grc' dir='ltr'>οἰκουμένην</span> <span class='ocrx_word' id='word_1_28' title='bbox 814 307 968 351; x_wconf 82' lang='grc' dir='ltr'>ἅπασαν,</span> <span class='ocrx_word' id='word_1_29' title='bbox 987 308 1048 345; x_wconf 76' lang='grc' dir='ltr'>οὐκ</span> <span class='ocrx_word' id='word_1_30' title='bbox 1068 305 1108 343; x_wconf 83' lang='grc' dir='ltr'>ἂν</span> <span class='ocrx_word' id='word_1_31' title='bbox 1130 304 1183 352; x_wconf 85' lang='grc' dir='ltr'>εἴη</span> 
     </span>
     <span class='ocr_line' id='line_1_7' title="bbox 163 366 1185 418; baseline 0.002 -15"><span class='ocrx_word' id='word_1_32' title='bbox 163 367 357 410; x_wconf 81' lang='grc' dir='ltr'>ἰσοστάσιος</span> <span class='ocrx_word' id='word_1_33' title='bbox 376 366 506 404; x_wconf 87' lang='grc' dir='ltr'>τούτων</span> <span class='ocrx_word' id='word_1_34' title='bbox 525 370 594 405; x_wconf 79' lang='grc' dir='ltr'>τῶν</span> <span class='ocrx_word' id='word_1_35' title='bbox 608 368 643 404; x_wconf 82' lang='grc' dir='ltr'>ἐν</span> <span class='ocrx_word' id='word_1_36' title='bbox 659 367 815 418; x_wconf 75' lang='grc' dir='ltr'>θλίψεσι,</span> <span class='ocrx_word' id='word_1_37' title='bbox 834 371 901 405; x_wconf 82' lang='grc' dir='ltr'>τῶν</span> <span class='ocrx_word' id='word_1_38' title='bbox 916 369 950 405; x_wconf 80' lang='grc' dir='ltr'>ἐν</span> <span class='ocrx_word' id='word_1_39' title='bbox 970 366 1185 418; x_wconf 69' lang='grc' dir='ltr'>κακουχίαις,</span> 
     </span>
    </p>
   </div>
   <div class='ocr_carea' id='block_1_6' title="bbox 160 427 1185 539">
    <p class='ocr_par' dir='ltr' id='par_1_6' title="bbox 160 427 1185 539">
     <span class='ocr_line' id='line_1_8' title="bbox 161 427 1185 480; baseline 0.001 -16"><span class='ocrx_word' id='word_1_40' title='bbox 161 430 228 464; x_wconf 87' lang='grc' dir='ltr'>τῶν</span> <span class='ocrx_word' id='word_1_41' title='bbox 249 427 553 478; x_wconf 82' lang='grc' dir='ltr'>γυμνητευόντων,</span> <span class='ocrx_word' id='word_1_42' title='bbox 582 430 651 465; x_wconf 82' lang='grc' dir='ltr'>τῶν</span> <span class='ocrx_word' id='word_1_43' title='bbox 682 428 910 480; x_wconf 79' lang='grc' dir='ltr'>περιιόντων,</span> <span class='ocrx_word' id='word_1_44' title='bbox 939 431 1008 467; x_wconf 81' lang='grc' dir='ltr'>τῶν</span> <span class='ocrx_word' id='word_1_45' title='bbox 1028 429 1062 466; x_wconf 78' lang='grc' dir='ltr'>ἐν</span> <span class='ocrx_word' id='word_1_46' title='bbox 1097 442 1185 472; x_wconf 86' lang='grc' dir='ltr'>σπη-</span> 
     </span>
     <span class='ocr_line' id='line_1_9' title="bbox 160 488 747 539; baseline 0.002 -14"><span class='ocrx_word' id='word_1_47' title='bbox 160 488 269 532; x_wconf 81' lang='grc' dir='ltr'>λαίοις</span> <span class='ocrx_word' id='word_1_48' title='bbox 284 489 470 539; x_wconf 82' lang='grc' dir='ltr'>διαγόντων</span> <span class='ocrx_word' id='word_1_49' title='bbox 491 488 548 528; x_wconf 79' lang='grc' dir='ltr'>διὰ</span> <span class='ocrx_word' id='word_1_50' title='bbox 566 489 624 528; x_wconf 84' lang='grc' dir='ltr'>τὸν</span> <span class='ocrx_word' id='word_1_51' title='bbox 643 489 747 528; x_wconf 82' lang='grc' dir='ltr'>Θεόν.</span> 
     </span>
    </p>
   </div>
   <div class='ocr_carea' id='block_1_7' title="bbox 152 728 1186 1644">
    <p class='ocr_par' dir='ltr' id='par_1_7' title="bbox 152 728 1186 1644">
     <span class='ocr_line' id='line_1_10' title="bbox 213 728 1185 787; baseline -0.004 -13"><span class='ocrx_word' id='word_1_52' title='bbox 213 734 327 774; x_wconf 74' lang='grc' dir='ltr'>υΟταν</span> <span class='ocrx_word' id='word_1_53' title='bbox 363 728 420 772; x_wconf 69' lang='grc' dir='ltr'>οὖν</span> <span class='ocrx_word' id='word_1_54' title='bbox 459 734 554 786; x_wconf 83' lang='grc' dir='ltr'>ἴδῃς,</span> <span class='ocrx_word' id='word_1_55' title='bbox 586 735 767 787; x_wconf 79' lang='grc' dir='ltr'>ἀγαπητὲ,</span> <span class='ocrx_word' id='word_1_56' title='bbox 803 734 912 787; x_wconf 79' lang='grc' dir='ltr'>ἄνδρα</span> <span class='ocrx_word' id='word_1_57' title='bbox 946 733 1079 776; x_wconf 81' lang='grc' dir='ltr'>εὐτελὲς</span> <span class='ocrx_word' id='word_1_58' title='bbox 1122 731 1185 783; x_wconf 81' lang='grc' dir='ltr'>μὲν</span> 
     </span>
     <span class='ocr_line' id='line_1_11' title="bbox 162 794 1184 848; baseline -0.001 -15"><span class='ocrx_word' id='word_1_59' title='bbox 162 799 284 848; x_wconf 69' lang='grc' dir='ltr'>σχῆμα</span> <span class='ocrx_word' id='word_1_60' title='bbox 314 795 437 840; x_wconf 79' lang='grc' dir='ltr'>ἔξωθεν</span> <span class='ocrx_word' id='word_1_61' title='bbox 456 796 708 848; x_wconf 82' lang='grc' dir='ltr'>περικείμενον,</span> <span class='ocrx_word' id='word_1_62' title='bbox 730 795 856 847; x_wconf 83' lang='grc' dir='ltr'>ἀρετὴν</span> <span class='ocrx_word' id='word_1_63' title='bbox 876 795 912 833; x_wconf 81' lang='grc' dir='ltr'>δὲ</span> <span class='ocrx_word' id='word_1_64' title='bbox 938 794 1071 833; x_wconf 84' lang='grc' dir='ltr'>ἔνδοθεν</span> <span class='ocrx_word' id='word_1_65' title='bbox 1087 809 1184 845; x_wconf 90' lang='grc' dir='ltr'>περι-</span> 
     </span>
     <span class='ocr_line' id='line_1_12' title="bbox 160 854 1186 908; baseline -0.001 -14"><span class='ocrx_word' id='word_1_66' title='bbox 160 856 387 907; x_wconf 70' lang='grc' dir='ltr'>ὅεὸλημένον,</span> <span class='ocrx_word' id='word_1_67' title='bbox 408 857 457 907; x_wconf 73' lang='grc' dir='ltr'>μὴ</span> <span class='ocrx_word' id='word_1_68' title='bbox 488 856 706 908; x_wconf 76' lang='grc' dir='ltr'>ἐξευτελίσῃς</span> <span class='ocrx_word' id='word_1_69' title='bbox 729 860 850 894; x_wconf 82' lang='grc' dir='ltr'>τοῦτον</span> <span class='ocrx_word' id='word_1_70' title='bbox 869 855 926 894; x_wconf 82' lang='grc' dir='ltr'>διὰ</span> <span class='ocrx_word' id='word_1_71' title='bbox 951 856 990 894; x_wconf 84' lang='grc' dir='ltr'>τὸ</span> <span class='ocrx_word' id='word_1_72' title='bbox 1022 854 1186 908; x_wconf 82' lang='grc' dir='ltr'>φαινόμε-</span> 
     </span>
     <span class='ocr_line' id='line_1_13' title="bbox 160 916 1185 970; baseline -0.003 -13"><span class='ocrx_word' id='word_1_73' title='bbox 160 935 228 964; x_wconf 89' lang='grc' dir='ltr'>νον,</span> <span class='ocrx_word' id='word_1_74' title='bbox 249 919 339 956; x_wconf 78' lang='grc' dir='ltr'>ἀλλὰ</span> <span class='ocrx_word' id='word_1_75' title='bbox 362 918 420 956; x_wconf 83' lang='grc' dir='ltr'>τὸν</span> <span class='ocrx_word' id='word_1_76' title='bbox 438 921 500 964; x_wconf 75' lang='grc' dir='ltr'>τῆς</span> <span class='ocrx_word' id='word_1_77' title='bbox 529 919 645 970; x_wconf 73' lang='grc' dir='ltr'>ψυχῆς</span> <span class='ocrx_word' id='word_1_78' title='bbox 672 919 822 955; x_wconf 77' lang='grc' dir='ltr'>πλοῦτον</span> <span class='ocrx_word' id='word_1_79' title='bbox 844 917 1106 968; x_wconf 79' lang='grc' dir='ltr'>καταμάνθανε,</span> <span class='ocrx_word' id='word_1_80' title='bbox 1127 916 1185 954; x_wconf 78' lang='grc' dir='ltr'>καὶ</span> 
     </span>
     <span class='ocr_line' id='line_1_14' title="bbox 158 978 1184 1031; baseline -0.001 -14"><span class='ocrx_word' id='word_1_81' title='bbox 158 980 219 1027; x_wconf 80' lang='grc' dir='ltr'>τὴν</span> <span class='ocrx_word' id='word_1_82' title='bbox 235 980 328 1017; x_wconf 81' lang='grc' dir='ltr'>ἔνδον</span> <span class='ocrx_word' id='word_1_83' title='bbox 345 979 585 1031; x_wconf 78' lang='grc' dir='ltr'>περιφάνειαν,</span> <span class='ocrx_word' id='word_1_84' title='bbox 605 978 665 1017; x_wconf 83' lang='grc' dir='ltr'>καὶ</span> <span class='ocrx_word' id='word_1_85' title='bbox 682 979 760 1017; x_wconf 86' lang='grc' dir='ltr'>τότε</span> <span class='ocrx_word' id='word_1_86' title='bbox 787 979 864 1030; x_wconf 75' lang='grc' dir='ltr'>ὄψει</span> <span class='ocrx_word' id='word_1_87' title='bbox 882 978 1099 1031; x_wconf 76' lang='grc' dir='ltr'>πανταχόθεν</span> <span class='ocrx_word' id='word_1_88' title='bbox 1120 979 1184 1026; x_wconf 75' lang='grc' dir='ltr'>τὴν</span> 
     </span>
     <span class='ocr_line' id='line_1_15' title="bbox 158 1035 1182 1094; baseline 0.001 -15"><span class='ocrx_word' id='word_1_89' title='bbox 158 1041 283 1094; x_wconf 80' lang='grc' dir='ltr'>ἀρετὴν</span> <span class='ocrx_word' id='word_1_90' title='bbox 309 1040 529 1091; x_wconf 89' lang='grc' dir='ltr'>λάμπουσαν.</span> <span class='ocrx_word' id='word_1_91' title='bbox 545 1042 710 1084; x_wconf 78' lang='grc' dir='ltr'>Τοιοῦτος</span> <span class='ocrx_word' id='word_1_92' title='bbox 726 1035 769 1087; x_wconf 65' lang='grc' dir='ltr'>ἦν</span> <span class='ocrx_word' id='word_1_93' title='bbox 796 1044 813 1079; x_wconf 85' lang='lat'>6</span> <span class='ocrx_word' id='word_1_94' title='bbox 846 1041 1014 1093; x_wconf 86' lang='grc' dir='ltr'>μακάριος</span> <span class='ocrx_word' id='word_1_95' title='bbox 1035 1041 1158 1086; x_wconf 84' lang='grc' dir='ltr'>Ἠλίας</span> <span class='ocrx_word' id='word_1_96' title='bbox 1176 1059 1182 1066; x_wconf 90' lang='grc'><strong><em>·</em></strong></span> 
     </span>
     <span class='ocr_line' id='line_1_16' title="bbox 157 1095 1185 1155; baseline 0.002 -16"><span class='ocrx_word' id='word_1_97' title='bbox 157 1101 326 1151; x_wconf 77' lang='grc' dir='ltr'>μηλωτῆν</span> <span class='ocrx_word' id='word_1_98' title='bbox 343 1102 445 1152; x_wconf 88' lang='grc' dir='ltr'>μόνον</span> <span class='ocrx_word' id='word_1_99' title='bbox 465 1095 561 1154; x_wconf 67' lang='grc' dir='ltr'>εἶχε,</span> <span class='ocrx_word' id='word_1_100' title='bbox 599 1101 658 1140; x_wconf 77' lang='grc' dir='ltr'>καὶ</span> <span class='ocrx_word' id='word_1_101' title='bbox 689 1105 707 1141; x_wconf 87' lang='lat'>6</span> <span class='ocrx_word' id='word_1_102' title='bbox 734 1101 798 1148; x_wconf 74' lang='grc' dir='ltr'>τὴν</span> <span class='ocrx_word' id='word_1_103' title='bbox 825 1101 1020 1155; x_wconf 72' lang='grc' dir='ltr'>πορφυρίδα</span> <span class='ocrx_word' id='word_1_104' title='bbox 1047 1103 1185 1155; x_wconf 59' lang='grc' dir='ltr'>περιδε-</span> 
     </span>
     <span class='ocr_line' id='line_1_17' title="bbox 158 1159 1186 1216; baseline 0.001 -15"><span class='ocrx_word' id='word_1_105' title='bbox 158 1163 330 1214; x_wconf 73' lang='grc' dir='ltr'>ὅλημένος</span> <span class='ocrx_word' id='word_1_106' title='bbox 351 1163 484 1216; x_wconf 68' lang='grc' dir='ltr'>Ἀχαὰὸ</span> <span class='ocrx_word' id='word_1_107' title='bbox 503 1167 565 1210; x_wconf 69' lang='grc' dir='ltr'>τῆς</span> <span class='ocrx_word' id='word_1_108' title='bbox 588 1163 718 1202; x_wconf 84' lang='grc' dir='ltr'>ἐκείνου</span> <span class='ocrx_word' id='word_1_109' title='bbox 745 1165 911 1213; x_wconf 84' lang='grc' dir='ltr'>μηλωτῆς</span> <span class='ocrx_word' id='word_1_110' title='bbox 931 1164 1054 1201; x_wconf 81' lang='grc' dir='ltr'>ἐδεῖτο.</span> <span class='ocrx_word' id='word_1_111' title='bbox 1085 1159 1186 1208; x_wconf 75' lang='grc' dir='ltr'>Εἶδες</span> 
     </span>
     <span class='ocr_line' id='line_1_18' title="bbox 157 1223 1185 1277; baseline 0.001 -15"><span class='ocrx_word' id='word_1_112' title='bbox 157 1228 216 1262; x_wconf 77' lang='grc' dir='ltr'>τοῦ</span> <span class='ocrx_word' id='word_1_113' title='bbox 233 1224 296 1274; x_wconf 77' lang='grc' dir='ltr'>μὲν</span> <span class='ocrx_word' id='word_1_114' title='bbox 313 1224 444 1277; x_wconf 74' lang='grc' dir='ltr'>Ἀχαὰὸ</span> <span class='ocrx_word' id='word_1_115' title='bbox 470 1224 532 1272; x_wconf 81' lang='grc' dir='ltr'>τὴν</span> <span class='ocrx_word' id='word_1_116' title='bbox 549 1224 684 1271; x_wconf 81' lang='grc' dir='ltr'>πενίαν,</span> <span class='ocrx_word' id='word_1_117' title='bbox 705 1228 764 1262; x_wconf 77' lang='grc' dir='ltr'>τοῦ</span> <span class='ocrx_word' id='word_1_118' title='bbox 793 1223 828 1262; x_wconf 80' lang='grc' dir='ltr'>δὲ</span> <span class='ocrx_word' id='word_1_119' title='bbox 858 1223 964 1262; x_wconf 80' lang='grc' dir='ltr'>Ἠλία</span> <span class='ocrx_word' id='word_1_120' title='bbox 991 1224 1050 1262; x_wconf 80' lang='grc' dir='ltr'>τὸν</span> <span class='ocrx_word' id='word_1_121' title='bbox 1080 1227 1185 1263; x_wconf 79' lang='grc' dir='ltr'>πλοῦ-</span> 
     </span>
     <span class='ocr_line' id='line_1_19' title="bbox 157 1285 1185 1338; baseline 0.001 -15"><span class='ocrx_word' id='word_1_122' title='bbox 157 1300 233 1331; x_wconf 67' lang='grc' dir='ltr'>τον,</span> <span class='ocrx_word' id='word_1_123' title='bbox 248 1285 345 1337; x_wconf 65' lang='grc' dir='ltr'>ζὈρα</span> <span class='ocrx_word' id='word_1_124' title='bbox 375 1285 434 1324; x_wconf 73' lang='grc' dir='ltr'>καὶ</span> <span class='ocrx_word' id='word_1_125' title='bbox 467 1289 531 1332; x_wconf 80' lang='grc' dir='ltr'>τῆς</span> <span class='ocrx_word' id='word_1_126' title='bbox 558 1286 735 1336; x_wconf 84' lang='grc' dir='ltr'>δυνάμεως</span> <span class='ocrx_word' id='word_1_127' title='bbox 754 1285 834 1325; x_wconf 78' lang='grc' dir='ltr'>ὅσον</span> <span class='ocrx_word' id='word_1_128' title='bbox 850 1287 889 1325; x_wconf 83' lang='grc' dir='ltr'>τὸ</span> <span class='ocrx_word' id='word_1_129' title='bbox 909 1286 1030 1337; x_wconf 82' lang='grc' dir='ltr'>μέσον.</span> <span class='ocrx_word' id='word_1_130' title='bbox 1051 1285 1095 1325; x_wconf 86' lang='lat' dir='ltr'>‘H</span> <span class='ocrx_word' id='word_1_131' title='bbox 1116 1303 1185 1338; x_wconf 92' lang='grc' dir='ltr'>μη-</span> 
     </span>
     <span class='ocr_line' id='line_1_20' title="bbox 156 1346 1185 1399; baseline 0.004 -16"><span class='ocrx_word' id='word_1_132' title='bbox 156 1346 250 1393; x_wconf 79' lang='grc' dir='ltr'>λωτὴ</span> <span class='ocrx_word' id='word_1_133' title='bbox 265 1347 386 1385; x_wconf 85' lang='grc' dir='ltr'>τούτου</span> <span class='ocrx_word' id='word_1_134' title='bbox 404 1346 460 1384; x_wconf 85' lang='grc' dir='ltr'>τὸν</span> <span class='ocrx_word' id='word_1_135' title='bbox 475 1347 616 1399; x_wconf 84' lang='grc' dir='ltr'>οὐρανὸν</span> <span class='ocrx_word' id='word_1_136' title='bbox 630 1347 816 1386; x_wconf 81' lang='grc' dir='ltr'>ἀπέκλεισε</span> <span class='ocrx_word' id='word_1_137' title='bbox 828 1363 835 1371; x_wconf 91' lang='grc'><em>·</em></span> <span class='ocrx_word' id='word_1_138' title='bbox 847 1350 916 1385; x_wconf 83' lang='grc' dir='ltr'>τῶν</span> <span class='ocrx_word' id='word_1_139' title='bbox 932 1349 1042 1385; x_wconf 84' lang='grc' dir='ltr'>ὑετῶν</span> <span class='ocrx_word' id='word_1_140' title='bbox 1058 1348 1185 1395; x_wconf 84' lang='grc' dir='ltr'>ἔστησε</span> 
     </span>
     <span class='ocr_line' id='line_1_21' title="bbox 155 1407 1183 1460; baseline 0.003 -16"><span class='ocrx_word' id='word_1_141' title='bbox 155 1408 219 1454; x_wconf 73' lang='grc' dir='ltr'>τὴν</span> <span class='ocrx_word' id='word_1_142' title='bbox 235 1407 355 1459; x_wconf 79' lang='grc' dir='ltr'>φορὰν,</span> <span class='ocrx_word' id='word_1_143' title='bbox 371 1423 429 1445; x_wconf 88' lang='grc' dir='ltr'>και</span> <span class='ocrx_word' id='word_1_144' title='bbox 443 1410 464 1454; x_wconf 84' lang='grc' dir='ltr'>ἡ</span> <span class='ocrx_word' id='word_1_145' title='bbox 482 1409 626 1458; x_wconf 89' lang='grc' dir='ltr'>γλωσσα</span> <span class='ocrx_word' id='word_1_146' title='bbox 644 1411 704 1446; x_wconf 83' lang='grc' dir='ltr'>τοῦ</span> <span class='ocrx_word' id='word_1_147' title='bbox 723 1407 904 1460; x_wconf 72' lang='grc' dir='ltr'>προφήτου</span> <span class='ocrx_word' id='word_1_148' title='bbox 931 1408 1072 1460; x_wconf 80' lang='grc' dir='ltr'>χαλινὸς</span> <span class='ocrx_word' id='word_1_149' title='bbox 1102 1409 1183 1460; x_wconf 83' lang='grc' dir='ltr'>ἐγέ-</span> 
     </span>
     <span class='ocr_line' id='line_1_22' title="bbox 154 1467 1185 1521; baseline 0.002 -15.042"><span class='ocrx_word' id='word_1_150' title='bbox 154 1483 231 1506; x_wconf 88' lang='grc' dir='ltr'>νετο</span> <span class='ocrx_word' id='word_1_151' title='bbox 253 1470 302 1520; x_wconf 83' lang='grc' dir='ltr'>τῷ</span> <span class='ocrx_word' id='word_1_152' title='bbox 322 1469 474 1521; x_wconf 76' lang='grc' dir='ltr'>οὐρανῷ,</span> <span class='ocrx_word' id='word_1_153' title='bbox 495 1474 554 1507; x_wconf 85' lang='grc' dir='ltr'>καὶ</span> <span class='ocrx_word' id='word_1_154' title='bbox 570 1468 628 1506; x_wconf 83' lang='grc' dir='ltr'>ἐπὶ</span> <span class='ocrx_word' id='word_1_155' title='bbox 650 1468 727 1521; x_wconf 81' lang='grc' dir='ltr'>τρία</span> <span class='ocrx_word' id='word_1_156' title='bbox 743 1467 804 1515; x_wconf 84' lang='grc' dir='ltr'>ἔτη</span> <span class='ocrx_word' id='word_1_157' title='bbox 824 1468 883 1506; x_wconf 88' lang='grc' dir='ltr'>καὶ</span> <span class='ocrx_word' id='word_1_158' title='bbox 904 1471 1016 1519; x_wconf 84' lang='grc' dir='ltr'>μ’ῆνας</span> <span class='ocrx_word' id='word_1_159' title='bbox 1039 1468 1100 1513; x_wconf 78' lang='grc' dir='ltr'>ἓξ</span> <span class='ocrx_word' id='word_1_160' title='bbox 1088 1470 1185 1514; x_wconf 86' lang='grc' dir='ltr'>υετὸς</span> 
     </span>
     <span class='ocr_line' id='line_1_23' title="bbox 154 1529 1182 1583; baseline 0.003 -17"><span class='ocrx_word' id='word_1_161' title='bbox 154 1531 214 1567; x_wconf 85' lang='grc' dir='ltr'>οὐκ</span> <span class='ocrx_word' id='word_1_162' title='bbox 246 1530 302 1580; x_wconf 84' lang='grc' dir='ltr'>ἐγε</span> <span class='ocrx_word' id='word_1_163' title='bbox 291 1529 400 1567; x_wconf 81' lang='grc' dir='ltr'>.’·νετο</span> <span class='ocrx_word' id='word_1_164' title='bbox 427 1529 485 1567; x_wconf 70' lang='grc' dir='ltr'>καὶ</span> <span class='ocrx_word' id='word_1_165' title='bbox 523 1533 542 1568; x_wconf 86' lang='lat'>6</span> <span class='ocrx_word' id='word_1_166' title='bbox 573 1529 638 1576; x_wconf 84' lang='grc' dir='ltr'>τὴν</span> <span class='ocrx_word' id='word_1_167' title='bbox 659 1529 847 1582; x_wconf 81' lang='grc' dir='ltr'>ἁλουργίδα</span> <span class='ocrx_word' id='word_1_168' title='bbox 869 1545 927 1568; x_wconf 91' lang='grc' dir='ltr'>και</span> <span class='ocrx_word' id='word_1_169' title='bbox 955 1530 995 1569; x_wconf 83' lang='grc' dir='ltr'>τὸ</span> <span class='ocrx_word' id='word_1_170' title='bbox 1027 1531 1182 1583; x_wconf 79' lang='grc' dir='ltr'>διάδημα</span> 
     </span>
     <span class='ocr_line' id='line_1_24' title="bbox 152 1589 1181 1644; baseline 0.003 -17"><span class='ocrx_word' id='word_1_171' title='bbox 152 1589 392 1641; x_wconf 84' lang='grc' dir='ltr'>περικείμενος</span> <span class='ocrx_word' id='word_1_172' title='bbox 418 1590 557 1643; x_wconf 79' lang='grc' dir='ltr'>περιῄει</span> <span class='ocrx_word' id='word_1_173' title='bbox 588 1591 645 1628; x_wconf 87' lang='grc' dir='ltr'>τὸν</span> <span class='ocrx_word' id='word_1_174' title='bbox 678 1591 861 1644; x_wconf 82' lang='grc' dir='ltr'>προφήτην</span> <span class='ocrx_word' id='word_1_175' title='bbox 902 1593 1093 1640; x_wconf 80' lang='grc' dir='ltr'>ἐπιζητῶν,</span> <span class='ocrx_word' id='word_1_176' title='bbox 1121 1591 1181 1630; x_wconf 86' lang='grc' dir='ltr'>καὶ</span> 
     </span>
    </p>
   </div>
   <div class='ocr_carea' id='block_1_8' title="bbox 1210 744 1234 774">
    <p class='ocr_par' dir='ltr' id='par_1_8' title="bbox 1210 744 1234 774">
     <span class='ocr_line' id='line_1_25' title="bbox 1210 744 1234 774; baseline 0 0"><span class='ocrx_word' id='word_1_177' title='bbox 1210 744 1234 774; x_wconf 82' lang='lat' dir='ltr'><strong>E</strong></span> 
     </span>
    </p>
   </div>
   <div class='ocr_carea' id='block_1_9' title="bbox 1252 427 2231 1643">
    <p class='ocr_par' dir='ltr' id='par_1_9' title="bbox 1252 427 2231 1643">
     <span class='ocr_line' id='line_1_26' title="bbox 1260 427 2213 484; baseline 0.006 -20"><span class='ocrx_word' id='word_1_178' title='bbox 1260 427 1449 477; x_wconf 78' lang='lat' dir='ltr'>destituti,</span> <span class='ocrx_word' id='word_1_179' title='bbox 1485 431 1620 480; x_wconf 80' lang='lat' dir='ltr'>pressi,</span> <span class='ocrx_word' id='word_1_180' title='bbox 1662 429 1817 484; x_wconf 56' lang='lat' dir='ltr'>qfflicm</span> <span class='ocrx_word' id='word_1_181' title='bbox 1856 432 1994 482; x_wconf 82' lang='lat' dir='ltr'>quibus</span> <span class='ocrx_word' id='word_1_182' title='bbox 2030 432 2213 480; x_wconf 78' lang='lat' dir='ltr'>indignus</span> 
     </span>
     <span class='ocr_line' id='line_1_27' title="bbox 1261 489 2214 541; baseline 0.006 -17"><span class='ocrx_word' id='word_1_183' title='bbox 1261 496 1342 525; x_wconf 81' lang='lat' dir='ltr'>erat</span> <span class='ocrx_word' id='word_1_184' title='bbox 1371 490 1548 528; x_wconf 78' lang='lat' dir='ltr'>mundus.</span> <span class='ocrx_word' id='word_1_185' title='bbox 1584 490 1722 536; x_wconf 86' lang='lat' dir='ltr'>Totus,</span> <span class='ocrx_word' id='word_1_186' title='bbox 1745 489 1876 541; x_wconf 82' lang='lat' dir='ltr'>inquit,</span> <span class='ocrx_word' id='word_1_187' title='bbox 1905 490 1971 528; x_wconf 91' lang='lat' dir='ltr'>iste</span> <span class='ocrx_word' id='word_1_188' title='bbox 1990 490 2160 541; x_wconf 83' lang='lat' dir='ltr'>mundus,</span> <span class='ocrx_word' id='word_1_189' title='bbox 2182 502 2214 530; x_wconf 89' lang='lat' dir='ltr'>et</span> 
     </span>
     <span class='ocr_line' id='line_1_28' title="bbox 1258 550 2213 604; baseline 0.005 -18"><span class='ocrx_word' id='word_1_190' title='bbox 1258 557 1350 587; x_wconf 88' lang='lat' dir='ltr'>totus</span> <span class='ocrx_word' id='word_1_191' title='bbox 1363 550 1459 588; x_wconf 88' lang='lat' dir='ltr'>orbis</span> <span class='ocrx_word' id='word_1_192' title='bbox 1471 565 1539 588; x_wconf 91' lang='lat' dir='ltr'>non</span> <span class='ocrx_word' id='word_1_193' title='bbox 1556 560 1607 588; x_wconf 89' lang='lat' dir='ltr'>est</span> <span class='ocrx_word' id='word_1_194' title='bbox 1619 551 1851 590; x_wconf 87' lang='lat' dir='ltr'>conserendus</span> <span class='ocrx_word' id='word_1_195' title='bbox 1866 551 1910 590; x_wconf 87' lang='lat' dir='ltr'>iis</span> <span class='ocrx_word' id='word_1_196' title='bbox 1924 552 1984 604; x_wconf 91' lang='lat' dir='ltr'>qui</span> <span class='ocrx_word' id='word_1_197' title='bbox 2000 552 2034 589; x_wconf 91' lang='lat' dir='ltr'>in</span> <span class='ocrx_word' id='word_1_198' title='bbox 2051 552 2213 591; x_wconf 70' lang='lat' dir='ltr'>afflictio-</span> 
     </span>
     <span class='ocr_line' id='line_1_29' title="bbox 1256 609 2215 665; baseline 0.007 -19"><span class='ocrx_word' id='word_1_199' title='bbox 1256 609 1362 647; x_wconf 85' lang='lat' dir='ltr'>nibus</span> <span class='ocrx_word' id='word_1_200' title='bbox 1378 620 1411 648; x_wconf 90' lang='lat' dir='ltr'>et</span> <span class='ocrx_word' id='word_1_201' title='bbox 1429 611 1619 662; x_wconf 78' lang='lat' dir='ltr'>pressuris,</span> <span class='ocrx_word' id='word_1_202' title='bbox 1638 621 1671 650; x_wconf 89' lang='lat' dir='ltr'>ct</span> <span class='ocrx_word' id='word_1_203' title='bbox 1691 612 1850 651; x_wconf 90' lang='lat' dir='ltr'>nuditate</span> <span class='ocrx_word' id='word_1_204' title='bbox 1863 623 1973 665; x_wconf 80' lang='lat' dir='ltr'>agunt</span> <span class='ocrx_word' id='word_1_205' title='bbox 1990 623 2024 652; x_wconf 88' lang='lat' dir='ltr'>et</span> <span class='ocrx_word' id='word_1_206' title='bbox 2039 614 2215 653; x_wconf 88' lang='lat' dir='ltr'>obambu-</span> 
     </span>
     <span class='ocr_line' id='line_1_30' title="bbox 1256 668 2212 728; baseline 0.008 -22"><span class='ocrx_word' id='word_1_207' title='bbox 1256 668 1348 718; x_wconf 82' lang='lat' dir='ltr'>lant,</span> <span class='ocrx_word' id='word_1_208' title='bbox 1370 679 1403 708; x_wconf 91' lang='lat' dir='ltr'>et</span> <span class='ocrx_word' id='word_1_209' title='bbox 1423 671 1458 708; x_wconf 93' lang='lat' dir='ltr'>in</span> <span class='ocrx_word' id='word_1_210' title='bbox 1477 671 1658 723; x_wconf 84' lang='lat' dir='ltr'><strong>speluncis</strong></span> <span class='ocrx_word' id='word_1_211' title='bbox 1692 683 1878 711; x_wconf 73' lang='lat' dir='ltr'>versantur</span> <span class='ocrx_word' id='word_1_212' title='bbox 1910 684 2055 728; x_wconf 87' lang='lat' dir='ltr'>propter</span> <span class='ocrx_word' id='word_1_213' title='bbox 2083 677 2212 714; x_wconf 89' lang='lat' dir='ltr'>Deum.</span> 
     </span>
     <span class='ocr_line' id='line_1_31' title="bbox 1309 730 2214 783; baseline 0.007 -14"><span class='ocrx_word' id='word_1_214' title='bbox 1309 732 1346 769; x_wconf 83' lang='lat'>6.</span> <span class='ocrx_word' id='word_1_215' title='bbox 1364 730 1494 782; x_wconf 81' lang='lat' dir='ltr'><strong>Igitur,</strong></span> <span class='ocrx_word' id='word_1_216' title='bbox 1513 730 1656 781; x_wconf 83' lang='lat' dir='ltr'>dilecte,</span> <span class='ocrx_word' id='word_1_217' title='bbox 1685 733 1829 783; x_wconf 86' lang='lat' dir='ltr'>quando</span> <span class='ocrx_word' id='word_1_218' title='bbox 1848 735 1983 773; x_wconf 85' lang='lat' dir='ltr'>videris</span> <span class='ocrx_word' id='word_1_219' title='bbox 2008 737 2127 775; x_wconf 78' lang='lat' dir='ltr'>virum</span> <span class='ocrx_word' id='word_1_220' title='bbox 2149 737 2214 777; x_wconf 83' lang='lat' dir='ltr'>vili</span> 
     </span>
     <span class='ocr_line' id='line_1_32' title="bbox 1256 792 2215 843; baseline 0.009 -15"><span class='ocrx_word' id='word_1_221' title='bbox 1256 800 1401 829; x_wconf 84' lang='lat' dir='ltr'>externo</span> <span class='ocrx_word' id='word_1_222' title='bbox 1418 792 1543 830; x_wconf 88' lang='lat' dir='ltr'>habitu</span> <span class='ocrx_word' id='word_1_223' title='bbox 1560 793 1740 843; x_wconf 83' lang='lat' dir='ltr'>vestitum,</span> <span class='ocrx_word' id='word_1_224' title='bbox 1758 795 1888 833; x_wconf 88' lang='lat' dir='ltr'>virtute</span> <span class='ocrx_word' id='word_1_225' title='bbox 1905 811 1986 834; x_wconf 80' lang='lat' dir='ltr'>vcro</span> <span class='ocrx_word' id='word_1_226' title='bbox 2004 798 2215 837; x_wconf 85' lang='lat' dir='ltr'>intrinsecus</span> 
     </span>
     <span class='ocr_line' id='line_1_33' title="bbox 1255 853 2213 911; baseline 0.008 -21"><span class='ocrx_word' id='word_1_227' title='bbox 1255 853 1445 904; x_wconf 84' lang='lat' dir='ltr'>amictum,</span> <span class='ocrx_word' id='word_1_228' title='bbox 1463 868 1507 892; x_wconf 90' lang='lat' dir='ltr'>ne</span> <span class='ocrx_word' id='word_1_229' title='bbox 1525 854 1622 893; x_wconf 90' lang='lat' dir='ltr'>hunc</span> <span class='ocrx_word' id='word_1_230' title='bbox 1648 855 1879 907; x_wconf 83' lang='lat' dir='ltr'>vilipenderis</span> <span class='ocrx_word' id='word_1_231' title='bbox 1898 867 2040 910; x_wconf 83' lang='lat' dir='ltr'>propter</span> <span class='ocrx_word' id='word_1_232' title='bbox 2060 859 2096 896; x_wconf 91' lang='lat' dir='ltr'>id</span> <span class='ocrx_word' id='word_1_233' title='bbox 2117 860 2213 911; x_wconf 88' lang='lat' dir='ltr'>quod</span> 
     </span>
     <span class='ocr_line' id='line_1_34' title="bbox 1255 915 2212 967; baseline 0.007 -15"><span class='ocrx_word' id='word_1_234' title='bbox 1255 924 1401 967; x_wconf 79' lang='lat' dir='ltr'>apparet</span> <span class='ocrx_word' id='word_1_235' title='bbox 1417 931 1424 952; x_wconf 76' lang='grc' dir='ltr'>ι</span> <span class='ocrx_word' id='word_1_236' title='bbox 1440 915 1502 954; x_wconf 89' lang='lat' dir='ltr'>sed</span> <span class='ocrx_word' id='word_1_237' title='bbox 1520 915 1647 954; x_wconf 84' lang='lat' dir='ltr'>auimae</span> <span class='ocrx_word' id='word_1_238' title='bbox 1675 915 1822 955; x_wconf 86' lang='lat' dir='ltr'>divitias</span> <span class='ocrx_word' id='word_1_239' title='bbox 1845 918 1961 966; x_wconf 88' lang='lat' dir='ltr'>disce,</span> <span class='ocrx_word' id='word_1_240' title='bbox 1986 929 2019 957; x_wconf 91' lang='lat' dir='ltr'>et</span> <span class='ocrx_word' id='word_1_241' title='bbox 2041 919 2212 960; x_wconf 83' lang='lat' dir='ltr'>internam</span> 
     </span>
     <span class='ocr_line' id='line_1_35' title="bbox 1255 975 2213 1031; baseline 0.007 -18"><span class='ocrx_word' id='word_1_242' title='bbox 1255 975 1426 1026; x_wconf 76' lang='lat' dir='ltr'>gloriam,</span> <span class='ocrx_word' id='word_1_243' title='bbox 1444 985 1477 1014; x_wconf 89' lang='lat' dir='ltr'>et</span> <span class='ocrx_word' id='word_1_244' title='bbox 1495 985 1581 1014; x_wconf 89' lang='lat' dir='ltr'>tunc</span> <span class='ocrx_word' id='word_1_245' title='bbox 1600 975 1739 1016; x_wconf 84' lang='lat' dir='ltr'>videbis</span> <span class='ocrx_word' id='word_1_246' title='bbox 1758 977 1916 1029; x_wconf 88' lang='lat' dir='ltr'>undique</span> <span class='ocrx_word' id='word_1_247' title='bbox 1932 979 2124 1031; x_wconf 81' lang='lat' dir='ltr'><strong>fulgentem</strong></span> <span class='ocrx_word' id='word_1_248' title='bbox 2142 982 2213 1020; x_wconf 67' lang='lat' dir='ltr'>vir-</span> 
     </span>
     <span class='ocr_line' id='line_1_36' title="bbox 1254 1037 2213 1091; baseline 0.006 -17"><span class='ocrx_word' id='word_1_249' title='bbox 1254 1045 1377 1075; x_wconf 87' lang='lat' dir='ltr'>tutem.</span> <span class='ocrx_word' id='word_1_250' title='bbox 1395 1037 1494 1075; x_wconf 86' lang='lat' dir='ltr'>Talis</span> <span class='ocrx_word' id='word_1_251' title='bbox 1511 1047 1585 1076; x_wconf 84' lang='lat' dir='ltr'>erat</span> <span class='ocrx_word' id='word_1_252' title='bbox 1605 1038 1730 1076; x_wconf 86' lang='lat' dir='ltr'>beatus</span> <span class='ocrx_word' id='word_1_253' title='bbox 1747 1038 1861 1087; x_wconf 84' lang='lat' dir='ltr'>Elias,</span> <span class='ocrx_word' id='word_1_254' title='bbox 1880 1040 1941 1091; x_wconf 89' lang='lat' dir='ltr'>qui</span> <span class='ocrx_word' id='word_1_255' title='bbox 1959 1041 2121 1079; x_wconf 70' lang='lat' dir='ltr'>melotem</span> <span class='ocrx_word' id='word_1_256' title='bbox 2139 1052 2213 1080; x_wconf 86' lang='lat' dir='ltr'>tan-</span> 
     </span>
     <span class='ocr_line' id='line_1_37' title="bbox 1254 1098 2213 1152; baseline 0.006 -17"><span class='ocrx_word' id='word_1_257' title='bbox 1254 1107 1331 1136; x_wconf 90' lang='lat' dir='ltr'>tum</span> <span class='ocrx_word' id='word_1_258' title='bbox 1350 1098 1478 1137; x_wconf 88' lang='lat' dir='ltr'>habuit</span> <span class='ocrx_word' id='word_1_259' title='bbox 1488 1116 1499 1150; x_wconf 74' lang='lat'>5</span> <span class='ocrx_word' id='word_1_260' title='bbox 1514 1109 1547 1138; x_wconf 89' lang='lat' dir='ltr'>et</span> <span class='ocrx_word' id='word_1_261' title='bbox 1567 1099 1627 1151; x_wconf 89' lang='lat' dir='ltr'>qui</span> <span class='ocrx_word' id='word_1_262' title='bbox 1645 1114 1805 1152; x_wconf 84' lang='lat' dir='ltr'>purpura</span> <span class='ocrx_word' id='word_1_263' title='bbox 1819 1101 1970 1139; x_wconf 79' lang='lat' dir='ltr'>vestitus</span> <span class='ocrx_word' id='word_1_264' title='bbox 1986 1112 2059 1140; x_wconf 86' lang='lat' dir='ltr'>erat</span> <span class='ocrx_word' id='word_1_265' title='bbox 2076 1104 2213 1152; x_wconf 69' lang='lat' dir='ltr'>Achab,</span> 
     </span>
     <span class='ocr_line' id='line_1_38' title="bbox 1255 1158 2214 1217; baseline 0.006 -21"><span class='ocrx_word' id='word_1_266' title='bbox 1255 1158 1353 1198; x_wconf 92' lang='lat' dir='ltr'>illius</span> <span class='ocrx_word' id='word_1_267' title='bbox 1378 1160 1507 1199; x_wconf 87' lang='lat' dir='ltr'>melote</span> <span class='ocrx_word' id='word_1_268' title='bbox 1524 1161 1717 1213; x_wconf 78' lang='lat' dir='ltr'>indigebat.</span> <span class='ocrx_word' id='word_1_269' title='bbox 1735 1160 1871 1201; x_wconf 87' lang='lat' dir='ltr'>Vidisti</span> <span class='ocrx_word' id='word_1_270' title='bbox 1891 1162 2026 1201; x_wconf 79' lang='lat' dir='ltr'>Achabi</span> <span class='ocrx_word' id='word_1_271' title='bbox 2044 1164 2214 1217; x_wconf 81' lang='lat' dir='ltr'>inopiam,</span> 
     </span>
     <span class='ocr_line' id='line_1_39' title="bbox 1255 1219 2215 1277; baseline 0.008 -20"><span class='ocrx_word' id='word_1_272' title='bbox 1255 1219 1344 1258; x_wconf 86' lang='lat' dir='ltr'>Eliae</span> <span class='ocrx_word' id='word_1_273' title='bbox 1359 1230 1478 1259; x_wconf 87' lang='lat' dir='ltr'>autem</span> <span class='ocrx_word' id='word_1_274' title='bbox 1495 1221 1669 1260; x_wconf 77' lang='lat' dir='ltr'>divitias?</span> <span class='ocrx_word' id='word_1_275' title='bbox 1692 1221 1784 1262; x_wconf 86' lang='lat' dir='ltr'>Vide</span> <span class='ocrx_word' id='word_1_276' title='bbox 1803 1231 1836 1260; x_wconf 90' lang='lat' dir='ltr'>et</span> <span class='ocrx_word' id='word_1_277' title='bbox 1855 1233 2029 1274; x_wconf 89' lang='lat' dir='ltr'>quantum</span> <span class='ocrx_word' id='word_1_278' title='bbox 2046 1235 2215 1277; x_wconf 77' lang='lat' dir='ltr'>potestate</span> 
     </span>
     <span class='ocr_line' id='line_1_40' title="bbox 1253 1280 2215 1339; baseline 0.006 -20"><span class='ocrx_word' id='word_1_279' title='bbox 1253 1280 1397 1320; x_wconf 86' lang='lat' dir='ltr'>distent.</span> <span class='ocrx_word' id='word_1_280' title='bbox 1420 1282 1554 1321; x_wconf 89' lang='lat' dir='ltr'>Melote</span> <span class='ocrx_word' id='word_1_281' title='bbox 1570 1283 1680 1336; x_wconf 78' lang='lat' dir='ltr'>hujus</span> <span class='ocrx_word' id='word_1_282' title='bbox 1700 1283 1826 1322; x_wconf 86' lang='lat' dir='ltr'>caelum</span> <span class='ocrx_word' id='word_1_283' title='bbox 1846 1285 1988 1334; x_wconf 88' lang='lat' dir='ltr'>clausit,</span> <span class='ocrx_word' id='word_1_284' title='bbox 2009 1287 2215 1339; x_wconf 79' lang='lat' dir='ltr'>pluviarum</span> 
     </span>
     <span class='ocr_line' id='line_1_41' title="bbox 1253 1341 2215 1400; baseline 0.007 -20"><span class='ocrx_word' id='word_1_285' title='bbox 1253 1341 1462 1382; x_wconf 85' lang='lat' dir='ltr'>descensum</span> <span class='ocrx_word' id='word_1_286' title='bbox 1475 1344 1633 1382; x_wconf 86' lang='lat' dir='ltr'>inhibuit</span> <span class='ocrx_word' id='word_1_287' title='bbox 1641 1360 1652 1395; x_wconf 78' lang='lat'>3</span> <span class='ocrx_word' id='word_1_288' title='bbox 1664 1345 1787 1397; x_wconf 84' lang='lat' dir='ltr'>lingua</span> <span class='ocrx_word' id='word_1_289' title='bbox 1801 1347 1983 1400; x_wconf 81' lang='lat' dir='ltr'>prophetae</span> <span class='ocrx_word' id='word_1_290' title='bbox 1994 1349 2134 1386; x_wconf 89' lang='lat' dir='ltr'>frenum</span> <span class='ocrx_word' id='word_1_291' title='bbox 2146 1350 2215 1387; x_wconf 83' lang='lat' dir='ltr'>fuit</span> 
     </span>
     <span class='ocr_line' id='line_1_42' title="bbox 1253 1404 2214 1462; baseline 0.007 -21"><span class='ocrx_word' id='word_1_292' title='bbox 1253 1404 1354 1455; x_wconf 82' lang='lat' dir='ltr'>caelo,</span> <span class='ocrx_word' id='word_1_293' title='bbox 1370 1405 1542 1457; x_wconf 88' lang='lat' dir='ltr'>annisque</span> <span class='ocrx_word' id='word_1_294' title='bbox 1555 1405 1672 1444; x_wconf 88' lang='lat' dir='ltr'>tribus</span> <span class='ocrx_word' id='word_1_295' title='bbox 1687 1415 1720 1445; x_wconf 93' lang='lat' dir='ltr'>et</span> <span class='ocrx_word' id='word_1_296' title='bbox 1734 1420 1797 1445; x_wconf 84' lang='lat' dir='ltr'>sex</span> <span class='ocrx_word' id='word_1_297' title='bbox 1813 1408 1996 1447; x_wconf 89' lang='lat' dir='ltr'>mensibus</span> <span class='ocrx_word' id='word_1_298' title='bbox 2010 1410 2131 1462; x_wconf 85' lang='lat' dir='ltr'>pluvia</span> <span class='ocrx_word' id='word_1_299' title='bbox 2145 1425 2214 1448; x_wconf 89' lang='lat' dir='ltr'>non</span> 
     </span>
     <span class='ocr_line' id='line_1_43' title="bbox 1253 1465 2216 1521; baseline 0.008 -19"><span class='ocrx_word' id='word_1_300' title='bbox 1253 1465 1321 1503; x_wconf 89' lang='lat' dir='ltr'>fuit</span> <span class='ocrx_word' id='word_1_301' title='bbox 1337 1481 1344 1502; x_wconf 93' lang='lat'><strong>:</strong></span> <span class='ocrx_word' id='word_1_302' title='bbox 1361 1466 1424 1505; x_wconf 89' lang='lat' dir='ltr'>ille</span> <span class='ocrx_word' id='word_1_303' title='bbox 1441 1476 1574 1516; x_wconf 81' lang='lat' dir='ltr'>autem,</span> <span class='ocrx_word' id='word_1_304' title='bbox 1595 1482 1756 1521; x_wconf 83' lang='lat' dir='ltr'>purpura</span> <span class='ocrx_word' id='word_1_305' title='bbox 1785 1469 1937 1509; x_wconf 88' lang='lat' dir='ltr'>amictus</span> <span class='ocrx_word' id='word_1_306' title='bbox 1956 1480 1989 1509; x_wconf 87' lang='lat' dir='ltr'>et</span> <span class='ocrx_word' id='word_1_307' title='bbox 2013 1470 2216 1510; x_wconf 82' lang='lat' dir='ltr'>diademate</span> 
     </span>
     <span class='ocr_line' id='line_1_44' title="bbox 1252 1525 2231 1585; baseline 0.008 -21"><span class='ocrx_word' id='word_1_308' title='bbox 1252 1525 1455 1578; x_wconf 83' lang='lat' dir='ltr'>redimitus,</span> <span class='ocrx_word' id='word_1_309' title='bbox 1481 1527 1696 1567; x_wconf 79' lang='lat' dir='ltr'>circumibat</span> <span class='ocrx_word' id='word_1_310' title='bbox 1726 1544 1887 1581; x_wconf 79' lang='lat' dir='ltr'>quaerens</span> <span class='ocrx_word' id='word_1_311' title='bbox 1921 1532 2148 1585; x_wconf 77' lang='lat' dir='ltr'>proplietam,</span> <span class='ocrx_word' id='word_1_312' title='bbox 2181 1541 2231 1572; x_wconf 79' lang='lat' dir='ltr'>et&#39;</span> 
     </span>
     <span class='ocr_line' id='line_1_45' title="bbox 1252 1588 2214 1643; baseline 0.007 -17"><span class='ocrx_word' id='word_1_313' title='bbox 1252 1588 1344 1626; x_wconf 90' lang='lat' dir='ltr'>nihil</span> <span class='ocrx_word' id='word_1_314' title='bbox 1361 1589 1452 1628; x_wconf 84' lang='lat' dir='ltr'>lucri</span> <span class='ocrx_word' id='word_1_315' title='bbox 1474 1604 1520 1628; x_wconf 81' lang='lat' dir='ltr'>ex</span> <span class='ocrx_word' id='word_1_316' title='bbox 1541 1599 1636 1629; x_wconf 91' lang='lat' dir='ltr'>tanta</span> <span class='ocrx_word' id='word_1_317' title='bbox 1663 1600 1835 1643; x_wconf 80' lang='lat' dir='ltr'>potestate</span> <span class='ocrx_word' id='word_1_318' title='bbox 1850 1592 2015 1631; x_wconf 88' lang='lat' dir='ltr'>habebat.</span> <span class='ocrx_word' id='word_1_319' title='bbox 2038 1594 2214 1633; x_wconf 64' lang='lat' dir='ltr'>Caeterum</span> 
     </span>
    </p>
   </div>
   <div class='ocr_carea' id='block_1_10' title="bbox 152 1639 2214 1708">
    <p class='ocr_par' dir='ltr' id='par_1_10' title="bbox 152 1639 2214 1708">
     <span class='ocr_line' id='line_1_46' title="bbox 152 1639 2214 1708; baseline 0.001 -17"><span class='ocrx_word' id='word_1_320' title='bbox 152 1651 248 1689; x_wconf 76' lang='grc' dir='ltr'>οὐδὲν</span> <span class='ocrx_word' id='word_1_321' title='bbox 269 1651 454 1702; x_wconf 77' lang='grc' dir='ltr'>δυνάμενος</span> <span class='ocrx_word' id='word_1_322' title='bbox 470 1654 633 1704; x_wconf 78' lang='grc' dir='ltr'>κερδᾶναι</span> <span class='ocrx_word' id='word_1_323' title='bbox 649 1654 688 1691; x_wconf 81' lang='grc' dir='ltr'>ἐκ</span> <span class='ocrx_word' id='word_1_324' title='bbox 701 1656 764 1699; x_wconf 78' lang='grc' dir='ltr'>τῆς</span> <span class='ocrx_word' id='word_1_325' title='bbox 780 1651 952 1699; x_wconf 80' lang='grc' dir='ltr'>τοσαύτης</span> <span class='ocrx_word' id='word_1_326' title='bbox 966 1653 1180 1696; x_wconf 80' lang='grc' dir='ltr'>δυναστείας.</span> <span class='ocrx_word' id='word_1_327' title='bbox 1195 1639 1242 1707; x_wconf 41' lang='lat'>‘⁸23²</span> <span class='ocrx_word' id='word_1_328' title='bbox 1252 1648 1334 1688; x_wconf 83' lang='lat' dir='ltr'>vide</span> <span class='ocrx_word' id='word_1_329' title='bbox 1353 1651 1498 1689; x_wconf 88' lang='lat' dir='ltr'>Domini</span> <span class='ocrx_word' id='word_1_330' title='bbox 1520 1651 1755 1690; x_wconf 87' lang='lat' dir='ltr'>clementiam.</span> <span class='ocrx_word' id='word_1_331' title='bbox 1777 1653 1872 1700; x_wconf 83' lang='lat' dir='ltr'>Quia</span> <span class='ocrx_word' id='word_1_332' title='bbox 1897 1653 1983 1693; x_wconf 78' lang='lat' dir='ltr'>vidit</span> <span class='ocrx_word' id='word_1_333' title='bbox 2002 1656 2214 1708; x_wconf 87' lang='lat' dir='ltr'>prophetam</span> 
     </span>
    </p>
   </div>
   <div class='ocr_carea' id='block_1_11' title="bbox 141 1708 1184 2993">
    <p class='ocr_par' dir='ltr' id='par_1_11' title="bbox 141 1708 1184 2993">
     <span class='ocr_line' id='line_1_47' title="bbox 152 1708 1181 1766; baseline 0.002 -16.014"><span class='ocrx_word' id='word_1_334' title='bbox 152 1711 244 1750; x_wconf 54' lang='grc' dir='ltr'>ΗΑλλ</span> <span class='ocrx_word' id='word_1_335' title='bbox 259 1713 323 1764; x_wconf 80' lang='grc' dir='ltr'>ὅρα</span> <span class='ocrx_word' id='word_1_336' title='bbox 342 1712 521 1751; x_wconf 85' lang='grc' dir='ltr'>Δεσπότου</span> <span class='ocrx_word' id='word_1_337' title='bbox 542 1713 816 1766; x_wconf 83' lang='grc' dir='ltr'>φιλανθρωπίαν.</span> <span class='ocrx_word' id='word_1_338' title='bbox 841 1713 882 1751; x_wconf 90' lang='grc' dir='ltr'>Ἰ</span> <span class='ocrx_word' id='word_1_339' title='bbox 873 1714 988 1761; x_wconf 83' lang='grc' dir='ltr'>πειδὴ</span> <span class='ocrx_word' id='word_1_340' title='bbox 1010 1708 1097 1752; x_wconf 74' lang='grc' dir='ltr'>εἶδεν</span> <span class='ocrx_word' id='word_1_341' title='bbox 1111 1714 1181 1752; x_wconf 81' lang='grc' dir='ltr'>ἀπὸ</span> 
     </span>
     <span class='ocr_line' id='line_1_48' title="bbox 153 1773 1180 1827; baseline 0.004 -17"><span class='ocrx_word' id='word_1_342' title='bbox 153 1773 258 1819; x_wconf 79' lang='grc' dir='ltr'>ζήλου</span> <span class='ocrx_word' id='word_1_343' title='bbox 272 1774 330 1811; x_wconf 82' lang='grc' dir='ltr'>καὶ</span> <span class='ocrx_word' id='word_1_344' title='bbox 344 1775 475 1820; x_wconf 77' lang='grc' dir='ltr'>πολλῆς</span> <span class='ocrx_word' id='word_1_345' title='bbox 490 1775 700 1826; x_wconf 78' lang='grc' dir='ltr'>θερμότητος</span> <span class='ocrx_word' id='word_1_346' title='bbox 711 1775 768 1813; x_wconf 87' lang='grc' dir='ltr'>τὸν</span> <span class='ocrx_word' id='word_1_347' title='bbox 778 1774 962 1827; x_wconf 72' lang='grc' dir='ltr'>προφήτην</span> <span class='ocrx_word' id='word_1_348' title='bbox 978 1776 1180 1823; x_wconf 80' lang='grc' dir='ltr'>κινηθέντα,</span> 
     </span>
     <span class='ocr_line' id='line_1_49' title="bbox 153 1834 1181 1888; baseline 0.003 -16"><span class='ocrx_word' id='word_1_349' title='bbox 153 1834 212 1872; x_wconf 79' lang='grc' dir='ltr'>καὶ</span> <span class='ocrx_word' id='word_1_350' title='bbox 232 1834 294 1882; x_wconf 80' lang='grc' dir='ltr'>τὴν</span> <span class='ocrx_word' id='word_1_351' title='bbox 317 1834 472 1886; x_wconf 77' lang='grc' dir='ltr'>μεγάλην</span> <span class='ocrx_word' id='word_1_352' title='bbox 491 1835 622 1882; x_wconf 84' lang='grc' dir='ltr'>ταύτην</span> <span class='ocrx_word' id='word_1_353' title='bbox 642 1835 814 1888; x_wconf 85' lang='grc' dir='ltr'>τιμωρίαν</span> <span class='ocrx_word' id='word_1_354' title='bbox 836 1835 1059 1888; x_wconf 79' lang='grc' dir='ltr'>ἐπαγαγόντα</span> <span class='ocrx_word' id='word_1_355' title='bbox 1090 1837 1181 1875; x_wconf 75' lang='grc' dir='ltr'>κατὰ</span> 
     </span>
     <span class='ocr_line' id='line_1_50' title="bbox 152 1895 1181 1948; baseline 0.003 -15"><span class='ocrx_word' id='word_1_356' title='bbox 152 1895 267 1942; x_wconf 82' lang='grc' dir='ltr'>πάσης</span> <span class='ocrx_word' id='word_1_357' title='bbox 290 1899 351 1943; x_wconf 74' lang='grc' dir='ltr'>τῆς</span> <span class='ocrx_word' id='word_1_358' title='bbox 377 1900 461 1948; x_wconf 65' lang='grc' dir='ltr'>γῆς,</span> <span class='ocrx_word' id='word_1_359' title='bbox 492 1896 582 1934; x_wconf 80' lang='grc' dir='ltr'>ὥστε</span> <span class='ocrx_word' id='word_1_360' title='bbox 618 1897 666 1947; x_wconf 87' lang='grc' dir='ltr'>μὴ</span> <span class='ocrx_word' id='word_1_361' title='bbox 696 1897 754 1935; x_wconf 82' lang='grc' dir='ltr'>καὶ</span> <span class='ocrx_word' id='word_1_362' title='bbox 785 1897 886 1936; x_wconf 79' lang='grc' dir='ltr'>αὐτὸν</span> <span class='ocrx_word' id='word_1_363' title='bbox 916 1899 1181 1936; x_wconf 83' lang='grc' dir='ltr'>συναπολαῧσαι</span> 
     </span>
     <span class='ocr_line' id='line_1_51' title="bbox 152 1957 1181 2012; baseline 0.004 -18"><span class='ocrx_word' id='word_1_364' title='bbox 152 1959 213 2003; x_wconf 77' lang='grc' dir='ltr'>τῆς</span> <span class='ocrx_word' id='word_1_365' title='bbox 230 1957 418 2009; x_wconf 87' lang='grc' dir='ltr'>τιμωρίας,</span> <span class='ocrx_word' id='word_1_366' title='bbox 438 1957 497 1995; x_wconf 77' lang='grc' dir='ltr'>καὶ</span> <span class='ocrx_word' id='word_1_367' title='bbox 525 1958 651 2009; x_wconf 85' lang='grc' dir='ltr'>ὁμοίως</span> <span class='ocrx_word' id='word_1_368' title='bbox 675 1961 718 2010; x_wconf 74' lang='grc' dir='ltr'>τῇ</span> <span class='ocrx_word' id='word_1_369' title='bbox 739 1958 878 1997; x_wconf 82' lang='grc' dir='ltr'>ἐκείνων</span> <span class='ocrx_word' id='word_1_370' title='bbox 898 1958 1049 2012; x_wconf 79' lang='grc' dir='ltr'>πονηρίᾳ</span> <span class='ocrx_word' id='word_1_371' title='bbox 1076 1959 1181 1998; x_wconf 83' lang='grc' dir='ltr'>κολά-</span> 
     </span>
     <span class='ocr_line' id='line_1_52' title="bbox 152 2019 1180 2073; baseline 0.003 -17"><span class='ocrx_word' id='word_1_372' title='bbox 152 2021 287 2064; x_wconf 88' lang='grc' dir='ltr'>ζεσθαι,</span> <span class='ocrx_word' id='word_1_373' title='bbox 314 2019 399 2072; x_wconf 80' lang='grc' dir='ltr'>φησὶ</span> <span class='ocrx_word' id='word_1_374' title='bbox 428 2020 512 2071; x_wconf 74' lang='grc' dir='ltr'>πρὸς</span> <span class='ocrx_word' id='word_1_375' title='bbox 544 2019 668 2057; x_wconf 81' lang='grc' dir='ltr'>αὐτόν·</span> <span class='ocrx_word' id='word_1_376' title='bbox 701 2020 876 2072; x_wconf 78' lang='grc' dir='ltr'>Ἐγερθεὶς</span> <span class='ocrx_word' id='word_1_377' title='bbox 904 2020 1098 2073; x_wconf 43' lang='grc' dir='ltr'>,πορεύθητι</span> <span class='ocrx_word' id='word_1_378' title='bbox 1132 2023 1180 2064; x_wconf 88' lang='grc' dir='ltr'>εἷς</span> 
     </span>
     <span class='ocr_line' id='line_1_53' title="bbox 152 2080 1180 2133; baseline 0.001 -14"><span class='ocrx_word' id='word_1_379' title='bbox 152 2080 318 2133; x_wconf 85' lang='grc' dir='ltr'>Σαρεπτὰ</span> <span class='ocrx_word' id='word_1_380' title='bbox 337 2084 399 2127; x_wconf 73' lang='grc' dir='ltr'>τῆς</span> <span class='ocrx_word' id='word_1_381' title='bbox 418 2080 600 2124; x_wconf 81' lang='grc' dir='ltr'>Σιδωνίας.</span> <span class='ocrx_word' id='word_1_382' title='bbox 622 2081 720 2119; x_wconf 78' lang='grc' dir='ltr'>Ἐκεῖ</span> <span class='ocrx_word' id='word_1_383' title='bbox 736 2081 803 2133; x_wconf 87' lang='grc' dir='ltr'>γὰρ</span> <span class='ocrx_word' id='word_1_384' title='bbox 820 2083 1024 2132; x_wconf 80' lang='grc' dir='ltr'>ἐντελοῧμαι</span> <span class='ocrx_word' id='word_1_385' title='bbox 1040 2082 1180 2133; x_wconf 75' lang='grc' dir='ltr'>γυναικὶ</span> 
     </span>
     <span class='ocr_line' id='line_1_54' title="bbox 150 2141 1181 2196; baseline 0.001 -16"><span class='ocrx_word' id='word_1_386' title='bbox 150 2142 245 2195; x_wconf 76' lang='grc' dir='ltr'>χήρα</span> <span class='ocrx_word' id='word_1_387' title='bbox 261 2146 320 2180; x_wconf 78' lang='grc' dir='ltr'>τοῦ</span> <span class='ocrx_word' id='word_1_388' title='bbox 341 2141 533 2194; x_wconf 81' lang='grc' dir='ltr'>διατρέφειν</span> <span class='ocrx_word' id='word_1_389' title='bbox 553 2157 604 2179; x_wconf 90' lang='grc' dir='ltr'>σε.</span> <span class='ocrx_word' id='word_1_390' title='bbox 623 2143 692 2180; x_wconf 76' lang='grc' dir='ltr'>Καὶ</span> <span class='ocrx_word' id='word_1_391' title='bbox 706 2141 859 2186; x_wconf 77' lang='grc' dir='ltr'>ἀναστὰς</span> <span class='ocrx_word' id='word_1_392' title='bbox 881 2142 1067 2195; x_wconf 82' lang='grc' dir='ltr'>ἐπορεύθη.</span> <span class='ocrx_word' id='word_1_393' title='bbox 1082 2143 1181 2196; x_wconf 70' lang='grc' dir='ltr'>εὈρα</span> 
     </span>
     <span class='ocr_line' id='line_1_55' title="bbox 149 2203 1181 2257; baseline 0.002 -17"><span class='ocrx_word' id='word_1_394' title='bbox 149 2208 209 2242; x_wconf 76' lang='grc' dir='ltr'>τοῦ</span> <span class='ocrx_word' id='word_1_395' title='bbox 241 2203 447 2254; x_wconf 82' lang='grc' dir='ltr'>Πνεύματος</span> <span class='ocrx_word' id='word_1_396' title='bbox 473 2203 538 2249; x_wconf 79' lang='grc' dir='ltr'>τὴν</span> <span class='ocrx_word' id='word_1_397' title='bbox 557 2203 683 2255; x_wconf 77' lang='grc' dir='ltr'>χάριν,</span> <span class='ocrx_word' id='word_1_398' title='bbox 719 2203 893 2255; x_wconf 81' lang='grc' dir='ltr'>ἀγαπητέ.</span> <span class='ocrx_word' id='word_1_399' title='bbox 927 2203 997 2242; x_wconf 78' lang='grc' dir='ltr'>Καὶ</span> <span class='ocrx_word' id='word_1_400' title='bbox 1028 2204 1095 2257; x_wconf 83' lang='grc' dir='ltr'>γὰρ</span> <span class='ocrx_word' id='word_1_401' title='bbox 1121 2205 1181 2243; x_wconf 83' lang='grc' dir='ltr'>καὶ</span> 
     </span>
     <span class='ocr_line' id='line_1_56' title="bbox 148 2263 1180 2316; baseline 0.002 -15"><span class='ocrx_word' id='word_1_402' title='bbox 148 2263 229 2316; x_wconf 72' lang='grc' dir='ltr'>χθὲς</span> <span class='ocrx_word' id='word_1_403' title='bbox 245 2266 291 2307; x_wconf 88' lang='grc' dir='ltr'>εἰς</span> <span class='ocrx_word' id='word_1_404' title='bbox 308 2264 502 2316; x_wconf 76' lang='grc' dir='ltr'>φιλοξενίαν</span> <span class='ocrx_word' id='word_1_405' title='bbox 524 2267 608 2314; x_wconf 81' lang='grc' dir='ltr'>ἡμῖν</span> <span class='ocrx_word' id='word_1_406' title='bbox 628 2267 645 2301; x_wconf 88' lang='lat'>6</span> <span class='ocrx_word' id='word_1_407' title='bbox 660 2264 761 2315; x_wconf 86' lang='grc' dir='ltr'>λόγος</span> <span class='ocrx_word' id='word_1_408' title='bbox 779 2264 870 2308; x_wconf 85' lang='grc' dir='ltr'>ἅπας</span> <span class='ocrx_word' id='word_1_409' title='bbox 889 2263 1058 2311; x_wconf 82' lang='grc' dir='ltr'>κατέληξε</span> <span class='ocrx_word' id='word_1_410' title='bbox 1071 2294 1080 2311; x_wconf 90' lang='grc'>,</span> <span class='ocrx_word' id='word_1_411' title='bbox 1098 2265 1180 2303; x_wconf 69' lang='grc' dir='ltr'>ἱ’καὶ</span> 
     </span>
     <span class='ocr_line' id='line_1_57' title="bbox 152 2323 1182 2378; baseline 0.003 -16"><span class='ocrx_word' id='word_1_412' title='bbox 152 2323 306 2376; x_wconf 72' lang='grc' dir='ltr'>σήμερον</span> <span class='ocrx_word' id='word_1_413' title='bbox 329 2324 405 2363; x_wconf 81' lang='grc' dir='ltr'>ἰδοὺ</span> <span class='ocrx_word' id='word_1_414' title='bbox 425 2329 446 2372; x_wconf 81' lang='grc' dir='ltr'>ἡ</span> <span class='ocrx_word' id='word_1_415' title='bbox 471 2324 645 2378; x_wconf 76' lang='grc' dir='ltr'>φιλόξενος</span> <span class='ocrx_word' id='word_1_416' title='bbox 664 2325 753 2372; x_wconf 80' lang='grc' dir='ltr'>αὕτη</span> <span class='ocrx_word' id='word_1_417' title='bbox 783 2325 878 2378; x_wconf 73' lang='grc' dir='ltr'>χήρα</span> <span class='ocrx_word' id='word_1_418' title='bbox 901 2328 948 2369; x_wconf 86' lang='grc' dir='ltr'>εἷς</span> <span class='ocrx_word' id='word_1_419' title='bbox 976 2326 1075 2370; x_wconf 85' lang='grc' dir='ltr'>τέλος</span> <span class='ocrx_word' id='word_1_420' title='bbox 1097 2330 1182 2378; x_wconf 85' lang='grc' dir='ltr'>ἡμῖν</span> 
     </span>
     <span class='ocr_line' id='line_1_58' title="bbox 151 2387 1184 2442; baseline 0.004 -18"><span class='ocrx_word' id='word_1_421' title='bbox 151 2387 246 2437; x_wconf 80' lang='grc' dir='ltr'>ἄγειν</span> <span class='ocrx_word' id='word_1_422' title='bbox 275 2387 335 2424; x_wconf 89' lang='grc' dir='ltr'>τὸν</span> <span class='ocrx_word' id='word_1_423' title='bbox 351 2387 454 2439; x_wconf 86' lang='grc' dir='ltr'>λόγον</span> <span class='ocrx_word' id='word_1_424' title='bbox 478 2387 609 2439; x_wconf 81' lang='grc' dir='ltr'>μέλλει.</span> <span class='ocrx_word' id='word_1_425' title='bbox 633 2387 704 2426; x_wconf 76' lang='grc' dir='ltr'>Καὶ</span> <span class='ocrx_word' id='word_1_426' title='bbox 719 2388 949 2440; x_wconf 83' lang='grc' dir='ltr'>παρεγένετο,</span> <span class='ocrx_word' id='word_1_427' title='bbox 977 2388 1081 2441; x_wconf 78' lang='grc' dir='ltr'>φησὶ,</span> <span class='ocrx_word' id='word_1_428' title='bbox 1099 2390 1184 2442; x_wconf 82' lang='grc' dir='ltr'>πρὸς</span> 
     </span>
     <span class='ocr_line' id='line_1_59' title="bbox 145 2444 1183 2503; baseline 0.004 -18"><span class='ocrx_word' id='word_1_429' title='bbox 145 2447 209 2495; x_wconf 72' lang='grc' dir='ltr'>τὴν</span> <span class='ocrx_word' id='word_1_430' title='bbox 227 2447 357 2500; x_wconf 76' lang='grc' dir='ltr'>χήραν,</span> <span class='ocrx_word' id='word_1_431' title='bbox 386 2449 446 2487; x_wconf 82' lang='grc' dir='ltr'>καὶ</span> <span class='ocrx_word' id='word_1_432' title='bbox 474 2444 570 2503; x_wconf 68' lang='grc' dir='ltr'>εὗρεν</span> <span class='ocrx_word' id='word_1_433' title='bbox 594 2448 704 2496; x_wconf 74' lang='grc' dir='ltr'>αὐτὴν</span> <span class='ocrx_word' id='word_1_434' title='bbox 725 2449 960 2500; x_wconf 81' lang='grc' dir='ltr'>συλλέγουσαν</span> <span class='ocrx_word' id='word_1_435' title='bbox 981 2449 1087 2496; x_wconf 84' lang='grc' dir='ltr'>ξύλα,</span> <span class='ocrx_word' id='word_1_436' title='bbox 1123 2450 1183 2489; x_wconf 91' lang='grc' dir='ltr'>καί</span> 
     </span>
     <span class='ocr_line' id='line_1_60' title="bbox 146 2509 1179 2564; baseline 0.003 -16"><span class='ocrx_word' id='word_1_437' title='bbox 146 2525 233 2561; x_wconf 75' lang='grc' dir='ltr'>φησι</span> <span class='ocrx_word' id='word_1_438' title='bbox 253 2509 339 2561; x_wconf 79' lang='grc' dir='ltr'>πρὸς</span> <span class='ocrx_word' id='word_1_439' title='bbox 360 2510 486 2557; x_wconf 73' lang='grc' dir='ltr'>αὐτήν·</span> <span class='ocrx_word' id='word_1_440' title='bbox 507 2510 561 2554; x_wconf 79' lang='grc' dir='ltr'>δός</span> <span class='ocrx_word' id='word_1_441' title='bbox 591 2526 651 2561; x_wconf 86' lang='grc' dir='ltr'>μοι</span> <span class='ocrx_word' id='word_1_442' title='bbox 677 2511 800 2563; x_wconf 82' lang='grc' dir='ltr'>μικρὸν</span> <span class='ocrx_word' id='word_1_443' title='bbox 820 2510 934 2564; x_wconf 81' lang='grc' dir='ltr'>ὕδωρ,</span> <span class='ocrx_word' id='word_1_444' title='bbox 963 2512 1021 2551; x_wconf 85' lang='grc' dir='ltr'>καὶ</span> <span class='ocrx_word' id='word_1_445' title='bbox 1039 2513 1179 2564; x_wconf 84' lang='grc' dir='ltr'>πίομαι.</span> 
     </span>
     <span class='ocr_line' id='line_1_61' title="bbox 145 2570 1178 2624; baseline 0.003 -15"><span class='ocrx_word' id='word_1_446' title='bbox 145 2570 193 2609; x_wconf 81' lang='grc' dir='ltr'><strong>Ἥ</strong></span> <span class='ocrx_word' id='word_1_447' title='bbox 212 2570 248 2609; x_wconf 77' lang='grc' dir='ltr'>δὲ</span> <span class='ocrx_word' id='word_1_448' title='bbox 267 2571 458 2618; x_wconf 74' lang='grc' dir='ltr'>ὑπήκουσε.</span> <span class='ocrx_word' id='word_1_449' title='bbox 480 2571 552 2610; x_wconf 84' lang='grc' dir='ltr'>Καί</span> <span class='ocrx_word' id='word_1_450' title='bbox 570 2587 656 2624; x_wconf 80' lang='grc' dir='ltr'>φησι</span> <span class='ocrx_word' id='word_1_451' title='bbox 680 2572 766 2624; x_wconf 84' lang='grc' dir='ltr'>πρὸς</span> <span class='ocrx_word' id='word_1_452' title='bbox 795 2572 904 2620; x_wconf 79' lang='grc' dir='ltr'>αὐτὴν</span> <span class='ocrx_word' id='word_1_453' title='bbox 924 2574 1031 2612; x_wconf 87' lang='grc' dir='ltr'>πάλιν</span> <span class='ocrx_word' id='word_1_454' title='bbox 1044 2590 1052 2597; x_wconf 93' lang='grc'><em>·</em></span> <span class='ocrx_word' id='word_1_455' title='bbox 1073 2574 1178 2623; x_wconf 90' lang='grc' dir='ltr'>ποίη-</span> 
     </span>
     <span class='ocr_line' id='line_1_62' title="bbox 145 2632 1179 2686; baseline 0.004 -16"><span class='ocrx_word' id='word_1_456' title='bbox 145 2633 204 2670; x_wconf 89' lang='grc' dir='ltr'>σόν</span> <span class='ocrx_word' id='word_1_457' title='bbox 235 2648 295 2683; x_wconf 89' lang='grc' dir='ltr'>μοι</span> <span class='ocrx_word' id='word_1_458' title='bbox 316 2632 504 2686; x_wconf 74' lang='grc' dir='ltr'>ἐγκρυφίας</span> <span class='ocrx_word' id='word_1_459' title='bbox 519 2663 529 2681; x_wconf 90' lang='grc'>,</span> <span class='ocrx_word' id='word_1_460' title='bbox 549 2633 609 2671; x_wconf 83' lang='grc' dir='ltr'>καὶ</span> <span class='ocrx_word' id='word_1_461' title='bbox 626 2632 794 2685; x_wconf 83' lang='grc' dir='ltr'>φάγομαι.</span> <span class='ocrx_word' id='word_1_462' title='bbox 812 2633 858 2672; x_wconf 83' lang='grc' dir='ltr'><em>Ἡ</em></span> <span class='ocrx_word' id='word_1_463' title='bbox 880 2634 915 2672; x_wconf 81' lang='grc' dir='ltr'>δὲ</span> <span class='ocrx_word' id='word_1_464' title='bbox 936 2635 1055 2673; x_wconf 79' lang='grc' dir='ltr'>λοιπὸν</span> <span class='ocrx_word' id='word_1_465' title='bbox 1077 2637 1179 2675; x_wconf 77' lang='grc' dir='ltr'>ἐκκα-</span> 
     </span>
     <span class='ocr_line' id='line_1_63' title="bbox 144 2693 1174 2747; baseline 0.005 -16"><span class='ocrx_word' id='word_1_466' title='bbox 144 2693 267 2732; x_wconf 88' lang='grc' dir='ltr'>λύπτει</span> <span class='ocrx_word' id='word_1_467' title='bbox 286 2696 393 2741; x_wconf 69' lang='grc' dir='ltr'>αὐτῆς</span> <span class='ocrx_word' id='word_1_468' title='bbox 418 2693 482 2742; x_wconf 77' lang='grc' dir='ltr'>τὴν</span> <span class='ocrx_word' id='word_1_469' title='bbox 502 2694 791 2747; x_wconf 66' lang='grc' dir='ltr'>ὑπερὸάλλουσαν</span> <span class='ocrx_word' id='word_1_470' title='bbox 819 2695 953 2744; x_wconf 85' lang='grc' dir='ltr'>πενίαν,</span> <span class='ocrx_word' id='word_1_471' title='bbox 976 2699 1108 2747; x_wconf 82' lang='grc' dir='ltr'>μᾶλλον</span> <span class='ocrx_word' id='word_1_472' title='bbox 1139 2697 1174 2736; x_wconf 78' lang='grc' dir='ltr'>δὲ</span> 
     </span>
     <span class='ocr_line' id='line_1_64' title="bbox 143 2754 1177 2808; baseline 0.005 -16"><span class='ocrx_word' id='word_1_473' title='bbox 143 2755 201 2793; x_wconf 86' lang='grc' dir='ltr'>τὸν</span> <span class='ocrx_word' id='word_1_474' title='bbox 232 2755 362 2807; x_wconf 84' lang='grc' dir='ltr'>ἄφατον</span> <span class='ocrx_word' id='word_1_475' title='bbox 388 2757 538 2794; x_wconf 75' lang='grc' dir='ltr'>πλοῦτον</span> <span class='ocrx_word' id='word_1_476' title='bbox 552 2771 560 2779; x_wconf 90' lang='grc'><em>·</em></span> <span class='ocrx_word' id='word_1_477' title='bbox 595 2757 616 2802; x_wconf 88' lang='grc' dir='ltr'>ἡ</span> <span class='ocrx_word' id='word_1_478' title='bbox 655 2754 722 2808; x_wconf 80' lang='grc' dir='ltr'>γὰρ</span> <span class='ocrx_word' id='word_1_479' title='bbox 764 2760 827 2804; x_wconf 65' lang='grc' dir='ltr'>τῆς</span> <span class='ocrx_word' id='word_1_480' title='bbox 860 2757 982 2802; x_wconf 85' lang='grc' dir='ltr'>πενίας</span> <span class='ocrx_word' id='word_1_481' title='bbox 1019 2758 1177 2804; x_wconf 83' lang='grc' dir='ltr'>ἐπίτασις</span> 
     </span>
     <span class='ocr_line' id='line_1_65' title="bbox 143 2815 1175 2872; baseline 0.006 -18"><span class='ocrx_word' id='word_1_482' title='bbox 143 2817 274 2854; x_wconf 82' lang='grc' dir='ltr'>ἐδείκνυ</span> <span class='ocrx_word' id='word_1_483' title='bbox 302 2820 361 2855; x_wconf 79' lang='grc' dir='ltr'>τοῦ</span> <span class='ocrx_word' id='word_1_484' title='bbox 389 2815 540 2855; x_wconf 85' lang='grc' dir='ltr'>πλούτου</span> <span class='ocrx_word' id='word_1_485' title='bbox 569 2817 608 2855; x_wconf 83' lang='grc' dir='ltr'>τὸ</span> <span class='ocrx_word' id='word_1_486' title='bbox 638 2817 793 2870; x_wconf 82' lang='grc' dir='ltr'>μέγεθος.</span> <span class='ocrx_word' id='word_1_487' title='bbox 819 2818 863 2857; x_wconf 85' lang='grc' dir='ltr'><strong>Ἥ</strong></span> <span class='ocrx_word' id='word_1_488' title='bbox 886 2819 924 2857; x_wconf 76' lang='grc' dir='ltr'>δέ</span> <span class='ocrx_word' id='word_1_489' title='bbox 945 2835 1070 2872; x_wconf 79' lang='grc' dir='ltr'>φησιν·</span> <span class='ocrx_word' id='word_1_490' title='bbox 1097 2823 1175 2860; x_wconf 83' lang='grc' dir='ltr'>Οὐκ</span> 
     </span>
     <span class='ocr_line' id='line_1_66' title="bbox 142 2878 1173 2934; baseline 0.006 -18"><span class='ocrx_word' id='word_1_491' title='bbox 142 2878 217 2916; x_wconf 87' lang='grc' dir='ltr'>ἔστι</span> <span class='ocrx_word' id='word_1_492' title='bbox 234 2882 276 2930; x_wconf 76' lang='grc' dir='ltr'>τῇ</span> <span class='ocrx_word' id='word_1_493' title='bbox 295 2878 399 2931; x_wconf 82' lang='grc' dir='ltr'>δούλῃ</span> <span class='ocrx_word' id='word_1_494' title='bbox 420 2893 501 2927; x_wconf 88' lang='grc' dir='ltr'>σου,</span> <span class='ocrx_word' id='word_1_495' title='bbox 529 2880 557 2916; x_wconf 85' lang='grc' dir='ltr'>εἷ</span> <span class='ocrx_word' id='word_1_496' title='bbox 578 2878 627 2928; x_wconf 81' lang='grc' dir='ltr'>μὴ</span> <span class='ocrx_word' id='word_1_497' title='bbox 659 2878 743 2931; x_wconf 80' lang='grc' dir='ltr'>δρὰξ</span> <span class='ocrx_word' id='word_1_498' title='bbox 770 2880 938 2933; x_wconf 82' lang='grc' dir='ltr'>ἀλεύρου,</span> <span class='ocrx_word' id='word_1_499' title='bbox 969 2882 1027 2920; x_wconf 75' lang='grc' dir='ltr'>καὶ</span> <span class='ocrx_word' id='word_1_500' title='bbox 1058 2882 1173 2934; x_wconf 84' lang='grc' dir='ltr'>ὀλίγον</span> 
     </span>
     <span class='ocr_line' id='line_1_67' title="bbox 141 2939 1171 2993; baseline 0.005 -16"><span class='ocrx_word' id='word_1_501' title='bbox 141 2939 256 2978; x_wconf 87' lang='grc' dir='ltr'>ἔλαιον</span> <span class='ocrx_word' id='word_1_502' title='bbox 280 2942 313 2978; x_wconf 84' lang='grc' dir='ltr'>ἐν</span> <span class='ocrx_word' id='word_1_503' title='bbox 337 2942 387 2992; x_wconf 81' lang='grc' dir='ltr'>τῷ</span> <span class='ocrx_word' id='word_1_504' title='bbox 407 2939 596 2991; x_wconf 74' lang='grc' dir='ltr'>καμψάκῃ,</span> <span class='ocrx_word' id='word_1_505' title='bbox 625 2940 685 2978; x_wconf 84' lang='grc' dir='ltr'>καὶ</span> <span class='ocrx_word' id='word_1_506' title='bbox 711 2939 893 2993; x_wconf 84' lang='grc' dir='ltr'>φαγόμεθα</span> <span class='ocrx_word' id='word_1_507' title='bbox 925 2941 995 2993; x_wconf 80' lang='grc' dir='ltr'>ἐγώ</span> <span class='ocrx_word' id='word_1_508' title='bbox 1033 2959 1070 2982; x_wconf 89' lang='grc' dir='ltr'>τε</span> <span class='ocrx_word' id='word_1_509' title='bbox 1112 2944 1171 2982; x_wconf 79' lang='grc' dir='ltr'>καὶ</span> 
     </span>
    </p>
   </div>
   <div class='ocr_carea' id='block_1_12' title="bbox 141 2999 1169 3056">
    <p class='ocr_par' dir='ltr' id='par_1_12' title="bbox 141 2999 1169 3056">
     <span class='ocr_line' id='line_1_68' title="bbox 141 2999 1169 3056; baseline 0.004 -17"><span class='ocrx_word' id='word_1_510' title='bbox 141 3001 184 3039; x_wconf 80' lang='grc' dir='ltr'>τὰ</span> <span class='ocrx_word' id='word_1_511' title='bbox 203 3000 347 3047; x_wconf 77' lang='grc' dir='ltr'>παιδία,</span> <span class='ocrx_word' id='word_1_512' title='bbox 367 3000 426 3038; x_wconf 85' lang='grc' dir='ltr'>καὶ</span> <span class='ocrx_word' id='word_1_513' title='bbox 442 2999 724 3051; x_wconf 84' lang='grc' dir='ltr'>ἀποθανούμεθα.</span> <span class='ocrx_word' id='word_1_514' title='bbox 752 3001 912 3041; x_wconf 77' lang='grc' dir='ltr'>Ἐλεεινὰ</span> <span class='ocrx_word' id='word_1_515' title='bbox 938 3003 983 3042; x_wconf 84' lang='grc' dir='ltr'>τὰ</span> <span class='ocrx_word' id='word_1_516' title='bbox 1008 3003 1169 3056; x_wconf 78' lang='grc' dir='ltr'>ῥήματα,</span> 
     </span>
    </p>
   </div>
   <div class='ocr_carea' id='block_1_13' title="bbox 1206 2350 1230 2380">
    <p class='ocr_par' dir='ltr' id='par_1_13' title="bbox 1206 2350 1230 2380">
     <span class='ocr_line' id='line_1_69' title="bbox 1206 2350 1230 2380; baseline 0 0"><span class='ocrx_word' id='word_1_517' title='bbox 1206 2350 1230 2380; x_wconf 90' lang='grc' dir='ltr'><strong>Β</strong></span> 
     </span>
    </p>
   </div>
   <div class='ocr_carea' id='block_1_14' title="bbox 1251 1711 2214 1889">
    <p class='ocr_par' dir='ltr' id='par_1_14' title="bbox 1251 1711 2214 1889">
     <span class='ocr_line' id='line_1_70' title="bbox 1251 1711 2214 1769; baseline 0.007 -20"><span class='ocrx_word' id='word_1_518' title='bbox 1251 1711 1365 1750; x_wconf 87' lang='lat' dir='ltr'>multo</span> <span class='ocrx_word' id='word_1_519' title='bbox 1384 1713 1458 1751; x_wconf 88' lang='lat' dir='ltr'>zelo</span> <span class='ocrx_word' id='word_1_520' title='bbox 1477 1723 1511 1751; x_wconf 89' lang='lat' dir='ltr'>et</span> <span class='ocrx_word' id='word_1_521' title='bbox 1538 1714 1614 1753; x_wconf 69' lang='lat' dir='ltr'>fen</span> <span class='ocrx_word' id='word_1_522' title='bbox 1616 1729 1676 1752; x_wconf 87' lang='lat' dir='ltr'>ore</span> <span class='ocrx_word' id='word_1_523' title='bbox 1707 1716 1864 1765; x_wconf 86' lang='lat' dir='ltr'>moveri,</span> <span class='ocrx_word' id='word_1_524' title='bbox 1883 1725 1916 1754; x_wconf 90' lang='lat' dir='ltr'>et</span> <span class='ocrx_word' id='word_1_525' title='bbox 1936 1731 2103 1769; x_wconf 84' lang='lat' dir='ltr'>magnam</span> <span class='ocrx_word' id='word_1_526' title='bbox 2122 1718 2214 1756; x_wconf 77' lang='lat' dir='ltr'>lianc</span> 
     </span>
     <span class='ocr_line' id='line_1_71' title="bbox 1251 1773 2214 1832; baseline 0.008 -23"><span class='ocrx_word' id='word_1_527' title='bbox 1251 1785 1393 1823; x_wconf 79' lang='lat' dir='ltr'>poenam</span> <span class='ocrx_word' id='word_1_528' title='bbox 1411 1773 1533 1811; x_wconf 87' lang='lat' dir='ltr'>inferri</span> <span class='ocrx_word' id='word_1_529' title='bbox 1555 1784 1675 1813; x_wconf 88' lang='lat' dir='ltr'>contra</span> <span class='ocrx_word' id='word_1_530' title='bbox 1707 1784 1819 1814; x_wconf 90' lang='lat' dir='ltr'>totam</span> <span class='ocrx_word' id='word_1_531' title='bbox 1848 1786 2000 1826; x_wconf 87' lang='lat' dir='ltr'>terram,</span> <span class='ocrx_word' id='word_1_532' title='bbox 2024 1792 2066 1815; x_wconf 89' lang='lat' dir='ltr'>ne</span> <span class='ocrx_word' id='word_1_533' title='bbox 2085 1787 2119 1816; x_wconf 90' lang='lat' dir='ltr'>et</span> <span class='ocrx_word' id='word_1_534' title='bbox 2139 1779 2214 1832; x_wconf 86' lang='lat' dir='ltr'>ipse</span> 
     </span>
     <span class='ocr_line' id='line_1_72' title="bbox 1251 1833 2211 1889; baseline 0.008 -19"><span class='ocrx_word' id='word_1_535' title='bbox 1251 1833 1360 1871; x_wconf 90' lang='lat' dir='ltr'>simul</span> <span class='ocrx_word' id='word_1_536' title='bbox 1378 1833 1413 1872; x_wconf 92' lang='lat' dir='ltr'>in</span> <span class='ocrx_word' id='word_1_537' title='bbox 1433 1834 1651 1888; x_wconf 87' lang='lat' dir='ltr'>supplicium</span> <span class='ocrx_word' id='word_1_538' title='bbox 1686 1836 1857 1876; x_wconf 86' lang='lat' dir='ltr'>incideret</span> <span class='ocrx_word' id='word_1_539' title='bbox 1885 1852 1966 1876; x_wconf 88' lang='lat' dir='ltr'>cum</span> <span class='ocrx_word' id='word_1_540' title='bbox 1987 1839 2076 1889; x_wconf 85' lang='lat' dir='ltr'>illis,</span> <span class='ocrx_word' id='word_1_541' title='bbox 2099 1849 2131 1877; x_wconf 91' lang='lat' dir='ltr'>et</span> <span class='ocrx_word' id='word_1_542' title='bbox 2151 1854 2211 1878; x_wconf 89' lang='lat' dir='ltr'>eo—</span> 
     </span>
    </p>
   </div>
   <div class='ocr_carea' id='block_1_15' title="bbox 1252 1896 2373 1954">
    <p class='ocr_par' dir='ltr' id='par_1_15' title="bbox 1252 1896 2373 1954">
     <span class='ocr_line' id='line_1_73' title="bbox 1252 1896 2373 1954; baseline 0.009 -23"><span class='ocrx_word' id='word_1_543' title='bbox 1252 1908 1333 1932; x_wconf 89' lang='lat' dir='ltr'>rum</span> <span class='ocrx_word' id='word_1_544' title='bbox 1361 1896 1526 1948; x_wconf 68' lang='lat' dir='ltr'>nequitia}</span> <span class='ocrx_word' id='word_1_545' title='bbox 1547 1911 1668 1950; x_wconf 87' lang='lat' dir='ltr'>poenas</span> <span class='ocrx_word' id='word_1_546' title='bbox 1689 1897 1810 1949; x_wconf 84' lang='lat' dir='ltr'>daret,</span> <span class='ocrx_word' id='word_1_547' title='bbox 1831 1899 1918 1937; x_wconf 81' lang='lat' dir='ltr'>dicit</span> <span class='ocrx_word' id='word_1_548' title='bbox 1945 1900 1975 1939; x_wconf 90' lang='lat' dir='ltr'>ei</span> <span class='ocrx_word' id='word_1_549' title='bbox 1994 1916 2002 1937; x_wconf 94' lang='lat'><strong>:</strong></span> <span class='ocrx_word' id='word_1_550' title='bbox 2019 1901 2153 1954; x_wconf 79' lang='lat' dir='ltr'>Surge,</span> <span class='ocrx_word' id='word_1_551' title='bbox 2173 1911 2211 1941; x_wconf 80' lang='lat' dir='ltr'>et</span> <span class='ocrx_word' id='word_1_552' title='bbox 2227 1911 2244 1940; x_wconf 85' lang='lat'>3</span> <span class='ocrx_word' id='word_1_553' title='bbox 2268 1912 2345 1947; x_wconf 48' lang='grc' dir='ltr'>[τις.</span> <span class='ocrx_word' id='word_1_554' title='bbox 2366 1921 2373 1940; x_wconf 85' lang='grc' dir='ltr'>ι</span> 
     </span>
    </p>
   </div>
   <div class='ocr_carea' id='block_1_16' title="bbox 1251 1957 2316 2441">
    <p class='ocr_par' dir='ltr' id='par_1_16' title="bbox 1251 1957 2316 2441">
     <span class='ocr_line' id='line_1_74' title="bbox 1253 1957 2316 2015; baseline 0.008 -22"><span class='ocrx_word' id='word_1_555' title='bbox 1253 1957 1360 1994; x_wconf 85' lang='lat' dir='ltr'>vade</span> <span class='ocrx_word' id='word_1_556' title='bbox 1375 1960 1416 1994; x_wconf 85' lang='lat' dir='ltr'>in</span> <span class='ocrx_word' id='word_1_557' title='bbox 1429 1958 1591 2010; x_wconf 79' lang='lat' dir='ltr'>Sarepta</span> <span class='ocrx_word' id='word_1_558' title='bbox 1606 1959 1866 1999; x_wconf 81' lang='lat' dir='ltr'>Sidoniorum.</span> <span class='ocrx_word' id='word_1_559' title='bbox 1878 1962 1971 2000; x_wconf 81' lang='lat' dir='ltr'>Illic</span> <span class='ocrx_word' id='word_1_560' title='bbox 1991 1966 2094 2000; x_wconf 82' lang='lat' dir='ltr'>enim</span> <span class='ocrx_word' id='word_1_561' title='bbox 2114 1978 2211 2015; x_wconf 83' lang='lat' dir='ltr'>proe-</span> <span class='ocrx_word' id='word_1_562' title='bbox 2225 1963 2256 1993; x_wconf 89' lang='lat'>9·</span> <span class='ocrx_word' id='word_1_563' title='bbox 2283 1964 2316 1983; x_wconf 82' lang='lat'>&#39;⁰</span> 
     </span>
     <span class='ocr_line' id='line_1_75' title="bbox 1252 2018 2211 2074; baseline 0.009 -19"><span class='ocrx_word' id='word_1_564' title='bbox 1252 2018 1391 2069; x_wconf 83' lang='lat' dir='ltr'>cipiam</span> <span class='ocrx_word' id='word_1_565' title='bbox 1409 2020 1562 2057; x_wconf 81' lang='lat' dir='ltr'>mulieri</span> <span class='ocrx_word' id='word_1_566' title='bbox 1576 2021 1722 2068; x_wconf 81' lang='lat' dir='ltr'>viduae,</span> <span class='ocrx_word' id='word_1_567' title='bbox 1744 2030 1785 2059; x_wconf 80' lang='lat' dir='ltr'>ut</span> <span class='ocrx_word' id='word_1_568' title='bbox 1803 2031 1839 2060; x_wconf 81' lang='lat' dir='ltr'>le</span> <span class='ocrx_word' id='word_1_569' title='bbox 1850 2032 2000 2074; x_wconf 81' lang='lat' dir='ltr'>pascat.</span> <span class='ocrx_word' id='word_1_570' title='bbox 2017 2025 2071 2062; x_wconf 79' lang='lat' dir='ltr'>Et</span> <span class='ocrx_word' id='word_1_571' title='bbox 2085 2039 2211 2064; x_wconf 80' lang='lat' dir='ltr'>surre-</span> 
     </span>
     <span class='ocr_line' id='line_1_76' title="bbox 1251 2080 2214 2134; baseline 0.008 -17"><span class='ocrx_word' id='word_1_572' title='bbox 1251 2082 1324 2128; x_wconf 79' lang='lat' dir='ltr'>xit,</span> <span class='ocrx_word' id='word_1_573' title='bbox 1343 2088 1380 2117; x_wconf 81' lang='lat' dir='ltr'>et</span> <span class='ocrx_word' id='word_1_574' title='bbox 1399 2082 1507 2117; x_wconf 77' lang='lat' dir='ltr'>abiit.</span> <span class='ocrx_word' id='word_1_575' title='bbox 1521 2080 1617 2120; x_wconf 86' lang='lat' dir='ltr'>Vide</span> <span class='ocrx_word' id='word_1_576' title='bbox 1629 2081 1787 2134; x_wconf 84' lang='lat' dir='ltr'>Spiritus</span> <span class='ocrx_word' id='word_1_577' title='bbox 1805 2083 1972 2134; x_wconf 85' lang='lat' dir='ltr'>gratiam,</span> <span class='ocrx_word' id='word_1_578' title='bbox 1991 2084 2131 2124; x_wconf 86' lang='lat' dir='ltr'>dilecte.</span> <span class='ocrx_word' id='word_1_579' title='bbox 2148 2087 2214 2125; x_wconf 88' lang='lat' dir='ltr'>Et-</span> 
     </span>
     <span class='ocr_line' id='line_1_77' title="bbox 1253 2139 2211 2199; baseline 0.009 -22"><span class='ocrx_word' id='word_1_580' title='bbox 1253 2139 1348 2178; x_wconf 89' lang='lat' dir='ltr'>enim</span> <span class='ocrx_word' id='word_1_581' title='bbox 1363 2149 1397 2178; x_wconf 91' lang='lat' dir='ltr'>et</span> <span class='ocrx_word' id='word_1_582' title='bbox 1413 2140 1490 2178; x_wconf 90' lang='lat' dir='ltr'>heri</span> <span class='ocrx_word' id='word_1_583' title='bbox 1506 2140 1609 2178; x_wconf 89' lang='lat' dir='ltr'>nobis</span> <span class='ocrx_word' id='word_1_584' title='bbox 1630 2150 1725 2179; x_wconf 89' lang='lat' dir='ltr'>totus</span> <span class='ocrx_word' id='word_1_585' title='bbox 1741 2157 1855 2181; x_wconf 89' lang='lat' dir='ltr'>sermo</span> <span class='ocrx_word' id='word_1_586' title='bbox 1876 2144 1969 2182; x_wconf 84' lang='lat' dir='ltr'>circa</span> <span class='ocrx_word' id='word_1_587' title='bbox 1988 2145 2211 2199; x_wconf 85' lang='lat' dir='ltr'>hospitalita-</span> 
     </span>
     <span class='ocr_line' id='line_1_78' title="bbox 1251 2200 2211 2257; baseline 0.01 -20"><span class='ocrx_word' id='word_1_588' title='bbox 1251 2209 1325 2238; x_wconf 87' lang='lat' dir='ltr'>tem</span> <span class='ocrx_word' id='word_1_589' title='bbox 1343 2200 1522 2238; x_wconf 87' lang='lat' dir='ltr'>insumtus</span> <span class='ocrx_word' id='word_1_590' title='bbox 1541 2209 1610 2251; x_wconf 82' lang='lat' dir='ltr'>est,</span> <span class='ocrx_word' id='word_1_591' title='bbox 1632 2211 1665 2240; x_wconf 87' lang='lat' dir='ltr'>et</span> <span class='ocrx_word' id='word_1_592' title='bbox 1683 2201 1791 2240; x_wconf 89' lang='lat' dir='ltr'>hodie</span> <span class='ocrx_word' id='word_1_593' title='bbox 1810 2203 1998 2257; x_wconf 87' lang='lat' dir='ltr'>hospitalis</span> <span class='ocrx_word' id='word_1_594' title='bbox 2017 2206 2083 2245; x_wconf 83' lang='lat' dir='ltr'>ista</span> <span class='ocrx_word' id='word_1_595' title='bbox 2104 2208 2211 2247; x_wconf 87' lang='lat' dir='ltr'>vidua</span> 
     </span>
     <span class='ocr_line' id='line_1_79' title="bbox 1253 2264 2212 2321; baseline 0.009 -22"><span class='ocrx_word' id='word_1_596' title='bbox 1253 2276 1451 2300; x_wconf 87' lang='lat' dir='ltr'>sermonem</span> <span class='ocrx_word' id='word_1_597' title='bbox 1468 2272 1629 2300; x_wconf 87' lang='lat' dir='ltr'>nostrum</span> <span class='ocrx_word' id='word_1_598' title='bbox 1647 2264 1850 2317; x_wconf 88' lang='lat' dir='ltr'>complebit.</span> <span class='ocrx_word' id='word_1_599' title='bbox 1868 2267 1905 2304; x_wconf 88' lang='lat' dir='ltr'><em>E</em></span> <span class='ocrx_word' id='word_1_600' title='bbox 1909 2275 1921 2304; x_wconf 81' lang='lat' dir='ltr'>t</span> <span class='ocrx_word' id='word_1_601' title='bbox 1938 2272 2064 2316; x_wconf 80' lang='lat' dir='ltr'>venit,</span> <span class='ocrx_word' id='word_1_602' title='bbox 2083 2269 2212 2321; x_wconf 86' lang='lat' dir='ltr'>inquit,</span> 
     </span>
     <span class='ocr_line' id='line_1_80' title="bbox 1253 2324 2214 2384; baseline 0.01 -25"><span class='ocrx_word' id='word_1_603' title='bbox 1253 2324 1307 2360; x_wconf 83' lang='lat' dir='ltr'>ad</span> <span class='ocrx_word' id='word_1_604' title='bbox 1322 2324 1502 2371; x_wconf 78' lang='lat' dir='ltr'>viduam,</span> <span class='ocrx_word' id='word_1_605' title='bbox 1517 2333 1551 2362; x_wconf 82' lang='lat' dir='ltr'>et</span> <span class='ocrx_word' id='word_1_606' title='bbox 1568 2326 1719 2363; x_wconf 76' lang='lat' dir='ltr'>invenit</span> <span class='ocrx_word' id='word_1_607' title='bbox 1734 2339 1818 2363; x_wconf 86' lang='lat' dir='ltr'>eam</span> <span class='ocrx_word' id='word_1_608' title='bbox 1839 2328 2084 2381; x_wconf 75' lang='lat' dir='ltr'>colligentem</span> <span class='ocrx_word' id='word_1_609' title='bbox 2104 2332 2214 2384; x_wconf 77' lang='lat' dir='ltr'>ligna</span> 
     </span>
     <span class='ocr_line' id='line_1_81' title="bbox 1253 2384 2207 2441; baseline 0.01 -20"><span class='ocrx_word' id='word_1_610' title='bbox 1253 2392 1290 2421; x_wconf 83' lang='lat' dir='ltr'>et</span> <span class='ocrx_word' id='word_1_611' title='bbox 1309 2384 1405 2421; x_wconf 79' lang='lat' dir='ltr'>dicit</span> <span class='ocrx_word' id='word_1_612' title='bbox 1426 2387 1462 2423; x_wconf 85' lang='lat' dir='ltr'>ei</span> <span class='ocrx_word' id='word_1_613' title='bbox 1484 2401 1494 2421; x_wconf 91' lang='lat'><em>:</em></span> <span class='ocrx_word' id='word_1_614' title='bbox 1524 2386 1586 2423; x_wconf 83' lang='lat' dir='ltr'>Da</span> <span class='ocrx_word' id='word_1_615' title='bbox 1602 2387 1700 2423; x_wconf 79' lang='lat' dir='ltr'>mihi</span> <span class='ocrx_word' id='word_1_616' title='bbox 1713 2401 1853 2437; x_wconf 78' lang='lat' dir='ltr'>parum</span> <span class='ocrx_word' id='word_1_617' title='bbox 1869 2402 1996 2441; x_wconf 68' lang='lat' dir='ltr'>aquae,</span> <span class='ocrx_word' id='word_1_618' title='bbox 2013 2400 2049 2429; x_wconf 83' lang='lat' dir='ltr'>et</span> <span class='ocrx_word' id='word_1_619' title='bbox 2066 2394 2207 2431; x_wconf 87' lang='lat' dir='ltr'>bibam.</span> 
     </span>
    </p>
   </div>
   <div class='ocr_carea' id='block_1_17' title="bbox 1251 2444 2410 2495">
    <p class='ocr_par' dir='ltr' id='par_1_17' title="bbox 1251 2444 2410 2495">
     <span class='ocr_line' id='line_1_82' title="bbox 1251 2444 2410 2495; baseline 0.012 -13"><span class='ocrx_word' id='word_1_620' title='bbox 1251 2444 1319 2482; x_wconf 85' lang='lat' dir='ltr'>Illa</span> <span class='ocrx_word' id='word_1_621' title='bbox 1339 2444 1510 2485; x_wconf 89' lang='lat' dir='ltr'>obedivit.</span> <span class='ocrx_word' id='word_1_622' title='bbox 1534 2448 1571 2484; x_wconf 81' lang='lat' dir='ltr'><em>E</em></span> <span class='ocrx_word' id='word_1_623' title='bbox 1576 2456 1590 2485; x_wconf 86' lang='lat' dir='ltr'>t</span> <span class='ocrx_word' id='word_1_624' title='bbox 1618 2447 1718 2485; x_wconf 62' lang='lat' dir='ltr'>dixit</span> <span class='ocrx_word' id='word_1_625' title='bbox 1747 2450 1800 2487; x_wconf 89' lang='lat' dir='ltr'>ad</span> <span class='ocrx_word' id='word_1_626' title='bbox 1824 2463 1909 2488; x_wconf 85' lang='lat' dir='ltr'>eam</span> <span class='ocrx_word' id='word_1_627' title='bbox 1941 2454 2079 2491; x_wconf 81' lang='lat' dir='ltr'>iterum</span> <span class='ocrx_word' id='word_1_628' title='bbox 2097 2470 2107 2490; x_wconf 91' lang='lat'><em>:</em></span> <span class='ocrx_word' id='word_1_629' title='bbox 2127 2457 2212 2494; x_wconf 85' lang='lat' dir='ltr'>Fac</span> <span class='ocrx_word' id='word_1_630' title='bbox 2225 2466 2305 2495; x_wconf 64' lang='lat' dir='ltr'>Ibat.</span> <span class='ocrx_word' id='word_1_631' title='bbox 2322 2479 2349 2495; x_wconf 83' lang='lat' dir='ltr'>v.</span> <span class='ocrx_word' id='word_1_632' title='bbox 2366 2478 2371 2495; x_wconf 88' lang='grc' dir='ltr'>ι</span> <span class='ocrx_word' id='word_1_633' title='bbox 2386 2476 2410 2495; x_wconf 80' lang='grc' dir='ltr'>ι.</span> 
     </span>
    </p>
   </div>
   <div class='ocr_carea' id='block_1_18' title="bbox 1243 2506 2209 3054">
    <p class='ocr_par' dir='ltr' id='par_1_18' title="bbox 1243 2506 2209 3054">
     <span class='ocr_line' id='line_1_83' title="bbox 1254 2506 2209 2559; baseline 0.013 -17"><span class='ocrx_word' id='word_1_634' title='bbox 1254 2506 1359 2543; x_wconf 78' lang='lat' dir='ltr'>mihi</span> <span class='ocrx_word' id='word_1_635' title='bbox 1377 2509 1655 2546; x_wconf 77' lang='lat' dir='ltr'>subcinericios</span> <span class='ocrx_word' id='word_1_636' title='bbox 1681 2523 1819 2559; x_wconf 76' lang='lat' dir='ltr'>panes,</span> <span class='ocrx_word' id='word_1_637' title='bbox 1835 2520 1870 2549; x_wconf 84' lang='lat' dir='ltr'>et</span> <span class='ocrx_word' id='word_1_638' title='bbox 1895 2515 2109 2552; x_wconf 81' lang='lat' dir='ltr'>comedam.</span> <span class='ocrx_word' id='word_1_639' title='bbox 2142 2516 2209 2555; x_wconf 79' lang='lat' dir='ltr'>Illa</span> 
     </span>
     <span class='ocr_line' id='line_1_84' title="bbox 1252 2567 2208 2626; baseline 0.008 -20"><span class='ocrx_word' id='word_1_640' title='bbox 1252 2580 1335 2606; x_wconf 73' lang='lat' dir='ltr'>vero</span> <span class='ocrx_word' id='word_1_641' title='bbox 1355 2577 1477 2620; x_wconf 86' lang='lat' dir='ltr'>postea</span> <span class='ocrx_word' id='word_1_642' title='bbox 1496 2567 1631 2620; x_wconf 87' lang='lat' dir='ltr'>detegit</span> <span class='ocrx_word' id='word_1_643' title='bbox 1647 2569 1876 2609; x_wconf 77' lang='lat' dir='ltr'>immodicam</span> <span class='ocrx_word' id='word_1_644' title='bbox 1890 2587 1990 2610; x_wconf 86' lang='lat' dir='ltr'>suam</span> <span class='ocrx_word' id='word_1_645' title='bbox 2006 2585 2208 2626; x_wconf 80' lang='lat' dir='ltr'>egestatem,</span> 
     </span>
     <span class='ocr_line' id='line_1_85' title="bbox 1249 2627 2207 2690; baseline 0.01 -24"><span class='ocrx_word' id='word_1_646' title='bbox 1249 2627 1323 2666; x_wconf 90' lang='lat' dir='ltr'>imo</span> <span class='ocrx_word' id='word_1_647' title='bbox 1342 2629 1595 2668; x_wconf 87' lang='lat' dir='ltr'>inenarrabiles</span> <span class='ocrx_word' id='word_1_648' title='bbox 1610 2629 1768 2670; x_wconf 89' lang='lat' dir='ltr'>divitias.</span> <span class='ocrx_word' id='word_1_649' title='bbox 1786 2634 1917 2684; x_wconf 84' lang='lat' dir='ltr'>Magna</span> <span class='ocrx_word' id='word_1_650' title='bbox 1935 2635 2029 2673; x_wconf 88' lang='lat' dir='ltr'>enim</span> <span class='ocrx_word' id='word_1_651' title='bbox 2049 2651 2207 2690; x_wconf 87' lang='lat' dir='ltr'>pauper-</span> 
     </span>
     <span class='ocr_line' id='line_1_86' title="bbox 1248 2690 2208 2746; baseline 0.009 -18"><span class='ocrx_word' id='word_1_652' title='bbox 1248 2699 1303 2728; x_wconf 85' lang='lat' dir='ltr'>tas</span> <span class='ocrx_word' id='word_1_653' title='bbox 1324 2691 1458 2729; x_wconf 86' lang='lat' dir='ltr'>indicat</span> <span class='ocrx_word' id='word_1_654' title='bbox 1478 2690 1689 2730; x_wconf 87' lang='lat' dir='ltr'>divitiarum</span> <span class='ocrx_word' id='word_1_655' title='bbox 1723 2692 1822 2731; x_wconf 89' lang='lat' dir='ltr'>illius</span> <span class='ocrx_word' id='word_1_656' title='bbox 1842 2695 2138 2746; x_wconf 84' lang='lat' dir='ltr'>magnitudinem.</span> <span class='ocrx_word' id='word_1_657' title='bbox 2161 2699 2208 2738; x_wconf 87' lang='lat' dir='ltr'>Et</span> 
     </span>
     <span class='ocr_line' id='line_1_87' title="bbox 1246 2750 2206 2814; baseline 0.013 -26"><span class='ocrx_word' id='word_1_658' title='bbox 1246 2750 1463 2791; x_wconf 76' lang='lat' dir='ltr'>dieitzNon</span> <span class='ocrx_word' id='word_1_659' title='bbox 1487 2761 1542 2790; x_wconf 85' lang='lat' dir='ltr'>est</span> <span class='ocrx_word' id='word_1_660' title='bbox 1567 2753 1723 2791; x_wconf 81' lang='lat' dir='ltr'>ancilloe</span> <span class='ocrx_word' id='word_1_661' title='bbox 1753 2762 1826 2792; x_wconf 81' lang='lat' dir='ltr'>tuce</span> <span class='ocrx_word' id='word_1_662' title='bbox 1854 2759 1931 2794; x_wconf 83' lang='lat' dir='ltr'>nisi</span> <span class='ocrx_word' id='word_1_663' title='bbox 1953 2760 2206 2814; x_wconf 80' lang='lat' dir='ltr'>pugillussa-</span> 
     </span>
     <span class='ocr_line' id='line_1_88' title="bbox 1246 2814 2206 2867; baseline 0.011 -17"><span class='ocrx_word' id='word_1_664' title='bbox 1246 2815 1342 2852; x_wconf 83' lang='lat' dir='ltr'>rinoe</span> <span class='ocrx_word' id='word_1_665' title='bbox 1355 2843 1365 2861; x_wconf 92' lang='lat'>,</span> <span class='ocrx_word' id='word_1_666' title='bbox 1389 2823 1426 2852; x_wconf 81' lang='lat' dir='ltr'>et</span> <span class='ocrx_word' id='word_1_667' title='bbox 1442 2828 1580 2865; x_wconf 81' lang='lat' dir='ltr'>parum</span> <span class='ocrx_word' id='word_1_668' title='bbox 1603 2814 1677 2852; x_wconf 83' lang='lat' dir='ltr'>olei</span> <span class='ocrx_word' id='word_1_669' title='bbox 1692 2817 1734 2852; x_wconf 83' lang='lat' dir='ltr'>in</span> <span class='ocrx_word' id='word_1_670' title='bbox 1749 2817 1953 2867; x_wconf 75' lang='lat' dir='ltr'>maphora,</span> <span class='ocrx_word' id='word_1_671' title='bbox 1974 2828 2010 2857; x_wconf 81' lang='lat' dir='ltr'>et</span> <span class='ocrx_word' id='word_1_672' title='bbox 2029 2823 2206 2861; x_wconf 87' lang='lat' dir='ltr'>comede-</span> 
     </span>
     <span class='ocr_line' id='line_1_89' title="bbox 1247 2878 2203 2928; baseline 0.012 -16"><span class='ocrx_word' id='word_1_673' title='bbox 1247 2889 1330 2913; x_wconf 82' lang='lat' dir='ltr'>mus</span> <span class='ocrx_word' id='word_1_674' title='bbox 1363 2889 1430 2928; x_wconf 82' lang='lat' dir='ltr'>ego</span> <span class='ocrx_word' id='word_1_675' title='bbox 1459 2884 1495 2914; x_wconf 86' lang='lat' dir='ltr'>et</span> <span class='ocrx_word' id='word_1_676' title='bbox 1522 2878 1646 2927; x_wconf 84' lang='lat' dir='ltr'>pueri,</span> <span class='ocrx_word' id='word_1_677' title='bbox 1669 2884 1704 2915; x_wconf 83' lang='lat' dir='ltr'>et</span> <span class='ocrx_word' id='word_1_678' title='bbox 1736 2880 1956 2917; x_wconf 79' lang='lat' dir='ltr'>moriemur.</span> <span class='ocrx_word' id='word_1_679' title='bbox 1984 2882 2203 2923; x_wconf 84' lang='lat' dir='ltr'>Miserabilia</span> 
     </span>
     <span class='ocr_line' id='line_1_90' title="bbox 1244 2936 2204 2990; baseline 0.011 -16"><span class='ocrx_word' id='word_1_680' title='bbox 1244 2936 1367 2987; x_wconf 79' lang='lat' dir='ltr'>verba,</span> <span class='ocrx_word' id='word_1_681' title='bbox 1391 2951 1469 2987; x_wconf 85' lang='lat' dir='ltr'>quae</span> <span class='ocrx_word' id='word_1_682' title='bbox 1500 2936 1615 2989; x_wconf 83' lang='lat' dir='ltr'>ipsam</span> <span class='ocrx_word' id='word_1_683' title='bbox 1643 2937 1822 2990; x_wconf 87' lang='lat' dir='ltr'>lapideam</span> <span class='ocrx_word' id='word_1_684' title='bbox 1848 2939 2003 2980; x_wconf 87' lang='lat' dir='ltr'>animam</span> <span class='ocrx_word' id='word_1_685' title='bbox 2026 2942 2204 2985; x_wconf 79' lang='lat' dir='ltr'>inflectere</span> 
     </span>
     <span class='ocr_line' id='line_1_91' title="bbox 1243 2997 2202 3054; baseline 0.01 -19"><span class='ocrx_word' id='word_1_686' title='bbox 1243 3007 1394 3050; x_wconf 87' lang='lat' dir='ltr'>possent.</span> <span class='ocrx_word' id='word_1_687' title='bbox 1417 2997 1526 3036; x_wconf 86' lang='lat' dir='ltr'>Nulla</span> <span class='ocrx_word' id='word_1_688' title='bbox 1553 2997 1699 3050; x_wconf 84' lang='lat' dir='ltr'>posthac</span> <span class='ocrx_word' id='word_1_689' title='bbox 1723 2999 1825 3038; x_wconf 91' lang='lat' dir='ltr'>nobis</span> <span class='ocrx_word' id='word_1_690' title='bbox 1852 3015 1930 3054; x_wconf 88' lang='lat' dir='ltr'>spes</span> <span class='ocrx_word' id='word_1_691' title='bbox 1945 3003 2081 3043; x_wconf 86' lang='lat' dir='ltr'>salutis.</span> <span class='ocrx_word' id='word_1_692' title='bbox 2103 3008 2202 3045; x_wconf 74' lang='lat' dir='ltr'>Mors</span> 
     </span>
    </p>
   </div>
   <div class='ocr_carea' id='block_1_19' title="bbox 141 3059 2201 3117">
    <p class='ocr_par' dir='ltr' id='par_1_19' title="bbox 141 3059 2201 3117">
     <span class='ocr_line' id='line_1_92' title="bbox 141 3059 2201 3117; baseline 0.007 -25"><span class='ocrx_word' id='word_1_693' title='bbox 141 3062 229 3100; x_wconf 64' lang='grc' dir='ltr'>ῢχαι</span> <span class='ocrx_word' id='word_1_694' title='bbox 256 3062 362 3110; x_wconf 56' lang='grc' dir='ltr'>αὐτὴν</span> <span class='ocrx_word' id='word_1_695' title='bbox 393 3062 527 3108; x_wconf 67' lang='grc' dir='ltr'>λιθίνην</span> <span class='ocrx_word' id='word_1_696' title='bbox 552 3061 668 3114; x_wconf 57' lang='grc' dir='ltr'>ψυχὴν</span> <span class='ocrx_word' id='word_1_697' title='bbox 700 3061 804 3100; x_wconf 71' lang='grc' dir='ltr'>ἱκανὰ</span> <span class='ocrx_word' id='word_1_698' title='bbox 828 3063 1038 3117; x_wconf 64' lang='grc' dir='ltr'>ἐπικάμψαι,</span> <span class='ocrx_word' id='word_1_699' title='bbox 1063 3067 1171 3105; x_wconf 64' lang='lat'>0033-</span> <span class='ocrx_word' id='word_1_700' title='bbox 1193 3084 1216 3114; x_wconf 78' lang='lat' dir='ltr'>C</span> <span class='ocrx_word' id='word_1_701' title='bbox 1242 3059 1277 3096; x_wconf 89' lang='lat' dir='ltr'>in</span> <span class='ocrx_word' id='word_1_702' title='bbox 1297 3059 1437 3097; x_wconf 88' lang='lat' dir='ltr'>foribus</span> <span class='ocrx_word' id='word_1_703' title='bbox 1455 3068 1517 3096; x_wconf 88' lang='lat' dir='ltr'>est.</span> <span class='ocrx_word' id='word_1_704' title='bbox 1540 3059 1616 3097; x_wconf 85' lang='lat' dir='ltr'>Iloe</span> <span class='ocrx_word' id='word_1_705' title='bbox 1637 3059 1754 3098; x_wconf 89' lang='lat' dir='ltr'>solum</span> <span class='ocrx_word' id='word_1_706' title='bbox 1774 3061 1876 3100; x_wconf 88' lang='lat' dir='ltr'>nobis</span> <span class='ocrx_word' id='word_1_707' title='bbox 1904 3063 2066 3103; x_wconf 88' lang='lat' dir='ltr'>relictum</span> <span class='ocrx_word' id='word_1_708' title='bbox 2086 3077 2135 3105; x_wconf 86' lang='lat' dir='ltr'>est</span> <span class='ocrx_word' id='word_1_709' title='bbox 2154 3068 2201 3106; x_wconf 85' lang='lat' dir='ltr'>ad</span> 
     </span>
    </p>
   </div>
   <div class='ocr_carea' id='block_1_20' title="bbox 143 3122 1169 3235">
    <p class='ocr_par' dir='ltr' id='par_1_20' title="bbox 143 3122 1169 3235">
     <span class='ocr_line' id='line_1_93' title="bbox 143 3122 1169 3177; baseline 0.007 -17"><span class='ocrx_word' id='word_1_710' title='bbox 143 3123 206 3174; x_wconf 87' lang='grc' dir='ltr'>μία</span> <span class='ocrx_word' id='word_1_711' title='bbox 224 3123 365 3168; x_wconf 82' lang='grc' dir='ltr'>λοιπὸν,</span> <span class='ocrx_word' id='word_1_712' title='bbox 389 3123 506 3175; x_wconf 78' lang='grc' dir='ltr'>φησὶν,</span> <span class='ocrx_word' id='word_1_713' title='bbox 531 3122 630 3161; x_wconf 86' lang='grc' dir='ltr'>ἔσται</span> <span class='ocrx_word' id='word_1_714' title='bbox 661 3123 759 3166; x_wconf 77' lang='grc' dir='ltr'>ἐλπὶς</span> <span class='ocrx_word' id='word_1_715' title='bbox 785 3124 971 3177; x_wconf 87' lang='grc' dir='ltr'>σωτηρίας.</span> <span class='ocrx_word' id='word_1_716' title='bbox 993 3126 1077 3165; x_wconf 68' lang='lat' dir='ltr'>&#39;En-&#39;t</span> <span class='ocrx_word' id='word_1_717' title='bbox 1107 3127 1169 3166; x_wconf 86' lang='grc' dir='ltr'>θύ-</span> 
     </span>
     <span class='ocr_line' id='line_1_94' title="bbox 143 3183 1167 3235; baseline 0.006 -14"><span class='ocrx_word' id='word_1_718' title='bbox 143 3199 218 3235; x_wconf 86' lang='grc' dir='ltr'>ραις</span> <span class='ocrx_word' id='word_1_719' title='bbox 239 3183 283 3221; x_wconf 86' lang='grc' dir='ltr'>τὰ</span> <span class='ocrx_word' id='word_1_720' title='bbox 303 3187 363 3221; x_wconf 79' lang='grc' dir='ltr'>τοῦ</span> <span class='ocrx_word' id='word_1_721' title='bbox 381 3184 542 3222; x_wconf 90' lang='grc' dir='ltr'>θανάτου.</span> <span class='ocrx_word' id='word_1_722' title='bbox 562 3185 680 3223; x_wconf 75' lang='grc' dir='ltr'>Τοῦτο</span> <span class='ocrx_word' id='word_1_723' title='bbox 694 3184 796 3235; x_wconf 87' lang='grc' dir='ltr'>μόνον</span> <span class='ocrx_word' id='word_1_724' title='bbox 813 3187 897 3235; x_wconf 82' lang='grc' dir='ltr'>ἡμῖν</span> <span class='ocrx_word' id='word_1_725' title='bbox 917 3188 1167 3227; x_wconf 82' lang='grc' dir='ltr'>ὑπολέλειπται</span> 
     </span>
    </p>
   </div>
   <div class='ocr_carea' id='block_1_21' title="bbox 184 3306 1148 3358">
    <p class='ocr_par' dir='ltr' id='par_1_21' title="bbox 184 3306 1148 3358">
     <span class='ocr_line' id='line_1_95' title="bbox 184 3306 1148 3358; baseline 0.008 -21"><span class='ocrx_word' id='word_1_726' title='bbox 184 3319 196 3332; x_wconf 68' lang='lat' dir='ltr'><strong>a</strong></span> <span class='ocrx_word' id='word_1_727' title='bbox 222 3308 315 3339; x_wconf 81' lang='lat' dir='ltr'>llanc</span> <span class='ocrx_word' id='word_1_728' title='bbox 332 3308 549 3351; x_wconf 74' lang='lat' dir='ltr'>sareptanum</span> <span class='ocrx_word' id='word_1_729' title='bbox 569 3307 700 3341; x_wconf 67' lang='lat' dir='ltr'>xiduam</span> <span class='ocrx_word' id='word_1_730' title='bbox 720 3306 867 3351; x_wconf 85' lang='lat' dir='ltr'>pluribus</span> <span class='ocrx_word' id='word_1_731' title='bbox 881 3309 1027 3344; x_wconf 80' lang='lat' dir='ltr'>celebrat</span> <span class='ocrx_word' id='word_1_732' title='bbox 1042 3312 1148 3358; x_wconf 78' lang='lat' dir='ltr'>Chry—</span> 
     </span>
    </p>
   </div>
   <div class='ocr_carea' id='block_1_22' title="bbox 1229 3314 1713 3357">
    <p class='ocr_par' dir='ltr' id='par_1_22' title="bbox 1229 3314 1713 3357">
     <span class='ocr_line' id='line_1_96' title="bbox 1229 3314 1713 3357; baseline 0.01 -11"><span class='ocrx_word' id='word_1_733' title='bbox 1229 3316 1244 3339; x_wconf 74' lang='grc' dir='ltr'>Ι»</span> <span class='ocrx_word' id='word_1_734' title='bbox 1269 3314 1394 3357; x_wconf 73' lang='lat' dir='ltr'>[CJisl.</span> <span class='ocrx_word' id='word_1_735' title='bbox 1423 3320 1471 3350; x_wconf 71' lang='grc' dir='ltr'>καὶ</span> <span class='ocrx_word' id='word_1_736' title='bbox 1501 3320 1579 3351; x_wconf 66' lang='grc' dir='ltr'>αὐτὰ</span> <span class='ocrx_word' id='word_1_737' title='bbox 1605 3320 1713 3355; x_wconf 73' lang='grc' dir='ltr'>λιθίνην</span> 
     </span>
    </p>
   </div>
   <div class='ocr_carea' id='block_1_23' title="bbox 1239 3124 2199 3247">
    <p class='ocr_par' dir='ltr' id='par_1_23' title="bbox 1239 3124 2199 3247">
     <span class='ocr_line' id='line_1_97' title="bbox 1243 3124 2199 3184; baseline 0.01 -21"><span class='ocrx_word' id='word_1_738' title='bbox 1243 3125 1366 3175; x_wconf 77' lang='lat' dir='ltr'>vitam,</span> <span class='ocrx_word' id='word_1_739' title='bbox 1397 3124 1494 3176; x_wconf 92' lang='lat' dir='ltr'>quod</span> <span class='ocrx_word' id='word_1_740' title='bbox 1514 3125 1578 3163; x_wconf 80' lang='lat' dir='ltr'>vix</span> <span class='ocrx_word' id='word_1_741' title='bbox 1605 3126 1758 3165; x_wconf 84' lang='lat' dir='ltr'>sufficiet</span> <span class='ocrx_word' id='word_1_742' title='bbox 1786 3128 1876 3167; x_wconf 87' lang='lat' dir='ltr'>mihi</span> <span class='ocrx_word' id='word_1_743' title='bbox 1901 3141 1934 3169; x_wconf 88' lang='lat' dir='ltr'>et</span> <span class='ocrx_word' id='word_1_744' title='bbox 1963 3134 2133 3184; x_wconf 89' lang='lat' dir='ltr'>puerulis.</span> <span class='ocrx_word' id='word_1_745' title='bbox 2158 3134 2199 3173; x_wconf 86' lang='lat' dir='ltr'>Id</span> 
     </span>
     <span class='ocr_line' id='line_1_98' title="bbox 1239 3189 2198 3247; baseline 0.01 -21"><span class='ocrx_word' id='word_1_746' title='bbox 1239 3190 1336 3242; x_wconf 84' lang='lat' dir='ltr'>qnod</span> <span class='ocrx_word' id='word_1_747' title='bbox 1355 3199 1429 3228; x_wconf 90' lang='lat' dir='ltr'>erat</span> <span class='ocrx_word' id='word_1_748' title='bbox 1449 3189 1485 3227; x_wconf 89' lang='lat' dir='ltr'>in</span> <span class='ocrx_word' id='word_1_749' title='bbox 1505 3204 1581 3228; x_wconf 81' lang='lat' dir='ltr'>mea</span> <span class='ocrx_word' id='word_1_750' title='bbox 1598 3199 1769 3243; x_wconf 88' lang='lat' dir='ltr'>potestate</span> <span class='ocrx_word' id='word_1_751' title='bbox 1787 3193 1872 3245; x_wconf 68' lang='grc' dir='ltr'>ἱροί,</span> <span class='ocrx_word' id='word_1_752' title='bbox 1892 3210 2021 3247; x_wconf 87' lang='lat' dir='ltr'>aquam</span> <span class='ocrx_word' id='word_1_753' title='bbox 2039 3212 2198 3236; x_wconf 88' lang='lat' dir='ltr'>commu-</span> 
     </span>
    </p>
   </div>
   <div class='ocr_carea' id='block_1_24' title="bbox 1750 3318 2197 3361">
    <p class='ocr_par' dir='ltr' id='par_1_24' title="bbox 1750 3318 2197 3361">
     <span class='ocr_line' id='line_1_99' title="bbox 1750 3318 2197 3361; baseline 0.004 -8"><span class='ocrx_word' id='word_1_754' title='bbox 1750 3324 1781 3361; x_wconf 59' lang='grc' dir='ltr'>’,ὓ-</span> <span class='ocrx_word' id='word_1_755' title='bbox 1809 3318 1910 3355; x_wconf 72' lang='lat' dir='ltr'>Sm&#39;ll.</span> <span class='ocrx_word' id='word_1_756' title='bbox 1938 3326 1985 3355; x_wconf 66' lang='lat' dir='ltr'>zat</span> <span class='ocrx_word' id='word_1_757' title='bbox 2016 3325 2197 3359; x_wconf 57' lang='lat' dir='ltr'>ufiroMJi-arn</span> 
     </span>
    </p>
   </div>
   <div class='ocr_carea' id='block_1_25' title="bbox 139 3361 1308 3410">
    <p class='ocr_par' dir='ltr' id='par_1_25' title="bbox 139 3361 1308 3410">
     <span class='ocr_line' id='line_1_100' title="bbox 139 3361 1308 3410; baseline 0.005 -18"><span class='ocrx_word' id='word_1_758' title='bbox 139 3369 303 3393; x_wconf 77' lang='lat' dir='ltr'>sostomus</span> <span class='ocrx_word' id='word_1_759' title='bbox 319 3362 427 3393; x_wconf 84' lang='lat' dir='ltr'>Tomo</span> <span class='ocrx_word' id='word_1_760' title='bbox 441 3362 497 3394; x_wconf 83' lang='lat'>111</span> <span class='ocrx_word' id='word_1_761' title='bbox 523 3373 621 3405; x_wconf 83' lang='lat' dir='ltr'>supra</span> <span class='ocrx_word' id='word_1_762' title='bbox 648 3363 680 3395; x_wconf 88' lang='lat' dir='ltr'>in</span> <span class='ocrx_word' id='word_1_763' title='bbox 704 3361 848 3395; x_wconf 75' lang='lat' dir='ltr'>llonnilia</span> <span class='ocrx_word' id='word_1_764' title='bbox 873 3361 914 3395; x_wconf 86' lang='lat' dir='ltr'>de</span> <span class='ocrx_word' id='word_1_765' title='bbox 938 3363 1030 3397; x_wconf 78' lang='lat' dir='ltr'>llel&#39;a</span> <span class='ocrx_word' id='word_1_766' title='bbox 1049 3373 1080 3398; x_wconf 90' lang='lat' dir='ltr'>et</span> <span class='ocrx_word' id='word_1_767' title='bbox 1099 3368 1147 3400; x_wconf 71' lang='lat' dir='ltr'>vi-</span> <span class='ocrx_word' id='word_1_768' title='bbox 1184 3368 1308 3410; x_wconf 47' lang='lat' dir='ltr'>*pa-[fia]</span> 
     </span>
    </p>
   </div>
   <div class='ocr_carea' id='block_1_26' title="bbox 140 3412 437 3446">
    <p class='ocr_par' dir='ltr' id='par_1_26' title="bbox 140 3412 437 3446">
     <span class='ocr_line' id='line_1_101' title="bbox 140 3412 437 3446; baseline -0.003 0"><span class='ocrx_word' id='word_1_769' title='bbox 140 3412 203 3446; x_wconf 80' lang='lat' dir='ltr'>(lua</span> <span class='ocrx_word' id='word_1_770' title='bbox 222 3415 308 3446; x_wconf 82' lang='lat' dir='ltr'>circa</span> <span class='ocrx_word' id='word_1_771' title='bbox 326 3412 437 3445; x_wconf 69' lang='lat' dir='ltr'>finem.</span> 
     </span>
    </p>
   </div>
   <div class='ocr_carea' id='block_1_27' title="bbox 2222 2776 2406 2810">
    <p class='ocr_par' dir='ltr' id='par_1_27' title="bbox 2222 2776 2406 2810">
     <span class='ocr_line' id='line_1_102' title="bbox 2222 2776 2406 2810; baseline 0.005 -6"><span class='ocrx_word' id='word_1_772' title='bbox 2222 2776 2303 2805; x_wconf 56' lang='lat' dir='ltr'>Ihm.</span> <span class='ocrx_word' id='word_1_773' title='bbox 2315 2788 2340 2804; x_wconf 91' lang='lat' dir='ltr'>v.</span> <span class='ocrx_word' id='word_1_774' title='bbox 2360 2785 2406 2810; x_wconf 65' lang='grc' dir='ltr'>ιε’,</span> 
     </span>
    </p>
   </div>
  </div>
 </body>
</html>
