2566 3791
793 172 832 232 S..
859 201 1046 232 JOANMS
1082 199 1334 230 CHRYSOST.

368 190 459 237 226

363 289 440 326 lllis
450 300 594 326 auream
602 285 790 339 pecuniam
798 284 909 334 trade,
924 292 958 322 et
967 284 1003 321 in
1016 282 1160 320 illorum
1173 289 1312 320 ventres

365 350 580 402 dispensato,
598 356 802 396 tantamque
813 345 880 383 tibi
897 343 1057 383 vicissim
1074 341 1212 379 dabunt
1232 340 1314 392 pul-

329 417 334 422 '
366 408 618 457 chritudinem‚
633 417 672 446 ut
686 408 798 444 forma
814 415 875 443 tua
887 418 1014 443 verum
1026 402 1130 439 illum
1144 413 1316 452 sponsum

174 2063 354 2093 Cen,5.31.

170 2105 294 2134 etO'.1.

164 3216 266 3246 Debui
294 3219 354 3256 spi-

366 471 513 519 allieiat,
537 470 792 517 innumeraque
817 466 909 503 dona
937 462 1110 502 conciliet.
1133 459 1224 498 Cum
1251 474 1316 497 au-

367 543 439 571 tem
457 527 929 584 pulchritudineDominum
942 523 1123 573 allexeris‚
1140 521 1315 575 suppedi-

367 594 539 632 tabuntur
562 591 630 628 tibi
650 590 742 627 bona
767 587 899 634 omnia,
921 595 955 624 et
980 584 1159 624 immensis
1187 583 1318 636 opibus

367 652 579 692 abundabis.
599 651 636 689 Si
652 663 736 701 ergo
751 636 927 687 'amabiles
948 647 1026 685 fieri
1042 646 1196 684 Domino
1218 645 1319 683 volu-

367 727 462 762 mus,
475 712 550 763 jam
569 724 639 748 non
653 718 818 747 ornatum
832 706 991 760 corporis
1010 705 1102 744 tanti
1120 705 1293 743 faciamus
1308 733 1319 754 ,

368 773 430 811 sed
440 773 568 811 animae
582 771 839 810 formositatem
851 768 1010 820 quotidie
1022 781 1151 819 magna
1160 766 1317 818 diligen·
1340 771 1364 801 B

366 835 415 872 tia
431 847 610 883 curemus,
628 841 710 870 utet
727 831 880 883 gratiam
891 828 1112 881 benigniDei
1124 827 1226 866 nobis
1239 841 1321 866 con·

370 895 546 944 eiliemus,
555 903 590 932 et
604 892 801 931 ineffabilia
814 891 908 930 bona
924 903 1195 941 consequamur,
1207 888 1320 940 gratia

367 966 403 994 et
425 955 643 1008 benignitate
669 952 816 991 Domini
837 952 947 990 nostri
962 953 1047 991 Jcsu
1068 949 1216 999 Christi,
1238 964 1320 987 cum

367 1032 439 1068 quo
455 1016 565 1065 Patri,
579 1015 688 1054 simul
705 1024 739 1052 et
754 1013 906 1066 Spiritui
921 1022 1040 1051 sancto
1052 1011 1098 1050 sit
1112 1010 1238 1062 gloria,
1253 1010 1320 1048 im-

368 1079 521 1131 perium,
541 1077 670 1123 honor,
685 1089 779 1115 nunc
794 1085 827 1114 et
837 1088 989 1127 semper,
1006 1083 1040 1112 et
1062 1073 1099 1111 in
1114 1072 1242 1111 saecula
1256 1085 1321 1110 sae-

369 1138 544 1176 culorum.
566 1136 692 1174 Amen.

665 1929 877 1968 HOMILIA
908 1929 1031 1968 XXII.

374 2052 422 2090 Et
454 2061 528 2091 erat
558 2053 632 2091 Noe
667 2066 842 2091 annorum
880 2052 1170 2103 quingentorum,
1200 2061 1234 2090 et
1268 2066 1327 2104 ge-

428 2113 508 2151 nuit
530 2114 606 2152 Noe
622 2122 692 2151 tres
705 2113 813 2162 filios,
835 2115 931 2156 Sem,
949 2113 1079 2163 Cham,
1101 2122 1135 2150 et
1152 2113 1322 2165 Japheth.
1347 2124 1372 2154 D

426 2175 474 2212 Et
512 2174 647 2210 sactum
680 2182 732 2211 est
762 2172 906 2224 quando
940 2182 1123 2224 coeperunt
1165 2173 1328 2211 homines

426 2234 660 2285 multiplicari
697 2247 802 2286 super
840 2242 999 2280 terram,
1035 2242 1068 2271 et
1111 2233 1196 2270 filiae
1237 2243 1327 2272 natae

427 2304 510 2332 sunt
524 2308 586 2332 eis.

424 2419 461 2454 1.
499 2414 682 2466 Reliquias
725 2414 897 2453 hesternae
929 2428 1057 2452 mensae
1084 2415 1188 2454 vobis
1221 2415 1328 2455 hodie¹

369 2491 566 2530 proponere
600 2476 682 2515 volo
715 2492 723 2513 ε
751 2475 813 2514 sed
845 2489 888 2514 ne
924 2489 1016 2527 aegre
1047 2476 1150 2523 feras,
1187 2476 1326 2528 dilecte,

369 2536 466 2587 quod
478 2534 648 2586 reliquias
668 2534 763 2573 dico.
777 2536 870 2573 Nam
888 2534 923 2572 in
936 2534 1166 2573 sensibilibus
1179 2535 1326 2586 quidem

370 2597 547 2635 alimentis
565 2605 646 2648 post
678 2610 790 2634 unum
816 2605 849 2634 ct
873 2596 1026 2634 alterum
1048 2596 1145 2634 diem
1167 2598 1325 2636 marcida

369 2659 461 2696 fiunt
480 2658 598 2697 edulia
613 2688 622 2706 ‚
651 2667 685 2696 et
706 2658 752 2697 ad
777 2658 992 2698 vescendum
1011 2659 1172 2697 inutilia:
1198 2659 1234 2697 in
1253 2660 1326 2712 spi-

368 2720 490 2758 rituali
526 2733 610 2758 vero
641 2733 762 2757 mensa
804 2718 896 2757 nihil
929 2719 999 2757 tale
1030 2720 1148 2758 vereri
1175 2730 1325 2773 oportet.

371 2782 382 2817 Ι
387 2795 448 2832 psa
471 2779 577 2828 enim,
598 2789 729 2831 quanto
741 2779 822 2832 plus
834 2780 1003 2831 temporis
1018 2780 1205 2832 praeteriit,
1226 2790 1321 2820 tanto

369 2842 540 2893 majorem
555 2841 706 2891 gratiam
720 2841 841 2890 habet,
860 2849 893 2878 et
910 2841 1081 2879 recentior
1099 2851 1203 2893 atque
1218 2857 1322 2895 vege-
1347 2856 1370 2886 Ε

368 2902 439 2939 tior
459 2901 650 2940 invenitur.
676 2904 749 2953 Age
770 2901 880 2953 igitur
898 2901 1169 2954 promissionem
1186 2933 1196 2953 ‚
1216 2918 1323 2956 quam

369 2961 445 2999 lit-ri
466 2962 660 3012 emisimus,
681 2962 907 3014 impleamus,
925 2972 958 3000 et
978 2962 1140 3002 debitum
1155 2964 1324 3004 doctrinae

370 3031 470 3073 grato
489 3023 723 3060 exhibeamus
735 3023 867 3061 animo.
886 3024 964 3061 Non
978 3023 1073 3061 enim
1086 3024 1153 3063 hoc
1171 3026 1260 3063 utile
1273 3019 1326 3064 est

371 3084 627 3136 accipientibus
645 3085 846 3132 dumtaxat,
866 3094 906 3122 ut
930 3084 965 3122 in
985 3085 1066 3124 aliis
1090 3087 1236 3137 debitis,
1264 3087 1327 3127 sed

372 3153 404 3181 et
418 3143 506 3181 mihi
519 3143 771 3181 dinumeranti.
792 3143 840 3181 Et
855 3143 943 3195 quid
957 3144 1039 3183 dico
1061 3145 1149 3183 mihi
1164 3146 1327 3186 dinume-

371 3203 488 3242 ranti?
508 3203 610 3242 Talis
645 3213 695 3242 est
729 3204 927 3256 spiritualis
960 3205 1071 3244 debiti
1104 3217 1246 3260 natura,
1286 3218 1330 3248 ut

409 3342 421 3356 θ
438 3330 540 3364 Savil.
565 3337 787 3377 περιτιθέμινα.
811 3331 919 3376 Aliqui
935 3333 1010 3366 Mss.
1032 3338 1232 3377 περιτιθέντα.
1251 3333 1366 3367 Motel-

364 3387 570 3428 περιτεθέντα,

1376 200 1584 229 ARCHIEP.
1624 198 1990 230 CONSTANTINOP-

1387 280 1431 317 τὰ
1455 280 1581 332 χρυσία
1603 284 1714 318 ταῦτα
1727 281 1772 319 τὰ
1791 281 1923 329 πολλὴν
1943 283 2001 320 καὶ
2018 287 2088 326 τοῖς
2102 282 2246 334 ἀνδράσι
2263 283 2322 321 καὶ
2336 289 2412 326 ταῖς

1388 337 1521 389 γυναιξὶ
1547 337 1610 384 τὴν
1633 337 1748 387 λύμην
1767 339 1966 393 παρέχοντα
1987 343 2033 384 εἷς
2060 341 2117 379 τὸν
2137 345 2198 388 τῆς
2219 344 2333 393 ψυχῆς
2353 342 2412 378 κό-

1389 413 1477 448 σμον
1494 399 1625 448 μᾶλλον
1653 399 1920 450 μεταγέτωσαν,
1945 401 2006 440 καὶ
2039 402 2171 449 ἐκείνην
2195 402 2251 440 διὰ
2280 401 2413 440 τούτων

1389 458 1718 502 καλλωπιζέτωσαν.
1739 459 1876 512 υΩσπερ
1903 461 1972 515 γὰρ
2004 465 2054 514 τῷ
2084 461 2221 513 σώματι
2255 461 2414 515 περικεί-

1393 534 1479 570 μενα
1490 548 1501 567 ,
1521 519 1586 557 κᾶν
1605 519 1773 572 εὔμορφον
1788 516 1810 573 ᾗ
1821 552 1830 570 ,
1848 523 2100 576 δυσειδέστερον
2126 528 2226 561 τοῦτο
2258 522 2413 574 ἀπεργά-

1392 581 1506 624 ζεται·
1524 579 1675 631 οὕτωτῇ
1696 583 1792 633 ψυχῇ
1815 582 2081 636 ἒπεριτεθέντα,
2108 583 2173 621 κᾶν
2193 584 2348 636 ἄμορφος
2371 577 2415 634 ᾖ,

1393 644 1440 685 εἷς
1454 641 1518 689 τὴν
1537 641 1647 694 ἄκραν
1665 642 1854 696 εὐμορφίαν
1874 643 1980 691 αὐτὴν
2000 645 2194 695 μεθίστησι.
2226 645 2296 683 Καὶ
2318 646 2415 690 πῶς,

1393 703 1500 756 φησὶ,
1521 703 1665 741 δυνατὸν
1683 707 1726 756 τῇ
1747 706 1844 757 ψυχῇ
1877 709 2069 757 περιθεῖναι
2098 706 2142 744 τὰ
2165 705 2311 759 χρυσία,
2337 705 2417 742 Πά-

1392 766 1445 803 λιν
1464 764 1521 804 διὰ
1541 767 1605 811 τῆς
1622 768 1690 804 τῶν
1708 766 1866 813 πενήτων
1885 766 2012 820 χειρός.
2030 761 2139 806 Οὗτοι
2153 767 2221 819 γὰρ
2237 766 2417 819 δεχόμενοι

1391 825 1454 873 τὴν
1496 826 1625 874 ταύτης
1658 828 1846 880 εὐμορφίαν
1883 829 2213 873 κατασκευάζουσιν.
2247 828 2419 871 Ἐκείνοις

1393 887 1584 940 ἐγχείρισον
1604 882 1649 926 τὰ
1667 887 1824 941 ι’χρυσία
1852 889 1912 928 καὶ
1934 889 2110 941 διάνειμαι
2130 891 2177 933 εἷς
2210 889 2271 933 τὰς
2305 891 2418 927 αὐτῶν

1392 949 1582 1001 γαστέρας,
1614 950 1673 989 καὶ
1701 950 1875 997 τοσαύτην
1909 955 1970 998 τῆς
1997 954 2112 1004 ψυχῆς
2139 951 2327 1004 εὐμορφίαν
2365 965 2420 989 σοι

1393 1008 1657 1059 παραδιδόασιν,
1676 1010 1722 1052 ὡς
1741 1009 1843 1047 αὐτὸν
1872 1009 1930 1048 τὸν
1960 1012 2072 1057 ἀληθῆ
2098 1010 2244 1062 νυμφίον
2270 1009 2327 1048 διὰ
2356 1013 2419 1056 τῆς

1394 1066 1486 1118 ὥρας
1503 1069 1783 1118 ἐπισπάσασθαι,
1803 1070 1863 1108 καὶ
1880 1070 1924 1108 τὰ
1942 1070 2050 1124 μυρία
2067 1087 2121 1110 σοι
2138 1070 2252 1122 ἀγαθὰ
2267 1070 2325 1108 διὰ
2341 1070 2419 1108 τού·

1395 1143 1453 1166 του
1469 1128 1692 1181 προξενῆσαι.
1712 1130 1825 1169 ϋΟταν
1840 1130 1908 1183 γὰρ
1930 1131 1987 1169 διὰ
2001 1135 2061 1169 τοῦ
2078 1131 2226 1174 κάλλους
2239 1131 2420 1184 ἐπισπάσῃ

1395 1188 1452 1227 τὸν
1473 1190 1675 1238 Δεσπότην,
1695 1191 1835 1230 πάντων
1864 1194 1930 1230 τῶν
1960 1195 2098 1244 ἀγαθῶν
2118 1192 2209 1244 ἔχεις
2226 1191 2290 1238 τὴν
2309 1208 2421 1246 χορη-

1395 1249 1491 1300 γίαν,
1514 1250 1574 1289 καὶ
1586 1251 1648 1298 τὴν
1669 1252 1798 1304 ἄφατον
1815 1252 1977 1305 εὐπορίαν
1994 1253 2148 1300 ἐκτήσω·
2168 1253 2197 1291 εἷ
2210 1253 2322 1291 τοίνυν
2341 1256 2422 1304 βου-

1396 1314 1529 1364 λόμεθα
1553 1313 1739 1365 ἐπέραστοι
1758 1313 1916 1365 γενέσθαι
1938 1317 1989 1367 τῷ
2010 1315 2194 1366 Δεσπότῃ,
2211 1315 2423 1353 καταλιπόν-

1399 1391 1452 1418 τες
1470 1374 1510 1412 τὸ
1527 1374 1608 1426 περὶ
1622 1375 1679 1413 τὸν
1698 1378 1757 1413 τοῦ
1772 1375 1934 1426 σώματος
1948 1377 2199 1427 καλλωπισμὸν
2219 1378 2424 1424 ἐπτοῆσθαι,

1399 1435 1462 1482 τὴν
1496 1435 1629 1480 ἐκείνης
1657 1436 1846 1489 εὐμορφίαν
1878 1438 1955 1475 καθ’
1980 1437 2131 1485 ἑκάστην
2162 1436 2298 1489 ἡμέραν
2319 1453 2422 1489 περι-

1400 1500 1607 1548 σκοπῶμεν,
1639 1497 1697 1535 ῗνα
1723 1499 1783 1536 καὶ
1809 1498 1873 1544 τὴν
1902 1498 2035 1537 εὔνοιαν
2055 1498 2334 1548 ἐπισπασώμεθα
2361 1503 2422 1537 τοῦ

1397 1558 1639 1610 φιλανθρώπου
1679 1560 1773 1598 Θεοῦ
1786 1590 1796 1608 ,
1836 1560 1895 1597 καὶ
1927 1562 1995 1598 τῶν
2035 1560 2241 1612 ἀποῤῥήτων
2281 1561 2421 1611 ἀγαθῶν

1396 1620 1639 1672 ἐπιτύχωμεν,
1676 1620 1796 1673 χάριτι
1831 1621 1891 1659 καὶ
1926 1620 2168 1673 φιλανθρωπίᾳ
2197 1624 2257 1659 τοῦ
2291 1620 2421 1673 Κυρίου

1395 1684 1495 1730 ἡμῶν
1528 1680 1643 1727 Ἰησοῦ
1674 1682 1845 1733 Χριστοῦ,
1877 1683 1950 1732 μεθ’
1971 1675 2009 1719 οὗ
2035 1685 2086 1735 τῷ
2115 1682 2234 1734 Πατρὶ
2266 1685 2288 1728 ἡ
2320 1680 2420 1727 δόξα,

1396 1741 1538 1794 κράτος,
1558 1741 1666 1793 τιμὴ,
1687 1742 1763 1793 ἅμα
1782 1744 1833 1793 τῷ
1862 1742 1949 1794 ἁγίῳ
1969 1742 2169 1793 Πνεύματι,
2192 1747 2249 1781 νῦν
2265 1745 2326 1782 καὶ
2343 1742 2396 1781 ἀεὶ
2410 1770 2421 1788 ,

1397 1803 1455 1840 καὶ
1483 1805 1529 1846 εἷς
1548 1802 1627 1846 τοὺς
1643 1804 1770 1847 αἰῶνας
1789 1804 1858 1841 τῶν
1874 1803 2026 1842 αἰώνων.
2047 1803 2168 1854 Ἀμήν.

1770 1927 1950 1965 οΜιΛιΑ
1977 1925 2049 1977 κβα

1402 2052 1472 2088 Καὶ
1503 2045 1545 2097 ἦν
1574 2052 1654 2089 Νῶε
1689 2052 1773 2089 ἐτῶν
1790 2049 2049 2098 πεντακοσίων,
2069 2049 2128 2088 καὶ
2155 2048 2316 2102 ἐγέννησε
2343 2050 2426 2088 Νῶε

1450 2118 1542 2166 τρεῖς
1563 2111 1654 2155 υἱοὺς
1669 2142 1678 2160 ,
1696 2112 1754 2150 τὸν
1773 2111 1879 2161 Σὴμ,
1907 2112 1964 2149 τὸν
1985 2111 2092 2162 Χὰμ,
2120 2111 2179 2149 τὸν
2200 2111 2330 2164 Ἰάφεθ.
2352 2111 2424 2150 Καὶ

1451 2173 1607 2224 ἐγένετο,
1643 2172 1746 2218 ἡνίκα
1768 2171 1917 2224 ἤρξαντο
1935 2174 1965 2210 οἱ
1987 2172 2163 2224 ἅνθρωποι
2184 2173 2307 2210 πολλοὶ
2333 2172 2424 2223 γίνε-

1451 2236 1529 2271 σθαι
1560 2233 1617 2271 ἐπὶ
1656 2236 1718 2279 τῆς
1753 2235 1817 2284 γ’ἧς
1831 2263 1841 2281 ,
1876 2232 1935 2270 καὶ
1976 2231 2160 2283 θυγατέρες
2189 2233 2424 2284 ἐγεννήθησαν

1452 2296 1577 2337 αὐτοῖς.

1451 2415 1509 2454 Τὰ
1532 2416 1678 2468 λείψανα
1697 2418 1758 2462 τ’ἦς
1778 2417 1941 2467 χθεσινῆς
1962 2414 2136 2468 τραπέζης
2156 2418 2237 2465 ὑμῖν
2252 2418 2423 2467 παραθεῖ-

1399 2493 1455 2515 ναι
1476 2478 1645 2528 βούλομαι
1669 2477 1724 2528 τήι
1747 2493 1839 2529 ερον·
1871 2477 1961 2515 ἀλλὰ
1990 2476 2038 2527 μὴ
2071 2476 2303 2530 δυοχεράνης,
2332 2479 2423 2528 ἄγα-

1398 2538 1507 2586 πητὲ,
1533 2538 1680 2591 λείψανα
1706 2538 1854 2576 ἀκούων.
1871 2538 1957 2576 Ἐπὶ
1978 2536 2040 2588 μὲν
2065 2538 2132 2590 γὰρ
2157 2541 2225 2576 τῶν
2249 2539 2422 2584 αἰσθητῶν

1398 2600 1598 2650 ἐδεσμάτων
1637 2598 1726 2649 μετὰ
1761 2599 1842 2650 μίαν
1878 2599 1938 2637 καὶ
1968 2598 2128 2651 δευτέραν
2162 2598 2298 2650 ἡμέραν
2329 2598 2423 2636 ἕωλα

1397 2660 1565 2704 πολλάκις
1591 2661 1760 2712 γενόμενα
1791 2661 1834 2698 τὰ
1864 2659 2058 2711 ἐδέσματα,
2087 2661 2248 2712 ἄχρηστα
2285 2659 2424 2711 γέγονε,

1398 2722 1458 2760 καὶ
1481 2723 1703 2766 ἀνεπιτήδεια
1723 2722 1808 2774 πρὸς
1826 2722 1976 2776 τροφήν·
2012 2722 2069 2760 ἐπὶ
2090 2722 2126 2759 δὲ
2144 2725 2206 2768 τῆς
2231 2736 2425 2771 πνευματι-

1398 2789 1462 2832 κῆς
1481 2785 1654 2838 τραπέζης
1683 2785 1778 2823 οὐδέν
1806 2787 1879 2823 ἐστι
1909 2788 2061 2823 τοιοῦτον
2092 2785 2224 2831 δεῖσαι,
2252 2784 2328 2821 ἀλλ’
2348 2782 2426 2826 ὅσος

1396 2847 1435 2884 ἂν
1464 2847 1620 2898 παρέλθῃ
1658 2845 1799 2899 χρόνος,
1829 2845 1982 2898 τοσούτῳ
2014 2847 2146 2896 μᾶλλον
2183 2843 2327 2882 πλείονα
2360 2842 2424 2890 τὴν

1394 2907 1498 2960 χάριν
1526 2906 1783 2954 ἐπιδείκνυται,
1811 2906 1871 2944 καὶ
1890 2905 2088 2958 νεαρώτερα
2117 2904 2175 2942 καὶ
2206 2903 2425 2956 ἀκμαιότερα

1397 2968 1607 3020 εὑρίσκεται.
1641 2967 1737 3021 Φέρε
1772 2961 1829 3005 οὐν
1860 2968 1922 3014 τὴν
1955 2967 2168 3019 ὑπόσχεσιν,
2200 2965 2311 3018 ἥνπερ
2343 2965 2426 3017 χθὲς

1397 3028 1640 3081 ὑπεσχόμεθα,
1663 3031 1711 3073 εἷς
1729 3028 1826 3080 ἔργον
1848 3028 2058 3080 ἀγάγωμεν,
2077 3027 2136 3065 καὶ
2163 3026 2203 3064 τὸ
2232 3026 2334 3078 χρέος
2363 3029 2426 3073 τῆς

1400 3090 1626 3133 διδασκαλίας
1658 3089 1939 3139 καταὸάλωμεν,
1970 3088 2029 3127 καὶ
2063 3087 2126 3134 τὴν
2161 3086 2426 3137 εὐγνωμοσύνην

1401 3150 1661 3201 ἐπιδειξώμεθα.
1690 3150 1782 3189 Οὐδὲ
1813 3149 1882 3203 γὰρ
1913 3157 1983 3194 τοῖς
2020 3147 2287 3200 ὑποδεχομένοις
2324 3147 2427 3198 μόνον

1402 3211 1584 3258 λυσιτελὴς
1616 3210 1704 3259 αὕτη
1735 3211 1912 3263 τυγΑάνει,
1934 3210 2090 3262 καθάπερ
2115 3209 2171 3247 ἐπὶ
2196 3211 2265 3246 τῶν
2288 3210 2425 3260 χρεῶν,

1446 3339 1461 3363 b
1484 3338 1583 3373 Sat'il.
1603 3345 1635 3370 et
1660 3336 1783 3380 aliquot
1801 3336 1878 3368 Mss.
1895 3339 2018 3379 χρυσία,
2038 3337 2187 3376 διανείμας
2204 3336 2280 3367 αὐτὰ
2306 3337 2344 3369 εἰς
2360 3336 2425 3368 τάς.
