<?xml version="1.0" encoding="UTF-8"?>
<!DOCTYPE html PUBLIC "-//W3C//DTD XHTML 1.0 Transitional//EN"
    "http://www.w3.org/TR/xhtml1/DTD/xhtml1-transitional.dtd">
<html xmlns="http://www.w3.org/1999/xhtml" xml:lang="en" lang="en">
 <head>
  <title>
</title>
<meta http-equiv="Content-Type" content="text/html;charset=utf-8" />
  <meta name='ocr-system' content='tesseract 3.04.00' />
  <meta name='ocr-capabilities' content='ocr_page ocr_carea ocr_par ocr_line ocrx_word'/>
</head>
<body>
  <div class='ocr_page' id='page_1' title='image "./operaomniaquaeex04johnuoft_0379.png"; bbox 0 0 2516 3791; ppageno 0'>
   <div class='ocr_carea' id='block_1_1' title="bbox 716 233 2190 296">
    <p class='ocr_par' dir='ltr' id='par_1_1' title="bbox 716 233 2190 296">
     <span class='ocr_line' id='line_1_1' title="bbox 716 233 2190 296; baseline 0.001 -20"><span class='ocrx_word' id='word_1_1' title='bbox 716 247 757 276; x_wconf 67' lang='lat' dir='ltr'><em>n·</em></span> <span class='ocrx_word' id='word_1_2' title='bbox 796 246 898 276; x_wconf 51' lang='lat' dir='ltr'><em>civ.</em></span> <span class='ocrx_word' id='word_1_3' title='bbox 939 245 1002 275; x_wconf 81' lang='lat' dir='ltr'><em>xi.</em></span> <span class='ocrx_word' id='word_1_4' title='bbox 1040 244 1201 276; x_wconf 63' lang='lat' dir='ltr'><em>ornus.</em></span> <span class='ocrx_word' id='word_1_5' title='bbox 1241 245 1397 276; x_wconf 64' lang='lat' dir='ltr'><em>noim„</em></span> <span class='ocrx_word' id='word_1_6' title='bbox 1438 245 1566 276; x_wconf 62' lang='lat' dir='ltr'><em>xxxi.</em></span> <span class='ocrx_word' id='word_1_7' title='bbox 2098 233 2190 296; x_wconf 69' lang='lat'><em>559</em></span> 
     </span>
    </p>
   </div>
   <div class='ocr_carea' id='block_1_2' title="bbox 139 327 2396 1602">
    <p class='ocr_par' dir='ltr' id='par_1_2' title="bbox 142 327 2391 443">
     <span class='ocr_line' id='line_1_2' title="bbox 143 327 2391 381; baseline -0.001 -11"><span class='ocrx_word' id='word_1_8' title='bbox 143 336 204 380; x_wconf 77' lang='grc' dir='ltr'><em>τῆς</em></span> <span class='ocrx_word' id='word_1_9' title='bbox 235 330 333 378; x_wconf 82' lang='grc' dir='ltr'>δόξης</span> <span class='ocrx_word' id='word_1_10' title='bbox 365 329 464 381; x_wconf 81' lang='grc' dir='ltr'>ὤφθη</span> <span class='ocrx_word' id='word_1_11' title='bbox 496 330 546 380; x_wconf 80' lang='grc' dir='ltr'><em>τῷ</em></span> <span class='ocrx_word' id='word_1_12' title='bbox 581 327 690 381; x_wconf 81' lang='grc' dir='ltr'>πατρὶ</span> <span class='ocrx_word' id='word_1_13' title='bbox 717 330 818 379; x_wconf 84' lang='grc' dir='ltr'>ἡμῶν</span> <span class='ocrx_word' id='word_1_14' title='bbox 841 328 993 381; x_wconf 40' lang='grc' dir='ltr'>ι”Αὸραμ</span> <span class='ocrx_word' id='word_1_15' title='bbox 1025 327 1098 366; x_wconf 80' lang='grc' dir='ltr'>ὄντι</span> <span class='ocrx_word' id='word_1_16' title='bbox 1131 329 1166 366; x_wconf 79' lang='grc' dir='ltr'><em>ἐν</em></span> <span class='ocrx_word' id='word_1_17' title='bbox 1244 328 1350 366; x_wconf 83' lang='lat' dir='ltr'><em>Deus</em></span> <span class='ocrx_word' id='word_1_18' title='bbox 1366 328 1617 380; x_wconf 79' lang='lat' dir='ltr'><em>glorioevisus</em></span> <span class='ocrx_word' id='word_1_19' title='bbox 1634 336 1689 366; x_wconf 89' lang='lat' dir='ltr'><em>est</em></span> <span class='ocrx_word' id='word_1_20' title='bbox 1703 330 1808 380; x_wconf 84' lang='lat' dir='ltr'><em>patri</em></span> <span class='ocrx_word' id='word_1_21' title='bbox 1820 336 1950 366; x_wconf 86' lang='lat' dir='ltr'><em>nostro</em></span> <span class='ocrx_word' id='word_1_22' title='bbox 1968 329 2187 378; x_wconf 73' lang='lat' dir='ltr'><em>Abraham,</em></span> <span class='ocrx_word' id='word_1_23' title='bbox 2210 338 2391 379; x_wconf 51' lang='lat' dir='ltr'><em>,1c1.7.2.4.</em></span> 
     </span>
     <span class='ocr_line' id='line_1_3' title="bbox 142 389 2191 443; baseline -0.003 -10"><span class='ocrx_word' id='word_1_24' title='bbox 142 390 420 443; x_wconf 74' lang='grc' dir='ltr'><strong>Μεσοποταμίᾳ,</strong></span> <span class='ocrx_word' id='word_1_25' title='bbox 456 389 538 442; x_wconf 77' lang='grc' dir='ltr'>πρὶν</span> <span class='ocrx_word' id='word_1_26' title='bbox 572 389 595 435; x_wconf 88' lang='grc' dir='ltr'>ἢ</span> <span class='ocrx_word' id='word_1_27' title='bbox 626 392 836 435; x_wconf 68' lang='grc' dir='ltr'>κατοικῆσαι</span> <span class='ocrx_word' id='word_1_28' title='bbox 871 390 972 428; x_wconf 81' lang='grc' dir='ltr'>αὐτὸν</span> <span class='ocrx_word' id='word_1_29' title='bbox 1005 390 1039 426; x_wconf 86' lang='grc' dir='ltr'><em>ἐν</em></span> <span class='ocrx_word' id='word_1_30' title='bbox 1074 389 1168 441; x_wconf 81' lang='grc' dir='ltr'>Χαῤ-</span> <span class='ocrx_word' id='word_1_31' title='bbox 1243 403 1329 427; x_wconf 83' lang='lat' dir='ltr'><em>cnm</em></span> <span class='ocrx_word' id='word_1_32' title='bbox 1350 398 1446 428; x_wconf 85' lang='lat' dir='ltr'><em>esset</em></span> <span class='ocrx_word' id='word_1_33' title='bbox 1467 392 1508 427; x_wconf 90' lang='lat' dir='ltr'><em>in</em></span> <span class='ocrx_word' id='word_1_34' title='bbox 1522 390 1820 441; x_wconf 80' lang='lat' dir='ltr'><em>Mesopotamia,</em></span> <span class='ocrx_word' id='word_1_35' title='bbox 1840 392 2067 442; x_wconf 80' lang='lat' dir='ltr'><em>priusquam</em></span> <span class='ocrx_word' id='word_1_36' title='bbox 2083 391 2191 428; x_wconf 79' lang='lat' dir='ltr'><em>habi-</em></span> 
     </span>
    </p>

    <p class='ocr_par' dir='ltr' id='par_1_3' title="bbox 141 449 2396 750">
     <span class='ocr_line' id='line_1_4' title="bbox 144 449 2192 508; baseline -0.002 -15"><span class='ocrx_word' id='word_1_37' title='bbox 144 455 223 508; x_wconf 78' lang='grc' dir='ltr'>ῥὰν,</span> <span class='ocrx_word' id='word_1_38' title='bbox 242 455 412 498; x_wconf 81' lang='grc' dir='ltr'>κάκεῖθεν,</span> <span class='ocrx_word' id='word_1_39' title='bbox 434 449 523 502; x_wconf 83' lang='grc' dir='ltr'>μετὰ</span> <span class='ocrx_word' id='word_1_40' title='bbox 537 450 577 488; x_wconf 83' lang='grc' dir='ltr'><em>τὸ</em></span> <span class='ocrx_word' id='word_1_41' title='bbox 593 453 778 488; x_wconf 76' lang='grc' dir='ltr'>ἀποθανεῖν</span> <span class='ocrx_word' id='word_1_42' title='bbox 798 451 856 489; x_wconf 78' lang='grc' dir='ltr'><em>τὸν</em></span> <span class='ocrx_word' id='word_1_43' title='bbox 879 450 1015 502; x_wconf 85' lang='grc' dir='ltr'>πατέρα</span> <span class='ocrx_word' id='word_1_44' title='bbox 1043 451 1167 496; x_wconf 78' lang='grc' dir='ltr'>αὐτοῦ,</span> <span class='ocrx_word' id='word_1_45' title='bbox 1245 452 1390 488; x_wconf 84' lang='lat' dir='ltr'><em>taretin</em></span> <span class='ocrx_word' id='word_1_46' title='bbox 1409 452 1604 496; x_wconf 84' lang='lat' dir='ltr'><em>Charran,</em></span> <span class='ocrx_word' id='word_1_47' title='bbox 1618 458 1652 489; x_wconf 91' lang='lat' dir='ltr'><em>et</em></span> <span class='ocrx_word' id='word_1_48' title='bbox 1661 450 1786 495; x_wconf 86' lang='lat' dir='ltr'><em>illinc,</em></span> <span class='ocrx_word' id='word_1_49' title='bbox 1799 458 2004 503; x_wconf 74' lang='lat' dir='ltr'><em>postquam</em></span> <span class='ocrx_word' id='word_1_50' title='bbox 2020 458 2192 489; x_wconf 79' lang='lat' dir='ltr'><em>mortuus</em></span> 
     </span>
     <span class='ocr_line' id='line_1_5' title="bbox 142 505 2396 569; baseline -0.001 -15"><span class='ocrx_word' id='word_1_51' title='bbox 142 515 333 568; x_wconf 84' lang='grc' dir='ltr'>μετῴκισεν</span> <span class='ocrx_word' id='word_1_52' title='bbox 355 512 470 552; x_wconf 84' lang='grc' dir='ltr'>αὐτόν.</span> <span class='ocrx_word' id='word_1_53' title='bbox 493 511 540 551; x_wconf 85' lang='grc' dir='ltr'><em>Τι’</em></span> <span class='ocrx_word' id='word_1_54' title='bbox 558 505 614 549; x_wconf 68' lang='grc' dir='ltr'>οὖν</span> <span class='ocrx_word' id='word_1_55' title='bbox 633 513 748 558; x_wconf 81' lang='grc' dir='ltr'>ἐστιν;</span> <span class='ocrx_word' id='word_1_56' title='bbox 770 513 983 550; x_wconf 80' lang='grc' dir='ltr'>ἐναντιοῦται</span> <span class='ocrx_word' id='word_1_57' title='bbox 1012 513 1118 560; x_wconf 83' lang='grc' dir='ltr'>ἑαυτῇ</span> <span class='ocrx_word' id='word_1_58' title='bbox 1145 513 1166 556; x_wconf 84' lang='grc' dir='ltr'>ἡ</span> <span class='ocrx_word' id='word_1_59' title='bbox 1192 515 1216 543; x_wconf 83' lang='lat' dir='ltr'>C</span> <span class='ocrx_word' id='word_1_60' title='bbox 1243 519 1297 548; x_wconf 75' lang='lat' dir='ltr'><em>ess</em></span> <span class='ocrx_word' id='word_1_61' title='bbox 1317 519 1431 562; x_wconf 78' lang='lat' dir='ltr'><em>pater</em></span> <span class='ocrx_word' id='word_1_62' title='bbox 1449 514 1544 564; x_wconf 82' lang='lat' dir='ltr'><em>ejus,</em></span> <span class='ocrx_word' id='word_1_63' title='bbox 1566 511 1761 564; x_wconf 83' lang='lat' dir='ltr'><em>proficisci</em></span> <span class='ocrx_word' id='word_1_64' title='bbox 1773 513 1901 562; x_wconf 83' lang='lat' dir='ltr'><em>jussit.</em></span> <span class='ocrx_word' id='word_1_65' title='bbox 1925 511 2024 558; x_wconf 85' lang='lat' dir='ltr'>Quid</span> <span class='ocrx_word' id='word_1_66' title='bbox 2048 511 2159 562; x_wconf 79' lang='lat' dir='ltr'><em>igitur</em></span> <span class='ocrx_word' id='word_1_67' title='bbox 2174 512 2192 549; x_wconf 81' lang='grc' dir='ltr'><em>Ξ)</em></span> <span class='ocrx_word' id='word_1_68' title='bbox 2228 522 2396 569; x_wconf 27' lang='lat' dir='ltr'><em>&#39;seriptum</em></span> 
     </span>
     <span class='ocr_line' id='line_1_6' title="bbox 141 562 2395 640; baseline -0.001 -25"><span class='ocrx_word' id='word_1_69' title='bbox 141 576 214 615; x_wconf 87' lang='grc' dir='ltr'>θεία</span> <span class='ocrx_word' id='word_1_70' title='bbox 232 575 373 629; x_wconf 76' lang='grc' dir='ltr'>Γραφή;</span> <span class='ocrx_word' id='word_1_71' title='bbox 395 573 456 620; x_wconf 80' lang='grc' dir='ltr'><em>Μὴ</em></span> <span class='ocrx_word' id='word_1_72' title='bbox 491 573 624 624; x_wconf 84' lang='grc' dir='ltr'>γένοιτο</span> <span class='ocrx_word' id='word_1_73' title='bbox 642 589 650 596; x_wconf 87' lang='grc'><em>·</em></span> <span class='ocrx_word' id='word_1_74' title='bbox 679 572 770 611; x_wconf 83' lang='grc' dir='ltr'>ἀλλὰ</span> <span class='ocrx_word' id='word_1_75' title='bbox 799 573 946 611; x_wconf 76' lang='grc' dir='ltr'>συνιδεῖν</span> <span class='ocrx_word' id='word_1_76' title='bbox 974 573 1014 609; x_wconf 85' lang='grc' dir='ltr'><em>ἐκ</em></span> <span class='ocrx_word' id='word_1_77' title='bbox 1046 570 1167 609; x_wconf 83' lang='grc' dir='ltr'>τούτου</span> <span class='ocrx_word' id='word_1_78' title='bbox 1241 569 1461 611; x_wconf 84' lang='lat' dir='ltr'><em>dissidentne</em></span> <span class='ocrx_word' id='word_1_79' title='bbox 1487 587 1506 611; x_wconf 85' lang='lat' dir='ltr'><em>a</em></span> <span class='ocrx_word' id='word_1_80' title='bbox 1535 572 1660 624; x_wconf 88' lang='lat' dir='ltr'><em>seipsis</em></span> <span class='ocrx_word' id='word_1_81' title='bbox 1681 571 1816 611; x_wconf 74' lang='lat' dir='ltr'><em>divina·</em></span> <span class='ocrx_word' id='word_1_82' title='bbox 1835 562 2395 640; x_wconf 46' lang='lat' dir='ltr'><em>Scriptiuraei‘Ahsi15:ILl&#39;a&#39;Jngffi</em></span> 
     </span>
     <span class='ocr_line' id='line_1_7' title="bbox 141 631 2380 692; baseline -0.001 -16"><span class='ocrx_word' id='word_1_83' title='bbox 141 637 393 691; x_wconf 85' lang='grc' dir='ltr'>προσήκει,ὁ’τι</span> <span class='ocrx_word' id='word_1_84' title='bbox 411 636 586 686; x_wconf 75' lang='grc' dir='ltr'>θεοφιλοῦς</span> <span class='ocrx_word' id='word_1_85' title='bbox 602 633 697 676; x_wconf 85' lang='grc' dir='ltr'>ὄντος</span> <span class='ocrx_word' id='word_1_86' title='bbox 714 638 774 671; x_wconf 76' lang='grc' dir='ltr'><em>τοῦ</em></span> <span class='ocrx_word' id='word_1_87' title='bbox 783 633 906 676; x_wconf 80' lang='grc' dir='ltr'>παιδὸς</span> <span class='ocrx_word' id='word_1_88' title='bbox 918 662 927 678; x_wconf 94' lang='grc'>,</span> <span class='ocrx_word' id='word_1_89' title='bbox 947 631 1060 684; x_wconf 74' lang='grc' dir='ltr'>ὀφθεὶς</span> <span class='ocrx_word' id='word_1_90' title='bbox 1072 633 1167 682; x_wconf 83' lang='grc' dir='ltr'>αὐτῷ</span> <span class='ocrx_word' id='word_1_91' title='bbox 1242 633 1304 671; x_wconf 88' lang='lat' dir='ltr'><em>sed</em></span> <span class='ocrx_word' id='word_1_92' title='bbox 1318 633 1444 692; x_wconf 34' lang='lat' dir='ltr'><em>&#39;exlioc</em></span> <span class='ocrx_word' id='word_1_93' title='bbox 1463 634 1744 672; x_wconf 80' lang='lat' dir='ltr'><em>animadvertere</em></span> <span class='ocrx_word' id='word_1_94' title='bbox 1759 634 1856 683; x_wconf 80' lang='lat' dir='ltr'><em>licet,</em></span> <span class='ocrx_word' id='word_1_95' title='bbox 1878 635 1971 686; x_wconf 84' lang='lat' dir='ltr'><em>quod</em></span> <span class='ocrx_word' id='word_1_96' title='bbox 1991 650 2074 674; x_wconf 90' lang='lat' dir='ltr'><em>cum</em></span> <span class='ocrx_word' id='word_1_97' title='bbox 2095 635 2192 675; x_wconf 86' lang='lat' dir='ltr'><em>filius</em></span> <span class='ocrx_word' id='word_1_98' title='bbox 2206 653 2380 684; x_wconf 64' lang='lat' dir='ltr'><em>repugnant.</em></span> 
     </span>
     <span class='ocr_line' id='line_1_8' title="bbox 142 691 2194 750; baseline -0.001 -13"><span class='ocrx_word' id='word_1_99' title='bbox 142 701 159 736; x_wconf 90' lang='lat'>6</span> <span class='ocrx_word' id='word_1_100' title='bbox 175 698 265 742; x_wconf 80' lang='grc' dir='ltr'>Θεὸς</span> <span class='ocrx_word' id='word_1_101' title='bbox 282 697 472 750; x_wconf 80' lang='grc' dir='ltr'>προσέταξε</span> <span class='ocrx_word' id='word_1_102' title='bbox 506 699 766 746; x_wconf 71' lang='grc' dir='ltr'>μεταναστῆναι</span> <span class='ocrx_word' id='word_1_103' title='bbox 799 696 940 732; x_wconf 83' lang='grc' dir='ltr'>ἐκεῖθεν.</span> <span class='ocrx_word' id='word_1_104' title='bbox 963 691 1033 731; x_wconf 73' lang='grc' dir='ltr'><em>Καὶ</em></span> <span class='ocrx_word' id='word_1_105' title='bbox 1069 695 1169 729; x_wconf 77' lang='grc' dir='ltr'>τοῦτο</span> <span class='ocrx_word' id='word_1_106' title='bbox 1242 692 1430 745; x_wconf 84' lang='lat' dir='ltr'><em>religiosus</em></span> <span class='ocrx_word' id='word_1_107' title='bbox 1451 703 1553 741; x_wconf 85' lang='lat' dir='ltr'><em>essct,</em></span> <span class='ocrx_word' id='word_1_108' title='bbox 1567 694 1666 732; x_wconf 72' lang='lat' dir='ltr'><em>visus</em></span> <span class='ocrx_word' id='word_1_109' title='bbox 1685 695 1716 732; x_wconf 85' lang='lat' dir='ltr'><em>ei</em></span> <span class='ocrx_word' id='word_1_110' title='bbox 1736 696 1832 733; x_wconf 87' lang='lat' dir='ltr'><em>Deus</em></span> <span class='ocrx_word' id='word_1_111' title='bbox 1850 696 2039 748; x_wconf 80' lang='lat' dir='ltr'><em>imperavit</em></span> <span class='ocrx_word' id='word_1_112' title='bbox 2059 706 2096 734; x_wconf 91' lang='lat' dir='ltr'><em>ut</em></span> <span class='ocrx_word' id='word_1_113' title='bbox 2113 695 2194 735; x_wconf 85' lang='lat' dir='ltr'><em>inde</em></span> 
     </span>
    </p>

    <p class='ocr_par' dir='ltr' id='par_1_4' title="bbox 142 752 2193 812">
     <span class='ocr_line' id='line_1_9' title="bbox 142 752 2193 812; baseline -0.001 -15"><span class='ocrx_word' id='word_1_114' title='bbox 142 758 241 810; x_wconf 71' lang='grc' dir='ltr'>γνοὺς</span> <span class='ocrx_word' id='word_1_115' title='bbox 257 762 274 797; x_wconf 99' lang='lat'>6</span> <span class='ocrx_word' id='word_1_116' title='bbox 291 758 418 812; x_wconf 78' lang='grc' dir='ltr'>Θάῤῥα</span> <span class='ocrx_word' id='word_1_117' title='bbox 432 760 450 796; x_wconf 86' lang='lat'>6</span> <span class='ocrx_word' id='word_1_118' title='bbox 463 756 585 796; x_wconf 79' lang='grc' dir='ltr'>τούτου</span> <span class='ocrx_word' id='word_1_119' title='bbox 605 755 745 807; x_wconf 81' lang='grc' dir='ltr'>πατὴρ,</span> <span class='ocrx_word' id='word_1_120' title='bbox 765 757 794 793; x_wconf 86' lang='grc' dir='ltr'>εἶ</span> <span class='ocrx_word' id='word_1_121' title='bbox 819 754 878 793; x_wconf 81' lang='grc' dir='ltr'><em>καὶ</em></span> <span class='ocrx_word' id='word_1_122' title='bbox 898 754 1042 796; x_wconf 86' lang='grc' dir='ltr'>ἄπιστος</span> <span class='ocrx_word' id='word_1_123' title='bbox 1064 752 1168 804; x_wconf 83' lang='grc' dir='ltr'>ἐτύγ-</span> <span class='ocrx_word' id='word_1_124' title='bbox 1243 754 1539 805; x_wconf 77' lang='lat' dir='ltr'><em>migraret.Quod</em></span> <span class='ocrx_word' id='word_1_125' title='bbox 1554 763 1591 792; x_wconf 86' lang='lat' dir='ltr'><em>ut</em></span> <span class='ocrx_word' id='word_1_126' title='bbox 1603 755 1749 805; x_wconf 77' lang='lat' dir='ltr'><em>agnovit</em></span> <span class='ocrx_word' id='word_1_127' title='bbox 1772 756 1913 794; x_wconf 78' lang='lat' dir='ltr'><em>Thai-ra</em></span> <span class='ocrx_word' id='word_1_128' title='bbox 1931 766 2030 809; x_wconf 88' lang='lat' dir='ltr'><em>pater</em></span> <span class='ocrx_word' id='word_1_129' title='bbox 2047 757 2136 809; x_wconf 85' lang='lat' dir='ltr'><em>ejus,</em></span> <span class='ocrx_word' id='word_1_130' title='bbox 2149 756 2193 794; x_wconf 90' lang='lat' dir='ltr'><em>li-</em></span> 
     </span>
    </p>

    <p class='ocr_par' dir='ltr' id='par_1_5' title="bbox 141 812 2196 930">
     <span class='ocr_line' id='line_1_10' title="bbox 141 812 2193 871; baseline -0.001 -13"><span class='ocrx_word' id='word_1_131' title='bbox 141 836 245 871; x_wconf 62' lang='grc' dir='ltr'>γανεν</span> <span class='ocrx_word' id='word_1_132' title='bbox 260 848 269 863; x_wconf 87' lang='grc'>,</span> <span class='ocrx_word' id='word_1_133' title='bbox 289 818 367 857; x_wconf 83' lang='grc' dir='ltr'>ἀλλ’</span> <span class='ocrx_word' id='word_1_134' title='bbox 382 819 476 869; x_wconf 79' lang='grc' dir='ltr'>ὅμως</span> <span class='ocrx_word' id='word_1_135' title='bbox 503 817 571 855; x_wconf 80' lang='grc' dir='ltr'><em>ὑπὸ</em></span> <span class='ocrx_word' id='word_1_136' title='bbox 605 821 666 855; x_wconf 79' lang='grc' dir='ltr'><em>τοῦ</em></span> <span class='ocrx_word' id='word_1_137' title='bbox 701 814 787 867; x_wconf 85' lang='grc' dir='ltr'>πρὸς</span> <span class='ocrx_word' id='word_1_138' title='bbox 817 815 874 853; x_wconf 85' lang='grc' dir='ltr'><em>τὸν</em></span> <span class='ocrx_word' id='word_1_139' title='bbox 896 815 1006 852; x_wconf 83' lang='grc' dir='ltr'>παῖδα</span> <span class='ocrx_word' id='word_1_140' title='bbox 1028 812 1170 865; x_wconf 76' lang='grc' dir='ltr'>φίλτρου</span> <span class='ocrx_word' id='word_1_141' title='bbox 1242 824 1296 853; x_wconf 87' lang='lat' dir='ltr'><em>cet</em></span> <span class='ocrx_word' id='word_1_142' title='bbox 1315 815 1471 854; x_wconf 86' lang='lat' dir='ltr'><em>infidelis</em></span> <span class='ocrx_word' id='word_1_143' title='bbox 1489 824 1592 864; x_wconf 84' lang='lat' dir='ltr'><em>esset,</em></span> <span class='ocrx_word' id='word_1_144' title='bbox 1611 823 1765 854; x_wconf 75' lang='lat' dir='ltr'>attamen</span> <span class='ocrx_word' id='word_1_145' title='bbox 1785 816 1832 853; x_wconf 72' lang='lat' dir='ltr'><em>ol)</em></span> <span class='ocrx_word' id='word_1_146' title='bbox 1847 831 2004 855; x_wconf 85' lang='lat' dir='ltr'><em>amorem</em></span> <span class='ocrx_word' id='word_1_147' title='bbox 2021 819 2055 856; x_wconf 90' lang='lat' dir='ltr'><em>in</em></span> <span class='ocrx_word' id='word_1_148' title='bbox 2076 818 2193 856; x_wconf 82' lang='lat' dir='ltr'><em>silium</em></span> 
     </span>
     <span class='ocr_line' id='line_1_11' title="bbox 141 874 2196 930; baseline -0.001 -12"><span class='ocrx_word' id='word_1_149' title='bbox 141 884 350 926; x_wconf 66' lang='grc' dir='ltr'>κοινωνῆσαι</span> <span class='ocrx_word' id='word_1_150' title='bbox 387 881 481 930; x_wconf 77' lang='grc' dir='ltr'>αὐτῷ</span> <span class='ocrx_word' id='word_1_151' title='bbox 513 876 720 920; x_wconf 80' lang='grc' dir='ltr'>κατεδέξατο</span> <span class='ocrx_word' id='word_1_152' title='bbox 756 879 818 922; x_wconf 77' lang='grc' dir='ltr'><em>τῆς</em></span> <span class='ocrx_word' id='word_1_153' title='bbox 855 874 1055 926; x_wconf 83' lang='grc' dir='ltr'>ἀποδημίας</span> <span class='ocrx_word' id='word_1_154' title='bbox 1071 906 1080 923; x_wconf 94' lang='grc'>,</span> <span class='ocrx_word' id='word_1_155' title='bbox 1110 874 1170 913; x_wconf 72' lang='grc' dir='ltr'><em>καὶ</em></span> <span class='ocrx_word' id='word_1_156' title='bbox 1244 875 1421 914; x_wconf 90' lang='lat' dir='ltr'><em>sociusilli</em></span> <span class='ocrx_word' id='word_1_157' title='bbox 1436 875 1732 929; x_wconf 71' lang='lat' dir='ltr'><em>peregrinationis</em></span> <span class='ocrx_word' id='word_1_158' title='bbox 1747 890 1820 913; x_wconf 91' lang='lat' dir='ltr'><em>esse</em></span> <span class='ocrx_word' id='word_1_159' title='bbox 1838 877 1964 916; x_wconf 82' lang='lat' dir='ltr'><em>voluit.</em></span> <span class='ocrx_word' id='word_1_160' title='bbox 1982 878 2029 916; x_wconf 85' lang='lat' dir='ltr'><em>Et</em></span> <span class='ocrx_word' id='word_1_161' title='bbox 2043 888 2081 915; x_wconf 90' lang='lat' dir='ltr'><em>ut</em></span> <span class='ocrx_word' id='word_1_162' title='bbox 2098 879 2196 917; x_wconf 67' lang='lat' dir='ltr'><em>venit</em></span> 
     </span>
    </p>

    <p class='ocr_par' dir='ltr' id='par_1_6' title="bbox 141 936 2197 992">
     <span class='ocr_line' id='line_1_12' title="bbox 141 936 2197 992; baseline -0.001 -12"><span class='ocrx_word' id='word_1_163' title='bbox 141 941 247 980; x_wconf 85' lang='grc' dir='ltr'>ἐλθὼν</span> <span class='ocrx_word' id='word_1_164' title='bbox 273 944 320 984; x_wconf 80' lang='grc' dir='ltr'><em>εἷς</em></span> <span class='ocrx_word' id='word_1_165' title='bbox 337 940 400 987; x_wconf 61' lang='grc' dir='ltr'><em>τὴν</em></span> <span class='ocrx_word' id='word_1_166' title='bbox 423 938 584 992; x_wconf 74' lang='grc' dir='ltr'>Χαρρὰν,</span> <span class='ocrx_word' id='word_1_167' title='bbox 611 941 712 976; x_wconf 79' lang='grc' dir='ltr'>κάκεῖ</span> <span class='ocrx_word' id='word_1_168' title='bbox 732 938 945 984; x_wconf 83' lang='grc' dir='ltr'>κατοικήσας</span> <span class='ocrx_word' id='word_1_169' title='bbox 959 967 968 985; x_wconf 92' lang='lat'><em>‚</em></span> <span class='ocrx_word' id='word_1_170' title='bbox 995 937 1086 975; x_wconf 79' lang='grc' dir='ltr'>οὕτω</span> <span class='ocrx_word' id='word_1_171' title='bbox 1103 953 1170 988; x_wconf 88' lang='grc' dir='ltr'><em>με-</em></span> <span class='ocrx_word' id='word_1_172' title='bbox 1245 936 1281 975; x_wconf 85' lang='lat' dir='ltr'><em>in</em></span> <span class='ocrx_word' id='word_1_173' title='bbox 1303 937 1477 986; x_wconf 77' lang='lat' dir='ltr'><em>charran,</em></span> <span class='ocrx_word' id='word_1_174' title='bbox 1499 952 1540 975; x_wconf 88' lang='lat' dir='ltr'><em>ac</em></span> <span class='ocrx_word' id='word_1_175' title='bbox 1561 937 1636 975; x_wconf 75' lang='lat' dir='ltr'><em>illie.</em></span> <span class='ocrx_word' id='word_1_176' title='bbox 1665 937 1843 976; x_wconf 82' lang='lat' dir='ltr'><em>habitavit</em></span> <span class='ocrx_word' id='word_1_177' title='bbox 1862 938 2102 989; x_wconf 82' lang='lat' dir='ltr'><em>aliquamdiu,</em></span> <span class='ocrx_word' id='word_1_178' title='bbox 2122 939 2197 977; x_wconf 63' lang='lat' dir='ltr'><em>vita</em></span> 
     </span>
    </p>

    <p class='ocr_par' dir='ltr' id='par_1_7' title="bbox 139 997 2199 1116">
     <span class='ocr_line' id='line_1_13' title="bbox 139 997 2199 1052; baseline -0.001 -12"><span class='ocrx_word' id='word_1_179' title='bbox 139 1002 289 1050; x_wconf 68' lang='grc' dir='ltr'>τήλλαξε</span> <span class='ocrx_word' id='word_1_180' title='bbox 320 1002 377 1040; x_wconf 85' lang='grc' dir='ltr'><em>τὸν</em></span> <span class='ocrx_word' id='word_1_181' title='bbox 417 1000 511 1051; x_wconf 86' lang='grc' dir='ltr'>βίον·</span> <span class='ocrx_word' id='word_1_182' title='bbox 538 999 594 1038; x_wconf 74' lang='grc' dir='ltr'><em>καὶ</em></span> <span class='ocrx_word' id='word_1_183' title='bbox 627 999 706 1037; x_wconf 88' lang='grc' dir='ltr'>τότε</span> <span class='ocrx_word' id='word_1_184' title='bbox 735 998 963 1042; x_wconf 85' lang='grc' dir='ltr'>κελεύσαντος</span> <span class='ocrx_word' id='word_1_185' title='bbox 988 1002 1049 1037; x_wconf 72' lang='grc' dir='ltr'><em>τοῦ</em></span> <span class='ocrx_word' id='word_1_186' title='bbox 1077 1000 1171 1038; x_wconf 78' lang='grc' dir='ltr'>Θεοῦ</span> <span class='ocrx_word' id='word_1_187' title='bbox 1244 997 1312 1037; x_wconf 88' lang='lat' dir='ltr'><em>hac</em></span> <span class='ocrx_word' id='word_1_188' title='bbox 1323 999 1718 1051; x_wconf 76' lang='lat' dir='ltr'><em>excessit:patriarelia</em></span> <span class='ocrx_word' id='word_1_189' title='bbox 1734 1008 1854 1037; x_wconf 84' lang='lat' dir='ltr'><em>autem</em></span> <span class='ocrx_word' id='word_1_190' title='bbox 1872 1008 1957 1038; x_wconf 86' lang='lat' dir='ltr'><em>tunc</em></span> <span class='ocrx_word' id='word_1_191' title='bbox 1966 1000 2113 1052; x_wconf 84' lang='lat' dir='ltr'><em>jubente</em></span> <span class='ocrx_word' id='word_1_192' title='bbox 2124 1001 2199 1039; x_wconf 89' lang='lat' dir='ltr'><em>Deo</em></span> 
     </span>
     <span class='ocr_line' id='line_1_14' title="bbox 142 1059 2198 1116; baseline -0.001 -14"><span class='ocrx_word' id='word_1_193' title='bbox 142 1063 391 1116; x_wconf 79' lang='grc' dir='ltr'>μετανίσταται</span> <span class='ocrx_word' id='word_1_194' title='bbox 415 1064 461 1104; x_wconf 84' lang='grc' dir='ltr'><em>εἰς</em></span> <span class='ocrx_word' id='word_1_195' title='bbox 481 1060 544 1108; x_wconf 75' lang='grc' dir='ltr'><em>τὴν</em></span> <span class='ocrx_word' id='word_1_196' title='bbox 566 1060 768 1100; x_wconf 81' lang='grc' dir='ltr'>Χαναναίαν</span> <span class='ocrx_word' id='word_1_197' title='bbox 781 1063 799 1099; x_wconf 87' lang='lat'>6</span> <span class='ocrx_word' id='word_1_198' title='bbox 818 1060 1054 1112; x_wconf 83' lang='grc' dir='ltr'>πατριάρχης.</span> <span class='ocrx_word' id='word_1_199' title='bbox 1074 1059 1173 1111; x_wconf 82' lang='grc' dir='ltr'>Ἀμέ-</span> <span class='ocrx_word' id='word_1_200' title='bbox 1245 1060 1279 1097; x_wconf 85' lang='lat' dir='ltr'><em>in</em></span> <span class='ocrx_word' id='word_1_201' title='bbox 1293 1060 1530 1098; x_wconf 78' lang='lat' dir='ltr'><em>Chananaeam</em></span> <span class='ocrx_word' id='word_1_202' title='bbox 1551 1060 1907 1111; x_wconf 81' lang='lat' dir='ltr'><em>concessit.Deniqne</em></span> <span class='ocrx_word' id='word_1_203' title='bbox 1921 1075 1989 1099; x_wconf 88' lang='lat' dir='ltr'><em>non</em></span> <span class='ocrx_word' id='word_1_204' title='bbox 2003 1071 2102 1101; x_wconf 83' lang='lat' dir='ltr'><em>antea</em></span> <span class='ocrx_word' id='word_1_205' title='bbox 2116 1076 2198 1100; x_wconf 78' lang='lat' dir='ltr'><em>euin</em></span> 
     </span>
    </p>

    <p class='ocr_par' dir='ltr' id='par_1_8' title="bbox 140 1121 2195 1177">
     <span class='ocr_line' id='line_1_15' title="bbox 140 1121 2195 1177; baseline -0.001 -14"><span class='ocrx_word' id='word_1_206' title='bbox 140 1128 193 1164; x_wconf 90' lang='grc' dir='ltr'><em>λει</em></span> <span class='ocrx_word' id='word_1_207' title='bbox 215 1127 252 1164; x_wconf 83' lang='grc' dir='ltr'>οὐ</span> <span class='ocrx_word' id='word_1_208' title='bbox 276 1123 441 1177; x_wconf 86' lang='grc' dir='ltr'>πρότερον</span> <span class='ocrx_word' id='word_1_209' title='bbox 465 1123 566 1162; x_wconf 80' lang='grc' dir='ltr'>αὐτὸν</span> <span class='ocrx_word' id='word_1_210' title='bbox 587 1124 604 1159; x_wconf 89' lang='grc' dir='ltr'>ὁ</span> <span class='ocrx_word' id='word_1_211' title='bbox 625 1122 715 1164; x_wconf 85' lang='grc' dir='ltr'>Θεὸς</span> <span class='ocrx_word' id='word_1_212' title='bbox 744 1123 873 1160; x_wconf 81' lang='grc' dir='ltr'>ἐκεῖθεν</span> <span class='ocrx_word' id='word_1_213' title='bbox 894 1121 1083 1169; x_wconf 84' lang='grc' dir='ltr'>ἀνέστησε,</span> <span class='ocrx_word' id='word_1_214' title='bbox 1103 1121 1166 1173; x_wconf 83' lang='grc' dir='ltr'>με’-</span> <span class='ocrx_word' id='word_1_215' title='bbox 1246 1122 1342 1159; x_wconf 89' lang='lat' dir='ltr'><em>Deus</em></span> <span class='ocrx_word' id='word_1_216' title='bbox 1362 1121 1446 1160; x_wconf 88' lang='lat' dir='ltr'><em>inde</em></span> <span class='ocrx_word' id='word_1_217' title='bbox 1463 1121 1762 1169; x_wconf 80' lang='lat' dir='ltr'><em>evocavit,d.0nec</em></span> <span class='ocrx_word' id='word_1_218' title='bbox 1780 1131 1943 1160; x_wconf 86' lang='lat' dir='ltr'><em>mortuus</em></span> <span class='ocrx_word' id='word_1_219' title='bbox 1963 1132 2014 1160; x_wconf 89' lang='lat' dir='ltr'><em>est</em></span> <span class='ocrx_word' id='word_1_220' title='bbox 2040 1124 2195 1162; x_wconf 79' lang='lat' dir='ltr'><em>Tliarra.</em></span> 
     </span>
    </p>

    <p class='ocr_par' dir='ltr' id='par_1_9' title="bbox 140 1182 2354 1297">
     <span class='ocr_line' id='line_1_16' title="bbox 140 1182 2354 1242; baseline -0.001 -18"><span class='ocrx_word' id='word_1_221' title='bbox 140 1203 217 1240; x_wconf 74' lang='grc' dir='ltr'>χρις</span> <span class='ocrx_word' id='word_1_222' title='bbox 235 1186 293 1226; x_wconf 79' lang='grc' dir='ltr'><em>ὅτε</em></span> <span class='ocrx_word' id='word_1_223' title='bbox 308 1185 436 1238; x_wconf 79' lang='grc' dir='ltr'>Θάῤῥα</span> <span class='ocrx_word' id='word_1_224' title='bbox 454 1182 670 1228; x_wconf 77' lang='grc' dir='ltr'>ἐτελεύτησε,</span> <span class='ocrx_word' id='word_1_225' title='bbox 689 1182 780 1221; x_wconf 89' lang='grc' dir='ltr'>Τότε</span> <span class='ocrx_word' id='word_1_226' title='bbox 795 1182 863 1235; x_wconf 77' lang='grc' dir='ltr'><em>γὰρ</em></span> <span class='ocrx_word' id='word_1_227' title='bbox 885 1183 974 1233; x_wconf 84' lang='grc' dir='ltr'>μετὰ</span> <span class='ocrx_word' id='word_1_228' title='bbox 1002 1183 1066 1230; x_wconf 81' lang='grc' dir='ltr'><em>τὴν</em></span> <span class='ocrx_word' id='word_1_229' title='bbox 1084 1182 1170 1222; x_wconf 82' lang='grc' dir='ltr'>ἐκεί·</span> <span class='ocrx_word' id='word_1_230' title='bbox 1194 1193 1220 1223; x_wconf 90' lang='lat' dir='ltr'>D</span> <span class='ocrx_word' id='word_1_231' title='bbox 1245 1184 1349 1222; x_wconf 85' lang='lat' dir='ltr'><em>Tunc</em></span> <span class='ocrx_word' id='word_1_232' title='bbox 1365 1183 1459 1221; x_wconf 88' lang='lat' dir='ltr'><em>enim</em></span> <span class='ocrx_word' id='word_1_233' title='bbox 1474 1183 1536 1220; x_wconf 87' lang='lat' dir='ltr'><em>illo</em></span> <span class='ocrx_word' id='word_1_234' title='bbox 1549 1182 1732 1233; x_wconf 85' lang='lat' dir='ltr'><em>defuncto,</em></span> <span class='ocrx_word' id='word_1_235' title='bbox 1748 1182 1883 1233; x_wconf 88' lang='lat' dir='ltr'><em>inquit:</em></span> <span class='ocrx_word' id='word_1_236' title='bbox 1904 1185 1995 1222; x_wconf 76' lang='lat' dir='ltr'><em>1.Et</em></span> <span class='ocrx_word' id='word_1_237' title='bbox 2008 1186 2107 1222; x_wconf 63' lang='lat' dir='ltr'><em>dia-it</em></span> <span class='ocrx_word' id='word_1_238' title='bbox 2117 1187 2198 1223; x_wconf 91' lang='lat' dir='ltr'><em>Do-</em></span> <span class='ocrx_word' id='word_1_239' title='bbox 2215 1202 2290 1242; x_wconf 53' lang='grc' dir='ltr'><em>ευρ,</em></span> <span class='ocrx_word' id='word_1_240' title='bbox 2309 1212 2354 1233; x_wconf 40' lang='lat'><em>,2-</em></span> 
     </span>
     <span class='ocr_line' id='line_1_17' title="bbox 140 1237 2201 1297; baseline 0 -14"><span class='ocrx_word' id='word_1_241' title='bbox 140 1263 198 1284; x_wconf 81' lang='grc' dir='ltr'>νου</span> <span class='ocrx_word' id='word_1_242' title='bbox 227 1245 414 1291; x_wconf 72' lang='grc' dir='ltr'>τελευτὴν,</span> <span class='ocrx_word' id='word_1_243' title='bbox 433 1244 539 1297; x_wconf 83' lang='grc' dir='ltr'>φησὶ,</span> <span class='ocrx_word' id='word_1_244' title='bbox 573 1244 644 1283; x_wconf 76' lang='grc' dir='ltr'><em>Καὶ</em></span> <span class='ocrx_word' id='word_1_245' title='bbox 675 1237 749 1282; x_wconf 70' lang='grc' dir='ltr'>εἶπε</span> <span class='ocrx_word' id='word_1_246' title='bbox 780 1244 907 1296; x_wconf 80' lang='grc' dir='ltr'>Κύριος</span> <span class='ocrx_word' id='word_1_247' title='bbox 934 1247 983 1295; x_wconf 81' lang='grc' dir='ltr'><em>τῷ</em></span> <span class='ocrx_word' id='word_1_248' title='bbox 1014 1242 1170 1296; x_wconf 68' lang='grc' dir='ltr'>Ἄδραμ·</span> <span class='ocrx_word' id='word_1_249' title='bbox 1245 1245 1503 1282; x_wconf 79' lang='lat' dir='ltr'><em>minnsAbrae</em></span> <span class='ocrx_word' id='word_1_250' title='bbox 1522 1260 1531 1281; x_wconf 89' lang='lat'><em>:</em></span> <span class='ocrx_word' id='word_1_251' title='bbox 1553 1245 1749 1296; x_wconf 81' lang='lat' dir='ltr'><em>Egredere</em></span> <span class='ocrx_word' id='word_1_252' title='bbox 1761 1245 1809 1282; x_wconf 84' lang='lat' dir='ltr'><em>de</em></span> <span class='ocrx_word' id='word_1_253' title='bbox 1823 1253 1927 1282; x_wconf 82' lang='lat' dir='ltr'><em>terra</em></span> <span class='ocrx_word' id='word_1_254' title='bbox 1940 1254 2063 1292; x_wconf 81' lang='lat' dir='ltr'><em>tua,et</em></span> <span class='ocrx_word' id='word_1_255' title='bbox 2076 1247 2124 1284; x_wconf 87' lang='lat' dir='ltr'><em>de</em></span> <span class='ocrx_word' id='word_1_256' title='bbox 2139 1261 2201 1284; x_wconf 90' lang='lat' dir='ltr'><em>co·</em></span> 
     </span>
    </p>

    <p class='ocr_par' dir='ltr' id='par_1_10' title="bbox 139 1304 2202 1357">
     <span class='ocr_line' id='line_1_18' title="bbox 139 1304 2202 1357; baseline 0.001 -13"><span class='ocrx_word' id='word_1_257' title='bbox 139 1307 252 1350; x_wconf 83' lang='grc' dir='ltr'>ἔξελθε</span> <span class='ocrx_word' id='word_1_258' title='bbox 271 1308 311 1344; x_wconf 84' lang='grc' dir='ltr'><em>ἐκ</em></span> <span class='ocrx_word' id='word_1_259' title='bbox 330 1308 392 1351; x_wconf 82' lang='grc' dir='ltr'>τ’ἧς</span> <span class='ocrx_word' id='word_1_260' title='bbox 407 1307 471 1355; x_wconf 68' lang='grc' dir='ltr'>γῆς</span> <span class='ocrx_word' id='word_1_261' title='bbox 491 1321 551 1343; x_wconf 92' lang='grc' dir='ltr'><em>σου</em></span> <span class='ocrx_word' id='word_1_262' title='bbox 563 1334 573 1351; x_wconf 94' lang='grc'>,</span> <span class='ocrx_word' id='word_1_263' title='bbox 593 1305 651 1342; x_wconf 82' lang='grc' dir='ltr'><em>καὶ</em></span> <span class='ocrx_word' id='word_1_264' title='bbox 665 1306 704 1342; x_wconf 84' lang='grc' dir='ltr'><em>ἐκ</em></span> <span class='ocrx_word' id='word_1_265' title='bbox 718 1306 779 1349; x_wconf 84' lang='grc' dir='ltr'>τ’ἧς</span> <span class='ocrx_word' id='word_1_266' title='bbox 800 1304 999 1355; x_wconf 82' lang='grc' dir='ltr'>συγγενείας</span> <span class='ocrx_word' id='word_1_267' title='bbox 1015 1319 1076 1342; x_wconf 90' lang='grc' dir='ltr'><em>σου</em></span> <span class='ocrx_word' id='word_1_268' title='bbox 1088 1334 1097 1351; x_wconf 89' lang='grc'>,</span> <span class='ocrx_word' id='word_1_269' title='bbox 1112 1304 1172 1343; x_wconf 80' lang='grc' dir='ltr'><em>καὶ</em></span> <span class='ocrx_word' id='word_1_270' title='bbox 1244 1307 1432 1357; x_wconf 74' lang='lat' dir='ltr'><em>guntione</em></span> <span class='ocrx_word' id='word_1_271' title='bbox 1446 1313 1531 1355; x_wconf 79' lang='lat' dir='ltr'><em>tna,</em></span> <span class='ocrx_word' id='word_1_272' title='bbox 1545 1313 1581 1342; x_wconf 86' lang='lat' dir='ltr'><em>et</em></span> <span class='ocrx_word' id='word_1_273' title='bbox 1594 1305 1642 1342; x_wconf 91' lang='lat' dir='ltr'><em>de</em></span> <span class='ocrx_word' id='word_1_274' title='bbox 1653 1306 1767 1342; x_wconf 87' lang='lat' dir='ltr'><em>domo</em></span> <span class='ocrx_word' id='word_1_275' title='bbox 1777 1309 1901 1357; x_wconf 85' lang='lat' dir='ltr'><em>patris</em></span> <span class='ocrx_word' id='word_1_276' title='bbox 1913 1309 1985 1353; x_wconf 79' lang='lat' dir='ltr'><em>tui,</em></span> <span class='ocrx_word' id='word_1_277' title='bbox 1998 1316 2033 1344; x_wconf 88' lang='lat' dir='ltr'><em>et</em></span> <span class='ocrx_word' id='word_1_278' title='bbox 2050 1311 2144 1345; x_wconf 73' lang='lat' dir='ltr'><em>‘veni</em></span> <span class='ocrx_word' id='word_1_279' title='bbox 2160 1311 2202 1346; x_wconf 87' lang='lat' dir='ltr'><em>in</em></span> 
     </span>
    </p>

    <p class='ocr_par' dir='ltr' id='par_1_11' title="bbox 142 1364 2200 1420">
     <span class='ocr_line' id='line_1_19' title="bbox 142 1364 2200 1420; baseline 0 -14"><span class='ocrx_word' id='word_1_280' title='bbox 142 1371 180 1406; x_wconf 81' lang='grc' dir='ltr'><em>ἐκ</em></span> <span class='ocrx_word' id='word_1_281' title='bbox 198 1371 258 1406; x_wconf 74' lang='grc' dir='ltr'><em>τοῦ</em></span> <span class='ocrx_word' id='word_1_282' title='bbox 275 1367 368 1405; x_wconf 84' lang='grc' dir='ltr'>οἴκου</span> <span class='ocrx_word' id='word_1_283' title='bbox 389 1370 448 1404; x_wconf 80' lang='grc' dir='ltr'><em>τοῦ</em></span> <span class='ocrx_word' id='word_1_284' title='bbox 476 1364 609 1418; x_wconf 90' lang='grc' dir='ltr'>πατρός</span> <span class='ocrx_word' id='word_1_285' title='bbox 629 1381 708 1411; x_wconf 91' lang='grc' dir='ltr'>σου,</span> <span class='ocrx_word' id='word_1_286' title='bbox 729 1365 788 1402; x_wconf 85' lang='grc' dir='ltr'><em>καὶ</em></span> <span class='ocrx_word' id='word_1_287' title='bbox 825 1365 925 1417; x_wconf 85' lang='grc' dir='ltr'>δεῦρο</span> <span class='ocrx_word' id='word_1_288' title='bbox 952 1367 999 1408; x_wconf 86' lang='grc' dir='ltr'><em>εἷς</em></span> <span class='ocrx_word' id='word_1_289' title='bbox 1019 1368 1102 1417; x_wconf 76' lang='grc' dir='ltr'>γῆν,</span> <span class='ocrx_word' id='word_1_290' title='bbox 1129 1365 1172 1412; x_wconf 81' lang='grc' dir='ltr'><em>ἣν</em></span> <span class='ocrx_word' id='word_1_291' title='bbox 1247 1375 1390 1404; x_wconf 86' lang='lat' dir='ltr'><em>terram</em></span> <span class='ocrx_word' id='word_1_292' title='bbox 1409 1380 1526 1418; x_wconf 83' lang='lat' dir='ltr'><em>quam</em></span> <span class='ocrx_word' id='word_1_293' title='bbox 1548 1375 1813 1404; x_wconf 78' lang='lat' dir='ltr'><em>monstravero</em></span> <span class='ocrx_word' id='word_1_294' title='bbox 1835 1369 1961 1406; x_wconf 56' lang='lat' dir='ltr'><em>libila.</em></span> <span class='ocrx_word' id='word_1_295' title='bbox 1979 1369 2033 1406; x_wconf 87' lang='lat' dir='ltr'><em>Et</em></span> <span class='ocrx_word' id='word_1_296' title='bbox 2047 1370 2200 1420; x_wconf 84' lang='lat' dir='ltr'><em>faciam</em></span> 
     </span>
    </p>

    <p class='ocr_par' dir='ltr' id='par_1_12' title="bbox 139 1426 2200 1602">
     <span class='ocr_line' id='line_1_20' title="bbox 141 1426 2200 1479; baseline 0 -13"><span class='ocrx_word' id='word_1_297' title='bbox 141 1430 180 1466; x_wconf 83' lang='grc' dir='ltr'><em>ἄν</em></span> <span class='ocrx_word' id='word_1_298' title='bbox 201 1445 254 1468; x_wconf 89' lang='grc' dir='ltr'><em>σοι</em></span> <span class='ocrx_word' id='word_1_299' title='bbox 275 1428 385 1472; x_wconf 82' lang='grc' dir='ltr'>δείξω.</span> <span class='ocrx_word' id='word_1_300' title='bbox 419 1427 488 1465; x_wconf 82' lang='grc' dir='ltr'><em>Καὶ</em></span> <span class='ocrx_word' id='word_1_301' title='bbox 512 1426 651 1472; x_wconf 87' lang='grc' dir='ltr'>ποιήσω</span> <span class='ocrx_word' id='word_1_302' title='bbox 683 1441 721 1463; x_wconf 90' lang='grc' dir='ltr'><em>σε</em></span> <span class='ocrx_word' id='word_1_303' title='bbox 752 1427 799 1469; x_wconf 85' lang='grc' dir='ltr'><em>εἷς</em></span> <span class='ocrx_word' id='word_1_304' title='bbox 839 1426 931 1470; x_wconf 85' lang='grc' dir='ltr'>ἔθνος</span> <span class='ocrx_word' id='word_1_305' title='bbox 966 1426 1058 1478; x_wconf 84' lang='grc' dir='ltr'>μέγα</span> <span class='ocrx_word' id='word_1_306' title='bbox 1074 1457 1082 1473; x_wconf 90' lang='grc'>,</span> <span class='ocrx_word' id='word_1_307' title='bbox 1112 1426 1171 1464; x_wconf 75' lang='grc' dir='ltr'><em>καὶ</em></span> <span class='ocrx_word' id='word_1_308' title='bbox 1247 1436 1284 1465; x_wconf 85' lang='lat' dir='ltr'><em>te</em></span> <span class='ocrx_word' id='word_1_309' title='bbox 1300 1430 1341 1464; x_wconf 86' lang='lat' dir='ltr'><em>in</em></span> <span class='ocrx_word' id='word_1_310' title='bbox 1355 1434 1509 1479; x_wconf 83' lang='lat' dir='ltr'><em>gentem</em></span> <span class='ocrx_word' id='word_1_311' title='bbox 1530 1429 1714 1478; x_wconf 71' lang='lat' dir='ltr'><em>magnam</em></span> <span class='ocrx_word' id='word_1_312' title='bbox 1728 1443 1739 1463; x_wconf 89' lang='lat'><em>:</em></span> <span class='ocrx_word' id='word_1_313' title='bbox 1755 1436 1791 1465; x_wconf 86' lang='lat' dir='ltr'><em>et</em></span> <span class='ocrx_word' id='word_1_314' title='bbox 1813 1429 2039 1466; x_wconf 85' lang='lat' dir='ltr'><em>benedicam</em></span> <span class='ocrx_word' id='word_1_315' title='bbox 2060 1431 2146 1478; x_wconf 85' lang='lat' dir='ltr'><em>tibi,</em></span> <span class='ocrx_word' id='word_1_316' title='bbox 2163 1439 2200 1468; x_wconf 88' lang='lat' dir='ltr'><em>et</em></span> 
     </span>
     <span class='ocr_line' id='line_1_21' title="bbox 141 1487 2200 1542; baseline 0 -14"><span class='ocrx_word' id='word_1_317' title='bbox 141 1490 318 1541; x_wconf 78' lang='grc' dir='ltr'>εὐλογήσω</span> <span class='ocrx_word' id='word_1_318' title='bbox 339 1505 393 1537; x_wconf 89' lang='grc' dir='ltr'><em>σε,</em></span> <span class='ocrx_word' id='word_1_319' title='bbox 422 1488 480 1526; x_wconf 78' lang='grc' dir='ltr'><em>καὶ</em></span> <span class='ocrx_word' id='word_1_320' title='bbox 501 1489 685 1539; x_wconf 84' lang='grc' dir='ltr'>μεγαλυνῶ</span> <span class='ocrx_word' id='word_1_321' title='bbox 710 1487 749 1526; x_wconf 83' lang='grc' dir='ltr'><em>τὸ</em></span> <span class='ocrx_word' id='word_1_322' title='bbox 785 1488 895 1538; x_wconf 88' lang='grc' dir='ltr'>ὄνομά</span> <span class='ocrx_word' id='word_1_323' title='bbox 917 1504 978 1526; x_wconf 90' lang='grc' dir='ltr'><em>σου</em></span> <span class='ocrx_word' id='word_1_324' title='bbox 992 1519 1001 1536; x_wconf 89' lang='grc'>,</span> <span class='ocrx_word' id='word_1_325' title='bbox 1023 1487 1080 1526; x_wconf 80' lang='grc' dir='ltr'><em>καὶ</em></span> <span class='ocrx_word' id='word_1_326' title='bbox 1109 1488 1170 1541; x_wconf 86' lang='grc' dir='ltr'>ἔσῃ</span> <span class='ocrx_word' id='word_1_327' title='bbox 1246 1489 1506 1542; x_wconf 77' lang='lat' dir='ltr'><em>magnificabo</em></span> <span class='ocrx_word' id='word_1_328' title='bbox 1519 1502 1658 1526; x_wconf 87' lang='lat' dir='ltr'><em>nomen</em></span> <span class='ocrx_word' id='word_1_329' title='bbox 1673 1497 1796 1533; x_wconf 81' lang='lat' dir='ltr'><em>tuum,</em></span> <span class='ocrx_word' id='word_1_330' title='bbox 1811 1496 1849 1526; x_wconf 88' lang='lat' dir='ltr'><em>et</em></span> <span class='ocrx_word' id='word_1_331' title='bbox 1862 1492 1936 1528; x_wconf 87' lang='lat' dir='ltr'><em>eris</em></span> <span class='ocrx_word' id='word_1_332' title='bbox 1954 1491 2174 1529; x_wconf 80' lang='lat' dir='ltr'><em>benedictus</em></span> <span class='ocrx_word' id='word_1_333' title='bbox 2186 1507 2200 1535; x_wconf 90' lang='lat'><em>;</em></span> 
     </span>
     <span class='ocr_line' id='line_1_22' title="bbox 139 1547 2200 1602; baseline 0 -13"><span class='ocrx_word' id='word_1_334' title='bbox 139 1551 386 1602; x_wconf 70' lang='grc' dir='ltr'>εὐλογημένος·</span> <span class='ocrx_word' id='word_1_335' title='bbox 411 1550 470 1588; x_wconf 88' lang='grc' dir='ltr'><em>καὶ</em></span> <span class='ocrx_word' id='word_1_336' title='bbox 492 1547 672 1600; x_wconf 79' lang='grc' dir='ltr'>εὐλογήσω</span> <span class='ocrx_word' id='word_1_337' title='bbox 687 1548 766 1592; x_wconf 84' lang='grc' dir='ltr'>τοὺς</span> <span class='ocrx_word' id='word_1_338' title='bbox 785 1549 1011 1601; x_wconf 78' lang='grc' dir='ltr'>εὐλογοῦντάς</span> <span class='ocrx_word' id='word_1_339' title='bbox 1034 1565 1092 1596; x_wconf 85' lang='grc' dir='ltr'><em>σε,</em></span> <span class='ocrx_word' id='word_1_340' title='bbox 1112 1549 1172 1587; x_wconf 80' lang='grc' dir='ltr'><em>καὶ</em></span> <span class='ocrx_word' id='word_1_341' title='bbox 1245 1553 1282 1589; x_wconf 79' lang='grc'><em>5.</em></span> <span class='ocrx_word' id='word_1_342' title='bbox 1294 1559 1330 1588; x_wconf 84' lang='lat' dir='ltr'><em>et</em></span> <span class='ocrx_word' id='word_1_343' title='bbox 1351 1552 1577 1588; x_wconf 84' lang='lat' dir='ltr'><em>benedicam</em></span> <span class='ocrx_word' id='word_1_344' title='bbox 1593 1551 1907 1589; x_wconf 79' lang='lat' dir='ltr'><em>benedicentibus</em></span> <span class='ocrx_word' id='word_1_345' title='bbox 1925 1560 1974 1598; x_wconf 85' lang='lat' dir='ltr'><em>te,</em></span> <span class='ocrx_word' id='word_1_346' title='bbox 1987 1561 2022 1589; x_wconf 88' lang='lat' dir='ltr'><em>et</em></span> <span class='ocrx_word' id='word_1_347' title='bbox 2038 1553 2200 1590; x_wconf 85' lang='lat' dir='ltr'><em>maledi-</em></span> 
     </span>
    </p>
   </div>
   <div class='ocr_carea' id='block_1_3' title="bbox 139 1610 2203 1909">
    <p class='ocr_par' dir='ltr' id='par_1_13' title="bbox 139 1610 2203 1909">
     <span class='ocr_line' id='line_1_23' title="bbox 139 1610 2203 1665; baseline 0 -15"><span class='ocrx_word' id='word_1_348' title='bbox 139 1612 217 1656; x_wconf 80' lang='grc' dir='ltr'>τοὺς</span> <span class='ocrx_word' id='word_1_349' title='bbox 233 1611 502 1665; x_wconf 78' lang='grc' dir='ltr'>καταρωμένους</span> <span class='ocrx_word' id='word_1_350' title='bbox 516 1627 553 1649; x_wconf 88' lang='grc' dir='ltr'><em>σε</em></span> <span class='ocrx_word' id='word_1_351' title='bbox 568 1610 836 1664; x_wconf 81' lang='grc' dir='ltr'>καταράσομαι·</span> <span class='ocrx_word' id='word_1_352' title='bbox 852 1611 913 1649; x_wconf 78' lang='grc' dir='ltr'><em>καὶ</em></span> <span class='ocrx_word' id='word_1_353' title='bbox 939 1611 1171 1663; x_wconf 84' lang='grc' dir='ltr'>ε’νευλογηθή-</span> <span class='ocrx_word' id='word_1_354' title='bbox 1246 1621 1374 1650; x_wconf 88' lang='lat' dir='ltr'><em>centes</em></span> <span class='ocrx_word' id='word_1_355' title='bbox 1404 1621 1440 1650; x_wconf 85' lang='lat' dir='ltr'><em>te</em></span> <span class='ocrx_word' id='word_1_356' title='bbox 1463 1612 1696 1650; x_wconf 83' lang='lat' dir='ltr'><em>maledicam</em></span> <span class='ocrx_word' id='word_1_357' title='bbox 1708 1629 1723 1657; x_wconf 88' lang='lat'><em>;</em></span> <span class='ocrx_word' id='word_1_358' title='bbox 1739 1621 1776 1650; x_wconf 87' lang='lat' dir='ltr'><em>et</em></span> <span class='ocrx_word' id='word_1_359' title='bbox 1799 1614 2076 1651; x_wconf 81' lang='lat' dir='ltr'><em>benedicentur</em></span> <span class='ocrx_word' id='word_1_360' title='bbox 2104 1617 2147 1651; x_wconf 87' lang='lat' dir='ltr'><em>in</em></span> <span class='ocrx_word' id='word_1_361' title='bbox 2167 1623 2203 1652; x_wconf 88' lang='lat' dir='ltr'><em>te</em></span> 
     </span>
     <span class='ocr_line' id='line_1_24' title="bbox 139 1672 2199 1726; baseline 0 -14"><span class='ocrx_word' id='word_1_362' title='bbox 139 1690 257 1713; x_wconf 87' lang='grc' dir='ltr'>σονται</span> <span class='ocrx_word' id='word_1_363' title='bbox 277 1677 310 1712; x_wconf 82' lang='grc' dir='ltr'><em>ἐν</em></span> <span class='ocrx_word' id='word_1_364' title='bbox 331 1673 384 1712; x_wconf 84' lang='grc' dir='ltr'><em>σοὶ</em></span> <span class='ocrx_word' id='word_1_365' title='bbox 405 1680 518 1711; x_wconf 82' lang='grc' dir='ltr'>πᾶσαι</span> <span class='ocrx_word' id='word_1_366' title='bbox 543 1673 578 1710; x_wconf 78' lang='grc' dir='ltr'><em>αἱ</em></span> <span class='ocrx_word' id='word_1_367' title='bbox 598 1673 704 1724; x_wconf 80' lang='grc' dir='ltr'>φυλαὶ</span> <span class='ocrx_word' id='word_1_368' title='bbox 728 1675 790 1718; x_wconf 76' lang='grc' dir='ltr'><em>τῆς</em></span> <span class='ocrx_word' id='word_1_369' title='bbox 812 1676 888 1724; x_wconf 77' lang='grc' dir='ltr'>γῆς.</span> <span class='ocrx_word' id='word_1_370' title='bbox 904 1673 1087 1712; x_wconf 79' lang='grc' dir='ltr'>Ἕκαστον</span> <span class='ocrx_word' id='word_1_371' title='bbox 1102 1677 1170 1712; x_wconf 85' lang='grc' dir='ltr'><em>τῶν</em></span> <span class='ocrx_word' id='word_1_372' title='bbox 1247 1686 1376 1711; x_wconf 89' lang='lat' dir='ltr'><em>omnes</em></span> <span class='ocrx_word' id='word_1_373' title='bbox 1388 1675 1508 1711; x_wconf 83' lang='lat' dir='ltr'><em>tribus</em></span> <span class='ocrx_word' id='word_1_374' title='bbox 1517 1672 2199 1726; x_wconf 77' lang='lat' dir='ltr'><em>terrae.Singuladictadiligenterper-</em></span> 
     </span>
     <span class='ocr_line' id='line_1_25' title="bbox 140 1732 2201 1786; baseline -0.003 -15"><span class='ocrx_word' id='word_1_375' title='bbox 140 1734 331 1786; x_wconf 75' lang='grc' dir='ltr'>εἷρημένων</span> <span class='ocrx_word' id='word_1_376' title='bbox 353 1733 442 1784; x_wconf 80' lang='grc' dir='ltr'>μετὰ</span> <span class='ocrx_word' id='word_1_377' title='bbox 459 1732 639 1786; x_wconf 64' lang='grc' dir='ltr'>ἀκριὲείας</span> <span class='ocrx_word' id='word_1_378' title='bbox 663 1732 967 1786; x_wconf 84' lang='grc' dir='ltr'>διερευνησώμεθα</span> <span class='ocrx_word' id='word_1_379' title='bbox 981 1763 990 1779; x_wconf 94' lang='grc'>,</span> <span class='ocrx_word' id='word_1_380' title='bbox 1010 1733 1067 1771; x_wconf 81' lang='grc' dir='ltr'><em>ἵνα</em></span> <span class='ocrx_word' id='word_1_381' title='bbox 1087 1734 1172 1772; x_wconf 83' lang='grc' dir='ltr'>ἴδω-</span> <span class='ocrx_word' id='word_1_382' title='bbox 1245 1743 1457 1782; x_wconf 78' lang='lat' dir='ltr'><em>scrutemur,</em></span> <span class='ocrx_word' id='word_1_383' title='bbox 1467 1742 1504 1771; x_wconf 87' lang='lat' dir='ltr'><em>nt</em></span> <span class='ocrx_word' id='word_1_384' title='bbox 1516 1733 1760 1784; x_wconf 84' lang='lat' dir='ltr'><em>religiosamet</em></span> <span class='ocrx_word' id='word_1_385' title='bbox 1774 1733 1868 1785; x_wconf 85' lang='lat' dir='ltr'><em>piam</em></span> <span class='ocrx_word' id='word_1_386' title='bbox 1882 1734 2092 1785; x_wconf 80' lang='lat' dir='ltr'><em>patriarchae</em></span> <span class='ocrx_word' id='word_1_387' title='bbox 2105 1748 2201 1772; x_wconf 88' lang='lat' dir='ltr'><em>men-</em></span> 
     </span>
     <span class='ocr_line' id='line_1_26' title="bbox 141 1793 2195 1846; baseline 0 -13"><span class='ocrx_word' id='word_1_388' title='bbox 141 1811 202 1845; x_wconf 90' lang='grc' dir='ltr'><em>μεν</em></span> <span class='ocrx_word' id='word_1_389' title='bbox 237 1797 300 1840; x_wconf 74' lang='grc' dir='ltr'>τῆς</span> <span class='ocrx_word' id='word_1_390' title='bbox 335 1793 477 1845; x_wconf 84' lang='grc' dir='ltr'>γνώμης</span> <span class='ocrx_word' id='word_1_391' title='bbox 510 1797 569 1830; x_wconf 73' lang='grc' dir='ltr'><em>τοῦ</em></span> <span class='ocrx_word' id='word_1_392' title='bbox 594 1794 813 1846; x_wconf 75' lang='grc' dir='ltr'>πατριάρχου</span> <span class='ocrx_word' id='word_1_393' title='bbox 837 1794 876 1832; x_wconf 82' lang='grc' dir='ltr'><em>τὸ</em></span> <span class='ocrx_word' id='word_1_394' title='bbox 906 1794 1075 1846; x_wconf 77' lang='grc' dir='ltr'>φιλόθεον.</span> <span class='ocrx_word' id='word_1_395' title='bbox 1108 1793 1168 1841; x_wconf 79' lang='grc' dir='ltr'><em>Μὴ</em></span> <span class='ocrx_word' id='word_1_396' title='bbox 1194 1806 1219 1836; x_wconf 80' lang='lat' dir='ltr'><em>F,</em></span> <span class='ocrx_word' id='word_1_397' title='bbox 1245 1803 1314 1832; x_wconf 88' lang='lat' dir='ltr'><em>tem</em></span> <span class='ocrx_word' id='word_1_398' title='bbox 1333 1795 1531 1834; x_wconf 82' lang='lat' dir='ltr'><em>videamus.</em></span> <span class='ocrx_word' id='word_1_399' title='bbox 1542 1795 1596 1832; x_wconf 88' lang='lat' dir='ltr'><em>Ne</em></span> <span class='ocrx_word' id='word_1_400' title='bbox 1608 1803 1859 1846; x_wconf 74' lang='lat' dir='ltr'><em>praetereamus</em></span> <span class='ocrx_word' id='word_1_401' title='bbox 1874 1795 1989 1833; x_wconf 86' lang='lat' dir='ltr'><em>obiter</em></span> <span class='ocrx_word' id='word_1_402' title='bbox 2002 1794 2113 1843; x_wconf 88' lang='lat' dir='ltr'><em>dicta,</em></span> <span class='ocrx_word' id='word_1_403' title='bbox 2131 1795 2195 1834; x_wconf 90' lang='lat' dir='ltr'><em>sed</em></span> 
     </span>
     <span class='ocr_line' id='line_1_27' title="bbox 139 1854 2198 1909; baseline 0 -15"><span class='ocrx_word' id='word_1_404' title='bbox 139 1856 208 1908; x_wconf 71' lang='grc' dir='ltr'><em>γὰρ</em></span> <span class='ocrx_word' id='word_1_405' title='bbox 236 1857 355 1899; x_wconf 82' lang='grc' dir='ltr'>ἁπλῶς</span> <span class='ocrx_word' id='word_1_406' title='bbox 385 1854 674 1906; x_wconf 82' lang='grc' dir='ltr'>παραδράμωμεν</span> <span class='ocrx_word' id='word_1_407' title='bbox 703 1855 742 1892; x_wconf 82' lang='grc' dir='ltr'><em>τὸ</em></span> <span class='ocrx_word' id='word_1_408' title='bbox 773 1854 972 1906; x_wconf 80' lang='grc' dir='ltr'>εἰρημένον,</span> <span class='ocrx_word' id='word_1_409' title='bbox 1001 1857 1077 1894; x_wconf 87' lang='grc' dir='ltr'>ἀλλ’</span> <span class='ocrx_word' id='word_1_410' title='bbox 1112 1858 1171 1894; x_wconf 78' lang='grc' dir='ltr'><em>ἐν-</em></span> <span class='ocrx_word' id='word_1_411' title='bbox 1244 1854 1570 1895; x_wconf 85' lang='lat' dir='ltr'><em>animadvertamus</em></span> <span class='ocrx_word' id='word_1_412' title='bbox 1583 1854 1909 1907; x_wconf 86' lang='lat' dir='ltr'><em>quantumimperii</em></span> <span class='ocrx_word' id='word_1_413' title='bbox 1922 1855 2198 1909; x_wconf 81' lang='lat' dir='ltr'><em>pondus.Egre-</em></span> 
     </span>
    </p>
   </div>
   <div class='ocr_carea' id='block_1_4' title="bbox 138 1915 2396 2519">
    <p class='ocr_par' dir='ltr' id='par_1_14' title="bbox 138 1915 2396 2519">
     <span class='ocr_line' id='line_1_28' title="bbox 140 1915 2194 1968; baseline 0 -13"><span class='ocrx_word' id='word_1_414' title='bbox 140 1918 320 1968; x_wconf 78' lang='grc' dir='ltr'>νοήσωμεν</span> <span class='ocrx_word' id='word_1_415' title='bbox 342 1917 418 1959; x_wconf 79' lang='grc' dir='ltr'>ὅσος</span> <span class='ocrx_word' id='word_1_416' title='bbox 451 1921 510 1954; x_wconf 78' lang='grc' dir='ltr'><em>τοῦ</em></span> <span class='ocrx_word' id='word_1_417' title='bbox 544 1915 780 1966; x_wconf 81' lang='grc' dir='ltr'>ἐπιτάγματος</span> <span class='ocrx_word' id='word_1_418' title='bbox 811 1920 828 1955; x_wconf 89' lang='lat'>6</span> <span class='ocrx_word' id='word_1_419' title='bbox 860 1916 972 1967; x_wconf 84' lang='grc' dir='ltr'>ὄγκος.</span> <span class='ocrx_word' id='word_1_420' title='bbox 1002 1915 1168 1965; x_wconf 82' lang='grc' dir='ltr'>Ἔξελθε,</span> <span class='ocrx_word' id='word_1_421' title='bbox 1244 1916 1541 1967; x_wconf 82' lang='lat' dir='ltr'><em>dere‚inquit,de</em></span> <span class='ocrx_word' id='word_1_422' title='bbox 1560 1926 1663 1954; x_wconf 87' lang='lat' dir='ltr'><em>terra</em></span> <span class='ocrx_word' id='word_1_423' title='bbox 1677 1917 2093 1967; x_wconf 80' lang='lat' dir='ltr'><em>tua,etdecognatione</em></span> <span class='ocrx_word' id='word_1_424' title='bbox 2112 1927 2194 1968; x_wconf 83' lang='lat' dir='ltr'><em>tna,</em></span> 
     </span>
     <span class='ocr_line' id='line_1_29' title="bbox 140 1977 2198 2030; baseline -0 -13"><span class='ocrx_word' id='word_1_425' title='bbox 140 1979 242 2030; x_wconf 73' lang='grc' dir='ltr'>φησὶν</span> <span class='ocrx_word' id='word_1_426' title='bbox 254 2007 263 2022; x_wconf 91' lang='grc'>,</span> <span class='ocrx_word' id='word_1_427' title='bbox 283 1979 321 2015; x_wconf 82' lang='grc' dir='ltr'><em>ἐκ</em></span> <span class='ocrx_word' id='word_1_428' title='bbox 341 1980 402 2023; x_wconf 73' lang='grc' dir='ltr'><em>τῆς</em></span> <span class='ocrx_word' id='word_1_429' title='bbox 418 1980 481 2028; x_wconf 83' lang='grc' dir='ltr'>γ’ἦς</span> <span class='ocrx_word' id='word_1_430' title='bbox 500 1992 561 2014; x_wconf 91' lang='grc' dir='ltr'><em>σου</em></span> <span class='ocrx_word' id='word_1_431' title='bbox 574 2007 583 2024; x_wconf 92' lang='grc'>,</span> <span class='ocrx_word' id='word_1_432' title='bbox 602 1977 661 2014; x_wconf 80' lang='grc' dir='ltr'><em>καὶ</em></span> <span class='ocrx_word' id='word_1_433' title='bbox 676 1978 715 2014; x_wconf 82' lang='grc' dir='ltr'><em>ἐκ</em></span> <span class='ocrx_word' id='word_1_434' title='bbox 732 1979 794 2022; x_wconf 69' lang='grc' dir='ltr'><em>τῆς</em></span> <span class='ocrx_word' id='word_1_435' title='bbox 809 1977 1008 2029; x_wconf 88' lang='grc' dir='ltr'>συγγενείας</span> <span class='ocrx_word' id='word_1_436' title='bbox 1025 1993 1097 2025; x_wconf 90' lang='grc' dir='ltr'>σου,</span> <span class='ocrx_word' id='word_1_437' title='bbox 1108 1979 1168 2017; x_wconf 83' lang='grc' dir='ltr'><em>καὶ</em></span> <span class='ocrx_word' id='word_1_438' title='bbox 1243 1985 1280 2015; x_wconf 85' lang='lat' dir='ltr'><em>et</em></span> <span class='ocrx_word' id='word_1_439' title='bbox 1293 1978 1340 2014; x_wconf 88' lang='lat' dir='ltr'><em>de</em></span> <span class='ocrx_word' id='word_1_440' title='bbox 1356 1978 1470 2015; x_wconf 85' lang='lat' dir='ltr'><em>domo</em></span> <span class='ocrx_word' id='word_1_441' title='bbox 1481 1979 1606 2029; x_wconf 82' lang='lat' dir='ltr'><em>patris</em></span> <span class='ocrx_word' id='word_1_442' title='bbox 1623 1979 1691 2023; x_wconf 80' lang='lat' dir='ltr'><em>tui,</em></span> <span class='ocrx_word' id='word_1_443' title='bbox 1704 1985 1739 2014; x_wconf 89' lang='lat' dir='ltr'><em>et</em></span> <span class='ocrx_word' id='word_1_444' title='bbox 1752 1979 1845 2014; x_wconf 82' lang='lat' dir='ltr'><em>veni</em></span> <span class='ocrx_word' id='word_1_445' title='bbox 1860 1980 1901 2014; x_wconf 87' lang='lat' dir='ltr'><em>in</em></span> <span class='ocrx_word' id='word_1_446' title='bbox 1917 1985 2061 2016; x_wconf 86' lang='lat' dir='ltr'><em>terram</em></span> <span class='ocrx_word' id='word_1_447' title='bbox 2079 1992 2198 2030; x_wconf 83' lang='lat' dir='ltr'><em>qnam</em></span> 
     </span>
     <span class='ocr_line' id='line_1_30' title="bbox 140 2036 2197 2092; baseline -0 -14"><span class='ocrx_word' id='word_1_448' title='bbox 140 2044 179 2079; x_wconf 82' lang='grc' dir='ltr'><em>ἐκ</em></span> <span class='ocrx_word' id='word_1_449' title='bbox 197 2045 256 2078; x_wconf 81' lang='grc' dir='ltr'><em>τοῦ</em></span> <span class='ocrx_word' id='word_1_450' title='bbox 284 2039 377 2078; x_wconf 89' lang='grc' dir='ltr'>οἴκου</span> <span class='ocrx_word' id='word_1_451' title='bbox 399 2043 459 2077; x_wconf 81' lang='grc' dir='ltr'><em>τοῦ</em></span> <span class='ocrx_word' id='word_1_452' title='bbox 476 2037 607 2091; x_wconf 82' lang='grc' dir='ltr'>πατρός</span> <span class='ocrx_word' id='word_1_453' title='bbox 636 2054 695 2076; x_wconf 89' lang='grc' dir='ltr'><em>σου</em></span> <span class='ocrx_word' id='word_1_454' title='bbox 709 2066 718 2083; x_wconf 88' lang='grc'>,</span> <span class='ocrx_word' id='word_1_455' title='bbox 737 2039 797 2076; x_wconf 82' lang='grc' dir='ltr'><em>καὶ</em></span> <span class='ocrx_word' id='word_1_456' title='bbox 817 2039 916 2092; x_wconf 78' lang='grc' dir='ltr'>δεῦρο</span> <span class='ocrx_word' id='word_1_457' title='bbox 933 2041 980 2082; x_wconf 83' lang='grc' dir='ltr'><em>εἰς</em></span> <span class='ocrx_word' id='word_1_458' title='bbox 1000 2039 1064 2086; x_wconf 81' lang='grc' dir='ltr'><em>τὴν</em></span> <span class='ocrx_word' id='word_1_459' title='bbox 1079 2044 1164 2091; x_wconf 72' lang='grc' dir='ltr'>γῆν,</span> <span class='ocrx_word' id='word_1_460' title='bbox 1243 2046 1508 2076; x_wconf 75' lang='lat' dir='ltr'><em>monstravero</em></span> <span class='ocrx_word' id='word_1_461' title='bbox 1526 2040 1607 2075; x_wconf 88' lang='lat' dir='ltr'><em>tibi.</em></span> <span class='ocrx_word' id='word_1_462' title='bbox 1622 2036 1733 2083; x_wconf 82' lang='lat' dir='ltr'><em>Quasi</em></span> <span class='ocrx_word' id='word_1_463' title='bbox 1751 2036 1882 2075; x_wconf 85' lang='lat' dir='ltr'><em>diceret</em></span> <span class='ocrx_word' id='word_1_464' title='bbox 1894 2053 1901 2074; x_wconf 77' lang='grc' dir='ltr'>ε</span> <span class='ocrx_word' id='word_1_465' title='bbox 1913 2038 2088 2088; x_wconf 78' lang='lat' dir='ltr'><em>Relinque</em></span> <span class='ocrx_word' id='word_1_466' title='bbox 2103 2049 2197 2077; x_wconf 87' lang='lat' dir='ltr'><em>certa</em></span> 
     </span>
     <span class='ocr_line' id='line_1_31' title="bbox 139 2098 2197 2152; baseline -0 -14"><span class='ocrx_word' id='word_1_467' title='bbox 139 2103 179 2149; x_wconf 81' lang='grc' dir='ltr'><em>ἣν</em></span> <span class='ocrx_word' id='word_1_468' title='bbox 200 2101 242 2140; x_wconf 79' lang='grc' dir='ltr'><em>ἄν</em></span> <span class='ocrx_word' id='word_1_469' title='bbox 262 2117 315 2139; x_wconf 86' lang='grc' dir='ltr'><em>σοι</em></span> <span class='ocrx_word' id='word_1_470' title='bbox 335 2099 444 2143; x_wconf 82' lang='grc' dir='ltr'>δείξω.</span> <span class='ocrx_word' id='word_1_471' title='bbox 475 2099 658 2138; x_wconf 79' lang='grc' dir='ltr'>Κατάλιπε</span> <span class='ocrx_word' id='word_1_472' title='bbox 672 2129 681 2147; x_wconf 88' lang='grc'>,</span> <span class='ocrx_word' id='word_1_473' title='bbox 714 2099 818 2151; x_wconf 76' lang='grc' dir='ltr'>φησὶ,</span> <span class='ocrx_word' id='word_1_474' title='bbox 839 2099 884 2137; x_wconf 83' lang='grc' dir='ltr'><em>τὰ</em></span> <span class='ocrx_word' id='word_1_475' title='bbox 914 2101 1004 2147; x_wconf 80' lang='grc' dir='ltr'>δῆλα</span> <span class='ocrx_word' id='word_1_476' title='bbox 1033 2101 1091 2139; x_wconf 87' lang='grc' dir='ltr'><em>καὶ</em></span> <span class='ocrx_word' id='word_1_477' title='bbox 1121 2103 1166 2140; x_wconf 86' lang='grc' dir='ltr'><em>τὰ</em></span> <span class='ocrx_word' id='word_1_478' title='bbox 1239 2108 1273 2137; x_wconf 89' lang='lat' dir='ltr'><em>et</em></span> <span class='ocrx_word' id='word_1_479' title='bbox 1286 2099 1452 2137; x_wconf 87' lang='lat' dir='ltr'><em>omnibus</em></span> <span class='ocrx_word' id='word_1_480' title='bbox 1465 2098 2197 2152; x_wconf 77' lang='lat' dir='ltr'><em>aperta‚eteligemagisincertaetnonap-</em></span> 
     </span>
     <span class='ocr_line' id='line_1_32' title="bbox 138 2158 2194 2213; baseline -0.001 -13"><span class='ocrx_word' id='word_1_481' title='bbox 138 2161 412 2213; x_wconf 80' lang='grc' dir='ltr'>ὡμολογημένα,</span> <span class='ocrx_word' id='word_1_482' title='bbox 433 2159 492 2197; x_wconf 77' lang='grc' dir='ltr'><em>καὶ</em></span> <span class='ocrx_word' id='word_1_483' title='bbox 511 2159 728 2210; x_wconf 78' lang='grc' dir='ltr'>προτίμησον</span> <span class='ocrx_word' id='word_1_484' title='bbox 746 2159 789 2197; x_wconf 86' lang='grc' dir='ltr'><em>τὰ</em></span> <span class='ocrx_word' id='word_1_485' title='bbox 807 2160 921 2207; x_wconf 83' lang='grc' dir='ltr'>ἄδηλα</span> <span class='ocrx_word' id='word_1_486' title='bbox 951 2161 1010 2198; x_wconf 90' lang='grc' dir='ltr'><em>καὶ</em></span> <span class='ocrx_word' id='word_1_487' title='bbox 1039 2161 1083 2200; x_wconf 79' lang='grc' dir='ltr'><em>τὰ</em></span> <span class='ocrx_word' id='word_1_488' title='bbox 1115 2162 1163 2212; x_wconf 82' lang='grc' dir='ltr'><em>μὴ</em></span> <span class='ocrx_word' id='word_1_489' title='bbox 1237 2160 1412 2212; x_wconf 87' lang='lat' dir='ltr'><em>parentia.</em></span> <span class='ocrx_word' id='word_1_490' title='bbox 1429 2159 1622 2198; x_wconf 80' lang='lat' dir='ltr'><em>Considera</em></span> <span class='ocrx_word' id='word_1_491' title='bbox 1631 2158 1810 2210; x_wconf 87' lang='lat' dir='ltr'><em>quomodo</em></span> <span class='ocrx_word' id='word_1_492' title='bbox 1834 2159 1993 2197; x_wconf 86' lang='lat' dir='ltr'><em>abinitio</em></span> <span class='ocrx_word' id='word_1_493' title='bbox 2008 2170 2194 2198; x_wconf 78' lang='lat' dir='ltr'><em>exercetur</em></span> 
     </span>
     <span class='ocr_line' id='line_1_33' title="bbox 139 2219 2195 2275; baseline -0.001 -15"><span class='ocrx_word' id='word_1_494' title='bbox 139 2222 341 2275; x_wconf 66' lang='grc' dir='ltr'>φαινόμενα.</span> <span class='ocrx_word' id='word_1_495' title='bbox 360 2220 493 2260; x_wconf 81' lang='grc' dir='ltr'>Σκόπει</span> <span class='ocrx_word' id='word_1_496' title='bbox 526 2222 601 2264; x_wconf 84' lang='grc' dir='ltr'>πῶς</span> <span class='ocrx_word' id='word_1_497' title='bbox 632 2219 665 2264; x_wconf 81' lang='grc' dir='ltr'><em>ἐξ</em></span> <span class='ocrx_word' id='word_1_498' title='bbox 694 2222 807 2272; x_wconf 74' lang='grc' dir='ltr'>ἀρχῆς</span> <span class='ocrx_word' id='word_1_499' title='bbox 827 2220 886 2258; x_wconf 84' lang='grc' dir='ltr'><em>καὶ</em></span> <span class='ocrx_word' id='word_1_500' title='bbox 913 2223 953 2260; x_wconf 86' lang='grc' dir='ltr'><em>ἐκ</em></span> <span class='ocrx_word' id='word_1_501' title='bbox 971 2223 1164 2274; x_wconf 85' lang='grc' dir='ltr'>προοιμίων</span> <span class='ocrx_word' id='word_1_502' title='bbox 1188 2235 1191 2237; x_wconf 90' lang='grc'><em>·</em></span> <span class='ocrx_word' id='word_1_503' title='bbox 1235 2221 1367 2273; x_wconf 89' lang='lat' dir='ltr'><em>justus,</em></span> <span class='ocrx_word' id='word_1_504' title='bbox 1379 2219 1609 2273; x_wconf 82' lang='lat' dir='ltr'><em>utpraeeligat</em></span> <span class='ocrx_word' id='word_1_505' title='bbox 1621 2221 1985 2272; x_wconf 83' lang='lat' dir='ltr'><em>nonapparentiaprae</em></span> <span class='ocrx_word' id='word_1_506' title='bbox 1996 2222 2195 2273; x_wconf 77' lang='lat' dir='ltr'><em>apparenti-</em></span> 
     </span>
     <span class='ocr_line' id='line_1_34' title="bbox 139 2280 2197 2335; baseline -0.001 -13"><span class='ocrx_word' id='word_1_507' title='bbox 139 2283 349 2335; x_wconf 82' lang='grc' dir='ltr'>ἐγυμνάζετο</span> <span class='ocrx_word' id='word_1_508' title='bbox 368 2286 386 2321; x_wconf 86' lang='lat'>6</span> <span class='ocrx_word' id='word_1_509' title='bbox 407 2281 538 2325; x_wconf 82' lang='grc' dir='ltr'>δίκαιος</span> <span class='ocrx_word' id='word_1_510' title='bbox 563 2280 608 2318; x_wconf 84' lang='grc' dir='ltr'><em>τὰ</em></span> <span class='ocrx_word' id='word_1_511' title='bbox 627 2280 675 2331; x_wconf 83' lang='grc' dir='ltr'><em>μὴ</em></span> <span class='ocrx_word' id='word_1_512' title='bbox 697 2280 888 2333; x_wconf 75' lang='grc' dir='ltr'>φαινόμενα</span> <span class='ocrx_word' id='word_1_513' title='bbox 908 2285 978 2320; x_wconf 82' lang='grc' dir='ltr'><em>τῶν</em></span> <span class='ocrx_word' id='word_1_514' title='bbox 998 2283 1168 2334; x_wconf 80' lang='grc' dir='ltr'>φαινομέ-</span> <span class='ocrx_word' id='word_1_515' title='bbox 1239 2281 1323 2331; x_wconf 77' lang='lat' dir='ltr'><em>bus,</em></span> <span class='ocrx_word' id='word_1_516' title='bbox 1338 2281 1504 2320; x_wconf 86' lang='lat' dir='ltr'><em>etfutura</em></span> <span class='ocrx_word' id='word_1_517' title='bbox 1513 2294 1587 2333; x_wconf 86' lang='lat' dir='ltr'><em>prae</em></span> <span class='ocrx_word' id='word_1_518' title='bbox 1601 2280 1644 2317; x_wconf 88' lang='lat' dir='ltr'><em>iis</em></span> <span class='ocrx_word' id='word_1_519' title='bbox 1654 2281 1779 2331; x_wconf 66' lang='lat' dir='ltr'><em>quaein</em></span> <span class='ocrx_word' id='word_1_520' title='bbox 1792 2280 1957 2319; x_wconf 87' lang='lat' dir='ltr'><em>manibus</em></span> <span class='ocrx_word' id='word_1_521' title='bbox 1968 2291 2061 2319; x_wconf 86' lang='lat' dir='ltr'><em>sunt.</em></span> <span class='ocrx_word' id='word_1_522' title='bbox 2075 2282 2197 2333; x_wconf 88' lang='lat' dir='ltr'><em>Neque</em></span> 
     </span>
     <span class='ocr_line' id='line_1_35' title="bbox 139 2341 2192 2396; baseline 0 -16"><span class='ocrx_word' id='word_1_523' title='bbox 139 2359 205 2381; x_wconf 85' lang='grc' dir='ltr'><em>νων</em></span> <span class='ocrx_word' id='word_1_524' title='bbox 224 2349 413 2395; x_wconf 71' lang='grc' dir='ltr'>προτιμᾷν,</span> <span class='ocrx_word' id='word_1_525' title='bbox 432 2343 490 2381; x_wconf 79' lang='grc' dir='ltr'><em>καὶ</em></span> <span class='ocrx_word' id='word_1_526' title='bbox 511 2342 555 2380; x_wconf 81' lang='grc' dir='ltr'><em>τὰ</em></span> <span class='ocrx_word' id='word_1_527' title='bbox 576 2342 748 2392; x_wconf 77' lang='grc' dir='ltr'>μέλλοντα</span> <span class='ocrx_word' id='word_1_528' title='bbox 767 2346 836 2380; x_wconf 82' lang='grc' dir='ltr'><em>τῶν</em></span> <span class='ocrx_word' id='word_1_529' title='bbox 853 2346 888 2381; x_wconf 83' lang='grc' dir='ltr'><em>ἐν</em></span> <span class='ocrx_word' id='word_1_530' title='bbox 907 2344 1029 2396; x_wconf 81' lang='grc' dir='ltr'>χερσὶν</span> <span class='ocrx_word' id='word_1_531' title='bbox 1045 2344 1166 2383; x_wconf 82' lang='grc' dir='ltr'>ὄντων.</span> <span class='ocrx_word' id='word_1_532' title='bbox 1241 2343 1335 2381; x_wconf 85' lang='lat' dir='ltr'><em>enim</em></span> <span class='ocrx_word' id='word_1_533' title='bbox 1350 2343 1499 2394; x_wconf 87' lang='lat' dir='ltr'><em>vulgare</em></span> <span class='ocrx_word' id='word_1_534' title='bbox 1513 2351 1546 2380; x_wconf 87' lang='lat' dir='ltr'><em>et</em></span> <span class='ocrx_word' id='word_1_535' title='bbox 1554 2356 1707 2395; x_wconf 86' lang='lat' dir='ltr'><em>parvum</em></span> <span class='ocrx_word' id='word_1_536' title='bbox 1729 2341 1869 2393; x_wconf 88' lang='lat' dir='ltr'><em>aliquid</em></span> <span class='ocrx_word' id='word_1_537' title='bbox 1880 2351 1956 2380; x_wconf 85' lang='lat' dir='ltr'><em>erat</em></span> <span class='ocrx_word' id='word_1_538' title='bbox 1976 2342 2026 2389; x_wconf 88' lang='lat' dir='ltr'><em>id,</em></span> <span class='ocrx_word' id='word_1_539' title='bbox 2049 2343 2147 2393; x_wconf 90' lang='lat' dir='ltr'><em>quod</em></span> <span class='ocrx_word' id='word_1_540' title='bbox 2161 2344 2192 2381; x_wconf 88' lang='lat' dir='ltr'><em>ei</em></span> 
     </span>
     <span class='ocr_line' id='line_1_36' title="bbox 1179 2388 2396 2460; baseline 0.002 -18"><span class='ocrx_word' id='word_1_541' title='bbox 1179 2388 1227 2455; x_wconf 52' lang='lat'><em>³2⁹</em></span> <span class='ocrx_word' id='word_1_542' title='bbox 1241 2414 1279 2443; x_wconf 87' lang='lat' dir='ltr'><em>ut</em></span> <span class='ocrx_word' id='word_1_543' title='bbox 1293 2406 1423 2444; x_wconf 86' lang='lat' dir='ltr'><em>faceret</em></span> <span class='ocrx_word' id='word_1_544' title='bbox 1435 2404 1787 2458; x_wconf 81' lang='lat' dir='ltr'><em>praecipiebatDens:</em></span> <span class='ocrx_word' id='word_1_545' title='bbox 1802 2418 1928 2457; x_wconf 87' lang='lat' dir='ltr'><em>nempe</em></span> <span class='ocrx_word' id='word_1_546' title='bbox 1943 2413 1982 2443; x_wconf 90' lang='lat' dir='ltr'><em>ut</em></span> <span class='ocrx_word' id='word_1_547' title='bbox 1997 2414 2125 2443; x_wconf 82' lang='lat' dir='ltr'><em>terram</em></span> <span class='ocrx_word' id='word_1_548' title='bbox 2140 2420 2193 2444; x_wconf 84' lang='lat' dir='ltr'><em>re-</em></span> <span class='ocrx_word' id='word_1_549' title='bbox 2244 2422 2396 2460; x_wconf 58' lang='lat' dir='ltr'><em>(numum</em></span> 
     </span>
     <span class='ocr_line' id='line_1_37' title="bbox 140 2465 2395 2519; baseline -0.001 -14"><span class='ocrx_word' id='word_1_550' title='bbox 140 2469 299 2505; x_wconf 86' lang='grc' dir='ltr'>ταλιπεῖν</span> <span class='ocrx_word' id='word_1_551' title='bbox 316 2466 379 2513; x_wconf 85' lang='grc' dir='ltr'><em>τὴν</em></span> <span class='ocrx_word' id='word_1_552' title='bbox 399 2468 484 2517; x_wconf 61' lang='grc' dir='ltr'>γῆν,</span> <span class='ocrx_word' id='word_1_553' title='bbox 504 2465 584 2504; x_wconf 82' lang='grc' dir='ltr'>ἔνθα</span> <span class='ocrx_word' id='word_1_554' title='bbox 602 2470 765 2504; x_wconf 79' lang='grc' dir='ltr'>τοσοῦτον</span> <span class='ocrx_word' id='word_1_555' title='bbox 787 2465 904 2517; x_wconf 85' lang='grc' dir='ltr'>ᾤκησε</span> <span class='ocrx_word' id='word_1_556' title='bbox 925 2469 1070 2519; x_wconf 79' lang='grc' dir='ltr'>χρόνον,</span> <span class='ocrx_word' id='word_1_557' title='bbox 1104 2469 1165 2507; x_wconf 76' lang='grc' dir='ltr'><em>καὶ</em></span> <span class='ocrx_word' id='word_1_558' title='bbox 1240 2467 1429 2518; x_wconf 86' lang='lat' dir='ltr'><em>linqueret,</em></span> <span class='ocrx_word' id='word_1_559' title='bbox 1464 2480 1571 2517; x_wconf 86' lang='lat' dir='ltr'><em>quam</em></span> <span class='ocrx_word' id='word_1_560' title='bbox 1599 2466 1815 2503; x_wconf 79' lang='lat' dir='ltr'><em>inhabitarat</em></span> <span class='ocrx_word' id='word_1_561' title='bbox 1844 2474 1942 2503; x_wconf 87' lang='lat' dir='ltr'><em>tanto</em></span> <span class='ocrx_word' id='word_1_562' title='bbox 1966 2474 2139 2517; x_wconf 79' lang='lat' dir='ltr'><em>tempore,</em></span> <span class='ocrx_word' id='word_1_563' title='bbox 2160 2475 2193 2504; x_wconf 90' lang='lat' dir='ltr'><em>et</em></span> <span class='ocrx_word' id='word_1_564' title='bbox 2207 2465 2243 2491; x_wconf 64' lang='lat'><em>⁵⁵²</em></span> <span class='ocrx_word' id='word_1_565' title='bbox 2272 2467 2395 2502; x_wconf 66' lang='lat' dir='ltr'><em>r³¹r⁵³¹¹¹</em></span> 
     </span>
    </p>
   </div>
   <div class='ocr_carea' id='block_1_5' title="bbox 140 2506 2396 2583">
    <p class='ocr_par' dir='ltr' id='par_1_15' title="bbox 140 2506 2396 2583">
     <span class='ocr_line' id='line_1_38' title="bbox 140 2506 2396 2583; baseline -0 -18"><span class='ocrx_word' id='word_1_566' title='bbox 140 2528 204 2574; x_wconf 79' lang='grc' dir='ltr'><em>τὴν</em></span> <span class='ocrx_word' id='word_1_567' title='bbox 232 2526 430 2579; x_wconf 81' lang='grc' dir='ltr'>συγγένειαν</span> <span class='ocrx_word' id='word_1_568' title='bbox 457 2525 618 2573; x_wconf 83' lang='grc' dir='ltr'>ἅπασαν,</span> <span class='ocrx_word' id='word_1_569' title='bbox 638 2525 698 2563; x_wconf 81' lang='grc' dir='ltr'><em>καὶ</em></span> <span class='ocrx_word' id='word_1_570' title='bbox 716 2526 832 2565; x_wconf 86' lang='grc' dir='ltr'>πάντα</span> <span class='ocrx_word' id='word_1_571' title='bbox 859 2531 918 2565; x_wconf 85' lang='grc' dir='ltr'><em>τοῦ</em></span> <span class='ocrx_word' id='word_1_572' title='bbox 948 2529 1080 2580; x_wconf 84' lang='grc' dir='ltr'>πατρὸς</span> <span class='ocrx_word' id='word_1_573' title='bbox 1107 2530 1165 2568; x_wconf 86' lang='grc' dir='ltr'><em>τὸν</em></span> <span class='ocrx_word' id='word_1_574' title='bbox 1240 2542 1380 2566; x_wconf 89' lang='lat' dir='ltr'><em>omnem</em></span> <span class='ocrx_word' id='word_1_575' title='bbox 1391 2527 1812 2579; x_wconf 82' lang='lat' dir='ltr'><em>cognatione1n‚ettotam</em></span> <span class='ocrx_word' id='word_1_576' title='bbox 1822 2525 2192 2578; x_wconf 75' lang='lat' dir='ltr'><em>patrisdomum‚iret-</em></span> <span class='ocrx_word' id='word_1_577' title='bbox 2206 2506 2396 2583; x_wconf 41' lang='lat' dir='ltr'><em>Effe-&#39;⁰¹¹⁰‘</em></span> 
     </span>
    </p>
   </div>
   <div class='ocr_carea' id='block_1_6' title="bbox 139 2399 1165 2457">
    <p class='ocr_par' dir='ltr' id='par_1_16' title="bbox 139 2399 1165 2457">
     <span class='ocr_line' id='line_1_39' title="bbox 139 2399 1165 2457; baseline 0.001 -13"><span class='ocrx_word' id='word_1_578' title='bbox 139 2406 231 2444; x_wconf 81' lang='grc' dir='ltr'>Οὐδὲ</span> <span class='ocrx_word' id='word_1_579' title='bbox 247 2405 315 2456; x_wconf 73' lang='grc' dir='ltr'><em>γὰρ</em></span> <span class='ocrx_word' id='word_1_580' title='bbox 336 2405 375 2443; x_wconf 78' lang='grc' dir='ltr'><em>τὸ</em></span> <span class='ocrx_word' id='word_1_581' title='bbox 389 2405 494 2456; x_wconf 74' lang='grc' dir='ltr'>τυχὸν</span> <span class='ocrx_word' id='word_1_582' title='bbox 510 2399 552 2450; x_wconf 64' lang='grc' dir='ltr'><em>ἦν</em></span> <span class='ocrx_word' id='word_1_583' title='bbox 571 2403 656 2457; x_wconf 79' lang='grc' dir='ltr'>ὅπερ</span> <span class='ocrx_word' id='word_1_584' title='bbox 684 2404 892 2443; x_wconf 81' lang='grc' dir='ltr'>ἐπετάττετο</span> <span class='ocrx_word' id='word_1_585' title='bbox 913 2408 1078 2454; x_wconf 77' lang='grc' dir='ltr'>ποιῆσαι,</span> <span class='ocrx_word' id='word_1_586' title='bbox 1098 2423 1165 2445; x_wconf 79' lang='grc' dir='ltr'><em>κα-</em></span> 
     </span>
    </p>
   </div>
   <div class='ocr_carea' id='block_1_7' title="bbox 141 2584 2199 3496">
    <p class='ocr_par' dir='ltr' id='par_1_17' title="bbox 141 2584 2199 3496">
     <span class='ocr_line' id='line_1_40' title="bbox 141 2584 2189 2644; baseline 0 -17"><span class='ocrx_word' id='word_1_587' title='bbox 141 2584 232 2628; x_wconf 73' lang='grc' dir='ltr'>οἷκον</span> <span class='ocrx_word' id='word_1_588' title='bbox 245 2618 254 2634; x_wconf 91' lang='grc'>,</span> <span class='ocrx_word' id='word_1_589' title='bbox 274 2589 333 2626; x_wconf 77' lang='grc' dir='ltr'><em>καὶ</em></span> <span class='ocrx_word' id='word_1_590' title='bbox 352 2589 461 2626; x_wconf 82' lang='grc' dir='ltr'>ἐλθεῖν</span> <span class='ocrx_word' id='word_1_591' title='bbox 484 2587 563 2626; x_wconf 86' lang='grc' dir='ltr'>ἔνθα</span> <span class='ocrx_word' id='word_1_592' title='bbox 592 2587 640 2638; x_wconf 86' lang='grc' dir='ltr'><em>μὴ</em></span> <span class='ocrx_word' id='word_1_593' title='bbox 666 2587 767 2638; x_wconf 80' lang='grc' dir='ltr'>ᾔδει,</span> <span class='ocrx_word' id='word_1_594' title='bbox 790 2589 879 2639; x_wconf 83' lang='grc' dir='ltr'>μηδὲ</span> <span class='ocrx_word' id='word_1_595' title='bbox 906 2588 1094 2636; x_wconf 85' lang='grc' dir='ltr'>ἠπίστατο.</span> <span class='ocrx_word' id='word_1_596' title='bbox 1112 2593 1166 2630; x_wconf 86' lang='grc' dir='ltr'><em>Οὐ</em></span> <span class='ocrx_word' id='word_1_597' title='bbox 1239 2593 1308 2644; x_wconf 77' lang='lat' dir='ltr'><em>que</em></span> <span class='ocrx_word' id='word_1_598' title='bbox 1317 2593 1474 2631; x_wconf 86' lang='lat' dir='ltr'><em>nesciens</em></span> <span class='ocrx_word' id='word_1_599' title='bbox 1484 2601 1516 2630; x_wconf 90' lang='lat' dir='ltr'><em>et</em></span> <span class='ocrx_word' id='word_1_600' title='bbox 1530 2591 1694 2643; x_wconf 82' lang='lat' dir='ltr'><em>ignorans</em></span> <span class='ocrx_word' id='word_1_601' title='bbox 1708 2590 1974 2641; x_wconf 69' lang='lat' dir='ltr'><em>quorsumNon</em></span> <span class='ocrx_word' id='word_1_602' title='bbox 1989 2590 2082 2627; x_wconf 88' lang='lat' dir='ltr'><em>enim</em></span> <span class='ocrx_word' id='word_1_603' title='bbox 2091 2589 2189 2628; x_wconf 80' lang='lat' dir='ltr'><em>dixit</em></span> 
     </span>
     <span class='ocr_line' id='line_1_41' title="bbox 141 2643 2190 2705; baseline 0 -17"><span class='ocrx_word' id='word_1_604' title='bbox 141 2650 209 2702; x_wconf 67' lang='grc' dir='ltr'><em>γὰρ</em></span> <span class='ocrx_word' id='word_1_605' title='bbox 237 2643 332 2688; x_wconf 70' lang='grc' dir='ltr'>εἶπεν</span> <span class='ocrx_word' id='word_1_606' title='bbox 351 2650 397 2691; x_wconf 86' lang='grc' dir='ltr'><em>εἷς</em></span> <span class='ocrx_word' id='word_1_607' title='bbox 417 2647 519 2687; x_wconf 87' lang='grc' dir='ltr'>ποίαν</span> <span class='ocrx_word' id='word_1_608' title='bbox 542 2647 643 2686; x_wconf 78' lang='grc' dir='ltr'>αὐτὸν</span> <span class='ocrx_word' id='word_1_609' title='bbox 664 2648 784 2700; x_wconf 72' lang='grc' dir='ltr'>χώραν</span> <span class='ocrx_word' id='word_1_610' title='bbox 809 2649 968 2700; x_wconf 86' lang='grc' dir='ltr'>βούλεται</span> <span class='ocrx_word' id='word_1_611' title='bbox 989 2654 1165 2702; x_wconf 78' lang='grc' dir='ltr'>μεταστῆ-</span> <span class='ocrx_word' id='word_1_612' title='bbox 1238 2655 1285 2704; x_wconf 87' lang='lat' dir='ltr'><em>ei,</em></span> <span class='ocrx_word' id='word_1_613' title='bbox 1307 2655 1341 2692; x_wconf 93' lang='lat' dir='ltr'><em>in</em></span> <span class='ocrx_word' id='word_1_614' title='bbox 1360 2667 1468 2705; x_wconf 86' lang='lat' dir='ltr'><em>quam</em></span> <span class='ocrx_word' id='word_1_615' title='bbox 1483 2652 1666 2703; x_wconf 83' lang='lat' dir='ltr'><em>regionem</em></span> <span class='ocrx_word' id='word_1_616' title='bbox 1685 2651 1876 2688; x_wconf 76' lang='lat' dir='ltr'><em>transferre</em></span> <span class='ocrx_word' id='word_1_617' title='bbox 1891 2665 1973 2688; x_wconf 87' lang='lat' dir='ltr'><em>eum</em></span> <span class='ocrx_word' id='word_1_618' title='bbox 1990 2650 2110 2701; x_wconf 76' lang='lat' dir='ltr'><em>vellet,</em></span> <span class='ocrx_word' id='word_1_619' title='bbox 2130 2651 2190 2689; x_wconf 92' lang='lat' dir='ltr'><em>sed</em></span> 
     </span>
     <span class='ocr_line' id='line_1_42' title="bbox 141 2709 2189 2765; baseline -0.002 -10"><span class='ocrx_word' id='word_1_620' title='bbox 141 2727 218 2758; x_wconf 57' lang='grc' dir='ltr'>στι,</span> <span class='ocrx_word' id='word_1_621' title='bbox 238 2709 328 2748; x_wconf 67' lang='grc' dir='ltr'><em>ἀλλὰ</em></span> <span class='ocrx_word' id='word_1_622' title='bbox 347 2712 397 2761; x_wconf 68' lang='grc' dir='ltr'><em>τῷ</em></span> <span class='ocrx_word' id='word_1_623' title='bbox 424 2709 611 2762; x_wconf 63' lang='grc' dir='ltr'>ἀδιορίσῖῳ</span> <span class='ocrx_word' id='word_1_624' title='bbox 643 2714 703 2747; x_wconf 68' lang='grc' dir='ltr'><em>τοῦ</em></span> <span class='ocrx_word' id='word_1_625' title='bbox 732 2709 967 2761; x_wconf 71' lang='grc' dir='ltr'>ἕπῑῒᾶγματος</span> <span class='ocrx_word' id='word_1_626' title='bbox 995 2711 1166 2764; x_wconf 73' lang='grc' dir='ltr'>ἐγύμναζε</span> <span class='ocrx_word' id='word_1_627' title='bbox 1239 2715 1408 2754; x_wconf 82' lang='lat' dir='ltr'><em>mandato</em></span> <span class='ocrx_word' id='word_1_628' title='bbox 1428 2713 1614 2751; x_wconf 81' lang='lat' dir='ltr'><em>indefinito</em></span> <span class='ocrx_word' id='word_1_629' title='bbox 1633 2712 1733 2765; x_wconf 85' lang='lat' dir='ltr'><em>pium</em></span> <span class='ocrx_word' id='word_1_630' title='bbox 1757 2711 1998 2764; x_wconf 78' lang='lat' dir='ltr'><em>patriarcham</em></span> <span class='ocrx_word' id='word_1_631' title='bbox 2017 2714 2189 2752; x_wconf 78' lang='lat' dir='ltr'><em>exercuit.</em></span> 
     </span>
     <span class='ocr_line' id='line_1_43' title="bbox 141 2769 2189 2825; baseline -0.002 -9"><span class='ocrx_word' id='word_1_632' title='bbox 141 2775 200 2809; x_wconf 62' lang='lat'><em>‘³03</em></span> <span class='ocrx_word' id='word_1_633' title='bbox 219 2770 437 2823; x_wconf 65' lang='grc' dir='ltr'>πατρῑᾶρχθυ</span> <span class='ocrx_word' id='word_1_634' title='bbox 464 2770 504 2808; x_wconf 62' lang='grc' dir='ltr'><em>τὸ</em></span> <span class='ocrx_word' id='word_1_635' title='bbox 522 2769 689 2820; x_wconf 64' lang='grc' dir='ltr'>φῑλόθεθν·</span> <span class='ocrx_word' id='word_1_636' title='bbox 712 2771 823 2824; x_wconf 63' lang='grc' dir='ltr'>Δεῦρο</span> <span class='ocrx_word' id='word_1_637' title='bbox 840 2770 928 2825; x_wconf 70' lang='grc' dir='ltr'><em>γὰρ,</em></span> <span class='ocrx_word' id='word_1_638' title='bbox 958 2773 1082 2824; x_wconf 69' lang='grc' dir='ltr'>φησὶν,</span> <span class='ocrx_word' id='word_1_639' title='bbox 1118 2775 1166 2817; x_wconf 82' lang='grc' dir='ltr'>εἷς</span> <span class='ocrx_word' id='word_1_640' title='bbox 1242 2780 1339 2816; x_wconf 77' lang='lat' dir='ltr'><em>Veni</em></span> <span class='ocrx_word' id='word_1_641' title='bbox 1357 2776 1466 2820; x_wconf 88' lang='lat' dir='ltr'><em>enim,</em></span> <span class='ocrx_word' id='word_1_642' title='bbox 1489 2774 1618 2825; x_wconf 85' lang='lat' dir='ltr'><em>inquit,</em></span> <span class='ocrx_word' id='word_1_643' title='bbox 1638 2777 1678 2810; x_wconf 87' lang='lat' dir='ltr'><em>in</em></span> <span class='ocrx_word' id='word_1_644' title='bbox 1693 2782 1837 2811; x_wconf 82' lang='lat' dir='ltr'><em>terram</em></span> <span class='ocrx_word' id='word_1_645' title='bbox 1858 2787 1973 2824; x_wconf 80' lang='lat' dir='ltr'><em>quam</em></span> <span class='ocrx_word' id='word_1_646' title='bbox 1998 2783 2189 2812; x_wconf 85' lang='lat' dir='ltr'><em>monstra-</em></span> 
     </span>
     <span class='ocr_line' id='line_1_44' title="bbox 142 2830 2188 2887; baseline -0.001 -13"><span class='ocrx_word' id='word_1_647' title='bbox 142 2832 204 2879; x_wconf 63' lang='grc' dir='ltr'>τὴν</span> <span class='ocrx_word' id='word_1_648' title='bbox 221 2835 285 2883; x_wconf 64' lang='grc' dir='ltr'><em>γῆν</em></span> <span class='ocrx_word' id='word_1_649' title='bbox 297 2861 306 2878; x_wconf 83' lang='lat'>‚</span> <span class='ocrx_word' id='word_1_650' title='bbox 322 2832 363 2877; x_wconf 71' lang='grc' dir='ltr'><em>ἣν</em></span> <span class='ocrx_word' id='word_1_651' title='bbox 383 2831 424 2869; x_wconf 76' lang='grc' dir='ltr'><em>ἄν</em></span> <span class='ocrx_word' id='word_1_652' title='bbox 443 2846 496 2870; x_wconf 66' lang='lat' dir='ltr'><em>em</em></span> <span class='ocrx_word' id='word_1_653' title='bbox 528 2830 640 2875; x_wconf 71' lang='grc' dir='ltr'>δείξω·</span> <span class='ocrx_word' id='word_1_654' title='bbox 670 2831 858 2878; x_wconf 66' lang='grc' dir='ltr'>Ἐννόησόν</span> <span class='ocrx_word' id='word_1_655' title='bbox 881 2849 940 2884; x_wconf 80' lang='grc' dir='ltr'>μοι</span> <span class='ocrx_word' id='word_1_656' title='bbox 952 2861 962 2879; x_wconf 83' lang='lat'>‚</span> <span class='ocrx_word' id='word_1_657' title='bbox 983 2833 1166 2886; x_wconf 75' lang='grc' dir='ltr'>ἅγαπητὲ,</span> <span class='ocrx_word' id='word_1_658' title='bbox 1243 2852 1329 2877; x_wconf 73' lang='lat' dir='ltr'><em>vero</em></span> <span class='ocrx_word' id='word_1_659' title='bbox 1351 2839 1433 2875; x_wconf 85' lang='lat' dir='ltr'><em>tibi.</em></span> <span class='ocrx_word' id='word_1_660' title='bbox 1451 2835 1575 2887; x_wconf 80' lang='lat' dir='ltr'><em>Cogita</em></span> <span class='ocrx_word' id='word_1_661' title='bbox 1592 2865 1602 2883; x_wconf 87' lang='lat'>,</span> <span class='ocrx_word' id='word_1_662' title='bbox 1620 2847 1739 2885; x_wconf 79' lang='lat' dir='ltr'><em>quaeso</em></span> <span class='ocrx_word' id='word_1_663' title='bbox 1757 2864 1765 2881; x_wconf 83' lang='lat'>‚</span> <span class='ocrx_word' id='word_1_664' title='bbox 1783 2833 1923 2882; x_wconf 74' lang='lat' dir='ltr'><em>dilecte,</em></span> <span class='ocrx_word' id='word_1_665' title='bbox 1941 2848 2049 2884; x_wconf 86' lang='lat' dir='ltr'><em>qnam</em></span> <span class='ocrx_word' id='word_1_666' title='bbox 2069 2835 2188 2872; x_wconf 86' lang='lat' dir='ltr'><em>subli—</em></span> 
     </span>
     <span class='ocr_line' id='line_1_45' title="bbox 143 2891 2191 2948; baseline 0.001 -18"><span class='ocrx_word' id='word_1_667' title='bbox 143 2893 235 2937; x_wconf 79' lang='grc' dir='ltr'>ὅπως</span> <span class='ocrx_word' id='word_1_668' title='bbox 249 2894 384 2944; x_wconf 73' lang='grc' dir='ltr'>ὑψηλῆς</span> <span class='ocrx_word' id='word_1_669' title='bbox 406 2892 514 2929; x_wconf 84' lang='grc' dir='ltr'>ἐδεῖτο</span> <span class='ocrx_word' id='word_1_670' title='bbox 531 2891 673 2942; x_wconf 81' lang='grc' dir='ltr'>γνώμης</span> <span class='ocrx_word' id='word_1_671' title='bbox 694 2892 734 2930; x_wconf 87' lang='grc' dir='ltr'><em>τὸ</em></span> <span class='ocrx_word' id='word_1_672' title='bbox 763 2893 962 2946; x_wconf 85' lang='grc' dir='ltr'>ἐπίταγμα,</span> <span class='ocrx_word' id='word_1_673' title='bbox 977 2895 1037 2934; x_wconf 79' lang='grc' dir='ltr'><em>καὶ</em></span> <span class='ocrx_word' id='word_1_674' title='bbox 1052 2897 1164 2946; x_wconf 83' lang='grc' dir='ltr'>μηδε-</span> <span class='ocrx_word' id='word_1_675' title='bbox 1240 2913 1335 2938; x_wconf 89' lang='lat' dir='ltr'><em>mem</em></span> <span class='ocrx_word' id='word_1_676' title='bbox 1364 2897 1525 2935; x_wconf 89' lang='lat' dir='ltr'><em>animum</em></span> <span class='ocrx_word' id='word_1_677' title='bbox 1558 2895 1758 2946; x_wconf 80' lang='lat' dir='ltr'><em>requirebat</em></span> <span class='ocrx_word' id='word_1_678' title='bbox 1788 2894 1857 2932; x_wconf 85' lang='lat' dir='ltr'><em>hoc</em></span> <span class='ocrx_word' id='word_1_679' title='bbox 1878 2894 2088 2933; x_wconf 81' lang='lat' dir='ltr'><em>mandatum</em></span> <span class='ocrx_word' id='word_1_680' title='bbox 2104 2912 2110 2932; x_wconf 93' lang='lat'>:</span> <span class='ocrx_word' id='word_1_681' title='bbox 2128 2897 2191 2948; x_wconf 87' lang='lat' dir='ltr'><em>qui</em></span> 
     </span>
     <span class='ocr_line' id='line_1_46' title="bbox 145 2951 2187 3013; baseline 0.001 -21"><span class='ocrx_word' id='word_1_682' title='bbox 145 2961 208 3006; x_wconf 72' lang='grc' dir='ltr'><em>μιᾷ</em></span> <span class='ocrx_word' id='word_1_683' title='bbox 223 2951 442 3006; x_wconf 69' lang='grc' dir='ltr'>προσπαθεία</span> <span class='ocrx_word' id='word_1_684' title='bbox 457 2951 479 2998; x_wconf 83' lang='grc' dir='ltr'><strong>ἢ</strong></span> <span class='ocrx_word' id='word_1_685' title='bbox 495 2953 657 3005; x_wconf 75' lang='grc' dir='ltr'>συνηθείᾳ</span> <span class='ocrx_word' id='word_1_686' title='bbox 675 2955 926 3006; x_wconf 79' lang='grc' dir='ltr'>κατεχομένης.</span> <span class='ocrx_word' id='word_1_687' title='bbox 956 2957 1001 2995; x_wconf 86' lang='grc' dir='ltr'><em>Εἰ</em></span> <span class='ocrx_word' id='word_1_688' title='bbox 1021 2957 1089 3009; x_wconf 75' lang='grc' dir='ltr'><em>γὰρ</em></span> <span class='ocrx_word' id='word_1_689' title='bbox 1107 2961 1166 2995; x_wconf 76' lang='grc' dir='ltr'><em>νῦν</em></span> <span class='ocrx_word' id='word_1_690' title='bbox 1240 2961 1344 3013; x_wconf 85' lang='lat' dir='ltr'><em>plane</em></span> <span class='ocrx_word' id='word_1_691' title='bbox 1363 2958 1462 2997; x_wconf 90' lang='lat' dir='ltr'><em>nulla</em></span> <span class='ocrx_word' id='word_1_692' title='bbox 1480 2957 1536 2995; x_wconf 84' lang='lat' dir='ltr'><em>vel</em></span> <span class='ocrx_word' id='word_1_693' title='bbox 1558 2956 1758 3006; x_wconf 82' lang='lat' dir='ltr'><em>affectione,</em></span> <span class='ocrx_word' id='word_1_694' title='bbox 1775 2955 1832 2993; x_wconf 79' lang='lat' dir='ltr'><em>vel</em></span> <span class='ocrx_word' id='word_1_695' title='bbox 1847 2957 2103 2995; x_wconf 88' lang='lat' dir='ltr'><em>consuetudine</em></span> <span class='ocrx_word' id='word_1_696' title='bbox 2120 2958 2187 2995; x_wconf 91' lang='lat' dir='ltr'><em>im-</em></span> 
     </span>
     <span class='ocr_line' id='line_1_47' title="bbox 146 3013 2191 3074; baseline 0.001 -20"><span class='ocrx_word' id='word_1_697' title='bbox 146 3015 234 3065; x_wconf 83' lang='grc' dir='ltr'>μετὰ</span> <span class='ocrx_word' id='word_1_698' title='bbox 262 3015 302 3052; x_wconf 85' lang='grc' dir='ltr'><em>τὸ</em></span> <span class='ocrx_word' id='word_1_699' title='bbox 320 3015 496 3052; x_wconf 78' lang='grc' dir='ltr'>ἐπιδοῦναι</span> <span class='ocrx_word' id='word_1_700' title='bbox 514 3013 577 3060; x_wconf 80' lang='grc' dir='ltr'><em>τὴν</em></span> <span class='ocrx_word' id='word_1_701' title='bbox 606 3015 799 3063; x_wconf 74' lang='grc' dir='ltr'>εὐσέὸειαν,</span> <span class='ocrx_word' id='word_1_702' title='bbox 817 3016 926 3061; x_wconf 74' lang='grc' dir='ltr'>οὕτως</span> <span class='ocrx_word' id='word_1_703' title='bbox 951 3018 1018 3056; x_wconf 78' lang='grc' dir='ltr'>εἶσὶ</span> <span class='ocrx_word' id='word_1_704' title='bbox 1043 3018 1168 3057; x_wconf 77' lang='grc' dir='ltr'>πολλοὶ</span> <span class='ocrx_word' id='word_1_705' title='bbox 1242 3020 1357 3074; x_wconf 86' lang='lat' dir='ltr'><em>pediri</em></span> <span class='ocrx_word' id='word_1_706' title='bbox 1372 3018 1540 3072; x_wconf 82' lang='lat' dir='ltr'><em>potuerit.</em></span> <span class='ocrx_word' id='word_1_707' title='bbox 1559 3017 1596 3056; x_wconf 89' lang='lat' dir='ltr'><em>Si</em></span> <span class='ocrx_word' id='word_1_708' title='bbox 1610 3016 1702 3054; x_wconf 83' lang='lat' dir='ltr'><em>enim</em></span> <span class='ocrx_word' id='word_1_709' title='bbox 1719 3030 1827 3067; x_wconf 87' lang='lat' dir='ltr'><em>nunc,</em></span> <span class='ocrx_word' id='word_1_710' title='bbox 1843 3026 1922 3069; x_wconf 87' lang='lat' dir='ltr'><em>post</em></span> <span class='ocrx_word' id='word_1_711' title='bbox 1939 3026 2034 3056; x_wconf 83' lang='lat' dir='ltr'><em>tanta</em></span> <span class='ocrx_word' id='word_1_712' title='bbox 2048 3019 2191 3070; x_wconf 81' lang='lat' dir='ltr'><em>religio-</em></span> 
     </span>
     <span class='ocr_line' id='line_1_48' title="bbox 143 3074 2193 3132; baseline 0.001 -18"><span class='ocrx_word' id='word_1_713' title='bbox 143 3078 186 3127; x_wconf 75' lang='grc' dir='ltr'><em>τῇ</em></span> <span class='ocrx_word' id='word_1_714' title='bbox 222 3074 383 3127; x_wconf 69' lang='grc' dir='ltr'>συνηθείᾳ</span> <span class='ocrx_word' id='word_1_715' title='bbox 413 3074 679 3126; x_wconf 84' lang='grc' dir='ltr'>προσδεδεμένοι</span> <span class='ocrx_word' id='word_1_716' title='bbox 695 3106 704 3123; x_wconf 91' lang='grc'>,</span> <span class='ocrx_word' id='word_1_717' title='bbox 739 3078 786 3121; x_wconf 83' lang='grc' dir='ltr'>ὡς</span> <span class='ocrx_word' id='word_1_718' title='bbox 827 3078 888 3116; x_wconf 81' lang='grc' dir='ltr'><em>καὶ</em></span> <span class='ocrx_word' id='word_1_719' title='bbox 924 3079 1087 3132; x_wconf 87' lang='grc' dir='ltr'>μυριάκις</span> <span class='ocrx_word' id='word_1_720' title='bbox 1127 3079 1167 3117; x_wconf 83' lang='grc' dir='ltr'><em>ἂν</em></span> <span class='ocrx_word' id='word_1_721' title='bbox 1244 3083 1299 3121; x_wconf 91' lang='lat' dir='ltr'><em>nis</em></span> <span class='ocrx_word' id='word_1_722' title='bbox 1313 3076 1654 3127; x_wconf 82' lang='lat' dir='ltr'><em>incrementa,multi</em></span> <span class='ocrx_word' id='word_1_723' title='bbox 1668 3076 1755 3115; x_wconf 86' lang='lat' dir='ltr'><em>adeo</em></span> <span class='ocrx_word' id='word_1_724' title='bbox 1768 3086 1848 3115; x_wconf 86' lang='lat' dir='ltr'><em>sunt</em></span> <span class='ocrx_word' id='word_1_725' title='bbox 1862 3079 2108 3117; x_wconf 84' lang='lat' dir='ltr'><em>consuetudini</em></span> <span class='ocrx_word' id='word_1_726' title='bbox 2122 3095 2193 3118; x_wconf 79' lang='lat' dir='ltr'><em>sua:</em></span> 
     </span>
     <span class='ocr_line' id='line_1_49' title="bbox 145 3135 2191 3194; baseline 0.002 -20"><span class='ocrx_word' id='word_1_727' title='bbox 145 3136 277 3175; x_wconf 74' lang='grc' dir='ltr'>ἕλοιντο</span> <span class='ocrx_word' id='word_1_728' title='bbox 289 3166 298 3183; x_wconf 94' lang='grc'>,</span> <span class='ocrx_word' id='word_1_729' title='bbox 316 3135 379 3173; x_wconf 80' lang='grc' dir='ltr'><em>κᾶν</em></span> <span class='ocrx_word' id='word_1_730' title='bbox 396 3135 531 3186; x_wconf 79' lang='grc' dir='ltr'>ἀνάγκη</span> <span class='ocrx_word' id='word_1_731' title='bbox 548 3136 738 3190; x_wconf 80' lang='grc' dir='ltr'>κατεπείγῃ</span> <span class='ocrx_word' id='word_1_732' title='bbox 753 3169 763 3186; x_wconf 85' lang='grc'>,</span> <span class='ocrx_word' id='word_1_733' title='bbox 779 3139 895 3178; x_wconf 87' lang='grc' dir='ltr'>πάντα</span> <span class='ocrx_word' id='word_1_734' title='bbox 920 3143 1128 3191; x_wconf 79' lang='grc' dir='ltr'>ὑπομεῖναι,</span> <span class='ocrx_word' id='word_1_735' title='bbox 1146 3140 1169 3189; x_wconf 83' lang='grc' dir='ltr'>ἢ</span> <span class='ocrx_word' id='word_1_736' title='bbox 1195 3149 1218 3178; x_wconf 82' lang='grc' dir='ltr'>Β</span> <span class='ocrx_word' id='word_1_737' title='bbox 1244 3141 1397 3194; x_wconf 79' lang='lat' dir='ltr'><em>al‘ligati,</em></span> <span class='ocrx_word' id='word_1_738' title='bbox 1420 3149 1459 3178; x_wconf 90' lang='lat' dir='ltr'><em>ut</em></span> <span class='ocrx_word' id='word_1_739' title='bbox 1477 3139 1596 3192; x_wconf 85' lang='lat' dir='ltr'><em>potius</em></span> <span class='ocrx_word' id='word_1_740' title='bbox 1615 3138 1742 3186; x_wconf 86' lang='lat' dir='ltr'><em>multa,</em></span> <span class='ocrx_word' id='word_1_741' title='bbox 1761 3138 1825 3176; x_wconf 85' lang='lat' dir='ltr'><em>etsi</em></span> <span class='ocrx_word' id='word_1_742' title='bbox 1845 3139 2033 3177; x_wconf 84' lang='lat' dir='ltr'><em>necessitas</em></span> <span class='ocrx_word' id='word_1_743' title='bbox 2052 3150 2191 3192; x_wconf 81' lang='lat' dir='ltr'><em>urgeat,</em></span> 
     </span>
     <span class='ocr_line' id='line_1_50' title="bbox 147 3197 2196 3253; baseline 0.002 -18"><span class='ocrx_word' id='word_1_744' title='bbox 147 3202 214 3236; x_wconf 79' lang='grc' dir='ltr'><em>τῶν</em></span> <span class='ocrx_word' id='word_1_745' title='bbox 245 3197 359 3236; x_wconf 86' lang='grc' dir='ltr'>τόπων</span> <span class='ocrx_word' id='word_1_746' title='bbox 391 3201 624 3245; x_wconf 77' lang='grc' dir='ltr'>μεταστῆναι,</span> <span class='ocrx_word' id='word_1_747' title='bbox 649 3197 729 3237; x_wconf 79' lang='grc' dir='ltr'>ἔνθα</span> <span class='ocrx_word' id='word_1_748' title='bbox 751 3201 920 3253; x_wconf 85' lang='grc' dir='ltr'>πρότερον</span> <span class='ocrx_word' id='word_1_749' title='bbox 951 3201 1014 3248; x_wconf 85' lang='grc' dir='ltr'><em>τὴν</em></span> <span class='ocrx_word' id='word_1_750' title='bbox 1034 3202 1170 3251; x_wconf 88' lang='grc' dir='ltr'>οἴκησιν</span> <span class='ocrx_word' id='word_1_751' title='bbox 1246 3201 1536 3252; x_wconf 84' lang='lat' dir='ltr'><em>omniaqueserre</em></span> <span class='ocrx_word' id='word_1_752' title='bbox 1551 3199 1677 3246; x_wconf 78' lang='lat' dir='ltr'><em>velint,</em></span> <span class='ocrx_word' id='word_1_753' title='bbox 1692 3213 1799 3250; x_wconf 87' lang='lat' dir='ltr'><em>quam</em></span> <span class='ocrx_word' id='word_1_754' title='bbox 1816 3200 1891 3238; x_wconf 85' lang='lat' dir='ltr'><em>loca</em></span> <span class='ocrx_word' id='word_1_755' title='bbox 1914 3210 2051 3239; x_wconf 83' lang='lat' dir='ltr'><em>mutare</em></span> <span class='ocrx_word' id='word_1_756' title='bbox 2068 3202 2101 3239; x_wconf 91' lang='lat' dir='ltr'><em>in</em></span> <span class='ocrx_word' id='word_1_757' title='bbox 2115 3203 2196 3253; x_wconf 87' lang='lat' dir='ltr'><em>qui-</em></span> 
     </span>
     <span class='ocr_line' id='line_1_51' title="bbox 148 3257 2195 3317; baseline 0.002 -20"><span class='ocrx_word' id='word_1_758' title='bbox 148 3258 266 3310; x_wconf 60' lang='grc' dir='ltr'>ἔσχον,</span> <span class='ocrx_word' id='word_1_759' title='bbox 285 3257 344 3296; x_wconf 74' lang='grc' dir='ltr'><em>καὶ</em></span> <span class='ocrx_word' id='word_1_760' title='bbox 358 3262 468 3296; x_wconf 78' lang='grc' dir='ltr'>ταῦτα</span> <span class='ocrx_word' id='word_1_761' title='bbox 482 3260 545 3296; x_wconf 82' lang='grc' dir='ltr'><em>οὐκ</em></span> <span class='ocrx_word' id='word_1_762' title='bbox 558 3259 616 3296; x_wconf 79' lang='grc' dir='ltr'><em>ἐπὶ</em></span> <span class='ocrx_word' id='word_1_763' title='bbox 635 3261 704 3297; x_wconf 81' lang='grc' dir='ltr'><em>τῶν</em></span> <span class='ocrx_word' id='word_1_764' title='bbox 721 3260 896 3313; x_wconf 75' lang='grc' dir='ltr'>τυχόντων</span> <span class='ocrx_word' id='word_1_765' title='bbox 918 3262 1022 3313; x_wconf 87' lang='grc' dir='ltr'>μόνον</span> <span class='ocrx_word' id='word_1_766' title='bbox 1038 3265 1172 3316; x_wconf 79' lang='grc' dir='ltr'>ἀνδρῶν</span> <span class='ocrx_word' id='word_1_767' title='bbox 1249 3266 1316 3303; x_wconf 88' lang='lat' dir='ltr'><em>bus</em></span> <span class='ocrx_word' id='word_1_768' title='bbox 1329 3263 1430 3317; x_wconf 83' lang='lat' dir='ltr'><em>prius</em></span> <span class='ocrx_word' id='word_1_769' title='bbox 1444 3261 1624 3299; x_wconf 80' lang='lat' dir='ltr'><em>habebant</em></span> <span class='ocrx_word' id='word_1_770' title='bbox 1634 3260 1859 3299; x_wconf 87' lang='lat' dir='ltr'><em>domicilium</em></span> <span class='ocrx_word' id='word_1_771' title='bbox 1878 3277 1885 3297; x_wconf 91' lang='lat'>:</span> <span class='ocrx_word' id='word_1_772' title='bbox 1901 3260 1937 3299; x_wconf 91' lang='lat' dir='ltr'><em>id</em></span> <span class='ocrx_word' id='word_1_773' title='bbox 1949 3263 2047 3313; x_wconf 88' lang='lat' dir='ltr'><em>quod</em></span> <span class='ocrx_word' id='word_1_774' title='bbox 2061 3277 2128 3301; x_wconf 91' lang='lat' dir='ltr'><em>non</em></span> <span class='ocrx_word' id='word_1_775' title='bbox 2139 3278 2195 3301; x_wconf 88' lang='lat' dir='ltr'><em>so-</em></span> 
     </span>
     <span class='ocr_line' id='line_1_52' title="bbox 149 3318 2197 3378; baseline 0.003 -22"><span class='ocrx_word' id='word_1_776' title='bbox 149 3321 241 3357; x_wconf 80' lang='grc' dir='ltr'>ἐστιν</span> <span class='ocrx_word' id='word_1_777' title='bbox 262 3320 360 3367; x_wconf 77' lang='grc' dir='ltr'>ἰδεῖν,</span> <span class='ocrx_word' id='word_1_778' title='bbox 377 3318 467 3357; x_wconf 77' lang='grc' dir='ltr'>ἀλλὰ</span> <span class='ocrx_word' id='word_1_779' title='bbox 486 3319 545 3357; x_wconf 70' lang='grc' dir='ltr'><em>καὶ</em></span> <span class='ocrx_word' id='word_1_780' title='bbox 568 3319 707 3359; x_wconf 75' lang='grc' dir='ltr'>ἐπὶτῶν</span> <span class='ocrx_word' id='word_1_781' title='bbox 725 3323 902 3374; x_wconf 64' lang='grc' dir='ltr'>φυγόνιων</span> <span class='ocrx_word' id='word_1_782' title='bbox 921 3322 999 3369; x_wconf 78' lang='grc' dir='ltr'>τοὺς</span> <span class='ocrx_word' id='word_1_783' title='bbox 1020 3326 1054 3363; x_wconf 83' lang='grc' dir='ltr'><em>ἐν</em></span> <span class='ocrx_word' id='word_1_784' title='bbox 1076 3325 1173 3378; x_wconf 84' lang='grc' dir='ltr'>μέσῳ</span> <span class='ocrx_word' id='word_1_785' title='bbox 1251 3326 1325 3363; x_wconf 80' lang='lat' dir='ltr'><em>lun]</em></span> <span class='ocrx_word' id='word_1_786' title='bbox 1346 3339 1364 3361; x_wconf 84' lang='lat' dir='ltr'><em>a</em></span> <span class='ocrx_word' id='word_1_787' title='bbox 1387 3322 1602 3374; x_wconf 79' lang='lat' dir='ltr'><em>vulgaribus</em></span> <span class='ocrx_word' id='word_1_788' title='bbox 1619 3321 1828 3360; x_wconf 83' lang='lat' dir='ltr'><em>hominibus</em></span> <span class='ocrx_word' id='word_1_789' title='bbox 1846 3322 1922 3359; x_wconf 82' lang='lat' dir='ltr'><em>sieri</em></span> <span class='ocrx_word' id='word_1_790' title='bbox 1941 3322 2118 3373; x_wconf 79' lang='lat' dir='ltr'><em>videmus,</em></span> <span class='ocrx_word' id='word_1_791' title='bbox 2135 3325 2197 3362; x_wconf 80' lang='lat' dir='ltr'><em>scd</em></span> 
     </span>
     <span class='ocr_line' id='line_1_53' title="bbox 150 3379 2198 3437; baseline 0 -15"><span class='ocrx_word' id='word_1_792' title='bbox 150 3379 312 3430; x_wconf 63' lang='grc' dir='ltr'>ῡορύῖους</span> <span class='ocrx_word' id='word_1_793' title='bbox 331 3410 340 3426; x_wconf 78' lang='lat'><strong>‚</strong></span> <span class='ocrx_word' id='word_1_794' title='bbox 376 3380 435 3418; x_wconf 82' lang='grc' dir='ltr'><em>καὶ</em></span> <span class='ocrx_word' id='word_1_795' title='bbox 468 3380 525 3418; x_wconf 76' lang='grc' dir='ltr'><em>τὸν</em></span> <span class='ocrx_word' id='word_1_796' title='bbox 562 3383 630 3419; x_wconf 78' lang='grc' dir='ltr'><em>τῶν</em></span> <span class='ocrx_word' id='word_1_797' title='bbox 671 3386 833 3435; x_wconf 76' lang='grc' dir='ltr'>μοναχῶν</span> <span class='ocrx_word' id='word_1_798' title='bbox 869 3385 1040 3436; x_wconf 82' lang='grc' dir='ltr'>ἑλομένων</span> <span class='ocrx_word' id='word_1_799' title='bbox 1079 3386 1152 3437; x_wconf 85' lang='grc' dir='ltr'>βίον</span> <span class='ocrx_word' id='word_1_800' title='bbox 1167 3403 1174 3410; x_wconf 87' lang='grc'>·</span> <span class='ocrx_word' id='word_1_801' title='bbox 1251 3385 1356 3423; x_wconf 84' lang='lat' dir='ltr'><em>etiam</em></span> <span class='ocrx_word' id='word_1_802' title='bbox 1373 3384 1418 3421; x_wconf 83' lang='lat' dir='ltr'><em>ab</em></span> <span class='ocrx_word' id='word_1_803' title='bbox 1443 3383 1484 3421; x_wconf 82' lang='lat' dir='ltr'><em>iis</em></span> <span class='ocrx_word' id='word_1_804' title='bbox 1499 3382 1559 3434; x_wconf 87' lang='lat' dir='ltr'><em>qni</em></span> <span class='ocrx_word' id='word_1_805' title='bbox 1580 3397 1598 3420; x_wconf 94' lang='lat' dir='ltr'><em>e</em></span> <span class='ocrx_word' id='word_1_806' title='bbox 1622 3381 1738 3420; x_wconf 90' lang='lat' dir='ltr'><em>medio</em></span> <span class='ocrx_word' id='word_1_807' title='bbox 1756 3382 1911 3420; x_wconf 81' lang='lat' dir='ltr'><em>tumultu</em></span> <span class='ocrx_word' id='word_1_808' title='bbox 1929 3383 2060 3434; x_wconf 73' lang='lat' dir='ltr'><em>sugere,</em></span> <span class='ocrx_word' id='word_1_809' title='bbox 2076 3394 2106 3422; x_wconf 94' lang='lat' dir='ltr'><em>et</em></span> <span class='ocrx_word' id='word_1_810' title='bbox 2126 3400 2198 3423; x_wconf 82' lang='lat' dir='ltr'><em>ino-</em></span> 
     </span>
     <span class='ocr_line' id='line_1_54' title="bbox 150 3440 2199 3496; baseline 0.002 -18"><span class='ocrx_word' id='word_1_811' title='bbox 150 3441 269 3492; x_wconf 78' lang='grc' dir='ltr'>πολλῷ</span> <span class='ocrx_word' id='word_1_812' title='bbox 298 3440 339 3486; x_wconf 82' lang='grc' dir='ltr'><em>δὴ</em></span> <span class='ocrx_word' id='word_1_813' title='bbox 374 3441 505 3491; x_wconf 78' lang='grc' dir='ltr'>μᾶλλον</span> <span class='ocrx_word' id='word_1_814' title='bbox 533 3441 608 3480; x_wconf 85' lang='grc' dir='ltr'>τότε</span> <span class='ocrx_word' id='word_1_815' title='bbox 643 3443 698 3481; x_wconf 70' lang='grc' dir='ltr'><em>τὸν</em></span> <span class='ocrx_word' id='word_1_816' title='bbox 729 3443 861 3482; x_wconf 80' lang='grc' dir='ltr'>δίκαιον</span> <span class='ocrx_word' id='word_1_817' title='bbox 884 3449 1002 3484; x_wconf 73' lang='grc' dir='ltr'>τοῦτον</span> <span class='ocrx_word' id='word_1_818' title='bbox 1025 3448 1112 3491; x_wconf 70' lang='grc' dir='ltr'>εἰκὸς</span> <span class='ocrx_word' id='word_1_819' title='bbox 1134 3443 1175 3494; x_wconf 75' lang='grc' dir='ltr'><em>ἧν</em></span> <span class='ocrx_word' id='word_1_820' title='bbox 1254 3446 1423 3485; x_wconf 79' lang='lat' dir='ltr'><em>nasticam</em></span> <span class='ocrx_word' id='word_1_821' title='bbox 1443 3443 1553 3482; x_wconf 71' lang='lat' dir='ltr'><em>vitam</em></span> <span class='ocrx_word' id='word_1_822' title='bbox 1571 3443 1773 3496; x_wconf 76' lang='lat' dir='ltr'><em>delegerunt</em></span> <span class='ocrx_word' id='word_1_823' title='bbox 1793 3459 1798 3479; x_wconf 89' lang='lat'>:</span> <span class='ocrx_word' id='word_1_824' title='bbox 1818 3453 1951 3494; x_wconf 80' lang='lat' dir='ltr'><em>quanto</em></span> <span class='ocrx_word' id='word_1_825' title='bbox 1974 3445 2085 3495; x_wconf 71' lang='lat' dir='ltr'><em>magis</em></span> <span class='ocrx_word' id='word_1_826' title='bbox 2106 3445 2199 3483; x_wconf 81' lang='lat' dir='ltr'><em>veri-</em></span> 
     </span>
    </p>
   </div>
  </div>
 </body>
</html>
