2516 3791
874 165 917 194 ΙΝ
956 162 1151 194 GENEStM

129 258 177 299 εἰς
195 254 292 299 δόξαν
312 255 372 290 τοῦ
388 256 496 291 ταῦτα
511 249 750 303 ἐργασαμένου
771 250 863 287 Θεοῦ
875 262 883 270 ·
904 248 1000 298 αὐτῷ
1021 250 1042 293 ἠ
1071 245 1152 289 δόξα

129 319 175 360 εἰς
192 315 270 359 τοὺς
285 315 412 355 αἰῶνας
430 314 498 350 τῶν
519 309 666 349 αἰώνων.
687 309 811 360 Ἀμήν.

507 448 522 465 “
538 442 704 482 ΛΟΓΟΣ
732 441 773 479 δ’.

127 559 213 597 υΟτι
241 557 397 601 δουλείας
424 556 570 611 τρόπους
588 562 681 609 τρεῖς
709 554 892 606 εἰσήγαγεν
923 556 944 599 ἡ
982 550 1150 602 ἁμαρτίαν

181 620 240 658 καὶ
258 621 343 673 πρὸς
362 617 440 663 τοὺς
463 617 626 672 ῥαθύμως
646 615 851 663 ἀκούοντας,
865 613 923 653 καὶ
948 613 998 664 μὴ
1021 613 1152 662 τιμῶν-

181 698 243 726 τας
257 687 379 733 γονεῖς.

183 792 379 832 Ἠκούσατε
405 794 506 846 χθὲς,
538 794 613 836 πῶς
646 790 708 842 μὲν
739 789 880 837 ἐποίησε
912 786 1060 840 βασιλέα
1092 786 1152 824 καὶ

129 856 283 928 ἄρχοντα
305 857 372 893 τῶν
383 855 533 928 ..θηρίων
563 853 620 892 τὸν
649 852 829 904 ἄνθρωπον
848 854 866 890 6
886 851 994 896 Θεος,
1020 865 1095 892 πως
1117 845 1154 886 δὲ

130 916 231 954 αὐτὸν
248 915 344 960 εὐθυς
362 919 424 963 τῆς
447 915 626 968 βασιλείας
655 914 816 959 εξέὸαλε·
838 913 971 964 μᾶλλον
999 910 1034 950 ’δὲ
1054 927 1091 950 ου
1094 927 1120 964 s
1136 913 1154 948 6

128 977 235 1025 Θεὸς,
255 976 333 1016 ἀλλ’
361 977 460 1022 αὐτὸς
492 978 613 1016 ἑαυτὸν
635 976 693 1015 διὰ
714 979 777 1023 τῆς
807 977 988 1029 παρακοῆς
1015 972 1155 1018 ἐξέὸαλε

129 1042 190 1086 τῆς
208 1041 327 1090 τιμῆς.
347 1038 401 1078 Τὸ
421 1038 483 1090 μὲν
502 1039 568 1091 γὰρ
587 1044 704 1091 τυχεῖν
717 1041 780 1085 τῆς
804 1036 1003 1089 βασιλείας,
1016 1037 1078 1082 τῆς
1097 1037 1156 1072 τοῦ

128 1102 221 1140 Θεοῦ
240 1100 500 1154 φιλανθρωπίας
514 1100 649 1153 ἐγένετο
667 1100 785 1152 μόνης.
809 1101 862 1138 Οὐ
888 1098 956 1150 γὰρ
977 1099 1154 1148 κατορθω-

132 1163 252 1213 μάτων
271 1165 363 1215 αὐτῷ
387 1163 517 1210 ταύτην
545 1162 652 1201 ἔδωκε
684 1162 747 1209 τὴν
781 1160 945 1213 ἅμοιὸὴν,
979 1159 1070 1199 ἀλλὰ
1096 1158 1155 1197 καὶ

905 1222 983 1262 Ἵνα
1010 1222 1077 1274 γαρ
1094 1220 1155 1288 ..μὴ

130 1286 255 1338 λέγῃς,
274 1287 327 1326 ὅτι
348 1286 437 1337 μετὰ
455 1292 566 1326 ταῦτα
595 1287 776 1339 γενόμενος
805 1290 824 1325 6
853 1286 1054 1338 ἄνθρωπος,
1082 1279 1157 1322 εἰτα

131 1224 251 1277 πρὶν
232 1241 254 1271 η
286 1225 462 1278 γενέσθαι,
496 1225 672 1276 ἐκόσμησε
705 1227 749 1276 τῇ
778 1227 878 1276 τιμῇ.

131 1347 245 1387 πολλὰ
263 1347 507 1402 κατορθώσας,
527 1348 635 1392 οὕτως
662 1347 890 1387 ἐπεσπάσατο
916 1347 974 1385 τὸν
998 1344 1089 1384 Θεὸν
1110 1346 1156 1388 εἷς

129 1409 170 1448 τὸ
185 1409 301 1448 δοῦναι
318 1412 411 1462 αὐτῷ
426 1409 490 1457 τὴν
512 1411 581 1448 τῶν
600 1409 729 1462 θηρίων
751 1408 877 1461 ἀρχὴν,
898 1407 1035 1459 μέλλων
1053 1405 1156 1444 αὐτὸν

130 1471 353 1510 διαπλάττειν
376 1471 537 1526 περὶτῆς
568 1475 682 1524 ἀρχῆς
711 1473 814 1510 αὐτοῦ
842 1470 1038 1522 διαλέγεται
1066 1467 1156 1506 οὕτω

129 1532 260 1584 λέγων·
281 1532 495 1585 Ποιήσωμεν
526 1533 705 1586 ἄνθρωπον
733 1535 810 1571 κατ’
840 1530 957 1570 εἰκόνα
991 1530 1050 1568 καὶ
1078 1531 1156 1568 καθ’

130 1594 297 1644 ὁμοίωσιν
315 1595 580 1647 ἦμετέραν,καὶ
606 1595 811 1648 ἀρχέτωσαν
840 1595 908 1632 τῶν
940 1591 1067 1646 Θηρίων
1095 1594 1157 1638 τῆς

131 1659 207 1708 γῆς.
229 1656 304 1708 Πρὸ
324 1659 387 1702 τῆς
407 1659 496 1703 ζωῆς
525 1660 548 1703 ἡ
568 1656 672 1706 τιμὴ,
698 1655 768 1708 πρὸ
795 1658 856 1702 τ’ῆς
883 1652 1112 1706 δημιουργίας
1139 1656 1157 1690 6

133 1719 312 1771 στέφανος,
328 1719 388 1757 καὶ
403 1720 484 1771 πρὶν
498 1719 521 1766 ἢ
549 1719 721 1771 γενέσθαι,
734 1717 791 1756 ἐπὶ
808 1718 865 1756 τὸν
883 1717 1064 1769 βασιλικὸν
1078 1716 1158 1755 ἀνά-

133 1796 233 1831 γεται
253 1779 381 1832 θρόνον.
406 1779 598 1833 Ἄνθρωποι
627 1779 688 1831 μὲν
715 1779 782 1831 γὰρ
813 1778 891 1824 τοὺς
911 1778 1157 1831 ὑποκειμένους

136 1844 248 1885 αὐτοῖς
270 1843 304 1879 ἐν
325 1842 465 1895 ἐσχάτῳ
482 1842 576 1895 γήρᾳ
595 1842 684 1893 μετὰ
697 1840 843 1885 πολλοὺς
863 1840 987 1884 πόνους
1012 1839 1071 1879 καὶ
1092 1857 1158 1891 μυ-

137 1903 227 1954 ρίους
241 1903 434 1952 κινδύνους,
453 1903 530 1948 τοὺς
559 1905 594 1941 ἐν
627 1902 771 1956 εἰρήνῃ,
803 1901 882 1946 τοὺς
910 1904 943 1940 ἐν
971 1901 1158 1953 πολέμοις,

136 1964 215 2004 ’τότε
229 1968 375 2015 τιμῶσιν
389 1981 396 1989 ·
412 1969 430 2004 ὁ
449 1965 484 2005 δὲ
513 1966 603 2010 Θεὸς
620 1967 685 2018 οὐχ
704 1964 812 2009 οὕτως
827 1995 836 2012 ,
857 1965 932 2003 ἀλλ’
960 1963 1093 2007 εὐθέως
1104 1979 1160 2016 γε·

136 2027 276 2076 νόμενον
293 2027 393 2066 αὐτὸν
416 2027 474 2065 ἐπὶ
502 2027 566 2074 τὴν
586 2026 692 2078 τιμὴν
707 2026 836 2073 ταύτην
868 2025 1000 2078 ἤγαγε,
1028 2024 1161 2068 δεικνὺς

136 2087 189 2127 ὅτι
201 2089 239 2126 οὗ
254 2089 534 2140 κατορθωμάτων
555 2089 647 2128 ἐστὶν
667 2088 797 2139 ἀμοιὸὴ
810 2088 849 2126 τὸ
861 2087 1053 2139 γινόμενον,
1071 2087 1161 2126 ἀλλὰ

136 2149 211 2187 θεία
232 2149 335 2203 χάρις
347 2180 357 2198 ,
371 2150 430 2189 καὶ
446 2151 506 2188 οὐκ
528 2150 660 2203 ὀφειλή.
676 2151 730 2189 Τὸ
750 2149 811 2200 μὲν
832 2143 888 2188 οῦν
907 2148 1027 2187 λαὸεῐν
1057 2148 1159 2186 αὐτὸν

135 2209 198 2257 τὴν
219 2211 344 2263 ἀρχὴν,
367 2213 437 2251 ἀπὸ
460 2215 522 2259 τῆς
545 2216 603 2250 τοῦ
622 2213 716 2250 Θεοῦ
744 2210 1005 2264 φιλανθρωπίας
1027 2210 1161 2261 ἐγένετο

137 2271 243 2322 μόνης
256 2288 263 2296 ·
282 2272 349 2312 ”τὸ
380 2272 416 2312 δὲ
444 2276 602 2312 ἐκπεσεῖν
623 2277 686 2320 τῆς
706 2274 818 2326 ἀρχῆς
834 2302 844 2321 ,
863 2272 933 2311 ἀπὸ
959 2275 1022 2319 τῆς
1057 2272 1160 2310 αὐτοῦ

138 2333 318 2385 ῥᾳθυμίας.
333 2333 477 2388 ‘'sse-rte?
496 2335 564 2389 γὰρ
590 2337 622 2373 οἱ
642 2336 796 2386 βασιλεῖς
823 2333 902 2377 τοὺς
921 2335 986 2386 οὐχ
1004 2332 1160 2371 ὑπακού-

137 2409 238 2438 οντας
258 2401 328 2440 τοῖς
352 2398 464 2434 αὐτῶν
489 2396 734 2449 προστάγμασι
762 2395 979 2448 παραλύουσι
1005 2399 1067 2442 τῆς
1095 2398 1161 2448 ἀρ-

138 2456 227 2506 χῆς·
244 2455 334 2494 οὕτω
356 2457 415 2494 καὶ
438 2460 456 2496 6
474 2458 563 2501 Θεὸς
593 2457 754 2505 ἐποίησεν
785 2457 843 2496 ἐπὶ
873 2462 933 2496 τοῦ
960 2455 1160 2509 ἀνθρώπου,

139 2517 216 2556 τότε
235 2517 438 2569 παραλύσας
455 2519 556 2558 αὐτὸν
578 2522 640 2566 τῆς
658 2521 780 2573 ἀρχῆς.
805 2519 1008 2571 Ἀναγκαῖον
1034 2519 1070 2556 δὲ
1099 2518 1161 2566 σή-

139 2594 243 2629 μερον
263 2581 384 2627 εἰπεῖν,
400 2580 511 2628 πόσην
528 2581 587 2620 καὶ
602 2581 711 2628 ἄλλην
733 2581 839 2631 τιμὴν
858 2584 880 2628 ἡ
903 2584 964 2628 τῆς
989 2579 1163 2634 ἁμαρτίας

139 2640 323 2692 παρείλετο
350 2641 466 2693 φύσις,
493 2643 553 2681 καὶ
579 2641 678 2687 ὅσους
710 2642 865 2687 δουλείας
894 2642 1060 2695 εἰσήγαγε
1080 2642 1162 2695 τρό-

139 2716 243 2749 πους,
261 2700 381 2755 ὥσπερ
401 2719 453 2748 τις
482 2704 643 2756 τύραννος
675 2707 709 2743 ἐν
740 2704 970 2758 πολυτρόποις
1001 2705 1162 2756 δεσμοῖς,

139 2768 215 2805 ταῖς
239 2765 476 2808 παντοδαπαῖς
498 2767 624 2817 ἀρχαῖς
642 2765 706 2812 τὴν
738 2764 912 2817 ἡμετέραν
948 2766 1164 2817 δεσμεύουσα

140 2822 251 2874 φύσιν.
273 2822 377 2862 Ἔστι
401 2824 514 2863 τοίνυν
545 2826 638 2879 ἀρχὴ
668 2826 728 2864 καὶ
757 2827 894 2866 δουλεία
915 2826 1040 2880 πρώτη
1055 2857 1065 2874 ,
1083 2827 1161 2864 καθ’

139 2885 181 2931 ἣν
203 2884 263 2922 καὶ
284 2888 456 2936 γυναικῶν
487 2889 519 2925 οἱ
550 2888 670 2941 ανδρες
689 2891 873 2941 κρατοῦσι·
892 2888 982 2940 μετὰ
1003 2889 1071 2941 γὰρ
1098 2888 1161 2935 τὴν

142 2946 315 2998 ἁμαρτίαν
332 2951 355 2994 ἡ
378 2947 504 2994 ταύτης
526 2947 661 3000 ἐγενετο
677 2950 791 3004 χρεία.
821 2952 899 3005 Πρὸ
918 2951 987 3004 γὰρ
1007 2954 1070 2997 τῆς
1095 2967 1164 2989 πα-

142 3010 270 3060 ρακοῆς
296 3003 509 3059 ὁμότιμος
487 3026 528 3056 ην
542 3012 610 3073 ..τῷ
636 3010 753 3062 ἀνδρί·
773 3027 832 3050 και
851 3012 920 3066 γὰρ
951 3012 1010 3052 ὅτε
1036 3013 1165 3059 ταύτην

140 3069 342 3108 διέπλαττεν
358 3073 376 3109 6
395 3071 484 3114 Θεὸς
496 3101 506 3118 ,
527 3075 575 3114 οἱς
592 3071 767 3123 εγρήσατο
791 3072 923 3125 ῥήμασι
943 3075 1042 3113 καῖ’
1027 3091 1086 3114 επι
1104 3077 1166 3119 τῆς

141 3130 358 3177 διαπλασεως
372 3139 432 3173 τοῦ
451 3134 590 3187 ἀνδρος,
611 3134 741 3178 τούτοις
761 3135 820 3174 καὶ
839 3136 930 3174 ἐπι
914 3140 976 3184 τῆς
992 3139 1167 3189 δημιουρ-

140 3191 218 3241 γίας
252 3196 313 3240 τῆς
346 3195 520 3246 γυναικός.
548 3195 688 3248 εὨσπερ
725 3189 783 3235 οὖν
815 3190 909 3236 εἶπεν
939 3199 994 3237 ἐπ’
1024 3198 1166 3249 ἐκείνῳ,

186 3327 197 3340 ²
224 3316 372 3350 conatus
385 3329 460 3350 cuni
475 3317 589 3351 codice
607 3318 709 3361 negiu
727 3321 809 3351 1976
826 3328 948 3353 etcum
967 3322 1064 3354 2842.

1189 161 1335 192 sunnio
1374 162 1437 191 iv.
2085 152 2174 211 703

1223 244 1284 295 qui
1306 244 1382 282 haec
1401 245 1518 283 omnia
1535 247 1684 297 perfecit
1711 262 1718 282 z

1222 306 1448 343 sai-culorum.
1468 307 1590 344 Amen.

1751 247 1817 298 ipsi
1838 247 1951 298 gloria
1984 249 2018 285 in
2052 250 2175 287 sai-sula

1175 454 1198 483 t)
1576 445 1746 483 SERMo
1769 446 1831 484 lv.

1228 560 1342 610 Quod
1356 562 1552 597 servitutis
1572 560 1705 597 modos
1729 568 1804 598 tres
1827 560 2023 596 induxerit
2044 572 2180 611 pecca-

1277 630 1359 658 tum
1375 636 1386 656 :
1406 629 1441 658 et
1459 622 1502 657 in
1535 621 1769 672 negligentes
1805 622 2016 662 auditores.
2043 634 2181 673 eosque

1277 684 1344 733 qui
1362 689 1543 732 parentes
1564 695 1642 718 non
1659 682 1867 719 honorant.

1280 797 1314 832 1.
1337 793 1539 833 Audivistis
1551 794 1642 844 heri,
1662 809 1733 846 quo
1761 804 1864 847 pat-to
1884 795 1978 832 Deus
2003 793 2182 832 bominem

1224 856 1418 896 bestiarum
1440 870 1557 908 regem
1579 870 1620 894 ac
1639 855 1840 909 principem
1861 854 2096 902 constituerit,
2111 869 2182 906 quo

1225 927 1328 972 pacto
1345 918 1428 956 item
1445 917 1627 956 confestim
1649 932 1667 955 c
1695 931 1803 969 reguo
1821 917 1924 955 illum
1944 916 2105 968 ejecerit3
2126 915 2183 953 vel

1226 979 1345 1033 potius
1367 993 1436 1018 non
1472 980 1583 1022 Deus,
1605 977 1669 1017 sed
1705 978 1780 1030 ipse
1814 992 1876 1031 pei·
1909 976 2182 1015 inobedientiam

1227 1041 1360 1080 honore
1372 1041 1530 1094 seipsum
1540 1039 1728 1078 abdicarit.
1749 1042 1840 1078 Nam
1855 1038 1951 1091 quod
1965 1039 2016 1077 illi
2033 1052 2183 1090 regnum

1227 1103 1407 1156 obtigerit,
1428 1103 1562 1141 divina!
1582 1102 1692 1141 solius
1708 1102 1776 1139 suit
1797 1100 2040 1153 benignitatis.
2062 1102 2186 1150 Neque

1227 1164 1323 1203 enim
1343 1165 1435 1203 hanc
1455 1165 1508 1202 itti
1527 1163 1723 1202 mci-ecdem
1745 1163 1872 1201 tribuit
1891 1172 1983 1200 recte
1997 1162 2185 1208 sactorum,

1180 1226 1204 1255 D
1227 1225 1289 1264 sed
1307 1234 1342 1264 ct
1361 1225 1569 1279 priusquam
1590 1233 1698 1273 esset,
1714 1223 1782 1261 boc
1805 1223 1908 1261 illum
1926 1223 2061 1261 bonore
2080 1222 2185 1260 deco-

1227 1287 1333 1327 ravit.
1370 1290 1415 1325 At
1439 1301 1483 1325 ne
1511 1286 1648 1325 diceres
1676 1285 1858 1323 hominem
1892 1294 2014 1338 postea
2048 1293 2185 1326 natum,

1228 1348 1357 1387 deinde
1378 1348 1501 1387 multis
1532 1347 1638 1386 editis
1667 1347 1848 1400 praeclaris
1885 1346 2106 1385 facinoribus
2137 1346 2186 1383 ita

1227 1411 1345 1448 Deum
1371 1409 1441 1448 sibi
1468 1409 1688 1454 conciliasse,
1722 1418 1762 1446 ut
1792 1408 1838 1447 ab
1856 1422 1898 1447 eo
1927 1407 2118 1460 imperium
2150 1406 2186 1444 in

1227 1471 1365 1510 belluas
1381 1470 1571 1521 obtineret,
1588 1485 1670 1509 cum
1683 1470 1835 1508 sormatu
1843 1485 1902 1508 rus
1919 1484 1998 1508 eum
2019 1478 2120 1518 essct,
2142 1467 2187 1506 de

1229 1532 1503 1586 ipsiusimpeiio
1523 1532 1633 1571 verba
1654 1532 1738 1570 facit
1755 1532 1803 1570 ita
1816 1531 1958 1569 dicens:
1972 1533 2185 1569 Faciamus
2204 1549 2278 1576 Gen.
2299 1556 2306 1575 1
2339 1546 2384 1575 243,

1229 1595 1425 1632 hominem
1445 1595 1499 1632 ael
1519 1596 1729 1645 imaginem
1745 1601 1782 1630 et
1802 1593 2099 1631 similitudinem
2120 1607 2187 1630 no-

1228 1665 1364 1702 stram,
1387 1664 1424 1694 et
1443 1657 1693 1693 dominentur
1712 1657 1841 1693 bestiis
1868 1664 1990 1692 terroe.
2008 1657 2099 1692 Ante
2131 1655 2186 1693 vi-

1229 1727 1302 1756 tam
1318 1718 1446 1767 honor,
1464 1726 1545 1755 ante
1565 1716 1779 1755 creationem
1801 1730 1940 1764 corona,
1952 1726 1985 1754 et
1997 1725 2188 1767 antequam

1228 1778 1311 1825 fiat,
1329 1777 1376 1816 ad
1391 1779 1532 1830 regium
1551 1778 1683 1817 solium
1702 1777 1876 1816 evehitur.
1895 1777 2040 1815 Etenim
2072 1777 2188 1816 homi-

1230 1855 1290 1879 nes
1304 1840 1469 1879 subditos
1482 1854 1564 1879 suos
1582 1841 1615 1877 in
1627 1849 1784 1878 extrema
1800 1848 1976 1878 senectute
1995 1848 2073 1892 post
2089 1839 2188 1877 mul-

1183 1906 1206 1937 E
1231 1912 1285 1941 tos
1303 1902 1442 1941 labores
1461 1911 1496 1941 et
1527 1901 1664 1940 infinita
1698 1901 1878 1954 pericula,
1898 1915 1982 1939 cum
2014 1901 2049 1939 in
2087 1914 2173 1953 pace

1233 1974 1310 2002 tum
1339 1963 1516 2014 inbellis,
1539 1972 1617 2001 tum
1650 1962 1797 2001 demum
1826 1962 1960 2001 bonore
1993 1962 2185 2000 afficiunt:

1232 2027 1330 2065 Deus
1347 2035 1468 2065 autem
1491 2039 1562 2064 non
1582 2024 1651 2073 ita,
1676 2023 1737 2063 sed
1771 2024 1892 2062 statim
1920 2033 2027 2075 atque
2047 2033 2111 2072 est,
2143 2023 2190 2061 ad

1232 2086 1330 2126 hunc
1347 2102 1430 2126 eum
1446 2087 1620 2126 bonorem
1639 2085 1772 2136 evexit,
1789 2095 1823 2124 et
1842 2085 1912 2124 hoc
1935 2100 2004 2123 non
2027 2094 2122 2124 recte
2138 2085 2190 2122 fa-

1233 2160 1373 2188 ctorum
1391 2164 1466 2188 esse
1484 2148 1684 2188 mei-cedem
1702 2148 1870 2197 ostendit,
1889 2146 1949 2186 sed
1968 2147 2119 2198 gratiam
2132 2146 2189 2184 ‹li-

1232 2211 1368 2261 vinam,
1388 2220 1423 2249 et
1436 2225 1506 2249 non
1521 2210 1700 2248 debitum.
1734 2209 1842 2256 Quod
1866 2209 1980 2261 igitur
2009 2208 2188 2261 plincipa-

1232 2282 1310 2311 tum
1341 2272 1532 2325 acceperit,
1555 2271 1594 2309 id
1613 2285 1660 2309 ex
1691 2270 1765 2309 sola
1795 2270 1862 2308 Dei
1884 2270 2102 2322 benignitate
2135 2268 2188 2306 1111
2203 2266 2333 2336 ³¹ss<st
2320 2266 2372 2292 ⁵¹¹¹
2380 2281 2390 2286 ·

1436 2332 1532 2385 quod
1562 2342 1681 2371 autem
1703 2331 1880 2370 excidetit
1908 2331 2125 2384 principatu,
2146 2345 2281 2377 ex„cu

1232 2333 1412 2374 obvenit.

2275 2224 2391 2251 nonor-

2326 2317 2392 2333 §dus

2324 2358 2392 2384 1Ι1ιΙ-

1234 2410 1345 2448 tpsuls
1374 2409 1484 2448 lgna&
1487 2409 1531 2433 la.
1555 2393 1653 2446 Ergo
1680 2403 1720 2431 Ul
1739 2407 1839 2446 I'Cn'CS
1867 2407 1918 2431 elS
1936 2407 1998 2444 qtll
2027 2407 2101 2430 SUlS
2121 2406 2190 2430 uon
2205 2404 2242 2419 ¹¹¹
2246 2393 2302 2420 ὼ)

1174 2491 1221 2516 559
1232 2467 1359 2512 parent
1391 2456 1570 2496 mandatis
1603 2424 1799 2507 abroganto
1801 2454 2066 2507 ptineipatum:
2087 2453 2137 2491 ita
2155 2467 2191 2490 se

1186 2529 1210 2557 A
1234 2520 1342 2572 gessit
1356 2533 1440 2571 erga
1458 2517 1642 2556 hominem
1661 2517 1770 2564 Deus,
1790 2529 1872 2553 cum
1892 2514 1923 2552 ei
1949 2524 2033 2552 tunc
2053 2514 2189 2566 plinci-

1233 2593 1359 2637 patum
1378 2579 1580 2631 abrogavit.
1608 2577 1723 2616 Hodie
1751 2586 1870 2615 autem
1892 2590 2006 2629 opelae
2036 2576 2192 2628 pretium

1234 2643 1341 2682 fuerit
1357 2642 1457 2680 dicei
1459 2655 1488 2691 e,
1503 2648 1679 2706 quantum
1693 2638 1801 2676 etiam
1818 2637 1931 2675 alium
1951 2637 2122 2675 honoiem
2137 2636 2190 2674 illi

1235 2704 1370 2758 peccati
1384 2711 1511 2741 natuia
1522 2700 1705 2754 eripueiit,
1722 2709 1755 2738 et
1773 2709 1859 2751 quot
1872 2713 1951 2737 seu·
1956 2699 2054 2736 itutis
2069 2698 2193 2737 modos

1236 2764 1433 2812 induxerit,
1451 2763 1541 2801 dum
1559 2771 1600 2800 ut
1619 2770 1794 2814 tyrannus
1824 2760 2004 2813 quispiam
2041 2759 2193 2799 diversis

1236 2827 1403 2871 vinculis,
1434 2824 1559 2862 multis
1581 2822 1773 2875 generibus
1802 2822 2072 2877 principatuum
2092 2830 2195 2859 natu-

1237 2903 1314 2927 ram
1339 2895 1495 2926 nosti-am
1513 2883 1690 2923 devinxit.
1724 2883 1867 2922 Primus
1885 2883 1996 2935 igitur
2016 2882 2194 2935 principa-

1238 2960 1295 2988 tus
1306 2958 1356 2988 est
1369 2947 1537 2996 servitus,
1551 2959 1622 2996 qua
1638 2954 1670 2983 et
1682 2944 1895 2983 mulieribus
1913 2944 2089 2996 imperant
2107 2943 2191 2981 vii-i:

1240 3009 1418 3062 siquidem
1438 3017 1517 3061 post
1533 3016 1716 3060 peccatum
1727 3006 1795 3044 hac
1808 3019 1899 3059 opus
1918 3005 1998 3043 suit.
2015 3007 2106 3044 Nam
2117 3014 2196 3043 ante

1242 3070 1519 3111 inobedientiam
1537 3083 1602 3121 pai·
1618 3067 1752 3106 honore
1772 3067 1838 3105 fuit
1869 3067 1960 3114 viro,
1979 3081 2130 3117 cumque
2150 3066 2194 3103 il-

1243 3136 1314 3173 lam
1335 3130 1504 3171 sormavit
1523 3131 1641 3179 Deus,
1659 3128 1792 3180 quibus
1821 3127 1858 3166 in
1889 3127 2098 3166 formatione
2131 3126 2196 3164 xii-i

1245 3195 1367 3235 verbis
1385 3206 1470 3231 usus
1486 3199 1571 3241 erat,
1591 3190 1649 3229 his
1665 3199 1700 3235 et
1719 3189 1755 3228 in
1775 3188 1952 3228 creatione
1971 3186 2129 3226 mulieris
2149 3196 2198 3224 est

1232 3322 1246 3344 ¹·
1275 3320 1354 3361 Βοὲς,
1372 3328 1453 3350 unus
1473 3322 1506 3351 τὸ
1520 3319 1549 3350 δὲ
1569 3319 1703 3349 ἐκξαλῑὶν
1720 3319 1806 3348 αᾶτόν
1822 3323 1870 3350 τῆς
1888 3320 1993 3356 ἀρχῆς·

1976 3376 1991 3383 ,-

1972 3385 2034 3411 30,
