2516 3791
303 139 391 200 780

134 250 226 277 Adam
246 236 378 276 maluo
394 238 436 273 in
456 249 612 275 carnem
628 250 760 275 unam.
780 236 922 288 Ergone
949 236 1012 286 qui
1034 243 1106 272 tam
1135 234 1248 271 multa

99 292 260 326 gnitioncm

100 332 170 358 boni
185 338 212 359 et
223 331 290 359 mali

102 372 215 400 hahuit.

283 333 287 338 ,
301 305 462 345 noverat,
477 295 548 346 dic,
561 310 690 348 quaeso,
704 296 792 348 quid
803 306 889 334 esset
901 297 1047 344 bonum,
1066 293 1154 346 quid
1170 308 1249 332 ma-

300 357 393 408 lum,
410 357 594 409 ignorabat
609 357 626 394 9
643 357 689 395 Et
703 357 760 395 cui
778 356 942 396 videatur
962 355 1001 394 id
1019 354 1146 394 rationi
1165 368 1248 393 con-

301 418 531 457 sentaneum?
546 418 585 456 Si
603 417 695 456 enim
711 416 888 455 nesciebat
902 416 989 467 quid
1004 416 1140 455 bonum
1147 425 1248 465 esset,

301 489 335 518 et
354 479 442 531 quid
467 479 616 526 malum,
634 487 825 529 antequam
842 478 887 516 de
911 477 1010 529 ligno
1034 476 1247 525 comederet,

301 538 362 577 sed
376 547 453 591 post
467 537 776 576 manducationem
790 536 827 575 id
841 536 982 586 didicit,
993 546 1178 589 peccatum
1193 535 1248 574 illi

299 599 478 651 sapientiae
496 597 664 649 magister
690 597 825 635 factum
854 606 921 648 est,
941 605 974 635 et
1007 611 1149 650 serpens
1177 609 1248 636 non

295 658 371 710 jam
393 657 570 705 seductor,
587 657 649 695 sed
667 656 812 695 utilium
831 670 950 694 rerum
963 655 1186 694 consiliarius
1197 664 1249 693 est

298 719 523 769 constitutus,
543 732 695 769 eumque
716 717 899 758 hominem
917 732 962 757 ex
984 718 1105 756 bellua
1127 717 1247 756 reddi-

297 778 363 816 dit.
383 777 485 816 Absit
502 777 594 816 hoc:
618 790 685 815 non
704 776 800 815 enim
817 776 867 814 ita
893 790 928 814 se
955 789 1009 814 res
1038 775 1161 827 habet,
1177 789 1247 814 non

298 848 350 878 est
365 839 427 877 ita.
449 839 542 877 Nam
553 838 582 876 si
595 838 771 876 nesciebat
783 836 872 889 quid
886 837 1022 875 bonum
1040 845 1142 886 esset,
1159 835 1248 887 quid

298 901 433 938 malum
448 929 459 949 ,
495 898 673 950 quomodo
697 897 907 936 mandatum
937 896 1104 949 accepit?
1134 898 1246 935 Nemo

297 961 428 1013 quippe
445 960 559 1012 legem
577 960 643 997 sert
672 959 716 1009 ei,
738 958 801 1009 qui
829 957 962 996 nesciat
990 957 1126 995 malum
1157 956 1246 1008 quid

297 1036 370 1060 esse
398 1020 735 1073 transgressionem:
755 1018 854 1071 atqui
885 1020 982 1056 Deus
1015 1026 1049 1056 et
1081 1017 1180 1067 tulit,
1212 1026 1246 1055 et

295 1092 589 1134 transgressorem
622 1079 776 1134 punivit,
792 1079 855 1131 qui
867 1078 990 1130 utique
1003 1086 1171 1116 neutrum
1181 1077 1245 1116 ho-

295 1158 376 1181 rum
394 1143 543 1192 fecisset,
564 1142 633 1180 nisi
660 1155 679 1180 e
706 1141 883 1194 principio
896 1140 1100 1178 facultatem
1118 1138 1246 1191 digno-

295 1204 417 1243 scendi
429 1204 600 1244 virtutem
617 1218 658 1242 ae
679 1203 811 1242 vitium
824 1202 855 1240 ei
869 1201 1062 1240 tribuisset.
1078 1199 1191 1240 Vides
1205 1209 1245 1238 ut

294 1266 396 1304 nobis
421 1266 517 1304 omni
539 1273 701 1317 exparte
726 1264 874 1315 liqueat,
904 1276 986 1301 eum
1018 1275 1087 1300 non
1126 1261 1242 1300 solum

293 1336 481 1379 postquam
506 1325 670 1374 comedit,
692 1325 833 1364 novisse
865 1323 951 1375 quid
974 1324 1109 1361 bonum
1138 1332 1240 1374 esset,
1266 1333 1290 1364 C.

140 1401 282 1441 Epilogus
295 1389 384 1440 quid
413 1389 562 1438 malum,
587 1387 648 1427 sed
667 1396 700 1425 et
727 1396 829 1425 antea
858 1384 951 1423 illud
979 1384 1137 1425 scivisse.
1160 1384 1244 1423 Haec

93 1446 244 1473 sermonis.

89 2969 203 2998 Mnuh.

88 3010 139 3038 33.

231 2969 261 2999 6.

294 1450 406 1501 igitur
415 1450 534 1488 omnia
553 1449 778 1497 retineamus,
790 1446 1025 1496 dilectissimi,
1035 1459 1075 1484 ac
1094 1445 1242 1484 domum

291 1511 423 1551 reversi
441 1511 625 1563 duplicem
643 1523 801 1548 mensam
813 1522 1049 1561 apponamus,
1065 1522 1172 1546 unam
1194 1508 1241 1546 ci-

290 1572 430 1622 borum,
449 1571 597 1609 alteram
616 1584 722 1609 sacrae
741 1569 901 1608 lectionis
922 1584 930 1605 :
959 1577 992 1607 et
1017 1569 1076 1607 vir
1093 1567 1239 1619 quidem

289 1649 328 1672 ea
346 1649 424 1685 quse
444 1634 540 1672 dicta
562 1642 643 1671 sunt
661 1640 816 1685 repetat,
836 1645 927 1670 uxor
945 1639 1064 1669 autem
1082 1630 1237 1681 ediscat,

287 1694 435 1733 audiant
448 1694 567 1745 liberi,
584 1707 695 1745 neque
713 1692 838 1730 famuli
854 1706 892 1730 ea
908 1691 1056 1730 lectione
1071 1691 1236 1730 frauden-

288 1762 357 1791 tur.
387 1755 544 1791 Domum
566 1761 666 1791 tuam
693 1752 795 1790 effice
829 1751 1034 1790 ecclesiam:
1060 1751 1237 1803 siquidem

287 1825 319 1854 ct
338 1815 534 1854 liberorum
552 1823 586 1853 et
612 1814 830 1853 famulorum
844 1813 969 1852 salutis
988 1822 1039 1851 est
1059 1813 1126 1852 tibi
1145 1814 1235 1853 ratio

287 1876 489 1916 reddenda:
513 1886 547 1915 et
565 1876 656 1915 sicut
676 1891 697 1914 a
730 1876 833 1914 nobis
864 1875 1052 1927 exigentur
1083 1876 1236 1914 rationes

287 1953 351 1989 pro
365 1938 475 1988 vobis,
488 1938 538 1976 sic
545 1938 591 1976 ab
604 1950 815 1988 unoquoque
824 1945 983 1976 vestrum
1003 1950 1068 1989 pro
1083 1937 1231 1988 famulo,

287 2014 351 2050 pro
372 2014 496 2050 uxore,
513 2014 554 2038 ac
572 2013 636 2051 pro
656 1998 732 2037 filio
760 1997 852 2037 ratio
876 2007 1089 2050 reposcetur.
1108 1999 1235 2050 Itaque
1260 2021 1285 2051 D

287 2069 365 2112 post
379 2060 584 2113 hujusmodi
617 2059 833 2098 narrationes
858 2059 1069 2099 suavissima
1088 2073 1151 2098 nos
1166 2074 1234 2099 ex-

287 2122 418 2173 cipient
450 2121 645 2170 insomnia,
667 2119 852 2171 omnisque
877 2119 1027 2159 visionis
1048 2120 1234 2172 expertia:

286 2182 405 2233 qualia
428 2196 579 2233 namque
605 2181 691 2219 solet
719 2181 837 2218 anima
869 2180 1027 2218 interdiu
1056 2181 1234 2231 meditari,

286 2243 371 2280 talia
381 2251 415 2280 et
427 2242 463 2280 in
483 2241 614 2280 somnis
632 2240 849 2291 imaginatur
859 2249 893 2278 et
910 2241 1060 2292 effingit.
1080 2241 1189 2287 Quod
1204 2241 1234 2280 si

285 2317 364 2354 quae
400 2302 551 2354 singulis
582 2301 707 2339 diebus
740 2299 918 2349 dicuntur,
947 2302 1096 2340 memori
1117 2311 1234 2340 mente

285 2376 477 2411 servemus,
496 2373 624 2411 magno
643 2359 764 2396 labore
782 2372 871 2410 opus
892 2372 961 2396 non
983 2359 1049 2397 erit
1073 2375 1081 2396 ε
1112 2373 1231 2398 conse-

284 2435 393 2471 quens
407 2420 538 2472 quippe
558 2431 672 2456 sermo
684 2416 877 2455 dilucidior
894 2417 997 2456 vohis
1022 2418 1102 2467 erit,
1133 2427 1166 2456 et
1179 2419 1232 2456 fa-

285 2480 388 2518 cilior
406 2480 467 2516 fiet
481 2487 514 2516 et
532 2476 726 2530 proclivior
744 2484 861 2514 noster
882 2475 929 2514 ad
945 2475 1146 2515 docendum
1173 2491 1231 2515 co-

286 2548 401 2577 natus.
419 2539 469 2576 Ut
483 2536 592 2588 igitur
607 2535 728 2586 aliqua
748 2533 828 2571 inde
847 2534 982 2572 utilitas
1005 2543 1038 2572 et
1053 2534 1100 2572 ad
1118 2549 1181 2573 nos
1200 2545 1234 2574 et

286 2597 333 2635 ad
351 2612 415 2636 vos
432 2596 590 2634 dimanet
606 2610 613 2631 ε
633 2593 680 2632 ad
693 2606 756 2631 nos
775 2591 980 2643 quidem,eo
997 2592 1094 2644 quod
1109 2593 1234 2632 docea—

287 2669 381 2706 mus,
396 2654 440 2692 ad
453 2668 516 2693 vos
530 2662 660 2702 autem,
678 2650 773 2703 quod
795 2649 969 2688 audiatis:
988 2659 1065 2702 post
1078 2665 1234 2690 mensam

287 2714 507 2767 corporalem
537 2710 735 2765 spiritualis
763 2709 871 2749 etiam
898 2723 1018 2748 mensa
1044 2710 1147 2749 vobis
1179 2711 1234 2749 in-

286 2783 457 2812 struatur.
486 2773 553 2810 Illa
574 2771 668 2809 enim
687 2770 789 2809 vobis
819 2779 852 2808 et
884 2769 929 2807 ad
959 2769 1181 2808 securitatem
1201 2781 1236 2810 et

287 2833 333 2871 ad
354 2841 518 2870 ornatum
536 2830 617 2869 usui
635 2839 748 2880 erunt,
768 2838 801 2867 et
821 2829 970 2881 hujusce
988 2829 1071 2867 vitae
1095 2830 1236 2881 negotia

287 2892 334 2931 ad
361 2901 516 2931 vestram
542 2889 731 2928 utilitatem
763 2888 894 2939 diriget
919 2889 1029 2937 Deus,
1051 2890 1238 2941 omniaque

288 2950 392 2989 vobis
419 2962 530 3002 prona
558 2958 592 2986 et
628 2946 801 2999 proclivia
832 2945 1037 2984 reddentur.
1073 2949 1239 2999 Quaerite

291 3012 406 3056 enim,
417 3008 547 3059 inquit,
561 3009 726 3059 primum
741 3020 899 3057 regnum
907 3006 1101 3054 coelorum,
1109 3016 1145 3045 et
1156 3009 1238 3047 lzoec

290 3084 349 3107 om
356 3071 421 3106 nia
432 3068 667 3119 adjicientur
678 3066 800 3102 vohis.
816 3064 890 3102 Hoc
901 3064 1011 3115 igitur
1024 3080 1237 3116 quaeramus,

288 3124 524 3173 dilectissimi,
543 3132 583 3161 ut
617 3131 650 3160 ct
678 3122 780 3160 istius
813 3131 845 3160 ct
875 3122 972 3160 illius
1003 3124 1131 3162 sutura:
1154 3125 1236 3164 vita}

288 3188 381 3225 bona
406 3195 662 3233 consequamur
678 3211 687 3229 ,
721 3180 834 3231 gratia
868 3189 900 3218 ct
925 3180 1143 3231 benignitate
1164 3184 1236 3220 Do-

289 3245 375 3284 miui
396 3242 505 3281 nostri
527 3243 611 3281 Jcsu
632 3238 779 3284 Christi,
800 3252 862 3290 per
880 3253 984 3289 quenl
1004 3248 1134 3279 etcum
1165 3255 1236 3292 quo

290 3302 400 3354 gloria
419 3299 513 3338 Patri
534 3307 567 3337 ct
586 3296 738 3350 Spiritui
757 3305 888 3344 sancto,
909 3310 1002 3336 nunc
1034 3307 1066 3336 ct
1086 3314 1234 3352 semper,

289 3371 319 3400 ct
341 3361 375 3398 in
400 3358 525 3399 saecula
545 3354 767 3396 sccculorum.
787 3357 909 3393 Amen.

1259 2808 1284 2838 E

725 154 763 185 S.
800 153 984 186 JOANNIS
1018 151 1258 184 CHRYSOST·
1299 153 1501 183 ARCHIEP.
1540 154 1890 186 CONSTANTINOP.

1324 227 1383 272 οἶν
1403 233 1501 278 εἰδὼς
1513 265 1523 283 ,
1542 236 1618 274 εἶπέ
1634 253 1711 287 μοι,
1729 239 1792 276 οὔκ
1812 238 1888 290 ᾔδει
1901 238 1935 277 τί
1954 238 2017 289 μὲν
2035 239 2156 288 καλὸν,
2175 240 2209 279 τί
2226 240 2261 279 δὲ
2280 256 2346 280 πο-

1325 294 1448 347 νηρόν,
1470 295 1541 334 Καὶ
1555 298 1630 340 πῶς
1651 297 1690 335 ἂν
1707 297 1781 350 ἔχοι
1799 299 1920 351 λόγον;
1938 299 2063 352 Εἷγὰρ
2080 300 2128 352 μὴ
2141 301 2218 354 ᾔδει
2236 301 2270 339 τί
2284 303 2346 353 μὲν

1324 355 1443 404 καλὸν,
1463 357 1498 394 τί
1515 357 1551 396 δὲ
1570 358 1719 411 πονηρὸν
1737 359 1805 411 πρὸ
1825 363 1884 399 τοῦ
1905 366 2025 413 φαγεῖν
2045 362 2114 401 ἀπὸ
2138 365 2198 400 τοῦ
2225 362 2325 407 ξύλου
2337 393 2348 411 ,

1324 416 1415 455 ἀλλὰ
1441 417 1530 468 μετὰ
1561 417 1624 465 τὴν
1647 421 1775 470 βρῶσιν
1796 419 1947 471 ἔμαθεν,
1969 422 1991 468 ἡ
2020 421 2176 474 ἁμαρτία
2209 422 2346 474 γέγονεν

1323 478 1418 530 αὐτῷ
1437 478 1560 531 σοφίας
1586 479 1812 528 διδάσκαλος,
1827 480 1886 518 καὶ
1905 484 1923 519 ὁ
1937 481 2012 534 ὄφις
2038 482 2150 521 οὐκέτι
2171 483 2346 532 ἀπατεὼν,

1323 538 1412 577 ἀλλὰ
1431 539 1625 590 σύμίῗουλος
1639 543 1708 578 τῶν
1726 541 1968 595 συμφερόντων
1981 542 2132 590 κατέστη
2146 572 2156 590 ,
2175 544 2216 580 ἐκ
2227 543 2347 595 θηρίου

1322 597 1470 644 ποιήσας
1487 597 1590 636 αὐτὸν
1610 598 1802 651 ἄνθρωπον.
1820 599 1924 638 Ἀλλὰ
1945 599 1994 650 μὴ
2015 601 2167 652 γένοιτο·
2188 602 2250 639 οὐκ
2273 601 2348 640 ἔστι

1319 662 1431 697 ταῦτα
1448 659 1574 706 οὕτως,
1591 662 1652 698 οὐκ
1677 660 1783 699 ἔστιν.
1811 662 1856 700 Εἰ
1876 660 2012 714 γὰρμὴ
2036 661 2112 713 ᾔδει
2135 661 2170 699 τί
2194 663 2256 713 μὲν
2281 679 2346 701 κα-

1271 726 1295 756 Β
1317 719 1390 767 λὸν,
1415 720 1499 759 τίδὲ
1516 722 1687 775 πονηρὸν,
1708 725 1783 766 πῶς
1801 722 1861 760 καὶ
1879 721 1943 769 τὴν
1963 722 2104 770 ἐντολὴν
2128 723 2322 774 ἓλάμὸανεν
2334 739 2346 773 ;

1317 781 1442 825 Οὐδεὶς
1460 782 1528 834 γὰρ
1547 782 1667 822 δίδωσι
1700 783 1803 834 νόμον
1824 785 1873 835 τῷ
1901 783 1949 834 μὴ
1972 783 2096 832 εἰδότι,
2115 783 2167 822 ὅτι
2196 785 2302 823 κακὸν
2321 789 2343 833 ἡ

1315 841 1534 894 παράὸασις·
1565 847 1582 882 ὁ
1611 843 1646 882 δὲ
1678 845 1768 889 Θεὸς
1801 845 1861 882 καὶ
1887 844 2016 893 ἔδωκε,
2045 845 2104 884 καὶ
2135 845 2345 898 παραὸάντα

1315 901 1501 951 ἐκόλασεν,
1528 905 1589 942 οὐκ
1614 903 1654 942 ἂν
1695 904 1876 957 ἀμφότερα
1902 909 2013 943 ταῦτα
2045 907 2216 954 ποιήσας,
2237 909 2266 946 εἰ
2294 907 2343 958 μὴ

1315 963 1505 1013 γνωστικὸν
1531 965 1633 1007 αὐτὸν
1653 965 1687 1009 ἐξ
1719 967 1830 1017 ἀρχῆς
1853 965 2015 1012 ἐποίησεν
2035 969 2160 1019 ἀρετῆς
2189 969 2250 1006 καὶ
2279 984 2344 1007 κα-

1316 1024 1405 1067 κίας.
1422 1024 1530 1077 Ὁρᾷς
1548 1027 1622 1069 πῶς
1649 1025 1817 1064 πάντοθεν
1836 1029 1921 1078 ἡμῖν
1951 1027 2214 1077 ἀποδέδεικται,
2232 1029 2286 1068 ὅτι
2305 1031 2344 1068 οὗ

1318 1085 1406 1136 μετὰ
1430 1085 1492 1133 τὴν
1512 1089 1642 1138 βρῶσιν
1660 1090 1719 1126 τοῦ
1739 1086 1836 1131 ξύλου
1852 1087 1892 1125 τὸ
1909 1088 2014 1126 καλὸν
2033 1088 2108 1140 ᾔδει
2136 1089 2195 1127 καὶ
2211 1089 2251 1129 τὸ
2272 1107 2342 1129 πο-

1316 1146 1440 1200 νηρὸν,
1463 1147 1552 1185 ἀλλὰ
1584 1147 1644 1185 καὶ
1672 1147 1740 1200 πρὸ
1763 1147 1882 1187 τούτου
1910 1147 2103 1198 ἠπίστατο;
2133 1152 2256 1188 Ταῦτα
2283 1145 2342 1190 οῧν

1316 1209 1472 1258 ἅπαντα,
1503 1208 1698 1261 ἀγαπητοὶ,
1731 1211 1995 1262 διακρατῶμεν,
2025 1211 2084 1249 καὶ
2112 1211 2230 1251 οἴκαδε
2261 1216 2343 1252 ἀνα-

1314 1270 1540 1322 χωρήσαντες
1571 1272 1696 1317 διπλῆν
1725 1274 1938 1323 πειραθῶμεν
1964 1271 2027 1320 τὴν
2055 1273 2246 1327 τράπεζαν,
2278 1274 2342 1323 τὴν

1314 1334 1382 1369 τῶν
1400 1333 1530 1381 σιτίων,
1547 1333 1606 1371 καὶ
1626 1331 1690 1379 τὴν
1710 1334 1772 1378 τῆς
1796 1333 2014 1386 ἀκροάσεως·
2034 1334 2094 1372 καὶ
2117 1335 2248 1387 λεγέτω
2276 1336 2339 1386 μὲν

1315 1393 1402 1447 ἀνὴρ
1428 1394 1472 1432 τὰ
1493 1392 1677 1446 εἰρημένα,
1701 1393 1903 1444 μανθανέτω
1933 1395 1968 1432 δὲ
2003 1395 2106 1446 γυνὴ,
2129 1397 2282 1435 ἀκουέτω
2303 1397 2339 1436 δὲ

1313 1455 1372 1492 καὶ
1391 1455 1536 1504 παιδία,
1554 1455 1602 1506 μὴ
1623 1455 1946 1507 ἀποστερείσθωσαν
1963 1455 1998 1494 δὲ
2020 1456 2111 1507 μηδὲ
2128 1458 2259 1497 οἰκέται
2275 1461 2339 1505 τῆς

1314 1517 1513 1569 ἀκροάσεως
1537 1516 1677 1564 ταύτης.
1708 1516 1923 1564 Ἐκκλησίαν
1946 1517 2092 1564 ποίησόν
2119 1535 2179 1557 σου
2200 1519 2264 1566 τὴν
2286 1523 2338 1560 οἷ-

1312 1578 1389 1616 κίαν
1404 1594 1412 1602 ·
1433 1578 1492 1616 καὶ
1511 1577 1578 1630 γὰρ
1600 1578 1659 1615 καὶ
1674 1577 1857 1621 ὑπεύθυνος
1875 1571 1907 1615 εἷ
1931 1578 1991 1616 καὶ
2008 1581 2070 1625 τ’ῆς
2088 1582 2156 1618 τῶν
2186 1581 2334 1620 παιδίων

1310 1638 1369 1677 καὶ
1391 1642 1454 1685 τῆς
1481 1641 1548 1676 τῶν
1583 1639 1724 1675 οἰκετῶν
1745 1636 1938 1688 σωτηρίας·
1958 1637 2017 1675 καὶ
2044 1637 2202 1691 καθάπερ
2235 1643 2337 1691 ἡμεῖς

1309 1700 1396 1752 ὑπὲρ
1427 1701 1521 1751 ὑμῶν
1553 1698 1794 1749 ἀπαιτούμεθα
1824 1697 1948 1749 λόγον,
1984 1697 2072 1736 οὕτω
2099 1700 2158 1738 καὶ
2190 1699 2336 1745 ἕκαστος

1309 1764 1406 1813 ὑμῶν
1430 1760 1488 1800 καὶ
1510 1759 1596 1812 ὑπὲρ
1612 1759 1745 1798 οἰκέτου
1756 1789 1766 1807 ,
1786 1759 1845 1797 καὶ
1863 1758 1950 1812 ὑπὲρ
1964 1760 2124 1810 γυναικὸς
2139 1791 2149 1809 ,
2173 1761 2232 1799 καὶ
2247 1761 2336 1816 ὑπὲρ

1307 1825 1429 1868 παιδὸς
1456 1826 1656 1862 ἀπαιεεῖται
1685 1821 1836 1865 εὐθύνας.
1869 1821 1953 1860 Ἀπὸ
1977 1825 2059 1873 γοῦν
2079 1825 2148 1861 τῶν
2172 1823 2334 1862 τοιούτων

1308 1885 1532 1938 διηγηυάτων
1548 1884 1674 1931 ἥδιστα
1695 1883 1924 1928 διαδέξεται
1906 1890 1999 1933 ημᾶς
2014 1883 2058 1922 τὰ
2076 1884 2254 1937 ὀνείρατα,
2274 1885 2335 1923 καὶ

1307 1945 1498 2000 φαντασίας
1514 1944 1769 1996 ἀπηλλαγμένα
1802 1944 1958 1992 ἁπασης·
1987 1948 2041 1982 οἱα
2060 1944 2128 1997 γὰρ
2149 1948 2227 2021 μεθὲ
2244 1945 2336 1997 ἡμέ-

1310 2024 1370 2060 ραν
1389 2011 1410 2054 ἡ
1431 2006 1525 2060 ψυχὴ
1549 2007 1696 2057 μελεταν
1715 2005 1812 2044 eisc-effi
1825 2036 1835 2054 ,
1859 2021 2004 2043 τοιαυτα
2027 2021 2088 2043 και
2116 2007 2193 2045 καθ’
2209 2005 2336 2051 ὕπνους

1307 2070 1529 2122 φαντάζεται.
1550 2067 1619 2106 Καὶ
1639 2067 1697 2105 ἐὰν
1713 2067 1759 2105 τὰ
1772 2069 1850 2105 καθ’
1868 2067 2019 2115 ἑκάστην
2040 2067 2176 2120 ἡμέραν
2202 2067 2335 2120 φυλάτ·

1306 2146 1420 2181 τωμεν
1439 2128 1610 2181 λεγόμενα
1623 2155 1632 2173 ,
1651 2129 1689 2165 οὐ
1713 2129 1842 2166 πολλοῦ
1866 2128 2109 2179 δεηθησόμεθα
2126 2128 2230 2167 πόνου
2242 2143 2251 2152 ·
2275 2128 2336 2167 καὶ

1306 2192 1372 2243 γὰρ
1393 2190 1601 2242 σαφέστερος
1622 2191 1639 2226 ὁ
1664 2188 1753 2239 μετὰ
1774 2192 1885 2226 ταῦτα
1912 2188 2012 2239 λόγος
2033 2191 2114 2239 ὑμῖν
2134 2188 2233 2226 ἔσται
2247 2217 2256 2235 ,
2276 2188 2336 2227 καὶ

1304 2256 1388 2302 ἡμῖν
1416 2249 1659 2303 προθυμοτέρα
1681 2253 1701 2297 ἡ
1724 2248 1945 2287 διδασκαλία.
1972 2247 2038 2287 Ἵν’
2056 2243 2114 2287 οῧν
2137 2249 2280 2300 γένηταί
2301 2267 2336 2288 τι

1304 2311 1408 2350 πλέον
1425 2311 1484 2348 καὶ
1503 2314 1589 2361 ἡμῖν
1609 2310 1668 2348 καὶ
1688 2312 1784 2360 ὑμῖν,
1802 2313 1885 2360 ἡμῖν
1908 2308 1970 2360 μὲν
1985 2309 2054 2348 ἀπὸ
2081 2313 2144 2357 τῆς
2173 2311 2336 2349 διδασκα-

1304 2372 1402 2421 λίας,
1422 2375 1502 2423 ὑμῖν
1532 2371 1567 2409 δὲ
1589 2371 1658 2409 ἀπὸ
1682 2374 1744 2417 τῆς
1771 2370 1990 2423 ἀκροάσεως,
2021 2370 2110 2422 μετὰ
2129 2373 2191 2417 τῆς
2216 2387 2336 2423 σωμα-

1304 2436 1403 2480 τικῆς
1424 2433 1597 2486 τραπέζης
1622 2431 1722 2478 καὶὴ
1748 2431 1904 2482 τράπεζα
1930 2434 2012 2482 ὑμῖν
2041 2431 2285 2484 παρατιθέσθω
2311 2437 2333 2480 ἡ

1304 2494 1537 2545 πνευματική.
1576 2493 1646 2532 Καὶ
1676 2492 1743 2545 γὰρ
1779 2492 1952 2545 ἀσφάλεια
1982 2492 2041 2531 καὶ
2072 2495 2200 2543 κόσμος
2220 2495 2335 2532 ἐκεῖνα

1305 2559 1385 2606 ὑμῖν
1400 2555 1603 2606 γενήσεται,
1631 2554 1692 2592 καὶ
1717 2553 1760 2591 τὰ
1782 2556 1845 2599 τῆς
1863 2552 2043 2605 παρούσης
2063 2555 2154 2599 ζωῆς
2180 2554 2264 2605 πρὸς
2296 2555 2336 2594 τὸ

1306 2616 1479 2669 συμφέρον
1498 2619 1516 2654 ὁ
1536 2616 1625 2659 Θεὸς
1645 2618 1861 2661 κατευθυνεῖ,
1886 2613 1946 2651 καὶ
1979 2617 2091 2666 ῥᾷστα
2123 2615 2205 2664 ὑμῖν
2236 2614 2334 2654 ἔσται

1305 2678 1421 2716 πάντα
1440 2693 1500 2715 και
1526 2676 1663 2715 εὔκολα.
1694 2676 1839 2721 Ζητεῖτε
1863 2673 1949 2747 γὰρ,
1972 2690 2077 2727 φησι,
2108 2690 2244 2727 πρωτον
2271 2675 2333 2722 τὴν

1309 2737 1488 2790 βασιλείαν
1509 2753 1578 2775 των
1601 2739 1768 2789 οὖρανων,
1793 2751 1851 2773 και
1876 2751 1992 2773 παντα
2012 2738 2122 2773 ταυτα
2141 2736 2335 2787 προστεθή-

1308 2815 1406 2839 σεται
1423 2802 1516 2850 ὑμῖν.
1539 2800 1711 2849 Ζητωμεν
1731 2801 1789 2835 οὖν
1808 2795 1954 2843 ταύτην,
1971 2796 2167 2847 ἀγαπητοὶ,
2191 2797 2247 2835 ι’να
2275 2798 2334 2836 καὶ

1308 2877 1376 2899 των
1398 2863 1544 2898 ἐνταύθα
1571 2860 1630 2898 καὶ
1656 2862 1724 2898 τῶν
1745 2861 1815 2897 ἐκεῖ
1844 2858 2062 2910 ἐπιτύχιιωεν
2085 2861 2244 2909 ἀγαθων,
2270 2860 2336 2911 χοί-

1311 2937 1366 2974 ριτ
1353 2939 1380 2960 ι
1409 2921 1468 2959 καὶ
1497 2920 1738 2973 φιλανθρωπία
1758 2924 1816 2958 τού
1837 2918 1965 2972 Κυρίου
1992 2935 2093 2968 ημυν
2113 2918 2228 2965 Ιησοῧ
2248 2921 2334 2972 Χρι-

1309 2999 1414 3031 στου,
1442 2983 1484 3020 δι’
1509 2986 1546 3020 οὓ
1574 2983 1632 3020 καὶ
1654 2985 1728 3033 μεθ’
1750 2976 1788 3020 οῧ
1806 2981 1886 3025 δόξα
1904 2996 1954 3017 τω
1975 2980 2090 3031 Πατρι
2109 2981 2166 3018 καὶ
2181 2983 2230 3018 τιὸ
2245 2981 2333 3032 ἇγίι)

1310 3043 1518 3096 Πνεύματι,
1551 3049 1609 3082 νῦν
1641 3061 1699 3083 και
1730 3045 1804 3092 ἀει,
1833 3042 1891 3082 καὶ
1925 3043 1972 3084 εἷς
2000 3057 2077 3085 τους
2106 3043 2230 3085 αἰῶνας
2264 3045 2332 3080 niv

1311 3104 1456 3144 αἰώνων.
1477 3105 1509 3144 Ἀ
1517 3105 1597 3154 μήν.
