2516 3791
114 1138 292 1168 1.T1m.2.8.

125 2784 199 2812 Cen.
218 2789 263 2811 ιι.

120 2822 171 2851 3¹.

301 194 394 253 354
731 210 767 238 s.

301 300 456 330 orantes
476 292 694 329 laudabant
711 292 849 329 Deum.
870 287 994 327 David
1017 287 1055 324 in
1081 298 1189 336 regno
1216 293 1250 321 et

301 352 503 391 diademate
520 352 690 404 lacrymis
710 361 742 389 et
756 350 921 403 precibus
939 357 1051 386 totam
1070 346 1183 383 vitam
1200 345 1252 381 in-

303 415 465 453 sumebat
477 430 488 463 3
537 414 730 465 apostolus,
774 412 836 461 qui
871 410 907 446 in
942 407 1088 445 tertium
1125 405 1253 442 caelurn

302 484 438 527 raptus,
467 474 524 511 cui
541 487 668 510 arcana
696 469 947 509 sunt1·eve1ata
967 465 1153 519 mysteria,
1180 479 1252 503 me-

303 535 364 574 dia
384 544 485 573 nocte
507 534 541 571 in
567 532 721 570 vinculis
747 545 865 583 preces
884 539 916 567 et
941 528 1064 567 laudes
1084 528 1253 566 offerebat

304 594 479 642 Domino,
498 601 530 629 et
549 605 611 628 rex
626 589 742 627 media
763 596 862 626 nocte
880 586 1148 639 expergefactus
1165 599 1252 624 con-
1281 600 1305 627 A

305 651 490 697 fitebatur,
510 658 542 686 et
561 647 711 699 apostoli
727 646 843 685 media
858 654 958 684 nocte
974 645 1158 682 continuas
1175 658 1255 696 pre-

305 725 367 749 ces>
382 719 413 747 et
432 708 555 746 laudes
578 707 785 745 reddebant.
809 706 896 744 Illos
921 705 1104 743 imitemur
1123 713 1157 742 et
1176 718 1254 754 nos,

305 780 340 809 et
358 784 504 822 precum
518 768 725 807 assiduitate
739 768 852 806 vitam
866 775 1022 804 nostram
1038 765 1254 812 muniamus,

306 841 339 869 et
359 830 498 868 nullum
515 829 615 866 uobis
630 843 800 879 umquam
812 828 878 866 erit
897 827 1133 865 obstaculum.
1154 825 1256 863 Nihil

306 892 400 930 enim
420 900 470 928 est
490 891 586 941 quod
605 891 726 928 obesse
746 889 848 927 nobis
876 887 999 941 possit,
1019 887 1125 925 modo
1146 886 1257 924 sobrii

306 953 428 990 simus.
461 953 557 989 Num
588 951 664 989 loco
692 959 725 988 et
750 959 911 1001 tempore
937 947 1038 986 nobis
1066 962 1156 999 opus
1177 946 1256 984 est?

309 1013 435 1051 Omnis
456 1012 567 1061 locus,
585 1025 686 1049 omne
703 1020 841 1063 tempus
855 1010 941 1046 huic
958 1008 1110 1046 accessui
1133 1022 1258 1045 conve-

308 1073 374 1111 nit.
400 1075 492 1112 Nam
509 1075 636 1111 iterum
662 1072 749 1110 audi
777 1071 989 1123 magistrum
1015 1069 1111 1108 orbis
1131 1069 1257 1107 dicen-

309 1144 379 1172 tem
399 1150 405 1171 :
424 1137 472 1171 In
498 1136 603 1171 omni
633 1134 716 1171 loco
743 1134 915 1171 levantes
943 1140 1102 1170 sanctas
1121 1144 1259 1168 manus

311 1198 456 1248 absque
470 1199 531 1233 ira
545 1204 579 1233 et
600 1196 885 1246 disceptatione.
907 1193 944 1231 Si
957 1201 1111 1230 mentem
1124 1191 1260 1229 habue-

311 1257 359 1295 ris
383 1266 572 1309 purgatam
594 1256 639 1293 ab
667 1256 802 1293 illicitis
832 1255 1093 1300 affectionibus,
1124 1253 1200 1291 sive
1224 1252 1261 1289 in
1286 1269 1309 1298 B

312 1317 404 1365 foro,
425 1317 500 1354 sive
521 1315 632 1364 domi,
648 1315 722 1353 sive
739 1315 774 1352 in
794 1315 867 1364 via,
888 1314 946 1353 vel
975 1314 1011 1352 in
1033 1327 1185 1361 carcere,
1205 1312 1261 1350 vel

314 1378 350 1415 in
370 1378 475 1427 mari,
507 1377 561 1414 vel
584 1377 620 1414 in
648 1376 860 1422 diversorio,
881 1376 938 1413 vel
970 1375 1007 1413 in
1040 1374 1196 1422 officina,
1229 1382 1262 1411 et

315 1439 532 1488 ubicumque
559 1437 668 1474 fueris
690 1437 912 1485 constitutus,
944 1436 1075 1488 poteris
1101 1435 1263 1473 invocato

315 1501 390 1537 Deo
409 1500 484 1537 voti
504 1498 581 1536 fieri
596 1512 750 1550 compos.
769 1497 874 1544 Quod
893 1512 973 1535 cum
986 1497 1149 1545 sciamus,
1165 1496 1264 1533 obse-

315 1575 373 1598 cro
391 1570 430 1598 ut
451 1574 533 1598 cum
557 1559 693 1611 jejunio
713 1559 879 1611 precibus
909 1558 1134 1610 diligentiam
1161 1556 1265 1594 adhi-

314 1621 476 1670 beamus,
507 1620 710 1658 subsidium
740 1619 843 1657 nobis
870 1619 953 1656 inde
981 1628 1143 1671 parantes
1166 1633 1173 1654 :
1195 1632 1265 1668 quo

314 1695 505 1733 supernam
531 1680 710 1731 assequuti
731 1680 892 1731 gratiam,
913 1689 946 1719 et
970 1688 1180 1732 praesentem
1209 1678 1265 1715 vi-

315 1751 385 1780 tam
398 1741 447 1779 ita
459 1755 607 1792 agamus
622 1750 660 1778 ut
672 1742 748 1778 Deo
764 1741 950 1792 probetur,
970 1749 1003 1777 et
1014 1740 1050 1777 in
1067 1741 1187 1777 futuro
1202 1738 1267 1776 mi-

315 1802 542 1842 sericordiam
562 1801 719 1852 aliquam
737 1801 993 1854 adipiscamur,
1015 1801 1127 1852 gratia
1149 1809 1182 1838 et
1196 1800 1263 1838 mi-

314 1863 549 1902 serationibus
563 1863 708 1902 Domini
720 1862 830 1901 nostri
846 1864 868 1901 J
871 1876 932 1900 esu
947 1861 1095 1909 Christi,
1105 1875 1185 1899 cum
1195 1875 1266 1912 quo

315 1924 413 1961 Patri
435 1933 469 1962 et
487 1924 639 1976 Spiritui
658 1933 778 1962 sancto
792 1923 838 1961 sit
857 1923 986 1975 gloria,
1009 1922 1214 1976 imperium,
1235 1931 1268 1959 et
1291 1931 1314 1962 C

315 1986 440 2034 honor,
461 1999 554 2024 nunc
573 1994 606 2024 et
626 1998 777 2037 semper,
799 1984 883 2023 etin
900 1984 1028 2022 saecula
1043 1983 1267 2022 saeculorum.

320 2048 442 2084 Amen.

614 2666 824 2705 HOMILIA
837 2663 977 2703 XXXI.
1293 2667 1317 2696 D

326 2773 370 2811 Et
389 2771 522 2824 accepit
541 2771 662 2809 Thara
682 2769 816 2807 Abram
838 2778 871 2807 et
890 2767 1034 2807 Nachor
1052 2766 1147 2805 filios
1173 2780 1269 2815 suos,

376 2842 408 2870 ct
428 2833 496 2869 Lot
509 2831 626 2868 filium
638 2833 745 2868 Aram
766 2830 832 2868 filii
847 2830 924 2880 sui,
948 2838 981 2867 et
998 2828 1121 2866 Saram
1138 2841 1270 2866 nurum

376 2906 489 2937 suam,
507 2906 655 2930 uxorem
674 2900 792 2929 autem
808 2891 941 2929 Abram
954 2890 1020 2928 filii
1036 2890 1090 2928 sui
1103 2905 1114 2939 ;
1133 2898 1166 2927 et
1179 2888 1271 2927 edu-

376 2953 430 2991 xit
445 2966 502 2991 eos
513 2962 658 2990 exterra
673 2953 938 3003 Chaldaeorum,
956 2961 993 2990 ut
1005 2951 1270 3005 proficisceren-

376 3023 434 3051 tur
463 3013 643 3051 interram
662 3013 944 3052 Chananaeorum
960 3029 967 3050 :
981 3023 1015 3052 et
1043 3012 1140 3053 venit
1158 3026 1270 3063 usque

378 3075 550 3123 Cliarran,
573 3084 605 3111 ct
627 3074 803 3113 habitavit
825 3075 911 3114 illic.

378 3231 590 3281 [Ingentes
610 3230 710 3267 vobis
727 3230 841 3275 liabeo
862 3232 1005 3283 gratias,
1021 3233 1118 3284 quod
1138 3233 1270 3271 hester-

324 3306 408 3330 num
423 3291 467 3328 de
480 3291 640 3328 oratione
655 3305 848 3329 sermonem
864 3307 946 3331 cum
959 3294 1140 3347 voluptate
1155 3310 1272 3334 susce-

323 3352 457 3405 peritis,
473 3361 504 3388 οι
522 3360 616 3390 tanto
631 3351 750 3389 studio
764 3352 809 3390 ad
828 3353 1050 3393 audiendum
1067 3358 1264 3398 confluatis.
1293 3371 1317 3401 Ε

1267 561 1313 586 ὅθῑι

807 207 990 238 ,ΙΟᾹΝΝΙΞ
1026 204 1264 235 CHRYSOST.
1304 203 1511 232 ARCfflEP.
1549 202 1904 233 CONSTANTINOP-

1327 284 1558 335 δεσμωτηρίῳ
1577 285 1840 336 καθειργμένον,
1857 285 1916 322 καὶ
1942 284 2021 327 τοὺς
2039 283 2146 327 πόδας
2168 284 2293 336 ἔχοντα
2313 285 2346 321 ἓν

1323 346 1372 396 τῷ
1392 343 1481 398 ξύλῳ
1500 345 1793 398 προσδεδεμένους
1816 346 1890 396 ἅμα
1913 348 1963 398 τῷ
1985 344 2094 396 Σίλᾳ,
2111 345 2170 382 καὶ
2193 344 2251 382 διὰ
2274 344 2348 383 ποί-

1324 420 1387 451 σης
1406 407 1466 451 τῆς
1486 405 1606 449 νυκτὸς
1629 406 1924 457 προσευχόμενον,
1938 405 2016 444 οὔτε
2041 406 2108 444 ὑπὸ
2126 409 2188 452 τῆς
2204 404 2348 458 ὀδύνης,

1324 465 1402 503 οὔτε
1418 466 1486 504 ὑπὸ
1510 469 1580 503 τῶν
1597 467 1733 516 δεσμῶν
1754 467 1987 517 κωλυόμενον,
2016 466 2107 505 ἀλλὰ
2127 466 2236 518 ταύτῃ
2253 467 2348 515 μᾶλ-

1323 528 1383 563 λον
1404 526 1512 564 πολὺν
1530 526 1588 563 καὶ
1609 527 1816 579 θερμότερον
1848 526 1907 563 τὸν
1935 526 2039 564 πόθον
2069 526 2350 576 ἐπιδεικνύμενον

1327 587 1384 624 τὸν
1407 586 1486 639 περὶ
1505 585 1562 624 τὸν
1584 587 1767 633 Δεσπότην
1784 602 1792 610 ·
1816 588 1956 630 Παῦλος
1972 587 2061 640 γὰρ,
2082 587 2188 639 φησὶ,
2207 587 2266 624 καί
2287 586 2349 629 Σί-

1328 649 1391 690 λας
1409 647 1500 685 κατὰ
1524 647 1563 685 τὸ
1581 648 1804 697 μεσονύκτιον
1838 646 2113 700 προσευχόμενοι
2134 647 2262 698 ὕμνουν
2291 647 2350 685 τὸν

1329 708 1435 748 Θεόν.
1456 709 1500 746 ‘O
1520 709 1631 746 Δαυὶδ
1660 712 1693 747 ἐν
1719 709 1878 760 βασιλείᾳ
1898 710 1957 747 καὶ
1980 709 2171 759 διαδήματι
2191 707 2352 759 δακρύοις

1329 770 1388 808 καὶ
1412 772 1529 821 εὐχαῖς
1549 770 1688 808 ἅπαντα
1705 771 1763 808 τὸν
1781 770 1854 821 βίον
1869 770 2123 816 κατανήλισκεν
2137 785 2144 792 ·
2164 772 2181 806 ὃ
2199 768 2349 807 ἀπόστο-

1329 832 1386 875 λος
1400 861 1410 879 ,
1425 834 1442 868 ὃ
1456 833 1503 873 εἷς
1520 831 1636 883 τρίτον
1653 831 1795 883 οὐρανὸν
1816 830 1984 883 ἁρπαγεὶς
1996 861 2006 878 ,
2021 834 2039 868 ὁ
2054 832 2123 867 τῶν
2145 829 2352 882 ἀπορρήτων

1331 891 1488 934 ἀξιωθεὶς
1522 892 1735 944 μυστηρίων,
1756 895 1790 930 ἐν
1818 893 1956 942 δεσμοῖς
1983 891 2162 943 τυγχάνων
2195 889 2286 927 κατὰ
2315 890 2355 928 τὸ

1333 951 1437 1001 μέσον
1457 954 1519 997 τῆς
1538 953 1660 995 νυκτὸς
1679 953 1877 1005 προσευχὰς
1907 952 1966 989 καὶ
1986 952 2113 1002 ὕμνους
2141 951 2284 1003 ἀνέφερε
2303 953 2354 1001 τῷ

1332 1012 1514 1064 Δεσπότῃ·
1535 1013 1595 1050 καὶ
1619 1016 1637 1049 ὃ
1669 1013 1830 1064 βασιλεὺς
1854 1013 2076 1064 μεσονύκτιον
2104 1011 2355 1065 ἐξεγειρόμενος

1333 1073 1604 1124 ἐξωμολογεῖτο,
1625 1074 1685 1112 καὶ
1703 1076 1734 1112 οἱ
1754 1074 1941 1112 ἀπόστολοι
1957 1073 2048 1111 κατὰ
2073 1074 2113 1112 τὸ
2134 1073 2355 1124 μεσονύκτιον

1334 1138 1482 1178 ἐκτενεῖς
1497 1134 1559 1178 τὰς
1590 1135 1786 1186 προσευχὰς
1815 1135 1875 1172 καὶ
1908 1135 1986 1178 τοὺς
2019 1135 2144 1184 ὕμνους
2165 1136 2355 1171 ἐποιοῦντο.

1335 1195 1487 1238 Τούτους
1508 1195 1746 1246 μιμησώμεῡα
1766 1196 1826 1233 καὶ
1840 1199 1941 1245 ἡμεῖς
1955 1225 1964 1241 ,
1979 1195 2037 1233 καὶ
2051 1198 2094 1244 τῇ
2111 1194 2272 1246 συνεχείᾳ
2286 1195 2356 1231 τῶν

1334 1259 1537 1307 προσευχῶν
1564 1255 1770 1308 τειχίζωμεν
1803 1258 1904 1306 ἡμῶν
1934 1255 1996 1302 τὴν
2026 1255 2130 1302 ζωὴν,
2162 1255 2222 1292 καὶ
2250 1253 2357 1305 μηδὲν

1335 1321 1419 1366 ἡμῖν
1440 1332 1525 1354 ποτε
1541 1316 1689 1366 κώλυμα
1703 1316 1867 1367 γενέσθω.
1887 1316 1999 1355 Οὐδὲν
2014 1316 2081 1367 γάρ
2105 1318 2196 1353 ἐστιν
2218 1318 2304 1364 ἡμῖν
2319 1314 2360 1352 τὸ

1338 1376 1524 1427 δυνάμενον
1555 1377 1758 1428 ἐμποδίσαι,
1789 1377 1847 1415 ἐὰν
1866 1377 2044 1428 νήφωμεν.
2066 1376 2126 1423 Μὴ
2157 1375 2224 1429 γὰρ
2251 1375 2358 1413 τόπου

1337 1437 1513 1488 χρῄζομεν
1532 1468 1541 1485 ,
1557 1437 1579 1484 ἢ
1600 1444 1744 1491 καιροῦ;
1766 1440 1842 1481 Πᾶς
1864 1438 1989 1485 τόπος,
2010 1445 2079 1481 πᾶς
2098 1438 2217 1490 καιρὸς
2234 1437 2359 1483 ἐπιτή-

1339 1499 1426 1541 δειος
1441 1501 1525 1548 ἡμῖν
1545 1499 1630 1550 πρὸς
1656 1499 1719 1546 τὴν
1748 1498 1911 1545 τοιαύτην
1940 1498 2120 1551 πρόσοδον.
2140 1497 2263 1536 Ἄκουε
2292 1497 2360 1549 γὰρ

1337 1558 1443 1596 πάλιν
1460 1561 1563 1596 αὐτοῦ
1582 1564 1641 1597 τοῦ
1659 1559 1867 1597 διδασκάλου
1885 1563 1946 1606 τῆς
1964 1559 2167 1610 οἰκουμένης
2181 1558 2338 1609 λέγοντος
2352 1572 2360 1580 ·

1339 1619 1400 1658 Ἔν
1415 1620 1520 1658 παντὶ
1539 1620 1634 1672 τόπῳ
1651 1620 1848 1673 ἐπαίροντες
1866 1620 1978 1665 ὁσίους
1993 1627 2112 1673 χεῖρας
2133 1620 2241 1673 χωρὶς
2255 1621 2360 1670 ὀργῆς

1338 1680 1398 1718 καὶ
1418 1681 1657 1732 διαλογισμοῦ.
1675 1679 1736 1719 Ἂν
1754 1681 1817 1727 τὴν
1834 1682 1985 1720 διάνοιαν
2004 1682 2086 1734 ἔχῃς
2103 1680 2360 1733 καΟαρεύουσαν

1339 1745 1407 1779 τῶν
1430 1742 1568 1780 ἀτόπων
1589 1745 1725 1790 παθῶν,
1747 1742 1811 1780 κᾶν
1833 1745 1867 1780 ἐν
1894 1744 2004 1795 ἀγορᾷ
2026 1739 2067 1794 ᾖς
2084 1773 2092 1789 ,
2108 1742 2172 1779 κᾶν
2191 1744 2224 1780 ἐν
2245 1741 2338 1793 οἰκίᾳ
2353 1768 2362 1785 ,

1340 1802 1403 1840 κᾶν
1428 1806 1462 1841 ἐν
1494 1804 1586 1855 ὁδῷ,
1611 1803 1673 1840 κᾶν
1703 1805 1737 1840 ἐν
1767 1804 1981 1856 δικαστηρίῳ
2014 1802 2216 1856 παρεστὼς,
2241 1802 2305 1839 κᾶν
2327 1803 2362 1838 ἐν

1341 1863 1521 1914 Θαλάσσῃ,
1541 1864 1604 1901 κᾶν
1626 1866 1661 1902 ἐν
1682 1864 1897 1917 πανδοχείῳ,
1925 1864 1989 1902 κᾶν
2009 1866 2061 1903 ἐπ’
2082 1864 2301 1917 ἐργαστηρίῳ
2322 1857 2364 1914 ἧς

1341 1924 1495 1972 ἑστηκὼς
1510 1955 1520 1972 ,
1540 1925 1604 1962 κᾶν
1628 1925 1784 1978 ὅπουπερ
1804 1926 1843 1963 ἂν
1863 1920 1924 1977 ἧς,
1948 1926 2078 1976 δυνήσῃ
2107 1926 2165 1964 τὸν
2185 1925 2275 1963 Θεὸν
2301 1939 2362 1962 κα-

1339 1985 1445 2030 λέσας
1465 1988 1641 2039 ἐπιτυχεῖν
1661 1989 1723 2032 τῆς
1741 1987 1923 2033 αἰτήσεως.
1937 1985 2056 2039 ζὈπερ
2084 1986 2209 2029 εἰδότες
2221 2015 2231 2032 ,
2248 2001 2363 2036 παρα-

1341 2049 1457 2095 καλῶ,
1491 2047 1580 2098 μετὰ
1607 2051 1669 2094 τῆς
1705 2047 1864 2094 νηστείας
1900 2047 1959 2085 καὶ
1987 2051 2051 2094 τῆς
2077 2049 2276 2101 προσευχῆς
2300 2045 2362 2092 τὴν

1344 2107 1525 2161 ἀκρίὸειαν
1545 2107 1816 2159 ἐπιδειξώμεΟα,
1830 2108 1890 2146 καὶ
1905 2108 1968 2154 τὴν
1987 2111 2138 2147 ἐντεῦθεν
2155 2106 2362 2158 συμμαχίαν

1344 2171 1476 2212 ἑαυτοῖς
1495 2170 1813 2219 κατασκευάσωμεν
1826 2185 1833 2192 ·
1853 2169 1910 2206 ἵνα
1928 2172 1989 2215 τ’ῆς
2018 2172 2100 2221 παρ’
2131 2171 2235 2207 αὐτοῦ
2256 2171 2364 2220 ῥοπῆς

1343 2228 1556 2279 ἀξιούμενοι,
1589 2229 1647 2267 καὶ
1672 2229 1729 2267 τὸν
1761 2229 1918 2281 παρόντα
1953 2230 2025 2281 βίον
2055 2229 2249 2281 εὐαρέστως
2269 2231 2363 2279 αὐτῷ

1343 2290 1570 2340 διανύσωμεν,
1592 2290 1651 2328 καὶ
1672 2293 1706 2328 ἐν
1735 2293 1785 2342 τῷ
1808 2291 1970 2340 μέλλοντι
1992 2290 2252 2343 φιλανθρωπίας
2272 2291 2364 2333 τινος

1343 2350 1557 2402 ἀξιωθῶμεν,
1575 2352 1696 2404 χάριτι
1725 2352 1784 2390 καὶ
1805 2354 1995 2406 οἷκτιρμοῖς
2024 2356 2083 2391 τοῦ
2113 2352 2242 2405 Κυρίου
2262 2355 2362 2402 ἡμῶν

1342 2413 1459 2459 Ἰησοῦ
1480 2413 1654 2464 Χριστοῦ,
1676 2415 1750 2463 μεθ’
1773 2407 1812 2451 οῧ
1843 2418 1893 2465 τῷ
1924 2413 2056 2466 Πατρὶ,
2088 2413 2163 2464 ἅμα
2194 2415 2244 2465 τῷ
2276 2413 2363 2465 ἁγίῳ

1343 2473 1544 2524 Πνεύματι,
1566 2474 1666 2523 δόξα,
1686 2474 1830 2526 κράτος,
1846 2475 1953 2525 τιμὴ,
1971 2479 2029 2513 νῦν
2050 2475 2110 2513 καὶ
2127 2474 2203 2524 ἀεὶ,
2231 2475 2290 2513 καὶ
2315 2477 2364 2518 εἰς

1343 2533 1422 2577 τοὺς
1439 2537 1566 2578 αἰῶνας
1582 2538 1650 2573 τῶν
1670 2535 1818 2573 αἰώνων.
1842 2535 1964 2586 Ἀμήν,

1718 2662 1897 2700 ΟΜΙΑΙΑ
1923 2659 1993 2699 λα’.

1344 2764 1414 2803 Καὶ
1436 2764 1539 2805 ἔλαθε
1566 2766 1694 2819 Θάῤῥα
1714 2767 1771 2805 τὸν
1789 2766 1929 2820 Ἄδραμ
1953 2767 2011 2805 καὶ
2042 2768 2098 2806 τὸν
2125 2766 2258 2820 Ναχὼρ
2284 2767 2363 2811 τοὺς

1399 2826 1489 2871 υἱοὺς
1505 2831 1624 2874 αὐτοῦ,
1645 2827 1704 2866 καὶ
1723 2828 1779 2866 τὸν
1795 2827 1879 2866 Λὼτ
1897 2829 1953 2867 τὸν
1973 2829 2044 2867 υἱὸν
2062 2828 2188 2883 Ἀῤῥαν
2209 2832 2268 2868 τοῦ
2288 2832 2362 2867 υἱοῦ

1397 2890 1500 2926 αὐτοῦ
1515 2919 1523 2935 ,
1546 2889 1606 2927 καὶ
1624 2889 1688 2936 τὴν
1703 2888 1822 2941 Σάραν
1837 2889 1899 2936 τὴν
1916 2889 2051 2942 νύμφην
2068 2892 2171 2929 αὐτοῦ
2185 2920 2194 2938 ,
2216 2897 2363 2941 γυναῖκα

1399 2948 1433 2987 δὲ
1453 2948 1591 3002 Ἄδραμ
1606 2954 1666 2988 τοῦ
1694 2953 1767 2988 υἱοῦ
1783 2953 1886 2989 αὐτοῦ
1900 2967 1907 2974 ·
1925 2952 1984 2989 καὶ
2000 2951 2166 3004 ἐξήγαγεν
2183 2951 2304 2996 αὐτοὺς
2323 2955 2362 2991 ἐκ

1396 3011 1457 3055 τῆς
1475 3011 1592 3062 χώρας
1608 3013 1677 3048 τῶν
1694 3011 1894 3059 Χαλδαίων,
1916 3016 2126 3064 πορευθῆναι
2145 3015 2192 3057 εἷς
2209 3016 2274 3064 γῆν
2293 3016 2361 3050 τῶν

1397 3072 1620 3110 Χαναναίων·
1644 3072 1703 3111 καὶ
1724 3067 1825 3120 ἦλθεν
1853 3073 1918 3118 ἕως
1946 3073 2102 3126 Χαρρὰν,
2122 3074 2180 3112 καὶ
2201 3073 2361 3126 κατῴκη-

1397 3148 1453 3171 σεν
1471 3150 1552 3172 εκει.

1395 3239 1534 3282 Πολλὰς
1552 3242 1632 3290 ὑμῖν
1653 3238 1724 3291 ἔχω
1742 3239 1911 3292 χάριτας,
1927 3239 1980 3278 ὅτι
1998 3255 2035 3278 τε
2052 3240 2128 3291 μεθ’
2147 3241 2270 3288 ἡδονῆς
2283 3239 2359 3278 ἐδέ-

1343 3297 1444 3342 ξασθε
1463 3299 1543 3351 χθὲς
1557 3299 1632 3343 τοὺς
1651 3300 1733 3352 περὶ
1754 3303 1817 3346 τῆς
1836 3303 1941 3352 εὐχῆς
1957 3301 2095 3352 λόγους,
2117 3301 2176 3338 καὶ
2193 3301 2247 3339 ὅτι
2267 3301 2355 3351 μετὰ

1341 3360 1509 3406 τοσαύτης
1542 3361 1694 3406 σπουδῆς
1736 3361 1940 3413 συντρέχετε
1976 3362 2055 3412 περὶ
2082 3362 2144 3408 τὴν
2175 3362 2355 3413 ἀκρόασιν.
