2516 3791
135 409 186 441 31.

338 146 434 209 674
771 165 810 195 S.

335 253 480 282 ctuum:
505 258 696 296 poenasque
723 245 768 285 de
797 247 1002 299 nobisipsis
1028 260 1227 293 sumamus,
1249 254 1290 283 ut

336 318 398 342 nos
418 319 438 342 a
466 305 586 343 futuro
616 308 792 359 supplicio
818 309 1020 346 liberemus.
1044 310 1193 359 Propter
1222 307 1290 345 hoe

139 376 167 399 1.
190 370 260 401 Cor.
276 377 323 397 11-
339 365 472 417 quippe
491 366 625 404 Paulus
644 368 759 418 inquit
779 370 906 406 :Nam
927 372 961 406 si
980 381 1048 406 nos
1068 371 1168 420 ipsos
1184 369 1289 419 judi—

337 430 565 473 caverimus,
582 442 660 465 non
676 431 807 480 utique
812 430 1092 481 judicaremur.
1108 430 1161 467 Ita
1179 430 1208 467 si
1224 443 1288 467 nos

334 487 430 539 ipsos
451 488 510 525 hic
534 489 887 527 condemnaverimus
913 500 1060 543 propter
1078 490 1286 542 quotidiana

333 557 487 599 peccata,
515 549 766 588 imminuemus
795 551 1016 590 severitatem
1040 552 1171 604 judicii
1191 552 1286 603 quod

334 609 408 645 illic
422 609 583 646 futurum
600 620 662 648 est.
679 610 786 657 Quod
805 611 834 649 si
855 612 974 663 ignavi
994 613 1184 663 fuerimus,
1212 615 1287 664 Qui

133 672 321 701 Conscientia
331 670 568 721 judicamur,
589 671 717 722 inquit,
731 687 756 710 a
771 674 942 710 Domino
957 675 1164 712 erudimur.
1182 674 1286 712 Prius

132 716 347 743 exannnauda·

135 760 190 782 est.

337 730 448 781 igitur
474 732 706 784 nosmetipsos
736 733 1010 772 condemnemus
1044 749 1173 787 magna
1205 749 1287 773 cum

336 792 546 841 sinceritate,
563 802 597 831 et
614 794 714 831 nullo
728 795 858 832 sciente
871 795 906 833 in
923 796 1094 834 tribunali
1111 797 1287 834 conscien-

335 852 392 890 tiae
411 853 616 893 sedeamus:
635 855 753 906 sicque
771 857 1013 894 examinemus
1030 866 1166 895 nostras
1191 857 1288 909 cogi-

335 915 499 964 tationes,
531 925 564 953 et
593 925 723 954 rectam
747 918 954 955 sententiam
985 919 1223 970 proferamus,
1248 927 1288 956 ut

336 990 434 1014 mens
465 976 669 1014 imminente
692 978 755 1015 illo
774 987 907 1016 terrore
928 993 1111 1031 pereussa,
1130 993 1199 1017 non
1224 994 1288 1031 pa-

336 1037 444 1075 tiatur
464 1038 618 1090 amplius
637 1038 774 1091 decipi,
791 1039 853 1077 sed
870 1040 1041 1091 impetum
1061 1040 1224 1089 refrenet,
1248 1055 1288 1078 ac

335 1100 553 1152 prospiciens
573 1100 676 1137 illum
692 1100 889 1138 insomnem
909 1101 1068 1150 oculum,
1089 1101 1289 1153 praecludat

332 1160 476 1198 diabolo
498 1161 709 1212 ingressum.
729 1163 877 1214 Propter
897 1162 1077 1213 ignaviam
1094 1162 1189 1199 enim
1209 1163 1288 1200 feri-

335 1237 415 1260 mus
434 1223 565 1271 omnia,
588 1231 628 1259 ut
655 1223 731 1274 ipsa
758 1237 876 1260 rerum
897 1223 1114 1275 experientia
1141 1223 1282 1262 clamat.

335 1285 426 1321 Nam
439 1283 740 1334 quemadmodum
752 1284 780 1321 si
793 1284 850 1321 vel
862 1298 990 1335 parum
1003 1284 1151 1322 excitari
1167 1284 1287 1322 volue-

334 1346 465 1393 rimus,
499 1360 619 1383 omnes
655 1345 754 1382 illius
792 1344 939 1382 insidias
969 1345 1070 1395 quasi
1101 1345 1286 1397 pulverem

334 1406 543 1458 repellemus
558 1422 566 1442 z
583 1406 633 1444 sic
647 1405 788 1456 quando
807 1406 1096 1457 supplantamur,
1113 1420 1183 1444 non
1203 1421 1286 1458 pro-

332 1476 410 1520 pter
426 1468 525 1506 illius
543 1467 769 1520 tyrannidem
784 1467 851 1504 hoc
876 1467 1104 1516 sustinemus,
1126 1467 1186 1506 sed
1203 1482 1286 1520 pro-

330 1538 409 1580 pter
432 1529 613 1579 ignaviam
640 1537 808 1565 nostram.
840 1528 963 1578 Neque
985 1528 1080 1565 enim
1109 1528 1146 1567 vi
1167 1543 1230 1566 sua
1253 1539 1287 1567 et

331 1590 536 1627 necessitate
564 1603 626 1626 nos
648 1588 778 1635 vincit,
807 1587 868 1626 sed
893 1587 1100 1640 deceptione
1120 1589 1205 1627 sola.
1232 1592 1286 1629 Ne

330 1650 552 1702 decipiamur
579 1659 698 1687 autem
725 1649 762 1686 in
782 1648 885 1686 nobis
909 1657 974 1698 est,
1003 1651 1032 1686 si
1060 1664 1189 1700 parum
1212 1665 1287 1689 esse

330 1712 458 1763 vigiles
495 1711 730 1760 voluerimus,
764 1719 797 1748 et
828 1710 1092 1762 nobismetipsis
1126 1711 1285 1749 attende-

330 1773 461 1811 rimus:
476 1787 545 1810 non
573 1772 670 1823 quod
696 1786 742 1809 ex
767 1771 868 1810 nobis
897 1771 982 1809 solis
1002 1781 1097 1810 tanta
1117 1772 1164 1810 sit
1186 1782 1286 1825 pote-

329 1843 414 1883 stas,
436 1834 498 1871 sed
517 1833 598 1884 quia
627 1842 712 1870 tnnc
742 1847 936 1884 supernum
967 1833 1146 1870 auxilium
1181 1834 1284 1872 nobis

329 1896 488 1947 affulget.
518 1896 611 1932 Nam
635 1895 663 1932 si
698 1909 776 1945 quae
795 1908 814 1932 a
838 1893 941 1932 nobis
968 1903 1050 1932 sunt
1080 1895 1281 1945 fecerimus,

330 1966 519 2007 sequentur
537 1956 644 1994 etiam
667 1955 812 1993 omnino
828 1969 907 2005 quae
935 1955 1081 2000 Domini
1101 1965 1194 1993 sunt.
1215 1957 1284 1997 Vi—

330 2019 418 2069 giles
453 2019 564 2070 igitur
596 2018 727 2066 simus,
759 2017 918 2067 obsecro,
952 2026 986 2054 et
1014 2017 1161 2055 scientes
1193 2027 1284 2056 artes

330 2079 493 2131 maligni,
524 2088 693 2131 perpetuo
720 2092 906 2115 caveamus
931 2077 1056 2126 nobis,
1081 2087 1114 2115 et
1143 2093 1284 2117 oremus

332 2141 450 2177 Deum
482 2149 521 2177 ut
548 2153 610 2176 nos
639 2138 784 2189 adjuvet
814 2138 862 2176 ad
887 2137 1096 2175 certandum
1123 2148 1284 2176 nostrum

333 2215 414 2238 cum
431 2200 575 2237 diabolo
595 2208 781 2237 certamen.
813 2199 873 2237 Sic
903 2199 997 2236 enim
1019 2208 1052 2236 et
1072 2213 1135 2236 nos
1157 2200 1282 2237 invicti

332 2261 478 2311 crimus,
509 2270 543 2298 et
572 2259 847 2297 machinationes
873 2259 972 2297 illius
1001 2259 1227 2310 effugiemus,
1251 2270 1284 2297 et

331 2321 492 2359 divinam
520 2335 775 2371 consequemur
793 2320 957 2371 gratiam,
975 2320 1138 2370 bonaque
1156 2329 1283 2357 aeterna

331 2381 594 2434 adipiscemur:
620 2396 696 2432 quse
729 2380 831 2419 nobis
863 2381 1028 2418 omnibus
1063 2382 1282 2432 contingant,

332 2443 444 2494 gratia
468 2452 501 2480 et
514 2442 729 2494 benignitate
744 2441 889 2479 Domini
907 2441 1017 2479 nostri
1036 2443 1119 2480 Jesu
1137 2442 1285 2491 Christi,

331 2517 412 2541 cum
440 2517 510 2554 quo
544 2503 641 2540 Patri
674 2512 707 2540 ct
740 2502 891 2555 Spiritui
926 2511 1045 2540 sancto
1075 2503 1120 2540 sit
1151 2503 1283 2554 gloria,

332 2564 534 2616 imperium,
551 2573 583 2602 et
600 2564 829 2612 honor,nunc
843 2573 876 2602 et
892 2577 1044 2616 semper,
1059 2573 1091 2602 et
1108 2564 1143 2602 in
1157 2565 1285 2602 saecula

333 2625 553 2664 saeculorum.
572 2628 696 2663 Amen.

640 2888 849 2927 HOMILIA
880 2888 979 2927 LXI.

165 3020 274 3058 2·n.37.
293 3012 398 3050 allas
437 3020 554 3048 autem
594 3020 674 3048 sunt
709 3011 948 3063 generationes
980 3010 1091 3051 Jacob
1118 3026 1126 3048 ε
1154 3011 1286 3064 Joseph

389 3071 639 3123 septemdecim
658 3086 834 3110 annorum
853 3082 926 3111 crat
954 3087 1098 3125 pascens
1117 3087 1199 3111 cum
1215 3073 1287 3111 sra-

389 3133 503 3170 tribus
522 3132 594 3170 suis
619 3147 756 3184 pecora.

389 3258 423 3293 1.
446 3256 577 3293 Iterum
597 3269 661 3307 pro
683 3254 936 3294 consuetudine
959 3270 1036 3295 mea
1065 3255 1112 3294 ad
1131 3270 1288 3295 mensam

386 3390 390 3401 ¹
412 3379 565 3419 Quinque
583 3378 657 3410 MSS.
679 3382 779 3415 ιἰτύὼς
797 3384 1038 3422 παρερχοιμεοα’
1061 3382 1140 3412 ἀλλὰ
1155 3381 1232 3412 καθ’.

847 165 1035 196 JOANMS
1070 164 1318 196 CHRYSOST.
1355 164 1561 194 ARCHIEP.
1599 165 1961 197 CONSTANTINOP.

1361 245 1450 296 μηδὲ
1465 246 1510 283 τὰ
1537 246 1646 300 μικρὰ
1664 248 1905 300 ἁμαρτήματα
1923 249 2132 301 νομιζόμενα
2151 255 2166 272 ⁸
2178 252 2297 296 ἁπλῶς
2312 269 2386 291 πα-

1362 306 1601 359 ρατρέχωμεν,
1628 308 1718 346 ἀλλὰ
1739 312 1816 347 καθ’
1837 310 1987 356 ἑκάστην
2007 312 2142 363 ἡμέραν
2168 312 2309 357 ἑαυτοὺς
2328 316 2388 351 εὖ-

1361 368 1460 411 θύνας
1488 372 1692 420 ἀπαιτῶμεν
1714 370 1774 408 καὶ
1809 370 1974 422 ῥημάτων
1999 373 2059 410 καὶ
2085 373 2310 424 βλεμμάτων,
2328 373 2387 412 καὶ

1361 430 1458 474 δίκας
1478 430 1620 475 ἑαυτοὺς
1648 432 1958 484 εἷσπραττώμεθα,
1977 433 2033 470 ἵνα
2048 437 2111 480 τῆς
2130 436 2257 472 ἐκεῖθεν
2279 435 2386 473 κολά-

1361 507 1447 534 σεως
1489 491 1631 536 ἑαυτοὺς
1659 494 1958 545 ἓλευῡερώσωμεν.
1997 494 2065 532 Διὰ
2093 494 2161 546 γὰρ
2196 500 2296 534 τοῦτο
2328 495 2388 534 καὶ

1359 552 1498 596 Παῦλος
1514 569 1629 605 φησιν·
1651 554 1771 606 Εἷγὰρ
1791 554 1932 598 ἑαυτοὺς
1946 555 2140 606 ἓκρίνομεν,
2159 557 2221 594 οὐκ
2238 556 2278 593 ἂν
2298 558 2388 608 ἐκρι-

1358 613 1500 664 νόμεθα.
1520 614 1654 662 εΏστε,
1691 615 1749 653 ἐὰν
1776 614 1917 659 ἑαυτοὺς
1949 617 2096 654 ἐνταῦθα
2124 616 2387 669 κατακρίνωμεν

1359 676 1416 713 ἐπὶ
1432 682 1501 719 τοῖς
1522 675 1601 714 καθ’
1621 677 1770 723 ἑκάστην
1789 675 1925 728 ἡμέραν
1946 670 2003 728 ὑφ’
2022 680 2124 726 ἡμῶν
2145 677 2388 730 ἁμαρτανομέ-

1357 752 1427 779 νοις
1438 767 1448 784 ,
1465 737 1729 788 ὑποτεμνόμεθα
1747 741 1809 784 τῆς
1828 739 1899 775 ἐκεῖ
1917 737 2063 789 κρίσεως
2080 737 2142 784 τὴν
2157 738 2387 790 σφοδρότητα.

1359 798 1405 835 Εἰ
1425 797 1460 836 δὲ
1476 799 1756 850 ῥαθυμήσαιμεν,
1780 798 2003 850 Κρινόμενοι,
2020 799 2144 851 φησὶν,
2166 797 2234 836 ὑπὸ
2259 798 2388 850 Κυρίου

1360 858 1612 908 παιδευόμεθα.
1643 859 1886 911 Προλαὸόντες
1903 860 2014 898 τοίνυν
2035 858 2175 903 ἑαυτοὺς
2194 859 2389 897 καταδικά-

1359 934 1475 969 σωμεν
1498 919 1587 971 μετὰ
1610 922 1743 966 πολλῆς
1762 924 1825 966 τῆς
1853 920 2132 972 εὐγνωμοσύνης,
2152 921 2212 958 καὶ
2245 920 2390 970 μηδενὸς

1359 979 1488 1022 εἰδότος
1516 981 1555 1018 τὸ
1595 981 1819 1034 δικαστήριον
1848 986 1907 1019 τοῦ
1941 982 2131 1025 συνειδότος
2163 981 2388 1029 καθίσαντες,

1359 1041 1450 1077 οὕτω
1472 1040 1716 1091 βασανίσωμεν
1738 1045 1868 1080 ἑαυτῶν
1886 1041 1963 1085 τοὺς
1982 1042 2187 1093 λογισμοὺς,
2207 1042 2266 1080 καὶ
2283 1041 2388 1093 ὀρθὴν

1358 1100 1421 1147 τὴν
1444 1102 1557 1154 κρίσιν
1588 1103 1808 1154 ἐκφέρωμεν,
1837 1102 1894 1140 ἵνα
1925 1103 1982 1140 τὸν
2010 1102 2250 1155 ἐπηρτημένον
2283 1102 2388 1154 φόὸον

1360 1163 1552 1208 δεδοικὼςὺ
1573 1164 1739 1216 λογισμὸς
1776 1163 1903 1214 μηκέτι
1936 1163 2106 1215 ἀνέχηται
2133 1163 2389 1216 ὑποσύρεσθαι,

1360 1223 1449 1262 ἀλλὰ
1467 1224 1529 1271 τὴν
1549 1225 1661 1276 ὁρμὴν
1682 1224 1910 1277 ἀναχαιτίζη,
1936 1224 1996 1262 καί
2013 1225 2070 1262 τὀν
2092 1224 2282 1274 ἀκοίμητον
2299 1227 2390 1263 ἐκεῖ-

1359 1301 1413 1323 νον
1450 1287 1627 1338 ὀφθαλμὸν
1661 1285 1904 1339 προορώμενος
1932 1286 2137 1337 ἀποτειχίζῃ
2166 1288 2216 1337 τῶ
2237 1284 2390 1338 ὃιαὸόλῳ

1358 1346 1421 1393 τὴν
1442 1346 1583 1386 εἴσοδον.
1603 1347 1689 1386 '‘O-ci
1705 1348 1772 1399 γὰρ
1787 1348 1856 1386 ἀπὸ
1874 1347 2042 1400 ῥᾳθυμίας
2060 1347 2197 1384 ἅπαντα
2217 1346 2388 1397 ὑπομένο-

1328 1436 1335 1446 ,
1359 1423 1434 1457 μεν,
1454 1407 1541 1454 αὐτὴ
1577 1411 1641 1459 βοᾷ
1659 1411 1727 1445 τῶν
1745 1408 1964 1460 πραγμάτιον
1985 1411 2007 1453 ἠ
2028 1414 2145 1461 πεῖρα.
2159 1407 2300 1459 οΩσπερ
2321 1407 2389 1460 γὰρ

1358 1468 1416 1506 ἐὰν
1448 1470 1570 1521 μικρὸν
1585 1470 1802 1523 διεγερθῆναι
1820 1472 2058 1520 βουληθῶμεν,
2078 1469 2236 1519 καθάπερ
2257 1484 2389 1521 κονιορ-

1357 1530 1414 1567 τὸν
1430 1529 1520 1567 οὕτω
1536 1530 1657 1568 τούτου
1674 1530 1737 1573 τὰς
1765 1530 1951 1574 ἐπιίουλὰς
1971 1529 2266 1581 ἀποτιναξόμεῡα·
2281 1529 2389 1573 οὕτως

1358 1590 1497 1628 ἐπειδάν
1520 1607 1604 1629 ποτε
1625 1594 1950 1642 ὑποσκελισθῶμεν,
1973 1592 2011 1628 οὗ
2044 1592 2141 1643 παρὰ
2174 1590 2236 1638 τὴν
2258 1590 2388 1629 ἐκείνου

1357 1651 1541 1702 τυραννίδα
1561 1655 1663 1689 τοῦτο
1689 1652 1921 1703 ὑπομένομεν,
1942 1651 2032 1690 ἀλλὰ
2064 1651 2162 1704 παρὰ
2187 1651 2250 1698 τὴν
2279 1655 2388 1703 ῥᾳθυ-

1359 1711 1440 1761 μίαν
1466 1711 1729 1764 τὴν-ἡμετέραν.
1758 1713 1849 1752 Οὐδὲ
1877 1714 1944 1765 γὰρ
1975 1712 2034 1764 βίᾳ
2055 1715 2155 1763 ἡμῶν
2175 1712 2389 1766 περιγίνεται

1357 1772 1417 1809 καὶ
1434 1773 1567 1825 ἀνάγκη
1580 1804 1590 1822 ,
1612 1773 1690 1812 ἀλλ’
1705 1774 1822 1825 ἀπάτῃ
1842 1774 1956 1825 μόνον.
1977 1776 2051 1812 Τοῦ
2071 1773 2107 1812 δὲ
2133 1773 2182 1825 μὴ
2203 1776 2388 1820 ἀπατηθῆ-

1357 1850 1431 1879 ναι,
1449 1837 1478 1872 εἰ
1494 1835 1684 1886 Θελήσομεν
1707 1836 1828 1888 μικρὸν
1847 1837 2064 1888 διεγερθῆναι
2081 1835 2139 1872 καὶ
2151 1837 2273 1886 νῆψαι,
2288 1838 2390 1885 ἡμεῖς

1357 1896 1487 1947 κύριοι·
1503 1898 1567 1934 οὐκ
1587 1897 1707 1943 ἐπειδὴ
1727 1899 1804 1935 καθ’
1828 1895 1966 1940 ἑαυτοὺς
1995 1895 2168 1942 τοσαύτην
2184 1895 2310 1947 ἔχομεν
2324 1895 2388 1942 τὴν

1358 1956 1478 2008 ἰσχὺν,
1500 1958 1577 1994 ἀλλ’
1599 1957 1718 2004 ἐπειδὴ
1750 1958 1828 1995 τότε
1864 1957 1924 1995 καὶ
1954 1959 2018 2002 τ’ἧς
2049 1957 2179 1994 ἄνωθεν
2200 1956 2390 2008 ἀξιούμεθα

1358 2020 1477 2071 ῥοπῆς.
1492 2018 1608 2056 (Ὅταν
1628 2019 1695 2070 γὰρ
1723 2019 1767 2057 τὰ
1787 2021 1871 2071 παρ’
1897 2020 2030 2056 ἑαυτῶν
2043 2017 2313 2069 ἐπιδειξώμεθα,
2330 2018 2390 2056 καὶ

1310 2090 1334 2119 D
1355 2078 1400 2116 τὰ
1415 2079 1512 2131 παρὰ
1530 2083 1589 2116 τοῦ
1610 2079 1790 2117 Δεσπότου
1802 2079 1941 2121 πάντως
1959 2079 2095 2118 ἕπεται.
2119 2079 2296 2131 Νήψωμεν
2317 2073 2388 2127 οῧν,

1355 2142 1570 2191 παρακαλῶ,
1599 2141 1658 2178 καὶ
1692 2140 1820 2184 εἰδότες
1843 2144 1901 2178 τοῦ
1930 2143 2082 2191 πονηροῦ
2113 2139 2175 2182 τὰς
2204 2140 2388 2191 μηχανὰς,

1357 2202 1521 2247 διηνεκῶς
1557 2205 1805 2254 γρηγορῶμεν,
1834 2201 1893 2239 καὶ
1923 2202 1979 2239 τὸν
2009 2200 2099 2239 Θεὸν
2125 2204 2385 2252 παρακαλῶμεν

1354 2261 1615 2312 συνεφάψασθαι
1636 2266 1720 2312 ἡμῖν
1740 2265 1801 2308 τῆς
1816 2262 1901 2313 πρὸς
1921 2262 2024 2300 αὐτὸν
2042 2261 2168 2307 πάλης.
2190 2261 2294 2300 Οὕτω
2319 2261 2386 2314 γὰρ

1355 2321 1413 2358 καὶ
1444 2325 1546 2372 ἡμεῖς
1585 2323 1772 2375 ἀχείρωτοι
1805 2321 2046 2373 γενησόμεθα,
2079 2322 2139 2360 καὶ
2164 2321 2226 2366 τὰς
2255 2322 2386 2360 ἐκείνου

1356 2382 1605 2434 διαφευξόμεῡα
1622 2383 1782 2435 μηχανὰς
1798 2414 1806 2431 ,
1822 2382 1880 2421 καὶ
1896 2386 1957 2429 τῆς
1977 2382 2073 2435 παρὰ
2088 2386 2146 2421 τοῦ
2170 2385 2261 2421 Θεοῦ
2278 2385 2386 2435 ῥοπῆς

1355 2443 1619 2495 ἀπολαύσομεν,
1636 2445 1696 2482 καὶ
1715 2447 1782 2482 τῶν
1801 2444 1948 2482 αἰωνίων
1966 2443 2213 2494 ἔπιτευξόμεθα
2235 2445 2384 2496 ἀγαθῶν·

1355 2497 1402 2542 ῶν
1419 2504 1552 2554 γένοιτο
1572 2505 1704 2549 πάντας
1725 2508 1819 2555 ἡμᾶς
1836 2508 2026 2557 ἐπιτυχεῖν,
2045 2505 2165 2558 χάριτι
2181 2505 2239 2543 καὶ
2259 2507 2385 2557 φιλαν-

1355 2564 1492 2616 Opuntia}
1513 2569 1573 2602 τοῦ
1603 2566 1731 2617 Κυρίου
1761 2569 1862 2616 ἡμῶν
1882 2566 1999 2612 Ἰησοῦ
2030 2568 2202 2618 Χριστοῦ,
2238 2568 2311 2616 μεθ’
2346 2560 2385 2603 οὗ

2118 2627 2132 2639 s

1354 2629 1404 2677 τῷ
1434 2627 1573 2678 Πατρὶ,
1597 2627 1671 2677 ἅμα
1706 2629 1756 2679 τῷ
1782 2627 1871 2678 ἁγίῳ
1899 2627 2092 2677 Πνεύματι,
2114 2625 2213 2672 οόξα,
2239 2626 2385 2678 κράτος,

1309 2698 1333 2727 E
1355 2686 1465 2737 τιμὴ,
1485 2691 1542 2725 νῦν
1558 2688 1617 2725 καὶ
1639 2687 1713 2735 ἀεὶ,
1733 2687 1794 2726 καὶ
1823 2689 1870 2730 εἷς
1899 2687 1978 2730 τοὺς
2007 2689 2135 2731 αἰῶνας
2151 2689 2219 2724 τῶν
2239 2686 2385 2726 αἰώνων.

1358 2747 1390 2785 Ἀ
1398 2747 1479 2797 μήν.

1736 2890 1913 2927 OMIMA
1944 2888 2008 2933 ξα’.

1359 3005 1470 3048 Αῧται
1487 3010 1521 3048 δὲ
1544 3012 1578 3047 αἱ
1597 3011 1744 3061 γενέσεις
1763 3010 1911 3049 Ἰακώὸ·
1933 3009 2065 3062 Ἰωσὴφ
2095 3008 2268 3048 δεκαεπτὰ
2300 3010 2386 3046 ἐτῶν

1409 3067 1452 3119 ἦν
1485 3071 1678 3122 ποιμαίνων
1714 3071 1802 3122 μετὰ
1821 3074 1890 3109 τῶν
1920 3073 2077 3123 ἀδελφῶν
2098 3072 2201 3108 αὐτοῦ
2224 3069 2268 3108 τὰ
2297 3069 2387 3122 πρό-

1413 3134 1515 3171 Cam.

1412 3258 1528 3296 Πάλιν
1558 3258 1614 3297 ἐπὶ
1650 3259 1712 3305 τὴν
1759 3257 1888 3304 συνήθη
1925 3255 2099 3308 τράπεζαν
2126 3258 2216 3306 ὑμᾶς
2243 3257 2384 3306 ἀγαγεῖν
