2516 3791
663 245 707 276 ΙΝ
745 244 847 276 ΕΑΡ.
889 243 996 274 ΧΜῙ.
1035 241 1123 273 GEN

97 336 145 389 μὴ
166 336 266 374 τοῦτο
283 338 298 355 ¹¹
311 331 456 385 γένοιτο,
477 331 580 378 δῆλον
603 329 703 369 ἔσται
720 329 773 368 ὅτι
791 326 1010 368 κατάσκοποί
1028 328 1120 375 ἐστε,

94 397 152 437 καὶ
182 395 239 435 διὰ
268 397 370 434 τοῦτο
401 395 550 432 ἐνταῦθα
583 392 858 446 παραγεγόνατε.
906 390 978 429 Καὶ
1010 393 1121 428 ταῦτα

94 456 254 511 εἰρηκὼς,
286 455 413 494 ’'Eoi—:to
446 453 569 498 αὐτοὺς
598 455 633 492 ἐν
662 456 706 506 τῇ
734 454 888 506 φυλακῇ.
925 451 1025 504 “Ὀρα
1045 452 1122 492 πῶς

93 520 204 558 αὐτῶν
228 517 409 569 βασανίζει
426 515 489 560 τὰς
505 514 668 568 γνώμας,
700 514 759 552 καὶ
781 515 824 552 δι’
846 507 894 552 ὧν
913 515 961 557 εἰς
982 511 1123 554 τούτους

92 579 338 625 ἐπιδείκνυται,
361 578 424 626 τὴν
442 576 687 630 φιλοστοργίαν
704 575 856 614 δείκνυσι
874 573 937 622 τὴν
953 573 1039 626 πρὸς
1063 571 1120 610 τὸν

92 640 251 694 ἀδελφόν.
275 639 375 679 Μετὰ
395 639 431 679 δὲ
456 645 546 691 τρεῖς
561 637 696 690 ἡμέρας
715 636 867 681 καλέσας
886 634 1008 678 αὐτοὺς
1030 627 1119 672 εἷπε·

91 707 193 743 τοῦτο
212 702 398 749 ποιήσατε,
418 701 478 740 καὶΙ
500 700 644 747 ζήσεσθε
657 716 665 723 ·
693 699 751 738 τὸν
770 697 840 752 γὰρ
859 697 950 736 Θεὸν
973 695 1043 748 ἐγὼ
1063 710 1120 748 φο-

92 766 234 817 ὃοῧμαι.
269 766 311 803 El
341 763 508 816 εἷρηνικοί
533 764 629 809 ἐστε,
659 761 805 813 ἀδελφὸς
829 761 926 810 ὑμῶν
946 752 993 802 εἷς
1013 773 1121 796 κατα-

92 827 252 880 σχεθήτω
273 828 307 864 ἐν
328 829 371 879 τῇ
392 827 552 879 φυλακῇ·
581 822 678 861 αὐτοὶ
706 821 741 860 ’δὲ
763 821 930 874 βαδίσατε
951 820 1010 859 καὶ
1031 819 1120 858 ἀπά-

90 905 168 940 γετε
193 887 252 926 τὸν
287 886 486 939 ἀγορασμὸν
513 888 576 932 τῆς
604 883 800 927 σιτοδοσίας
819 885 916 934 ὑμῶν
932 912 941 930 ,
971 881 1031 920 καὶ
1060 881 1118 920 τὸν

91 951 238 1002 ἀδελφὸν
261 951 359 1000 ὑμῶν
386 947 444 986 τὸν
469 946 636 998 νεώτερον
667 945 815 997 ἀγάγετε
845 943 931 997 πρός
959 959 1002 995 με
1018 973 1028 992 ,
1060 942 1120 982 καὶ

90 1010 361 1057 πιστευθήσεται
392 1008 436 1047 τὰ
465 1007 607 1061 ῥήματα
632 1007 748 1058 ὑμῶν·
773 1008 804 1044 εἷ
837 1006 873 1045 δὲ
894 1005 967 1056 μὴ,
991 1007 1121 1043 ἀποθα-

91 1075 219 1111 νεῖσθε.
237 1070 371 1110 Σκόπει
387 1070 536 1109 σύνεσιν.
554 1070 772 1120 Βουλόμενος
790 1067 850 1106 καὶ
866 1067 929 1114 τὴν
946 1067 1027 1120 περὶ
1043 1066 1118 1105 τού·

90 1149 169 1177 τους
189 1133 324 1171 εὔνοιαν
344 1132 593 1179 ἐπιδείξασθαι,
609 1131 668 1170 καὶ
684 1135 743 1169 τοῦ
760 1129 891 1182 πατρὸς
906 1128 970 1176 τὴν
986 1128 1119 1167 ἔνδειαν

90 1194 427 1248 παραμυθήσασθαι,
442 1193 502 1232 καὶ
516 1193 597 1245 περὶ
612 1197 671 1231 τοῦ
681 1194 830 1246 ἀδελφοῦ
845 1194 966 1243 μαθεῖν
980 1192 1020 1230 τὸ
1033 1193 1119 1238 ἀλη-

91 1257 157 1304 θὲς,
171 1257 230 1294 ἕνα
241 1258 502 1308 κατασχεθῆναι
513 1254 722 1308 προστάξας,
731 1253 810 1298 τοὺς
820 1254 946 1298 ἄλλους
957 1254 1119 1292 ἀπελθεῖν

92 1318 285 1356 ἐκέλευσεν.
310 1319 404 1356 Ἀλλ’
432 1316 497 1369 ὅρα
519 1331 579 1367 μοι
596 1316 718 1355 λοιπὸν
741 1318 889 1354 ἐνταῦθα
907 1316 966 1354 τὸν
985 1315 1118 1354 ἀδέκα-

92 1374 171 1418 στον
190 1378 358 1426 δικαστὴν
379 1409 388 1426 ,
405 1378 450 1417 ’τὸ
468 1377 621 1422 συνειδὸς
640 1379 751 1415 αὐτῶν
770 1377 1118 1428 κατεξανιστάμενον,

92 1441 151 1479 καὶ
170 1440 304 1484 οὐδενὸς
322 1439 535 1492 ἐλέγχοντος,
555 1438 631 1478 οὐδὲ
645 1442 692 1483 εἷς
707 1438 813 1491 μέσον
828 1438 980 1490 ἄγοντος,
997 1438 1120 1482 αὐτοὺς

91 1505 223 1541 ἑαυτῶν
256 1502 469 1554 κατηγόρους
497 1500 712 1552 γινομένους.
749 1494 840 1538 Eius
872 1500 964 1552 γὰρ,
1001 1499 1119 1553 φησὶν,

92 1565 239 1609 ἕκαστος
263 1563 349 1617 πρὸς
381 1564 439 1602 τὸν
459 1563 606 1616 ἀδελφὸν
627 1565 731 1602 αὐτοῦ
745 1578 752 1586 ·
775 1561 851 1600 ναί·
872 1564 907 1600 ἐν
930 1563 1120 1616 ἁμαρτίαις

91 1625 160 1678 γάρ
183 1627 288 1677 ἐσμεν
318 1624 399 1677 περὶ
426 1629 486 1664 τοῦ
507 1625 655 1676 ἀδελφοῦ
678 1627 800 1676 ἡμῶν,
822 1624 876 1662 ὅτι
895 1625 1122 1677 ὑπερείδομεν

92 1687 156 1734 τὴν
176 1687 292 1739 θλίψιν
312 1689 373 1733 τῆς
389 1688 504 1739 ψυχῆς
522 1689 640 1735 αὐτοῦ,
655 1687 711 1725 ὅτε
727 1686 910 1724 κατεδέετο
923 1689 1040 1737 ἡμῶν,
1059 1686 1119 1724 καὶ

92 1750 154 1787 οὐκ
177 1748 432 1799 εἰσηκούσαμεν
465 1750 587 1786 αὐτοῦ·
620 1748 734 1786 ἕνεκεν
754 1741 811 1785 οῧν
831 1746 954 1786 τούτου
970 1749 1120 1794 ἐπῆλθεν

93 1813 177 1860 ἡμῖν
197 1816 296 1847 πᾶσα
313 1812 335 1856 ἠ
357 1809 471 1862 θλίψις
491 1809 593 1856 αὕτη.
631 1810 798 1848 Τοιοῦτον
821 1807 889 1861 γὰρ
907 1812 928 1856 ἡ
951 1809 1119 1862 ἁμαρτία·

96 1871 235 1910 ἐπειδὰν
257 1873 401 1923 τελεσθῇ
424 1872 483 1910 καὶ
502 1873 550 1915 εἷς
569 1870 668 1923 ἔργον
688 1871 791 1923 ἔλθῃ,
816 1871 894 1908 τότε
910 1873 973 1917 τῆς
991 1872 1122 1916 οἰκείας

95 1938 241 1982 ἀτοπίας
258 1938 410 1977 δείκνυσι
425 1937 489 1985 τὴν
505 1937 716 1990 ὑπερὸολήν.
756 1937 825 1976 Καὶ
845 1938 1004 1991 καθάπερ
1019 1942 1037 1977 ὁ
1061 1955 1120 1990 με·

94 2006 197 2052 θύων,
220 2005 302 2044 ὅταν
326 2005 389 2055 μὲν
414 2003 524 2044 πολὺν
549 2005 607 2043 τὸν
628 2005 780 2057 ἄκρατον
808 2004 929 2058 ἐγχέῃ,
957 2006 1120 2058 οὐδεμίαν

93 2070 255 2116 αἴσθησιν
275 2070 450 2121 λαμὲάνει
466 2073 527 2117 τῆς
545 2072 585 2108 ἐκ
604 2073 664 2108 τοῦ
683 2070 773 2109 οἴνου
791 2071 978 2123 γινομένης
992 2071 1118 2123 λύμης,

94 2134 184 2185 μετὰ
212 2134 377 2173 δὲταῦτα
404 2135 460 2173 διὰ
485 2138 546 2182 τῆς
575 2135 698 2188 πείρας
723 2137 829 2182 αὐτῆς
862 2136 1029 2187 μανθάνει
1058 2139 1121 2184 τῆς

95 2201 229 2253 βλάὸης
248 2202 287 2240 τὸ
308 2202 452 2255 μέγεθος
465 2219 472 2226 ·
501 2202 593 2240 οὕτω
612 2203 670 2241 καὶ
689 2207 712 2249 ἡ
733 2203 890 2255 ἁμαρτία
903 2219 911 2226 ·
932 2204 1038 2256 μέχρι
1057 2202 1120 2254 μὲν

92 2270 132 2308 ἂν
160 2269 176 2290 ¹³
190 2271 348 2322 τελεσθῇ,
369 2276 486 2310 σκοτοῖ
505 2271 563 2309 τὸν
580 2271 747 2323 λογισμὸν
763 2300 772 2318 ,
803 2270 862 2309 καὶ
881 2270 1040 2324 καθάπερ
1062 2287 1114 2309 νε-

92 2338 178 2391 φέλη
193 2339 322 2386 πυκνὴ,
340 2338 430 2377 οὕτω
446 2345 553 2392 πηροῖ
569 2339 633 2387 τὴν
650 2339 802 2378 διάνοιαν
817 2355 824 2362 ·
845 2337 988 2392 ὕστερον
1012 2338 1049 2377 δὲ
1078 2340 1119 2379 τὸ

93 2407 243 2450 συνειδὸς
261 2406 596 2459 κατεξανιστάμενον
615 2407 744 2451 παντὸς
760 2406 959 2460 κατηγόρου
975 2407 1119 2462 σφοδρό-

92 2490 190 2527 τερον
219 2474 419 2519 καταξαίνει
437 2475 500 2523 τὴν
523 2475 689 2524 διάνοιαν,
710 2476 769 2515 καὶ
792 2476 945 2516 δείκνυσι
963 2480 1032 2515 τῶν
1053 2492 1117 2529 γε-

92 2541 291 2593 γενημένων
316 2541 380 2589 τὴν
405 2543 566 2582 ἀτοπίαν.
601 2543 698 2595 e'Optat
724 2545 794 2597 γὰρ
813 2545 873 2583 καὶ
891 2545 1033 2589 τούτους
1058 2550 1118 2584 νῦν

93 2611 141 2652 εἷς
168 2609 328 2656 αἴσθησιν
359 2610 587 2663 ἐρχομένους,
626 2612 687 2650 καὶ
710 2611 768 2651 ὅτε
798 2612 879 2665 περὶ
904 2617 966 2652 τοῦ
989 2613 1120 2657 παντὸς

92 2670 180 2715 εἶδον
195 2679 328 2721 ἑαυτοῖς
345 2679 624 2731 ἐπικρεμάμενον
641 2680 700 2718 τὸν
717 2680 888 2731 κίνδυνον,
906 2681 985 2720 τότε
1001 2680 1119 2733 ἐξομο-

91 2743 318 2796 λογουμένους
336 2745 381 2784 τὰ
402 2747 462 2784 ὑπ’
486 2747 598 2785 αὐτῶν
620 2749 850 2800 γεγενημένα,
867 2749 925 2788 καὶ
941 2748 1118 2801 λέγοντας·

92 2809 201 2848 ’Ναῖ“
237 2812 272 2849 ἐν
305 2812 494 2866 ἁμαρτίαις
523 2814 590 2868 γάρ
627 2817 733 2868 ἔσμεν
763 2817 843 2870 περὶ
876 2821 936 2857 τοῦ
969 2818 1119 2869 ἀδελφοῦ

93 2878 218 2927 ἡμῶν,
247 2876 301 2916 ὅτι
323 2880 550 2932 ὑπερείδομεν
568 2881 631 2930 τὴν
652 2884 767 2937 θλίψιν
786 2888 848 2932 τῆς
869 2886 986 2938 ψυχῆς
1003 2886 1119 2923 αὐτοῦ.

94 2943 174 2995 Οὐχ
187 2943 306 2987 ἅπλῶς
317 2945 394 2984 Οὐδὲ
409 2946 536 2996 μάτην,
546 2949 646 3001 φησὶ,
658 2955 770 2990 ταῦτα
779 2952 1013 3005 ὑπομένομεν,
1029 2952 1119 2992 ἀλλὰ

94 3010 251 3057 δικαίως,
279 3012 338 3050 καὶ
358 3012 491 3066 σφόδρα
511 3015 652 3061 δικαίως
665 3034 673 3042 ·
696 3019 794 3064 δίκας
811 3021 879 3074 γὰρ
900 3021 1039 3073 δίδομεν
1057 3024 1120 3068 τ’ἧς

93 3079 343 3131 ἀπανθρωπίας
363 3080 422 3118 καὶ
441 3083 504 3126 ῒῆς
519 3082 713 3132 ὤμ’ἷτητος,
733 3079 775 3132 ἧς
793 3089 873 3140 περὶ
891 3089 950 3128 τὸν
970 3088 1117 3141 ἀδελφὸν

93 3145 341 3196 ἐπεδειξάμεθα
353 3162 361 3170 ·
379 3146 463 3186 ’Ότι
479 3150 705 3202 ὑπερείδομεν
721 3152 785 3200 τὴν
796 3154 911 3208 θλίψιν
926 3158 988 3203 τῆς
1004 3157 1120 3208 ψυγῆς

96 3211 198 3249 αὐτοῦ
213 3242 223 3259 ,
255 3212 312 3252 ὅτε
338 3215 521 3255 κατεδέετο
545 3220 646 3268 ἡμῶν
663 3248 673 3267 ,
706 3219 766 3258 καὶ
785 3222 846 3259 οὐκ
863 3222 1119 3274 εἰσηκούσαμεν

138 3315 186 3372 ·.[
204 3315 403 3360 Scripsimus
419 3331 494 3353 cum
511 3321 614 3355 Coisl.
646 3330 770 3368 γένοιτο,
788 3329 875 3366 δῆλον
890 3332 973 3363 ἔσται
985 3355 994 3370 ,
1012 3327 1105 3372 quod

95 3377 282 3409 conjecerat
304 3370 406 3404 Savil.
425 3371 596 3407 Edebatur
610 3383 748 3419 γένηται,
774 3381 800 3412 ὅ.
819 3384 892 3414 ἐστι’·
908 3380 1010 3414 Paulo
1027 3388 1104 3413 ante

96 3473 241 3515 ,calvi-J

1130 241 1199 273 Es.
1239 241 1399 272 uomit..
1441 242 1565 274 Lxlv.

2058 248 2146 292 707

1195 339 1274 376 quae
1285 324 1421 376 dicitis,
1441 335 1476 364 et
1493 325 1662 364 liberabit
1679 339 1742 365 vos
1759 324 1805 364 ab
1823 326 1920 364 omni
1937 327 2148 379 suspicione.

1194 388 1287 426 Nam
1307 387 1336 425 si
1354 388 1421 426 hoc
1445 403 1515 427 non
1539 388 1658 437 suerit,
1683 388 1913 427 manifestum
1931 398 1984 426 est
2003 403 2066 427 vos
2084 404 2149 427 ex—

1192 449 1388 502 ploratores
1417 464 1504 499 esse,
1534 460 1567 489 et
1599 459 1785 504 propterea
1817 450 1889 488 huc
1920 450 2069 489 venisse.
2104 449 2152 487 Et

1193 511 1261 550 hoc
1284 526 1366 550 cum
1386 512 1551 559 dixisset,
1578 514 1640 552 17.
1669 515 1807 551 Posuit
1829 526 1891 550 eos
1912 515 1953 550 in
1979 526 2147 551 carcere.

1193 573 1288 614 Vide
1304 575 1484 625 quomodo
1503 575 1663 627 ipsorum
1693 575 1819 627 prohat
1837 575 2011 622 animum,
2033 583 2065 611 et
2089 588 2151 626 per

1191 650 1230 674 ea
1245 650 1324 687 quae
1354 636 1389 674 in
1417 636 1499 674 illos
1524 636 1613 687 agit,
1638 651 1740 674 suam
1759 650 1841 687 erga
1861 637 2008 674 fratrem
2033 634 2151 673 decla-

1192 707 1246 736 rat
1260 698 1557 737 benevolentiam.
1575 699 1668 736 Post
1687 708 1761 737 tres
1786 707 1915 736 autem
1929 698 2011 735 dies
2029 710 2151 734 voca-

1193 763 1241 799 tis
1265 761 1346 799 illis
1373 762 1471 799 dixit
1495 779 1504 798 :
1526 762 1588 799 18.
1622 763 1707 799 Hoc
1722 762 1869 814 facite,
1902 768 1937 797 et
1970 761 2112 796 vivetis
2137 773 2148 793 .-

1192 825 1320 862 Deum
1345 826 1448 862 enim
1478 837 1546 876 ego
1568 826 1696 861 timeo.
1722 823 1784 860 19.
1801 823 1841 861 Si
1858 822 2016 874 pacifici
2042 823 2147 869 estis,

1191 901 1291 925 unus
1287 887 1467 941 fratrum
1475 894 1692 924 vestr-orum
1705 886 1926 922 detineatur
1935 885 1997 921 hic
2011 886 2052 920 in
2066 896 2152 920 car-

1191 962 1288 995 cere,
1326 961 1397 986 vos
1427 956 1557 985 aulem
1584 947 1894 1000 proficiscimini;
1928 954 1964 983 et
1998 945 2152 982 avellite

1192 1011 1728 1064 emtionem·frumentationis
1748 1017 1903 1053 νας-τηε,
1921 1010 1986 1045 90.
2010 1015 2047 1045 et
2063 1008 2151 1058 sra-

1193 1082 1288 1112 trem
1307 1081 1482 1111 ‘vestrum
1498 1074 1695 1124 juniorem
1711 1071 1841 1109 ducite
1857 1071 1912 1108 ad
1927 1084 2000 1115 me,
2020 1077 2054 1106 et
2070 1082 2151 1106 cre-

1192 1136 1333 1174 dibilia
1353 1143 1465 1174 erunt
1484 1136 1609 1172 verba
1635 1141 1770 1172 vestra
1792 1149 1802 1169 .-
1825 1133 1931 1186 quod
1948 1134 1981 1169 si
2006 1134 2149 1181 minus,

1191 1200 1422 1236 moriemini.
1437 1195 1629 1234 Considera
1645 1194 1886 1245 sagacitatem.
1903 1193 2038 1232 Volcns
2050 1206 2153 1229 suam

1191 1271 1273 1308 erga
1308 1256 1389 1294 illos
1427 1254 1712 1293 benevolentiam
1746 1253 1938 1294 declarare,
1974 1261 2007 1290 et
2038 1252 2152 1304 patris

1190 1319 1378 1372 penuriam
1402 1317 1593 1366 consolari,
1613 1315 1728 1367 deque
1751 1316 1860 1353 fratre
1884 1314 2073 1353 veritatem
2096 1313 2153 1352 di-

1191 1395 1299 1430 scere,
1319 1394 1391 1419 uno
1417 1388 1568 1428 retento,
1590 1377 1680 1416 alios
1708 1377 1806 1415 abire
1828 1376 1949 1429 jussit.
1971 1375 2044 1415 Sed
2068 1375 2153 1414 vide

1191 1457 1286 1481 nunc
1316 1441 1497 1494 quomodo
1523 1440 1735 1479 conscientia
1760 1454 1897 1489 eorum,
1924 1439 2153 1491 incorruptus

1190 1505 1252 1542 ille
1268 1504 1398 1557 judex,
1429 1502 1602 1542 adversus
1632 1516 1690 1540 eos
1715 1501 1887 1553 insurgat,
1909 1510 1943 1539 et
1971 1501 2071 1539 nullo
2097 1516 2154 1539 ar-

1191 1572 1334 1616 guente,
1350 1562 1409 1601 vel
1426 1561 1462 1600 in
1479 1561 1639 1599 medium
1659 1557 1848 1613 quidpiam
1875 1561 2055 1609 asserente,
2085 1561 2154 1614 ipsi

1192 1624 1248 1663 sui
1267 1624 1429 1677 ipsorum
1455 1632 1677 1661 accusatores
1700 1622 1796 1659 fiant.
1821 1623 1937 1661 Dia-it
1964 1622 2075 1669 enim,
2098 1623 2154 1661 in-

1191 1685 1283 1737 quit,
1300 1688 1562 1738 unusquisque
1575 1684 1812 1737 adsratrem
1834 1697 1961 1729 suum,
1985 1685 2050 1721 91.
2069 1685 2154 1722 Me-

1192 1750 1267 1786 rito
1292 1764 1303 1784 .·
1326 1751 1368 1785 in
1400 1748 1569 1799 peccatis
1597 1747 1700 1783 enim
1729 1759 1864 1783 sumus
1889 1754 2047 1797 propter
2058 1746 2154 1799 fra-

1194 1817 1290 1847 trem
1305 1818 1493 1855 nostrum,
1516 1810 1611 1861 quia
1627 1808 1871 1858 despeximus
1894 1807 2154 1862 cgfflz'etionem

1193 1874 1336 1910 animoe
1369 1873 1465 1924 ejus,
1495 1869 1654 1922 quando
1683 1869 1965 1920 deprecabatur·
1998 1883 2081 1915 nos,
2117 1879 2154 1908 et

1193 1947 1272 1971 non
1291 1933 1560 1971 exaudivimus
1575 1945 1678 1976 eum;
1693 1938 1851 1983 propter
1869 1931 1942 1968 hoc
1960 1933 2070 1968 venit
2089 1945 2154 1970 su-

1189 2009 1260 2048 per·
1278 2009 1347 2033 nos
1367 1997 1491 2033 omnis
1512 1993 1679 2049 ‘PffliCtiO
1700 1993 1795 2030 hcee.
1816 1992 1870 2030 Ita
1887 1992 1983 2030 enim
1998 1992 2154 2032 sehabet

1191 2066 1397 2110 peccatum;
1417 2055 1564 2108 quando
1597 2063 1887 2093 consummatum
1909 2063 1960 2092 est
1981 2063 2015 2092 et
2049 2069 2155 2107 opere

1191 2119 1402 2171 perfeetum,
1422 2127 1506 2156 tunc
1520 2131 1594 2155 suae
1609 2115 1844 2154 absurditatis
1863 2114 2017 2153 ostendit
2032 2129 2154 2154 exces-

1191 2194 1282 2218 sum.
1298 2179 1346 2218 Et
1361 2179 1454 2217 sicut
1477 2178 1612 2227 ebrius,
1634 2175 1780 2228 quando
1810 2176 1923 2214 multo
1944 2175 2028 2214 vino
2043 2190 2080 2214 se
2102 2176 2154 2214 in-

1191 2241 1362 2293 gurgitat,
1380 2240 1523 2279 nullum
1555 2237 1661 2277 sentit
1678 2252 1696 2275 a
1716 2237 1803 2275 vino
1823 2236 2012 2285 damnum,
2034 2246 2155 2289 postea

1130 2315 1175 2339 6¹11
1190 2312 1309 2340 autem
1323 2301 1428 2341 sentit
1441 2300 1685 2354 experimento
1704 2308 1879 2351 quantum
1899 2299 1943 2336 sit
1959 2298 2154 2337 detrimen-

1142 2353 1166 2382 A
1191 2361 1730 2416 tum:itaetpeccatum3donec
1746 2369 2028 2410 consummetur,
2059 2360 2158 2399 ohte-

1190 2425 1315 2464 nebrat
1334 2434 1489 2463 mentem
1501 2433 1535 2462 et
1554 2423 1655 2475 quasi
1671 2422 1781 2460 densa
1797 2422 1922 2470 nubes,
1936 2421 1983 2460 ita
2003 2431 2157 2460 mentem

1189 2496 1346 2526 excaecat
1368 2503 1376 2523 :
1394 2485 1525 2525 deinde
1553 2483 1766 2524 conscientia
1787 2483 1956 2535 insurgit,
1978 2491 2011 2521 et
2026 2483 2156 2534 quovis

1190 2557 1394 2587 accusatore
1413 2556 1567 2585 mentem
1593 2545 1739 2596 gravius
1770 2544 1922 2591 arrodit,
1955 2553 2156 2582 monstrans

1191 2608 1450 2649 absurditatem
1474 2607 1570 2646 facti.
1591 2606 1788 2644 Enimvero
1810 2605 1895 2643 vide
1914 2619 2009 2643 nunc
2028 2605 2094 2643 hos
2117 2605 2154 2642 in

1189 2670 1327 2725 peccati
1346 2683 1486 2708 sensum
1507 2667 1708 2714 venientcs;
1726 2675 1759 2704 et
1778 2680 1860 2703 cum
1879 2665 1924 2703 de
1946 2679 2084 2703 summa
2098 2679 2154 2703 sa-

1191 2732 1276 2771 lutis
1298 2730 1499 2784 periculum
1519 2728 1734 2775 immineret,
1764 2736 1849 2765 tunc
1867 2726 2013 2765 tandem
2042 2727 2155 2765 confi-

1192 2801 1304 2831 tentes
1328 2806 1408 2842 quae
1444 2791 1610 2837 fecerant,
1644 2798 1676 2827 et
1712 2788 1884 2837 dicentes,
1920 2791 2064 2827 Illerito
2080 2805 2091 2825 .·
2114 2792 2157 2827 in

1189 2855 1359 2907 peccatis
1371 2854 1475 2891 enim
1485 2865 1566 2890 sum
1572 2865 1616 2889 us
1621 2858 1778 2903 propter:
1782 2851 1948 2900 fratrem
1963 2859 2152 2897 nostrum,

1192 2916 1379 2968 quoniam
1392 2914 1634 2965 despeximus
1644 2911 2155 2966 efflictionem'animoeejus.

1192 2978 1271 3015 Non
1291 2973 1452 3021 fortuito,
1480 2987 1595 3023 neque
1614 2972 1690 3010 sine
1710 2986 1814 3009 eausa
1835 2971 1912 3010 haec
1929 2972 2156 3018 sustinemus,

1192 3037 1256 3076 scd
1269 3037 1366 3089 juste
1378 3044 1412 3073 et
1428 3034 1536 3072 valde
1547 3035 1644 3085 juste
1658 3047 1779 3086 poenas
1798 3033 1934 3072 luimus
1954 3034 2155 3072 inhumani-

1192 3097 1276 3136 tatis
1295 3106 1328 3135 ct
1347 3095 1570 3134 crudelitatis
1591 3109 1702 3146 quam
1727 3109 1809 3147 erga
1828 3096 1974 3134 fratrem
1994 3105 2154 3134 nostrum

1194 3158 1443 3206 exhibuimus;
1453 3158 1647 3208 Quoniam
1657 3158 2158 3211 τίθεμαι-ἱππιιςιζήἷίστὶοηυιιι»

1147 3231 1166 3260 Β
1195 3225 1338 3260 animoe
1374 3222 1470 3273 ejus,
1503 3220 1661 3271 quando
1677 3220 1974 3272 'deprecabatur
2004 3233 2086 3262 nos,
2120 3226 2155 3255 et

1142 952 1166 981 D

1144 1695 1167 1724 E

1184 3328 1200 3352 b
1224 3327 1379 3368 Quinque
1394 3325 1470 3359 Mss.
1491 3329 1644 3370 τελειωθῇ.

147 3421 153 3427 ‚
1183 3389 1196 3403 ¹¹
1223 3384 1279 3412 ‚vui
1296 3377 1374 3410 alibi
1395 3377 1552 3410 vertimus
1570 3385 1665 3417 certe,
1683 3388 1756 3420 quae
1781 3384 1830 3409 est
1847 3377 1980 3420 propria
1999 3375 2092 3407 vocis
2117 3374 2160 3405 si-

95 3418 196 3451 C⁰¹⁵l'
226 3425 278 3459 ἕως
294 3427 329 3456 ἂν
343 3431 447 3464 ἐκεῖνος
467 3430 685 3471 *membrave
706 3429 781 3462 Mox
798 3430 886 3464 Cois!
916 3439 948 3465 et
972 3432 1057 3465 Bibl.
1079 3437 1107 3466 ἐν
1140 3432 1322 3476 gnificatio.
1342 3431 1407 3464 Sed
1426 3431 1479 3464 liic
1494 3432 1610 3463 merito
1625 3429 1746 3463 clarius
1759 3431 1910 3473 exprimit
1933 3435 2077 3460 tuentem
2096 3426 2162 3459 sru-

1143 3494 1231 3517 trum
1250 3483 1386 3527 josephi
1404 3510 1410 3524 ‚
1429 3492 1466 3517 ut
1484 3494 1522 3516 cx
1536 3485 1615 3517 serie
1633 3482 1747 3526 liquet.

2198 1374 2358 1404 Conscien-

2167 1419 2205 1445 tia
2237 1418 2356 1446 damnat

2207 1462 2354 1487 conscium

2167 1503 2288 1540 peccati.
