2566 3791
709 221 752 252 IN
791 220 891 252 cAt‘.
932 219 978 248 V.
1018 215 1181 247 GENES.
1221 213 1377 244 llOMlL.
1408 214 1520 244 xxti.
2060 219 2147 262 227

1195 306 1327 349 quanto
1342 297 1455 349 magis
1473 297 1643 347 solvitur,
1665 306 1760 335 tanto
1785 298 1898 348 magis
1911 308 2082 349 augeatur
2098 309 2151 343 ,et
2167 303 2277 329 mun„
2301 314 2354 329 ¹···-

99 309 187 349 ἀλλὰ
218 307 276 346 καὶ
305 307 383 358 ἐμοὶ
409 309 460 360 τῷ
481 306 751 346 καταὸάλλοντι.
779 305 848 344 Καὶ
869 303 902 342 τί
933 301 1025 354 λέγω
1045 300 1122 351 ἐμοὶ
1362 358 1368 364 1
1535 357 1542 365 .
1679 358 1685 365 ι
1734 357 1740 365 ⁸
1957 359 1963 365 θ
2091 360 2097 366 ⁶
2166 349 2195 371 m
2242 350 2321 369 ΗΜ,

1196 358 1430 396 substanttam
1447 372 1562 410 magis
1582 358 1810 411 multiplicet,
1831 368 1935 410 atque
1956 360 2151 398 ineffabiles
2201 355 2228 371 ‘³
2251 356 2257 380 ¹
2283 363 2288 370 “

97 374 147 424 τῷ
174 369 449 416 καταὸάλλοντι;
480 367 638 414 Τοιαύτη
666 366 788 405 τούτου
822 371 882 404 τοῦ
915 364 1037 418 χρέους
1065 365 1125 401 τοῦ

96 433 332 481 πνευματικοῦ
350 433 374 476 ἡ
391 429 508 483 φύσις,
527 429 581 468 ὅτι
599 428 670 481 ὅσῳ
689 428 730 466 ἂν
749 427 1038 472 καταθάλληται,
1066 439 1124 462 το-

1194 423 1342 462 divitias
1358 424 1482 462 asserat
1503 433 1573 462 tam
1592 423 1693 462 danti
1718 455 1727 471 ‚
1748 439 1855 475 quam
1876 424 2147 476 accipientibus.

95 491 206 531 σούτω
225 492 358 541 μᾶλλον
374 490 531 537 αὔξεται,
547 490 607 529 καὶ
622 491 766 529 πλείονα
779 489 842 536 τὴν
854 487 1054 540 περιουσίαν
1070 489 1124 538 ἐρ·
1136 512 1182 537 ‚9³
1196 485 1332 525 Vidisti
1346 499 1475 523 novam
1490 485 1608 531 *debiti
1623 495 1800 534 naturam,
1820 495 1853 524 et
1870 500 1985 524 raram
2002 486 2149 523 solutio-

95 530 257 604 γᾶζεται,
275 552 335 590 καὶ
351 551 481 604 ἄφατον
494 551 552 589 τὸν
568 553 718 590 πλοῦτον
732 551 791 589 καὶ
805 552 856 602 τῷ
867 547 1124 587 καταὸάλλοντι
1147 549 1171 577 Λ
1197 547 1250 584 nis
1268 546 1420 599 speciem
1437 547 1454 584 Ξ)
1475 547 1516 585 ln
1544 547 1638 585 bunc
1654 547 1749 585 enim
1781 546 1926 584 modum
1959 560 1995 584 se
2021 547 2153 585 babent

94 613 155 653 καὶ
185 619 258 656 τοῖς
283 613 562 664 ὑποδεχομένοις.
596 606 696 655 Εἶδες
725 610 847 657 καινὴν
868 609 991 662 χρέους
1022 606 1122 659 φύσιν

94 675 156 713 καὶ
175 674 267 720 ξένον
286 674 484 721 καταὸολῆς
510 668 618 721 εἶδος
634 675 667 712 Τ
669 678 790 712 οιαῦτα
810 671 877 723 γὰρ
896 670 940 708 τὰ
965 684 1113 717 πνευμα-

95 736 178 776 τικοί
190 752 198 760 ·
212 739 254 787 τῇ
272 737 419 787 διανομῇ
441 737 573 787 μᾶλλον
595 734 754 781 αὔξεται,
774 733 833 772 καὶ
853 735 896 783 τῇ
913 733 981 769 τῶν
998 729 1122 768 πλειό-

97 813 165 835 νων
185 796 379 848 μεταλήψει
405 797 532 834 πλείων
553 799 574 841 ἡ
593 795 776 848 περιουσία
795 793 946 844 γίνεται,
967 790 1028 829 καὶ
1044 789 1121 828 οὔτε

97 859 117 894 ὁ
133 854 365 896 καταὸάλλων
386 854 545 901 αἴσθησίν
560 868 639 892 τινα
649 856 712 899 τῆς
725 851 924 896 καταδολῆς
936 849 1122 900 λαμίῗάνει,

97 915 188 954 ἀλλὰ
218 915 278 953 καὶ
311 914 450 959 αὔξεται
482 916 577 966 αὐτῷ
600 913 645 952 τὰ
676 917 739 960 τῆς
767 911 990 964 περιουσίας,
1012 910 1070 948 καὶ
1092 911 1124 948 οἱ

97 975 348 1027 ὑποδεχόμενοι
378 981 393 997 ⁸
407 978 442 1014 ἐν
487 974 620 1014 πλείονι
657 973 839 1026 περιουσίᾳ
879 971 1122 1011 καθίστανται.

95 1033 198 1074 Ἐπεὶ
214 1028 272 1072 οὖν
287 1033 431 1080 τοιαύτη
460 1036 528 1072 τῶν
546 1034 793 1083 πνευματικῶν
809 1030 939 1070 τούτων
961 1034 983 1077 ἡ
1008 1030 1124 1082 φύσις,

98 1094 189 1145 μετὰ
209 1095 324 1142 πάσης
347 1094 543 1148 προθυμίας
568 1094 628 1132 καὶ
661 1097 764 1144 ἡμεῖς
794 1092 880 1145 πρὸς
909 1091 972 1139 τὴν
994 1090 1124 1129 ἔκτισιν

97 1157 322 1208 σπεύδωμεν,
342 1157 401 1195 καὶ
421 1159 520 1207 ὑμεῖς
545 1157 632 1209 πρὸς
657 1156 720 1203 τὴν
740 1155 914 1207 ὑποδοχὴν
932 1154 995 1198 τὰς
1021 1153 1127 1197 ἀκοὰς

96 1218 322 1269 εὖτρεπίσατε
336 1247 346 1261 ,
367 1217 424 1256 ἵνα
439 1217 584 1261 ἕκαστος
604 1220 702 1268 ὑμῶν
717 1215 940 1266 ἡπλωμένοις
965 1221 1036 1257 τοῖς
1064 1217 1128 1260 τῆς

96 1278 250 1322 διανοίας
268 1279 409 1322 κόλποις
441 1278 693 1329 ὑποδεξάμενος
719 1277 765 1316 τὰ
790 1279 874 1330 παρ’
894 1278 995 1327 ἡμῶν
1020 1276 1126 1327 λεγό-

100 1354 187 1389 μενα
200 1368 210 1385 ,
227 1340 335 1382 οὕτως
355 1339 473 1377 οἴκαδε
488 1338 715 1392 ἀναχωρήσῃ.
736 1338 850 1375 Πάλιν
869 1336 937 1390 γὰρ
952 1336 1015 1384 τὴν
1035 1336 1128 1375 κατὰ

97 1399 155 1438 τὸν
174 1399 304 1437 δίκαιον
333 1401 410 1437 Νῶε
439 1398 600 1438 ὑπόθεσιν
631 1401 679 1441 εἰς
711 1398 816 1449 μέσον
838 1400 980 1450 ἀγαγεῖν
1009 1398 1129 1450 βούλο-

101 1476 167 1510 μαι
179 1490 190 1507 ,
201 1459 258 1498 ἵνα
272 1464 332 1498 τοῦ
348 1460 482 1498 δικαίου
498 1459 562 1506 τὴν
581 1459 714 1506 πολλὴν
734 1459 861 1512 ἀρετὴν
881 1460 1129 1510 καταμάθητε,

96 1521 158 1561 καὶ
173 1519 236 1566 τὴν
252 1521 384 1573 ἄφατον
403 1525 462 1560 τοῦ
481 1521 573 1559 Θεοῦ
600 1519 885 1573 φιλανθρωπίαν,
903 1520 964 1558 καὶ
982 1519 1046 1567 τὴν
1063 1535 1130 1570 μα-

99 1581 292 1633 κροθυμίαν
307 1580 371 1628 τὴν
390 1581 507 1620 πάντα
524 1581 625 1632 λόγον
646 1580 939 1633 ὑπερὲαίνουσαν.
956 1581 1131 1632 Ἐμάθετε

95 1640 197 1692 χθὲς,
225 1643 298 1683 πῶς
329 1642 369 1678 ἐκ
401 1639 594 1692 προοιμίων
627 1642 691 1686 τ’ἧς
722 1640 916 1691 γεννήσεως
948 1643 966 1678 ὁ
999 1640 1131 1684 δίκαιος

96 1695 195 1746 οὗτος
213 1701 396 1751 δεξάμενος
417 1701 515 1754 παρὰ
546 1705 607 1739 τοῦ
633 1701 766 1754 πατρὸς
783 1701 847 1748 τὴν
871 1701 1130 1756 προσηγορίαν,

98 1769 186 1801 πᾶσι
207 1768 280 1807 τοῖς
311 1763 390 1802 τότε
422 1763 616 1817 ἀνθρώποις
649 1757 725 1801 οῧσι
755 1762 894 1815 περιῄει
923 1763 1132 1806 διδάσκαλος

98 1827 168 1862 τῶν
193 1826 404 1877 συμφορῶν,
432 1824 615 1876 μονονουχὶ
639 1825 729 1874 βοῶν
759 1823 820 1861 καὶ
846 1823 957 1875 λέγων
984 1823 1040 1861 διὰ
1071 1828 1132 1862 τοῦ
1153 1828 1176 1858 C

99 1885 226 1925 οἰκείου
248 1885 434 1936 ὀνόματος·
457 1885 635 1932 ἀπόστητε
659 1889 722 1931 τῆς
742 1885 887 1932 κακίας,
919 1885 1130 1937 μετέρχεσθε

101 1946 165 1993 τὴν
197 1946 345 1999 ἀρετὴν,
378 1946 555 1999 φοὸήθητε
589 1945 654 1991 τὴν
687 1944 934 1997 ἐπηρτημένην
963 1945 1130 1984 κόλασιν·

102 2007 216 2045 κοινὸν
235 2007 376 2045 ἅπασαν
395 2007 458 2054 τὴν
485 2005 692 2058 οἰκουμένην
722 2006 967 2058 καταλήψεται
997 2006 1133 2045 κλυδώ-

102 2083 188 2106 νιον.
214 2067 337 2113 Πολλὴ
367 2069 431 2114 τῆς
462 2067 734 2118 ἀγανακτήσεως
755 2070 773 2113 ἡ
794 2066 992 2117 ὑπερὸολὴ,
1012 2067 1132 2114 ἐπειδὴ

103 2128 163 2167 καὶ
179 2129 292 2175 πολλὴ
307 2131 371 2174 τῆς
389 2127 514 2171 κακίας
535 2131 554 2174 ἡ
575 2127 675 2180 φορά.
705 2128 777 2167 Καὶ
795 2131 897 2166 τοῦτο
917 2130 978 2166 οὐκ
993 2128 1051 2167 ἐπὶ
1071 2129 1134 2166 δυ-

102 2190 158 2228 σὶν
175 2189 199 2235 ἣ
213 2189 325 2240 τρισὶν
346 2188 456 2229 ἔτεσιν
477 2188 607 2234 ἐποίει,
637 2189 715 2226 ἀλλ’
735 2188 795 2226 ἐπὶ
823 2187 1038 2229 πεντακόσια
1071 2188 1131 2235 ἔτη

102 2248 264 2300 διήρκεσε
288 2253 399 2287 ταῦτα
424 2251 618 2302 παραινῶν.
657 2248 778 2287 Εἴδετε
805 2249 1050 2301 μακροθυμίαν
1067 2251 1134 2288 Δε-

101 2309 251 2358 σπότου,
275 2310 382 2348 εἴδετε
402 2309 617 2361 ἀγαθότητος
644 2309 862 2363 ὑπερὸολήν;
886 2309 996 2348 εἴδετε
1017 2310 1130 2355 ἀνεξι-

101 2370 227 2411 κακίαν
242 2371 372 2424 ἄφατον
386 2389 396 2419 ;
413 2371 520 2410 εἴδετε
537 2371 663 2416 κακίας
680 2371 861 2420 ἐπίτασιν;
883 2373 992 2411 εἴδετε
1011 2374 1132 2424 ἀγνω-

104 2431 258 2482 μοσύνης
288 2433 447 2484 μέγεθος;
467 2433 585 2486 Μέχρι
611 2433 680 2486 γὰρ
699 2433 839 2481 τούτου,
866 2436 914 2477 ὡς
939 2433 1033 2482 ἴστε,
1052 2434 1133 2486 χθὲς

103 2498 189 2542 ἡμῖν
220 2492 266 2531 τὰ
293 2496 355 2539 τῆς
384 2493 610 2538 διδασκαλίας
634 2494 732 2538 τέλος
766 2495 910 2534 ἔλαὸεν·
944 2497 1132 2546 ἀναγκαῖον

105 2552 218 2591 τοίνυν
251 2553 404 2605 σήμερον
436 2558 652 2605 καταμαθεῖν
669 2584 679 2601 ,
712 2555 807 2600 ὅπως
839 2559 858 2595 ὁ
894 2557 1135 2609 φιλάνθρωπος
1154 2566 1180 2596 D

105 2613 287 2660 Δεσπότης
315 2613 379 2661 τὴν
409 2614 538 2653 οἰκείαν
570 2616 770 2668 ἀγαθότητα
807 2617 1020 2669 μιμούμενος
1056 2617 1134 2656 οὐδὲ

107 2674 213 2726 μέχρι
230 2677 299 2713 τῶν
312 2675 552 2714 πεντακοσίων
582 2677 669 2715 ἐτῶν
695 2676 780 2723 ἔστη
792 2707 803 2725 ,
823 2678 914 2717 ἀλλὰ
933 2677 993 2716 καὶ
1011 2678 1133 2731 ἑτέραν

105 2736 307 2787 προσθήκην
325 2736 406 2788 περὶ
425 2735 503 2781 τοὺς
521 2740 676 2776 τοσαῦτα
694 2739 946 2791 ἡμαρτηκότας
970 2739 1135 2792 προνοίας

106 2796 317 2842 ἐπεδείξατο.
341 2797 411 2836 Καὶ
428 2791 471 2843 ἦν
489 2799 589 2846 Νῶε,
618 2799 738 2851 φησὶν,
773 2801 858 2839 ἐτῶν
881 2800 1130 2839 πεντακοσίων.

107 2855 293 2904 Ἐπίτηδες
320 2861 405 2908 ἡμῖν
434 2859 493 2897 τὸν
523 2859 670 2910 ἀριθμὸν
702 2863 772 2899 τῶν
799 2863 887 2900 ἐτῶν
907 2865 968 2900 τοῦ
999 2861 1134 2900 δικαίου

107 2917 352 2967 ἐπεσημήνατο
374 2921 397 2965 ἡ
427 2918 504 2957 θεία
537 2919 682 2972 Γραφὴ,
702 2919 760 2959 ἵνα
788 2921 955 2974 μάθωμεν
980 2925 1016 2962 ἐν
1034 2922 1134 2975 πόσῳ

108 2977 223 3030 χρόνῳ
247 2978 417 3018 διετέλεσε
441 2983 621 3033 παραινῶν
653 2982 787 3031 αὐτοῖς,
809 2983 868 3021 καὶ
901 2986 976 3028 πῶς
1008 2986 1134 3022 ἐκεῖνοι

109 3036 174 3088 μὲν
193 3037 257 3084 τὴν
277 3041 341 3085 τῆς
359 3039 496 3084 κακίας·
510 3040 586 3079 ὁδὸν
605 3042 783 3094 ἑλόμενοι,
801 3046 837 3083 ἐν
851 3044 962 3096 ταύτῃ
982 3045 1135 3085 κατεδα-

109 3102 288 3138 πανῶντο·
307 3103 326 3138 ὁ
342 3101 378 3139 δὲ
397 3101 529 3146 δίκαιος
551 3103 758 3149 ἀπσναντίας
774 3104 887 3144 ἅπασι
906 3105 1136 3157 πορευόμενος

109 3158 172 3206 τὴν
190 3160 299 3212 ἄκραν
316 3161 442 3213 ἀρετὴν
455 3162 654 3208 ἐπεδείξατο
666 3193 676 3212 ,
697 3164 789 3204 ὥστε
809 3165 869 3204 καὶ
885 3165 948 3213 τὴν
963 3165 1061 3219 παρὰ
1076 3171 1137 3205 τοῦ

112 3221 207 3258 Θεοῦ
234 3222 496 3271 ἐπισπάσασθαι
518 3224 670 3273 εὔνοιαν,
690 3227 751 3265 καὶ
772 3226 914 3266 πάντων
938 3227 1138 3266 ὑπευθύνων

1194 607 1411 659 spiritualia,
1437 616 1474 644 ut
1504 607 1758 646 distributione
1781 607 1894 659 magis
1924 617 2096 657 crescant,
2119 618 2152 646 et

1195 682 1275 705 cum
1289 668 1393 705 multi
1408 678 1491 706 sunt
1512 669 1715 721 participes,
1737 670 1880 708 uberior
1899 669 1943 707 sit
1964 669 2152 708 abundan-

1194 728 1311 774 tia;et
1329 728 1389 778 qui
1408 730 1620 773 numeravit,
1637 744 1704 767 non
1731 731 1856 769 sentiat
1870 746 1906 768 se
1917 731 2057 782 aliquid
2087 746 2153 769 nu-

1194 801 1357 835 merasse,
1392 788 1684 839 quandoquidem
1706 791 1782 841 ejus
1802 805 1884 842 opes
1902 802 2085 839 crescunt3
2120 802 2153 830 et

1195 848 1238 885 iis
1261 848 1321 899 qui
1338 858 1549 900 acceperunt
1571 850 1685 901 major
1705 850 1811 888 ctiam
1836 852 1935 902 copia
1960 862 2147 891 accrescat.

1196 909 1290 957 Quia
1308 909 1571 960 igiturtalisest
1587 911 1830 963 spiritualium
1848 912 1996 950 istorum
2013 922 2153 959 natura,

1196 983 1324 1022 magna
1354 971 1536 1009 alacritate
1551 972 1658 1010 etiam
1674 986 1738 1012 nos
1759 972 1806 1010 ad
1830 973 2041 1011 solutionem
2060 975 2154 1012 sesti-

1197 1045 1333 1080 nemus,
1349 1041 1383 1071 et
1401 1046 1464 1071 vos
1481 1032 1527 1070 ad
1542 1033 1811 1086 suscipiendum
1834 1048 1936 1072 aures
1955 1049 2154 1073 accommo-

1196 1092 1347 1143 detis,ut
1360 1107 1482 1131 omnes
1496 1107 1577 1131 cum
1592 1094 1673 1132 latis
1685 1094 1794 1132 animi
1806 1095 1944 1132 sinibus
1958 1096 2156 1134 siimseritis

1198 1167 1301 1204 quaea
1312 1154 1415 1192 nobis
1425 1154 1611 1205 dicuntur,
1628 1155 1678 1192 ita
1691 1155 1839 1193 domum
1859 1156 2153 1208 proficiscamini.

1198 1215 1331 1253 lterum
1348 1225 1469 1253 autem
1484 1226 1739 1267 argumentum
1765 1216 1810 1254 de
1822 1217 1920 1269 justo
1941 1219 2015 1256 Noe'
2037 1217 2071 1255 in
2087 1232 2153 1255 me-

1197 1275 1299 1313 dium
1318 1277 1446 1316 afferre
1465 1277 1562 1327 voto,
1578 1287 1617 1316 ut
1637 1278 1723 1330 justi
1744 1291 1912 1330 magnam
1925 1278 2109 1329 virtutem,
2125 1289 2159 1317 et

1198 1336 1417 1375 ineffabilem
1449 1337 1515 1375 Dei
1540 1337 1822 1376 misericordiam
1840 1368 1851 1388 ,
1874 1352 1914 1377 ac
1934 1339 2158 1377 tolerantiam

1199 1412 1277 1450 quae
1296 1412 1439 1437 omnem
1456 1399 1568 1438 animi
1588 1408 1733 1452 captum
1752 1399 1982 1447 transcendit,
1999 1399 2157 1440 discatis.

1201 1460 1387 1499 Didicistis
1405 1461 1498 1512 heri,
1514 1461 1694 1513 quomodo
1708 1462 1754 1499 ab
1770 1471 1849 1500 ortu
1868 1477 1931 1500 suo
1945 1463 2067 1515 justus
2085 1464 2159 1510 ille,

1200 1531 1343 1574 accepto
1357 1536 1377 1559 a
1396 1531 1497 1575 patre
1517 1523 1673 1571 nomine,
1695 1523 1966 1573 obambulabat,
1993 1524 2160 1562 omnibus

1200 1582 1262 1633 qui
1282 1591 1367 1620 tunc
1397 1593 1498 1621 erant
1520 1583 1648 1633 ,doctor
1669 1583 1929 1633 calamitatum,
1958 1585 2059 1635 quasi
2091 1585 2161 1622 cla—

1201 1657 1301 1680 mans
1316 1651 1349 1680 et
1366 1657 1431 1695 per
1446 1644 1567 1696 ipsum
1582 1658 1709 1683 nomen
1720 1659 1827 1683 suum
1843 1644 1980 1683 dicens:
1993 1645 2162 1684 Desistite

1200 1718 1220 1741 a
1252 1704 1347 1742 malo
1360 1733 1371 1753 ‚
1407 1705 1603 1755 operamini
1646 1705 1832 1755 virtutem,
1862 1705 1981 1743 timete
2021 1720 2162 1758 poenam

1202 1764 1467 1816 impendentem
1490 1778 1498 1801 :
1520 1779 1708 1803 commune
1725 1764 1908 1804 diluvium
1932 1766 1968 1804 in
1991 1775 2064 1804 toto
2077 1767 2163 1805 orbe

1200 1825 1280 1862 erit.
1306 1826 1434 1877 Ingens
1451 1825 1518 1863 Dei
1532 1825 1733 1877 indignatio
1753 1827 1874 1876 instat,
1889 1826 1972 1878 quia
1987 1836 2019 1865 et
2035 1841 2162 1879 magna

1201 1885 1365 1936 nequitiae
1385 1885 1567 1924 colluvies.
1589 1886 1637 1923 Et
1649 1886 1716 1924 hoc
1735 1901 1804 1925 non
1827 1902 1890 1939 per
1908 1887 2000 1925 duos
2015 1888 2072 1926 vel
2092 1897 2162 1926 tres

1202 1955 1341 1983 tantum
1370 1959 1481 1984 annos
1509 1945 1673 1995 faciebat,
1703 1947 1766 1985 sed
1801 1947 2013 2000 quingentos
2047 1962 2159 1986 annos

1201 2007 1296 2045 vixit
1306 2007 1381 2045 haec
1399 2007 1607 2046 admonens.
1622 2007 1777 2048 Vidistis
1791 2009 2015 2047 tolerantiam
2035 2009 2162 2047 Domi-

1202 2069 1236 2106 ni
1255 2069 1272 2106 ?
1311 2068 1453 2107 vidistis
1494 2068 1665 2107 bonitatis
1696 2070 1976 2108 excellentiam?
2014 2070 2158 2109 vidistis

1203 2129 1420 2168 ineffabilem
1444 2130 1685 2182 patientiam?
1703 2130 1848 2169 vidistis
1873 2131 2018 2169 malitiae
2047 2131 2161 2170 incre-

1202 2200 1319 2229 menta
1332 2191 1350 2228 ¹?
1382 2191 1528 2231 vidistis
1564 2191 1806 2244 improbitatis
1836 2192 2124 2244 magnitudinem
2145 2194 2162 2230 Ρ

1202 2251 1397 2302 Hucusque
1411 2251 1519 2301 enim,
1537 2260 1576 2290 ut
1596 2252 1709 2302 scitis,
1725 2252 1803 2290 heri
1821 2267 1936 2292 sermo
1946 2263 2064 2292 noster
2081 2269 2161 2306 pro-

1202 2313 1322 2351 cessit:
1333 2327 1449 2366 operae
1460 2313 1615 2365 pretium
1625 2314 1795 2366 estigitur
1805 2323 1843 2352 ut
1850 2314 1958 2353 hodie
1967 2315 2161 2363 discamus,

1201 2374 1380 2425 quomodo
1399 2374 1602 2412 misericors
1624 2376 1722 2414 Deus
1741 2389 1807 2427 pro
1830 2390 1894 2414 sua
1921 2376 2079 2414 bonitate
2101 2391 2161 2415 ne-

1199 2449 1269 2486 que
1298 2435 1504 2487 quingentis
1528 2435 1630 2473 annis
1653 2435 1699 2473 ad
1719 2436 1945 2474 tolerantiam
1978 2446 2161 2475 contentus

1201 2496 1284 2546 suit,
1301 2496 1365 2534 sed
1397 2495 1541 2534 addidit
1561 2510 1671 2534 annos
1702 2496 1791 2535 alios
1817 2496 1863 2535 ad
1896 2498 2092 2550 superiores
2123 2498 2159 2535 in

1202 2557 1355 2608 gratiam
1370 2571 1493 2595 eorum
1512 2557 1576 2607 qni
1595 2565 1733 2594 tantum
1753 2567 1996 2608 peccaverant.
2009 2559 2061 2596 Et
2075 2567 2161 2596 erat

1204 2619 1302 2665 Noe,
1320 2617 1450 2668 inquit,
1471 2620 1771 2669 quingentorum
1786 2631 1993 2655 annorum.
2017 2619 2070 2656 Ad
2084 2619 2158 2656 uti-
2180 2656 2189 2661 ,

1202 2679 1338 2716 litatem
1348 2687 1505 2716 nostram
1517 2677 1641 2716 divina
1657 2677 1844 2729 Scriptura
1854 2692 2042 2716 numerum
2050 2693 2160 2717 anno-

1204 2753 1285 2777 rum
1293 2738 1380 2791 justi
1394 2737 1604 2789 assignavit,
1619 2746 1658 2775 ut
1668 2737 1850 2776 discamus
1860 2748 1993 2789 quanto
2002 2747 2160 2791 tempore

1202 2800 1346 2848 vixerit,
1367 2798 1563 2837 admonens
1582 2798 1676 2847 illos,
1701 2807 1733 2836 et
1752 2798 1929 2849 quomodo
1943 2799 1996 2837 illi
2014 2799 2160 2851 quidem

1203 2860 1349 2899 malitiae
1367 2859 1465 2898 viam
1474 2858 1612 2909 sectati,
1634 2859 1670 2896 in
1691 2873 1730 2896 ea
1745 2859 1921 2898 consumti
1932 2861 2023 2911 sint3
2040 2861 2160 2913 justus

1202 2931 1322 2959 autem
1350 2934 1450 2959 secus
1470 2933 1578 2971 quam
1606 2919 1669 2956 alii
1689 2919 1878 2958 ambulans
1915 2930 2010 2960 tanta
2029 2922 2161 2961 virtute

1203 2981 1453 3035 praecelluerit:
1470 2989 1509 3018 ut
1527 2989 1560 3018 et
1571 2979 1638 3017 sibi
1655 2980 1723 3018 Dei
1741 2980 2025 3020 benevolentiam
2045 2983 2162 3021 conci-

1205 3043 1324 3092 liaret,
1348 3050 1382 3079 et
1401 3055 1483 3079 cum
1497 3053 1618 3077 omnes
1637 3039 1699 3077 alii
1718 3041 1834 3092 poenis
1853 3040 2001 3082 obnoxii
2020 3043 2160 3093 fierent,

1207 3105 1283 3157 ipsc
1303 3103 1399 3142 solus
1418 3116 1498 3140 cum
1527 3110 1598 3138 tota
1617 3101 1754 3140 familia
1785 3103 1969 3155 effugeret.
1993 3104 2086 3142 Hinc
2106 3105 2163 3143 di-

1208 3166 1356 3211 scimus,
1376 3163 1495 3212 nobis,
1509 3161 1536 3200 si
1561 3161 1671 3200 sobrii
1686 3162 1861 3202 fuerimus
1875 3173 1908 3202 et
1928 3178 1997 3203 non
2011 3165 2164 3209 desides.

1210 3240 1280 3265 non
1304 3225 1419 3264 solum
1454 3223 1547 3261 nibil
1581 3237 1705 3261 nocere
1723 3223 1754 3262 si
1778 3224 1870 3263 inter
1888 3225 2025 3265 medios
2054 3227 2167 3264 malos

115 3283 159 3332 τῇ
178 3282 332 3335 τιμωρίᾳ
360 3283 569 3335 γενομένων,
596 3286 699 3325 αὐτὸν
725 3287 828 3338 μόνον
848 3289 1025 3341 διαφυγεῖν
1049 3289 1139 3341 μετὰ
1162 3300 1186 3330 Ε
1209 3300 1416 3333 versemur3
1437 3283 1499 3322 sed
1519 3283 1554 3322 id
1570 3297 1634 3323 nos
1648 3283 1796 3324 reddere
1813 3286 1957 3325 virtutis
1975 3287 2170 3326 studiosio-

162 3397 175 3410 ε
194 3386 298 3419 savit.
314 3395 348 3421 et
362 3387 490 3432 aliquot
504 3379 581 3423 Mss'.
600 3397 629 3426 ἐν
645 3397 755 3427 πλείονι
772 3397 906 3441 sarrepta.

1964 3447 2019 3486 16.
