2516 3791
149 2110 247 2149 Capul
282 2117 331 2146 27.

348 166 443 231 594
774 181 812 210 s.

344 267 506 315 beccam,
535 262 771 315 quadraginta
799 275 974 300 annorum
1000 259 1107 296 fuisse
1125 288 1134 306 7
1156 256 1299 308 quando

345 336 464 364 autem
493 325 565 363 nati
593 333 677 364 sunt
701 325 732 362 ei
758 324 825 361 filii
841 353 852 372 7
881 333 1056 358 annorum
1084 317 1295 368 sexaginta:

345 387 497 426 sciemus
516 400 596 424 eum
622 399 714 423 nunc
733 382 972 422 centenarium
988 392 1081 427 esse,
1103 387 1135 415 et
1157 378 1194 415 in
1216 391 1299 429 pro-

343 449 552 486 fundissima
592 455 778 485 senectute.
810 441 991 489 Quoniam
1023 439 1117 478 enim
1151 439 1299 491 posthac

344 519 551 547 narraturus
579 518 652 555 est,
678 504 855 556 quomodo
886 516 959 554 prae
988 501 1084 539 senio
1117 500 1299 538 hebetatos

344 571 466 608 oculos
486 568 649 607 habuerit
662 597 673 615 ,
699 566 778 603 idco
798 577 987 601 numerum
1006 576 1182 599 annorum
1202 561 1299 599 Esai‘i
1324 574 1349 602 Α

342 631 509 682 assignat,
528 638 565 665 ut
588 627 670 664 inde
689 635 827 677 tempus
846 626 943 662 Isaac
969 632 1062 661 certo
1083 623 1173 660 scire
1189 622 1301 675 possi-

343 705 434 728 mus.
465 691 654 741 Propterea
674 686 775 734 dicit,
793 689 894 724 Erat
910 694 1038 723 autem
1054 686 1162 722 Esaii
1179 697 1301 721 anno-

342 765 427 788 rum
444 751 722 802 quadraginta.
746 746 885 785 Deinde
905 756 942 784 ut
963 746 1116 783 sciamus
1132 745 1198 782 filii
1226 745 1301 797 ejus

340 812 597 862 temeritatem,
620 811 681 861 qui
703 823 831 847 uxores
852 807 1006 846 ducebat
1033 822 1053 844 a
1074 806 1260 857 gentibus,
1280 820 1300 843 a

339 874 470 924 quibus
490 887 559 911 non
587 872 794 925 oportebat,
816 868 1014 908 declaravit
1043 867 1146 906 nobis
1157 897 1169 916 7
1192 880 1300 904 unam

339 936 448 973 fuisse
466 949 512 973 ex
543 948 668 986 genere
696 933 958 976 Chettceorum7
983 929 1091 966 aliam
1111 937 1229 965 autem
1256 942 1301 966 ex

340 1011 466 1050 genere
482 996 693 1041 Evaeorum3
713 993 879 1045 quamvis
899 991 991 1030 nihil
1007 990 1076 1029 tale
1095 1004 1178 1027 eum
1197 1003 1301 1041 agere

342 1058 540 1111 oportebat,
570 1057 632 1108 qui
661 1055 844 1093 didicisset
875 1062 1043 1104 quantam
1076 1050 1301 1102 diligentiam

342 1120 546 1172 patriarcha
579 1117 822 1161 adhibuisset,
843 1114 1053 1167 praecipicns
1081 1127 1183 1150 servo
1208 1126 1273 1149 suo
1287 1141 1298 1161 ,

342 1190 383 1219 ut
395 1181 440 1219 de
453 1180 660 1232 cognatione
673 1193 733 1217 sua
751 1178 825 1215 filio
838 1178 936 1214 Isaac
950 1174 1184 1213 adduceretur
1196 1187 1300 1211 uxor:

341 1243 425 1294 quia
444 1242 550 1280 etiam
574 1251 684 1279 mater
707 1241 868 1293 ipsorum
891 1238 1050 1275 Rebecca
1070 1250 1115 1274 ex
1140 1236 1300 1273 Charran

342 1313 498 1343 venerat.
520 1305 659 1343 Verum
687 1311 726 1339 ut
753 1300 872 1338 statim
898 1299 943 1337 ab
965 1298 1066 1336 initio
1095 1311 1177 1335 suos
1205 1297 1301 1334 inor-
1326 1311 1349 1340 B

341 1364 482 1417 dinatos
502 1378 618 1401 mores
638 1362 812 1400 indicaret
826 1391 836 1409 7
863 1358 1074 1398 inconsultis
1096 1358 1302 1410 parentibus

345 1427 428 1465 illas
454 1427 571 1465 duxit.
592 1426 640 1464 Et
668 1434 707 1462 ut
732 1423 886 1461 sciamus
905 1436 1014 1472 quam
1039 1420 1131 1458 male
1157 1428 1302 1456 moratae

344 1488 512 1526 mulieres
527 1487 670 1534 fuerint,
689 1485 777 1523 dicit
793 1485 998 1536 Scriptura:
1016 1484 1069 1520 Et
1083 1490 1194 1519 erant
1210 1495 1302 1518 exa-

342 1558 540 1601 sperantes
557 1551 672 1586 Isaac
687 1555 723 1583 et
738 1547 964 1583 Rebeccam.
989 1543 1035 1580 Et
1049 1541 1136 1593 quid
1157 1551 1208 1579 est
1236 1542 1304 1579 hac

343 1608 479 1645 malitia
499 1608 600 1659 pejus
616 1636 627 1655 ,
652 1604 796 1656 quando
824 1603 894 1640 illae
924 1616 1002 1652 quae
1025 1615 1167 1639 omnem
1191 1601 1304 1639 hono-

342 1683 418 1706 rem
449 1667 653 1720 impendere
683 1664 882 1711 debebant,
914 1676 983 1699 non
1004 1661 1120 1699 solum
1141 1661 1208 1699 hoc
1233 1675 1303 1699 non

343 1730 514 1781 agebant,
535 1727 598 1766 sed
617 1737 651 1765 ct
670 1725 718 1763 ad
745 1723 1004 1762 contentionem
1025 1731 1155 1774 paratae
1176 1722 1304 1759 erant?

342 1791 428 1829 Haee
461 1799 580 1828 autem
607 1787 726 1826 omnia
756 1799 824 1823 non
858 1785 991 1834 absque
1023 1797 1127 1820 causa
1154 1783 1304 1820 historia

342 1852 446 1890 nobis
465 1850 643 1903 significat
659 1865 669 1898 3
693 1847 755 1886 sed
775 1855 814 1884 ut
833 1854 968 1898 postea,
991 1858 1072 1882 cum
1088 1843 1221 1882 videris
1236 1845 1305 1882 Re-

342 1913 487 1951 beccam
518 1911 628 1952 Jacob
658 1909 786 1962 majori
829 1905 1076 1945 benevolentia
1104 1904 1300 1957 prosequi,

345 1974 461 2013 discas
478 1989 555 2013 eam
569 1987 637 2011 non
656 1971 788 2024 injuria
807 1984 883 2007 rem
898 1982 975 2006 eam
990 1967 1123 2005 secisse.
1144 1968 1226 2006 Jam
1241 1981 1304 2003 au-
1329 1968 1352 1998 C

347 2046 417 2073 tem
446 2051 488 2073 ne
507 2035 632 2073 seriem
662 2041 847 2071 contextus
871 2029 1151 2083 praeveniamus,
1171 2029 1303 2081 scripta

348 2098 423 2150 ipsa
440 2111 640 2147 sequamur.
658 2098 672 2132 1
686 2125 692 2131 .
709 2097 877 2131 Factum
891 2100 945 2129 est
959 2099 1089 2128 autem
1098 2098 1305 2142 postquam

347 2161 475 2197 senuit
509 2160 634 2203 Isaac,
657 2165 693 2193 et
722 2155 892 2192 hebetati
912 2160 1003 2189 sant
1033 2151 1136 2188 oculi
1152 2152 1232 2202 ejus
1254 2150 1307 2187 ad

348 2220 564 2257 videndum
581 2218 682 2269 :jam
701 2216 808 2264 enim,
828 2212 957 2263 inquit,
973 2227 1046 2264 prae
1067 2211 1164 2249 senio
1183 2210 1306 2249 videre

350 2296 420 2319 non
454 2289 594 2333 poterat
618 2295 625 2315 ε
662 2287 698 2315 et
723 2278 881 2314 vocavit
905 2275 1014 2312 Esaiz
1033 2274 1170 2326 filium
1195 2285 1306 2310 snum

350 2352 446 2381 natu
477 2344 678 2394 majorem,
698 2347 734 2376 et
760 2339 859 2375 dix-it
877 2338 912 2373 ei
931 2351 941 2370 .·
960 2337 998 2372 Q.
1030 2335 1112 2372 Fili
1134 2335 1200 2379 mi,
1221 2347 1307 2370 ecce

347 2407 471 2449 senui,
495 2412 532 2441 et
559 2405 684 2440 nescio
709 2402 811 2438 diem
840 2399 972 2435 mortis
993 2410 1097 2433 mece.
1120 2396 1158 2432 5.
1191 2396 1306 2432 Nunc

347 2468 466 2517 igitur
485 2478 591 2502 same
619 2476 731 2500 arma
749 2470 830 2506 tua,
850 2460 1077 2511 pharetram
1097 2465 1133 2493 et
1157 2469 1304 2502 areum,

349 2535 387 2564 et
417 2526 596 2578 egredere
615 2527 657 2561 in
676 2535 868 2574 campum,
896 2526 933 2557 et
954 2531 1101 2556 ‘venare
1131 2518 1227 2555 mihi
1242 2530 1308 2554 ve-

350 2591 567 2633 nationem,
587 2586 624 2623 4.
649 2593 685 2622 et
701 2585 780 2637 fac
805 2583 903 2620 mihi
933 2579 1084 2625 edulia,
1116 2579 1214 2616 sicut
1241 2592 1308 2629 ego

349 2664 452 2696 amo,
469 2657 505 2686 et
521 2649 628 2701 affer
644 2647 753 2690 mihi,
769 2652 811 2682 ut
823 2642 1036 2687 comedam,
1054 2648 1095 2678 ut
1110 2640 1310 2677 benedicat
1335 2659 1358 2688 ι)

350 2720 386 2748 te
423 2713 557 2747 anima
595 2722 681 2745 mea
708 2707 935 2759 priusquam
967 2714 1034 2754 ego
1067 2703 1224 2738 moriar.
1243 2700 1309 2738 Hic

350 2771 518 2816 obsecro,
546 2768 695 2815 dilecte,
727 2763 974 2804 animadverte
1004 2762 1216 2800 immensam
1241 2761 1307 2799 Dei

351 2830 571 2882 sapientiam,
593 2838 626 2866 et
643 2826 822 2879 quomodo
839 2834 940 2878 pater
953 2822 1096 2874 quidem
1118 2822 1307 2874 genuinam

350 2905 422 2943 prm
445 2905 480 2928 sc
501 2891 613 2927 ferens
631 2888 869 2935 dilectionem,
888 2885 964 2922 liaec
984 2883 1173 2936 imperavit
1193 2882 1306 2931 Esaii;

350 2951 490 3004 sapiens
519 2960 635 2988 autem
652 2959 687 2987 et
707 2948 929 3000 omnipotens
954 2945 1130 2984 Dominus
1155 2957 1217 2996 per
1242 2944 1308 2981 Re-

351 3014 493 3050 beccam
520 3010 784 3063 przrdictionem
814 3023 915 3047 suam
946 3005 1087 3060 impleri
1111 3014 1222 3053 curat,
1245 3004 1308 3042 do-

353 3088 432 3112 cens
467 3087 550 3120 nos,
579 3081 753 3122 quantum
786 3071 926 3108 valeant
956 3069 1072 3107 virtus
1103 3077 1136 3105 et
1168 3080 1308 3105 morum

353 3135 521 3173 suavitas.
544 3133 610 3170 Ille
634 3133 727 3171 enim
746 3142 778 3169 et
795 3132 840 3169 ob
856 3129 1190 3183 primogenituram,
1210 3136 1244 3165 ct
1261 3127 1307 3164 ob

352 3196 463 3249 patris
483 3208 565 3246 erga
588 3209 624 3231 se
654 3193 873 3230 assei-tionem
893 3191 1089 3244 primatum
1115 3203 1151 3227 se
1177 3188 1309 3226 habere

352 3266 495 3310 putans,
517 3255 627 3295 simul
647 3254 838 3292 destitutus
858 3253 1024 3291 omnibus
1044 3251 1208 3289 inventus
1226 3258 1277 3288 est
1293 3279 1303 3299 ,

352 3319 434 3369 quia
454 3333 532 3370 quae
552 3317 587 3355 in
603 3331 638 3355 se
654 3324 764 3364 erant,
780 3315 905 3353 afferre
925 3314 1039 3352 noluit
1057 3328 1065 3349 :
1087 3312 1145 3350 hic
1170 3321 1302 3361 autem,
1332 3318 1354 3348 E

353 3387 436 3438 qnia
455 3385 645 3425 domestica
664 3393 737 3423 erat
755 3383 886 3423 virtute
905 3381 1090 3434 praeditus,
1105 3389 1137 3419 et
1153 3381 1305 3431 gratiam

1311 536 1359 561 511⁸

849 179 1034 210 JOANMS
1069 175 1309 206 CHRYSOST-
1347 174 1552 204 ARCfflEP.
1590 170 1940 208 CONSTANTINOP-

1369 257 1430 294 καὶ
1448 256 1513 303 ὅτι,
1547 257 1652 303 ἡνίκα
1673 258 1735 309 μὲν
1761 259 1866 298 ἔλαὸε
1889 260 1953 308 τὴν
1972 260 2186 310 Ῥεὸέκκαν,
2205 263 2264 301 καὶ
2294 263 2395 307 αὐτὸς

1369 317 1632 369 τεσσαράκοντα
1660 321 1747 358 ἐτῶν
1777 321 1986 373 ἐτύγχανεν,
2015 323 2071 361 ὅτε
2091 322 2128 360 δὲ
2152 323 2345 375 ἐτέχθησαν
2364 327 2396 363 οἳ

1369 380 1512 425 παῖδες,
1533 379 1701 426 ἑξήκοντα
1730 384 1816 420 ἐτῶν
1843 377 1906 430 ἦν,
1928 383 2092 433 εἰσόμεθα
2115 384 2168 421 ὅτι
2187 389 2246 422 ν’ὔν
2271 388 2396 423 ἑκατο-

1371 445 1453 477 στοῧ
1469 441 1589 478 λοιπὸν
1617 441 1713 485 ἔτους
1737 442 1860 486 ἐπιὸὰς
1882 445 1918 481 ἐν
1940 444 2123 496 βαθυτάτῳ
2141 445 2234 496 γήρᾳ.
2253 443 2398 496 ἐτύγχα-

1370 516 1438 538 νεν.
1461 500 1607 548 Ἐπειδὴ
1623 501 1691 552 γὰρ
1713 502 1834 552 μέλλει
1852 503 1942 553 μετὰ
1957 508 2068 542 ταῦτα
2090 505 2284 554 διηγεῖσθαι
2299 490 2397 554 ἡμῖν,

1371 564 1416 605 ὡς
1443 563 1510 600 ὑπὸ
1538 565 1598 600 τοῦ
1617 562 1735 614 γήρως
1764 564 1986 615 ἀμίλυτέρας
2014 564 2095 617 ἔσχε
2117 564 2179 607 τὰς
2206 565 2321 617 ὄψεις,
2341 564 2399 603 διὰ

1370 627 1473 661 τοῦτο
1492 626 1560 661 τῶν
1577 625 1664 661 ἐτῶν
1683 628 1742 662 τοῦ
1761 624 1875 662 Ἡσαῦ
1894 625 1952 662 τὸν
1972 626 2117 677 ἀριθμὸν
2138 625 2326 676 ἐσήμανεν,
2344 626 2401 665 ἵνα

1372 687 1526 723 ἐντεῦθεν
1544 685 1670 723 εἰδέναι
1691 686 1828 737 ἔχινψεν
1847 687 2000 738 ἀκριὲῶς
2020 690 2079 724 τοῦ
2100 686 2222 725 Ἰσαὰκ
2241 687 2299 725 τὸν
2312 687 2399 740 χρό-

1371 762 1441 785 νον.
1466 747 1534 785 Διὰ
1559 751 1662 784 τοῦτο
1685 747 1800 799 ἔλεγεν
1812 778 1822 795 ,
1841 741 1912 786 ἿΙν
1931 748 1965 786 δὲ
1983 748 2096 786 ‘Hamis
2120 749 2206 786 ἐτῶν
2224 749 2398 801 τεσσαρά-

1371 823 1490 847 κοντα.
1512 801 1600 846 Ιζῖἷτα
1619 808 1675 846 ἵνα
1696 808 1862 859 μάθωμεν
1877 812 1937 847 τοῦ
1954 810 2077 852 παιδὸς
2097 809 2161 856 τὴν
2177 809 2401 861 προπέτειαν,

1371 868 1430 907 καὶ
1451 869 1503 907 ὅτι
1522 868 1618 921 παρὰ
1643 872 1712 906 τῶν
1742 871 1869 915 ἐθνῶν,
1889 864 1936 907 ὧν
1959 872 2021 909 οὐκ
2046 872 2178 922 ἐχρῆν,
2205 869 2266 913 τὰς
2293 886 2402 921 γαμε-

1372 930 1434 973 τὰς
1450 930 1617 981 ἠγάγετο,
1638 931 1811 977 ἐδήλωσεν
1831 935 1936 982 ἡμῖν,
1962 930 2016 969 ὅτι
2043 935 2064 977 ἡ
2099 931 2160 982 μὲν
2193 933 2231 969 ἐκ
2257 935 2317 969 τοῦ
2345 932 2401 982 γέ-

1371 1007 1447 1035 νους
1466 994 1535 1029 τῶν
1560 992 1742 1030 Χετταίων
1762 987 1804 1039 ἦν
1817 1024 1826 1034 ,
1851 996 1873 1039 ἡ
1894 992 1929 1031 δὲ
1950 995 1989 1030 ἐκ
2013 996 2081 1031 τῶν
2104 992 2261 1031 Εὐαίων·
2288 993 2404 1032 καίτοι
2425 1027 2427 1031 ,

1369 1069 1408 1104 γε
1438 1054 1545 1105 ἐχρῆν
1563 1053 1678 1090 ἀὐτὸν
1713 1053 1882 1104 μαθόντα,
1902 1054 1985 1100 ὅσην
2007 1053 2161 1100 σπουδὴν
2185 1057 2203 1092 ὃ
2231 1054 2404 1107 πατριάρ-

1371 1131 1437 1167 χης
1464 1115 1654 1161 ἐποιήσατο
1680 1114 1966 1165 διαστελλόμενος
1985 1117 2035 1166 τῷ
2054 1115 2154 1152 παιδὶ
2176 1117 2227 1167 τῷ
2258 1117 2404 1163 ἑαυτοῦ,

1371 1177 1461 1215 ὥστε
1478 1179 1516 1215 ἐκ
1532 1179 1594 1222 τῆς
1614 1178 1724 1228 φυλῆς
1742 1178 1846 1214 αὐτοῦ
1863 1176 2022 1227 γαμετὴν
2043 1178 2094 1228 τῷ
2113 1175 2237 1214 Ἰσαὰκ
2254 1176 2404 1228 ἐνέγκαι,

1371 1239 1429 1277 καὶ
1447 1238 1500 1276 ὅτι
1518 1241 1539 1284 ἡ
1561 1237 1678 1289 μήτηρ
1706 1239 1820 1275 αὐτῶν
1850 1241 1871 1284 ἡ
1899 1237 2074 1276 ῗΡεῧέκκα
2103 1239 2142 1275 ἐκ
2170 1240 2232 1284 τῆς
2260 1236 2404 1289 Χαρρὰν

1372 1302 1534 1351 ὡρμᾶτο,
1553 1299 1661 1350 μηδὲν
1692 1302 1846 1336 τοιοῦτον
1870 1297 2138 1350 βουλεύσασθαι.
2160 1297 2252 1336 Ἀλλ’
2280 1297 2338 1336 ἵνα
2366 1300 2405 1336 ἐκ

1600 1359 1666 1372 κιε-
1747 1363 1768 1370 ,ν

1372 1360 1565 1413 προοιμίων
1596 1376 1690 1411 οειςῃ
1721 1375 1790 1397 των
1820 1358 1954 1397 οἰκείων
1993 1359 2128 1411 τρόπων
2166 1359 2206 1397 τὸ
2241 1359 2404 1405 ἄτακτον,

1372 1421 1560 1474 προλαῖἱὼν
1589 1421 1721 1464 ἐκείνας
1748 1420 1915 1472 ἠγάγετο.
1948 1421 2018 1459 Καὶ
2046 1420 2102 1458 ἵνα
2137 1421 2303 1471 μάθωμεν
2337 1422 2406 1458 τῶν

1371 1487 1545 1534 γυναικῶν
1574 1482 1612 1520 τὸ
1634 1482 1840 1533 δύστροπον,
1860 1482 1965 1534 φησὶν
1985 1486 2006 1528 ἡ
2038 1482 2187 1535 Γραφὴ,
2216 1481 2286 1519 Καὶ
2317 1475 2406 1528 ἦσαν

1374 1544 1548 1596 ἕρίζουσαι
1569 1547 1619 1596 τῷ
1641 1543 1765 1582 Ἰσαὰκ
1782 1543 1840 1582 καὶ
1860 1546 1903 1594 τῇ
1925 1544 2115 1596 ςΡείέ’7.κο(..
2140 1542 2210 1581 Καὶ
2237 1543 2272 1580 τί
2292 1543 2332 1580 ἂν
2352 1543 2405 1590 εἴη

1374 1605 1504 1651 ταύτης
1523 1607 1586 1651 τῆς
1607 1603 1802 1657 μοχθηρίας
1821 1605 2087 1656 χαλεπώτερον,
2116 1604 2198 1642 ὅταν
2226 1605 2260 1641 αἱ
2288 1611 2406 1642 πᾶσαν

1374 1665 1479 1716 τιμὴν
1511 1665 1699 1716 ἀπονέμειν
1741 1665 1962 1717 ὂφείλουσαι,
1995 1666 2043 1716 μὴ
2084 1665 2187 1715 μόνον
2225 1669 2328 1702 τοῦτο
2356 1664 2406 1715 μὴ

1375 1729 1545 1775 ποιῶσιν,
1569 1727 1662 1764 ἀλλὰ
1686 1728 1744 1764 καὶ
1764 1727 1849 1778 πρὸς
1878 1726 2089 1778 φιλονεικίαν
2116 1726 2409 1778 παρασκευάζων·

1377 1804 1435 1826 ται
1443 1805 1452 1836 3
1471 1791 1504 1826 T
1508 1792 1596 1826 αὔτα
1623 1788 1656 1826 δὲ
1684 1787 1799 1825 πάντα
1823 1791 1890 1840 οὐχ
1905 1789 2024 1831 ἁπλῶς
2040 1791 2124 1836 ἡμῖν
2143 1791 2166 1834 ἡ
2185 1787 2320 1840 ἱστορία
2341 1803 2405 1833 ση-

1378 1849 1511 1900 μαίνει,
1533 1851 1609 1887 ἀλλ’
1636 1849 1692 1886 ἵνα
1714 1847 1804 1899 μετὰ
1822 1852 1953 1896 ταῦτα,
1975 1847 2114 1887 ἐπειδὰν
2144 1848 2218 1899 ἴδῃς
2242 1847 2305 1895 τὴν
2329 1847 2408 1886 ‘Ps-

1377 1911 1507 1949 Ge'zmv
1528 1910 1613 1962 πρὸς
1630 1911 1688 1949 τὸν
1720 1909 1850 1948 Ἰακὼὸ
1875 1909 2009 1957 πολλὴν
2029 1909 2092 1956 τὴν
2112 1909 2247 1947 εὔνοιαν
2275 1910 2406 1946 ἐπιδει-

1377 1971 1566 2023 κνυμένην,
1587 1972 1699 2024 μάθῃς
1711 1974 1758 2014 ὡς
1774 1973 1836 2009 οὐκ
1852 1971 1995 2014 ἀπεικὸς
2010 1977 2158 2022 πρᾶγμα
2169 1969 2407 2022 διεπράττετο.

1378 2033 1476 2077 Τέως
1493 2033 1529 2071 δὲ
1547 2033 1603 2070 ἵνα
1625 2033 1673 2084 μὴ
1691 2032 1754 2080 τὴν
1775 2032 1980 2070 ἀκολουθίαν
1999 2031 2271 2084 προφθάσωμεν,
2291 2032 2408 2073 αὐτοῖς

1377 2095 1543 2146 ἑπώμεθα
1563 2101 1633 2138 τοῖς
1649 2093 1919 2146 γεγραμμένοις.
1935 2094 2097 2147 Ἐγένετο
2117 2093 2152 2132 δὲ
2173 2093 2262 2144 μετὰ
2281 2093 2321 2131 τὸ
2345 2109 2409 2144 γη-

1380 2163 1484 2208 ρᾶσαι
1508 2155 1567 2193 τὸν
1586 2155 1722 2202 Ἰσαὰκ,
1744 2156 1802 2193 καὶ
1823 2154 2074 2205 ἦμὸλύνθησαν
2094 2158 2125 2193 οἱ
2146 2153 2318 2205 ὀφθαλμοὶ
2343 2155 2408 2191 αὒ-

1376 2220 1436 2254 τοῧ
1458 2221 1519 2254 τοῧ
1539 2220 1643 2268 ὁρᾷν·
1669 2217 1731 2254 οὐκ
1760 2216 1810 2253 ἔτι
1836 2215 1918 2267 γὰρ,
1950 2216 2074 2268 φησὶν,
2104 2216 2172 2253 ὑπὸ
2200 2218 2260 2252 τοῦ
2293 2214 2410 2267 γήρως

1378 2281 1459 2329 ὃρᾷν
1480 2277 1641 2323 ἠδύνατο·
1664 2276 1734 2314 Καὶ
1754 2276 1917 2314 ἐκάλεσεν
1935 2276 2048 2328 ‘liquis'
2062 2278 2120 2315 τὸν
2137 2276 2209 2314 υἱον
2230 2278 2335 2313 αὐτοῦ
2352 2276 2408 2314 τὸν

1378 2337 1633 2389 πρεσὸύτερον,
1661 2337 1721 2375 καὶ
1747 2330 1841 2375 εἶπεν
1863 2339 1957 2389 αὐτῷ
1975 2353 1982 2360 ·
1999 2338 2051 2375 υἱέ
2069 2353 2149 2387 μου,
2175 2336 2247 2374 ἰδοὺ
2268 2335 2336 2387 ἐγὼ
2354 2352 2410 2387 γε·

1378 2398 1538 2450 γήρακα,
1567 2399 1626 2437 καὶ
1655 2400 1693 2436 οὐ
1721 2398 1883 2450 γινώσκω
1909 2399 1972 2446 τὴν
2004 2398 2139 2451 ἡμέραν
2168 2401 2229 2445 τῆς
2249 2399 2410 2444 τελευτῆς

1381 2475 1458 2511 μου.
1480 2462 1552 2498 Νῦν
1574 2454 1631 2497 οἶν
1651 2459 1736 2497 λάθε
1763 2460 1802 2498 τὸ
1827 2458 1948 2503 σκεῦός
1969 2476 2045 2503 σου,
2078 2459 2142 2506 τήν
2170 2475 2207 2498 τε
2235 2457 2410 2511 φαρέτραν

1380 2520 1439 2559 καὶ
1459 2522 1498 2560 τὸ
1514 2520 1626 2567 τόξον,
1648 2521 1706 2558 καὶ
1731 2520 1845 2564 ἔξελθε
1864 2523 1911 2564 εἷς
1938 2520 1978 2558 τὸ
1997 2520 2133 2567 πεδίον,
2155 2520 2214 2558 καὶ
2244 2519 2410 2571 θήρευσόν

1382 2597 1441 2632 μοι
1462 2581 1570 2633 θήραν
1583 2611 1592 2628 ,
1619 2581 1678 2619 καὶ
1699 2581 1845 2627 ποίησόν
1863 2597 1920 2632 μοι
1941 2581 2129 2631 ἐδέσματα,
2148 2583 2194 2624 ὡς
2214 2581 2303 2632 φιλῶ
2325 2579 2408 2631 ἐγὼ,

1381 2643 1440 2680 καὶ
1459 2642 1576 2694 ε’νεγκέ
1596 2658 1668 2693 μοι,
1686 2642 1742 2680 ἵνα
1762 2642 1883 2694 φάγω,
1908 2641 2001 2684 ὅπως
2022 2641 2194 2693 εὐλογηση
2213 2657 2251 2679 σε
2270 2643 2292 2686 ἡ
2312 2641 2408 2693 ψυχή

1383 2719 1468 2754 μου,
1505 2703 1586 2755 πρὶν
1617 2703 1639 2749 ἢ
1665 2705 1849 2741 ἀποθανεῖν
1879 2718 1934 2753 με.
1973 2701 2147 2740 Ἐνταῧθά
2174 2717 2233 2752 μοι
2265 2701 2411 2747 σκόπει,

1380 2765 1555 2816 ἀγαπητὲ,
1575 2763 1638 2811 τὴν
1659 2764 1788 2816 ἄφατον
1811 2767 1870 2801 τοῦ
1900 2765 1994 2801 Θεοῦ
2023 2762 2166 2814 σοφίαν,
2194 2762 2254 2800 καὶ
2272 2762 2365 2806 ὅπως
2393 2765 2412 2800 ὁ

1380 2827 1443 2877 μὲν
1464 2825 1583 2877 πατὴρ
1604 2825 1667 2871 τὴν
1688 2824 1836 2877 φυσικὴν
1858 2824 2104 2877 φιλοστοργίαν
2133 2823 2411 2874 ἐπιδεικνύμενος

1379 2892 1490 2928 ταῦτα
1510 2887 1690 2931 διετάξατο
1721 2890 1770 2939 τῷ
1790 2887 1904 2925 Ἡσαῦ
1919 2902 1926 2909 ·
1946 2888 1964 2923 ὃ
1985 2885 2020 2923 δὲ
2040 2885 2143 2937 σοφὸς
2171 2885 2230 2923 καὶ
2250 2884 2401 2936 εὐμήχα-

1379 2966 1433 2994 νος
1454 2949 1636 2995 Δεσπότης
1657 2948 1716 2986 διὰ
1737 2951 1799 2994 τῆς
1819 2947 2011 2991 Ῥεβέκκας
2029 2946 2093 2993 τὴν
2110 2946 2239 2984 οἰκείαν
2253 2945 2411 2997 πρόρρη-

1383 3027 1436 3050 σιν
1470 3014 1517 3054 εἷς
1548 3011 1647 3062 ἔργον
1680 3009 1901 3060 ἐξενεχθῆναι
1932 3007 2209 3060 παρασκευάζει,
2237 3006 2410 3044 διδάσκων

1379 3075 1472 3123 ἡμᾶς
1498 3072 1563 3118 ὅση
1590 3075 1650 3117 τῆς
1675 3073 1800 3123 ἀρετῆς
1820 3074 1842 3117 ἡ
1874 3069 1972 3122 ἰσχὺς
1997 3069 2056 3107 καὶ
2082 3070 2144 3114 τῆς
2170 3069 2238 3105 τῶν
2272 3067 2409 3119 τρόπων

1378 3134 1576 3177 ἐπιεικείας.
1597 3134 1663 3172 Καὶ
1684 3133 1752 3184 γὰρ
1773 3135 1900 3175 ἐκεῖνος
1920 3130 1984 3182 μὲν
2003 3129 2063 3168 καὶ
2092 3128 2162 3166 ἀπὸ
2186 3132 2254 3167 τῶν
2271 3143 2408 3179 πρωτο-

1376 3195 1514 3238 τοκίων,
1535 3194 1593 3233 καὶ
1614 3194 1683 3233 ἀπὸ
1701 3196 1764 3240 τῆς
1782 3196 1842 3231 τοῦ
1858 3191 1988 3244 πατρὸς
2005 3190 2085 3242 περὶ
2106 3190 2208 3228 αὐτὸν
2223 3188 2406 3232 διαθέσεως

1375 3255 1419 3294 τὰ
1445 3261 1602 3307 πρωτεῖα
1626 3255 1717 3307 ἔχειν
1745 3253 1914 3304 νομίζων,
1940 3250 2062 3304 ἀθρόον
2093 3249 2255 3288 ἁπάντων
2274 3247 2403 3300 ἔρημος

1375 3316 1582 3368 ηὑρίσκετο,
1612 3315 1731 3361 ἐπειδὴ
1762 3313 1805 3351 τὰ
1839 3315 1921 3365 παρ’
1953 3315 2076 3350 ἑαυτοῦ
2108 3313 2310 3360 εἰσενεγκεῖν
2338 3311 2399 3347 οὐκ

1376 3377 1555 3426 ἠθουλήθη
1573 3393 1579 3401 ·
1601 3371 1697 3421 οὗτος
1715 3376 1749 3414 δὲ
1762 3407 1771 3425 ,
1790 3374 1910 3422 ἐπειδὴ
1931 3373 2062 3412 οἴκοθεν
2079 3367 2120 3419 ἧν
2143 3371 2295 3421 ἐνάρετος
2309 3399 2318 3419 ,
2337 3370 2395 3408 καὶ
