2566 3791
796 227 839 256 ΙΝ
877 226 978 255 ΟΑΡ.
1017 224 1080 254 lV.
1120 223 1285 260 GENES.
1326 225 1481 254 uomit„
1520 227 1614 256 xlx.
2144 233 2231 279 100

180 315 330 366 πρῶτον,
350 312 405 352 ὅτι
435 310 608 360 {Cdo-acnvs
643 312 693 363 τῷ
721 311 860 363 ἀδελφῷ
880 309 938 348 διὰ
978 308 1041 355 τὴν
1074 307 1206 348 εὔνοιαν
1277 307 1324 347 ad
1337 308 1652 347 accersendumilli
1669 309 1820 347 exitium
1838 310 2230 361 suss'ecisset;secundo‚

179 373 243 422 τὴν
267 374 365 427 παρὰ
389 377 450 412 τοῦ
479 375 588 413 Θεοῦ·
611 372 696 424 ὅπερ
729 370 789 410 καὶ
810 371 913 422 μόνον
939 371 1067 425 προσὸν
1089 371 1206 410 ἱκανὸν
1276 370 1384 408 frater
1402 370 1503 408 fratri
1526 385 1590 409 suo
1611 370 1766 420 invidetj
1784 370 1900 421 tertio,
1919 372 2060 410 fraudes
2076 375 2229 411 consuit:

180 431 222 483 ἦν
255 439 349 488 αὐτῷ
377 436 435 474 τὸν
470 436 609 487 ὄλεθρον
639 437 845 486 ἐπαγαγεῖν·
867 433 1038 486 δεύτερον,
1066 432 1121 472 ὅτι
1147 433 1205 471 τὸν
1277 440 1417 483 quarto,
1432 431 1565 471 caedem
1580 447 1685 486 opere
1698 432 1844 485 implet3
1861 433 2000 484 quinto,
2018 434 2161 472 fratrem
2175 450 2233 472 oc-

179 498 264 537 ἷδιον
292 498 462 550 ἀδελφόν·
482 496 611 551 τρίτον,
639 497 694 536 ὅτι
718 495 815 535 δόλον
844 495 995 549 ἔῤῥαψε·
1026 494 1206 547 τέταρτον,
1277 492 1383 543 cidit3
1403 502 1518 544 sexto,
1540 494 1678 547 primus
1697 503 1847 532 mortem
1862 503 2026 547 operatus
2042 505 2110 545 est,
2125 497 2232 549 septi-

179 560 233 598 ὅτι
252 560 311 599 τὸν
332 559 434 612 φόνον
453 558 596 610 ἔπραξε·
617 559 792 610 πέμπτον,
809 557 863 596 ὅτι
880 558 939 597 τὸν
959 556 1104 608 ἀδελφὸν
1126 556 1205 608 ἐφό·
1279 568 1358 604 mo,
1377 556 1453 594 Deo
1475 556 1646 594 mentitus
1669 566 1735 595 cst.
1759 557 1857 595 Num
1878 556 2059 609 assequuti
2078 559 2160 597 estis
2178 559 2233 597 di-

179 637 316 661 νευσεν·
343 620 457 670 ἕκτον,
492 620 546 661 ὅτι
577 624 714 674 πρῶτος
746 620 826 659 ι’τὸν
863 619 964 672 φόνον
998 617 1205 670 εἰργάσατο·
1230 625 1254 654 Ε
1277 625 1402 666 cta,an
1414 631 1499 656 vero
1515 618 1627 657 vultis
1640 627 1679 656 ut
1696 633 1735 656 ca
1751 618 1880 657 iterum
1890 633 2146 669 recenseamus,
2163 635 2233 671 quo

179 682 340 734 ἔὸδομον,
369 682 422 722 ὅτι
453 684 510 722 τὸν
534 684 625 723 Θεὸν
653 682 837 734 ἐψεύσατο.
857 678 1205 733 Παρηκολουθήσατε
1278 677 1585 729 sciatisquomodo
1601 679 1881 732 unumquodque
1894 695 2006 733 perca
2021 681 2235 729 sufficiebat,

180 751 251 787 τοῖς
268 747 431 797 ῥηθεῖσιν,
452 743 475 790 ἢ
496 743 659 796 βούλεσθε
681 744 812 781 ἄνωθεν
830 740 920 780 αὐτὰ
944 740 1050 779 πάλιν
1071 741 1205 791 ἀπαρι-
1279 747 1317 776 ut
1334 739 1492 777 maxima
1511 739 1725 792 plecteretur
1743 743 1874 793 poena?
1890 743 1981 780 Nam
1999 743 2080 794 quis
2100 743 2158 782 vel
2175 759 2233 782 ve-

180 805 418 857 Ομησώμεθα,
438 805 495 845 ἵνα
526 805 642 852 εἰδῆτε
658 807 734 848 πῶς
751 803 897 842 ἕκαστον
915 801 1047 840 τούτων
1066 800 1125 839 καὶ
1143 801 1206 852 μό-
1277 798 1335 837 nia
1349 798 1561 851 dignaretur
1576 801 1677 840 alteri
1695 802 2034 854 invidentem,quo‹l
2048 805 2112 842 Dei
2130 806 2235 844 bene-

179 881 235 904 νον
255 866 372 904 ἱκανὸν
390 860 431 913 ἦν
451 869 513 912 τῆς
531 865 699 917 μεγίστης
721 863 824 902 αὐτὸν
844 863 990 908 ἀξιῶσαι
1009 861 1202 914 τιμωρίας;
1276 860 1433 899 volentia
1448 862 1659 900 frueretur?
1675 862 1767 901 Ecce
1781 877 1891 900 unum
1910 864 2109 903 maximum
2128 876 2161 904 et
2181 867 2234 904 in-

178 927 245 972 Τίς
270 927 338 979 γὰρ
358 927 399 965 ἂν
424 926 582 972 ἀξιώσειε
601 925 809 979 συγγνώμης
829 925 887 964 τὸν
910 924 1137 977 βασκήναντα
1154 927 1205 978 τῷ
1276 922 1456 975 expiabile
1473 933 1672 977 peccatum.
1691 924 1830 964 Deinde
1849 925 1917 963 hoc
1938 926 2054 978 majus
2075 928 2233 966 ostendi-

179 988 389 1027 ἀπολαύοντι
407 990 470 1034 τῆς
486 987 583 1040 παρὰ
599 992 659 1026 τοῦ
672 989 765 1026 Θεοῦ
787 986 941 1034 εὐνοίας;
957 984 1047 1025 Ἰδοὺ
1066 985 1130 1037 μία
1145 985 1206 1024 καὶ
1279 991 1352 1036 tur,
1372 985 1455 1036 quia
1474 986 1584 1024 frater
1598 995 1672 1024 erat
1687 986 1745 1024 cui
1763 985 1962 1039 invidebat,
1974 997 2007 1027 et
2017 989 2114 1027 nulla
2131 989 2233 1028 illum

178 1050 326 1102 μεγίστη
336 1050 394 1088 καὶ
409 1049 651 1102 ἀσύγγνωστος
666 1048 835 1102 ἁμαρτία.
850 1049 965 1088 Πάλιν
975 1047 1064 1095 αὕτη
1077 1048 1204 1099 μείζων
1277 1059 1425 1099 prorsus
1439 1046 1572 1100 injuria
1586 1048 1762 1087 affecerat.
1775 1048 1869 1088 Ecce
1883 1059 1916 1088 et
1930 1049 1998 1089 hoc
2011 1064 2153 1102 quoque
2166 1066 2233 1090 non

177 1112 373 1161 δείκνυται,
391 1112 473 1151 ὅταν
498 1113 645 1165 ἀδελφὸς
660 1106 683 1164 ἦ
701 1115 720 1150 ὁ
741 1110 1034 1164 βασκαινόμενος,
1050 1109 1110 1149 καὶ
1133 1126 1205 1162 μη-
1276 1107 1426 1160 vulgare
1445 1117 1632 1161 peccatum
1650 1119 1716 1149 est.
1734 1111 1817 1150 Jam
1840 1111 1999 1160 tertium,
2019 1113 2113 1163 quod
2134 1111 2235 1151 dolos

178 1173 234 1213 δὲν
262 1173 452 1222 ἠδικηκώς.
473 1173 562 1212 Ἰδοὺ
582 1174 643 1212 καὶ
670 1172 758 1221 αὕτη
780 1173 887 1212 πάλιν
909 1174 975 1226 οὐχ
999 1175 1021 1220 ἠ
1050 1176 1203 1225 τυχοῦσα
1213 1206 1262 1233 ¹59
1277 1170 1417 1220 nexuit,
1435 1169 1585 1224 decepto
1608 1180 1642 1210 et
1661 1171 1698 1210 in
1717 1185 1887 1225 campum
1905 1173 2032 1212 allecto
2046 1175 2168 1223 fratre,
2180 1189 2236 1213 ne-

179 1237 347 1289 ἁμαρτία.
369 1235 504 1289 “Τρίτη
531 1235 651 1284 πάλιν,
671 1234 725 1274 ὅτι
743 1234 841 1274 δόλον
856 1235 1004 1289 ἔῤῥαψεν
1021 1234 1208 1281 ἀπατήσας
1226 1245 1253 1274 Α
1277 1245 1346 1282 que
1364 1232 1481 1285 ipsam
1509 1242 1676 1272 naturam
1700 1234 1890 1274 reveritus.
1913 1236 2094 1282 Quartum
2113 1250 2236 1289 pecca-

178 1297 235 1335 τὸν
255 1297 416 1349 ἀδελφὸν,
434 1296 493 1335 καὶ
515 1296 664 1340 ἑλκύσας
683 1298 731 1340 εἰς
749 1297 789 1335 τὸ
809 1296 942 1345 πεδίον,
961 1296 1020 1335 καὶ
1042 1295 1118 1335 οὐδὲ
1136 1298 1203 1334 αὐ-
1277 1301 1355 1332 tum
1369 1295 1447 1347 ipsa
1456 1304 1532 1333 erat
1545 1295 1786 1348 caedes‚quam
1799 1298 2031 1350 perpetravit.
2046 1298 2234 1347 Quintum,

177 1357 241 1404 τὴν
257 1358 321 1405 τὴν
341 1359 443 1409 φύσιν
456 1357 636 1402 αἰδεσθείς.
652 1357 830 1411 Τέταρτον
851 1358 1047 1411 ἁμάρτημα
1067 1359 1170 1403 αὐτὸς
1186 1362 1204 1398 ὁ
1274 1354 1373 1405 quod
1391 1356 1535 1394 fratrem
1550 1357 1682 1395 occidit
1699 1356 1823 1396 eodem
1832 1371 1878 1396 ex
1893 1368 1992 1397 utero
2007 1369 2234 1412 prognatum.

178 1420 294 1473 φόνος,
310 1418 327 1441 ¹²
337 1419 374 1457 ὃν
394 1419 592 1472 εἰργάσατο.
612 1418 796 1470 Πέμπτον,
809 1418 864 1458 ὅτι
879 1419 1025 1472 ἀδελφὸν
1043 1419 1204 1473 ἐφόνευσε
1274 1418 1437 1468 Sextum,
1445 1417 1541 1470 quod
1554 1417 1692 1471 primus
1703 1418 1809 1458 caedis
1821 1420 1999 1473 specimen
2014 1421 2232 1460 introduxit.

176 1482 235 1520 τὸν
266 1481 330 1526 τὰς
361 1481 468 1526 αὐτὰς
498 1482 593 1534 αὐτῷ
632 1480 785 1520 λύσαντα
814 1481 952 1525 ὠδῖνας.
973 1480 1120 1529 οἝκτον,
1148 1482 1201 1522 ὅτι
1273 1479 1494 1532 Septimum,
1514 1479 1612 1532 quod
1636 1491 1816 1534 rogatusa
1835 1483 1928 1532 Deo,
1945 1483 2086 1521 mentiri
2102 1483 2157 1521 illi
2172 1497 2237 1522 au-

176 1545 313 1596 πρῶτος
328 1547 387 1582 τοῦ
407 1542 510 1596 φόνου
532 1543 572 1582 τὸ
591 1536 678 1587 εἶδος
699 1542 913 1596 εἰσήνεγκεν.
933 1542 1132 1595 ἽΞὸδομον,
1150 1544 1204 1582 ὅτι
1273 1555 1334 1580 sus
1352 1550 1417 1581 est.
1435 1541 1535 1581 Dicit
1550 1542 1662 1595 igitur
1679 1559 1687 1581 ε
1706 1543 1781 1591 Qui
1799 1552 1834 1583 te
1851 1544 2014 1584 occidere
2030 1546 2233 1592 tentaverit,

176 1604 400 1657 ἐρωτώμενος
430 1604 529 1658 παρὰ
554 1607 615 1643 τοῦ
635 1607 748 1653 Θεοῦ,
767 1604 965 1657 ψεύσασθαι
997 1605 1203 1657 ἐτόλμησεν.
1273 1612 1408 1657 septem
1429 1604 1600 1644 maximis
1617 1605 1732 1658 poenis
1752 1605 1910 1660 seipsum
1928 1621 2028 1646 reum
2046 1607 2161 1646 saciet.
2183 1609 2236 1646 Ne

175 1665 222 1705 Ὁ
234 1666 361 1714 τοίνυν,
375 1666 494 1720 φησὶν,
513 1668 647 1705 ἀνελεῖν
664 1683 703 1706 σε
723 1667 972 1721 ἐπιχειρήσας,
990 1667 1080 1706 ἑπτὰ
1095 1684 1204 1719 τιμω-
1274 1665 1387 1718 igitur
1410 1666 1478 1704 hoc
1509 1675 1658 1705 metuas.
1690 1667 1783 1706 Ecce
1809 1668 1904 1707 enim
1923 1677 1958 1707 et
1979 1668 2123 1721 signum
2142 1669 2178 1707 in
2203 1678 2236 1707 te

178 1726 266 1779 ρίαις
278 1727 399 1766 ἑαυτὸν
414 1727 600 1766 ὑπεύθυνον
616 1727 843 1774 καταστήσει.
866 1727 928 1776 Μὴ
950 1727 1062 1766 τοίνυν
1083 1728 1204 1768 δείδιθι
1275 1741 1390 1780 ponO,
1411 1727 1462 1765 ita
1493 1736 1533 1765 ut
1560 1727 1683 1766 nullus
1712 1728 1774 1780 qui
1803 1737 1837 1767 te
1870 1729 2046 1769 invenerit
2078 1730 2230 1782 ignoret.

174 1793 286 1827 τοῦτο.
302 1787 392 1826 Ἰδοὺ
409 1788 477 1841 γὰρ
498 1789 559 1827 καὶ
574 1795 718 1840 σημεῖον
731 1788 915 1839 ἐπιτίθημί
934 1805 1009 1837 σοι,
1029 1789 1122 1828 ὥστε
1136 1807 1203 1842 μη·
1276 1790 1370 1828 Nam
1387 1789 1455 1827 ista
1470 1788 1507 1827 in
1526 1797 1599 1828 toto
1615 1789 1698 1828 vitae
1714 1799 1785 1828 tuae
1804 1789 1957 1828 decursu
1974 1806 2166 1830 nervorum
2182 1805 2235 1829 re-

176 1849 255 1888 δένα
275 1853 344 1888 τῶν
363 1849 593 1903 εὑρισκόντων
605 1865 643 1888 σε
662 1853 844 1901 ἀγνοῆσαι.
861 1849 907 1889 Ἤ
921 1850 989 1904 γὰρ
1011 1851 1128 1898 πάσης
1141 1854 1204 1898 τῆς
1277 1849 1407 1888 solutio
1438 1850 1569 1888 futuris
1601 1851 1888 1902 generationibus
1908 1852 2007 1891 utilis
2034 1853 2101 1891 erit
2118 1869 2126 1890 t
2143 1863 2176 1891 et
2195 1853 2235 1891 id

175 1913 264 1958 ζωῆς
284 1926 345 1949 σου
366 1911 530 1964 πάρεσις,
556 1911 741 1959 λυσιτελὴς
762 1912 860 1951 ἔσται
885 1917 963 1956 ταῖς
984 1913 1073 1964 μετὰ
1091 1917 1204 1953 ταῦτα
1225 1930 1249 1960 B
1276 1911 1375 1962 quod
1395 1911 1493 1950 solus
1512 1911 1612 1949 nullo
1630 1921 1803 1964 praesente
1822 1923 1988 1966 operatus
2009 1928 2067 1964 es,
2087 1914 2157 1953 hoc
2176 1915 2232 1953 di-

174 1979 328 2025 γενεαῖς,
352 1973 412 2011 καὶ
431 1972 515 2026 ὅπερ
536 1972 637 2024 μόνος
658 1974 804 2025 μηδενὸς
835 1974 1005 2028 παρόντος
1027 1974 1179 2029 ἔπραξας
1190 2006 1200 2024 ,
1273 1982 1370 2012 scent
1386 1987 1506 2012 omnes
1520 1973 1583 2024 qui
1599 1982 1633 2012 tc
1647 1983 1844 2025 gementem
1861 1984 1895 2012 et
1910 1983 2118 2013 trementem
2133 1975 2234 2015 vide-

171 2037 272 2074 τοῦτο
301 2035 516 2086 μαθήσονται
541 2035 668 2079 πάντες
686 2035 833 2088 ὁρῶντές
873 2052 913 2075 σε
943 2036 1108 2076 στένοντα
1139 2039 1200 2077 καὶ
1273 2035 1417 2083 bunt,et
1429 2036 1531 2086 quasi
1547 2049 1610 2087 per
1623 2035 1782 2088 corporis
1798 2044 1986 2075 tremorem
2005 2037 2233 2087 clamantem,

172 2096 365 2148 τρέμοντα,
385 2097 445 2134 καὶ
474 2097 657 2149 μονονουχὶ
679 2099 815 2148 βοῶντα
836 2097 893 2135 διὰ
911 2101 971 2136 τοῦ
989 2099 1119 2150 τρόμου
1139 2103 1199 2138 τοῦ
1273 2105 1308 2134 et
1325 2096 1492 2134 omnibus
1512 2095 1690 2134 dicentem
1705 2096 1855 2135 :Nullus
1877 2096 1963 2135 talia
1981 2096 2123 2148 audeat,
2145 2113 2233 2150 qua-

169 2160 392 2206 σωματικοῦ,
426 2157 485 2195 καὶ
517 2163 606 2195 πᾶσι
625 2156 907 2209 εδιαλεγόμενον,
934 2158 994 2197 καὶ
1027 2160 1176 2211 λέγοντα
1189 2176 1196 2185 ·
1272 2157 1322 2195 lia
1337 2170 1414 2210 ego,
1435 2166 1477 2196 ut
1495 2171 1539 2196 ne
1551 2157 1589 2195 in
1607 2157 1771 2196 eamdem
1784 2171 1926 2211 poenam
1947 2158 2096 2198 incidat.

171 2217 293 2268 μηδεὶς
312 2216 427 2270 ἕτερος
444 2222 589 2256 τοιαῦτα
610 2219 771 2272 τολμήσῃ
785 2249 795 2268 ,
817 2213 942 2272 οἷοίπερ
961 2219 1051 2272 ἐγὼ,
1071 2220 1128 2260 ἵνα
1147 2221 1197 2274 μὴ
2027 2213 2036 2224 ⁰

169 2279 334 2325 τοιαύτην
348 2278 512 2326 ἀδέξηται
531 2279 718 2332 τιμωρίαν.

221 2342 254 2379 T
257 2345 345 2379 α’ὗτα
364 2341 565 2391 ἀκούοντες,
583 2341 782 2394 ἀγαπητοὶ,
803 2342 853 2394 μὴ
875 2344 997 2388 ἁπλῶς
1011 2345 1196 2400 παρατρέ-
1325 2344 1363 2382 6.
1383 2342 1468 2381 Haec
1486 2341 1684 2394 audientes,
1699 2341 1836 2391 dilecti,
1855 2357 1934 2395 quae
1947 2343 2041 2383 dicta
2061 2355 2144 2384 sunt
2159 2360 2226 2385 non
2243 2359 2361 2387 Moram
2373 2371 2434 2399 ι-μ.

168 2417 288 2453 χωμεν
307 2403 352 2441 τὰ
374 2403 558 2456 εἰρημένα,
589 2402 678 2453 μηδὲ
695 2408 796 2443 τοῦτο
817 2405 919 2457 μόνον
946 2409 1146 2458 σκοπῶμεν,
1167 2410 1198 2447 εἰ
1269 2404 1574 2445 inconsideranter
1600 2412 1934 2457 praetercurramus,
1957 2418 2069 2457 neque
2086 2407 2155 2446 hoc
2173 2422 2229 2446 so-
2242 2402 2333 2439 '‘¹8⁰³-

172 2465 250 2501 καθ’
289 2465 439 2510 ἑκάστην
481 2465 627 2503 ἐνταῦθα
666 2466 913 2519 συνερχόμενοι
955 2474 1198 2520 πνευματικῆς
1270 2468 1347 2506 lum
1380 2475 1596 2520 spectemus,
1619 2474 1658 2504 ut
1687 2465 1760 2504 huc
1794 2466 1954 2518 quotidie
1987 2469 2229 2508 conveniendo

172 2525 346 2578 τραπέζης
367 2525 609 2578 ἀπολαύομεν·
634 2526 731 2566 οὐδὲν
753 2528 820 2581 γὰρ
841 2529 962 2582 ὄφελος
980 2535 1043 2578 τῆς
1065 2533 1196 2586 ἀκροά-
1269 2528 1449 2583 spirituali
1470 2541 1591 2566 mensa
1606 2527 1770 2565 fruamur
1788 2528 1905 2566 :nulla
1925 2529 2020 2567 enim
2036 2530 2146 2568 solius
2165 2546 2229 2569 au-

170 2603 256 2630 σεως
281 2587 390 2638 μόνης
410 2587 492 2625 ἄνευ
519 2591 582 2635 τῆς
606 2586 664 2626 διὰ
691 2592 760 2628 τῶν
780 2589 890 2643 ἔργων
909 2594 1080 2640 ὑπακοῆς.
1100 2594 1194 2633 Ἀλλ’
1219 2603 1244 2635 c
1269 2591 1368 2631 ditus
1386 2589 1522 2628 utilitas
1540 2588 1666 2637 fuerit,
1692 2588 1760 2626 nisi
1788 2587 1881 2627 adsit
1908 2589 2135 2641 obsequentia
2166 2607 2228 2645 per

170 2649 362 2692 ἐννοοῦντες
386 2648 488 2687 πόθεν
525 2651 573 2693 εἷς
607 2649 738 2698 ταύτην
767 2650 832 2699 τὴν
860 2652 1105 2706 ἀσύγγνωστον
1136 2656 1196 2694 καὶ
1269 2667 1387 2707 opera.
1407 2651 1478 2690 Sed
1495 2650 1691 2702 cogitantes
1707 2649 1802 2688 unde
1820 2650 1855 2688 in
1875 2651 1942 2689 boc
1957 2651 2178 2704 inexpiabile
2194 2664 2228 2693 et

168 2709 327 2762 χαλεπὴν
345 2709 522 2762 ἁμαρτίαν
548 2710 742 2757 συνήλασεν
760 2714 882 2753 ἑαυτὸν
901 2717 920 2752 ὁ
938 2715 1042 2764 Κάϊν,
1064 2716 1125 2754 καὶ
1142 2716 1195 2756 ὅτι
1268 2728 1376 2768 grave
1391 2721 1575 2766 peccatum
1596 2711 1685 2749 Cain
1707 2711 1865 2764 scipsum
1887 2712 2085 2765 impulerit,
2107 2724 2145 2753 ut
2164 2731 2228 2769 per

169 2770 240 2808 ἀπὸ
257 2774 316 2809 τοῦ
338 2773 507 2823 φθονῆσαι
526 2771 584 2810 τὸν
602 2773 683 2823 μηδ’
701 2773 792 2818 ὅλως
808 2775 910 2814 αὐτὸν
928 2777 1095 2824 ἀδικῆσαί
1111 2793 1194 2817 ποτε
1268 2775 1447 2815 invidiam
1469 2774 1504 2812 in
1536 2772 1723 2826 proprium
1755 2772 1914 2822 fratrem,
1938 2773 2000 2824 qui
2031 2774 2122 2813 nihil
2158 2777 2226 2829 ipsi

169 2832 443 2885 ἐπιχειρήσαντα
455 2863 464 2881 ,
488 2832 552 2881 τὴν
579 2834 744 2883 τοιαύτην
772 2836 966 2889 εἴσπραξιν,
995 2841 1128 2890 μᾶλλον
1157 2842 1194 2880 δὲ
1269 2838 1355 2877 mali
1372 2836 1553 2883 intulerat,
1570 2834 1618 2871 ita
1635 2833 1788 2881 saevirct,
1807 2833 1880 2872 imo
1899 2834 2018 2887 ipsum
2034 2837 2223 2887 occideret,

171 2892 346 2944 ἀναίρεσιν
382 2895 429 2937 είς
459 2894 517 2933 τὸν
555 2894 640 2934 ἴδιον
663 2898 810 2951 ἀδελφὸν
840 2899 1055 2951 τετόλμηκε,
1087 2901 1136 2952 μὴ
1155 2903 1195 2942 τὸ
1269 2915 1312 2939 ne
1327 2898 1508 2951 fugiamus
1523 2895 1671 2933 adversa
1689 2903 1722 2932 et
1738 2894 1831 2933 mala
1848 2895 1937 2948 pati,
1953 2896 2016 2935 sed
2034 2898 2152 2950 potius
2168 2914 2224 2938 ca-

169 2956 286 2996 κακῶς
301 2957 423 2992 παθεῖν
441 2955 636 3008 φεύγωμεν,
657 2959 749 2998 ἀλλὰ
770 2961 904 3011 μᾶλλον
925 2961 965 3000 τὸ
981 2964 1099 3008 κακῶς
1118 2964 1194 3002 ἑτέ-
1268 2975 1415 3003 veamus
1446 2973 1490 2997 ne
1516 2957 1598 2995 aliis
1628 2956 1720 2994 mala
1752 2970 1816 3009 per
1843 2971 1908 2996 nos
1926 2957 2136 2998 inserantur.
2160 2961 2224 2999 Ille

170 3028 239 3066 ροις
261 3015 472 3062 διατεθῆναι.
493 3017 648 3063 Ἐκεῖνος
673 3021 743 3074 γάρ
766 3024 858 3061 ἐστιν
891 3023 998 3068 ὄντως
1026 3028 1045 3064 ὁ
1076 3030 1194 3071 κακῶς
1269 3025 1365 3065 enim
1382 3034 1466 3061 vere
1486 3018 1581 3057 malo
1610 3016 1791 3066 afficitur,
1812 3017 1875 3069 q'ui
1893 3020 2060 3072 proximo
2079 3035 2143 3060 suo
2161 3037 2224 3061 no-

167 3075 364 3125 πεπονθὼς,
382 3080 400 3116 ὁ
419 3077 478 3117 τὸν
498 3079 647 3126 πλησίον
667 3084 790 3122 ἑαυτοῦ
810 3087 1084 3137 κατεργάζεσθαι
1106 3090 1191 3139 βου-
1268 3100 1346 3126 cere
1364 3090 1486 3122 tentat.
1503 3079 1549 3118 Et
1567 3087 1607 3116 ut
1624 3092 1751 3118 Verum
1767 3079 1835 3118 1¹00
1848 3093 1923 3119 ⁰⁵5²
1939 3081 2042 3131 SCissS)
2056 3082 2139 3121 Vide
2153 3083 2224 3132 ¹¹5⁶,

210 3201 225 3216 ⁶
239 3192 312 3226 Duo
326 3193 402 3228 Mss.
418 3202 452 3228 et
467 3195 568 3230 savit.
583 3203 634 3232 τὸν
650 3203 776 3234 θάνατον
793 3206 966 3247 εἰργάσατο.
1254 3202 1271 3227 d
1290 3199 1511 3235 Coislin’ianus
1524 3196 1637 3231 Codex
1651 3198 1685 3230 in
1701 3196 1771 3231 haec
1784 3195 1885 3231 verba
1899 3197 2070 3233 homiliam
2085 3201 2224 3240 claudit,

212 3254 226 3269 ¹·
245 3244 323 3289 neg.
341 3258 423 3280 unus
440 3255 474 3280 el.
488 3249 588 3283 Savil.
608 3257 714 3297 τρίτην
735 3257 836 3287 πάλιν.
1209 3259 1254 3289 ἵνα
1274 3261 1318 3298 μὴ
1341 3255 1480 3290 τοιαύτην
1505 3255 1626 3290 ῧέξητοιι
1642 3256 1802 3297 τιμωρίαν.
1822 3256 2082 3297 εὐχαριστήτωμεν
2103 3257 2151 3289 οἷν
2174 3262 2223 3289 καὶ

213 3296 230 3320 ¹¹
246 3297 379 3331 coislin·
393 3303 408 3334 ὃ
421 3305 598 3347 εἰργάσατο,
616 3309 665 3338 καὶ
681 3310 699 3343 ἡ
714 3310 809 3348 μανία
827 3311 866 3344 εἰς
881 3311 931 3341 τὸν
948 3309 1017 3341 ἴδιον
1035 3310 1172 3353 &EN-fia.
1210 3313 1292 3350 ἡμεῖς
1310 3316 1351 3350 τῷ
1368 3310 1472 3347 ἀγαθῷ
1489 3308 1537 3337 καὶ
1554 3306 1752 3349 φιλανθρώπῳ
1770 3309 1826 3347 θεῷ
1843 3310 1939 3346 ἡμῶν,
1959 3311 2004 3339 ὅτι
2023 3311 2101 3350 Ίῦτῷ
2120 3315 2224 3352 ζ’-ἕῐ-ῑῐ

169 3347 261 3380 Infra
287 3347 374 3382 idem
399 3357 444 3386 ὅτι
461 3362 578 3398 πρῶτος
594 3361 645 3390 τὸν
669 3364 753 3402 φόνον
779 3363 827 3392 122
850 3365 900 3393 τὸν
925 3366 1022 3403 βίαιον
1053 3367 1178 3395 θῇς-ατο,
1213 3363 1281 3398 ἦιξα
1293 3385 1299 3395 ,
1316 3363 1441 3400 κράτος,
1457 3362 1530 3398 τιμὴ
1545 3360 1593 3389 καὶ
1611 3359 1801 3400 *emath-amc,-
1813 3382 1820 3392 ,
1836 3363 1881 3389 νῦν
1898 3363 1945 3390 κ,ε“ι
1960 3364 2005 3392 ἀεὶ
2021 3366 2084 3390 etc.
2099 3361 2224 3392 (jaetcrai

170 3405 337 3443 εἰσήγαγεν,
357 3406 490 3446 mayor.
1216 3411 1325 3442 omnia
1343 3406 1474 3440 desunt.

219 3461 232 3476 ⁶
249 3454 380 3496 b‘'l'u'm
399 3456 473 3488 'MS-³·
493 3459 700 3502 31222'2‘0J11'2w
717 3466 764 3495 καὶ
784 3466 932 3505 “i-sonu,
950 3467 1062 3506 μηιῖεῐκ
