2516 3791
315 174 411 228 426

312 275 400 310 bum
426 273 588 309 Domini
613 270 667 307 ad
692 269 846 307 Abram
874 271 915 305 in
942 269 1096 303 visione
1121 264 1256 306 noctis,

311 333 442 369 dicens
462 347 473 367 .·
496 332 556 368 Ne
578 332 726 373 timeas,
748 328 914 370 Abram,
940 338 1008 376 ego
1021 331 1178 375 protego
1199 329 1234 358 te
1244 335 1259 364 ;

311 405 453 431 merces
469 400 537 430 tua
558 389 682 427 multa
701 388 822 424 valde
839 387 923 422 erit.

363 693 401 730 4.
417 690 512 731 Vide
531 687 786 740 benignitatem
806 685 968 736 Domini,
991 681 1170 736 quomodo
1189 692 1263 721 sta-

742 189 776 218 S.
812 186 998 218 JOANMS
1033 181 1273 214 CHRYSOST·
1313 181 1520 212 ARCHIEP.
1560 182 1915 213 CONSTANTINOP-

1332 263 1455 312 γωγῶν
1492 263 1553 300 καὶ
1585 263 1770 314 ἐπίγνωσιν
1799 269 1859 303 τοῦ
1899 266 1968 303 τῶν
2007 263 2097 303 ὅλων
2134 266 2360 317 δημιουργοῦ,

1332 321 1434 359 Μετὰ
1454 322 1490 360 δὲ
1509 322 1553 359 τὰ
1572 324 1713 376 ῥήματα
1728 327 1838 362 ταῦτα
1852 353 1862 371 ,
1880 324 1969 374 μετὰ
1995 324 2035 363 τὸ
2063 325 2126 371 τὴν
2141 326 2289 372 δεκάτην
2311 328 2362 378 τῷ

1331 382 1556 433 Μελχισεδὲκ
1578 390 1788 436 παρασχεῖν,
1806 384 1885 430 ὅτε,
1904 384 2022 436 φησὶν,
2043 385 2179 423 ἅπαντα
2204 385 2250 423 τὰ
2275 387 2359 439 παρ’

1333 443 1456 483 ἑαυτοῦ
1477 443 1683 496 ἐπλήρωσε,
1697 445 1776 482 τότε
1791 444 1893 482 Μετὰ
1920 443 1965 482 τὰ
1988 445 2129 496 ῥήματα
2147 449 2259 484 ταῦτα
2290 448 2364 497 ἐγε-

1333 504 1419 550 νήθη
1441 507 1537 556 ῥῆμα
1559 504 1688 556 Κυρίου
1715 505 1800 556 πρὸς
1818 504 1958 558 Ἄὸραμ
1991 505 2092 558 λέγον
2116 504 2133 525 ¹²
2147 507 2181 543 ἐν
2211 506 2365 558 ὁράματι

1333 567 1396 610 τῆς
1416 563 1554 607 νυκτός·
1575 565 1624 616 μὴ
1647 565 1753 617 φοὸοῧ
1771 564 1931 617 Ἄὸραμ,
1948 564 2017 616 ἐγὼ
2035 565 2262 619 ὑπερασπίζω
2282 581 2342 605 σου
2355 583 2363 591 ·

1335 627 1354 663 ὃ
1367 625 1489 676 μισθός
1505 641 1566 664 σου
1581 625 1690 670 πολὺς
1710 625 1808 664 ἔσται
1828 626 1972 680 σφόδρα.

1389 685 1486 738 υΟρα
1502 687 1763 740 φιλανθρωπίαν
1784 687 1987 734 Δεσπότου,
2012 689 2087 732 πῶς
2104 687 2229 733 εὐθέως
2244 704 2364 741 παρα-

312 752 381 790 tim
403 761 437 789 et
449 766 468 789 e
482 749 633 801 vestigio
649 761 811 799 sequenS,
831 745 1017 785 beneficiis
1032 759 1138 784 suum
1153 744 1266 782 athle—
1278 775 1328 798 353
1341 748 1498 785 κολουθεῖ
1512 754 1587 789 ταῖς
1611 747 1822 800 εὐεργεσίαις
1841 748 2071 798 ἀμειὸόμενος
2081 777 2091 795 ,
2102 748 2162 786 καὶ
2174 748 2233 786 τὸν
2244 751 2367 788 ἑαυτοῦ

312 821 385 851 tam
403 819 660 858 remuneratur,
678 818 712 847 et
730 808 774 846 ad
796 806 967 845 ulteriora
986 806 1177 844 certamina
1196 805 1266 843 ite-
1291 810 1317 840 A
1342 806 1494 853 ἀθλητὴν
1525 807 1673 859 ἀλείφων
1703 809 1762 846 καὶ
1789 808 1910 861 νεαρὸν
1939 807 2180 860 ἐργαζόμενος.
2195 808 2366 860 Ἐγενήθη

312 888 392 911 rum
406 873 596 916 instruens,
614 871 738 921 vigore
751 883 843 907 novo
858 869 1014 906 roborat.
1033 869 1201 906 Factum
1212 875 1269 904 est

312 937 475 972 verbum
500 935 661 971 Domini
686 934 728 968 in
752 933 904 968 visione
931 931 1068 966 noctis.
1088 928 1208 974 Quare
1231 927 1267 965 in

312 1004 414 1032 nocte
434 994 451 1031 ἱ)
471 994 522 1031 Ut
544 993 579 1030 in
603 991 743 1029 silentio
769 1000 802 1028 et
821 990 937 1041 quiete
955 989 1084 1027 melius
1106 1003 1185 1039 quae
1205 987 1268 1026 di-

313 1063 446 1091 cuntur
462 1052 624 1104 accipiat.
638 1051 685 1089 Et
696 1050 783 1089 dicit
794 1051 825 1088 ei
840 1067 847 1087 ε
862 1052 922 1088 Ne
934 1053 1084 1096 timeas,
1101 1049 1266 1086 Abram.

313 1113 471 1152 Attende
486 1113 696 1150 immensam
716 1112 782 1149 Dei
804 1125 936 1149 curam.
951 1111 1070 1157 Quare
1082 1109 1191 1160 dixit,
1212 1111 1270 1147 Ne

315 1177 453 1212 timeas
467 1178 482 1210 ?
496 1173 589 1218 Quia
601 1181 715 1210 tantas
728 1186 811 1224 opes
825 1180 1070 1220 contemserat,
1086 1185 1154 1208 non
1169 1185 1271 1208 cura-

310 1234 358 1272 tis
373 1234 480 1284 regiis
496 1233 599 1271 donis
613 1249 621 1269 τ
637 1233 703 1270 hoc
723 1242 787 1282 cst,
802 1234 855 1270 Ne
871 1232 1010 1278 timeas,
1027 1231 1125 1282 quod
1140 1231 1267 1283 despe-

313 1294 410 1332 xeris
426 1303 520 1332 tanta
534 1294 641 1342 dona,
663 1307 774 1343 neque
786 1293 916 1330 anxius
929 1293 977 1330 sis
993 1292 1094 1343 quasi
1115 1292 1269 1330 minores

313 1354 395 1392 inde
416 1355 484 1392 tibi
503 1355 573 1392 sint
592 1354 790 1391 facultates.
813 1355 873 1391 Ne
899 1356 1047 1392 timeas.
1067 1353 1208 1391 Deinde
1229 1362 1270 1390 ut

312 1415 475 1453 animum
492 1417 604 1466 magis
627 1415 771 1463 excitet,
792 1414 922 1466 adjecit
937 1415 1046 1453 verbo
1066 1424 1100 1453 et
1112 1415 1270 1467 appella-

313 1475 461 1523 tionem,
492 1484 525 1513 et
551 1476 668 1525 inquit
691 1491 699 1510 :
722 1477 782 1512 Ne
808 1478 958 1521 timeas,
995 1476 1164 1514 Abram.
1189 1477 1269 1514 Non
1294 1488 1318 1518 Β

312 1536 406 1573 enim
437 1550 565 1588 parum
594 1535 642 1573 ad
666 1535 1022 1587 expergefaciendum
1049 1537 1156 1585 facit,
1188 1550 1270 1573 cum

312 1596 518 1647 quempiam
531 1596 676 1647 proprio
692 1595 834 1632 nomine
849 1596 1105 1646 compellamus
1121 1595 1270 1633 :deinde

311 1656 384 1702 ait,
413 1658 497 1707 Ego
522 1664 722 1707 protegam
750 1664 796 1693 te.
827 1655 983 1693 Multam
1009 1655 1116 1693 habet
1140 1665 1173 1693 et
1203 1656 1271 1694 hoc

314 1716 463 1754 verbum
479 1716 693 1767 emphasim.
712 1715 791 1765 Ego
811 1714 874 1764 qui
895 1728 914 1751 a
935 1715 1113 1752 Chaldaeis
1131 1724 1165 1752 te
1185 1729 1269 1753 evo-

314 1776 407 1822 cavi,
425 1790 489 1827 ego
505 1777 566 1826 qui
584 1785 617 1813 te
636 1776 707 1813 huc
728 1775 833 1825 duxi,
851 1788 916 1826 ego
932 1775 993 1825 qui
1013 1785 1046 1812 te
1065 1790 1084 1813 a
1102 1776 1272 1828 periculis

313 1837 464 1889 AEgypti
492 1837 659 1884 liberavi,
685 1850 749 1888 ego
777 1835 838 1887 qui
864 1836 971 1873 semel
1003 1845 1109 1887 atque
1141 1837 1272 1874 iterum

312 1898 460 1950 promisi
488 1897 555 1935 tibi
575 1907 682 1948 atque
701 1897 827 1935 semini
847 1906 907 1934 tuo
931 1896 1101 1935 daturum
1120 1912 1176 1935 me
1197 1907 1270 1935 ter-

316 1973 393 1996 ram
409 1959 516 2008 hanc,
533 1972 597 2010 ego
616 1967 650 1996 te
666 1967 834 2010 protego:
850 1972 915 2009 ego
934 1958 995 2009 qui
1014 1958 1049 1995 in
1065 1958 1142 1996 dies
1157 1959 1272 2010 magis

316 2028 349 2057 et
365 2020 477 2071 magis
496 2020 662 2057 omnibus
679 2029 712 2057 te
733 2019 868 2057 clarum
885 2019 1047 2069 ostendo,
1069 2034 1134 2071 ego
1152 2029 1272 2072 prote-

317 2091 362 2129 go
381 2088 414 2116 te
432 2095 439 2115 :
459 2079 527 2117 hoc
545 2089 608 2126 est,
627 2093 691 2130 ego
711 2079 802 2117 scuti
821 2079 900 2117 vice
920 2079 986 2117 tibi
1006 2094 1101 2129 sum,
1121 2094 1185 2131 ego
1207 2094 1273 2132 pro

317 2147 352 2176 te
371 2148 478 2185 certo,
495 2153 559 2190 ego
578 2148 822 2191 propugnator
839 2153 932 2187 sum,
950 2153 1015 2190 ego
1037 2154 1159 2177 curam
1176 2154 1272 2191 gero,

318 2213 382 2251 ego
405 2200 523 2237 omnia
546 2199 707 2236 difficilia
731 2199 848 2236 facilia
872 2199 939 2237 tibi
963 2199 1086 2247 reddo,
1109 2214 1174 2250 ego
1193 2214 1274 2252 pro·
1298 2207 1322 2238 C

318 2270 398 2311 tego
414 2269 459 2297 te.
478 2262 627 2297 Merces
648 2269 716 2297 tua
733 2260 858 2296 multa
877 2263 948 2296 erit
968 2261 1100 2298 valde.
1121 2260 1275 2298 Noluisti

319 2320 516 2358 mercedem
533 2320 692 2371 accipere
709 2334 773 2371 pro
792 2319 976 2357 laboribus
996 2334 1083 2370 quos
1103 2320 1277 2358 sustinui-

318 2382 378 2429 sti,
395 2381 502 2418 tantis
524 2380 692 2432 periculis
710 2381 864 2432 teipsum
879 2380 1094 2431 objiciendo,
1115 2380 1176 2418 sed
1192 2395 1275 2419 con-

318 2440 468 2478 temsisti
489 2449 522 2477 et
540 2453 659 2490 regem
682 2447 715 2476 et
732 2452 879 2475 munera
896 2439 982 2489 ejus.
1005 2437 1082 2488 Ego
1100 2437 1165 2475 tibi
1186 2453 1277 2476 mer-

319 2501 441 2538 cedem
467 2499 575 2546 dabo,
606 2513 675 2536 non
700 2507 835 2536 tantam
863 2506 1033 2548 quantam
1065 2507 1274 2550 accepturus

318 2576 417 2611 eras,
445 2560 507 2598 scd
539 2560 691 2598 multam
721 2568 754 2597 et
782 2558 887 2597 valde
916 2559 1066 2596 multam
1090 2575 1098 2595 z
1125 2561 1275 2598 Merces

319 2621 414 2659 enim
438 2630 519 2667 tica,
543 2620 672 2670 inquit,
693 2620 819 2657 multa
839 2621 911 2657 erit
928 2620 1059 2658 valde.
1079 2619 1215 2659 Vidisti
1236 2620 1277 2657 li-

319 2682 540 2720 beralitatem
569 2680 743 2719 Domini?
758 2679 881 2718 vidisti
896 2681 1089 2718 verborum
1104 2681 1245 2732 pondus
1260 2681 1277 2718 Ξ)

321 2742 448 2781 vidisti
462 2741 642 2792 quomodo
653 2741 864 2779 excitaverit
875 2741 1016 2793 pietatis
1025 2740 1280 2779 athletamI'vi-

321 2802 405 2840 disti
422 2802 602 2853 quomodo
621 2801 777 2839 animam
793 2802 870 2853 ejus
889 2801 1156 2840 confirmaverit
1168 2801 1185 2838 ?
1199 2802 1279 2854 Ipse

323 2862 418 2901 enim
433 2862 497 2912 qui
515 2876 644 2899 arcana
661 2862 823 2899 cordium
837 2861 952 2909 novit,
970 2861 1209 2913 sciebatjusto
1225 2862 1279 2899 illi

323 2937 411 2975 opus
444 2937 518 2960 esse
551 2922 757 2974 hujusmodi
785 2921 980 2960 verborum
1015 2922 1253 2961 consolatione
1270 2939 1277 2959 ε
1304 2931 1329 2961 D

323 2998 406 3021 nam
431 2983 514 3021 vide
539 2983 626 3032 quid
652 2997 696 3021 ex
721 2982 777 3019 his
800 2982 921 3020 verbis
951 2992 1120 3035 concepta
1147 2983 1281 3021 fiducia

323 3043 526 3095 patriarcha
558 3043 658 3081 dicit.
696 3046 732 3081 9.
770 3045 883 3080 Dixit
919 3051 1051 3081 autem
1087 3044 1243 3082 Abram
1267 3060 1277 3081 :

324 3106 505 3149 Domine,
534 3104 629 3154 quid
654 3104 749 3140 mibi
776 3104 888 3141 dabis
911 3106 927 3139 ?
948 3118 1016 3155 ego
1043 3113 1174 3142 autem
1197 3107 1282 3143 sine

369 3234 386 3259 ὓ
410 3232 451 3267 ῐῖῗν
475 3237 609 3278 ὁράματι
636 3241 687 3272 τῆς
712 3241 813 3271 νυιτός
826 3261 833 3274 ,
849 3234 891 3265 In
914 3234 1041 3265 visione
1059 3236 1177 3267 noctis.
1195 3236 1234 3267 In
1250 3234 1342 3268 Edit.

326 3294 385 3321 τῶν
411 3296 444 3318 0.
465 3290 493 3318 ἐν
519 3289 654 3330 ὁράματι
680 3291 811 3317 tautum
836 3284 965 3327 legitur,
982 3294 1034 3323 τῆς
1057 3294 1158 3324 νυκτός
1179 3285 1282 3319 (Ιροει.
1303 3287 1343 3318 In

326 3336 496 3371 llcbraico
513 3338 636 3379 pariter
653 3343 752 3379 atquc
770 3336 802 3368 iu
819 3335 958 3379 Vulgata
977 3348 1044 3370 nou
1059 3336 1208 3371 habetur.
1222 3338 1275 3373 Sic
1294 3346 1343 3371 ta-

1343 870 1440 917 ῥῆμα
1458 868 1585 921 Κυρίου
1600 871 1635 906 ἐν
1651 869 1805 921 ὁράματι
1823 872 1885 915 τῆς
1900 868 2031 913 νυκτός.
2052 868 2120 907 Διὰ
2137 869 2172 907 τί
2193 871 2228 908 ἐν
2246 869 2368 917 νυκτί;

1341 926 1421 965 Ἵνα
1444 929 1518 978 μεθ’
1538 928 1687 980 ἡσυχίας
1722 928 1860 975 δέξηται
1887 928 1931 966 τὰ
1965 928 2148 981 λεγόμενα.
2179 930 2250 968 Καί
2283 945 2369 982 φησι

1342 987 1427 1039 πρὸς
1449 987 1569 1035 αὐτὸν,
1590 988 1651 1034 Μὴ
1671 989 1797 1039 φοὸοῧ,
1811 988 1964 1041 Ἀὅραμ.
1997 989 2130 1028 Σκόπει
2161 991 2370 1041 κηδεμονίας

1343 1047 1553 1099 ὑπερέολήν.
1586 1048 1689 1091 Τίνος
1723 1047 1836 1087 ἕνεκεν
1858 1049 1974 1100 ἔλεγε,
1993 1049 2055 1096 Μὴ
2074 1050 2200 1102 φοὸοῧ,
2220 1051 2368 1099 Ἐπειδὴ

1342 1108 1504 1147 τοσούτου
1533 1108 1682 1146 πλούτου
1712 1108 1990 1161 κατεφρόνησεν,
2023 1109 2166 1147 ἔλαττον
2185 1111 2369 1162 φροντίσας

1343 1168 1411 1204 τῶν
1441 1165 1539 1219 παρὰ
1559 1171 1619 1205 τοῦ
1637 1167 1807 1217 βασιλέως
1826 1166 2013 1217 διδομένων
2029 1198 2038 1215 ,
2058 1169 2143 1220 φησὶ
2161 1169 2246 1220 πρὸς
2266 1170 2368 1208 αὐτὸν

1344 1229 1362 1264 ὁ
1376 1227 1482 1275 Θεὸς,
1505 1226 1553 1278 μὴ
1570 1227 1724 1279 φοὲηθῇς
1735 1258 1744 1273 ,
1765 1227 1818 1266 ὅτι
1833 1230 2010 1280 ὑπερεῖδες
2029 1228 2200 1267 τοσούτων
2215 1231 2368 1281 δωρεῶν,

1345 1287 1433 1336 μηδὲ
1448 1288 1646 1338 ἀγωνιάσῃς
1665 1290 1711 1330 ὡς
1727 1287 1982 1338 ἐλαττουμένης
2001 1303 2055 1326 σοι
2082 1291 2144 1335 τῆς
2158 1289 2369 1341 περιουσίας;

1346 1347 1406 1394 Μὴ
1425 1348 1544 1400 φοὸοῧ.
1565 1342 1654 1386 Εἶτα
1669 1351 1726 1386 ἵνα
1755 1348 1904 1400 διεγείρῃ
1933 1350 2063 1399 μᾶλλον
2085 1350 2187 1388 αὐτοῦ
2213 1349 2276 1396 τὴν
2302 1352 2371 1403 ψυ-

1345 1410 1428 1462 χὴν,
1442 1409 1650 1461 προστίθησι
1664 1413 1714 1462 τῷ
1735 1410 1865 1462 ῥήματι
1886 1411 1945 1448 καὶ
1960 1410 2021 1457 τὴν
2043 1411 2292 1463 προσηγορίαν,
2311 1411 2372 1450 καί

1345 1486 1449 1523 φησι·
1472 1470 1532 1517 Μὴ
1554 1471 1660 1523 φοὸοῦ
1673 1471 1848 1524 ,impona
1877 1473 1930 1509 Οὐ
1963 1471 2085 1523 μικρὸν
2105 1471 2172 1524 γὰρ
2192 1472 2251 1510 καὶ
2271 1477 2373 1510 τοῦτο

1343 1532 1510 1583 τυγχάνει
1529 1531 1614 1585 πρὸς
1644 1533 1684 1570 τὸ
1711 1533 1957 1579 διαναστῆσαι,
1985 1533 2025 1571 τὸ
2052 1532 2114 1579 τὴν
2136 1533 2371 1585 προσηγορίαν

1346 1594 1452 1630 εἰπεῖν
1473 1596 1533 1630 τοῦ
1553 1593 1766 1643 καλουμένου
1778 1609 1786 1616 ·
1816 1587 1891 1631 εἶτά
1911 1608 2034 1644 φησιν,
2052 1593 2147 1644 Ἐγὼ
2166 1597 2372 1647 ὑπερασπιῶ

1346 1668 1417 1690 σου.
1434 1652 1577 1698 Πολλὴν
1593 1652 1667 1704 ἔχει
1687 1653 1746 1690 καὶ
1762 1653 1848 1700 αὕτη
1869 1657 1890 1700 ἡ
1907 1652 1996 1696 λέξις
2015 1653 2078 1699 τὴν
2098 1654 2264 1705 ἔμφασιν.
2278 1654 2372 1706 Ἐγὼ

1345 1715 1362 1750 ὃ
1382 1713 1451 1750 ἀπὸ
1469 1715 1538 1750 τῶν
1558 1713 1745 1751 Χαλδαίων
1762 1729 1800 1751 σε
1820 1714 2037 1760 ἀναστήσας,
2052 1714 2120 1765 ἐγὼ
2137 1717 2155 1752 ὁ
2169 1715 2316 1753 ἐνταῦθά
2335 1730 2374 1753 σε

1345 1773 1503 1824 ἀγαγὼν,
1526 1772 1594 1824 ἐγὼ
1621 1776 1638 1811 ὁ
1664 1777 1733 1811 τῶν
1754 1774 1922 1812 κινδύνων
1947 1777 2016 1812 τῶν
2039 1776 2073 1813 ἐν
2093 1774 2265 1827 Αἰγύπτῳ
2275 1777 2374 1813 ἐλευ-

1345 1833 1518 1885 θερώσας,
1539 1832 1609 1885 ἐγὼ
1628 1837 1646 1872 ὁ
1660 1833 1720 1872 καὶ
1741 1834 1834 1878 ἅπαξ
1861 1835 1923 1872 καὶ
1953 1834 2109 1886 δεύτερον
2137 1835 2376 1886 ὑποσχόμενός

1345 1909 1400 1932 σοι
1436 1894 1496 1932 καὶ
1521 1897 1572 1946 τῷ
1603 1894 1781 1948 σπέρματί
1808 1911 1868 1934 σου
1905 1894 2027 1934 δώσειν
2052 1894 2116 1942 τὴν
2143 1898 2206 1946 γ’ἧν
2226 1896 2376 1944 ταύτην,

1345 1954 1414 2007 ἐγώ
1446 1970 1507 1993 σου
1543 1955 1792 2009 ὑπερασπίζω·
1829 1955 1898 2007 ἐγὼ
1925 1959 1943 1993 ὁ
1976 1955 2054 1994 καθ’
2073 1956 2223 2002 ἑκάστην
2239 1957 2375 2008 ἡμέραν

1346 2016 1636 2069 περιφανέστερον
1651 2023 1757 2055 πᾶσιν
1776 2015 1981 2059 ἀποδεικνύς
1997 2032 2054 2064 σε,
2069 2015 2137 2067 ἐγὼ
2150 2017 2377 2069 ὑπερασπίζω

1347 2091 1407 2114 σου
1419 2091 1426 2099 ·
1454 2079 1545 2115 τοῦτ’
1567 2076 1680 2124 ἔστιν,
1698 2076 1765 2129 ἐγὼ
1781 2076 2106 2130 ὑπεραγωνίζομαι,
2129 2076 2197 2128 ἐγὼ
2217 2077 2377 2129 ὖπέρμα-

1346 2153 1408 2189 χος
1429 2137 1593 2187 γίνομαι,
1615 2137 1683 2188 ἐγὼ
1705 2138 1894 2190 φροντίζω,
1915 2137 1985 2188 ἐγὼ
2006 2138 2123 2176 πάντα
2149 2137 2194 2175 τὰ
2222 2139 2373 2190 δυσχερῆ

1349 2197 1474 2235 εὔκολά
1491 2197 1745 2247 σοικαθίστημι
1758 2227 1767 2245 ,
1785 2197 1853 2249 ἐγὼ
1868 2197 2093 2248 ὑπερασπίζω
2108 2214 2181 2237 σου.
2192 2197 2236 2236 Ὁ
2258 2198 2379 2248 μισθός

1350 2273 1410 2295 σου
1427 2258 1532 2301 πολὺς
1551 2258 1649 2296 ἔσται
1669 2258 1814 2310 σφόδρα.
1835 2259 1912 2296 Οὐκ
1941 2258 2142 2305 ἦὸουλήθης
2169 2261 2290 2309 μισθὸν
2312 2261 2379 2298 λα-

1350 2318 1422 2356 &etv
1441 2318 1527 2371 ὑπὲρ
1546 2322 1614 2356 τῶν
1630 2318 1814 2369 καμάτων,
1832 2312 1880 2356 ὧν
1896 2319 2085 2368 ὑπέμεινας
2111 2319 2286 2363 τοσούτοις
2309 2335 2379 2358 κιν-

1351 2378 1461 2422 δύνοις
1494 2380 1614 2418 ἑαυτὸν
1640 2378 1872 2432 παραὸαλὼν,
1909 2380 1985 2417 ἀλλ’
2016 2381 2191 2432 ὑπερεῖδες
2224 2381 2285 2419 καὶ
2318 2384 2380 2419 τοῦ

1353 2439 1546 2491 βασιλέως,
1576 2439 1635 2476 καὶ
1666 2443 1734 2477 τῶν
1753 2441 1836 2492 παρ’
1858 2441 1960 2478 αὐτοῦ
1981 2455 2034 2478 σοι
2066 2441 2270 2491 δεδομένων.
2285 2441 2381 2492 Ἐγώ

1352 2515 1406 2538 σοι
1431 2500 1572 2552 παρέξω
1595 2501 1653 2539 τὸν
1675 2501 1816 2551 μισθὸν,
1844 2503 1881 2539 οὗ
1912 2505 2072 2540 τοσοῦτον
2089 2501 2168 2541 ὅσον
2188 2503 2380 2554 λαμὸάνειν

1352 2560 1514 2610 ἔμελλες,
1528 2561 1617 2598 ἀλλὰ
1636 2561 1744 2599 πολὺν
1758 2561 1817 2599 καὶ
1833 2561 1965 2614 σφόδρα
1986 2562 2094 2600 πολύν
2108 2561 2170 2600 ·Ὁ
2187 2563 2307 2613 μισθός
2321 2578 2381 2602 σου

1351 2620 1440 2673 γὰρ,
1467 2621 1569 2673 φησὶ,
1595 2621 1702 2664 πολὺς
1739 2620 1836 2659 ἔσται
1871 2621 2015 2674 σφόδρα.
2049 2616 2149 2665 Εἶδες
2181 2622 2381 2674 φιλοτιμίαν

1353 2682 1549 2728 Δεσπότου,
1564 2675 1648 2724 εἶδες
1664 2681 1828 2735 ῥημάτων
1848 2682 1967 2732 ὄγκον;
1987 2676 2073 2726 εἶδες
2087 2685 2161 2725 πῶς
2178 2681 2383 2730 διανέστησε

1352 2742 1410 2779 τὸν
1438 2744 1499 2787 τῆς
1534 2743 1710 2785 εὖσεὸείας
1739 2742 1912 2790 ἀθλητῆν;
1946 2736 2032 2785 εἶδες
2074 2746 2148 2786 πῶς
2188 2745 2292 2782 αὐτοῦ
2319 2743 2383 2790 τὴν

1353 2801 1469 2853 ψυχὴν
1490 2801 1675 2853 ἐνεύρωσεν
1689 2818 1696 2843 ;
1712 2802 1756 2840 ‘O
1774 2802 1843 2854 γὰρ
1859 2802 1903 2840 τὰ
1920 2802 2104 2854 ἀπόρρητα
2137 2805 2201 2849 τῆς
2233 2803 2385 2847 διανοίας

1354 2862 1583 2913 ἐπιστάμενος
1601 2863 1676 2914 ᾔδει
1706 2863 1760 2902 ὅτι
1780 2864 1924 2914 ἔχρῃζεν
1941 2866 1959 2901 ὁ
1978 2863 2107 2905 δίκαιος
2128 2866 2190 2910 τῆς
2219 2863 2288 2901 ἀπὸ
2314 2865 2384 2901 τῶν

1357 2924 1522 2975 ῥημάτιον
1554 2924 1809 2975 παρακλήσεως
1823 2939 1831 2946 ·
1858 2923 1924 2975 ὅρα
1957 2923 2025 2975 γὰρ
2058 2923 2092 2961 τί
2122 2939 2241 2975 φησιν,
2263 2924 2384 2971 ἐπειδὴ

1355 2985 1554 3038 παρρησίαν
1573 2984 1677 3022 ἔλαὸε
1702 2984 1759 3022 διὰ
1777 2986 1846 3021 τῶν
1868 2983 2047 3036 ῥημάτων.
2068 2978 2158 3022 Eine
2173 2984 2208 3021 δὲ
2222 2983 2364 3037 Ἄὸραμ
2376 3001 2384 3008 ·

1355 3046 1558 3092 ῐιΔέσποτα,
1576 3045 1610 3083 τί
1625 3062 1683 3096 μοι
1705 3045 1844 3092 δώσεις;
1867 3045 1936 3096 ἐγὼ
1957 3045 1992 3082 δὲ
2014 3044 2211 3096 ἀπολύομαι
2232 3045 2386 3091 ἄτεκνος.

1357 3105 1503 3154 Ἐπειδὴ
1522 3106 1644 3157 μισθὸν
1665 3108 1759 3158 αὐτῷ
1784 3105 2037 3158 ἐπηγγείλατο,
2057 3105 2117 3144 καὶ
2139 3105 2247 3144 πολὺν
2264 3107 2387 3157 μισθὸν

1378 3240 1454 3261 men
1473 3228 1548 3272 legit
1567 3229 1828 3273 Clirysostomus
1841 3254 1849 3269 ,
1868 3236 1906 3261 ut
1921 3240 1959 3261 ex
1976 3229 2187 3272 sequentibus
2204 3229 2320 3272 liquet.

1424 3291 1436 3305 ³
1463 3282 1502 3312 In
1528 3280 1699 3323 O.legitur
1727 3288 1860 3316 Δέσποτα
1885 3283 1973 3326 Κύριε
1999 3277 2101 3312 nebr.
2140 3286 2239 3322 ,ἾἹΠν
2282 3285 2385 3322 ἱΓῐκ,

1381 3337 1475 3381 Vulg.
1496 3336 1638 3369 Domine
1656 3336 1760 3368 Deus.
