2516 3791
662 201 702 230 ΙΝ
742 201 843 229 (tn).
886 200 979 229 xxi.

70 286 202 325 ἔτεκον.
237 286 290 324 Τὸ
316 283 508 336 παράδοξον
533 285 592 321 τοῦ
620 282 849 335 γεγενημένου
888 283 1020 325 πάντας
1052 284 1099 325 εἰς

68 352 187 398 θαῦμα
215 346 452 392 καταστήσει,
479 344 538 384 καὶ
567 345 711 382 πλείονα
745 351 832 382 πᾶσι
869 343 1011 395 παρέξει
1037 343 1100 390 τὴν

70 407 210 455 ἡδονὴν,
233 408 315 446 ὅταν
336 407 505 458 μάθωσιν,
521 405 576 446 ὅτι
608 404 677 457 ἐγὼ
701 408 723 451 ἡ
752 408 821 443 τῶν
846 406 975 457 νεκρῶν
1002 404 1099 443 οὐδὲν

71 469 210 520 ἄμεινον
241 467 444 519 διακειμένη
458 498 466 514 ,
489 467 613 520 ἀθρόον
634 467 753 519 μήτηρ
779 466 925 518 γέγονα,
952 466 1010 504 καὶ
1030 464 1099 503 ἀπὸ

71 530 336 583 κατεψυγμένης
354 529 492 582 μήτρας
523 529 658 568 παιδίον
679 528 810 575 ἔτεκον,
832 527 889 567 καὶ
908 527 977 578 μὴν
991 526 1100 574 θηλά-

71 594 140 635 ζειν
156 591 324 640 δύναμαι,
344 591 403 630 καὶ
433 591 550 642 πηγὰς
575 590 748 642 γάλακτος
781 589 920 641 ἀφιέναι
943 592 964 634 ἧ
985 588 1098 638 μηδε-

69 653 152 703 μίαν
171 653 298 691 ἐλπίδα
316 653 435 691 λοιπὸν
452 652 670 703 τεκνογονίας
690 652 831 703 ἔχουσα.
854 650 922 688 Καὶ
943 643 1028 687 εἶπε·
1049 647 1099 690 τίς

70 715 254 765 ἀναγγελεῖ
272 717 322 767 τῷ
338 714 516 767 Ἀδραὰμ,
544 714 597 752 ὅτι
633 714 775 758 θηλάζει
794 711 932 749 παιδίον
950 709 1074 762 Σάρρα
1089 726 1098 756 ;

68 775 137 814 Διὰ
157 776 224 828 γὰρ
249 779 351 814 τοῦτο
369 775 429 814 καὶ
449 778 508 813 τοῦ
524 774 697 826 γάλακτος
721 774 756 810 αἱ
780 771 893 823 πηγαὶ
915 769 1098 822 παρεσχέ-

69 842 193 885 θησαν,
210 837 265 874 ἵνα
293 837 350 875 τὸν
373 836 473 874 τόκον
497 834 764 880 πιστώσωνται,
785 833 843 870 καὶ
867 831 915 882 μή
936 847 987 874 τις
1009 832 1095 868 ὑπό-

68 898 196 943 &mov
226 892 314 935 εἶναι
335 897 459 948 νομίσῃ
487 896 527 933 τὸ
555 894 717 932 παιδίον·
740 895 774 931 αἱ
804 893 871 945 γὰρ
901 892 1014 943 πηγαὶ
1035 895 1095 929 τοῦ

67 959 239 1011 γάλακτος
264 964 370 996 πᾶσιν
397 957 586 1010 ἐκήρυττον
614 955 710 1007 παρὰ
739 961 856 993 πᾶσαν
876 955 1094 1005 ἀνθρωπίνην

67 1020 278 1073 προσδοκίαν
299 1014 388 1058 εἶναι
414 1019 453 1058 τὸ
472 1018 715 1070 γεγενημένον.
739 1019 772 1056 Τ
776 1017 804 1061 ίς
823 1018 1027 1068 ἀναγγελεῖ,
1043 1016 1096 1054 ὅτι

67 1082 208 1130 θηλάζει
227 1082 365 1120 παιδίον
385 1080 594 1134 Σάῤῥα;ὅτι
611 1080 726 1119 ἔτεκον
748 1080 821 1118 υἱὸν
842 1082 876 1118 ἐν
894 1079 988 1132 γήρᾳ
1009 1095 1096 1130 μου,

68 1143 120 1181 ὅτι
139 1142 207 1194 ἐγὼ
225 1146 246 1189 ἡ
266 1149 482 1195 γεγηρακυῖα
499 1147 609 1180 τεκεῖν
631 1141 820 1188 ἠδυνήθην,
838 1141 897 1179 καὶ
922 1142 956 1179 ἐν
976 1141 1098 1194 ἡλικία

69 1205 210 1258 τοιαύτῃ
231 1205 368 1243 παιδίον
387 1204 524 1257 τρέφειν
544 1203 713 1254 δύναμαι,
731 1203 800 1242 Καὶ
820 1202 974 1250 ηὐξήθη,
992 1203 1095 1256 φησὶ,

67 1267 107 1305 τὸ
123 1267 272 1312 παιδίον,
287 1267 344 1305 καὶ
360 1266 659 1318 ἀπεγαλακτίσθη.
676 1265 744 1304 Καὶ
765 1264 928 1311 ἐποίησεν
939 1264 1098 1316 Ἀὅραὰμ

69 1329 174 1380 δοχὴν
195 1329 366 1380 μεγάλην,
386 1323 410 1379 ᾗ
427 1328 542 1379 ἡμέρᾳ
557 1328 842 1378 ἀπεγαλακτίσθη
858 1331 875 1365 ὁ
891 1328 960 1370 υἱὸς
980 1328 1098 1366 αὐτοῦ.

122 1571 222 1622 ET&
241 1581 300 1616 τοῦ
319 1580 411 1617 Θεοῦ
428 1578 490 1625 τὴν
510 1579 640 1631 ἄφατον
661 1580 798 1631 σοφίαν,
827 1579 919 1621 ὅπως
935 1577 991 1616 διὰ
1010 1577 1097 1615 πάν-

69 1655 136 1678 των
165 1639 229 1687 τὴν
249 1639 428 1690 ὑπομονὴν
444 1643 504 1678 τοῦ
525 1640 658 1678 δικαίου
681 1641 892 1691 βασανίσας,
922 1638 978 1677 ὅτε
1002 1641 1095 1677 ἀπα-

68 1700 223 1752 γορεύειν
256 1700 347 1745 ἔδοξε
381 1700 439 1739 καὶ
466 1701 568 1744 αὐτὸς
602 1701 660 1739 καὶ
699 1701 825 1744 πάντες
856 1703 887 1739 οἱ
916 1702 964 1743 εἷς
993 1699 1097 1738 αὐτὸν

69 1764 233 1813 δρῶντες,
254 1765 298 1813 τῆ
322 1762 521 1814 ἀνθρωπεία
538 1764 639 1816 φύσει
653 1761 1098 1810 κατακολουθοῦντες,τότε

70 1823 134 1870 τὴν
151 1824 281 1862 οἰκείαν
314 1823 506 1876 ὑπόσχεσιν
529 1827 576 1868 εἷς
603 1825 700 1876 ἔργον
735 1825 866 1876 ἤγαγε,
896 1823 965 1862 Καὶ
997 1827 1099 1873 ἡμεῖς

71 1883 204 1931 τοίνυν,
240 1886 438 1936 ἀγαπητοὶ,
460 1885 524 1933 τὴν
557 1886 664 1933 αὐτὴν
693 1888 743 1938 τῷ
766 1886 890 1938 δικαίῳ
916 1884 1098 1936 ὑπομονὴν

70 1946 367 1996 ἐπιδεικνυώμεθα
383 1975 392 1993 ,
420 1946 478 1984 καὶ
499 1946 674 1997 μηδέποτε
695 1950 892 1999 ναρκῶμεν,
917 1946 1006 1984 ἀλλὰ
1023 1951 1099 1990 ταῖς

69 2013 241 2058 χρησταῖς
259 2006 376 2045 ἐλπίσι
398 2007 605 2060 τρεφώμεθα
620 2039 629 2055 ,
650 2007 777 2051 εἰδότες
803 2008 856 2046 ὅτι
875 2007 954 2045 οὔτε
976 2008 1100 2047 δυσκο-

70 2066 129 2105 'lta
149 2068 381 2119 πραγμάτων,
400 2068 478 2106 οὔτε
499 2069 614 2121 ἕτερόν
634 2085 666 2106 τι
689 2071 758 2106 τῶν
774 2069 999 2121 ἀνθρωπίνων
1020 2072 1098 2108 ἱκα-

71 2129 127 2166 νὸν
143 2128 290 2180 κώλυμα
309 2133 394 2180 ἡμῖν
414 2130 592 2180 γενέσθαι,
610 2130 751 2169 ἐπειδὰν
771 2134 792 2177 ἡ
812 2134 873 2168 τοῦ
890 2133 982 2170 Θεοῦ
997 2130 1100 2182 χάρις

71 2190 135 2236 τὴν
154 2191 284 2228 οἰκείαν
310 2191 509 2243 φιλοτιμίαν
532 2191 768 2235 ἐπιδείξασθαι
794 2193 962 2243 βουληθῇ.
982 2191 1099 2229 “va

71 2252 138 2304 γὰρ
155 2254 283 2296 ἐκεῖνος
307 2253 430 2304 νεύσῃ,
449 2252 565 2290 πάντα
593 2252 677 2291 εἴκει
703 2253 762 2291 καὶ
788 2258 1018 2306 παραχωρεῖ,
1040 2253 1099 2291 καὶ

70 2313 115 2350 τὰ
143 2313 294 2352 δύσκολα
315 2313 442 2352 εὔκολα
461 2313 610 2365 γίνεται,
630 2314 689 2352 καὶ
710 2314 754 2352 τὰ
781 2314 936 2352 ἀδύνατα
951 2315 1098 2352 δυνατά·

72 2374 174 2424 μόνον
195 2374 255 2412 ἐὰν
271 2378 372 2426 ἡμεῖς
393 2375 539 2428 στερρὰν
558 2375 621 2423 τὴν
646 2377 692 2419 εἷς
712 2375 816 2414 αὐτὸν
832 2375 949 2414 πίστιν
966 2377 1100 2414 ἐπιδει-

73 2435 256 2486 κνυώμεθα
269 2465 279 2483 ,
311 2436 369 2474 καὶ
401 2436 487 2489 πρὸς
513 2437 552 2476 τὸ
587 2437 729 2488 μέγεθος
762 2439 868 2475 αὐτοῦ
889 2440 1103 2490 ἀφορῶντες,

75 2497 242 2549 ἀνώτεροι
260 2497 439 2549 γινώμεθα
450 2502 519 2536 τῶν
533 2499 758 2550 ἀνθρωπίνων
791 2499 967 2537 ἁπάντων.
979 2499 1024 2539 ‘O
1037 2500 1105 2552 γὰρ

75 2559 118 2598 τὰ
139 2559 311 2610 μέλλοντα
333 2559 446 2611 ἀγαθὰ
466 2560 525 2598 καὶ
545 2560 589 2598 τὰ
608 2561 791 2613 ἀπόῤῥητα
811 2562 928 2599 ἐκεῖνα
947 2561 1105 2614 ὑποσχό-

76 2636 176 2672 μενος
199 2627 269 2664 τοῖς
287 2625 363 2673 μετ’
386 2623 512 2674 ἀρετῆς
527 2622 590 2670 τὴν
611 2624 759 2660 ἐνταῦθα
779 2622 870 2669 ζωὴν
891 2622 1106 2674 διανύουσιν,

76 2685 114 2721 οὐ
135 2683 255 2736 πολλῷ
277 2684 410 2734 μᾶλλον
435 2685 494 2722 καὶ
521 2684 564 2722 τὰ
593 2685 742 2722 ἐνταῦθα
774 2683 939 2736 παρέξει,
959 2684 1017 2722 καὶ
1039 2687 1106 2736 μά-

77 2747 204 2790 λιστα,
232 2745 293 2782 ἐὰν
312 2747 414 2795 ἡμεῖς
438 2745 577 2784 ἐκείνων
611 2745 806 2798 ἐφιέμενοι,
836 2749 906 2784 τῶν
925 2747 1106 2799 παρόντων

78 2808 322 2857 ὑπερορῶμεν,
337 2808 370 2844 T
373 2805 431 2844 ότε
451 2806 519 2859 γὰρ
542 2808 654 2844 αὐτῶν
676 2806 831 2857 μάλιστα
861 2807 1107 2859 ἀπολαύσομεν

79 2867 169 2917 μετὰ
188 2867 384 2918 δαψιλείας,
413 2867 495 2905 ὅταν
528 2870 640 2906 αὐτῶν
666 2869 840 2921 ὑπεριδεῖν
868 2871 1107 2921 βουληθῶμεν.

78 2934 92 2948 ¹⁴
107 2929 217 2966 Ταῦτ’
239 2922 296 2966 οὖν
318 2928 466 2976 εἰδότες,
493 2932 606 2968 ἐκεῖνα
637 2934 799 2981 ποθῶμεν
818 2931 863 2970 τὰ
883 2933 1030 2983 μένοντα
1051 2933 1109 2971 καὶ

81 2990 229 3037 ἀκίνητα
248 2989 382 3041 ἀγαθὰ,
398 2990 442 3028 τὰ
459 2991 557 3034 τέλος
576 2993 639 3030 οὐκ
655 2993 885 3044 ἐπιστάμενα,
901 2994 958 3031 ἵνα
975 2994 1033 3032 καὶ
1052 2995 1110 3032 τὸν

82 3051 236 3103 παρόντα
253 3052 326 3103 βίον
347 3050 488 3096 ἀλύπως
505 3052 735 3103 διανύσωμεν,
751 3055 920 3093 κάκείνων
930 3057 1108 3107 ἐπιτυχεῖν

83 3114 297 3164 δυνηθῶμεν,
309 3107 357 3151 ὧν
369 3113 502 3164 γένοιτο
512 3113 645 3157 πάντας
661 3117 754 3165 ἡμᾶς
769 3117 982 3165 ἀπολαῦσαι,
991 3117 1110 3169 χάριτι

83 3173 143 3211 καὶ
166 3174 409 3226 φιλανθρωπίᾳ
428 3178 487 3212 τοῦ
510 3174 638 3227 Κυρίου
668 3177 770 3226 ἡμῶν
796 3175 914 3222 Ἰησοῦ
935 3179 1112 3229 Χριστοῦ,

85 3236 160 3283 μεθ’
187 3228 225 3272 οὗ
244 3237 295 3287 τῷ
315 3235 431 3288 Πατρὶ
461 3238 483 3282 ἡ
513 3235 613 3284 δόξα,
638 3236 712 3287 ἅμα
731 3239 780 3289 τῷ
798 3236 887 3290 ἁγίῳ
907 3237 1090 3289 Πνεύματι
1103 3269 1113 3285 ,

87 3296 228 3342 νῦνκαὶ
248 3297 314 3343 ἀεὶ,
335 3298 394 3335 καὶ
420 3300 467 3341 εἷς
482 3297 561 3342 τοὺς
582 3300 708 3343 αἰῶνας
728 3301 796 3337 τῶν
822 3299 971 3339 αἰώνων.
994 3301 1112 3353 Ἀμήν.

1020 198 1179 228 (nautis.

1122 2900 1168 2966 Ὗ
1182 2930 1264 2969 inde
1289 2929 1363 2966 baee
1385 2925 1530 2965 scientes
1544 2953 1554 2971 ,
1589 2922 1650 2960 illa
1669 2920 1911 2959 desideremus
1941 2921 2033 2959 bona
2055 2929 2134 2973 (111ῑο

1225 200 1385 229 1101111..
1426 200 1530 229 ΜΝ.
2035 188 2119 246 ‘3737

1172 283 1255 333 quia
1276 282 1326 320 sie
1346 283 1479 335 peperi.
1499 282 1592 320 Tam
1613 281 1837 319 admirabilis
1861 297 2029 334 rarusque
2045 300 2124 336 par-

1173 352 1229 381 tus
1250 358 1370 381 omues
1394 344 1427 381 iu
1453 342 1724 381 admirationem
1744 343 1877 396 rapiet,
1902 353 1935 381 et
1954 346 2124 396 majorem

1171 405 1337 442 omnibus
1357 405 1576 457 voluptatem
1597 405 1740 451 asseret,
1761 419 1842 442 011111
1868 404 2035 442 sciverint
2053 420 2122 453 me,

1171 478 1249 515 qua:
1265 466 1354 503 nihil
1371 481 1388 503 a
1412 465 1562 504 mortuis
1579 464 1788 503 disserebam
1807 474 1981 517 quantum
1999 466 2044 504 ad
2067 481 2125 516 ge-

1172 525 1405 575 nerationem,
1434 526 1552 564 subito
1586 536 1735 564 matrem
1761 527 1888 564 saetam
1922 541 2016 574 esse,
2047 537 2079 564 et
2107 545 2125 564 e

1173 585 1281 622 vulva
1315 587 1488 624 exsiccata
1521 587 1682 638 puellum
1715 587 1892 640 peperisse
1928 596 1962 625 et
1995 587 2127 626 lactare

1172 660 1294 697 posse,
1333 656 1366 684 et
1398 647 1509 684 sontes
1531 647 1631 685 lactis
1664 649 1822 686 emittere
1841 678 1851 698 ,
1883 663 1961 700 qua·
1990 649 2124 687 nullam

1171 721 1270 759 spem
1309 708 1469 759 pariendi
1500 708 1690 746 habebam.
1725 711 1760 746 7.
1788 712 1841 748 Et
1869 712 1966 748 dixit
1993 725 2000 747 τ
2033 713 2126 762 Quis

1171 770 1424 806 anmtntiabit
1454 769 1651 815 Abrahae,
1687 772 1790 821 quod
1818 772 1939 809 lactat
1965 787 2125 823 puerum

1169 830 1315 867 Sarra?
1330 831 1422 867 Nam
1437 839 1582 883 propter
1600 829 1667 867 boe
1687 840 1719 868 ct
1736 831 1838 868 laetis
1850 833 1961 869 sontes
1973 834 2126 871 concessi

1169 899 1274 935 sunt,
1295 900 1334 929 ut
1348 900 1490 944 partum
1511 892 1626 943 magis
1645 891 1850 929 credibilem
1871 894 2014 943 iaciant,
2035 904 2067 932 et
2085 910 2126 933 ne

1169 952 1250 1003 quis
1281 952 1552 1005 supposititium
1579 967 1653 991 esse
1672 961 1772 1005 putet
1806 967 1981 1005 puerum:
2014 957 2126 993 fontes

1168 1013 1263 1051 enim
1284 1013 1386 1052 lactis
1404 1013 1571 1052 omnibus
1594 1014 1834 1066 praedicabant
1855 1023 1979 1066 praeter
2000 1016 2123 1055 liuma-

1169 1089 1251 1113 nam
1272 1075 1572 1128 exspectationem
1586 1075 1652 1113 1100
1667 1075 1833 1113 evenisse.
1857 1077 1951 1125 Quis
1970 1091 2108 1114 annun

1169 1139 1294 1184 tiabit,
1318 1139 1423 1189 quod
1443 1138 1565 1175 Iactat
1583 1151 1744 1188 puerum
1764 1138 1909 1175 Sarra?
1934 1140 2038 1189 quod
2060 1153 2124 1189 pe-

1165 1201 1330 1249 pererim
1349 1200 1489 1251 filium
1511 1201 1553 1235 in
1582 1207 1776 1236 senectute
1801 1202 1915 1235 mea?
1944 1199 2041 1249 quod
2060 1213 2124 1250 ego

1122 1273 1146 1304 1)
1169 1273 1247 1310 quae
1267 1259 1384 1308 senui,
1404 1273 1527 1311 parere
1548 1259 1746 1311 potuerim,
1765 1268 1799 1296 et
1823 1258 1860 1296 in
1877 1258 1944 1296 hac
1958 1268 2059 1297 :etate
2084 1261 2126 1297 fi-

1172 1321 1260 1358 lium
1279 1321 1371 1359 alere
1387 1321 1547 1372 possim?
1567 1323 1602 1358 8.
1621 1322 1675 1358 Et
1701 1323 1838 1367 crevit,
1859 1320 1996 1372 inquit,
2014 1336 2121 1373 puer,

1173 1391 1209 1420 et
1229 1383 1451 1421 ablactatus
1475 1391 1544 1421 est.
1576 1384 1629 1420 Et
1640 1383 1744 1435 fecit
1764 1383 1974 1420 Abraham
1995 1388 2125 1422 0οηνί-

1175 1447 1277 1483 vium
1305 1458 1489 1497 magnum
1518 1445 1580 1482 cIIe
1607 1457 1682 1497 quo
1703 1444 1925 1483 ablactatus
1944 1454 1997 1483 est
2017 1446 2126 1497 filins

1171 1521 1274 1547 suus.

1223 1572 1261 1608 G.
1286 1569 1421 1610 Vidisti
1447 1571 1514 1609 Dei
1543 1570 1761 1609 ineffabilem
1780 1571 2012 1623 sapientiam,
2033 1588 2124 1624 quo—

1171 1630 1276 1669 modo
1297 1631 1506 1684 patientiam
1522 1631 1612 1684 justi
1634 1631 1749 1670 modis
1763 1632 1930 1670 omnibus
1944 1634 2122 1685 probavit,

1168 1692 1311 1743 quando
1329 1692 1405 1745 ipse
1428 1702 1461 1730 et
1481 1706 1600 1730 omnes
1621 1692 1680 1743 qui
1704 1693 1822 1745 ipsum
1841 1692 2034 1742 videbant,
2055 1695 2125 1732 hu-

1171 1767 1281 1792 tnanae
1319 1763 1453 1792 naturae
1486 1754 1578 1793 vires
1608 1763 1823 1806 spectantes,
1866 1754 1958 1792 nihil
1986 1770 2125 1808 sperare
2139 1772 2256 1800 ,ruffi-am
2274 1783 2324 1798 η-

1171 1815 1370 1865 audebant,
1399 1825 1484 1853 tunc
1513 1815 1591 1867 ipsa
1624 1816 1813 1867 promissio
1844 1817 2018 1869 completa
2045 1816 2274 1856 est?¹'⁰‘¹'·¹¹¹⁰·

1170 1879 1298 1931 Igitur,
1319 1877 1456 1928 dilecti,
1478 1887 1511 1915 et
1528 1891 1592 1915 nos
1608 1876 1782 1926 eamdem,
1797 1893 1904 1929 quam
1924 1880 2045 1931 justus
2066 1879 2126 1918 ille

1171 1940 1377 1993 patientiam
1414 1939 1670 1985 exhibeamus,
1697 1948 1730 1976 et
1763 1953 1960 1990 numquam
1988 1940 2127 1979 desides

1172 2002 1307 2040 simus:
1329 2001 1391 2040 sed
1410 2015 1471 2053 spe
1495 2001 1587 2038 bona
1605 2014 1817 2049 recreemur,
1840 2001 1988 2040 scientes
2015 2016 2127 2054 neque

1172 2078 1291 2102 rerum
1305 2063 1568 2108 difficultatem,
1580 2075 1694 2113 neque
1711 2061 1812 2100 aliud
1826 2063 1915 2114 quid
1930 2064 2128 2102 humanum

1135 2140 1145 2158 ι’
1172 2125 1399 2163 obstaculum
1413 2123 1516 2161 nobis
1526 2136 1598 2160 esse
1613 2136 1728 2174 posse,
1739 2123 1922 2174 siquando
1938 2126 2051 2175 gratia
2062 2126 2128 2163 Dei

1171 2201 1274 2225 suam
1305 2185 1487 2224 declarare
1517 2183 1670 2223 voluerit
1695 2184 1956 2223 liberalitatem.
1980 2186 2128 2232 Quoties
2163 2211 2242 2240 Nihil
2271 2224 2329 2240 nou

1173 2247 1266 2286 enim
1285 2247 1346 2286 ille
1361 2247 1508 2295 annuit,
1528 2246 1648 2285 omnia
1668 2247 1798 2287 cedunt
1817 2255 1850 2283 et
1863 2247 2127 2300 obtemperant,
2142 2257 2219 2282 ecda
2247 2257 2332 2282 naua

1171 2323 1204 2355 et
1225 2309 1392 2349 difficilia
1411 2310 1530 2348 facilia
1552 2320 1655 2359 sunt,
1672 2320 1706 2348 et
1722 2309 1958 2362 impossibilia
1978 2310 2130 2362 possibi-

1173 2377 1244 2425 lia,
1276 2373 1304 2412 si
1325 2370 1551 2411 solummodo
1578 2371 1721 2410 firmam
1748 2371 1784 2409 in
1810 2371 1887 2423 ipso
1909 2370 2017 2408 tidem
2048 2386 2130 2410 con-

1174 2449 1380 2483 servemuS‚
1411 2443 1446 2471 et
1475 2432 1521 2471 ad
1549 2433 1833 2485 magnitudinem
1865 2433 1941 2485 ejus
1969 2434 2132 2485 potentia:

1176 2505 1372 2551 spectantes
1404 2494 1570 2533 humanis
1600 2494 1767 2532 omnibus
1790 2494 1988 2546 superiores
2008 2494 2129 2531 simus.

1178 2562 1270 2598 Nam
1291 2558 1354 2610 qni
1372 2558 1492 2595 futura
1507 2556 1599 2594 bona
1619 2565 1652 2594 et
1677 2554 1872 2592 ineffabilia
1889 2554 1949 2591 illa
1969 2554 2132 2606 promisit

1178 2621 1223 2660 iis
1240 2620 1302 2673 qui
1319 2633 1401 2658 cum
1412 2618 1546 2657 virtute
1563 2617 1676 2656 vitam
1690 2616 1750 2653 hic
1768 2615 1979 2668 peregerint,
1999 2625 2131 2666 quanto

1179 2683 1294 2735 magis
1314 2690 1348 2719 et
1368 2695 1408 2718 ea
1439 2679 1568 2730 quibus
1598 2677 1657 2715 hic
1684 2691 1774 2729 opus
1799 2685 1850 2713 est
1875 2676 2073 2728 praebebit:
2099 2687 2130 2714 et

1179 2745 1336 2784 maxime
1354 2742 1383 2780 si
1404 2755 1467 2779 nos
1482 2740 1543 2778 illa
1558 2738 1797 2777 desiderantes
1816 2737 2002 2789 praesentia
2015 2737 2131 2791 despi-

1180 2806 1338 2846 ciamus?
1356 2805 1460 2841 Tune
1473 2801 1567 2839 enim
1586 2800 1636 2838 eis
1652 2798 1808 2837 maxime
1821 2806 1854 2835 et
1869 2797 2024 2836 ubertim
2042 2799 2134 2837 frue-

1180 2883 1263 2907 mur
1276 2898 1286 2916 ,
1306 2864 1448 2917 quando
1475 2878 1515 2900 ea
1546 2871 1767 2899 contemnere
1788 2859 2018 2898 voluerimus.
2040 2861 2131 2899 Pro-

1183 2999 1326 3030 manent
1339 2998 1371 3027 et
1384 2984 1583 3025 immobilia
1593 2992 1689 3031 sunt,
1701 2991 1734 3020 et
1744 2997 1823 3033 quae
1838 2983 1946 3021 finem
1960 2984 2132 3022 nesciunt:

1184 3062 1223 3090 ut
1238 3061 1267 3090 et
1292 3058 1497 3104 praesentem
1520 3046 1631 3084 vitam
1646 3044 1733 3082 eitra
1752 3044 1937 3082 tristitiam
1955 3047 2135 3083 transmit-

1184 3123 1312 3160 tamus,
1332 3121 1365 3150 et
1383 3111 1443 3148 illa
1459 3107 1616 3158 assequi,
1637 3105 1778 3156 illisque
1790 3119 1911 3143 omnes
1926 3106 1995 3143 srui
2013 3107 2132 3144 valea-

1185 3189 1284 3222 mus,
1306 3172 1418 3225 gratia
1436 3180 1468 3208 et
1488 3166 1729 3207 misericordia
1754 3167 1898 3206 Domini
1923 3168 2031 3205 nostri
2052 3170 2134 3206 ,Iesu

1186 3235 1334 3283 Christi,
1348 3233 1496 3271 cuicum
1508 3231 1611 3268 Patre
1634 3238 1667 3268 et
1677 3228 1814 3282 Spiritu
1827 3238 1947 3266 saneto
1962 3229 2136 3278 sitgloria,

1187 3311 1280 3337 nunc
1294 3306 1326 3334 et
1346 3308 1497 3346 semper.
1519 3301 1550 3330 et
1570 3292 1606 3330 in
1622 3289 1754 3330 saecuta‘
1767 3291 1990 3330 saeculorum.
2010 3293 2133 3327 Λιιιοιι.

131 3412 143 3426 ³
162 3401 276 3435 Metel.
303 3409 336 3433 ⁰¹-
350 3401 486 3445 qssidssm
514 3405 590 3439 MSS.
611 3404 688 3439 ταῦτ’
724 3407 772 3440 οᾷν
795 3408 912 3444 εἰδότι-ς.
929 3405 1031 3438 Savil.
1060 3413 1091 3437 et
1109 3405 1163 3437 alii
1180 3411 1253 3449 ξτες)
1271 3410 1466 3444 ’[’,’,’,τ.ι;.-τ;·,·.

273 3460 368 3484 TOM.
405 3462 456 3485 lV.

1960 3442 2008 3475 36

2143 2297 2255 2324 divino.
