2516 3791
606 216 647 245 ΙΝ
685 217 788 246 (ἉΙ).
828 217 923 246 xvi.
962 215 1123 245 GENES.
1163 215 1318 245 uomit„
1360 216 1554 247 xxxviii.

51 299 268 350 ὀδυνωμένης
283 299 397 350 ψυχῆς
421 297 566 335 ἐκάλεσε
582 298 639 335 τὸν
660 299 856 346 Δεσπότην,
876 299 1000 342 εὐθέως
1017 300 1077 344 τῆς

53 360 180 397 ἄνωθεν
202 361 397 404 ἐπισκοπῆς
412 356 556 404 ἠξιώθη.
572 356 652 395 Ἵνα
669 357 737 411 γὰρ
759 359 853 410 μάθῃ
869 389 878 406 ,
895 359 949 397 ὅτι
965 359 1021 396 διὰ
1039 359 1078 396 τὸ

52 422 311 465 ταπεινωθῆναι
331 418 392 456 καὶ
414 420 628 464 συσταλῆναι
650 421 711 464 τῆς
734 419 904 467 τοσαύτης
925 419 1079 464 ἀξιοῦται

53 479 262 530 κηδεμονίας
275 509 284 525 ,
305 478 408 530 φησὶν
426 482 443 516 ὁ
460 479 605 530 ἅγγελος
624 479 710 532 πρὸς
729 479 853 525 αὐτήν·
873 480 934 518 Ἐν
954 479 1080 531 γαστρὶ

53 540 162 591 ἔχεις,
192 540 251 578 καὶ
283 539 363 591 τέξῃ
393 539 480 585 υἱὸν,
511 539 571 578 καὶ
591 539 750 584 καλέσεις
775 541 815 579 τὸ
840 541 949 591 ὄνομα
977 541 1080 577 αὐτοῦ

52 599 223 649 Ἰσμαὴλ,
255 599 310 638 ὅτι
329 599 501 645 ἐπήκουσε
531 600 657 653 Κύριος
685 603 728 652 τῇ
761 600 972 639 ταπεινώσει
1006 615 1080 638 σου.

53 659 195 703 Εἰδότες
214 660 344 708 τοίνυν,
369 661 566 712 ἀγαπητοὶ,
594 660 648 698 ὅτι
667 661 726 699 ἐὰν
745 661 921 713 νήφωμεν,
949 663 984 698 αἱ
1005 659 1080 697 θλί-

53 722 128 771 ψεις
155 723 288 772 μᾶλλον
314 724 408 771 ἡμᾶς
434 723 599 760 οἰκειοῦσι
624 724 674 773 τῷ
705 722 890 772 Δεσπότῃ,
919 720 978 758 καὶ
1003 720 1081 757 τότε

53 781 270 832 δυνησόμεθα
302 781 364 827 τὴν
395 782 479 832 παρ’
513 783 616 819 αὐτοῦ
652 780 761 831 ῥοπὴν
796 780 1082 827 ἐπισπάσασθαι,

52 840 134 879 ὅταν
163 841 252 891 μετὰ
280 840 498 890 ὀδυνωμένης
523 842 638 892 ψυχῆς
667 839 727 877 καὶ
757 843 893 893 θερμῶν
924 839 1082 891 δακρύων

52 904 147 953 αὐτῷ
161 901 376 955 προσίωμεν,
393 900 442 951 μὴ
458 903 623 950 ἀλγῶμεν
640 900 698 937 ἐπὶ
714 906 790 944 ταῖς
807 900 976 952 θλίψεσιν,
993 901 1084 940 ἀλλὰ

51 962 146 1000 τὸέκ
161 965 229 999 τῶν
258 961 406 1012 θλίψεων
437 960 557 1013 κέρδος
578 960 798 1011 λογιζόμενοι
822 961 938 999 πάντα
964 962 1085 1014 πράως

53 1022 212 1075 φέρωμεν
232 1022 276 1060 τὰ
292 1021 538 1072 συμπίπτοντα
550 1052 559 1069 ,
577 1021 636 1059 καὶ
652 1022 902 1073 παιδευώμεθα
922 1025 1085 1067 ἐπιεικεῖς

53 1076 219 1121 εἶναικαὶ
245 1082 371 1135 ἥμεροι
390 1082 476 1134 πρὸς
498 1081 632 1125 πάντας
652 1081 730 1133 μὲν,
754 1083 911 1133 μάλιστα
939 1083 975 1120 δὲ
1004 1085 1086 1137 περὶ

52 1144 114 1187 τὰς
134 1147 266 1182 ἑαυτῶν
285 1151 454 1195 γυναῖκας
467 1173 476 1190 ,
497 1143 556 1181 καὶ
576 1143 711 1190 πολλὴν
727 1148 903 1183 ποιεῖσθαι
919 1145 1085 1193 σπουδὴν,

53 1204 162 1253 ὥστε,
178 1204 242 1243 κᾶν
259 1205 422 1250 δικαίως,
439 1204 502 1242 κᾶν
521 1204 650 1248 ἀδίκως
665 1203 876 1256 μέμψωνται
888 1235 897 1252 ,
917 1205 965 1256 μὴ
986 1209 1086 1259 ἀκρι-

55 1264 297 1317 ὅολογεῖσθαι,
328 1267 405 1303 ἀλλ’
432 1267 504 1308 ἑνὸς
531 1264 636 1315 μόνου
663 1264 837 1316 γίνεσθαι,
867 1270 927 1303 τοῦ
953 1266 998 1304 τὰ
1023 1270 1086 1313 τ’ἧς

54 1325 168 1371 λύπης
184 1325 280 1363 αἴτια
296 1325 453 1364 ἐκποδὼν
474 1331 598 1372 ποιεῖν,
617 1325 675 1363 καὶ
698 1328 839 1376 βαθεῖαν
857 1327 997 1379 εἰρήνην
1017 1345 1085 1366 κα-

55 1387 281 1430 τασκευάζειν
310 1390 353 1437 τῇ
380 1386 497 1439 οἰκία,
520 1386 577 1423 ἵνα
602 1386 662 1424 καὶ
687 1386 802 1434 ἐκείνη
824 1387 890 1440 ἔχῃ
914 1389 1000 1441 πρὸς
1026 1389 1084 1428 τὸν

55 1448 163 1499 ἄνδρα
186 1447 249 1495 τὴν
270 1448 496 1500 ἐπιστροφὴν,
519 1448 579 1485 καὶ
598 1451 616 1486 ὁ
634 1447 723 1501 ἀνὴρ
747 1451 794 1492 ὡς
813 1452 859 1493 εἷς
892 1450 1018 1501 λιμένα
1037 1453 1084 1494 εἰς

55 1507 162 1554 αὐτὴν
184 1508 248 1559 ἔχῃ
273 1508 503 1560 καταφεύγειν
526 1511 564 1546 ἐκ
586 1510 655 1546 τῶν
683 1509 807 1553 ἔξωθεν
829 1515 996 1563 ταραχῶν
1025 1511 1084 1549 καὶ

53 1571 122 1607 τῶν
137 1568 307 1621 θορύὸων,
324 1569 383 1606 καὶ
403 1576 520 1608 πᾶσαν
541 1571 671 1607 ἐκεῖθεν
693 1569 863 1623 εὑρίσκειν
885 1572 948 1617 τὴν
963 1588 1083 1626 παρα-

56 1630 195 1681 μυθίαν.
227 1630 320 1682 Πρὸς
351 1630 512 1680 βοήθειαν
539 1629 607 1683 γὰρ
627 1633 648 1676 ἡ
667 1630 754 1682 γυνὴ
781 1632 901 1681 ἐδόθη,
930 1632 987 1672 ἵνα
1017 1636 1082 1687 ἀρ·
1135 1665 1149 1670 Δ,

56 1690 221 1742 κούμενος
252 1694 294 1742 τῇ
329 1691 458 1738 ταύτης
493 1691 717 1742 παρακλήσει
754 1692 911 1745 ἀντέχειν
944 1697 961 1732 ὁ
994 1694 1084 1746 ἀνὴρ

55 1752 201 1799 δύνηται
219 1752 304 1805 πρὸς
326 1751 369 1789 τὰ
393 1751 536 1789 ἐπιόντα
566 1752 673 1804 αὐτῷ.
701 1752 785 1790 Ἐὰν
806 1752 874 1805 γὰρ
899 1748 922 1806 ᾖ
953 1755 1084 1805 κοσμία

55 1813 115 1851 καὶ
134 1812 307 1859 ἐπιεικὴς,
329 1815 367 1851 οὐ
388 1812 490 1862 μόνον
512 1811 573 1859 τὴν
598 1812 668 1850 ἀπὸ
683 1817 746 1860 τῆς
767 1814 950 1858 κοινωνίας
968 1830 1084 1866 παρα-

57 1874 183 1925 μυθίαν
205 1873 346 1926 παρέξει
373 1877 422 1926 τῷ
448 1874 565 1927 ἀνδρὶ,
594 1873 684 1912 ἀλλὰ
710 1874 769 1912 καὶ
805 1877 838 1913 ἐν
866 1881 937 1919 τοῖς
965 1876 1083 1921 ἄλλοις

56 1936 166 1974 ἅπασι
186 1935 320 1981 πολλὴν
337 1934 400 1980 τὴν
420 1937 546 1981 ἑαυτῆς
571 1936 694 1987 χρείαν
719 1936 944 1986 ἐπιδείξεται,
966 1938 1082 1977 πάντα

56 1999 152 2048 αὐτῷ
184 2000 296 2047 κοῦφα
335 1995 394 2034 καὶ
427 1996 527 2048 ῥᾴδια
558 1998 890 2046 κατασκευάζουσα,
924 1999 983 2037 καὶ
1021 2001 1082 2038 οὐκ

55 2059 194 2109 ἀφιεῖσα
211 2063 334 2108 πεῖραν
355 2057 474 2094 λαέεῖν
493 2056 570 2094 οὔτε
587 2059 655 2095 τῶν
676 2057 812 2106 ἔξωθεν,
827 2058 905 2097 οὔτε
925 2059 994 2110 μὴν
1012 2063 1081 2098 τῶν

53 2117 145 2156 κατὰ
179 2117 241 2164 τὴν
270 2117 382 2155 οἰκίαν
415 2118 631 2168 τικτομένων
659 2121 735 2157 καθ’
760 2121 912 2167 ἑκάστην
945 2122 1080 2173 ἡμέραν

52 2179 253 2230 ἃδυσχερῶν
268 2194 274 2201 ·
296 2177 388 2215 ἀλλὰ
403 2208 412 2225 ,
432 2178 590 2231 καθάπερ
605 2180 820 2233 κυῆερνήτης
836 2181 977 2233 ἄριστος
992 2211 1001 2229 ,
1023 2181 1080 2220 οὔ·
1097 2205 1144 2233 ³94

52 2255 120 2282 τως
137 2241 230 2290 αὐτῷ
249 2238 307 2276 τὸν
326 2240 484 2290 χειμῶνα
500 2242 562 2286 τ’ἧς
577 2241 691 2292 ψυχῆς
718 2240 776 2278 διὰ
791 2243 854 2287 τῆς
870 2241 999 2287 οἰκείας
1021 2259 1081 2281 σο-

55 2301 135 2352 φίας
162 2303 208 2343 εἷς
232 2300 389 2350 γαλήνην
416 2300 649 2348 καταστήσει,
679 2301 738 2339 καὶ
768 2304 812 2354 τῇ
847 2305 931 2355 παρ’
957 2306 1082 2351 ἑαυτῆς

56 2361 190 2400 συνέσει
209 2360 341 2406 πολλὴν
368 2361 462 2411 αὐτῷ
482 2360 621 2413 παρέξει
640 2361 702 2408 τὴν
725 2363 966 2415 παραμυθίαν.
989 2365 1082 2408 Τοὺς

54 2422 122 2474 γὰρ
136 2421 225 2460 οὕτω
245 2419 510 2470 συνδεδεμένους
530 2421 624 2459 οὐδὲν
644 2423 765 2462 λοιπὸν
784 2426 853 2462 τῶν
873 2427 908 2463 ἐν
929 2428 979 2478 τῷ
1011 2442 1080 2464 πα-

56 2482 147 2534 ρόντι
166 2481 231 2533 βίῳ
245 2483 401 2526 λυπῆσαι
417 2481 622 2530 δυνήσεται,
639 2483 715 2521 οὐδὲ
731 2483 795 2530 τὴν
820 2485 945 2533 ἡδονὴν
967 2489 1080 2525 αὐτῶν

53 2543 290 2592 λυμήνασθαι.
321 2540 437 2579 “Omv
467 2541 535 2593 γὰρ
555 2544 698 2593 ὁμόνοια
727 2538 750 2595 ᾗ
780 2545 840 2583 καὶ
871 2547 990 2598 εἰρήνη
1021 2547 1080 2586 καὶ

54 2603 245 2653 σύνδεσμος
271 2602 410 2652 ἀγάπης
438 2602 528 2653 μετὰ
554 2605 715 2655 γυναικὸς
745 2605 803 2643 καὶ
833 2608 976 2659 ἀνδρὸς,
1009 2612 1080 2648 ἐκεῖ

54 2665 168 2703 πάντα
187 2665 305 2716 συρρεῖ
320 2663 363 2701 τὰ
385 2664 516 2715 ἀγαθὰ,
536 2665 595 2702 καὶ
614 2666 785 2705 ἀνάλωτοι
803 2667 920 2715 πάσης
940 2670 1080 2709 ἐπιδου-

54 2728 117 2771 λῆς
144 2724 377 2776 γενήσονται,
401 2724 543 2778 μεγάλῳ
571 2725 630 2764 καὶ
660 2726 845 2779 ἀχειριίηῳ
870 2729 980 2782 τείχει
1013 2731 1080 2769 τινὶ

53 2785 312 2838 πεφραγμένοι,
343 2785 439 2824 τοῦτ’
469 2785 561 2834 ἔστι,
598 2789 640 2836 τῇ
678 2787 769 2825 κατὰ
802 2789 892 2827 Θεὸν
925 2790 1078 2844 ὁμονοίᾳ.

52 2849 167 2886 Τοῦτο
188 2845 386 2895 ἀδάμαντος
408 2845 531 2890 αὐτοὺς
557 2847 800 2900 ἰσχυροτέρους
818 2851 1079 2903 ἀπεργάσεται,

51 2911 151 2945 τοῦτο
167 2905 309 2957 σιδήρου
328 2906 569 2959 στεῤῥοτέρους
584 2908 819 2957 καταστήσει,
834 2915 935 2950 τοῦτο
951 2914 1080 2958 παντὸς

51 2967 202 3006 πλούτου
232 2966 290 3004 καὶ
323 2967 524 3019 περιουσίας
558 2969 672 3012 αὐτοῖς
697 2969 931 3020 συμὸαλεῖται
960 2973 1078 3021 πλέον,

51 3033 151 3066 τοῦτο
176 3030 224 3071 εἰς
247 3027 311 3074 τὴν
341 3028 509 3066 ἀνωτάτω
529 3028 754 3081 περιφάνειαν
785 3031 907 3075 αὐτοὺς
939 3033 1077 3082 ἀνάξει,
1103 3044 1126 3074 Β

53 3092 156 3127 τοῦτο
178 3088 237 3126 καὶ
258 3088 321 3135 τὴν
343 3089 440 3141 παρὰ
460 3093 520 3126 τοῦ
542 3091 633 3128 Θεοῦ
658 3089 790 3128 εὔνοιαν
816 3093 931 3137 αὐτοῖς
951 3094 1078 3146 προξε-

52 3150 152 3196 νήσει
173 3149 261 3200 μετὰ
276 3151 409 3196 πολλῆς
427 3153 489 3195 τῆς
509 3150 699 3201 δαψιλείας.
730 3150 791 3197 Μὴ
817 3152 944 3198 τοίνυν,
964 3171 1079 3208 παρα·

54 3213 169 3257 καλῶ,
181 3210 301 3248 τούτου
324 3211 575 3264 προτιμότερόν
596 3227 629 3249 τι
649 3211 816 3262 ἡγώμεθα
829 3243 838 3260 ,
856 3214 947 3253 ἀλλὰ
964 3217 1080 3257 πάντα

53 3273 210 3321 ποιῶμεν
243 3271 301 3309 καὶ
333 3272 682 3325 πραγματευώμεθα,
715 3272 805 3311 ὥστε
831 3275 988 3324 γαλήνην
1021 3279 1081 3317 καὶ

98 3400 109 3414 =
132 3389 234 3423 Savil.
255 3397 285 3422 et
303 3389 429 3433 aliquot
443 3391 506 3423 Mss
538 3397 686 3436 λυπηρῶν.
700 3390 814 3423 Morel.
834 3395 991 3436 δυπχερῶυ.

2006 208 2098 266 455

1152 311 1232 335 nem
1253 293 1440 349 assequuta
1471 308 1532 337 est.
1554 300 1603 338 Ut
1622 300 1716 338 enim
1747 300 1860 339 discat
1893 316 1929 339 se
1955 318 2016 354 per
2035 304 2106 341 lui-

1150 355 1339 394 militatem
1360 367 1393 396 et
1414 357 1642 398 afflictionem
1675 369 1770 398 tanta
1798 361 2020 413 providentia
2041 362 2102 400 ‹li—

1153 425 1296 464 gnatam
1323 430 1410 463 esse,
1433 417 1521 456 dicit
1552 418 1699 469 angelus
1729 420 1759 457 ci
1778 436 1786 456 :
1809 422 1968 458 Uterum
1985 425 2101 473 geris,

1153 484 1189 512 et
1198 479 1328 526 paries
1337 478 1482 527 silium,
1491 487 1526 515 et
1537 481 1696 518 vocabis
1711 483 1937 533 nomenejus
1950 483 2107 529 Ismael,

1153 540 1337 587 quoniam
1347 539 1497 576 audivit
1512 541 1702 579 Dominus
1713 542 1972 579 humilitatem
1986 551 2105 580 tuam.

1153 592 1290 642 ltaque,
1313 592 1449 643 dilecti,
1467 610 1550 633 cum
1567 598 1719 635 sciamus
1742 613 1818 650 nos,
1840 600 1869 637 si
1898 600 2107 651 vigilaveri-

1153 665 1247 701 mus,
1271 666 1316 690 ex
1336 655 1504 692 aerumnis
1525 657 1636 707 magis
1658 658 1703 695 ad
1723 661 1919 698 Dominum
1942 676 2106 699 accessu—

1153 725 1225 759 ros,
1259 722 1292 749 et
1320 713 1396 764 ejus
1425 715 1575 764 gratiam
1607 718 1709 756 nobis
1741 729 1815 757 tum
1840 722 2105 766 conciliaturus,

1155 782 1236 806 cum
1246 769 1387 807 dolente
1405 771 1523 810 anima
1540 782 1572 810 et
1584 774 1732 813 fervidis
1745 777 1914 830 lacrymis
1928 780 1972 816 ad
1989 780 2107 831 ipsum

1153 827 1403 866 accesserimus
1423 845 1430 865 :
1450 844 1493 867 ne
1507 830 1693 869 doleamus
1710 833 1744 871 in
1757 835 2024 886 afflictionibus,
2046 836 2108 874 scd

1108 910 1133 939 D
1154 888 1296 926 lucrum
1319 889 1415 940 quod
1437 905 1482 928 ex
1500 892 1755 932 afflictionibus
1774 896 1937 947 provenit
1954 897 2110 947 cogitan-

1155 957 1218 997 teS,
1231 950 1350 988 omnia
1372 965 1449 1001 quae
1474 951 1576 990 nobis
1597 953 1766 992 eveniunt
1790 955 1932 1008 placido
1957 956 2110 995 feramus

1155 1009 1289 1059 animo,
1311 1019 1344 1048 et
1375 1011 1555 1050 discamus
1590 1013 1738 1052 humani
1768 1030 1843 1054 esse
1872 1025 1905 1054 et
1936 1021 2110 1057 mansueti

1153 1082 1235 1119 erga
1256 1082 1376 1107 omnes
1395 1070 1552 1120 quidem,
1576 1073 1734 1112 maxime
1743 1083 1862 1112 autem
1881 1089 1962 1126 erga
1983 1089 2111 1113 uxores

1154 1138 1292 1167 nostras
1312 1145 1319 1166 τ
1337 1144 1378 1168 ac
1404 1145 1629 1185 summopere
1649 1148 1834 1186 curemus,
1853 1144 1892 1172 ut
1912 1135 1988 1173 sive
2003 1136 2110 1187 juste,

1156 1189 1231 1227 sive
1248 1189 1377 1243 injuste
1391 1205 1452 1229 nos
1470 1203 1636 1245 arguant,
1657 1209 1700 1232 ne
1713 1195 1760 1233 ita
1773 1205 1936 1233 accurate
1953 1198 2112 1233 excutia-

1156 1262 1236 1286 mus
1267 1264 1391 1288 causas
1413 1267 1420 1287 :
1441 1251 1503 1289 scd
1537 1254 1642 1292 unius
1662 1256 1712 1293 rei
1744 1256 1847 1294 nobis
1875 1271 1958 1294 eura
1988 1256 2045 1305 sit,
2074 1265 2111 1293 ut

1154 1309 1311 1348 tristitiae
1340 1325 1443 1350 causa
1463 1327 1481 1350 e
1500 1313 1617 1353 medio
1648 1316 1808 1367 tollatur,
1843 1326 2044 1367 crescatque
2072 1331 2112 1354 ac

1154 1371 1342 1409 roboretur
1361 1387 1434 1424 pax
1453 1373 1647 1415 domestica
1666 1392 1676 1414 ε
1696 1387 1735 1415 ut
1766 1387 1799 1416 et
1829 1377 1891 1415 illa
1919 1377 1965 1415 ad
1991 1378 2112 1416 virum

1155 1443 1260 1469 suum
1281 1430 1412 1469 habeat
1438 1435 1720 1483 conversionem,
1752 1446 1785 1474 et
1804 1436 1861 1474 vir
1890 1437 1936 1474 ab
1955 1438 2112 1475 externis

1155 1504 1196 1528 ac
1215 1491 1415 1530 forensibus
1434 1494 1585 1546 negotiis
1617 1505 1650 1533 et
1678 1497 1943 1535 turbationibus
1961 1497 2010 1536 ad
2034 1511 2111 1535 eam

1109 1583 1134 1613 E
1155 1553 1256 1602 quasi
1268 1553 1315 1591 ad
1332 1563 1477 1606 portum
1495 1556 1698 1608 confugere,
1716 1567 1749 1596 et
1767 1559 1993 1610 omnigenam
2014 1558 2111 1597 inve-

1156 1614 1232 1652 nire
1252 1615 1364 1666 possit
1390 1617 1678 1656 consolationem.
1709 1619 1749 1656 In
1773 1619 1995 1672 adjutorium
2017 1620 2111 1657 enim

1156 1674 1239 1712 data
1270 1685 1322 1713 est
1343 1690 1446 1726 uxor,
1470 1686 1510 1715 ut
1541 1687 1726 1717 contentus
1753 1681 1828 1732 ejus
1855 1680 2107 1730 consolatione,

1155 1735 1212 1775 vir
1243 1735 1419 1775 adversus
1439 1737 1640 1789 ingruentia
1671 1740 1765 1778 mala
1797 1741 1958 1780 resistere
1977 1742 2106 1781 valcat.

1156 1797 1248 1834 Nam
1263 1797 1292 1834 si
1308 1797 1415 1836 fuerit
1430 1808 1552 1836 ornata
1567 1800 1763 1840 virtutibus
1776 1811 1809 1840 et
1824 1812 2022 1850 mansueta,
2041 1817 2110 1841 non

1157 1857 1272 1895 solum
1290 1857 1368 1897 viro
1386 1872 1450 1896 suo
1469 1859 1646 1898 societatis
1677 1863 1966 1914 consolationem,
1995 1865 2056 1902 sed
2078 1875 2111 1903 et

1157 1918 1192 1955 in
1212 1918 1293 1956 aliis
1320 1919 1487 1958 omnibus
1512 1922 1668 1959 multum
1687 1923 1754 1961 erit
1774 1924 1897 1962 utilis:
1916 1925 2033 1963 omnia
2058 1926 2111 1963 illi

1155 1980 1248 2019 levia
1266 1989 1300 2018 et
1319 1980 1438 2018 facilia
1457 1980 1596 2033 reddet,
1619 1992 1652 2021 et
1669 1985 1851 2037 percipere
1870 2000 1940 2024 non
1959 1987 2050 2024 sinet
2070 1987 2112 2024 il-

1156 2040 1233 2078 lum
1254 2049 1316 2078 aut
1335 2050 1498 2079 externas
1517 2052 1578 2080 aut
1597 2057 1654 2082 eas
1674 2059 1751 2095 quae
1763 2045 1924 2096 quotidie
1933 2046 2032 2084 domi
2049 2062 2113 2085 na-

1155 2109 1303 2137 scuntur
1317 2100 1548 2139 difficultates
1562 2119 1570 2140 :
1585 2103 1658 2151 sed,
1673 2105 1773 2154 quasi
1789 2105 2005 2156 gubernator
2019 2107 2111 2159 opti-

1154 2174 1246 2210 mus,
1267 2175 1408 2198 omnem
1431 2161 1541 2199 animi
1561 2171 1805 2215 tempestatem
1824 2164 1860 2202 in
1888 2166 2111 2205 serenitatem

1108 2242 1134 2272 Α
1154 2235 1218 2259 sua
1239 2221 1413 2273 sapientia
1440 2233 1633 2271 convertet,
1663 2224 1926 2277 prudentiaque
1946 2241 2008 2266 sua
2035 2243 2111 2266 ma-

1154 2294 1260 2332 gnam
1309 2282 1464 2320 conferet
1498 2284 1786 2324 consolationem.
1819 2287 2015 2326 Enimvero
2049 2290 2111 2340 qui

1154 2341 1205 2379 sic
1224 2341 1403 2393 conjuncti
1424 2342 1579 2393 fuerint,
1605 2359 1625 2382 a
1644 2346 1744 2384 nulla
1764 2361 1885 2385 rerum
1901 2348 2113 2388 difficultate

1154 2403 1246 2440 male
1258 2403 1454 2442 habebunt.
1473 2405 1630 2452 Quando
1646 2407 1740 2444 enim
1758 2409 1962 2460 concordia,
1980 2420 2012 2448 et
2027 2426 2110 2462 an,

1153 2473 1186 2502 et
1205 2464 1393 2503 vinculum
1407 2465 1610 2505 dilectionis
1625 2482 1706 2506 cum
1724 2470 1872 2508 muliere
1885 2479 1918 2508 et
1935 2471 2014 2509 viro
2035 2473 2108 2509 fuc—

1153 2525 1214 2574 rit,
1232 2526 1351 2564 omnia
1370 2526 1477 2564 simul
1492 2528 1638 2566 affluent
1656 2529 1764 2580 bona,
1787 2540 1820 2568 et
1839 2532 1947 2569 nullis
1969 2532 2108 2569 insidiis.

1152 2587 1305 2638 expositi
1325 2597 1443 2637 erunt,
1466 2602 1595 2640 magno
1612 2598 1644 2626 et
1666 2589 1935 2642 inexpugnabili
1952 2592 2106 2643 quodam

1152 2662 1256 2685 muro
1278 2647 1504 2698 circumdati,
1523 2649 1590 2686 hoc
1608 2659 1670 2699 est,
1691 2664 1736 2688 ex
1756 2665 1793 2688 ea
1815 2666 1892 2702 quae
1911 2653 2106 2690 secundum

1153 2710 1272 2746 Deum
1303 2718 1353 2747 est
1384 2709 1583 2747 concordia.
1604 2710 1679 2748 Hoc
1701 2711 1887 2750 adamante
1913 2714 2103 2759 firmiores,

1153 2769 1221 2808 hoc
1237 2770 1329 2807 ferro
1343 2771 1506 2807 fortiores
1523 2784 1580 2808 eos
1598 2771 1732 2819 reddet,
1760 2772 1827 2810 hoc
1853 2774 2020 2812 omnibus
2048 2775 2107 2813 di-

1152 2830 1252 2868 vitiis
1272 2839 1305 2867 et
1324 2830 1544 2868 abundantia
1567 2831 1678 2882 magis
1695 2832 1940 2885 locupletabit,
1971 2835 2040 2874 hoc
2060 2838 2106 2875 ad

1152 2905 1342 2943 supernam
1363 2891 1515 2943 gloriam
1536 2892 1616 2929 illos
1632 2892 1797 2943 deducet,
1819 2893 1886 2932 hoc
1906 2905 1938 2934 et
1959 2897 2025 2935 Dci
2046 2898 2107 2938 he-

1153 2953 1388 2991 nevolentiam
1407 2953 1456 2991 eis
1470 2953 1624 2991 ubertim
1635 2954 1852 2993 conciliabit.
1866 2957 2019 2996 Proinde
2033 2974 2106 3007 oro,

1152 3028 1195 3053 ne
1230 3014 1318 3065 quid
1361 3014 1414 3051 illi
1454 3014 1712 3066 prmscrendum
1754 3016 1999 3057 existimemus
2019 3036 2026 3056 :
2045 3021 2107 3059 scd

1152 3076 1270 3114 omnia
1301 3075 1473 3113 faciamus
1498 3085 1531 3113 et
1563 3089 1722 3126 agamus,
1746 3086 1785 3115 ut
1804 3080 2044 3130 tranquillitas
2074 3093 2106 3120 ct

1152 3158 1224 3196 pax
1246 3143 1291 3182 sit
1308 3142 1399 3181 inter
1413 3142 1667 3180 cohabitantes.
1679 3144 1784 3182 Tunc
1799 3145 1892 3182 enim
1909 3155 1941 3183 ct
1963 3146 2028 3184 lilii
2042 3149 2105 3198 qui

1153 3219 1347 3248 nascuntur
1369 3217 1554 3261 parentum
1583 3208 1753 3247 virtutem
1775 3222 1986 3262 sequentur;
2018 3229 2106 3265 quus

1154 3278 1391 3317 imitabuntur
1410 3285 1442 3314 ct
1461 3275 1566 3325 servi,
1595 3285 1627 3314 et
1647 3276 1805 3328 undique
1829 3278 1956 3318 domus
1978 3280 2109 3319 virtute

2167 1633 2247 1660 Uxor
2266 1635 2315 1660 anl-

2122 1672 2216 1712 jutrix
2260 1678 2315 1701 siri

2124 1716 2286 1753 quomodo.
