2516 3791
339 129 429 173 822
768 142 805 172 ε.

337 225 459 264 dolore
490 224 669 263 ardentior
705 223 772 262 suit
810 224 935 272 oratio,
968 224 1085 261 Deum
1117 234 1200 259 vero
1233 219 1287 256 illi

338 285 555 333 conciliavit,
585 294 688 337 atque
717 293 757 323 ut
783 285 987 336 impetraret
1016 281 1147 330 effecit,
1168 280 1288 331 sicque

338 347 482 386 Samuel
496 356 547 384 est
563 355 666 397 partu
683 345 810 384 editus.
828 347 950 393 ltaque
963 342 993 379 si
1007 341 1136 393 vigiles
1152 354 1287 388 sumus,

338 422 408 446 non
428 407 533 446 modo
549 408 641 444 nihil
662 421 724 444 nos
742 404 869 443 laedere
884 411 1048 455 poterunt
1063 402 1212 450 inimici,
1227 401 1290 441 sed

337 478 371 506 et
388 469 585 521 plurimum
604 466 810 519 proderunt,
829 464 917 502 dum
930 464 966 501 in
982 463 1148 501 omnibus
1161 477 1222 501 nos
1233 463 1288 501 di-

336 530 539 582 ligentiores
570 528 737 576 efficient,
769 535 908 564 tantum
937 539 981 563 ne
1009 533 1154 577 propter
1181 524 1290 563 mole-

337 592 441 630 stiam
457 605 497 627 ac
520 589 698 636 dolorem,
721 601 827 637 quem
846 585 949 624 nobis
969 585 1128 633 inurunt,
1147 584 1289 622 11110011-
1313 598 1338 628 Ε

337 652 431 692 vicia
451 650 650 703 probraque
665 663 727 687 nos
742 648 862 700 abripi
882 647 1058 695 sinamus,
1074 646 1135 684 sed
1149 646 1197 684 ad
1212 661 1293 699 pre-

338 727 393 751 ces
422 726 484 749 nos
509 711 629 763 potius
663 718 922 748 convertamus.
954 709 1147 758 Postquam
1175 716 1294 745 autem

768 146 787 166 t

843 141 1030 172 ,ΙΟᾸΝΝΙΞ
1064 138 1309 169 CHRYSOST.

189 789 327 816 summu
340 773 475 826 peperit
489 773 619 821 silium,
636 771 778 810 vocavit
795 770 900 808 illum
918 770 1131 819 Samuelem,
1143 768 1211 806 1100
1228 777 1292 816 est,

143 842 246 860 ¹¹⁰¹¹¹⁰¹¹
260 830 329 867 ΨΜ]
340 834 473 873 Audiet
490 835 620 872 Deum.
642 834 735 871 Nam
751 831 920 883 quoniam
937 845 982 869 ex
1001 844 1053 879 eo,
1069 828 1165 880 quod
1182 843 1294 866 exau-

142 878 235 901 sonet.

1348 136 1554 166 ARCHOEP.
1591 136 1952 166 CONST.xNT1NOP.

1359 218 1496 258 παιδίον
1507 217 1691 266 ,ἐκάλεσεν
1707 218 1790 257 αὐτὸ
1806 217 1977 270 Σαμουὴλ
1989 248 1998 267 ,
2010 217 2198 266 τουτέστιν,
2214 217 2231 239 b
2245 218 2383 258 ἀκούσει

1358 280 1464 319 Θεοῦ.
1485 279 1632 326 Ἐπειδὴ
1652 278 1719 332 γὰρ
1738 282 1777 318 ἐκ
1804 284 1864 318 τοῦ
1892 282 2124 326 ἀκουσθῆναι,
2146 279 2206 316 καὶ
2225 279 2259 323 ἐξ
2279 282 2384 332 εὐχῆς

1360 341 1462 378 αὐτὸν
1481 339 1606 388 ἔλαὸε,
1622 340 1683 378 καὶ
1707 342 1768 378 οὐκ
1789 341 1858 379 ἀπὸ
1879 339 2034 393 φύσεως,
2049 343 2113 387 τῆς
2141 340 2303 393 ἐργασίας
2321 340 2384 388 τὴν

1361 401 1515 452 μνήμην,
1538 400 1658 454 ὥσπερ
1680 402 1714 438 ἐν
1735 400 1845 453 στήλη
1869 403 2007 453 χαλκῆ,
2022 404 2065 453 τῇ
2090 401 2308 453 προσηγορίᾳ
2325 405 2385 440 τοῦ

1359 463 1498 501 παιδίου
1523 462 1644 501 λοιπὸν
1666 461 1860 500 ἐναπέθετο.
1879 462 1948 500 Καὶ
1974 464 2037 500 οὐκ
2067 466 2162 510 εἷπε,
2182 461 2386 513 καλέσωμεν

1361 523 1462 562 αὐτὸν
1483 526 1533 575 τῷ
1553 523 1698 574 ὀνόματι
1717 528 1778 561 τοῦ
1795 523 1927 576 πατρὸς
1946 525 2071 570 αὐτοῦ,
2097 522 2120 570 ἢ
2148 526 2208 561 τοῦ
2236 522 2346 570 θείου,
2364 522 2386 570 ἢ

1361 587 1420 622 τοῦ
1441 583 1587 622 πάππου
1599 613 1609 631 ,
1625 582 1648 629 ἢ
1668 586 1727 621 τοῦ
1743 583 1948 621 ἐπιπάππου
1960 599 1967 607 ·
1989 582 2068 621 ἀλλ’
2085 584 2186 627 αὐτὸς
2200 587 2218 621 ὁ
2232 582 2389 628 δεδωκὼς

1363 645 1479 693 αὐτὸν,
1494 645 1595 688 αἰτὶς
1613 643 1673 681 καὶ
1691 647 1734 695 τῇ
1755 643 1972 697 προσηγορίᾳ
1984 648 2045 682 τοῦ
2063 643 2203 683 παιδίου
2216 643 2390 695 τιμάσθω,

1364 706 1461 760 φησί.
1483 706 1627 753 Ταύτην
1649 706 1828 754 ζηλώσατε
1855 712 2034 757 γυναῖκες,
2062 705 2194 753 ταύτην
2221 704 2390 757 μιμησώ-

1366 770 1455 817 μεθα
1473 767 1610 821 ἄνδρες,
1630 767 1692 806 καὶ
1713 766 1886 813 τοσαύτην
1904 767 1984 819 περὶ
2000 766 2044 804 τὰ
2061 766 2186 805 παιδία
2210 765 2391 816 ποιώμεθα

1364 827 1429 874 τὴν
1457 828 1674 879 ἐπιμέλειαν,
1704 827 1811 871 οὕτως
1840 827 2062 881 ἐκτρέφωμεν
2091 827 2171 871 τοὺς
2190 827 2391 879 τεχθέντας,

337 896 412 934 djta
431 895 550 943 fuerit,
570 903 603 932 et
622 908 768 947 precum
786 907 892 945 opera
912 892 1031 945 ipsum
1053 890 1200 942 accepit,
1223 904 1292 927 non
1306 918 1354 943 710
1367 888 1400 926 ἔν
1418 905 1457 927 τε
1471 896 1540 932 τοῖς
1569 891 1687 933 ἄλλοις
1706 889 1848 937 ἅπασιν,
1871 889 1905 928 ἔν
1932 906 1970 928 τε
1993 892 2045 942 τῷ
2072 891 2135 935 τῆς
2168 887 2393 941 σωφροσύνης

335 957 509 996 beneflcio
527 964 675 1004 naturae,
693 954 901 992 memoriam
918 961 1074 1004 quaestus
1092 951 1190 989 illius
1205 960 1295 989 tam-
1319 957 1345 985 Α

336 1034 445 1071 quam
463 1019 500 1056 in
520 1031 614 1055 aeuea
636 1015 791 1067 quadam
817 1015 981 1054 columna
1001 1014 1037 1051 in
1058 1012 1297 1065 appellatione

337 1079 478 1132 pueruli
506 1078 622 1118 voluit
650 1091 723 1115 0550
754 1076 923 1114 defixam.
945 1077 1066 1125 Neque
1084 1074 1198 1123 dixit,
1220 1075 1296 1112 Vo—

337 1155 458 1179 ccmus
478 1154 559 1178 eum
589 1138 733 1177 nomine
761 1137 872 1190 patris
903 1135 980 1185 5111,
1001 1135 1060 1174 vel
1080 1134 1220 1187 patrui,
1239 1133 1298 1173 vel

338 1202 418 1251 avi,
440 1202 493 1239 vel
516 1200 642 1253 proavi
659 1215 667 1236 :
683 1198 744 1237 sed
758 1229 767 1247 ,
788 1199 854 1237 1110
873 1198 967 1250 ipse,
988 1197 1050 1248 qui
1068 1196 1169 1234 dedit
1196 1210 1296 1246 eum,

340 1262 477 1314 inquit,
507 1260 743 1313 appellatione
773 1259 916 1312 pueruli
952 1258 1161 1295 honoretur.
1197 1257 1298 1295 Hane

340 1320 559 1359 :emulamini
591 1319 777 1367 mulieres,
798 1318 892 1354 hanc
913 1316 1096 1354 imitemur
1114 1315 1198 1363 viri,
1221 1324 1298 1353 tan-

340 1393 482 1433 tamque
513 1381 710 1419 liberorum
744 1393 866 1417 curam
901 1391 1082 1429 geramus,
1117 1376 1165 1414 ita
1199 1385 1298 1414 natos

340 1443 547 1492 educemus,
570 1455 652 1479 cum
673 1441 709 1479 in
727 1439 808 1478 aliis
834 1439 1018 1487 omnibus,
1039 1446 1117 1475 tum
1144 1437 1299 1475 maxime

342 1504 378 1541 in
398 1504 567 1541 castitate.
599 1502 701 1540 Nihil
728 1501 822 1538 enim
850 1499 937 1537 adeo
957 1498 1244 1536 contendendum
1266 1506 1300 1536 et

342 1563 540 1602 curandum
560 1571 624 1611 est,
640 1576 748 1613 quam
767 1561 966 1612 utjuvenes
985 1559 1073 1597 casti
1092 1559 1161 1596 sint
1181 1567 1214 1596 et
1234 1572 1300 1610 pu-

342 1624 428 1662 dici.
448 1625 531 1662 Haee
548 1624 643 1662 enim
662 1622 821 1660 maxime
839 1620 1014 1672 aegritudo
1038 1620 1093 1657 illi
1111 1620 1205 1657 aetati
1224 1634 1300 1657 mo-
1325 1633 1348 1663 B

343 1686 481 1724 lestiam
499 1685 702 1723 exhibet:et
721 1682 820 1734 quod
836 1682 872 1720 in
891 1681 1047 1719 lucernis
1066 1680 1219 1732 agimus,
1233 1681 1302 1719 hoc

344 1757 378 1785 et
397 1760 479 1798 erga
497 1746 630 1784 liberos
653 1745 892 1783 observemus.
909 1743 1010 1780 Certe
1028 1756 1121 1795 saepe
1134 1742 1302 1781 ancillam

346 1808 589 1856 admonemus,
611 1821 688 1858 quae
707 1806 889 1843 lucernam
911 1803 1085 1853 accendit,
1105 1817 1148 1841 ne
1167 1803 1203 1841 in
1221 1817 1304 1841 eum

347 1870 466 1908 locum
476 1870 659 1907 lucernam
672 1867 870 1915 transferat,
883 1865 919 1903 in
931 1879 1000 1916 quo
1012 1865 1143 1917 stipula
1155 1865 1307 1903 foenum-

350 1945 393 1968 ve
407 1930 523 1979 fuerit,
540 1938 601 1968 aut
616 1927 756 1980 aliquid
771 1925 959 1980 ejusmodi,
976 1940 1018 1963 ne
1033 1926 1123 1963 forte
1140 1926 1241 1964 nobis
1254 1925 1306 1963 in-

349 1992 430 2030 sciis
445 1991 587 2030 excidat
605 1990 759 2029 scintilla
787 1988 984 2041 quaepiam,
1003 1997 1037 2026 et
1057 1987 1242 2025 materiam
1262 1988 1307 2025 il—

348 2054 421 2091 lam
438 2053 631 2106 corripiens
650 2061 760 2090 totam
780 2050 929 2088 domum
944 2049 1109 2087 incendat
1124 2065 1130 2086 :
1146 2048 1307 2087 eamdem

348 2130 488 2167 quoque
507 2113 784 2153 sollicitudinem
801 2125 883 2163 erga
898 2111 1029 2149 liberos
1044 2110 1304 2163 impendamus,

352 2191 462 2228 neque
485 2176 608 2214 vultus
637 2189 761 2213 eorum
790 2173 878 2210 illuc
906 2172 1149 2217 traducamus‚
1174 2172 1236 2209 ubi
1256 2171 1308 2208 la—

352 2238 460 2276 scivae
489 2246 570 2275 sunt
587 2236 751 2285 famulae,
774 2234 837 2271 ubi
857 2233 1050 2271 luxuriosae
1080 2232 1226 2285 puellae,
1246 2232 1308 2270 ubi

353 2298 550 2351 petulantes
576 2297 737 2345 ancillae,
761 2294 824 2333 5011
842 2294 1032 2346 jubeamus
1062 2307 1104 2331 ae
1122 2293 1309 2331 denuntie-

355 2374 436 2397 mus
453 2359 540 2407 illis,
561 2358 589 2396 si
609 2359 698 2396 forte
725 2356 806 2394 talis
824 2355 926 2393 nobis
943 2355 988 2392 sit
1006 2354 1160 2403 famula,
1180 2369 1239 2392 scu
1255 2354 1309 2393 vi·
1335 2367 1359 2398 c

355 2421 452 2469 cina,
479 2420 556 2457 sive
584 2417 721 2470 qumvis
755 2415 947 2469 ejusmodi,
974 2424 1015 2453 ut
1042 2429 1153 2466 neque
1173 2414 1208 2452 111
1227 2429 1312 2453 con-

354 2491 532 2534 spectum,
565 2493 677 2531 neque
707 2478 743 2515 in
773 2476 945 2515 sermonis
971 2489 1200 2527 congressum
1232 2490 1313 2514 cum

350 2542 543 2595 juvenibus
559 2541 691 2590 veniat,
712 2553 755 2577 ne
773 2552 842 2590 qua
860 2537 942 2575 inde
962 2537 1117 2575 scintilla
1147 2537 1314 2575 excidens

355 2615 465 2643 totam
496 2601 637 2656 pueruli
669 2601 826 2638 animam
857 2598 1041 2648 incendat,
1072 2607 1106 2636 et
1140 2598 1314 2651 irrepara-

356 2667 466 2704 bilem
500 2664 554 2702 illi
586 2662 824 2701 calamitatem
859 2660 1038 2713 importet.
1072 2660 1195 2710 Neque
1231 2673 1315 2698 vero

359 2736 496 2765 tantum
532 2740 549 2762 a
585 2723 810 2777 spectaculis,
851 2721 912 2760 scd
951 2721 1060 2759 etiam
1092 2734 1110 2758 a
1145 2721 1315 2759 mollibus

358 2804 398 2827 ac
422 2786 606 2826 dissolutis
635 2784 819 2823 cantilenis
847 2783 1090 2831 abducamus,
1114 2796 1156 2820 ne
1185 2782 1239 2820 his
1258 2796 1315 2820 eo-

358 2864 438 2887 rum
469 2847 586 2885 anima
616 2845 827 2895 fase-inetur,
859 2858 972 2895 neque
995 2843 1075 2881 illos
1105 2843 1150 2880 ad
1181 2843 1317 2881 theatra

359 2909 576 2948 deducamus
592 2937 602 2956 ,
636 2921 698 2945 nec
732 2905 779 2944 ad
816 2905 980 2944 convivia
1019 2914 1052 2943 et
1086 2905 1318 2957 compotatio·

362 2992 437 3026 nes,
457 2975 519 3014 scd
548 2975 687 3013 cautius
715 2987 822 3024 quam
854 2972 1015 3011 conclavi
1045 2972 1176 3010 abdita}
1204 2973 1316 3025 virgi-

406 3099 422 3121 ¹²
440 3098 519 3139 neg.
538 3099 651 3129 ἀκούσει
672 3100 744 3128 θεᾶν.

407 3154 507 3183 usti:
512 3166 524 3182 ν
539 3155 597 3194 γὰρ
608 3151 659 3181 ούτ
662 3163 683 3181 ω
695 3149 865 3186 σπουδάζειν
878 3151 936 3190 χρὴ
946 3151 993 3179 καὶ
1013 3151 1175 3190 φροντίζειν
1187 3155 1243 3179 τῶν
1252 3149 1373 3187 νέων,ώς

364 3221 393 3237 70
385 3220 443 3250 η’λρ
434 3218 546 3240 θἸῑΓ-Γής
560 3206 603 3235 ἔνΞ
607 3215 653 3234 IS)
664 3215 711 3233 ΙΙΙ
730 3214 759 3232 7·
762 3214 817 3240 ’1.Ὶῦ
821 3212 917 3235 Τηῗοὶ
940 3213 1028 3232 ΤΟΗΤΟ
1045 3214 1121 3244 'sup
1121 3202 1251 3232 uckhrro(
1267 3214 1301 3232 ΤΟ
1316 3205 1372 3233 TC&-

364 3263 410 3294 θος
415 3263 503 3296 etc.
521 3255 582 3285 Hic
596 3250 721 3294 ι1111111111
734 3232 844 3282 diessc
859 3257 956 3291 putat
971 3249 1132 3283 Savilius:
1143 3249 1224 3292 1111111
1241 3249 1342 3291 euim
1355 3265 1370 3280 η

363 3311 482 3352 inquit,
511 3321 525 3335 <t
546 3324 570 3340 σ
565 3309 713 3352 »ηοω-ὀνι-
736 3303 869 3336 dicatur
896 3308 987 3340 πάθος
977 3328 999 3342 ,,
1025 3311 1082 3335 aut
1107 3309 1166 3337 ἐκέ
1160 3319 1228 3342 ναι,-
1250 3308 1285 3342 ηλ
1300 3310 1373 3342 zizi,-

364 3367 490 3405 ε’·νοχὶῑιν
503 3359 517 3391 ῗ
532 3375 546 3390 »
567 3361 606 3391 ΑΙ.
622 3369 681 3402 ego
699 3355 854 3390 libentius
871 3353 1011 3387 dixerint
1025 3367 1093 3387 esse
1110 3362 1322 3398 ammas-mm,
1342 3364 1374 3388 ct

1367 949 1471 1002 λόγῳ.
1490 950 1628 1003 εΟὐδὲν
1656 950 1724 1003 γὰρ
1741 949 1832 987 οὕτω
1852 950 2057 994 σπουδάζειν
2077 949 2147 1002 χρὴ
2167 949 2227 987 καὶ
2249 948 2393 1002 φροντί-

1368 1014 1435 1056 ζειν
1455 1012 1524 1049 τῶν
1543 1009 1643 1059 νέων,
1661 1013 1708 1055 ὡς
1724 1010 1947 1065 σωφροσύνης
1962 1010 2076 1049 ἕνεκεν
2095 1010 2156 1049 καὶ
2170 1009 2392 1061 σεμνότητος.

1369 1075 1484 1112 Τοῦτο
1501 1072 1570 1125 γὰρ
1590 1073 1745 1124 μάλιστα
1775 1073 1816 1112 τὸ
1843 1073 1953 1115 πάθος
1981 1072 2127 1115 ἐκείναις
2157 1073 2291 1124 ἐνοχλεῖ
2320 1074 2396 1114 τάῖς

1367 1135 1538 1183 ἡλικίαις·
1558 1136 1618 1173 καὶ
1638 1133 1724 1188 ὅπερ
1753 1134 1810 1173 ἐπὶ
1829 1137 1897 1172 τῶν
1924 1133 2062 1186 λύχνων
2087 1137 2268 1184 ποιοῦμεν,
2295 1137 2396 1172 τοῦτο

1369 1196 1428 1235 καὶ
1457 1196 1516 1235 ἐπι
1545 1212 1614 1234 των
1647 1195 1797 1234 παιδίων
1831 1195 2072 1247 φυλάττωμεν.
2107 1195 2286 1238 Πολλάκις
2316 1198 2396 1247 γοῦν

1370 1256 1587 1311 θεραπαινίδι
1600 1258 1728 1309 λύχνον
1748 1256 1903 1309 ἇπτούσῃ
1925 1255 2236 1310 παρακελευόμεθα
2258 1255 2306 1306 μὴ
2323 1271 2396 1294 πα-

1371 1325 1534 1372 ραγαγεῖν
1553 1318 1610 1356 τὸν
1632 1317 1772 1370 λύχνον,
1795 1317 1912 1355 ἔνθα
1896 1334 1935 1355 αν
1955 1321 1977 1369 ᾐ
1995 1316 2198 1369 καλάμη,“λ
2178 1334 2201 1363 η
2217 1317 2358 1370 χόρτος,
2375 1316 2397 1362 ἥ

1369 1397 1485 1418 τιτων
1503 1379 1679 1426 τοιούτων,
1702 1394 1839 1430 μηποτε
1867 1378 2078 1431 ἀγνοούντων
2105 1381 2219 1429 ἡμῶν,
2250 1377 2400 1430 σπινθηρ

1370 1457 1422 1484 τις
1454 1439 1624 1488 ἐκπεσὼν,
1652 1440 1713 1478 καὶ
1744 1442 1807 1485 τῆς
1844 1438 1929 1485 ὕλης
1968 1439 2220 1490 ἐπιλαὸόμενος
2250 1437 2400 1485 ἐκείνης,

1370 1501 1559 1553 ὁλόκληρον
1580 1500 1747 1553 ἐμπρήσῃ
1779 1500 1843 1548 τὴν
1867 1500 1996 1539 οἰκίαν·
2023 1500 2151 1548 ταύτην
2171 1499 2230 1537 καὶ
2255 1499 2312 1537 ἐπὶ
2331 1501 2399 1536 τῶν

1372 1562 1521 1601 παιδίων
1550 1562 1612 1610 τὴν
1644 1561 1809 1614 πρόνοιαν
1839 1562 1989 1613 ἔχωμεν,
2016 1561 2078 1599 καὶ
2111 1560 2160 1612 μὴ
2187 1560 2402 1612 παράγωμεν

1376 1627 1488 1662 αὐτῶν
1516 1622 1579 1667 τὰς
1611 1623 1731 1675 ὄψεις,
1757 1623 1838 1660 ἔνθα
1858 1622 2096 1676 θεραπαινίδες
2125 1622 2303 1673 ἀσελγεῖς,
2323 1621 2403 1659 ἔνθα

1376 1685 1478 1737 κόραι
1496 1685 1648 1732 ἄσωτοι,
1670 1682 1752 1721 ἔνθα
1771 1684 1890 1721 δοῦλαι
1912 1683 2121 1730 ἀκόλαστοι,
2142 1681 2232 1720 ἀλλὰ
2252 1681 2403 1720 κελεύω-

1379 1762 1456 1798 μεν,
1490 1745 1550 1783 καὶ
1582 1746 1850 1797 παρεγγυῶμεν,
1883 1743 1948 1781 κᾶν
1982 1742 2209 1797 θεραπαινίδα
2242 1742 2404 1790 τοιαύτην
2456 1755 2457 1761 “

1377 1808 1529 1860 ἔχωμεν,
1551 1805 1615 1845 κᾶν
1633 1805 1790 1857 γείτονα,
1807 1804 1871 1844 κᾶν
1900 1806 2020 1849 ἁπλῶς
2049 1804 2170 1858 ἑτέραν
2189 1805 2267 1844 τινὰ
2285 1803 2404 1843 τοιαύ·

1376 1885 1454 1918 την,
1478 1869 1567 1920 μήτε
1586 1869 1634 1912 εἷς
1663 1867 1755 1919 ὄψιν,
1787 1867 1877 1918 μήτε
1909 1869 1956 1911 εἷς
1988 1867 2169 1906 συνουσίαν
2198 1867 2311 1919 λόγων
2335 1873 2406 1911 τοῖς

1377 1932 1466 1976 νέοις
1485 1932 1670 1985 ἔρχεσθαι,
1689 1929 1780 1968 ὥστε
1796 1929 1845 1981 μὴ
1874 1932 2048 1983 σπινθῆρα
2067 1932 2195 1969 ἐκεῖθεν
2214 1929 2406 1968 ἐκπεσόντα

1378 1993 1568 2047 ὁλόκληρον
1591 1992 1722 2044 ἀνάψαι
1735 1997 1794 2030 τοῦ
1812 1991 1951 2030 παιδίου
1970 1991 2032 2039 τὴν
2045 1991 2175 2044 ψυχὴν,
2193 1992 2254 2030 καὶ
2269 1993 2407 2044 ἀπαρα·

1381 2054 1533 2107 μύθητον
1552 2051 1711 2105 γενέσθαι
1729 2051 1792 2100 τὴν
1809 2052 2000 2105 συμφοράν.
2013 2051 2074 2099 Μὴ
2095 2052 2278 2104 θεαμάτων
2296 2051 2331 2090 δὲ
2351 2050 2411 2102 μό-

1381 2132 1450 2163 νον,
1468 2115 1559 2154 ἀλλὰ
1577 2113 1637 2153 καὶ
1656 2113 1887 2165 ἀκουσμάτων
1906 2113 2028 2158 αὐτοὺς
2049 2116 2236 2165 μαλθακῶν
2251 2113 2312 2152 καὶ
2331 2115 2408 2151 δια-

1382 2175 1628 2227 κεκλασμένων
1673 2175 1884 2226 ἀπάγωμεν,
1926 2174 1983 2213 ἵνα
2026 2175 2074 2226 μὴ
2108 2174 2317 2228 γοητεύηται
2352 2174 2409 2212 διὰ

1382 2237 1510 2276 τούτων
1530 2237 1647 2279 αὐτοῖς
1668 2238 1690 2281 ἡ
1710 2236 1826 2287 ψυχή·
1849 2235 1938 2286 μηδὲ
1955 2238 2002 2279 εἷς
2021 2236 2149 2289 θέατρα
2177 2235 2300 2279 αὐτοὺς
2326 2235 2410 2273 ἀνά-

1382 2313 1511 2350 γωμεν,
1546 2295 1635 2348 μηδὲ
1672 2298 1719 2340 εἷς
1746 2296 1926 2347 συμπόσια
1961 2297 2021 2336 καὶ
2053 2297 2182 2348 μέθας,
2217 2296 2307 2336 ἀλλὰ
2340 2299 2408 2334 τῶν

1383 2358 1673 2410 θαλαμευομένων
1693 2357 1873 2411 παρθένων
1889 2360 2019 2409 μᾶλλον
2040 2362 2125 2410 ἡμῖν
2142 2361 2173 2397 οἱ
2188 2359 2258 2398 νέοι
2277 2360 2410 2412 φυλατ-

1382 2420 1572 2460 τέσθωσαν.
1588 2419 1698 2459 Οὐδὲν
1732 2419 1800 2474 γὰρ
1826 2419 1916 2458 οὕτω
1934 2420 1996 2468 τὴν
2023 2421 2164 2467 ἡλικίαν
2194 2420 2328 2468 ἐκείνην
2349 2436 2410 2458 κο-

1385 2489 1485 2534 σμεῖν
1504 2482 1668 2534 πέφυκεν,
1684 2484 1731 2525 ὡς
1746 2485 1764 2520 ὁ
1778 2485 1841 2528 τῆς
1859 2482 2083 2534 σωφροσύνης
2093 2482 2260 2535 στέφανος
2273 2512 2283 2530 ,
2300 2482 2359 2520 καὶ
2372 2482 2412 2520 τὸ

1380 2543 1495 2590 πάσης
1531 2542 1714 2595 ἀσελγείας
1749 2543 1989 2595 καθαρεύοντα
2022 2543 2108 2595 πρὸς
2139 2544 2253 2595 γάμον
2289 2545 2410 2582 ἐλθεῖν.

1383 2605 1488 2643 Ούτω
1517 2605 1577 2642 καὶ
1605 2607 1640 2642 αἱ
1660 2610 1820 2655 γυναῖκες
1857 2606 1972 2648 αυτοῖς
2004 2604 2147 2656 γενοιντ’
2174 2604 2214 2642 ἂν
2235 2604 2412 2650 ποθειναι,

1383 2666 1465 2705 ὅταν
1486 2666 1533 2716 μὴ
1564 2665 1727 2717 πορνείαν
1759 2669 1781 2712 ἡ
1820 2664 1915 2717 ψυχὴ
1948 2666 2301 2717 προμεμελετηκυῖα,
2324 2667 2413 2717 μηδὲ

1386 2726 1618 2779 διεφθαρμένη
1639 2730 1724 2778 ᾐ,ο
1706 2725 1787 2764 οταν
1822 2725 1956 2772 ἐκείνην
1993 2725 2090 2770 εἷδως
2120 2730 2142 2777 ᾖ
2174 2725 2238 2773 τὴν
2266 2734 2414 2778 γυναῖκα

1388 2789 1496 2840 μόνην
1516 2792 1533 2826 ὁ
1552 2787 1626 2831 νέος
1641 2786 1704 2834 τὴν
1725 2786 1830 2839 γάμω
1851 2791 2000 2839 συναφθε
2003 2793 2081 2824 ἴσαν
2109 2788 2215 2826 αὖτι).
2231 2787 2337 2825 Οὕτω
2355 2805 2414 2826 και
2455 2803 2457 2805 ·

1387 2853 1418 2889 οἱ
1436 2850 1560 2902 ἔρωτες
1580 2848 1802 2901 θερμότεροι,
1819 2848 1877 2885 καὶ
1893 2852 1915 2896 ἧ
1933 2848 2047 2886 εὔνοια
2066 2848 2282 2902 γνησιωτέρα
2293 2879 2303 2897 ,
2317 2849 2376 2887 καὶ
2391 2853 2413 2897 ἡ

1388 2911 1487 2965 φιλία
1502 2909 1734 2963 ἀκριὸεστέρα
1753 2909 1904 2962 γίνεται,
1923 2909 2006 2948 ὅταν
2029 2909 2118 2961 μετὰ
2131 2910 2294 2956 τοιαύτης
2309 2913 2416 2963 φυλα-

1389 2977 1452 3020 κῆς
1471 2972 1527 3011 ἐπὶ
1548 2971 1624 3016 τοῦς
1651 2971 1781 3023 γάμους
1801 2973 1831 3009 οἱ
1853 2971 1924 3010 νέοι
1945 2971 2145 3023 βαδίζωσιν.
2165 2971 2227 3015 τΩς
2248 2972 2333 3024 τάγε
2357 2975 2414 3010 νῦν

1406 3099 1584 3136 postquam
1601 3091 1642 3125 de
1656 3091 1863 3126 continentia
1881 3092 1979 3134 dixit,
1994 3099 2082 3128 τοῦτο
2097 3100 2155 3140 γὰρ
2169 3099 2203 3129 τὸ
2219 3100 2310 3132 πάθος
2323 3093 2418 3127 addi-

1407 3144 1493 3177 disse
1509 3143 1853 3189 Clirysostomum‚de
1868 3147 1950 3179 vitio
1964 3146 2180 3179 coutinentiae
2196 3147 2351 3189 opposito
2365 3146 2416 3179 lo-

1407 3206 1575 3241 quentem,
1592 3209 1651 3230 nec
1672 3205 1782 3232 tamen
1798 3198 1831 3231 id
1847 3198 2064 3237 indicantem,
2077 3199 2154 3243 quia
2169 3198 2202 3231 id
2219 3199 2418 3232 sufficienter
2454 3221 2456 3228 ι

1407 3249 1576 3282 auditores
1603 3249 1842 3295 intelligebant.
1872 3251 2070 3296 Hujusmodi
2095 3258 2309 3292 ἀποσιωπήσεις
2331 3251 2418 3295 apud
2454 3276 2455 3280 ,

1406 3303 1538 3337 Graecos
1555 3302 1689 3348 frequen
1696 3312 1742 3337 tes
1761 3312 1835 3337 suut
1843 3330 1849 3337 .

2502 3017 2511 3276 -υ-.ι--·..,,.,.
2506 2923 2512 2980 ,⁴-
