<?xml version="1.0" encoding="UTF-8"?>
<!DOCTYPE html PUBLIC "-//W3C//DTD XHTML 1.0 Transitional//EN"
    "http://www.w3.org/TR/xhtml1/DTD/xhtml1-transitional.dtd">
<html xmlns="http://www.w3.org/1999/xhtml" xml:lang="en" lang="en">
 <head>
  <title>
</title>
<meta http-equiv="Content-Type" content="text/html;charset=utf-8" />
  <meta name='ocr-system' content='tesseract 3.04.00' />
  <meta name='ocr-capabilities' content='ocr_page ocr_carea ocr_par ocr_line ocrx_word'/>
</head>
<body>
  <div class='ocr_page' id='page_1' title='image "./operaomniaquaeex04johnuoft/operaomniaquaeex04johnuoft_0680.png"; bbox 0 0 2516 3791; ppageno 0'>
   <div class='ocr_carea' id='block_1_1' title="bbox 259 127 1272 3070">
    <p class='ocr_par' dir='ltr' id='par_1_1' title="bbox 259 127 1214 274">
     <span class='ocr_line' id='line_1_1' title="bbox 259 127 351 174; baseline -0.011 0"><span class='ocrx_word' id='word_1_1' title='bbox 259 127 351 174; x_wconf 83' lang='grc'>660</span> 
     </span>
     <span class='ocr_line' id='line_1_2' title="bbox 263 218 1214 274; baseline -0.008 -12"><span class='ocrx_word' id='word_1_2' title='bbox 263 231 417 262; x_wconf 89' lang='lat' dir='ltr'><strong>curreret</strong></span> <span class='ocrx_word' id='word_1_3' title='bbox 432 222 548 272; x_wconf 81' lang='lat' dir='ltr'><strong>fratri,</strong></span> <span class='ocrx_word' id='word_1_4' title='bbox 560 231 594 260; x_wconf 88' lang='lat' dir='ltr'>et</span> <span class='ocrx_word' id='word_1_5' title='bbox 606 222 735 261; x_wconf 90' lang='lat' dir='ltr'><strong>iterum</strong></span> <span class='ocrx_word' id='word_1_6' title='bbox 748 223 795 262; x_wconf 84' lang='lat' dir='ltr'><strong>ab</strong></span> <span class='ocrx_word' id='word_1_7' title='bbox 809 237 848 260; x_wconf 90' lang='lat' dir='ltr'>eo</span> <span class='ocrx_word' id='word_1_8' title='bbox 864 229 1063 274; x_wconf 80' lang='lat' dir='ltr'><strong>separarem</strong></span> <span class='ocrx_word' id='word_1_9' title='bbox 1069 235 1097 268; x_wconf 84' lang='lat' dir='ltr'>r,</span> <span class='ocrx_word' id='word_1_10' title='bbox 1109 228 1143 256; x_wconf 91' lang='lat' dir='ltr'>et</span> <span class='ocrx_word' id='word_1_11' title='bbox 1152 218 1214 255; x_wconf 88' lang='lat' dir='ltr'><strong>ille</strong></span> 
     </span>
    </p>

    <p class='ocr_par' dir='ltr' id='par_1_2' title="bbox 263 280 1272 3070">
     <span class='ocr_line' id='line_1_3' title="bbox 265 280 1268 334; baseline -0.005 -14"><span class='ocrx_word' id='word_1_12' title='bbox 265 282 411 334; x_wconf 88' lang='lat' dir='ltr'><strong>quidem</strong></span> <span class='ocrx_word' id='word_1_13' title='bbox 422 283 457 321; x_wconf 92' lang='lat' dir='ltr'><strong>in</strong></span> <span class='ocrx_word' id='word_1_14' title='bbox 473 283 554 322; x_wconf 85' lang='lat' dir='ltr'><strong>Se&#39;ir</strong></span> <span class='ocrx_word' id='word_1_15' title='bbox 567 292 721 322; x_wconf 88' lang='lat' dir='ltr'><strong>montem</strong></span> <span class='ocrx_word' id='word_1_16' title='bbox 732 283 965 330; x_wconf 85' lang='lat' dir='ltr'><strong>contenderet,</strong></span> <span class='ocrx_word' id='word_1_17' title='bbox 973 280 1084 320; x_wconf 87' lang='lat' dir='ltr'><strong>Jacob</strong></span> <span class='ocrx_word' id='word_1_18' title='bbox 1097 288 1215 316; x_wconf 87' lang='lat' dir='ltr'><strong>autem</strong></span> <span class='ocrx_word' id='word_1_19' title='bbox 1260 290 1268 297; x_wconf 76' lang='lat'><strong><em>‘</em></strong></span> 
     </span>
     <span class='ocr_line' id='line_1_4' title="bbox 263 340 1214 400; baseline -0.005 -20"><span class='ocrx_word' id='word_1_20' title='bbox 263 343 491 382; x_wconf 83' lang='lat' dir='ltr'><strong>tabernacula</strong></span> <span class='ocrx_word' id='word_1_21' title='bbox 503 344 639 395; x_wconf 72' lang='lat' dir='ltr'><strong>figeret,</strong></span> <span class='ocrx_word' id='word_1_22' title='bbox 656 353 689 382; x_wconf 90' lang='lat' dir='ltr'>et</span> <span class='ocrx_word' id='word_1_23' title='bbox 702 344 819 381; x_wconf 90' lang='lat' dir='ltr'><strong>locum</strong></span> <span class='ocrx_word' id='word_1_24' title='bbox 830 343 875 380; x_wconf 82' lang='lat' dir='ltr'><strong>ab</strong></span> <span class='ocrx_word' id='word_1_25' title='bbox 889 340 1214 400; x_wconf 35' lang='lat' dir='ltr'><strong>eventu-Taberna-</strong></span> 
     </span>
     <span class='ocr_line' id='line_1_5' title="bbox 265 399 1215 452; baseline -0.006 -10"><span class='ocrx_word' id='word_1_26' title='bbox 265 404 345 442; x_wconf 83' lang='lat' dir='ltr'><strong>cula</strong></span> <span class='ocrx_word' id='word_1_27' title='bbox 363 414 514 452; x_wconf 85' lang='lat' dir='ltr'><strong>vocaret,</strong></span> <span class='ocrx_word' id='word_1_28' title='bbox 530 417 725 441; x_wconf 89' lang='lat' dir='ltr'><strong>sermonem</strong></span> <span class='ocrx_word' id='word_1_29' title='bbox 743 403 802 440; x_wconf 85' lang='lat' dir='ltr'>hic</span> <span class='ocrx_word' id='word_1_30' title='bbox 820 402 969 440; x_wconf 87' lang='lat' dir='ltr'><strong>missum</strong></span> <span class='ocrx_word' id='word_1_31' title='bbox 985 399 1215 438; x_wconf 73' lang='lat' dir='ltr'><strong>fecissezideo</strong></span> 
     </span>
     <span class='ocr_line' id='line_1_6' title="bbox 265 460 1217 517; baseline -0.005 -15"><span class='ocrx_word' id='word_1_32' title='bbox 265 479 354 517; x_wconf 83' lang='lat' dir='ltr'><strong>opus</strong></span> <span class='ocrx_word' id='word_1_33' title='bbox 371 474 422 502; x_wconf 89' lang='lat' dir='ltr'>est</span> <span class='ocrx_word' id='word_1_34' title='bbox 437 474 475 501; x_wconf 90' lang='lat' dir='ltr'>ut</span> <span class='ocrx_word' id='word_1_35' title='bbox 490 463 668 514; x_wconf 84' lang='lat' dir='ltr'><strong>sequentia</strong></span> <span class='ocrx_word' id='word_1_36' title='bbox 682 476 746 514; x_wconf 88' lang='lat' dir='ltr'>pro</span> <span class='ocrx_word' id='word_1_37' title='bbox 765 462 904 501; x_wconf 84' lang='lat' dir='ltr'><strong>viribus</strong></span> <span class='ocrx_word' id='word_1_38' title='bbox 923 460 1052 499; x_wconf 87' lang='lat' dir='ltr'><strong>nostris</strong></span> <span class='ocrx_word' id='word_1_39' title='bbox 1065 468 1217 498; x_wconf 86' lang='lat' dir='ltr'><strong>tractan-</strong></span> 
     </span>
     <span class='ocr_line' id='line_1_7' title="bbox 264 521 1213 575; baseline -0.005 -11"><span class='ocrx_word' id='word_1_40' title='bbox 264 536 332 575; x_wconf 79' lang='lat' dir='ltr'><strong>tes,</strong></span> <span class='ocrx_word' id='word_1_41' title='bbox 357 525 556 563; x_wconf 71' lang='lat' dir='ltr'>doctrinam</span> <span class='ocrx_word' id='word_1_42' title='bbox 581 524 684 562; x_wconf 85' lang='lat' dir='ltr'><strong>vobis</strong></span> <span class='ocrx_word' id='word_1_43' title='bbox 712 523 954 574; x_wconf 81' lang='lat' dir='ltr'><strong>reh‘nquamus</strong></span> <span class='ocrx_word' id='word_1_44' title='bbox 976 521 1213 575; x_wconf 83' lang='lat' dir='ltr'><strong>spiritualem.</strong></span> 
     </span>
     <span class='ocr_line' id='line_1_8' title="bbox 264 582 1217 636; baseline -0.004 -12"><span class='ocrx_word' id='word_1_45' title='bbox 264 587 417 624; x_wconf 76' lang='lat' dir='ltr'><strong>Securus</strong></span> <span class='ocrx_word' id='word_1_46' title='bbox 436 584 530 622; x_wconf 85' lang='lat' dir='ltr'><strong>enim</strong></span> <span class='ocrx_word' id='word_1_47' title='bbox 548 584 691 621; x_wconf 87' lang='lat' dir='ltr'><strong>tandem</strong></span> <span class='ocrx_word' id='word_1_48' title='bbox 709 584 823 622; x_wconf 85' lang='lat' dir='ltr'><strong>sactus</strong></span> <span class='ocrx_word' id='word_1_49' title='bbox 845 584 976 636; x_wconf 87' lang='lat' dir='ltr'><strong>justus,</strong></span> <span class='ocrx_word' id='word_1_50' title='bbox 997 592 1031 621; x_wconf 90' lang='lat' dir='ltr'>et</span> <span class='ocrx_word' id='word_1_51' title='bbox 1052 583 1097 620; x_wconf 88' lang='lat' dir='ltr'><strong>ab</strong></span> <span class='ocrx_word' id='word_1_52' title='bbox 1119 582 1217 620; x_wconf 87' lang='lat' dir='ltr'><strong>omni</strong></span> 
     </span>
     <span class='ocr_line' id='line_1_9' title="bbox 266 643 1219 696; baseline -0.004 -12"><span class='ocrx_word' id='word_1_53' title='bbox 266 646 390 684; x_wconf 88' lang='lat' dir='ltr'><strong>mentis</strong></span> <span class='ocrx_word' id='word_1_54' title='bbox 411 658 541 696; x_wconf 83' lang='lat' dir='ltr'><strong>angore</strong></span> <span class='ocrx_word' id='word_1_55' title='bbox 563 644 747 693; x_wconf 86' lang='lat' dir='ltr'><strong>liberatus,</strong></span> <span class='ocrx_word' id='word_1_56' title='bbox 773 644 836 683; x_wconf 87' lang='grc'>18.</span> <span class='ocrx_word' id='word_1_57' title='bbox 862 646 989 689; x_wconf 80' lang='lat' dir='ltr'><strong>Venit,</strong></span> <span class='ocrx_word' id='word_1_58' title='bbox 1021 643 1150 695; x_wconf 83' lang='lat' dir='ltr'><strong>inquit,</strong></span> <span class='ocrx_word' id='word_1_59' title='bbox 1177 646 1219 681; x_wconf 88' lang='lat' dir='ltr'><strong>in</strong></span> 
     </span>
     <span class='ocr_line' id='line_1_10' title="bbox 265 706 1220 757; baseline -0.004 -11"><span class='ocrx_word' id='word_1_60' title='bbox 265 710 461 746; x_wconf 70' lang='lat' dir='ltr'><strong>civitatem</strong></span> <span class='ocrx_word' id='word_1_61' title='bbox 473 706 720 756; x_wconf 82' lang='lat' dir='ltr'><strong>Secimorum‚</strong></span> <span class='ocrx_word' id='word_1_62' title='bbox 737 708 798 745; x_wconf 84' lang='grc'>19.</span> <span class='ocrx_word' id='word_1_63' title='bbox 811 714 849 744; x_wconf 87' lang='lat' dir='ltr'>et</span> <span class='ocrx_word' id='word_1_64' title='bbox 863 709 955 743; x_wconf 86' lang='lat' dir='ltr'><strong>emit</strong></span> <span class='ocrx_word' id='word_1_65' title='bbox 965 714 1117 757; x_wconf 82' lang='lat' dir='ltr'><strong>partem</strong></span> <span class='ocrx_word' id='word_1_66' title='bbox 1134 708 1220 757; x_wconf 82' lang='lat' dir='ltr'><strong>agri</strong></span> 
     </span>
     <span class='ocr_line' id='line_1_11' title="bbox 265 767 1221 819; baseline -0.001 -14"><span class='ocrx_word' id='word_1_67' title='bbox 265 771 315 806; x_wconf 81' lang='lat' dir='ltr'>ab</span> <span class='ocrx_word' id='word_1_68' title='bbox 332 769 454 805; x_wconf 90' lang='lat' dir='ltr'><strong>Emor</strong></span> <span class='ocrx_word' id='word_1_69' title='bbox 464 775 577 819; x_wconf 87' lang='lat' dir='ltr'><strong>patre</strong></span> <span class='ocrx_word' id='word_1_70' title='bbox 594 767 762 816; x_wconf 73' lang='lat' dir='ltr'><strong>Sychem</strong></span> <span class='ocrx_word' id='word_1_71' title='bbox 781 776 935 805; x_wconf 82' lang='lat' dir='ltr'><strong>centum</strong></span> <span class='ocrx_word' id='word_1_72' title='bbox 948 770 1060 819; x_wconf 80' lang='lat' dir='ltr'><em>agnis</em></span> <span class='ocrx_word' id='word_1_73' title='bbox 1078 782 1088 802; x_wconf 92' lang='lat'>.·</span> <span class='ocrx_word' id='word_1_74' title='bbox 1105 769 1167 805; x_wconf 64' lang='lat'>90.</span> <span class='ocrx_word' id='word_1_75' title='bbox 1184 776 1221 804; x_wconf 85' lang='lat' dir='ltr'>et</span> 
     </span>
     <span class='ocr_line' id='line_1_12' title="bbox 271 828 1221 875; baseline -0.002 -8"><span class='ocrx_word' id='word_1_76' title='bbox 271 831 393 867; x_wconf 72' lang='lat' dir='ltr'><strong>erexit</strong></span> <span class='ocrx_word' id='word_1_77' title='bbox 405 830 459 865; x_wconf 80' lang='lat' dir='ltr'>ibi</span> <span class='ocrx_word' id='word_1_78' title='bbox 469 829 609 875; x_wconf 78' lang='lat' dir='ltr'><strong>altare,</strong></span> <span class='ocrx_word' id='word_1_79' title='bbox 623 837 657 866; x_wconf 81' lang='lat' dir='ltr'>et</span> <span class='ocrx_word' id='word_1_80' title='bbox 671 831 867 866; x_wconf 73' lang='lat' dir='ltr'><strong>invocavit</strong></span> <span class='ocrx_word' id='word_1_81' title='bbox 877 829 1004 866; x_wconf 84' lang='lat' dir='ltr'><strong>Deum</strong></span> <span class='ocrx_word' id='word_1_82' title='bbox 1017 828 1153 865; x_wconf 69' lang='lat' dir='ltr'><strong>Israel.</strong></span> <span class='ocrx_word' id='word_1_83' title='bbox 1168 829 1221 865; x_wconf 87' lang='lat' dir='ltr'>Ne</span> 
     </span>
     <span class='ocr_line' id='line_1_13' title="bbox 268 888 1223 942; baseline -0.002 -15"><span class='ocrx_word' id='word_1_84' title='bbox 268 899 518 942; x_wconf 63' lang='lat' dir='ltr'><strong>prsetcreamus</strong></span> <span class='ocrx_word' id='word_1_85' title='bbox 537 889 652 927; x_wconf 91' lang='lat' dir='ltr'><strong>obiter</strong></span> <span class='ocrx_word' id='word_1_86' title='bbox 665 903 703 927; x_wconf 89' lang='lat' dir='ltr'>ea</span> <span class='ocrx_word' id='word_1_87' title='bbox 722 903 801 939; x_wconf 85' lang='lat' dir='ltr'>quae</span> <span class='ocrx_word' id='word_1_88' title='bbox 820 889 856 926; x_wconf 94' lang='lat' dir='ltr'><strong>in</strong></span> <span class='ocrx_word' id='word_1_89' title='bbox 874 888 1009 926; x_wconf 77' lang='lat' dir='ltr'><strong>divinis</strong></span> <span class='ocrx_word' id='word_1_90' title='bbox 1029 888 1223 940; x_wconf 86' lang='lat' dir='ltr'><strong>Scripturis</strong></span> 
     </span>
     <span class='ocr_line' id='line_1_14' title="bbox 268 949 1223 1000; baseline -0.002 -12"><span class='ocrx_word' id='word_1_91' title='bbox 268 960 350 988; x_wconf 90' lang='lat' dir='ltr'><strong>sunt</strong></span> <span class='ocrx_word' id='word_1_92' title='bbox 373 959 546 988; x_wconf 84' lang='lat' dir='ltr'><strong>contenta.</strong></span> <span class='ocrx_word' id='word_1_93' title='bbox 568 950 661 987; x_wconf 82' lang='lat' dir='ltr'><strong>Nam</strong></span> <span class='ocrx_word' id='word_1_94' title='bbox 686 949 714 987; x_wconf 91' lang='lat' dir='ltr'>si</span> <span class='ocrx_word' id='word_1_95' title='bbox 735 949 796 1000; x_wconf 91' lang='lat' dir='ltr'><strong>qui</strong></span> <span class='ocrx_word' id='word_1_96' title='bbox 820 949 899 986; x_wconf 87' lang='lat' dir='ltr'><strong>auri</strong></span> <span class='ocrx_word' id='word_1_97' title='bbox 917 957 1076 986; x_wconf 82' lang='lat' dir='ltr'><strong>ramenta</strong></span> <span class='ocrx_word' id='word_1_98' title='bbox 1096 963 1114 986; x_wconf 90' lang='lat' dir='ltr'>e</span> <span class='ocrx_word' id='word_1_99' title='bbox 1132 958 1223 986; x_wconf 86' lang='lat' dir='ltr'><strong>terra</strong></span> 
     </span>
     <span class='ocr_line' id='line_1_15' title="bbox 269 1009 1225 1062; baseline -0.001 -14"><span class='ocrx_word' id='word_1_100' title='bbox 269 1010 456 1058; x_wconf 84' lang='lat' dir='ltr'><strong>effodiunt,</strong></span> <span class='ocrx_word' id='word_1_101' title='bbox 475 1010 565 1048; x_wconf 91' lang='lat' dir='ltr'><strong>nulli</strong></span> <span class='ocrx_word' id='word_1_102' title='bbox 586 1010 700 1048; x_wconf 88' lang='lat' dir='ltr'><strong>labori</strong></span> <span class='ocrx_word' id='word_1_103' title='bbox 725 1018 885 1062; x_wconf 82' lang='lat' dir='ltr'><strong>parcunt,</strong></span> <span class='ocrx_word' id='word_1_104' title='bbox 906 1018 939 1047; x_wconf 92' lang='lat' dir='ltr'>et</span> <span class='ocrx_word' id='word_1_105' title='bbox 958 1009 1076 1046; x_wconf 87' lang='lat' dir='ltr'><strong>omnia</strong></span> <span class='ocrx_word' id='word_1_106' title='bbox 1101 1010 1225 1061; x_wconf 82' lang='lat' dir='ltr'><strong>gravia</strong></span> 
     </span>
     <span class='ocr_line' id='line_1_16' title="bbox 268 1070 1225 1123; baseline -0.001 -14"><span class='ocrx_word' id='word_1_107' title='bbox 268 1072 398 1118; x_wconf 80' lang='lat' dir='ltr'><strong>ferunt,</strong></span> <span class='ocrx_word' id='word_1_108' title='bbox 414 1080 452 1108; x_wconf 86' lang='lat' dir='ltr'>ut</span> <span class='ocrx_word' id='word_1_109' title='bbox 469 1071 603 1123; x_wconf 78' lang='lat' dir='ltr'><strong>possint</strong></span> <span class='ocrx_word' id='word_1_110' title='bbox 617 1085 745 1108; x_wconf 84' lang='lat' dir='ltr'><strong>aurum</strong></span> <span class='ocrx_word' id='word_1_111' title='bbox 763 1084 782 1107; x_wconf 88' lang='lat' dir='ltr'><strong>a</strong></span> <span class='ocrx_word' id='word_1_112' title='bbox 801 1079 893 1107; x_wconf 88' lang='lat' dir='ltr'><strong>terra</strong></span> <span class='ocrx_word' id='word_1_113' title='bbox 912 1084 1096 1122; x_wconf 83' lang='lat' dir='ltr'><strong>separare:</strong></span> <span class='ocrx_word' id='word_1_114' title='bbox 1111 1070 1225 1108; x_wconf 83' lang='lat' dir='ltr'><strong>multo</strong></span> 
     </span>
     <span class='ocr_line' id='line_1_17' title="bbox 271 1131 1226 1184; baseline -0.002 -14"><span class='ocrx_word' id='word_1_115' title='bbox 271 1133 385 1183; x_wconf 83' lang='lat' dir='ltr'><strong>magis</strong></span> <span class='ocrx_word' id='word_1_116' title='bbox 402 1133 540 1184; x_wconf 82' lang='lat' dir='ltr'><strong>justum</strong></span> <span class='ocrx_word' id='word_1_117' title='bbox 556 1131 662 1168; x_wconf 87' lang='lat' dir='ltr'><strong>suerit</strong></span> <span class='ocrx_word' id='word_1_118' title='bbox 682 1140 721 1168; x_wconf 91' lang='lat' dir='ltr'>ut</span> <span class='ocrx_word' id='word_1_119' title='bbox 736 1139 934 1169; x_wconf 81' lang='lat' dir='ltr'>scrutemur</span> <span class='ocrx_word' id='word_1_120' title='bbox 955 1131 1094 1181; x_wconf 85' lang='lat' dir='ltr'><strong>eloquia</strong></span> <span class='ocrx_word' id='word_1_121' title='bbox 1115 1131 1226 1183; x_wconf 87' lang='lat' dir='ltr'><strong>Spiri-</strong></span> 
     </span>
     <span class='ocr_line' id='line_1_18' title="bbox 271 1191 1227 1244; baseline -0.001 -13"><span class='ocrx_word' id='word_1_122' title='bbox 271 1203 344 1244; x_wconf 75' lang='lat' dir='ltr'><strong>tus,</strong></span> <span class='ocrx_word' id='word_1_123' title='bbox 357 1203 391 1231; x_wconf 90' lang='lat' dir='ltr'>et</span> <span class='ocrx_word' id='word_1_124' title='bbox 407 1193 596 1230; x_wconf 76' lang='lat' dir='ltr'><strong>utilitatem</strong></span> <span class='ocrx_word' id='word_1_125' title='bbox 609 1207 688 1243; x_wconf 80' lang='lat' dir='ltr'>quae</span> <span class='ocrx_word' id='word_1_126' title='bbox 705 1191 787 1230; x_wconf 90' lang='lat' dir='ltr'><strong>inde</strong></span> <span class='ocrx_word' id='word_1_127' title='bbox 799 1201 850 1230; x_wconf 88' lang='lat' dir='ltr'>est</span> <span class='ocrx_word' id='word_1_128' title='bbox 866 1192 1115 1244; x_wconf 81' lang='lat' dir='ltr'>percipiamus,</span> <span class='ocrx_word' id='word_1_129' title='bbox 1127 1201 1160 1230; x_wconf 84' lang='lat' dir='ltr'>et</span> <span class='ocrx_word' id='word_1_130' title='bbox 1176 1192 1227 1230; x_wconf 89' lang='lat' dir='ltr'>sic</span> 
     </span>
     <span class='ocr_line' id='line_1_19' title="bbox 274 1253 1272 1305; baseline -0.001 -13"><span class='ocrx_word' id='word_1_131' title='bbox 274 1255 361 1292; x_wconf 86' lang='lat' dir='ltr'><strong>hinc</strong></span> <span class='ocrx_word' id='word_1_132' title='bbox 380 1268 559 1292; x_wconf 82' lang='lat' dir='ltr'><strong>exeamus.</strong></span> <span class='ocrx_word' id='word_1_133' title='bbox 581 1253 718 1305; x_wconf 80' lang='lat' dir='ltr'><strong>Cogita,</strong></span> <span class='ocrx_word' id='word_1_134' title='bbox 732 1253 888 1302; x_wconf 83' lang='lat' dir='ltr'><strong>obsecro,</strong></span> <span class='ocrx_word' id='word_1_135' title='bbox 905 1253 1029 1291; x_wconf 76' lang='lat' dir='ltr'><strong>eximii</strong></span> <span class='ocrx_word' id='word_1_136' title='bbox 1043 1253 1145 1291; x_wconf 86' lang='lat' dir='ltr'><strong>istius</strong></span> <span class='ocrx_word' id='word_1_137' title='bbox 1156 1253 1225 1292; x_wconf 77' lang='lat' dir='ltr'><strong>viri</strong></span> <span class='ocrx_word' id='word_1_138' title='bbox 1248 1273 1272 1304; x_wconf 78' lang='lat' dir='ltr'>C</span> 
     </span>
     <span class='ocr_line' id='line_1_20' title="bbox 273 1313 1229 1368; baseline -0.001 -16"><span class='ocrx_word' id='word_1_139' title='bbox 273 1314 554 1368; x_wconf 81' lang='lat' dir='ltr'>philosophiam,</span> <span class='ocrx_word' id='word_1_140' title='bbox 576 1313 754 1364; x_wconf 89' lang='lat' dir='ltr'><strong>quomodo</strong></span> <span class='ocrx_word' id='word_1_141' title='bbox 786 1323 883 1352; x_wconf 84' lang='lat' dir='ltr'><strong>tanto</strong></span> <span class='ocrx_word' id='word_1_142' title='bbox 919 1314 1055 1352; x_wconf 75' lang='lat' dir='ltr'><strong>auxilio</strong></span> <span class='ocrx_word' id='word_1_143' title='bbox 1081 1328 1229 1366; x_wconf 80' lang='lat' dir='ltr'><strong>superne</strong></span> 
     </span>
     <span class='ocr_line' id='line_1_21' title="bbox 274 1375 1229 1428; baseline 0 -15"><span class='ocrx_word' id='word_1_144' title='bbox 274 1376 409 1425; x_wconf 84' lang='lat' dir='ltr'><strong>fruens,</strong></span> <span class='ocrx_word' id='word_1_145' title='bbox 432 1385 466 1413; x_wconf 87' lang='lat' dir='ltr'>et</span> <span class='ocrx_word' id='word_1_146' title='bbox 484 1375 610 1413; x_wconf 66' lang='lat' dir='ltr'><strong>videns</strong></span> <span class='ocrx_word' id='word_1_147' title='bbox 641 1375 762 1426; x_wconf 81' lang='lat' dir='ltr'><strong>augeri</strong></span> <span class='ocrx_word' id='word_1_148' title='bbox 786 1376 970 1414; x_wconf 80' lang='lat' dir='ltr'>facultates</span> <span class='ocrx_word' id='word_1_149' title='bbox 992 1390 1087 1424; x_wconf 89' lang='lat' dir='ltr'><strong>suas,</strong></span> <span class='ocrx_word' id='word_1_150' title='bbox 1104 1390 1229 1428; x_wconf 84' lang='lat' dir='ltr'><strong>pecora</strong></span> 
     </span>
     <span class='ocr_line' id='line_1_22' title="bbox 273 1436 1229 1485; baseline 0 -11"><span class='ocrx_word' id='word_1_151' title='bbox 273 1436 367 1485; x_wconf 86' lang='lat' dir='ltr'><strong>dico,</strong></span> <span class='ocrx_word' id='word_1_152' title='bbox 387 1445 419 1474; x_wconf 93' lang='lat' dir='ltr'>et</span> <span class='ocrx_word' id='word_1_153' title='bbox 437 1445 576 1474; x_wconf 90' lang='lat' dir='ltr'><strong>tantum</strong></span> <span class='ocrx_word' id='word_1_154' title='bbox 605 1450 793 1474; x_wconf 83' lang='lat' dir='ltr'><strong>numerum</strong></span> <span class='ocrx_word' id='word_1_155' title='bbox 816 1436 973 1474; x_wconf 87' lang='lat' dir='ltr'><strong>filiorum</strong></span> <span class='ocrx_word' id='word_1_156' title='bbox 993 1437 1229 1475; x_wconf 86' lang='lat' dir='ltr'><strong>circumstan-</strong></span> 
     </span>
     <span class='ocr_line' id='line_1_23' title="bbox 276 1496 1231 1550; baseline 0.001 -15"><span class='ocrx_word' id='word_1_157' title='bbox 276 1507 357 1546; x_wconf 85' lang='lat' dir='ltr'><strong>tem,</strong></span> <span class='ocrx_word' id='word_1_158' title='bbox 375 1511 444 1535; x_wconf 91' lang='lat' dir='ltr'>non</span> <span class='ocrx_word' id='word_1_159' title='bbox 464 1497 499 1534; x_wconf 90' lang='lat' dir='ltr'><strong>in</strong></span> <span class='ocrx_word' id='word_1_160' title='bbox 517 1497 741 1535; x_wconf 75' lang='lat' dir='ltr'><strong>exstruendis</strong></span> <span class='ocrx_word' id='word_1_161' title='bbox 761 1496 924 1535; x_wconf 76' lang='lat' dir='ltr'><strong>aedificiis</strong></span> <span class='ocrx_word' id='word_1_162' title='bbox 936 1499 1066 1550; x_wconf 87' lang='lat' dir='ltr'><strong>amplis</strong></span> <span class='ocrx_word' id='word_1_163' title='bbox 1081 1508 1113 1535; x_wconf 90' lang='lat' dir='ltr'>et</span> <span class='ocrx_word' id='word_1_164' title='bbox 1133 1513 1231 1550; x_wconf 86' lang='lat' dir='ltr'><strong>prae-</strong></span> 
     </span>
     <span class='ocr_line' id='line_1_24' title="bbox 275 1558 1232 1609; baseline 0.002 -14"><span class='ocrx_word' id='word_1_165' title='bbox 275 1558 378 1595; x_wconf 82' lang='lat' dir='ltr'><strong>claris</strong></span> <span class='ocrx_word' id='word_1_166' title='bbox 404 1558 471 1594; x_wconf 88' lang='lat' dir='ltr'><strong>suit</strong></span> <span class='ocrx_word' id='word_1_167' title='bbox 483 1567 686 1609; x_wconf 80' lang='lat' dir='ltr'><strong>occupatus,</strong></span> <span class='ocrx_word' id='word_1_168' title='bbox 697 1572 809 1608; x_wconf 85' lang='lat' dir='ltr'><strong>neque</strong></span> <span class='ocrx_word' id='word_1_169' title='bbox 826 1571 929 1609; x_wconf 82' lang='lat' dir='ltr'><strong>agros</strong></span> <span class='ocrx_word' id='word_1_170' title='bbox 948 1568 982 1596; x_wconf 88' lang='lat' dir='ltr'>et</span> <span class='ocrx_word' id='word_1_171' title='bbox 993 1558 1099 1597; x_wconf 79' lang='lat' dir='ltr'><strong>villas</strong></span> <span class='ocrx_word' id='word_1_172' title='bbox 1117 1573 1232 1597; x_wconf 90' lang='lat' dir='ltr'><strong>emere</strong></span> 
     </span>
     <span class='ocr_line' id='line_1_25' title="bbox 276 1617 1232 1669; baseline 0.001 -13"><span class='ocrx_word' id='word_1_173' title='bbox 276 1617 428 1667; x_wconf 38' lang='lat' dir='ltr'><strong>curavit?</strong></span> <span class='ocrx_word' id='word_1_174' title='bbox 450 1632 528 1667; x_wconf 84' lang='lat' dir='ltr'>quae</span> <span class='ocrx_word' id='word_1_175' title='bbox 548 1618 709 1655; x_wconf 84' lang='lat' dir='ltr'><strong>sufficere</strong></span> <span class='ocrx_word' id='word_1_176' title='bbox 722 1627 860 1669; x_wconf 84' lang='lat' dir='ltr'><strong>possent</strong></span> <span class='ocrx_word' id='word_1_177' title='bbox 880 1627 917 1655; x_wconf 95' lang='lat' dir='ltr'>ut</span> <span class='ocrx_word' id='word_1_178' title='bbox 933 1617 1232 1657; x_wconf 85' lang='lat' dir='ltr'><strong>distribuerentur</strong></span> 
     </span>
     <span class='ocr_line' id='line_1_26' title="bbox 276 1677 1235 1731; baseline 0.003 -16"><span class='ocrx_word' id='word_1_179' title='bbox 276 1679 373 1716; x_wconf 81' lang='lat' dir='ltr'><strong>siliis.</strong></span> <span class='ocrx_word' id='word_1_180' title='bbox 397 1679 480 1716; x_wconf 84' lang='lat' dir='ltr'>Haec</span> <span class='ocrx_word' id='word_1_181' title='bbox 499 1678 595 1716; x_wconf 89' lang='lat' dir='ltr'><strong>enim</strong></span> <span class='ocrx_word' id='word_1_182' title='bbox 613 1687 647 1716; x_wconf 90' lang='lat' dir='ltr'>et</span> <span class='ocrx_word' id='word_1_183' title='bbox 670 1677 802 1716; x_wconf 83' lang='lat' dir='ltr'><strong>similia</strong></span> <span class='ocrx_word' id='word_1_184' title='bbox 829 1692 932 1730; x_wconf 89' lang='lat' dir='ltr'><strong>agere</strong></span> <span class='ocrx_word' id='word_1_185' title='bbox 956 1679 1068 1717; x_wconf 90' lang='lat' dir='ltr'><strong>solent</strong></span> <span class='ocrx_word' id='word_1_186' title='bbox 1085 1680 1147 1731; x_wconf 86' lang='lat' dir='ltr'><strong>qui</strong></span> <span class='ocrx_word' id='word_1_187' title='bbox 1171 1694 1235 1719; x_wconf 92' lang='lat' dir='ltr'>nos</span> 
     </span>
     <span class='ocr_line' id='line_1_27' title="bbox 278 1739 1236 1792; baseline 0.002 -15"><span class='ocrx_word' id='word_1_188' title='bbox 278 1740 407 1792; x_wconf 81' lang='lat' dir='ltr'><strong>opibus</strong></span> <span class='ocrx_word' id='word_1_189' title='bbox 437 1739 652 1777; x_wconf 83' lang='lat' dir='ltr'><strong>antecellunt</strong></span> <span class='ocrx_word' id='word_1_190' title='bbox 670 1748 729 1776; x_wconf 86' lang='lat' dir='ltr'>:et</span> <span class='ocrx_word' id='word_1_191' title='bbox 759 1753 850 1791; x_wconf 82' lang='lat' dir='ltr'><strong>saepe</strong></span> <span class='ocrx_word' id='word_1_192' title='bbox 873 1739 935 1790; x_wconf 89' lang='lat' dir='ltr'><strong>qui</strong></span> <span class='ocrx_word' id='word_1_193' title='bbox 966 1754 1079 1777; x_wconf 90' lang='lat' dir='ltr'><strong>unum</strong></span> <span class='ocrx_word' id='word_1_194' title='bbox 1098 1749 1236 1780; x_wconf 84' lang='lat' dir='ltr'><strong>tantum</strong></span> 
     </span>
     <span class='ocr_line' id='line_1_28' title="bbox 279 1800 1235 1851; baseline 0.002 -13"><span class='ocrx_word' id='word_1_195' title='bbox 279 1801 387 1838; x_wconf 87' lang='lat' dir='ltr'><strong>habet</strong></span> <span class='ocrx_word' id='word_1_196' title='bbox 401 1800 532 1851; x_wconf 79' lang='lat' dir='ltr'><strong>filium,</strong></span> <span class='ocrx_word' id='word_1_197' title='bbox 548 1800 671 1838; x_wconf 86' lang='lat' dir='ltr'><strong>decem</strong></span> <span class='ocrx_word' id='word_1_198' title='bbox 683 1800 800 1838; x_wconf 82' lang='lat' dir='ltr'><strong>millia</strong></span> <span class='ocrx_word' id='word_1_199' title='bbox 813 1800 1025 1838; x_wconf 77' lang='lat' dir='ltr'><strong>talentorum</strong></span> <span class='ocrx_word' id='word_1_200' title='bbox 1038 1802 1116 1839; x_wconf 89' lang='lat' dir='ltr'><strong>auri</strong></span> <span class='ocrx_word' id='word_1_201' title='bbox 1137 1802 1235 1840; x_wconf 90' lang='lat' dir='ltr'><strong>colli—</strong></span> 
     </span>
     <span class='ocr_line' id='line_1_29' title="bbox 280 1861 1236 1913; baseline 0.003 -15"><span class='ocrx_word' id='word_1_202' title='bbox 280 1875 362 1913; x_wconf 77' lang='lat' dir='ltr'><strong>gere</strong></span> <span class='ocrx_word' id='word_1_203' title='bbox 383 1862 525 1912; x_wconf 66' lang='lat' dir='ltr'><strong>quaerit,</strong></span> <span class='ocrx_word' id='word_1_204' title='bbox 546 1870 585 1899; x_wconf 91' lang='lat' dir='ltr'>ut</span> <span class='ocrx_word' id='word_1_205' title='bbox 606 1875 710 1912; x_wconf 82' lang='lat' dir='ltr'><strong>agros</strong></span> <span class='ocrx_word' id='word_1_206' title='bbox 727 1870 831 1910; x_wconf 79' lang='lat' dir='ltr'><strong>emat,</strong></span> <span class='ocrx_word' id='word_1_207' title='bbox 851 1870 885 1899; x_wconf 90' lang='lat' dir='ltr'>et</span> <span class='ocrx_word' id='word_1_208' title='bbox 903 1861 1031 1900; x_wconf 86' lang='lat' dir='ltr'><strong>domus</strong></span> <span class='ocrx_word' id='word_1_209' title='bbox 1044 1863 1157 1900; x_wconf 80' lang='lat' dir='ltr'><strong>claras</strong></span> <span class='ocrx_word' id='word_1_210' title='bbox 1175 1877 1236 1901; x_wconf 84' lang='lat' dir='ltr'>ex-</span> 
     </span>
     <span class='ocr_line' id='line_1_30' title="bbox 280 1922 1236 1974; baseline 0.002 -14"><span class='ocrx_word' id='word_1_211' title='bbox 280 1931 403 1960; x_wconf 82' lang='lat' dir='ltr'><strong>struat.</strong></span> <span class='ocrx_word' id='word_1_212' title='bbox 423 1922 472 1960; x_wconf 91' lang='lat' dir='ltr'>Et</span> <span class='ocrx_word' id='word_1_213' title='bbox 492 1922 629 1960; x_wconf 88' lang='lat' dir='ltr'><strong>utinam</strong></span> <span class='ocrx_word' id='word_1_214' title='bbox 645 1936 689 1959; x_wconf 78' lang='lat' dir='ltr'>ex</span> <span class='ocrx_word' id='word_1_215' title='bbox 703 1922 811 1974; x_wconf 86' lang='lat' dir='ltr'><strong>justis</strong></span> <span class='ocrx_word' id='word_1_216' title='bbox 824 1922 1020 1972; x_wconf 84' lang='lat' dir='ltr'><strong>laboribus,</strong></span> <span class='ocrx_word' id='word_1_217' title='bbox 1040 1933 1074 1961; x_wconf 88' lang='lat' dir='ltr'>et</span> <span class='ocrx_word' id='word_1_218' title='bbox 1087 1924 1163 1962; x_wconf 89' lang='lat' dir='ltr'><strong>sine</strong></span> <span class='ocrx_word' id='word_1_219' title='bbox 1183 1924 1236 1962; x_wconf 90' lang='lat' dir='ltr'><strong>in-</strong></span> 
     </span>
     <span class='ocr_line' id='line_1_31' title="bbox 279 1983 1233 2037; baseline 0.004 -17"><span class='ocrx_word' id='word_1_220' title='bbox 279 1984 419 2036; x_wconf 77' lang='lat' dir='ltr'><strong>justitia</strong></span> <span class='ocrx_word' id='word_1_221' title='bbox 434 1993 546 2022; x_wconf 86' lang='lat' dir='ltr'><strong>tantas</strong></span> <span class='ocrx_word' id='word_1_222' title='bbox 557 1998 639 2036; x_wconf 86' lang='lat' dir='ltr'><strong>opes</strong></span> <span class='ocrx_word' id='word_1_223' title='bbox 653 1984 733 2021; x_wconf 88' lang='lat' dir='ltr'><strong>colli</strong></span> <span class='ocrx_word' id='word_1_224' title='bbox 739 1993 854 2035; x_wconf 52' lang='grc' dir='ltr'>ἔοι-οι,</span> <span class='ocrx_word' id='word_1_225' title='bbox 867 1983 929 2021; x_wconf 90' lang='lat' dir='ltr'>sed</span> <span class='ocrx_word' id='word_1_226' title='bbox 941 1984 1038 2035; x_wconf 88' lang='lat' dir='ltr'><strong>quod</strong></span> <span class='ocrx_word' id='word_1_227' title='bbox 1050 1999 1159 2037; x_wconf 83' lang='lat' dir='ltr'><strong>grave</strong></span> <span class='ocrx_word' id='word_1_228' title='bbox 1169 1995 1233 2037; x_wconf 79' lang='lat' dir='ltr'><strong>est,</strong></span> 
     </span>
     <span class='ocr_line' id='line_1_32' title="bbox 282 2044 1237 2098; baseline 0.004 -17"><span class='ocrx_word' id='word_1_229' title='bbox 282 2053 315 2082; x_wconf 81' lang='lat' dir='ltr'>ct</span> <span class='ocrx_word' id='word_1_230' title='bbox 337 2044 496 2082; x_wconf 86' lang='lat' dir='ltr'><strong>omnium</strong></span> <span class='ocrx_word' id='word_1_231' title='bbox 517 2045 782 2096; x_wconf 80' lang='lat' dir='ltr'><strong>gravissimum,</strong></span> <span class='ocrx_word' id='word_1_232' title='bbox 793 2045 839 2082; x_wconf 87' lang='lat' dir='ltr'><strong>al)</strong></span> <span class='ocrx_word' id='word_1_233' title='bbox 858 2045 937 2083; x_wconf 76' lang='lat' dir='ltr'><strong>aliis</strong></span> <span class='ocrx_word' id='word_1_234' title='bbox 955 2046 1160 2098; x_wconf 79' lang='lat' dir='ltr'><strong>rapit‚alios</strong></span> <span class='ocrx_word' id='word_1_235' title='bbox 1173 2047 1237 2085; x_wconf 88' lang='lat' dir='ltr'><strong>cir-</strong></span> 
     </span>
     <span class='ocr_line' id='line_1_33' title="bbox 285 2105 1236 2155; baseline 0.001 -11"><span class='ocrx_word' id='word_1_236' title='bbox 285 2105 479 2155; x_wconf 79' lang='lat' dir='ltr'><strong>cumvenit,</strong></span> <span class='ocrx_word' id='word_1_237' title='bbox 497 2105 577 2142; x_wconf 84' lang='lat' dir='ltr'><strong>aliis</strong></span> <span class='ocrx_word' id='word_1_238' title='bbox 590 2105 670 2143; x_wconf 86' lang='lat' dir='ltr'><strong>lites</strong></span> <span class='ocrx_word' id='word_1_239' title='bbox 688 2115 818 2154; x_wconf 68' lang='lat' dir='ltr'><strong>movet,</strong></span> <span class='ocrx_word' id='word_1_240' title='bbox 831 2115 865 2143; x_wconf 91' lang='lat' dir='ltr'>et</span> <span class='ocrx_word' id='word_1_241' title='bbox 879 2106 927 2143; x_wconf 88' lang='lat' dir='ltr'>ita</span> <span class='ocrx_word' id='word_1_242' title='bbox 943 2107 1074 2145; x_wconf 87' lang='lat' dir='ltr'><strong>alienas</strong></span> <span class='ocrx_word' id='word_1_243' title='bbox 1088 2108 1236 2146; x_wconf 86' lang='lat' dir='ltr'><strong>faculta-</strong></span> 
     </span>
     <span class='ocr_line' id='line_1_34' title="bbox 284 2165 1237 2218; baseline 0.003 -15"><span class='ocrx_word' id='word_1_244' title='bbox 284 2175 333 2204; x_wconf 85' lang='lat' dir='ltr'>tes</span> <span class='ocrx_word' id='word_1_245' title='bbox 353 2180 434 2203; x_wconf 86' lang='lat' dir='ltr'><strong>suas</strong></span> <span class='ocrx_word' id='word_1_246' title='bbox 450 2166 547 2202; x_wconf 80' lang='lat' dir='ltr'><strong>facit.</strong></span> <span class='ocrx_word' id='word_1_247' title='bbox 572 2165 619 2202; x_wconf 92' lang='lat' dir='ltr'>Et</span> <span class='ocrx_word' id='word_1_248' title='bbox 639 2165 668 2203; x_wconf 90' lang='lat' dir='ltr'>si</span> <span class='ocrx_word' id='word_1_249' title='bbox 688 2166 768 2216; x_wconf 87' lang='lat' dir='ltr'><strong>quis</strong></span> <span class='ocrx_word' id='word_1_250' title='bbox 783 2165 917 2204; x_wconf 74' lang='lat' dir='ltr'><strong>dixerit</strong></span> <span class='ocrx_word' id='word_1_251' title='bbox 935 2183 942 2203; x_wconf 94' lang='lat'>:</span> <span class='ocrx_word' id='word_1_252' title='bbox 959 2167 1016 2205; x_wconf 81' lang='lat' dir='ltr'>Ad</span> <span class='ocrx_word' id='word_1_253' title='bbox 1035 2167 1120 2218; x_wconf 85' lang='lat' dir='ltr'><strong>quid</strong></span> <span class='ocrx_word' id='word_1_254' title='bbox 1142 2177 1237 2206; x_wconf 83' lang='lat' dir='ltr'><strong>tanta</strong></span> 
     </span>
     <span class='ocr_line' id='line_1_35' title="bbox 285 2225 1237 2276; baseline 0.003 -13"><span class='ocrx_word' id='word_1_255' title='bbox 285 2225 330 2263; x_wconf 92' lang='lat' dir='ltr'><strong>ad</strong></span> <span class='ocrx_word' id='word_1_256' title='bbox 352 2225 571 2276; x_wconf 80' lang='lat' dir='ltr'><strong>colligendas</strong></span> <span class='ocrx_word' id='word_1_257' title='bbox 598 2239 680 2276; x_wconf 84' lang='lat' dir='ltr'><strong>opes</strong></span> <span class='ocrx_word' id='word_1_258' title='bbox 711 2225 872 2263; x_wconf 70' lang='lat' dir='ltr'><strong>insania?</strong></span> <span class='ocrx_word' id='word_1_259' title='bbox 893 2226 952 2263; x_wconf 89' lang='lat' dir='ltr'><strong>ille</strong></span> <span class='ocrx_word' id='word_1_260' title='bbox 973 2227 1093 2265; x_wconf 88' lang='lat' dir='ltr'><strong>statim</strong></span> <span class='ocrx_word' id='word_1_261' title='bbox 1118 2228 1237 2265; x_wconf 86' lang='lat' dir='ltr'><strong>filium</strong></span> 
     </span>
     <span class='ocr_line' id='line_1_36' title="bbox 285 2285 1237 2339; baseline 0.002 -15"><span class='ocrx_word' id='word_1_262' title='bbox 285 2286 462 2339; x_wconf 59' lang='lat' dir='ltr'><strong>praetexit,</strong></span> <span class='ocrx_word' id='word_1_263' title='bbox 482 2295 515 2323; x_wconf 91' lang='lat' dir='ltr'>et</span> <span class='ocrx_word' id='word_1_264' title='bbox 531 2285 620 2323; x_wconf 78' lang='lat' dir='ltr'><strong>dicit</strong></span> <span class='ocrx_word' id='word_1_265' title='bbox 638 2300 674 2324; x_wconf 92' lang='lat' dir='ltr'>se</span> <span class='ocrx_word' id='word_1_266' title='bbox 695 2285 778 2323; x_wconf 87' lang='lat' dir='ltr'><strong>talia</strong></span> <span class='ocrx_word' id='word_1_267' title='bbox 797 2287 936 2339; x_wconf 86' lang='lat' dir='ltr'><strong>operari</strong></span> <span class='ocrx_word' id='word_1_268' title='bbox 956 2288 1002 2325; x_wconf 84' lang='lat' dir='ltr'>ol)</span> <span class='ocrx_word' id='word_1_269' title='bbox 1019 2289 1174 2326; x_wconf 84' lang='lat' dir='ltr'><strong>suumin</strong></span> <span class='ocrx_word' id='word_1_270' title='bbox 1196 2289 1237 2326; x_wconf 87' lang='lat' dir='ltr'>il-</span> 
     </span>
     <span class='ocr_line' id='line_1_37' title="bbox 286 2347 1239 2401; baseline 0.004 -17"><span class='ocrx_word' id='word_1_271' title='bbox 286 2348 360 2385; x_wconf 89' lang='lat' dir='ltr'>lum</span> <span class='ocrx_word' id='word_1_272' title='bbox 373 2361 540 2385; x_wconf 79' lang='lat' dir='ltr'><strong>amorem.</strong></span> <span class='ocrx_word' id='word_1_273' title='bbox 549 2347 597 2384; x_wconf 87' lang='lat' dir='ltr'>Et</span> <span class='ocrx_word' id='word_1_274' title='bbox 608 2347 668 2384; x_wconf 83' lang='lat' dir='ltr'><strong>ille</strong></span> <span class='ocrx_word' id='word_1_275' title='bbox 677 2347 823 2398; x_wconf 84' lang='lat' dir='ltr'><strong>quidem</strong></span> <span class='ocrx_word' id='word_1_276' title='bbox 834 2349 970 2386; x_wconf 87' lang='lat' dir='ltr'><strong>tametsi</strong></span> <span class='ocrx_word' id='word_1_277' title='bbox 992 2363 1141 2401; x_wconf 85' lang='lat' dir='ltr'><strong>puerum</strong></span> <span class='ocrx_word' id='word_1_278' title='bbox 1154 2364 1239 2401; x_wconf 72' lang='lat' dir='ltr'><strong>prcc-</strong></span> 
     </span>
     <span class='ocr_line' id='line_1_38' title="bbox 289 2408 1242 2460; baseline 0.003 -15"><span class='ocrx_word' id='word_1_279' title='bbox 289 2418 424 2456; x_wconf 80' lang='lat' dir='ltr'><strong>texens,</strong></span> <span class='ocrx_word' id='word_1_280' title='bbox 437 2408 514 2445; x_wconf 81' lang='lat' dir='ltr'>haec</span> <span class='ocrx_word' id='word_1_281' title='bbox 535 2417 729 2458; x_wconf 85' lang='lat' dir='ltr'><strong>utcumque</strong></span> <span class='ocrx_word' id='word_1_282' title='bbox 756 2409 892 2460; x_wconf 77' lang='lat' dir='ltr'><strong>expiat,</strong></span> <span class='ocrx_word' id='word_1_283' title='bbox 914 2409 1043 2447; x_wconf 81' lang='lat' dir='ltr'><strong>frustra</strong></span> <span class='ocrx_word' id='word_1_284' title='bbox 1068 2419 1183 2448; x_wconf 87' lang='lat' dir='ltr'><strong>tamen</strong></span> <span class='ocrx_word' id='word_1_285' title='bbox 1208 2420 1242 2448; x_wconf 88' lang='lat' dir='ltr'>ct</span> 
     </span>
     <span class='ocr_line' id='line_1_39' title="bbox 288 2469 1239 2522; baseline 0.003 -16"><span class='ocrx_word' id='word_1_286' title='bbox 288 2470 477 2507; x_wconf 83' lang='lat' dir='ltr'><strong>incassum.</strong></span> <span class='ocrx_word' id='word_1_287' title='bbox 499 2469 588 2506; x_wconf 87' lang='lat' dir='ltr'><strong>Sunt</strong></span> <span class='ocrx_word' id='word_1_288' title='bbox 603 2477 721 2506; x_wconf 84' lang='lat' dir='ltr'><strong>autem</strong></span> <span class='ocrx_word' id='word_1_289' title='bbox 737 2469 800 2519; x_wconf 91' lang='lat' dir='ltr'>qui</span> <span class='ocrx_word' id='word_1_290' title='bbox 818 2483 931 2520; x_wconf 80' lang='lat' dir='ltr'><strong>neque</strong></span> <span class='ocrx_word' id='word_1_291' title='bbox 950 2484 1077 2522; x_wconf 85' lang='lat' dir='ltr'><strong>pueros</strong></span> <span class='ocrx_word' id='word_1_292' title='bbox 1095 2471 1239 2520; x_wconf 85' lang='lat' dir='ltr'><strong>habent,</strong></span> 
     </span>
     <span class='ocr_line' id='line_1_40' title="bbox 288 2530 1239 2582; baseline 0.004 -15"><span class='ocrx_word' id='word_1_293' title='bbox 288 2539 321 2568; x_wconf 79' lang='lat' dir='ltr'>et</span> <span class='ocrx_word' id='word_1_294' title='bbox 343 2530 523 2567; x_wconf 84' lang='lat' dir='ltr'><strong>insaniunt</strong></span> <span class='ocrx_word' id='word_1_295' title='bbox 554 2539 593 2567; x_wconf 91' lang='lat' dir='ltr'>ut</span> <span class='ocrx_word' id='word_1_296' title='bbox 626 2531 794 2581; x_wconf 87' lang='lat' dir='ltr'><strong>pecunias</strong></span> <span class='ocrx_word' id='word_1_297' title='bbox 825 2530 994 2582; x_wconf 80' lang='lat' dir='ltr'><strong>colligant</strong></span> <span class='ocrx_word' id='word_1_298' title='bbox 1013 2547 1020 2568; x_wconf 93' lang='lat'><strong>:</strong></span> <span class='ocrx_word' id='word_1_299' title='bbox 1041 2541 1073 2569; x_wconf 89' lang='lat' dir='ltr'>et</span> <span class='ocrx_word' id='word_1_300' title='bbox 1093 2533 1239 2571; x_wconf 84' lang='lat' dir='ltr'><strong>mallent</strong></span> 
     </span>
     <span class='ocr_line' id='line_1_41' title="bbox 290 2591 1239 2645; baseline 0.004 -17"><span class='ocrx_word' id='word_1_301' title='bbox 290 2591 500 2642; x_wconf 78' lang='lat' dir='ltr'><strong>gravissima</strong></span> <span class='ocrx_word' id='word_1_302' title='bbox 517 2591 617 2638; x_wconf 84' lang='lat' dir='ltr'><strong>ferre,</strong></span> <span class='ocrx_word' id='word_1_303' title='bbox 634 2605 742 2641; x_wconf 88' lang='lat' dir='ltr'><strong>quam</strong></span> <span class='ocrx_word' id='word_1_304' title='bbox 760 2605 871 2629; x_wconf 91' lang='lat' dir='ltr'><strong>unum</strong></span> <span class='ocrx_word' id='word_1_305' title='bbox 890 2592 1035 2630; x_wconf 90' lang='lat' dir='ltr'><strong>obolum</strong></span> <span class='ocrx_word' id='word_1_306' title='bbox 1052 2593 1239 2645; x_wconf 83' lang='lat' dir='ltr'><strong>indigenti-</strong></span> 
     </span>
     <span class='ocr_line' id='line_1_42' title="bbox 288 2651 1242 2704; baseline 0.004 -15"><span class='ocrx_word' id='word_1_307' title='bbox 288 2651 357 2689; x_wconf 81' lang='lat' dir='ltr'>lms</span> <span class='ocrx_word' id='word_1_308' title='bbox 371 2665 528 2703; x_wconf 85' lang='lat' dir='ltr'><strong>erogare.</strong></span> <span class='ocrx_word' id='word_1_309' title='bbox 553 2651 622 2690; x_wconf 90' lang='lat' dir='ltr'>Sed</span> <span class='ocrx_word' id='word_1_310' title='bbox 638 2653 759 2704; x_wconf 86' lang='lat' dir='ltr'><strong>justus</strong></span> <span class='ocrx_word' id='word_1_311' title='bbox 781 2653 842 2690; x_wconf 90' lang='lat' dir='ltr'><strong>ille</strong></span> <span class='ocrx_word' id='word_1_312' title='bbox 860 2652 952 2690; x_wconf 87' lang='lat' dir='ltr'><strong>nihil</strong></span> <span class='ocrx_word' id='word_1_313' title='bbox 965 2653 1081 2692; x_wconf 88' lang='lat' dir='ltr'><strong>simile</strong></span> <span class='ocrx_word' id='word_1_314' title='bbox 1103 2656 1242 2693; x_wconf 87' lang='lat' dir='ltr'><strong>consul-</strong></span> 
     </span>
     <span class='ocr_line' id='line_1_43' title="bbox 291 2713 1243 2768; baseline 0.005 -18"><span class='ocrx_word' id='word_1_315' title='bbox 291 2713 393 2763; x_wconf 73' lang='lat' dir='ltr'><strong>tavit,</strong></span> <span class='ocrx_word' id='word_1_316' title='bbox 411 2727 523 2764; x_wconf 86' lang='lat' dir='ltr'><strong>neque</strong></span> <span class='ocrx_word' id='word_1_317' title='bbox 539 2713 708 2764; x_wconf 83' lang='lat' dir='ltr'><strong>cogitavit</strong></span> <span class='ocrx_word' id='word_1_318' title='bbox 731 2729 738 2749; x_wconf 77' lang='grc' dir='ltr'><em>τ</em></span> <span class='ocrx_word' id='word_1_319' title='bbox 763 2713 824 2752; x_wconf 84' lang='lat' dir='ltr'>sed</span> <span class='ocrx_word' id='word_1_320' title='bbox 844 2729 924 2753; x_wconf 90' lang='lat' dir='ltr'>cum</span> <span class='ocrx_word' id='word_1_321' title='bbox 946 2729 1056 2767; x_wconf 82' lang='lat' dir='ltr'><strong>parvo</strong></span> <span class='ocrx_word' id='word_1_322' title='bbox 1073 2730 1161 2768; x_wconf 80' lang='lat' dir='ltr'><strong>opus</strong></span> <span class='ocrx_word' id='word_1_323' title='bbox 1182 2717 1243 2755; x_wconf 86' lang='lat' dir='ltr'><strong>ha-</strong></span> 
     </span>
     <span class='ocr_line' id='line_1_44' title="bbox 292 2773 1246 2828; baseline 0.006 -18"><span class='ocrx_word' id='word_1_324' title='bbox 292 2773 389 2810; x_wconf 74' lang='lat' dir='ltr'><strong>beret</strong></span> <span class='ocrx_word' id='word_1_325' title='bbox 407 2787 503 2825; x_wconf 80' lang='lat' dir='ltr'><strong>agro,</strong></span> <span class='ocrx_word' id='word_1_326' title='bbox 518 2783 658 2811; x_wconf 89' lang='lat' dir='ltr'><strong>centum</strong></span> <span class='ocrx_word' id='word_1_327' title='bbox 673 2774 775 2825; x_wconf 83' lang='lat' dir='ltr'><strong>agnis</strong></span> <span class='ocrx_word' id='word_1_328' title='bbox 796 2773 903 2822; x_wconf 75' lang='lat' dir='ltr'><strong>datis,</strong></span> <span class='ocrx_word' id='word_1_329' title='bbox 918 2785 1055 2827; x_wconf 85' lang='lat' dir='ltr'><strong>partem</strong></span> <span class='ocrx_word' id='word_1_330' title='bbox 1073 2777 1147 2828; x_wconf 81' lang='lat' dir='ltr'><strong>agri</strong></span> <span class='ocrx_word' id='word_1_331' title='bbox 1162 2778 1246 2816; x_wconf 89' lang='lat' dir='ltr'><strong>emit</strong></span> 
     </span>
     <span class='ocr_line' id='line_1_45' title="bbox 295 2834 1245 2889; baseline 0.007 -19"><span class='ocrx_word' id='word_1_332' title='bbox 295 2834 340 2871; x_wconf 82' lang='lat' dir='ltr'><strong>ab</strong></span> <span class='ocrx_word' id='word_1_333' title='bbox 363 2834 472 2871; x_wconf 77' lang='lat' dir='ltr'><strong>1⁴]mor</strong></span> <span class='ocrx_word' id='word_1_334' title='bbox 490 2844 588 2885; x_wconf 85' lang='lat' dir='ltr'><strong>patre</strong></span> <span class='ocrx_word' id='word_1_335' title='bbox 604 2835 770 2887; x_wconf 84' lang='lat' dir='ltr'><strong>Sychem.</strong></span> <span class='ocrx_word' id='word_1_336' title='bbox 788 2835 834 2873; x_wconf 88' lang='lat' dir='ltr'>Et</span> <span class='ocrx_word' id='word_1_337' title='bbox 855 2836 938 2874; x_wconf 77' lang='lat' dir='ltr'><strong>vide</strong></span> <span class='ocrx_word' id='word_1_338' title='bbox 958 2837 1135 2889; x_wconf 85' lang='lat' dir='ltr'><strong>pietatem,</strong></span> <span class='ocrx_word' id='word_1_339' title='bbox 1158 2839 1245 2877; x_wconf 91' lang='lat' dir='ltr'><strong>reli—</strong></span> 
     </span>
     <span class='ocr_line' id='line_1_46' title="bbox 295 2894 1247 2949; baseline 0.007 -18"><span class='ocrx_word' id='word_1_340' title='bbox 295 2894 504 2945; x_wconf 79' lang='lat' dir='ltr'><strong>gionemque</strong></span> <span class='ocrx_word' id='word_1_341' title='bbox 523 2895 604 2939; x_wconf 73' lang='lat' dir='ltr'><strong>viri,</strong></span> <span class='ocrx_word' id='word_1_342' title='bbox 621 2910 690 2945; x_wconf 83' lang='lat' dir='ltr'><strong>qua</strong></span> <span class='ocrx_word' id='word_1_343' title='bbox 711 2895 756 2934; x_wconf 88' lang='lat' dir='ltr'>de</span> <span class='ocrx_word' id='word_1_344' title='bbox 778 2910 882 2934; x_wconf 85' lang='lat' dir='ltr'><strong>causa</strong></span> <span class='ocrx_word' id='word_1_345' title='bbox 896 2911 1023 2949; x_wconf 86' lang='lat' dir='ltr'><strong>agrum</strong></span> <span class='ocrx_word' id='word_1_346' title='bbox 1041 2912 1155 2938; x_wconf 87' lang='lat' dir='ltr'><strong>emere</strong></span> <span class='ocrx_word' id='word_1_347' title='bbox 1175 2909 1247 2938; x_wconf 87' lang='lat' dir='ltr'><strong>stu-</strong></span> 
     </span>
     <span class='ocr_line' id='line_1_47' title="bbox 298 2955 1248 3008; baseline 0.007 -16"><span class='ocrx_word' id='word_1_348' title='bbox 298 2955 427 2992; x_wconf 82' lang='lat' dir='ltr'><strong>duerit.</strong></span> <span class='ocrx_word' id='word_1_349' title='bbox 439 2958 490 2993; x_wconf 82' lang='lat' dir='ltr'>Et</span> <span class='ocrx_word' id='word_1_350' title='bbox 506 2959 625 2994; x_wconf 71' lang='lat' dir='ltr'><strong>erexit</strong></span> <span class='ocrx_word' id='word_1_351' title='bbox 636 2959 699 3005; x_wconf 77' lang='lat' dir='ltr'><em>ibi,</em></span> <span class='ocrx_word' id='word_1_352' title='bbox 710 2957 984 3008; x_wconf 84' lang='lat' dir='ltr'><strong>inquit,altare,</strong></span> <span class='ocrx_word' id='word_1_353' title='bbox 999 2969 1036 2998; x_wconf 85' lang='lat' dir='ltr'>et</span> <span class='ocrx_word' id='word_1_354' title='bbox 1053 2963 1248 2999; x_wconf 74' lang='lat' dir='ltr'><strong>invocavit</strong></span> 
     </span>
     <span class='ocr_line' id='line_1_48' title="bbox 304 3017 1252 3070; baseline 0.007 -16"><span class='ocrx_word' id='word_1_355' title='bbox 304 3019 427 3054; x_wconf 75' lang='lat' dir='ltr'><strong>Deum</strong></span> <span class='ocrx_word' id='word_1_356' title='bbox 444 3017 588 3054; x_wconf 65' lang='lat' dir='ltr'><strong>Israel:</strong></span> <span class='ocrx_word' id='word_1_357' title='bbox 599 3026 632 3055; x_wconf 89' lang='lat' dir='ltr'>et</span> <span class='ocrx_word' id='word_1_358' title='bbox 651 3018 728 3069; x_wconf 80' lang='lat' dir='ltr'><strong>agri</strong></span> <span class='ocrx_word' id='word_1_359' title='bbox 747 3028 885 3070; x_wconf 86' lang='lat' dir='ltr'><strong>partem</strong></span> <span class='ocrx_word' id='word_1_360' title='bbox 901 3020 986 3058; x_wconf 77' lang='lat' dir='ltr'><strong>emit</strong></span> <span class='ocrx_word' id='word_1_361' title='bbox 1006 3021 1104 3059; x_wconf 84' lang='lat' dir='ltr'><strong>nulla</strong></span> <span class='ocrx_word' id='word_1_362' title='bbox 1118 3022 1188 3060; x_wconf 86' lang='lat' dir='ltr'><strong>alia</strong></span> <span class='ocrx_word' id='word_1_363' title='bbox 1206 3022 1252 3062; x_wconf 87' lang='lat' dir='ltr'>de</span> 
     </span>
    </p>
   </div>
   <div class='ocr_carea' id='block_1_2' title="bbox 294 3079 1251 3193">
    <p class='ocr_par' dir='ltr' id='par_1_3' title="bbox 294 3079 1251 3193">
     <span class='ocr_line' id='line_1_49' title="bbox 294 3079 1251 3131; baseline 0.008 -18"><span class='ocrx_word' id='word_1_364' title='bbox 294 3092 417 3126; x_wconf 66' lang='lat' dir='ltr'><strong>musa,</strong></span> <span class='ocrx_word' id='word_1_365' title='bbox 437 3092 543 3129; x_wconf 86' lang='lat' dir='ltr'><strong>quam</strong></span> <span class='ocrx_word' id='word_1_366' title='bbox 574 3087 613 3115; x_wconf 92' lang='lat' dir='ltr'>ut</span> <span class='ocrx_word' id='word_1_367' title='bbox 633 3079 762 3127; x_wconf 76' lang='lat' dir='ltr'><strong>gratias</strong></span> <span class='ocrx_word' id='word_1_368' title='bbox 792 3090 910 3131; x_wconf 82' lang='lat' dir='ltr'><strong>ageret</strong></span> <span class='ocrx_word' id='word_1_369' title='bbox 933 3082 1113 3120; x_wconf 85' lang='lat' dir='ltr'><strong>communi</strong></span> <span class='ocrx_word' id='word_1_370' title='bbox 1141 3084 1251 3122; x_wconf 81' lang='lat' dir='ltr'><strong>nostri</strong></span> 
     </span>
     <span class='ocr_line' id='line_1_50' title="bbox 298 3139 1251 3193; baseline 0.012 -20"><span class='ocrx_word' id='word_1_371' title='bbox 298 3139 459 3176; x_wconf 72' lang='lat' dir='ltr'><strong>omnium</strong></span> <span class='ocrx_word' id='word_1_372' title='bbox 480 3139 644 3177; x_wconf 87' lang='lat' dir='ltr'><strong>Domino.</strong></span> <span class='ocrx_word' id='word_1_373' title='bbox 662 3139 770 3178; x_wconf 85' lang='lat' dir='ltr'><strong>Illum</strong></span> <span class='ocrx_word' id='word_1_374' title='bbox 787 3151 960 3193; x_wconf 76' lang='lat' dir='ltr'><strong>oporteret</strong></span> <span class='ocrx_word' id='word_1_375' title='bbox 982 3143 1112 3182; x_wconf 81' lang='lat' dir='ltr'><strong>imitari</strong></span> <span class='ocrx_word' id='word_1_376' title='bbox 1131 3159 1251 3184; x_wconf 83' lang='lat' dir='ltr'><strong>omnes</strong></span> 
     </span>
    </p>
   </div>
   <div class='ocr_carea' id='block_1_3' title="bbox 1258 2003 1283 2033">
    <p class='ocr_par' dir='ltr' id='par_1_4' title="bbox 1258 2003 1283 2033">
     <span class='ocr_line' id='line_1_51' title="bbox 1258 2003 1283 2033; baseline 0 0"><span class='ocrx_word' id='word_1_377' title='bbox 1258 2003 1283 2033; x_wconf 91' lang='lat' dir='ltr'>D</span> 
     </span>
    </p>
   </div>
   <div class='ocr_carea' id='block_1_4' title="bbox 344 3268 1303 3319">
    <p class='ocr_par' dir='ltr' id='par_1_5' title="bbox 344 3268 1303 3319">
     <span class='ocr_line' id='line_1_52' title="bbox 344 3268 1303 3319; baseline 0.007 -17"><span class='ocrx_word' id='word_1_378' title='bbox 344 3282 354 3293; x_wconf 72' lang='lat'><strong>³</strong></span> <span class='ocrx_word' id='word_1_379' title='bbox 373 3268 487 3305; x_wconf 66' lang='lat' dir='ltr'><strong>{tnurw</strong></span> <span class='ocrx_word' id='word_1_380' title='bbox 504 3277 619 3312; x_wconf 66' lang='grc' dir='ltr'>ἀμνών,</span> <span class='ocrx_word' id='word_1_381' title='bbox 649 3280 775 3303; x_wconf 74' lang='lat' dir='ltr'><strong>centum</strong></span> <span class='ocrx_word' id='word_1_382' title='bbox 803 3284 911 3316; x_wconf 70' lang='lat' dir='ltr'><strong>agnis.</strong></span> <span class='ocrx_word' id='word_1_383' title='bbox 936 3275 974 3306; x_wconf 87' lang='lat' dir='ltr'>In</span> <span class='ocrx_word' id='word_1_384' title='bbox 1000 3275 1163 3307; x_wconf 73' lang='lat' dir='ltr'><strong>Hebraico</strong></span> <span class='ocrx_word' id='word_1_385' title='bbox 1188 3275 1303 3319; x_wconf 70' lang='lat' dir='ltr'><strong>legitur</strong></span> 
     </span>
    </p>
   </div>
   <div class='ocr_carea' id='block_1_5' title="bbox 301 3323 1132 3376">
    <p class='ocr_par' dir='ltr' id='par_1_6' title="bbox 301 3323 1132 3376">
     <span class='ocr_line' id='line_1_53' title="bbox 301 3323 1132 3376; baseline 0.007 -24"><span class='ocrx_word' id='word_1_386' title='bbox 301 3329 438 3376; x_wconf 63' lang='lat' dir='ltr'>QU’ws)</span> <span class='ocrx_word' id='word_1_387' title='bbox 463 3327 585 3363; x_wconf 60' lang='grc' dir='ltr'>ηκῃη</span> <span class='ocrx_word' id='word_1_388' title='bbox 602 3337 605 3353; x_wconf 92' lang='lat'>:</span> <span class='ocrx_word' id='word_1_389' title='bbox 622 3323 673 3356; x_wconf 69' lang='lat' dir='ltr'><strong>alii</strong></span> <span class='ocrx_word' id='word_1_390' title='bbox 687 3332 828 3365; x_wconf 67' lang='lat' dir='ltr'><strong>vertunt,</strong></span> <span class='ocrx_word' id='word_1_391' title='bbox 843 3333 970 3358; x_wconf 76' lang='lat' dir='ltr'><strong>centum</strong></span> <span class='ocrx_word' id='word_1_392' title='bbox 982 3338 1132 3361; x_wconf 69' lang='lat' dir='ltr'>nummu,</span> 
     </span>
    </p>
   </div>
   <div class='ocr_carea' id='block_1_6' title="bbox 692 136 1871 173">
    <p class='ocr_par' dir='ltr' id='par_1_7' title="bbox 692 136 1871 173">
     <span class='ocr_line' id='line_1_54' title="bbox 692 136 1871 173; baseline -0.006 0"><span class='ocrx_word' id='word_1_393' title='bbox 692 141 730 173; x_wconf 84' lang='lat' dir='ltr'>S.</span> <span class='ocrx_word' id='word_1_394' title='bbox 766 141 952 172; x_wconf 73' lang='lat' dir='ltr'>JOANNIS</span> <span class='ocrx_word' id='word_1_395' title='bbox 988 138 1230 171; x_wconf 78' lang='lat' dir='ltr'><strong>CHRYSOST·</strong></span> <span class='ocrx_word' id='word_1_396' title='bbox 1269 137 1475 168; x_wconf 70' lang='lat' dir='ltr'><strong>ARCHIEP.</strong></span> <span class='ocrx_word' id='word_1_397' title='bbox 1513 136 1871 168; x_wconf 75' lang='lat' dir='ltr'><strong>CONSTANTINOP-</strong></span> 
     </span>
    </p>
   </div>
   <div class='ocr_carea' id='block_1_7' title="bbox 1281 214 2347 3198">
    <p class='ocr_par' dir='ltr' id='par_1_8' title="bbox 1281 214 2347 3198">
     <span class='ocr_line' id='line_1_55' title="bbox 1281 214 2298 269; baseline -0.002 -13"><span class='ocrx_word' id='word_1_398' title='bbox 1281 218 1348 269; x_wconf 76' lang='grc' dir='ltr'>γὰρ</span> <span class='ocrx_word' id='word_1_399' title='bbox 1371 218 1424 255; x_wconf 79' lang='grc' dir='ltr'>ὅτι</span> <span class='ocrx_word' id='word_1_400' title='bbox 1449 218 1694 262; x_wconf 83' lang='grc' dir='ltr'>ἐπανελθόντος</span> <span class='ocrx_word' id='word_1_401' title='bbox 1715 221 1753 257; x_wconf 81' lang='grc' dir='ltr'>ἐκ</span> <span class='ocrx_word' id='word_1_402' title='bbox 1783 218 2055 268; x_wconf 82' lang='grc' dir='ltr'>Μεσοποταμίας</span> <span class='ocrx_word' id='word_1_403' title='bbox 2075 220 2134 256; x_wconf 75' lang='grc' dir='ltr'>τοῦ</span> <span class='ocrx_word' id='word_1_404' title='bbox 2158 214 2298 263; x_wconf 48' lang='lat' dir='ltr'><strong>&#39;lama</strong></span> 
     </span>
     <span class='ocr_line' id='line_1_56' title="bbox 1282 277 2301 331; baseline 0 -17"><span class='ocrx_word' id='word_1_405' title='bbox 1282 277 1341 315; x_wconf 81' lang='grc' dir='ltr'>καὶ</span> <span class='ocrx_word' id='word_1_406' title='bbox 1369 278 1432 324; x_wconf 78' lang='grc' dir='ltr'>τὴν</span> <span class='ocrx_word' id='word_1_407' title='bbox 1457 278 1543 330; x_wconf 81' lang='grc' dir='ltr'>πρὸς</span> <span class='ocrx_word' id='word_1_408' title='bbox 1573 279 1630 317; x_wconf 80' lang='grc' dir='ltr'>τὸν</span> <span class='ocrx_word' id='word_1_409' title='bbox 1663 278 1808 330; x_wconf 65' lang='grc' dir='ltr'>ἀδελφὸν</span> <span class='ocrx_word' id='word_1_410' title='bbox 1838 278 2022 331; x_wconf 66' lang='grc' dir='ltr'>συντυχίαν</span> <span class='ocrx_word' id='word_1_411' title='bbox 2051 278 2301 329; x_wconf 81' lang='grc' dir='ltr'>ποιησαμένου,</span> 
     </span>
     <span class='ocr_line' id='line_1_57' title="bbox 1283 338 2304 392; baseline -0.003 -15"><span class='ocrx_word' id='word_1_412' title='bbox 1283 339 1342 377; x_wconf 78' lang='grc' dir='ltr'>καὶ</span> <span class='ocrx_word' id='word_1_413' title='bbox 1363 338 1452 389; x_wconf 82' lang='grc' dir='ltr'>μετὰ</span> <span class='ocrx_word' id='word_1_414' title='bbox 1479 341 1581 377; x_wconf 77' lang='grc' dir='ltr'>τοῦτο</span> <span class='ocrx_word' id='word_1_415' title='bbox 1599 339 1906 392; x_wconf 73' lang='grc' dir='ltr'>διαχωρισθέντος,</span> <span class='ocrx_word' id='word_1_416' title='bbox 1928 339 1987 376; x_wconf 87' lang='grc' dir='ltr'>καὶ</span> <span class='ocrx_word' id='word_1_417' title='bbox 2011 338 2142 376; x_wconf 80' lang='grc' dir='ltr'>ἐκείνου</span> <span class='ocrx_word' id='word_1_418' title='bbox 2169 339 2230 389; x_wconf 77' lang='grc' dir='ltr'>μὲν</span> <span class='ocrx_word' id='word_1_419' title='bbox 2258 339 2304 379; x_wconf 85' lang='grc' dir='ltr'>εἷς</span> 
     </span>
     <span class='ocr_line' id='line_1_58' title="bbox 1285 397 2305 452; baseline -0.004 -14"><span class='ocrx_word' id='word_1_420' title='bbox 1285 400 1348 447; x_wconf 81' lang='grc' dir='ltr'>τὴν</span> <span class='ocrx_word' id='word_1_421' title='bbox 1377 399 1486 451; x_wconf 79' lang='grc' dir='ltr'>Σηεὶρ</span> <span class='ocrx_word' id='word_1_422' title='bbox 1512 399 1746 452; x_wconf 82' lang='grc' dir='ltr'>ὁρμήσαντος,</span> <span class='ocrx_word' id='word_1_423' title='bbox 1774 403 1834 437; x_wconf 78' lang='grc' dir='ltr'>τοῦ</span> <span class='ocrx_word' id='word_1_424' title='bbox 1863 399 1899 437; x_wconf 83' lang='grc' dir='ltr'>δὲ</span> <span class='ocrx_word' id='word_1_425' title='bbox 1922 399 2052 438; x_wconf 65' lang='grc' dir='ltr'>Ἰακὼὸ</span> <span class='ocrx_word' id='word_1_426' title='bbox 2082 399 2143 442; x_wconf 84' lang='grc' dir='ltr'>τὰς</span> <span class='ocrx_word' id='word_1_427' title='bbox 2177 397 2305 444; x_wconf 72' lang='grc' dir='ltr'>σκηνὰς</span> 
     </span>
     <span class='ocr_line' id='line_1_59' title="bbox 1284 457 2305 512; baseline -0.004 -13"><span class='ocrx_word' id='word_1_428' title='bbox 1284 460 1497 512; x_wconf 79' lang='grc' dir='ltr'>πηξαμένου,</span> <span class='ocrx_word' id='word_1_429' title='bbox 1516 460 1576 498; x_wconf 83' lang='grc' dir='ltr'>καὶ</span> <span class='ocrx_word' id='word_1_430' title='bbox 1594 460 1652 498; x_wconf 79' lang='grc' dir='ltr'>τὸν</span> <span class='ocrx_word' id='word_1_431' title='bbox 1668 460 1774 498; x_wconf 87' lang='grc' dir='ltr'>τόπον</span> <span class='ocrx_word' id='word_1_432' title='bbox 1793 460 1862 498; x_wconf 86' lang='grc' dir='ltr'>ἀπὸ</span> <span class='ocrx_word' id='word_1_433' title='bbox 1880 463 1940 498; x_wconf 78' lang='grc' dir='ltr'>τοῦ</span> <span class='ocrx_word' id='word_1_434' title='bbox 1960 459 2156 510; x_wconf 65' lang='grc' dir='ltr'>συμὸάντος</span> <span class='ocrx_word' id='word_1_435' title='bbox 2172 457 2305 509; x_wconf 76' lang='grc' dir='ltr'>ὄνομά-</span> 
     </span>
     <span class='ocr_line' id='line_1_60' title="bbox 1285 518 2308 572; baseline -0.005 -11"><span class='ocrx_word' id='word_1_436' title='bbox 1285 538 1406 567; x_wconf 86' lang='grc' dir='ltr'>σαντος</span> <span class='ocrx_word' id='word_1_437' title='bbox 1435 521 1584 570; x_wconf 84' lang='grc' dir='ltr'>σκηνὰς,</span> <span class='ocrx_word' id='word_1_438' title='bbox 1605 523 1751 559; x_wconf 75' lang='grc' dir='ltr'>ἐνταῦθα</span> <span class='ocrx_word' id='word_1_439' title='bbox 1768 522 1827 559; x_wconf 80' lang='grc' dir='ltr'>τὸν</span> <span class='ocrx_word' id='word_1_440' title='bbox 1846 521 1948 572; x_wconf 86' lang='grc' dir='ltr'>λόγον</span> <span class='ocrx_word' id='word_1_441' title='bbox 1978 521 2217 570; x_wconf 83' lang='grc' dir='ltr'>κατελύσαμεν</span> <span class='ocrx_word' id='word_1_442' title='bbox 2230 535 2238 542; x_wconf 87' lang='grc'><em>·</em></span> <span class='ocrx_word' id='word_1_443' title='bbox 2255 518 2308 556; x_wconf 74' lang='grc' dir='ltr'>διὸ</span> 
     </span>
     <span class='ocr_line' id='line_1_61' title="bbox 1283 580 2308 638; baseline -0.006 -16"><span class='ocrx_word' id='word_1_444' title='bbox 1283 584 1353 638; x_wconf 73' lang='grc' dir='ltr'>χρὴ</span> <span class='ocrx_word' id='word_1_445' title='bbox 1375 583 1418 622; x_wconf 81' lang='grc' dir='ltr'>τὰ</span> <span class='ocrx_word' id='word_1_446' title='bbox 1449 583 1526 630; x_wconf 73' lang='grc' dir='ltr'>ἑξῆς</span> <span class='ocrx_word' id='word_1_447' title='bbox 1551 582 1751 626; x_wconf 78' lang='grc' dir='ltr'>ἐπελθόντες</span> <span class='ocrx_word' id='word_1_448' title='bbox 1771 582 1862 620; x_wconf 81' lang='grc' dir='ltr'>κατὰ</span> <span class='ocrx_word' id='word_1_449' title='bbox 1883 581 2028 633; x_wconf 83' lang='grc' dir='ltr'>δύναμιν</span> <span class='ocrx_word' id='word_1_450' title='bbox 2047 581 2110 627; x_wconf 70' lang='grc' dir='ltr'>τὴν</span> <span class='ocrx_word' id='word_1_451' title='bbox 2134 580 2308 631; x_wconf 72' lang='grc' dir='ltr'>ἡμετέραν</span> 
     </span>
     <span class='ocr_line' id='line_1_62' title="bbox 1284 640 2306 695; baseline -0.006 -12"><span class='ocrx_word' id='word_1_452' title='bbox 1284 646 1346 692; x_wconf 74' lang='grc' dir='ltr'>τὴν</span> <span class='ocrx_word' id='word_1_453' title='bbox 1373 644 1598 683; x_wconf 80' lang='grc' dir='ltr'>διδασκαλίαν</span> <span class='ocrx_word' id='word_1_454' title='bbox 1623 647 1703 694; x_wconf 83' lang='grc' dir='ltr'>ὑμῖν</span> <span class='ocrx_word' id='word_1_455' title='bbox 1732 647 1940 695; x_wconf 85' lang='grc' dir='ltr'>παραθεῖναι</span> <span class='ocrx_word' id='word_1_456' title='bbox 1958 643 2026 689; x_wconf 78' lang='grc' dir='ltr'>τὴν</span> <span class='ocrx_word' id='word_1_457' title='bbox 2051 640 2306 692; x_wconf 78' lang='grc' dir='ltr'>πνευματικήν.</span> 
     </span>
     <span class='ocr_line' id='line_1_63' title="bbox 1285 703 2308 757; baseline -0.006 -13"><span class='ocrx_word' id='word_1_458' title='bbox 1285 706 1347 745; x_wconf 88' lang='grc' dir='ltr'>Ἔν</span> <span class='ocrx_word' id='word_1_459' title='bbox 1371 705 1469 757; x_wconf 82' lang='grc' dir='ltr'>ἀδείᾳ</span> <span class='ocrx_word' id='word_1_460' title='bbox 1496 704 1562 757; x_wconf 82' lang='grc' dir='ltr'>γὰρ</span> <span class='ocrx_word' id='word_1_461' title='bbox 1583 705 1703 743; x_wconf 73' lang='grc' dir='ltr'>λοιπὸν</span> <span class='ocrx_word' id='word_1_462' title='bbox 1724 705 1872 755; x_wconf 82' lang='grc' dir='ltr'>γεγονὼς</span> <span class='ocrx_word' id='word_1_463' title='bbox 1891 707 1908 741; x_wconf 82' lang='grc' dir='ltr'><em>ὃ</em></span> <span class='ocrx_word' id='word_1_464' title='bbox 1930 704 2072 748; x_wconf 83' lang='grc' dir='ltr'>δίκαιος,</span> <span class='ocrx_word' id='word_1_465' title='bbox 2091 703 2152 741; x_wconf 83' lang='grc' dir='ltr'>καὶ</span> <span class='ocrx_word' id='word_1_466' title='bbox 2171 704 2308 740; x_wconf 78' lang='grc' dir='ltr'>ἐλευθε-</span> 
     </span>
     <span class='ocr_line' id='line_1_64' title="bbox 1289 758 2309 818; baseline -0.005 -14"><span class='ocrx_word' id='word_1_467' title='bbox 1289 766 1407 818; x_wconf 78' lang='grc' dir='ltr'>ρωθεὶς</span> <span class='ocrx_word' id='word_1_468' title='bbox 1419 767 1535 813; x_wconf 82' lang='grc' dir='ltr'>πάσης</span> <span class='ocrx_word' id='word_1_469' title='bbox 1552 765 1713 816; x_wconf 79' lang='grc' dir='ltr'>ἀγωνίας,</span> <span class='ocrx_word' id='word_1_470' title='bbox 1727 758 1853 812; x_wconf 54' lang='grc' dir='ltr'>κ”Ηλθε,</span> <span class='ocrx_word' id='word_1_471' title='bbox 1874 765 1990 817; x_wconf 80' lang='grc' dir='ltr'>φησὶν,</span> <span class='ocrx_word' id='word_1_472' title='bbox 2012 767 2059 808; x_wconf 88' lang='grc' dir='ltr'>εἷς</span> <span class='ocrx_word' id='word_1_473' title='bbox 2076 763 2176 802; x_wconf 85' lang='grc' dir='ltr'>πόλιν</span> <span class='ocrx_word' id='word_1_474' title='bbox 2198 762 2309 808; x_wconf 88' lang='grc' dir='ltr'>Σηκί-</span> 
     </span>
     <span class='ocr_line' id='line_1_65' title="bbox 1289 823 2311 877; baseline -0.004 -12"><span class='ocrx_word' id='word_1_475' title='bbox 1289 844 1363 877; x_wconf 89' lang='grc' dir='ltr'>μων</span> <span class='ocrx_word' id='word_1_476' title='bbox 1376 857 1385 873; x_wconf 94' lang='grc'>,</span> <span class='ocrx_word' id='word_1_477' title='bbox 1410 827 1469 865; x_wconf 85' lang='grc' dir='ltr'>καὶ</span> <span class='ocrx_word' id='word_1_478' title='bbox 1503 827 1675 873; x_wconf 77' lang='grc' dir='ltr'>ἐκτήσατο</span> <span class='ocrx_word' id='word_1_479' title='bbox 1712 826 1773 873; x_wconf 79' lang='grc' dir='ltr'>τὴν</span> <span class='ocrx_word' id='word_1_480' title='bbox 1813 825 1938 877; x_wconf 87' lang='grc' dir='ltr'>μερίδα</span> <span class='ocrx_word' id='word_1_481' title='bbox 1975 829 2035 862; x_wconf 81' lang='grc' dir='ltr'>τοῦ</span> <span class='ocrx_word' id='word_1_482' title='bbox 2075 827 2181 877; x_wconf 72' lang='grc' dir='ltr'>ἀγροῦ</span> <span class='ocrx_word' id='word_1_483' title='bbox 2214 823 2311 875; x_wconf 74' lang='grc' dir='ltr'>παρὰ</span> 
     </span>
     <span class='ocr_line' id='line_1_66' title="bbox 1288 885 2310 940; baseline -0.003 -14"><span class='ocrx_word' id='word_1_484' title='bbox 1288 888 1411 939; x_wconf 81' lang='grc' dir='ltr'>Ἐμὼρ</span> <span class='ocrx_word' id='word_1_485' title='bbox 1433 891 1492 926; x_wconf 78' lang='grc' dir='ltr'>τοῦ</span> <span class='ocrx_word' id='word_1_486' title='bbox 1520 889 1651 940; x_wconf 74' lang='grc' dir='ltr'>πατρὸς</span> <span class='ocrx_word' id='word_1_487' title='bbox 1670 887 1820 940; x_wconf 55' lang='grc' dir='ltr'>Συχὲμὸ</span> <span class='ocrx_word' id='word_1_488' title='bbox 1833 887 1956 926; x_wconf 79' lang='grc' dir='ltr'>ἑκατὸν</span> <span class='ocrx_word' id='word_1_489' title='bbox 1978 889 2114 937; x_wconf 82' lang='grc' dir='ltr'>ἀμνῶν·</span> <span class='ocrx_word' id='word_1_490' title='bbox 2130 887 2188 924; x_wconf 80' lang='grc' dir='ltr'>καὶ</span> <span class='ocrx_word' id='word_1_491' title='bbox 2210 885 2310 931; x_wconf 82' lang='grc' dir='ltr'>ἔστη-</span> 
     </span>
     <span class='ocr_line' id='line_1_67' title="bbox 1290 948 2311 1000; baseline -0.004 -13"><span class='ocrx_word' id='word_1_492' title='bbox 1290 965 1346 987; x_wconf 91' lang='grc' dir='ltr'>σεν</span> <span class='ocrx_word' id='word_1_493' title='bbox 1363 951 1434 987; x_wconf 79' lang='grc' dir='ltr'>ἐκεῖ</span> <span class='ocrx_word' id='word_1_494' title='bbox 1459 948 1715 1000; x_wconf 83' lang='grc' dir='ltr'>θυσιαστήριον,</span> <span class='ocrx_word' id='word_1_495' title='bbox 1735 948 1795 986; x_wconf 75' lang='grc' dir='ltr'>καὶ</span> <span class='ocrx_word' id='word_1_496' title='bbox 1814 948 2052 987; x_wconf 82' lang='grc' dir='ltr'>ἐπεκαλέσατο</span> <span class='ocrx_word' id='word_1_497' title='bbox 2067 949 2125 986; x_wconf 81' lang='grc' dir='ltr'>τὸν</span> <span class='ocrx_word' id='word_1_498' title='bbox 2142 948 2232 985; x_wconf 62' lang='grc' dir='ltr'>(θεὸν</span> <span class='ocrx_word' id='word_1_499' title='bbox 2253 949 2311 984; x_wconf 76' lang='grc' dir='ltr'>τοῦ</span> 
     </span>
     <span class='ocr_line' id='line_1_68' title="bbox 1289 1007 2314 1061; baseline -0.003 -14"><span class='ocrx_word' id='word_1_500' title='bbox 1289 1009 1446 1061; x_wconf 85' lang='grc' dir='ltr'>Ἰσραήλ.</span> <span class='ocrx_word' id='word_1_501' title='bbox 1464 1009 1524 1056; x_wconf 86' lang='grc' dir='ltr'>Μὴ</span> <span class='ocrx_word' id='word_1_502' title='bbox 1556 1010 1675 1052; x_wconf 84' lang='grc' dir='ltr'>ἁπλῶς</span> <span class='ocrx_word' id='word_1_503' title='bbox 1700 1009 1981 1060; x_wconf 75' lang='grc' dir='ltr'>παρατρέχωμεν</span> <span class='ocrx_word' id='word_1_504' title='bbox 2001 1009 2045 1046; x_wconf 82' lang='grc' dir='ltr'>τὰ</span> <span class='ocrx_word' id='word_1_505' title='bbox 2068 1011 2103 1046; x_wconf 83' lang='grc' dir='ltr'>ἐν</span> <span class='ocrx_word' id='word_1_506' title='bbox 2118 1014 2191 1051; x_wconf 84' lang='grc' dir='ltr'>ταῖς</span> <span class='ocrx_word' id='word_1_507' title='bbox 2208 1007 2314 1050; x_wconf 82' lang='grc' dir='ltr'>θείαις</span> 
     </span>
     <span class='ocr_line' id='line_1_69' title="bbox 1291 1068 2313 1122; baseline -0.003 -14"><span class='ocrx_word' id='word_1_508' title='bbox 1291 1072 1448 1122; x_wconf 65' lang='grc' dir='ltr'>Γραφαῖς</span> <span class='ocrx_word' id='word_1_509' title='bbox 1472 1069 1627 1120; x_wconf 85' lang='grc' dir='ltr'>κείμενα.</span> <span class='ocrx_word' id='word_1_510' title='bbox 1649 1071 1693 1108; x_wconf 83' lang='grc' dir='ltr'>Εἰ</span> <span class='ocrx_word' id='word_1_511' title='bbox 1709 1069 1776 1121; x_wconf 81' lang='grc' dir='ltr'>γὰρ</span> <span class='ocrx_word' id='word_1_512' title='bbox 1799 1073 1831 1107; x_wconf 79' lang='grc' dir='ltr'>οἱ</span> <span class='ocrx_word' id='word_1_513' title='bbox 1847 1069 1891 1107; x_wconf 78' lang='grc' dir='ltr'>τὰ</span> <span class='ocrx_word' id='word_1_514' title='bbox 1905 1070 2077 1121; x_wconf 74' lang='grc' dir='ltr'>ψήγματα</span> <span class='ocrx_word' id='word_1_515' title='bbox 2094 1073 2152 1106; x_wconf 72' lang='grc' dir='ltr'>τοῦ</span> <span class='ocrx_word' id='word_1_516' title='bbox 2168 1068 2313 1121; x_wconf 75' lang='grc' dir='ltr'>χρυσίου</span> 
     </span>
     <span class='ocr_line' id='line_1_70' title="bbox 1292 1130 2313 1182; baseline -0.003 -13"><span class='ocrx_word' id='word_1_517' title='bbox 1292 1133 1331 1169; x_wconf 81' lang='grc' dir='ltr'>ἐκ</span> <span class='ocrx_word' id='word_1_518' title='bbox 1354 1134 1416 1177; x_wconf 74' lang='grc' dir='ltr'>τῆς</span> <span class='ocrx_word' id='word_1_519' title='bbox 1442 1133 1506 1182; x_wconf 75' lang='grc' dir='ltr'>γῆς</span> <span class='ocrx_word' id='word_1_520' title='bbox 1534 1130 1787 1181; x_wconf 77' lang='grc' dir='ltr'>ἀνορύττοντες,</span> <span class='ocrx_word' id='word_1_521' title='bbox 1803 1132 1920 1169; x_wconf 82' lang='grc' dir='ltr'>πάντα</span> <span class='ocrx_word' id='word_1_522' title='bbox 1950 1130 2052 1168; x_wconf 82' lang='grc' dir='ltr'>πόνον</span> <span class='ocrx_word' id='word_1_523' title='bbox 2079 1130 2313 1179; x_wconf 80' lang='grc' dir='ltr'>ὑπομένουσι,</span> 
     </span>
     <span class='ocr_line' id='line_1_71' title="bbox 1292 1190 2317 1244; baseline -0.002 -14"><span class='ocrx_word' id='word_1_524' title='bbox 1292 1192 1352 1230; x_wconf 83' lang='grc' dir='ltr'>καὶ</span> <span class='ocrx_word' id='word_1_525' title='bbox 1371 1191 1511 1230; x_wconf 84' lang='grc' dir='ltr'>πάντων</span> <span class='ocrx_word' id='word_1_526' title='bbox 1531 1192 1714 1244; x_wconf 75' lang='grc' dir='ltr'>ἀνέχονται</span> <span class='ocrx_word' id='word_1_527' title='bbox 1730 1195 1798 1230; x_wconf 86' lang='grc' dir='ltr'>τῶν</span> <span class='ocrx_word' id='word_1_528' title='bbox 1815 1193 2005 1244; x_wconf 70' lang='grc' dir='ltr'>δυσχερῶν,</span> <span class='ocrx_word' id='word_1_529' title='bbox 2025 1190 2116 1229; x_wconf 85' lang='grc' dir='ltr'>ὥστε</span> <span class='ocrx_word' id='word_1_530' title='bbox 2131 1192 2317 1238; x_wconf 71' lang='grc' dir='ltr'>δυνηθῆναι</span> 
     </span>
     <span class='ocr_line' id='line_1_72' title="bbox 1293 1252 2318 1305; baseline -0.004 -14"><span class='ocrx_word' id='word_1_531' title='bbox 1293 1256 1356 1299; x_wconf 64' lang='grc' dir='ltr'>τῆς</span> <span class='ocrx_word' id='word_1_532' title='bbox 1387 1256 1450 1304; x_wconf 62' lang='grc' dir='ltr'>γῆς</span> <span class='ocrx_word' id='word_1_533' title='bbox 1481 1253 1633 1305; x_wconf 75' lang='grc' dir='ltr'>χωρίσαι</span> <span class='ocrx_word' id='word_1_534' title='bbox 1661 1253 1701 1291; x_wconf 81' lang='grc' dir='ltr'>τὸ</span> <span class='ocrx_word' id='word_1_535' title='bbox 1731 1252 1886 1304; x_wconf 72' lang='grc' dir='ltr'>χρυσίον·</span> <span class='ocrx_word' id='word_1_536' title='bbox 1908 1253 2028 1303; x_wconf 82' lang='grc' dir='ltr'>πολλῷ</span> <span class='ocrx_word' id='word_1_537' title='bbox 2062 1253 2193 1302; x_wconf 80' lang='grc' dir='ltr'>μᾶλλον</span> <span class='ocrx_word' id='word_1_538' title='bbox 2226 1255 2318 1301; x_wconf 77' lang='grc' dir='ltr'>ἡμᾶς</span> 
     </span>
     <span class='ocr_line' id='line_1_73' title="bbox 1295 1313 2319 1366; baseline -0.002 -14"><span class='ocrx_word' id='word_1_539' title='bbox 1295 1314 1427 1353; x_wconf 88' lang='grc' dir='ltr'>δίκαιον</span> <span class='ocrx_word' id='word_1_540' title='bbox 1446 1315 1486 1352; x_wconf 80' lang='grc' dir='ltr'>ἂν</span> <span class='ocrx_word' id='word_1_541' title='bbox 1508 1313 1562 1360; x_wconf 86' lang='grc' dir='ltr'>εἴη</span> <span class='ocrx_word' id='word_1_542' title='bbox 1581 1313 1626 1352; x_wconf 79' lang='grc' dir='ltr'>τὰ</span> <span class='ocrx_word' id='word_1_543' title='bbox 1644 1313 1746 1364; x_wconf 83' lang='grc' dir='ltr'>λόγια</span> <span class='ocrx_word' id='word_1_544' title='bbox 1765 1317 1823 1352; x_wconf 78' lang='grc' dir='ltr'>τοῦ</span> <span class='ocrx_word' id='word_1_545' title='bbox 1844 1314 2049 1365; x_wconf 84' lang='grc' dir='ltr'>Πνεύματος</span> <span class='ocrx_word' id='word_1_546' title='bbox 2066 1315 2319 1366; x_wconf 64' lang='grc' dir='ltr'>διερευνᾶσθαι,</span> 
     </span>
     <span class='ocr_line' id='line_1_74' title="bbox 1295 1373 2320 1427; baseline -0.003 -14"><span class='ocrx_word' id='word_1_547' title='bbox 1295 1376 1354 1414; x_wconf 82' lang='grc' dir='ltr'>καὶ</span> <span class='ocrx_word' id='word_1_548' title='bbox 1381 1376 1444 1423; x_wconf 76' lang='grc' dir='ltr'>τὴν</span> <span class='ocrx_word' id='word_1_549' title='bbox 1473 1375 1507 1419; x_wconf 83' lang='grc' dir='ltr'>ἐξ</span> <span class='ocrx_word' id='word_1_550' title='bbox 1536 1376 1648 1413; x_wconf 82' lang='grc' dir='ltr'>αὐτῶν</span> <span class='ocrx_word' id='word_1_551' title='bbox 1676 1374 1846 1426; x_wconf 72' lang='grc' dir='ltr'>ὠφέλειαν</span> <span class='ocrx_word' id='word_1_552' title='bbox 1872 1375 2188 1427; x_wconf 81' lang='grc' dir='ltr'>καρπωσαμένους,</span> <span class='ocrx_word' id='word_1_553' title='bbox 2212 1373 2320 1416; x_wconf 75' lang='grc' dir='ltr'>οὕτως</span> 
     </span>
     <span class='ocr_line' id='line_1_75' title="bbox 1296 1436 2319 1487; baseline -0.003 -12"><span class='ocrx_word' id='word_1_554' title='bbox 1296 1439 1449 1475; x_wconf 75' lang='grc' dir='ltr'>ἐντεῦθεν</span> <span class='ocrx_word' id='word_1_555' title='bbox 1474 1436 1612 1481; x_wconf 77' lang='grc' dir='ltr'>ἐξιέναι.</span> <span class='ocrx_word' id='word_1_556' title='bbox 1632 1436 1767 1474; x_wconf 83' lang='grc' dir='ltr'>Ἐννόει</span> <span class='ocrx_word' id='word_1_557' title='bbox 1799 1452 1859 1487; x_wconf 90' lang='grc' dir='ltr'>μοι</span> <span class='ocrx_word' id='word_1_558' title='bbox 1882 1436 1994 1474; x_wconf 89' lang='grc' dir='ltr'>τοίνυν</span> <span class='ocrx_word' id='word_1_559' title='bbox 2026 1441 2086 1473; x_wconf 78' lang='grc' dir='ltr'>τοῦ</span> <span class='ocrx_word' id='word_1_560' title='bbox 2119 1437 2319 1484; x_wconf 73' lang='grc' dir='ltr'>θαυμαστοῦ</span> 
     </span>
     <span class='ocr_line' id='line_1_76' title="bbox 1296 1497 2320 1550; baseline -0.003 -13"><span class='ocrx_word' id='word_1_561' title='bbox 1296 1498 1416 1537; x_wconf 84' lang='grc' dir='ltr'>τούτου</span> <span class='ocrx_word' id='word_1_562' title='bbox 1442 1498 1564 1550; x_wconf 73' lang='grc' dir='ltr'>ἀνδρὸς</span> <span class='ocrx_word' id='word_1_563' title='bbox 1585 1497 1648 1543; x_wconf 82' lang='grc' dir='ltr'>τὴν</span> <span class='ocrx_word' id='word_1_564' title='bbox 1672 1497 1893 1550; x_wconf 59' lang='grc' dir='ltr'>φιλοσοφίαν,</span> <span class='ocrx_word' id='word_1_565' title='bbox 1917 1497 2011 1540; x_wconf 78' lang='grc' dir='ltr'>ὅπως</span> <span class='ocrx_word' id='word_1_566' title='bbox 2030 1497 2202 1543; x_wconf 68' lang='grc' dir='ltr'>τοσαύτης</span> <span class='ocrx_word' id='word_1_567' title='bbox 2229 1499 2320 1534; x_wconf 89' lang='grc' dir='ltr'>ἀπο-</span> 
     </span>
     <span class='ocr_line' id='line_1_77' title="bbox 1296 1558 2321 1610; baseline 0 -13"><span class='ocrx_word' id='word_1_568' title='bbox 1296 1559 1413 1597; x_wconf 87' lang='grc' dir='ltr'>λαύων</span> <span class='ocrx_word' id='word_1_569' title='bbox 1433 1562 1495 1605; x_wconf 65' lang='grc' dir='ltr'>τῆς</span> <span class='ocrx_word' id='word_1_570' title='bbox 1509 1559 1639 1596; x_wconf 80' lang='grc' dir='ltr'>ἄνωθεν</span> <span class='ocrx_word' id='word_1_571' title='bbox 1660 1560 1788 1610; x_wconf 76' lang='grc' dir='ltr'>ῥοπῆς,</span> <span class='ocrx_word' id='word_1_572' title='bbox 1806 1558 1866 1596; x_wconf 85' lang='grc' dir='ltr'>καὶ</span> <span class='ocrx_word' id='word_1_573' title='bbox 1886 1560 1975 1610; x_wconf 83' lang='grc' dir='ltr'>ὁρῶν</span> <span class='ocrx_word' id='word_1_574' title='bbox 1991 1560 2113 1596; x_wconf 79' lang='grc' dir='ltr'>ἑαυτοῦ</span> <span class='ocrx_word' id='word_1_575' title='bbox 2130 1558 2194 1603; x_wconf 75' lang='grc' dir='ltr'>τὴν</span> <span class='ocrx_word' id='word_1_576' title='bbox 2219 1573 2321 1608; x_wconf 89' lang='grc' dir='ltr'>περι-</span> 
     </span>
     <span class='ocr_line' id='line_1_78' title="bbox 1299 1619 2324 1671; baseline -0.002 -14"><span class='ocrx_word' id='word_1_577' title='bbox 1299 1619 1419 1658; x_wconf 89' lang='grc' dir='ltr'>ουσίαν</span> <span class='ocrx_word' id='word_1_578' title='bbox 1436 1619 1674 1670; x_wconf 50' lang='grc' dir='ltr'>ὓαῦξομένην,</span> <span class='ocrx_word' id='word_1_579' title='bbox 1705 1619 1767 1665; x_wconf 80' lang='grc' dir='ltr'>τὴν</span> <span class='ocrx_word' id='word_1_580' title='bbox 1794 1621 1864 1656; x_wconf 82' lang='grc' dir='ltr'>τῶν</span> <span class='ocrx_word' id='word_1_581' title='bbox 1895 1620 2106 1671; x_wconf 77' lang='grc' dir='ltr'>θρεμμάτων</span> <span class='ocrx_word' id='word_1_582' title='bbox 2125 1619 2238 1670; x_wconf 82' lang='grc' dir='ltr'>λέγω,</span> <span class='ocrx_word' id='word_1_583' title='bbox 2265 1619 2324 1656; x_wconf 82' lang='grc' dir='ltr'>καί</span> 
     </span>
     <span class='ocr_line' id='line_1_79' title="bbox 1300 1679 2324 1733; baseline -0.003 -14"><span class='ocrx_word' id='word_1_584' title='bbox 1300 1680 1470 1719; x_wconf 84' lang='grc' dir='ltr'>τοσούτων</span> <span class='ocrx_word' id='word_1_585' title='bbox 1502 1679 1636 1718; x_wconf 88' lang='grc' dir='ltr'>παίδων</span> <span class='ocrx_word' id='word_1_586' title='bbox 1660 1679 1765 1733; x_wconf 77' lang='grc' dir='ltr'>χορὸν</span> <span class='ocrx_word' id='word_1_587' title='bbox 1797 1680 1890 1731; x_wconf 77' lang='grc' dir='ltr'>αὐτῷ</span> <span class='ocrx_word' id='word_1_588' title='bbox 1921 1683 2161 1733; x_wconf 84' lang='grc' dir='ltr'>περιεστῶτα,</span> <span class='ocrx_word' id='word_1_589' title='bbox 2183 1680 2221 1717; x_wconf 86' lang='grc' dir='ltr'>οὐ</span> <span class='ocrx_word' id='word_1_590' title='bbox 2245 1679 2324 1730; x_wconf 86' lang='grc' dir='ltr'>περὶ</span> 
     </span>
     <span class='ocr_line' id='line_1_80' title="bbox 1301 1739 2325 1794; baseline -0.003 -14"><span class='ocrx_word' id='word_1_591' title='bbox 1301 1741 1484 1792; x_wconf 77' lang='grc' dir='ltr'>οἰκοδομὰς</span> <span class='ocrx_word' id='word_1_592' title='bbox 1505 1740 1671 1794; x_wconf 78' lang='grc' dir='ltr'>λαμπρὰς</span> <span class='ocrx_word' id='word_1_593' title='bbox 1698 1741 1818 1778; x_wconf 74' lang='grc' dir='ltr'>ἑαυτὸν</span> <span class='ocrx_word' id='word_1_594' title='bbox 1836 1739 2012 1788; x_wconf 77' lang='grc' dir='ltr'>ἐξέδωκεν,</span> <span class='ocrx_word' id='word_1_595' title='bbox 2027 1741 2102 1780; x_wconf 79' lang='grc' dir='ltr'>οὐδὲ</span> <span class='ocrx_word' id='word_1_596' title='bbox 2122 1740 2246 1793; x_wconf 78' lang='grc' dir='ltr'>ἀγροὺς</span> <span class='ocrx_word' id='word_1_597' title='bbox 2265 1741 2325 1778; x_wconf 84' lang='grc' dir='ltr'>καὶ</span> 
     </span>
     <span class='ocr_line' id='line_1_81' title="bbox 1301 1800 2326 1853; baseline -0.001 -14"><span class='ocrx_word' id='word_1_598' title='bbox 1301 1800 1423 1852; x_wconf 86' lang='grc' dir='ltr'>κώμας</span> <span class='ocrx_word' id='word_1_599' title='bbox 1459 1801 1660 1848; x_wconf 76' lang='grc' dir='ltr'>ὠνήσασθαι</span> <span class='ocrx_word' id='word_1_600' title='bbox 1703 1801 1896 1840; x_wconf 79' lang='grc' dir='ltr'>ἐσπούδασε</span> <span class='ocrx_word' id='word_1_601' title='bbox 1934 1801 2140 1853; x_wconf 86' lang='grc' dir='ltr'>δυναμένους</span> <span class='ocrx_word' id='word_1_602' title='bbox 2181 1801 2326 1853; x_wconf 87' lang='grc' dir='ltr'>ἀρκέσαι</span> 
     </span>
     <span class='ocr_line' id='line_1_82' title="bbox 1302 1862 2327 1915; baseline 0 -15"><span class='ocrx_word' id='word_1_603' title='bbox 1302 1864 1387 1915; x_wconf 80' lang='grc' dir='ltr'>πρὸς</span> <span class='ocrx_word' id='word_1_604' title='bbox 1413 1862 1475 1910; x_wconf 87' lang='grc' dir='ltr'>τὴν</span> <span class='ocrx_word' id='word_1_605' title='bbox 1509 1862 1676 1914; x_wconf 84' lang='grc' dir='ltr'>διανομὴν</span> <span class='ocrx_word' id='word_1_606' title='bbox 1703 1866 1772 1901; x_wconf 82' lang='grc' dir='ltr'>τῶν</span> <span class='ocrx_word' id='word_1_607' title='bbox 1791 1863 1937 1902; x_wconf 86' lang='grc' dir='ltr'>παίδων.</span> <span class='ocrx_word' id='word_1_608' title='bbox 1962 1865 2086 1902; x_wconf 78' lang='grc' dir='ltr'>Ταῦτα</span> <span class='ocrx_word' id='word_1_609' title='bbox 2107 1863 2174 1915; x_wconf 82' lang='grc' dir='ltr'>γὰρ</span> <span class='ocrx_word' id='word_1_610' title='bbox 2205 1863 2263 1901; x_wconf 84' lang='grc' dir='ltr'>καὶ</span> <span class='ocrx_word' id='word_1_611' title='bbox 2283 1863 2327 1900; x_wconf 88' lang='grc' dir='ltr'>τὰ</span> 
     </span>
     <span class='ocr_line' id='line_1_83' title="bbox 1302 1923 2328 1977; baseline -0.001 -15"><span class='ocrx_word' id='word_1_612' title='bbox 1302 1927 1447 1962; x_wconf 76' lang='grc' dir='ltr'>τοιαῦτα</span> <span class='ocrx_word' id='word_1_613' title='bbox 1465 1927 1496 1962; x_wconf 78' lang='grc' dir='ltr'>οἱ</span> <span class='ocrx_word' id='word_1_614' title='bbox 1511 1927 1569 1961; x_wconf 82' lang='grc' dir='ltr'>νῧν</span> <span class='ocrx_word' id='word_1_615' title='bbox 1593 1928 1673 1975; x_wconf 74' lang='grc' dir='ltr'>ἡμῖν</span> <span class='ocrx_word' id='word_1_616' title='bbox 1693 1924 1952 1977; x_wconf 73' lang='grc' dir='ltr'>προὸάλλονται</span> <span class='ocrx_word' id='word_1_617' title='bbox 1965 1955 1978 1972; x_wconf 85' lang='grc'>,</span> <span class='ocrx_word' id='word_1_618' title='bbox 1997 1924 2055 1962; x_wconf 84' lang='grc' dir='ltr'>καὶ</span> <span class='ocrx_word' id='word_1_619' title='bbox 2075 1925 2135 1962; x_wconf 78' lang='grc' dir='ltr'>ἕνα</span> <span class='ocrx_word' id='word_1_620' title='bbox 2159 1923 2328 1968; x_wconf 85' lang='grc' dir='ltr'>πολλάκις</span> 
     </span>
     <span class='ocr_line' id='line_1_84' title="bbox 1302 1984 2328 2038; baseline -0.002 -14"><span class='ocrx_word' id='word_1_621' title='bbox 1302 2003 1355 2030; x_wconf 89' lang='grc' dir='ltr'>τις</span> <span class='ocrx_word' id='word_1_622' title='bbox 1383 1985 1543 2038; x_wconf 66' lang='grc' dir='ltr'>ἐσχηκὼς</span> <span class='ocrx_word' id='word_1_623' title='bbox 1575 1985 1647 2024; x_wconf 82' lang='grc' dir='ltr'>υἱὸν</span> <span class='ocrx_word' id='word_1_624' title='bbox 1675 1985 1783 2038; x_wconf 89' lang='grc' dir='ltr'>μυρία</span> <span class='ocrx_word' id='word_1_625' title='bbox 1803 1986 1846 2024; x_wconf 78' lang='grc' dir='ltr'>τὰ</span> <span class='ocrx_word' id='word_1_626' title='bbox 1862 1986 2016 2024; x_wconf 83' lang='grc' dir='ltr'>τάλαντα</span> <span class='ocrx_word' id='word_1_627' title='bbox 2037 1986 2182 2038; x_wconf 81' lang='grc' dir='ltr'>χρυσίου</span> <span class='ocrx_word' id='word_1_628' title='bbox 2200 1984 2328 2023; x_wconf 86' lang='grc' dir='ltr'>συλλέ-</span> 
     </span>
     <span class='ocr_line' id='line_1_85' title="bbox 1303 2045 2330 2099; baseline -0.002 -13"><span class='ocrx_word' id='word_1_629' title='bbox 1303 2064 1375 2098; x_wconf 86' lang='grc' dir='ltr'>γειν</span> <span class='ocrx_word' id='word_1_630' title='bbox 1398 2048 1600 2096; x_wconf 82' lang='grc' dir='ltr'>σπουδάζει,</span> <span class='ocrx_word' id='word_1_631' title='bbox 1618 2048 1678 2086; x_wconf 84' lang='grc' dir='ltr'>καὶ</span> <span class='ocrx_word' id='word_1_632' title='bbox 1703 2046 1828 2099; x_wconf 82' lang='grc' dir='ltr'>ἀγροὺς</span> <span class='ocrx_word' id='word_1_633' title='bbox 1847 2047 2048 2093; x_wconf 84' lang='grc' dir='ltr'>ὠνήσασθαι</span> <span class='ocrx_word' id='word_1_634' title='bbox 2068 2046 2128 2085; x_wconf 81' lang='grc' dir='ltr'>καὶ</span> <span class='ocrx_word' id='word_1_635' title='bbox 2147 2045 2330 2096; x_wconf 78' lang='grc' dir='ltr'>οἰκοδομὰς</span> 
     </span>
     <span class='ocr_line' id='line_1_86' title="bbox 1304 2106 2330 2161; baseline -0.004 -15"><span class='ocrx_word' id='word_1_636' title='bbox 1304 2114 1504 2161; x_wconf 68' lang='grc' dir='ltr'>περιφανεῖς</span> <span class='ocrx_word' id='word_1_637' title='bbox 1520 2109 1801 2153; x_wconf 75' lang='grc' dir='ltr'>κατασκευάζειν.</span> <span class='ocrx_word' id='word_1_638' title='bbox 1820 2108 1890 2146; x_wconf 82' lang='grc' dir='ltr'>Καὶ</span> <span class='ocrx_word' id='word_1_639' title='bbox 1906 2109 1974 2146; x_wconf 84' lang='grc' dir='ltr'>εἴθε</span> <span class='ocrx_word' id='word_1_640' title='bbox 1988 2110 2026 2145; x_wconf 83' lang='grc' dir='ltr'>ἐκ</span> <span class='ocrx_word' id='word_1_641' title='bbox 2046 2107 2186 2145; x_wconf 84' lang='grc' dir='ltr'>δικαίων</span> <span class='ocrx_word' id='word_1_642' title='bbox 2204 2106 2330 2153; x_wconf 87' lang='grc' dir='ltr'>πόνων,</span> 
     </span>
     <span class='ocr_line' id='line_1_87' title="bbox 1306 2167 2329 2221; baseline -0.003 -15"><span class='ocrx_word' id='word_1_643' title='bbox 1306 2169 1365 2207; x_wconf 82' lang='grc' dir='ltr'>καὶ</span> <span class='ocrx_word' id='word_1_644' title='bbox 1393 2169 1473 2207; x_wconf 87' lang='grc' dir='ltr'>ἄνευ</span> <span class='ocrx_word' id='word_1_645' title='bbox 1500 2169 1636 2213; x_wconf 86' lang='grc' dir='ltr'>ἀδικίας</span> <span class='ocrx_word' id='word_1_646' title='bbox 1662 2169 1791 2207; x_wconf 87' lang='grc' dir='ltr'>τούτων</span> <span class='ocrx_word' id='word_1_647' title='bbox 1816 2169 1880 2215; x_wconf 83' lang='grc' dir='ltr'>τὴν</span> <span class='ocrx_word' id='word_1_648' title='bbox 1898 2168 2098 2221; x_wconf 85' lang='grc' dir='ltr'>περιουσίαν</span> <span class='ocrx_word' id='word_1_649' title='bbox 2125 2167 2329 2217; x_wconf 82' lang='grc' dir='ltr'>συνέλεγεν·</span> 
     </span>
     <span class='ocr_line' id='line_1_88' title="bbox 1311 2227 2332 2281; baseline -0.001 -15"><span class='ocrx_word' id='word_1_650' title='bbox 1311 2229 1403 2267; x_wconf 74' lang='grc' dir='ltr'>ἀλλὰ</span> <span class='ocrx_word' id='word_1_651' title='bbox 1423 2229 1461 2266; x_wconf 83' lang='grc' dir='ltr'>τὸ</span> <span class='ocrx_word' id='word_1_652' title='bbox 1483 2228 1570 2281; x_wconf 80' lang='grc' dir='ltr'>βαρὺ</span> <span class='ocrx_word' id='word_1_653' title='bbox 1592 2230 1652 2266; x_wconf 76' lang='grc' dir='ltr'>καὶ</span> <span class='ocrx_word' id='word_1_654' title='bbox 1669 2228 1808 2267; x_wconf 84' lang='grc' dir='ltr'>πάντων</span> <span class='ocrx_word' id='word_1_655' title='bbox 1827 2229 2034 2280; x_wconf 86' lang='grc' dir='ltr'>δεινότερον,</span> <span class='ocrx_word' id='word_1_656' title='bbox 2053 2228 2106 2266; x_wconf 82' lang='grc' dir='ltr'>ὅτι</span> <span class='ocrx_word' id='word_1_657' title='bbox 2121 2227 2257 2279; x_wconf 82' lang='grc' dir='ltr'>ἑτέρους</span> <span class='ocrx_word' id='word_1_658' title='bbox 2274 2229 2332 2278; x_wconf 83' lang='grc' dir='ltr'>ἁρ-</span> 
     </span>
     <span class='ocr_line' id='line_1_89' title="bbox 1307 2288 2332 2342; baseline -0.003 -14"><span class='ocrx_word' id='word_1_659' title='bbox 1307 2290 1443 2337; x_wconf 75' lang='grc' dir='ltr'>πάζων,</span> <span class='ocrx_word' id='word_1_660' title='bbox 1470 2290 1529 2327; x_wconf 80' lang='grc' dir='ltr'>καὶ</span> <span class='ocrx_word' id='word_1_661' title='bbox 1547 2291 1785 2338; x_wconf 83' lang='grc' dir='ltr'>πλεονεκτῶν,</span> <span class='ocrx_word' id='word_1_662' title='bbox 1804 2290 1864 2328; x_wconf 77' lang='grc' dir='ltr'>καὶ</span> <span class='ocrx_word' id='word_1_663' title='bbox 1888 2290 2082 2342; x_wconf 84' lang='grc' dir='ltr'>πράγματα</span> <span class='ocrx_word' id='word_1_664' title='bbox 2108 2288 2332 2341; x_wconf 71' lang='grc' dir='ltr'>συρράπτων,</span> 
     </span>
     <span class='ocr_line' id='line_1_90' title="bbox 1307 2349 2334 2404; baseline -0.002 -15"><span class='ocrx_word' id='word_1_665' title='bbox 1307 2351 1398 2389; x_wconf 79' lang='grc' dir='ltr'>οὕτω</span> <span class='ocrx_word' id='word_1_666' title='bbox 1431 2351 1494 2395; x_wconf 84' lang='grc' dir='ltr'>τὰς</span> <span class='ocrx_word' id='word_1_667' title='bbox 1521 2350 1648 2404; x_wconf 83' lang='grc' dir='ltr'>ἑτέρων</span> <span class='ocrx_word' id='word_1_668' title='bbox 1671 2351 1788 2395; x_wconf 84' lang='grc' dir='ltr'>οὐσίας</span> <span class='ocrx_word' id='word_1_669' title='bbox 1815 2352 1864 2394; x_wconf 87' lang='grc' dir='ltr'>εἷς</span> <span class='ocrx_word' id='word_1_670' title='bbox 1891 2352 2012 2389; x_wconf 73' lang='grc' dir='ltr'>ἑαυτὸν</span> <span class='ocrx_word' id='word_1_671' title='bbox 2040 2351 2235 2401; x_wconf 82' lang='grc' dir='ltr'>μεθίστησι.</span> <span class='ocrx_word' id='word_1_672' title='bbox 2265 2349 2334 2388; x_wconf 75' lang='grc' dir='ltr'>Καὶ</span> 
     </span>
     <span class='ocr_line' id='line_1_91' title="bbox 1309 2411 2334 2466; baseline -0.004 -14"><span class='ocrx_word' id='word_1_673' title='bbox 1309 2414 1366 2452; x_wconf 73' lang='grc' dir='ltr'>ἐάν</span> <span class='ocrx_word' id='word_1_674' title='bbox 1388 2429 1438 2457; x_wconf 85' lang='grc' dir='ltr'>τις</span> <span class='ocrx_word' id='word_1_675' title='bbox 1454 2412 1576 2466; x_wconf 75' lang='grc' dir='ltr'>ἔρηται</span> <span class='ocrx_word' id='word_1_676' title='bbox 1587 2429 1594 2436; x_wconf 92' lang='grc'><em>·</em></span> <span class='ocrx_word' id='word_1_677' title='bbox 1611 2413 1701 2456; x_wconf 86' lang='grc' dir='ltr'>τίνος</span> <span class='ocrx_word' id='word_1_678' title='bbox 1714 2413 1829 2452; x_wconf 78' lang='grc' dir='ltr'>ἕνεκεν</span> <span class='ocrx_word' id='word_1_679' title='bbox 1844 2417 1865 2459; x_wconf 81' lang='grc' dir='ltr'>ἡ</span> <span class='ocrx_word' id='word_1_680' title='bbox 1886 2412 2038 2459; x_wconf 80' lang='grc' dir='ltr'>τοσαύτη</span> <span class='ocrx_word' id='word_1_681' title='bbox 2056 2414 2123 2449; x_wconf 80' lang='grc' dir='ltr'>τῶν</span> <span class='ocrx_word' id='word_1_682' title='bbox 2140 2411 2334 2463; x_wconf 76' lang='grc' dir='ltr'>χρημάτων</span> 
     </span>
     <span class='ocr_line' id='line_1_92' title="bbox 1311 2471 2334 2527; baseline -0.004 -14"><span class='ocrx_word' id='word_1_683' title='bbox 1311 2475 1436 2526; x_wconf 74' lang='grc' dir='ltr'>μανία,</span> <span class='ocrx_word' id='word_1_684' title='bbox 1459 2474 1585 2518; x_wconf 76' lang='grc' dir='ltr'>εὐθέως</span> <span class='ocrx_word' id='word_1_685' title='bbox 1607 2475 1665 2513; x_wconf 83' lang='grc' dir='ltr'>τὸν</span> <span class='ocrx_word' id='word_1_686' title='bbox 1694 2476 1804 2513; x_wconf 88' lang='grc' dir='ltr'>παῖδα</span> <span class='ocrx_word' id='word_1_687' title='bbox 1832 2474 2088 2527; x_wconf 65' lang='grc' dir='ltr'>προῧάλλεται,</span> <span class='ocrx_word' id='word_1_688' title='bbox 2110 2473 2169 2511; x_wconf 81' lang='grc' dir='ltr'>καὶ</span> <span class='ocrx_word' id='word_1_689' title='bbox 2194 2471 2251 2510; x_wconf 85' lang='grc' dir='ltr'>διὰ</span> <span class='ocrx_word' id='word_1_690' title='bbox 2271 2472 2334 2518; x_wconf 85' lang='grc' dir='ltr'>τὴν</span> 
     </span>
     <span class='ocr_line' id='line_1_93' title="bbox 1309 2533 2335 2589; baseline -0.004 -15"><span class='ocrx_word' id='word_1_691' title='bbox 1309 2537 1388 2589; x_wconf 80' lang='grc' dir='ltr'>περὶ</span> <span class='ocrx_word' id='word_1_692' title='bbox 1408 2538 1535 2575; x_wconf 80' lang='grc' dir='ltr'>ἐκεῖνον</span> <span class='ocrx_word' id='word_1_693' title='bbox 1563 2537 1696 2574; x_wconf 82' lang='grc' dir='ltr'>εὔνοιαν</span> <span class='ocrx_word' id='word_1_694' title='bbox 1717 2536 1828 2574; x_wconf 72' lang='grc' dir='ltr'>ταῦτά</span> <span class='ocrx_word' id='word_1_695' title='bbox 1857 2552 1942 2588; x_wconf 68' lang='grc' dir='ltr'>φησι</span> <span class='ocrx_word' id='word_1_696' title='bbox 1960 2535 2244 2586; x_wconf 79' lang='grc' dir='ltr'>διαπράττεσθαι.</span> <span class='ocrx_word' id='word_1_697' title='bbox 2268 2533 2335 2571; x_wconf 82' lang='grc' dir='ltr'>Καὶ</span> 
     </span>
     <span class='ocr_line' id='line_1_94' title="bbox 1310 2592 2335 2650; baseline -0.005 -13"><span class='ocrx_word' id='word_1_698' title='bbox 1310 2592 1406 2642; x_wconf 58' lang='grc' dir='ltr'>οὗτος</span> <span class='ocrx_word' id='word_1_699' title='bbox 1435 2598 1496 2649; x_wconf 82' lang='grc' dir='ltr'>μὲν</span> <span class='ocrx_word' id='word_1_700' title='bbox 1524 2597 1587 2636; x_wconf 75' lang='grc' dir='ltr'>κᾶν</span> <span class='ocrx_word' id='word_1_701' title='bbox 1620 2599 1730 2636; x_wconf 86' lang='grc' dir='ltr'>παῖδα</span> <span class='ocrx_word' id='word_1_702' title='bbox 1745 2597 2025 2650; x_wconf 61' lang='grc' dir='ltr'>προθαλλόμενος</span> <span class='ocrx_word' id='word_1_703' title='bbox 2042 2599 2153 2634; x_wconf 75' lang='grc' dir='ltr'>ταῦτα</span> <span class='ocrx_word' id='word_1_704' title='bbox 2174 2598 2335 2646; x_wconf 72' lang='grc' dir='ltr'>ἀφοσιοῦ-</span> 
     </span>
     <span class='ocr_line' id='line_1_95' title="bbox 1311 2655 2339 2710; baseline -0.003 -14"><span class='ocrx_word' id='word_1_705' title='bbox 1311 2675 1381 2707; x_wconf 87' lang='grc' dir='ltr'>ται,</span> <span class='ocrx_word' id='word_1_706' title='bbox 1396 2661 1470 2710; x_wconf 77' lang='grc' dir='ltr'>εἰκῇ</span> <span class='ocrx_word' id='word_1_707' title='bbox 1491 2659 1550 2696; x_wconf 79' lang='grc' dir='ltr'>καὶ</span> <span class='ocrx_word' id='word_1_708' title='bbox 1579 2659 1705 2709; x_wconf 82' lang='grc' dir='ltr'>μάτην.</span> <span class='ocrx_word' id='word_1_709' title='bbox 1720 2658 1801 2697; x_wconf 78' lang='grc' dir='ltr'>Εἰσὶ</span> <span class='ocrx_word' id='word_1_710' title='bbox 1830 2657 1865 2696; x_wconf 75' lang='grc' dir='ltr'>δὲ</span> <span class='ocrx_word' id='word_1_711' title='bbox 1881 2658 1913 2696; x_wconf 88' lang='grc' dir='ltr'>οἲ</span> <span class='ocrx_word' id='word_1_712' title='bbox 1941 2657 2029 2707; x_wconf 78' lang='grc' dir='ltr'>μηδὲ</span> <span class='ocrx_word' id='word_1_713' title='bbox 2057 2657 2183 2699; x_wconf 86' lang='grc' dir='ltr'>παῖδας</span> <span class='ocrx_word' id='word_1_714' title='bbox 2204 2655 2339 2708; x_wconf 71' lang='grc' dir='ltr'>ἔχοντες</span> 
     </span>
     <span class='ocr_line' id='line_1_96' title="bbox 1314 2717 2339 2771; baseline -0.004 -13"><span class='ocrx_word' id='word_1_715' title='bbox 1314 2720 1494 2771; x_wconf 85' lang='grc' dir='ltr'>μεμήνασι</span> <span class='ocrx_word' id='word_1_716' title='bbox 1517 2719 1597 2771; x_wconf 80' lang='grc' dir='ltr'>περὶ</span> <span class='ocrx_word' id='word_1_717' title='bbox 1617 2719 1680 2766; x_wconf 73' lang='grc' dir='ltr'>τὴν</span> <span class='ocrx_word' id='word_1_718' title='bbox 1699 2722 1766 2757; x_wconf 86' lang='grc' dir='ltr'>τῶν</span> <span class='ocrx_word' id='word_1_719' title='bbox 1786 2719 1982 2770; x_wconf 76' lang='grc' dir='ltr'>χρημάτων</span> <span class='ocrx_word' id='word_1_720' title='bbox 2003 2717 2186 2768; x_wconf 73' lang='grc' dir='ltr'>συλλογὴν,</span> <span class='ocrx_word' id='word_1_721' title='bbox 2200 2717 2260 2755; x_wconf 83' lang='grc' dir='ltr'>καὶ</span> <span class='ocrx_word' id='word_1_722' title='bbox 2276 2733 2339 2767; x_wconf 93' lang='grc' dir='ltr'>μυ-</span> 
     </span>
     <span class='ocr_line' id='line_1_97' title="bbox 1315 2776 2342 2833; baseline -0.004 -15"><span class='ocrx_word' id='word_1_723' title='bbox 1315 2781 1428 2833; x_wconf 73' lang='grc' dir='ltr'>ριάκις</span> <span class='ocrx_word' id='word_1_724' title='bbox 1467 2780 1505 2818; x_wconf 79' lang='grc' dir='ltr'>ἂν</span> <span class='ocrx_word' id='word_1_725' title='bbox 1546 2781 1680 2818; x_wconf 77' lang='grc' dir='ltr'>ἕλοιντο</span> <span class='ocrx_word' id='word_1_726' title='bbox 1711 2780 1755 2818; x_wconf 75' lang='grc' dir='ltr'>τὰ</span> <span class='ocrx_word' id='word_1_727' title='bbox 1787 2780 1963 2826; x_wconf 78' lang='grc' dir='ltr'>ἀνήκεστα</span> <span class='ocrx_word' id='word_1_728' title='bbox 2000 2781 2206 2829; x_wconf 76' lang='grc' dir='ltr'>ὑπομεῖναι,</span> <span class='ocrx_word' id='word_1_729' title='bbox 2231 2777 2253 2823; x_wconf 85' lang='grc' dir='ltr'>ἢ</span> <span class='ocrx_word' id='word_1_730' title='bbox 2282 2776 2342 2815; x_wconf 74' lang='grc' dir='ltr'>ἕνα</span> 
     </span>
     <span class='ocr_line' id='line_1_98' title="bbox 1316 2838 2343 2895; baseline -0.005 -15"><span class='ocrx_word' id='word_1_731' title='bbox 1316 2842 1436 2880; x_wconf 51' lang='lat' dir='ltr'>&amp;Come</span> <span class='ocrx_word' id='word_1_732' title='bbox 1457 2841 1625 2895; x_wconf 83' lang='grc' dir='ltr'>προέσθαι</span> <span class='ocrx_word' id='word_1_733' title='bbox 1649 2841 1716 2879; x_wconf 78' lang='grc' dir='ltr'>τινὶ</span> <span class='ocrx_word' id='word_1_734' title='bbox 1748 2844 1815 2879; x_wconf 76' lang='grc' dir='ltr'>τῶν</span> <span class='ocrx_word' id='word_1_735' title='bbox 1851 2840 2036 2891; x_wconf 84' lang='grc' dir='ltr'>δεομένων.</span> <span class='ocrx_word' id='word_1_736' title='bbox 2056 2840 2147 2877; x_wconf 77' lang='grc' dir='ltr'>Ἀλλ’</span> <span class='ocrx_word' id='word_1_737' title='bbox 2176 2843 2194 2877; x_wconf 84' lang='grc' dir='ltr'>ὁ</span> <span class='ocrx_word' id='word_1_738' title='bbox 2213 2838 2343 2882; x_wconf 85' lang='grc' dir='ltr'>δίκαιος</span> 
     </span>
     <span class='ocr_line' id='line_1_99' title="bbox 1317 2897 2343 2949; baseline -0.003 -9"><span class='ocrx_word' id='word_1_739' title='bbox 1317 2897 1414 2947; x_wconf 66' lang='grc' dir='ltr'>οὗτος</span> <span class='ocrx_word' id='word_1_740' title='bbox 1443 2903 1537 2942; x_wconf 75' lang='grc' dir='ltr'>οὐδὲν</span> <span class='ocrx_word' id='word_1_741' title='bbox 1565 2907 1718 2941; x_wconf 70' lang='grc' dir='ltr'>τοιοῦτον</span> <span class='ocrx_word' id='word_1_742' title='bbox 1754 2902 2008 2949; x_wconf 61' lang='grc' dir='ltr'>ἐδουλεύσατε),</span> <span class='ocrx_word' id='word_1_743' title='bbox 2046 2900 2122 2940; x_wconf 81' lang='grc' dir='ltr'>οὐδὲ</span> <span class='ocrx_word' id='word_1_744' title='bbox 2156 2902 2343 2946; x_wconf 79' lang='grc' dir='ltr'>ἐνενόησεν,</span> 
     </span>
     <span class='ocr_line' id='line_1_100' title="bbox 1318 2960 2343 3016; baseline -0.006 -14"><span class='ocrx_word' id='word_1_745' title='bbox 1318 2963 1407 3004; x_wconf 65' lang='grc' dir='ltr'>ἀλλὰ</span> <span class='ocrx_word' id='word_1_746' title='bbox 1426 2964 1485 3002; x_wconf 74' lang='grc' dir='ltr'>καὶ</span> <span class='ocrx_word' id='word_1_747' title='bbox 1499 2964 1603 3011; x_wconf 80' lang='grc' dir='ltr'>ἡνίκα</span> <span class='ocrx_word' id='word_1_748' title='bbox 1623 2964 1690 3002; x_wconf 81' lang='grc' dir='ltr'>ἔδει</span> <span class='ocrx_word' id='word_1_749' title='bbox 1709 2963 1839 3016; x_wconf 73' lang='grc' dir='ltr'>βραχὺν</span> <span class='ocrx_word' id='word_1_750' title='bbox 1860 2963 1964 3016; x_wconf 74' lang='grc' dir='ltr'>ἀγρὸν</span> <span class='ocrx_word' id='word_1_751' title='bbox 1981 2963 2204 3008; x_wconf 80' lang='grc' dir='ltr'>ὠνήσασθαι,</span> <span class='ocrx_word' id='word_1_752' title='bbox 2221 2960 2343 2997; x_wconf 81' lang='grc' dir='ltr'>ἑκατὸν</span> 
     </span>
     <span class='ocr_line' id='line_1_101' title="bbox 1319 3021 2347 3076; baseline -0.005 -13"><span class='ocrx_word' id='word_1_753' title='bbox 1319 3024 1448 3076; x_wconf 67' lang='grc' dir='ltr'>ἀμνοῦς</span> <span class='ocrx_word' id='word_1_754' title='bbox 1468 3024 1565 3072; x_wconf 79' lang='grc' dir='ltr'>δοὺς,</span> <span class='ocrx_word' id='word_1_755' title='bbox 1585 3024 1676 3063; x_wconf 78' lang='grc' dir='ltr'>οὕτω</span> <span class='ocrx_word' id='word_1_756' title='bbox 1708 3029 1768 3062; x_wconf 82' lang='grc' dir='ltr'>τοῦ</span> <span class='ocrx_word' id='word_1_757' title='bbox 1793 3027 1898 3076; x_wconf 81' lang='grc' dir='ltr'>ἀγροῦ</span> <span class='ocrx_word' id='word_1_758' title='bbox 1932 3022 1995 3068; x_wconf 86' lang='grc' dir='ltr'>τὴν</span> <span class='ocrx_word' id='word_1_759' title='bbox 2030 3022 2155 3073; x_wconf 85' lang='grc' dir='ltr'>μερίδα</span> <span class='ocrx_word' id='word_1_760' title='bbox 2187 3021 2347 3068; x_wconf 79' lang='grc' dir='ltr'>ὠνήσατο</span> 
     </span>
     <span class='ocr_line' id='line_1_102' title="bbox 1321 3082 2346 3139; baseline -0.004 -15"><span class='ocrx_word' id='word_1_761' title='bbox 1321 3085 1416 3138; x_wconf 73' lang='grc' dir='ltr'>παρὰ</span> <span class='ocrx_word' id='word_1_762' title='bbox 1438 3086 1561 3139; x_wconf 81' lang='grc' dir='ltr'>Έμὼρ</span> <span class='ocrx_word' id='word_1_763' title='bbox 1575 3091 1634 3124; x_wconf 77' lang='grc' dir='ltr'>τοῦ</span> <span class='ocrx_word' id='word_1_764' title='bbox 1663 3086 1793 3139; x_wconf 80' lang='grc' dir='ltr'>πατρὸς</span> <span class='ocrx_word' id='word_1_765' title='bbox 1814 3085 1948 3138; x_wconf 74' lang='grc' dir='ltr'>Συχέμ.</span> <span class='ocrx_word' id='word_1_766' title='bbox 1969 3084 2038 3122; x_wconf 79' lang='grc' dir='ltr'>Καὶ</span> <span class='ocrx_word' id='word_1_767' title='bbox 2057 3083 2121 3137; x_wconf 76' lang='grc' dir='ltr'>ὅρα</span> <span class='ocrx_word' id='word_1_768' title='bbox 2148 3087 2206 3122; x_wconf 74' lang='grc' dir='ltr'>τοῦ</span> <span class='ocrx_word' id='word_1_769' title='bbox 2225 3082 2346 3134; x_wconf 75' lang='grc' dir='ltr'>ἀνδρὸς</span> 
     </span>
     <span class='ocr_line' id='line_1_103' title="bbox 1321 3143 2346 3198; baseline -0.004 -14"><span class='ocrx_word' id='word_1_770' title='bbox 1321 3147 1360 3184; x_wconf 80' lang='grc' dir='ltr'>τὸ</span> <span class='ocrx_word' id='word_1_771' title='bbox 1381 3147 1548 3198; x_wconf 64' lang='grc' dir='ltr'>φιλόθεον,</span> <span class='ocrx_word' id='word_1_772' title='bbox 1561 3147 1619 3184; x_wconf 85' lang='grc' dir='ltr'>καὶ</span> <span class='ocrx_word' id='word_1_773' title='bbox 1638 3146 1728 3190; x_wconf 86' lang='grc' dir='ltr'>τίνος</span> <span class='ocrx_word' id='word_1_774' title='bbox 1747 3145 1859 3184; x_wconf 81' lang='grc' dir='ltr'>ἕνεκεν</span> <span class='ocrx_word' id='word_1_775' title='bbox 1881 3145 1984 3197; x_wconf 76' lang='grc' dir='ltr'>ἀγρὸν</span> <span class='ocrx_word' id='word_1_776' title='bbox 2004 3145 2121 3183; x_wconf 70' lang='grc' dir='ltr'>λαὸεῖν</span> <span class='ocrx_word' id='word_1_777' title='bbox 2143 3143 2346 3184; x_wconf 79' lang='grc' dir='ltr'>ἐσπούδασε.</span> 
     </span>
    </p>
   </div>
   <div class='ocr_carea' id='block_1_8' title="bbox 1384 3277 1699 3320">
    <p class='ocr_par' dir='ltr' id='par_1_9' title="bbox 1384 3277 1699 3320">
     <span class='ocr_line' id='line_1_104' title="bbox 1384 3277 1699 3320; baseline 0.003 -11"><span class='ocrx_word' id='word_1_778' title='bbox 1384 3279 1398 3302; x_wconf 68' lang='lat' dir='ltr'><strong>b</strong></span> <span class='ocrx_word' id='word_1_779' title='bbox 1415 3277 1475 3310; x_wconf 66' lang='lat' dir='ltr'><strong>Alli</strong></span> <span class='ocrx_word' id='word_1_780' title='bbox 1493 3283 1699 3320; x_wconf 58' lang='grc' dir='ltr'>αὐξανομένην.</span> 
     </span>
    </p>
   </div>
  </div>
 </body>
</html>
