2483 3791
305 191 390 235 132

351 287 387 323 4.
418 283 508 331 Quis
525 296 591 335 pro
610 283 785 334 dignitate
802 281 1038 320 admirabitur
1053 278 1250 317 communis

297 345 460 384 omnium
474 344 586 382 nostri
603 343 750 382 Domini
770 334 1047 380 lilieralitatem?
1063 341 1154 378 Cum
1170 338 1251 376 nul-

298 406 375 443 lum
393 405 512 442 adhuc
532 404 707 457 specimen
729 417 802 455 prae
820 416 856 440 se
871 402 977 439 ferret
996 399 1125 446 Adam,
1141 412 1252 449 quan-

713 202 751 232 S.

789 200 972 231 JOANMS
1007 198 1251 229 CHRYSOST.
1291 197 1497 228 ARCfflEP.
1535 195 1893 226 CONSTANTINOP-

1374 277 1439 320 Τίς
1463 276 1504 313 ἂν
1522 279 1601 314 κατ’
1623 276 1720 321 ἀξίαν
1749 277 1939 328 θαυμάσειε
1969 280 2029 314 τοῦ
2063 279 2177 314 κοινοῦ
2203 274 2344 313 πάντων

1321 337 1499 378 Δεσπότου
1521 335 1584 382 τὴν
1615 337 1836 388 φιλοτιμίαν,
1869 336 1979 375 Οὐδὲν
2011 336 2144 374 οὐδέπω
2171 335 2347 380 ἐπιδειξά-

1324 413 1426 448 μενον
1450 397 1563 444 πόσης
1586 397 1673 441 ἀξιοῖ
1690 400 1753 443 τῆς
1781 398 1996 450 εὐεργεσίας,
2014 396 2105 436 Οὐδὲ
2122 396 2190 448 γὰρ
2207 395 2240 440 ἐξ
2263 399 2348 447 ἡμι-

300 475 335 502 ta
349 465 519 502 beneficia
536 460 690 515 accepit!
705 463 828 512 Neque
847 461 941 499 enim
959 458 1186 497 dimidiatam
1198 458 1253 495 illi
1263 489 1310 515 ¹ss
1324 457 1420 500 σείας
1436 459 1530 510 αὐτῷ
1548 457 1613 504 τὴν
1634 458 1826 496 ἀπόλαυσιν
1842 458 1981 505 ἔδωκεν,
2001 457 2077 497 οὐδὲ
2092 461 2162 495 τῶν
2176 456 2347 494 πλειόνων

299 524 397 562 dedit
416 538 534 562 rerum
554 523 772 570 fruitionem,
792 534 903 571 neque
919 534 940 558 a
959 519 1124 572 pluribus
1142 519 1254 557 absti-
1274 528 1301 557 A

299 599 380 622 nere
392 584 555 636 jussit‚et
573 582 707 621 caeteris
721 581 792 619 frui
810 597 817 617 :
836 580 899 619 sed
911 580 1123 633 participem
1139 579 1253 618 omni-

302 659 363 682 um
392 657 471 694 quae
496 652 594 681 erant
613 642 649 680 in
678 641 843 695 paradiso
868 654 941 679 esse
964 640 1098 690 voluit5
1116 641 1163 679 ab
1182 654 1253 678 uno

299 705 373 742 solo
387 704 486 755 ligno
505 702 679 741 abstinere
693 702 876 755 praecepit,
891 710 1091 740 monstrans
1107 715 1145 738 re
1162 701 1252 753 ipsa,

299 765 433 802 nullius
450 764 599 802 alterius
615 763 728 815 gratia
740 764 808 801 hoc
822 763 938 815 ipsum
953 776 990 800 se
1003 763 1130 810 facere,
1146 776 1254 813 quam

300 835 339 863 ut
364 834 545 863 tantorum
571 825 827 863 beneficiorum
863 833 1043 862 auctorem
1065 836 1255 875 agnoscere

300 887 407 924 homo
435 896 561 938 posset.
581 886 629 924 Et
658 885 841 924 considera
863 899 944 923 cum
969 885 1050 922 aliis
1068 884 1176 922 etiam
1195 883 1255 921 hic

299 948 494 985 bonitatem
522 947 604 997 Dei,
624 957 755 998 quanto
778 946 912 984 honore
936 946 1042 984 etiam
1069 945 1255 983 mulierem

301 1008 540 1060 prosequitur,
554 1021 632 1059 quae
648 1021 693 1044 ex
705 1007 768 1044 illo
783 1005 967 1044 formanda
982 1015 1067 1044 erat.
1086 1004 1255 1043 Nondum

301 1083 340 1106 ea
359 1068 455 1106 enim
480 1068 669 1119 producta,
691 1067 794 1117 quasi
813 1066 957 1117 utrique
977 1065 1177 1115 mandaret,
1200 1065 1256 1102 di-

300 1128 400 1165 cebat
417 1143 424 1163 :
439 1129 500 1165 Ne
519 1129 761 1165 comederitis
784 1142 832 1165 ex
846 1139 889 1164 eo
910 1142 920 1162 :
938 1135 984 1175 et,
1008 1127 1256 1177 Quocumque

301 1189 364 1226 die
388 1189 644 1235 comederitis,
669 1196 789 1225 morte
815 1189 1033 1224 moriemini
1047 1202 1058 1223 .·
1073 1186 1255 1224 declarans

295 1249 371 1300 jam
398 1248 482 1286 inde
506 1249 552 1286 ab
575 1248 677 1286 initio
700 1262 812 1286 unum
840 1261 915 1285 esse
929 1247 1049 1286 virum
1073 1257 1107 1285 et
1130 1247 1257 1285 mulie-
1276 1249 1301 1278 B

100 1306 207 1375 547¹&-
235 1307 262 1335 5·
298 1323 392 1358 rem,
416 1309 508 1346 sicut
539 1317 571 1346 et
604 1308 737 1346 Paulus
768 1308 1050 1360 iuquit:Caput
1084 1309 1257 1347 mulieris

302 1373 378 1408 vir.
402 1372 590 1422 Propterea
614 1384 696 1421 ergo
726 1369 827 1420 quasi
856 1369 998 1420 utrique
1027 1369 1198 1420 loquitur,
1217 1378 1257 1408 ut

297 1431 446 1483 posthac
473 1432 622 1469 formata
641 1445 686 1469 ex
716 1433 795 1469 viro
836 1430 1008 1481 muliere,
1039 1431 1256 1470 occasionem

303 1492 358 1529 illi
382 1492 538 1543 praeheat
553 1491 704 1530 docendi
718 1492 817 1530 illam
836 1492 948 1544 ipsius
962 1501 1154 1544 praecepta.
1175 1494 1258 1532 Jam

301 1552 375 1590 scio
405 1552 552 1603 quidem
580 1553 869 1604 vulgatissimam
892 1566 966 1591 esse
993 1552 1039 1591 de
1069 1553 1137 1592 hoc
1156 1553 1256 1606 ligno

301 1613 540 1664 quaestionem,
558 1621 591 1651 et
607 1614 739 1652 multos
753 1623 883 1652 temere
901 1614 1096 1665 loquentes,
1114 1615 1259 1667 culpam

301 1675 347 1712 ab
366 1675 510 1712 homine
525 1675 561 1712 in
579 1677 696 1713 Deum
714 1676 903 1713 transferre
922 1675 1002 1722 niti,
1020 1674 1259 1726 audacterque

303 1735 420 1773 dicere
440 1751 447 1771 z
466 1736 578 1787 Cujus
597 1736 646 1773 rei
663 1737 777 1786 gratia
799 1735 900 1774 dedit
920 1735 1143 1785 mandatum,
1165 1735 1261 1786 quod

304 1796 436 1833 sciebat
465 1795 645 1833 hominem
673 1796 1000 1847 transgressurum?
1028 1805 1063 1833 et
1091 1796 1220 1834 iterum
1251 1811 1258 1832 :

275 1885 279 1895 .
304 1858 424 1902 Quare
440 1856 546 1908 jussit
564 1856 704 1908 lignum
729 1857 807 1894 fieri
830 1857 866 1894 in
886 1856 1077 1909 paradiso?
1097 1865 1130 1894 et
1148 1857 1262 1894 multa

303 1917 375 1954 alia
393 1932 400 1951 z
416 1915 478 1953 sed
496 1930 540 1954 ne
563 1931 657 1954 nunc
682 1926 762 1955 ante
792 1926 932 1969 tempus
961 1917 1261 1969 praevaricationis
1283 1926 1307 1959 C

306 1976 494 2017 videamur
513 1977 676 2029 prosilire
695 1977 740 2015 ad
760 1992 799 2015 ea
819 1977 1028 2025 enarranda,
1048 1992 1163 2030 operae
1183 1992 1262 2031 pre-

307 2038 400 2076 tium
419 2047 482 2086 est,
503 2047 543 2075 ut
558 2052 622 2076 nos
641 2047 886 2091 exspectemus
900 2039 996 2077 beati
1010 2039 1123 2077 Mosis
1135 2053 1259 2077 narra-

307 2099 463 2137 tionem:
484 2107 524 2136 ut
552 2112 634 2136 cum
658 2099 704 2137 ad
729 2113 811 2137 eum
833 2099 953 2137 locum
979 2100 1258 2151 pervenerimus,

309 2158 516 2211 tempestive
540 2173 770 2209 quaecumque
803 2159 870 2196 Dei
897 2160 1013 2210 gratia
1043 2159 1196 2209 dederit,
1218 2158 1262 2196 de

310 2232 350 2257 ea
363 2232 401 2256 re
414 2218 583 2269 dicentes,
598 2233 724 2256 verum
742 2219 934 2270 Scripturae
947 2233 1089 2258 sensum
1107 2229 1264 2258 vestram

311 2280 500 2318 doceamus
521 2280 703 2318 caritatem
721 2297 729 2318 :
745 2295 814 2330 quo
832 2280 979 2319 scientes
997 2281 1264 2333 Scripturarum

311 2341 518 2391 veritatem,
542 2341 699 2379 debitam
726 2341 880 2380 Domino
911 2342 1062 2393 gloriam
1092 2343 1265 2393 offeratis,

314 2415 377 2439 nec
390 2416 430 2439 eo
447 2401 508 2452 qui
522 2402 681 2454 peccavit
693 2402 835 2450 omisso,
848 2402 991 2454 culpam
1006 2402 1178 2455 inculpati
1191 2405 1266 2441 Deo

316 2461 518 2514 imputetis;
528 2463 604 2514 jam
633 2471 764 2509 autem,
786 2462 816 2499 si
845 2462 945 2511 libet,
962 2463 1007 2500 de
1032 2464 1196 2515 praesenti
1220 2464 1268 2502 le-

317 2523 432 2561 ctione
459 2522 556 2573 quod
572 2523 732 2573 sequitur
747 2537 1014 2574 prosequamur.
1032 2522 1092 2562 18.
1127 2526 1181 2561 Et
1211 2525 1270 2561 di-

319 2586 392 2630 xit,
415 2583 542 2634 inquit,
562 2585 755 2621 Dominus
775 2585 882 2621 Deus
905 2599 915 2620 .-
936 2585 1026 2622 Non
1050 2594 1105 2623 est
1130 2587 1271 2623 bonum

323 2645 518 2682 hominem
547 2658 627 2683 esse
653 2645 791 2682 solum.
831 2643 922 2682 Ecce
951 2645 1081 2683 iterum
1108 2646 1273 2684 similiter

322 2705 431 2754 dixit,
448 2706 539 2744 sicut
554 2714 586 2742 et
604 2705 719 2757 prius,
733 2707 926 2744 Dominus
944 2707 1050 2744 Deus
1069 2721 1079 2742 .·
1097 2715 1136 2744 ut
1155 2707 1272 2746 animo

321 2765 416 2803 dicta
443 2766 653 2818 infigentes,
681 2781 723 2804 ne
748 2776 914 2818 putemus
940 2766 1062 2805 divina
1087 2768 1273 2820 Scriptura

323 2827 583 2878 praestantiores
606 2836 742 2864 nostras
758 2827 940 2878 opiniones
959 2841 1045 2866 esse.
1067 2829 1268 2880 Dixitque,

321 2886 387 2934 ait,
404 2888 596 2925 Dominus
616 2887 724 2925 Deus
744 2903 754 2922 :
773 2888 864 2924 Non
877 2896 932 2925 est
949 2889 1090 2925 bonum
1109 2902 1190 2926 esse
1203 2890 1273 2926 Ιιο-

324 2949 467 2985 minem
483 2948 619 2986 solum.
637 2947 842 2996 Considera,
862 2947 1040 2999 quomodo
1067 2962 1136 2986 non
1165 2958 1274 2987 cessat

324 3008 440 3046 bonus
469 3009 586 3056 Deus,
612 3007 673 3046 sed
699 3008 870 3046 beneficia
896 3008 1078 3046 beneficiis
1102 3009 1273 3058 cumulat,

324 3077 357 3106 et
376 3068 562 3106 abundans
584 3069 741 3107 bonitate
773 3069 869 3106 omni
896 3069 1029 3108 honore
1053 3069 1274 3109 circumdare

323 3128 402 3167 vult
418 3128 549 3166 animal
568 3128 634 3166 hoc
650 3129 784 3167 ratione
798 3129 1002 3181 praeditum,
1017 3139 1056 3168 ut
1073 3145 1142 3169 non
1158 3131 1274 3170 solum

367 3262 379 3277 ·
396 3251 473 3284 Post
492 3255 640 3284 ἐκέλευσεν
661 3251 730 3284 haec
744 3280 751 3293 ,
770 3262 828 3287 τῶν
845 3257 874 3287 δὲ
899 3258 1078 3297 λειπομένων
1093 3260 1170 3299 ἔχειν
1185 3261 1238 3294 τὴν
1253 3262 1329 3290 ἀπὸ·

1326 518 1543 572 ἀποσχέσθαι
1558 524 1573 540 ³
1586 518 1776 567 ἐκέλευσεν,
1792 523 1860 558 τῶν
1877 519 1913 558 δὲ
1940 519 2155 569 λειπομένων
2173 518 2266 570 ἔχειν
2282 517 2346 564 τὴν

1324 579 1516 618 ἀπόλαυσιν
1529 595 1538 602 ·
1558 579 1649 617 ἀλλὰ
1677 579 1818 617 πάντων
1836 583 1905 617 τῶν
1935 583 1970 618 ἐν
1989 582 2039 631 τῷ
2057 579 2261 631 παραδείσῳ
2282 594 2348 629 με-

1323 639 1438 692 τέχειν
1458 639 1559 678 αὐτὸν
1588 639 1785 691 βουληθεὶς,
1804 643 1864 678 τοῦ
1896 636 1970 683 ἑνὸς
1994 639 2095 684 ξύλου
2128 638 2234 689 μόνου
2258 641 2349 677 ἀπο-

1324 701 1470 753 σχέσθαι
1485 700 1717 753 προστάττει,
1740 700 1871 743 δεικνὺς
1887 700 1944 739 διὰ
1960 703 2029 739 τῶν
2047 699 2278 753 πραγμάτων,
2294 698 2348 737 ὅτι

1323 762 1457 804 οὐδενὸς
1483 761 1600 814 ἑτέρου
1628 763 1741 799 ἕνεκεν
1760 764 1862 799 τοῦτο
1881 761 2087 808 πεποίηκεν,
2110 762 2186 799 ἀλλ’
2214 760 2271 798 ἵνα
2287 760 2348 798 τὸν

1324 821 1433 860 αἴτιον
1462 821 1588 860 εἰδέναι
1618 822 1681 874 ἔχῃ
1715 824 1784 860 τῶν
1819 821 1990 861 τοσούτων
2026 824 2242 873 εὐεργεσιῶν.
2276 823 2349 860 Καὶ

1323 882 1446 921 σκόπει
1472 882 1561 933 μετὰ
1582 886 1651 920 τῶν
1681 884 1796 921 ἄλλων
1817 883 1875 921 καὶ
1903 885 2058 921 ἐντεῦθεν
2084 888 2144 921 τοῦ
2172 884 2265 921 Θεοῦ
2283 882 2346 929 τὴν

1324 943 1524 995 ἀγαθότητα
1534 974 1544 991 ,
1560 943 1623 995 ὅσῃ
1640 947 1683 995 τῇ
1708 946 1794 995 τιμῇ
1820 944 1991 996 κέχρηται
2009 943 2069 982 καὶ
2085 943 2165 994 περὶ
2180 943 2242 990 τὴν
2266 942 2349 992 μέλ-

1322 1006 1450 1042 λουσαν
1471 1004 1506 1048 ἐξ
1523 1006 1626 1042 αὐτοῦ
1643 1005 1916 1044 διαπλάττεσθαι
1934 1011 2093 1056 γυναῖκα.
2109 1002 2260 1043 Οὐδέπω
2280 1002 2349 1056 γὰρ

1325 1066 1430 1109 αὖτ’ἧς
1444 1065 1684 1117 παραχθείσης
1699 1096 1708 1113 ,
1724 1069 1771 1108 ὡς
1784 1067 1870 1117 πρὸς
1886 1065 2101 1118 ἀμφοτέρους
2126 1064 2190 1111 τὴν
2208 1064 2350 1111 ἐντολὴν

1324 1130 1477 1163 ποιεῖται
1495 1125 1606 1176 λέγων
1621 1141 1628 1148 ·
1650 1128 1702 1164 Οὐ
1724 1127 1871 1177 φάγεσθε
1893 1129 1954 1164 ἀπ’
1987 1129 2110 1173 αὐτοῦ,
2128 1126 2211 1172 καὶ,
2229 1119 2280 1180 ῗῌ
2309 1124 2350 1162 ἂν

1322 1184 1440 1237 ἡμέρα
1470 1186 1602 1238 φάγητε
1621 1215 1630 1231 ,
1650 1186 1787 1238 θανάτῳ
1813 1188 2058 1224 ἀποθανεῖσθε·
2080 1187 2192 1233 δηλῶν
2222 1187 2351 1224 ἄνωθεν

1325 1248 1384 1285 καὶ
1405 1246 1441 1291 ἐξ
1457 1249 1586 1299 ἀρχῆς,
1602 1245 1656 1284 ὅτι
1676 1245 1712 1284 ἕν
1735 1249 1820 1285 εἰσιν
1845 1246 1934 1300 ἀνὴρ
1958 1247 2020 1284 καὶ
2038 1245 2140 1298 γυνὴ,
2155 1245 2270 1290 καθὼς
2290 1247 2351 1284 καὶ

1324 1313 1342 1348 ὁ
1374 1308 1516 1352 Παῧλός
1542 1323 1643 1360 φησι·
1669 1308 1814 1360 Κεφαλὴ
1849 1311 1912 1354 τῆς
1947 1308 2105 1358 γυναικὸς
2125 1311 2142 1345 ὃ
2163 1308 2262 1360 ἀνήρ.
2282 1307 2351 1346 Διὰ

1324 1375 1426 1409 τοῦτο
1453 1369 1567 1407 τοίνυν
1603 1371 1649 1411 ὡς
1683 1370 1769 1421 πρὸς
1799 1368 2014 1421 ἀμφοτέρους
2045 1369 2262 1419 διαλέγεται,
2292 1368 2349 1405 ἵνα

1327 1430 1416 1482 μετὰ
1437 1430 1769 1479 ταῦτα-διαπλάσας
1788 1430 1821 1474 ἐξ
1842 1431 1946 1468 αὐτοῦ
1972 1429 2034 1476 τὴν
2054 1434 2223 1481 γυναῖκα,
2243 1431 2351 1480 ἀφορ-

1326 1491 1394 1542 μὰς
1415 1492 1507 1544 αὐτῷ
1527 1490 1696 1542 παράσχῃ
1721 1494 1780 1528 τοῦ
1799 1490 1967 1543 γνωρίσαι
1998 1492 2084 1540 αὐτῇ
2112 1490 2157 1527 τὰ
2185 1490 2267 1541 παρ’
2289 1491 2352 1528 αὖ·

1325 1555 1386 1591 τοῦ
1403 1550 1625 1590 ἐνταλθέντα.
1641 1552 1712 1590 Καὶ
1728 1545 1804 1590 οἶδα
1821 1551 1897 1602 μὲν,
1909 1551 1964 1589 ὅτι
1981 1549 2262 1604 πολυθρύλλητόν
2276 1552 2352 1589 ἐστι

1326 1617 1428 1652 τοῦτο
1446 1613 1485 1650 τὸ
1501 1612 1582 1664 περὶ
1600 1617 1660 1650 τοῦ
1682 1612 1782 1657 ξύλου
1807 1613 1948 1663 ζήτημα
1960 1643 1970 1660 ,
1987 1612 2046 1650 καὶ
2067 1611 2119 1650 ὅτι
2137 1611 2260 1650 πολλοὶ
2281 1614 2350 1649 τῶν

1328 1673 1634 1726 ἀπαραφυλάκτως
1658 1674 1899 1726 φθεγγομένων
1920 1674 1989 1712 ἀπὸ
2011 1678 2070 1712 τοῦ
2092 1673 2275 1725 ἀνθρώπου
2293 1673 2352 1711 ἐπὶ

1327 1735 1384 1773 τὸν
1404 1734 1494 1773 Θεὸν
1513 1734 1576 1781 τὴν
1598 1735 1712 1773 αἰτίαν
1733 1735 1895 1786 μετάγειν
1915 1737 2150 1787 ἐπιχειροῦσι,
2166 1734 2222 1772 καὶ
2241 1733 2353 1785 λέγειν

1329 1797 1505 1846 τολμῶσι·
1526 1795 1617 1838 τίνος
1645 1795 1713 1847 γὰρ
1734 1795 1846 1834 ἕνεκεν
1874 1796 1985 1833 ἐδίδου
2006 1797 2100 1847 αὐτῷ
2122 1793 2185 1840 τὴν
2212 1793 2354 1838 ἐντολὴν

1331 1855 1431 1899 εἰδὼς
1456 1855 1509 1894 ὅτι
1537 1856 1800 1908 παροιδήσει-ας
1831 1856 1891 1894 καὶ
1921 1857 2038 1903 πάλιν,
2070 1854 2126 1893 διὰ
2158 1854 2192 1892 τί
2218 1854 2285 1906 γὰρ
2315 1854 2356 1892 τὸ

1333 1916 1429 1961 ξύλον
1460 1916 1650 1970 προσέταξε
1684 1917 1843 1968 γενέσθαι
1879 1920 1914 1956 ἐν
1950 1920 2000 1969 τῷ
2036 1916 2260 1968 παραδείσῳ;
2293 1914 2354 1953 καὶ

1333 1978 1447 2016 πολλὰ
1471 1979 1590 2032 ἕτερα·
1613 1980 1689 2016 ἀλλ’
1710 1977 1766 2015 ἵνα
1795 1978 1843 2029 μὴ
1876 1983 1933 2016 νῦν
1966 1979 2034 2030 πρὸ
2051 1982 2111 2016 τοῦ
2143 1980 2263 2030 καιροῦ
2292 1979 2355 2023 τ’ἧς

1592 2038 1644 2052 'xlv
1896 2040 1911 2053 ’,ῃ

1333 2039 1568 2090 παραέάσεως
1589 2055 1739 2089 οοςωμεν
1769 2046 1953 2093 προπηοᾷν
1975 2041 2022 2083 εἷς
2037 2039 2100 2085 τὴν
2119 2038 2199 2090 περὶ
2224 2036 2354 2075 τούτων

1333 2100 1507 2150 ἐξήγησιν,
1532 2102 1719 2150 ἀναγκαῖον
1737 2101 1920 2150 ἀναμεῖναι
1935 2100 1993 2137 καὶ
2013 2103 2106 2150 ἡμᾶς
2123 2099 2185 2145 τὴν
2207 2102 2266 2136 τοῦ
2287 2113 2357 2148 μα-

1334 2160 1455 2211 καρίου
1487 2159 1666 2203 Μωϋσέως
1687 2160 1860 2212 διήγησιν,
1879 2159 1922 2198 ἵν’
1955 2159 2064 2204 οὕτως
2091 2161 2137 2203 εἷς
2166 2159 2224 2196 τὸν
2251 2158 2356 2197 τόπον

1337 2221 1539 2274 ἀφικόμενοι
1563 2221 1750 2272 εὐκαίρως,
1769 2221 1857 2274 ἅπερ
1882 2221 1921 2258 ἂν
1938 2224 1959 2267 ἡ
1976 2225 2036 2259 τοῦ
2056 2222 2148 2259 Θεοῧ
2166 2220 2268 2273 χάρις
2290 2235 2356 2272 χο-

1340 2283 1492 2335 ρηγησῃ,
1526 2281 1633 2334 ι’περὶ
1666 2283 1788 2321 τούτου
1819 2284 2045 2330 κινήσαντες,
2072 2281 2263 2332 διδάξωμεν
2294 2280 2358 2328 τὴν

1338 2344 1508 2396 ὑμετέραν
1538 2344 1677 2395 ἀγάπην
1709 2344 1767 2381 τὸν
1797 2346 1909 2390 ἀληθῆ
1930 2347 1992 2390 τῆς
2020 2345 2162 2395 Γραφῆς
2192 2346 2290 2381 νοῦν·
2315 2342 2358 2380 ἵν’

1340 2404 1467 2448 εἰδότες
1493 2404 1555 2451 τὴν
1587 2405 1749 2450 ἀλήθειαν
1772 2407 1840 2442 τῶν
1869 2404 2174 2456 ἐγγεγραμμένων,
2206 2403 2264 2441 καὶ
2297 2402 2361 2449 τὴν

1340 2466 1584 2518 προσήκουσαν
1600 2465 1795 2516 δοξολογίαν
1814 2465 2009 2517 ἀναφέρητε
2028 2468 2076 2516 τῷ
2102 2466 2283 2516 Δεσπότῃ,
2303 2464 2363 2502 καὶ

1343 2526 1391 2576 μὴ
1419 2526 1668 2570 καταλιπόντες
1688 2527 1746 2565 τὸν
1769 2526 2022 2579 ἡμαρτηκότα,
2052 2527 2109 2565 ἐπὶ
2128 2527 2186 2565 τὸν
2209 2525 2361 2564 ἀναίτιον

1343 2588 1434 2625 Θεὸν
1453 2587 1515 2633 τὴν
1547 2587 1658 2625 αἰτίαν
1687 2589 1929 2640 μεταγάγητε·
1959 2587 2043 2629 τέως
2074 2587 2109 2624 δὲ
2139 2587 2196 2625 ἐπὶ
2215 2590 2275 2623 τοῦ
2293 2587 2366 2623 ’πα-

1346 2647 1477 2699 ρόντος,
1499 2651 1528 2686 εἰ
1545 2650 1638 2686 δοκεῖ
1654 2679 1663 2695 ,
1689 2649 1732 2686 τὰ
1755 2648 1832 2694 ἑξῆς
1848 2652 1906 2686 τοῦ
1927 2646 2198 2697 ἀναγνώσματος
2214 2646 2364 2684 ἐπέλθω-

1540 2702 1557 2710 ’.ι

1346 2723 1420 2756 μεν.
1441 2709 1510 2746 Καὶ
1527 2713 1622 2755 εἰπε,
1652 2709 1753 2760 φησὶ,
1778 2709 1904 2758 Κύριος
1923 2710 1940 2744 ὁ
1961 2708 2067 2752 Θεὸς,
2089 2709 2126 2744 οὖ
2144 2707 2249 2744 καλὸν
2277 2700 2364 2744 εἶναι

1344 2768 1401 2806 τὸν
1419 2768 1598 2820 ἄνθρωπον
1620 2769 1734 2818 μόνον.
1752 2768 1841 2806 Ἰδοὺ
1865 2768 1969 2806 πάλιν
1992 2767 2117 2817 ὁμοίως
2138 2761 2232 2814 εἶπε,
2257 2767 2365 2805 καθοί-

1344 2844 1409 2879 ττερ
1441 2829 1500 2865 καὶ
1532 2828 1712 2880 πρότερον,
1738 2828 1863 2879 Κύριος
1887 2831 1904 2865 ὁ
1934 2828 2023 2870 Θεὸς
2035 2858 2043 2874 ,
2065 2827 2120 2864 ἵνα
2149 2827 2365 2877 ἑμπῆξαντες

1343 2892 1445 2938 ἡμῶν
1460 2891 1502 2939 τῇ
1519 2889 1654 2942 διανοίᾳ
1670 2888 1714 2926 τὰ
1731 2889 1902 2940 λεγόμενα
1914 2919 1922 2934 ,
1939 2888 1987 2939 μὴ
2003 2889 2046 2925 τὰ
2068 2889 2136 2926 ἀπὸ
2153 2891 2220 2926 τῶν
2237 2891 2366 2939 ἀνθρω-

1345 2950 1453 2987 πίνων
1469 2951 1646 3000 λογισμῶν
1660 2952 1720 2994 τῆς
1734 2949 1826 2992 θείας
1842 2952 1981 3001 Γραφῆς
2001 2948 2195 3002 κυριώτερα
2213 2943 2299 2986 εἶναι
2314 2964 2368 2986 νο-

1347 3010 1513 3061 μίζωμεν.
1542 3009 1610 3047 Καὶ
1630 3004 1725 3058 εἷπε,
1745 3009 1861 3061 φησὶν,
1885 3010 2007 3061 Κύριος
2025 3012 2042 3046 ὁ
2061 3009 2150 3052 Θεός
2164 3040 2173 3056 ,
2196 3011 2233 3046 οὐ
2259 3008 2364 3047 καλὸν

1346 3065 1432 3108 εἶναι
1448 3072 1504 3109 τὸν
1524 3071 1703 3122 ἄνθρωπον
1726 3070 1841 3121 μόνον.
1866 3071 1998 3109 Σκόπει
2016 3072 2088 3113 πῶς
2107 3071 2173 3121 οὐχ
2190 3068 2331 3108 ἵσταται
2348 3072 2366 3108 ὁ

1348 3132 1473 3183 ἀγαθὸς
1488 3131 1575 3174 Θεὸς
1586 3160 1595 3178 ,
1612 3133 1686 3170 ἀλλ’
1704 3131 1898 3184 εὐεργεσίας
1914 3130 2123 3183 εὐεργεσίαις
2138 3130 2365 3182 προστίθησι,

1408 3255 1424 3279 b
1442 3255 1542 3287 Savit.
1561 3262 1594 3287 et
1609 3253 1735 3298 aliquot
1748 3255 1828 3288 Mss.
1847 3259 1914 3300 περὶ
1936 3258 2034 3289 τοῦτο.
2052 3251 2153 3285 Paulo
2171 3259 2246 3294 post
2264 3250 2365 3285 iidem

324 3309 435 3344 λαυσιν,
453 3301 590 3334 deerant
606 3303 638 3334 in
662 3303 793 3344 Murel„
812 3303 868 3336 sed
887 3305 1053 3339 habentur
1077 3308 1111 3340 in
1126 3306 1228 3342 Savil.
1246 3315 1278 3339 et
1295 3309 1326 3339 in
1364 3317 1420 3342 τῶν
1443 3312 1702 3351 ἐγγεγραμμένων.
1719 3306 1832 3340 Mor-el.
1850 3312 2074 3352 γεγραμμένων.
2095 3304 2187 3339 Infra
2212 3303 2313 3338 Savit.
2332 3312 2366 3336 et

322 3365 440 3388 uoxem
457 3354 534 3386 Mss.

1362 3360 1452 3403 Regii
1474 3357 1609 3402 quidam
1625 3365 1790 3401 'ueni-sna.
