2566 3791
788 167 830 196 ΙΝ
868 166 970 197 (ΞΑΡ.
1006 165 1072 195 lv.
1110 163 1268 194 GENES.
1304 163 1465 195 HOMIL.

170 254 235 306 γὰρ
256 254 361 292 πόσον
383 251 529 291 ἵπταται
560 254 619 290 τοῦ
639 249 787 302 αἳματος
814 249 935 288 τούτου
964 253 985 296 ἡ
1007 248 1103 301 φωνὴ
1117 278 1126 294 ,
1146 251 1192 291 ὡς

169 316 239 354 ἀπὸ
256 317 318 361 τῆς
336 318 400 367 γῆς
419 315 466 358 εἷς
483 313 541 352 τὸν
557 313 698 364 οὐρανὸν
711 311 925 357 ἀναῧαίνειν,
939 311 998 350 καὶ
1017 310 1191 363 παρατρέ-

168 392 244 429 χειν
259 376 316 415 τὸν
330 375 473 428 οὐρανὸν
492 379 552 414 τοῦ
571 375 729 428 οὐρανοῦ,
750 374 809 413 καὶ
831 373 892 417 τὰς
908 372 1070 424 ἀνωτέρω
1087 372 1192 410 δυνά-

168 453 258 488 μεις,
276 437 336 476 καὶ
356 439 439 490 παρ’
458 436 562 475 αὐτὸν
577 435 740 475 ἵστασθαι
756 436 813 474 τὸν
835 435 952 489 θρόνον
969 435 1026 473 τὸν
1052 435 1193 484 βασιλι-

167 498 245 543 κὸν,
265 498 324 538 καὶ
343 498 406 545 τὴν
435 497 498 545 σὴν
528 496 728 551 μιαιφονίαν
755 496 1031 548 ”άποδὺρεσοαι,
1055 494 1114 533 καὶ
1134 497 1195 540 τ’ἧς

169 559 310 604 ἀνοσίας
340 559 497 613 πράξεως
534 564 756 612 κατηγογεῖν.
794 558 905 605 Φωνὴ
949 556 1095 607 αἵματος
1136 558 1195 593 τοῦ

171 622 320 673 ἀδελφοῦ
339 636 399 660 σου
422 624 487 674 βοᾷ
504 621 590 674 πρὸς
610 620 652 671 μὲ
669 622 708 659 ἐκ
727 621 788 666 τῆς
807 621 883 671 γῆς.
902 617 963 665 Μὴ
980 617 1060 668 γὰρ,
1077 616 1194 669 φησὶν,

171 685 218 727 εἰς
239 682 330 727 ξένον
350 683 410 722 καὶ
438 683 619 736 ἀλλότριον
640 682 702 730 τὴν
727 679 949 733 παρανομίαν
971 677 1100 724 ταύτην
1126 679 1195 730 εἷρ-

171 745 288 796 γάσω;
311 746 371 790 Εἰς
386 746 443 784 τὸν
461 745 607 797 ἀδελφὸν
627 744 684 783 τὸν
705 743 777 788 σὸν,
790 742 848 781 τὸν
872 740 968 779 οὐδὲν
988 739 1194 786 ἠδικηκότα.

172 806 263 845 Ἀλλ’
284 806 366 850 ἴσως
379 810 400 852 ἡ
417 808 502 861 παρ’
523 809 608 856 ἐμοῦ
623 804 737 843 εὔνοια
759 804 816 842 τὸν
843 803 944 854 φόνον
962 803 1056 854 αὐτῷ
1078 805 1196 840 τοῦτον

170 868 287 915 ἔτεκε,
307 868 366 906 καὶ
387 867 436 918 μὴ
457 866 643 917 δυνάμενος
668 865 745 916 ἐμοὶ
774 864 970 916 μάχεσθαι,
991 863 1039 906 εἰς
1068 864 1195 901 ἐκεῖνον

170 928 228 967 τὸν
267 927 458 967 ἀκάθεκτον
488 927 595 977 θυμὸν
628 924 645 945 ¹’
663 925 885 970 ἐξεκένωσας.
915 923 983 962 Διά
1010 939 1062 962 τοι
1097 926 1198 962 τοῦτο

170 988 332 1036 τοιαύτην
350 988 468 1033 ἐπάξω
487 1003 541 1026 σοι
561 987 752 1040 τιμωρίαν,
772 989 819 1030 ὡς
841 985 928 1037 μηδὲ
955 984 1044 1037 λήθῃ
1076 1000 1197 1038 παρα.-

171 1051 311 1096 δοθῆναι
326 1049 365 1088 τὸ
385 1049 570 1100 τολμηθὲν,
587 1049 647 1090 καὶ
665 1048 727 1096 τὴν
749 1049 806 1087 διὰ
832 1052 932 1087 τοῦτο
952 1046 1196 1098 ἐπενεχθεῖσαν

170 1127 226 1151 σοι
254 1111 446 1164 τιμωρίαν,
470 1111 525 1149 ἰ’να
554 1110 599 1148 τὰ
628 1112 674 1154 εἰς
702 1109 738 1150 σὲ
762 1109 931 1162 γενόμενα
959 1108 1200 1161 σωφρονισμὸς

171 1173 315 1225 γένηται
346 1179 417 1216 τοῖς
445 1173 536 1224 μετὰ
567 1177 677 1212 ταῦτα
707 1172 830 1214 ἅπασι,
868 1171 939 1210 Καὶ
972 1175 1049 1218 νῦν,
1078 1169 1199 1216 ἐπειδὴ

173 1238 274 1274 τοῦτο
305 1234 468 1287 εἰργάσω,
499 1233 559 1273 καὶ
585 1236 633 1277 εἷς
661 1233 760 1284 ἔργον
779 1234 908 1285 ἤγαγες
934 1232 977 1271 τὰ
1006 1234 1122 1275 κακῶς
1147 1246 1201 1269 σοι

174 1295 342 1342 δόξαντα,
377 1295 437 1334 καὶ
471 1295 538 1334 ὑπὸ
569 1298 628 1333 τοῦ
655 1295 778 1347 φθόνου
812 1298 872 1332 τοῦ
904 1294 1035 1332 πολλοῦ
1069 1294 1116 1336 εἷς
1144 1293 1200 1330 τὸν

175 1357 276 1409 φόνον
294 1356 475 1409 ὥρμησας,
495 1355 777 1409 Ἐπικατάρατος
793 1354 834 1393 σὺ
850 1354 920 1394 ἀπὸ
938 1356 1000 1400 τῆς
1020 1354 1094 1405 γῆς.

229 1423 336 1476 Ὁρᾷς
354 1425 417 1469 τῆς
448 1422 602 1475 κατάρας
626 1422 690 1469 τὴν
722 1422 904 1475 διαφορὰν,
930 1421 1108 1473 ἀγαπητέ,
1140 1422 1202 1469 Μὴ

176 1486 296 1529 ἁπλῶς
313 1484 561 1538 παραδράμῃς,
582 1485 658 1523 ἀλλ’
676 1485 715 1522 ἐκ
742 1487 801 1522 τοῦ
819 1483 983 1535 μεγέθους
1003 1485 1064 1528 τῆς
1094 1483 1204 1522 κατά-

175 1561 237 1600 ρας
255 1545 362 1584 ἐννόει
384 1550 444 1584 τοῦ
469 1545 696 1597 τολμήματος
712 1544 774 1592 τὴν
792 1544 1002 1598 ὓπερίολήν.
1015 1543 1109 1582 ‘Kal
1133 1543 1204 1597 ὅσῳ
1224 1548 1249 1578 D

177 1610 292 1660 μεῖζον
308 1611 410 1646 τοῦτο
426 1608 466 1648 τὸ
480 1607 678 1660 ἁμάρτημα
697 1610 760 1654 τῆς
774 1607 1010 1659 παραὸάσεως
1029 1610 1088 1644 τοῦ
1109 1621 1205 1658 πρω-

176 1669 396 1716 τοπλάστου,
424 1672 463 1708 ἐκ
486 1671 547 1715 τῆς
568 1670 735 1722 διαφορᾶς
755 1671 818 1715 τῆς
837 1668 996 1722 κατάρας
1019 1667 1130 1713 ἔξεστι
1155 1670 1205 1720 τῷ

174 1730 376 1784 βουλομένῳ
393 1732 556 1769 συνιδεῖν.
579 1731 679 1770 Ἐκεῖ
699 1730 762 1780 μὲν
778 1730 847 1783 γάρ
865 1746 987 1782 φησιν,
1011 1729 1020 1740 ’
1038 1729 1206 1768 Ξπικατά-

179 1797 314 1846 ρατοςὴ
337 1796 379 1844 γῆ
401 1795 435 1832 ἐν
462 1797 533 1836 τοῖς
557 1792 670 1844 ἔργοις
690 1807 770 1839 σου,
790 1792 851 1829 καὶ
870 1791 928 1830 ἐπὶ
946 1791 1008 1838 τὴν
1027 1793 1094 1842 γ’ῆν
1115 1790 1130 1810 ¹¹
1143 1790 1206 1837 τὴν

178 1855 335 1907 κατάραν
351 1853 478 1906 ἐξέχεε,
494 1853 557 1900 τὴν
580 1853 790 1904 κηδεμονίαν
805 1852 868 1900 τὴν
890 1852 970 1905 περὶ
989 1853 1047 1891 τὸν
1068 1853 1207 1905 ἅνθρω-

180 1931 243 1954 πον
260 1914 540 1965 ἐπιδεικνύμενος
553 1930 560 1937 ·
581 1915 730 1952 ἐνταῦθα
745 1915 782 1952 δὲ
808 1913 928 1960 ἐπειδὴ
947 1916 967 1960 ἡ
988 1912 1111 1966 πρᾶξις
1129 1915 1207 1952 ὀλε-

180 1976 274 2027 θρία,
296 1976 355 2014 καὶ
373 1975 412 2014 τὸ
428 1975 597 2026 τόλμημα
619 1975 822 2027 παράνομον
834 2005 843 2022 ,
859 1975 919 2014 καὶ
933 1974 972 2012 τὸ
992 1974 1207 2028 ἐπιχείρημα

182 2037 439 2089 ἀσύγγνωστον,
461 2037 561 2081 αὐτὸς
575 2036 639 2083 τὴν
660 2037 816 2089 κατάραν
832 2035 970 2088 δέχεται
989 2052 995 2058 ·
1014 2035 1208 2076 Ἐπικατά-

182 2114 283 2150 ρατος
309 2099 389 2150 γὰρ,
420 2098 518 2151 φησὶ,
537 2097 579 2139 σὺ
607 2098 677 2137 ἀπὸ
694 2101 757 2145 τῆς
787 2100 861 2149 γῆς.
891 2096 1040 2145 Ἐπειδὴ
1071 2096 1138 2149 γὰρ
1164 2096 1208 2135 τὰ

181 2161 269 2199 αὐτὰ
297 2161 422 2212 σχεδὸν
451 2162 501 2212 τῷ
535 2159 611 2211 ὄφει
645 2159 854 2212 εἰργάσατο,
885 2158 1045 2210 καθάπερ
1071 2157 1207 2210 ὀργάνῳ

179 2221 478 2276 ὑπηρετησαμένῳ
497 2224 540 2273 τῇ
557 2226 617 2260 τοῦ
633 2220 795 2260 διαὸόλου
814 2219 954 2273 γνώμῃ,
970 2220 1029 2259 καὶ
1049 2221 1209 2273 καθάπερ

179 2287 306 2328 ἐκεῖνος
334 2283 392 2322 διὰ
416 2286 478 2331 τῆς
509 2283 646 2331 ἀπάτης
680 2283 744 2331 τὴν
773 2283 969 2331 θνητότητα
999 2283 1183 2336 εἰσήγαγεν
1200 2300 1207 2307 ·

178 2343 270 2385 οὕτω
294 2345 354 2384 καὶ
388 2339 485 2388 οὗτος
514 2345 698 2393 ἀπατήσας
717 2345 774 2384 τὸν
805 2345 972 2397 ἀδελφὸν,
1001 2345 1061 2383 καὶ
1089 2347 1138 2388 εἰς
1170 2346 1210 2384 τὸ

180 2407 296 2446 πεδίον
319 2406 495 2460 ἐξαγαγὼν
507 2436 517 2453 ,
536 2406 599 2454 τὴν
619 2406 732 2451 δεξιὰν
749 2405 884 2445 ὥπλισε
900 2407 979 2445 κατ’
1002 2409 1124 2455 αὐτοῦ,
1149 2407 1209 2446 καὶ

182 2468 239 2506 τὸν
259 2468 359 2520 φόνον
377 2468 577 2521 εἰργάσατο.
595 2467 666 2506 Διὰ
678 2472 779 2507 τοῦτο
794 2466 915 2521 ὥσπερ
933 2467 1055 2520 ἐκείνῳ
1072 2468 1207 2519 ἔλεγεν·

183 2529 464 2582 Ἐπικατάρατος
482 2528 524 2568 σὺ
545 2529 616 2568 ἀπὸ
630 2529 770 2569 πάντων
796 2532 865 2568 τῶν
885 2529 1014 2583 θηρίων
1036 2533 1099 2577 τῆς
1123 2533 1186 2582 γῆς
1201 2546 1208 2553 ·

181 2589 273 2630 οὕτω
291 2592 351 2630 καὶ
368 2590 494 2644 τούτῳ,
522 2591 642 2637 ἐπειδὴ
671 2590 717 2629 τὰ
740 2590 827 2631 αὐτὰ
856 2592 977 2643 ἐκείνῳ
1007 2592 1207 2645 εἰργάσατο.

182 2653 322 2706 ’Ὠσπερ
336 2653 405 2708 γὰρ
419 2657 438 2692 ὁ
453 2653 613 2698 διάὸολος
636 2653 703 2693 ὑπὸ
721 2653 845 2706 φθόνου
865 2654 925 2692 καὶ
941 2654 1135 2706 βασκανίας
1150 2670 1209 2693 κι-

182 2715 362 2767 νούμενος,
386 2715 446 2755 καὶ
467 2717 506 2756 οὗ
530 2715 642 2770 φέρων
661 2714 724 2760 τὰς
747 2715 898 2769 ἀφάτους
920 2715 1121 2768 εὐεργεσίας
1146 2716 1210 2760 τὰς

184 2779 231 2822 εἷς
245 2778 304 2817 τὸν
321 2779 502 2831 ἄνθρωπον
518 2777 753 2831 γεγενημένας
769 2777 804 2823 ἐξ
824 2781 938 2832 ἀρχῆς
959 2778 1018 2817 καὶ
1039 2781 1078 2817 ἐκ
1093 2794 1210 2832 προοι-

186 2901 244 2940 τὸν
261 2901 405 2941 θάνατον
425 2901 630 2953 εἰσάγουσαν
644 2917 652 2924 ·
672 2901 764 2941 οὕτω
791 2902 852 2940 καὶ
873 2897 971 2946 οὗτος
998 2902 1210 2953 θεασάμενος

185 2963 344 3007 εὖνοῖκῶς
362 2962 420 3001 τὸν
436 2962 617 3010 Δεσπότην
636 2962 721 3018 πρὸς
735 2963 794 3002 τὸν
811 2964 957 3017 ἀδελφὸν
979 2963 1209 3015 διακείμενον,

185 3024 333 3063 ἀπὸτοῦ
352 3024 552 3076 φθόνουέπὶ
568 3025 625 3064 τὸν
645 3025 745 3080 φόνον
764 3025 922 3080 ὥρμησε.
943 3025 1008 3064 Διό
1022 3041 1107 3078 φησι
1121 3027 1208 3077 πρὸς

185 3086 288 3125 αὐτόν
305 3102 313 3110 ·
334 3086 617 3139 Ἰἰπικατάρατος
635 3086 678 3126 σὺ
699 3087 768 3128 ἀπὸ
783 3091 846 3135 τῆς
864 3090 938 3140 γῆς.
956 3088 1208 3140 Κατηραμένος

187 3148 268 3199 ἔσῃ,
300 3149 401 3199 φησι,
433 3149 493 3186 καὶ
525 3149 612 3199 αὐτῇ
649 3151 692 3201 τῇ
722 3152 766 3201 γῆ
794 3148 907 3201 ἐκείνῃ
921 3180 930 3196 ,
959 3149 1009 3187 Ἣ
1038 3149 1140 3201 ἔχανε
1170 3151 1209 3189 τὸ

233 3263 245 3277 ·
261 3253 362 3286 Savil.
380 3261 413 3286 et
429 3254 508 3298 Reg.
528 3265 610 3286 unus
624 3258 841 3301 ἀποῦὺρασθαι.

236 3308 250 3329 i·
268 3307 340 3339 Duo
354 3307 430 3341 Μῦς.
447 3313 588 3346 ἐκένωσας

234 3369 245 3379 r
267 3359 336 3390 Duo
351 3359 425 3391 les.
439 3364 486 3394 καὶ
502 3366 546 3395 ἔτι
563 3366 628 3395 ὅπου
643 3366 749 3403 μί’ζὌ·

185 2839 273 2889 μίων
284 2868 295 2887 ,
315 2841 384 2878 ἀπὸ
408 2843 468 2879 τοῦ
484 2839 608 2892 φθόνου
626 2840 685 2878 ἐπὶ
702 2838 766 2887 τὴν
786 2841 927 2887 ἀπάτην
945 2839 1092 2893 ὥρμησε
1107 2846 1121 2862 ³
1146 2840 1208 2888 τὴν
1219 2817 1266 2882 ¹le

1503 164 1596 194 xlx.
2133 148 2220 212 19⁷»

1265 261 1449 299 quousque
1470 247 1567 287 volat
1594 261 1667 285 vox
1696 248 1879 296 sanguinis
1904 248 2025 299 liujus,
2047 261 2156 299 usque
2186 250 2219 286 iu

1265 309 1390 361 eaelqm
1410 324 1430 348 a
1445 318 1536 348 terra
1552 308 1726 356 ascendit,
1745 318 1775 345 et
1794 317 2064 360 praetr-rrurrens
2081 310 2221 353 cti-luni,

1267 370 1424 422 rwloque
1445 370 1642 424 superiores
1662 370 1811 408 virtutes
1824 400 1834 416 ,
1858 370 1952 419 regio
1969 370 2058 407 solio
2077 370 2222 413 assistit,

1267 440 1300 468 et
1318 440 1418 470 tuum
1440 431 1602 484 deplorat
1626 430 1877 477 homicidium,
1898 445 1938 469 :nc
1961 430 2132 469 nefarium
2154 431 2221 468 luu-

1265 494 1379 532 scotus
1392 503 1543 533 accusat.
1556 495 1578 530 l
1585 495 1639 531 ἀι’
1649 494 1997 547 sanguinisfi·atr1's
2007 495 2063 530 tui
2074 493 2221 531 clamat

1268 555 1322 591 ml
1347 568 1407 593 me
1432 557 1480 593 de
1511 563 1626 594 terra.
1648 556 1758 602 Num,
1776 554 1907 606 inquit,
1946 554 1980 592 in
2017 553 2172 592 alienum
2191 566 2224 593 ‹·t

1269 615 1443 669 hospitem
1466 615 1690 666 iniquitatem
1712 616 1803 654 hanc
1823 615 1998 669 patrasti?
2020 616 2056 654 ln
2077 617 2223 655 fratrem

1269 685 1382 726 tuum,
1403 677 1506 715 illum
1523 677 1585 727 qui
1602 677 1698 715 nulla
1723 687 1755 716 te
1771 678 1901 729 injuria
1922 678 2097 727 affecerat,
2121 679 2223 717 saevi-

1267 737 1339 775 isti.
1357 738 1429 776 sed
1445 739 1534 776 t'urtc
1548 738 1796 777 benevolentia
1816 754 1892 777 inea
1911 740 2001 778 lianc
2021 740 2073 778 illi
2093 739 2225 778 caedem

1267 799 1416 851 peperit,
1435 808 1468 837 ct
1494 814 1577 838 cum
1594 813 1662 837 non
1684 814 1802 852 posses
1832 815 1969 839 mecum
1992 816 2166 854 pugnare,
2191 804 2227 840 iu

1268 861 1371 900 illum
1393 861 1554 900 effudisti
1590 861 1746 900 furorem
1773 871 1875 900 tuum
1903 862 2130 902 indomitum.
2158 864 2227 902 lia-

1268 932 1414 977 propter
1446 923 1551 961 talem
1585 923 1653 961 tibi
1683 936 1825 975 poenanl
1859 923 2021 971 inseram,
2048 934 2086 962 ut
2108 926 2229 964 audax

1269 985 1367 1023 istud
1385 985 1523 1024 facinus
1545 985 1722 1024 oblivioni
1743 985 1835 1024 tradi
1857 999 1925 1024 non
1943 986 2076 1039 possit,
2097 997 2130 1026 et
2149 1002 2227 1039 qua·

1270 1047 1306 1085 in
1335 1056 1367 1085 te
1386 1047 1491 1096 fiunt,
1504 1046 1674 1085 omnibus
1698 1046 1845 1100 posthac
1863 1047 2065 1099 sequuturis
2081 1049 2231 1101 castiga-

1273 1113 1320 1151 tio
1336 1122 1368 1152 ct
1389 1113 1587 1152 admonitio
1609 1113 1691 1152 sint.
1708 1115 1762 1152 Et
1784 1127 1899 1161 nunc,
1919 1115 2003 1165 quia
2022 1115 2088 1154 hoc
2103 1117 2230 1160 fec-isti,

1272 1184 1307 1213 et
1326 1175 1458 1214 malam
1476 1175 1700 1214 voluntatem
1719 1174 1765 1214 ad
1783 1175 1949 1214 effectum
1969 1176 2152 1216 deduxisti
2170 1207 2179 1223 ‚
2199 1189 2232 1216 et

1274 1250 1336 1288 per
1352 1236 1528 1276 invidiam
1543 1236 1674 1276 caedem
1694 1238 1919 1283 commisisti.
1937 1239 2175 1277 Maledictus
2192 1248 2232 1277 ιιι

1274 1299 1322 1335 de
1341 1307 1455 1336 terra.

1328 1424 1368 1460 5.
1391 1423 1505 1463 Vides
1526 1423 1786 1463 maledictionis
1800 1424 2059 1472 differentiam,
2079 1426 2236 1465 dilecte?

1278 1485 1331 1522 Ne
1345 1484 1457 1537 igitur
1478 1485 1784 1524 inconsideranter
1805 1486 1889 1525 hinc
1909 1496 2066 1526 transeas
2083 1518 2094 1538 ,
2113 1488 2174 1526 sed
2193 1503 2237 1526 ex

1277 1546 1461 1585 maledicti
1481 1547 1729 1600 magnitudine
1749 1547 1881 1600 flagitii
1901 1549 2161 1588 immanitatem
2176 1564 2239 1588 ex-

1277 1608 1401 1661 pende.
1429 1610 1522 1648 Nam
1558 1619 1690 1661 quanto
1723 1611 1838 1663 majus
1875 1611 1921 1649 sit
1954 1621 2139 1664 peccatum
2173 1612 2239 1649 lio«-

1277 1671 1571 1723 praevaricatione
1589 1671 1698 1724 primi
1718 1672 1896 1720 hominis,
1915 1687 1961 1711 ex
1978 1674 2240 1712 maledictionis

1279 1731 1452 1771 varietate
1481 1732 1572 1770 scire
1593 1733 1726 1771 volenti
1762 1734 1860 1772 licet.
1884 1734 1963 1772 lllic
1983 1735 2078 1774 enim
2101 1736 2239 1787 inquit:

1282 1794 1504 1831 Maledicta
1525 1802 1630 1831 terra
1647 1797 1689 1831 in
1705 1797 1883 1845 operibus
1896 1798 1971 1834 tuis
1987 1812 1998 1832 .·
2013 1806 2047 1834 et
2072 1811 2095 1835 n
2109 1805 2238 1836 terram

1277 1855 1392 1893 effusa
1411 1864 1463 1893 est
1489 1855 1705 1905 maledictio,
1733 1865 1872 1894 ostensa
1900 1872 1963 1896 sua
1995 1859 2031 1896 in
2058 1859 2240 1898 hominem

1279 1929 1387 1954 cura:
1409 1916 1468 1954 hic
1490 1931 1576 1955 vero
1597 1917 1682 1968 quia
1701 1931 1791 1970 opus
1811 1919 2077 1970 perniciosum,
2104 1921 2240 1960 facinus

1280 1978 1458 2028 iniquum,
1477 1987 1511 2016 et
1535 1978 1752 2031 inexpiabile
1767 1980 1964 2031 flagitium,
1989 1982 2066 2036 ipse
2086 1983 2238 2022 maledi-

1281 2048 1378 2077 ctum
1397 2039 1531 2092 excipit
1548 2042 1632 2078 :tr
1650 2042 1703 2078 Ec
1722 2054 1827 2079 nunc
1840 2043 2086 2095 maledictus,
2109 2044 2241 2096 inquit,

1282 2109 1322 2138 tu
1344 2102 1391 2139 de
1408 2109 1522 2139 terra.
1541 2102 1632 2139 Nam
1651 2101 1737 2152 quia
1755 2103 1866 2141 ferme
1890 2103 2013 2142 eadem
2051 2105 2124 2157 egit
2159 2120 2240 2157 qua¹

1282 2177 1437 2216 serpens,
1453 2172 1487 2200 et
1506 2163 1609 2215 quasi
1627 2178 1803 2216 organum
1824 2165 1975 2204 servivit
1998 2166 2136 2206 diaboli
2162 2182 2240 2207 sen-

1282 2224 1416 2274 tentiae,
1433 2233 1467 2263 et
1479 2224 1572 2263 sicut
1585 2226 1645 2263 ille
1657 2225 1782 2264 fraude
1802 2227 2056 2266 mortalitatem
2074 2229 2238 2269 introdu-

1282 2286 1360 2324 xit:
1377 2287 1429 2325 sic
1454 2296 1487 2325 et
1507 2287 1566 2325 hic
1587 2286 1778 2341 deceptum
1801 2289 1947 2328 fratrem
1965 2299 1999 2328 et
2018 2291 2054 2328 in
2075 2305 2241 2344 campum

1282 2347 1454 2387 eductum
1472 2358 1608 2387 armata
1620 2349 1655 2387 in
1676 2349 1781 2388 illum
1796 2364 1904 2388 manu
1915 2351 2056 2390 occidit.
2068 2352 2240 2405 Propter-

1282 2424 1321 2448 ea
1341 2410 1432 2449 sieut
1453 2410 1506 2448 illi
1527 2410 1637 2457 dixit,
1663 2412 1903 2450 ,Maledictus
1925 2421 1965 2451 tu
1986 2416 2088 2452 inter
2107 2427 2239 2453 omnes

1284 2474 1427 2510 bestias
1448 2481 1583 2510 terrae:
1607 2473 1657 2510 sic
1675 2481 1710 2510 et
1728 2472 1828 2520 huic,
1851 2474 1914 2525 qui
1930 2474 2053 2512 eadem
2078 2489 2156 2525 qua:
2179 2476 2239 2514 illc

1283 2542 1450 2586 operatus
1475 2533 1556 2571 fuit.
1576 2534 1669 2572 Nam
1698 2533 1790 2572 sicut
1812 2533 1980 2573 diabolus
2000 2566 2009 2582 ‚
2032 2536 2114 2574 odio
2131 2545 2164 2575 et
2185 2537 2239 2575 in-

1283 2595 1381 2635 vidia
1399 2605 1529 2643 motus,
1547 2609 1615 2633 non
1633 2596 1748 2634 serens
1765 2605 1816 2634 tot
1839 2597 2034 2635 ineffabilia
2051 2598 2238 2642 beneficia,

1281 2672 1359 2708 quae
1376 2657 1412 2696 in
1431 2657 1611 2696 hominem
1631 2656 1677 2695 ab
1705 2657 1806 2695 initio
1826 2657 1954 2695 collata
1971 2667 2053 2696 sunt
2067 2688 2076 2703 ,
2104 2659 2238 2698 invidia

1282 2719 1329 2758 ad
1349 2719 1595 2772 deceptionem
1621 2718 1874 2757 exstimulatus
1896 2728 1963 2767 est,
1987 2734 2066 2770 quae
2089 2730 2238 2760 mortem

1282 2781 1467 2820 induceret
1488 2797 1495 2817 :
1513 2781 1560 2818 ita
1581 2789 1614 2818 ct
1636 2779 1693 2817 hic
1714 2779 1778 2818 Dei
1792 2794 1873 2832 erga
1891 2780 2036 2818 fratrem
2054 2795 2159 2820 suum
2179 2782 2239 2820 be-

1284 2843 1521 2882 nevolentiam
1537 2855 1704 2893 magnam
1727 2841 1875 2891 videns,
1892 2855 1936 2880 ex
1951 2842 2089 2881 invidia
2103 2843 2149 2881 ad
2168 2843 2238 2882 lio-

1283 2906 1470 2948 micidium
1493 2904 1659 2957 prosiliit.
1678 2903 1815 2941 Idcirco
1837 2903 1927 2942 dicit
1959 2904 2037 2943 illi:
2060 2906 2112 2944 Et
2136 2920 2238 2944 nunc

1283 2969 1514 3006 maledictus
1543 2976 1584 3004 tu
1613 2967 1660 3003 tle
1682 2974 1796 3004 terra.
1825 2965 2064 3014 Maledictus,
2099 2967 2235 3019 inquit,

1282 3030 1368 3079 cris,
1394 3039 1427 3067 et
1447 3038 1549 3067 terrae
1572 3027 1641 3074 illi,
1675 3028 1768 3078 Quoe
1793 3031 1945 3080 aperuit
1968 3042 2010 3066 os
2039 3042 2163 3074 suum,
2196 3037 2237 3066 ut

1285 3094 1512 3143 sanguinem
1527 3091 1668 3140 fratris
1683 3091 1740 3127 tui
1754 3090 1802 3127 de
1818 3103 1936 3128 manu
1952 3098 2018 3128 tua
2034 3093 2236 3142 e-rciperel.

1289 3150 1333 3187 lit
1355 3160 1455 3187 terrm
1479 3148 1544 3197 itti,
1564 3147 1695 3198 inquit,
1721 3147 1790 3185 eris
1815 3148 2045 3188 maledirtus.
2066 3163 2144 3200 qum
2165 3164 2241 3187 sus·-

1276 3257 1290 3280 d
1309 3256 1403 3287 (1011).
1417 3267 1497 3286 uuus
1518 3262 1567 3292 τὴν
1584 3260 1719 3301 κατάραν
1735 3259 1867 3294 ἐξέτεινε.

1274 3320 1284 3333 ¹
1307 3311 1384 3344 llvg,
1403 3320 1485 3339 :uuis
1502 3316 1533 3338 νι,
1551 3307 1651 3340 Sztvil.
1675 3315 1726 3347 τήν
1744 3313 1788 3341 ἐπὶ
1809 3323 1856 3342 τοι
1874 3313 2010 3342 θάλαττα,

2018 3411 2075 3455 ¹31·

2259 1802 2333 1828 Ceu.
2352 1802 2378 1825 Ἰ.

2256 2421 2329 2447 (lent.
2349 2420 2374 2447 Ἰ,
