2516 3791
697 173 741 203 IN
777 174 878 204 CM).
919 174 981 204 VI.
1019 173 1182 204 GENES.
1221 173 1382 205 IIOMIL.

106 253 222 305 οὗτος,
239 258 288 309 μὴ
312 256 381 310 γὰρ
404 257 524 308 καιρὸν
547 256 732 299 ἐπιθέσεως
754 256 942 305 κέκτηται;
964 256 1121 295 Πάντοτε

104 319 221 371 νήφειν
243 317 302 356 καὶ
324 316 547 370 ἐγρηγορέναι
568 316 640 361 δεῖ,
667 317 726 354 καὶ
758 317 932 367 μηδέποτε
959 319 994 355 ἐν
1024 318 1124 372 ἀδείᾳ

104 373 211 417 εἶναι·
239 377 314 417 ἐπεὶ
341 376 430 429 μηδέ
450 379 524 416 ἐστι
542 376 660 428 καιρὸς
685 377 877 429 ὡρισμένος
897 380 959 424 τῆς
978 382 1038 416 τοῦ
1058 395 1122 417 πο·

101 441 284 491 λεμοῦντος
306 438 392 477 ’καὶ
421 437 690 489 ἐπεμὸαίνοντος
716 441 801 488 ἡμῖν
826 438 1026 482 ἐπιθέσεως.
1055 438 1122 477 Ἀεὶ

99 499 212 538 τοίνυν
227 498 475 551 φροντίζωμεν,
498 497 551 536 ἀεὶ
581 502 806 550 μεριμνῶμεν
830 498 911 551 περὶ
927 501 988 544 τῆς
1007 515 1120 545 σωτη-

99 558 175 611 ρίας
196 561 259 605 τῆς
284 558 480 611 ἡμετέρας,
509 557 566 596 ἵνα
592 558 683 597 οὕτω
711 559 913 609 δυνηθῶμεν
942 559 1001 596 καὶ
1022 559 1120 597 αὐτοὶ

98 619 269 658 ἀνάλωτοι
287 625 422 670 μεῖναι,
438 618 569 662 καὶτὰς
583 618 680 671 παρὰ
699 622 759 657 τοῦ
774 617 941 669 πολεμίου
960 618 1120 670 μηχανὰς

99 679 318 731 διαφυγόντες
336 683 399 726 τῆς
417 678 513 732 παρὰ
531 683 590 717 τοῦ
618 682 710 717 Θεοῦ
741 677 999 731 φιλανθρωπίας
1017 677 1119 721 ἀξιω-

100 741 229 788 θῶμεν,
250 739 368 791 χάριτι
389 739 447 778 καὶ
467 742 659 791 οἷκτιρμοῖς
679 743 739 776 τοῦ
758 740 971 789 Μονογενοῦς
993 738 1118 782 αὐτοῦ,

101 799 177 849 μεθ’
197 793 236 837 οὗ
250 802 300 852 τῷ
319 799 435 851 Πατρὶ
454 798 527 849 ἅμα
541 802 591 852 τῷ
613 798 701 851 ἁγίῳ
716 797 896 847 Πνεύματι
915 796 1015 842 δόξα,
1033 796 1118 848 κρά-

97 874 171 905 τος,
193 859 278 909 τιμὴ
294 887 303 904 ,
323 863 380 897 νῦν
396 859 455 897 καὶ
476 859 549 905 ἀεὶ,
567 858 625 896 καὶ
645 861 694 901 εἰς
712 856 790 901 τοὺς
805 859 932 900 αἰῶνας
951 859 1019 894 τῶν
1036 856 1116 894 αἰώ-

98 935 177 957 νων.
199 918 319 968 Ἀμήν.

468 1052 645 1089 omnm
679 1051 746 1104 κγ’.

98 1175 177 1211 Νῶε
199 1173 234 1212 δὲ
255 1168 331 1227 εἶρε
355 1173 458 1227 χάριν
473 1174 625 1212 ἐναντίον
647 1173 778 1226 Κυρίου
801 1178 860 1212 τοῦ
878 1175 983 1213 Θεοῦ.
1004 1170 1117 1213 Αῧται

148 1234 184 1273 δὲ
203 1238 238 1273 αἱ
254 1234 402 1285 γενέσεις
418 1235 508 1272 Νῶε.
528 1237 608 1273 Νῶε
625 1235 804 1287 ἄνθρωπος
822 1234 952 1279 δίκαιος
965 1266 974 1283 ,
990 1235 1118 1279 τέλειος

148 1295 194 1333 ὢν
224 1297 258 1334 ἐν
282 1299 325 1349 τῇ
345 1303 446 1350 γενεᾷ
470 1298 592 1335 αὐτοῦ·
616 1298 667 1349 τῷ
686 1298 769 1350 Θεῷ
789 1296 1001 1350 εὐηρέστησε
1024 1299 1116 1336 Νῶε.

148 1480 270 1520 Εἶδετε
289 1483 324 1520 ἐν
343 1487 414 1526 τοῖς
433 1481 499 1529 ἤδη
529 1484 694 1534 ῥηθεῖσιν,
723 1480 802 1520 ὅσον
828 1483 890 1528 τῆς
916 1483 1115 1534 φιλανθρω-

95 1541 177 1586 πίας
197 1547 256 1581 τοῦ
271 1543 362 1581 Θεοῦ
377 1543 417 1581 τὸ
436 1542 596 1594 μέγεθος,
612 1542 671 1580 καὶ
688 1542 781 1587 πόση
803 1543 906 1580 αὐτοῦ
928 1545 991 1589 τῆς
1009 1541 1117 1586 ἀνεξι-

94 1601 218 1644 κακίας
245 1605 265 1648 ἡ
293 1601 490 1655 ὑπερὸολή;
511 1602 617 1640 εἴδετε
643 1604 712 1639 τῶν
734 1601 812 1639 τότε
832 1600 1026 1653 ἀνθρώπων
1054 1604 1117 1648 τῆς

94 1661 216 1705 κακίας
242 1661 304 1709 τὴν
336 1662 515 1708 ἐπίτασιν,
541 1660 758 1713 κατέμαθετε
779 1663 815 1700 ἐν
835 1661 932 1713 μέσῳ
961 1661 1115 1715 τοσούτῳ

95 1723 222 1769 πλήθει
241 1723 304 1770 ὅση
323 1727 382 1762 τοῦ
402 1723 534 1761 δικαίου
553 1723 689 1775 γε’γονεν
710 1727 732 1770 ἠ
755 1722 861 1775 ἀρετὴ
875 1752 885 1770 ,
905 1722 965 1760 καὶ
983 1723 1038 1762 ὅτι
1053 1725 1115 1762 οὖ-

95 1782 150 1821 δὲν
178 1784 278 1822 αὐτὸν
308 1784 525 1835 ἐλυμήνατο,
552 1784 668 1831 οὕτεή
685 1784 870 1836 συμφωνία
889 1783 1029 1822 ἐκείνων
1057 1785 1115 1822 ἐπὶ

92 1844 156 1890 τὴν
180 1845 306 1883 κακίαν
331 1845 502 1897 ῥέπουσα,
526 1844 604 1883 οὔτε
631 1845 671 1883 τὸ
691 1845 794 1895 μόνον
815 1847 850 1883 ἐν
870 1844 967 1897 μέσῳ
985 1845 1114 1884 τούτων

94 1908 305 1958 ἀπειλῆφθαι
318 1935 328 1952 ,
343 1906 401 1944 καὶ
415 1906 477 1952 τὴν
492 1905 650 1944 ἐναντίαν
662 1905 791 1944 ὁδεύειν
801 1904 818 1927 ¹²
829 1906 905 1945 ὁδόν
914 1921 925 1954 ;
945 1907 1116 1960 Καθάπερ

93 1965 160 2018 γὰρ
194 1965 406 2020 κυὲερνήτης
439 1967 576 2021 ἄριστος
603 1967 681 2010 τοὺς
718 1969 780 2014 τῆς
810 1966 962 2011 διανοίας
995 1966 1116 2011 οἴακας

94 2025 182 2076 μετὰ
211 2028 343 2073 πολλῆς
367 2029 429 2072 τῆς
457 2027 648 2079 ἀγρυπνίας
680 2028 1026 2080 μεταχειριζόμενος,
1054 2030 1116 2066 οὐκ.

93 2085 187 2138 ἠφίει
201 2087 525 2134 καταίατπισθῆναι
544 2087 583 2126 τὸ
606 2088 737 2140 σκάφος
755 2088 899 2134 ὑπὸτῆς
917 2087 1114 2140 σφοδρότη-

92 2163 150 2191 τος
163 2150 230 2185 τῶν
244 2151 305 2194 τῆς
323 2148 446 2192 κακίας
466 2149 644 2198 κυμάτων,
663 2147 754 2187 ἀλλὰ
775 2147 946 2200 ἀνώτερος
963 2152 1023 2186 τοῦ
1038 2165 1113 2200 χει-

93 2210 205 2258 μῶνος
225 2208 373 2259 γεγονὼς
386 2237 396 2254 ,
416 2209 476 2247 καὶ
494 2210 678 2260 επελάγιος
697 2209 865 2257 σαλεύων,
880 2211 927 2253 ὡς
946 2211 982 2247 ἐν
997 2209 1113 2260 λιμένι

91 2268 301 2320 καθήμενος,
334 2269 425 2308 οὕτω
455 2273 519 2316 τῆς
547 2272 672 2322 ἀρετῆς
706 2270 746 2308 τὸ
782 2270 952 2317 πηδάλιον
989 2269 1112 2308 ἰθύνων

91 2329 187 2373 ἐκτὸς
204 2330 323 2369 ἑαυτὸν
339 2329 534 2376 κατέστησε
546 2334 606 2369 τοῦ
626 2330 811 2382 μέλλοντος
825 2330 1018 2369 κλυδωνίου
1033 2329 1112 2376 τοὺς

90 2389 182 2428 κατὰ
201 2390 262 2437 τὴν
283 2391 485 2441 οἰκουμένην
505 2391 660 2435 ἅπαντας
682 2391 958 2443 καταλήψεσθαι.
979 2393 1111 2430 Τοσοῦ-

90 2450 148 2488 τόν
173 2453 264 2489 ἐστιν
286 2452 391 2505 ἀρετὴ
415 2458 582 2503 πρᾶγμα,
607 2451 789 2500 ἀθάνατον,
815 2452 874 2490 καὶ
904 2451 1109 2504 ἀχείρωτον,

92 2513 152 2549 οὐκ
176 2506 268 2550 εἶκον
292 2517 368 2556 ταῖς
387 2517 447 2551 τοῦ
466 2512 636 2565 παρόντος
665 2513 741 2564 βίου
771 2513 1008 2565 ἀνωμαλίαις,
1030 2514 1107 2551 ἀλλ’

90 2571 250 2623 ὑπεράνω
276 2575 344 2610 τῶν
373 2575 434 2619 τῆς
455 2573 578 2617 κακίας
597 2573 745 2612 δικτύων
764 2573 1007 2627 ἀφιπταμένη,
1039 2589 1110 2612 κα-

90 2631 200 2685 θάπερ
219 2634 277 2685 ἀφ’
294 2634 429 2686 ὑψηλῆς
457 2649 548 2678 τινος
576 2641 746 2682 σκοπιᾶς,
772 2634 881 2679 οὕτως
909 2635 1048 2673 ἅπαντα
1064 2634 1110 2674 τὰ

88 2693 286 2745 ἀνθρώπινα
303 2696 504 2747 καθορῶσα,
524 2695 659 2740 οὐδενὸς
680 2697 927 2736 ἐπαισθάνεται
950 2699 1020 2734 τῶν
1038 2703 1109 2740 τοῖς

88 2753 204 2798 ἄλλοις
222 2756 386 2807 λυπηρῶν
411 2755 637 2808 φαινομένων.
666 2756 761 2796 Ἀλλ’
787 2756 908 2810 ὥσπερ
929 2760 947 2796 ὁ
968 2757 1026 2796 ἐπὶ
1046 2756 1110 2796 πέ-

87 2829 171 2865 τρας
198 2815 289 2858 τινὸς
320 2816 455 2868 ὑψηλῆς
483 2815 590 2861 ἑστὼς
620 2820 798 2871 καταγελᾷ
833 2821 903 2857 τῶν
928 2818 1107 2870 κυμάτων,

86 2874 226 2912 ἐπειδὰν
245 2874 301 2927 ἴδῃ
318 2881 427 2914 ταῦτα
453 2877 742 2931 προσρηγνύμενα
770 2878 832 2930 μὲν
847 2883 890 2932 τῇ
910 2879 1040 2933 πέτρᾳ,
1061 2882 1109 2924 εἰς

90 2935 194 2986 ἀφρὸν
211 2935 246 2974 δὲ
262 2935 357 2981 εὐθὺς
372 2937 598 2988 διαλυόμενα·
614 2938 704 2978 οὕτω
724 2939 766 2988 δὴ
782 2941 843 2979 καὶ
862 2945 880 2980 ὁ
895 2940 960 2988 τὴν
980 2940 1107 2993 ἀρετὴν

1419 170 1556 206 ΧΧΙΙῙ.Δ

2061 172 2143 227 241

1196 270 1259 294 nos
1277 270 1509 307 aggressurus
1523 266 1574 294 est
1600 257 1726 296 hostis.
1746 259 1863 310 Igitur
1885 274 2024 314 semper
2044 264 2146 301 nolus

1194 330 1279 354 cura
1304 316 1362 365 sit,
1378 331 1516 370 semper
1533 317 1679 356 solliciti
1697 319 1808 356 simus
1823 320 1868 357 (le
1883 322 1996 359 salute
2016 333 2149 372 nostra,

1195 386 1234 415 ut
1252 377 1304 416 sic
1316 392 1511 429 numquam
1527 380 1726 432 expugnari
1745 381 1933 432 possimus,
1948 392 1982 420 et
1998 383 2144 421 hostiles

1193 438 1402 489 effugientes
1421 438 1583 488 insidias,
1605 439 1884 479 misericordiam
1904 456 1924 478 a
1953 444 2028 479 Deo
2044 457 2142 481 asse-

1194 511 1362 548 quamur,
1385 499 1497 548 gratia
1511 509 1543 537 et
1554 500 1842 539 miserationibus
1856 501 2040 553 Unigeniti
2054 504 2146 554 ejus,

1194 573 1275 596 cum
1298 574 1368 610 quo
1389 561 1497 609 Patri,
1517 561 1625 598 simul
1642 571 1677 599 ct
1695 562 1848 614 Spiritui
1864 572 1984 601 sancto
2004 564 2050 601 sit
2070 565 2147 614 glo-

1193 618 1261 664 ria,
1293 619 1499 671 imperium,
1523 621 1648 669 honor,
1677 636 1772 661 nunc
1800 632 1833 661 et
1861 637 2013 680 semper,
2043 633 2076 662 et
2109 625 2144 662 in

1192 679 1320 719 saecula
1339 680 1561 718 sacculorum.
1582 685 1706 721 Amen.

1482 1055 1692 1094 HOMILIA
1714 1055 1853 1095 XXIII.

1191 1176 1266 1214 Noe'
1284 1185 1403 1214 autem
1421 1176 1558 1215 invenit
1577 1177 1726 1230 gratiam
1742 1192 1860 1216 coram
1878 1180 2032 1218 Domino
2054 1183 2139 1218 Deo.
2182 1206 2255 1233 (Μ,-
2268 1203 2297 1232 (3¹
2315 1206 2342 1231 3·

1244 1237 1324 1274 Istae
1345 1246 1464 1274 autem
1478 1246 1560 1275 sunt
1578 1239 1820 1289 generationes
1835 1241 1919 1278 Noe.
1941 1241 1970 1278 N
1976 1243 2016 1277 οὔ
2035 1241 2142 1279 homo
2156 1254 2187 1282 9-

1241 1298 1563 1350 justus‚pe1·sectus
1580 1300 1752 1339 exsistens
1766 1300 1801 1338 in
1816 1301 2039 1352 generatione
2057 1315 2119 1339 sua
2134 1318 2141 1337 z

1247 1359 1321 1397 Deo
1339 1358 1476 1411 placuit
1494 1361 1580 1398 Noe'.

1246 1484 1280 1519 1.
1312 1481 1466 1522 Vidistis
1485 1482 1522 1520 in
1541 1482 1586 1521 iis
1605 1497 1682 1534 quae
1701 1483 1798 1522 dicta
1814 1494 1908 1532 sunt,
1930 1496 2062 1537 quanta
2086 1487 2143 1526 di-

1189 1544 1282 1582 vinae
1295 1543 1551 1583 misericordiae
1575 1545 1798 1597 magnitudo,
1818 1561 1926 1598 quam
1946 1549 2068 1599 ingens
2091 1558 2143 1588 to-

1156 1630 1164 1639 .
1190 1600 1520 1641 lerantiaPVidistis
1535 1602 1738 1651 hominum,
1755 1605 1817 1656 qui
1831 1615 1915 1644 tunc
1933 1617 2046 1658 erant,
2062 1622 2144 1660 por-

1189 1669 1361 1700 tentosam
1391 1662 1592 1701 malitiam?
1614 1663 1794 1703 didicistis
1820 1676 1951 1717 quanta
1979 1669 2144 1707 fueritin

1190 1722 1307 1760 media
1335 1731 1432 1760 tanta
1452 1723 1683 1762 multitudine
1706 1726 1796 1777 justi
1820 1727 1950 1775 virtus,
1972 1738 2005 1766 et
2033 1744 2144 1780 quam

1189 1782 1282 1820 nihil
1315 1782 1348 1821 ei
1375 1783 1537 1821 nocuerit
1564 1784 1622 1822 vel
1653 1785 1800 1823 illorum
1831 1786 1868 1824 in
1893 1789 2029 1826 malum
2052 1803 2140 1828 con-

1189 1843 1349 1895 spiratio,
1384 1843 1443 1881 vel
1464 1843 1560 1894 quod
1579 1844 1675 1882 solus
1703 1845 1740 1883 in
1764 1846 1882 1885 medio
1910 1848 2061 1887 istorum
2088 1850 2141 1888 in-

1189 1912 1376 1955 terceptus,
1411 1903 1517 1956 longe
1545 1903 1688 1943 diversa
1713 1905 1894 1945 incesserit
1925 1908 2016 1947 via?
2048 1911 2142 1948 Nam

1188 1964 1290 2015 quasi
1304 1964 1521 2015 gubernator
1531 1964 1704 2017 optimus,
1719 1967 1847 2005 mentis
1856 1968 2000 2007 clavum
2013 1985 2142 2022 magna

1188 2025 1375 2077 vigilantia
1395 2025 1583 2077 arripiens,
1604 2026 1726 2064 navim
1737 2042 1839 2065 suam
1855 2029 1902 2067 ab
1923 2030 2142 2070 irruentibus

1188 2086 1333 2124 malitiae
1352 2086 1518 2138 procellis
1546 2087 1729 2139 submergi
1748 2102 1818 2127 non
1836 2099 1888 2128 est
1914 2105 2051 2143 passus,
2078 2094 2141 2131 sed

1187 2146 1300 2184 factus
1313 2155 1520 2199 tempestate
1537 2148 1726 2200 potentior,
1742 2148 1825 2187 licet
1839 2150 1876 2188 in
1889 2151 1963 2189 alto
1973 2153 2140 2204 jactatus,

1187 2206 1290 2257 quasi
1317 2206 1355 2244 in
1385 2215 1492 2259 portu
1521 2205 1670 2258 sederet,
1691 2208 1838 2248 virtutis
1857 2212 2140 2263 gubernaculum

1185 2266 1377 2318 dirigebat,
1393 2275 1428 2304 et
1445 2280 1465 2304 a
1479 2265 1620 2305 diluvio
1634 2281 1754 2307 omnes
1770 2270 1867 2309 orbis
1883 2271 2018 2311 incolas
2032 2273 2140 2313 deva-

1183 2335 1319 2366 staturo
1337 2340 1374 2365 se
1391 2326 1576 2379 eripiebat.
1611 2328 1728 2367 Tanta
1748 2344 1803 2368 res
1829 2341 1880 2370 est
1906 2332 2035 2383 virtus,
2064 2344 2137 2374 tam

1182 2450 1266 2490 vitae
1284 2449 1518 2489 varietatibus
1540 2466 1548 2487 :
1571 2450 1633 2489 sed
1648 2465 1755 2505 super
1767 2454 1912 2493 malitiae
1932 2457 2024 2494 retia
2043 2459 2136 2497 voli-
2152 2457 2204 2474 ‘'³²''

1182 2520 1275 2562 tans,
1290 2511 1576 2563 quasiesublimi
1591 2513 1733 2564 specula
1743 2515 1913 2564 quadam,
1940 2517 1991 2555 sic
2016 2519 2136 2558 omnia

1181 2572 1338 2611 humana
1358 2571 1524 2624 despicit,
1546 2572 1639 2610 nihil
1661 2574 1759 2624 quod
1778 2575 1857 2613 aliis
1877 2577 2066 2616 molestum
2089 2580 2135 2618 sit

1183 2633 1301 2672 sentit.
1323 2632 1394 2671 Sed
1413 2633 1505 2670 sicut
1525 2632 1554 2670 is
1579 2633 1642 2684 qui
1661 2647 1769 2686 super
1791 2636 1968 2675 excelsam
1995 2647 2133 2690 petram
2170 2667 2178 2672 -

1183 2703 1264 2744 stat,
1286 2694 1416 2732 fluctus
1435 2692 1541 2741 ridet,
1557 2706 1646 2744 quos
1667 2693 1762 2732 videt
1782 2695 1831 2733 ad
1846 2705 1986 2748 petram
2004 2713 2133 2751 magno

1182 2756 1318 2808 impetu
1334 2753 1525 2806 disrumpi,
1546 2767 1586 2791 ac
1600 2754 1765 2806 protinus
1783 2756 1818 2793 in
1836 2770 2000 2808 spumam
2015 2761 2106 2799 solvi
2122 2777 2130 2798 :

1181 2816 1230 2854 ita
1252 2824 1285 2854 et
1304 2814 1368 2866 qui
1385 2813 1512 2852 virtuti
1532 2813 1594 2851 dat
1615 2827 1758 2865 operam
1772 2814 1808 2853 in
1826 2830 1948 2856 securo
1964 2820 2133 2858 constitu-

1181 2886 1239 2915 tus
1257 2877 1347 2925 loco,
1366 2874 1458 2913 nihil
1476 2875 1624 2912 insuave
1646 2874 1714 2912 sert
1734 2889 1754 2912 a
1773 2875 1880 2915 rebus
1907 2879 2134 2929 turbulentis,

1182 2937 1244 2976 sed
1257 2935 1472 2987 tranquillus
1486 2934 1604 2972 animo
1616 2942 1649 2971 et
1666 2934 1806 2984 quietus
1819 2937 1932 2989 sedet,
1948 2941 2134 2993 intelligit-

89 2994 230 3044 μετιὼν,
247 2999 281 3034 ἐν
302 2999 450 3050 ἀσφαλεῖ
463 2999 582 3052 χωρίῳ
596 3001 773 3045 καθεστὼς
789 3002 887 3041 οὐδὲν
907 3001 1010 3049 ἀηδὲς
1023 3004 1108 3040 ὑπο·
1133 3008 1157 3038 Ε
1181 3013 1250 3050 que
1282 3012 1336 3036 res
1366 2997 1475 3049 hujus
1511 2995 1595 3033 vitae
1626 2995 1721 3035 nihil
1737 2996 1882 3037 differre
1908 3000 1954 3038 ab
1974 3003 2133 3041 amnium

90 3055 184 3104 μένει
213 3057 279 3095 ὑπὸ
302 3060 363 3104 τῆς
396 3061 465 3097 τῶν
498 3061 716 3113 πραγμάτων
748 3064 928 3115 ταραχῆς,
960 3063 1037 3100 ἀλλ’
1073 3065 1107 3101 ἐν

87 3115 219 3170 ἡσυχία
240 3117 392 3165 κάθηται
417 3122 460 3170 τῇ
488 3123 558 3159 τῶν
583 3121 718 3160 οἰκείων
737 3124 915 3175 λογισμῶν
934 3124 1108 3175 ἐντρυφῶν

1180 3058 1336 3106 fluentis,
1355 3064 1477 3109 utpote
1492 3069 1571 3106 quae
1595 3063 1668 3092 tam
1683 3056 1808 3109 rapido
1822 3073 1928 3098 cursu
1941 3070 2131 3102 transeant.

1182 3121 1275 3159 Nam
1287 3119 1377 3157 sicut
1385 3115 1508 3157 videre
1522 3115 1605 3154 licet
1617 3116 1726 3156 maris
1735 3117 1866 3158 fluctus
1883 3134 1975 3160 nunc
1988 3123 2134 3174 quidem

131 3230 145 3244 ²
169 3222 265 3264 1120,
289 3230 338 3259 καὶ
356 3229 599 3268 ὲπεμὸκίνοντος,
625 3227 746 3262 desunt
767 3229 802 3262 in
823 3229 973 3273 plurimis
994 3231 1088 3270 Μαι,
1126 3237 1264 3271 terpres.
1283 3224 1386 3260 savit.
1406 3227 1482 3259 ὁδόν.
1501 3226 1582 3258 ἀλλὰ
1597 3227 1733 3271 καθάπερ
1749 3231 1938 3275 κυὸερνήτης.

87 3271 147 3303 sed
164 3271 325 3307 habentur
341 3276 374 3308 in
391 3277 505 3313 Morel.
524 3286 558 3311 et
576 3278 679 3314 Savil.

135 3325 150 3348 ¹¹
176 3323 286 3359 Morel.
305 3331 380 3363 ὁδόν.
392 3335 528 3375 καθάπερ
540 3337 598 3374 γὰρ
615 3336 810 3378 κυῧερνήτης,
822 3342 855 3367 et
873 3334 919 3367 sic
937 3333 1015 3377 legit
1032 3333 1090 3367 In-

301 3385 396 3410 ΤΟΜ.
422 3387 475 3415 IV.

1171 3292 1183 3306 ⁸
1200 3281 1287 3313 Octo
1303 3278 1380 3310 Mss.
1398 3282 1544 3319 πέλαγος,
1563 3275 1660 3310 male.

1910 3391 1951 3429 ¹7

2234 2364 2252 2374 ⁷.
2298 2365 2327 2390 ,1.

1183 2388 1409 2438 immortalis,
1429 2397 1502 2427 tam
1519 2388 1668 2440 invicta,
1689 2399 1761 2429 tam
1773 2392 1865 2430 nihil
1881 2394 2009 2433 cedens
2028 2395 2138 2449 hujus
2152 2363 2303 2442 praerlolga'i·
2322 2374 2343 2391 Ι,
