2433 3775
832 249 1446 380 PRAEFATJO

508 519 594 583 IN
646 519 1040 598 QUARTUM
1089 519 1384 584 TOMUM
1433 517 1775 584 OPERUM

667 723 715 768 S.
767 721 1053 770 JOANNIS
1104 722 1610 771 CHRYSOSTOMI.

169 1081 252 1121 Jam
266 1077 449 1131 attigimus
471 1078 732 1118 Commentaria
768 1092 829 1118 seu
848 1079 1024 1119 Homilias
1036 1081 1076 1119 S.
1093 1080 1240 1119 Joannis
1254 1081 1501 1134 Chrysostomi
1525 1083 1562 1122 in
1580 1082 1805 1136 Scripturam
1823 1098 1980 1136 sacram,
1995 1100 2073 1138 quae
2085 1088 2170 1139 jure

118 1140 176 1179 vel
196 1140 448 1180 commentaria
470 1141 528 1179 vel
547 1141 730 1179 conciones
751 1141 871 1180 vocari
896 1151 1056 1195 possunt,
1078 1141 1163 1192 quia
1181 1140 1218 1178 in
1243 1141 1316 1179 illis
1338 1142 1541 1196 interpretis
1559 1143 1668 1182 simul
1691 1154 1724 1183 et
1740 1145 1950 1186 Christianae
1969 1147 2168 1201 disciplina„³

116 1199 272 1238 doctoris
293 1199 366 1250 agit
395 1199 568 1237 officium.
586 1200 749 1238 Praeeunt
777 1209 896 1238 autem
916 1201 1049 1239 creteris
1069 1200 1234 1238 Homiliae
1262 1200 1299 1238 in
1327 1201 1518 1251 Genesim,
1538 1217 1616 1254 quae
1649 1217 1796 1242 numero
1828 1206 2011 1258 sexaginta
2033 1216 2168 1260 septem

118 1269 232 1298 totum
247 1260 382 1298 librum
399 1260 603 1298 absolvunt.
619 1260 686 1298 His
704 1260 944 1313 subjiciuntur
964 1262 1151 1300 Sermones
1164 1275 1292 1300 novem
1311 1262 1348 1300 in
1368 1263 1550 1314 Genesim,
1566 1264 1715 1316 aliquot,
1730 1274 1770 1304 ut
1788 1266 1944 1317 videtur,
1960 1268 2062 1306 annis
2080 1268 2168 1308 editi

116 1330 306 1372 antequam
327 1331 440 1360 totum
464 1321 600 1360 librum
617 1322 920 1374 interpretaretur.
941 1323 1016 1362 Hos
1032 1322 1217 1376 excipiunt
1231 1323 1397 1362 Homiliae
1417 1325 1574 1376 quinque
1597 1325 1634 1363 in
1650 1328 1789 1364 Annam
1807 1337 1957 1367 matrem
1979 1329 2168 1379 Samuelis,

116 1397 195 1434 quae
217 1382 304 1421 olim
322 1397 386 1422 sex
403 1383 514 1432 fuere,
531 1383 594 1423 sed
611 1397 682 1421 una
704 1397 827 1422 earum
843 1384 989 1423 interiit.
1007 1388 1144 1437 Agmen
1168 1384 1342 1424 claudunt
1361 1395 1430 1424 tres
1449 1386 1615 1425 Homiliae
1638 1386 1675 1425 in
1692 1387 1872 1427 Davidem
1890 1398 1924 1428 et
1943 1390 2101 1430 Saulem.
2125 1391 2166 1429 ln

116 1444 194 1483 haec
203 1452 321 1483 autem
336 1443 454 1483 omnia
463 1443 629 1496 quaedam
641 1444 702 1483 hic
715 1444 938 1485 observanda
951 1454 1044 1484 sunt.

1099 1587 1176 1640 §L

168 1711 230 1750 De
255 1724 412 1750 numero
431 1711 699 1750 Homiliarum
720 1713 762 1749 in
785 1712 978 1762 Genesim,
994 1719 1029 1750 et
1050 1712 1327 1752 Antiockioene
1351 1727 1405 1752 an
1421 1715 1763 1770 Constantinopoli
1784 1719 1929 1759 habitoe
1941 1722 2113 1774 fuerint.

166 1837 222 1874 De
244 1835 404 1875 homiliis
418 1835 514 1874 hisce
536 1849 604 1873 non
621 1849 734 1887 pauca
754 1834 898 1873 disserit
917 1835 1079 1885 Photius,
1097 1850 1175 1887 quie
1190 1837 1226 1874 in
1245 1845 1425 1889 postremo
1448 1839 1480 1876 T
1484 1852 1564 1877 omo
1583 1853 1654 1878 una
1675 1855 1756 1879 cum
1775 1842 1855 1881 aliis
1874 1857 1918 1882 ex
1938 1844 2060 1884 eodem
2080 1847 2166 1885 scri-

113 1905 215 1949 ptore
237 1896 413 1949 excerptis
428 1895 708 1948 publicabuntur
724 1911 731 1931 :
752 1895 893 1933 interim
910 1910 995 1934 vcro
1013 1896 1090 1934 haec
1114 1897 1316 1935 annotanda
1335 1907 1417 1936 sunt
1435 1914 1442 1935 :
1465 1899 1634 1938 Photium
1660 1915 1786 1954 nempe
1804 1905 1988 1956 sexaginta
2009 1915 2042 1945 et
2058 1920 2166 1946 unam

113 1957 281 1996 homilias
297 1958 333 1996 in
353 1957 522 1996 Genesim
547 1971 583 1995 se
607 1956 740 1995 vidiSse
753 1957 934 1995 testificari
952 1973 959 1994 :
976 1972 1019 1995 ne
1033 1967 1151 1996 autem
1171 1972 1326 1997 errorem
1344 1959 1379 1997 in
1395 1973 1541 1999 numero
1552 1961 1663 2000 inesse
1674 1973 1852 2014 putemuS,
1866 1965 1968 2004 addit
1981 1982 2038 2006 eas
2054 1982 2090 2007 se
2100 1968 2165 2007 ha-

112 2017 231 2057 buisse
251 2019 366 2057 tribus
384 2018 651 2066 voluminibus,
666 2017 818 2070 τεύχεσι,
832 2018 1101 2070 comprehensas
1120 2047 1130 2067 ,
1145 2033 1300 2068 quorum
1319 2033 1432 2057 unum
1450 2020 1579 2072 viginti
1594 2021 1762 2062 homilias
1783 2024 1950 2077 habebat,
1969 2028 2166 2068 secundum

111 2079 305 2128 sexdecim,
329 2079 474 2117 tertium
496 2077 626 2129 viginti
645 2078 822 2129 quinque;
845 2078 939 2116 unde
966 2077 1002 2115 id
1025 2079 1222 2117 necessario
1248 2080 1496 2131 consequitur,
1523 2082 1581 2120 vel
1607 2082 1688 2121 illas
1707 2098 1795 2135 quas
1820 2100 1968 2127 numero
1988 2091 2040 2128 67
2058 2090 2167 2130 hodie

111 2140 282 2180 habemus
299 2140 479 2189 homilias,
497 2140 586 2179 olim
604 2139 641 2177 in
659 2139 844 2192 pauciores
858 2139 993 2178 divisas
1009 2140 1128 2190 fuisse,
1147 2141 1206 2179 vel
1228 2141 1350 2180 Photii
1374 2143 1559 2196 exemplar
1578 2157 1647 2182 non
1670 2159 1791 2185 omnes
1810 2147 1846 2186 in
1863 2150 2031 2190 Genesim
2050 2152 2165 2191 homi-

109 2202 175 2240 lias
191 2203 420 2255 complexum
438 2201 560 2240 fuisse.
576 2201 655 2239 Hoc
668 2210 890 2254 postremum
908 2201 1078 2239 libentius
1099 2201 1262 2240 credam:
1281 2203 1410 2242 etenim
1425 2219 1546 2244 omnes
1565 2220 1653 2257 quas
1671 2208 1855 2260 sexaginta
1869 2221 2003 2265 septem
2017 2228 2164 2255 numero

109 2259 282 2302 hahemus
307 2263 464 2302 homiliae
484 2276 548 2301 suo
578 2261 737 2314 gaudent
754 2261 903 2300 exordio
923 2271 958 2302 ct
977 2261 1067 2312 fine,
1089 2263 1293 2315 incipientis
1309 2278 1351 2303 ac
1376 2264 1570 2305 desinentis
1592 2276 1712 2307 notam
1737 2272 2020 2323 praeferentibus.
2042 2276 2102 2316 Ex
2121 2278 2165 2317 iis

109 2333 226 2363 autem
247 2325 397 2364 Photius
415 2323 545 2376 viginti
563 2332 699 2376 septem
722 2323 759 2361 in
779 2321 1062 2375 Quadragesima
1079 2323 1222 2362 habitas
1240 2324 1350 2374 dicit3
1366 2341 1449 2365 cum
1465 2336 1581 2367 tamen
1601 2329 1638 2368 in
1654 2329 1836 2371 hodiernis
1857 2335 2025 2376 omnibus
2044 2352 2164 2378 exem-

108 2387 270 2440 plaribus
294 2386 442 2439 triginta
467 2386 546 2425 duae
575 2385 612 2423 in
631 2384 915 2438 Quadragesima
940 2385 1074 2423 habitae
1103 2386 1259 2424 ferantur
1274 2402 1286 2437 ;
1307 2401 1349 2425 ac
1379 2388 1530 2441 proinde
1559 2400 1695 2430 certum
1726 2403 1778 2432 est
1804 2394 1842 2433 in
1868 2395 2009 2437 duobus
2038 2401 2163 2453 primis

108 2447 276 2486 Photiani
294 2448 510 2500 exemplaris
534 2447 640 2485 tomis
657 2446 816 2498 quinque
836 2446 1003 2484 homilias
1022 2446 1202 2497 defuisse;
1226 2448 1295 2486 nisi
1320 2458 1436 2488 tamen
1467 2450 1505 2488 id
1527 2466 1573 2490 ex
1591 2452 1780 2493 divisionis
1797 2455 2006 2498 diversitate
2021 2462 2164 2515 prodie-

108 2509 179 2559 rit,
196 2509 294 2561 quod
321 2523 414 2561 aegre
433 2508 652 2547 admiserim.
672 2507 774 2546 Idem
803 2522 888 2547 vero
908 2508 1058 2546 Photius
1080 2507 1316 2547 subdubitare
1335 2509 1477 2548 videtur
1492 2512 1753 2565 Antiochiaene,
1783 2530 1827 2555 an
1856 2518 2162 2576 Constantinopoli

107 2570 162 2608 hae
181 2570 340 2608 homiliae
358 2570 489 2607 habitae
515 2569 659 2607 fuerint.
683 2569 843 2608 Savilius
861 2578 981 2607 autem
1000 2569 1120 2608 Photii
1151 2584 1236 2608 usus
1264 2571 1474 2610 auctoritate
1503 2572 1554 2611 sic
1578 2576 1788 2615 sententiam
1820 2581 2000 2632 expromit
2033 2598 2159 2625 suam:

107 2633 192 2670 «De
207 2631 285 2670 loco
313 2640 346 2670 et
365 2639 523 2683 tempore
540 2630 712 2669 assentior
727 2630 846 2669 Photii
877 2631 1101 2683 conjecturis,
1121 2631 1262 2669 habitas
1283 2645 1359 2670 esse
1375 2632 1707 2687 Constantinopoli,
1726 2637 1825 2689 quod
1843 2640 1899 2679 vel
1923 2641 2065 2693 phrasis
2084 2646 2159 2699 ipsa

106 2693 240 2732 indicat
253 2723 262 2742 ‚
277 2701 317 2730 ut
335 2693 411 2745 ipse
428 2692 607 2743 loquitur,
622 2692 680 2730 ἐπὶ
698 2692 738 2731 τὸ
761 2692 1002 2744 ταπεινότερον
1023 2693 1303 2744 ἀπενηνεγμένη,
1327 2703 1365 2730 ut
1384 2703 1464 2732 sunt
1479 2695 1647 2747 pleraque
1663 2698 1738 2750 ejus
1759 2700 1890 2754 scripta
1911 2703 2159 2748 Constantino-

103 2753 261 2806 politana
291 2752 518 2791 Antiochenis
537 2753 655 2791 minus
679 2761 842 2791 accurata
854 2768 864 2801 ;
884 2762 918 2790 ct
943 2762 1065 2790 auctor
1085 2753 1264 2806 ἀνώνυμος
1283 2755 1379 2794 Vitae
1400 2756 1648 2808 Chrysostomi
1678 2773 1753 2812 cap.
1781 2762 1833 2801 56
1850 2763 1945 2803 hunc
1963 2766 2096 2807 librum
2123 2771 2157 2809 in

106 2815 274 2853 Genesim
291 2814 391 2867 ponit
407 2814 497 2852 inter
514 2823 661 2867 excepta
692 2814 759 2852 ὑπὸ
774 2814 1022 2866 ταχυγροίφων,
1043 2824 1076 2853 et
1094 2814 1196 2853 annis
1212 2816 1434 2869 episcopatus
1453 2817 1509 2855 sui
1523 2819 1677 2857 secundo
1696 2830 1729 2859 et
1745 2833 1886 2874 quarto,
1902 2826 1970 2866 hoe
1991 2839 2042 2868 est
2056 2833 2158 2872 annis

106 2876 239 2915 Christi
258 2877 347 2925 599,
363 2886 396 2914 et
413 2877 483 2913 401
499 2891 530 2914 ,n

156 2940 201 2975 At
215 2937 392 2990 κριτήριον
413 2936 618 2989 hujusmodi
634 2937 717 2976 inde
729 2947 908 2989 sumtum,
927 2938 1022 2989 quod
1041 2953 1120 2989 quac
1138 2939 1334 2978 Antiochiae
1351 2940 1460 2978 edidit
1481 2941 1757 2994 Chrysostomus
1772 2950 1990 2989 accuratiora
2006 2953 2075 2991 sint
2095 2956 2152 3003 iis,

100 3013 179 3050 quae
205 2998 509 3051 Constantinopoli
526 3029 536 3049 ,
558 2998 754 3038 admodum
774 3000 886 3038 fallax
917 3010 967 3038 est
982 3031 991 3047 ‚
1012 3010 1050 3038 ut
1069 3001 1201 3038 fatetur
1218 3001 1291 3053 ipse
1311 3002 1467 3039 Savilius
1488 3002 1520 3039 in
1543 3004 1636 3042 notis
1655 3020 1690 3058 p.
1711 3009 1800 3045 927.
1825 3009 1892 3047 Hic
1911 3026 1995 3050 vero
2013 3029 2156 3066 prorsus

102 3061 231 3098 salsum
249 3060 439 3099 statuimus
468 3074 565 3099 esse:
583 3074 665 3099 nam
685 3061 740 3099 hae
769 3061 804 3099 in
826 3062 994 3100 Genesim
1015 3061 1196 3112 homiliae,
1220 3077 1298 3113 qutr
1319 3062 1436 3100 minus
1455 3074 1642 3113 accurato,
1663 3081 1772 3117 quam
1790 3069 1869 3108 alia:
1901 3071 1937 3109 in
1967 3083 2158 3128 utrumque

103 3122 385 3169 Testamentum,
400 3121 494 3174 stylo
515 3122 723 3175 conscriptae
742 3132 838 3168 sunt,
860 3123 1056 3161 Antiochia:
1071 3123 1262 3160 certissime
1281 3123 1408 3161 habitae
1428 3124 1537 3162 fuere.
1552 3124 1667 3178 Hujus
1687 3129 1738 3166 rei
1753 3141 2002 3182 argumentum
2020 3138 2156 3190 perspi-

102 3197 210 3220 cuum
229 3183 432 3235 suppeditat
449 3182 724 3236 Chrysostomus
743 3183 845 3222 initio
864 3184 1032 3222 Humilia:
1050 3186 1100 3222 55
1119 3184 1155 3222 in
1170 3184 1338 3222 Genesim
1361 3198 1397 3235 p.
1414 3185 1483 3221 551
1499 3215 1505 3222 .
1523 3186 1616 3224 Nam
1641 3202 1783 3227 causam
1803 3192 1963 3243 aperiens
1994 3210 2058 3233 cur
2082 3198 2154 3236 llo-

104 3242 284 3282 miliarum
304 3244 341 3282 iu
358 3244 527 3284 Genesim
550 3259 696 3287 cursum
713 3254 794 3298 post
824 3245 1042 3297 trigesimam
1060 3245 1250 3284 secundam
1273 3245 1582 3307 imnterpellavisset,
1611 3248 1687 3286 haec
1705 3250 1753 3288 ait
1775 3267 1782 3287 :
1804 3251 1848 3290 ‘11
1871 3253 1938 3305 γὰρ
1968 3259 2029 3302 τῆς
2057 3259 2157 3310 ἁγίας

106 3305 225 3354 ἑορτῆς
250 3305 424 3356 παρουσία
443 3305 504 3353 τὴν
535 3305 738 3345 ἀκολουθίαν
759 3310 842 3357 ἡμῖν
865 3307 1035 3360 διέκοψεν.
1068 3307 1157 3346 Οὐδὲ
1178 3307 1245 3357 γὰρ
1273 3310 1314 3351 ἣν
1342 3306 1480 3358 εὔλογον
1500 3308 1557 3347 τὸν
1585 3311 1733 3361 σταυρὸν
1749 3315 1843 3363 ἡμᾶς
1861 3316 2084 3367 ἑορτάζοντας
2099 3324 2158 3359 τοῦ
