2483 3791
746 237 787 266 lx
826 237 928 267 CAP.
967 236 1012 266 ΙΙ.

159 333 216 357 σιν
236 319 304 356 τῶν
331 317 512 370 ῥημάτων,
537 318 595 356 καὶ
619 317 673 357 ὅτι
693 318 795 371 ἕτερα
813 318 874 370 μὲν
892 323 910 358 ὃ
924 319 1186 374 δημιουργήσας

159 379 382 432 προσέταξεν,
411 379 539 433 Ι’ἕτεροι
575 379 610 419 δὲ
644 374 761 428 οὗτος,
801 381 860 419 καὶ
896 382 1104 426 ἀπεναντίας
1135 385 1184 433 τῷ

157 441 360 494 δημιουργῷ
379 440 508 492 ἔλεγεν,
537 444 804 494 ἀποστραφῆναι
834 442 893 480 καὶ
918 449 1034 494 φυγεῖν
1065 443 1184 481 λοιπὸν

159 501 222 550 τὴν
241 502 326 554 πρὸς
342 503 444 541 αὐτὸν
463 503 617 553 ὁμιλίαν,
641 503 700 541 καὶ
724 503 952 555 βδελύξασθαι
971 504 1030 542 τὸν
1048 503 1184 553 τολμή-

159 578 270 602 σαντα
289 562 351 609 τῆν
374 563 502 602 οἰκείαν
521 565 685 614 γλῶσσαν
701 567 871 611 ἀκονῆσαι
887 565 977 603 κατὰ
996 567 1058 610 τῆς
1078 564 1184 602 δοθεί-

160 641 225 673 σης
241 627 354 668 αὐτοῖς
374 627 525 672 ἐντολῆς.
547 625 650 664 Ἀλλὰ
671 626 727 664 διὰ
745 625 808 673 τὴν
827 626 960 673 πολλὴν
976 625 1183 678 ἀπροσεξίαν

161 688 201 725 οὗ
217 686 318 737 μόνον
338 689 399 724 οὐκ
415 687 640 740 ἀπεστράφη,
662 687 752 726 ἀλλὰ
773 687 833 726 καὶ
851 687 913 735 τὴν
935 686 1075 733 ἐντολὴν
1091 687 1184 725 ἅπα-

162 763 227 786 σαν
246 749 340 799 αὐτῷ
360 747 588 795 ἐκκαλύπτει,
607 748 666 787 καὶ
684 747 761 792 τοὺς
781 748 998 800 μαργαρίτας
1011 751 1061 800 τῷ
1076 747 1186 800 χοίρῳ

163 807 366 860 προτίθησι,
396 809 455 846 καὶ
485 811 680 860 πληροῦται
700 809 739 846 τὸ
760 809 856 862 παρὰ
875 814 934 848 τοῦ
964 810 1116 862 Χριστοῦ
1136 811 1188 846 εἷ-

165 869 331 921 ρημένον·
359 869 444 915 θΜὴ
468 869 598 921 βάλητε
617 869 704 922 γὰρ,
724 870 828 922 φησὶ,
861 869 938 914 τοὺς
968 870 1188 923 μαργαρίτας

162 931 260 980 ὑμῶν
287 930 482 983 ἔμπροσθεν
506 933 575 969 τῶν
594 930 736 983 χοίρων,
758 933 895 982 μήποτε
924 931 1187 978 καταπατήσω-

162 1007 217 1030 σιν
237 991 358 1035 αὐτοὺς
381 994 416 1030 ἐν
434 998 506 1035 τοῖς
535 992 636 1031 ποσὶν
662 994 789 1041 αὐτῶν,
810 992 870 1031 καὶ
898 993 1105 1046 στραφέντες
1128 994 1188 1046 ῥή-

165 1052 266 1096 ξωσιν
284 1055 393 1104 ὑμᾶς·
413 1055 431 1093 ὃ
449 1054 489 1101 δὴ
519 1054 577 1092 καὶ
597 1057 655 1091 νῦν
680 1053 811 1105 γέγονε.
830 1054 1018 1106 Παρέθηκε
1042 1054 1111 1107 γὰρ
1138 1057 1189 1107 τῷ

163 1113 296 1167 χοίρῳ,
329 1117 379 1167 τῷ
411 1119 553 1168 πονηρῷ
573 1115 684 1168 τούτῳ
703 1115 835 1168 θηρίῳ,
863 1115 942 1161 ἤτοι
966 1119 1015 1168 τῷ
1051 1116 1189 1167 δαίμονι

164 1177 215 1227 τῷ
231 1175 275 1214 δι’
291 1178 396 1215 αὐτοῦ
412 1178 625 1230 ἐνεργοῦντι,
651 1176 731 1220 τοὺς
747 1176 857 1220 θείους
873 1177 1108 1230 μαργαρίτας,
1130 1179 1189 1217 καὶ

167 1239 206 1275 οὗ
226 1237 328 1288 μόνον
358 1237 480 1282 αὐτοὺς
512 1237 756 1285 κατεπάτησε,
787 1237 848 1276 καὶ
880 1238 1092 1283 ἀντετάξατο
1119 1244 1190 1282 τοῖς

168 1302 334 1353 ῥηθεῖσιν,
353 1300 444 1338 ἀλλὰ
461 1300 521 1338 καὶ
542 1300 704 1353 στραφεὶς
731 1301 792 1338 οὐκ
821 1299 928 1347 αὐτὴν
958 1300 1074 1351 μόνον,
1101 1300 1189 1339 ἀλλὰ

169 1363 246 1412 μετ’
267 1363 374 1407 αὐτῆς
392 1361 452 1399 καὶ
473 1362 532 1400 τὸν
550 1361 825 1412 πρωτόπλαστον
850 1364 898 1406 εἷς
920 1361 961 1399 τὸ
986 1364 1050 1407 τῆς
1069 1378 1190 1414 παρα-

168 1424 251 1469 κοῆς
272 1425 392 1475 ῥῆγμα
417 1423 606 1474 κατήγαγε.
633 1423 666 1461 Τ
669 1421 808 1460 οσοῧτόν
828 1423 902 1460 ἐστι
915 1438 922 1446 ·
945 1423 1051 1462 κακὸν
1072 1425 1192 1468 ἁπλῶς

169 1483 229 1521 καὶ
246 1481 321 1527 ιιὡς
346 1483 448 1536 ἔτυχε
465 1490 573 1522 πᾶσιν
598 1483 828 1522 ἐκκαλύπτειν
850 1483 895 1522 τὰ
911 1487 985 1522 θεῖα
1003 1484 1191 1535 μυστήρια.

169 1543 402 1583 Ἀκουέτωσαν
421 1547 453 1583 οἱ
478 1545 598 1588 ἁπλῶς
620 1545 680 1582 καὶ
706 1544 902 1597 ἀδιαφόρως
925 1545 1010 1598 πρὸς
1035 1546 1192 1588 ἅπαντας

168 1606 418 1658 διαλεγόμενοι.
445 1605 538 1645 Οὐδὲ
556 1605 623 1658 γὰρ
651 1607 721 1644 ἐκεῖ
744 1607 825 1659 περὶ
843 1606 964 1659 χοίρου
989 1609 1154 1652 αἰσθητοῦ
1175 1609 1193 1644 ὁ

169 1667 320 1721 Χριστὸς
344 1668 458 1720 λέγει,
485 1668 575 1707 ἀλλὰ
599 1666 677 1712 τοὺς
706 1667 888 1720 χοιρώδεις
909 1671 977 1706 τῶν
1001 1667 1194 1720 ἀνθρώπων

170 1728 423 1780 αἰνιττόμενος,
444 1730 506 1768 καὶ
530 1729 657 1780 ὁμοίως
678 1736 749 1773 τοῖς
768 1729 906 1781 ἀλόγοις
930 1730 1194 1781 ἐγκυλινδουμέ-

168 1804 246 1835 νους
259 1793 310 1843 τῷ
328 1793 390 1837 τῆς
409 1790 583 1842 ἁμαρτίας
604 1790 762 1843 βορὸόρῳ
775 1821 785 1838 ,
804 1790 978 1829 παιδεύων
995 1794 1091 1841 ἰ’-,μᾶς
1109 1791 1196 1829 εἶδέ·

1052 235 1216 266 GENES.

1207 1822 1254 1847 126

1255 235 1409 266 qutL.
1447 235 1541 266 xvi.

2120 223 2206 281 149

1257 318 1432 358 contraria
1449 320 1524 357 Deo
1543 317 1674 366 dicere,
1691 326 1730 356 ut
1751 317 1827 370 ipsa
1850 327 2084 366 aversaretur,
2099 328 2130 356 et
2151 320 2207 356 fu-

1256 389 1352 431 geret
1365 380 1464 418 illius
1483 379 1791 427 consuetudinem,
1809 380 2143 430 abominm·eu¹rque
2162 380 2208 417 il-

1256 441 1344 490 lum,
1363 441 1425 492 qui
1442 441 1604 493 linguam
1622 450 1744 479 contra
1763 441 1889 480 datum
1908 441 1982 479 illis
1999 440 2208 479 mandatum

1255 517 1380 542 acuere
1389 503 1547 542 auderet.
1559 505 1697 543 Verum
1707 505 1790 556 quia
1801 519 1874 556 pra:
1888 517 2016 556 magna
2030 502 2210 555 negligen-

1211 571 1235 602 D
1256 563 1304 601 tia
1321 577 1388 601 non
1404 562 1697 611 attendebat,non
1709 562 1826 601 solum
1841 572 1892 601 est
1907 576 1976 601 non
1990 561 2094 600 illum
2107 575 2210 600 aver-

1256 633 1346 673 sata,
1366 624 1426 662 sed
1454 638 1557 662 omne
1574 623 1782 669 mandatum
1806 624 1862 662 illi
1880 623 2030 674 detexit,
2052 632 2086 662 et
2103 636 2211 676 porco

1257 685 1467 736 margaritas
1500 685 1645 736 objecit,
1677 685 1911 737 implevitque
1940 684 2037 736 quod
2057 699 2077 723 a
2099 683 2211 723 Chri-

1258 754 1312 783 sto
1336 745 1476 784 dictum
1496 747 1645 784 estlee
1672 749 1837 784 mittatis
1868 749 2102 798 margaritas
2136 759 2210 784 ve·
2228 752 2412 792 Muuhqo.

1258 815 1360 845 siras
1387 815 1479 845 ante
1493 819 1643 859 porcos,
1665 821 1712 844 ne
1726 808 1840 860 sorte
1860 807 2087 845 conculcent
2119 807 2211 845 illas

1255 868 1417 919 pedibus
1447 871 1543 914 suis,
1563 876 1599 906 et
1631 870 1807 905 conversi
1838 880 1910 905 vos
1937 868 2178 919 disrumpant
2198 884 2209 904 .-

1259 929 1297 968 id
1309 929 1405 980 quod
1418 937 1452 967 et
1470 929 1531 967 hic
1545 929 1679 967 sactum
1700 937 1764 967 est.
1780 928 1957 981 Apposuit
1975 928 2071 965 enim
2089 942 2210 980 porco,

1259 991 1344 1030 huic
1372 991 1475 1030 malae
1502 991 1638 1041 bestiae,
1668 990 1823 1029 daemoni
1854 988 2035 1038 videlicet,
2059 989 2121 1039 qui
2151 1004 2214 1042 per

1260 1062 1458 1106 serpentem
1486 1051 1715 1105 operabatur,
1746 1050 1889 1090 divinas
1924 1051 2149 1103 margaritas,
2181 1060 2215 1089 et

1261 1128 1330 1153 11011
1362 1114 1479 1154 solum
1497 1114 1578 1152 illas
1609 1112 1847 1164 conculcavit,
1864 1120 1899 1150 et
1917 1111 2025 1150 dictis
2043 1126 2079 1150 se
2097 1126 2215 1165 oppo-

1261 1177 1347 1227 suit,
1381 1176 1443 1215 scd
1463 1184 1497 1214 et
1515 1188 1718 1223 conversus,
1751 1187 1821 1212 non
1851 1174 1967 1226 ipsam
1993 1173 2123 1223 solum,
2154 1173 2217 1211 sed

1261 1252 1343 1277 cum
1358 1237 1436 1290 ipsa
1449 1235 1704 1289 primigenium
1719 1234 1900 1273 hominem
1915 1248 2055 1285 quoque
2070 1234 2106 1271 in
2122 1248 2218 1286 prae-

1215 1309 1239 1339 E
1261 1298 1426 1351 cipitium
1444 1297 1692 1336 inobedientiae
1707 1295 1890 1349 perduxit.
1907 1296 2068 1334 Tantum
2082 1295 2219 1333 malum

1263 1369 1313 1399 est
1333 1360 1467 1411 absque
1494 1358 1633 1397 delectu
1661 1358 1775 1396 cuivis
1802 1365 1836 1395 et
1866 1356 2068 1409 promiscue
2094 1356 2218 1394 divina

1263 1421 1433 1474 mysteria
1451 1420 1626 1472 detegere.
1650 1418 1811 1458 Audiam
1838 1418 1902 1469 qui
1920 1417 1996 1457 51118
2013 1418 2220 1457 discrimine

1263 1482 1476 1534 simpliciter
1495 1496 1578 1520 cum
1606 1479 1774 1519 omnibus
1805 1479 2072 1530 colloquuntur.
2098 1480 2221 1530 Neque

1263 1543 1360 1581 enim
1388 1543 1439 1582 ibi
1459 1542 1626 1581 Christus
1644 1541 1689 1579 de
1711 1540 1871 1579 sensibili
1894 1554 2003 1593 porco
2037 1540 2218 1592 praecepit,

1265 1604 1328 1643 sed
1355 1604 1518 1643 homines
1546 1603 1704 1656 porcinis
1732 1601 1895 1640 moribus
1920 1600 2137 1651 subindicat,
2160 1602 2222 1652 qui

1265 1665 1356 1704 sieut
1374 1666 1481 1704 bruta
1501 1665 1565 1703 illa
1584 1664 1619 1702 in
1641 1663 1775 1716 peccati
1794 1663 1872 1701 luto
1891 1663 2138 1711 involvuntur,
2153 1662 2220 1700 do-

1266 1741 1346 1765 cens
1378 1740 1457 1777 nos,
1488 1735 1527 1764 ut
1559 1737 1793 1778 personarum
1821 1724 2067 1763 diversitatem
2092 1723 2221 1776 digno-

1267 1802 1421 1837 scamus,
1453 1797 1488 1825 et
1516 1787 1601 1826 *citae
1635 1786 1788 1824 rationes
1819 1785 2057 1836 inquiramus,
2081 1785 2224 1836 quando

168 1865 226 1889 ναι
242 1852 301 1890 καὶ
317 1851 514 1904 προσώπων
533 1852 712 1906 διαφορὰν,
729 1852 788 1889 καὶ
802 1851 979 1895 πολιτείας
997 1857 1011 1873 “
1023 1853 1196 1900 ἐπιζητεῖν
1218 1864 1245 1893 A
1265 1848 1406 1900 aliquid
1434 1848 1643 1887 divinorum
1674 1845 1901 1896 eloquiorum
1926 1859 2103 1897 exponere
2132 1859 2224 1897 opus

171 1911 365 1963 ἀκρίὸειαν,
383 1913 488 1959 ἡνίκα
503 1913 542 1950 ἂν
559 1913 618 1966 δέῃ
644 1930 678 1952 τι
701 1916 769 1951 τῶν
790 1913 890 1950 θείων
908 1912 1034 1963 λογίων
1050 1912 1195 1951 ἐκκαλύ-

171 1988 283 2019 πτειν,
304 1972 360 2011 iva
381 1973 429 2024 μὴ
446 1971 624 2019 κάκείνους
639 1974 698 2013 καὶ
714 1972 855 2017 ἑαυτοὺς
868 1973 1132 2024 λυμαινώμεθα.
1147 1975 1195 2012 Οἱ

172 2032 242 2086 γὰρ
257 2039 415 2072 amoveat
446 2037 484 2073 οὐ
516 2035 618 2086 μόνον
638 2034 733 2073 οὐδὲν
761 2033 996 2087 κερδαίνουσιν
1030 2033 1099 2071 ἀπὸ
1125 2035 1194 2071 τῶν

170 2094 381 2146 λεγομένων,
412 2095 502 2134 ἀλλὰ
529 2097 589 2134 καὶ
614 2095 692 2139 τοὺς
720 2094 953 2139 ἀνεξετάστως
976 2093 1196 2145 παραθέντας

171 2155 250 2200 τοὺς
268 2156 394 2202 καλοὺς
411 2157 550 2201 τούτους
569 2157 788 2211 μαργαρίτας
800 2187 811 2206 ,
828 2159 876 2200 εἷς
901 2157 941 2194 τὸ
969 2156 1050 2194 αὐτὸ
1079 2158 1194 2199 αὐτοῖς

172 2217 344 2270 βάραθρον
358 2220 419 2264 τῆς
436 2219 611 2261 ἀπωλείας
624 2218 793 2262 πολλάκις
811 2218 1023 2269 κατήγαγον.
1040 2217 1105 2254 Διὸ
1122 2216 1192 2270 χρὴ

169 2278 260 2328 μετὰ
275 2279 454 2332 ἀκριὸείας
479 2283 591 2318 ταῦτα
617 2278 968 2331 παραφυλάττεσθαι,
995 2277 1052 2316 ἵνα
1079 2277 1128 2328 μὴ
1149 2276 1195 2316 τὰ

170 2338 257 2377 αὐτὰ
282 2347 354 2384 τοῖς
376 2344 435 2378 νῦν
461 2343 690 2388 ἀπατηθεῖσιν
718 2340 959 2391 ὑπομένωμεν.
980 2341 1026 2378 Εἰ
1046 2339 1114 2392 γὰρ
1135 2339 1194 2378 καὶ

167 2403 226 2438 νῦν
256 2405 279 2448 ἡ
309 2401 394 2453 γυνὴ
425 2401 598 2449 ἐὸουλήθη
629 2401 707 2446 τοὺς
743 2400 852 2445 θείους
883 2400 1101 2454 μαργαρίτας
1144 2400 1193 2451 μὴ

168 2466 347 2515 προθεῖναι
364 2465 415 2514 τῷ
433 2462 577 2515 χοίρῳ,’
593 2464 654 2501 οὐκ
683 2462 724 2500 ἂν
741 2463 819 2502 οὔτε
838 2462 926 2508 αὐτὴ
957 2464 1004 2506 εἷς
1033 2462 1091 2500 τὸν
1108 2477 1194 2515 κρη-

171 2524 255 2574 μνὸν
285 2527 404 2563 τοῦτον
438 2523 658 2578 κατηνέχθη,
690 2523 769 2563 οὔτε
801 2524 859 2564 τὸν
890 2524 999 2573 ἄνδρα
1029 2522 1194 2572 συγκατέ-

171 2600 316 2625 σπασεν.

221 2646 316 2685 Ἀλλ’
332 2647 535 2700 ἀκούσωμεν
548 2649 582 2687 τί
596 2649 681 2702 πρὸς
695 2650 797 2689 αὐτὸν
815 2650 1052 2704 ἀποκρίνεται.
1067 2650 1195 2689 Εἷπόν·
1215 2659 1238 2690 Β

167 2723 226 2752 τος
239 2708 307 2762 γὰρ
325 2709 474 2756 ἐκείνου,
493 2709 541 2748 Τί
559 2709 613 2748 ὅτι
630 2704 725 2750 εἶπεν
743 2715 761 2750 ὃ
777 2712 888 2759 Θεὸς,
908 2711 977 2750 ἀπὸ
994 2711 1120 2756 παντὸς
1140 2710 1194 2755 ξύ-

168 2769 230 2807 λου
255 2772 315 2808 τοῦ
335 2770 547 2823 παραδείσου
563 2773 601 2809 οὗ
623 2771 671 2822 μὴ
689 2773 824 2825 φάγητε
832 2788 845 2822 ;
866 2772 972 2826 φησὶν
997 2776 1014 2820 ἦ
1036 2773 1122 2825 γυνὴ
1142 2775 1192 2827 τῷ

168 2830 261 2881 ὄφει·
290 2830 374 2870 Ἀπὸ
392 2833 521 2876 παντὸς
539 2833 638 2878 ξύλου
661 2839 721 2872 τοῦ
752 2834 964 2888 παραδείσου
983 2834 1166 2886 φαγόμεθα
1183 2849 1190 2857 ·

168 2891 238 2928 ἀπὸ
256 2889 293 2929 δὲ
308 2895 368 2929 τοῦ
386 2897 520 2944 καρποῦ
540 2898 600 2932 τοῦ
619 2894 717 2938 ξύλου
738 2899 798 2933 τοῦ
821 2897 856 2933 ἐν
878 2894 974 2947 μέσῳ
995 2900 1056 2933 τοῦ
1074 2910 1191 2947 παρα-

168 2951 281 2990 δείσου
297 2980 307 2998 ,
334 2946 427 2990 εἶπεν
443 2956 461 2991 ὃ
477 2954 584 3003 Θεὸς,
605 2955 624 2974 *
636 2957 674 2994 οὐ
692 2955 848 3007 φάγησθε
861 2985 872 3003 ,
891 2955 967 2994 οὐδὲ
986 2955 1034 3006 μὴ
1056 2956 1190 3008 ἅψησθε

167 3014 290 3060 αὐτοῦ,
301 3012 357 3051 ἵνα
375 3013 432 3064 μὴὓ
443 3015 650 3062 ἀποθάνητε.
668 3011 769 3061 Εἶδες
788 3017 1018 3068 κακουργίαν;
1040 3011 1131 3055 Eine
1149 3017 1190 3055 τὸ

152 3072 217 3124 ’μὴ
230 3073 280 3121 ὂν,
295 3073 352 3112 ἵνα
372 3076 648 3126 ἐκκαλεσάμενος
665 3077 772 3125 αὐτὴν
792 3080 840 3122 εἰς
859 3077 1009 3122 διάλεξιν
1035 3078 1128 3130 μάθῃ
1149 3078 1190 3116 τὸ

165 3134 215 3173 ὄν.
231 3134 276 3174 ‘H
291 3135 358 3187 γὰρ
374 3135 458 3188 γυνὴ
473 3137 606 3185 λοιπὸν,
633 3141 680 3182 ὡς
698 3141 858 3183 εὐνοϊκῶς
886 3139 967 3192 περὶ
988 3138 1096 3185 αὐτὴν
1115 3141 1191 3178 δια-

210 3265 230 3290 h
244 3264 342 3299 Colb.
360 3271 449 3312 ἕτερα
465 3270 496 3302 δὲ
518 3273 616 3308 αὐτός.

210 3327 225 3342 ··
241 3317 342 3350 savit.
358 3327 393 3351 et
407 3319 542 3362 quidam
557 3322 635 3355 Mss.
647 3328 692 3365 μὴ
704 3326 850 3364 βάλλετε.

214 3369 231 3393 d
247 3370 327 3413 neg.
344 3382 426 3403 unus
448 3378 485 3411 ὡς
506 3378 608 3415 ἔτυχεν
628 3377 747 3412 ἀναίδην
771 3384 852 3410 πᾶσι.
868 3373 967 3408 San-il.
986 3377 1100 3412 ἀνέδην.
1118 3376 1175 3406 In-

1266 1909 1386 1956 fuerit,
1406 1923 1450 1947 ne
1467 1917 1501 1947 et
1515 1908 1596 1946 illos
1617 1916 1650 1944 et
1671 1905 1905 1957 nosmetipsos
1918 1904 2105 1943 laedamus.
2128 1906 2224 1943 Nam

1266 1971 1330 2022 qui
1342 1969 1428 2008 tales
1440 1978 1536 2019 sunt,
1552 1981 1621 2006 non
1638 1967 1754 2005 solum
1770 1966 1864 2004 nibil
1876 1966 1968 2004 lucri
1983 1980 2030 2004 ex
2045 1965 2150 2004 dictis
2164 1980 2223 2004 ca-

1265 2032 1384 2085 piunt,
1402 2030 1465 2070 sed
1483 2039 1517 2068 et
1536 2043 1592 2067 eos
1607 2028 1671 2079 qui
1689 2028 1800 2066 bonas
1819 2027 1900 2065 illas
1916 2027 2127 2078 margaritas
2140 2027 2221 2065 abs-

1264 2106 1334 2143 que
1343 2089 1672 2142 disquisitioncillis
1685 2095 1956 2140 proposuerant,
1969 2101 2088 2126 secum
2097 2087 2134 2124 in
2147 2101 2221 2125 suae

1264 2152 1476 2206 perditionis
1496 2148 1717 2203 profundum
1739 2162 1833 2201 saepe
1853 2156 2117 2201 pertraxerunt.
2137 2146 2220 2185 Ideo

1264 2227 1346 2252 cum
1367 2211 1555 2264 diligentia
1573 2208 1794 2248 observanda
1813 2218 1895 2248 sunt
1922 2209 2014 2260 haec,
2035 2222 2079 2247 ne
2097 2208 2221 2246 eadem

1263 2275 1444 2328 patiamur
1461 2288 1540 2325 quae
1559 2272 1615 2310 illi
1633 2271 1697 2322 qui
1715 2270 1776 2308 hic
1796 2270 1930 2323 decepti
1951 2278 2046 2309 sunt.
2074 2270 2166 2307 Nam
2186 2279 2221 2308 et

1264 2350 1360 2375 nunc
1374 2335 1404 2374 si
1419 2334 1589 2375 voluisset
1602 2331 1732 2370 mulier
1747 2345 1817 2370 non
1829 2344 2026 2384 proponere
2044 2330 2219 2382 margari-

1264 2406 1318 2436 tas
1332 2411 1453 2450 porcc,
1473 2409 1588 2447 neque
1604 2394 1682 2447 ipsa
1696 2394 1731 2431 in
1748 2392 1988 2446 praecipitium
2005 2392 2144 2441 ruisset,
2158 2405 2219 2431 ne·

1265 2473 1334 2510 que
1351 2458 1472 2498 virum
1491 2469 1612 2496 secum
1626 2453 1803 2495 traxisset.

1317 2650 1357 2688 5.
1377 2648 1450 2688 Sed
1467 2646 1656 2685 audiamus
1674 2642 1763 2696 quid
1789 2644 1845 2681 illi
1874 2642 2098 2695 respondeat.
2123 2643 2216 2697 Nam

1264 2719 1304 2749 ut
1316 2710 1472 2759 dixerat,
1488 2709 1569 2747 Car
1585 2707 1685 2743 dixit
1701 2706 1822 2751 Deus,
1833 2705 1894 2742 De
1912 2706 2016 2741 omni
2027 2704 2132 2755 ligno
2145 2717 2216 2756 pa-

1263 2773 1387 2810 radisi
1411 2784 1460 2808 ne
1486 2767 1726 2806 comedatis?
1740 2765 1858 2816 inquit
1877 2764 2006 2802 mulier
2031 2764 2184 2816 serpenti
2203 2780 2211 2800 :

1262 2835 1302 2871 9.
1325 2833 1387 2870 De
1404 2831 1510 2868 omni
1530 2829 1634 2879 ligno
1649 2826 1828 2878 paradisi
1843 2826 2079 2864 comedimus
2085 2841 2101 2870 ‚·
2110 2826 2147 2863 5.
2167 2826 2215 2864 de

1257 2895 1393 2946 fructu
1417 2900 1547 2930 autem
1566 2890 1676 2940 ligni,
1700 2887 1804 2939 quod
1817 2895 1873 2925 est
1889 2889 1930 2924 in
1956 2886 2081 2924 medio
2096 2900 2213 2938 para-

1261 2957 1350 3001 disi,
1373 2955 1472 2991 dixit
1493 2952 1611 2996 Deus,
1632 2963 1680 2987 ne
1697 2949 1922 2994 comedatis,
1940 2960 2064 2999 neque
2077 2950 2213 3000 attige-

1260 3018 1345 3054 ritis
1364 3018 1502 3066 ipsum,
1522 3020 1564 3049 ut
1583 3023 1660 3048 non
1685 3010 1920 3047 moriamini.
1949 3006 2088 3048 Vidisti
2108 3008 2211 3046 mali-

1260 3074 1457 3128 gnitatem?
1478 3071 1582 3111 Dixit
1601 3069 1696 3121 quod
1724 3082 1795 3107 non
1816 3077 1914 3118 erat,
1934 3077 1974 3106 ut
1993 3068 2212 3120 colloquium

1260 3143 1484 3190 provocaret,
1510 3141 1543 3170 et
1558 3130 1709 3170 disceret
1721 3129 1759 3168 id
1770 3129 1867 3181 quod
1877 3138 1962 3168 erat.
1972 3128 2107 3168 Mulier
2117 3128 2211 3167 enim

1207 3274 1316 3314 χοίρων
1330 3273 1472 3299 tantum.
1490 3262 1606 3298 Morel.
1624 3267 1693 3309 περὶ
1713 3266 1817 3308 χοίρου
1839 3265 1992 3300 αἰσθητοῦ.

1252 3330 1266 3344 ¹·
1281 3320 1354 3351 Duo
1369 3318 1446 3349 Mss.
1465 3324 1574 3357 ζητεῖν.
1589 3313 1698 3348 Iidem
1717 3320 1754 3348 ἀν
1773 3328 1802 3348 τι
1818 3315 1889 3347 δέοι.

1256 3370 1272 3387 *
1290 3371 1301 3412 [
1318 3367 1403 3402 Bibl.
1419 3372 1452 3403 οὐ
1467 3372 1605 3414 poi-stobe.
1625 3363 1726 3404 Coisl.
1744 3369 1776 3400 οὐ
1791 3370 1837 3408 μὴ
1850 3368 1976 3409 poi-‘2081
1989 3367 2095 3403 αὐτοῦ,
2113 3363 2214 3395 omis<

165 3419 220 3452 fra
238 3422 318 3465 neg.
335 3433 419 3455 uuus
434 3430 467 3455 et
480 3423 576 3456 colb.
595 3435 677 3458 uuus
694 3431 802 3471 χοίρων
816 3432 973 3465 αἰσθητῶν,
994 3425 1095 3459 Savil.
1110 3440 1176 3470 περι
1211 3425 1252 3456 sis
1276 3425 1339 3457 οὐδὲ
1353 3427 1397 3465 μὴ
1418 3420 1487 3466 ἀμ]
