2516 3791
691 212 732 241 ΙΝ
769 212 869 242 (ἶΛΡ.
912 209 1037 240 xvttt.

110 305 268 346 ὑπόθεσις
290 299 515 350 γενησόμεθα.
546 296 711 348 Καθάπερ
740 296 808 347 γὰρ
828 295 890 342 τὴν
917 292 1041 346 ἀρετὴν
1067 307 1131 343 με·

109 368 238 407 τιόντες
252 363 358 412 διπλῇ
378 360 436 399 τὸν
453 358 573 412 μισθὸν
589 357 686 410 παρὰ
701 360 760 396 τοῦ
781 359 874 395 Θεοῦ
890 354 1130 408 καρπούμεθα,

109 427 167 466 καὶ
182 425 268 477 ὑπὲρ
281 418 329 462 ὧν
351 423 392 460 ἂν
416 421 546 469 ταύτην
570 420 756 473 μετίωμεν,
783 418 843 461 καὶ
871 418 956 469 ὑπὲρ
977 410 1025 454 ὧν
1053 415 1133 458 τοὺς

108 486 255 535 πλησίον
269 483 495 538 ἐφελκώμεθα
524 485 570 527 εἰς
597 482 661 529 τὴν
687 486 749 530 τῆς
775 485 900 536 ἀρετῆς
926 477 1106 519 κοινωνίαν
1124 492 1131 499 ·

107 549 166 587 τὸν
181 548 282 586 αὐτὸν
306 546 348 593 δὴ
379 544 506 597 τρόπον
525 544 583 584 καὶ
613 545 670 583 ἐπὶ
696 547 759 591 τῆς
787 544 930 587 κακίας,
956 543 1022 593 οὐχ
1045 538 1131 590 ὑπὲρ

105 604 154 647 ὧν
185 608 442 661 ἡμαρτήκαμεν
468 606 685 656 κολαζόμεθα
712 606 834 656 μόνον,
868 605 944 642 ἀλλ’
965 601 1053 652 ὑπὲρ
1084 594 1132 637 ὧν

109 671 167 709 καὶ
190 669 325 722 ἑτέρους
345 667 631 718 ὑποσκελίζομεν.
650 666 753 705 Ἀλλὰ
769 666 817 717 μὴ
841 664 974 716 γένοιτο
990 665 1058 700 τῶν
1080 662 1131 698 ἐν-

106 731 217 770 ταῦθά
235 747 311 768 τινα
326 730 510 769 συνιόντων
525 731 678 766 τοιοῦτον
692 726 869 778 γενέσθαι,
890 723 980 762 ἀλλὰ
997 722 1130 764 πάντας

99 797 205 844 ἡμᾶς
229 791 314 843 πρὸς
333 789 517 840 οἰκοδομὴν
549 791 618 826 τῶν
637 787 797 840 ὁρώντων
822 786 878 824 τὸν
904 787 1036 823 ἑαυτῶν
1057 782 1131 834 βίον

110 853 247 898 ἰθύνειν,
278 852 332 889 ἵνα
369 852 568 900 δυνηθῶμεν
601 847 688 899 μετὰ
706 846 904 900 παρρησίας
923 849 1048 892 στῆναι
1074 844 1132 882 ἐπὶ

109 918 169 953 τοῦ
185 913 341 964 βήματος
362 914 422 950 τοῦ
451 913 623 963 Χριστοῦ,
642 909 701 947 καὶ
730 911 800 946 τῶν
818 906 1026 960 ἀπορρήτων
1045 906 1133 945 ἐκεί-
1158 908 1182 937 D

108 991 173 1012 νων
196 977 332 1025 ἀγαθῶν
348 972 554 1018 ἀξιωθῆναι,
573 965 621 1009 ῶν
636 970 770 1023 γένοιτο
792 970 925 1013 πάντας
944 973 1038 1020 ἡμᾶς
1054 971 1131 1007 ε’πι·

109 1042 248 1089 τυχεῖν,
270 1034 390 1087 χάριτι
418 1033 477 1071 καὶ
513 1031 755 1085 φιλανθρωπία
782 1035 842 1070 τοῦ
879 1030 1007 1083 Κυρίου
1031 1033 1132 1081 ἡμῶν

110 1098 226 1144 Ἰησοῦ
252 1098 425 1148 Χριστοῦ,
464 1097 537 1146 μεθ’
574 1088 612 1132 οῦ
645 1096 694 1145 τῷ
723 1091 839 1145 Πατρὶ
867 1093 940 1143 ἅμα
962 1094 1012 1143 τῷ
1041 1090 1130 1142 ἁγίῳ

112 1159 292 1209 Πνεύματι
321 1157 420 1203 δόξα,
445 1156 590 1208 κράτος,
613 1155 718 1205 τιμὴ,
746 1157 805 1191 νῦν
832 1153 890 1191 καὶ
908 1153 978 1196 ἀεὶ,
999 1152 1057 1190 καὶ
1086 1154 1134 1194 εἷς

112 1220 191 1263 τοὺς
206 1221 332 1263 αἰῶνας
349 1221 417 1256 τῶν
433 1219 579 1256 αἰώνων.
598 1215 721 1267 Ἀμήν.

483 1342 573 1378 (ull
589 1341 660 1377 UA
690 1338 760 1388 μα’.

112 1447 227 1497 Ὠφθη
248 1447 283 1484 δὲ
299 1449 316 1484 ὁ
330 1445 420 1488 Θεὸς
437 1448 487 1497 τῷ
505 1444 663 1497 Ἀδραὰμ
679 1444 764 1497 πρὸς
780 1446 824 1495 τῇ
845 1443 933 1495 δρυῒ
951 1446 993 1495 τῇ
1025 1445 1133 1494 Μαμ-
1161 1441 1182 1471 Ε

165 1508 250 1559 ὅρῆ,
269 1506 465 1557 καθημένου
494 1508 599 1544 αὐτοῦ
619 1505 677 1544 ἐπὶ
700 1508 761 1551 τῆς
789 1505 892 1556 θύρας
914 1507 976 1550 τῆς
1005 1507 1134 1551 σκηνῆς

165 1571 269 1607 αὐτοῦ
297 1567 529 1619 μεσημὸρίας.

167 1675 283 1712 Ὀκνῶ
308 1674 367 1712 καὶ
394 1673 588 1725 ἀναδύομαι
608 1674 759 1726 σήμερον
787 1673 872 1725 πρὸς
894 1673 956 1721 τὴν
985 1676 1046 1720 τῆς
1080 1674 1134 1710 δι-

112 1735 301 1779 δασκαλίας
335 1735 512 1786 ἐξήγησιν.
546 1735 660 1773 ξὈταν
686 1735 754 1787 γὰρ
779 1734 951 1782 ἐννοήσω,
974 1736 1028 1773 ὅτι
1056 1738 1134 1772 καθ’

114 1796 263 1842 ἑκάστην
284 1796 418 1848 ἡμέραν
456 1799 556 1847 ἡμῶν
595 1796 822 1848 ἐνηχούντων,
859 1796 1134 1848 παραινούντων,

112 1857 372 1909 παρατιθέντων
387 1860 467 1908 ὑμῖν
484 1858 546 1904 τὴν
565 1857 805 1908 πνευματικὴν
822 1857 952 1903 ταύτην
969 1858 1136 1907 ἑστίασιν,

112 1918 235 1956 πολλοὶ
251 1920 319 1956 τῶν
334 1921 478 1957 ἐνταῦθα
509 1918 814 1971 παραγενομένων,
830 1919 888 1956 καὶ
919 1919 1136 1971 μετεχόντων

112 1982 174 2026 τῆς
188 1983 427 2029 πνευματικῆς
458 1980 586 2026 ταύτης
615 1980 856 2027 διδασκαλίας,
877 1980 936 2018 καὶ
959 1978 1024 2028 ’τῆς
1056 1997 1135 2033 φρι-

112 2045 197 2088 κτῆς
222 2042 280 2079 καὶ
312 2041 460 2094 φοὲερᾶς
489 2042 682 2094 τραπέζης,
712 2042 771 2080 ἐπὶ
806 2042 866 2086 τὰς
902 2042 1138 2095 ἱπποδρομίας

113 2102 378 2154 διημερεύουσι,
399 2103 458 2141 καὶ
478 2103 574 2142 οὐδὲν
591 2106 704 2147 αὐτοῖς
723 2102 827 2142 πλέον
844 2103 912 2142 ἀπὸ
926 2106 987 2149 τῆς
1007 2107 1039 2153 ἡι
1061 2103 1136 2141 ετέ-

114 2179 175 2215 ρας
191 2166 375 2215 γεγένηται
391 2165 542 2210 σπουδῆς
556 2193 565 2210 ,
584 2160 674 2202 ἄλλα
695 2164 853 2216 καθάπερ
873 2164 1037 2218 συνηθείᾳ
1069 2164 1135 2202 τινὶ

1078 207 1242 238 ΟΙῖΝΕΒ.

1149 2203 1196 2230 411

1281 207 1439 237 nomm„
1478 206 1568 236 xm.

2063 195 2156 258 475

1206 289 1281 328 dali
1295 289 1439 329 erimus.
1455 288 1557 328 Sicut
1572 288 1667 326 enim
1683 288 1852 327 virtutem
1871 289 2064 341 amplexati
2084 291 2155 328 du—

1208 352 1338 404 plicem
1360 349 1556 390 mercedem
1572 364 1592 388 a
1611 351 1688 388 Deo
1718 349 1927 402 accipimus,
1955 359 2031 387 tum
2063 352 2160 401 quod

1209 412 1276 464 ipsi
1298 411 1466 451 virtutem
1494 425 1741 461 exerceamus,
1775 419 1852 448 tum
1879 410 1975 462 quod
1997 411 2086 449 alios
2115 414 2160 450 ad

1210 473 1333 511 vitutis
1360 473 1643 511 communionem
1674 472 1878 511 trahamus:
1907 472 1955 510 ita
1977 472 2005 510 si
2035 472 2071 511 in
2094 487 2159 511 ne—

1207 532 1319 582 quitia
1338 546 1533 580 versemur,
1553 546 1621 570 non
1642 532 1758 570 solum
1780 531 1951 584 punimur
1973 532 2071 583 quod
2090 532 2158 585 ipsi

1206 592 1444 643 peccavimus,
1463 592 1523 630 sed
1545 602 1578 630 et
1598 592 1696 643 quod
1722 593 1802 631 aliis
1820 592 1986 631 seandalo
2014 593 2159 631 suimus.

1209 654 1344 692 Verum
1363 653 1458 690 absit
1479 662 1518 689 ut
1543 653 1674 703 aliquis
1703 667 1826 692 eorum
1843 655 1905 705 qui
1926 653 1987 692 hic
2008 663 2103 704 sunt,
2126 654 2162 692 in

1204 712 1412 765 hujusmodi
1427 722 1518 751 statu
1535 722 1708 761 versetur,
1727 715 1786 752 sed
1805 729 1868 753 nos
1882 730 2004 754 omnes
2015 715 2060 754 ad
2076 715 2163 754 mdi-

1205 773 1385 812 ficandum
1405 788 1462 812 eos
1480 773 1542 825 qui
1558 787 1620 811 nos
1636 774 1771 821 vident,
1787 776 1897 813 vitam
1914 776 2157 826 instituamus,

1207 843 1245 872 ut
1265 835 1442 887 possimus
1465 848 1592 885 magna
1624 834 1756 872 fiducia
1777 844 1869 873 stare
1883 837 1981 888 apud
2001 838 2161 876 tribunal

1207 895 1355 945 Christi,
1375 905 1408 934 et
1440 895 1638 933 ineffabilia
1659 896 1720 934 illa
1752 896 1843 934 bona
1873 899 2039 949 consequi
2058 915 2065 934 :
2085 915 2163 950 qum

1207 957 1310 994 nobis
1328 957 1495 995 omnibus
1524 956 1774 1007 concedantur,
1796 958 1908 1009 gratia
1937 968 1970 997 et
2001 960 2163 1009 benigni-

1206 1026 1276 1056 tate
1297 1018 1443 1056 Domini
1464 1017 1574 1056 nostri
1593 1020 1677 1058 Jesu
1698 1018 1852 1067 Christi,
1875 1033 1957 1057 cum
1977 1035 2047 1071 quo
2067 1021 2161 1058 Patri

1206 1088 1240 1117 et
1261 1080 1391 1118 Sancto
1423 1079 1574 1132 Spiritui
1594 1079 1639 1117 sit
1670 1079 1805 1130 gloria,
1833 1080 1948 1118 honor
1977 1091 2010 1118 et
2043 1082 2161 1133 impc-

1207 1140 1315 1190 rium,
1335 1155 1429 1179 nunc
1450 1149 1484 1178 et
1505 1154 1655 1192 semper,
1679 1140 1763 1178 etin
1790 1141 1918 1180 saecula
1942 1142 2150 1179 saeculorum

1211 1206 1331 1240 Amen.

1507 1334 1742 1372 ·llOMILlA
1767 1334 1863 1372 XLI.

1210 1438 1389 1491 Apparuit
1421 1446 1540 1475 autem
1578 1439 1675 1476 Deus
1697 1438 1850 1477 Abraliae
1883 1439 1980 1492 apud
1998 1454 2166 1492 quereum
2185 1460 2258 1486 GN„
2280 1456 2321 1485 (g,
2342 1467 2366 1486 ,μ

1264 1499 1446 1548 Mambre,
1463 1498 1604 1537 sedente
1623 1499 1699 1552 ipso
1723 1500 1766 1537 ad
1784 1501 1933 1552 januam
1951 1502 2166 1541 tabernaculi

1263 1560 1318 1598 sui
1335 1559 1496 1597 meridie.

1268 1675 1282 1709 1
1295 1702 1302 1709 .
1320 1671 1602 1710 cunctabundus
1616 1672 1733 1722 hodie,
1754 1687 1816 1711 nec
1831 1673 2026 1713 admodum
2043 1676 2170 1715 alacris

1213 1732 1258 1770 ad
1277 1732 1479 1770 docendum
1495 1732 1664 1770 enarrant]
1672 1748 1802 1784 umque
1820 1735 1960 1773 accedo.
1981 1738 2072 1775 Ram
2087 1752 2169 1776 cum

1216 1803 1332 1832 mente
1351 1803 1491 1846 reputo,
1506 1793 1609 1831 nobis
1623 1794 1784 1844 quotidie
1796 1796 2101 1847 concionantibus,
2110 1799 2171 1836 ad-

1214 1855 1456 1903 monentibus,
1478 1863 1510 1892 et
1532 1853 1719 1906 spirituale
1752 1855 1820 1894 hoc
1840 1857 1943 1895 vobis
1964 1859 2172 1898 convivium

1213 1917 1487 1970 apponentibus,
1504 1916 1637 1955 multos
1658 1931 1704 1954 ex
1718 1917 1776 1955 his
1794 1917 1880 1970 ipsis
1898 1919 1959 1969 qui
1981 1919 2127 1969 adsunt,
2139 1930 2173 1958 et

1213 1979 1410 2031 spiritualis
1427 1979 1534 2031 hujus
1548 1977 1735 2028 doctrinae,
1758 1993 1798 2017 ac
1819 1980 2008 2019 tremendae
2034 1981 2173 2020 terribi-

1211 2040 1327 2091 lisque
1345 2053 1474 2077 mensae
1501 2048 1583 2077 sunt
1612 2039 1822 2092 participes,
1840 2049 1931 2078 totos
1946 2040 2022 2079 dies
2040 2042 2076 2079 in
2096 2056 2172 2094 spe-

1213 2100 1351 2139 ctandis
1362 2100 1458 2138 ludis
1465 2100 1689 2151 equestribus
1699 2100 1857 2152 perdere,
1865 2110 1898 2139 et
1911 2101 2058 2153 perinde
2068 2111 2173 2154 atquc

1212 2161 1242 2199 si
1257 2175 1324 2199 non
1340 2160 1562 2210 doceremus,
1578 2160 1671 2197 nihil
1691 2161 1878 2212 proficere,
1895 2161 1956 2200 sed
1975 2162 2076 2213 quasi
2092 2177 2172 2201 con-

111 2223 351 2271 δουλεύοντες,
376 2223 516 2262 ἐπειδὰν
536 2224 640 2276 νεύσῃ
666 2224 769 2275 μόνον
790 2227 808 2262 ὁ
827 2224 1006 2269 διάὸολος,
1035 2224 1136 2263 αὐτό-
1162 2240 1187 2269 Α
1211 2220 1815 2273 suetudinicuipiamse1·viente5,si
1830 2231 1969 2260 tantum
1980 2233 2113 2262 annuat
2123 2224 2172 2261 eis

112 2300 218 2334 ματοι
246 2284 450 2323 σπεύδουσιν
471 2285 528 2323 ἐπὶ
551 2285 595 2323 τὰ
621 2285 809 2337 παράνομα
838 2286 954 2323 ἐκεῖνα
983 2283 1111 2337 θέατρα
1127 2313 1136 2330 ,

112 2345 170 2383 καὶ
192 2345 332 2389 ἑαυτοὺς
366 2345 501 2389 ἑκόντες
529 2353 599 2390 τοῖς
628 2346 778 2390 δικτύοις
808 2346 1047 2385 ὓποῧάλλουσι
1075 2349 1136 2384 τοῦ

112 2411 263 2458 πονηροῦ
287 2407 459 2458 δαίμονος,
475 2408 533 2445 καὶ
547 2407 626 2446 οὔτε
645 2407 800 2461 ἡμετέρα
817 2408 975 2448 νουθεσία
989 2439 999 2456 ,
1019 2408 1096 2447 οὔτε
1113 2411 1134 2454 ἡ

113 2474 218 2520 πεῖρα
238 2467 345 2515 αὐτὴ,
363 2468 422 2506 καὶ
440 2468 480 2506 τὸ
501 2468 664 2517 ἀνόνητον
685 2473 748 2517 τῆς
770 2471 842 2508 ἐκεῖ
870 2469 1072 2522 διατριὸἧς,
1088 2471 1138 2508 δι-

115 2529 305 2573 δασκαλίας
324 2532 439 2573 αὐτοῖς
467 2530 628 2574 ὑπόθεσις
655 2531 792 2582 γέγονε·
812 2531 896 2584 ποίᾳ
911 2531 1031 2570 λοιπὸν
1051 2547 1137 2583 προ-

115 2590 222 2644 θυμία
242 2590 286 2629 τὰ
317 2593 378 2637 τῆς
414 2591 637 2636 διδασκαλίας
663 2592 853 2643 ποιήσαιμι
894 2591 980 2645 πρὸς
1014 2592 1139 2644 ἄνδρας

114 2651 211 2690 οὐδὲν
227 2651 417 2704 κερδαίνειν
437 2653 665 2704 βουλομένους
684 2656 723 2692 ἐκ
748 2656 817 2692 τῶν
839 2655 923 2707 παρ’
950 2657 1051 2705 ἡμῶν
1078 2656 1139 2692 λε-

112 2712 286 2763 γομένων,
322 2714 391 2752 Καὶ
423 2713 470 2765 μὴ
512 2715 705 2766 θαυμάσῃς.
735 2715 839 2754 Ἐπεὶ
870 2715 928 2753 καὶ
959 2715 1110 2767 γηπόνος
1129 2746 1138 2760 ,

116 2774 255 2812 ἐπειδὰν
272 2774 329 2826 ἴδῃ
359 2775 448 2825 μετὰ
471 2775 595 2819 πόνους
627 2776 776 2820 πολλοὺς
802 2776 862 2815 καὶ
901 2777 1142 2830 ταλαιπωρίας

117 2835 237 2885 ἄγονον
255 2836 439 2886 γινομένην
461 2836 524 2884 τὴν
543 2841 621 2888 γῆν,
639 2838 698 2876 καὶ
729 2840 792 2877 οὐκ
812 2837 909 2882 ἀξίαν
942 2841 1010 2876 τῶν
1027 2838 1142 2877 πόνων

118 2896 180 2943 τὴν
208 2896 357 2946 ἀμοιὸὴν
376 2898 632 2950 παρεχομένην,
657 2899 882 2952 ὀκνηρότερος
907 2900 1040 2952 γίνεται
1063 2900 1144 2952 περὶ

1211 2282 1392 2331 diabolus,
1410 2296 1475 2320 sua
1490 2291 1613 2334 sponte
1628 2295 1814 2320 accurrere
1827 2283 1874 2321 ad
1892 2284 2003 2336 impia
2015 2284 2077 2322 illa
2091 2300 2172 2337 spe-

1210 2343 1359 2393 ctacula,
1374 2352 1408 2381 et
1427 2342 1562 2395 seipsos
1575 2343 1732 2381 libenter
1745 2344 1894 2395 maligni
1910 2345 2085 2383 daemonis
2098 2346 2173 2384 illa-

1212 2418 1341 2456 queare
1353 2404 1502 2453 retibus,
1517 2413 1551 2441 et
1568 2417 1680 2454 neque
1699 2412 1858 2442 nostram
1876 2405 2171 2457 admonitionem,

1212 2479 1327 2516 neque
1336 2464 1536 2517 periculum
1548 2464 1680 2517 ipsum,
1691 2465 1971 2516 nequeinutilem
1986 2466 2099 2518 ipsam
2107 2468 2172 2505 fre-

1211 2526 1476 2578 quentationem
1503 2525 1673 2563 doctrinae
1695 2526 1773 2562 loco
1800 2526 1850 2563 eis
1872 2540 1946 2564 esse
1961 2541 2062 2579 posse
2079 2542 2172 2578 :quo

1213 2601 1297 2640 ergo
1310 2587 1458 2640 posthac
1474 2586 1593 2624 animo
1603 2585 1804 2624 doctrinam
1816 2587 2020 2639 impertiam
2029 2588 2116 2626 viris
2127 2603 2171 2626 ex

1214 2652 1320 2691 dictis
1330 2651 1459 2689 nostris
1474 2649 1564 2687 nihil
1578 2649 1794 2688 lucrifacere
1806 2649 2055 2701 cupientibus?
2070 2649 2116 2688 Et
2129 2664 2172 2688 ne

1217 2713 1366 2752 mireris.
1388 2710 1575 2762 Siquidem
1590 2719 1624 2748 et
1643 2711 1800 2763 agricola
1812 2740 1822 2759 ,
1840 2724 1921 2747 cum
1935 2719 2016 2762 post
2041 2711 2173 2750 multos

1215 2775 1360 2813 labores
1379 2782 1411 2811 et
1426 2786 1600 2810 aerumnas
1617 2772 1770 2810 sterilem
1787 2770 1885 2808 videt
1904 2785 2045 2823 agrum,
2060 2786 2173 2823 neque

1217 2836 1365 2887 dignam
1380 2833 1566 2872 laboribus
1586 2832 1782 2871 mercedem
1799 2831 2018 2883 reddentem,
2035 2834 2174 2884 segnior

1219 2897 1265 2935 ad
1277 2895 1484 2949 jaciendum
1504 2907 1633 2943 semen,
1648 2907 1717 2931 non
1734 2893 1810 2946 pari
1824 2893 2006 2932 alacritate
2020 2894 2175 2945 agricul-

118 2957 181 3004 τὴν
203 2961 271 2996 τῶν
290 2959 501 3012 σπερμάτων
515 2960 727 3009 καταόολὴν,
744 2961 804 3000 καὶ
823 2964 884 3000 οὐκ
903 2962 954 3000 ἔτι
976 2961 1063 3014 μετὰ
1083 2965 1145 3008 τῆς
1171 2967 1194 2998 Β
1221 2969 1341 2998 turam
1360 2965 1508 2996 exercet.
1521 2955 1569 2993 Et
1582 2955 1742 2993 medicus
1756 2955 1881 2994 videns
1902 2955 2086 2994 infirmum
2102 2956 2176 2993 suis

118 3021 228 3066 αὐτῆς
254 3019 449 3071 προθυμίας
483 3022 546 3066 τῆς
589 3023 758 3074 γεωργίας
793 3023 1024 3062 καθάπτεται.
1071 3023 1142 3062 Καὶ

120 3080 234 3131 ἰατρὸς
260 3080 296 3119 δὲ
327 3081 466 3119 ἐπειδὰν
494 3081 550 3133 ἴδῃ
578 3082 636 3120 τὸν
658 3083 836 3134 ἅῤῥωστον
865 3083 914 3135 μὴ
940 3084 1144 3137 πειθόμενον

120 3142 226 3178 αὐτοῦ
243 3146 314 3185 τοῖς
343 3142 591 3194 ἐπιτάγμασιν,
612 3142 702 3181 ἀλλὰ
728 3143 790 3191 τὴν
819 3144 918 3183 νόσον
938 3144 1051 3190 αὔξειν
1071 3146 1147 3184 καθ’

121 3201 272 3248 ἑκάστην
287 3204 555 3252 ἐπιτηδεύοντα,
575 3204 744 3248 πολλάκις
766 3204 908 3257 ἀφίησιν
926 3207 1151 3257 ε’ναπομεῖναι

122 3263 165 3313 τῇ
191 3262 298 3315 νόσῳ,
316 3263 373 3302 ἵνα
393 3264 480 3313 αὐτὴ
500 3269 522 3312 ἡ
544 3271 648 3318 πεῖρα
669 3265 873 3310 διδάσκαλος
893 3268 988 3319 αὐτῷ
1007 3268 1151 3319 γένηται

123 3321 191 3356 τῶν
208 3322 466 3374 συμφερόντων.
489 3325 557 3362 Καὶ
576 3327 607 3363 οἱ
635 3324 679 3363 τὰ
708 3325 900 3376 μαθήματα
917 3326 952 3364 δὲ
972 3327 1050 3372 τοὺς
1071 3334 1154 3366 παῖ-

125 3381 183 3424 Ξας
202 3383 481 3433 ἐκπαιδεύοντες,
503 3386 643 3424 ἐπειδὰν
660 3386 761 3425 ἴδωσι
796 3387 837 3425 τὰ
873 3387 1026 3439 πρότερα
1065 3392 1153 3427 ἀπο-

1224 3019 1400 3059 mandatis
1419 3032 1487 3056 nun
1507 3017 1769 3069 obtemperare,
1785 3016 1846 3055 sed
1861 3026 2044 3056 vacantem
2061 3018 2177 3068 quoti—

1221 3081 1281 3120 die
1297 3080 1340 3118 iis
1355 3093 1432 3130 quae
1454 3077 1619 3116 morbum
1635 3085 1785 3128 augent,
1800 3091 2040 3130 saepenumero
2058 3078 2091 3115 in
2115 3092 2176 3115 sua

1223 3143 1326 3181 illum
1355 3138 1566 3191 aegritudine
1591 3138 1782 3189 relinquit,
1804 3147 1843 3176 ut
1863 3139 2080 3191 experientia
2105 3139 2178 3191 ipsa

1224 3214 1345 3243 utatur
1367 3201 1557 3252 magistra,
1573 3209 1667 3238 ntea
1686 3215 1763 3252 quae
1782 3201 1852 3239 sibi
1876 3201 2013 3253 prosint
2032 3200 2176 3238 ediscat.

1226 3264 1399 3305 Similiter
1415 3271 1448 3299 et
1460 3261 1521 3312 qui
1535 3261 1744 3314 disciplinas
1756 3276 1884 3314 pueros
1897 3261 2036 3309 docent,
2058 3260 2179 3298 viden-

1227 3337 1278 3365 tes
1297 3325 1377 3363 illos
1396 3323 1514 3377 priora
1536 3337 1715 3376 respuere,
1736 3333 1769 3361 ct
1790 3323 1943 3375 abjicere
1959 3336 2080 3361 eorum
2100 3336 2177 3372 qua·

1227 3397 1326 3426 antea
1350 3385 1464 3424 edocti
1484 3394 1563 3423 sunt
1584 3385 1806 3423 memoriam.
1831 3399 1922 3436 smps-
1954 3392 2174 3423 :um-santur.

1916 3451 1977 3474 02.
