2516 3791
142 380 218 410 lsai.
245 377 297 419 40,

143 556 269 585 Ibidem.

165 2579 188 2606 A
201 2587 281 2616 poena
296 2576 354 2603 eri-

164 2624 195 2656 pi
225 2629 282 2645 nen
315 2623 354 2644 est

165 2661 241 2696 (ξι-1111
322 2659 356 2684 :lli

165 2701 335 2738 ignominia,

347 149 437 196 850
760 161 799 191 s.

348 255 465 284 tuum.
489 247 605 296 Atque
624 245 700 282 haec
726 251 876 292 utraque
897 234 1075 292 propheta‘
1093 235 1297 283 declarans,

350 316 424 345 tam
441 306 540 345 illius
560 304 802 351 debilitatem,
822 314 930 352 quam
947 299 1056 349 hujus
1072 295 1298 342 firmitatem,

353 367 403 406 sic
428 366 588 418 loquitur
607 381 615 401 :
641 366 774 403 Omnis
806 374 898 399 caro
909 359 1066 410 foenum
1080 385 1092 406 ,
1115 364 1154 394 et
1175 356 1300 392 omnis

352 430 479 482 gloria
497 428 663 466 hominis
686 433 886 474 tamquam
891 419 975 473 flos
986 419 1106 471 soeni.
1129 417 1301 454 Exaruit

346 492 517 542 foenum,
533 487 655 541 etflos
669 487 750 537 ejus
767 481 920 519 decidit.
935 481 989 517 De
1008 477 1075 516 Dei
1089 486 1208 515 autem
1227 475 1301 527 glo-

349 550 403 588 ria
425 562 493 587 non
517 547 584 595 sie,
607 554 643 582 at
666 541 869 594 quomodo?
887 541 1054 578 Verbum
1077 546 1207 575 autem
1224 537 1301 574 Dei

349 614 390 649 in
406 618 591 647 aeternum
604 613 747 643 manet.
768 602 813 640 ld
827 601 925 653 quod
939 601 997 639 vel
1012 599 1048 637 in
1069 599 1136 636 hae
1152 596 1300 635 muliere

347 680 453 725 patet.
468 671 580 721 Reges
599 667 693 705 enim
705 675 739 704 et
753 664 860 702 duces
877 671 910 701 et
926 662 1090 715 dynastae
1103 690 1113 709 ,
1128 659 1190 710 qui
1207 658 1301 696 nihil

347 746 416 770 non
433 738 630 777 tentarunt,
657 737 697 765 ut
719 725 954 764 immortalem
972 731 1051 776 post
1065 737 1101 760 se
1123 720 1301 770 relinque-

347 802 423 831 rent
448 790 676 838 memoriam,
698 787 859 839 sepulcra
891 785 960 823 sibi
992 781 1179 836 splendida
1207 795 1301 818 exae-

345 853 604 899 dificaverunt,
642 857 675 885 et
708 856 841 885 statuas
875 854 980 895 atque
1008 841 1144 893 effigies
1171 840 1302 878 multas

347 912 469 951 multis
500 912 537 948 in
568 909 655 947 loeis
687 915 900 960 posuerunt,
921 914 954 942 et
982 917 1102 941 rerum
1124 911 1302 954 gestarum

348 980 578 1011 monumenta
595 970 781 1008 innumera
806 966 1048 1016 reliquerunt,
1068 976 1163 1001 nunc
1184 971 1302 999 tacen-

347 1044 406 1072 tur
429 1043 518 1071 etne
541 1030 683 1069 nomine
700 1027 851 1079 quidem
866 1025 942 1063 noti
959 1034 1041 1062 sunt
1064 1040 1074 1060 .·
1095 1024 1173 1061 liaec
1184 1032 1305 1060 autem

349 1095 478 1134 mulier
494 1094 630 1143 ubique
651 1090 810 1143 gentium
832 1101 927 1126 nune
945 1085 1162 1133 celebratur3
1178 1093 1211 1122 et
1231 1083 1306 1121 sive

349 1157 386 1194 in
406 1155 594 1208 Scythiam
620 1148 878 1205 proficiscaris,
905 1147 982 1185 sive
1013 1146 1049 1183 in
1080 1145 1302 1197 AEgyptum,

349 1219 426 1256 sive
446 1218 482 1254 in
501 1215 646 1253 Indiam
660 1243 669 1261 ,
695 1212 770 1250 sive
792 1209 837 1248 ad
862 1209 957 1261 ipsos
983 1207 1080 1245 orbis
1107 1205 1277 1243 terminos
1291 1234 1302 1254 ,

349 1292 472 1317 omncs
495 1275 617 1313 audies
646 1282 741 1325 gesta
770 1271 846 1323 ejus
870 1269 1096 1306 decantantes
1125 1282 1132 1302 :
1155 1265 1307 1316 denique

351 1349 525 1392 quantum
542 1347 716 1375 terrarum
736 1348 756 1371 a
778 1332 849 1371 sole
864 1331 1066 1368 illustratur
1078 1358 1088 1373 ‚
1106 1336 1221 1365 totum
1240 1326 1308 1363 1100

351 1405 453 1438 Anna
479 1413 540 1437 sua
561 1396 675 1448 gloria
697 1401 861 1445 occupat.
879 1392 952 1429 Nec
972 1391 1040 1427 1100
1061 1388 1177 1426 solum
1191 1385 1306 1424 admi-

351 1463 487 1501 ratione
505 1460 657 1510 dignum
677 1465 750 1505 est,
767 1453 866 1505 quod
890 1453 1022 1502 ubique
1037 1460 1213 1488 terrarum
1231 1447 1309 1485 haee

353 1523 482 1561 mulier
495 1521 656 1567 canitur,
673 1516 734 1554 sed
747 1515 844 1566 quod
863 1512 1073 1565 sapientiam
1087 1511 1162 1562 ejus
1175 1524 1215 1547 ae
1230 1509 1308 1547 lon-

352 1582 598 1635 ganimitatem
611 1588 644 1616 et
658 1575 884 1615 tolerantiam
900 1587 1020 1611 01111105
1034 1579 1174 1618 norunt,
1188 1569 1224 1606 in
1244 1583 1308 1620 op-

354 1643 463 1696 pidis,
482 1642 517 1679 in
534 1640 630 1692 agris
644 1669 654 1689 ,
673 1638 709 1675 in
729 1635 912 1684 domibus,
931 1633 967 1670 in
988 1631 1133 1680 castris,
1150 1631 1187 1667 in
1205 1629 1306 1667 navi-

352 1706 440 1754 bus,
466 1704 501 1741 in
526 1699 700 1749 officinis,
727 1696 880 1747 denique
898 1707 1075 1744 nusquam
1089 1706 1159 1730 non
1179 1689 1305 1728 laudes

353 1767 429 1819 ejus
443 1764 580 1802 audies.
602 1761 750 1810 Quoties
769 1757 865 1796 enim
889 1756 1027 1794 clarum
1045 1753 1203 1804 aliquem
1222 1751 1304 1790 red-

353 1827 437 1866 dere
452 1829 527 1864 Deo
538 1822 726 1878 placuerit,
740 1818 877 1858 etiamsi
892 1831 987 1855 mors
1000 1814 1226 1863 interveniat,
1243 1821 1305 1850 aut

353 1887 540 1940 longitudo
559 1896 781 1936 temporum,
795 1889 857 1918 aut
879 1877 1025 1930 quidvis
1043 1876 1165 1924 aliud,
1188 1882 1307 1913 manet

353 1959 470 1988 tamen
484 1947 596 2000 gloria
609 1946 707 1983 illius
718 1951 889 1996 perpetuo
906 1940 1048 1988 ssorens,
1062 1947 1096 1975 et
1107 1937 1307 1975 claritatem

354 2012 429 2063 ejus
456 2011 644 2049 obscurare
670 2005 800 2059 poterit
828 2016 942 2040 nemo.
973 2001 1075 2038 Hane
1098 1998 1144 2036 ob
1173 2013 1248 2035 rem
1274 2005 1307 2035 et

356 2073 432 2124 ipsa
449 2071 612 2109 erudiens
630 2068 820 2107 auditores,
835 2063 932 2115 quod
951 2077 1020 2100 non
1041 2061 1087 2099 sit
1102 2059 1309 2111 confugien-

357 2135 443 2172 dum
462 2134 509 2171 ad
534 2133 611 2170 haec
629 2132 747 2177 fluxa,
769 2127 831 2166 sed
857 2125 903 2163 ad
924 2139 1005 2163 eum
1024 2138 1043 2161 a
1062 2137 1132 2174 quo
1153 2120 1309 2159 certissi-

359 2211 417 2233 ma
431 2196 523 2232 bona
540 2206 722 2245 speramus
736 2222 744 2236 ‚
759 2198 937 2227 auctorem
954 2185 1062 2237 hujus
1083 2184 1202 2236 gloriae
1218 2182 1312 2220 indi-

360 2266 427 2295 cat.
450 2257 541 2293 Cum
567 2254 662 2291 enim
683 2251 852 2296 dixisset,
874 2248 1159 2300 Confirmatum
1175 2249 1231 2284 est
1248 2257 1315 2282 cor

363 2332 489 2356 meum
506 2320 547 2355 in
563 2314 748 2358 Domino,
773 2309 978 2361 subjunxit,
1003 2307 1240 2345 Exultatum
1260 2312 1316 2341 est
1338 2316 1362 2344 D

364 2392 484 2417 cornu
504 2389 629 2414 meum
654 2375 698 2413 *in
716 2374 800 2410 Deo
826 2384 908 2407 meo
927 2384 938 2405 .·
962 2366 1122 2420 duplicia
1138 2365 1241 2403 nobis
1262 2363 1316 2400 his

364 2439 483 2477 verbis
504 2435 732 2475 subindicans
746 2433 837 2470 bona
852 2461 861 2479 ,
876 2444 953 2480 quae
973 2442 1041 2466 non
1061 2436 1189 2465 temere
1209 2424 1317 2463 simul

366 2500 428 2537 uni
443 2499 665 2549 contingunt.
684 2496 776 2533 Nam
791 2502 823 2530 et
837 2507 855 2529 a
874 2489 1101 2534 fluminibus,
1116 2486 1254 2537 inquit,
1275 2486 1319 2523 li-

367 2562 488 2599 berata
505 2573 602 2606 511111,
625 2554 858 2608 ignominiam
883 2549 1052 2603 deposui,
1077 2547 1320 2595 securitatem,

371 2632 476 2673 atque
508 2621 678 2658 honorem
710 2621 924 2664 consequuta
957 2625 1050 2649 sum.
1089 2609 1172 2647 Haec
1204 2617 1322 2645 autem

372 2694 519 2734 utraque
539 2695 607 2719 non
626 2678 729 2716 facile
748 2675 906 2714 invenias
928 2673 963 2711 111
987 2685 1098 2709 unum
1124 2669 1323 2708 convenire.

373 2745 484 2784 Multi
500 2743 593 2781 enim
609 2756 627 2777 a
653 2737 817 2792 periculis
838 2736 1052 2781 liberantur,
1066 2731 1257 2783 gloriosam
1273 2740 1306 2768 ta
1318 2752 1325 2758 -

373 2819 453 2843 111011
466 2804 579 2841 vitam
595 2815 661 2838 non
677 2799 808 2837 habent
823 2796 902 2834 :alii
917 2803 1038 2833 contra
1052 2791 1165 2845 gloria
1181 2791 1326 2842 quidem

373 2875 407 2904 01
428 2865 588 2903 claritate
618 2863 804 2909 fruuntur,
834 2855 1001 2910 periculis
1032 2864 1149 2892 tamen
1169 2853 1214 2891 ob
1236 2852 1328 2890 hanc

375 2927 525 2979 gloriam
552 2938 620 2961 non
647 2930 774 2960 carent.
801 2918 914 2959 Verbi
945 2916 1079 2967 gratia,
1108 2914 1213 2953 multi
1236 2927 1329 2965 saepe

375 2991 410 3028 in
427 3000 600 3026 carcerem
617 2981 778 3035 conjecti,
791 2978 957 3027 adulteri,
974 2975 1136 3023 venefici,
1153 2974 1327 3027 sepulcro·
1351 2982 1375 3012 E

376 3066 456 3090 rum
480 3048 714 3101 perfossores,
738 3043 889 3092 aliisque
914 3038 1094 3077 similibus
1119 3035 1329 3074 criminibus

375 3110 544 3157 obnoxii,
562 3106 690 3145 deinde
704 3104 851 3157 jubente
871 3101 967 3153 regia
987 3098 1170 3137 clementia
1189 3097 1329 3135 dimissi

375 3182 457 3212 sunt
476 3169 559 3208 inde
583 3185 589 3204 :
612 3167 649 3205 hi
666 3181 685 3203 a
701 3179 802 3217 piena
837 3162 969 3216 {uidem
991 3160 1132 3198 liberati
1147 3167 1245 3207 sunt,
1263 3172 1329 3196 cm·

379 3244 488 3272 [crum
511 3230 639 3283 probra
664 3241 724 3265 sua
749 3238 816 3263 non
845 3221 1096 3270 aboleverunt,
1117 3229 1151 3259 et
1175 3218 1327 3258 dedecus

423 3358 433 3370 ³
460 3347 537 3387 Reg.
558 3347 748 3378 ἐπισκοτίσαι.

837 157 1021 190 JOANMS
1056 154 1303 185 CHRYSOST.
1341 152 1559 182 ARCfflEr.
1597 151 1954 182 CONSTANTINOP-

1368 236 1432 286 οὐχ
1453 233 1582 281 οὕτως,
1601 233 1690 272 ἀλλὰ
1709 235 1801 281 πῶς
1817 234 1870 272 Τὸ
1889 232 1926 270 δὲ
1956 235 2052 285 ῥῆμα
2076 236 2135 270 τοῦ
2155 235 2246 271 Θεοῦ
2263 236 2310 276 εἰς
2331 234 2386 272 τὸν

1369 295 1479 332 αἰῶνα
1499 293 1607 344 μένει.
1624 293 1694 332 Καὶ
1722 294 1826 340 δῆλον
1841 298 1961 331 ’τοῦτο
1989 292 2050 331 καὶ
2082 293 2166 331 ἀπὸν
2183 292 2311 340 ταύτης
2327 297 2388 339 τ’ῆς

1367 355 1541 405 γυναικός.
1564 355 1727 398 Βασιλεῖς
1742 353 1804 404 μὲν
1828 353 1896 406 γὰρ
1917 353 1977 392 καὶ
2005 353 2192 405 στρατηγοὶ
2211 353 2271 391 καὶ
2290 353 2390 391 δυνά-

1369 431 1461 462 σται,
1472 414 1587 453 πολλὰ
1596 415 1952 466 πραγματευσάμενοι
1966 414 2135 457 πολλάκις
2146 443 2155 460 ,
2170 413 2261 451 ὥστε
2277 416 2389 452 αὐτῶν

1370 475 1520 523 ἅληστον
1537 475 1697 526 γενέσθαι
1714 474 1779 521 τὴν
1808 474 1962 526 μνήμην,
1982 474 2040 512 καὶ
2069 474 2196 526 τάφους
2211 474 2392 528 λαμπροὺς

1368 536 1703 587 οἰκοδομησάμενοι,
1725 537 1784 574 καὶ
1811 535 2016 589 ἀνδριάντας
2035 535 2313 583 ἀναστήσαντες,
2334 535 2392 573 καὶ

1369 599 1502 641 εἰκόνας
1521 596 1654 641 πολλὰς
1679 599 1881 649 πολλαχοῦ,
1905 597 1964 635 καὶ
1992 597 2273 649 κατορθωμάτων
2305 599 2392 634 ὓπο-

1370 659 1539 711 μνήματα
1559 659 1666 712 μυρία
1690 656 1959 707 καταλιπόντες,
1983 658 2206 711 σεσίγηνται,
2234 659 2292 697 καὶ
2319 659 2394 698 οὐδὲ

1369 721 1440 760 ἀπὸ
1467 723 1571 773 ψιλῆς
1589 719 1825 773 προσηγορίας
1851 720 1918 758 εἰσί
1940 736 2008 757 τινι
2036 719 2221 772 γνώριμοι·
2248 721 2335 768 αὕτη
2360 720 2394 758 ’δὲ

1368 786 1390 829 ἡ
1408 782 1492 834 γυνὴ
1520 787 1702 833 πανταχοῦ
1721 785 1783 828 τῆς
1805 781 2008 833 οἰκουμένης
2028 781 2147 833 ᾄδεται
2170 785 2244 818 νῦν·
2265 781 2327 819 κᾶν
2348 783 2396 824 εἰς

1370 842 1523 881 Σκυθίαν
1551 842 1724 894 ἀπέλθῃς,
1746 843 1810 881 κᾶν
1838 844 1884 886 εἷς
1902 842 2090 893 Αἴγυπτον,
2108 842 2172 879 κᾶν
2183 845 2229 885 εἰς
2249 841 2396 889 Ἰνδοὺς,

1371 903 1434 943 κᾶν
1448 906 1494 947 εἰς
1512 903 1602 942 αὐτὰ
1614 903 1658 941 τὰ
1675 904 1810 955 πέρατα
1824 907 1886 950 τῆς
1901 902 2105 953 οἰκουμένης
2116 935 2126 949 ,
2137 903 2277 941 πάντων
2294 903 2396 941 ἀκού-

1371 979 1415 1014 σῃ
1449 961 1494 1000 τὰ
1521 961 1778 1015 κατορθώματα
1805 965 1866 1008 τῆς
1887 962 2048 1012 γυναικὸς
2076 961 2204 1006 ταύτης
2235 962 2399 1013 ᾀδόντων,

1373 1024 1432 1062 καὶ
1449 1030 1566 1061 πᾶσαν
1595 1024 1734 1070 ἅπλῶς,
1756 1023 1839 1070 ὅσην
1861 1023 1957 1069 ἥλιος
1977 1026 2083 1074 ἐφορᾷ
2101 1025 2177 1074 γῆν,
2194 1026 2216 1068 ἡ
2241 1022 2322 1066 δόξα
2338 1026 2400 1069 τῆς

1371 1084 1494 1130 Ἄννης
1519 1083 1801 1135 καταλαμέάνει.
1836 1084 1906 1122 Καὶ
1933 1086 1971 1121 οὗ
1993 1088 2094 1121 τοῦτο
2124 1083 2226 1133 μόνον
2257 1083 2330 1122 ἐστὶ
2361 1085 2403 1123 τὸ

1376 1145 1592 1196 θαυμαστὸν,
1625 1143 1678 1182 ὅτι
1703 1147 1883 1196 πανταχοῦ
1911 1147 1974 1190 τῆς
2003 1144 2207 1195 οἰκουμένης
2234 1145 2352 1197 ᾄδεται
2377 1147 2400 1191 ἦ

1375 1203 1460 1256 γυνὴ
1477 1234 1486 1251 ,
1509 1204 1586 1241 ἀλλ’
1606 1202 1659 1241 ὅτι
1674 1202 1837 1241 τοσούτου
1857 1201 2089 1255 παρελθόντος
2109 1203 2234 1255 χρόνου
2250 1233 2261 1250 ,
2282 1206 2320 1241 οὐ
2341 1204 2403 1254 μό-

1376 1280 1432 1303 νον
1450 1265 1513 1302 οὐκ
1528 1264 1675 1311 ἐσὸέσθη
1705 1263 1750 1302 τὰ
1771 1266 1834 1309 τ’ῆς
1864 1262 2037 1315 εὐφημίας
2066 1266 2198 1313 αὐτῆς,
2226 1263 2316 1302 ἀλλὰ
2343 1263 2402 1301 καὶ

1378 1324 1518 1369 αὔξεται
1546 1325 1605 1362 καὶ
1625 1324 1835 1362 ἐπιτείνεται
1856 1325 1976 1376 πολλῷ
1998 1323 2115 1371 πλέον,
2136 1324 2195 1362 καὶ
2219 1324 2280 1372 τὴν
2308 1327 2404 1377 φιλο-

1379 1386 1501 1438 σοφίαν
1520 1388 1626 1431 αὐτῆς
1647 1384 1706 1423 καὶ
1737 1385 1800 1431 τὴν
1828 1384 2007 1436 ὑπομονὴν
2038 1385 2097 1423 καὶ
2124 1385 2187 1432 τὴν
2220 1386 2403 1438 καρτερίαν

1378 1447 1527 1490 ἅπαντες
1548 1446 1665 1494 ἴσασι,
1681 1445 1741 1484 καὶ
1763 1448 1797 1484 ἐν
1814 1445 1958 1493 πόλεσι,
1978 1445 2037 1483 καὶ
2058 1447 2092 1483 ἐν
2119 1449 2258 1498 ἀγροῖς,
2285 1448 2344 1484 καὶ
2369 1449 2404 1484 ἐν
2456 1460 2459 1467 ’

1378 1508 1524 1556 οἰκίαις,
1545 1508 1605 1546 καὶ
1624 1509 1659 1545 ἐν
1688 1508 1954 1560 στρατοπέδοις,
1974 1509 2033 1545 καὶ
2060 1510 2093 1545 ἐν
2119 1507 2270 1555 πλοίοις,
2290 1508 2349 1545 καὶ
2371 1510 2404 1546 ἐν

1380 1568 1641 1622 ἐργαστηρίοις,
1661 1568 1720 1606 καὶ
1736 1573 1918 1619 πανταχοῦ
1935 1571 1996 1613 τῆς
2015 1568 2176 1618 γυναικὸς
2196 1571 2407 1619 ἐγκωμιαζο-

1381 1629 1487 1681 μένης
1502 1629 1635 1680 ἀκούσῃ
1652 1629 1791 1674 ταύτης.
1808 1627 1923 1666 εὈταν
1942 1627 2009 1680 γὰρ
2029 1632 2046 1666 ὃ
2067 1628 2156 1672 Θεός
2173 1645 2250 1666 τινα
2267 1629 2408 1673 δοξάσαι
2458 1643 2460 1646 “

1380 1692 1548 1742 βουληθῆ,
1559 1689 1622 1728 κᾶν
1644 1690 1789 1732 θάνατος
1806 1689 2022 1740 ἐπιγένηται,
2043 1689 2106 1727 κᾶν
2122 1690 2248 1742 χρόνου
2262 1693 2407 1739 πλῆθος,

1377 1752 1442 1790 κᾶν
1462 1752 1548 1790 ἄλλο
1564 1754 1689 1796 ὁτιοῦν,
1711 1750 1804 1801 μένει
1824 1749 1869 1788 τὰ
1888 1754 1950 1797 τῆς
1970 1750 2069 1798 δόξης
2086 1751 2217 1798 ἐκείνης
2240 1753 2408 1791 ἀνθοῦντα
2459 1767 2461 1772 ⁴

1724 1810 1787 1825 §Nx

1380 1814 1567 1860 διηνεκῶς,
1607 1812 1668 1850 καὶ
1701 1821 1809 1855 ουοεις
1836 1815 1851 1831 ‘¹

1864 1813 2095 1857 ἐπισκοτῆσαι
2133 1815 2174 1863 τῇ
2206 1814 2411 1866 περιφανείᾳ

1376 1876 1486 1926 ταύτῃ
1511 1874 1707 1920 δυνήσεται.
1724 1873 1792 1912 Διὰ
1813 1878 1913 1912 τοῦτο
1926 1873 1986 1911 καὶ
2005 1873 2092 1920 αὐτὴ
2109 1873 2318 1913 παιδεύουσα
2334 1875 2411 1920 τοὺς

1378 1935 1568 1980 ἀκούοντας
1584 1935 1740 1978 ἅπαντας
1754 1966 1763 1983 ,
1785 1935 1840 1974 ὅτι
1860 1935 1896 1973 οὔ
1912 1934 1981 1986 χρὴ
2003 1933 2234 1986 καταφεύγειν
2250 1941 2320 1978 τοῖς
2336 1939 2410 1975 ἐπι.

1378 1997 1519 2049 κήροις,
1540 1999 1616 2035 ἀλλ’
1638 1996 1714 2034 ὅθεν
1737 1995 1862 2047 βέὸαια
1881 1995 1940 2034 καὶ
1964 1995 2113 2042 ἀκίνητα
2142 1997 2228 2046 ἡμῖν
2255 1996 2353 2046 μένει
2368 1997 2414 2035 τὰ
2462 1998 2463 2001 '

1543 2051 1563 2060 ω

1381 2057 1513 2110 ἀγαθὰ,
1531 2062 1607 2096 εἰπε
1635 2057 1692 2095 τὸν
1713 2059 1776 2103 τῆς
1799 2056 1896 2104 δόξης
1919 2056 2040 2094 αἴτιον.
2060 2058 2222 2095 Εἰποῦσα
2247 2057 2336 2111 γὰρ,
2362 2061 2414 2097 ὅτι
2462 2059 2465 2098 j

1382 2118 1602 2174 Ἔστερεώθη
1619 2122 1640 2165 ἡ
1657 2119 1784 2170 καρδία
1805 2135 1870 2170 μου
1885 2122 1918 2157 ἐν
1934 2118 2072 2170 Κυρίῳ,
2093 2118 2278 2171 ἐπήγαγεν,
2295 2119 2416 2172 (Υψώ-

1384 2184 1425 2227 θη
1445 2180 1548 2232 κέρας
1578 2196 1643 2230 μου
1669 2181 1704 2217 ἐν
1727 2182 1810 2232 Θεῷ
1833 2196 1916 2230 μου,
1938 2181 2045 2217 διπλᾶ
2070 2180 2218 2216 ἐνταῦθα
2246 2183 2332 2231 ἡμῖν
2356 2183 2416 2218 αἰ-

1384 2239 1569 2292 νιττομένη
1606 2239 1651 2277 τὰ
1698 2240 1834 2291 ἀγαθὰ,
1873 2240 1962 2291 ἅπερ
2003 2239 2168 2278 δύσκολον
2213 2241 2416 2292 συμὸαίνειν

1385 2301 1532 2354 ταχέως.
1554 2301 1625 2339 Καὶ
1646 2300 1714 2353 γὰρ
1732 2304 1791 2337 τοῦ
1813 2302 1938 2347 σάλου,
1957 2299 2080 2352 φησὶν,
2112 2302 2335 2353 ἀπηλλάγην,
2357 2305 2416 2342 καὶ
2464 2327 2466 2344 ;

1386 2363 1449 2410 τὴν
1470 2361 1613 2412 ἀτιμίαν
1629 2361 1820 2411 ἀπεθέμην,
1842 2361 1901 2399 καὶ
1918 2361 2109 2413 ἀσφαλείας
2126 2363 2309 2401 ἀπέλαυσα
2324 2394 2332 2411 ,
2354 2360 2417 2402 καὶ

1389 2425 1488 2471 δόξης
1510 2423 1694 2475 μετέσχον.
1714 2426 1838 2461 Ταῦτα
1859 2422 1894 2461 δὲ
1915 2423 2097 2474 ἀμφότερα
2123 2425 2186 2462 οὐκ
2206 2424 2247 2462 ἄν
2273 2441 2325 2468 τις
2355 2426 2420 2464 ἴδοι

1391 2485 1516 2538 ῥᾳδίως
1545 2485 1708 2531 ἀλλήλοις
1732 2483 1978 2537 συντρέχοντα.
2002 2484 2134 2522 Πολλοὶ
2157 2485 2224 2536 γὰρ
2253 2486 2418 2524 κινδύνων
2466 2509 2467 2524 1

1394 2545 1455 2597 μὲν
1471 2545 1774 2591 ἀπαλλάττονται,
1796 2544 1951 2588 ἐπίδοξον
1966 2544 2001 2582 δὲ
2021 2549 2083 2582 οὐκ
2099 2544 2220 2596 ἔχουσι
2239 2547 2312 2597 βίον
2329 2563 2336 2570 ·
2350 2547 2420 2585 ἕτε-
2466 2566 2468 2572 ·

1628 2606 1678 2619 xlv
1778 2605 1785 2619 1

1395 2622 1447 2659 ροι
1481 2607 1584 2645 πάλιν
1624 2621 1721 2652 οοςης
1747 2621 1810 2656 μεν
1841 2603 2055 2644 ἀπολαύουσι
2089 2606 2152 2643 καὶ
2181 2608 2422 2660 περιφανείας,
2466 2634 2469 2649 ι,

1394 2666 1601 2705 κινδυνεύειν
1620 2666 1655 2705 δὲ
1684 2667 1938 2718 ἀναγκάζονται
1961 2666 2017 2704 διὰ
2048 2665 2111 2713 τὴν
2145 2667 2242 2711 δόξαν
2271 2669 2417 2715 ταύτην.

1395 2728 1480 2767 Οῑόν
1501 2744 1534 2765 τι
1549 2727 1659 2779 λέγω·
1682 2728 1806 2764 πολλοὶ
1820 2727 1990 2770 πολλάκις
2007 2727 2046 2764 τὸ
2064 2729 2302 2780 δεσμωτήριον
2322 2730 2421 2776 οἰκή-
2468 2751 2469 2755 =

1398 2805 1534 2835 σαντες,
1558 2788 1674 2840 μοιχοὶ
1709 2788 1767 2826 καὶ
1795 2788 1915 2839 γόητες
1948 2789 2007 2827 καὶ
2042 2789 2288 2841 τυμὸωρύχοι,
2316 2791 2376 2828 καὶ
2393 2793 2424 2830 οἳ

1398 2849 1501 2902 ἕτερά
1525 2865 1602 2887 τινα
1632 2853 1776 2887 τοιαῦτα
1803 2849 2064 2901 ἡμαρτηκότες,
2081 2843 2154 2887 εἶτα
2177 2851 2246 2889 ἀπό
2264 2868 2354 2896 τινος
2373 2868 2422 2904 φι-

1399 2910 1620 2962 λανθρωπίας
1642 2912 1825 2960 βασιλικῆς
1841 2910 2018 2962 ἀφέθησαν
2032 2915 2090 2948 τοῦ
2106 2911 2294 2961 οἰκήματος
2307 2929 2314 2935 ·
2332 2917 2427 2950 οὗτοι
2467 2930 2470 2937 ·

1400 2974 1462 3017 τῆς
1491 2971 1666 3013 κολάσεως
1697 2971 1757 3020 μὲν
1791 2971 2062 3022 ἀπηλλάγησαν,
2084 2971 2126 3008 τὰ
2161 2972 2195 3010 δὲ
2229 2973 2344 3019 ὀνείδη
2365 2976 2426 3012 οὐκ

1401 3032 1658 3085 ἀπετρίψαντο,
1697 3034 1772 3069 ἀλλ’
1805 3032 1926 3083 ἔχουσι
1954 3031 2017 3078 τὴν
2055 3032 2223 3084 αἰσγύνην
2255 3034 2425 3084 ἑπομένην

1402 3096 1528 3136 αὐτοῖς.
1551 3092 1667 3130 Ἄλλοι
1693 3095 1906 3145 στρατιῶται
1926 3098 2074 3142 γενναῖοι
2099 3092 2156 3130 τὸν
2187 3093 2340 3138 ἐπίδοξον
2369 3094 2428 3133 καὶ

1401 3157 1574 3207 περιφανῆ
1595 3153 1610 3174 ¹³
1627 3153 1699 3204 βίον
1717 3153 1919 3199 διώκοντες,
1939 3153 2179 3204 ῥιψοκινδύνως
2207 3154 2346 3198 ἑαυτοὺς
2359 3161 2428 3198 τοῖς
2461 3174 2471 3188 1<

1402 3215 1581 3267 πολεμίοις
1596 3215 1763 3262 ἐνδόντες,
1779 3213 1893 3252 πολλὰ
1909 3214 2077 3258 πολλάκις
2092 3214 2215 3253 ἔλαὸον
2230 3216 2427 3268 τραύματα,
2469 3211 2471 3246 l

1467 3333 1481 3356 '¹
1508 3330 1586 3372 ch.
1605 3335 1670 3372 βίον
1690 3331 1852 3370 αἰδούμενοι
1871 3328 1944 3369 [air.
1958 3326 1987 3363 1⁶!
2001 3332 2063 3371 [hp.
