2516 3791
670 195 864 227 SELECTA
900 195 956 226 Ex
994 195 1127 231 NOTts
1161 196 1350 227 JOANMS
1387 197 1532 228 Botsn.

400 277 589 310 llOMlLlA
614 277 736 310 XXIV.

127 343 162 375 P.
183 343 258 375 2⁴8.
275 342 313 374 A.
334 341 385 373 ⁴0.
405 341 469 372 Pro
486 345 585 374 ἐνίκων
609 338 785 382 legendum
803 339 950 372 arbitror
971 345 1063 385 ἐφιλο·

75 399 183 427 »sino-m
208 394 458 438 ὑπερὸάλλεσθαι,
494 389 667 422 certabant
700 402 867 434 superare.
897 391 952 423 Sic
980 391 1068 422 euim

74 443 223 485 superius
237 441 392 484 loquutus
404 448 466 483 est,
479 447 512 472 et
527 439 645 472 salsum
659 447 710 472 est
723 444 801 478 νέους
814 447 990 477 νενικηκέναι
1003 443 1069 478 τοὺ,-

73 496 311 536 προὲεὸηκότας,
329 490 418 534 quia,
439 498 472 522 ιιι
485 491 697 523 continenter
714 491 874 532 sequitur,
895 495 920 524 οὶ
934 496 1068 535 γέροντε,-

74 553 132 577 τῶν
149 549 219 576 νέων
234 546 285 576 ο3κ
303 545 428 576 ἔλαττον
444 546 608 584 ἐμάνησαν.

116 592 153 624 Ρ.
172 593 249 626 219.
264 592 304 623 Ε.
327 593 357 623 3.
377 589 564 623 Delendum
583 597 666 632 puto
694 589 895 632 particulam
918 595 977 624 ὅτι.
991 590 1066 622 Non

73 642 161 674 enim
179 639 262 673 bene
278 649 376 673 sonat
397 653 402 671 :
423 644 562 680 ἐδίδαξεν,
581 645 627 674 ὅτι
644 645 800 683 ὡνὸμασεε
822 640 945 672 rectius
968 640 1066 682 igitur

73 690 182 723 multo
208 696 271 726 ἐπεὶ
298 693 347 726 οὖν
370 694 483 730 ἐδίδαξε
500 697 584 730 ete.,
603 695 652 724 καὶ
669 695 804 732 ὠνόμασε
820 697 900 728 etc„
917 690 987 721 sine
1007 694 1064 724 ὅτι.

72 741 152 773 llaec
173 740 234 773 etsi
260 739 498 783 compendiose
522 751 695 783 propono,
720 738 802 772 nihil
825 747 937 771 tamen
958 738 1064 782 deleo,

72 798 295 833 praeterquam
313 795 371 825 ὅτι.

117 841 153 874 P.
169 842 246 872 221.
261 840 300 874 C.
320 841 352 872 7.
370 841 436 872 Pro
453 842 644 878 καταπτῆξαι
659 836 834 879 legendum
852 838 995 881 conjicio
1012 853 1066 872 κα-

72 895 216 930 τεπεῖξαι.
258 891 299 923 D.
322 891 354 923 9.
381 888 495 921 malim
513 897 713 931 καταστήσῃς.
753 888 791 920 Ε.
810 890 843 922 4.
866 887 971 920 Valde
987 899 1067 930 pro-

73 938 177 973 babili
190 940 381 982 conjectura
395 938 571 971 lectionem
586 937 682 981 liujus
697 937 788 970 lineae
798 936 845 970 sic
855 936 997 971 emendo
1012 955 1017 972 :
1031 944 1067 974 τὸ

71 994 196 1033 μέγεθος
211 1001 218 1008 ·
238 995 429 1035 καταρθερῶ,
455 993 534 1035 φησὶ,
552 997 651 1024 πᾶσαν
668 993 780 1033 σάρκα.
797 989 892 1020 Hanc
904 986 1066 1020 emenda-

72 1041 197 1073 tionem
214 1051 328 1072 sensus
343 1041 410 1082 ipse
423 1037 566 1082 flagitat,
589 1045 621 1070 et
639 1038 739 1069 ierba
754 1049 825 1080 quse
839 1039 990 1080 proxima
1007 1037 1065 1070 lin.

71 1097 266 1133 sequuntur.
291 1089 393 1122 Paulo
410 1096 486 1131 post
510 1087 642 1120 videtur
665 1087 777 1120 deesse
790 1094 815 1122 οι
834 1091 956 1131 λογικοί,
980 1089 1066 1120 inter

71 1145 232 1188 προεδρίαν
245 1144 508 1187 οἱπροόεῧώκασι,
523 1139 574 1174 vel
590 1147 668 1183 post
682 1143 895 1186 προδεδώκασι.

115 1193 152 1226 P.
170 1194 249 1224 224.
275 1193 316 1224 D.
342 1193 395 1224 Η.
419 1197 501 1234 μετὰ
521 1194 551 1225 δὲ
574 1194 683 1229 ταύτης
698 1195 747 1224 καὶ
766 1194 781 1224 ὸ
798 1194 937 1233 λογισμὸς
955 1192 1067 1233 ὑπηγό-

70 1256 184 1286 ρευσεν.
209 1242 312 1285 AEgre
327 1240 410 1273 milii
433 1241 631 1283 persuaserit
648 1241 813 1282 quispiam
838 1238 950 1272 locum
977 1238 1067 1272 hunc

71 1302 139 1324 non
161 1303 229 1324 esse
252 1290 405 1324 mutilum
425 1299 457 1323 et
474 1289 685 1323 mendosum.
705 1290 803 1322 Ratio
819 1291 908 1322 enim
931 1301 1000 1322 non
1015 1289 1068 1323 di-

71 1349 144 1375 ctat
171 1343 300 1374 asinum
331 1352 399 1374 esse
425 1339 650 1381 immundum,
665 1348 700 1373 et
723 1352 862 1374 vaccam
891 1340 1064 1382 mundam,

71 1402 147 1424 cum
159 1390 275 1424 iisdem
287 1391 384 1434 plane
401 1398 433 1423 et
448 1402 548 1424 vacca
562 1399 596 1423 et
608 1392 719 1423 asinus
732 1389 899 1423 alimentis
915 1398 1064 1432 utantur,

71 1440 130 1474 sed
153 1443 359 1474 contrarium
382 1439 495 1483 potius
511 1439 640 1474 suadet.
661 1438 759 1473 Unde
776 1447 825 1472 est
838 1451 934 1484 ergo,
959 1441 1067 1483 inquit

70 1489 260 1534 Chrysost.‚
271 1490 362 1534 quod
375 1489 439 1522 alia
451 1488 575 1522 munda
585 1488 773 1531 videantur,
789 1489 853 1522 alia
868 1488 1067 1522 immunda?

71 1539 122 1573 Ex
139 1552 264 1574 arcano
291 1538 439 1584 quodam
460 1538 621 1572 instinctu
640 1546 779 1579 naturae,
799 1550 865 1583 quo
886 1538 925 1572 fit
944 1547 982 1572 ut
1002 1538 1066 1571 alia

71 1602 273 1632 aversemur,
291 1589 494 1623 delectemur
517 1588 600 1622 aliis.
613 1590 710 1621 Hanc
732 1598 801 1621 esse
818 1597 900 1632 puto
920 1586 1065 1622 mente'm

72 1639 319 1685 Chrysostomi‚
344 1638 476 1672 tametsi
500 1638 698 1671 sententiam
723 1639 790 1682 ejus
816 1647 848 1672 et
873 1638 1065 1682 opinionem

72 1701 140 1723 non
154 1689 274 1733 probo.
290 1689 381 1731 Quid
395 1701 474 1734 ergo
485 1690 512 1722 si
528 1690 575 1721 sic
588 1688 734 1733 legamus
749 1702 755 1720 :
770 1694 835 1732 οὐχὶ
851 1693 881 1723 δὲ
894 1695 954 1725 ἀπὸ
970 1697 1023 1729 τῆς
1037 1695 1066 1724 ἐν

71 1749 110 1784 τῇ·
126 1749 242 1787 Γραρῇ,
261 1746 360 1775 πάντα
385 1747 444 1787 γὰρ
467 1745 588 1784 καθαρά
610 1745 627 1778 ἡ
656 1746 760 1786 Γραξὴ
785 1743 909 1780 ἐδίδαξε,
933 1746 1016 1783 μετὰ
1035 1744 1066 1775 δὲ

71 1792 183 1828 ταύτης
197 1798 260 1822 etc.
276 1791 340 1823 Pro
360 1789 422 1822 hac
439 1789 583 1823 lectione
604 1789 732 1822 faciunt
749 1788 818 1822 baec
835 1802 907 1833 quae
922 1802 1066 1834 sequun-

70 1848 127 1872 tur
147 1853 153 1871 :
172 1844 224 1886 ἀφ’
247 1844 354 1880 ἑαυτῆς
371 1847 538 1883 κινουμένη,
555 1847 589 1872 et
605 1844 656 1874 οὐκ
672 1844 756 1881 ὄντα,
774 1844 855 1875 ἀλλὰ
871 1848 1065 1884 νομιζόμενα,

72 1900 105 1926 et
121 1903 158 1925 ea
183 1904 255 1936 quae
280 1891 438 1926 dicuntur
460 1892 502 1926 de
525 1892 734 1925 diversorum
757 1892 910 1926 locorum
935 1893 1067 1928 diverso

72 1954 145 1983 usu,
170 1950 204 1974 et
230 1950 400 1985 postremo
425 1944 565 1986 quaestio
593 1954 666 1986 quae
691 1945 892 1986 proponitur
917 1943 959 1977 de
983 1947 1066 1978 asini

73 1991 300 2025 immunditie.

115 2042 153 2075 P.
172 2043 247 2075 225.
272 2043 314 2076 D.
343 2043 374 2073 5.
392 2047 417 2075 εἰ
432 2048 487 2082 τὴν
502 2047 601 2076 αἰτίαν
627 2047 768 2085 μάθοιτε.
783 2042 946 2076 Eamdem
961 2051 1066 2087 septe-

71 2093 158 2125 narii
170 2092 299 2124 numeri
320 2091 485 2124 rationem
502 2090 615 2124 reddit
631 2091 866 2125 Theodoretus
881 2094 1008 2134 Quaest.
1026 2095 1067 2127 50

70 2143 106 2174 in
122 2141 265 2175 Genesin
283 2154 290 2172 τ
310 2147 364 2179 τὰς
379 2144 434 2184 μὲν
451 2149 531 2187 τρεῖς
550 2147 686 2184 συζυγίας
699 2142 901 2187 [φυλαχθῆναι
916 2150 1067 2190 προσέτα-

71 2191 139 2238 ξεν]
157 2198 197 2230 εἰς
218 2199 270 2231 τὴν
293 2196 412 2232 αὔξησιν
439 2197 492 2226 τοῦ
514 2198 624 2234 γένους·
643 2197 678 2226 τὸ
704 2195 734 2225 δὲ
757 2195 787 2225 ἓν
809 2198 845 2227 τὸ
866 2200 1008 2239 περιττὸν
1031 2199 1069 2231 εἰς

73 2248 185 2277 θυσίαν.

114 2293 152 2324 P.
173 2293 248 2324 226.
269 2293 307 2322 A.
327 2291 358 2322 ⁵.
377 2291 442 2323 Pro
462 2296 798 2335 καταστοιχειουμένων,
822 2291 902 2325 fort.
919 2307 1069 2327 καταστο-

70 2348 247 2386 χαζομένων
267 2342 312 2376 ;ἰ,
331 2352 360 2374 e.
385 2341 583 2386 conjecturis
606 2343 676 2373 suis
699 2341 954 2385 depravantium
977 2341 1069 2376 Scri-

69 2398 215 2435 plut-am.

115 2442 151 2474 P.
171 2443 246 2474 227.
265 2441 304 2473 E.
324 2443 354 2473 6.
371 2440 480 2473 verba
493 2442 540 2474 sic
557 2441 768 2484 disponenda
785 2453 904 2475 censeo
925 2459 932 2477 :
951 2448 1066 2487 ἔχουσι,

71 2496 122 2526 καὶ
144 2498 189 2535 μὴ
212 2495 406 2536 βουλομένοις
431 2499 512 2534 μήτε
536 2501 579 2535 τῷ
613 2496 761 2537 ὀφθαλμῷ
789 2498 988 2536 ἀποτειχίζειν
1015 2500 1069 2531 τὴν

71 2546 217 2580 ἐπιῖλαέῆ
238 2547 318 2582 θέαν,
336 2550 416 2584 μήτε
438 2546 575 2586 καθαρὰν
597 2549 652 2580 τὴν
673 2546 811 2584 γλῶτταν
836 2545 985 2588 διατηρεῖν
1009 2549 1069 2578 ἀπὸ

71 2597 178 2637 ὅρκων,
194 2597 243 2625 καὶ
258 2598 302 2635 μὴ
319 2597 507 2634 ἀνεχομένοις
522 2601 602 2634 μήτε
626 2596 717 2637 ὀργὴν
732 2598 846 2638 ἀρεῖ-και
871 2600 912 2636 τῷ
933 2596 1067 2634 πλησίον,

73 2648 145 2672 tum
163 2639 254 2673 addo
275 2657 281 2674 :
300 2649 380 2683 μήτε
396 2645 468 2674 ὅταν
485 2644 644 2679 ἀῦικηθώσι
660 2648 797 2683 γενναίως
817 2646 931 2687 φέρειν,
949 2647 1002 2676 τοῦ
1017 2651 1070 2675 Δε-

72 2697 180 2725 σπότου
192 2696 244 2724 καὶ
265 2697 342 2725 Θεοῦ
360 2696 445 2733 ἡμῶν
477 2698 542 2723 etc.
563 2691 634 2723 Nisi
654 2691 743 2722 enim
767 2690 894 2735 aliquid
909 2689 1066 2734 addatur,

73 2746 107 2772 et
121 2739 220 2772 verba
234 2741 335 2772 etiam
353 2739 449 2772 aliter
464 2739 670 2784 digerantur,
690 2752 757 2774 non
774 2743 849 2783 erit,
865 2749 902 2774 ut
918 2741 1068 2775 membra

72 2790 236 2821 orationis
255 2797 333 2831 apte
349 2791 435 2821 inter
451 2801 485 2822 se
498 2789 700 2829 cohaereant,
720 2789 777 2823 sed
795 2789 886 2823 aliud
902 2802 1069 2834 propone-

73 2845 138 2880 tur,
152 2837 244 2870 aliud
261 2836 470 2880 probabitur,
487 2846 521 2871 et
543 2838 741 2872 mandatum
757 2839 881 2873 Christi
898 2839 940 2873 de
960 2841 1069 2874 feren-

72 2885 125 2920 dis
154 2888 322 2930 patienter
347 2888 473 2930 injuriis
497 2887 653 2922 adversus
683 2889 758 2923 illos
779 2882 990 2932 adducetur‚'
1011 2893 1068 2934 qui

71 2936 185 2970 oculos
203 2949 221 2970 a
239 2935 431 2969 mulieribus
453 2935 608 2971 formosis
620 2937 774 2972 lascivius
789 2939 982 2982 spectandis
999 2951 1067 2974 non

78 2985 248 3020 cohibent.
265 2988 306 3018 At
321 2997 422 3029 quam
439 2985 508 3018 liaec
525 2987 758 3031 ἀπροοόιόννσαΡ

114 3037 153 3071 P.
176 3038 252 3070 228.
269 3038 308 3069 D.
341 3038 373 3070 6.
395 3042 435 3070 τὰ
449 3044 619 3082 πρόσκαιρα
641 3047 700 3071 τῶν
716 3042 900 3080 μελλόντων.
920 3039 980 3073 Vel
1005 3052 1066 3083 pro

70 3094 249 3133 πρόσκαιρα,
260 3094 398 3132 παρόντα
413 3084 588 3130 legendum
601 3097 730 3128 censeo,
740 3087 792 3120 vel
807 3099 869 3131 pro
881 3093 1064 3132 μελλόντων,

71 3146 228 3179 μενόντων.

112 3188 150 3220 P.
165 3189 242 3220 229.
259 3187 298 3220 C.
319 3188 372 3221 42.
386 3188 494 3231 Lego:
515 3192 642 3232 ἡμέρας,
662 3191 793 3222 ἐννοείτω
809 3194 865 3226 τήν
875 3194 1001 3231 γέενναν,
1018 3198 1064 3225 καὶ

72 3243 123 3272 τοῦ
138 3243 269 3273 ἐντεῦθεν
285 3241 468 3276 ἐκπηιῖῶντος
483 3243 576 3282 πυρὸς
598 3246 651 3276 τήν
673 3252 706 3271 τε
728 3241 915 3283 φοέεροτητα
937 3245 986 3274 καὶ
1012 3247 1065 3278 τήν

72 3299 229 3331 καυστικὴν
243 3295 381 3335 δύναμιν,
400 3296 620 3334 άναλογιςὶσθω
646 3300 698 3329 τῆς
715 3300 838 3338 φρικτῆς
857 3296 968 3332 ταύτης
988 3310 1060 3340 τρα-

72 3348 163 3383 πέζης
175 3348 228 3380 τήν
244 3346 417 3383 ἀπόλαυσιν,
433 3348 481 3376 καὶ
498 3347 560 3376 οἵαν
576 3348 696 3377 ἀπαιτεῖ
712 3349 776 3374 etc.
804 3339 915 3383 Vides,
930 3350 966 3375 ut
982 3343 1062 3376 mihi

72 3390 185 3433 religio
199 3390 288 3424 nulla
311 3389 523 3434 sit‚'addere‚
541 3390 728 3433 detrahere,
748 3398 878 3425 mutare
896 3391 1060 3435 quadrata

2036 183 2129 246 9¹5

1141 277 1312 320 rotundis,
1336 278 1523 313 dummodo
1548 290 1662 312 sensus
1678 280 1878 312 commodus
1905 289 1933 311 et
1953 291 2127 315 consenta-

1140 339 1220 361 neus
1246 328 1423 362 efficiatur.
1443 330 1518 361 Non
1547 330 1654 372 quivis
1678 330 1725 362 sic
1754 329 1912 364 auderet:
1942 337 2057 372 ἀμαθία
2074 339 2129 374 μὲν

1142 384 1261 424 θράσος,
1282 384 1421 424 λογισμὸς
1435 383 1464 414 δὲ
1478 383 1562 415 ὄκνον
1578 386 1671 425 φέρει.

1475 493 1669 527 HOMILIA
1691 493 1796 526 XXV.

1182 584 1219 617 P.
1234 585 1290 617 281
1302 607 1311 616 .
1324 585 1362 616 A.
1383 586 1413 616 l.
1433 587 1502 618 ἀλλ’
1517 587 1616 623 ἐπειδή
1633 591 1698 616 etc.
1715 584 1869 624 Longum
1889 582 2125 627 hyperbatum.

1137 633 1264 666 Pendet
1281 633 1370 666 enim
1382 636 1491 667 oratio
1511 633 1554 666 ab
1569 634 1632 666 lioc
1651 645 1753 677 usque
1770 633 1845 666 loco
1861 631 1904 665 ad
1923 633 1991 666 haec
2005 632 2105 665 xerba
2120 650 2124 667 :

1138 687 1186 718 διὰ
1198 689 1287 718 τοῦτο
1302 699 1370 729 φησι
1383 695 1390 702 ·
1410 693 1474 718 Νῶε
1491 687 1521 718 δὲ
1538 689 1572 723 ἦν
1589 689 1661 719 ἐτῶν
1674 699 1720 728 χ.,
1736 683 1785 716 iel
1799 682 1917 721 saltem
1935 682 1978 715 ad
1996 686 2038 717 διὸ
2049 687 2098 717 καὶ
2113 687 2129 716 ὸ

1137 741 1296 772 Δεσπότης.
1315 734 1405 766 ΙόἱιΙ.
1426 733 1556 767 sirletur
1573 745 1640 767 esse
1657 733 1766 766 hiatus
1785 734 1870 766 inter
1888 743 1991 780 Γραρή
2013 740 2046 765 et
2060 735 2127 771 ἤδη,

1136 795 1234 826 quem
1249 783 1297 816 sic
1322 794 1384 825 pro
1398 791 1547 826 tempore
1564 783 1695 825 explere
1711 794 1816 816 conor
1833 796 1839 814 :
1858 788 1908 818 ἐπὶ
1920 791 2011 818 πόσον
2023 789 2130 827 χρόνον

1136 836 1287 879 διήρκεσεν
1304 837 1403 871 αὐτοῖς
1416 834 1672 877 παραινῶν.Τιιιη
1685 832 1894 876 progredior,
1912 836 1966 871 ἤδη
1985 832 2128 874 εἰποῦσα),

1135 889 1181 918 ὅτι
1200 892 1264 917 Νῶε
1280 887 1314 922 ἦν
1331 888 1404 917 ἐτῶν
1417 889 1626 923 πεντακοσίων,
1646 882 1755 915 deleta
1772 881 1936 925 particula
1953 885 1996 916 δέ.
2015 883 2128 925 Neque

1135 933 1224 965 enim
1249 939 1300 965 est
1325 933 1358 965 in
1383 941 1544 966 contextu
1562 935 1680 975 Mosis,
1709 945 1770 966 nec
1794 931 1921 976 aliquid
1946 931 2001 964 liic
2026 931 2128 966 habet

1136 981 1225 1026 quod
1241 990 1330 1026 agat.
1350 983 1452 1016 Aliter
1466 991 1499 1016 et
1517 991 1554 1016 ut
1580 983 1722 1026 brevius,
1739 985 1932 1025 minoreque
1956 994 2030 1014 cum
2056 994 2127 1014 mu-

1137 1033 1277 1073 tatione,
1303 1034 1349 1066 ita
1372 1035 1492 1077 opinor
1517 1034 1640 1066 rectius
1660 1046 1665 1064 :
1685 1039 1724 1068 τὰ
1751 1038 1803 1071 ἔτη
1827 1037 1929 1071 αὐτοῦ,
1960 1030 2013 1064 hic
2037 1030 2128 1064 addo

1135 1080 1304 1115 duntaxat
1319 1090 1359 1118 τὰ
1374 1091 1409 1116 et
1429 1088 1531 1126 αὐτοῦ,
1549 1091 1583 1116 et
1605 1095 1666 1126 pro
1682 1087 1738 1122 ἤδη
1754 1094 1822 1115 non
1846 1093 1968 1125 magno
1993 1083 2128 1125 negotio

1135 1132 1248 1165 scribo
1261 1137 1325 1170 ἔτη.
1348 1135 1434 1166 Nam
1452 1145 1583 1166 necesse
1600 1135 1738 1166 omnino
1757 1132 1839 1164 mibi
1855 1131 1999 1173 videtur,
2020 1139 2056 1164 ut
2071 1143 2128 1165 ac-

1135 1184 1303 1215 cusativus
1319 1183 1449 1227 aliquis,
1464 1192 1523 1217 aut
1543 1184 1617 1217 loco
1633 1183 1815 1216 aecusatixi
1831 1181 1970 1225 aliquid,
1987 1179 2126 1216 verbum

1136 1236 1248 1272 ἐδίδαξε
1261 1241 1428 1277 sequatur.

1181 1283 1218 1316 P.
1244 1284 1321 1316 234.
1347 1285 1385 1317 A.
1412 1286 1444 1317 7.
1472 1293 1535 1322 πῶς
1559 1286 1706 1329 διαφόρως
1729 1283 1881 1325 μῑθθῧῑῦῑῑ
1899 1293 1905 1312 ²
1923 1281 1946 1313 i·
1972 1291 2000 1312 e·
2025 1292 2129 1325 ‘luam

1136 1333 1234 1364 vario
1247 1334 1313 1364 arti
1330 1335 1395 1365 icio
1411 1341 1540 1373 tractet,
1555 1345 1657 1378 quam
1674 1333 1770 1364 vario
1786 1330 1934 1375 artificio
1948 1331 2129 1374 aggredia-

1136 1388 1199 1413 tur.
1218 1382 1274 1415 Sic
1289 1382 1372 1415 infra
1388 1391 1489 1418 σκόπει
1506 1393 1567 1422 πῶς
1579 1388 1628 1416 καὶ
1641 1386 1753 1417 τουτων
1769 1388 1824 1420 τὴν
1841 1388 1922 1415 νόσον
1935 1383 2126 1424 ἐμεθόὸευσε,

1135 1430 1216 1462 vide
1231 1432 1330 1475 quali
1345 1432 1491 1477 (inficio
1506 1439 1537 1464 et
1560 1431 1673 1464 horum
1695 1430 1842 1462 morbum
1869 1441 2048 1474 aggressus
2072 1432 2126 1471 sit,

1135 1483 1296 1513 tractarit.
1328 1481 1476 1514 Verbum
1497 1485 1648 1526 μεθοῖεύω
1671 1480 1761 1524 apud
1785 1479 1964 1525 Clirysost.
1999 1479 2128 1523 aliquot

1135 1528 1238 1562 habet
1262 1542 1338 1564 usus
1362 1532 1594 1566 obserxatione
1620 1531 1752 1575 dignm,
1783 1530 1886 1565 veluti
1907 1529 1972 1563 hoc
1995 1529 2072 1563 loco
2094 1538 2128 1562 et

1134 1590 1218 1622 saepe
1232 1580 1330 1614 infra.

1179 1629 1217 1660 P.
1237 1630 1312 1662 242.
1333 1632 1372 1664 D.
1392 1633 1424 1665 7.
1443 1631 1604 1673 Suspecta
1627 1629 1709 1662 mihi
1729 1637 1778 1662 est
1796 1628 1903 1661 dictio
1918 1635 2125 1676 στεφανοῦται,

1135 1691 1199 1722 pro
1224 1692 1289 1724 qua
1315 1679 1585 1713 substituendum
1613 1680 1796 1712 censuerim
1821 1684 2033 1726 κατορθοῦται,
2063 1679 2127 1711 hoc

1136 1732 1238 1766 modo
1253 1746 1260 1764 :
1276 1736 1346 1767 ἀλλ’
1363 1737 1388 1766 εἰ
1404 1737 1453 1766 καὶ
1469 1737 1486 1770 ἡ
1503 1739 1606 1774 γνώμη
1633 1738 1740 1765 νικῶσα
1756 1736 1810 1768 τὴν
1826 1732 1923 1774 φύσιν,
1939 1732 1987 1763 διὰ
2003 1735 2057 1767 τὴν
2076 1735 2129 1762 τοῦ

1135 1791 1282 1819 Δεσπότου
1297 1788 1415 1826 ἀγάπην
1432 1779 1662 1825 [marginalem
1677 1781 1763 1813 enim
1781 1778 1957 1811 lectionem
1975 1778 2128 1822 praefero]

1136 1839 1224 1869 τοῦτο
1239 1838 1452 1880 κατορθοῦται,
1471 1835 1552 1866 οὐδέν
1568 1839 1634 1866 etc.
1653 1831 1709 1864 Sic
1726 1841 1825 1873 supra
1842 1842 1876 1872 p.
1895 1830 1949 1862 87.
1970 1832 2008 1861 A.
2027 1831 2058 1862 6.
2078 1835 2127 1863 καὶ

1135 1889 1209 1929 ὅπερ
1220 1889 1238 1920 ἡ
1250 1885 1329 1930 φύσις
1345 1886 1395 1917 οὐκ
1410 1885 1541 1925 ἐδέχετο,
1551 1885 1591 1916 ἑνὶ
1606 1887 1665 1926 γάρ
1684 1885 1801 1923 θανάτῳ
1813 1885 1921 1918 πάντες
1933 1881 2126 1923 ὑποκείμεθα-

1135 1938 1226 1969 τοῦτο
1242 1939 1259 1973 ἡ
1277 1937 1435 1978 φιλονεικία
1452 1940 1504 1971 τῆς
1519 1935 1721 1978 προαιρέσεως
1734 1936 1827 1965 αὐτοῦ
1844 1936 2012 1976 κατώρθου.

1460 2045 1650 2078 HOMILIA
1674 2043 1800 2077 XXVI.

1181 2141 1218 2174 P.
1235 2141 1311 2173 243.
1326 2140 1368 2175 D.
1384 2140 1415 2172 6.
1435 2139 1500 2171 Pro
1513 2142 1628 2184 κολάζῃ
1642 2134 1819 2181 legendum
1842 2136 1992 2178 suspicor
2010 2139 2131 2182 εὐεργε-

1138 2200 1186 2231 τῆ,
1202 2197 1262 2222 aut
1277 2201 1344 2222 non
1359 2188 1530 2222 dissimilis
1554 2185 1809 2230 significationis
1824 2185 1962 2219 verbum
1977 2184 2127 2228 aliquod.

1136 2231 1212 2274 Non
1229 2241 1316 2273 enim
1335 2239 1492 2282 ejusdem,
1509 2236 1567 2270 sed
1583 2237 1720 2270 diversae
1734 2244 1833 2278 atque
1852 2234 1937 2268 adeo
1953 2234 2131 2267 contrariae

1136 2289 1283 2324 notionis
1300 2289 1399 2322 rerba
1421 2287 1476 2320 hic
1494 2285 1650 2330 ponenda
1675 2284 1851 2318 declarant
1874 2290 1924 2319 καὶ
1941 2289 2056 2326 ταῦτα,
2077 2291 2132 2319 κά-

1137 2350 1228 2381 κεῖνα,
1243 2351 1315 2383 quae
1333 2339 1486 2382 proxima
1502 2337 1587 2369 linea
1601 2343 1796 2379 sequuntur.

1178 2391 1215 2424 Ρ.
1236 2392 1311 2423 245.
1333 2391 1369 2421 B.
1386 2391 1398 2421 l
1412 2391 1421 2420 l
1433 2413 1440 2420 .
1460 2397 1518 2423 τῶν
1534 2392 1700 2433 πρωτείων.
1718 2387 1814 2418 Fort.
1831 2393 1890 2419 τῶν
1903 2391 2040 2430 πρώτων·
2056 2384 2130 2416 Hoc

1136 2442 1225 2474 enim
1249 2439 1366 2472 melius
1380 2439 1537 2471 convenit
1553 2448 1629 2469 cum
1647 2439 1816 2480 ἐξαιρέτων.

1180 2492 1217 2524 Ρ.
1234 2492 1271 2522 24
1280 2493 1310 2522 6.
1329 2490 1368 2521 E.
1388 2490 1441 2521 ⁴0.
1465 2487 1566 2520 Deleo
1581 2495 1625 2530 μή
1641 2494 1719 2518 ante
1735 2493 1773 2530 τῇ
1787 2489 1938 2527 ἁσθενείᾳῑ
1952 2482 1999 2515 Er
2021 2493 2131 2514 eorum

1138 2553 1216 2586 quae
1231 2541 1387 2572 dicuntur
1407 2539 1590 2570 crassitiem
1613 2543 1734 2568 nostroe
1757 2542 1886 2566 natur-ce
1908 2532 2130 2564 imbecillitati

1139 2594 1346 2636 imputemus.
1367 2589 1422 2621 Sic
1445 2598 1546 2631 supra
1570 2584 1758 2628 aliquoties.
1787 2582 1879 2615 Infra
1899 2581 1990 2613 liom.
2014 2583 2079 2613 27.-
2093 2590 2131 2625 τῇ

1139 2647 1248 2677 σαυτοῦ
1263 2645 1399 2683 ἀσθενείᾳ
1414 2648 1473 2672 τῶν
1488 2642 1635 2683 ῥημάτων
1652 2638 1869 2678 συγκατάὸαοιν
1884 2637 2085 2675 λογισάμενος.

1182 2693 1218 2725 P.
1243 2691 1321 2723 248.
1342 2690 1382 2722 D.
1410 2689 1463 2721 40.
1482 2687 1583 2720 Deleo
1602 2692 1656 2725 τὴν
1673 2691 1780 2720 οἰκείαν
1806 2691 1883 2716 ante
1899 2689 2017 2725 ἐπέσχε.
2047 2682 2128 2712 Pro-

1137 2741 1190 2775 cul
1208 2740 1311 2774 dubio
1333 2738 1421 2772 enim
1439 2736 1619 2771 redundat.
1645 2737 1685 2769 E.
1705 2737 1737 2769 8.
1769 2740 1786 2773 ἠ
1811 2743 1868 2768 τῶν
1894 2736 2008 2767 ὑδάτων
2036 2733 2126 2776 φύσις.

1138 2794 1228 2835 Lego
1245 2797 1262 2830 ἡ
1281 2800 1337 2826 τῶν
1353 2793 1467 2825 ὑδάτων
1482 2791 1564 2835 ῥύσις
1580 2799 1586 2805 ·
1606 2789 1628 2821 i.
1646 2798 1676 2819 e.
1696 2791 1786 2832 φορά.

1183 2843 1218 2874 P.
1234 2843 1310 2874 249.
1326 2842 1365 2873 D.
1384 2842 1413 2871 l.
1428 2842 1501 2884 παρ’
1514 2842 1604 2871 αὑτοῦ
1615 2839 1694 2870 ἰδεῖν·
1710 2834 1816 2874 LXX,
1831 2838 1923 2868 ὀπίσω
1938 2836 2028 2874 αὐτοῦ
2045 2833 2126 2865 ἰδεῖν.

1182 2893 1218 2924 P.
1238 2893 1314 2924 251.
1342 2890 1380 2922 Ε.
1403 2891 1435 2922 9.
1454 2888 1519 2921 Pro
1545 2890 1729 2929 ἰιηγοὺμενοι
1756 2882 1836 2927 quid
1853 2881 1878 2914 si
1896 2886 2104 2925 διηγησάμενοι
2119 2907 2125 2915 .

1138 2942 1214 2985 quia
1227 2939 1376 2982 loquitur
1395 2937 1438 2970 de
1457 2945 1607 2978 tempore
1623 2930 1818 2977 praeterito?

1182 2991 1217 3022 P.
1231 2991 1307 3021 252.
1324 2990 1362 3021 B.
1379 2989 1429 3018 ll.
1450 2987 1567 3018 Deesse
1580 2985 1710 3016 xidetur
1734 2988 1812 3017 κατὰ
1829 2988 1906 3014 ante
1920 2987 1974 3020 τὴν
1989 2987 2123 3026 πρώτην.

1181 3041 1217 3073 Ρ.
1231 3040 1308 3072 253.
1324 3039 1364 3071 E.
1379 3040 1410 3069 4.
1426 3042 1466 3070 τὰ
1479 3039 1545 3069 καθ’
1557 3040 1637 3078 ἡμᾶς
1650 3038 1914 3079 παραχωροῦντες.
1933 3027 2125 3073 Legendum

1135 3089 1279 3133 conjicio
1296 3093 1336 3122 τά
1351 3091 1418 3121 καθ’
1436 3091 1514 3129 ἡμᾶς
1532 3090 1607 3128 ἔχειν
1627 3083 1692 3123 (vel
1710 3085 1879 3126 τυγχάνειν)
1894 3086 2121 3125 συγχωροῦντες.

1136 3142 1156 3172 i·
1184 3151 1213 3173 e.
1239 3144 1354 3179 ἐῶντες,
1373 3143 1515 3179 ἀφιέντες,
1535 3133 1586 3166 vel
1603 3141 1652 3166 est
1669 3139 1919 3178 παραχωροῦντες
1931 3141 1992 3171 pru
2010 3143 2123 3170 σνγχω-

1134 3195 1264 3236 ροῦντες.
1281 3188 1469 3227 Utcumque
1485 3195 1565 3216 vero
1581 3184 1642 3225 sit,
1660 3180 1812 3231 desidero
1831 3179 1966 3212 verbum
1984 3185 2060 3208 ante
2075 3175 2124 3207 vel

1138 3246 1212 3282 post
1228 3236 1450 3280 participium·
1474 3232 1533 3267 Sic
1547 3234 1657 3276 igilur,
1670 3232 1789 3274 inquit,
1805 3241 1852 3261 res
1865 3238 1976 3258 mmm-s
1995 3231 2125 3256 nostras

1133 3296 1229 3333 prout
1245 3287 1429 3319 acciderint
1444 3296 1479 3316 se
1497 3282 1617 3315 habere
1634 3284 1779 3314 sinentes
1792 3306 1799 3316 ,
1820 3290 1877 3309 nos
1896 3279 1929 3307 in
1948 3275 2008 3306 Ιιοι·
2025 3285 2123 3304 nanum

1135 3341 1225 3371 omni
1244 3337 1353 3368 studio
1380 3332 1623 3371 incumbamus,
1644 3340 1675 3362 ιιι
1691 3331 1763 3362 Dm
1786 3327 1917 3359 assidue
1936 3337 1996 3362 μιυ
2021 3334 2125 3354 omm-

1136 3391 1194 3422 Ims
1208 3398 1347 3432 agamus
1361 3385 1502 3428 gratias.
