2483 3791
324 150 410 194 128

314 258 420 295 gnam
448 243 585 296 possint
600 243 638 281 in
655 242 773 280 animo
796 256 917 294 parere
939 240 1162 293 spiritualem
1179 238 1269 276 laeti-

315 306 441 354 tiam),
463 319 546 342 cum
557 303 674 342 studio
691 303 804 341 multo
818 316 859 340 ac
877 300 1075 340 vehementi
1092 298 1268 337 desiderio

316 364 422 402 dictis
443 379 545 402 aures
565 364 797 417 praebeamus,
827 371 866 399 ut
888 375 992 398 veras
1010 360 1155 398 divitias
1186 357 1269 395 inde

317 423 413 461 nacti
429 454 439 471 ,
459 432 492 461 et
506 422 548 460 ad
573 436 650 460 eam
677 435 754 471 quae
769 418 965 457 secundum
984 418 1102 454 Deum
1121 424 1172 452 est
1189 413 1271 466 phi-

319 484 519 536 losophiam
549 482 671 520 multis
699 479 869 531 susceptis
893 476 1103 523 seminibus,
1126 475 1177 514 sic
1200 474 1271 513 do—

321 559 419 582 mum
436 553 671 583 revertamur.

375 790 413 825 2.
443 785 640 824 Audiamus
671 783 783 835 igitur
811 796 889 833 quae
914 781 1021 820 hodie
1049 781 1139 819 lecta
1172 780 1242 818 sint
1265 795 1272 816 :
1298 775 1324 805 D

324 847 385 886 sed
396 848 556 886 animum
571 845 752 893 adhibete,
766 853 800 882 et
810 857 956 882 excussa
968 843 1111 894 ignavia
1123 855 1276 891 curaque

324 909 487 948 saeculari
503 908 673 957 omni,sic
691 907 796 945 dictis
808 905 979 944 attendite
1002 921 1009 941 ε
1029 904 1161 943 divinae
1176 917 1276 940 nam-

323 985 392 1021 que
407 971 502 1022 leges
521 978 603 1007 sunt
621 983 665 1006 ex
682 967 776 1005 caelis
795 967 841 1004 ob
867 966 1017 1003 salutem
1032 974 1187 1002 nostram
1208 963 1275 1000 de-

325 1031 454 1068 missae.
475 1032 568 1068 Nam
590 1030 633 1077 si,
654 1042 735 1065 cum
767 1026 1001 1079 imperatoria:
1020 1025 1131 1061 literae
1150 1023 1279 1074 legun-

326 1101 396 1140 tur,
412 1104 584 1142 magnum
605 1090 739 1139 ubique
756 1097 807 1126 est
821 1087 1017 1136 silentium,
1035 1095 1069 1122 et
1086 1084 1202 1122 omnis
1224 1092 1279 1121 tu-

326 1152 460 1189 multus
487 1151 725 1203 strepitusque
738 1148 954 1196 eliminatur,
976 1145 1143 1184 omnibus
1177 1158 1280 1182 aures

327 1211 580 1263 arrigentibus,
604 1221 638 1249 et
657 1211 782 1249 audire
809 1208 1034 1261 cupientibus
1054 1206 1142 1258 quid
1163 1206 1278 1258 impe-

327 1274 467 1311 ratoriae
496 1273 607 1310 literae
626 1272 818 1320 declarent,
837 1279 870 1307 et
889 1282 1059 1320 magnum
1077 1267 1281 1320 perieulum

327 1333 426 1371 adest
445 1333 502 1371 vel
521 1332 704 1370 tantillum
723 1330 972 1378 tumultuanti,
998 1338 1031 1366 et
1052 1327 1215 1366 lectionis
1231 1341 1280 1365 se-

327 1395 416 1433 riem
433 1393 686 1432 interturbanti
707 1409 714 1429 ι
739 1392 855 1430 multo
873 1391 987 1442 magis
1004 1389 1065 1427 hic
1080 1403 1163 1426 eum
1178 1388 1283 1426 timo-

330 1471 367 1495 re
385 1466 418 1494 et
446 1465 598 1494 tremore
620 1454 857 1503 adstandum,
884 1462 917 1491 et
936 1453 1050 1490 altum
1080 1450 1285 1489 habendum

331 1517 528 1567 silentium,
549 1516 875 1568 cogitationumque
892 1513 1068 1552 tumultus
1090 1511 1286 1562 arcendus;
1311 1522 1334 1552 Ε

333 1588 373 1617 ut
387 1593 465 1630 quae
484 1577 653 1616 dicuntur
670 1577 868 1628 intelligere
883 1574 1040 1627 possitis,
1063 1583 1097 1612 et
1128 1583 1167 1611 ut
1184 1573 1288 1611 obse-

333 1640 514 1692 quentiam
550 1648 707 1677 vestram
734 1637 937 1690 approbans
975 1638 1054 1674 Rex
1088 1634 1252 1672 caelorum
1275 1663 1284 1681 ,

334 1701 533 1753 majoribus
564 1713 630 1736 vos
654 1698 860 1736 muneribus
879 1697 1058 1748 dignetur.
1089 1694 1288 1734 Videamus

336 1762 449 1813 igitur
461 1759 549 1812 quid
561 1774 624 1797 nos
639 1773 733 1797 nunc
748 1759 872 1796 doceat
894 1758 1018 1795 beatus
1036 1758 1196 1808 Moyses,
1218 1769 1287 1793 non

334 1822 478 1875 propria
492 1830 629 1860 tantum
640 1821 778 1871 lingua,
792 1819 853 1857 sed
865 1829 897 1856 ct
909 1818 1048 1870 Spiritu
1057 1826 1176 1854 sancto
1189 1816 1288 1853 afssa-

335 1893 392 1921 tus
409 1883 484 1920 haec
500 1882 659 1932 loquens.
682 1881 742 1918 15.
767 1882 821 1917 Et
840 1882 998 1931 accepit,
1011 1878 1286 1929 inquit‚D0mi-

337 1957 407 1981 nus
425 1944 532 1981 Deus
550 1943 759 1989 hominem,
773 1955 892 1992 quem·
894 1941 1094 1991 formavit.
1110 1938 1204 1976 Bene
1221 1947 1289 1975 sta-
1300 1954 1347 1979 103

335 2004 400 2041 tim
414 2018 433 2041 a
452 2002 629 2056 principio
645 2002 720 2039 haec
732 2000 803 2038 duo
818 2002 938 2052 posuit
957 2016 966 2036 :
984 2014 1052 2037 non
1067 1999 1161 2037 enim
1177 1998 1287 2049 dixit,
1313 1992 1339 2020 Α

337 2067 545 2113 Dominus,
562 2073 595 2102 et
616 2063 741 2110 tacuit,
759 2061 821 2099 sed
838 2061 991 2110 addidit,
1007 2062 1129 2109 Deus,
1148 2060 1205 2097 hic
1221 2060 1288 2097 ali-

338 2124 426 2175 quid
453 2124 565 2161 latens
591 2133 623 2161 ct
643 2122 821 2161 occultum
849 2121 952 2158 nobis
970 2120 1146 2169 indicans,
1167 2129 1206 2157 ut
1233 2119 1291 2157 di—

338 2200 491 2234 scamus,
512 2185 587 2223 sive
606 2184 814 2230 Dominum,
837 2182 912 2219 sive
932 2183 1049 2218 Deum
1075 2181 1264 2218 audiamus
1279 2210 1290 2230 ,

338 2246 480 2284 nullum
499 2260 572 2283 esse
595 2245 686 2283 inter
704 2244 780 2281 haec
800 2243 943 2280 nomina
976 2241 1181 2279 discrimen.
1216 2241 1292 2278 Hoc

341 2316 458 2345 autem
491 2321 560 2344 non
594 2306 668 2343 sine
689 2319 794 2342 causa
823 2302 1097 2341 commemoravi
1116 2317 1127 2351 3
1167 2303 1227 2339 scd
1253 2311 1291 2339 ut

143 2382 422 2415 ¹.c„,-,s,6‚cum
453 2367 609 2405 audieris
639 2366 793 2404 Paulum
827 2365 1017 2410 dicentem,
1044 2365 1151 2401 Unus
1185 2364 1292 2401 Deus

343 2433 477 2475 Pater,
497 2443 543 2465 ex
564 2442 638 2479 quo
654 2430 799 2473 omnia,
822 2434 858 2463 et
873 2438 972 2463 unus
984 2425 1293 2462 DominusJesus

345 2492 536 2537 Christus,
550 2503 620 2541 per
640 2502 752 2541 quem
773 2489 917 2531 omnia,
940 2498 982 2522 ne
997 2494 1098 2537 putes
1121 2484 1292 2521 differen-

339 2551 426 2589 tiam
448 2551 483 2588 in
503 2549 651 2589 vocibus
662 2562 749 2595 esse,
773 2557 806 2585 et
823 2547 970 2584 alteram
985 2545 1115 2596 majUS,
1146 2545 1293 2582 alteram

337 2614 456 2651 minus
489 2611 674 2664 quidpiam
695 2609 907 2661 significare.
925 2606 1012 2645 Ideo
1032 2605 1295 2643 indiscrimina-

339 2675 404 2712 tim
432 2674 615 2725 Scriptura
634 2671 690 2708 his
720 2670 834 2707 utitur
854 2668 1071 2716 nominibus,
1094 2676 1133 2705 ut
1151 2676 1293 2705 conten-

340 2735 438 2773 tiosis
458 2749 526 2771 non
556 2734 663 2787 liceat·
686 2732 724 2770 id
746 2730 843 2782 qnod
878 2730 946 2782 ipsi
977 2729 1294 2767 comminiscuntur
1320 2739 1341 2768 B

341 2797 431 2833 inter
450 2804 541 2833 recta
557 2794 723 2845 dogmata
739 2793 877 2831 referre.
894 2791 939 2829 Et
950 2800 988 2828 ut
1005 2789 1121 2828 discas
1134 2789 1292 2827 divinam

343 2856 564 2907 Scripturam
598 2864 766 2892 neutrum
792 2854 923 2890 horum
947 2850 1103 2902 quadam
1128 2850 1296 2888 distincta

342 2916 601 2967 significatione
619 2924 756 2954 servata
773 2914 941 2967 proferre,
957 2927 1002 2950 ex
1016 2913 1085 2950 hoe
1105 2912 1181 2964 ipso
1200 2911 1296 2963 quod

343 2977 476 3014 dicitnr
489 2976 679 3027 diligenter
697 2974 879 3013 considera
901 2975 973 3012 :Et
984 2976 1146 3025 accepit,
1167 2973 1297 3024 inquit,

345 3039 538 3075 Dominus
571 3039 689 3074 Deus.
723 3038 776 3074 De
809 3049 879 3087 quo
899 3035 976 3074 vult
1001 3034 1187 3072 haereticus
1226 3048 1300 3072 esse

344 3098 481 3136 dictum
502 3098 519 3134 ἶ)
545 3100 598 3135 De
626 3099 730 3135 Patre
748 3096 894 3135 solum?
924 3096 1022 3134 Esto.
1054 3094 1149 3132 Audi
1182 3095 1301 3145 itaque

348 3159 500 3196 Paulum
513 3157 685 3196 dicentem
706 3174 712 3194 :
748 3160 854 3196 Unus
872 3159 978 3196 Deus
999 3158 1132 3202 Pater,
1158 3170 1204 3194 ex
1222 3171 1298 3208 quo

391 3287 403 3300 ε
421 3274 684 3314 Savil.,C0islin.
699 3283 731 3307 et
746 3283 809 3307 tres
827 3275 878 3306 alii
895 3282 946 3314 τὴν
965 3284 1054 3318 etym.
1068 3274 1184 3307 Morel.
1201 3281 1254 3312 τὴν
1271 3289 1357 3309 σπον-

350 3335 411 3368 δήν.

732 160 771 190 S.
808 158 997 189 JOANle
1032 156 1280 188 cnssYsosT.
1322 155 1530 184 ARCHniP.
1569 153 1937 183 CONSTANTtNoP.

1345 236 1407 283 τὴν
1428 236 1614 286 ἐπιθυμίαν
1634 235 1866 288 σφοδροτέραν
1887 234 1979 272 ἐστὶν
1995 236 2143 272 ἐνταῦθα
2160 236 2287 284 εὑρεῖν,
2305 235 2364 272 καὶ

1344 296 1409 342 τὴν
1430 295 1557 342 ἡδονὴν
1580 296 1829 348 ἀκριῧεστέραν
1851 300 1945 343 (θεῖα
1959 295 2027 349 γάρ
2044 298 2118 334 ἐστι
2131 295 2175 333 τὰ
2185 295 2292 347 ,λόγια
2306 296 2366 333 καὶ
2388 320 2394 323 -
2432 299 2435 332 ὲ

1346 355 1589 406 πνευματικὰ,
1611 357 1670 395 καὶ
1688 356 1821 402 πολλὴν
1848 357 2021 406 δυνάμενα
2039 355 2168 393 τίκτειν
2195 359 2238 406 τῇ
2269 358 2364 407 ψυχῇ

1346 416 1410 463 τὴν
1430 416 1638 468 εὐφροσύνην
1657 416 1720 463 τὴν
1744 416 2030 467 πνευματικὴν),
2051 416 2139 467 μετὰ
2156 417 2285 454 πολλοῦ
2307 419 2366 452 τοῦ

1346 476 1452 515 πόθου
1465 507 1475 525 ,
1498 477 1557 515 καὶ
1573 479 1722 529 σφοδρᾶς
1735 480 1798 523 τ’ἧς
1817 477 2002 528 ἐπιθυμίας
2018 477 2080 520 τὰς
2095 476 2201 520 ἀκοὰς
2227 476 2368 528 ὑπέχω-

1349 553 1412 589 μεν
1428 544 1498 581 τοῖς
1520 539 1736 590 λεγομένοις,
1749 538 1888 576 ἵνα’τὸν
1919 540 2032 584 ἀληθῆ
2054 540 2199 576 πλοῦτον
2217 539 2368 575 ἐντεῦθεν

1349 601 1482 642 ἑαυτοῖς
1508 599 1844 651 περιποιησάμενοι,
1864 599 2037 650 καὶπρὸς
2074 597 2136 645 τὴν
2170 597 2262 635 κατὰ
2280 597 2370 636 Θεὸν

1348 659 1551 712 φιλοσοφίαν
1566 660 1681 698 πολλὰ
1697 659 1878 710 δεξάμενοι
1897 659 1940 697 τὰ
1965 659 2151 710 σπέρματα
2164 686 2174 704 ,
2189 658 2298 702 οὕτως
2320 659 2371 697 οἴ-

1349 721 1433 758 καδε
1452 723 1702 773 ἀναχωρῶμεν.

1402 782 1621 833 Ἀκούσωμεν
1642 783 1755 821 τοίνυν
1777 782 1855 821 τίνα
1876 782 1948 821 ἐστὶ
1971 782 2014 820 τὰ
2042 781 2192 833 σήμερον
2216 782 2372 832 ἀναγνω-

1351 842 1495 882 σθέντα·
1515 844 1605 882 ἀλλὰ
1634 843 1833 883 συντείνατέ
1852 860 1912 894 μοι
1933 844 1996 891 τὴν
2022 843 2190 890 διάνοιαν,
2209 842 2270 880 καὶ
2299 849 2372 880 πᾶ-

1352 922 1415 944 σαν
1437 906 1606 958 ῥαθυμίαν
1628 906 1937 957 ἀποτιναξάμενοι,
1967 905 2027 944 καὶ
2057 905 2222 957 φροντίδα
2254 906 2375 954 βιωτι-

1352 965 1430 1013 κὴν,
1455 965 1546 1004 οὕτω
1564 973 1635 1010 τοῖς
1654 967 1851 1018 λεγομένοις
1881 983 1927 1019 πρ
1935 966 2072 1018 ,σε’χετε
2085 982 2092 989 ·
2120 969 2205 1003 θεῖοι
2222 964 2289 1015 γάρ
2310 966 2375 1002 εἶσι

1352 1026 1453 1077 νόμοι
1475 1027 1604 1064 ἄνωθεν
1624 1029 1663 1064 ἐκ
1684 1031 1752 1065 τῶν
1775 1029 1929 1079 οὐρανῶν
1954 1026 2218 1078 κατενεχθέντες
2238 1024 2295 1062 διὰ
2313 1025 2376 1071 τὴν

1354 1087 1530 1139 σωτηρίαν
1555 1087 1617 1134 τὴν
1637 1087 1824 1139 ἡμετέραν.
1842 1090 1885 1125 Εἰ
1907 1087 1975 1141 γὰρ
1997 1089 2186 1138 βασιλικῶν
2207 1085 2377 1139 γραμμά-

1354 1164 1423 1186 των
1454 1149 1788 1199 ἀναγινωσκομένων
1815 1148 1929 1195 πολλὴ
1959 1148 2092 1200 γίνεται
2114 1152 2132 1194 ἦ
2153 1147 2304 1198 ἡσυχία,
2319 1147 2378 1184 καὶ

1355 1215 1424 1252 πᾶς
1445 1207 1587 1260 θόρυῧος
1602 1239 1611 1257 ,
1631 1209 1690 1246 καὶ
1707 1209 1848 1261 ταραχὴ
1871 1208 2041 1254 ἐκποδὼν,
2058 1208 2197 1247 πάντωᾯ
2218 1222 2379 1245 συντετα-

1358 1269 1476 1321 μέναις
1495 1276 1571 1313 ταῖς
1588 1273 1708 1313 ἀκοαῖς
1727 1269 1890 1308 ἑστώτων
1909 1269 1968 1307 καὶ
1992 1269 2253 1320 ἐπιθυμούντων
2277 1269 2379 1305 ἀκοῦ-

1357 1345 1440 1378 σαι,
1459 1330 1536 1368 τίνα
1564 1331 1656 1369 ἐστὶν
1677 1331 1698 1368 ἃ
1720 1333 1818 1377 δηλοῖ
1832 1330 1877 1369 τὰ
1903 1331 2100 1383 γράμματα
2126 1331 2171 1368 τὰ
2192 1327 2378 1381 βασιλικὰ,

1357 1391 1416 1430 καὶ
1447 1390 1601 1434 κίνδυνος
1634 1391 1794 1444 μέγιστος
1824 1391 1946 1430 ἕπεται
1974 1395 2023 1443 τῷ
2055 1392 2117 1430 κᾶν
2148 1392 2233 1443 πρὸς
2267 1388 2379 1442 βραχὺ

1359 1452 1614 1504 θορυὸήσαντι,
1634 1453 1694 1491 καὶ
1722 1452 1926 1505 διακόψαντι
1947 1455 2015 1490 τῶν
2046 1452 2378 1504 ἀναγινωσκομένων
2425 1468 2428 1469 ’

1358 1513 1421 1561 τὴν
1443 1513 1648 1551 ἀκολουθίαν
1663 1530 1670 1537 ·
1691 1516 1810 1566 πολλῷ
1834 1516 1966 1565 μᾶλλον
1986 1515 2133 1552 ἐνταῦθα
2162 1512 2251 1563 μετὰ
2273 1511 2380 1564 φόὸου

1359 1577 1418 1613 καὶ
1437 1574 1567 1629 τρόμου
1588 1574 1730 1613 ἑστάναι
1758 1576 1829 1621 δεῖ,
1852 1574 1912 1612 καὶ
1938 1574 2072 1621 πολλὴν
2101 1575 2268 1626 παρέχειν
2297 1571 2380 1619 “tino

1360 1636 1473 1688 σιγὴν,
1499 1636 1557 1674 καὶ
1580 1638 1649 1673 τῶν
1676 1638 1854 1686 λογισμῶν
1887 1635 1951 1682 τὴν
1973 1634 2132 1687 ταραχὴν
2165 1633 2382 1687 φυγαδεύειν,

1358 1697 1414 1735 ἵνα
1431 1697 1490 1735 καὶ
1505 1697 1657 1735 συνιέναι
1672 1698 1838 1744 δυνηθῆτε
1853 1696 1897 1735 τὰ
1916 1696 2086 1746 λεγόμενα
2100 1727 2109 1743 ,
2128 1696 2188 1734 καὶ
2206 1698 2268 1742 τῆς
2287 1698 2382 1733 ὑπα-

1360 1760 1443 1803 κοῆς
1469 1757 1724 1808 ἀποδεξάμενος
1755 1762 1844 1808 ὑμᾶς
1877 1761 1895 1795 ὁ
1927 1755 2087 1808 βασιλεὺς
2119 1760 2188 1795 τῶν
2215 1758 2382 1808 οὐρανῶν,

1361 1818 1526 1868 μειζόνων
1557 1819 1755 1872 καταξιώσῃ
1782 1823 1850 1858 τῶν
1883 1820 2023 1871 δορεῶν.
2043 1816 2192 1868 Ἴδωμεν
2217 1817 2330 1856 τοίνυν
2349 1816 2383 1854 τί

1361 1879 1516 1917 διδάσκει
1534 1884 1629 1930 ἡμᾶς
1651 1880 1710 1918 καὶ
1736 1884 1794 1918 ν’ὔν
1815 1884 1832 1919 ὁ
1853 1879 2021 1932 μακάριος
2038 1881 2213 1924 Motha-75,
2243 1880 2306 1916 οὐκ
2331 1879 2362 1915 οἷ
2376 1901 2384 1905 -

1361 1940 1438 1992 κείᾳ
1453 1941 1593 1992 γλώττῃ
1630 1940 1732 1992 μόνον
1763 1945 1874 1979 ταῦτα
1904 1940 2028 1991 λέγων,
2045 1941 2122 1978 ἀλλ’
2143 1939 2210 1977 ὑπὸ
2234 1941 2296 1984 τῆς
2324 1942 2384 1976 τοῦ

1361 2000 1567 2051 Πνεύματος
1585 2001 1728 2053 χάριτος
1757 2001 1998 2053 ἐνηχούμενος.
2018 2000 2087 2039 Καὶ
2116 1999 2237 2046 ἔλαὲε,
2266 1999 2383 2051 φησὶν,

1362 2061 1488 2112 Κύριος
1507 2065 1525 2099 ὃ
1545 2063 1635 2105 Θεὸς
1654 2062 1710 2100 τὸν
1739 2063 1931 2115 ἅνθρωποψ,
1951 2062 1987 2099 ὃν
2009 2062 2149 2100 ἔπλασε.
2170 2062 2296 2103 Καλῶς
2327 2061 2381 2097 εὐ-

1364 2122 1448 2164 θέως
1464 2123 1502 2159 ἐκ
1529 2123 1722 2174 προοιμίων
1738 2122 1783 2160 τὰ
1809 2123 1866 2162 δύο
1896 2124 2066 2162 τέθεικεν·
2087 2122 2163 2160 οὐδὲ
2195 2121 2262 2175 γὰρ
2289 2115 2383 2170 εἷπε,

1362 2181 1511 2234 Κύριος,
1539 2182 1598 2219 καὶ
1632 2183 1802 2234 ἐσίγησεν,
1834 2183 1924 2222 ἀλλὰ
1951 2184 2168 2237 προσέθηκε,
2208 2182 2253 2221 ‘O
2277 2182 2384 2229 Θεὸς,

1362 2243 1530 2280 λανθάνον
1559 2259 1594 2280 τι
1620 2245 1680 2282 καὶ
1709 2245 1947 2297 κεκρυμμένον
1987 2248 2139 2284 ἐντεῦθεν
2167 2247 2260 2294 ἡμᾶς
2288 2244 2383 2282 διδά-

1364 2319 1469 2348 σκων,
1501 2303 1556 2342 ἵνα
1580 2304 1708 2343 εἰδέναι
1730 2305 1879 2357 ἔχωμεν,
1897 2306 1950 2345 ὅτι
1974 2306 2038 2344 κᾶν
2063 2322 2101 2344 τε
2129 2304 2256 2358 Κύριον
2277 2303 2385 2342 ἀκού-

1365 2381 1492 2415 σωμεν,
1512 2366 1574 2403 κᾶν
1603 2383 1640 2404 τε
1660 2368 1764 2414 Θεὸν,
1781 2367 1925 2417 οὐδεμία
1954 2369 1988 2405 ἐν
2017 2372 2088 2411 τοῖς
2117 2366 2282 2418 ὀνόμασίν
2313 2368 2386 2404 ἐστι

1365 2426 1526 2477 διαφορά.
1540 2426 1674 2465 Τούτου
1692 2427 1726 2466 δὲ
1746 2431 1802 2464 νῦν
1817 2430 1881 2479 οὐχ
1896 2429 2016 2471 ἁπλῶς
2032 2427 2273 2478 ἐμνημόνευσα
2285 2457 2295 2475 ,
2310 2428 2386 2465 ἀλλ’

1364 2486 1419 2524 ἵνα
1445 2487 1528 2526 ὅταν
1549 2488 1699 2541 ἀκούσῃς
1718 2489 1862 2527 Παύλου
1879 2489 2036 2540 λέγοντος
2050 2520 2059 2537 ,
2085 2483 2147 2532 Εἷς
2163 2489 2252 2532 Θεὸς
2267 2491 2285 2526 ὁ
2304 2489 2386 2526 Πα-

1365 2548 1449 2599 τὴρ,
1472 2548 1504 2593 ἐξ
1521 2543 1558 2586 οῧ
1575 2549 1619 2588 τὰ
1640 2549 1771 2598 πάντα,
1789 2551 1849 2588 καὶ
1865 2544 1911 2593 εἷς
1928 2550 2052 2602 Κύριος
2067 2551 2203 2595 Ἰησοῦς
2218 2549 2386 2602 Χριστὸς,

1367 2608 1411 2646 δι’
1433 2604 1471 2645 οῧ
1490 2609 1534 2646 τὰ
1554 2610 1690 2657 πάντα,
1711 2609 1759 2660 μὴ
1790 2610 1936 2661 νομίσῃς
1957 2609 2124 2661 διαφορὰν
2152 2603 2242 2647 εἶναι
2259 2612 2292 2647 ἐν
2312 2615 2388 2650 ταῖς

1395 2669 1420 2683 tr

1380 2685 1475 2713 ιεςεσι
1488 2701 1496 2717 ,
1515 2671 1573 2707 καὶ
1586 2670 1648 2716 τὴν
1666 2671 1727 2721 μὲν
1746 2671 1860 2720 μεῖζόν
1880 2687 1915 2707 τι
1936 2672 2072 2716 δηλοῦν,
2093 2670 2156 2716 τὴν
2176 2670 2210 2707 δὲ
2226 2669 2385 2707 ἔλαττον.

1369 2730 1436 2768 Διὰ
1455 2735 1555 2769 τοῦτο
1574 2732 1632 2768 καὶ
1649 2732 1868 2783 ῧάδιαφόρως
1887 2735 1908 2777 ἡ
1933 2730 2053 2782 Γραφὴ
2070 2730 2201 2773 τούτοις
2217 2729 2388 2782 κέχρηται

1367 2797 1436 2834 τοῖς
1462 2791 1639 2841 ὀνόμασιν,
1660 2791 1715 2829 ἵνα
1744 2792 1792 2842 μὴ
1831 2791 1888 2842 ἐξῇ
1919 2797 1990 2834 τοῖς
2019 2791 2219 2842 φιλονείκως
2256 2793 2391 2829 διακει-

1370 2853 1483 2903 μένοις
1512 2854 1551 2891 τὸ
1585 2853 1618 2897 ἐξ
1642 2854 1770 2897 οἰκείας
1800 2853 1962 2896 ὑπονοίας
2000 2853 2217 2906 ἐπεισφέρειν
2248 2854 2291 2903 τῇ
2323 2854 2390 2890 τῶν

1370 2914 1550 2964 δογμάτων
1588 2914 1759 2965 ὀρθότητι.
1789 2915 1860 2952 Καὶ
1891 2914 1947 2952 ἵνα
1976 2915 2089 2966 μάθῃς
2119 2917 2165 2958 ὡς
2193 2913 2293 2952 οὐδὲν
2323 2916 2391 2951 τῶν

1369 2975 1531 3014 τοιούτων
1564 2975 1906 3028 παρατετηρημένως
1946 2975 2005 3014 καὶ
2045 2974 2392 3028 ἀποκεκληρωμένως

1372 3036 1557 3087 φθέγγεται
1570 3039 1592 3082 ἡ
1613 3036 1687 3074 θεία
1704 3037 1826 3087 Γραφὴ
1841 3065 1849 3082 ,
1865 3037 1898 3080 ἐξ
1920 3039 2022 3074 αὐτοῦ
2048 3040 2107 3073 τοῦ
2127 3040 2185 3074 νῦν
2204 3035 2390 3087 λεγομένου

1373 3098 1495 3135 σκόπει
1528 3097 1617 3147 μετὰ
1645 3097 1833 3148 ἀκριὲείας.
1852 3098 1921 3135 Καὶ
1938 3097 2065 3143 ἔλαθε,
2095 3098 2198 3148 φησὶ,
2220 3097 2346 3149 Κύριος
2375 3097 2392 3132 ὁ

1389 3160 1393 3161 ’
1439 3158 1446 3169 r
1572 3158 1579 3172 x
1627 3157 1635 3172 l
1739 3162 1760 3169 «-
1868 3158 1874 3170 t
2017 3160 2026 3173 a
2051 3161 2072 3169 Ν
2226 3159 2235 3171 t
2347 3156 2355 3167 ‘

1374 3161 1476 3200 Θεος.
1497 3160 1584 3209 Περι
1601 3174 1691 3202 τινος
1702 3173 1801 3195 τουτο
1817 3161 1978 3208 βουλεται
1997 3161 2156 3209 ειρησθαι
2172 3161 2189 3195 ὁ
2203 3171 2391 3209 αιρετικος;
2426 3175 2433 3185 ·

1436 3284 1448 3298 ⁸
1467 3273 1566 3306 savit.
1591 3282 1622 3305 et
1646 3274 1760 3308 Mon-el.
1781 3277 1956 3319 ἀδιαᾳόρως.
1974 3273 2108 3307 Coislin.
2135 3282 2167 3306 et
2183 3285 2237 3306 sex
2253 3273 2307 3306 alii
2333 3277 2393 3308 δια-

1397 3343 1411 3359 :
1422 3342 1499 3363 μεως.
