<?xml version="1.0" encoding="UTF-8"?>
<!DOCTYPE html PUBLIC "-//W3C//DTD XHTML 1.0 Transitional//EN"
    "http://www.w3.org/TR/xhtml1/DTD/xhtml1-transitional.dtd">
<html xmlns="http://www.w3.org/1999/xhtml" xml:lang="en" lang="en">
 <head>
  <title>
</title>
<meta http-equiv="Content-Type" content="text/html;charset=utf-8" />
  <meta name='ocr-system' content='tesseract 3.04.00' />
  <meta name='ocr-capabilities' content='ocr_page ocr_carea ocr_par ocr_line ocrx_word'/>
</head>
<body>
  <div class='ocr_page' id='page_1' title='image "./operaomniaquaeex04johnuoft_0720.png"; bbox 0 0 2516 3791; ppageno 0'>
   <div class='ocr_carea' id='block_1_1' title="bbox 107 1262 293 1299">
    <p class='ocr_par' dir='ltr' id='par_1_1' title="bbox 107 1262 293 1299">
     <span class='ocr_line' id='line_1_1' title="bbox 107 1262 293 1299; baseline 0 -10"><span class='ocrx_word' id='word_1_1' title='bbox 107 1263 223 1299; x_wconf 76' lang='lat' dir='ltr'><em>Quanta</em></span> <span class='ocrx_word' id='word_1_2' title='bbox 239 1262 293 1289; x_wconf 88' lang='lat' dir='ltr'>Dei</span> 
     </span>
    </p>
   </div>
   <div class='ocr_carea' id='block_1_2' title="bbox 107 1306 291 1342">
    <p class='ocr_par' dir='ltr' id='par_1_2' title="bbox 107 1306 291 1342">
     <span class='ocr_line' id='line_1_2' title="bbox 107 1306 291 1342; baseline 0.016 -12"><span class='ocrx_word' id='word_1_3' title='bbox 107 1306 291 1342; x_wconf 78' lang='lat' dir='ltr'><em>sitpotentia.</em></span> 
     </span>
    </p>
   </div>
   <div class='ocr_carea' id='block_1_3' title="bbox 313 199 764 243">
    <p class='ocr_par' dir='ltr' id='par_1_3' title="bbox 313 199 764 243">
     <span class='ocr_line' id='line_1_3' title="bbox 313 199 764 243; baseline 0.002 -15"><span class='ocrx_word' id='word_1_4' title='bbox 313 199 402 243; x_wconf 90' lang='lat'>700</span> <span class='ocrx_word' id='word_1_5' title='bbox 726 199 764 229; x_wconf 87' lang='lat' dir='ltr'><em>s.</em></span> 
     </span>
    </p>
   </div>
   <div class='ocr_carea' id='block_1_4' title="bbox 303 269 1320 3323">
    <p class='ocr_par' dir='ltr' id='par_1_4' title="bbox 303 269 1320 3323">
     <span class='ocr_line' id='line_1_4' title="bbox 308 269 1255 332; baseline -0.002 -14"><span class='ocrx_word' id='word_1_6' title='bbox 308 280 396 319; x_wconf 86' lang='lat' dir='ltr'><em>dicit</em></span> <span class='ocrx_word' id='word_1_7' title='bbox 418 281 614 332; x_wconf 80' lang='lat' dir='ltr'><em>manifeste,</em></span> <span class='ocrx_word' id='word_1_8' title='bbox 631 282 772 319; x_wconf 89' lang='lat' dir='ltr'><em>nullum</em></span> <span class='ocrx_word' id='word_1_9' title='bbox 790 295 936 320; x_wconf 88' lang='lat' dir='ltr'><em>suorum</em></span> <span class='ocrx_word' id='word_1_10' title='bbox 955 279 1171 332; x_wconf 86' lang='lat' dir='ltr'><em>sapientium</em></span> <span class='ocrx_word' id='word_1_11' title='bbox 1184 269 1255 332; x_wconf 54' lang='lat' dir='ltr'><strong>&#39;po-</strong></span> 
     </span>
     <span class='ocr_line' id='line_1_5' title="bbox 308 340 1258 395; baseline -0.001 -16"><span class='ocrx_word' id='word_1_12' title='bbox 308 341 417 380; x_wconf 89' lang='lat' dir='ltr'><em>tuisse</em></span> <span class='ocrx_word' id='word_1_13' title='bbox 436 342 637 395; x_wconf 85' lang='lat' dir='ltr'><em>dijudicare</em></span> <span class='ocrx_word' id='word_1_14' title='bbox 656 342 793 380; x_wconf 84' lang='lat' dir='ltr'><em>somnia</em></span> <span class='ocrx_word' id='word_1_15' title='bbox 811 358 818 378; x_wconf 91' lang='lat'><strong>:</strong></span> <span class='ocrx_word' id='word_1_16' title='bbox 837 341 900 379; x_wconf 87' lang='lat' dir='ltr'>sed</span> <span class='ocrx_word' id='word_1_17' title='bbox 921 340 1038 391; x_wconf 70' lang='lat' dir='ltr'><em>quid?</em></span> <span class='ocrx_word' id='word_1_18' title='bbox 1059 340 1258 379; x_wconf 83' lang='lat' dir='ltr'><strong>Somnium</strong></span> 
     </span>
     <span class='ocr_line' id='line_1_6' title="bbox 309 399 1259 454; baseline -0.002 -13"><span class='ocrx_word' id='word_1_19' title='bbox 309 404 408 449; x_wconf 79' lang='lat' dir='ltr'><em>vidi,</em></span> <span class='ocrx_word' id='word_1_20' title='bbox 419 412 453 441; x_wconf 86' lang='lat' dir='ltr'>et</span> <span class='ocrx_word' id='word_1_21' title='bbox 466 417 544 440; x_wconf 77' lang='lat' dir='ltr'><em>,non</em></span> <span class='ocrx_word' id='word_1_22' title='bbox 555 412 610 441; x_wconf 81' lang='lat' dir='ltr'>est</span> <span class='ocrx_word' id='word_1_23' title='bbox 622 405 689 454; x_wconf 79' lang='lat' dir='ltr'>qui</span> <span class='ocrx_word' id='word_1_24' title='bbox 701 406 970 453; x_wconf 80' lang='lat' dir='ltr'><em>interpretetur</em></span> <span class='ocrx_word' id='word_1_25' title='bbox 980 400 1091 438; x_wconf 78' lang='lat' dir='ltr'><em>illud.</em></span> <span class='ocrx_word' id='word_1_26' title='bbox 1107 399 1259 439; x_wconf 78' lang='lat' dir='ltr'><em>Audivi</em></span> 
     </span>
     <span class='ocr_line' id='line_1_7' title="bbox 309 462 1305 515; baseline -0.002 -14"><span class='ocrx_word' id='word_1_27' title='bbox 309 472 439 501; x_wconf 83' lang='lat' dir='ltr'><em>autem</em></span> <span class='ocrx_word' id='word_1_28' title='bbox 449 464 497 501; x_wconf 84' lang='lat' dir='ltr'>de</span> <span class='ocrx_word' id='word_1_29' title='bbox 507 472 542 500; x_wconf 87' lang='lat' dir='ltr'>te</span> <span class='ocrx_word' id='word_1_30' title='bbox 555 465 737 509; x_wconf 81' lang='lat' dir='ltr'><em>dicentes,</em></span> <span class='ocrx_word' id='word_1_31' title='bbox 749 463 853 515; x_wconf 83' lang='lat' dir='ltr'><em>qnod</em></span> <span class='ocrx_word' id='word_1_32' title='bbox 864 464 897 500; x_wconf 80' lang='lat' dir='ltr'><em>si</em></span> <span class='ocrx_word' id='word_1_33' title='bbox 909 462 1077 502; x_wconf 84' lang='lat' dir='ltr'><em>audieris</em></span> <span class='ocrx_word' id='word_1_34' title='bbox 1087 465 1253 510; x_wconf 82' lang='lat' dir='ltr'><em>somnia,</em></span> <span class='ocrx_word' id='word_1_35' title='bbox 1281 464 1305 495; x_wconf 94' lang='lat' dir='ltr'>C</span> 
     </span>
     <span class='ocr_line' id='line_1_8' title="bbox 309 522 1258 575; baseline -0.001 -14"><span class='ocrx_word' id='word_1_36' title='bbox 309 527 394 575; x_wconf 82' lang='lat' dir='ltr'><em>ipsa</em></span> <span class='ocrx_word' id='word_1_37' title='bbox 412 526 682 575; x_wconf 70' lang='lat' dir='ltr'><em>interpreteris.</em></span> <span class='ocrx_word' id='word_1_38' title='bbox 704 522 908 571; x_wconf 84' lang='lat' dir='ltr'>Considera,</span> <span class='ocrx_word' id='word_1_39' title='bbox 924 523 1084 572; x_wconf 85' lang='lat' dir='ltr'><em>obsecro,</em></span> <span class='ocrx_word' id='word_1_40' title='bbox 1102 522 1162 560; x_wconf 91' lang='lat' dir='ltr'><em>hic</em></span> <span class='ocrx_word' id='word_1_41' title='bbox 1183 536 1258 560; x_wconf 91' lang='lat' dir='ltr'>ma-</span> 
     </span>
     <span class='ocr_line' id='line_1_9' title="bbox 309 583 1258 636; baseline 0 -15"><span class='ocrx_word' id='word_1_42' title='bbox 309 598 415 635; x_wconf 77' lang='lat' dir='ltr'><em>gnam</em></span> <span class='ocrx_word' id='word_1_43' title='bbox 435 583 663 636; x_wconf 80' lang='lat' dir='ltr'>prudentiam</span> <span class='ocrx_word' id='word_1_44' title='bbox 682 593 714 621; x_wconf 93' lang='lat' dir='ltr'>et</span> <span class='ocrx_word' id='word_1_45' title='bbox 730 583 896 636; x_wconf 86' lang='lat' dir='ltr'><em>pietatem</em></span> <span class='ocrx_word' id='word_1_46' title='bbox 918 583 1064 636; x_wconf 85' lang='lat' dir='ltr'><em>Joseph‚</em></span> <span class='ocrx_word' id='word_1_47' title='bbox 1079 583 1258 634; x_wconf 88' lang='lat' dir='ltr'><strong>quomodo</strong></span> 
     </span>
     <span class='ocr_line' id='line_1_10' title="bbox 310 643 1259 697; baseline -0.001 -15"><span class='ocrx_word' id='word_1_48' title='bbox 310 644 487 682; x_wconf 79' lang='lat' dir='ltr'>Pharaoni</span> <span class='ocrx_word' id='word_1_49' title='bbox 509 644 731 697; x_wconf 77' lang='lat' dir='ltr'>respondeat.</span> <span class='ocrx_word' id='word_1_50' title='bbox 756 645 808 682; x_wconf 90' lang='lat' dir='ltr'>Ne</span> <span class='ocrx_word' id='word_1_51' title='bbox 826 644 1030 696; x_wconf 81' lang='lat' dir='ltr'><em>suspiceris,</em></span> <span class='ocrx_word' id='word_1_52' title='bbox 1053 643 1183 695; x_wconf 85' lang='lat' dir='ltr'><em>inquit,</em></span> <span class='ocrx_word' id='word_1_53' title='bbox 1203 658 1259 682; x_wconf 90' lang='lat' dir='ltr'>me</span> 
     </span>
     <span class='ocr_line' id='line_1_11' title="bbox 309 704 1259 756; baseline 0 -14"><span class='ocrx_word' id='word_1_54' title='bbox 309 705 442 756; x_wconf 84' lang='lat' dir='ltr'><em>aliquid</em></span> <span class='ocrx_word' id='word_1_55' title='bbox 457 721 477 744; x_wconf 91' lang='lat' dir='ltr'><em>a</em></span> <span class='ocrx_word' id='word_1_56' title='bbox 490 720 546 743; x_wconf 92' lang='lat' dir='ltr'>me</span> <span class='ocrx_word' id='word_1_57' title='bbox 559 705 756 755; x_wconf 79' lang='lat' dir='ltr'><em>dicturum,</em></span> <span class='ocrx_word' id='word_1_58' title='bbox 771 705 829 744; x_wconf 90' lang='lat' dir='ltr'>vel</span> <span class='ocrx_word' id='word_1_59' title='bbox 846 704 1043 743; x_wconf 90' lang='lat' dir='ltr'><em>secundum</em></span> <span class='ocrx_word' id='word_1_60' title='bbox 1063 705 1259 743; x_wconf 83' lang='lat' dir='ltr'><strong>humanam</strong></span> 
     </span>
     <span class='ocr_line' id='line_1_12' title="bbox 309 765 1259 820; baseline 0 -17"><span class='ocrx_word' id='word_1_61' title='bbox 309 766 519 818; x_wconf 81' lang='lat' dir='ltr'><strong>sapientiam</strong></span> <span class='ocrx_word' id='word_1_62' title='bbox 531 766 827 820; x_wconf 73' lang='lat' dir='ltr'><em>dijudicatur-um.</em></span> <span class='ocrx_word' id='word_1_63' title='bbox 838 767 961 817; x_wconf 86' lang='lat' dir='ltr'><em>Neque</em></span> <span class='ocrx_word' id='word_1_64' title='bbox 976 766 1071 804; x_wconf 92' lang='lat' dir='ltr'><em>enim</em></span> <span class='ocrx_word' id='word_1_65' title='bbox 1088 765 1259 818; x_wconf 88' lang='lat' dir='ltr'><em>possibile</em></span> 
     </span>
     <span class='ocr_line' id='line_1_13' title="bbox 309 826 1258 880; baseline 0.001 -16"><span class='ocrx_word' id='word_1_66' title='bbox 309 836 359 865; x_wconf 88' lang='lat' dir='ltr'>est</span> <span class='ocrx_word' id='word_1_67' title='bbox 377 828 452 866; x_wconf 86' lang='lat' dir='ltr'><em>sine</em></span> <span class='ocrx_word' id='word_1_68' title='bbox 470 842 622 880; x_wconf 88' lang='lat' dir='ltr'><em>superna</em></span> <span class='ocrx_word' id='word_1_69' title='bbox 643 827 856 866; x_wconf 80' lang='lat' dir='ltr'><em>revelatione</em></span> <span class='ocrx_word' id='word_1_70' title='bbox 874 826 1002 864; x_wconf 89' lang='lat' dir='ltr'><em>talium</em></span> <span class='ocrx_word' id='word_1_71' title='bbox 1021 826 1184 865; x_wconf 82' lang='lat' dir='ltr'><strong>notitiam</strong></span> <span class='ocrx_word' id='word_1_72' title='bbox 1194 827 1258 865; x_wconf 86' lang='lat' dir='ltr'>ha-</span> 
     </span>
     <span class='ocr_line' id='line_1_14' title="bbox 309 888 1258 941; baseline 0.001 -16"><span class='ocrx_word' id='word_1_73' title='bbox 309 888 403 926; x_wconf 87' lang='lat' dir='ltr'><em>here.</em></span> <span class='ocrx_word' id='word_1_74' title='bbox 419 889 518 927; x_wconf 84' lang='lat' dir='ltr'><em>Scias</em></span> <span class='ocrx_word' id='word_1_75' title='bbox 534 889 659 941; x_wconf 78' lang='lat' dir='ltr'><em>igitur,</em></span> <span class='ocrx_word' id='word_1_76' title='bbox 670 889 744 927; x_wconf 88' lang='lat' dir='ltr'><em>sine</em></span> <span class='ocrx_word' id='word_1_77' title='bbox 759 890 834 926; x_wconf 92' lang='lat' dir='ltr'>Deo</span> <span class='ocrx_word' id='word_1_78' title='bbox 845 902 913 926; x_wconf 92' lang='lat' dir='ltr'>non</span> <span class='ocrx_word' id='word_1_79' title='bbox 927 901 1030 941; x_wconf 89' lang='lat' dir='ltr'><em>posse</em></span> <span class='ocrx_word' id='word_1_80' title='bbox 1044 902 1101 926; x_wconf 88' lang='lat' dir='ltr'>me</span> <span class='ocrx_word' id='word_1_81' title='bbox 1115 902 1258 940; x_wconf 89' lang='lat' dir='ltr'><em>respon—</em></span> 
     </span>
     <span class='ocr_line' id='line_1_15' title="bbox 305 949 1257 1001; baseline 0 -14"><span class='ocrx_word' id='word_1_82' title='bbox 305 949 391 988; x_wconf 84' lang='lat' dir='ltr'><em>dere</em></span> <span class='ocrx_word' id='word_1_83' title='bbox 405 950 485 987; x_wconf 86' lang='lat' dir='ltr'><em>tibi.</em></span> <span class='ocrx_word' id='word_1_84' title='bbox 513 952 573 988; x_wconf 72' lang='lat'>16.</span> <span class='ocrx_word' id='word_1_85' title='bbox 587 951 678 989; x_wconf 79' lang='lat' dir='ltr'><em>Sine</em></span> <span class='ocrx_word' id='word_1_86' title='bbox 696 951 795 997; x_wconf 87' lang='lat' dir='ltr'><em>Deo,</em></span> <span class='ocrx_word' id='word_1_87' title='bbox 811 949 943 1001; x_wconf 71' lang='lat' dir='ltr'><em>inquit,</em></span> <span class='ocrx_word' id='word_1_88' title='bbox 960 963 1038 987; x_wconf 85' lang='lat' dir='ltr'><em>non</em></span> <span class='ocrx_word' id='word_1_89' title='bbox 1052 950 1257 1001; x_wconf 80' lang='lat' dir='ltr'><em>responde-</em></span> 
     </span>
     <span class='ocr_line' id='line_1_16' title="bbox 309 1010 1258 1062; baseline 0 -15"><span class='ocrx_word' id='word_1_90' title='bbox 309 1013 411 1048; x_wconf 79' lang='lat' dir='ltr'><em>bitur</em></span> <span class='ocrx_word' id='word_1_91' title='bbox 419 1011 594 1049; x_wconf 77' lang='lat' dir='ltr'><em>salutare</em></span> <span class='ocrx_word' id='word_1_92' title='bbox 602 1012 806 1049; x_wconf 83' lang='lat' dir='ltr'><em>Pharaoni</em></span> <span class='ocrx_word' id='word_1_93' title='bbox 810 1010 1000 1062; x_wconf 69' lang='lat' dir='ltr'><em>Cognosce</em></span> <span class='ocrx_word' id='word_1_94' title='bbox 1011 1010 1258 1048; x_wconf 78' lang='lat' dir='ltr'><em>universorum</em></span> 
     </span>
     <span class='ocr_line' id='line_1_17' title="bbox 308 1071 1256 1123; baseline 0.001 -15"><span class='ocrx_word' id='word_1_95' title='bbox 308 1071 503 1109; x_wconf 90' lang='lat' dir='ltr'><strong>Dominum</strong></span> <span class='ocrx_word' id='word_1_96' title='bbox 524 1086 597 1110; x_wconf 88' lang='lat' dir='ltr'><em>esse</em></span> <span class='ocrx_word' id='word_1_97' title='bbox 617 1071 681 1123; x_wconf 90' lang='lat' dir='ltr'><strong>qui</strong></span> <span class='ocrx_word' id='word_1_98' title='bbox 708 1071 853 1121; x_wconf 76' lang='lat' dir='ltr'><em>revelat,</em></span> <span class='ocrx_word' id='word_1_99' title='bbox 869 1080 902 1109; x_wconf 89' lang='lat' dir='ltr'>et</span> <span class='ocrx_word' id='word_1_100' title='bbox 926 1085 969 1109; x_wconf 93' lang='lat' dir='ltr'>ne</span> <span class='ocrx_word' id='word_1_101' title='bbox 987 1071 1033 1109; x_wconf 87' lang='lat' dir='ltr'>ab</span> <span class='ocrx_word' id='word_1_102' title='bbox 1049 1071 1256 1109; x_wconf 88' lang='lat' dir='ltr'><em>hominibus</em></span> 
     </span>
     <span class='ocr_line' id='line_1_18' title="bbox 307 1132 1307 1184; baseline 0.002 -15"><span class='ocrx_word' id='word_1_103' title='bbox 307 1147 438 1184; x_wconf 55' lang='lat' dir='ltr'><em>quaere,</em></span> <span class='ocrx_word' id='word_1_104' title='bbox 453 1148 531 1184; x_wconf 81' lang='lat' dir='ltr'>quae</span> <span class='ocrx_word' id='word_1_105' title='bbox 543 1133 654 1171; x_wconf 84' lang='lat' dir='ltr'><em>solius</em></span> <span class='ocrx_word' id='word_1_106' title='bbox 666 1133 734 1171; x_wconf 89' lang='lat' dir='ltr'>Dei</span> <span class='ocrx_word' id='word_1_107' title='bbox 745 1142 796 1171; x_wconf 88' lang='lat' dir='ltr'>est</span> <span class='ocrx_word' id='word_1_108' title='bbox 808 1133 1043 1171; x_wconf 85' lang='lat' dir='ltr'><em>manifestare.</em></span> <span class='ocrx_word' id='word_1_109' title='bbox 1059 1132 1156 1173; x_wconf 89' lang='lat' dir='ltr'><em>Vide</em></span> <span class='ocrx_word' id='word_1_110' title='bbox 1166 1147 1257 1184; x_wconf 90' lang='lat' dir='ltr'><strong>quo-</strong></span> <span class='ocrx_word' id='word_1_111' title='bbox 1283 1137 1307 1167; x_wconf 88' lang='lat' dir='ltr'>D</span> 
     </span>
     <span class='ocr_line' id='line_1_19' title="bbox 308 1193 1258 1246; baseline 0.001 -15"><span class='ocrx_word' id='word_1_112' title='bbox 308 1193 415 1231; x_wconf 90' lang='lat' dir='ltr'><strong>modo</strong></span> <span class='ocrx_word' id='word_1_113' title='bbox 429 1209 596 1246; x_wconf 86' lang='lat' dir='ltr'><em>responso</em></span> <span class='ocrx_word' id='word_1_114' title='bbox 619 1209 681 1233; x_wconf 93' lang='lat' dir='ltr'><em>suo</em></span> <span class='ocrx_word' id='word_1_115' title='bbox 697 1194 799 1232; x_wconf 72' lang='lat' dir='ltr'><em>docet</em></span> <span class='ocrx_word' id='word_1_116' title='bbox 819 1195 1169 1245; x_wconf 71' lang='lat' dir='ltr'><em>Pharaonem7quam</em></span> <span class='ocrx_word' id='word_1_117' title='bbox 1187 1195 1258 1232; x_wconf 90' lang='lat' dir='ltr'><em>sint</em></span> 
     </span>
     <span class='ocr_line' id='line_1_20' title="bbox 308 1255 1257 1309; baseline 0.002 -17"><span class='ocrx_word' id='word_1_118' title='bbox 308 1255 444 1293; x_wconf 87' lang='lat' dir='ltr'><em>infirmi</em></span> <span class='ocrx_word' id='word_1_119' title='bbox 463 1265 496 1293; x_wconf 85' lang='lat' dir='ltr'>et</span> <span class='ocrx_word' id='word_1_120' title='bbox 525 1256 668 1294; x_wconf 89' lang='lat' dir='ltr'><em>inutiles</em></span> <span class='ocrx_word' id='word_1_121' title='bbox 694 1256 867 1308; x_wconf 85' lang='lat' dir='ltr'><em>sapientes</em></span> <span class='ocrx_word' id='word_1_122' title='bbox 886 1257 972 1309; x_wconf 87' lang='lat' dir='ltr'><em>ejus,</em></span> <span class='ocrx_word' id='word_1_123' title='bbox 999 1265 1034 1294; x_wconf 91' lang='lat' dir='ltr'>et</span> <span class='ocrx_word' id='word_1_124' title='bbox 1053 1265 1184 1307; x_wconf 90' lang='lat' dir='ltr'><em>quanta</em></span> <span class='ocrx_word' id='word_1_125' title='bbox 1211 1256 1257 1294; x_wconf 88' lang='lat' dir='ltr'>sit</span> 
     </span>
     <span class='ocr_line' id='line_1_21' title="bbox 306 1316 1252 1369; baseline 0.001 -16"><span class='ocrx_word' id='word_1_126' title='bbox 306 1318 463 1369; x_wconf 83' lang='lat' dir='ltr'><em>potentia</em></span> <span class='ocrx_word' id='word_1_127' title='bbox 480 1317 557 1355; x_wconf 87' lang='lat' dir='ltr'><em>Dei.</em></span> <span class='ocrx_word' id='word_1_128' title='bbox 579 1317 695 1369; x_wconf 86' lang='lat' dir='ltr'><strong>Igitur</strong></span> <span class='ocrx_word' id='word_1_129' title='bbox 712 1317 882 1368; x_wconf 88' lang='lat' dir='ltr'><em>quoniam</em></span> <span class='ocrx_word' id='word_1_130' title='bbox 902 1316 1100 1369; x_wconf 79' lang='lat' dir='ltr'><strong>cognovisti</strong></span> <span class='ocrx_word' id='word_1_131' title='bbox 1122 1331 1167 1355; x_wconf 85' lang='lat' dir='ltr'>ex</span> <span class='ocrx_word' id='word_1_132' title='bbox 1182 1331 1252 1367; x_wconf 83' lang='lat' dir='ltr'>me,</span> 
     </span>
     <span class='ocr_line' id='line_1_22' title="bbox 307 1377 1256 1430; baseline 0.001 -15"><span class='ocrx_word' id='word_1_133' title='bbox 307 1391 418 1429; x_wconf 83' lang='lat' dir='ltr'><em>neque</em></span> <span class='ocrx_word' id='word_1_134' title='bbox 448 1393 493 1416; x_wconf 74' lang='lat' dir='ltr'>ex</span> <span class='ocrx_word' id='word_1_135' title='bbox 516 1379 672 1416; x_wconf 84' lang='lat' dir='ltr'><em>humana</em></span> <span class='ocrx_word' id='word_1_136' title='bbox 691 1378 877 1430; x_wconf 81' lang='lat' dir='ltr'><strong>sapientia,</strong></span> <span class='ocrx_word' id='word_1_137' title='bbox 897 1391 1009 1428; x_wconf 85' lang='lat' dir='ltr'><em>neque</em></span> <span class='ocrx_word' id='word_1_138' title='bbox 1032 1392 1077 1415; x_wconf 83' lang='lat' dir='ltr'>ex</span> <span class='ocrx_word' id='word_1_139' title='bbox 1101 1377 1256 1430; x_wconf 84' lang='lat' dir='ltr'><em>propriis</em></span> 
     </span>
     <span class='ocr_line' id='line_1_23' title="bbox 306 1438 1256 1490; baseline 0 -14"><span class='ocrx_word' id='word_1_140' title='bbox 306 1439 505 1477; x_wconf 84' lang='lat' dir='ltr'><em>rationibus</em></span> <span class='ocrx_word' id='word_1_141' title='bbox 519 1439 595 1477; x_wconf 78' lang='lat' dir='ltr'>haec</span> <span class='ocrx_word' id='word_1_142' title='bbox 612 1453 667 1477; x_wconf 80' lang='lat' dir='ltr'>nie</span> <span class='ocrx_word' id='word_1_143' title='bbox 682 1438 793 1490; x_wconf 87' lang='lat' dir='ltr'><em>loqui,</em></span> <span class='ocrx_word' id='word_1_144' title='bbox 807 1438 866 1476; x_wconf 88' lang='lat' dir='ltr'><em>dic</em></span> <span class='ocrx_word' id='word_1_145' title='bbox 878 1452 954 1489; x_wconf 80' lang='lat' dir='ltr'>quae</span> <span class='ocrx_word' id='word_1_146' title='bbox 970 1452 990 1475; x_wconf 92' lang='lat' dir='ltr'><em>a</em></span> <span class='ocrx_word' id='word_1_147' title='bbox 1004 1439 1078 1476; x_wconf 89' lang='lat' dir='ltr'>Deo</span> <span class='ocrx_word' id='word_1_148' title='bbox 1095 1438 1161 1476; x_wconf 88' lang='lat' dir='ltr'><em>tihi</em></span> <span class='ocrx_word' id='word_1_149' title='bbox 1174 1447 1256 1476; x_wconf 87' lang='lat' dir='ltr'><em>sunt</em></span> 
     </span>
     <span class='ocr_line' id='line_1_24' title="bbox 306 1498 1255 1549; baseline -0.001 -11"><span class='ocrx_word' id='word_1_150' title='bbox 306 1500 540 1539; x_wconf 85' lang='lat' dir='ltr'><em>manifestata.</em></span> <span class='ocrx_word' id='word_1_151' title='bbox 575 1501 712 1538; x_wconf 82' lang='lat' dir='ltr'><strong>Pharao</strong></span> <span class='ocrx_word' id='word_1_152' title='bbox 748 1500 810 1537; x_wconf 86' lang='lat' dir='ltr'><strong>ubi</strong></span> <span class='ocrx_word' id='word_1_153' title='bbox 846 1499 922 1537; x_wconf 85' lang='lat' dir='ltr'>haec</span> <span class='ocrx_word' id='word_1_154' title='bbox 961 1498 1078 1537; x_wconf 80' lang='lat' dir='ltr'><em>audiit</em></span> <span class='ocrx_word' id='word_1_155' title='bbox 1092 1529 1104 1549; x_wconf 92' lang='grc'>,</span> <span class='ocrx_word' id='word_1_156' title='bbox 1136 1509 1255 1537; x_wconf 84' lang='lat' dir='ltr'><em>narrat</em></span> 
     </span>
     <span class='ocr_line' id='line_1_25' title="bbox 306 1559 1253 1614; baseline -0.003 -15"><span class='ocrx_word' id='word_1_157' title='bbox 306 1562 457 1612; x_wconf 80' lang='lat' dir='ltr'><em>somnia,</em></span> <span class='ocrx_word' id='word_1_158' title='bbox 483 1571 517 1600; x_wconf 91' lang='lat' dir='ltr'>et</span> <span class='ocrx_word' id='word_1_159' title='bbox 547 1562 705 1614; x_wconf 90' lang='lat' dir='ltr'><strong>primum</strong></span> <span class='ocrx_word' id='word_1_160' title='bbox 737 1570 772 1598; x_wconf 90' lang='lat' dir='ltr'>et</span> <span class='ocrx_word' id='word_1_161' title='bbox 803 1559 1012 1610; x_wconf 78' lang='lat' dir='ltr'><em>secundum,</em></span> <span class='ocrx_word' id='word_1_162' title='bbox 1047 1569 1081 1597; x_wconf 92' lang='lat' dir='ltr'>et</span> <span class='ocrx_word' id='word_1_163' title='bbox 1116 1560 1253 1610; x_wconf 90' lang='lat' dir='ltr'><em>inquit:</em></span> 
     </span>
     <span class='ocr_line' id='line_1_26' title="bbox 305 1623 1253 1675; baseline -0.002 -16"><span class='ocrx_word' id='word_1_164' title='bbox 305 1623 368 1660; x_wconf 67' lang='lat'>94.</span> <span class='ocrx_word' id='word_1_165' title='bbox 391 1624 490 1660; x_wconf 69' lang='lat' dir='ltr'><em>Dixi</em></span> <span class='ocrx_word' id='word_1_166' title='bbox 510 1623 806 1675; x_wconf 77' lang='lat' dir='ltr'><em>conjectoribus,</em></span> <span class='ocrx_word' id='word_1_167' title='bbox 830 1630 865 1658; x_wconf 87' lang='lat' dir='ltr'>et</span> <span class='ocrx_word' id='word_1_168' title='bbox 885 1634 962 1658; x_wconf 88' lang='lat' dir='ltr'><em>non</em></span> <span class='ocrx_word' id='word_1_169' title='bbox 984 1630 1066 1658; x_wconf 85' lang='lat' dir='ltr'><em>erat</em></span> <span class='ocrx_word' id='word_1_170' title='bbox 1093 1623 1162 1674; x_wconf 85' lang='lat' dir='ltr'><em>qui</em></span> <span class='ocrx_word' id='word_1_171' title='bbox 1180 1634 1253 1658; x_wconf 85' lang='grc' dir='ltr'>αη-</span> 
     </span>
     <span class='ocr_line' id='line_1_27' title="bbox 307 1678 1255 1729; baseline 0 -12"><span class='ocrx_word' id='word_1_172' title='bbox 307 1683 503 1718; x_wconf 78' lang='lat' dir='ltr'><em>nuntiaret</em></span> <span class='ocrx_word' id='word_1_173' title='bbox 524 1682 632 1717; x_wconf 76' lang='lat' dir='ltr'><strong>milzi.</strong></span> <span class='ocrx_word' id='word_1_174' title='bbox 657 1680 737 1717; x_wconf 91' lang='lat' dir='ltr'><em>Non</em></span> <span class='ocrx_word' id='word_1_175' title='bbox 752 1678 897 1725; x_wconf 82' lang='lat' dir='ltr'><em>audisti,</em></span> <span class='ocrx_word' id='word_1_176' title='bbox 916 1678 1045 1729; x_wconf 83' lang='lat' dir='ltr'><em>inquit,</em></span> <span class='ocrx_word' id='word_1_177' title='bbox 1064 1692 1084 1716; x_wconf 92' lang='lat' dir='ltr'><em>a</em></span> <span class='ocrx_word' id='word_1_178' title='bbox 1103 1692 1171 1728; x_wconf 82' lang='lat' dir='ltr'>me,</span> <span class='ocrx_word' id='word_1_179' title='bbox 1186 1692 1255 1717; x_wconf 90' lang='lat' dir='ltr'>non</span> 
     </span>
     <span class='ocr_line' id='line_1_28' title="bbox 303 1739 1255 1793; baseline -0.002 -14"><span class='ocrx_word' id='word_1_180' title='bbox 303 1756 376 1780; x_wconf 88' lang='lat' dir='ltr'><em>esse</em></span> <span class='ocrx_word' id='word_1_181' title='bbox 395 1742 560 1779; x_wconf 71' lang='lat' dir='ltr'><em>humanm</em></span> <span class='ocrx_word' id='word_1_182' title='bbox 578 1739 757 1793; x_wconf 75' lang='lat' dir='ltr'><em>sapientiae</em></span> <span class='ocrx_word' id='word_1_183' title='bbox 779 1739 862 1778; x_wconf 82' lang='lat' dir='ltr'><em>talia</em></span> <span class='ocrx_word' id='word_1_184' title='bbox 882 1739 1107 1790; x_wconf 73' lang='lat' dir='ltr'><em>significare?</em></span> <span class='ocrx_word' id='word_1_185' title='bbox 1122 1740 1174 1778; x_wconf 89' lang='lat' dir='ltr'>Ne</span> <span class='ocrx_word' id='word_1_186' title='bbox 1189 1739 1255 1791; x_wconf 86' lang='lat' dir='ltr'>igi-</span> 
     </span>
     <span class='ocr_line' id='line_1_29' title="bbox 304 1800 1304 1852; baseline -0.001 -13"><span class='ocrx_word' id='word_1_187' title='bbox 304 1813 362 1840; x_wconf 83' lang='lat' dir='ltr'>tur</span> <span class='ocrx_word' id='word_1_188' title='bbox 386 1802 459 1841; x_wconf 91' lang='lat' dir='ltr'><em>illis</em></span> <span class='ocrx_word' id='word_1_189' title='bbox 483 1815 685 1841; x_wconf 83' lang='lat' dir='ltr'><em>succenseas</em></span> <span class='ocrx_word' id='word_1_190' title='bbox 709 1817 716 1838; x_wconf 92' lang='lat'>:</span> <span class='ocrx_word' id='word_1_191' title='bbox 740 1814 934 1852; x_wconf 86' lang='lat' dir='ltr'><strong>numquam</strong></span> <span class='ocrx_word' id='word_1_192' title='bbox 966 1800 1060 1838; x_wconf 91' lang='lat' dir='ltr'><em>enim</em></span> <span class='ocrx_word' id='word_1_193' title='bbox 1089 1809 1256 1852; x_wconf 79' lang='lat' dir='ltr'><em>poterunt</em></span> <span class='ocrx_word' id='word_1_194' title='bbox 1281 1815 1304 1845; x_wconf 80' lang='grc' dir='ltr'><strong>Ε</strong></span> 
     </span>
     <span class='ocr_line' id='line_1_30' title="bbox 304 1863 1256 1917; baseline -0.002 -15"><span class='ocrx_word' id='word_1_195' title='bbox 304 1864 387 1902; x_wconf 85' lang='lat' dir='ltr'><em>talia</em></span> <span class='ocrx_word' id='word_1_196' title='bbox 409 1863 720 1917; x_wconf 80' lang='lat' dir='ltr'><em>comprehendere,</em></span> <span class='ocrx_word' id='word_1_197' title='bbox 736 1877 815 1914; x_wconf 83' lang='lat' dir='ltr'>quae</span> <span class='ocrx_word' id='word_1_198' title='bbox 831 1876 981 1915; x_wconf 85' lang='lat' dir='ltr'><em>superna</em></span> <span class='ocrx_word' id='word_1_199' title='bbox 1001 1872 1103 1914; x_wconf 84' lang='lat' dir='ltr'><em>egent</em></span> <span class='ocrx_word' id='word_1_200' title='bbox 1121 1863 1256 1902; x_wconf 84' lang='lat' dir='ltr'><em>revela-</em></span> 
     </span>
     <span class='ocr_line' id='line_1_31' title="bbox 303 1924 1257 1977; baseline 0 -14"><span class='ocrx_word' id='word_1_201' title='bbox 303 1925 408 1964; x_wconf 87' lang='lat' dir='ltr'><em>tione.</em></span> <span class='ocrx_word' id='word_1_202' title='bbox 433 1927 495 1964; x_wconf 63' lang='lat'>25.</span> <span class='ocrx_word' id='word_1_203' title='bbox 519 1927 573 1964; x_wconf 88' lang='lat' dir='ltr'>Et</span> <span class='ocrx_word' id='word_1_204' title='bbox 592 1927 691 1963; x_wconf 68' lang='lat' dir='ltr'><em>dixit</em></span> <span class='ocrx_word' id='word_1_205' title='bbox 711 1926 870 1977; x_wconf 80' lang='lat' dir='ltr'><em>Joseph,</em></span> <span class='ocrx_word' id='word_1_206' title='bbox 896 1924 1011 1975; x_wconf 88' lang='lat' dir='ltr'><em>inquit</em></span> <span class='ocrx_word' id='word_1_207' title='bbox 1029 1940 1036 1961; x_wconf 91' lang='lat'>:</span> <span class='ocrx_word' id='word_1_208' title='bbox 1057 1924 1257 1963; x_wconf 84' lang='lat' dir='ltr'><strong>Somnium</strong></span> 
     </span>
     <span class='ocr_line' id='line_1_32' title="bbox 304 1987 1256 2025; baseline 0 -1"><span class='ocrx_word' id='word_1_209' title='bbox 304 1989 528 2025; x_wconf 79' lang='lat' dir='ltr'>Pharaonis</span> <span class='ocrx_word' id='word_1_210' title='bbox 555 2001 675 2024; x_wconf 80' lang='lat' dir='ltr'><em>unmn</em></span> <span class='ocrx_word' id='word_1_211' title='bbox 706 1995 773 2024; x_wconf 85' lang='lat' dir='ltr'><em>est.</em></span> <span class='ocrx_word' id='word_1_212' title='bbox 791 1987 856 2024; x_wconf 68' lang='lat'>52.</span> <span class='ocrx_word' id='word_1_213' title='bbox 888 1988 938 2024; x_wconf 67' lang='lat' dir='ltr'>Ut</span> <span class='ocrx_word' id='word_1_214' title='bbox 966 1994 1096 2024; x_wconf 80' lang='lat' dir='ltr'><em>autem</em></span> <span class='ocrx_word' id='word_1_215' title='bbox 1120 1988 1256 2025; x_wconf 79' lang='lat' dir='ltr'><em>credas</em></span> 
     </span>
     <span class='ocr_line' id='line_1_33' title="bbox 306 2048 1256 2101; baseline 0.001 -15"><span class='ocrx_word' id='word_1_216' title='bbox 306 2050 410 2100; x_wconf 76' lang='lat' dir='ltr'>quod</span> <span class='ocrx_word' id='word_1_217' title='bbox 428 2063 566 2086; x_wconf 80' lang='lat' dir='ltr'><em>verum</em></span> <span class='ocrx_word' id='word_1_218' title='bbox 583 2051 668 2096; x_wconf 83' lang='lat' dir='ltr'><em>erit,</em></span> <span class='ocrx_word' id='word_1_219' title='bbox 690 2049 795 2100; x_wconf 80' lang='lat' dir='ltr'>quod</span> <span class='ocrx_word' id='word_1_220' title='bbox 808 2062 833 2086; x_wconf 83' lang='lat' dir='ltr'><em>a</em></span> <span class='ocrx_word' id='word_1_221' title='bbox 847 2048 932 2085; x_wconf 85' lang='lat' dir='ltr'>Deo</span> <span class='ocrx_word' id='word_1_222' title='bbox 953 2050 1023 2085; x_wconf 78' lang='lat' dir='ltr'><em>tibi</em></span> <span class='ocrx_word' id='word_1_223' title='bbox 1039 2051 1256 2101; x_wconf 65' lang='lat' dir='ltr'><em>praesigna-</em></span> 
     </span>
     <span class='ocr_line' id='line_1_34' title="bbox 307 2111 1257 2163; baseline 0.001 -16"><span class='ocrx_word' id='word_1_224' title='bbox 307 2119 388 2147; x_wconf 81' lang='lat' dir='ltr'>tum</span> <span class='ocrx_word' id='word_1_225' title='bbox 400 2119 510 2159; x_wconf 80' lang='lat' dir='ltr'><em>est,et</em></span> <span class='ocrx_word' id='word_1_226' title='bbox 525 2111 628 2163; x_wconf 79' lang='lat' dir='ltr'><em>qnod</em></span> <span class='ocrx_word' id='word_1_227' title='bbox 641 2111 873 2148; x_wconf 81' lang='lat' dir='ltr'><em>accelerabit</em></span> <span class='ocrx_word' id='word_1_228' title='bbox 882 2111 988 2148; x_wconf 80' lang='lat' dir='ltr'><em>Deus</em></span> <span class='ocrx_word' id='word_1_229' title='bbox 1000 2111 1107 2148; x_wconf 81' lang='lat' dir='ltr'><em>istud</em></span> <span class='ocrx_word' id='word_1_230' title='bbox 1110 2111 1257 2162; x_wconf 83' lang='lat' dir='ltr'><em>facere,</em></span> 
     </span>
     <span class='ocr_line' id='line_1_35' title="bbox 306 2171 1257 2223; baseline -0.001 -14"><span class='ocrx_word' id='word_1_231' title='bbox 306 2174 507 2222; x_wconf 80' lang='lat' dir='ltr'><em>repetitum</em></span> <span class='ocrx_word' id='word_1_232' title='bbox 529 2180 583 2209; x_wconf 87' lang='lat' dir='ltr'>est</span> <span class='ocrx_word' id='word_1_233' title='bbox 600 2173 778 2209; x_wconf 78' lang='lat' dir='ltr'><em>secundo.</em></span> <span class='ocrx_word' id='word_1_234' title='bbox 800 2171 976 2223; x_wconf 84' lang='lat' dir='ltr'><em>Repetitio</em></span> <span class='ocrx_word' id='word_1_235' title='bbox 1000 2172 1106 2219; x_wconf 87' lang='lat' dir='ltr'><em>enim,</em></span> <span class='ocrx_word' id='word_1_236' title='bbox 1130 2171 1257 2222; x_wconf 87' lang='lat' dir='ltr'><em>inquit,</em></span> 
     </span>
     <span class='ocr_line' id='line_1_36' title="bbox 307 2231 1258 2284; baseline 0.001 -15"><span class='ocrx_word' id='word_1_237' title='bbox 307 2232 529 2270; x_wconf 82' lang='lat' dir='ltr'><em>confirmatio</em></span> <span class='ocrx_word' id='word_1_238' title='bbox 553 2241 604 2270; x_wconf 91' lang='lat' dir='ltr'>est</span> <span class='ocrx_word' id='word_1_239' title='bbox 631 2232 807 2279; x_wconf 68' lang='lat' dir='ltr'><em>visorum,</em></span> <span class='ocrx_word' id='word_1_240' title='bbox 839 2241 871 2269; x_wconf 90' lang='lat' dir='ltr'>et</span> <span class='ocrx_word' id='word_1_241' title='bbox 894 2231 1067 2284; x_wconf 79' lang='lat' dir='ltr'><em>eopiosior</em></span> <span class='ocrx_word' id='word_1_242' title='bbox 1094 2232 1258 2283; x_wconf 84' lang='lat' dir='ltr'><em>probatio</em></span> 
     </span>
     <span class='ocr_line' id='line_1_37' title="bbox 307 2292 1259 2345; baseline -0.001 -14"><span class='ocrx_word' id='word_1_243' title='bbox 307 2293 402 2345; x_wconf 87' lang='lat' dir='ltr'><em>quod</em></span> <span class='ocrx_word' id='word_1_244' title='bbox 416 2294 558 2331; x_wconf 86' lang='lat' dir='ltr'><em>omnino</em></span> <span class='ocrx_word' id='word_1_245' title='bbox 573 2293 649 2330; x_wconf 73' lang='lat' dir='ltr'>haec</span> <span class='ocrx_word' id='word_1_246' title='bbox 660 2293 780 2330; x_wconf 82' lang='lat' dir='ltr'><em>sutura</em></span> <span class='ocrx_word' id='word_1_247' title='bbox 792 2293 927 2330; x_wconf 80' lang='lat' dir='ltr'><em>sint.Et</em></span> <span class='ocrx_word' id='word_1_248' title='bbox 940 2302 1126 2345; x_wconf 79' lang='lat' dir='ltr'><em>postquam</em></span> <span class='ocrx_word' id='word_1_249' title='bbox 1136 2292 1259 2330; x_wconf 88' lang='lat' dir='ltr'><em>distin-</em></span> 
     </span>
     <span class='ocr_line' id='line_1_38' title="bbox 309 2354 1257 2407; baseline -0.002 -15"><span class='ocrx_word' id='word_1_250' title='bbox 309 2355 361 2392; x_wconf 73' lang='lat' dir='ltr'>xit</span> <span class='ocrx_word' id='word_1_251' title='bbox 382 2369 570 2393; x_wconf 88' lang='lat' dir='ltr'><em>numerum</em></span> <span class='ocrx_word' id='word_1_252' title='bbox 593 2363 726 2407; x_wconf 82' lang='lat' dir='ltr'><em>septem</em></span> <span class='ocrx_word' id='word_1_253' title='bbox 744 2355 851 2392; x_wconf 85' lang='lat' dir='ltr'><strong>boum</strong></span> <span class='ocrx_word' id='word_1_254' title='bbox 869 2364 901 2392; x_wconf 88' lang='lat' dir='ltr'>et</span> <span class='ocrx_word' id='word_1_255' title='bbox 918 2364 1051 2407; x_wconf 79' lang='lat' dir='ltr'><em>septem</em></span> <span class='ocrx_word' id='word_1_256' title='bbox 1066 2354 1257 2406; x_wconf 81' lang='lat' dir='ltr'><em>spicarum,</em></span> 
     </span>
     <span class='ocr_line' id='line_1_39' title="bbox 308 2415 1320 2481; baseline -0.002 -27"><span class='ocrx_word' id='word_1_257' title='bbox 308 2431 349 2454; x_wconf 84' lang='lat' dir='ltr'>ae</span> <span class='ocrx_word' id='word_1_258' title='bbox 363 2416 457 2454; x_wconf 82' lang='lat' dir='ltr'><strong>dixit</strong></span> <span class='ocrx_word' id='word_1_259' title='bbox 472 2431 637 2468; x_wconf 80' lang='lat' dir='ltr'><em>magnam</em></span> <span class='ocrx_word' id='word_1_260' title='bbox 649 2417 805 2453; x_wconf 86' lang='lat' dir='ltr'><em>suturam</em></span> <span class='ocrx_word' id='word_1_261' title='bbox 819 2415 1085 2462; x_wconf 74' lang='lat' dir='ltr'><em>abundantiam,</em></span> <span class='ocrx_word' id='word_1_262' title='bbox 1095 2424 1127 2453; x_wconf 91' lang='lat' dir='ltr'>et</span> <span class='ocrx_word' id='word_1_263' title='bbox 1141 2424 1257 2467; x_wconf 82' lang='lat' dir='ltr'><em>postea</em></span> <span class='ocrx_word' id='word_1_264' title='bbox 1273 2457 1320 2481; x_wconf 48' lang='lat'>605</span> 
     </span>
     <span class='ocr_line' id='line_1_40' title="bbox 310 2474 1311 2528; baseline -0.002 -13"><span class='ocrx_word' id='word_1_265' title='bbox 310 2491 455 2528; x_wconf 78' lang='lat' dir='ltr'><em>gravem</em></span> <span class='ocrx_word' id='word_1_266' title='bbox 468 2487 697 2527; x_wconf 70' lang='lat' dir='ltr'><em>sequntur-am</em></span> <span class='ocrx_word' id='word_1_267' title='bbox 709 2491 781 2515; x_wconf 86' lang='lat' dir='ltr'><em>esse</em></span> <span class='ocrx_word' id='word_1_268' title='bbox 792 2477 934 2523; x_wconf 85' lang='lat' dir='ltr'><em>famem,</em></span> <span class='ocrx_word' id='word_1_269' title='bbox 944 2475 1073 2514; x_wconf 81' lang='lat' dir='ltr'><em>deinde</em></span> <span class='ocrx_word' id='word_1_270' title='bbox 1083 2476 1259 2528; x_wconf 86' lang='lat' dir='ltr'><em>optimum</em></span> <span class='ocrx_word' id='word_1_271' title='bbox 1285 2474 1311 2523; x_wconf 67' lang='lat' dir='ltr'>A&#39;</span> 
     </span>
     <span class='ocr_line' id='line_1_41' title="bbox 310 2537 1260 2589; baseline -0.002 -12"><span class='ocrx_word' id='word_1_272' title='bbox 310 2538 497 2577; x_wconf 84' lang='lat' dir='ltr'><em>consilium</em></span> <span class='ocrx_word' id='word_1_273' title='bbox 511 2539 627 2588; x_wconf 80' lang='lat' dir='ltr'><em>affert,</em></span> <span class='ocrx_word' id='word_1_274' title='bbox 641 2548 675 2576; x_wconf 88' lang='lat' dir='ltr'>et</span> <span class='ocrx_word' id='word_1_275' title='bbox 694 2538 779 2576; x_wconf 86' lang='lat' dir='ltr'><em>dicit</em></span> <span class='ocrx_word' id='word_1_276' title='bbox 795 2554 802 2574; x_wconf 79' lang='lat' dir='ltr'><em>z</em></span> <span class='ocrx_word' id='word_1_277' title='bbox 820 2537 1001 2575; x_wconf 88' lang='lat' dir='ltr'><em>Constitue</em></span> <span class='ocrx_word' id='word_1_278' title='bbox 1020 2537 1139 2575; x_wconf 83' lang='lat' dir='ltr'><em>virum</em></span> <span class='ocrx_word' id='word_1_279' title='bbox 1155 2552 1260 2589; x_wconf 82' lang='lat' dir='ltr'><em>super</em></span> 
     </span>
     <span class='ocr_line' id='line_1_42' title="bbox 311 2597 1260 2652; baseline -0.003 -14"><span class='ocrx_word' id='word_1_280' title='bbox 311 2599 524 2652; x_wconf 74' lang='lat' dir='ltr'><em>AEgyptum‚</em></span> <span class='ocrx_word' id='word_1_281' title='bbox 548 2600 607 2650; x_wconf 87' lang='lat' dir='ltr'><strong>qui</strong></span> <span class='ocrx_word' id='word_1_282' title='bbox 625 2599 734 2652; x_wconf 83' lang='lat' dir='ltr'><strong>possit</strong></span> <span class='ocrx_word' id='word_1_283' title='bbox 753 2598 918 2649; x_wconf 81' lang='lat' dir='ltr'><em>colligere</em></span> <span class='ocrx_word' id='word_1_284' title='bbox 935 2597 1170 2636; x_wconf 85' lang='lat' dir='ltr'><em>redundantes</em></span> <span class='ocrx_word' id='word_1_285' title='bbox 1185 2598 1260 2635; x_wconf 87' lang='lat' dir='ltr'><em>sru-</em></span> 
     </span>
     <span class='ocr_line' id='line_1_43' title="bbox 311 2659 1262 2713; baseline -0.002 -14"><span class='ocrx_word' id='word_1_286' title='bbox 311 2670 387 2699; x_wconf 91' lang='lat' dir='ltr'><em>ctus</em></span> <span class='ocrx_word' id='word_1_287' title='bbox 404 2671 535 2713; x_wconf 84' lang='lat' dir='ltr'><em>septem</em></span> <span class='ocrx_word' id='word_1_288' title='bbox 557 2675 796 2710; x_wconf 70' lang='lat' dir='ltr'><em>annorum7ac</em></span> <span class='ocrx_word' id='word_1_289' title='bbox 816 2660 865 2697; x_wconf 86' lang='lat' dir='ltr'>sic</span> <span class='ocrx_word' id='word_1_290' title='bbox 885 2659 1102 2712; x_wconf 82' lang='lat' dir='ltr'><em>dispensare,</em></span> <span class='ocrx_word' id='word_1_291' title='bbox 1121 2668 1158 2697; x_wconf 90' lang='lat' dir='ltr'>ut</span> <span class='ocrx_word' id='word_1_292' title='bbox 1178 2674 1262 2712; x_wconf 87' lang='lat' dir='ltr'><em>pos-</em></span> 
     </span>
     <span class='ocr_line' id='line_1_44' title="bbox 313 2721 1262 2773; baseline -0.003 -12"><span class='ocrx_word' id='word_1_293' title='bbox 313 2724 356 2762; x_wconf 85' lang='lat' dir='ltr'>sit</span> <span class='ocrx_word' id='word_1_294' title='bbox 371 2723 404 2761; x_wconf 91' lang='lat' dir='ltr'>in</span> <span class='ocrx_word' id='word_1_295' title='bbox 418 2733 483 2761; x_wconf 82' lang='lat' dir='ltr'>tem</span> <span class='ocrx_word' id='word_1_296' title='bbox 493 2741 496 2773; x_wconf 59' lang='grc' dir='ltr'>γ</span> <span class='ocrx_word' id='word_1_297' title='bbox 507 2743 509 2749; x_wconf 30' lang='lat' dir='ltr'>x</span> <span class='ocrx_word' id='word_1_298' title='bbox 522 2737 573 2761; x_wconf 53' lang='lat' dir='ltr'>xre</span> <span class='ocrx_word' id='word_1_299' title='bbox 592 2722 696 2760; x_wconf 79' lang='lat' dir='ltr'><em>samis</em></span> <span class='ocrx_word' id='word_1_300' title='bbox 712 2722 878 2759; x_wconf 83' lang='lat' dir='ltr'><em>solatium</em></span> <span class='ocrx_word' id='word_1_301' title='bbox 894 2721 1057 2770; x_wconf 71' lang='lat' dir='ltr'><em>inveniri,</em></span> <span class='ocrx_word' id='word_1_302' title='bbox 1072 2730 1106 2759; x_wconf 86' lang='lat' dir='ltr'>et</span> <span class='ocrx_word' id='word_1_303' title='bbox 1119 2735 1186 2759; x_wconf 92' lang='lat' dir='ltr'>non</span> <span class='ocrx_word' id='word_1_304' title='bbox 1199 2721 1262 2759; x_wconf 83' lang='lat' dir='ltr'>fiat</span> 
     </span>
     <span class='ocr_line' id='line_1_45' title="bbox 313 2783 1262 2822; baseline 0.001 -2"><span class='ocrx_word' id='word_1_305' title='bbox 313 2785 514 2822; x_wconf 52' lang='lat' dir='ltr'><em>omnimod»</em></span> <span class='ocrx_word' id='word_1_306' title='bbox 562 2783 771 2821; x_wconf 82' lang='lat' dir='ltr'><em>consumtio.</em></span> <span class='ocrx_word' id='word_1_307' title='bbox 802 2784 866 2820; x_wconf 72' lang='lat'>57.</span> <span class='ocrx_word' id='word_1_308' title='bbox 899 2783 1140 2820; x_wconf 71' lang='lat' dir='ltr'><em>Placuerunt</em></span> <span class='ocrx_word' id='word_1_309' title='bbox 1182 2784 1262 2821; x_wconf 79' lang='lat' dir='ltr'>hoec</span> 
     </span>
     <span class='ocr_line' id='line_1_46' title="bbox 314 2843 1263 2896; baseline -0.002 -13"><span class='ocrx_word' id='word_1_310' title='bbox 314 2848 519 2884; x_wconf 79' lang='lat' dir='ltr'><em>Pharaoni</em></span> <span class='ocrx_word' id='word_1_311' title='bbox 547 2854 581 2882; x_wconf 80' lang='lat' dir='ltr'>et</span> <span class='ocrx_word' id='word_1_312' title='bbox 611 2846 787 2881; x_wconf 80' lang='lat' dir='ltr'><em>omnibus</em></span> <span class='ocrx_word' id='word_1_313' title='bbox 813 2846 932 2881; x_wconf 76' lang='lat' dir='ltr'><em>servis</em></span> <span class='ocrx_word' id='word_1_314' title='bbox 964 2846 1059 2896; x_wconf 82' lang='lat' dir='ltr'><em>ejus.</em></span> <span class='ocrx_word' id='word_1_315' title='bbox 1091 2843 1263 2894; x_wconf 85' lang='lat' dir='ltr'><em>Tuncque</em></span> 
     </span>
     <span class='ocr_line' id='line_1_47' title="bbox 314 2903 1263 2956; baseline -0.003 -12"><span class='ocrx_word' id='word_1_316' title='bbox 314 2906 528 2944; x_wconf 63' lang='lat' dir='ltr'><em>ministravit</em></span> <span class='ocrx_word' id='word_1_317' title='bbox 539 2906 675 2943; x_wconf 77' lang='lat' dir='ltr'><em>Pharao</em></span> <span class='ocrx_word' id='word_1_318' title='bbox 686 2905 796 2943; x_wconf 75' lang='lat' dir='ltr'><em>exitui</em></span> <span class='ocrx_word' id='word_1_319' title='bbox 806 2905 1022 2943; x_wconf 83' lang='lat' dir='ltr'><em>somniorum</em></span> <span class='ocrx_word' id='word_1_320' title='bbox 1033 2903 1176 2956; x_wconf 82' lang='lat' dir='ltr'><em>Joseph,</em></span> <span class='ocrx_word' id='word_1_321' title='bbox 1185 2918 1263 2954; x_wconf 63' lang='lat' dir='ltr'><em>quse</em></span> 
     </span>
     <span class='ocr_line' id='line_1_48' title="bbox 315 2965 1265 3018; baseline -0.004 -13"><span class='ocrx_word' id='word_1_322' title='bbox 315 2967 451 3005; x_wconf 71' lang='lat' dir='ltr'><em>viderat</em></span> <span class='ocrx_word' id='word_1_323' title='bbox 477 2966 619 3017; x_wconf 76' lang='lat' dir='ltr'><em>quando</em></span> <span class='ocrx_word' id='word_1_324' title='bbox 649 2966 747 3018; x_wconf 80' lang='lat' dir='ltr'><em>apud</em></span> <span class='ocrx_word' id='word_1_325' title='bbox 775 2976 911 3018; x_wconf 85' lang='lat' dir='ltr'><em>patrem</em></span> <span class='ocrx_word' id='word_1_326' title='bbox 943 2965 1081 3016; x_wconf 78' lang='lat' dir='ltr'><em>agebat.</em></span> <span class='ocrx_word' id='word_1_327' title='bbox 1112 2965 1158 3002; x_wconf 85' lang='lat' dir='ltr'>Et</span> <span class='ocrx_word' id='word_1_328' title='bbox 1192 2965 1265 3017; x_wconf 85' lang='lat' dir='ltr'><em>ipse</em></span> 
     </span>
     <span class='ocr_line' id='line_1_49' title="bbox 317 3026 1264 3079; baseline -0.002 -14"><span class='ocrx_word' id='word_1_329' title='bbox 317 3028 459 3079; x_wconf 82' lang='lat' dir='ltr'><em>quidem</em></span> <span class='ocrx_word' id='word_1_330' title='bbox 474 3028 607 3065; x_wconf 76' lang='lat' dir='ltr'><em>somnia</em></span> <span class='ocrx_word' id='word_1_331' title='bbox 633 3027 826 3065; x_wconf 72' lang='lat' dir='ltr'><em>Pharaonis</em></span> <span class='ocrx_word' id='word_1_332' title='bbox 852 3026 1078 3079; x_wconf 76' lang='lat' dir='ltr'><em>dijudicabat</em></span> <span class='ocrx_word' id='word_1_333' title='bbox 1099 3042 1106 3063; x_wconf 92' lang='lat'>:</span> <span class='ocrx_word' id='word_1_334' title='bbox 1125 3026 1264 3064; x_wconf 80' lang='lat' dir='ltr'><em>Pharao</em></span> 
     </span>
     <span class='ocr_line' id='line_1_50' title="bbox 316 3087 1263 3139; baseline -0.002 -12"><span class='ocrx_word' id='word_1_335' title='bbox 316 3099 432 3127; x_wconf 76' lang='lat' dir='ltr'><em>autem</em></span> <span class='ocrx_word' id='word_1_336' title='bbox 447 3105 470 3126; x_wconf 75' lang='lat' dir='ltr'><em>s«</em></span> <span class='ocrx_word' id='word_1_337' title='bbox 480 3089 665 3126; x_wconf 34' lang='lat' dir='ltr'><em>*mniorum</em></span> <span class='ocrx_word' id='word_1_338' title='bbox 675 3099 838 3126; x_wconf 73' lang='lat' dir='ltr'><em>eventum</em></span> <span class='ocrx_word' id='word_1_339' title='bbox 852 3089 1017 3139; x_wconf 78' lang='lat' dir='ltr'><em>ignorans</em></span> <span class='ocrx_word' id='word_1_340' title='bbox 1027 3087 1070 3125; x_wconf 74' lang='lat' dir='ltr'>acl</span> <span class='ocrx_word' id='word_1_341' title='bbox 1083 3089 1188 3126; x_wconf 83' lang='lat' dir='ltr'><em>finem</em></span> <span class='ocrx_word' id='word_1_342' title='bbox 1198 3088 1263 3126; x_wconf 90' lang='lat' dir='ltr'>du-</span> 
     </span>
     <span class='ocr_line' id='line_1_51' title="bbox 315 3149 1262 3193; baseline 0 -6"><span class='ocrx_word' id='word_1_343' title='bbox 315 3150 425 3187; x_wconf 80' lang='lat' dir='ltr'><em>cebat.</em></span> <span class='ocrx_word' id='word_1_344' title='bbox 447 3151 535 3187; x_wconf 54' lang='lat' dir='ltr'>Nun</span> <span class='ocrx_word' id='word_1_345' title='bbox 565 3158 603 3185; x_wconf 91' lang='lat' dir='ltr'>ut</span> <span class='ocrx_word' id='word_1_346' title='bbox 634 3149 708 3185; x_wconf 73' lang='lat' dir='ltr'><em>lia-c</em></span> <span class='ocrx_word' id='word_1_347' title='bbox 743 3149 895 3193; x_wconf 76' lang='lat' dir='ltr'><em>audivit,</em></span> <span class='ocrx_word' id='word_1_348' title='bbox 917 3150 979 3186; x_wconf 71' lang='lat'>58.</span> <span class='ocrx_word' id='word_1_349' title='bbox 1002 3150 1116 3187; x_wconf 81' lang='lat' dir='ltr'><em>Di.1·it</em></span> <span class='ocrx_word' id='word_1_350' title='bbox 1144 3152 1262 3188; x_wconf 65' lang='lat' dir='ltr'><em>servis</em></span> 
     </span>
     <span class='ocr_line' id='line_1_52' title="bbox 316 3211 1309 3263; baseline 0.001 -15"><span class='ocrx_word' id='word_1_351' title='bbox 316 3214 391 3249; x_wconf 76' lang='lat' dir='ltr'><em>suis</em></span> <span class='ocrx_word' id='word_1_352' title='bbox 407 3227 417 3247; x_wconf 88' lang='lat'><em>:</em></span> <span class='ocrx_word' id='word_1_353' title='bbox 434 3212 537 3248; x_wconf 70' lang='lat' dir='ltr'><em>lt&#39;um.</em></span> <span class='ocrx_word' id='word_1_354' title='bbox 561 3213 797 3247; x_wconf 75' lang='lat' dir='ltr'><em>1&#39;1weniemns</em></span> <span class='ocrx_word' id='word_1_355' title='bbox 823 3212 1016 3248; x_wconf 80' lang='lat' dir='ltr'><em>hominem</em></span> <span class='ocrx_word' id='word_1_356' title='bbox 1042 3211 1172 3258; x_wconf 83' lang='lat' dir='ltr'><em>talem,</em></span> <span class='ocrx_word' id='word_1_357' title='bbox 1195 3214 1262 3263; x_wconf 79' lang='lat' dir='ltr'>qui</span> <span class='ocrx_word' id='word_1_358' title='bbox 1286 3221 1309 3250; x_wconf 82' lang='lat' dir='ltr'>B</span> 
     </span>
     <span class='ocr_line' id='line_1_53' title="bbox 312 3273 1022 3323; baseline 0 -14"><span class='ocrx_word' id='word_1_359' title='bbox 312 3274 426 3310; x_wconf 77' lang='lat' dir='ltr'><em>hahet</em></span> <span class='ocrx_word' id='word_1_360' title='bbox 443 3274 619 3323; x_wconf 74' lang='lat' dir='ltr'><em>spiritum</em></span> <span class='ocrx_word' id='word_1_361' title='bbox 640 3273 715 3308; x_wconf 75' lang='lat' dir='ltr'>Dei</span> <span class='ocrx_word' id='word_1_362' title='bbox 735 3274 776 3308; x_wconf 82' lang='lat' dir='ltr'><em>in</em></span> <span class='ocrx_word' id='word_1_363' title='bbox 792 3286 866 3309; x_wconf 80' lang='lat' dir='ltr'>sem</span> <span class='ocrx_word' id='word_1_364' title='bbox 874 3275 992 3323; x_wconf 66' lang='lat' dir='ltr'><em>elipso</em></span> <span class='ocrx_word' id='word_1_365' title='bbox 1005 3276 1022 3309; x_wconf 75' lang='lat'>.²</span> 
     </span>
    </p>
   </div>
   <div class='ocr_carea' id='block_1_5' title="bbox 360 3393 1255 3449">
    <p class='ocr_par' dir='ltr' id='par_1_5' title="bbox 360 3393 1255 3449">
     <span class='ocr_line' id='line_1_54' title="bbox 360 3393 1255 3449; baseline 0.003 -17"><span class='ocrx_word' id='word_1_366' title='bbox 360 3397 394 3432; x_wconf 63' lang='grc'>4.</span> <span class='ocrx_word' id='word_1_367' title='bbox 427 3395 560 3435; x_wconf 67' lang='lat' dir='ltr'><em>Vidisti</em></span> <span class='ocrx_word' id='word_1_368' title='bbox 581 3393 759 3446; x_wconf 74' lang='lat' dir='ltr'><strong>quomodo</strong></span> <span class='ocrx_word' id='word_1_369' title='bbox 781 3395 946 3446; x_wconf 73' lang='lat' dir='ltr'><em>cognovit</em></span> <span class='ocrx_word' id='word_1_370' title='bbox 966 3405 997 3434; x_wconf 90' lang='lat' dir='ltr'>et</span> <span class='ocrx_word' id='word_1_371' title='bbox 1020 3396 1108 3449; x_wconf 82' lang='lat' dir='ltr'><em>ipse,</em></span> <span class='ocrx_word' id='word_1_372' title='bbox 1131 3411 1176 3436; x_wconf 85' lang='lat' dir='ltr'>ex</span> <span class='ocrx_word' id='word_1_373' title='bbox 1198 3412 1255 3436; x_wconf 90' lang='lat' dir='ltr'><em>su-</em></span> 
     </span>
    </p>
   </div>
   <div class='ocr_carea' id='block_1_6' title="bbox 803 195 1891 230">
    <p class='ocr_par' dir='ltr' id='par_1_6' title="bbox 803 195 1891 230">
     <span class='ocr_line' id='line_1_55' title="bbox 803 195 1891 230; baseline -0.001 -1"><span class='ocrx_word' id='word_1_374' title='bbox 803 198 980 230; x_wconf 71' lang='lat' dir='ltr'>JOANNIS</span> <span class='ocrx_word' id='word_1_375' title='bbox 1016 196 1258 228; x_wconf 78' lang='lat' dir='ltr'><strong>CHRYSOST.</strong></span> <span class='ocrx_word' id='word_1_376' title='bbox 1297 195 1502 227; x_wconf 81' lang='lat' dir='ltr'><strong>ARCHIEP.</strong></span> <span class='ocrx_word' id='word_1_377' title='bbox 1539 196 1891 228; x_wconf 75' lang='lat' dir='ltr'><strong>CONSTANTINOP-</strong></span> 
     </span>
    </p>
   </div>
   <div class='ocr_carea' id='block_1_7' title="bbox 1328 278 2360 3448">
    <p class='ocr_par' dir='ltr' id='par_1_7' title="bbox 1328 278 2360 3387">
     <span class='ocr_line' id='line_1_56' title="bbox 1332 278 2357 332; baseline 0.002 -16"><span class='ocrx_word' id='word_1_378' title='bbox 1332 279 1441 317; x_wconf 85' lang='grc' dir='ltr'>σαντά</span> <span class='ocrx_word' id='word_1_379' title='bbox 1461 295 1501 317; x_wconf 90' lang='grc' dir='ltr'>σε</span> <span class='ocrx_word' id='word_1_380' title='bbox 1522 280 1682 328; x_wconf 82' lang='grc' dir='ltr'>ἐνύπνια,</span> <span class='ocrx_word' id='word_1_381' title='bbox 1698 279 1890 332; x_wconf 83' lang='grc' dir='ltr'>συγκρίνειν</span> <span class='ocrx_word' id='word_1_382' title='bbox 1909 278 2009 318; x_wconf 82' lang='grc' dir='ltr'>αὐτοί.</span> <span class='ocrx_word' id='word_1_383' title='bbox 2029 278 2127 331; x_wconf 63' lang='grc' dir='ltr'>τὈρα</span> <span class='ocrx_word' id='word_1_384' title='bbox 2140 282 2213 323; x_wconf 84' lang='grc' dir='ltr'>πῶς</span> <span class='ocrx_word' id='word_1_385' title='bbox 2235 281 2357 332; x_wconf 66' lang='grc' dir='ltr'>αἰσχυ«</span> 
     </span>
     <span class='ocr_line' id='line_1_57' title="bbox 1330 337 2355 393; baseline 0.002 -17"><span class='ocrx_word' id='word_1_386' title='bbox 1330 337 1470 390; x_wconf 82' lang='grc' dir='ltr'>νόμενος</span> <span class='ocrx_word' id='word_1_387' title='bbox 1500 343 1518 378; x_wconf 85' lang='grc' dir='ltr'><strong>ὁ</strong></span> <span class='ocrx_word' id='word_1_388' title='bbox 1545 339 1684 392; x_wconf 86' lang='grc' dir='ltr'>Φαραὼ</span> <span class='ocrx_word' id='word_1_389' title='bbox 1702 342 1740 379; x_wconf 83' lang='grc' dir='ltr'>οὔ</span> <span class='ocrx_word' id='word_1_390' title='bbox 1765 340 1859 392; x_wconf 81' lang='grc' dir='ltr'>λέγει</span> <span class='ocrx_word' id='word_1_391' title='bbox 1877 343 2047 393; x_wconf 74' lang='grc' dir='ltr'>φανερῶς,</span> <span class='ocrx_word' id='word_1_392' title='bbox 2076 339 2129 378; x_wconf 81' lang='grc' dir='ltr'>ὅτι</span> <span class='ocrx_word' id='word_1_393' title='bbox 2150 341 2259 384; x_wconf 78' lang='grc' dir='ltr'>οὐδεὶς</span> <span class='ocrx_word' id='word_1_394' title='bbox 2287 344 2355 378; x_wconf 84' lang='grc' dir='ltr'>τῶν</span> 
     </span>
     <span class='ocr_line' id='line_1_58' title="bbox 1332 400 2358 454; baseline 0.003 -17"><span class='ocrx_word' id='word_1_395' title='bbox 1332 401 1415 453; x_wconf 90' lang='grc' dir='ltr'>παρ’</span> <span class='ocrx_word' id='word_1_396' title='bbox 1442 400 1519 451; x_wconf 80' lang='grc' dir='ltr'>ἐμοὶ</span> <span class='ocrx_word' id='word_1_397' title='bbox 1538 403 1652 453; x_wconf 70' lang='grc' dir='ltr'>σοφῶν</span> <span class='ocrx_word' id='word_1_398' title='bbox 1671 402 1791 453; x_wconf 74' lang='grc' dir='ltr'>ἴσχυσε</span> <span class='ocrx_word' id='word_1_399' title='bbox 1810 402 1982 454; x_wconf 82' lang='grc' dir='ltr'>διακρῖναι</span> <span class='ocrx_word' id='word_1_400' title='bbox 2000 401 2044 439; x_wconf 81' lang='grc' dir='ltr'>τὰ</span> <span class='ocrx_word' id='word_1_401' title='bbox 2065 401 2224 454; x_wconf 86' lang='grc' dir='ltr'>ὀνείρατα</span> <span class='ocrx_word' id='word_1_402' title='bbox 2238 417 2245 425; x_wconf 92' lang='grc'><em>·</em></span> <span class='ocrx_word' id='word_1_403' title='bbox 2268 401 2358 440; x_wconf 75' lang='grc' dir='ltr'>ἀλλὰ</span> 
     </span>
     <span class='ocr_line' id='line_1_59' title="bbox 1332 459 2356 515; baseline 0 -17"><span class='ocrx_word' id='word_1_404' title='bbox 1332 459 1385 505; x_wconf 76' lang='grc' dir='ltr'>τίς</span> <span class='ocrx_word' id='word_1_405' title='bbox 1419 460 1603 499; x_wconf 82' lang='grc' dir='ltr'>Ἐνύπνιον</span> <span class='ocrx_word' id='word_1_406' title='bbox 1632 461 1794 513; x_wconf 76' lang='grc' dir='ltr'>ἑώρακα,</span> <span class='ocrx_word' id='word_1_407' title='bbox 1824 461 1885 499; x_wconf 81' lang='grc' dir='ltr'>καὶ</span> <span class='ocrx_word' id='word_1_408' title='bbox 1903 464 1921 499; x_wconf 84' lang='grc' dir='ltr'>ὁ</span> <span class='ocrx_word' id='word_1_409' title='bbox 1946 462 2137 515; x_wconf 84' lang='grc' dir='ltr'>συγκρίνων</span> <span class='ocrx_word' id='word_1_410' title='bbox 2167 464 2228 500; x_wconf 79' lang='grc' dir='ltr'>οὐκ</span> <span class='ocrx_word' id='word_1_411' title='bbox 2262 461 2356 499; x_wconf 84' lang='grc' dir='ltr'>ἔστιν</span> 
     </span>
     <span class='ocr_line' id='line_1_60' title="bbox 1333 521 2357 574; baseline 0 -15"><span class='ocrx_word' id='word_1_412' title='bbox 1333 521 1432 560; x_wconf 80' lang='grc' dir='ltr'>αὐτό·</span> <span class='ocrx_word' id='word_1_413' title='bbox 1465 522 1601 568; x_wconf 81' lang='grc' dir='ltr'>ἀκήκοα</span> <span class='ocrx_word' id='word_1_414' title='bbox 1628 522 1664 560; x_wconf 83' lang='grc' dir='ltr'>δὲ</span> <span class='ocrx_word' id='word_1_415' title='bbox 1692 522 1772 574; x_wconf 83' lang='grc' dir='ltr'>περὶ</span> <span class='ocrx_word' id='word_1_416' title='bbox 1793 526 1853 560; x_wconf 90' lang='grc' dir='ltr'>σοῦ</span> <span class='ocrx_word' id='word_1_417' title='bbox 1880 522 2064 574; x_wconf 84' lang='grc' dir='ltr'>λεγόντων,</span> <span class='ocrx_word' id='word_1_418' title='bbox 2092 522 2288 561; x_wconf 85' lang='grc' dir='ltr'>ἀκούσαντά</span> <span class='ocrx_word' id='word_1_419' title='bbox 2319 538 2357 560; x_wconf 88' lang='grc' dir='ltr'>σε</span> 
     </span>
     <span class='ocr_line' id='line_1_61' title="bbox 1333 581 2358 635; baseline -0.001 -15"><span class='ocrx_word' id='word_1_420' title='bbox 1333 581 1494 631; x_wconf 83' lang='grc' dir='ltr'>ἐνύπνια,</span> <span class='ocrx_word' id='word_1_421' title='bbox 1518 582 1709 635; x_wconf 80' lang='grc' dir='ltr'>συγκρίνειν</span> <span class='ocrx_word' id='word_1_422' title='bbox 1737 582 1836 621; x_wconf 80' lang='grc' dir='ltr'>αὐτά.</span> <span class='ocrx_word' id='word_1_423' title='bbox 1868 583 2000 621; x_wconf 79' lang='grc' dir='ltr'>Σκόπει</span> <span class='ocrx_word' id='word_1_424' title='bbox 2033 598 2091 633; x_wconf 89' lang='grc' dir='ltr'>μοι</span> <span class='ocrx_word' id='word_1_425' title='bbox 2122 583 2181 621; x_wconf 83' lang='grc' dir='ltr'>καὶ</span> <span class='ocrx_word' id='word_1_426' title='bbox 2212 585 2358 621; x_wconf 83' lang='grc' dir='ltr'>ἐνταῦθα</span> 
     </span>
     <span class='ocr_line' id='line_1_62' title="bbox 1333 642 2357 695; baseline 0 -15"><span class='ocrx_word' id='word_1_427' title='bbox 1333 647 1394 681; x_wconf 90' lang='grc' dir='ltr'>τοῦ</span> <span class='ocrx_word' id='word_1_428' title='bbox 1421 643 1554 695; x_wconf 82' lang='grc' dir='ltr'>Ἰωσὴφ</span> <span class='ocrx_word' id='word_1_429' title='bbox 1586 643 1648 691; x_wconf 78' lang='grc' dir='ltr'>τὴν</span> <span class='ocrx_word' id='word_1_430' title='bbox 1679 643 1814 682; x_wconf 83' lang='grc' dir='ltr'>σύνεσιν</span> <span class='ocrx_word' id='word_1_431' title='bbox 1841 642 1899 680; x_wconf 77' lang='grc' dir='ltr'>καὶ</span> <span class='ocrx_word' id='word_1_432' title='bbox 1919 643 1982 690; x_wconf 82' lang='grc' dir='ltr'>τὴν</span> <span class='ocrx_word' id='word_1_433' title='bbox 2004 643 2136 689; x_wconf 84' lang='grc' dir='ltr'>πολλὴν</span> <span class='ocrx_word' id='word_1_434' title='bbox 2164 643 2357 689; x_wconf 67' lang='grc' dir='ltr'>εὖλαῖὅειαν,</span> 
     </span>
     <span class='ocr_line' id='line_1_63' title="bbox 1333 702 2358 757; baseline -0.001 -16"><span class='ocrx_word' id='word_1_435' title='bbox 1333 703 1426 747; x_wconf 81' lang='grc' dir='ltr'>ὅπως</span> <span class='ocrx_word' id='word_1_436' title='bbox 1440 703 1664 757; x_wconf 85' lang='grc' dir='ltr'>ἀποκρίνεται</span> <span class='ocrx_word' id='word_1_437' title='bbox 1679 706 1728 757; x_wconf 83' lang='grc' dir='ltr'>τῷ</span> <span class='ocrx_word' id='word_1_438' title='bbox 1743 702 1895 755; x_wconf 82' lang='grc' dir='ltr'>Φαραώ.</span> <span class='ocrx_word' id='word_1_439' title='bbox 1916 703 1976 750; x_wconf 81' lang='grc' dir='ltr'>Μὴ</span> <span class='ocrx_word' id='word_1_440' title='bbox 1993 703 2224 755; x_wconf 68' lang='grc' dir='ltr'>ἱποπτεύσῃς,</span> <span class='ocrx_word' id='word_1_441' title='bbox 2241 704 2358 756; x_wconf 66' lang='grc' dir='ltr'>φησὶν,</span> 
     </span>
     <span class='ocr_line' id='line_1_64' title="bbox 1334 763 2357 817; baseline 0.002 -16"><span class='ocrx_word' id='word_1_442' title='bbox 1334 764 1398 814; x_wconf 73' lang='grc' dir='ltr'>ἐμέ</span> <span class='ocrx_word' id='word_1_443' title='bbox 1415 780 1449 802; x_wconf 90' lang='grc' dir='ltr'>τι</span> <span class='ocrx_word' id='word_1_444' title='bbox 1470 764 1602 803; x_wconf 87' lang='grc' dir='ltr'>οἴκοθεν</span> <span class='ocrx_word' id='word_1_445' title='bbox 1626 765 1855 817; x_wconf 76' lang='grc' dir='ltr'>φθέγγεσθαι,</span> <span class='ocrx_word' id='word_1_446' title='bbox 1872 763 1894 810; x_wconf 83' lang='grc' dir='ltr'>ἢ</span> <span class='ocrx_word' id='word_1_447' title='bbox 1914 764 1982 803; x_wconf 84' lang='grc' dir='ltr'>ἀπὸ</span> <span class='ocrx_word' id='word_1_448' title='bbox 1999 766 2217 817; x_wconf 81' lang='grc' dir='ltr'>ἀνθρωπίνης</span> <span class='ocrx_word' id='word_1_449' title='bbox 2237 764 2357 817; x_wconf 64' lang='grc' dir='ltr'>σοφίας</span> 
     </span>
     <span class='ocr_line' id='line_1_65' title="bbox 1332 821 2358 878; baseline 0.001 -16"><span class='ocrx_word' id='word_1_450' title='bbox 1332 828 1442 863; x_wconf 85' lang='grc' dir='ltr'>ταῦτα</span> <span class='ocrx_word' id='word_1_451' title='bbox 1462 825 1662 877; x_wconf 74' lang='grc' dir='ltr'>διακρίνειν.</span> <span class='ocrx_word' id='word_1_452' title='bbox 1685 826 1778 865; x_wconf 57' lang='grc' dir='ltr'>Οὖῗὲ</span> <span class='ocrx_word' id='word_1_453' title='bbox 1798 827 1867 878; x_wconf 85' lang='grc' dir='ltr'>γὰρ</span> <span class='ocrx_word' id='word_1_454' title='bbox 1883 821 1952 864; x_wconf 66' lang='grc' dir='ltr'>οἶόν</span> <span class='ocrx_word' id='word_1_455' title='bbox 1978 842 2016 864; x_wconf 90' lang='grc' dir='ltr'>τε</span> <span class='ocrx_word' id='word_1_456' title='bbox 2046 827 2126 864; x_wconf 80' lang='grc' dir='ltr'>ἄνευ</span> <span class='ocrx_word' id='word_1_457' title='bbox 2147 829 2209 873; x_wconf 64' lang='grc' dir='ltr'>τῆς</span> <span class='ocrx_word' id='word_1_458' title='bbox 2229 826 2358 864; x_wconf 85' lang='grc' dir='ltr'>ἄνωθεν</span> 
     </span>
     <span class='ocr_line' id='line_1_66' title="bbox 1332 886 2358 939; baseline 0.001 -16"><span class='ocrx_word' id='word_1_459' title='bbox 1332 886 1583 939; x_wconf 78' lang='grc' dir='ltr'>ἀποκαλύψεως</span> <span class='ocrx_word' id='word_1_460' title='bbox 1607 886 1672 933; x_wconf 87' lang='grc' dir='ltr'>τὴν</span> <span class='ocrx_word' id='word_1_461' title='bbox 1700 891 1826 939; x_wconf 88' lang='grc' dir='ltr'>γνῶσιν</span> <span class='ocrx_word' id='word_1_462' title='bbox 1859 887 1988 927; x_wconf 88' lang='grc' dir='ltr'>τούτων</span> <span class='ocrx_word' id='word_1_463' title='bbox 2021 888 2246 926; x_wconf 66' lang='grc' dir='ltr'>καταλαὸεῖν.</span> <span class='ocrx_word' id='word_1_464' title='bbox 2267 887 2358 926; x_wconf 64' lang='lat' dir='ltr'><em>&#39;leot</em></span> 
     </span>
     <span class='ocr_line' id='line_1_67' title="bbox 1331 943 2358 1002; baseline 0.002 -18"><span class='ocrx_word' id='word_1_465' title='bbox 1331 946 1456 995; x_wconf 86' lang='grc' dir='ltr'>τοίνυν,</span> <span class='ocrx_word' id='word_1_466' title='bbox 1475 947 1527 985; x_wconf 75' lang='grc' dir='ltr'>ὅτι</span> <span class='ocrx_word' id='word_1_467' title='bbox 1547 948 1626 986; x_wconf 86' lang='grc' dir='ltr'>ἄνευ</span> <span class='ocrx_word' id='word_1_468' title='bbox 1641 952 1699 986; x_wconf 90' lang='grc' dir='ltr'>τοῦ</span> <span class='ocrx_word' id='word_1_469' title='bbox 1720 951 1812 988; x_wconf 90' lang='grc' dir='ltr'>Θεοῦ</span> <span class='ocrx_word' id='word_1_470' title='bbox 1829 950 1895 1002; x_wconf 67' lang='grc' dir='ltr'>οὐχ</span> <span class='ocrx_word' id='word_1_471' title='bbox 1913 943 1982 988; x_wconf 71' lang='grc' dir='ltr'>οἷόν</span> <span class='ocrx_word' id='word_1_472' title='bbox 2003 948 2040 986; x_wconf 87' lang='grc' dir='ltr'>τέ</span> <span class='ocrx_word' id='word_1_473' title='bbox 2061 965 2104 1000; x_wconf 87' lang='grc' dir='ltr'>με</span> <span class='ocrx_word' id='word_1_474' title='bbox 2127 950 2358 1001; x_wconf 76' lang='grc' dir='ltr'>ἀποκριθῆναι</span> 
     </span>
     <span class='ocr_line' id='line_1_68' title="bbox 1332 1007 2358 1062; baseline 0 -16"><span class='ocrx_word' id='word_1_475' title='bbox 1332 1023 1397 1046; x_wconf 87' lang='grc' dir='ltr'>σοι.</span> <span class='ocrx_word' id='word_1_476' title='bbox 1419 1007 1517 1047; x_wconf 82' lang='grc' dir='ltr'>Ἄνευ</span> <span class='ocrx_word' id='word_1_477' title='bbox 1543 1008 1635 1061; x_wconf 83' lang='grc' dir='ltr'>γὰρ,</span> <span class='ocrx_word' id='word_1_478' title='bbox 1661 1010 1766 1062; x_wconf 74' lang='grc' dir='ltr'>φησὶ,</span> <span class='ocrx_word' id='word_1_479' title='bbox 1793 1015 1852 1048; x_wconf 92' lang='grc' dir='ltr'>τοῦ</span> <span class='ocrx_word' id='word_1_480' title='bbox 1879 1012 1970 1048; x_wconf 90' lang='grc' dir='ltr'>Θεοῦ</span> <span class='ocrx_word' id='word_1_481' title='bbox 1993 1012 2055 1048; x_wconf 74' lang='grc' dir='ltr'>οὐκ</span> <span class='ocrx_word' id='word_1_482' title='bbox 2084 1009 2358 1061; x_wconf 74' lang='grc' dir='ltr'>ἀποκριθήσεται</span> 
     </span>
     <span class='ocr_line' id='line_1_69' title="bbox 1330 1069 2356 1123; baseline 0.002 -17"><span class='ocrx_word' id='word_1_483' title='bbox 1330 1069 1371 1107; x_wconf 84' lang='grc' dir='ltr'>τὸ</span> <span class='ocrx_word' id='word_1_484' title='bbox 1396 1069 1566 1122; x_wconf 78' lang='grc' dir='ltr'>σωτήριον</span> <span class='ocrx_word' id='word_1_485' title='bbox 1598 1073 1657 1108; x_wconf 89' lang='grc' dir='ltr'>τοῦ</span> <span class='ocrx_word' id='word_1_486' title='bbox 1690 1070 1841 1123; x_wconf 83' lang='grc' dir='ltr'>Φαραώ.</span> <span class='ocrx_word' id='word_1_487' title='bbox 1876 1071 2006 1108; x_wconf 84' lang='grc' dir='ltr'>Μαθὼν</span> <span class='ocrx_word' id='word_1_488' title='bbox 2037 1071 2149 1108; x_wconf 86' lang='grc' dir='ltr'>τοίνυν</span> <span class='ocrx_word' id='word_1_489' title='bbox 2179 1072 2226 1114; x_wconf 84' lang='grc' dir='ltr'>ὡς</span> <span class='ocrx_word' id='word_1_490' title='bbox 2245 1073 2263 1108; x_wconf 87' lang='grc' dir='ltr'>ὁ</span> <span class='ocrx_word' id='word_1_491' title='bbox 2288 1073 2356 1108; x_wconf 85' lang='grc' dir='ltr'>τῶν</span> 
     </span>
     <span class='ocr_line' id='line_1_70' title="bbox 1331 1129 2355 1182; baseline 0.002 -15"><span class='ocrx_word' id='word_1_492' title='bbox 1331 1129 1494 1168; x_wconf 83' lang='grc' dir='ltr'>ἁπάντων</span> <span class='ocrx_word' id='word_1_493' title='bbox 1514 1131 1695 1178; x_wconf 80' lang='grc' dir='ltr'>Δεσπότης</span> <span class='ocrx_word' id='word_1_494' title='bbox 1717 1132 1809 1170; x_wconf 80' lang='grc' dir='ltr'>ἐστὶν</span> <span class='ocrx_word' id='word_1_495' title='bbox 1831 1135 1849 1170; x_wconf 85' lang='grc' dir='ltr'>ὃ</span> <span class='ocrx_word' id='word_1_496' title='bbox 1871 1136 1983 1170; x_wconf 88' lang='grc' dir='ltr'>ταῦτα</span> <span class='ocrx_word' id='word_1_497' title='bbox 2012 1131 2282 1179; x_wconf 82' lang='grc' dir='ltr'>ἀποκαλύπτων,</span> <span class='ocrx_word' id='word_1_498' title='bbox 2306 1131 2355 1182; x_wconf 78' lang='grc' dir='ltr'>μὴ</span> 
     </span>
     <span class='ocr_line' id='line_1_71' title="bbox 1331 1191 2356 1246; baseline 0.001 -17"><span class='ocrx_word' id='word_1_499' title='bbox 1331 1191 1428 1243; x_wconf 83' lang='grc' dir='ltr'>παρὰ</span> <span class='ocrx_word' id='word_1_500' title='bbox 1455 1192 1644 1245; x_wconf 86' lang='grc' dir='ltr'>ἀνθρώπων</span> <span class='ocrx_word' id='word_1_501' title='bbox 1676 1192 1772 1239; x_wconf 79' lang='grc' dir='ltr'>ζήτει</span> <span class='ocrx_word' id='word_1_502' title='bbox 1798 1198 1930 1241; x_wconf 88' lang='grc' dir='ltr'>ταῦτα,</span> <span class='ocrx_word' id='word_1_503' title='bbox 1960 1193 1982 1231; x_wconf 86' lang='grc' dir='ltr'>ἃ</span> <span class='ocrx_word' id='word_1_504' title='bbox 2008 1193 2128 1244; x_wconf 87' lang='grc' dir='ltr'>μόνου,</span> <span class='ocrx_word' id='word_1_505' title='bbox 2157 1193 2262 1246; x_wconf 79' lang='grc' dir='ltr'>φησὶ,</span> <span class='ocrx_word' id='word_1_506' title='bbox 2297 1197 2356 1232; x_wconf 89' lang='grc' dir='ltr'>τοῦ</span> 
     </span>
     <span class='ocr_line' id='line_1_72' title="bbox 1331 1254 2358 1308; baseline 0.002 -16"><span class='ocrx_word' id='word_1_507' title='bbox 1331 1255 1423 1293; x_wconf 89' lang='grc' dir='ltr'>Θεοῦ</span> <span class='ocrx_word' id='word_1_508' title='bbox 1443 1256 1537 1293; x_wconf 83' lang='grc' dir='ltr'>ἐστιν</span> <span class='ocrx_word' id='word_1_509' title='bbox 1556 1257 1604 1298; x_wconf 87' lang='grc' dir='ltr'>εἰς</span> <span class='ocrx_word' id='word_1_510' title='bbox 1624 1255 1768 1308; x_wconf 68' lang='grc' dir='ltr'>φανερὸν</span> <span class='ocrx_word' id='word_1_511' title='bbox 1789 1255 1898 1306; x_wconf 82' lang='grc' dir='ltr'>ἄγειν.</span> <span class='ocrx_word' id='word_1_512' title='bbox 1913 1254 2010 1306; x_wconf 55' lang='grc' dir='ltr'>ϋΟρα</span> <span class='ocrx_word' id='word_1_513' title='bbox 2029 1258 2103 1298; x_wconf 90' lang='grc' dir='ltr'>πῶς</span> <span class='ocrx_word' id='word_1_514' title='bbox 2121 1255 2177 1293; x_wconf 80' lang='grc' dir='ltr'>διὰ</span> <span class='ocrx_word' id='word_1_515' title='bbox 2193 1258 2256 1302; x_wconf 70' lang='grc' dir='ltr'>τῆς</span> <span class='ocrx_word' id='word_1_516' title='bbox 2274 1258 2358 1294; x_wconf 84' lang='grc' dir='ltr'>ἀπο-</span> 
     </span>
     <span class='ocr_line' id='line_1_73' title="bbox 1330 1315 2356 1370; baseline 0.001 -17"><span class='ocrx_word' id='word_1_517' title='bbox 1330 1315 1476 1368; x_wconf 88' lang='grc' dir='ltr'>κρίσεως</span> <span class='ocrx_word' id='word_1_518' title='bbox 1500 1316 1657 1355; x_wconf 75' lang='grc' dir='ltr'>παιδεύει</span> <span class='ocrx_word' id='word_1_519' title='bbox 1683 1316 1741 1355; x_wconf 81' lang='grc' dir='ltr'>τὸν</span> <span class='ocrx_word' id='word_1_520' title='bbox 1768 1317 1906 1370; x_wconf 81' lang='grc' dir='ltr'>Φαραὼ</span> <span class='ocrx_word' id='word_1_521' title='bbox 1933 1317 2059 1356; x_wconf 74' lang='grc' dir='ltr'>εἰδέναι</span> <span class='ocrx_word' id='word_1_522' title='bbox 2089 1317 2148 1355; x_wconf 84' lang='grc' dir='ltr'>καὶ</span> <span class='ocrx_word' id='word_1_523' title='bbox 2175 1320 2243 1354; x_wconf 85' lang='grc' dir='ltr'>τῶν</span> <span class='ocrx_word' id='word_1_524' title='bbox 2272 1319 2356 1369; x_wconf 83' lang='grc' dir='ltr'>παρ’</span> 
     </span>
     <span class='ocr_line' id='line_1_74' title="bbox 1331 1376 2356 1429; baseline 0.001 -16"><span class='ocrx_word' id='word_1_525' title='bbox 1331 1378 1433 1414; x_wconf 79' lang='grc' dir='ltr'>αὐτοῦ</span> <span class='ocrx_word' id='word_1_526' title='bbox 1463 1380 1578 1429; x_wconf 75' lang='grc' dir='ltr'>σοφῶν</span> <span class='ocrx_word' id='word_1_527' title='bbox 1605 1376 1670 1423; x_wconf 83' lang='grc' dir='ltr'>τὴν</span> <span class='ocrx_word' id='word_1_528' title='bbox 1701 1376 1894 1425; x_wconf 85' lang='grc' dir='ltr'>ἀσθένειαν,</span> <span class='ocrx_word' id='word_1_529' title='bbox 1917 1377 1976 1415; x_wconf 82' lang='grc' dir='ltr'>καὶ</span> <span class='ocrx_word' id='word_1_530' title='bbox 1998 1381 2056 1415; x_wconf 89' lang='grc' dir='ltr'>τοῦ</span> <span class='ocrx_word' id='word_1_531' title='bbox 2088 1377 2267 1416; x_wconf 88' lang='grc' dir='ltr'>Δεσπότου</span> <span class='ocrx_word' id='word_1_532' title='bbox 2293 1378 2356 1424; x_wconf 82' lang='grc' dir='ltr'>τὴν</span> 
     </span>
     <span class='ocr_line' id='line_1_75' title="bbox 1329 1432 2356 1491; baseline 0.003 -17"><span class='ocrx_word' id='word_1_533' title='bbox 1329 1436 1487 1489; x_wconf 82' lang='grc' dir='ltr'>δύναμιν.</span> <span class='ocrx_word' id='word_1_534' title='bbox 1502 1438 1605 1477; x_wconf 77' lang='grc' dir='ltr'>Ἐπεὶ</span> <span class='ocrx_word' id='word_1_535' title='bbox 1622 1432 1679 1476; x_wconf 64' lang='grc' dir='ltr'>οὖν</span> <span class='ocrx_word' id='word_1_536' title='bbox 1698 1438 1804 1490; x_wconf 82' lang='grc' dir='ltr'>ἔγνως</span> <span class='ocrx_word' id='word_1_537' title='bbox 1823 1441 1905 1491; x_wconf 88' lang='grc' dir='ltr'>παρ’</span> <span class='ocrx_word' id='word_1_538' title='bbox 1925 1441 2009 1490; x_wconf 80' lang='grc' dir='ltr'>ἐμοῦ</span> <span class='ocrx_word' id='word_1_539' title='bbox 2022 1470 2031 1487; x_wconf 90' lang='grc'>,</span> <span class='ocrx_word' id='word_1_540' title='bbox 2049 1439 2101 1477; x_wconf 74' lang='grc' dir='ltr'>ὅτι</span> <span class='ocrx_word' id='word_1_541' title='bbox 2125 1442 2186 1477; x_wconf 78' lang='grc' dir='ltr'>οὐκ</span> <span class='ocrx_word' id='word_1_542' title='bbox 2207 1440 2277 1478; x_wconf 79' lang='grc' dir='ltr'>ἀπὸ</span> <span class='ocrx_word' id='word_1_543' title='bbox 2297 1455 2356 1478; x_wconf 78' lang='grc' dir='ltr'>σο-</span> 
     </span>
     <span class='ocr_line' id='line_1_76' title="bbox 1329 1499 2356 1552; baseline 0.002 -16"><span class='ocrx_word' id='word_1_544' title='bbox 1329 1499 1408 1551; x_wconf 78' lang='grc' dir='ltr'>φίας</span> <span class='ocrx_word' id='word_1_545' title='bbox 1440 1499 1657 1551; x_wconf 78' lang='grc' dir='ltr'>ἀνθρωπίνης</span> <span class='ocrx_word' id='word_1_546' title='bbox 1684 1503 1794 1538; x_wconf 90' lang='grc' dir='ltr'>ταῦτα</span> <span class='ocrx_word' id='word_1_547' title='bbox 1824 1500 2036 1552; x_wconf 74' lang='grc' dir='ltr'>φθέγγομαι,</span> <span class='ocrx_word' id='word_1_548' title='bbox 2064 1500 2140 1539; x_wconf 74' lang='grc' dir='ltr'>οὐδὲ</span> <span class='ocrx_word' id='word_1_549' title='bbox 2160 1499 2195 1544; x_wconf 77' lang='grc' dir='ltr'>ἐξ</span> <span class='ocrx_word' id='word_1_550' title='bbox 2221 1500 2356 1538; x_wconf 84' lang='grc' dir='ltr'>οἰκείων</span> 
     </span>
     <span class='ocr_line' id='line_1_77' title="bbox 1328 1560 2356 1613; baseline 0.002 -15"><span class='ocrx_word' id='word_1_551' title='bbox 1328 1561 1518 1612; x_wconf 81' lang='grc' dir='ltr'>λογισμῶν,</span> <span class='ocrx_word' id='word_1_552' title='bbox 1547 1560 1626 1613; x_wconf 83' lang='grc' dir='ltr'>λέγε</span> <span class='ocrx_word' id='word_1_553' title='bbox 1661 1561 1703 1599; x_wconf 79' lang='grc' dir='ltr'>τὰ</span> <span class='ocrx_word' id='word_1_554' title='bbox 1731 1561 1828 1613; x_wconf 81' lang='grc' dir='ltr'>παρὰ</span> <span class='ocrx_word' id='word_1_555' title='bbox 1860 1566 1919 1599; x_wconf 86' lang='grc' dir='ltr'>τοῦ</span> <span class='ocrx_word' id='word_1_556' title='bbox 1947 1564 2038 1600; x_wconf 89' lang='grc' dir='ltr'>Θεοῦ</span> <span class='ocrx_word' id='word_1_557' title='bbox 2069 1576 2123 1599; x_wconf 88' lang='grc' dir='ltr'>σοι</span> <span class='ocrx_word' id='word_1_558' title='bbox 2148 1561 2356 1611; x_wconf 79' lang='grc' dir='ltr'>μηνυθέντα.</span> 
     </span>
     <span class='ocr_line' id='line_1_78' title="bbox 1329 1621 2357 1674; baseline 0 -14"><span class='ocrx_word' id='word_1_559' title='bbox 1329 1623 1453 1660; x_wconf 82' lang='grc' dir='ltr'>Ταῦτα</span> <span class='ocrx_word' id='word_1_560' title='bbox 1473 1622 1623 1665; x_wconf 87' lang='grc' dir='ltr'>ἀκούσας</span> <span class='ocrx_word' id='word_1_561' title='bbox 1641 1625 1659 1660; x_wconf 88' lang='grc' dir='ltr'>ὁ</span> <span class='ocrx_word' id='word_1_562' title='bbox 1680 1621 1820 1674; x_wconf 83' lang='grc' dir='ltr'>Φαραὼ</span> <span class='ocrx_word' id='word_1_563' title='bbox 1839 1623 2011 1673; x_wconf 79' lang='grc' dir='ltr'>διηγεῖται</span> <span class='ocrx_word' id='word_1_564' title='bbox 2040 1621 2084 1658; x_wconf 71' lang='grc' dir='ltr'>τὰ</span> <span class='ocrx_word' id='word_1_565' title='bbox 2117 1621 2277 1671; x_wconf 78' lang='grc' dir='ltr'>ἐνύπνια,</span> <span class='ocrx_word' id='word_1_566' title='bbox 2298 1623 2357 1660; x_wconf 83' lang='grc' dir='ltr'>καὶ</span> 
     </span>
     <span class='ocr_line' id='line_1_79' title="bbox 1329 1674 2359 1734; baseline 0 -15"><span class='ocrx_word' id='word_1_567' title='bbox 1329 1682 1368 1719; x_wconf 87' lang='grc' dir='ltr'>τὸ</span> <span class='ocrx_word' id='word_1_568' title='bbox 1387 1684 1526 1734; x_wconf 84' lang='grc' dir='ltr'>πρῶτον</span> <span class='ocrx_word' id='word_1_569' title='bbox 1558 1681 1617 1719; x_wconf 78' lang='grc' dir='ltr'>καὶ</span> <span class='ocrx_word' id='word_1_570' title='bbox 1646 1681 1684 1719; x_wconf 84' lang='grc' dir='ltr'>τὸ</span> <span class='ocrx_word' id='word_1_571' title='bbox 1716 1680 1888 1733; x_wconf 79' lang='grc' dir='ltr'>δεύτερον,</span> <span class='ocrx_word' id='word_1_572' title='bbox 1920 1680 1978 1718; x_wconf 86' lang='grc' dir='ltr'>καί</span> <span class='ocrx_word' id='word_1_573' title='bbox 2006 1696 2127 1732; x_wconf 74' lang='grc' dir='ltr'>φησιν·</span> <span class='ocrx_word' id='word_1_574' title='bbox 2158 1674 2255 1718; x_wconf 67' lang='grc' dir='ltr'>Εἶπα</span> <span class='ocrx_word' id='word_1_575' title='bbox 2287 1687 2359 1725; x_wconf 86' lang='grc' dir='ltr'>τοῖς</span> 
     </span>
     <span class='ocr_line' id='line_1_80' title="bbox 1329 1736 2359 1793; baseline 0 -13"><span class='ocrx_word' id='word_1_576' title='bbox 1329 1740 1524 1793; x_wconf 82' lang='grc' dir='ltr'>ἐξηγηταῖς,</span> <span class='ocrx_word' id='word_1_577' title='bbox 1543 1741 1603 1780; x_wconf 83' lang='grc' dir='ltr'>καὶ</span> <span class='ocrx_word' id='word_1_578' title='bbox 1633 1743 1695 1779; x_wconf 79' lang='grc' dir='ltr'>οὐκ</span> <span class='ocrx_word' id='word_1_579' title='bbox 1717 1736 1759 1788; x_wconf 66' lang='grc' dir='ltr'>ἦν</span> <span class='ocrx_word' id='word_1_580' title='bbox 1774 1745 1792 1780; x_wconf 85' lang='grc' dir='ltr'>ὃ</span> <span class='ocrx_word' id='word_1_581' title='bbox 1807 1743 2037 1793; x_wconf 83' lang='grc' dir='ltr'>ἀπαγγέλλων</span> <span class='ocrx_word' id='word_1_582' title='bbox 2065 1757 2135 1791; x_wconf 63' lang='grc' dir='ltr'>μοιι</span> <span class='ocrx_word' id='word_1_583' title='bbox 2160 1742 2237 1779; x_wconf 81' lang='grc' dir='ltr'>Οὐκ</span> <span class='ocrx_word' id='word_1_584' title='bbox 2255 1740 2359 1787; x_wconf 85' lang='grc' dir='ltr'>ἤκου-</span> 
     </span>
     <span class='ocr_line' id='line_1_81' title="bbox 1331 1802 2358 1855; baseline 0 -15"><span class='ocrx_word' id='word_1_585' title='bbox 1331 1818 1413 1852; x_wconf 88' lang='grc' dir='ltr'>σας,</span> <span class='ocrx_word' id='word_1_586' title='bbox 1438 1802 1545 1855; x_wconf 83' lang='grc' dir='ltr'>φησὶ,</span> <span class='ocrx_word' id='word_1_587' title='bbox 1579 1803 1638 1841; x_wconf 80' lang='grc' dir='ltr'>καὶ</span> <span class='ocrx_word' id='word_1_588' title='bbox 1669 1804 1753 1855; x_wconf 90' lang='grc' dir='ltr'>παρ’</span> <span class='ocrx_word' id='word_1_589' title='bbox 1774 1805 1883 1853; x_wconf 82' lang='grc' dir='ltr'>ἐμοῦ,</span> <span class='ocrx_word' id='word_1_590' title='bbox 1908 1802 1961 1840; x_wconf 80' lang='grc' dir='ltr'>ὅτι</span> <span class='ocrx_word' id='word_1_591' title='bbox 1987 1804 2048 1841; x_wconf 84' lang='grc' dir='ltr'>οὐκ</span> <span class='ocrx_word' id='word_1_592' title='bbox 2076 1803 2152 1841; x_wconf 85' lang='grc' dir='ltr'>ἔστι</span> <span class='ocrx_word' id='word_1_593' title='bbox 2179 1802 2219 1840; x_wconf 80' lang='grc' dir='ltr'>τὸ</span> <span class='ocrx_word' id='word_1_594' title='bbox 2248 1806 2358 1840; x_wconf 87' lang='grc' dir='ltr'>ταῦτα</span> 
     </span>
     <span class='ocr_line' id='line_1_82' title="bbox 1329 1862 2359 1917; baseline -0.001 -16"><span class='ocrx_word' id='word_1_595' title='bbox 1329 1865 1507 1917; x_wconf 83' lang='grc' dir='ltr'>γνωρίζειν</span> <span class='ocrx_word' id='word_1_596' title='bbox 1521 1867 1582 1911; x_wconf 73' lang='grc' dir='ltr'>τῆς</span> <span class='ocrx_word' id='word_1_597' title='bbox 1598 1863 1816 1917; x_wconf 82' lang='grc' dir='ltr'>ἀνθρωπίνης</span> <span class='ocrx_word' id='word_1_598' title='bbox 1833 1863 1973 1917; x_wconf 72' lang='grc' dir='ltr'>σοφίας,</span> <span class='ocrx_word' id='word_1_599' title='bbox 1997 1862 2060 1910; x_wconf 89' lang='grc' dir='ltr'>Μὴ</span> <span class='ocrx_word' id='word_1_600' title='bbox 2082 1863 2193 1901; x_wconf 87' lang='grc' dir='ltr'>τοίνυν</span> <span class='ocrx_word' id='word_1_601' title='bbox 2217 1863 2359 1908; x_wconf 82' lang='grc' dir='ltr'>ἐκείνοις</span> 
     </span>
     <span class='ocr_line' id='line_1_83' title="bbox 1330 1924 2356 1978; baseline -0.001 -15"><span class='ocrx_word' id='word_1_602' title='bbox 1330 1925 1564 1978; x_wconf 85' lang='grc' dir='ltr'>καταμέμφου</span> <span class='ocrx_word' id='word_1_603' title='bbox 1580 1940 1588 1948; x_wconf 89' lang='grc'><em>·</em></span> <span class='ocrx_word' id='word_1_604' title='bbox 1610 1924 1687 1964; x_wconf 78' lang='grc' dir='ltr'>οὐδὲ</span> <span class='ocrx_word' id='word_1_605' title='bbox 1704 1925 1772 1978; x_wconf 78' lang='grc' dir='ltr'>γὰρ</span> <span class='ocrx_word' id='word_1_606' title='bbox 1790 1924 1828 1962; x_wconf 82' lang='grc' dir='ltr'>ἂν</span> <span class='ocrx_word' id='word_1_607' title='bbox 1849 1924 1996 1977; x_wconf 78' lang='grc' dir='ltr'>ἴσχυσάν</span> <span class='ocrx_word' id='word_1_608' title='bbox 2011 1939 2096 1963; x_wconf 83' lang='grc' dir='ltr'>ποτε</span> <span class='ocrx_word' id='word_1_609' title='bbox 2115 1927 2227 1962; x_wconf 85' lang='grc' dir='ltr'>ταῦτα</span> <span class='ocrx_word' id='word_1_610' title='bbox 2246 1940 2356 1963; x_wconf 90' lang='grc' dir='ltr'>κατα-</span> 
     </span>
     <span class='ocr_line' id='line_1_84' title="bbox 1330 1980 2357 2039; baseline -0.001 -14"><span class='ocrx_word' id='word_1_611' title='bbox 1330 1987 1461 2035; x_wconf 72' lang='grc' dir='ltr'>λαὸεῖν,</span> <span class='ocrx_word' id='word_1_612' title='bbox 1479 1987 1500 2024; x_wconf 86' lang='grc' dir='ltr'>ἃ</span> <span class='ocrx_word' id='word_1_613' title='bbox 1516 1990 1578 2034; x_wconf 73' lang='grc' dir='ltr'>τῆς</span> <span class='ocrx_word' id='word_1_614' title='bbox 1597 1987 1727 2025; x_wconf 81' lang='grc' dir='ltr'>ἄνωθεν</span> <span class='ocrx_word' id='word_1_615' title='bbox 1745 1987 1854 2025; x_wconf 79' lang='grc' dir='ltr'>δεῖται</span> <span class='ocrx_word' id='word_1_616' title='bbox 1874 1986 2135 2039; x_wconf 80' lang='grc' dir='ltr'>ἀποκαλύψεως.</span> <span class='ocrx_word' id='word_1_617' title='bbox 2156 1985 2226 2024; x_wconf 72' lang='grc' dir='ltr'>Καὶ</span> <span class='ocrx_word' id='word_1_618' title='bbox 2255 1980 2331 2024; x_wconf 67' lang='grc' dir='ltr'>εἷπε</span> <span class='ocrx_word' id='word_1_619' title='bbox 2347 2017 2357 2034; x_wconf 82' lang='grc'>,</span> 
     </span>
     <span class='ocr_line' id='line_1_85' title="bbox 1331 2045 2358 2101; baseline 0 -15"><span class='ocrx_word' id='word_1_620' title='bbox 1331 2049 1447 2101; x_wconf 78' lang='grc' dir='ltr'>φησὶν,</span> <span class='ocrx_word' id='word_1_621' title='bbox 1467 2048 1619 2101; x_wconf 82' lang='grc' dir='ltr'>Ἰωσήφ·</span> <span class='ocrx_word' id='word_1_622' title='bbox 1641 2049 1682 2087; x_wconf 87' lang='grc' dir='ltr'>τὸ</span> <span class='ocrx_word' id='word_1_623' title='bbox 1712 2048 1869 2087; x_wconf 77' lang='grc' dir='ltr'>ἐνύπνιον</span> <span class='ocrx_word' id='word_1_624' title='bbox 1889 2046 2027 2099; x_wconf 83' lang='grc' dir='ltr'>Φαραὼ</span> <span class='ocrx_word' id='word_1_625' title='bbox 2047 2046 2083 2085; x_wconf 79' lang='grc' dir='ltr'>ἔν</span> <span class='ocrx_word' id='word_1_626' title='bbox 2105 2050 2191 2086; x_wconf 82' lang='grc' dir='ltr'>ἐστι.</span> <span class='ocrx_word' id='word_1_627' title='bbox 2210 2045 2290 2087; x_wconf 82' lang='grc' dir='ltr'>Ἵνα</span> <span class='ocrx_word' id='word_1_628' title='bbox 2323 2047 2358 2086; x_wconf 80' lang='grc' dir='ltr'>δὲ</span> 
     </span>
     <span class='ocr_line' id='line_1_86' title="bbox 1331 2108 2359 2163; baseline -0.002 -15"><span class='ocrx_word' id='word_1_629' title='bbox 1331 2109 1519 2163; x_wconf 84' lang='grc' dir='ltr'>πιστεύσῃς</span> <span class='ocrx_word' id='word_1_630' title='bbox 1549 2111 1602 2149; x_wconf 80' lang='grc' dir='ltr'>ὅτι</span> <span class='ocrx_word' id='word_1_631' title='bbox 1625 2112 1750 2157; x_wconf 81' lang='grc' dir='ltr'>ἀληθὲς</span> <span class='ocrx_word' id='word_1_632' title='bbox 1777 2110 1876 2147; x_wconf 84' lang='grc' dir='ltr'>ἔσται</span> <span class='ocrx_word' id='word_1_633' title='bbox 1907 2109 1949 2148; x_wconf 80' lang='grc' dir='ltr'>τὸ</span> <span class='ocrx_word' id='word_1_634' title='bbox 1978 2108 2075 2162; x_wconf 85' lang='grc' dir='ltr'>παρὰ</span> <span class='ocrx_word' id='word_1_635' title='bbox 2096 2112 2155 2146; x_wconf 92' lang='grc' dir='ltr'>τοῦ</span> <span class='ocrx_word' id='word_1_636' title='bbox 2182 2110 2274 2148; x_wconf 92' lang='grc' dir='ltr'>Θεοῦ</span> <span class='ocrx_word' id='word_1_637' title='bbox 2304 2124 2359 2147; x_wconf 92' lang='grc' dir='ltr'>σοι</span> 
     </span>
     <span class='ocr_line' id='line_1_87' title="bbox 1335 2170 2357 2224; baseline 0 -17"><span class='ocrx_word' id='word_1_638' title='bbox 1335 2171 1495 2222; x_wconf 80' lang='grc' dir='ltr'>μηνυθὲν,</span> <span class='ocrx_word' id='word_1_639' title='bbox 1523 2171 1678 2224; x_wconf 83' lang='grc' dir='ltr'>δεύτερον</span> <span class='ocrx_word' id='word_1_640' title='bbox 1704 2170 1875 2222; x_wconf 78' lang='grc' dir='ltr'>ἀνηνέχθη</span> <span class='ocrx_word' id='word_1_641' title='bbox 1898 2170 1937 2208; x_wconf 85' lang='grc' dir='ltr'>τὸ</span> <span class='ocrx_word' id='word_1_642' title='bbox 1966 2170 2048 2208; x_wconf 82' lang='grc' dir='ltr'>αὐτό</span> <span class='ocrx_word' id='word_1_643' title='bbox 2077 2186 2115 2208; x_wconf 85' lang='grc' dir='ltr'>σε</span> <span class='ocrx_word' id='word_1_644' title='bbox 2143 2171 2357 2218; x_wconf 83' lang='grc' dir='ltr'>θεάσασθαι,</span> 
     </span>
     <span class='ocr_line' id='line_1_88' title="bbox 1333 2231 2358 2285; baseline -0.001 -14"><span class='ocrx_word' id='word_1_645' title='bbox 1333 2233 1393 2272; x_wconf 81' lang='grc' dir='ltr'>καὶ</span> <span class='ocrx_word' id='word_1_646' title='bbox 1418 2233 1471 2271; x_wconf 78' lang='grc' dir='ltr'>ὅτι</span> <span class='ocrx_word' id='word_1_647' title='bbox 1498 2238 1639 2285; x_wconf 74' lang='grc' dir='ltr'>ταχυνεῖ</span> <span class='ocrx_word' id='word_1_648' title='bbox 1659 2236 1676 2270; x_wconf 81' lang='grc' dir='ltr'>ὁ</span> <span class='ocrx_word' id='word_1_649' title='bbox 1694 2231 1784 2275; x_wconf 80' lang='grc' dir='ltr'>Θεὸς</span> <span class='ocrx_word' id='word_1_650' title='bbox 1805 2236 1864 2270; x_wconf 88' lang='grc' dir='ltr'>τοῦ</span> <span class='ocrx_word' id='word_1_651' title='bbox 1897 2234 2041 2277; x_wconf 69' lang='grc' dir='ltr'>ποιῆσαι</span> <span class='ocrx_word' id='word_1_652' title='bbox 2068 2231 2161 2270; x_wconf 78' lang='grc' dir='ltr'>αὐτό.</span> <span class='ocrx_word' id='word_1_653' title='bbox 2179 2231 2224 2269; x_wconf 86' lang='lat' dir='ltr'>‘H</span> <span class='ocrx_word' id='word_1_654' title='bbox 2245 2232 2358 2270; x_wconf 75' lang='grc' dir='ltr'>δευτέ-</span> 
     </span>
     <span class='ocr_line' id='line_1_89' title="bbox 1335 2292 2359 2346; baseline -0.001 -14"><span class='ocrx_word' id='word_1_655' title='bbox 1335 2310 1457 2346; x_wconf 88' lang='grc' dir='ltr'>ρωσις,</span> <span class='ocrx_word' id='word_1_656' title='bbox 1474 2294 1580 2346; x_wconf 81' lang='grc' dir='ltr'>φησὶ,</span> <span class='ocrx_word' id='word_1_657' title='bbox 1603 2292 1791 2344; x_wconf 64' lang='grc' dir='ltr'>βεέἰαίωσίς</span> <span class='ocrx_word' id='word_1_658' title='bbox 1812 2294 1884 2331; x_wconf 80' lang='grc' dir='ltr'>ἐστι</span> <span class='ocrx_word' id='word_1_659' title='bbox 1900 2296 1968 2330; x_wconf 87' lang='grc' dir='ltr'>τῶν</span> <span class='ocrx_word' id='word_1_660' title='bbox 1986 2292 2174 2344; x_wconf 81' lang='grc' dir='ltr'>φανέντων,</span> <span class='ocrx_word' id='word_1_661' title='bbox 2189 2293 2248 2331; x_wconf 82' lang='grc' dir='ltr'>καὶ</span> <span class='ocrx_word' id='word_1_662' title='bbox 2263 2295 2359 2340; x_wconf 78' lang='grc' dir='ltr'>πλη-</span> 
     </span>
     <span class='ocr_line' id='line_1_90' title="bbox 1336 2353 2358 2408; baseline -0.001 -15"><span class='ocrx_word' id='word_1_663' title='bbox 1336 2355 1477 2408; x_wconf 68' lang='grc' dir='ltr'>ροφορία</span> <span class='ocrx_word' id='word_1_664' title='bbox 1513 2354 1566 2392; x_wconf 82' lang='grc' dir='ltr'>ὅτι</span> <span class='ocrx_word' id='word_1_665' title='bbox 1602 2354 1741 2397; x_wconf 86' lang='grc' dir='ltr'>πάντως</span> <span class='ocrx_word' id='word_1_666' title='bbox 1769 2358 1878 2392; x_wconf 89' lang='grc' dir='ltr'>ταῦτα</span> <span class='ocrx_word' id='word_1_667' title='bbox 1907 2353 2102 2404; x_wconf 72' lang='grc' dir='ltr'>γενήσεται.</span> <span class='ocrx_word' id='word_1_668' title='bbox 2133 2353 2203 2391; x_wconf 83' lang='grc' dir='ltr'>Καὶ</span> <span class='ocrx_word' id='word_1_669' title='bbox 2239 2353 2358 2401; x_wconf 79' lang='grc' dir='ltr'>ἐπειδὴ</span> 
     </span>
     <span class='ocr_line' id='line_1_91' title="bbox 1335 2414 2359 2469; baseline 0.001 -16"><span class='ocrx_word' id='word_1_670' title='bbox 1335 2416 1481 2469; x_wconf 82' lang='grc' dir='ltr'>διέκρινε</span> <span class='ocrx_word' id='word_1_671' title='bbox 1508 2415 1565 2453; x_wconf 83' lang='grc' dir='ltr'>τὸν</span> <span class='ocrx_word' id='word_1_672' title='bbox 1595 2414 1740 2467; x_wconf 82' lang='grc' dir='ltr'>ἀριθμὸν</span> <span class='ocrx_word' id='word_1_673' title='bbox 1767 2416 1835 2452; x_wconf 76' lang='grc' dir='ltr'>τῶν</span> <span class='ocrx_word' id='word_1_674' title='bbox 1857 2414 1945 2452; x_wconf 78' lang='grc' dir='ltr'>ἑπτὰ</span> <span class='ocrx_word' id='word_1_675' title='bbox 1976 2417 2064 2466; x_wconf 80' lang='grc' dir='ltr'>βοῶν</span> <span class='ocrx_word' id='word_1_676' title='bbox 2094 2414 2154 2452; x_wconf 74' lang='grc' dir='ltr'>καὶ</span> <span class='ocrx_word' id='word_1_677' title='bbox 2173 2418 2242 2453; x_wconf 83' lang='grc' dir='ltr'>τῶν</span> <span class='ocrx_word' id='word_1_678' title='bbox 2269 2415 2359 2454; x_wconf 81' lang='grc' dir='ltr'>ἑπτὰ</span> 
     </span>
     <span class='ocr_line' id='line_1_92' title="bbox 1335 2475 2360 2529; baseline 0 -15"><span class='ocrx_word' id='word_1_679' title='bbox 1335 2477 1510 2529; x_wconf 73' lang='grc' dir='ltr'>σταχύων,</span> <span class='ocrx_word' id='word_1_680' title='bbox 1530 2476 1635 2514; x_wconf 86' lang='grc' dir='ltr'>εἰπὼν</span> <span class='ocrx_word' id='word_1_681' title='bbox 1655 2475 1812 2522; x_wconf 81' lang='grc' dir='ltr'>εὐθηνίαν</span> <span class='ocrx_word' id='word_1_682' title='bbox 1834 2475 1989 2527; x_wconf 82' lang='grc' dir='ltr'>μεγάλην</span> <span class='ocrx_word' id='word_1_683' title='bbox 2010 2475 2164 2521; x_wconf 82' lang='grc' dir='ltr'>ἔσεσθαι,</span> <span class='ocrx_word' id='word_1_684' title='bbox 2189 2475 2248 2514; x_wconf 82' lang='grc' dir='ltr'>καὶ</span> <span class='ocrx_word' id='word_1_685' title='bbox 2275 2476 2360 2514; x_wconf 82' lang='grc' dir='ltr'>ταύ-</span> 
     </span>
     <span class='ocr_line' id='line_1_93' title="bbox 1333 2536 2359 2589; baseline 0 -14"><span class='ocrx_word' id='word_1_686' title='bbox 1333 2554 1394 2585; x_wconf 88' lang='grc' dir='ltr'>την</span> <span class='ocrx_word' id='word_1_687' title='bbox 1410 2538 1510 2589; x_wconf 80' lang='grc' dir='ltr'>λιμὸν</span> <span class='ocrx_word' id='word_1_688' title='bbox 1542 2537 1753 2582; x_wconf 77' lang='grc' dir='ltr'>διαδέξεσθαι</span> <span class='ocrx_word' id='word_1_689' title='bbox 1767 2537 1934 2589; x_wconf 73' lang='grc' dir='ltr'>χαλεπὸν,</span> <span class='ocrx_word' id='word_1_690' title='bbox 1949 2537 2068 2575; x_wconf 75' lang='grc' dir='ltr'>λοιπὸν</span> <span class='ocrx_word' id='word_1_691' title='bbox 2085 2536 2144 2575; x_wconf 75' lang='grc' dir='ltr'>καὶ</span> <span class='ocrx_word' id='word_1_692' title='bbox 2160 2536 2359 2588; x_wconf 66' lang='grc' dir='ltr'>συμὸουλὴν</span> 
     </span>
     <span class='ocr_line' id='line_1_94' title="bbox 1334 2597 2360 2651; baseline -0.001 -14"><span class='ocrx_word' id='word_1_693' title='bbox 1334 2601 1466 2651; x_wconf 75' lang='grc' dir='ltr'>εἰσάγει</span> <span class='ocrx_word' id='word_1_694' title='bbox 1486 2599 1645 2651; x_wconf 83' lang='grc' dir='ltr'>ἀρίστην,</span> <span class='ocrx_word' id='word_1_695' title='bbox 1672 2598 1732 2636; x_wconf 88' lang='grc' dir='ltr'>καί</span> <span class='ocrx_word' id='word_1_696' title='bbox 1762 2613 1866 2650; x_wconf 60' lang='grc' dir='ltr'>φησι·</span> <span class='ocrx_word' id='word_1_697' title='bbox 1902 2598 2132 2644; x_wconf 82' lang='grc' dir='ltr'>Κατάστησον</span> <span class='ocrx_word' id='word_1_698' title='bbox 2170 2597 2277 2649; x_wconf 85' lang='grc' dir='ltr'>ἄνδρα</span> <span class='ocrx_word' id='word_1_699' title='bbox 2301 2597 2360 2636; x_wconf 77' lang='grc' dir='ltr'>ἐπὶ</span> 
     </span>
     <span class='ocr_line' id='line_1_95' title="bbox 1334 2659 2360 2713; baseline 0 -15"><span class='ocrx_word' id='word_1_700' title='bbox 1334 2665 1396 2707; x_wconf 78' lang='grc' dir='ltr'>τῆς</span> <span class='ocrx_word' id='word_1_701' title='bbox 1410 2661 1584 2713; x_wconf 70' lang='grc' dir='ltr'>Αἰγύπτου</span> <span class='ocrx_word' id='word_1_702' title='bbox 1597 2692 1606 2709; x_wconf 91' lang='grc'>,</span> <span class='ocrx_word' id='word_1_703' title='bbox 1626 2661 1661 2704; x_wconf 83' lang='grc' dir='ltr'>ὃς</span> <span class='ocrx_word' id='word_1_704' title='bbox 1679 2660 1862 2706; x_wconf 75' lang='grc' dir='ltr'>δυνήσεται</span> <span class='ocrx_word' id='word_1_705' title='bbox 1879 2662 1947 2697; x_wconf 85' lang='grc' dir='ltr'>τῶν</span> <span class='ocrx_word' id='word_1_706' title='bbox 1963 2659 2052 2697; x_wconf 78' lang='grc' dir='ltr'>ἑπτὰ</span> <span class='ocrx_word' id='word_1_707' title='bbox 2076 2661 2160 2697; x_wconf 82' lang='grc' dir='ltr'>ἐτῶν</span> <span class='ocrx_word' id='word_1_708' title='bbox 2181 2663 2243 2706; x_wconf 67' lang='grc' dir='ltr'>τῆς</span> <span class='ocrx_word' id='word_1_709' title='bbox 2261 2662 2360 2707; x_wconf 79' lang='grc' dir='ltr'>εὐθη-</span> 
     </span>
     <span class='ocr_line' id='line_1_96' title="bbox 1334 2719 2359 2774; baseline -0.001 -15"><span class='ocrx_word' id='word_1_710' title='bbox 1334 2722 1406 2766; x_wconf 87' lang='grc' dir='ltr'>νίας</span> <span class='ocrx_word' id='word_1_711' title='bbox 1440 2722 1482 2760; x_wconf 79' lang='grc' dir='ltr'>τὰ</span> <span class='ocrx_word' id='word_1_712' title='bbox 1516 2722 1714 2774; x_wconf 84' lang='grc' dir='ltr'>γεννήματα</span> <span class='ocrx_word' id='word_1_713' title='bbox 1747 2721 1951 2774; x_wconf 85' lang='grc' dir='ltr'>συναγαγὼν</span> <span class='ocrx_word' id='word_1_714' title='bbox 1984 2719 2089 2764; x_wconf 81' lang='grc' dir='ltr'>οὕτως</span> <span class='ocrx_word' id='word_1_715' title='bbox 2121 2723 2359 2771; x_wconf 76' lang='grc' dir='ltr'>οἰκονομῆσαι,</span> 
     </span>
     <span class='ocr_line' id='line_1_97' title="bbox 1334 2781 2358 2835; baseline -0.001 -14"><span class='ocrx_word' id='word_1_716' title='bbox 1334 2787 1380 2827; x_wconf 84' lang='grc' dir='ltr'>ὡς</span> <span class='ocrx_word' id='word_1_717' title='bbox 1410 2785 1595 2830; x_wconf 69' lang='grc' dir='ltr'>δυνηθῆναι</span> <span class='ocrx_word' id='word_1_718' title='bbox 1627 2786 1660 2821; x_wconf 80' lang='grc' dir='ltr'>ἐν</span> <span class='ocrx_word' id='word_1_719' title='bbox 1691 2786 1741 2834; x_wconf 79' lang='grc' dir='ltr'>τῷ</span> <span class='ocrx_word' id='word_1_720' title='bbox 1774 2785 1886 2835; x_wconf 85' lang='grc' dir='ltr'>καιρῷ</span> <span class='ocrx_word' id='word_1_721' title='bbox 1911 2785 1970 2820; x_wconf 83' lang='grc' dir='ltr'>τοῦ</span> <span class='ocrx_word' id='word_1_722' title='bbox 2002 2783 2104 2832; x_wconf 86' lang='grc' dir='ltr'>λιμοῦ</span> <span class='ocrx_word' id='word_1_723' title='bbox 2136 2781 2358 2834; x_wconf 82' lang='grc' dir='ltr'>παραμυθίαν</span> 
     </span>
     <span class='ocr_line' id='line_1_98' title="bbox 1336 2842 2358 2896; baseline -0.002 -14"><span class='ocrx_word' id='word_1_724' title='bbox 1336 2844 1497 2896; x_wconf 76' lang='grc' dir='ltr'>εὑρέσθαι</span> <span class='ocrx_word' id='word_1_725' title='bbox 1513 2874 1522 2892; x_wconf 91' lang='grc'>,</span> <span class='ocrx_word' id='word_1_726' title='bbox 1556 2843 1615 2882; x_wconf 63' lang='grc' dir='ltr'>καὶ</span> <span class='ocrx_word' id='word_1_727' title='bbox 1636 2843 1684 2894; x_wconf 82' lang='grc' dir='ltr'>μὴ</span> <span class='ocrx_word' id='word_1_728' title='bbox 1712 2846 1866 2890; x_wconf 80' lang='grc' dir='ltr'>παντελῆ</span> <span class='ocrx_word' id='word_1_729' title='bbox 1893 2842 2050 2895; x_wconf 83' lang='grc' dir='ltr'>γενέσθαι</span> <span class='ocrx_word' id='word_1_730' title='bbox 2073 2842 2130 2880; x_wconf 79' lang='grc' dir='ltr'>τὸν</span> <span class='ocrx_word' id='word_1_731' title='bbox 2152 2843 2358 2895; x_wconf 70' lang='grc' dir='ltr'>ἀφανισμόν.</span> 
     </span>
     <span class='ocr_line' id='line_1_99' title="bbox 1336 2904 2358 2958; baseline -0.001 -14"><span class='ocrx_word' id='word_1_732' title='bbox 1336 2905 1466 2957; x_wconf 82' lang='grc' dir='ltr'>ἼΙρεσε</span> <span class='ocrx_word' id='word_1_733' title='bbox 1487 2910 1596 2943; x_wconf 83' lang='grc' dir='ltr'>ταῦτα</span> <span class='ocrx_word' id='word_1_734' title='bbox 1622 2908 1669 2958; x_wconf 83' lang='grc' dir='ltr'>τῷ</span> <span class='ocrx_word' id='word_1_735' title='bbox 1689 2904 1825 2957; x_wconf 76' lang='grc' dir='ltr'>Φαραὼ</span> <span class='ocrx_word' id='word_1_736' title='bbox 1840 2905 1898 2943; x_wconf 80' lang='grc' dir='ltr'>καὶ</span> <span class='ocrx_word' id='word_1_737' title='bbox 1918 2912 2004 2942; x_wconf 79' lang='grc' dir='ltr'>πᾶσι</span> <span class='ocrx_word' id='word_1_738' title='bbox 2020 2910 2089 2948; x_wconf 87' lang='grc' dir='ltr'>τοῖς</span> <span class='ocrx_word' id='word_1_739' title='bbox 2103 2904 2222 2942; x_wconf 79' lang='grc' dir='ltr'>παισὶν</span> <span class='ocrx_word' id='word_1_740' title='bbox 2243 2906 2358 2943; x_wconf 84' lang='grc' dir='ltr'>αὐτοῦ.</span> 
     </span>
     <span class='ocr_line' id='line_1_100' title="bbox 1337 2965 2358 3018; baseline -0.002 -13"><span class='ocrx_word' id='word_1_741' title='bbox 1337 2967 1408 3005; x_wconf 81' lang='grc' dir='ltr'>Καὶ</span> <span class='ocrx_word' id='word_1_742' title='bbox 1427 2967 1547 3006; x_wconf 75' lang='grc' dir='ltr'>λοιπὸν</span> <span class='ocrx_word' id='word_1_743' title='bbox 1579 2971 1742 3018; x_wconf 79' lang='grc' dir='ltr'>ὑπηρετεῖ</span> <span class='ocrx_word' id='word_1_744' title='bbox 1760 2969 1777 3003; x_wconf 80' lang='grc' dir='ltr'>ὁ</span> <span class='ocrx_word' id='word_1_745' title='bbox 1798 2965 1936 3018; x_wconf 83' lang='grc' dir='ltr'>(Ι)αραὼ</span> <span class='ocrx_word' id='word_1_746' title='bbox 1953 2969 1994 3018; x_wconf 77' lang='grc' dir='ltr'>τῇ</span> <span class='ocrx_word' id='word_1_747' title='bbox 2020 2965 2160 3004; x_wconf 67' lang='grc' dir='ltr'>ἐκὸάσει</span> <span class='ocrx_word' id='word_1_748' title='bbox 2180 2968 2248 3003; x_wconf 83' lang='grc' dir='ltr'>τῶν</span> <span class='ocrx_word' id='word_1_749' title='bbox 2270 2967 2358 3003; x_wconf 79' lang='grc' dir='ltr'>ὀνει-</span> 
     </span>
     <span class='ocr_line' id='line_1_101' title="bbox 1340 3022 2358 3081; baseline -0.001 -14"><span class='ocrx_word' id='word_1_750' title='bbox 1340 3028 1451 3081; x_wconf 77' lang='grc' dir='ltr'>ράτων</span> <span class='ocrx_word' id='word_1_751' title='bbox 1465 3033 1523 3066; x_wconf 87' lang='grc' dir='ltr'>τοῦ</span> <span class='ocrx_word' id='word_1_752' title='bbox 1540 3028 1683 3080; x_wconf 65' lang='grc' dir='ltr'>Ἰωσὴφ,</span> <span class='ocrx_word' id='word_1_753' title='bbox 1705 3022 1752 3066; x_wconf 67' lang='grc' dir='ltr'>ῶν</span> <span class='ocrx_word' id='word_1_754' title='bbox 1770 3028 1935 3066; x_wconf 71' lang='grc' dir='ltr'>ἐθεάσατο</span> <span class='ocrx_word' id='word_1_755' title='bbox 1951 3027 2055 3074; x_wconf 82' lang='grc' dir='ltr'>ἡνίκα</span> <span class='ocrx_word' id='word_1_756' title='bbox 2070 3027 2166 3079; x_wconf 83' lang='grc' dir='ltr'>παρὰ</span> <span class='ocrx_word' id='word_1_757' title='bbox 2181 3029 2230 3078; x_wconf 84' lang='grc' dir='ltr'>τῷ</span> <span class='ocrx_word' id='word_1_758' title='bbox 2253 3028 2358 3079; x_wconf 80' lang='grc' dir='ltr'>πατρὶ</span> 
     </span>
     <span class='ocr_line' id='line_1_102' title="bbox 1338 3087 2360 3142; baseline -0.001 -15"><span class='ocrx_word' id='word_1_759' title='bbox 1338 3090 1448 3140; x_wconf 76' lang='grc' dir='ltr'>διῆγε.</span> <span class='ocrx_word' id='word_1_760' title='bbox 1471 3090 1539 3127; x_wconf 77' lang='grc' dir='ltr'>Καὶ</span> <span class='ocrx_word' id='word_1_761' title='bbox 1557 3090 1657 3132; x_wconf 70' lang='grc' dir='ltr'>αὐτὸς</span> <span class='ocrx_word' id='word_1_762' title='bbox 1678 3089 1739 3139; x_wconf 74' lang='grc' dir='ltr'>μὲν</span> <span class='ocrx_word' id='word_1_763' title='bbox 1761 3089 1803 3127; x_wconf 75' lang='grc' dir='ltr'>τὰ</span> <span class='ocrx_word' id='word_1_764' title='bbox 1823 3089 1983 3142; x_wconf 81' lang='grc' dir='ltr'>ὀνείρατα</span> <span class='ocrx_word' id='word_1_765' title='bbox 2002 3093 2060 3126; x_wconf 85' lang='grc' dir='ltr'>τοῦ</span> <span class='ocrx_word' id='word_1_766' title='bbox 2080 3087 2218 3139; x_wconf 78' lang='grc' dir='ltr'>Φαραὼ</span> <span class='ocrx_word' id='word_1_767' title='bbox 2234 3089 2360 3141; x_wconf 75' lang='grc' dir='ltr'>διέκρι-</span> 
     </span>
     <span class='ocr_line' id='line_1_103' title="bbox 1336 3146 2356 3202; baseline 0 -14"><span class='ocrx_word' id='word_1_768' title='bbox 1336 3167 1410 3188; x_wconf 91' lang='grc' dir='ltr'>νεν·</span> <span class='ocrx_word' id='word_1_769' title='bbox 1439 3155 1456 3189; x_wconf 83' lang='grc' dir='ltr'>ὃ</span> <span class='ocrx_word' id='word_1_770' title='bbox 1483 3151 1517 3190; x_wconf 74' lang='grc' dir='ltr'>δὲ</span> <span class='ocrx_word' id='word_1_771' title='bbox 1544 3150 1681 3202; x_wconf 76' lang='grc' dir='ltr'>Φαραὼ</span> <span class='ocrx_word' id='word_1_772' title='bbox 1703 3153 1749 3195; x_wconf 82' lang='grc' dir='ltr'>εἷς</span> <span class='ocrx_word' id='word_1_773' title='bbox 1772 3150 1868 3194; x_wconf 82' lang='grc' dir='ltr'>τέλος</span> <span class='ocrx_word' id='word_1_774' title='bbox 1896 3146 1960 3202; x_wconf 67' lang='grc' dir='ltr'>ἦγε</span> <span class='ocrx_word' id='word_1_775' title='bbox 1990 3153 2057 3187; x_wconf 86' lang='grc' dir='ltr'>τῶν</span> <span class='ocrx_word' id='word_1_776' title='bbox 2090 3150 2275 3201; x_wconf 85' lang='grc' dir='ltr'>ὀνειράτων</span> <span class='ocrx_word' id='word_1_777' title='bbox 2294 3150 2356 3197; x_wconf 78' lang='grc' dir='ltr'>τὴν</span> 
     </span>
     <span class='ocr_line' id='line_1_104' title="bbox 1335 3206 2358 3264; baseline -0.001 -13"><span class='ocrx_word' id='word_1_778' title='bbox 1335 3212 1477 3252; x_wconf 70' lang='grc' dir='ltr'>ἔκὸασιν</span> <span class='ocrx_word' id='word_1_779' title='bbox 1504 3215 1648 3263; x_wconf 79' lang='grc' dir='ltr'>ἀγνοῶν.</span> <span class='ocrx_word' id='word_1_780' title='bbox 1677 3212 1840 3255; x_wconf 75' lang='grc' dir='ltr'>Ἀκούσας</span> <span class='ocrx_word' id='word_1_781' title='bbox 1867 3211 1934 3264; x_wconf 79' lang='grc' dir='ltr'>γὰρ</span> <span class='ocrx_word' id='word_1_782' title='bbox 1958 3214 2094 3257; x_wconf 79' lang='grc' dir='ltr'>ταῦτα,</span> <span class='ocrx_word' id='word_1_783' title='bbox 2122 3211 2238 3263; x_wconf 73' lang='grc' dir='ltr'>φησὶν,</span> <span class='ocrx_word' id='word_1_784' title='bbox 2267 3206 2358 3251; x_wconf 69' lang='grc' dir='ltr'>Εἶπε</span> 
     </span>
     <span class='ocr_line' id='line_1_105' title="bbox 1333 3273 2355 3325; baseline -0.002 -13"><span class='ocrx_word' id='word_1_785' title='bbox 1333 3281 1403 3319; x_wconf 84' lang='grc' dir='ltr'>τοῖς</span> <span class='ocrx_word' id='word_1_786' title='bbox 1419 3274 1538 3312; x_wconf 72' lang='grc' dir='ltr'>παισὶν</span> <span class='ocrx_word' id='word_1_787' title='bbox 1556 3277 1680 3314; x_wconf 79' lang='grc' dir='ltr'>αὐτοῦ·</span> <span class='ocrx_word' id='word_1_788' title='bbox 1707 3273 1755 3325; x_wconf 82' lang='grc' dir='ltr'>μὴ</span> <span class='ocrx_word' id='word_1_789' title='bbox 1775 3273 1967 3325; x_wconf 74' lang='grc' dir='ltr'>εὑρήσομεν</span> <span class='ocrx_word' id='word_1_790' title='bbox 1992 3274 2170 3325; x_wconf 82' lang='grc' dir='ltr'>ἄνθρωπον</span> <span class='ocrx_word' id='word_1_791' title='bbox 2190 3279 2355 3321; x_wconf 90' lang='grc' dir='ltr'>τοιοῦτον,</span> 
     </span>
     <span class='ocr_line' id='line_1_106' title="bbox 1331 3335 1921 3387; baseline -0.003 -14"><span class='ocrx_word' id='word_1_792' title='bbox 1331 3335 1366 3379; x_wconf 79' lang='grc' dir='ltr'>ὃς</span> <span class='ocrx_word' id='word_1_793' title='bbox 1378 3336 1452 3387; x_wconf 75' lang='grc' dir='ltr'>ἔχει</span> <span class='ocrx_word' id='word_1_794' title='bbox 1467 3339 1604 3385; x_wconf 81' lang='grc' dir='ltr'>πνεῦμα</span> <span class='ocrx_word' id='word_1_795' title='bbox 1621 3338 1712 3374; x_wconf 83' lang='grc' dir='ltr'>Θεοῦ</span> <span class='ocrx_word' id='word_1_796' title='bbox 1733 3337 1766 3373; x_wconf 79' lang='grc' dir='ltr'>ἐν</span> <span class='ocrx_word' id='word_1_797' title='bbox 1789 3337 1921 3386; x_wconf 70' lang='grc' dir='ltr'>ἑαυτῷ,</span> 
     </span>
    </p>

    <p class='ocr_par' dir='ltr' id='par_1_8' title="bbox 1387 3391 2354 3448">
     <span class='ocr_line' id='line_1_107' title="bbox 1387 3391 2354 3448; baseline -0.003 -13"><span class='ocrx_word' id='word_1_798' title='bbox 1387 3391 1485 3440; x_wconf 66' lang='grc' dir='ltr'>Εἶδες</span> <span class='ocrx_word' id='word_1_799' title='bbox 1506 3400 1578 3439; x_wconf 84' lang='grc' dir='ltr'>πῶς</span> <span class='ocrx_word' id='word_1_800' title='bbox 1600 3398 1686 3448; x_wconf 83' lang='grc' dir='ltr'>ἔγνω</span> <span class='ocrx_word' id='word_1_801' title='bbox 1707 3395 1764 3434; x_wconf 79' lang='grc' dir='ltr'>καὶ</span> <span class='ocrx_word' id='word_1_802' title='bbox 1785 3396 1885 3438; x_wconf 80' lang='grc' dir='ltr'>αὐτὸς</span> <span class='ocrx_word' id='word_1_803' title='bbox 1907 3394 1958 3433; x_wconf 68' lang='grc' dir='ltr'>ὅτι</span> <span class='ocrx_word' id='word_1_804' title='bbox 1977 3397 2014 3433; x_wconf 78' lang='grc' dir='ltr'>ἐκ</span> <span class='ocrx_word' id='word_1_805' title='bbox 2033 3398 2094 3441; x_wconf 74' lang='grc' dir='ltr'>τῆς</span> <span class='ocrx_word' id='word_1_806' title='bbox 2113 3395 2242 3433; x_wconf 77' lang='grc' dir='ltr'>ἄνωθεν</span> <span class='ocrx_word' id='word_1_807' title='bbox 2269 3398 2354 3433; x_wconf 82' lang='grc' dir='ltr'>ἀπο-</span> 
     </span>
    </p>
   </div>
  </div>
 </body>
</html>
