2516 3791
178 1233 255 1258 Solet
291 1230 379 1274 Deus⁸

179 1275 336 1299 adnmncre

178 1321 331 1350 antequam

179 1357 292 1391 puniat.

180 1475 252 1503 Cen.
272 1474 300 1502 6.
321 1474 349 1503 5.

180 1779 342 1816 1²11‹l.v.7.

189 2524 263 2548 Gen.
280 2521 305 2547 [5.
326 2528 370 2550 11,

187 2563 264 2589 ΙΙΗᾺ,
282 2574 307 2590 v.
323 2572 359 2591 22

186 2603 236 2631 2¹¹.

384 158 476 216 543

379 255 549 293 nitatem:
570 251 873 304 quemadmodum
896 249 1054 288 medicus
1072 248 1188 284 bonus
1208 244 1332 282 videns

379 315 546 354 morbum
561 313 697 365 augeri,
720 321 754 350 et
772 313 873 349 ulcus
892 308 1087 347 incurabile
1102 305 1194 353 fieri,
1213 304 1333 342 statim

379 376 531 414 sectione
550 375 676 421 utitur,
693 382 731 410 ut
747 384 888 409 omnem
908 368 1024 406 morbi
1051 379 1194 405 causam
1220 364 1331 402 tollat.

378 438 417 476 6.
450 438 504 473 Et
536 436 650 479 dixit,
687 431 824 481 inquit,
846 431 1038 467 Dominus
1065 428 1172 465 Deus
1197 442 1206 462 .·
1230 427 1333 463 Ecce

377 510 497 548 genus
519 507 639 532 unum
665 501 699 529 et
721 492 867 528 labium
898 502 1018 527 unum
1037 489 1210 525 omnium
1233 502 1242 523 :
1264 486 1333 523 hoc

380 566 444 605 est,
467 569 539 593 vox
560 568 630 591 una
657 562 691 591 et
715 552 839 603 lingua
861 565 943 589 una.
966 551 1021 587 Et
1046 550 1119 586 hoc
1139 555 1332 600 coeperunt

369 616 522 665 facere,
545 621 581 649 et
603 625 705 649 nunc
726 624 804 647 non
817 611 1020 648 cessabunt
1035 609 1145 645 abiis
1164 620 1249 659 quoe
1268 607 1331 643 de-

379 682 579 711 creverunt
584 674 737 725 jacere.

431 736 468 772 4.
490 733 642 772 Attende
666 731 810 770 Domini
828 729 1123 768 misericordiam.
1150 727 1330 775 Quoniam

379 804 524 833 conatus
539 793 778 847 impediturus
798 801 885 838 erat,
906 791 1063 843 primum
1083 789 1331 842 purgationem

380 857 446 894 sibi
470 865 582 908 parat,
597 864 632 893 et
651 854 749 905 quasi
778 852 930 891 ostendit
954 851 1090 904 peccati
1108 865 1232 889 eorum
1256 865 1330 888 ma-

379 917 618 968 gnitudinem,
647 925 680 953 et
705 913 942 966 improbitatis
979 925 1178 959 excessum,
1218 910 1331 962 ipsos-

378 992 448 1028 que
484 977 612 1014 abusos
641 989 713 1013 esse
733 975 865 1025 linguae
896 981 929 1010 et
962 972 1059 1010 vocis
1092 970 1330 1008 consonantia.

383 1040 483 1076 Ecce
515 1037 624 1083 enim,
656 1035 786 1085 inquit,
828 1047 947 1085 genus
975 1045 1094 1069 unum
1113 1039 1149 1068 et
1184 1031 1332 1067 labium

381 1113 499 1136 mium
531 1099 713 1135 omnium.
737 1097 788 1133 Et
810 1096 880 1132 hoc
912 1101 1105 1145 coeperunt
1125 1093 1272 1142 facere,
1295 1100 1331 1129 et

382 1173 482 1196 nunc
505 1172 582 1196 non
595 1158 799 1195 cessabunt
829 1157 879 1192 ab
899 1157 946 1192 iis
973 1167 1057 1205 quoe
1080 1154 1331 1190 decreverunt

382 1222 524 1270 facere.
545 1219 614 1256 Hic
627 1218 721 1256 enim
732 1216 797 1254 Dei
809 1230 885 1254 mos
896 1223 958 1261 est,
972 1223 1012 1251 ut
1024 1213 1215 1266 puniturus
1232 1213 1330 1265 prius
1343 1251 1389 1275 299

381 1280 511 1318 indicet
526 1294 634 1331 quam
652 1291 779 1329 magna
800 1277 870 1315 sint
899 1284 1054 1328 peccata,
1075 1284 1109 1312 et
1137 1274 1251 1312 veluti
1270 1273 1329 1311 (le-
1355 1287 1380 1316 Α

380 1341 571 1379 sensionem
602 1340 759 1390 aliquam
782 1338 850 1376 sihi
879 1346 997 1390 paret,
1016 1350 1057 1373 ae
1086 1344 1170 1373 tunc
1192 1334 1330 1373 tandem

381 1402 560 1454 corripiat.
582 1403 673 1439 Nam
698 1410 856 1452 tempore
884 1397 1028 1445 diluvii,
1050 1410 1131 1433 cum
1156 1395 1333 1433 terribiles

379 1465 460 1502 illas
478 1465 594 1502 minas
613 1463 812 1509 intentaret,
833 1459 922 1497 dicit
951 1458 1136 1510 Scriptura
1155 1472 1162 1492 τ
1190 1459 1239 1495 Ut
1259 1470 1330 1494 ιιιι-

380 1535 453 1564 tem
475 1527 576 1563 vidit
593 1526 713 1569 Deus,
730 1523 834 1575 quod
859 1521 1127 1571 multiplicata:
1142 1527 1231 1557 sunt
1251 1532 1333 1556 ma-

379 1589 473 1624 litioe
507 1588 719 1633 hominnm,
756 1592 793 1621 et
823 1584 1085 1634 unusquisque
1124 1583 1268 1632 cogitat
1292 1582 1334 1616 in

378 1649 492 1686 corde
519 1660 587 1684 suo
621 1646 827 1696 diligenter
859 1646 901 1679 in
932 1642 1040 1679 mala
1072 1655 1098 1679 a
1110 1643 1328 1693 juventute.

379 1707 515 1746 Vidisti
533 1704 712 1757 quomodo
730 1704 830 1756 prius
858 1702 1070 1740 monstravit
1097 1701 1243 1739 malitiae
1267 1715 1331 1739 eo-

382 1784 462 1807 rum
494 1765 792 1819 magnitudinem,
820 1774 853 1802 et
885 1772 1007 1817 postea
1041 1762 1160 1800 dicit:
1185 1763 1331 1800 Delebo

380 1833 574 1869 hominem
596 1834 612 1866 Ρ
640 1829 693 1866 Ita
710 1837 743 1865 et
763 1840 857 1864 nunc
876 1842 886 1861 :
910 1827 1012 1863 Ecce
1025 1837 1144 1876 genus
1161 1838 1280 1861 unum
1296 1832 1332 1861 et

382 1894 526 1930 labium
558 1905 677 1929 unum
704 1891 889 1936 omnium,
906 1895 943 1924 et
963 1888 1034 1924 hoc
1053 1893 1246 1937 coeperunt
1266 1885 1332 1936 fa-

381 1969 476 1992 cere.
496 1953 626 1992 Sicum
647 1960 744 1989 tanta
761 1948 960 1996 concordia,
975 1956 1009 1985 et
1031 1947 1163 1998 linguae
1197 1946 1333 1983 unitate

380 2016 416 2053 in
437 2023 569 2053 tantam
581 2013 783 2051 inciderunt
799 2010 973 2048 insaniam
990 2024 996 2045 :
1011 2009 1073 2045 ubi
1090 2017 1230 2059 tempus
1250 2020 1332 2059 pro—

381 2076 545 2123 cesserit,
576 2072 753 2124 quomodo
775 2085 844 2109 non
877 2069 1051 2108 deteriora
1080 2067 1331 2106 attentabunt?

384 2138 473 2175 Non
499 2136 703 2173 cessabunt
722 2131 816 2169 enim
840 2133 889 2168 ab
915 2133 1064 2181 iisquoe
1085 2130 1334 2166 decreverunt

821 170 858 199 S.

1355 1947 1378 1977 B

371 2200 512 2250 facere
531 2212 540 2231 .-
557 2194 648 2232 nihil
670 2206 792 2230 eorum
814 2191 988 2242 impetum
1011 2198 1044 2226 et
1073 2188 1237 2225 ardorem
1254 2201 1333 2225 mo-

384 2257 453 2295 rari
476 2255 616 2308 poterit,
631 2253 692 2291 sed
715 2251 833 2290 omnia
861 2265 939 2301 quae
971 2257 1169 2287 statuerunt
1202 2262 1334 2296 secum,

384 2317 577 2356 studebunt
592 2314 773 2368 perficere,
793 2312 829 2349 ni
846 2311 965 2349 statim
979 2324 1043 2361 pro
1063 2308 1242 2347 attentatis
1261 2322 1334 2361 poe-

385 2395 465 2417 nam
485 2380 596 2416 luant.
618 2376 657 2414 Id
679 2388 820 2426 quoque
835 2371 990 2410 inveniet
1000 2370 1133 2421 aliquis
1149 2380 1180 2408 et
1197 2369 1241 2407 de
1255 2383 1334 2421 pro-

386 2441 536 2493 toplasto
550 2439 683 2475 factum
702 2449 787 2473 esse.
805 2433 992 2485 Ejecturus
1010 2433 1103 2469 enim
1115 2431 1219 2468 illum
1239 2432 1336 2468 Deus

387 2519 404 2540 a
420 2499 578 2554 paradisi
599 2497 767 2543 incolatu,
791 2495 856 2542 ait,
877 2496 970 2544 Quis
990 2495 1243 2530 annuntiavit
1267 2494 1336 2529 tibi

387 2564 491 2617 quod
521 2561 644 2599 nudus
663 2571 761 2596 esses
777 2561 793 2594 ‚³
823 2555 870 2594 Et
895 2555 1025 2592 iterum
1046 2569 1052 2589 :
1071 2555 1175 2591 Ecce
1200 2552 1336 2590 Adam

375 2629 515 2680 sactus
535 2631 590 2660 est
607 2622 720 2673 quasi
734 2631 834 2656 unus
853 2631 899 2654 ex
927 2617 1034 2652 nohis
1053 2629 1063 2650 .-
1083 2622 1124 2651 ut
1139 2616 1239 2652 sciat
1268 2615 1333 2650 bo-

388 2702 477 2725 nnm
494 2694 529 2723 et
553 2684 711 2722 malum.
739 2682 791 2718 Et
827 2691 928 2723 nunc
950 2691 996 2714 ne
1028 2677 1132 2728 forte
1152 2676 1337 2713 extendat

387 2761 546 2786 manum
565 2758 689 2787 suam,
716 2750 752 2779 et
773 2741 939 2791 accipiat
963 2738 1009 2775 cle
1033 2737 1138 2788 ligno
1153 2738 1261 2781 vitoe,
1301 2744 1336 2772 et

387 2809 576 2854 comedat,
595 2815 630 2844 et
651 2806 764 2842 vivat
797 2804 838 2838 in
855 2799 1049 2838 saeculum.
1076 2799 1129 2835 Et
1143 2798 1269 2835 emisit
1288 2797 1335 2834 il-

389 2872 469 2908 Inm
493 2870 682 2909 Dominus
713 2865 760 2901 de
787 2861 988 2914 paradiso.
1010 2857 1130 2896 Etiam
1156 2870 1250 2894 nunc
1283 2856 1335 2894 in-

388 2932 463 2982 quit
495 2946 504 2966 .·
540 2930 641 2967 Ecce
679 2937 798 2977 genus
832 2935 951 2959 unum
979 2929 1015 2958 et
1041 2920 1188 2957 labium
1215 2931 1335 2956 unum

389 2994 575 3035 omnium,
607 2997 643 3025 et
675 2988 746 3024 hoc
775 2990 964 3034 coeperunt
992 2982 1127 3033 facere
1149 2987 1209 3016 :et
1233 2991 1333 3016 nunc

392 3068 468 3090 non
501 3051 703 3089 cessabunt
740 3047 788 3083 ab
814 3047 860 3082 iis
887 3057 970 3095 quae
996 3043 1244 3080 decreverunt
1261 3041 1334 3092 fa-

391 3129 485 3153 care.
521 3115 557 3149 7.
595 3112 742 3157 Venite,
791 3114 827 3144 et
861 3104 1131 3142 descendentes
1170 3102 1335 3154 consun-

389 3179 526 3214 damus
561 3173 716 3210 illorum
744 3169 910 3219 lingum,
941 3173 982 3203 ut
999 3179 1046 3203 ne
1062 3165 1198 3202 audiat
1219 3176 1334 3201 unus-

389 3240 547 3288 quisque
569 3246 702 3271 vocem
730 3230 909 3281 proximi.
941 3224 1034 3264 Vide
1063 3224 1191 3263 iterum
1210 3223 1335 3262 verbo-

391 3313 467 3335 rum
489 3302 752 3346 intemperatam
781 3289 962 3327 rationem.
983 3288 1128 3331 Venite,
1149 3285 1278 3336 inquit,
1300 3294 1334 3323 et

388 3357 669 3398 descendentes,
700 3351 798 3399 Quid
838 3349 960 3388 solunt
1000 3346 1065 3385 sibi
1100 3347 1203 3386 verba
1225 3346 1334 3385 haec?

1362 3294 1384 3324 D

897 167 1083 199 ,lOANNis
1119 164 1360 196 CHRYSOST.
1394 162 1601 192 ARCfflEP.
1640 160 1995 192 CONSTANTINOP-

1405 242 1512 285 Θεός·
1533 241 1604 281 ἷδοὺ
1624 242 1720 293 γένος
1748 242 1782 280 ἓν
1803 243 1860 281 καὶ
1882 245 1998 294 χεῖλος
2017 243 2051 281 ἓν
2073 243 2231 281 πάντων·
2254 244 2330 281 ἀντὶ
2345 249 2423 292 τοῦ,

1405 301 1502 354 φωνὴ
1524 302 1589 353 μία
1607 302 1666 340 καὶ
1692 304 1834 354 γλῶσσα
1863 303 1938 353 μία.
1958 304 2028 341 Καὶ
2044 308 2144 341 τοῦτο
2161 302 2308 354 ἤρξαντο
2326 306 2426 349 ποιῆ-

1405 378 1482 408 σαι,
1508 363 1567 400 καὶ
1582 366 1642 400 ν’ῦν
1661 364 1723 401 οὐκ
1740 363 1892 415 ἐκλείψει
1917 366 1977 402 ἀπ’
2009 366 2121 402 αὐτῶν
2139 363 2271 412 πάντα,
2289 365 2353 402 ὅσα
2385 363 2424 401 ἂν

1405 424 1594 462 ἐπιθῶνται
1614 429 1735 462 ποιεῖν.

1456 720 1553 774 (Όρα
1572 722 1750 761 Δεσπότου
1770 723 2043 777 φιλανθρωπίαν.
2065 724 2209 771 Ἐπειδὴ
2232 724 2351 775 μέλλει
2365 726 2428 772 τὴν

1403 782 1515 834 ὁρμὴν
1547 785 1660 821 αὐτῶν
1692 783 1886 832 ἐκκόπτειν,
1916 784 2105 835 ἀπολογίαν
2125 785 2292 837 πρότερον
2314 785 2427 824 συντί-

1404 847 1483 890 θησι
1494 874 1504 890 ,
1520 844 1579 881 καὶ
1595 845 1776 895 μονονουχὶ
1796 844 1966 883 δείκνυσιν
1983 847 2096 883 αὐτῶν
2116 849 2178 892 τῆς
2197 845 2372 897 ἁμαρτίας
2389 847 2429 884 τὸ

1404 903 1559 954 μέγεθος,
1573 905 1633 942 καὶ
1650 908 1712 950 τῆς
1730 905 1979 956 ἀγνωμοσύνης
1993 906 2056 953 τὴν
2070 905 2280 957 ὑπερῦολὴν,
2300 907 2360 943 καὶ
2375 908 2428 945 ὅτι

1403 967 1446 1015 τῇ
1463 965 1647 1016 συμφωνίᾳ
1663 966 1726 1003 οὐκ
1746 968 1794 1008 εἷς
1813 966 1886 1004 δέον
1903 967 2110 1017 ἐχρήσαντο.
2121 967 2210 1005 Ἰδοὺ
2223 967 2291 1018 γὰρ
2304 997 2313 1015 ,
2330 968 2430 1019 φησὶ,

1403 1023 1498 1075 γένος
1513 1024 1548 1062 ἓν
1559 1025 1617 1062 καὶ
1633 1026 1746 1076 χεῖλος
1758 1025 1792 1062 ἓν
1805 1026 1956 1064 πάντων.
1970 1027 2038 1064 Καὶ
2052 1031 2153 1065 τοῦτο
2168 1027 2316 1079 ἤρξαντο
2329 1031 2430 1074 ποιῆ-

1404 1100 1464 1122 σαι
1476 1114 1485 1131 ,
1506 1085 1566 1122 καὶ
1588 1090 1646 1123 νῦν
1664 1086 1816 1136 ἐκλείψει
1841 1088 1901 1124 ἀπ’
1922 1088 2034 1124 αὐτῶν
2055 1087 2191 1134 πάντα,
2210 1088 2274 1125 ὅσα
2293 1087 2334 1124 ἂν
2350 1090 2429 1126 ἐπι-

1404 1148 1531 1183 θῶνται
1545 1147 1786 1184 ποιεῖν.Τοῧτο
1800 1146 1866 1198 γὰρ
1883 1147 1955 1189 ἔθος
1968 1149 2075 1199 αὐτῷ,
2093 1148 2233 1186 ἐπειδὰν
2251 1149 2362 1201 μέλλῃ
2379 1166 2430 1187 τι·

1405 1206 1540 1259 μωρίαν
1557 1207 1711 1258 ἐπάγειν,
1727 1207 1892 1260 πρότερον
1905 1208 2156 1247 δεικνύναιτῶν
2170 1210 2429 1262 ἡμαρτημένων

1403 1267 1442 1305 τὸ
1457 1268 1610 1320 μέγεθος,
1624 1269 1682 1306 καὶ
1696 1267 1816 1322 ὥσπερ
1829 1269 2018 1320 ἀπολογίαν
2039 1270 2116 1308 τινὰ
2134 1272 2350 1318 συντιθέναι,
2371 1272 2430 1309 καὶ

1404 1329 1480 1368 τότε
1504 1334 1678 1368 ποιεῖσθαι
1694 1329 1757 1377 τὴν
1778 1329 1971 1382 διόρθωσιν.
1991 1332 2062 1370 Καὶ
2077 1332 2143 1385 γὰρ
2163 1333 2220 1370 ἐπὶ
2239 1337 2298 1371 τοῦ
2320 1349 2429 1371 κατα-

1404 1392 1559 1442 κλυσμοῦ
1578 1421 1587 1438 ,
1604 1390 1708 1436 ἡνίκα
1726 1390 1862 1441 ἤμελλε
1882 1391 1944 1438 τὴν
1960 1391 2108 1439 ἀπειλὴν
2130 1393 2264 1439 ἐκείνην
2286 1393 2348 1440 τὴν
2371 1410 2430 1445 φο-

1407 1451 1511 1504 ὅερὰν
1529 1456 1721 1498 ποιεῖσθαι,
1742 1452 1844 1503 φησιν
1873 1455 1894 1498 ἡ
1930 1453 2050 1505 Γραφή
2068 1469 2075 1476 ·
2094 1453 2192 1492 Ἰδὼν
2213 1453 2248 1492 δὲ
2271 1455 2394 1506 Κύριος
2413 1459 2431 1493 ὃ

1405 1514 1493 1556 Θεὸς
1513 1513 1564 1551 ὅτι
1581 1513 1850 1560 ἐπληθύνθησαν
1864 1517 1899 1551 αἱ
1916 1513 2038 1552 κακίαι
2056 1518 2125 1553 τῶν
2147 1515 2351 1567 ἀνθρώπων,
2371 1517 2431 1554 καὶ

1404 1581 1472 1618 πᾶς
1482 1590 1533 1617 τις
1551 1575 1737 1612 διανοεῖται
1753 1577 1787 1612 ἐν
1803 1578 1845 1625 τῇ
1862 1575 1988 1627 καρδίᾳ
2004 1576 2108 1614 αὐτοῦ
2123 1577 2298 1626 ἐπιμελῶς
2312 1577 2369 1614 ἐπὶ
2386 1577 2431 1616 τὰ

1404 1635 1541 1689 πονηρὰ
1561 1637 1601 1674 ἐκ
1633 1636 1804 1683 νεότητος.
1836 1629 1937 1678 Εἶδες
1955 1640 2029 1680 πῶς
2047 1637 2213 1689 πρότερον
2240 1637 2345 1682 ἔδειξε
2368 1642 2429 1685 τῆς

1405 1696 1530 1740 κακίας
1555 1699 1667 1735 αὐτῶν
1698 1696 1760 1743 τὴν
1785 1697 1996 1748 ὑπερὸολὴν,
2017 1698 2077 1735 καὶ
2096 1698 2174 1736 τότε
2190 1699 2307 1751 φησὶν,
2326 1699 2430 1737 Ἀπα-

1404 1756 1514 1808 λείψω
1529 1757 1588 1795 τὸν
1604 1757 1782 1810 ἄνθρωπον
1795 1774 1804 1804 ;
1818 1756 1922 1794 Οὕτω
1937 1758 1996 1795 καὶ
2011 1762 2068 1796 νῦν
2085 1774 2093 1781 ·
2108 1759 2198 1797 Ἰδοὺ
2212 1760 2307 1810 γένος
2320 1759 2355 1796 ἓν
2371 1760 2430 1797 καὶ

1404 1820 1519 1871 χεῖλος
1553 1818 1587 1856 ἓν
1619 1819 1772 1865 πάντων,
1810 1819 1869 1857 καὶ
1890 1825 1990 1858 τοῦτο
2010 1819 2159 1872 ’ἤρξαντο
2196 1825 2353 1868 ποιῆσαι.
2383 1824 2428 1861 Εἰ

1404 1880 1564 1931 ὁμονοίας
1584 1880 1755 1927 τοσαύτης
1786 1881 2020 1926 ἀπολαύοντες
2050 1882 2108 1919 καὶ
2128 1882 2326 1935 ὁμοφωνίας
2344 1884 2429 1935 πρὸς

1403 1941 1575 1988 τοσαύτην
1610 1940 1796 1985 ἐξώκειλαν
1821 1941 1962 1992 μανίαν,
1992 1945 2052 1979 τοῦ
2089 1943 2213 1995 χρόνου
2251 1943 2430 1996 προϊόντος

1404 2005 1478 2046 πῶς
1505 2002 1583 2054 οὐχὶ
1601 2002 1743 2054 χείρονα
1764 2002 2033 2054 διαπράξονται;
2061 2004 2137 2041 Οὔκ
2163 2003 2317 2056 ἐκλείψει
2336 2004 2405 2057 γὰρ
2420 2035 2429 2051 ,

1404 2063 1521 2115 φησὶν,
1545 2065 1604 2101 ἀπ’
1631 2066 1742 2101 αὐτῶν
1773 2063 1911 2109 πάντα,
1930 2063 1995 2102 ὅσα
2024 2064 2063 2101 ἂν
2085 2065 2273 2102 ἐπιθῶνται
2303 2070 2429 2103 ποιεῖν.

1404 2123 1516 2162 Οὐδὲν
1553 2126 1664 2162 αὐτῶν
1686 2123 1748 2170 τὴν
1782 2123 1893 2176 ὁρμὴν
1923 2127 2079 2176 ἐπισχεῖν
2108 2125 2317 2173 δυνήσεται,
2341 2125 2431 2163 ἀλλὰ

1405 2184 1521 2223 πάντα
1540 2184 1584 2222 τὰ
1602 2185 1827 2236 βουλευθέντα
1843 2187 1957 2228 αὐτοῖς
1983 2188 2029 2229 εἷς
2048 2186 2146 2237 ἔργον
2168 2189 2310 2237 ἀγαγεῖν
2326 2202 2432 2225 σπου-

1406 2245 1581 2292 δοίσουσιν,
1601 2248 1630 2283 εἰ
1657 2245 1706 2296 μὴ
1738 2246 1872 2298 ταχέως
1897 2246 1984 2298 ὑπὲρ
2002 2250 2070 2285 τῶν
2098 2247 2165 2293 ἤδη
2188 2247 2429 2297 τολμηθέντο)ν

1406 2306 1505 2352 ’δίκην
1539 2305 1700 2344 δώσουσι.
1718 2307 1770 2345 Τὸ
1792 2307 1874 2345 αὐτὸ
1901 2307 1960 2345 καὶ
1991 2308 2050 2345 ἐπὶ
2073 2311 2133 2346 τοῦ
2156 2307 2432 2359 πρωτοπλᾶστου

1405 2368 1544 2418 γεγονὸς
1575 2367 1714 2420 εὑρήσει
1742 2384 1805 2411 τις.
1842 2369 1912 2406 Καὶ
1940 2368 2008 2421 γὰρ
2029 2369 2123 2416 ἐκεῖ,
2155 2367 2259 2414 ἡνίκα
2278 2367 2430 2418 ἤμελλεν

1407 2428 1589 2466 ἐκὸαλλειν
1605 2432 1666 2474 τῆς
1686 2430 1720 2466 ἐν
1737 2431 1786 2480 τῷ
1805 2429 2008 2482 παραδείσῳ
2029 2430 2225 2480 διαγωγῆς,
2242 2428 2345 2480 φησί·
2365 2429 2430 2472 Τίς

1409 2489 1590 2540 ἀνήγγειλέ
1611 2505 1683 2537 σοι,
1709 2489 1761 2526 ὅτι
1786 2490 1914 2540 γυμνὸς
1930 2483 1975 2537 εἷς
1996 2490 2065 2528 Καὶ
2085 2490 2208 2528 πάλιν·
2225 2489 2314 2528 Ἰδοὺ
2329 2490 2431 2542 γέγο-

1408 2566 1462 2587 νεν
1478 2551 1588 2601 Ἀδὰμ
1609 2553 1655 2593 ὡς
1685 2545 1731 2593 εἷς
1766 2550 1799 2595 ἐξ
1818 2554 1932 2601 ἡμῶν,
1952 2555 2012 2588 τοῦ
2031 2550 2213 2601 γινώσκειν
2236 2551 2342 2589 καλὸν
2368 2550 2427 2588 καὶ

1408 2611 1569 2664 πονηρόν.
1594 2612 1662 2650 Καὶ
1692 2617 1748 2650 νῦν
1771 2612 1908 2663 μήποτε
1935 2611 2069 2663 ἐκτείνῃ
2089 2611 2151 2658 τὴν
2181 2617 2282 2664 χεῖρα
2302 2613 2428 2655 αὐτοῦ,

1407 2674 1466 2711 καὶ
1498 2673 1590 2724 λάέῃ
1613 2673 1682 2710 ἀπὸ
1704 2676 1761 2710 τοῦ
1795 2671 1893 2716 ξύλου
1919 2674 1981 2717 τῆς
2005 2674 2112 2719 ζωῆς,
2145 2672 2204 2709 καὶ
2230 2671 2346 2724 φάγῃ,
2369 2673 2428 2711 καὶ

1408 2734 1552 2780 ζήσεται
1572 2736 1619 2777 εἷς
1638 2733 1696 2772 τὸν
1717 2735 1839 2771 αἰῶνα.
1868 2733 1936 2771 Καὶ
1956 2732 2195 2777 ἐξαπέστειλεν
2225 2732 2326 2771 αὐτὸν
2359 2733 2429 2771 Κύ-

1410 2812 1478 2848 ριος
1497 2799 1515 2833 ὁ
1534 2795 1622 2838 Θεὸς
1641 2796 1680 2833 ἐκ
1699 2799 1758 2833 τοῦ
1784 2794 2009 2846 παραδείσου.
2027 2793 2096 2831 Καὶ
2124 2797 2182 2831 νῦν
2201 2809 2317 2846 φησιν,
2337 2793 2427 2833 Ἰδοὺ

1407 2858 1502 2907 γένος
1531 2856 1566 2894 ἓν
1585 2856 1644 2894 καὶ
1673 2857 1787 2908 χεῖλος
1813 2855 1847 2893 ἓν
1876 2855 2028 2903 πάντων,
2057 2855 2116 2893 καὶ
2151 2859 2252 2893 τοῦτο
2279 2854 2429 2908 ἤρξαντο

1407 2920 1571 2964 ποιῆσαι·
1592 2917 1652 2955 καὶ
1665 2923 1722 2956 νῦν
1740 2919 1777 2954 οὗ
1795 2916 1844 2966 μὴ
1866 2915 2008 2968 ἐκλείψζ,
2029 2915 2063 2959 ἐξ
2081 2917 2192 2953 αὐτῶν
2209 2916 2324 2953 πάντα
2338 2946 2347 2963 ,
2362 2916 2426 2954 ὅσα

1408 2978 1447 3016 ἂν
1468 2981 1655 3017 ἐπιθῶνται
1671 2983 1795 3016 ποιεῖν.
1821 2979 1946 3024 Δεῦτε,
1963 2976 2022 3014 καὶ
2041 2975 2255 3019 καταὸάντες
2273 2976 2427 3028 συγχέω-

1409 3055 1470 3090 μεν
1510 3042 1621 3077 αὐτῶν
1655 3041 1725 3077 ἐκεῖ
1758 3038 1820 3085 τὴν
1862 3040 2034 3089 γλῶτταν,
2060 3036 2117 3074 ἵνα
2148 3036 2196 3083 μὴ
2231 3037 2427 3076 ἀκούσωσιν

1407 3099 1551 3143 ἕκαστος
1564 3102 1625 3146 τῆς
1645 3103 1759 3152 φωνῆς
1778 3104 1837 3137 τοῦ
1856 3098 2014 3145 πλησίον.
2036 3098 2132 3146 εὈρα
2152 3098 2258 3136 πάλιν
2283 3101 2351 3136 τῶν
2370 3098 2427 3136 λέ-

1408 3161 1490 3206 ξεων
1518 3160 1580 3207 τὴν
1601 3159 1875 3212 συγκατάὸασιν.
1897 3162 2022 3207 Δεῦτε,
2044 3159 2127 3211 φησὶ
2144 3189 2154 3206 ,
2171 3159 2229 3197 καὶ
2251 3158 2425 3196 καταὸἄν-

1407 3238 1474 3265 τες.
1491 3221 1538 3259 Τί
1560 3221 1720 3272 βούλεται
1737 3225 1846 3259 ταῦτα
1860 3220 1903 3258 τὰ
1917 3221 2076 3272 &ip-²2¹0&
2092 3219 2299 3271 Συνεργείας
2316 3220 2426 3258 δεῖται

1407 3288 1424 3322 ὂ
1459 3283 1637 3330 Δεσπότης
1669 3284 1752 3334 πρὸς
1782 3281 1844 3329 τὴν
1866 3281 2070 3335 διόρθιο)σιν;
2104 3281 2193 3320 ἀλλὰ
2224 3281 2427 3333 συμμαχίας

1409 3346 1491 3396 πρὸς
1523 3344 1584 3392 τὴν
1621 3344 1746 3383 τούτων
1793 3343 2015 3398 καθαίρεσινς
2047 3343 2156 3395 Οὐχὶ,
2195 3342 2244 3394 μὴ
2278 3342 2421 3394 γένοιτο.
