2566 3791
190 475 280 505 Psal.
309 473 378 503 103.

190 603 280 631 Psal.
304 602 356 633 81.

191 644 221 671 6.

192 686 268 712 lsai.
289 692 316 713 t.
334 694 362 714 2.

189 726 292 754 ΕαὉά.
311 724 342 764 4.

186 774 240 795 22.

188 1331 261 1368 Sap.
277 1340 306 1359 2.
322 1332 372 1368 24.

189 2642 302 2669 ΜαΗΙι.
322 2651 370 2671 22.

188 2684 234 2709 ζἰυ.

191 2726 287 2751 ,Um-1⁴.
305 2733 350 2752 ¹2.

184 2766 236 2793 25.

186 2807 370 2836 Luc-2033.

182 3104 264 3130 Πιιη,
289 3111 368 3138 ι(μ,7,

182 3153 272 3171 ——11.

429 253 452 271 ⁰⁷

397 266 487 296 200
825 266 863 295 S.
899 264 1086 296 JOANNIS
1121 260 1366 293 CHRYSOST.

392 357 602 387 monstrare.
625 347 795 386 Homines
823 348 969 399 quidem
982 346 1052 385 filii
1063 343 1227 384 Deidicti
1245 350 1342 391 sunt,

393 409 511 461 angeli
529 418 647 447 autem
663 423 873 459 numquam.
895 407 1004 459 Atqui
1021 406 1066 444 de
1083 403 1217 455 angelis
1234 402 1345 440 dicit:

399 472 474 522 Qui
483 472 594 523 facit
608 470 767 521 angelos
785 483 873 507 suos
892 470 1062 519 spiritus,
1087 474 1124 503 et
1150 466 1346 502 ministros

395 546 484 571 suos
511 532 725 586 flammam
752 532 869 581 ignis;
894 528 938 566 de
972 525 1180 565 hominibus
1200 533 1343 562 autem:

394 594 479 644 Ego
493 594 576 630 dixi
592 607 599 627 :
619 592 689 628 Dii
702 592 792 628 estis
807 605 822 634 ;
843 598 877 627 et
894 589 1025 627 iterum
1043 603 1050 624 :
1073 587 1199 626 Filios
1219 588 1348 638 genui,

393 662 429 690 et
453 653 646 698 exaltavi;
665 659 699 688 et
720 649 850 687 iterum
878 665 886 686 ε
923 650 1211 701 Primogenitus
1230 646 1348 699 filius

393 726 497 751 meus
524 711 651 750 Israel
672 727 682 747 :
704 711 851 763 angelus
868 719 987 749 autem
1005 721 1182 760 nusquam
1200 716 1348 748 vocatus

392 783 443 812 est
459 773 557 811 filius
570 803 582 822 ,
599 786 713 825 neque
738 772 838 810 filius
861 772 944 810 Dei.
968 771 1144 810 Caeterum
1161 768 1249 821 quid
1285 768 1348 807 di-

392 843 476 872 cunt
495 834 512 871 Ξ)
539 834 717 882 Profecto,
737 833 854 885 angeli
873 831 1020 884 quidem
1036 840 1135 870 erant
1157 846 1165 867 :
1184 829 1248 869 sed
1261 829 1345 881 quia

391 894 440 933 ad
467 894 631 946 iniquum
655 894 724 933 hoc
756 909 845 947 opus
871 893 1142 943 descenderunt,
1174 891 1348 943 dignitate
1371 903 1398 933 D

390 970 454 994 sua
492 956 711 994 exciderunt.
745 956 801 994 En
823 956 955 994 iterum
980 954 1182 993 fabulosius
1228 953 1343 991 aliud.

391 1013 534 1065 Ergone
557 1028 651 1052 nunc
665 1014 888 1063 exciderunt,
910 1023 944 1052 et
961 1014 1038 1051 haec
1069 1012 1182 1050 ruinae
1200 1012 1345 1049 illorum

392 1075 524 1112 causa?
545 1076 682 1113 Verum
694 1074 880 1127 Scriptura
891 1088 954 1112 nos
964 1073 1066 1111 aliter
1084 1072 1202 1122 docet,
1220 1086 1347 1124 nempe

390 1147 578 1188 antequam
612 1139 824 1177 formaretur
853 1137 993 1190 primus
1025 1137 1147 1186 bomo,
1165 1150 1183 1173 a
1203 1150 1265 1174 sua
1286 1135 1345 1172 di-

390 1199 523 1249 gnitate
537 1199 711 1237 excidisse
730 1208 763 1236 et
779 1199 980 1247 diabolum,
1002 1207 1036 1235 et
1054 1211 1111 1235 eos
1131 1196 1290 1248 quicum
1306 1210 1346 1234 eo

388 1261 560 1311 majorem
575 1274 683 1310 quam
707 1259 854 1297 decebat
879 1258 1092 1310 dignitatem
1108 1257 1315 1295 ambiebant
1335 1273 1342 1293 :

389 1321 480 1358 sieut
495 1330 528 1358 et
547 1321 688 1373 sapiens
701 1320 850 1372 quidam
870 1320 989 1370 inquit
1012 1335 1019 1356 ε
1037 1320 1197 1357 Invidia
1216 1327 1347 1357 autem

389 1382 535 1418 diaboli
555 1395 656 1419 mors
680 1384 844 1419 intravit
865 1384 906 1418 in
923 1382 1120 1419 mundum.
1141 1379 1210 1418 Dic
1227 1393 1346 1430 quaeso

388 1441 495 1492 mihi,
512 1442 542 1479 si
555 1455 626 1479 non
645 1451 726 1480 ante
744 1442 877 1479 factum
894 1441 1075 1479 bominem
1089 1440 1239 1490 excidit,
1260 1454 1347 1491 quo·

388 1502 496 1540 modo
512 1502 547 1539 in
565 1511 663 1540 tanta
679 1502 853 1553 dignitate
868 1515 1013 1540 manens
1029 1501 1159 1541 invidit
1178 1501 1313 1540 homini
1330 1502 1347 1539 Ξ)
1372 1509 1396 1538 Ε

388 1562 578 1609 Quomodo
590 1563 720 1601 rationi
738 1577 932 1601 consonum
950 1572 1016 1612 est,
1039 1563 1209 1613 angelum
1223 1562 1346 1600 incor-

397 1638 558 1675 poreum,
579 1632 611 1661 et
632 1623 668 1661 in
684 1624 748 1662 tali
767 1623 939 1675 dignitate
953 1623 1195 1673 constitutum,
1210 1623 1346 1661 homini

388 1683 549 1721 invidere
575 1698 721 1736 corpore
741 1684 1038 1722 circumamicto?
1057 1683 1128 1721 Sed
1148 1683 1349 1734 quoniama

387 1757 537 1795 superna
552 1743 663 1794 gloria
683 1744 718 1781 in
735 1753 932 1781 extremam
944 1743 1177 1794 ignominiam
1191 1743 1348 1796 dejectus
1362 1781 1410 1808 196

1406 260 1596 290 ARCHIEP
1603 279 1613 290 .
1651 260 1997 290 CONSTANTINOP
2004 280 2013 290 .

1420 343 1482 379 οὐκ
1514 341 1555 379 ἂν
1588 342 1702 394 ἔχοιεν
1734 343 1888 394 οὐδαμοῦ
1922 342 2042 387 δεῖξαι.
2057 341 2254 394 Ἄνθρωποι
2282 341 2345 393 μὲν
2376 341 2444 395 γὰρ

1420 402 1618 449 ἐκλήθησαν
1634 403 1700 442 υἱοὶ
1714 405 1806 442 Θεοῦ
1817 434 1827 453 ,
1846 404 1988 457 ἄγγελοι
2005 402 2042 441 δὲ
2059 404 2235 455 οὐδαμῶς.
2247 403 2353 442 Ἀλλὰ
2364 403 2445 457 περὶ

1423 461 1485 514 μὲν
1515 466 1584 502 τῶν
1616 464 1773 515 ἀγγέλων
1798 464 1904 517 φησίν
1921 480 1928 488 ·
1958 464 2003 503 ‘O
2031 467 2140 503 ποιῶν
2167 463 2247 508 τοὺς
2279 463 2447 516 ἀγγέλους

1422 526 1528 563 αὐτοῦ
1545 524 1752 576 πνεύματα,
1771 525 1831 564 καὶ
1859 525 1939 570 τοὺς
1967 523 2186 577 λειτουργοὺς
2215 527 2318 563 αὐτοῦ
2339 525 2448 576 πυρὸς

1421 586 1534 639 φλόγα
1545 603 1553 611 ·
1573 587 1654 640 περὶ
1671 586 1707 626 δὲ
1726 590 1795 625 τῶν
1812 587 2017 639 ἀνθρώπων,
2034 585 2130 639 Ἐγὼ
2140 580 2245 636 εἶπα·
2259 585 2330 624 θεοί
2348 587 2446 624 ἐστε·

1421 647 1481 686 καὶ
1500 647 1623 687 πάλιν·
1645 647 1751 693 Υἱοὺς
1779 647 1970 699 ἐγέννησα,
1987 646 2047 685 καὶ
2066 645 2206 698 ὕψωσα·
2225 646 2287 685 καὶ
2314 646 2420 685 πάλιν
2437 663 2445 670 ·

1421 709 1651 762 Πρωτότοκος
1675 709 1746 753 υἱός
1777 724 1842 761 μου
1862 708 2031 760 Ἰσραήλ·
2058 708 2203 759 ἄγγελος
2229 707 2266 746 δὲ
2294 709 2446 759 οὐδαμοῦ

1421 771 1493 814 υἱὸς
1520 771 1672 818 ἐκλήθη,
1699 769 1776 809 οὐδὲ
1805 770 1875 814 υἱὸς
1898 772 2004 809 Θεοῦ.
2020 768 2126 808 Ἀλλὰ
2149 768 2184 807 τί
2215 785 2325 821 φασι;
2354 769 2446 818 Ναὶ,

1425 831 1565 884 ἄγγελοι
1584 832 1647 883 μὲν
1661 826 1751 878 ἦσαν
1767 848 1774 856 ·
1793 832 1880 870 διότι
1900 830 1935 870 δὲ
1950 832 2036 884 πρὸς
2053 831 2116 879 τὴν
2139 830 2341 884 παράνομον
2361 830 2446 870 ταύ-

1421 908 1484 940 την
1505 884 1630 944 πρᾶξιν
1649 895 1836 942 κατῆλθον,
1852 896 1915 939 τῆς
1933 891 2030 937 ἀξίας
2047 891 2222 936 ἐξέπεσον.
2239 892 2353 930 Πάλιν
2368 892 2446 930 ἕτε-

1424 969 1480 1005 ρον
1512 954 1784 1006 μυθωδέστερον.
1801 954 1849 993 Τί
1870 948 1948 1002 οὐν,
1980 958 2039 992 νῦν
2065 952 2237 1001 ἐξέπεσον,
2269 953 2330 991 καὶ
2357 952 2446 1000 αὕτη

1421 1019 1436 1035 ³
1447 1017 1509 1060 τῆς
1528 1014 1694 1059 πτώσεως
1706 1018 1820 1059 αὐτοῖς
1832 1017 1924 1053 ἐστιν
1942 1018 1965 1061 ἡ
1982 1013 2094 1062 αἶτία;
2109 1014 2178 1052 Καὶ
2195 1013 2264 1064 μὴν
2279 1017 2301 1060 ἡ
2321 1016 2349 1052 Γ
2354 1014 2446 1066 ραφὴ

1422 1075 1536 1120 ἄλλως
1556 1080 1650 1127 ἡμᾶς
1678 1076 1852 1125 διδάσκει,
1872 1076 1926 1114 ὅτι
1944 1076 2004 1114 καὶ
2031 1076 2100 1127 πρὸ
2127 1078 2189 1121 τῆς
2218 1079 2279 1113 τοῦ
2307 1090 2447 1126 πρωτο-

1421 1137 1577 1176 πλάστου
1595 1137 1820 1190 δημιουργίας
1839 1140 1902 1184 τ’ῆς
1921 1136 2019 1181 ἀξίας
2035 1136 2167 1183 ἐκείνης
2180 1135 2446 1188 κατηνέχθησαν

1421 1198 1482 1237 καὶ
1502 1201 1520 1236 ὁ
1544 1198 1723 1247 διάὸολος,
1743 1198 1803 1236 καὶ
1829 1200 1859 1237 οἱ
1886 1199 1961 1249 μετ’
1991 1200 2095 1236 αὐτοῦ
2122 1200 2237 1249 μεῖζον
2267 1200 2331 1244 τῆς
2349 1196 2447 1242 ἀξίας

1421 1260 1668 1312 φρονήσαντες,
1696 1259 1854 1311 καθάπερ
1883 1258 1944 1297 καὶ
1977 1258 2080 1311 σοφός
2103 1258 2155 1302 τίς
2183 1273 2290 1310 φησι·
2319 1258 2448 1311 Φθόνῳ

1422 1322 1458 1361 δὲ
1494 1325 1554 1360 τοῦ
1571 1320 1734 1360 διαὸόλου
1767 1320 1914 1364 θάνατος
1940 1322 1988 1364 εἷς
2022 1320 2081 1358 τὸν
2112 1319 2243 1370 κόσμον
2277 1321 2446 1366 εἰσῆλθεν.

1422 1382 1511 1421 Εἰπὲ
1531 1382 1597 1434 γάρ
1619 1397 1697 1433 μοι,
1727 1384 1756 1420 εἷ
1777 1380 1825 1432 μὴ
1844 1375 1886 1427 ἦν
1914 1381 1982 1432 πρὸ
2011 1383 2075 1427 τῆς
2099 1383 2158 1419 τοῦ
2182 1380 2363 1433 ἀνθρώπου
2387 1381 2447 1427 δη-

1423 1443 1607 1495 μιουργίας
1626 1442 1883 1490 ἐκπεπτωκὼς,
1903 1443 1978 1486 πῶς
1999 1441 2039 1479 ἂν
2062 1442 2120 1480 ἐπὶ
2138 1445 2200 1488 τῆς
2218 1441 2314 1486 ἀξίας
2335 1441 2448 1491 μένων

1421 1503 1622 1550 ὓέὅάσκηνε
1637 1505 1689 1555 τῷ
1718 1502 1914 1555 ἀνθρώπῳ,
1934 1499 2043 1541 Ποῖον
2067 1502 2135 1556 γὰρ
2166 1501 2205 1540 ἂν
2227 1502 2302 1554 ἔχοι
2332 1501 2447 1554 λόγον,

1421 1565 1567 1617 ἄγγελον
1601 1563 1773 1617 ἀνθρώπῳ
1803 1567 1996 1616 βασκῆναι,
2027 1564 2084 1602 τὸν
2121 1562 2308 1614 ἀσώματον
2334 1563 2394 1602 καὶ
2411 1565 2447 1601 ἐν

1421 1627 1575 1676 τοσαύτῃ
1608 1629 1694 1679 τιμῇ
1723 1626 1962 1678 τυγχάνοντα,
1981 1628 2031 1677 τῷ
2057 1627 2161 1676 σῶμα
2193 1624 2447 1678 περικειμένῳ,

1421 1688 1514 1726 Ἀλλ’
1534 1686 1655 1734 ἐπειδὴ
1676 1688 1746 1726 ἀπὸ
1759 1690 1822 1734 τῆς
1839 1687 2008 1726 ἀνωτάτω
2023 1686 2121 1734 δόξης
2138 1689 2185 1731 εἷς
2203 1685 2355 1738 ἐσχάτην
2377 1687 2452 1724 ἀτι-

1425 1748 1508 1799 μίαν
1522 1747 1720 1800 κατηνέχθη
1731 1779 1741 1797 ,
1753 1749 1813 1786 καὶ
1831 1752 1944 1787 ταῦτα
1961 1747 2146 1799 ἀσώματος
2170 1747 2230 1796 ὣν,
2252 1740 2320 1785 εἶδε
2337 1746 2373 1785 δὲ
2389 1747 2447 1786 τὸν

387 1805 503 1841 fuerat
519 1834 530 1852 ‚
560 1804 644 1842 licet
663 1813 752 1842 esset
766 1804 997 1856 incorporeus
1010 1821 1021 1854 ς
1050 1804 1176 1843 videns
1209 1805 1347 1843 forma—
1374 1820 1401 1849 A
1423 1809 1604 1860 ἄνορωπον
1625 1809 1948 1861 δημιουργηθέντα,
1967 1809 2027 1847 καὶ
2055 1811 2090 1847 ἐν
2118 1808 2257 1859 σώματι
2275 1807 2448 1855 τοσαύτης

390 1874 465 1902 tum
503 1865 697 1914 hominem,
739 1865 776 1903 in
815 1879 962 1918 corpore
997 1874 1138 1903 tantum
1174 1866 1346 1904 honorem

389 1923 594 1962 Conditoris
613 1924 862 1963 benevolentia
880 1924 1068 1974 sortitum,
1087 1924 1226 1963 invidia
1249 1939 1351 1963 exar-

387 1986 447 2036 sit,
471 1995 504 2024 et
516 1985 736 2038 deceptione,
755 1986 799 2024 ad
815 2001 925 2037 quam
944 1987 1118 2038 serpentis
1139 2001 1247 2039 opera
1263 2001 1350 2024 usus

387 2056 451 2096 est,
468 2046 650 2085 hominem
670 2047 795 2085 mortis
812 2061 922 2099 poenae
943 2047 1149 2085 obnoxium
1166 2047 1261 2086 fecit.
1274 2049 1348 2086 Ta-

387 2107 431 2145 lis
464 2108 559 2145 enim
593 2116 642 2145 est
668 2107 823 2157 malitia3
855 2121 925 2145 non
944 2116 1058 2159 potest
1091 2122 1161 2146 non
1192 2108 1350 2159 graviter

388 2172 477 2209 serre
493 2172 644 2209 aliorum
672 2172 889 2211 felicitatem.
909 2172 1018 2219 Quod.
1037 2172 1149 2223 igitur
1179 2172 1350 2210 diabolus

389 2241 422 2269 et
443 2233 558 2270 omnis
575 2233 650 2283 ejus
671 2233 795 2270 cohors
811 2233 896 2270 olim
928 2247 948 2270 a
976 2233 1090 2283 gloria
1123 2233 1185 2270 illa
1205 2233 1348 2271 excide-

390 2293 475 2343 rint,
510 2302 542 2330 et
562 2293 790 2345 ignominiosi
816 2293 1005 2343 evaserint,
1032 2293 1257 2331 manifestum
1285 2302 1347 2330 est.

390 2354 558 2405 Alioquin
583 2354 688 2391 etiam
716 2363 848 2403 quanta
885 2367 958 2391 non
995 2352 1174 2391 dementia
1204 2354 1348 2405 plenum

388 2420 508 2468 suerit,
525 2420 646 2457 dicere
668 2420 812 2470 angelos
831 2419 879 2457 ita
900 2419 1070 2471 dejectos,
1097 2429 1136 2457 ut
1168 2434 1249 2457 eum
1270 2435 1349 2458 mu-

387 2481 535 2519 lieribus
556 2496 629 2519 rem
648 2481 836 2527 haberent,
859 2490 893 2519 et
917 2481 1122 2533 incorporea
1139 2481 1200 2519 illa
1224 2491 1348 2520 natura

389 2550 617 2600 copularetur
632 2549 870 2601 corporibus?
891 2551 1018 2586 Annon
1035 2548 1137 2587 audis
1151 2550 1348 2589 Dominum
1374 2552 1397 2581 Β

388 2615 564 2653 dicentem
578 2615 620 2653 dc
636 2616 841 2667 angelorum
858 2614 1054 2653 substantia
1082 2630 1088 2650 :
1113 2617 1162 2652 In
1182 2630 1349 2654 resurre-

388 2680 515 2715 ctione
537 2680 639 2714 enim
655 2690 777 2728 neque
793 2679 1082 2714 matrimonium
1101 2678 1350 2731 contrahunt,

390 2752 512 2790 neque
554 2740 720 2781 mantnt,-
752 2738 820 2775 sed
841 2745 932 2774 sunt
962 2739 1063 2774 sicut
1093 2738 1223 2789 angeli
1242 2739 1349 2777 Dei?

389 2797 510 2845 Neque
530 2795 623 2833 enim
643 2795 810 2847 possibile
833 2804 882 2832 est
903 2795 1146 2846 incorpoream
1167 2804 1345 2843 naturam,

388 2857 492 2893 talem
513 2871 683 2906 uinquam
704 2856 1025 2908 concupiscentiam
1045 2855 1252 2894 haber-eald
1271 2857 1348 2895 ha‘c

387 2917 490 2954 ctiam
513 2917 742 2965 cogitandum
769 2927 832 2966 cst,
864 2917 931 2955 hoc
949 2917 1116 2954 omnibus
1141 2917 1256 2955 modis
1276 2919 1346 2955 al)-

387 2976 639 3013 surdissimum
662 2977 770 3015 fuisse
798 2977 833 3014 in
862 2977 1024 3021 animum
1051 2976 1227 3015 inducere.
1252 2979 1344 3016 Nam

387 3037 414 3074 si
436 3037 546 3073 sancti
572 3046 605 3073 et
634 3038 693 3087 qui
720 3038 896 3089 Spiritum
918 3046 1079 3075 sanctum
1110 3047 1341 3090 acceperant,

385 3108 496 3144 neque
528 3094 701 3132 visionem
740 3096 948 3145 angelorum
976 3095 1096 3134 videre
1123 3105 1339 3148 potuerunt:

383 3199 471 3232 Solos
488 3197 615 3242 legebat
630 3199 904 3243 Clirysostomus.
920 3201 1042 3232 Verum
1064 3199 1096 3232 in
1114 3200 1198 3233 libro
1216 3200 1293 3233 Job.
1314 3212 1343 3232 c.
1364 3203 1391 3239 ¹,

380 3277 412 3296 v.
431 3267 469 3303 6,
487 3263 592 3304 angeli
613 3271 774 3295 vocantur
794 3263 825 3295 in
845 3264 1010 3297 Hvbraico
1043 3273 1133 3297 textu
1159 3245 1387 3300 &risse-’22

379 3324 411 3348 et
428 3315 459 3347 in
478 3314 717 3356 Vulgai:·‚si1'‹'i
736 3315 809 3345 Ποῖ.
826 3315 936 3347 Nihilo
951 3318 1062 3349 minus
1087 3325 1195 3349 tamen
1215 3315 1267 3348 hic
1289 3317 1391 3358 probe

377 3367 527 3399 confutat
552 3365 810 3409 chrysostomus
836 3378 890 3398 cos
917 3369 971 3410 qui
1000 3367 1149 3401 dicerent
1177 3366 1275 3401 hosce
1307 3367 1389 3400 lilios

375 3418 430 3451 Dei
475 3417 569 3450 sume
591 3416 733 3457 angelos,

418 3486 427 3493 ·¹
448 3470 505 3501 &lii
527 3479 576 3506 τὶς

596 3476 733 3506 πτώσεως
751 3485 783 3501 ἰι
795 3485 858 3501 μιν.

1423 1872 1529 1921 τιμῆς
1554 1869 1743 1914 ἀξιωθέντα
1768 1870 1825 1908 διὰ
1855 1870 1919 1916 τὴν
1941 1874 2001 1909 τοῦ
2034 1869 2357 1921 δημιουργήσαντος
2386 1885 2446 1921 φι-

1423 1931 1659 1983 λανθρωπίαν,
1678 1933 1725 1975 εἷς
1741 1931 1862 1984 φθόνον
1881 1931 2012 1984 ἐξήφθη
2027 1961 2036 1979 ,
2055 1931 2115 1969 καὶ
2135 1930 2192 1969 διὰ
2210 1933 2274 1977 τῆς
2292 1931 2449 1978 ἀπάτης,

1422 1993 1463 2040 ἣν
1482 1993 1539 2031 διὰ
1562 1998 1622 2032 τοῦ
1645 1993 1755 2046 ὄφεως
1771 1993 1996 2047 προσήγαγε,
2016 1995 2067 2045 τῷ
2081 1996 2140 2032 τοῦ
2163 1993 2312 2031 θανάτου
2332 1994 2448 2031 ἐπιτι-

1424 2055 1494 2107 μίῳ
1513 2055 1697 2093 ὑπεύθυνον
1717 2054 1775 2092 τὸν
1798 2055 1978 2108 ἄνθρωπον
2010 2054 2258 2093 κατεσκεύασε.
2281 2055 2449 2092 Τοιοῦτον

1423 2117 1490 2168 γὰρ
1509 2120 1530 2161 ἦ
1547 2115 1714 2168 πονηρία·
1734 2119 1772 2154 οὐ
1788 2115 1934 2153 δύναται
1951 2115 2073 2167 πράως
2097 2115 2211 2169 φέρειν
2230 2115 2292 2162 τὴν
2322 2114 2449 2167 ἑτέρων

1424 2177 1622 2230 εὐημερίαν.
1645 2177 1732 2217 “Ort
1760 2178 1821 2226 μὲν
1852 2171 1910 2215 οῦν
1930 2177 2042 2215 πάλαι
2069 2177 2127 2214 καὶ
2161 2181 2179 2215 ὁ
2209 2177 2368 2220 διάῧολος
2389 2176 2447 2214 καὶ

1423 2245 1519 2278 πᾶσα
1546 2240 1650 2276 αὐτοῦ
1671 2242 1692 2285 ἡ
1713 2237 1847 2290 φάλαγξ
1867 2240 1906 2275 ἐκ
1922 2241 1984 2284 τῆς
2004 2237 2102 2284 δόξης
2122 2237 2254 2283 ἐκείνης
2276 2236 2448 2282 ἐξέπεσον,

1423 2299 1482 2337 καὶ
1502 2302 1569 2337 τῶν
1589 2298 1822 2350 ἠτιμωμένων
1850 2298 2030 2349 γεγόνασι,
2053 2299 2154 2344 δῆλον
2182 2297 2346 2336 ῧᾶπασιν.
2361 2296 2446 2336 Ἄλ-

1422 2362 1490 2403 λως
1511 2359 1546 2398 δὲ
1566 2360 1625 2398 καὶ
1640 2359 1741 2402 ποίας
1761 2361 1822 2397 οὐκ
1839 2358 1879 2396 ἂν
1899 2357 1951 2406 εἴη
1974 2358 2090 2402 ἀνοίας
2118 2358 2313 2409 ἀνάμεστον
2332 2358 2372 2396 τὸ
2390 2359 2447 2396 λέ-

1422 2438 1508 2473 γειν,
1541 2422 1595 2459 ὅτι
1633 2420 1771 2472 ἄγγελοι
1800 2421 1885 2474 πρὸς
1921 2420 2100 2459 συνουσίαν
2129 2422 2304 2470 γυναικῶν
2336 2435 2447 2466 κατη·

1422 2483 1610 2534 νέχθησαν,
1643 2481 1702 2520 καὶ
1731 2485 1753 2528 ἡ
1788 2481 1975 2533 ἀσώματος
1997 2481 2110 2527 ἐκείνη
2148 2480 2246 2532 φύσις
2279 2481 2365 2532 πρὸς
2383 2481 2446 2528 τὴν

1424 2542 1643 2594 συναλλαγὴν
1661 2547 1730 2581 τῶν
1765 2544 1938 2593 σωμάτιον
1967 2543 2130 2594 ὑπήχθη;
2154 2541 2204 2579 Ἢ
2226 2543 2289 2579 οὐκ
2310 2542 2447 2586 ἀκούεις

1422 2610 1481 2644 τοῦ
1500 2607 1654 2658 Χριστοῦ
1669 2605 1829 2656 λέγοντος
1849 2604 1928 2658 περὶ
1951 2608 2013 2650 τῆς
2029 2606 2097 2641 τῶν
2128 2603 2285 2654 ἀγγέλων
2305 2603 2444 2647 οὐσίας·

1424 2669 1486 2706 Ἔν
1502 2668 1568 2720 γὰρ
1588 2671 1630 2718 τῇ
1648 2666 1837 2705 ἀναστάσει
1855 2664 1933 2704 οὔτε
1950 2668 2134 2717 γαμοῦσιν,
2151 2663 2228 2702 οὔτε
2249 2664 2445 2715 γαμίσκον-

1422 2746 1499 2777 ται·7
1521 2729 1598 2767 ἀλλ’
1630 2728 1714 2767 εἰσὶν
1733 2731 1778 2771 ὡς
1799 2728 1941 2779 ἄγγελοι
1962 2728 2075 2773 Θεοῦ;
2095 2725 2188 2764 Οὐδὲ
2215 2725 2282 2776 γὰρ
2308 2719 2377 2763 οἶόν
2406 2742 2444 2764 τε

1422 2790 1483 2836 τὴν
1502 2789 1688 2841 ἀσώματον
1707 2788 1807 2841 φύσιν
1829 2788 1963 2835 ἐκείνην
1990 2787 2154 2834 τοιαύτην
2183 2786 2370 2836 ἐπιθυμίαν
2391 2786 2444 2824 δέ-

1424 2851 1545 2896 ξασθαί
1565 2866 1661 2888 ποτε.
1681 2850 1774 2901 Πρὸς
1795 2850 1928 2893 τούτοις
1962 2849 1997 2887 δὲ
2018 2852 2159 2887 κάκεῖνο
2190 2851 2350 2895 ἐννοῆσαι
2373 2849 2443 2894 δεῖ,

1419 2913 1472 2951 ὅτι
1494 2912 1608 2962 πάντῃ
1630 2914 1698 2948 τῶν
1729 2910 1965 2949 ἀτοπωτάτων
1990 2910 2064 2947 ἐστὶ
2087 2912 2189 2948 τοῦτο
2212 2909 2374 2953 δέξασθαι
2392 2911 2443 2960 τῷ

1419 2976 1589 3025 λογισμῷ.
1611 2975 1652 3010 lii
1669 2972 1735 3024 γὰρ
1755 2974 1785 3010 οἳ
1802 2972 1894 3023 ἅγιοι
1919 2971 1976 3009 καὶ
1998 2970 2202 3021 Πνεύματος
2225 2970 2324 3021 ἁγίου
2342 2969 2444 3016 ἠξιω-

1420 3035 1517 3084 μένοι
1532 3033 1608 3072 οὐδὲ
1629 3033 1799 3071 ὀπτασίαν
1825 3033 1981 3083 ἀγγέλων
2010 3034 2092 3070 ἰδεῖν
2117 3031 2281 3084 ἴσχυσαν·
2297 3031 2356 3069 καὶ
2375 3031 2442 3082 γὰρ

1418 3099 1435 3133 ὁ
1465 3095 1552 3148 ἀνὴρ
1584 3098 1653 3133 τῶν
1679 3097 1868 3144 ἐπιθυμιῶν
1896 3094 2106 3144 θεασάμενος
2134 3092 2280 3143 ἀγγέλου
2310 3105 2442 3143 παρου-

1474 3200 1489 3224 ¹¹
1507 3199 1608 3231 Saxil.
1629 3204 1794 3233 ἐὸὐσκαινε.
1813 3197 1926 3230 Morel.
1947 3202 2101 3232 ἑθάτκανε.
2120 3197 2196 3229 Mss.
2216 3196 2350 3239 plurimi
2372 3201 2441 3231 ἐθά-

1427 3266 1522 3289 οιηυε.
1544 3251 1637 3283 Infra
1653 3250 1755 3283 Savil.
1775 3251 1809 3282 iu
1827 3257 1938 3291 textu,
1957 3248 2072 3282 Μαι-81.
2090 3257 2123 3282 et
2144 3249 2277 3291 plurimi
2300 3250 2376 3281 Mss.
2396 3258 2438 3292 τῷ

1426 3312 1544 3346 σώματι
1571 3309 1777 3348 περικειμένῳ.
1792 3301 1858 3335 Sed
1876 3314 1959 3335 unus
1973 3301 2089 3335 Codex
2112 3314 2131 3333 a
2155 3301 2279 3335 Savilio
2302 3300 2439 3341 allatus,

1426 3366 1466 3389 τῶ
1486 3366 1569 3398 σῶμα
1595 3360 1807 3400 περικειμένῳ,
1828 3362 1930 3388 recte.

1472 3419 1483 3431 -“
1503 3408 1511 3448 s
1528 3406 1628 3440 Savil.
1649 3405 1743 3439 addit
1764 3413 1793 3441 ἐκ
1820 3418 1879 3442 τῶν
1898 3413 2059 3452 εἰρημένων
2081 3411 2122 3441 ἅττ
2144 3409 2151 3447 l
