2516 3791
659 180 700 211 lN
739 181 842 210 cu».
882 177 978 208 XIV.
1016 175 1176 206 GERES.
1217 176 1373 205 nomn„
1415 176 1558 205 XXXV.
2041 164 2137 220 413

99 269 168 308 τοῖς
197 265 230 302 ἐν
261 262 441 312 Σοδόμοις.
471 262 618 310 Ἐξῆλθε
651 263 741 315 γὰρ,
770 263 873 315 φησὶν
889 293 898 309 ,
918 265 936 300 ὁ
957 259 1118 313 βασιλεὺς
1189 267 1222 296 et
1242 258 1357 296 divini
1374 257 1504 296 auxilii
1523 257 1787 295 commilitium.
1810 258 1887 294 Rex
1908 258 2092 309 peregrino
2109 268 2140 295 et

98 325 263 375 Σοδόμων
298 326 346 367 εἷς
365 322 573 370 συνάντησιν
602 326 695 376 αὐτῷ
724 323 813 374 μετὰ
841 323 880 360 τὸ
900 321 1118 374 ἀναστρέψαι
1189 320 1262 357 seni
1280 320 1315 358 in
1334 333 1521 358 occursum
1541 317 1736 369 egreditur,
1759 327 1791 356 et
1811 332 1951 355 omnem
1973 318 2140 355 honorem

95 386 199 423 αὐτὸν
217 384 286 422 ἀπὸ
306 387 367 430 τῆς
387 385 498 429 κοπῆς
514 387 574 421 τοῦ
595 383 841 434 Χοδολογομὸρ
855 412 864 428 ,
886 382 945 420 καὶ
965 385 1034 419 τῶν
1057 383 1119 432 βα·
1190 381 1379 433 impendit.
1399 382 1479 420 Jam
1495 380 1587 418 enim
1602 378 1893 428 didicerat‚nihil
1911 378 2076 431 prodesse
2090 393 2141 415 re-

97 446 221 485 σιλέων
237 447 306 482 τῶν
326 443 402 495 μετ’
423 446 538 482 αὐτοῦ.
561 443 696 483 Σκόπει
714 444 820 483 πόσον
842 444 934 482 ἐστὶν
957 446 976 489 ἢ
999 441 1118 494 ἀρετὴ,
1191 454 1301 491 gnum
1322 441 1352 478 ei
1378 441 1440 492 qui
1466 455 1620 493 superno
1645 439 1782 478 auxilio
1806 448 1857 477 est
1881 438 2086 484 destitutus,
2110 447 2143 475 et

97 506 155 545 καὶ
182 506 220 544 τὸ
238 508 300 552 τ’ῆς
318 504 416 557 παρὰ
434 508 494 543 τοῦ
522 507 616 543 Θεοῦ
633 504 839 557 συμμαχίας
859 503 1058 542 ἀπολαύειν.
1075 501 1119 539 ‘O
1191 501 1282 538 nihil
1302 501 1479 553 potentius
1493 515 1568 538 esse
1586 516 1626 538 eo
1644 500 1704 551 qui
1726 514 1831 538 manu
1853 499 1918 538 Dei
1937 498 2142 550 adjuvatur.

98 565 260 618 βασιλεὺς
296 568 346 617 τῷ
389 564 494 616 ξένῳ,
537 568 588 618 τῷ
621 564 798 618 πρεσὸύτῃ
832 566 879 608 εἰς
911 564 1119 609 συνάντησιν
1192 562 1256 599 18.
1281 564 1334 599 Ec
1361 563 1634 604 fllelchisedec,
1661 560 1790 611 inquit,
1816 575 1883 598 rex
1905 561 2033 598 Salem
2055 573 2143 610 pro-

96 625 222 671 ἔξεισι,
244 626 304 664 καὶ
321 633 437 664 πᾶσαν
459 626 626 677 ἀπονέμει
643 626 760 676 τιμήν.
778 624 976 675 Ἐμοίνθανε
991 622 1058 676 γὰρ
1075 625 1121 665 ὡς
1142 628 1166 656 D
1192 622 1280 659 tulit
1301 635 1423 672 panes
1446 632 1482 659 ec
1507 625 1658 659 vinum.
1683 624 1781 659 Erat
1808 631 1939 660 autem
1964 621 2143 660 sacerdos

95 686 194 724 οὐδὲν
215 688 310 738 αὐτῷ
328 690 390 732 τῆς
409 678 588 737 βἀσιλείας
606 686 728 738 ὄφελος
746 689 808 731 τῆς
829 685 958 722 ἄνωθεν
977 697 1120 733 συμμα-
1191 683 1267 720 Dei
1280 682 1477 719 altissitm'.

95 746 177 799 χίας
195 747 435 799 ἠρημωμένῳ,
458 747 518 785 καὶ
536 749 583 790 ὡς
600 745 695 785 οὐδὲν
715 745 756 783 ἂν
775 745 907 796 γε’νοιτο
922 742 1119 782 δυνατώτε-

98 823 154 860 ρον
183 812 242 846 τοῦ
269 808 336 846 ὑπὸ
361 811 423 854 τῆς
443 811 503 844 τοῦ
522 809 614 846 Θεοῦ
633 806 751 858 χειρὸς
771 804 1018 856 βοηθουμένου.
1051 801 1121 840 Καὶ

96 867 330 920 Μελχισεδὲκ,
354 867 450 919 φησὶ,
473 866 636 919 βασιλεὺς
653 865 783 916 Σαλὴμ
803 864 984 916 ἐξήνεγκεν
999 863 1122 915 ἄρτους

95 929 155 966 καὶ
173 923 262 966 οἶνον
277 943 284 951 ·
305 922 347 974 ἦν
368 927 403 965 δὲ
423 927 531 979 ἱερεὺς
549 932 608 965 τοῦ
627 928 719 965 Θεοῦ
739 925 897 978 ὑψίστου.

149 988 197 1027 Τί
228 988 387 1040 βούλεται
405 993 490 1039 ἡμῖν
515 987 601 1034 αὕτη
621 990 643 1033 ἠ
666 986 929 1039 παρατήρησις,
952 984 1122 1029 Βασιλεὺς
1245 979 2144 1027 5.Quidsihivulthaecobservatio,Re.1·Sale112,‹›t

95 1049 245 1101 Σαλὴμ,
264 1050 323 1087 καὶ
343 1048 470 1098 Ἱερεὺς
488 1053 548 1087 τοῦ
568 1050 660 1087 Θεοῦ
678 1051 737 1086 τοῦ
759 1048 929 1099 {aquia-‘tom
950 1046 1122 1090 Βασιλεὺς
1190 1043 1377 1081 Sacerdos
1386 1039 1994 1091 DeialtissimiPRexquideinerat
2008 1040 2141 1078 Salem.

95 1109 158 1161 μὲν
173 1104 215 1156 ἧν
231 1140 240 1156 ,
257 1110 342 1161 φησὶ
359 1140 368 1157 ,
387 1111 449 1155 τ’ἥς
468 1109 614 1159 Σαλήμ.
647 1109 783 1146 Τοῦτον
803 1107 869 1161 γὰρ
885 1108 946 1146 καὶ
964 1110 982 1144 ὃ
1003 1107 1121 1158 μακά·
1189 1104 1299 1142 Illum
1325 1104 1420 1144 enim
1441 1102 1543 1141 nobis
1565 1112 1599 1140 et
1624 1103 1748 1140 beatus
1769 1101 1903 1140 Paulus
1921 1101 2079 1138 scribens
2100 1101 2145 1138 ad

96 1187 166 1225 ριος
188 1173 327 1215 Παῦλος
354 1171 439 1223 πρὸς
465 1169 542 1212 τοὺς
573 1169 607 1213 ἐξ
638 1168 815 1220 Ἑὸραίων
844 1167 1121 1211 πεπιστευκότας
1190 1180 1248 1204 eos
1261 1165 1323 1216 qui
1343 1180 1388 1203 ex
1403 1165 1564 1202 Hebraeis
1579 1163 1818 1212 crediderant,
1838 1176 1919 1200 cuni
1936 1161 1970 1199 in
1986 1161 2145 1199 medium

94 1233 308 1272 ἐπιστέλλων
329 1235 376 1275 εἰς
396 1232 500 1281 μέσον
529 1230 699 1282 παράγων
718 1260 726 1276 ,
749 1230 809 1268 καὶ
828 1230 867 1268 τὸ
885 1229 994 1280 ὄνομα
1014 1230 1118 1267 αὐτοῦ
1194 1225 1418 1274 adduxisset,
1434 1234 1467 1263 et
1482 1239 1609 1263 nomen
1629 1225 1704 1276 ejus
1715 1232 1882 1261 tractaret
1900 1232 2006 1273 atque
2021 1222 2146 1261 civita-

93 1292 332 1346 περιστρέφων
352 1292 411 1330 καὶ
432 1292 533 1330 πόλιν
547 1319 556 1336 ,
581 1294 667 1341 ὁμοῦ
697 1290 879 1342 ἑρμηνεύει
904 1293 964 1328 τοῦ
991 1289 1119 1340 ὁνόμα-
1141 1297 1165 1327 Ε
1190 1297 1272 1337 tem,
1287 1288 1394 1326 simul
1410 1288 1706 1339 significationem
1718 1285 1872 1324 nominis
1886 1285 2146 1337 ejusinterpre-

92 1371 149 1398 τος
186 1354 249 1400 τὴν
281 1353 482 1404 σημασίαν,
514 1352 573 1390 καὶ
605 1351 814 1403 ἐτυμολογία
847 1351 915 1389 τινὶ
946 1350 1119 1402 κέχρηται
1188 1358 1295 1397 tatur,
1311 1358 1345 1386 et
1366 1363 1451 1386 usus
1465 1348 1681 1400 etymologia
1697 1346 1854 1398 quadam
1874 1346 1924 1383 ait
1945 1361 1952 1382 ε
1973 1346 2143 1383 ,ΜείεΙιί-
2163 1358 2250 1385 tlt-lua
2269 1368 2296 1395 7,
2316 1368 2345 1388 2.

91 1415 202 1466 λέγων
215 1444 224 1461 ,
246 1414 465 1466 Μελχισεδεκ
480 1442 490 1459 ,
512 1412 714 1463 βασιλευς
695 1411 926 1458 οικαιοσύνης.
963 1410 1033 1448 Καὶ
1051 1410 1118 1464 γὰρ
1186 1411 1312 1456 sedec,
1335 1424 1403 1447 rex
1413 1411 1589 1461 justiliae.
1611 1410 1702 1446 Nam
1719 1406 1916 1445 secundum
1932 1406 2145 1444 Hebraicam

91 1475 182 1513 κατὰ
214 1474 277 1520 τὴν
307 1473 502 1526 Ἑὸραϊκην
533 1475 694 1524 γλωτταν
722 1472 762 1510 τὸ
791 1471 852 1523 μὲν
873 1471 990 1523 Μελχὶ
1017 1473 1118 1522 βασι·
1184 1470 1347 1522 linguam
1373 1469 1508 1509 Melchi
1539 1483 1689 1521 regnum
1721 1468 1899 1521 significat
1927 1484 1934 1504 :
1960 1477 1993 1505 et
2020 1467 2143 1512 Sedec,

89 1536 184 1574 λείαν
204 1535 388 1586 σημαίνει,
408 1535 448 1573 τὸ
467 1535 502 1572 δὲ
522 1533 632 1573 Σεδὲκ
646 1564 656 1582 ,
678 1532 911 1579 δικαιοσύνην.
948 1527 1038 1571 Εἶτα
1057 1533 1117 1571 καὶ
1180 1531 1370 1583 justitiam.
1392 1531 1533 1568 Etcum
1547 1530 1594 1568 ad
1609 1544 1735 1568 nomen
1755 1529 1910 1567 civitatis
1932 1529 2042 1575 venit,
2060 1531 2143 1567 Rex

89 1599 138 1641 εἷς
157 1596 195 1635 τὸ
213 1597 322 1647 ὄνομα
342 1599 405 1643 τῆς
424 1596 558 1639 πόλεως
579 1593 686 1634 ἐλθών
706 1610 813 1647 φησι,
830 1593 1002 1638 Βασιλευς
1024 1594 1116 1646 εἰρή-
1182 1594 1306 1643 pacis,
1329 1591 1445 1642 inquit
1468 1608 1476 1628 :
1496 1591 1616 1630 Salem
1639 1591 1734 1629 enim
1752 1590 1846 1628 idem
1867 1589 1963 1641 quod
1985 1604 2057 1642 pax
2081 1599 2143 1628 est.

89 1675 150 1705 νης
165 1674 172 1681 ·
207 1657 329 1709 τὸγὰρ
349 1656 480 1707 Σαλὴμ
503 1657 642 1709 εἰρήνην
663 1655 836 1705 ἐμφαίνει.
871 1655 998 1708 Ἱερεὺς
1019 1655 1054 1695 δὲ
1074 1650 1115 1703 ἦν
1185 1646 1490 1691 δεεοτάοεειιιῐεηι
1506 1662 1592 1702 erat,
1609 1653 1728 1690 fortea
1743 1651 1931 1703 semetipso
1944 1651 2142 1689 ordinatus:

89 1719 170 1762 ἴσως
191 1718 515 1771 αὐτοχειροτόνητος
528 1733 537 1742 ·
557 1717 595 1756 οὔ
604 1733 648 1755 τω
664 1716 732 1768 γὰρ
748 1711 836 1764 ἦσαν
856 1717 934 1755 τότε
954 1719 985 1755 οἱ
1001 1719 1115 1770 ἱερεῖς·
1186 1713 1236 1752 sic
1260 1714 1355 1752 enim
1377 1724 1461 1752 tunc
1487 1723 1587 1752 erant
1608 1712 1806 1751 sacerdotes
1827 1728 1834 1748 ε
1859 1712 1915 1750 vel
1940 1712 2021 1762 quia
2044 1721 2147 1750 aetate

88 1780 167 1826 ἤτοι
187 1775 244 1818 οὖν
273 1780 330 1818 διὰ
351 1780 390 1817 τὸ
416 1783 459 1832 τῇ
486 1779 608 1832 ἡλικίᾳ
627 1779 802 1832 προὸἧναι
831 1781 863 1817 οἱ
883 1779 1118 1831 προσήκοντες
1186 1776 1388 1828 provectior
1401 1784 1487 1824 erat,
1502 1790 1522 1812 a
1537 1775 1610 1812 suis
1623 1774 1902 1812 hunchonorem
1917 1775 2074 1825 accepit;
2087 1773 2143 1811 rel

89 1847 184 1897 αὐτῷ
215 1844 498 1895 ἀπονενεμήκασι
524 1844 587 1891 τὴν
612 1843 720 1894 τιμήν
735 1859 742 1866 ·
772 1842 794 1888 ἢ
815 1843 875 1881 καὶ
897 1844 999 1887 αὐτὸς
1017 1846 1117 1895 ‘tepu-
1187 1837 1262 1889 ipse
1272 1837 1473 1875 sacrificare
1483 1834 2144 1885 studuit,sicutetNoe‚.›xbel‚.›xl›ram,

88 1906 197 1944 τεύειν
217 1906 439 1952 ἐπετήδευσε,
458 1905 614 1956 καθάπερ
634 1908 652 1943 ὁ
669 1906 747 1943 Νῶε
760 1934 770 1952 ‚
790 1904 925 1942 χαθάπε
912 1920 948 1956 ερ
968 1907 986 1942 ὁ
1001 1903 1117 1952 Ἄὸελ,
1187 1898 1330 1949 quando
1349 1898 1523 1936 saelificia
1543 1898 1763 1936 obtulerunt.
1787 1895 1956 1963 Alioquin
1977 1904 2010 1933 et
2035 1905 2144 1948 typus

88 1967 246 2019 καθάπερ
262 1971 280 2006 ὁ
300 1967 473 2019 Ἀδραὰμ,
493 1967 597 2013 ἡνίκα
615 1965 696 2029 τὰς...
691 1965 811 2009 θυσίας
825 1968 1015 2018 προσῆγον,
1036 1964 1116 2004 Ἀλ-
1129 1992 1160 2016 35
1147 1960 1322 2014 7C11risti
1342 1961 1482 1998 futurus
1501 1969 1588 1998 erat.
1605 1958 1712 1998 Unde
1726 1967 1758 1996 et
1775 1957 1908 1996 Paulus
1925 1956 1976 1994 sic
1991 1970 2071 1994 eum
2088 1970 2144 1995 ac-

87 2029 156 2072 λως
191 2028 227 2066 δὲ
261 2044 320 2066 και
352 2027 459 2070 τύπος
487 2027 630 2077 ἔμελλεν
662 2031 752 2064 εἰναι
770 2031 830 2065 τοῦ
856 2027 1024 2077 Χριστοῦ
1050 2026 1118 2064 Διὰ
1139 2029 1164 2058 Α
1185 2022 1272 2074 cipit
1292 2022 1439 2060 dicens·
1455 2022 1546 2060 Sine
1558 2029 1686 2073 patre,
1708 2022 1793 2058 sine
1815 2026 1953 2064 matre,
1975 2019 2060 2055 sine
2073 2032 2140 2070 ge-
2159 2037 2248 2066 μῶν,
2266 2047 2293 2075 ,1.-
2314 2037 2343 2065 3

86 2094 189 2127 τοῦτο
212 2105 271 2127 και
300 2091 404 2127 Παῦ)
407 2104 442 2132 ος
474 2087 583 2131 οὕτως
611 2088 712 2126 αὐτὸν
743 2087 959 2138 ἐκλαμὸοίνει
991 2087 1042 2126 λέ·
1032 2103 1115 2139 γ·ων
1185 2084 1379 2135 nealogia,
1405 2097 1527 2135 neque
1545 2085 1701 2120 initium
1721 2082 1885 2126 cli-emm,
1907 2093 2030 2131 neque
2048 2082 2142 2116 vitre

86 2151 248 2203 Ἀπαίτωρ
260 2181 270 2198 ,
290 2150 452 2224 ἀμήτωρ,
473 2149 763 2200 ἀγενεαλόγητος,
788 2148 877 2199 μήτε
893 2148 1006 2200 ἀρχὴν
1025 2151 1116 2200 ἔχων
1170 2145 1301 2197 finem
1313 2145 1474 2189 habens,
1492 2143 1745 2181 assimulatus
1763 2149 1892 2178 autem
1906 2140 2014 2177 Filio
2035 2141 2112 2177 Dei
2130 2170 2138 2183 ‚

85 2214 227 2263 ἡμερῶν
243 2240 252 2257 ,
277 2227 367 2261 μητε
388 2213 479 2256 ζωης
498 2210 559 2247 τέ)
561 2225 608 2257 ος,
629 2208 906 2261 ἀφωμοιωμένος
922 2209 959 2246 δὲ
975 2225 1025 2247 τω
1038 2210 1114 2248 Υ.ἱ()
1182 2213 1316 2243 manet
1341 2205 1520 2242 sacerdos
1539 2207 1582 2241 in
1605 2212 1846 2255 perpetuum.
1872 2201 1921 2239 Et
1944 2202 2140 2252 quomodo,

83 2275 143 2310 τοῦ
161 2274 276 2317 Θεοῦ,
298 2271 393 2322 με’νει
411 2270 520 2323 ἱερευς
539 2273 588 2313 εἰς
603 2271 643 2310 τὸ
660 2270 829 2317 διηνεκές.
854 2270 925 2308 Καὶ
941 2273 1028 2317 πῶς,
1045 2286 1112 2324 φη-
1180 2264 1291 2315 dices,
1317 2265 1490 2318 possibile
1516 2273 1568 2302 est
1596 2264 1777 2302 hominem
1805 2264 1940 2314 absque
1965 2272 2080 2315 patre,
2110 2273 2142 2301 et

83 2348 156 2380 σιν,
177 2327 246 2371 οἷόν
277 2348 316 2370 τε
336 2331 556 2384 ἄνθρωπονἸ
537 2347 620 2369 οντα
640 2331 802 2384 ἀπάτορα
826 2334 916 2369 εἶναι
933 2347 993 2369 και
1014 2331 1113 2382 ἀμή-
1180 2336 1308 2377 matre,
1337 2335 1371 2364 et
1400 2326 1475 2364 Sine
1501 2325 1704 2377 genealogia
1733 2339 1822 2374 esse,
1850 2334 1883 2362 et
1909 2338 1979 2362 non
2012 2324 2143 2362 habere

83 2409 193 2446 τορα,
221 2409 279 2431 και
307 2409 397 2444 μητε
417 2392 530 2444 ἀρχὴν
552 2390 733 2443 ἧμερων”
714 2408 820 2444 εχειν,
847 2392 937 2442 μήτε
955 2394 1044 2439 ζωῆς
1059 2392 1111 2431 τέ·
1179 2388 1238 2426 vel
1256 2388 1417 2438 initium,
1439 2388 1493 2426 vel
1510 2387 1620 2425 finem
1642 2387 1756 2425 vitce'?
1780 2386 1922 2424 Audisti
1941 2400 2024 2423 eum
2044 2386 2138 2437 figu-

82 2455 163 2497 λος·
155 2484 164 2501 ,
182 2453 400 2496 Ἤκουσας“
380 2469 433 2490 οτι
447 2453 552 2496 τύπος
566 2456 621 2500 ἠν·
646 2451 695 2503 μὴ
715 2452 830 2490 τοίνυν
851 2451 1002 2500 ξενίζου,
1023 2453 1112 2528 μηδὲ
1179 2464 1257 2488 ram
1276 2449 1384 2487 fuisse
1406 2465 1414 2485 z
1439 2463 1482 2487 ne
1498 2462 1581 2499 ergo
1601 2447 1793 2497 admirare,
1814 2461 1927 2498 neque
1948 2447 2066 2484 omnia
2086 2461 2140 2484 re-

82 2515 199 2554 πιίντα
227 2513 369 2553 ἀπαίτει
394 2516 428 2552 ἐν
449 2517 498 2552 τῶ
514 2513 626 2566 τύπῳ.
658 2513 751 2552 Οὐδὲ
770 2514 838 2566 γὰρ
857 2514 897 2552 ἂν
918 2514 972 2561 εἴη
993 2514 1110 2563 τύπος,
1180 2511 1285 2562 quire
1299 2511 1335 2549 in
1355 2520 1456 2564 type.
1479 2511 1600 2562 Neque
1620 2511 1715 2548 enim
1729 2519 1840 2562 typus
1861 2517 1960 2556 esset,
1978 2508 2005 2546 si
2020 2509 2137 2545 omnia

82 2578 112 2614 εἰ
134 2577 256 2627 μέλλοι
284 2575 398 2613 πάντα
425 2575 517 2628 ἔχειν
544 2575 589 2613 τὰ
607 2592 650 2626 τῃ
684 2575 830 2627 ἀληθείᾳ
857 2575 1108 2626 συμβαίνοντα.
1178 2587 1256 2623 quae
1277 2572 1314 2610 in
1334 2572 1484 2610 veritate
1506 2571 1738 2622 contingunt,
1767 2570 1926 2607 haberet.
1948 2567 2047 2616 Quid
2067 2569 2137 2620 igi-

81 2637 130 2676 Τί
154 2641 212 2676 οὖν
238 2640 312 2676 ἐστι
333 2636 373 2674 τὸ
393 2636 600 2688 εἷρημένον;
625 2635 764 2689 Ὥσπερ
780 2639 895 2683 ουτος,
916 2637 1028 2689 φησὶ,
1051 2637 1107 2676 διὰ
1130 2649 1153 2678 n
1177 2643 1236 2672 tur
1261 2643 1313 2672 est
1339 2633 1437 2684 quod
1458 2632 1508 2670 ihi
1527 2632 1694 2669 dicitur?
1719 2631 1820 2669 Sicut
1845 2630 1920 2679 illc,
1947 2629 2075 2680 inquit,
2096 2644 2136 2668 eo

80 2714 120 2736 το
135 2698 183 2750 μὴ
205 2701 485 2749 μνημονευθῆναι
503 2713 581 2740 τους
599 2696 851 2749 γεγεννηκότας
866 2698 995 2744 αὐτὸν,
1015 2698 1108 2735 ἀπά-
1177 2695 1273 2746 quod
1295 2695 1394 2732 nulla
1422 2693 1467 2731 sit
1492 2692 1663 2730 memoria
1691 2706 1813 2730 eorum
1838 2690 1900 2741 qui
1926 2700 2134 2741 genuerunt,

79 2775 150 2811 τωρ
169 2759 309 2810 λέγεται
326 2758 386 2796 καὶ
406 2758 568 2812 ἀμήτωρ,
587 2758 647 2797 καὶ
662 2758 718 2797 διὰ
732 2759 773 2797 τὸ
790 2758 838 2809 μὴ
855 2759 1106 2811 γενεαλογηθῆ-
1174 2756 1310 2795 dicitur
1326 2756 1400 2793 sine
1418 2763 1518 2806 patre
1538 2762 1571 2790 ct
1591 2753 1666 2791 sine
1685 2762 1812 2802 matre,
1834 2761 1866 2789 et
1885 2752 1968 2802 quia
1990 2765 2056 2789 non
2080 2766 2134 2789 re-

79 2837 134 2859 ναι
149 2851 159 2869 ,
182 2820 452 2871 ἀγενεαλόγητος
468 2836 476 2843 ·
498 2820 588 2858 οὕτω
606 2820 666 2858 καὶ
689 2823 707 2859 ὁ
727 2820 897 2871 Χριστὸς,
925 2819 983 2858 διὰ
999 2821 1037 2858 τὸ
1053 2820 1102 2871 μὴ
1175 2827 1336 2857 censetur
1349 2817 1425 2868 ejus
1444 2814 1806 2866 genealogia‚dicitur
1818 2814 1892 2851 sine
1908 2813 2108 2865 genealogia
2125 2829 2132 2849 :

79 2881 267 2933 ἐσχηκέναι
282 2880 372 2931 μήτε
387 2883 421 2919 ἐν
442 2882 599 2933 οὐρανοῖς
617 2881 766 2932 μητέρα,
785 2881 874 2930 μήτε
889 2881 946 2929 ἐπὶ
961 2885 1024 2928 τῆς
1039 2883 1104 2932 γῆς
1174 2881 1223 2918 ita
1243 2889 1277 2917 et
1299 2878 1476 2923 Clu-istus,
1493 2876 1576 2926 quia
1598 2890 1667 2913 non
1688 2875 1795 2912 habet
1815 2874 1872 2912 vel
1894 2875 1929 2912 in
1946 2874 2032 2912 caelo
2052 2889 2131 2912 ma-

77 2942 226 2994 πατέρα,
244 2941 518 2993 ἀγενεαλόγητος
535 2942 676 2993 λέγεται
695 2942 755 2980 καὶ
770 2942 856 2981 ἔστι.
877 2942 946 2981 Καὶ
965 2942 1030 2995 ὅρα
1046 2943 1103 2982 διὰ
1174 2952 1278 2989 trem,
1295 2940 1351 2979 vel
1369 2940 1404 2976 in
1421 2948 1513 2976 terra
1529 2946 1680 2989 patrem,
1697 2936 1831 2987 absque
1847 2936 2051 2988 genealogia
2071 2930 2132 2974 ‹li-

76 3006 138 3049 τῆς
154 3005 200 3046 εἰς
215 3002 272 3040 τὸν
287 3002 511 3055 πατριάρχην
526 3006 644 3054 τιμῆς,
657 3002 750 3046 ὅπως
765 3004 957 3057 μυστήριόν
972 3008 1102 3054 τιήμῖν
1175 3003 1267 3041 citur
1287 3010 1319 3039 et
1338 3009 1403 3038 est.
1427 2997 1521 3037 Vide
1538 2996 1717 3048 quomodo
1734 3011 1797 3049 per
1815 2997 1987 3035 honorem
2007 2997 2042 3035 in
2065 3012 2130 3049 pa-

77 3064 120 3102 δι“
141 3067 247 3110 αὐτῆς
266 3063 470 3103 αἰνίττεται.
492 3063 681 3116 Ἐξήνεγκε
696 3064 764 3116 γὰρ
784 3066 910 3117 ἄρτους
925 3066 986 3104 καὶ
1000 3061 1101 3105 οἶνον.
1174 3063 1368 3104 triareham
1393 3061 1575 3103 collatum,
1606 3059 1816 3111 mysterium
1847 3058 1993 3109 aliquod
2028 3059 2130 3097 nohis

75 3124 192 3178 Ὁρῶν
211 3124 269 3162 τὸν
291 3124 410 3173 τύπον,
430 3126 501 3164 νόει
522 3142 581 3176 μοι
600 3125 663 3173 τὴν
679 3126 857 3174 ἀλήθειαν,
872 3126 931 3165 καὶ
949 3127 1103 3178 θαύμαζε
1173 3126 1389 3164 insinuatur.
1410 3121 1563 3160 Protulit
1584 3120 1679 3158 enim
1698 3134 1823 3172 panem
1841 3130 1875 3158 et
1895 3121 2031 3158 vinum.
2053 3122 2124 3159 Vi-

75 3187 138 3231 τῆς
151 3185 242 3228 θείας
256 3187 400 3237 Γραφῆς
415 3185 478 3233 τὴν
496 3186 655 3236 δύναμιν,
669 3188 742 3230 πῶς
755 3186 884 3225 ἄνωθεν
893 3187 952 3225 καὶ
965 3189 1005 3227 ἐκ
1017 3204 1102 3240 προ·
1172 3188 1260 3226 dens
1274 3196 1415 3238 typum,
1431 3183 1545 3233 cogita
1565 3191 1597 3219 et
1611 3184 1813 3227 veritatem,
1829 3191 1860 3219 et
1876 3181 2054 3219 admirare
2064 3181 2084 3219 d
2094 3182 2125 3218 i—

75 3246 198 3296 οιμίων
214 3245 258 3284 τὰ
268 3247 442 3296 μέλλοντα
457 3247 596 3287 ἔσεσθαι
607 3247 817 3298 προεμήνυε.
834 3248 905 3287 Καὶ
921 3249 1101 3299 εὐλόγησε,
1173 3250 1264 3287 vinae
1281 3246 1476 3298 Scriptura}
1496 3244 1583 3289 vim,
1600 3243 1780 3294 quomodo
1792 3243 2042 3295 superioribus
2058 3258 2126 3280 sa*-

76 3306 244 3357 φτ,σ·“ι,τὸν
255 3305 394 3358 Ἀὅραμ
408 3308 486 3353 ,καὶ
498 3302 945 3361 εἷπεν·εὐλογητὸςἌ6ραμ
955 3313 1005 3362 τῷ
1017 3312 1100 3363 Θεῷ
1125 3317 1148 3346 C
1171 3310 1262 3349 culis
1283 3317 1315 3345 et
1334 3307 1380 3344 ab
1400 3305 1501 3343 initio
1522 3305 1640 3342 sutura
1661 3304 1966 3357 plmsignilieavit.
1989 3305 2049 3341 19.
2072 3306 2124 3341 Et

75 3369 124 3418 τῷ
153 3366 308 3420 ὑψίστῳ,
327 3367 363 3410 ὃς
384 3367 497 3407 ἔκτισε
516 3369 574 3407 τὸν
595 3370 736 3422 οὐρανὸν
757 3369 814 3406 καὶ
834 3369 897 3417 τὴν
919 3373 995 3421 γ’ἧν.
1028 3372 1098 3410 Καὶ
1174 3370 1382 3413 benedixit,
1416 3366 1543 3418 inquit,
1576 3366 1809 3405 Abramum.
1843 3375 1878 3404 et
1903 3366 2001 3403 dia-it
2022 3381 2031 3401 .·
2055 3367 2124 3402 Be-
