2566 3791
327 245 416 275 212
762 241 800 271 S.
838 237 1023 270 JOANNJS
1058 237 1303 269 CHRYSOST.

323 326 438 379 posita
455 326 492 364 in
511 338 711 379 pauperum
731 333 885 372 ventrcS,
904 332 938 361 et
955 322 1169 361 seminemus
1184 321 1272 358 dum

324 397 464 440 tempus
484 395 550 434 est,
572 396 611 425 ut
626 395 828 439 opportuno
849 393 1007 435 tempore
1028 390 1218 429 metamus,
1241 388 1276 417 et

1344 237 1563 267 ARcmEP.
1602 236 1963 269 CONSTANTINOP-

1348 320 1410 367 τὴν
1430 320 1558 358 τούτων
1583 319 1740 371 φυλακην
1755 321 1914 373 παρέξει,
1934 320 1994 360 καὶ
2019 320 2158 360 ἐπειδὰν
2179 321 2372 368 ἐπανέλῡης

1350 383 1396 423 εἰς
1422 380 1486 427 τὴν
1511 379 1640 418 οἰκείαν
1670 380 1847 434 πατρίδα,
1872 381 1961 432 μετὰ
1991 384 2054 428 τῆς
2084 382 2221 421 ἐκείνων
2237 382 2370 420 ἀποδό-

326 462 369 486 ne
386 448 594 487 transmissa
626 445 794 498 temporis
824 443 1102 496 opportunitate,
1125 440 1274 493 posthac
1288 468 1337 494 130
1351 457 1436 484 σεως
1455 441 1515 479 καὶ
1534 440 1764 491 ἀνακηρύξει,
1791 442 1850 479 καὶ
1872 442 2086 495 στεφανώσει
2100 474 2109 491 ,
2136 443 2196 481 καὶ
2215 445 2250 482 ἐν
2271 443 2371 494 πάσῃ

324 509 455 546 frustra
474 522 538 546 nos
554 507 732 560 pceniteat.
748 505 902 542 Haecine
915 503 960 540 de
979 516 1083 540 causa
1100 500 1276 552 benignus
1300 507 1327 536 A

326 571 424 607 Deus
443 570 547 621 plura
565 568 632 606 tibi
650 566 801 617 largitus
820 573 885 614 est,
921 572 962 601 ut
985 564 1022 600 in
1045 571 1147 600 tuum
1165 561 1277 600 solius

326 643 431 668 usum
450 628 634 681 impendas
653 640 734 677 quae
750 625 864 672 dedit,
887 633 919 662 et
937 623 1075 674 reliqua
1094 623 1130 661 in
1145 621 1277 660 arculis

326 701 359 728 et
377 689 606 743 promtuariis
621 687 818 726 recondas?
838 687 918 725 Non
937 699 976 723 ea
995 684 1040 722 de
1065 698 1185 731 causa,
1216 682 1278 721 sed

127 768 155 787 2.
186 762 261 790 Cor.
279 760 310 791 S.
327 761 378 798 ut,
399 749 595 788 secundum
605 748 837 801 apostolicam
853 745 1143 794 admonitionem,
1164 744 1279 782 abun-

127 802 174 839 η’.

324 812 445 850 dantia
462 820 522 849 tua
536 811 690 849 aliorum
708 809 866 862 inopiam
883 807 1060 860 suppleat.
1082 806 1129 844 Et
1142 815 1181 844 tu
1200 806 1279 857 qui-

324 873 406 911 dem
420 871 569 911 forsitan
588 871 696 910 etiam
714 871 796 924 plus
811 884 920 921 quam
936 882 1026 922 opus
1041 876 1093 906 est
1108 867 1165 905 his
1183 867 1279 904 frue-

324 935 374 972 ris
403 934 440 972 in
464 933 616 982 deliciis,
647 932 819 981 vestibus,
848 930 988 981 alioque
1010 929 1102 967 luxu
1120 956 1132 978 ,
1168 927 1280 965 servis

324 1009 466 1046 quoque
493 1004 528 1033 et
545 994 662 1033 brutis
687 1001 875 1045 argentum
897 991 1055 1029 multum
1083 987 1276 1027 dividens:

324 1070 461 1108 pauper
476 1065 594 1094 autem
603 1055 695 1093 nihil
707 1055 839 1093 borum
857 1067 877 1090 a
892 1061 926 1090 te
938 1051 1041 1104 petit,
1060 1049 1124 1088 sed
1138 1057 1278 1087 tantum

325 1126 364 1154 ut
381 1118 511 1154 famem
527 1116 682 1167 mitiges,
700 1124 740 1153 ut
756 1113 1006 1165 quotidianum
1021 1110 1076 1148 illi
1086 1109 1220 1158 cibum,
1233 1122 1274 1146 ac

324 1176 562 1215 necessarium
578 1190 685 1214 usum
703 1175 853 1221 tribuas,
874 1182 914 1210 ut
928 1171 1041 1221 vivat,
1060 1179 1094 1209 et
1106 1184 1176 1208 non
1193 1183 1276 1222 per-

323 1247 379 1275 eat
394 1253 401 1274 :
424 1246 458 1275 et
471 1250 584 1289 neque
601 1236 671 1275 hoc
684 1237 798 1274 facere
813 1234 985 1287 dignaris,
1001 1245 1114 1284 neque
1130 1234 1276 1283 cogitas,

321 1308 356 1336 te
374 1298 584 1350 plerumque
599 1297 717 1336 subito
736 1297 940 1348 abreptum,
971 1293 1090 1332 omnia
1104 1307 1182 1344 quae
1198 1292 1276 1330 col-
1297 1294 1322 1324 B

322 1360 412 1397 lecta
433 1369 515 1397 sunt
538 1359 598 1398 hic
613 1359 826 1409 relinquere,
855 1365 888 1395 et
906 1355 1089 1394 interdum
1103 1354 1139 1391 in
1158 1353 1277 1391 hostes

322 1426 356 1455 et
374 1417 538 1455 inimicos
556 1416 740 1454 transferri
759 1431 769 1465 ;
786 1424 820 1453 te
846 1423 966 1453 autem
985 1412 1139 1466 peccatis
1160 1411 1276 1450 omni-

322 1478 403 1525 bus,
419 1492 482 1529 per
500 1491 578 1528 quae
592 1477 671 1515 haec
683 1475 870 1527 collegisti,
892 1484 1010 1513 tecum
1025 1473 1176 1525 receptis
1190 1472 1277 1510 hinc

322 1539 488 1590 migrare.
510 1538 556 1576 Et
575 1537 664 1588 quid
677 1546 763 1575 tunc
781 1536 877 1574 dices
893 1536 930 1573 in
946 1534 1005 1573 die
1022 1534 1085 1572 illo
1097 1533 1277 1571 terribili?

321 1598 505 1650 quomodo
518 1607 552 1636 te
563 1598 764 1645 excusabis,
780 1597 840 1648 qui
857 1597 906 1634 ita
920 1595 1140 1647 negligenter
1153 1594 1278 1632 salutis

321 1658 504 1709 negotium
517 1657 705 1695 instituisti
718 1657 735 1694 Ξ)
751 1658 941 1709 Propterea
953 1655 1043 1692 mihi
1055 1654 1277 1706 obtempera,

320 1727 355 1756 et
386 1732 467 1755 cum
487 1717 606 1755 adhuc
624 1726 765 1769 tempus
784 1716 910 1765 habes,
935 1729 1019 1767 opes
1039 1728 1278 1766 supervacuas

320 1778 507 1827 distribue,
529 1787 569 1816 ut
590 1777 693 1830 prius
717 1777 794 1815 illic
824 1777 862 1814 in
891 1786 991 1814 tuam
1025 1775 1180 1827 reposita
1213 1774 1278 1813 ha-

321 1840 404 1877 beas
427 1839 590 1887 salutem,
620 1847 654 1876 et
675 1852 742 1891 pro
759 1838 832 1875 illis
851 1845 1022 1890 perpetua
1039 1836 1134 1874 bona
1155 1849 1276 1873 conse-

322 1900 443 1951 quaris
466 1916 474 1936 :
494 1914 572 1951 quae
586 1913 651 1937 nos
670 1912 792 1937 omnes
807 1898 966 1936 obtinere
985 1896 1178 1947 contingat,
1196 1909 1277 1947 gra-

324 1963 373 2000 tia
393 1969 428 1999 et
457 1961 676 2013 benignitate
695 1959 843 1998 Domini
878 1959 989 1997 nostri
1019 1960 1103 1998 Jesu
1129 1957 1277 2005 Christi,
1297 1972 1323 2003 0

324 2037 405 2061 cum
426 2036 498 2073 quo
517 2022 615 2061 Patri
639 2022 747 2059 simul
765 2031 799 2059 et
819 2020 972 2074 Spiritui
994 2028 1113 2057 sancto
1133 2019 1179 2057 sit
1202 2019 1279 2070 glo-

325 2083 390 2127 ria,
410 2083 615 2134 imperium,
631 2082 757 2131 honor,
775 2096 868 2120 nunc
883 2091 916 2121 et
931 2095 1084 2134 semper,
1106 2089 1141 2118 et
1156 2079 1192 2118 in
1213 2093 1278 2118 sae-

325 2145 404 2182 cula
427 2144 648 2182 saeculorum.
674 2145 796 2182 Amen.

636 2598 851 2638 HOMILIA
873 2595 976 2636 XXI.

1350 500 1547 555 εὐρυχωρία
1563 501 1623 539 καὶ
1639 501 1755 540 ἀνέσει
1769 502 1996 549 καταστήσει.
2016 502 2221 555 Ἔκχέωμεν
2239 503 2369 549 τοίνυν,

1346 564 1561 613 παρακαλῶ,
1584 561 1858 613 τὰάποκείμενα
1879 564 1925 607 εἰς
1949 564 2012 606 τὰς
2038 566 2108 601 τῶν
2126 564 2285 611 πενήτων
2307 580 2372 616 γα-

1349 623 1492 676 στέρας,
1521 623 1582 662 καὶ
1613 623 1811 676 σπείρωμεν
1841 627 1888 668 ὡς
1915 624 1967 662 ἔτι
1998 624 2214 677 καιρὸς,ἵνα
2241 627 2288 669 εἰς
2314 625 2373 664 τὸν

1351 683 1470 723 δέοντα
1485 687 1605 739 καιρὸν
1628 685 1831 739 θερίσωμεν,
1851 686 1932 724 ε’καὶ
1948 685 1996 736 μὴ
2011 686 2211 739 προϊέμενοι
2224 685 2288 732 τὴν
2304 701 2374 724 πα-

1351 750 1474 798 ροῦσαν
1500 745 1676 799 εὐκαιρίαν
1711 745 1852 799 ὕστερον
1895 746 2045 792 ἀνόνητα
2080 746 2376 796 μεταμελώμεθα.

1349 807 1410 855 Μὴ
1432 806 1501 859 γὰρ
1530 807 1587 846 διὰ
1606 811 1707 846 τοῦτο
1728 808 1873 846 πλείονοί
1897 823 1952 846 σοι
1980 807 2188 860 κεχάρισται
2207 810 2224 845 ὃ
2253 806 2375 859 φιλοίν-

1349 870 1483 919 θρωπος
1501 867 1700 915 Δεσπότης,
1728 866 1785 905 ἵνα
1815 869 1862 911 εἷς
1895 868 1958 914 τὴν
1980 870 2102 906 ἑαυτοῦ
2123 866 2225 917 μόνον
2245 865 2369 918 χρείαν

1347 928 1602 981 καταναλώσης
1611 928 1655 966 τὰ
1675 928 1815 967 δοθέντα
1827 958 1836 976 ,
1856 929 1917 966 καὶ
1938 928 1983 967 τὰ
2000 927 2108 966 λοιπὰ
2124 926 2294 978 ταμιείοις
2313 926 2373 964 καὶ

1346 990 1524 1034 κιέωτίοις
1539 989 1806 1037 &ammeio-‚423
1823 992 1876 1028 Οὐ
1894 989 1950 1027 διὰ
1964 994 2082 1037 τοῦτο,
2097 990 2174 1027 ἀλλ’
2191 988 2266 1036 ἵνα,
2281 987 2374 1025 κατὰ

1346 1050 1410 1096 τὴν
1429 1050 1632 1102 παραίνεσιν
1653 1050 1716 1096 τὴν
1740 1050 1990 1097 ἀποστολικὴν,
2009 1049 2049 1088 τὸ
2069 1050 2127 1089 σὸν
2155 1049 2374 1103 περίσσευμα

1346 1109 1489 1159 γένηται
1505 1113 1553 1154 εἰς
1570 1110 1610 1148 τὸ
1628 1112 1698 1147 τῶν
1715 1111 1830 1148 ἄλλων
1847 1111 2042 1163 ὑστέρημα.
2064 1111 2134 1149 Καὶ
2150 1110 2190 1148 σὺ
2209 1110 2270 1162 μὲν
2289 1109 2374 1153 ἴσως

1346 1170 1406 1208 καὶ
1421 1170 1508 1223 ὑπὲρ
1525 1170 1588 1218 τὴν
1606 1170 1729 1223 χρείαν
1752 1171 1939 1215 ἀπολαύεις
1953 1203 1962 1220 ,
1982 1172 2042 1210 καὶ
2062 1174 2097 1210 ἐν
2118 1176 2161 1224 τῇ
2182 1174 2292 1223 τρυφῇ
2313 1171 2373 1209 καὶ

1347 1235 1380 1271 ἐν
1401 1238 1472 1276 τοῖς
1495 1233 1671 1283 ἐσθήμασι
1692 1233 1752 1271 καὶ
1774 1235 1808 1272 ἐν
1827 1234 1917 1285 ἄλλῃ
1945 1233 2150 1285 πολυτελείᾳ
2178 1234 2299 1282 πολλῷ
2323 1235 2376 1285 τῷ

1348 1293 1487 1346 ἀργύρῳ
1506 1292 1721 1347 κεχρημένος
1733 1321 1742 1339 ,
1759 1294 1818 1332 καὶ
1837 1293 1943 1346 μέχρι
1959 1296 2028 1331 τῶν
2057 1296 2200 1332 οἰκετῶν
2225 1293 2286 1332 καὶ
2305 1295 2375 1331 τῶν

1348 1356 1483 1407 ἀλόγων
1510 1361 1629 1394 τοῦτον
1652 1356 1870 1408 κερματίζων
1882 1371 1889 1379 ·
1910 1359 1928 1394 ὃ
1945 1356 1980 1394 δὲ
1999 1355 2104 1403 πένης
2123 1355 2218 1395 οὐδὲν
2243 1354 2375 1394 τούτων

1347 1419 1444 1464 ζητεῖ
1462 1417 1559 1469 παρὰ
1577 1420 1657 1465 σοῧ,
1675 1417 1697 1464 ἢ
1718 1418 1819 1468 μόνον
1835 1417 1937 1468 λιμὸν
1956 1417 2299 1469 παραμυθήσασθαι,
2315 1417 2376 1455 καὶ

1348 1478 1409 1526 τὴν
1431 1479 1622 1530 ἀναγκαίαν
1644 1478 1768 1531 χρείαν
1785 1479 1845 1517 καὶ
1860 1479 1923 1526 τὴν
1942 1479 2113 1533 ἐφήμερον
2134 1481 2227 1531 αὐτῷ
2242 1477 2372 1530 τροφὴν

1347 1545 1557 1591 παρασχεῖν,
1578 1538 1668 1578 ὥστε
1698 1543 1866 1586 συστῆναι
1885 1540 1944 1578 καὶ
1971 1539 2020 1590 μὴ
2041 1540 2294 1592 διαφθαρῆναι·
2317 1537 2377 1576 καὶ

1348 1600 1426 1639 οὐδὲ
1441 1604 1542 1638 τοῦτο
1560 1600 1668 1653 ἀνέχῃ
1687 1603 1853 1648 ποί-ἧσαι,
1874 1599 1950 1638 οὐδὲ
1968 1600 2088 1651 λογίζῃ
2100 1630 2109 1647 ,
2126 1600 2181 1639 ὅτι
2207 1599 2377 1642 πολλάκις

1349 1660 1470 1714 ἀθρόον
1484 1661 1717 1711 ἀναρπασθεὶς
1736 1661 1780 1699 τὰ
1797 1660 1859 1712 μὲν
1878 1661 2090 1712 συλλεγέντα
2107 1661 2245 1699 ἅπαντα
2261 1662 2380 1698 ἐντεῦ-

1348 1725 1404 1759 θεν
1423 1721 1722 1772 καταλιμπάνεις,
1744 1721 1804 1759 καὶ
1825 1721 1932 1760 ἐνίοτε
1960 1723 2007 1764 εἷς
2027 1721 2168 1773 ἐχθροὺς
2194 1721 2253 1759 καὶ
2276 1721 2377 1758 πολε·

1350 1781 1447 1833 μίους
1462 1787 1572 1821 ταῦτα
1594 1782 1868 1832 μεταστήσεται·
1889 1782 1990 1826 αὐτὸς
2007 1782 2042 1820 δὲ
2071 1782 2115 1821 τὰ
2135 1782 2377 1834 ἁμαρτήματα

1348 1843 1505 1890 ἅπαντα,
1526 1843 1559 1888 ἐξ
1581 1837 1629 1881 ὧν
1650 1847 1762 1881 ταῦτα
1778 1844 1974 1895 συλλέγεις,
1990 1846 2065 1894 μεθ’
2090 1846 2212 1882 ἑαυτοῦ
2226 1843 2242 1863 ¹²
2255 1843 2376 1882 λαὲὼν

1349 1903 1444 1942 ἄπει.
1461 1903 1530 1941 Καὶ
1548 1903 1582 1941 τί
1596 1918 1681 1941 ποτε
1697 1905 1784 1956 ἐρεῖς
1800 1904 1892 1941 κατὰ
1904 1904 1968 1951 τὴν
1989 1904 2124 1956 ἡμέραν
2153 1904 2288 1951 ἐκείνην
2312 1905 2377 1952 τὴν

1349 1965 1519 2018 φοὸεροίν,
1533 1965 1567 2003 τί
1583 1965 1618 2003 δὲ
1638 1965 1842 2018 ἀπολογήσῃ
1862 1965 1952 2003 οὕτω
1969 1965 2131 2019 ῥαθύμως
2146 1965 2190 2004 τὰ
2209 1965 2299 2004 κατὰ
2313 1966 2379 2013 τὴν

1350 2030 1473 2065 ἑαυτοῦ
1485 2026 1660 2079 σωτηρίαν
1674 2028 1923 2078 οἰκονομήσας,
1939 2027 2007 2066 Διὰ
2023 2032 2124 2066 τοῦτο
2138 2027 2215 2078 ἐμοὶ
2231 2027 2379 2076 πείθοιο,

1349 2089 1410 2127 καὶ
1429 2092 1476 2132 ὡς
1495 2088 1546 2126 ἔτι
1575 2088 1694 2141 καιρὸν
1715 2088 1825 2141 ἔχεις,
1843 2094 1857 2109 ‘²
1870 2089 2046 2140 διάνειμαι
2071 2088 2114 2126 τὰ
2143 2089 2290 2141 περιττὰ
2308 2093 2377 2128 τῶν

1349 2149 1558 2202 χρημάτων,
1577 2148 1634 2186 ἵνα
1660 2149 1724 2196 τὴν
1744 2152 1816 2188 ε’κεῖ
1842 2153 1960 2202 σαυτῷ
1979 2153 2162 2201 προαποθῇ
2186 2150 2376 2203 σωτηρίαν,

1351 2210 1411 2248 καὶ
1436 2212 1505 2247 τῶν
1533 2209 1681 2247 αἰωνίων
1700 2212 1839 2261 ἀγαθῶν
1858 2210 2008 2262 εὸρῆσῃς
2034 2209 2098 2256 τὴν
2127 2210 2376 2249 ἀνταπόδοσιψ

1351 2266 1391 2316 ἧς
1407 2271 1540 2322 γένοιτο
1563 2270 1697 2314 πάντας
1713 2274 1808 2321 ἡμᾶς
1825 2273 2014 2323 ἐπιτυχεῖν,
2030 2271 2151 2323 χάριτι
2170 2271 2229 2308 καὶ
2249 2273 2374 2323 φιλαν-

1352 2331 1489 2384 θρωπία
1507 2335 1566 2370 τοῦ
1586 2331 1714 2384 Κυρίου
1733 2333 1833 2382 ἡμῶν
1849 2332 1966 2379 Ἰησοῦ
1986 2333 2159 2385 Χριστοῦ,
2177 2333 2252 2385 μεθ’
2269 2326 2308 2370 οῧ
2324 2334 2375 2384 τῷ

1352 2392 1470 2444 Πατρὶ
1490 2393 1564 2444 ἅμα
1582 2395 1631 2445 τῷ
1648 2392 1736 2444 ἁγίῳ
1760 2392 1941 2444 Πνεύματι
1969 2392 2067 2441 δόξα,
2092 2394 2234 2445 κράτος,
2260 2393 2345 2444 τιμὴ
2363 2422 2374 2439 ,

1353 2459 1409 2493 νῦν
1430 2454 1489 2492 καὶ
1510 2454 1574 2502 ἀεὶ,
1592 2454 1651 2492 καὶ
1666 2455 1714 2498 εἰς
1729 2453 1807 2498 τοὺς
1824 2455 1951 2497 αἰῶνας
1963 2457 2032 2493 τῶν
2050 2454 2198 2494 αἰώνων.
2212 2455 2335 2506 Ἀμήν,

1728 2589 1907 2627 ΟΜΙΛΙΑ
1935 2586 2004 2627 κα’.

137 2714 316 2744 Gan.5.i.2.
333 2708 404 2745 Iste
431 2713 482 2743 cst
515 2703 606 2742 liber
625 2700 862 2754 generationis
889 2698 1091 2748 hominum,
1127 2696 1187 2735 die
1213 2711 1283 2748 quo
1305 2697 1328 2725 D
1355 2694 1449 2741 Αὕτη
1463 2697 1484 2739 ἦ
1500 2694 1616 2744 βίὸλος
1632 2693 1796 2744 γενέσεως
1813 2692 2017 2746 ἀνθρώπων,
2033 2687 2058 2744 ᾖ
2076 2693 2191 2745 ἡμέρᾳ
2211 2693 2377 2739 ἐποίησεν

389 2765 470 2804 fecit
497 2766 594 2802 Deus
626 2762 753 2811 Adam,
784 2760 980 2799 secundum
1003 2757 1195 2811 imaginem
1216 2758 1284 2795 Dei

388 2827 470 2865 sccit
487 2826 606 2873 illum,
640 2822 841 2861 masculum
869 2830 903 2860 et
930 2821 1099 2859 feminam
1125 2819 1208 2857 fecit
1239 2818 1285 2856 il—

383 2888 436 2926 los
453 2918 463 2937 ,
494 2895 528 2925 ct
557 2885 702 2924 vocavit
731 2897 858 2923 nomen
888 2896 1013 2921 eorum
1043 2879 1180 2931 Adam,
1216 2893 1284 2931 qua

387 2949 446 2987 die
464 2947 548 2987 fecit
562 2960 633 2986 eos.

390 3074 424 3109 1.
446 3071 602 3121 Magnus
621 3077 654 3106 ct
672 3066 865 3105 ineffabilis
880 3065 1080 3113 thesaums,
1096 3062 1232 3111 dilecti,
1248 3064 1284 3101 in

336 3133 454 3172 verbis
475 3131 580 3170 modo
598 3130 696 3168 lectis
717 3127 918 3167 reconditus
936 3135 999 3165 est.
1038 3125 1086 3164 Et
1107 3125 1180 3164 scio
1204 3124 1283 3177 qui-

375 3275 389 3290 ·
412 3264 508 3304 Haec,
528 3267 576 3296 καὶ
593 3267 637 3304 μὴ
652 3263 819 3305 προϊέμενοι
832 3266 885 3297 τὴν
907 3262 1059 3304 παροῦσαν
1078 3260 1227 3302 εὐκαιρίαν
1245 3258 1331 3289 ὕστε-

329 3334 382 3363 ρον
387 3340 525 3350 ..........
552 3319 592 3348 τὰ
615 3319 694 3346 κατὰ
723 3317 776 3349 τὴν
808 3315 914 3344 ἑαυτοῦ
944 3314 1094 3353 σωτηρίαν
1120 3313 1330 3350 οἰκονομήσας,

328 3381 400 3412 qum
416 3366 590 3401 dimidiam
607 3365 673 3397 sere
688 3364 842 3406 paginam
858 3369 1043 3403 occupant,
1057 3360 1178 3393 desunt
1190 3361 1223 3392 in
1240 3358 1333 3392 Cois-

328 3424 452 3455 liniano
473 3418 607 3452 Codice.
629 3415 717 3449 lbid.
735 3423 800 3447 tres
822 3415 899 3447 uss.
922 3421 975 3448 τὴν
997 3420 1150 3458 παροῦσαν
1173 3417 1332 3457 εὐημερίαν

1407 2759 1425 2793 ὁ
1444 2755 1533 2798 Θεὸς
1555 2755 1611 2793 τὸν
1633 2754 1763 2804 Ἀδὰμ,
1783 2753 1862 2791 κατ’
1881 2754 1996 2792 εἰκόνα
2018 2755 2110 2792 Θεοῦ
2135 2754 2294 2801 ἐποίησεν
2315 2755 2376 2791 αὖ-

1408 2817 1478 2860 τον,
1501 2816 1604 2867 ἄρσεν
1621 2816 1680 2853 καὶ
1708 2817 1793 2861 θῆλυ
1813 2814 1973 2860 ἐποίησεν
1997 2814 2137 2862 αὐτοὺς,
2164 2815 2224 2853 καὶ
2243 2816 2377 2853 ἐπωνό-

1410 2893 1499 2928 μασε
1528 2877 1567 2914 τὸ
1588 2878 1698 2927 ὄνομα
1726 2879 1837 2915 αὐτῶν
1867 2870 2042 2928 Ἀδὰμ,ᾗ
2069 2877 2185 2930 ἡμέρᾳ
2213 2877 2377 2923 ἐποίησεν

1411 2939 1541 2981 αὐτούς.

1408 3062 1523 3105 Πολὺς
1546 3063 1604 3100 καὶ
1632 3063 1760 3115 ἄφατος
1782 3065 1800 3100 ὁ
1819 3061 2010 3114 θησαυρὸς,
2030 3061 2225 3113 ἀγαπητοὶ,
2243 3063 2277 3099 ἐν
2304 3066 2375 3104 τοῖς

1354 3123 1552 3177 πρόσφατον
1579 3127 1838 3175 ἀναγνωσθεῖσι.
1867 3123 1937 3162 Καὶ
1967 3117 2043 3162 οἶδα
2077 3122 2140 3173 μὲν
2166 3122 2219 3160 δ’τι
2250 3122 2373 3161 πολλοὶ

1364 3259 1496 3301 ὕστερον.

1411 3309 1426 3332 b
1452 3309 1524 3339 Duo
1540 3308 1615 3341 Mss.
1636 3314 1733 3343 λαέὼν
1747 3316 1856 3344 ἄπεισι.

1410 3371 1422 3384 e
1447 3360 1601 3403 Quinque
1616 3361 1691 3393 Mss-
1705 3364 1853 3403 ὃιάνειμι,
1872 3359 1966 3394 male.
1985 3360 2087 3393 Savil.
2107 3363 2236 3402 διά-μεμε.
