2516 3791
117 2538 139 2555 1.
170 2528 242 2555 Γιηι.
266 2527 295 2555 s).

114 2964 136 2981 1.
157 2957 227 2983 Tum.
243 2965 269 2983 2.

312 153 405 199 816

309 250 389 288 freti
414 248 637 288 contumeliis
656 261 713 286 eos
731 247 893 285 afficiunt
916 262 923 282 :
946 245 1014 283 nisi
1043 237 1258 296 permisisset

310 313 421 361 Deus,
444 319 482 348 ut
495 309 577 348 illos
600 308 757 348 succensi
785 307 1050 354 ulciscerentur,
1073 313 1106 341 et
1124 303 1257 355 impro-

310 372 374 410 bos
392 373 501 410 factos
520 370 651 408 liberos
679 368 803 421 procul
831 365 1076 412 amandarent,
1098 377 1168 415 quo
1187 377 1258 402 non

311 448 347 470 se
366 432 528 484 nequitiae
557 444 681 482 genere
709 426 1026 466 contaminassent?
1045 424 1128 463 Ideo
1145 433 1178 462 et
1194 438 1258 461 na—

310 504 398 532 turae
421 492 634 539 necessitate,
655 499 688 527 et
705 489 900 527 liberorum
928 486 1087 524 moribus
1106 485 1172 523 niti
1190 499 1257 538 pa-

310 564 449 592 rentum
479 565 634 590 amorem
661 549 777 588 voluit
802 549 911 597 Deus,
931 556 971 585 ut
989 556 1023 585 et
1037 546 1261 584 mediocriter

309 614 536 667 peccantibus
555 611 693 662 liberis,
714 609 762 648 ad
778 610 846 648 hoc
862 622 920 647 eos
932 608 1104 648 invitante
1118 616 1258 656 natura,

307 675 448 713 veniam
471 673 610 720 darent,
633 680 666 710 et
683 672 894 724 depravatos
921 679 1028 721 atque
1055 669 1259 708 immedica-

308 735 374 773 bili
401 734 526 773 morbo
552 733 753 772 laborantes
781 731 962 785 punirent,
984 744 1027 769 ne
1054 730 1102 768 ad
1128 729 1259 769 vitium

307 797 387 834 illos
407 794 629 847 indulgentia
650 808 712 832 sua
732 792 927 842 erudirent,
945 792 972 830 si
993 800 1119 830 natura
1136 804 1259 829 rursus

307 857 476 906 vinceret,
504 869 632 906 eosque
658 854 780 893 liberis
807 853 882 892 suis
910 852 1070 891 blandiri
1102 860 1255 903 cogeret,

306 918 412 956 etiam
432 932 516 956 cum
540 915 694 969 improbi
722 923 848 954 essent.
872 915 1022 961 Quantae
1048 914 1117 951 11οο
1142 927 1259 964 quaeso

307 979 556 1031 providentiae,
583 992 665 1016 cum
695 986 729 1015 et
758 976 908 1028 diligere
927 975 1052 1028 jubeat
1083 983 1118 1013 et
1146 975 1259 1013 amori

308 1041 455 1078 modum
467 1053 610 1093 ponere,
624 1048 657 1077 et
668 1051 791 1076 rursus
805 1037 946 1090 optimae
960 1036 1158 1074 liberorum
1173 1035 1260 1074 edu-

309 1101 437 1140 cationi
466 1099 662 1139 mercedem
690 1098 904 1137 constituat?
925 1096 1148 1150 Propositam
1164 1096 1260 1135 enim

308 1178 381 1202 esse
400 1162 598 1200 mercedem
621 1170 655 1199 et
678 1174 747 1199 non
778 1159 864 1199 viris
893 1167 1046 1208 tantum,
1067 1157 1128 1196 sed
1153 1157 1260 1197 etiam

308 1224 449 1262 feminis
471 1232 510 1260 ut
530 1222 721 1274 intelligas,
738 1211 823 1259 audi
853 1234 922 1271 quo
949 1228 1054 1273 pacto
1082 1218 1204 1257 multis
1222 1219 1259 1258 in

308 1285 396 1323 locis
411 1294 444 1324 et
458 1285 504 1323 ad
517 1284 597 1322 illas
611 1292 644 1321 et
657 1283 702 1322 de
715 1283 787 1321 illis
806 1282 992 1334 Scriptura
1010 1281 1115 1321 verba
1135 1280 1255 1328 saciat,

309 1359 421 1398 neque
436 1345 554 1384 minus
567 1344 614 1382 ad
632 1344 713 1382 illas
730 1357 839 1395 quam
854 1341 901 1380 ad
919 1341 1028 1381 viros.
1052 1341 1145 1379 Cum
1165 1341 1259 1379 enim

115 1424 142 1466 1'
163 1416 238 1473 Τι’ῃι.
265 1425 293 1445 ο.
309 1407 459 1447 dixisset
472 1406 618 1455 Paulus,
633 1406 779 1443 M'ulier
794 1413 926 1442 autem
940 1404 1099 1441 seducta
1109 1405 1149 1440 in
1157 1416 1257 1454 prae-

113 1468 156 1496 ¹{·
182 1469 228 1488 1.)-

312 1471 549 1508 varicatione
575 1467 670 1518 fuit,
705 1464 848 1517 adjecit,
879 1464 1104 1503 Salvabitur
1130 1472 1259 1502 autem

303 1545 374 1583 per
385 1531 569 1583 filiorum
596 1529 896 1580 generationem.
917 1524 1024 1571 Quod
1048 1534 1165 1563 autem
1192 1525 1256 1576 ait,

307 1593 399 1630 hanc
425 1589 632 1629 sententiam
658 1587 766 1626 habet
789 1602 796 1623 :
820 1586 927 1624 Doles
954 1585 1049 1637 quod
1073 1595 1107 1623 te
1131 1586 1261 1624 mulier

306 1652 424 1705 prima
444 1651 481 1689 in
501 1658 625 1703 partus
645 1647 784 1686 dolores
807 1646 1032 1697 laboresque,
1056 1660 1097 1684 ac
1117 1646 1261 1697 longam

310 1713 401 1751 uteri
418 1711 648 1765 gestationem
675 1707 889 1761 conjecerit?
907 1710 952 1745 At
968 1716 1006 1745 tu
1023 1706 1097 1745 noli
1116 1720 1261 1745 suecen-

310 1789 384 1813 sere
402 1790 409 1811 :
430 1787 542 1825 neque
565 1772 660 1810 enim
678 1779 775 1809 tanto
795 1769 924 1808 damno
951 1777 1095 1822 propter
1122 1768 1263 1809 dolores

310 1845 431 1889 partus
456 1844 489 1874 et
507 1834 645 1872 labores
673 1833 798 1871 affecta
822 1845 872 1881 eS,
893 1839 1067 1882 quantum
1086 1839 1263 1881 quaestum

308 1898 407 1944 facis,
427 1897 457 1935 si
471 1896 575 1944 velis,
589 1895 676 1933 dum
690 1894 867 1933 honorum
881 1905 1028 1945 operum
1043 1892 1263 1930 occasionem

309 1974 353 1998 ex
367 1968 461 1997 recta
483 1958 680 1997 liberorum
699 1954 908 1994 educatione
930 1953 1056 1992 51111115.
1077 1953 1151 2002 Qui
1170 1954 1263 1992 enim

309 2022 381 2059 nati
402 2029 483 2059 sunt
501 2019 622 2070 liberi,
641 2018 670 2056 si
689 2016 956 2056 convenientem
974 2015 1107 2054 suerint
1126 2015 1264 2054 cultum

311 2082 419 2132 nacti,
437 2095 478 2120 ac
491 2091 551 2120 tua
566 2094 650 2118 cura
671 2079 800 2118 fuerint
815 2077 861 2116 ad
877 2077 1046 2118 virtutem
1066 2076 1261 2128 informati,

312 2144 462 2182 multam
477 2142 544 2181 tibi
559 2141 706 2181 offerent
720 2139 939 2180 occasionem
956 2137 1102 2185 salutis;
1119 2152 1160 2176 ac
1175 2152 1263 2190 prae-

313 2215 364 2244 ter
381 2203 524 2257 propria
549 2203 644 2241 bona
669 2215 775 2254 opera
802 2200 954 2239 multam
979 2199 1025 2237 ob
1047 2197 1206 2237 studium
1226 2198 1262 2237 in

311 2268 376 2304 ista
397 2265 567 2304 collatum
582 2262 729 2315 recipies
749 2259 957 2300 mercedem.

362 2330 401 2366 lo.
433 2329 546 2377 Atque
565 2333 604 2362 ut
624 2323 741 2362 discas
762 2337 832 2361 non
847 2331 991 2375 partum
1010 2330 1158 2360 matrem
1177 2323 1259 2360 effi-
1275 2339 1321 2363 705

737 166 775 196 S.
812 164 998 196 JOANNIS
1036 160 1278 193 CHRYSOST.

1321 160 1525 190 ARCfflEP.
1564 160 1922 191 CONSTANTINOP.

1334 242 1413 280 δίων
1440 242 1558 295 τρόπῳ
1588 243 1627 281 τὸ
1661 242 1799 295 φίλτρον
1830 242 2047 281 ἐνεπίστευσε
2075 243 2142 279 τῶν
2171 243 2295 294 γονέων
2333 244 2352 280 ὁ

1331 303 1435 352 Θεὸς,
1458 303 1513 341 ἵνα
1530 303 1589 342 καὶ
1616 304 1854 356 ἁμαρτάνουσι
1881 303 2065 355 σύμμετρα
2090 303 2352 356 συγγινώσκωσι

1331 370 1402 407 τοῖς
1427 365 1550 413 παισὶ,
1571 367 1634 411 τῆς
1666 363 1800 416 φύσεως
1826 364 1947 407 αὐτοὺς
1972 364 2031 402 ἐπὶ
2063 367 2165 402 τοῦτο
2192 379 2352 416 παρακα-

1330 424 1476 474 λούσης,
1492 424 1552 463 καὶ
1569 424 1738 476 πονηροὺς
1755 425 1954 477 γινομένους
1971 425 2032 464 καὶ
2063 425 2188 464 ἀνίατα
2215 430 2354 464 νοσοῦν-

1331 503 1393 531 τας
1413 486 1462 538 μὴ
1483 487 1754 538 παιδοτριὸὦσιν
1777 486 1859 525 ί’ἐπὶ
1887 485 2013 525 κακίαν
2038 489 2081 537 τῇ
2101 486 2269 539 πονηρίᾳ,
2290 489 2353 533 τῆς

1332 547 1464 600 φύσεως
1484 548 1588 585 πάλιν
1618 546 1829 599 ἐλεγχούσης
1850 547 1910 586 καὶ
1937 547 2128 598 δυναμένης
2157 547 2354 598 ἀναγκάσαι

1333 609 1392 647 καὶ
1412 609 1560 662 φαύλους
1578 608 1780 661 γενομένους
1805 609 2005 663 Θεραπεύειν
2027 608 2105 652 τοὺς
2127 609 2265 652 παῖδας.
2281 608 2354 646 Πό-

1333 685 1397 716 σης
1422 673 1535 708 ταῦτα
1562 668 1740 724 προνοίας,
1758 668 1833 707 εἰπέ
1867 685 1943 720 μοι,
1977 669 2037 707 καὶ
2066 669 2106 707 τὸ
2135 669 2297 707 κελεῦσαι
2319 668 2355 707 δὲ

1332 733 1456 783 φιλεῖν,
1475 731 1534 769 καὶ
1562 732 1602 770 τὸ
1629 730 1752 783 μέτρον
1792 733 1959 770 ἐπιθεῖναι
1984 733 2034 783 τῷ
2064 730 2213 783 φίλτρῳ,
2231 730 2290 769 καὶ
2316 731 2357 769 τὸ

1333 792 1438 830 πάλιν
1453 792 1604 843 ἀμοιὸἢν
1619 792 1735 845 ὁρίσαι
1749 795 1792 844 τῇ
1808 793 1898 844 καλῇ
1916 791 2163 845 παιδοτροφίᾳ,
2177 791 2261 830 εὈτι
2286 791 2356 845 γὰρ

1334 852 1464 903 ἀμοιὸὴ
1498 858 1632 901 κεῖται,
1666 853 1725 891 καὶ
1749 854 1815 893 ,οὐκ
1847 852 1992 906 ἀνδράσι
2024 852 2140 903 μόνον,
2173 852 2264 891 ἀλλὰ
2295 853 2357 891 καὶ

1332 913 1496 964 γυναιξὶν,
1516 914 1660 953 ἄκουσον
1679 917 1753 957 πῶς
1765 916 1947 966 πολλαχοῦ
1964 913 2024 952 καὶ
2042 914 2182 957 ταύταις
2202 914 2356 967 καὶπερὶ

1331 974 1462 1013 τούτων
1483 978 1504 1022 ἢ
1524 974 1646 1027 Γραφὴ
1667 974 1884 1026 διαλέγεται,
1904 975 1963 1012 καὶ
1982 977 2046 1027 οὐχ
2072 969 2176 1021 ἧττον
2196 974 2356 1022 ταύταις,

1334 1035 1356 1082 ἢ
1381 1043 1451 1080 τοῖς
1476 1035 1653 1088 ἀνδράσιν.
1673 1034 1792 1074 Εἰπὼν
1814 1035 1882 1088 γὰρ
1908 1038 1926 1073 ὃ
1948 1037 2108 1082 Παῦλος,
2128 1035 2174 1074 ‘H
2205 1035 2242 1074 δὲ
2269 1036 2355 1087 γυνὴ

1333 1096 1590 1144 ἐξαπατηθεῖσα
1614 1098 1650 1134 ἐν
1670 1095 1870 1148 παραὸάσει
1900 1094 2051 1147 γέγονεν,
2078 1095 2249 1147 ἐπήγαγε·
2283 1097 2357 1134 Σω-

1334 1159 1478 1205 θήσεται
1499 1158 1535 1198 δὲ
1556 1158 1613 1197 διὰ
1627 1161 1689 1205 τῆς
1702 1156 1934 1209 τεκνογονίας.
1952 1156 2003 1196 ⁶0
2020 1157 2055 1196 δὲ
2076 1157 2182 1208 λέγει,
2204 1157 2355 1197 τοιοῦτόν

1334 1222 1443 1259 ἐστιν·
1465 1223 1599 1271 ἀλγεῖς,
1619 1218 1735 1272 φησὶν,
1756 1217 1809 1256 ὅτι
1836 1233 1875 1256 σε
1892 1221 1914 1265 ἢ
1934 1217 2059 1269 πρώτη
2087 1218 2174 1270 γυνὴ
2205 1220 2254 1261 εἷς
2277 1220 2356 1257 ὠδῖ-

1333 1298 1394 1326 νας
1423 1281 1482 1320 καὶ
1504 1281 1628 1325 πόνους
1655 1280 1797 1320 ἐνέὸαλε
1822 1279 1883 1318 καὶ
1913 1278 2035 1327 κύησιν
2066 1279 2224 1333 μακράν,
2253 1280 2358 1319 Ἀλλὰ

1335 1344 1383 1395 μὴ
1418 1342 1647 1395 δυοχεροίνῃς·
1675 1344 1712 1380 οὐ
1743 1341 1811 1393 γὰρ
1844 1345 2004 1379 τοσοῦτον
2040 1341 2259 1392 ἐπηρεᾶσθης
2289 1341 2358 1380 ἀπὸ

1333 1408 1402 1443 τῶν
1431 1405 1575 1451 ὠδίνων,
1609 1403 1669 1441 καὶ
1695 1405 1764 1440 τῶν
1795 1402 1923 1448 πόνων,
1951 1401 2029 1440 ὅσον
2059 1402 2267 1455 κερδαίνεις,
2297 1403 2355 1441 ἐὰν

1334 1466 1457 1517 θέλῃς,
1480 1466 1549 1504 ἀπὸ
1572 1467 1635 1511 τ’ἧς
1655 1463 1902 1516 παιδοτροφίας
1928 1463 2099 1515 πρόφασιν
2126 1463 2357 1513 λαμὸοίνουσα

1333 1527 1625 1580 κατορθωμάτων.
1646 1525 1703 1563 Τὰ
1724 1525 1790 1577 γὰρ
1806 1523 1930 1562 παιδία
1944 1523 1988 1562 τὰ
2007 1524 2214 1574 τικτόμενα,
2234 1524 2275 1561 ἂν
2295 1526 2357 1570 τῆς

1334 1588 1578 1641 προσηκούσης
1594 1585 1754 1637 ἀπολαύῃ
1777 1584 1978 1636 θεραπείας,
1994 1584 2055 1622 καὶ
2075 1586 2120 1626 εἷς
2141 1584 2266 1636 ἀρετὴν
2283 1585 2358 1623 ἐνοί-

1332 1665 1437 1700 γηται
1458 1647 1555 1701 παρὰ
1576 1651 1636 1693 τῆς
1657 1650 1719 1693 σῆς
1738 1644 1923 1699 προνοίας,
1953 1646 2085 1691 πολλ’-ῆς
2107 1661 2160 1683 σοι
2181 1645 2357 1697 σωτηρίας

1333 1708 1474 1761 ἀφορμὴ
1492 1708 1552 1746 καὶ
1575 1706 1747 1760 πρόφασις
1771 1705 1920 1757 γίνεται,
1935 1705 1993 1744 καὶ
2013 1706 2098 1758 πρὸς
2123 1711 2194 1749 τοῖς
2218 1706 2358 1749 οἰκείοις

1333 1768 1607 1821 κατορθώμασι,
1623 1768 1684 1806 καὶ
1701 1769 1763 1813 τῆς
1781 1766 1862 1819 περὶ
1884 1771 1995 1805 ταῦτα
2022 1767 2205 1819 θεραπείας
2223 1766 2357 1814 πολλὴν

1335 1830 1500 1883 ἀπολήψῃ
1516 1829 1578 1877 τὴν
1598 1829 1761 1881 ἀμοιὸήν.

1389 2320 1459 2358 Καὶ
1481 2318 1536 2357 ἵνα
1571 2318 1703 2370 μαὈῃς,
1727 2318 1781 2356 ὅτι
1810 2318 1848 2355 οὐ
1879 2317 1917 2355 τὸ
1938 2315 2048 2355 τεκεῖν
2079 2322 2171 2354 ποιεῖ
2200 2316 2357 2369 μητέρα,

310 2403 400 2438 cere,
423 2400 534 2438 neque
555 2384 753 2423 mercedem
770 2383 857 2421 huic
873 2397 945 2421 esse
960 2382 1009 2422 rei
1026 2383 1259 2435 propositam,
1284 2377 1310 2406 Α
1334 2381 1409 2420 οὐδὲ
1433 2380 1544 2432 τούτῳ
1575 2386 1686 2417 κεῖται
1716 2379 1855 2430 μισΟὸς,
1887 2379 1948 2417 καὶ
1979 2381 2134 2430 ἀλλαχοῦ
2173 2377 2235 2428 μὲν
2261 2378 2357 2430 χήρᾳ

311 2449 397 2487 alibi
412 2461 550 2500 quoque
565 2445 715 2486 viduam
732 2444 918 2495 alloquens
933 2443 1066 2481 Paulus
1080 2443 1129 2481 ita
1141 2443 1235 2482 dixit
1251 2461 1259 2481 ε

311 2511 469 2563 Slfilios
494 2510 674 2547 educavit
691 2522 701 2542 :
720 2519 830 2556 neque
850 2504 959 2555 dixit,
976 2504 1014 2543 Si
1037 2504 1130 2543 filios
1153 2520 1262 2558 pepe—

312 2572 370 2622 rit,
387 2571 460 2620 sed,
479 2571 519 2609 Si
524 2570 638 2623 filios
659 2568 852 2606 educavit.
878 2567 972 2604 Nam
1002 2565 1094 2603 illud
1118 2566 1261 2617 quidem

312 2642 462 2681 naturae,
483 2631 551 2669 hoc
578 2643 662 2669 vero
688 2627 792 2666 liberi
817 2635 867 2665 cst
891 2626 1044 2664 arbitrii.
1072 2629 1261 2679 Propterea

312 2709 393 2731 cum
406 2693 465 2731 bic
479 2692 586 2731 ctiam
596 2690 759 2739 dixisset,
774 2689 999 2728 salvabitur
1008 2702 1077 2740 per
1078 2688 1261 2741 filiorurn

309 2757 610 2807 generationem,
646 2764 758 2802 neque
789 2750 849 2787 1110
877 2749 1050 2799 substitit,
1083 2748 1144 2787 scd
1178 2763 1261 2787 cum

311 2814 491 2853 ostendere
514 2813 621 2852 vellet
645 2826 713 2850 non
735 2811 864 2849 liberos
886 2810 1061 2862 genuisse,
1087 2810 1149 2849 scd
1169 2820 1261 2849 recte

311 2876 440 2914 liberos
465 2875 647 2922 educasse,
673 2873 740 2911 1100
761 2872 862 2910 nobis
890 2871 1017 2910 afferre
1044 2871 1260 2921 mercedem,

309 2937 437 2990 adjecit
455 2953 462 2973 :
478 2936 809 2988 &permanserint
823 2933 965 2986 infide,
981 2941 1017 2971 et
1036 2933 1255 2980 dilectione,

308 3008 342 3037 el
357 2998 667 3050 sanctificatione
681 3009 767 3034 cum
780 2997 995 3033 sobrietate.
1007 2994 1169 3041 Quorum
1182 3008 1256 3033 vcr-

1335 2443 1575 2494 διαλεγόμενος
1607 2444 1624 2478 ὁ
1648 2442 1789 2484 Παῦλος
1819 2440 1924 2483 οὕτως
1958 2434 2064 2487 εἶπεν,
2085 2442 2130 2478 Εἰ
2160 2439 2358 2492 ἐτεκνοτρό-

1334 2519 1422 2556 φησε
1439 2519 1446 2526 ·
1485 2502 1544 2541 καὶ
1580 2503 1642 2540 οὐκ
1677 2494 1792 2549 εἶπεν,
1829 2503 1858 2539 εἰ
1890 2500 2169 2548 ἐτεκνοποίησεν,
2201 2501 2277 2538 ἀλλ’
2311 2502 2357 2539 Εἰ

1332 2563 1614 2616 ἕτεκνοτρόφησε.
1638 2562 1690 2600 Τὸ
1711 2561 1772 2612 μὲν
1802 2561 1868 2614 γὰρ
1892 2564 1955 2607 τῆς
1986 2561 2136 2614 φύσεως,
2161 2561 2202 2599 τὸ
2233 2561 2269 2598 δὲ
2294 2564 2357 2607 τῆς

1332 2624 1566 2678 προαιρέσεώς
1583 2626 1669 2663 ἐστι.
1690 2622 1760 2661 Καὶ
1777 2622 1834 2661 διὰ
1861 2625 1962 2661 τοῦτο
1990 2622 2050 2660 καὶ
2069 2625 2216 2660 ἐνταῦθα
2235 2620 2357 2669 εἰπὼν,

1336 2686 1545 2733 ΣωΟήσεται
1566 2684 1622 2722 διὰ
1640 2686 1703 2729 τῆς
1721 2682 1958 2734 τεκνογονίας,
1973 2684 2035 2721 οὐκ
2054 2683 2137 2729 ἔστη
2160 2682 2265 2734 μέχρι
2280 2682 2358 2721 τού-

1331 2764 1409 2795 του,
1427 2746 1516 2785 ἀλλὰ
1532 2744 1638 2789 δεῖξαι
1671 2744 1896 2795 βουλόμενος,
1921 2743 1974 2782 ὅτι
2001 2745 2038 2781 οὐ
2053 2743 2093 2782 το
2119 2746 2284 2795 γεννῆσαι
2302 2743 2357 2781 τέ-

1332 2825 1395 2847 κνα
1408 2839 1417 2856 ,
1438 2807 1528 2846 ἀλλὰ
1545 2806 1583 2845 τὸ
1605 2805 1729 2858 Ορέψαι
1756 2805 1860 2843 τέκνα
1878 2807 2014 2853 καλῶς,
2033 2809 2133 2843 τοῦτο
2160 2808 2245 2854 ἡμῖν
2262 2804 2357 2858 φέρει

1330 2868 1389 2907 τὸν
1410 2868 1545 2920 μισθὸν,
1567 2867 1740 2918 ἐπήγαγεν
1773 2882 1781 2889 ·
1803 2866 1889 2904 Ἐὰν
1912 2865 2119 2916 ἐπιμείνωσι
2145 2868 2188 2916 τῇ
2219 2864 2357 2912 πίστει,

1331 2931 1390 2969 καὶ
1412 2933 1455 2981 τῇ
1486 2929 1702 2981 ἀγοίπῃ,καὶ
1723 2930 1772 2980 τῷ
1804 2929 1969 2980 ἁγιασμῷ
2001 2927 2090 2978 μετὰ
2123 2926 2355 2979 σωφροσύνης.

1326 2990 1376 3029 <*O
1393 2991 1428 3028 δὲ
1443 2990 1549 3041 λέγει,
1564 2989 1663 3028 τοῦτο’
1680 2991 1753 3027 ἐστι
1768 3006 1774 3012 ·
1792 2989 1870 3027 tire
1889 2989 1984 3040 λήψῃ
2005 2987 2112 3026 πολὺν
2138 2988 2196 3026 τὸν
2222 2988 2356 3037 μισθὸν,

306 3061 434 3098 borum
454 3060 513 3097 bic
535 3072 654 3096 sensus
675 3066 748 3094 est:
767 3057 870 3094 Tune
892 3056 1042 3094 multam
1061 3056 1257 3094 mercedem
1284 3065 1306 3094 B
1329 3053 1387 3090 ἐὰν
1407 3054 1439 3089 οἱ
1456 3050 1671 3101 γεννηθέντες
1697 3052 1817 3093 παῖδες
1847 3049 2054 3100 ἐπιμείνωσι
2084 3050 2128 3100 τῇ
2157 3047 2273 3087 πίστει
2297 3048 2356 3086 καὶ

305 3121 467 3173 accipies,
492 3119 519 3158 si
543 3118 603 3169 qui
632 3116 802 3169 procreati
827 3126 908 3154 sunt
925 3116 1028 3155 liberi
1056 3131 1256 3169 permanse-

304 3182 418 3220 rintin
432 3180 558 3228 fide,et
577 3178 762 3216 dilectione
780 3187 810 3215 ct
830 3177 1116 3216 sanctificatione.
1137 3178 1175 3216 Si
1193 3178 1256 3230 igi-

305 3254 361 3281 1111
383 3242 427 3280 ad
448 3242 521 3280 11ωο
550 3255 607 3279 eos
637 3239 769 3285 incites,
787 3239 815 3277 si
837 3238 1036 3291 admoneas,
1057 3239 1085 3278 si
1110 3239 1248 3285 doceas,

341 3382 351 3393 ⁴
373 3370 462 3402 Unus
481 3374 527 3404 ἐπι
543 3384 643 3411 namq,

1330 3117 1372 3164 τῇ
1395 3113 1514 3163 ἀγάπῃ
1538 3111 1596 3149 καὶ
1629 3114 1678 3164 τῷ
1713 3113 1889 3163 ἁγιασμῷ.
1920 3108 1980 3149 Ἂν
2008 3110 2120 3148 τοίνυν
2155 3109 2276 3152 αὐτοὺς
2307 3112 2355 3152 εἰς

1331 3178 1441 3213 ταῦτα
1470 3173 1611 3225 ἐνάγῃς,
1634 3172 1673 3210 ἂν
1706 3173 1933 3224 παρακαλῇς,
1953 3171 1993 3208 ἂν
2015 3171 2172 3222 διδάξῃς,
2193 3170 2232 3207 ἂν
2261 3187 2353 3220 συμ-

1331 3235 1537 3286 &wlede-52,
1554 3237 1615 3280 τῆς
1634 3233 1833 3284 ἐπιμελείας
1854 3233 1981 3279 ταύτης
2007 3232 2158 3271 κείσεταί
2184 3248 2237 3271 σοι
2258 3232 2353 3283 παρὰ
