2516 3791
845 213 902 242 DF.

91 299 110 338 ὃ
132 300 250 351 πολλῷ
268 300 382 349 μεῖζον
412 295 542 335 τούτων
572 296 666 344 ἐστὶ,
687 297 802 348 ψυχῆς
832 294 1031 343 emicem,
1053 292 1111 331 καὶ

89 366 166 411 τοὺς
187 370 221 406 ἐν
240 372 310 410 τοῖς
342 368 498 419 οὐρανοῖς
530 368 612 417 ἡμῖν
647 365 797 404 δείκνυσι
815 362 1030 416 θησαυροὺς,
1052 359 1112 399 καὶ

88 436 241 475 διδάσκει
266 438 340 480 πῶς
359 436 497 474 ἅπαντα
531 434 807 490 διακρουσάμεθα
825 433 992 472 κίνδυνον.
1014 429 1110 483 Χρή-

87 522 182 557 ματα
201 506 264 557 μὲν
280 506 346 559 γὰρ
365 511 560 560 παρασχεῖν
577 506 636 544 καὶ
656 504 850 558 ἀνθρώποις
871 502 1004 558 ῥᾴδιον·
1025 501 1113 553 διορ-

86 578 195 615 θῶσαι
222 576 257 616 δὲ
287 576 401 629 φύσιν,
437 576 497 615 κα).
526 575 675 627 ἀθυμίαν
709 578 813 614 λῦσαι
843 572 1019 620 τοιαύτην,
1051 569 1111 608 καὶ

85 645 205 693 ὀδύνην
235 648 380 693 ἀνελεῖν,
414 645 473 684 καὶ
503 645 618 698 ψυχὴν
652 647 848 691 ἀναστῆσαι
877 641 1109 682 καταπίπτειν

85 717 294 768 μέλλουσαν,
310 721 324 737 ‘¹
337 715 510 770 ἀνθρώπῳ
539 715 601 766 μὲν
622 714 752 763 οὐδενὶ,
769 717 819 767 τῷ
839 712 875 752 δὲ
893 714 956 758 τῆς
977 710 1110 764 φύσεως

86 786 248 838 Δεσπότῃ
279 785 372 838 μόνῳ
392 785 545 824 δυνατόν.
575 784 627 824 Σὺ
644 785 679 822 δὲ
692 815 702 832 ,
722 786 752 822 εἰ
774 782 835 834 μὲν
854 781 994 832 νόσημα
1013 780 1110 819 ἀνία-

83 871 140 894 τον
157 855 285 907 ἔχουσα
297 885 306 902 ,
334 854 393 893 καὶ
411 854 475 901 τὴν
499 853 600 893 πόλιν
629 854 856 907 περιελθοῦσα
876 850 1031 899 ἅπασαν,
1050 849 1110 889 καὶ

83 923 251 976 χρήματα
282 922 534 971 δαπανήσασα,
554 922 612 961 καὶ
641 924 770 977 ἰατροῖς
795 921 1004 974 χρησαμένη
1024 921 1110 959 πολ-

81 992 170 1040 λοῖς,
205 990 263 1029 καὶ
297 990 472 1042 μηδεμίαν
503 995 647 1044 εὑροῦσα
680 989 919 1044 παραμυθίαν,
953 988 1110 1041 ἐνέτυχες

81 1060 215 1112 γυναικὶ
228 1061 267 1099 τὸ
284 1061 366 1100 αὐτὸ
384 1060 543 1114 παθούσῃ
565 1061 672 1105 πάθος
686 1059 745 1098 καὶ
764 1057 1007 1111 ἀπαλλαγείσῃ
1021 1089 1030 1106 ,
1047 1060 1110 1097 οὐκ

81 1130 121 1168 ἂν
134 1129 287 1177 ἀπέστης
301 1130 504 1169 ἱκετεύουσα
516 1162 525 1178 ,
539 1132 795 1183 παρακαλοῦσα
809 1161 818 1178 ,
836 1128 982 1180 δεομένη
996 1160 1004 1176 ,
1019 1127 1110 1167 ὥστε

80 1204 199 1238 πεῖσαι
220 1199 278 1238 τὸν
300 1199 552 1244 ἀπαλλάξαντα
568 1199 696 1244 δεῖξαι·
713 1198 785 1238 νυνὶ
806 1197 840 1237 δὲ
856 1200 974 1250 ὁρῶσα
986 1196 1108 1236 Ἄνναν

78 1272 236 1309 ἑστῶσαν
255 1273 290 1309 ἐν
306 1274 356 1323 τῷ
378 1270 496 1323 μέσῳ,
515 1271 574 1309 καὶ
597 1271 637 1310 τὸ
662 1270 771 1314 πάθος
789 1270 894 1316 αὐτῆς
914 1267 1104 1320 ἐξηγουμέ-

940 211 1058 242 ΛΝΝΑ
1096 209 1244 238 sumto
1282 208 1343 236 ΙΙΙ.

2046 197 2135 258 δῖ7

1188 292 1275 330 Deo.
1304 291 1357 328 Ne
1387 290 1498 341 igitur
1523 290 1692 341 quoniam
1715 291 1882 343 pecunias
1901 299 1934 329 et
1953 302 2139 342 argentum

1184 351 1344 404 accipere
1354 367 1397 390 cx
1410 352 1476 389 liac
1492 351 1691 390 narratione
1706 352 1884 400 nonlicet,
1896 352 2141 391 existimemus

1185 426 1382 451 sermonem
1412 413 1513 452 nobis
1540 412 1790 464 infrugiferum
1811 428 1908 451 esse:
1930 413 1991 451 scd
2010 413 2056 451 ob
2080 414 2141 452 id-

1185 473 1303 526 ipsum
1320 473 1537 512 arbitremur
1556 474 1737 512 lucrosum
1750 483 1783 512 et
1800 474 1938 520 utilem,
1958 474 2054 526 quod
2075 489 2142 513 non

1185 548 1314 572 aurum
1342 544 1594 586 argentumve,
1624 535 1686 573 sed
1717 535 1812 586 quod
1834 536 1877 573 iis
1902 536 2004 586 longe
2029 537 2144 587 majus

1183 604 1250 646 est,
1275 596 1385 634 animi
1404 597 1584 649 pietatem,
1603 597 1828 648 caelestesque
1846 597 2029 635 thesauros
2042 598 2145 636 nobis

1186 656 1341 695 ostendit
1358 686 1369 707 ,
1406 657 1536 695 doeens
1563 672 1634 709 quo
1670 667 1772 710 paeto
1809 658 2008 710 periculum
2041 673 2145 697 omne

1184 717 1617 770 depellamus.Siquidem
1638 719 1760 771 largiri
1787 720 1970 772 pecuniam
1990 720 2145 759 homini-

1184 778 1253 817 bus
1279 779 1314 818 in
1345 780 1497 832 proclivi
1528 789 1580 818 est
1601 789 1663 818 :at
1691 780 1868 832 corrigere
1888 790 2072 831 naturam,
2104 796 2145 820 ac

1183 840 1290 879 talem
1304 855 1490 879 moerorem
1505 851 1670 880 excutere
1682 872 1692 891 ,
1706 842 1811 879 talem
1823 841 1934 880 animi
1948 842 2144 881 cruciatum

1184 902 1327 953 tollere,
1363 903 1519 941 animam
1547 903 1696 955 jamjam
1731 903 1969 955 collapsuram
1992 903 2144 954 erigere,

1183 964 1275 1002 nulli
1291 964 1438 1016 quidem
1453 963 1640 1002 bominum
1652 994 1664 1015 ,
1683 964 1744 1002 sed
1758 964 1823 1002 soli
1840 973 1974 1002 naturae
1989 965 2144 1003 Domino

1184 1024 1220 1063 in
1251 1040 1359 1064 manu
1393 1034 1456 1064 cst.
1493 1027 1551 1064 Tu
1572 1040 1656 1064 vero
1676 1026 1706 1064 si
1729 1040 1810 1064 cum
1833 1025 1958 1063 morbo
1979 1025 2144 1064 laborans

1183 1086 1387 1135 insanabili,
1402 1101 1569 1140 percursa
1584 1096 1654 1125 tota
1667 1087 1811 1126 civitate
1821 1087 1989 1140 pecunias
2005 1087 2144 1140 impen-

1181 1148 1313 1196 disses,
1333 1149 1499 1202 pluribus
1519 1158 1620 1187 utens
1638 1148 1811 1199 medicis,
1834 1164 1896 1187 nec
1918 1149 2035 1187 ullum
2058 1149 2144 1187 mali

1185 1211 1354 1249 solatium
1389 1210 1589 1264 reperisses,
1615 1220 1735 1263 postea
1768 1210 1940 1249 incideres
1960 1211 1994 1248 in
2016 1211 2145 1249 mulie-

1182 1285 1278 1322 rem,
1294 1285 1371 1323 quae
1391 1286 1473 1309 cum
1493 1271 1617 1310 eodem
1636 1272 1761 1310 morbo
1774 1280 1970 1319 teneretur,
1992 1271 2141 1310 liberata

1134 859 1158 889 E

1119 1314 1168 1338 723
1204 1333 1210 1339 .

78 1356 139 1388 νην
156 1371 166 1388 ,
198 1341 256 1379 καὶ
284 1340 325 1379 τὸ
356 1341 539 1394 φάρμακον
579 1340 762 1392 λέγουσαν,
800 1339 860 1378 καὶ
898 1339 957 1377 τὸν
988 1338 1105 1391 ἰατρὸν
1131 1354 1155 1381 A
1182 1342 1250 1382 su,
1272 1347 1341 1371 non
1355 1332 1534 1371 desineres
1552 1333 1915 1384 obsecrare,rogare,
1932 1332 2142 1377 exhortari,

78 1411 296 1450 δεικνύουσαν
314 1413 422 1463 χωρὶς
437 1410 614 1464 ἱκετηρίας
624 1439 633 1457 ,
647 1410 756 1464 χωρὶς
770 1408 1029 1463 παρακλήσεως
1039 1438 1049 1457 ,
1067 1409 1104 1446 οὐ

77 1481 289 1534 προσελεύσῃ
309 1481 368 1519 καὶ
386 1481 482 1534 λήψῃ
498 1482 538 1520 τὸ
565 1481 762 1535 φάρμακον,
783 1478 859 1518 οὐδὲ
883 1478 1016 1531 ἀκούσῃ
1043 1482 1106 1526 τῆς

75 1551 230 1605 ἱστορίας
259 1553 334 1603 μετ’
368 1551 548 1604 ἀκριδείας
570 1550 729 1599 ἁπάσης
750 1549 818 1589 Καὶ
850 1549 941 1594 τίνος
972 1549 1103 1601 δυνήσῃ

76 1622 160 1661 ποτὲ
179 1625 353 1675 ἐπιτυχεῖν
380 1625 532 1673 ἀγαθοῦ,
554 1622 644 1661 Ἀλλ’
664 1621 775 1675 ἕτεροι
802 1620 863 1672 μὲν
887 1620 946 1659 καὶ
965 1620 1102 1673 πελάγη

74 1689 94 1711 b
108 1689 266 1730 διέὸαλον
295 1691 414 1745 μακρὰ
436 1690 606 1734 πολλάκις
620 1721 630 1740 ,
660 1691 720 1729 καὶ
748 1689 883 1738 πολλὴν
903 1690 1102 1741 ἀποδημίαν

75 1759 285 1807 ἐστείλαντο,
304 1759 363 1797 καὶ
381 1759 549 1812 χρήματα
564 1759 800 1807 ἐδαπάνησαν,
819 1758 879 1797 καὶ
893 1758 997 1798 πόνον
1016 1758 1102 1798 ὑπέ-

77 1845 211 1880 μειναν,
240 1828 296 1868 ἵνα
316 1830 373 1868 τὸν
396 1830 454 1868 ἐπὶ
475 1833 538 1876 τῆς
559 1829 744 1882 ἀλλοτρίας
765 1829 958 1880 μηνυθέντα
987 1829 1103 1883 ἰατρὸν

77 1898 198 1947 ἴδωσι,
226 1900 284 1938 καὶ
305 1904 417 1938 ταῦτα
436 1902 473 1939 οὐ
495 1900 627 1953 σφόδρα
648 1903 850 1954 θαρροῦντες
862 1930 872 1948 ,
892 1899 946 1938 ὅτι
965 1900 1106 1944 πάντως

78 1970 387 2021 ἀπαλλαγήσονται
409 1973 468 2007 τοῦ
494 1969 708 2020 νοσήματος·
731 1967 773 2008 σὺ
799 1969 854 2018 δὲ,
873 1962 901 2007 ὦ
922 1968 1024 2021 γύναι
1037 1998 1046 2015 ,
1065 1973 1103 2008 οὐ

76 2039 272 2078 διαπόντιον
294 2040 494 2091 ἀποδημίαν
516 2039 720 2078 στέλλεσθαι
747 2038 923 2092 μέλλουσα
937 2069 947 2087 ,
968 2039 1044 2078 οὐδὲ
1060 2041 1107 2084 εἷς

74 2110 137 2157 τὴν
153 2110 338 2163 ὑπερορίαν
353 2110 630 2161 μετοικίζεσθαι,
645 2109 722 2148 οὐδὲ
739 2109 842 2148 πόνον
858 2109 935 2148 τινὰ
951 2113 1105 2148 τοιοῦτον

76 2180 278 2231 ὑπομένειν·
301 2181 360 2219 καὶ
386 2180 420 2218 τί
446 2181 539 2231 λέγω
568 2179 631 2228 τὴν
664 2179 871 2234 ὑπερορίαν;
897 2178 974 2218 οὐδὲ
1004 2178 1106 2218 αὐτὸν

77 2250 140 2300 μὲν
154 2243 212 2289 οῦν
226 2250 283 2289 τὸν
298 2250 394 2289 οὐδὸν
411 2249 676 2300 ἀναγκαζομένη
691 2251 754 2295 τῆς
768 2248 879 2293 οἰκίας
891 2248 1084 2301 ὑπερὸἦναι
1094 2278 1104 2296 ,

77 2319 166 2358 ἀλλὰ
185 2319 244 2358 καὶ
264 2321 298 2358 ἐν
326 2321 420 2372 αὐτῷ
446 2319 621 2370 δυναμένη
642 2321 691 2371 τῷ
711 2319 860 2372 θαλάμῳ
878 2318 1104 2370 συγγενέσθαι

76 2390 127 2440 τῷ
148 2389 274 2440 ἰατρῷ,
288 2388 348 2426 καὶ
365 2389 474 2440 χωρὶς
494 2388 635 2439 μεσίτου
651 2389 742 2433 τινὸς
759 2390 854 2442 αὐτῷ
875 2389 1102 2441 διαλεχθῆναι

78 2457 158 2510 περὶ
180 2458 318 2495 πάντων
337 2451 384 2495 ὧν
400 2458 440 2496 ἂν
456 2458 573 2510 ἐθέλῃς
593 2459 706 2506 (Θεὸς
721 2458 789 2512 γὰρ
802 2489 811 2507 ,
826 2458 943 2511 φησὶν,
958 2459 1102 2511 ἐγγίζων

79 2526 147 2579 ἐγώ
172 2529 266 2577 εἰμι,
292 2527 352 2565 καὶ
377 2530 415 2565 οὖ
451 2528 539 2571 Θεὸς
567 2527 742 2581 πόρρωθεν
767 2529 793 2579 ),
827 2528 1010 2581 ἀναὸάλλῃ
1043 2529 1104 2567 καὶ

78 2598 208 2643 ὀκνεῖς;
238 2597 307 2635 Καὶ
330 2597 431 2635 ποίαν
458 2596 544 2641 ἕξεις
564 2598 778 2649 ἀπολογίαν,
797 2598 888 2643 τίνος
917 2599 1100 2652 ἀπολαύσῃ

78 2665 286 2718 συγγνώμης
298 2697 307 2715 ,
330 2666 412 2706 ὅταν
430 2667 489 2705 καὶ
508 2667 646 2706 εὔκολον
663 2666 722 2705 καὶ
740 2668 958 2721 πανταχόθεν
979 2669 1101 2722 ῥᾳδίαν

78 2737 146 2773 τῶν
169 2737 394 2787 ἐπικειμένων
411 2738 528 2774 κακῶν
543 2737 751 2790 ἀπαλλαγὴν
774 2740 884 2790 εὑρεῖν
904 2740 1075 2790 δυναμένη
1092 2771 1101 2789 ,

82 2807 237 2856 ῥᾳθυμῇς
250 2835 259 2853 ,
276 2806 335 2843 καὶ
348 2805 411 2852 τὴν
423 2809 552 2852 σαυτῆς
567 2807 744 2858 σωτηρίαν
758 2808 947 2860 προδιδῷς,
963 2811 1016 2848 Οὐ
1034 2809 1102 2863 γὰρ

81 2874 122 2920 δὴ
145 2874 246 2924 μόνον
276 2874 455 2926 στείρωσιν
483 2878 501 2913 ὁ
526 2876 641 2927 ἰατρὸς
668 2870 786 2926 οὗτος,
819 2878 908 2916 ἀλλὰ
941 2879 1001 2917 καὶ
1030 2887 1101 2918 πᾶν

79 2948 190 2982 ὁτιοῦν
214 2945 352 2995 νόσημα
386 2944 444 2982 καὶ
472 2947 586 2996 ψυχῆς
614 2945 673 2983 καὶ
699 2945 860 2997 σώματος
891 2951 1100 3002 θεραπεῦσαι

79 3016 241 3064 δύναται,
262 3014 411 3061 θελήσας
433 3014 550 3065 μόνον.
575 3015 642 3054 Καὶ
665 3017 702 3054 οὐ
720 3019 822 3055 τοῦτο
849 3018 952 3069 μόνον
972 3019 1046 3057 ἐστὶ
1062 3019 1102 3056 τὸ

80 3085 291 3135 θαυμαστὸν,
312 3083 365 3123 ὅτι
379 3083 487 3137 χωρὶς
507 3083 624 3132 πόνου,
644 3084 703 3122 καὶ
722 3086 940 3137 ἀποδημίας,
963 3087 1023 3125 καὶ
1040 3088 1099 3125 δα-

80 3160 202 3207 πάνης,
219 3161 278 3199 καὶ
293 3163 456 3212 μεσιτῶν,
472 3162 548 3199 ἀλλ’
564 3161 618 3199 ὅτι
641 3160 700 3199 καὶ
709 3162 818 3214 χωρὶς
838 3164 1024 3216 ἀλγηδόνος
1038 3164 1101 3212 τὴν

82 3236 230 3287 ἰατρείαν
254 3242 416 3275 ποιεῖται.
445 3239 498 3276 Οὐ
525 3237 591 3289 γὰρ
612 3237 745 3290 σιδήρῳ
764 3238 822 3277 καὶ
854 3240 937 3291 πυρὶ
958 3240 1044 3293 πρὸς
1062 3241 1101 3279 τὸ

123 3369 138 3384 ²
153 3358 248 3392 Colb.
265 3372 346 3394 unus
362 3369 396 3394 et
412 3363 492 3405 neg.
506 3368 669 3407 ἀνθρώπων
686 3366 752 3405 μέν.

123 3413 138 3435 ¹³
154 3412 364 3455 [scripsimus
381 3418 513 3449 &deuia-1
530 3426 604 3447 cum
622 3414 735 3448 Mon-el.
755 3422 788 3448 et
814 3414 868 3448 Sat
881 3414 934 3458 i!.;
961 3414 1078 3447 Monts.

1181 1402 1217 1432 ut
1235 1407 1316 1432 eum
1344 1394 1410 1432 tibi
1431 1403 1746 1442 commonstraret,
1767 1395 1870 1446 cujus
1893 1408 1998 1447 opera
2020 1393 2144 1432 fuisset

1179 1464 1300 1493 sanata
1320 1471 1327 1492 :
1349 1469 1445 1493 nunc
1469 1469 1553 1494 vero
1575 1469 1657 1493 cum
1679 1454 1801 1494 videas
1817 1457 1955 1492 Annam
1975 1455 2011 1492 in
2026 1455 2144 1493 medio

1179 1526 1350 1567 stantem,
1393 1532 1570 1569 suumque
1612 1517 1779 1556 morbum
1824 1527 2071 1567 enarrantem,
2107 1527 2141 1556 ct

1177 1579 1336 1631 ejusdem
1358 1579 1556 1617 remedium
1577 1588 1935 1629 commemorantem,
1957 1593 1997 1617 ac
2023 1579 2139 1617 medi-

1177 1654 1259 1678 cum
1279 1650 1638 1690 commonstrantem,
1667 1640 1779 1679 nullis
1807 1641 2136 1688 obsecrationibus,

1177 1701 1284 1739 nullis
1298 1702 1464 1754 precibus
1479 1701 1693 1750 adductam,
1712 1716 1781 1740 non
1793 1702 1938 1740 accedes
1951 1712 2139 1755 acceptura

1179 1762 1396 1810 remedium,
1416 1776 1479 1800 nec
1490 1762 1615 1801 audies
1628 1772 1699 1800 tota
1719 1777 1801 1800 cum
1817 1763 2010 1801 attentione
2027 1764 2137 1803 histo-

1179 1823 1271 1861 riam
1288 1825 1305 1862 ?
1328 1824 1374 1862 Et
1393 1824 1481 1875 quid
1498 1839 1668 1876 umquam
1687 1824 1772 1862 boni
1791 1825 1922 1877 poteris
1943 1826 2139 1877 consequi?

1183 1887 1231 1924 At
1250 1885 1311 1924 alii
1333 1886 1532 1937 frequenter
1548 1899 1676 1937 magna
1701 1885 1807 1924 etiam
1823 1886 1955 1924 emensi
1967 1895 2049 1924 sunt
2066 1901 2139 1925 ma-

1178 1945 1252 1995 ria,
1286 1947 1498 1998 longinquas
1534 1946 1833 1999 peregrinationes
1876 1957 2134 2000 susceperunt,

1178 2007 1347 2059 pecunias
1368 2006 1639 2060 impenderunt,
1659 2007 1798 2046 labores
1814 2008 1969 2061 perpessi
1985 2018 2080 2057 sunt,
2100 2018 2139 2046 ut

1179 2068 1359 2107 medicum
1385 2077 1703 2106 commonstratum
1723 2069 1759 2107 iu
1779 2069 1967 2122 peregrina
1995 2069 2139 2121 regione

1179 2130 1440 2182 conspicerent,
1470 2130 1580 2181 idque
1608 2144 1690 2168 cum
1717 2144 1786 2168 non
1821 2129 2016 2168 admodum
2044 2141 2138 2169 certa

1179 2201 1266 2230 essct
1300 2191 1455 2240 fiducia,
1487 2200 1526 2229 ut
1547 2206 1691 2244 prorsus
1712 2191 1839 2229 morbo
1864 2192 2100 2230 liberarentur
2127 2208 2135 2229 :

1178 2262 1213 2291 at
1233 2262 1294 2301 tu,
1319 2268 1339 2292 ο
1361 2253 1512 2303 mulier,
1532 2267 1616 2291 cum
1636 2267 1705 2291 non
1726 2253 1773 2291 sis
1795 2252 1926 2290 initura
1950 2253 2140 2306 prosectio-

1177 2328 1257 2352 nem
1271 2314 1545 2353 transmarinam
1559 2344 1570 2364 ,
1588 2328 1652 2352 nec
1670 2314 1763 2352 ultra
1778 2313 1901 2367 patriae
1917 2315 2006 2353 fines
2022 2315 2136 2354 demi-

1176 2385 1320 2428 gratura
1334 2406 1345 2426 ,
1379 2389 1443 2414 nee
1471 2375 1631 2414 laborem
1660 2375 1813 2413 similem
1839 2390 2051 2429 perpessura
2073 2393 2081 2414 :
2105 2386 2139 2415 et

1175 2437 1265 2488 quid
1279 2437 1379 2486 dixi,
1410 2437 1503 2475 ultra
1528 2436 1652 2489 patriae
1674 2435 1786 2474 fines?
1811 2450 1893 2474 cum
1924 2451 1988 2475 nec
2018 2437 2137 2490 ipsum

1175 2497 1304 2537 domus
1323 2499 1432 2537 limen
1458 2497 1608 2536 transire
1630 2497 1790 2548 cogaris,
1813 2497 1874 2535 sed
1896 2498 1953 2536 vel
1983 2498 2019 2535 in
2054 2498 2132 2550 ipso

1176 2559 1335 2598 thalamo
1369 2558 1482 2611 possis
1516 2557 1704 2596 con'venire
1738 2557 1917 2599 medicum
1931 2588 1942 2608 ,
1975 2558 2136 2610 citraque

1177 2620 1409 2660 mediatorem
1428 2633 1509 2657 cum
1530 2618 1592 2656 illo
1619 2617 1772 2668 colloqui
1792 2617 1836 2656 de
1849 2619 2136 2672 quibuscumque

1134 2119 1155 2149 B

1176 2682 1336 2721 volueris
1354 2682 1484 2729 (Deus
1505 2679 1622 2728 enim,
1653 2678 1788 2729 inquit,
1819 2683 2135 2733 appropinquans
2147 2688 2173 2713 J·
2186 2698 2210 2714 ν.
2224 2686 2251 2714 3.
2269 2687 2332 2715 2³--

1175 2747 1244 2801 egi)
1263 2762 1346 2786 sum
1359 2777 1370 2793 ,
1387 2755 1423 2784 et
1441 2760 1519 2783 non
1533 2746 1640 2783 Deus
1656 2745 1816 2796 procul)
1833 2775 1844 2791 ,
1864 2744 1989 2784 differs
2003 2756 2035 2784 et
2047 2762 2134 2786 cun-

1176 2809 1300 2848 ctaris?
1314 2808 1360 2846 Et
1373 2822 1481 2859 quam
1497 2805 1661 2844 habitura
1673 2820 1709 2843 es
1722 2807 1986 2845 excusationem
1997 2808 2014 2846 ἶ)
2025 2823 2134 2859 quam

1177 2871 1400 2922 consequeris
1419 2869 1579 2917 veniam,
1595 2867 1625 2905 si
1644 2882 1726 2905 cum
1747 2868 1942 2920 proclivem
1962 2865 2001 2906 et'
2026 2870 2134 2909 undi-

1176 2948 1244 2985 que
1275 2932 1416 2970 facilem
1436 2930 1532 2968 viam
1561 2928 1720 2967 invenire
1749 2928 1862 2980 possis
1879 2959 1889 2976 ,
1917 2944 1986 2980 qua
2009 2931 2055 2968 ab
2072 2946 2132 2970 ur-

1177 2995 1341 3047 gentibus
1369 2991 1472 3030 malis
1504 2989 1687 3037 libereris,
1713 3004 1774 3041 per
1802 2990 2001 3029 socordiam
2033 3002 2132 3030 tuam

1177 3056 1287 3109 ipsius
1319 3054 1469 3092 salutem
1493 3050 1723 3104 prodideris?
1746 3050 1814 3089 llic
1847 3052 1942 3090 enim
1974 3053 2131 3091 medicus

1176 3132 1244 3156 non
1265 3115 1489 3155 sterilitatem
1505 3113 1642 3161 solum,
1662 3111 1724 3149 scd
1751 3121 1785 3149 et
1805 3126 1909 3150 omne
1924 3114 2129 3152 morborum

1176 3194 1286 3231 genus
1306 3187 1383 3216 tum
1415 3174 1595 3228 corporis,
1616 3182 1694 3211 tum
1716 3173 1826 3211 animi
1854 3189 1977 3212 sanare
1996 3184 2128 3226 potest,

1176 3239 1203 3276 si
1224 3237 1309 3275 velit
1328 3245 1479 3274 tantum.
1502 3234 1624 3284 Neque
1644 3231 1677 3272 id
1701 3229 1817 3271 solum
1833 3233 2036 3270 mirandum
2056 3242 2106 3271 est
2121 3264 2129 3277 ,

1118 3362 1280 3403 holdam]
