2566 3791
396 237 487 266 202
835 239 874 269 S.
910 240 1096 271 JOANNIS
1130 241 1374 271 CHRYSOST.

393 316 512 368 ipsum
539 318 658 356 solum
693 320 888 372 castigare,
905 323 967 360 sed
999 337 1064 374 per
1089 323 1208 375 ipsum
1237 322 1345 360 simul

392 387 549 429 posteros
567 393 688 418 omnes
705 381 851 419 omnino
869 382 1077 433 fugiendum
1097 398 1172 421 esse
1194 391 1269 420 tam
1286 392 1344 421 te-

393 440 587 478 merarium
603 441 739 479 facinus
768 442 894 480 docere
912 443 1026 480 voluit
1041 444 1058 480 Ξ)
1077 445 1152 494 Age
1170 458 1264 481 nunc
1282 457 1341 481 se·-

392 500 535 549 quentia
563 501 794 551 attingamus,
828 510 863 539 et
900 501 1085 540 videamus
1117 503 1207 553 quid
1236 503 1343 542 hodie

390 560 493 597 nobis
517 570 634 598 narret
652 561 1228 617 beatusillepropl1eta‚5piritus
1261 579 1342 604 san-

389 620 435 657 cti
458 621 581 658 afflatu
604 621 779 660 eruditus.
809 624 902 661 Nam
929 634 1117 676 postquam
1141 641 1162 664 a
1186 627 1340 665 Domino

388 681 595 719 sententiam
613 682 702 720 Cain
721 684 871 737 accepit,
894 687 955 724 46.
971 688 1161 739 Egressus
1181 697 1256 734 est,
1278 690 1339 727 in—
1363 700 1387 731 C

387 741 480 791 quit,
501 757 527 780 a
545 744 662 796 facie
683 746 771 785 Dei.
798 746 898 792 Quid
923 756 996 797 est,
1038 751 1150 787 Exiit
1185 765 1210 788 a
1232 752 1341 803 facie

385 803 483 841 Dei?
507 804 583 842 Hoc
609 815 672 855 est,
698 806 852 845 nudatus
881 817 932 846 est
956 809 1125 860 praesidio
1139 811 1218 859 Dei,
1255 826 1340 864 pro-

384 873 465 916 pter
497 865 737 905 abominabile
763 877 796 906 et
828 868 1069 920 peiniciosum
1107 871 1256 910 facinus.
1286 875 1340 911 Et

207 939 267 967 Cur
288 940 374 967 habi-
388 929 584 966 habitavit
613 932 654 966 in
682 938 786 967 terra
809 932 931 978 Naid,
966 945 986 968 e
1018 935 1174 984 regione
1199 936 1338 973 Edem.

182 987 224 1009 ιυι
253 982 324 1009 Cain
359 991 420 1028 eN

184 1033 232 1057 reg
237 1024 302 1051 lone

183 1064 290 1093 Edem.

422 999 518 1027 auat
530 990 631 1028 nobis
643 991 719 1029 div
711 1005 767 1029 lna
779 992 960 1045 Scriptura
975 994 1115 1031 locum
1106 1009 1141 1032 ln
1160 1010 1230 1046 quo
1243 1005 1341 1048 post-

387 1065 427 1088 ea
455 1051 654 1102 habitavit,
670 1061 704 1090 et
723 1052 824 1091 docet
839 1054 1018 1104 quomodo
1037 1063 1071 1092 et
1088 1055 1148 1093 hic
1169 1070 1239 1093 non
1259 1072 1340 1108 pro—

386 1113 445 1150 cul
460 1127 480 1150 a
499 1113 666 1165 paradiso
688 1124 852 1153 versatus
879 1115 938 1163 sit,
966 1125 1006 1154 ut
1026 1130 1044 1154 e
1070 1117 1214 1169 regione
1241 1118 1339 1157 illius

384 1175 570 1223 exsistens,
590 1175 757 1214 continuo
776 1191 912 1215 memor
929 1187 1017 1216 esset
1032 1187 1109 1216 tum
1123 1193 1246 1217 eorum
1259 1195 1338 1231 quae

384 1236 478 1288 patri
495 1251 559 1275 suo
578 1237 624 1275 oh
645 1238 976 1289 praevaricationem
996 1240 1241 1292 contigerant,
1260 1251 1337 1281 tum

384 1297 642 1349 magnitudinis
673 1313 796 1338 eorum
831 1315 910 1352 quae
948 1301 1025 1355 ipse
1056 1312 1336 1355 perpetraverat,

384 1368 529 1411 propter
546 1373 625 1410 quae
648 1368 746 1399 tanta
763 1361 832 1399 sibi
858 1376 972 1413 neque
986 1363 1099 1416 patris
1118 1365 1338 1418 correptione

381 1420 581 1467 emendato,
601 1435 704 1473 poena
723 1421 879 1474 irrogata
898 1433 960 1461 est.
984 1424 1032 1462 Et
1049 1439 1135 1464 vero
1160 1426 1257 1464 locus
1276 1427 1337 1465 ille
1360 1440 1384 1470 Ι)

382 1481 418 1520 in
431 1497 502 1533 quo
520 1483 699 1522 habitavit
714 1493 884 1537 perpetua
901 1486 1071 1525 memoria
1090 1487 1172 1538 fuit,
1194 1502 1263 1526 non
1282 1489 1337 1527 illi

383 1543 462 1592 soli,
490 1543 553 1582 sed
579 1554 613 1583 et
638 1545 778 1583 saeculis
806 1546 1045 1598 posteriobus,
1077 1548 1123 1586 ob
1146 1558 1336 1590 tremorem

383 1613 417 1643 et
444 1605 652 1644 motionem.
674 1607 811 1645 Nomen
835 1607 930 1645 enim
955 1608 1051 1647 Naid
1078 1609 1253 1649 Hebraica
1277 1611 1336 1650 di-

383 1666 453 1704 ctio
477 1676 542 1715 est,
561 1676 594 1705 et
611 1668 765 1706 vertitur
784 1669 985 1709 commotio.
1011 1671 1134 1722 Itaque
1148 1682 1189 1711 ut
1206 1673 1338 1713 crimen

384 1728 485 1766 illius
513 1738 686 1782 perpetuo
705 1739 830 1769 notum
854 1741 942 1770 esset
961 1732 1069 1770 etiam
1084 1747 1104 1771 a
1123 1734 1214 1783 loco,
1236 1736 1338 1785 quasi

382 1789 418 1827 in
442 1790 607 1828 columna
623 1805 710 1828 aerea
727 1791 918 1844 scriptum,
938 1792 1014 1830 illic
1033 1808 1114 1831 eum
1133 1795 1336 1833 collocavit.

381 1850 521 1888 Deinde
539 1850 659 1902 inquit
676 1867 684 1888 :
706 1853 767 1890 17.
782 1854 837 1890 Et
856 1857 1035 1905 cognovit
1056 1855 1158 1892 Cain
1178 1869 1337 1894 uxorem

382 1925 514 1949 suam.-
547 1921 586 1951 et
610 1927 698 1950 cum
728 1917 979 1966 concepisset,
1007 1919 1153 1968 peperit
1178 1918 1332 1955 Enoch.

381 1975 551 2013 Mortales
572 1974 736 2028 deinceps
758 1977 844 2014 facti
867 1976 1042 2028 homines,
1068 1979 1195 2017 merito
1222 1979 1267 2018 de
1285 1980 1336 2019 fi-

381 2034 514 2074 liorum
541 2037 761 2075 successione
781 2052 904 2076 curam
926 2039 1122 2078 habebant.
1152 2040 1225 2080 Sed
1246 2042 1336 2080 forte

380 2096 514 2136 dixerit
530 2099 662 2149 aliquis
681 2118 688 2136 :
711 2099 900 2145 Quomodo
917 2131 928 2151 ,
951 2115 1035 2138 cum
1051 2101 1238 2154 Scriptura
1254 2117 1337 2141 nus-
1363 2125 1384 2154 13

381 2171 490 2208 quam
514 2160 660 2198 alterius
687 2160 850 2198 mulieris
878 2162 1095 2212 meminerit,
1123 2163 1212 2201 dicit
1239 2164 1336 2214 quod

382 2218 473 2257 Cain
509 2219 675 2258 habuerit
711 2221 890 2259 uxorem?
909 2223 962 2260 Ne
998 2223 1152 2271 mireris,
1194 2224 1335 2263 dilecte.

382 2281 568 2333 Nusquam
587 2281 682 2320 enim
708 2283 910 2335 catalogum
929 2284 1122 2322 mulierum
1146 2285 1337 2336 diligenter

381 2342 467 2380 facit
483 2359 494 2393 5
509 2343 569 2382 sed
586 2343 764 2395 scriptura
789 2343 912 2383 divina
938 2359 1067 2383 cavens
1086 2359 1129 2383 ne
1153 2347 1242 2397 quid
1272 2361 1334 2384 su-

380 2404 557 2456 perfluum
580 2405 747 2457 proferat,
767 2405 926 2456 singulos
945 2406 1042 2444 viros
1060 2417 1334 2458 commemorat,

380 2477 448 2501 non
467 2477 588 2502 omnes
604 2473 733 2514 tamen,
755 2464 815 2502 sed
842 2465 990 2503 brevius
1009 2466 1111 2504 nobis
1134 2477 1252 2505 narrat
1274 2468 1334 2506 di-

380 2540 472 2575 cens,
494 2526 590 2577 quod
615 2526 860 2577 generaverint
885 2527 979 2565 filios
1002 2536 1035 2566 et
1054 2527 1161 2577 filias,
1181 2539 1213 2567 ct
1232 2544 1333 2568 mor-
1348 2562 1394 2586 172

379 2589 430 2626 tui
453 2589 536 2626 sint.
562 2587 769 2627 Verisimile
790 2588 902 2641 igitur
922 2598 974 2627 est
1002 2589 1117 2628 Evam
1140 2590 1254 2629 filiam
1274 2607 1334 2644 pe-
1360 2601 1385 2629 Α

378 2650 509 2701 perisse
542 2658 621 2701 post
641 2649 730 2687 Cain
763 2659 798 2688 et
825 2650 932 2700 Abel,
970 2665 1079 2702 quam
1113 2651 1149 2689 iu
1184 2667 1334 2692 uxorem

377 2710 550 2763 acceperit
562 2710 662 2749 Cain.
677 2711 768 2749 Nam
780 2710 863 2762 quia
878 2711 978 2750 initia
988 2721 1099 2762 erant,
1115 2713 1335 2765 debebatque

377 2772 497 2823 augeri
528 2772 726 2809 humanum
741 2774 879 2823 5genus,
904 2787 1040 2812 sorores
1069 2783 1108 2812 ut
1137 2774 1331 2825 ducerent,

379 2833 650 2871 concedebatur.
683 2835 729 2872 Et
756 2833 835 2872 ideo
868 2835 943 2874 haec
976 2836 1077 2875 nobis
1103 2837 1334 2889 conjectanda

379 2895 547 2946 relinquit
562 2896 762 2948 Scriptura,
784 2905 817 2934 ct
833 2896 900 2934 hoc
922 2897 1038 2935 solum
1058 2898 1332 2937 narratdiccns:

381 2965 434 3001 Ec
452 2967 629 3015 cognovit
651 2965 752 3002 Cain
772 2978 932 3002 uxorem
944 2979 1070 3013 suam,
1090 2973 1125 3002 et
1138 2979 1225 3003 cnm
1241 2979 1334 3004 con—

379 3035 561 3083 cepisset,
586 3035 732 3084 peperit
752 3033 903 3071 Enoch.
932 3034 986 3070 Et
1017 3040 1103 3071 erat
1133 3033 1334 3085 aedificans

422 3182 435 3197 ¹
452 3173 533 3214 ch.
554 3183 636 3203 unns
659 3178 789 3206 τοιοῦτον
811 3176 964 3215 τολμήσας
986 3181 1091 3217 ποιήσῃ
1113 3179 1198 3207 ποτέ.

421 3225 439 3249 1»
456 3225 466 3265 [
482 3226 608 3256 Locum
627 3226 659 3255 iu
674 3224 789 3258 Morel.
808 3233 841 3256 et
858 3225 975 3259 Montf.
999 3224 1083 3258 Edd.
1100 3224 1293 3258 lacunosum
1310 3237 1388 3267 sup—

378 3276 539 3319 plevimus
561 3288 577 3307 c.
600 3275 700 3308 Saxil.
723 3278 897 3308 (jouscutit
920 3277 1118 3319 Interpres]

423 3340 435 3352 ι·
452 3327 588 3360 Coisliu.
613 3331 792 3374 παραδείσου
818 3333 1023 3370 7}‚=ov3u,1'·az.
1053 3330 1143 3361 Infra
1171 3328 1272 3362 Saril.
1299 3329 1384 3361 huuc

382 3379 557 3411 law-[ionem
582 3380 640 3411 Ms.
658 3381 839 3421 cujuspiam
859 3381 1059 3424 3Crasliuuii]
1074 3381 1189 3418 :issa-rt,
1210 3388 1256 3416 καὶ
1274 3388 1318 3416 ότι
1341 3386 1387 3415 διὰ.

382 3449 415 3468 τι
434 3438 559 3476 μέγεθος
576 3444 631 3467 των
656 3438 735 3475 ’,τρτχὲι
763 3438 993 3476 τιτο.”,υ.ι,μ,ι’νων
1011 3450 1062 3473 την
1081 3439 1225 3472 τοσαύτην
1243 3441 1388 3480 τιμωρίαν

1412 242 2018 278 ARC111EP.CONSTANT1NOP.

1417 326 1514 373 ὑμῶν
1541 325 1717 364 8τοιουτόν
1736 344 1770 365 τι
1788 330 1947 382 τολμησῃ
1968 330 2072 380 ποτὲ,
2093 331 2147 370 ἵνα
2164 334 2212 384 μὴ
2235 342 2304 379 τοῖς
2331 339 2442 376 τοιού-

1415 400 1488 430 τοις
1505 388 1692 440 περιπέσῃ.
1713 390 1834 430 Εἴδετε
1851 393 2028 432 Δεσπότου
2049 398 2368 450 φιλανθρωπίαν,”
2349 416 2441 443 οπως

1417 446 1474 485 διὰ
1493 463 1555 494 της
1585 451 1633 492 εἷς
1666 452 1793 490 ἐκεῖνον
1811 453 1983 507 τιμωρίας
2010 459 2070 494 οὐκ
2091 458 2220 496 ἐκεῖνον
2239 459 2341 510 μόνον
2375 477 2442 498 σω-

1416 508 1576 561 φρονίσαι
1592 511 1770 560 ἦὸουληθη
1784 544 1794 562 ,
1817 515 1860 552 ἀ)
1862 515 1907 553 λὰ
1925 516 1984 554 καὶ
2008 533 2085 562 τους
2114 520 2160 563 εἰς
2178 520 2218 558 τὸ
2238 520 2316 566 ἑξης
2331 522 2442 559 ἁπαν-

1414 587 1478 614 τας
1496 571 1651 618 διδάξαι,
1671 574 1786 627 πάντῃ
1817 576 1953 628 φεύγειν
1972 578 2013 617 τὸ
2030 581 2202 630 τολμηθὲν
2228 585 2330 622 τοῦτο
2362 585 2443 622 ε’πι-

1413 633 1586 687 χείρημα,
1612 634 1707 689 Φέρε
1734 636 1854 675 λοιπὸν
1872 654 1941 677 των
1963 640 2039 687 ἑξῆς
2070 641 2260 693 ἁψώμεθα,
2285 644 2344 682 και
2359 645 2443 683 ἴοω-

1415 712 1478 747 μεν
1508 696 1543 735 τί
1576 697 1665 736 ιικαὶ
1710 714 1860 775 σημερον
1899 701 2071 753 διηγεῖται
2109 705 2193 753 ἡμῖν
2223 706 2241 741 ὁ
2273 706 2443 759 μακάριος

1413 763 1535 803 οὗτος
1523 760 1725 813 προφήτης,
1751 762 1816 800 ὑπὸ
1843 779 1905 809 της
1924 766 1983 801 τοῦ
2013 764 2217 815 Πνευματος
2246 765 2442 818 ἕνη-[οὔμε-

1684 822 1694 835 2

1412 838 1468 864 νος
1480 823 1663 875 ἐνεργείας.
1716 823 1830 871 πειοὴ
1860 824 1927 876 γὰρ
1956 840 2020 872 την
2049 826 2224 878 ἀπόφασιν
2255 827 2394 872 ἐδεξοιτο
2425 831 2443 866 ὃ

1414 883 1518 931 Κάϊν,
1541 883 1707 933 ’Ei-mos,
1728 885 1845 936 φησὶν,
1867 886 1936 924 ἀπὸ
1970 886 2158 938 προσώπου
2186 891 2245 926 τοῦ
2275 890 2379 927 Θεοῦ.
2397 888 2444 927 Τί

1414 948 1525 993 ἐστιν,
1542 945 1708 991 Ἐξῆλθεν
1725 948 1794 985 ἀπὸ
1807 946 1997 999 προσώπου
2024 952 2083 986 τοῦ
2106 950 2214 997 Θεοῧ;
2238 949 2441 998 Τουτέστιν,

1413 1005 1596 1057 ἐγυμνώθη
1616 1011 1678 1053 τῆς
1697 1008 1782 1060 παρ’
1798 1010 1902 1047 αὐτοῦ
1920 1009 2134 1060 προστασίας
2157 1008 2215 1047 διὰ
2242 1009 2306 1055 τὴν
2332 1027 2443 1061 μυσα-

1414 1067 1475 1119 ρὰν
1497 1067 1631 1114 ἐκείνην
1650 1067 1787 1119 πρᾶξιν.
1814 1070 1884 1107 Καὶ
1912 1069 2048 1121 ᾤκησεν
2069 1073 2102 1108 ἐν
2128 1074 2173 1122 γῇ
2204 1070 2315 1117 Ναῒδ,
2334 1072 2442 1112 κατέ-

1412 1144 1508 1166 ναντι
1527 1127 1649 1179 Ἔδέμ.
1672 1128 1778 1180 Λέγει
1806 1134 1891 1181 ἡμῖν
1924 1131 1983 1168 καὶ
2008 1131 2065 1169 τὸν
2092 1132 2197 1170 τόπον
2219 1132 2298 1170 ἔνθα
2321 1134 2442 1172 λοιπὸν

1411 1189 1473 1237 τὴν
1505 1190 1711 1237 κατοίκησιν
1741 1191 1955 1237 ἐποιήσατο,
1984 1191 2046 1229 καὶ
2079 1193 2236 1231 διδάσκει
2271 1197 2346 1238 πῶς
2382 1195 2442 1232 καὶ

1412 1245 1510 1294 οὗτος
1524 1253 1562 1289 οὐ
1576 1250 1695 1303 πόῤῥω
1711 1256 1724 1272 ⁰
1735 1255 1794 1290 τοῦ
1813 1252 2027 1304 παραδείσου
2044 1253 2176 1303 διῆγεν,
2192 1253 2248 1291 ἵνα
2259 1255 2443 1293 κατέναντι

1412 1313 1516 1351 αὐτοῦ
1535 1311 1596 1360 ὢν,
1616 1314 1757 1359 διηνεκῆ
1786 1312 1849 1360 τὴν
1883 1312 2077 1364 ὑπόμνησιν
2109 1314 2173 1367 ἔχῃ
2198 1314 2257 1353 καὶ
2287 1318 2354 1353 τῶν
2392 1318 2444 1368 τῷ

1410 1374 1518 1426 πατρὶ
1553 1373 1823 1424 συμέεῧηκότων
1851 1374 1909 1413 διὰ
1944 1374 2007 1422 τὴν
2040 1376 2262 1428 παράὸασιν,
2293 1377 2352 1415 καὶ
2382 1381 2443 1416 τοῦ

1412 1435 1573 1488 μεγέθους
1602 1438 1671 1473 τῶν
1700 1437 1794 1488 αὐτῷ
1827 1437 2118 1487 τετολμημένων·
2144 1438 2239 1485 *τὴν
2270 1438 2442 1486 τοσαύτην

1408 1497 1600 1551 τιμωρίαν,
1619 1497 1660 1544 ἢν
1678 1496 1815 1542 ἐδέξατο
1844 1498 1933 1549 μηδὲ
1965 1502 2009 1551 τῇ
2036 1502 2097 1537 τοῦ
2129 1499 2260 1551 πατρὸς
2288 1499 2443 1553 τιμωρίᾳ

1410 1559 1666 1611 σωφρονισθείς.
1686 1559 1757 1597 Καὶ
1778 1560 1877 1602 αὐτὸς
1897 1559 1933 1597 δὲ
1965 1563 1983 1598 ὃ
2014 1559 2139 1609 τόπος,
2167 1560 2247 1599 ἔνθα
2265 1560 2440 1613 κατῴκει,

1410 1620 1605 1671 ὑπόμνησις
1627 1620 1847 1664 ἀδιάλειπτος
1867 1615 1909 1668 ἦν
1929 1623 1989 1660 οὐκ
2009 1623 2104 1673 αὐτῷ
2125 1621 2244 1674 μόνῳ,
2265 1621 2355 1660 ἀλλὰ
2382 1623 2443 1662 καὶ

1410 1687 1486 1726 ταῖς
1502 1681 1590 1733 μετὰ
1601 1686 1710 1719 ταῦτα
1726 1689 1877 1734 γενεαῖς,
1892 1687 1952 1721 τοῦ
1968 1683 2073 1722 σάλου
2090 1684 2218 1722 καὶτοῦ
2237 1684 2377 1737 τρόμου.
2389 1685 2443 1723 Τὸ

1412 1743 1480 1796 γὰρ
1501 1742 1591 1782 Nat&
1624 1743 1734 1794 ὄνομα
1767 1743 1942 1796 Ἓὲραϊκὴ
1967 1743 2055 1788 λέξις
2083 1745 2189 1792 ἐστὶν,
2215 1745 2443 1796 ἑρμηνεύεται

1413 1806 1448 1844 δὲ
1466 1804 1581 1848 σάλος.
1600 1804 1668 1842 Ἵν’
1687 1797 1744 1842 οὖν
1761 1803 1882 1858 ὥσπερ
1901 1806 1936 1842 ἐν
1959 1805 2071 1857 στήλῃ
2087 1807 2205 1858 χαλκῇ
2220 1806 2444 1846 ἀνέκλειπτον

1410 1867 1474 1919 ἔχῃ
1502 1865 1561 1904 καὶ
1590 1864 1659 1903 ἀπὸ
1678 1869 1738 1903 τοῦ
1769 1864 1876 1904 τόπου
1903 1865 1967 1912 τὴν
1986 1866 2219 1918 κατηγορίαν,
2241 1869 2311 1905 ἐκεῖ
2342 1867 2444 1906 αὐτὸν

1410 1927 1618 1981 κατῴκισεν.
1647 1921 1739 1966 Εἶτά
1759 1943 1864 1980 φησι·
1886 1928 1956 1966 Καὶ
1985 1928 2074 1981 ἔγνω
2095 1928 2184 1966 Κάϊν
2214 1928 2277 1976 τὴν
2298 1935 2444 1981 γυναῖκα

1410 1991 1539 2038 αὐτοῦ,
1571 1989 1631 2028 καὶ
1662 1989 1884 2028 συλλαὸοῦσα
1922 1988 2018 2028 ἔτεκε
2053 1989 2113 2028 τὸν
2143 1989 2274 2042 Ἑνώχ.
2310 1991 2444 2037 Θνητοὶ

1407 2051 1528 2090 λοιπὸν
1548 2049 1746 2103 γεγονότες,
1768 2050 1909 2095 εἰκότως
1925 2050 2006 2103 περὶ
2034 2050 2096 2098 τὴν
2123 2052 2192 2089 τῶν
2211 2050 2341 2090 τέκνων
2364 2052 2444 2090 δια-

1410 2112 1516 2165 δοχὴν
1539 2113 1601 2159 τὴν
1622 2113 1763 2150 ἅπασαν
1788 2111 1971 2158 ἀσπουδην
1991 2107 2096 2164 εἶχον.
2124 2113 2216 2151 Ἀλλ’
2238 2113 2322 2157 ἴσως
2352 2113 2444 2152 εἴποι

1408 2191 1460 2218 τις
1491 2175 1553 2212 ἄν·
1585 2177 1684 2219 πῶς,
1715 2175 1866 2223 οὐδαμοῦ
1885 2177 1948 2219 τῆς
1980 2175 2125 2225 Γραφῆς
2153 2176 2445 2225 μνημονευσάσης

1409 2234 1528 2286 ἑτέρας
1543 2234 1724 2286 γυναικὸς,
1753 2237 1770 2271 ὁ
1797 2234 1885 2272 Κάϊν
1909 2234 1991 2285 ἔσχε
2020 2233 2084 2281 τὴν
2116 2240 2288 2285 γυναῖκα,
2310 2236 2371 2282 Μή
2405 2254 2443 2275 σε

1410 2295 1523 2347 ξενίσῃ
1543 2298 1664 2342 τοῦτο,
1687 2294 1861 2345 ἀγαπητέ.
1894 2295 2062 2344 Οὖδαμοῧ
2089 2294 2156 2348 γὰρ
2185 2297 2334 2342 θηλειῶν
2355 2296 2441 2340 τέως

1408 2357 1600 2409 κατάλογον
1616 2361 1769 2394 ποιεῖται
1789 2355 1879 2407 μετὰ
1899 2355 2079 2408 ἀκριὲείας
2090 2387 2099 2405 ,
2121 2356 2211 2395 ἀλλὰ
2225 2356 2264 2394 τὸ
2279 2359 2439 2410 περιττὸν

1408 2424 1561 2471 φυγοῦσα
1582 2422 1604 2466 ἡ
1634 2418 1708 2456 θεία
1730 2417 1854 2470 Γραφὴ
1885 2419 1924 2456 ἐκ
1952 2418 2074 2471 μέρους
2092 2421 2161 2456 τῶν
2182 2417 2334 2471 ἀῤῥένων
2355 2435 2442 2470 μνη-

1410 2479 1547 2529 μονεύει
1562 2509 1571 2524 ,
1599 2479 1659 2518 καὶ
1681 2479 1757 2517 οὖῗὲ
1777 2482 1888 2518 αὐτῶν
1911 2479 2074 2526 πάντων,
2103 2478 2193 2517 ἀλλὰ
2223 2479 2442 2530 συντομώτε-

1412 2557 1466 2593 ρον
1500 2544 1582 2590 -ἣμῖν
1605 2542 1776 2593 διηγεῖται
1807 2540 1981 2591 λέγουσα,
2008 2539 2061 2578 ὅτι
2088 2544 2106 2579 ὃ
2140 2540 2234 2578 δεῖνα
2259 2540 2440 2590 ἐγέννησεν

1409 2601 1500 2646 υἱοὺς
1515 2602 1574 2640 καὶ
1591 2601 1798 2653 Ουγατέρας,
1818 2601 1878 2640 καὶ
1901 2601 2084 2640 ἀπέθανεν.
2104 2601 2210 2644 Εἰκὸς
2229 2595 2286 2639 οῧν
2302 2601 2362 2639 καὶ
2381 2605 2439 2639 νῦν

1408 2680 1470 2710 την
1494 2663 1541 2702 Ε
1524 2679 1586 2701 υαν
1606 2679 1666 2701 και
1683 2663 1855 2714 θυγατέρα
1872 2668 1985 2700 τεκεῖν
2009 2661 2097 2712 μετὰ
2117 2661 2175 2700 τὸν
2193 2661 2282 2700 Κάϊν
2299 2662 2359 2699 καὶ
2382 2662 2439 2700 τὸν

1405 2726 1510 2765 ’Άὸελ
1524 2757 1532 2773 ,
1552 2727 1594 2773 ἢν
1612 2728 1658 2769 εἷς
1673 2731 1849 2776 γυναῖκαε
1834 2724 1938 2763 ἔλασε
1954 2725 2059 2763 Κάϊν.
2075 2723 2223 2770 Ἔπειοὴ
2239 2724 2330 2776 γαρ
2320 2723 2440 2777 -ροοί-

1408 2804 1471 2838 μια
1489 2791 1547 2834 ἠν,
1572 2787 1669 2825 καὶ
1652 2802 1720 2825 εοει
1738 2787 1859 2825 λοιπὸν
1881 2789 1940 2824 αὖ
1927 2786 2073 2833 ζηΟηναι
2088 2801 2128 2823 το
2149 2784 2265 2837 γένος,
2285 2786 2344 2823 καὶ
2363 2792 2440 2830 ταῖς

1408 2849 1500 2886 ἀδελ
1494 2854 1572 2901 230qu
1589 2865 1629 2887 συ
1633 2864 1694 2900 γεγ
1680 2848 1816 2887 -νέσΟαι
1832 2846 2060 2900 συνεχώρουν
2081 2847 2151 2885 Διά
2166 2861 2219 2884 τοι
2242 2851 2344 2885 τουτο
2374 2863 2440 2884 κα-

1406 2912 1601 2948 ταλιποῦσα
1637 2914 1658 2956 ἡ
1695 2908 1818 2961 Γραφὴ
1852 2912 1937 2960 ἡμῖν
1973 2909 2122 2947 συνιδεῖν
2155 2909 2194 2947 τὸ
2229 2908 2415 2946 ἀκόλουθον
2429 2938 2439 2955 ,

1406 2975 1508 3009 τοῦτο
1526 2970 1629 3021 μόνον
1646 2972 1818 3022 διηγεῖται
1846 2970 2019 3021 λέγουσα,
2049 2969 2118 3008 Καὶ
2151 2969 2239 3020 ἔγνω
2266 2969 2356 3007 Κάϊν
2374 2968 2438 3015 τὴν

1406 3039 1552 3085 γυναῖκα
1570 3035 1694 3080 αὐτοῦ,
1716 3032 1775 3070 καὶ
1791 3031 2014 3071 συλλαόοῦσα
2036 3031 2131 3070 ἔτεκε
2150 3031 2208 3069 τὸν
2226 3030 2344 3083 Ἑνώχ
2352 3046 2360 3053 ·
2378 3034 2438 3072 καὶ

1422 3177 1541 3213 ἐδέξατο
1557 3175 1634 3216 μηδὲ
1652 3179 1690 3217 τῇ
1706 3177 1758 3206 τοῦ
1774 3179 1904 3218 πατρός,
1924 3182 1996 3214 quse
2012 3169 2111 3203 lectio
2126 3181 2194 3202 non
2212 3169 2297 3201 male
2312 3168 2436 3202 habere

1422 3225 1564 3257 ridetur.
1584 3226 1639 3267 [In
1667 3236 1771 3267 marg.
1790 3223 1891 3256 savil.
1911 3224 1998 3264 conj.
2017 3228 2068 3257 mi
2093 3233 2145 3261 τῆς
2169 3226 2317 3261 τοταὺτης
2339 3238 2437 3266 τιμω-

1420 3285 1495 3323 ρίας.
1511 3277 1630 3315 Nobis,
1647 3275 1786 3318 legendo
1805 3291 1867 3310 τος.
1884 3282 1937 3315 τὴν
1951 3284 1982 3308 ct
1998 3274 2108 3307 deleto
2139 3281 2184 3314 ἥν.
2204 3275 2295 3318 quod
2309 3275 2437 3308 omittit

1420 3329 1520 3361 (loisl.
1541 3338 1616 3361 autu·
1638 3334 1754 3370 {cigno
1767 3358 1774 3367 ,
1791 3328 1881 3361 locus
1899 3329 2009 3360 sanari
2026 3340 2119 3372 posse
2139 3326 2300 3371 videtur]

1467 3383 1480 3406 ¹¹
1502 3384 1580 3425 l’wg.
1600 3394 1682 3415 unus
1707 3386 1832 3422 nreriy
1852 3387 2012 3417 ἐποιοῦ-ατο.
