2483 3791
95 1650 171 1689 Sap.
191 1650 238 1688 14.
252 1649 281 1679 3.

99 2685 193 2712 Pl'ov.
209 2693 239 2721 9.
253 2692 284 2722 9ι

308 223 392 252 100
728 222 766 251 S.

298 319 344 343 ex
373 313 464 342 terra
489 312 681 342 nascuntur
697 335 706 352 ‚
732 304 813 355 quis
839 303 961 342 videre
975 309 1104 355 potest.
1132 302 1255 351 Neque

300 366 394 403 enim
413 366 533 404 omnia
555 365 679 403 eodem
704 375 860 417 tempore
889 363 994 401 tellus
1019 362 1166 414 profert,
1187 374 1254 397 ne-

299 441 367 477 que
387 440 491 464 omne
512 435 654 478 tempus
678 425 724 463 ad
746 423 940 462 excolenda
965 431 1066 460 terrae
1094 420 1255 472 germina

301 487 471 525 idoneum
489 497 557 532 est,·
577 486 640 524 sed
655 485 752 523 novit
767 484 920 536 agricola
943 495 1139 533 congruum
1159 489 1253 518 tem-

298 563 379 600 pus,
394 546 491 598 quod
508 561 573 599 per
592 545 801 597 sapientiam
822 544 892 582 sibi
911 558 931 581 a
954 544 1028 580 Deo
1050 541 1169 579 datam
1191 539 1254 578 di—

297 608 398 656 dicit,
414 606 557 657 quando
581 620 706 657 nempe
735 604 942 651 serendum,
973 601 1116 653 quando
1145 601 1255 654 plan-

298 667 412 706 tandae
454 667 598 705 arbores
617 696 626 715 ‚
660 665 804 717 quando
846 666 936 703 vites
975 674 1073 702 terrae
1116 663 1255 701 sinibus

299 728 568 779 conci-edendae,
579 727 724 778 quando
735 727 782 765 ad
793 741 941 765 messem
956 724 1122 763 acuendae
1134 724 1254 772 falces,

299 789 442 840 quando
462 788 675 841 decerpendi
707 789 895 827 vinearum
921 787 1080 835 fructus,
1100 794 1134 823 et
1160 784 1255 822 botri

299 850 479 897 demendi,
493 848 635 901 quando
648 859 680 886 et
702 849 880 887 olivaruin
896 849 1013 886 baccae
1033 845 1253 897 colligendae.

299 910 346 948 Et
376 910 546 960 invenies,
560 909 590 948 si
623 909 698 947 haec
723 910 842 947 omnia
873 908 1066 960 diligenter
1096 905 1255 945 volueris

298 971 492 1022 inquirere,
513 984 642 1022 magua
663 970 836 1022 sapientia
860 969 966 1007 etiam
983 967 1157 1019 agricolas
1181 980 1254 1003 esse

298 1031 479 1084 praeditos.
500 1033 582 1071 Jam
601 1045 671 1069 non
690 1031 806 1069 solum
823 1031 858 1067 in
878 1039 971 1067 terra
984 1029 1052 1066 hoc
1068 1027 1190 1066 videre
1209 1026 1253 1063 li-

298 1101 365 1142 cet,
385 1091 446 1129 sed
466 1091 572 1129 etiam
592 1091 629 1128 in
649 1091 753 1129 mari.
775 1091 867 1128 Ecce
884 1090 943 1127 hic
965 1089 1073 1126 aliam
1090 1087 1252 1125 admira-

297 1152 408 1189 bilem
423 1151 633 1204 sapientiam
653 1160 810 1204 spectare
829 1160 939 1203 potes.
961 1149 1037 1188 Scit
1052 1148 1147 1186 enim
1162 1162 1253 1186 nau-

299 1213 415 1251 clerus
438 1212 579 1264 quando
604 1213 813 1251 deducenda
842 1212 889 1250 sit
918 1211 1042 1259 navis,
1063 1210 1204 1261 quando
1232 1224 1251 1247 a

297 1282 405 1326 portu
435 1273 670 1321 solvendum,
701 1273 844 1325 quando
877 1271 1091 1310 transeunda
1123 1270 1253 1320 maria;

299 1335 526 1386 maximeque
549 1335 585 1373 in
607 1335 725 1373 nautis
743 1332 1022 1388 deprehenditur
1038 1332 1251 1381 intellectus,

299 1410 403 1446 quem
423 1395 547 1435 divina
572 1396 744 1449 sapientia
769 1396 934 1434 humanae
953 1403 1087 1432 naturae
1109 1391 1253 1431 indidjt.

299 1458 420 1508 Neque
445 1457 542 1495 enim
562 1457 625 1509 qui
655 1471 716 1510 per
739 1457 815 1496 vias
839 1457 1001 1510 publicas
1023 1463 1190 1503 currunt,
1205 1454 1254 1492 ita

298 1516 513 1556 diverticula
528 1519 666 1567 sciunt,
689 1527 727 1556 ut
741 1517 767 1556 ii
787 1519 848 1568 qui
867 1517 903 1555 in
922 1516 1024 1568 aquis
1039 1524 1176 1554 certum
1190 1515 1256 1552 iter

298 1579 444 1617 faciunt.
472 1580 621 1632 Propter
639 1580 708 1617 boc
733 1588 768 1617 et
796 1578 982 1630 Scriptura
1007 1577 1255 1628 obstupescens

299 1640 511 1679 eminentem
533 1640 744 1693 sapientiam
763 1639 845 1690 Dei,
863 1639 971 1677 dicit:
992 1639 1067 1688 Qui
1088 1638 1193 1675 dedit
1213 1639 1256 1674 in

299 1704 400 1740 mari
416 1704 540 1749 viam,
566 1711 603 1740 et
630 1705 672 1739 in
693 1716 800 1754 aqua
822 1702 1044 1739 vehementi
1063 1701 1253 1737 semitam.

300 1763 390 1810 Quae
433 1762 589 1800 humana
634 1762 723 1800 ratio
763 1770 876 1814 potest
909 1761 985 1799 haec
1023 1759 1252 1811 pernoscere?

298 1822 474 1860 Eamdem
495 1823 668 1860 rationem
696 1822 850 1860 inveniet
878 1821 1057 1873 quispiam
1081 1820 1187 1858 etiam
1216 1819 1253 1858 in

298 1883 387 1922 cibis
413 1897 500 1934 quos
525 1883 710 1921 sumimus.
732 1884 824 1920 Nam
853 1882 1002 1933 singulis
1033 1880 1254 1933 temporibus

299 1952 331 1981 et
350 1944 433 1981 anni
452 1943 616 1996 partibus
634 1944 734 1982 varia
760 1951 793 1980 et
812 1942 952 1982 diversa
968 1940 1070 1980 nobis
1086 1941 1253 1979 alimenta

299 2005 475 2043 Dominus
494 2005 644 2055 largitur
661 2021 668 2041 :
689 2014 781 2042 terra
799 2004 892 2042 enim
912 2003 1012 2054 quasi
1031 2002 1165 2055 optima
1184 2016 1253 2039 nu-

299 2065 371 2103 trix
391 2066 484 2103 dona
515 2080 578 2103 sua
605 2065 705 2104 nobis
732 2065 884 2118 profert,
904 2072 1082 2116 praecepto
1103 2064 1251 2101 Creato-

300 2140 346 2164 ris
365 2140 534 2166 serviens.

353 2562 389 2597 Ξ.
409 2559 546 2598 Verum
564 2571 607 2595 ne
626 2556 804 2609 prolixius
826 2569 1022 2594 sermonem
1040 2555 1227 2593 extendam
1241 2585 1250 2603 ‚

301 2620 421 2658 licebit
436 2619 541 2659 vobis
562 2633 627 2672 pro
645 2628 763 2658 vestra
782 2617 969 2670 prudentia
987 2630 1165 2655 recensere
1182 2616 1250 2653 alia

301 2681 431 2719 omnia.
449 2683 514 2719 Da
531 2680 647 2730 enim,
663 2679 793 2730 inquit,
809 2681 977 2731 sapienti
996 2680 1247 2723 occasionem,

301 2752 336 2781 et
359 2745 570 2793 sapientior
587 2744 670 2780 erit.
689 2741 812 2790 Neque
835 2739 870 2777 in
902 2738 1031 2777 nostris
1063 2737 1252 2775 dumtaxat

301 2803 390 2840 cibis
410 2802 476 2840 hoc
488 2802 610 2840 videre
627 2811 698 2849 est,
716 2801 779 2839 sed
799 2810 832 2838 et
852 2800 889 2838 in
910 2799 953 2837 iis
967 2812 1044 2851 quae
1062 2798 1251 2836 brutorum

301 2873 392 2901 sunt.
410 2863 456 2901 Et
475 2863 650 2915 poteritis,
668 2863 697 2900 si
712 2861 838 2912 vultis,
857 2861 962 2899 etiam
980 2860 1015 2897 in
1033 2859 1155 2897 multis
1172 2859 1251 2896 aliis

302 2924 492 2974 inquirere,
515 2933 549 2961 et
566 2923 747 2960 addiscere
766 2921 892 2974 optimi
912 2920 1060 2959 artificis
1078 2920 1143 2957 Dei
1166 2919 1251 2957 inef-

299 2985 445 3022 fabilem
484 2984 694 3036 sapientiam
726 2993 760 3021 et
795 2983 1005 3021 eminentem
1038 2981 1250 3029 bonitatem,

299 3044 478 3096 quomodo
497 3054 664 3082 creaturae
685 3045 833 3096 singulte
850 3043 984 3082 ratione
998 3043 1151 3094 quadam
1172 3056 1252 3080 con-

299 3104 384 3143 ditae
427 3105 507 3142 sint.
550 3105 724 3142 Similiter
769 3104 880 3155 igitur
922 3114 955 3142 et
994 3104 1102 3156 liujus
1147 3117 1252 3141 sacra:

299 3165 589 3217 Quadi-agesimae
624 3174 780 3217 tempore
811 3165 1043 3203 constitutum
1069 3164 1170 3203 uobis
1191 3164 1248 3202 in—

345 3299 359 3322 l·
381 3299 477 3334 Αὐτῆς
494 3299 720 3338 ἀναδιδομένων,
739 3299 819 3335 ἀλλ’,
835 3296 881 3327 sic
897 3295 1033 3328 Coislin.

342 3360 354 3372 ι-
371 3347 507 3381 Coislin.
524 3354 557 3378 et
575 3347 656 3377 alius
675 3355 725 3384 τῆς
748 3351 884 3388 ἀμπέλου
909 3354 957 3382 τὀν
980 3363 1070 3392 ›cap-n.

346 3403 359 3425 ¹¹
382 3400 485 3432 Iidem
512 3404 625 3441 πελάγη
652 3401 805 3444 διαπερᾷ-ν.

805 220 985 252 ,ΙΟΑΝΝΙΞ
1019 218 1255 250 CHRYSOST
1265 239 1273 247 .

1313 216 1498 247 ARCHIEP
1507 238 1515 245 .
1560 215 1902 246 CONSTANTiNOP
1911 237 1919 245 .

1327 301 1442 345 λοιτο,
1469 297 1609 349 εὑρήσει
1633 299 1667 335 ἐν
1695 298 1806 335 ἅπασι
1835 304 1904 340 τοῖς
1939 298 2222 349 δημιουργηθεῖσι
2254 297 2347 342 τάξιν

1326 358 1404 395 τινὰ
1422 358 1481 395 καὶ
1503 357 1618 408 λόγον,
1643 356 1703 394 καὶ
1721 357 1816 396 οὐδὲν
1831 358 1950 401 ἁπλῶς
1968 356 2028 395 καὶ
2059 360 2136 408 εἰκῇ
2156 358 2347 409 γεγενημέ-

1327 433 1395 456 νον.
1411 419 1526 456 Τοῦτο
1545 417 1605 455 καὶ
1630 417 1688 455 ἐπὶ
1718 420 1786 456 τῶν
1803 418 2013 469 σπερμάτων
2040 420 2108 456 τῶν
2134 419 2174 455 ἐκ
2201 421 2263 464 τῆς
2285 422 2350 469 γ’ῆς

1328 477 1584 528 ἀναδιδομένων
1605 477 1644 515 ἄν
1662 493 1713 520 τις
1729 477 1876 516 κατίδοι.
1888 477 1982 517 Οὔτε
1992 478 2060 530 γὰρ
2073 477 2166 517 κατὰ
2175 477 2233 516 τὸν
2248 478 2348 516 αὐτὸν

1327 538 1447 590 καιρὸν
1480 538 1619 576 ἅπαντα
1649 537 1830 575 ἐκδίδωσιν
1843 541 1865 584 ἡ
1884 541 1928 589 γῆ
1939 567 1949 585 ,
1968 539 2047 576 οὔτε
2064 541 2082 577 ὃ
2103 538 2204 581 αὐτὸς
2232 537 2350 590 καιρὸς

1326 599 1519 646 ἐπιτήδειος
1539 598 1625 649 πρὸς
1646 599 1708 644 τὴν
1741 598 1942 649 ἐπιμέλειαν
1966 601 2035 647 τῶν
2057 599 2090 643 ἐξ
2111 597 2242 645 ὴαύτῆς
2267 600 2351 649 βλα-

1327 660 1538 699 στανόντων·
1558 661 1636 705 ἀλλ’
1655 653 1723 697 οἶδε
1739 659 1796 697 τὸν
1812 659 2007 711 ἁρμόζοντα
2018 659 2137 711 καιρὸν
2152 663 2170 697 ὃ
2182 659 2350 710 γηπόνος,

1294 732 1303 742 ‘
1326 721 1422 773 παρὰ
1439 723 1501 767 τῆς
1516 724 1574 759 τοῦ
1591 722 1683 759 Θεοῦ
1699 719 1856 766 δοθείσης
1870 719 1992 772 σοφίας
2007 724 2109 758 τοῦτο
2125 719 2350 770 μεμαθηκὼς,

1326 782 1386 820 καὶ
1405 782 1588 821 ἐπίσταται
1602 781 1687 820 πότε
1707 781 1770 832 μὲν
1793 782 1844 818 δεῖ
1858 780 1902 818 τὰ
1920 781 2108 832 σπέρματα
2126 780 2350 827 καταὸαλεῖν,

1325 843 1411 881 πότε
1442 843 1477 882 δὲ
1508 847 1576 882 τῶν
1604 843 1751 895 δένδρων
1768 842 1813 881 τὰ
1832 843 1922 894 φυτὰ
1937 842 1998 880 καὶ
2020 845 2083 888 τ’ῆς
2103 843 2261 893 ἀμπέλου
2281 849 2351 886 τοῖς

1325 904 1466 948 κόλποις
1477 907 1538 950 τ’ἧς
1553 907 1616 955 γῆς
1635 903 1965 955 παρακαταθέσθαι,
1980 903 2038 940 καὶ
2055 902 2138 941 πότε
2156 903 2218 953 μὲν
2232 903 2349 953 θήγειν

1325 964 1388 1012 τὴν
1409 965 1580 1017 δρεπάνην
1601 964 1687 1016 πρὸς
1716 963 1774 1002 τὸν
1794 965 1942 1015 ἄμητον,
1964 964 2049 1002 πότε
2068 963 2104 1001 δὲ
2130 965 2189 1002 τὸν
2217 965 2352 1015 καρπὸν

1326 1028 1388 1071 τῆς
1405 1025 1562 1076 ἀμπέλου
1583 1026 1792 1076 δρέπεσθαι,
1809 1026 1868 1063 καὶ
1889 1025 1968 1068 τοὺς
1995 1025 2143 1077 βότρυας
2161 1023 2351 1075 ἐκτέμνειν,

1326 1087 1385 1124 καὶ
1401 1086 1492 1124 κατὰ
1512 1093 1608 1124 ποῖον
1638 1087 1757 1138 καιρὸν
1779 1086 1930 1137 ἐκλέγειν
1951 1090 2036 1133 οτῆς
2061 1086 2178 1129 ἐλαίας
2193 1085 2250 1124 τὸν
2267 1102 2354 1139 καρ-

1325 1147 1403 1185 πόν.
1428 1146 1498 1185 Καὶ
1523 1147 1701 1199 εὑρήσεις,
1723 1149 1752 1184 εἰ
1782 1146 1919 1197 βούλοιο
1941 1146 2031 1184 κατὰ
2051 1146 2154 1198 μέρος
2178 1147 2352 1198 διερευνᾶ-

1327 1211 1406 1246 σθαι
1424 1211 1535 1246 ταῦτα
1554 1208 1717 1255 ἅπαντα,
1745 1206 1878 1254 πολλὴν
1909 1207 2031 1258 σοφίαν
2061 1206 2121 1244 καὶ
2153 1206 2250 1259 παρὰ
2282 1211 2352 1250 τοῖς

1325 1269 1388 1316 τὴν
1408 1272 1471 1320 γῆν
1491 1269 1734 1321 ἐργαζομένοις
1752 1267 2037 1318 ἐναποκειμένην.
2055 1268 2125 1306 Καὶ
2139 1269 2202 1306 οὐκ
2215 1267 2272 1306 ἐπὶ
2289 1270 2352 1314 τ’ῆς

1325 1333 1388 1382 γ’ἧς
1406 1330 1507 1369 τοῦτό
1538 1333 1629 1369 ἐστιν
1663 1331 1746 1368 ἰδεῖν
1783 1329 1901 1380 μόνον,
1924 1329 2014 1367 ἀλλὰ
2034 1328 2093 1367 καὶ
2122 1329 2180 1367 ἐπὶ
2198 1332 2260 1375 τῆς
2288 1332 2352 1366 θα-

1280 1400 1305 1429 D
1325 1391 1470 1437 λάσσης.
1496 1390 1566 1429 Καὶ
1588 1390 1654 1442 γὰρ
1684 1392 1830 1428 ἐνταῦθα
1859 1389 1963 1427 πάλιν
1996 1389 2117 1441 ἑτέραν
2148 1389 2350 1439 θαυμαστὴν

1325 1451 1448 1504 σοφίαν
1469 1451 1560 1490 ἐστὶν
1583 1452 1679 1489 ἰδεῖν.
1699 1443 1784 1489 Οἷδε
1800 1449 1867 1501 γὰρ
1894 1452 1912 1487 ὃ
1936 1450 2171 1503 κυὸερνήτης,
2199 1449 2284 1488 πότε
2301 1452 2352 1488 δεῖ

1327 1513 1540 1551 καθελκύσαι
1558 1513 1597 1551 τὸ
1623 1514 1757 1559 πλοῖον,
1784 1511 1842 1549 καὶ
1864 1513 1903 1548 ἐκ
1928 1515 1987 1549 τοῦ
2017 1511 2158 1561 λιμένος
2177 1511 2350 1560 ἐκὸαλεῖν,

1326 1573 1386 1611 καὶ
1409 1574 1455 1611 τὰ
1473 1572 1488 1592 ‘³
1503 1573 1639 1625 πελάγη
1659 1571 1934 1625 περαιώσασθαι.
1957 1571 2027 1609 Καὶ
2046 1571 2178 1619 πολλὴν
2194 1573 2351 1623 μάλιστα

1326 1635 1423 1688 παρὰ
1441 1635 1576 1678 τούτοις
1599 1634 1690 1674 ἐστὶν
1714 1635 1798 1672 ἰδεῖν
1819 1633 1882 1680 τὴν
1900 1633 2047 1680 σύνεσιν,
2060 1633 2102 1680 ἢν
2122 1637 2144 1680 ἡ
2171 1638 2231 1673 τοῦ
2259 1636 2352 1673 Θεοῦ

1328 1697 1432 1749 σοφία
1446 1696 1632 1734 ἐναπέθετο
1652 1697 1695 1746 τῇ
1718 1695 1917 1746 ἀνθρωπίνῃ
1950 1694 2061 1747 φύσει.
2081 1694 2171 1733 Οὐδὲ
2191 1694 2259 1747 γὰρ
2288 1695 2350 1732 οὕ-

1325 1775 1392 1802 τως
1411 1759 1442 1796 oi
1455 1757 1517 1800 τὰς
1532 1755 1725 1808 λεωφόρους
1739 1755 1977 1807 διατρέχοντες
2003 1755 2099 1794 ἴσασι
2129 1755 2218 1806 μετὰ
2249 1758 2352 1808 ἀκρι-

1325 1818 1420 1863 &stag
1435 1818 1520 1862 ἱ’τὰς
1539 1816 1733 1870 ἀτραποὺς,
1753 1819 1798 1859 ὡς
1817 1810 1909 1854 οὗτοι
1929 1815 1962 1853 οἳ
1986 1817 2020 1853 ἐν
2042 1822 2111 1860 τοῖς
2141 1817 2242 1855 ὕδασι
2262 1817 2351 1867 μετὰ

1325 1880 1513 1932 ἀσφαλείας
1527 1878 1590 1925 τὴν
1620 1878 1762 1930 πορείαν
1791 1879 1981 1915 ποιοῦνται.
2003 1877 2066 1915 Διὸ
2093 1878 2152 1915 καὶ
2171 1881 2193 1924 ἡ
2225 1878 2349 1931 Γραφὴ

1324 1940 1588 1991 ἐκπληττομένη
1605 1939 1669 1987 τὴν
1702 1938 1990 1990 ὑπερόάλλουσαν
2010 1942 2068 1976 τοῦ
2099 1941 2192 1977 Θεοῦ
2228 1940 2351 1992 σοφίαν

1323 2003 1455 2055 ἔλεγεν,
1472 2002 1516 2041 Ὁ
1536 2001 1612 2045 δοὺς
1631 2002 1666 2038 ἐν
1682 2000 1841 2051 θαλάσσῃ
1856 1998 1945 2047 ὁδὸν,
1962 1999 2022 2036 καὶ
2042 2001 2076 2037 ἐν
2096 2000 2196 2037 ὕδατι
2218 2001 2352 2054 ἰσχυρῷ

1324 2064 1453 2116 τρίὸον.
1482 2065 1587 2105 Ποῖος
1627 2060 1840 2113 ἀνθρώπινος
1870 2058 2036 2111 λογισμὸς
2066 2060 2209 2098 δύναται
2241 2066 2351 2100 ταῦτα

1324 2126 1501 2171 κατιδεῖν;
1520 2122 1621 2162 Κατὰ
1639 2122 1697 2160 τὸν
1720 2121 1820 2160 αὐτὸν
1844 2119 1944 2171 λόγον
1973 2119 2066 2172 εὕροι
2087 2137 2137 2164 τις
2168 2121 2207 2158 ἂν
2235 2121 2294 2159 καὶ
2316 2123 2350 2159 ἐν

1323 2187 1366 2236 τῇ
1383 2183 1578 2235 μεταλήψει
1596 2186 1659 2229 τ’ἧς
1677 2183 1805 2234 τροφῆς
1820 2183 1883 2227 τ’ῆς
1906 2180 2126 2233 ἀνθρωπίνης
2144 2185 2255 2218 ταῦτα
2275 2183 2352 2220 δια-

1323 2244 1531 2297 τεταγμένα.
1551 2243 1622 2282 Καὶ
1638 2243 1705 2296 γὰρ
1736 2244 1813 2280 καθ’
1838 2241 1983 2279 ἕκαστον
2014 2241 2148 2295 καιρὸν,
2181 2241 2241 2279 καὶ
2270 2245 2348 2280 καθ’

1322 2308 1474 2354 ἑκάστην
1493 2304 1624 2358 τροπὴν
1644 2309 1704 2343 τοῦ
1725 2305 1901 2351 ἐνιαυτοῦ,
1919 2302 2101 2354 διαφόρους
2119 2307 2205 2353 ἡμῖν
2223 2303 2352 2356 τροφὰς

1321 2374 1338 2408 ὁ
1361 2368 1542 2415 Δεσπότης
1555 2366 1782 2419 κεχάρισται·
1804 2364 1863 2402 καὶ
1882 2364 2042 2416 καθάπερ
2063 2364 2190 2418 ἀρίστη
2209 2365 2350 2417 τροφὸς,

1323 2431 1430 2472 οὕτως
1445 2433 1466 2477 ἡ
1485 2431 1530 2479 γῆ
1547 2429 1591 2467 τὰ
1609 2430 1693 2480 παρ’
1709 2429 1836 2472 ἑαυτῆς
1852 2428 1936 2476 ἡμῖν
1960 2426 2169 2478 δωροφορεῖ,
2196 2428 2247 2477 τῷ
2269 2428 2350 2464 ἐπι-

1322 2493 1475 2544 τάγματι
1490 2494 1549 2529 τοῦ
1566 2490 1776 2540 δημιουργοῦ
1795 2485 2072 2538 ὑπηρετουμένη.

1376 2553 1467 2591 Ἀλλ’
1484 2551 1541 2589 ἵνα
1556 2550 1604 2602 μὴ
1624 2549 1682 2588 ἐπὶ
1700 2548 1805 2587 πλέον
1826 2552 1946 2586 τοῦτον
1972 2545 2137 2585 Ῑέκτείνω
2157 2547 2214 2586 τὸν
2234 2548 2350 2601 λόγον,

1274 2638 1304 2662 8¹4
1326 2613 1454 2658 ἔξεστιν
1475 2614 1556 2661 ὑμῖν
1576 2615 1729 2653 συνετοῖς
1760 2603 1837 2648 οῧσι
1865 2608 1909 2646 τὰ
1929 2606 2036 2646 λοιπὰ
2058 2607 2197 2646 ἅπαντα
2229 2607 2351 2646 ἀναλέ-

1279 2674 1303 2702 A
1325 2678 1457 2726 γεσθαι.
1473 2672 1576 2711 Δίδου
1592 2671 1677 2725 γὰρ,
1691 2670 1775 2723 ερησὶ
1789 2700 1798 2718 ,
1820 2671 1915 2722 σοφῷ
1930 2668 2103 2721 ἀφορμὴν,
2118 2670 2177 2706 καὶ
2196 2667 2351 2721 σοφώτε-

1328 2751 1382 2788 ρος
1398 2734 1507 2772 ἔσται.
1528 2732 1618 2771 Οὐδὲ
1639 2732 1706 2784 γὰρ
1734 2731 1791 2769 ἐπὶ
1820 2732 1882 2775 τῆς
1902 2729 2074 2781 ἡμετέρας
2093 2732 2222 2781 τροφῆς
2249 2732 2351 2767 τοῦτο

1327 2796 1428 2846 μόνον
1444 2794 1536 2832 ἐστὶν
1554 2795 1650 2840 ἰδεῖν,
1671 2792 1762 2831 ἀλλὰ
1777 2791 1837 2830 καὶ
1857 2791 1915 2829 ἐπὶ
1934 2794 1996 2837 τῆς
2020 2793 2088 2828 τῶν
2109 2790 2257 2840 ἀλόγων.
2280 2790 2350 2828 Καὶ

1326 2857 1531 2903 δυνήσεσθε,
1559 2857 1587 2893 εἷ
1619 2853 1863 2906 βουληθείητε,
1897 2851 1958 2890 καὶ
1991 2853 2030 2889 ἐκ
2062 2853 2200 2889 mnam
2224 2850 2350 2902 ἑτέρων

1327 2918 1587 2971 διερευνώμενοι
1603 2919 1816 2966 καταμαθεῖν
1834 2917 1894 2952 τοῦ
1916 2912 2161 2965 ἀριστοτέχνου
2176 2914 2268 2951 Θεοῦ
2287 2911 2349 2958 τὴν

1327 2980 1456 3031 ἄφατον
1473 2978 1610 3030 σοφίαν,
1639 2977 1698 3016 καὶ
1724 2976 1786 3023 τὴν
1817 2974 2102 3027 ὓπερὸοίλλουσαν
2132 2972 2349 3025 ἆγαθότητα,

1326 3042 1384 3079 καὶ
1399 3042 1445 3083 ὡς
1462 3039 1606 3077 ἕκαστον
1621 3040 1688 3076 τῶν
1700 3035 1940 3088 γεγενημένων
1961 3034 2053 3086 λόγῳ
2072 3034 2160 3071 ’τινὶ
2171 3033 2347 3083 παρήχθη.

1328 3102 1429 3140 Κατὰ
1449 3101 1488 3138 τὸ
1514 3099 1596 3137 αὐτὸ
1615 3098 1726 3137 τοίνυν
1743 3097 1802 3135 καὶ
1828 3095 1884 3134 ἐπὶ
1913 3099 1972 3132 τοῦ
2002 3096 2123 3145 καιροῦ
2154 3096 2214 3138 τῆς
2249 3092 2348 3143 ἁγίας

1327 3161 1607 3213 τεσσαρακοστῆς
1637 3158 1826 3209 εὑρήσομεν
1843 3160 1900 3193 νῦν
1927 3159 2011 3206 ἡμῖν
2035 3152 2347 3203 διατετυπωμένον.

1384 3302 1395 3316 c
1416 3291 1494 3331 Reg.
1522 3300 1604 3320 unus
1628 3293 1681 3326 τὰς
1706 3288 1858 3332 ἀτραποὺς
1883 3286 1974 3321 ὁδοὺς.

1383 3345 1395 3368 s
1412 3341 1472 3374 Alii
1498 3346 1681 3383 ἑκτείνωμεν.

1385 3407 1396 3421 ³
1415 3393 1550 3430 Coisliu.
1570 3399 1602 3425 ct
1619 3391 1700 3423 alius
1716 3395 1769 3424 τινὶ
1787 3394 1834 3423 καὶ
1852 3393 2033 3429 ἒπιτάγματι
2053 3400 2124 3429 παρ.
