2483 3791
691 183 732 211 ΙΝ
769 182 871 212 (ἶΑΡ.
913 181 961 210 ll.

67 269 133 321 φῆς
150 265 213 313 τὴν
240 264 433 316 ἄκρίὸειαν.
451 263 583 303 Οὐκέτι
605 264 674 318 γὰρ
696 258 804 314 εἶπεν,
824 264 989 310 ἔπλασεν,
1012 265 1089 301 ἀλλ’

67 326 325 382 ’ῼκοδόμησεν-
365 324 484 371 ἐπειδὴ
522 323 588 363 ”gx
620 329 679 364 τοῦ
710 326 778 373 ἤδη
812 324 1024 368 πλασθέντος
1052 323 1093 362 τὸ

67 388 169 440 μέρος
187 387 311 431 ἔλαῧε,
331 387 390 424 καὶ
416 390 463 430 ὡς
494 386 535 424 ἂν
554 385 646 425 εἴποι
665 403 717 431 τις
730 416 739 433 ,
761 387 800 425 τὸ
819 389 936 425 λεῖπον
966 384 1090 438 ἐχαρί-

66 464 162 487 σατο.
182 447 250 486 Διὰ
269 447 371 486 τοῦτό
404 463 509 500 φησι,
538 447 606 485 Καὶ
631 447 855 500 ᾠκοδόμησεν
869 463 877 471 ·
897 448 960 485 οὒκ
979 447 1089 492 ἄλλην

65 509 191 548 πλάσιν
222 508 428 561 εἰργάσατο,
446 510 522 547 ἀλλ’
547 510 587 547 ἐκ
604 511 668 554 τῆς
687 509 754 555 ἤδη
779 508 967 561 γενομένης
996 507 1089 545 πλά-

65 586 151 614 σεως
175 569 290 624 βραχύ
308 585 342 608 τι
363 569 466 624 μέρος
484 569 616 618 λαῧὼν,
637 574 737 609 τοῦτο
767 571 807 608 τὸ
833 569 936 621 μέρος
961 567 1090 620 ᾠκοδό-

65 647 156 683 μησε
167 661 177 678 ,
197 631 257 669 καὶ
275 631 406 670 τέλειον
425 631 611 683 εἰργάσατο
630 631 669 669 τὸ
689 633 787 675 ζῶον.
811 630 912 674 Πόση
931 632 989 666 τοῦ
1011 631 1089 679 ἀρι-

65 691 249 744 στοτέχνου
283 694 375 731 Θεοῦ
410 695 433 738 ἡ
470 692 630 742 δύναμις,
665 691 735 730 ἀπὸ
766 694 826 728 τοῦ
866 688 1089 741 βραχυτάτου

66 753 189 807 μέρους
218 753 348 792 ἐκείνου
377 753 548 791 τοσούτων
574 755 687 803 μελῶν
719 750 905 800 ἀναλογίαν
933 748 1089 801 ἐργάσα-

65 818 166 861 σθαι,
188 814 248 851 καὶ
273 812 443 856 τοσαύτας
462 813 638 860 αἰσθήσεις
663 813 938 864 δημιουργῆσαι,
958 809 1017 847 καὶ
1036 807 1090 846 τέ-

63 877 155 913 λειον
182 874 241 912 καὶ
267 873 456 927 ὁλόκληρον
488 873 547 911 καὶ
569 872 830 926 ἀπηρτισμένον
864 873 950 915 ζῶον
981 885 1089 908 κατα-

64 935 248 982 σκευάσαι,
281 935 321 973 τὸ
354 933 542 986 δυνάμενον
575 934 635 972 καὶ
666 932 998 987 προσδιαλέγεσθαι,
1029 929 1089 968 καὶ

61 999 105 1049 τῇ
142 997 183 1039 ”c
202 995 319 1038 οὐσίας
340 995 502 1047 κοινωνίᾳ
521 995 652 1042 πολλὴν
675 997 768 1047 αὐτῷ
783 994 848 1040 τὴν
861 993 1089 1045 παραμυθίαν

1000 178 1163 209 GENES.
1203 179 1358 209 nomn„
1399 181 1476 210 xV.

2032 172 2109 227 ¹4¹

1163 261 1358 314 Scriptura:
1377 262 1615 313 diligentiam.
1631 265 1707 301 Non
1721 265 1815 302 enim
1828 268 1903 318 jam
1923 267 2118 316 dicit,l⁴'or-

1163 322 1288 373 mavit,
1317 322 1393 374 sed,
1415 324 1643 372 AEdificavit
1663 340 1671 360 ε
1691 325 1775 375 quia
1795 340 1840 363 ex
1861 327 1938 378 jam
1968 329 2119 365 formato

1162 391 1300 435 partem
1323 384 1460 436 accepit
1477 414 1487 432 ‚
1517 393 1551 422 et
1574 385 1675 435 quasi
1697 385 1829 424 diceret
1850 387 1993 437 aliquis,
2022 388 2120 437 quod

1115 451 1140 482 E
1161 442 1283 482 decrat
1310 444 1422 483 dedit.
1455 445 1538 484 Ideo
1569 445 1674 496 dicit,
1713 447 1767 485 Et
1795 448 2005 500 (edificavit
2024 463 2032 483 :
2051 461 2120 486 non

1163 505 1271 544 aliam
1303 507 1553 546 formationem
1584 507 1681 558 fecit,
1711 507 1775 546 sed
1793 522 1839 546 ex
1859 522 1900 547 eo
1921 508 2017 561 quod
2045 509 2123 560 jam

1162 565 1353 605 formatum
1384 578 1472 618 erat,
1507 578 1648 621 accepta
1684 569 1911 622 portiuncula
1946 569 2119 620 quadam,

1162 627 1253 666 hanc
1275 639 1412 681 partem
1440 630 1645 678 aedificavit,
1662 640 1697 669 et
1713 632 1909 684 perfectum
1931 632 2013 670 fecit
2038 632 2120 669 ani-

1161 689 1247 727 mal.
1261 690 1403 736 Quanta
1419 691 1545 743 optimi
1566 691 1750 730 architecti
1767 693 1832 731 Dei
1847 693 2023 745 potentia,
2042 707 2122 744 quae

1163 762 1210 786 ex
1232 751 1372 788 tantilla
1390 751 1564 802 particula
1592 761 1643 790 tot
1669 762 1702 790 ct
1724 763 1795 791 tam
1814 754 1986 805 elegantia
2006 768 2119 792 mem-

1161 809 1226 848 bra
1242 811 1484 857 concinnavit,
1503 820 1618 849 tantos
1638 813 1807 851 formavit
1824 828 1960 863 sensus,
1985 829 2026 852 ac
2042 828 2121 866 per-

1160 871 1309 920 fectum,
1342 871 1537 922 integrum,
1572 881 1606 910 et
1627 872 1834 910 absolutum
1863 874 1995 912 animal
2022 874 2119 924 fecit,

1162 932 1258 983 quod
1276 933 1389 984 possit
1407 942 1442 970 et
1457 933 1624 984 colloqui,
1641 943 1674 972 et
1693 934 1944 972 commuuione
1957 935 2122 972 substan-

1163 994 1218 1032 tiae
1232 994 1311 1033 viro
1324 994 1437 1032 multa
1453 995 1579 1033 afferre
1597 994 1721 1033 solatia
1742 994 1751 1035 l
1770 997 1861 1033 Nam
1876 995 1921 1034 ad
1940 997 2016 1048 ejus
2036 1009 2122 1033 con-

63 1056 243 1110 εἷσφέρειν.
261 1057 329 1095 Διὰ
348 1057 416 1110 γὰρ
442 1057 505 1104 τὴν
534 1056 654 1095 τούτου
682 1055 908 1107 παράκλησιν
923 1058 1025 1092 τοῦτο
1049 1053 1089 1092 τὸ
1106 1071 1153 1096 119
1163 1055 1369 1093 solationem
1385 1055 1518 1094 animal
1546 1055 1612 1093 boc
1628 1055 1821 1094 formatum
1851 1065 1915 1094 est.
1952 1056 2058 1094 L'nde
2087 1065 2120 1094 et

62 1121 147 1164 ζῶον
170 1119 441 1171 ἐδημιουργήθη.
463 1119 527 1156 Διὸ
544 1118 604 1156 καὶ
624 1119 763 1161 Παῦλος
784 1115 900 1167 ἔλεγεν
918 1130 926 1138 ·
947 1116 1000 1153 Οὐ
1022 1116 1090 1168 γὰρ

63 1178 204 1226 ἐκτίσθη
224 1183 241 1218 ὁ
260 1180 348 1233 ἀνὴρ
369 1178 426 1217 διὰ
447 1178 510 1225 τὴν
531 1185 701 1229 γυναῖκα,
731 1176 821 1216 ἀλλὰ
842 1175 927 1228 γυνὴ
958 1175 1015 1214 διὰ
1034 1177 1092 1215 τὸν

63 1240 183 1293 ἄνδρα.
203 1240 312 1293 Ὁρᾷς
339 1244 414 1283 πῶς
442 1240 580 1278 ἅπαντα
612 1241 654 1277 δι’
690 1238 792 1276 αὐτὸν
815 1237 968 1289 γίνεται,
988 1237 1092 1276 Μετὰ

63 1301 131 1354 γὰρ
150 1301 212 1347 τὴν
234 1301 464 1354 δημιουργίαν
478 1304 540 1347 τῆς
557 1299 722 1347 κτίσεως,
740 1299 829 1350 μετὰ
845 1299 884 1337 τὸ
900 1302 1091 1352 παραχθῆ-

65 1378 121 1400 ναι
139 1363 183 1401 τὰ
205 1363 335 1414 ἄλογα,
365 1362 409 1401 τὰ
435 1363 521 1414 πρὸς
552 1364 681 1413 βρῶσιν
708 1361 908 1408 ἐπιτήδεια,
931 1360 975 1398 τὰ
1007 1360 1094 1413 πρὸς

64 1424 256 1477 ὑπηρεσίαν
286 1423 513 1477 χρησιμεύειν
549 1423 745 1474 δυνάμενα,
775 1422 896 1469 ἐπειδὴ
930 1423 1041 1460 ἐδεῖτο
1073 1423 1091 1459 ὁ

65 1486 231 1529 πλασθεὶς
251 1484 430 1537 ἅνθρωπός
449 1501 541 1529 τινος
559 1490 618 1524 τοῦ
644 1483 986 1539 προσδιαλεγομένου
1000 1513 1009 1531 ,
1031 1483 1092 1522 καὶ

66 1547 253 1598 δυναμένου
277 1549 320 1598 τῇ
338 1546 501 1601 κοινωνίᾳ
516 1550 576 1593 τῆς
604 1546 724 1589 οὐσίας
748 1545 882 1592 πολλὴν
900 1547 992 1597 αὐτῷ
1019 1561 1086 1583 πα-

67 1607 178 1661 ρέχειν
201 1607 262 1655 τὴν
293 1608 532 1661 παραμυθίαν,
560 1606 618 1646 διὰ
648 1612 750 1646 τοῦτο
778 1609 818 1645 ἐκ
849 1610 911 1654 τῆς
938 1608 1091 1660 πλευρᾶς

64 1670 167 1708 αὐτοῦ
195 1670 457 1722 δημιουργεῖται
487 1669 526 1707 τὸ
553 1671 638 1713 ζῶον
671 1672 773 1709 τοῦτο
801 1668 840 1707 τὸ
859 1667 1010 1719 λογικὸν,
1030 1667 1090 1706 καὶ

64 1730 154 1769 κατὰ
175 1730 238 1777 τὴν
256 1730 454 1783 εὐμήχανον
476 1732 580 1769 αὐτοῦ
601 1730 724 1783 σοφίαν
744 1729 874 1769 τέλειον
896 1729 955 1767 καὶ
975 1731 1088 1781 ἀπηρ-

63 1791 224 1841 τισμένον
245 1793 328 1831 αὐτὸ
355 1791 563 1843 εἰργάσατο,
583 1792 675 1830 κατὰ
704 1791 819 1830 πάντα
837 1794 886 1843 τῷ
918 1790 1091 1843 ἀνθρώπῳ

63 1854 195 1904 ὅμοιον,
217 1853 293 1891 ἀντὶ
309 1859 388 1898 τοῦ,
407 1853 561 1904 λογικὸν,
585 1853 774 1903 δυνάμενον
795 1854 831 1890 ἐν
849 1858 921 1896 τοῖς
945 1851 1092 1903 καιρίοις

65 1916 159 1966 αὐτῷ
194 1915 253 1952 καὶ
283 1920 353 1957 τοῖς
383 1914 585 1965 ἀναγκαίοις
604 1914 663 1951 καὶ
696 1913 877 1965 συνέχουσι
905 1912 968 1960 τὴν
1000 1912 1091 1960 ζωὴν

64 1975 109 2014 τὰ
129 1979 191 2022 τῆς
215 1975 373 2027 βοηθείας
392 1975 573 2026 εἰσφέρειν.
590 1975 680 2018 Θεὸς
707 1974 776 2028 γὰρ
805 1969 846 2022 ἦν
867 1977 885 2013 ὃ
914 1973 958 2012 τὰ
976 1974 1092 2012 πάντα

65 2036 169 2088 σοφίᾳ
196 2037 263 2074 τινὶ
301 2036 361 2073 καὶ
395 2035 604 2089 δημιουργίᾳ
628 2038 831 2085 οἰκονομῶν.
865 2036 910 2074 Εἰ
938 2034 1004 2087 γὰρ
1033 2034 1092 2072 καὶ

64 2100 166 2147 ἡμεῖς
185 2096 241 2135 διὰ
260 2096 321 2143 τὴν
342 2099 410 2134 τῶν
421 2098 596 2147 λογισμῶν
610 2095 786 2134 ἀσθένειαν
806 2095 1090 2146 καταλαμὸάνειν

65 2157 114 2208 μὴ
147 2158 320 2208 δυνάμεθα
355 2158 413 2196 τὸν
444 2158 570 2207 τρόπον
612 2160 681 2194 τῶν
723 2156 974 2207 γεγενημένων,
1010 2157 1088 2194 ἀλλ’

63 2217 158 2267 ὅμως
189 2218 410 2269 πιστεύομεν,
443 2217 498 2272 ὅτι
532 2220 580 2269 τῷ
610 2216 807 2268 βουλήματι
840 2219 943 2255 αὐτοῦ
974 2216 1090 2254 πάντα

63 2278 164 2327 εἴκει,
183 2280 243 2317 καὶ
262 2279 348 2331 ὅπερ
368 2279 407 2317 ἂν
429 2278 627 2333 προστάξῃ,
645 2283 746 2317 τοῦτο
771 2280 820 2322 εἷς
843 2277 948 2329 μέσον
970 2277 1088 2330 παρά·

61 2355 171 2391 γεται.
205 2340 274 2379 Καὶ
307 2340 532 2393 ᾠκοδόμησε,
571 2340 678 2392 φησὶ,
705 2339 832 2391 Κύριος
859 2342 877 2378 ὃ
902 2338 992 2383 Θεὸς
1024 2338 1088 2386 τὴν

60 2400 226 2452 πλευρὰν,
245 2401 287 2448 ἣν
309 2401 434 2440 ἔλαὸεν
463 2401 533 2439 ἀπὸ
548 2404 608 2439 τοῦ
631 2400 759 2452 Ἀδὰμ,
780 2403 828 2444 εἷς
845 2406 1012 2453 γυναῖκα,
1027 2400 1088 2439 κα).

59 2461 188 2514 ἤγαγεν
210 2462 316 2509 αὐτὴν
336 2463 422 2515 πρὸς
437 2463 495 2501 τὸν
516 2462 647 2513 Ἀδάμ·
675 2460 825 2510 δεικνὺς,
845 2462 898 2500 ὅτι
919 2463 962 2500 δι’
986 2462 1088 2500 αὐτὸν

60 2522 169 2570 αὐτὴν
197 2523 413 2575 παρήγαγεν,
442 2522 598 2575 Ἤγαγεν
631 2522 750 2571 αὐτὴν,
775 2522 880 2575 φησὶ,
909 2523 995 2576 πρὸς
1029 2523 1086 2562 τὸν

60 2583 181 2635 Ἀδάμ.
203 2584 351 2632 Ἐπειδὴ
379 2585 447 2638 γὰρ
478 2584 587 2628 οὐδεὶς
621 2584 762 2638 εὑρέθη,
789 2584 908 2637 φησὶν,
943 2586 978 2622 ἐν
999 2591 1088 2623 πᾶσι

58 2652 128 2690 τοῖς
148 2646 266 2690 ἄλλοις
291 2645 408 2697 ὅμοιός
429 2661 482 2685 σοι
511 2646 653 2696 βοηθὸς,
673 2646 745 2684 ἰδοὺ
773 2645 859 2698 ὅπερ
879 2647 1086 2699 ὑπεσχόμην

58 2707 343 2759 (ἐπηγγειλάμην
360 2706 427 2759 γὰρ
441 2707 564 2759 βοηθὸν
576 2706 695 2758 ὅμοιόν
713 2723 766 2745 σοι
781 2707 1086 2758 κατασκευάζειν),

57 2773 158 2808 τοῦτο
174 2768 365 2820 πληρώσας
379 2768 606 2821 παραδίδωμί
631 2784 695 2807 σοι.
716 2768 854 2820 Ἤγαγε
873 2768 940 2822 γὰρ
966 2769 1086 2818 αὐτὴν,

58 2829 164 2881 φησὶ,
183 2830 268 2881 πρὸς
287 2829 346 2867 τὸν
367 2829 489 2880 Ἀδάμ.
518 2829 590 2868 Καὶ
621 2823 716 2867 εἶπεν
738 2829 871 2881 Ἀδὰμ,
900 2834 1002 2868 τοῦτο
1027 2833 1086 2867 ν’ὔν

57 2892 177 2928 ὀστοῦν
197 2891 236 2928 ἐκ
264 2893 333 2928 τῶν
353 2889 484 2928 ὀστέων
503 2905 590 2941 μου,
606 2890 666 2929 καὶ
689 2890 776 2944 σὰρξ
799 2894 838 2930 ἐκ
857 2893 926 2929 τῶν
946 2892 1086 2944 σαρκῶν

60 2967 139 3002 μου.
161 2951 238 2990 Θέα
256 2966 315 3000 μοι
339 2953 507 2998 ἐνταῦθα,
530 2952 714 3003 ἀγαπητὲ,
731 2956 805 2996 πῶς
830 2951 920 3003 μετὰ
947 2955 1011 2998 τῆς
1029 2967 1086 2991 σο-

58 3012 138 3064 φίας
169 3011 300 3059 ἐκείνης
318 3014 380 3058 τῆς
401 3012 556 3064 ἀφάτου,
577 3015 640 3058 τῆς
660 3013 758 3065 παρὰ
788 3018 849 3052 τοῦ
869 3015 962 3052 Θεοῦ
991 3015 1086 3065 αὐτῷ

1120 1109 1143 1137 Α
1163 1117 1298 1156 Paulus
1315 1116 1458 1155 dicebat
1479 1132 1487 1152 :
1504 1117 1595 1154 Non
1610 1119 1713 1154 enim
1735 1118 1933 1169 formatus
1961 1127 2017 1156 est
2055 1120 2121 1156 vir
2141 1130 2167 1150 ¹·
2188 1120 2260 1150 Cor·
2278 1130 2322 1150 ¹¹-

1162 1187 1318 1230 propter
1337 1179 1550 1225 mulierem,
1568 1179 1637 1216 sed
1651 1179 1791 1216 mulier
1797 1188 1954 1231 propter
1976 1182 2118 1218 virum.
2133 1171 2168 1203 9‘

1163 1239 1277 1279 Vides
1306 1239 1484 1290 quomodo
1511 1239 1629 1277 onmia
1660 1248 1806 1291 propter
1839 1239 1958 1278 virum
1996 1239 2122 1278 fiant?

1165 1302 1317 1340 Condita
1337 1301 1432 1340 enim
1452 1311 1628 1352 ereatura,
1650 1301 1836 1354 productis
1846 1301 1973 1351 brutis,
1992 1312 2026 1340 et
2043 1302 2123 1340 cibo

1163 1372 1196 1401 et
1215 1363 1416 1402 ministerio
1432 1363 1596 1412 utilibus,
1616 1362 1700 1413 quia
1719 1363 2011 1402 formatushomo
2029 1363 2124 1402 indi-

1163 1424 1268 1475 gebat
1303 1425 1425 1475 aliquo
1454 1423 1735 1473 confabulatore,
1760 1433 1792 1462 et
1817 1425 1930 1475 coqui
1948 1424 2124 1477 particeps

1163 1486 1240 1538 ejus
1276 1485 1483 1524 substantiae
1514 1485 1671 1523 multum
1691 1485 1808 1524 solatii
1834 1486 1962 1523 afferre
1994 1496 2122 1538 posset,

1162 1547 1241 1585 ideo
1255 1548 1423 1586 exlatere
1442 1547 1540 1586 illius
1558 1547 1625 1585 hoc
1644 1547 1816 1586 rationale
1828 1547 1962 1585 animal
1977 1548 2122 1595 format,

1161 1617 1195 1647 et
1225 1609 1423 1647 secundum
1460 1608 1674 1647 industriam
1710 1623 1811 1647 suam
1848 1618 1882 1647 et
1912 1609 2123 1661 sapientiam

1161 1670 1358 1722 perfectum
1374 1680 1408 1708 et
1426 1670 1631 1708 absolutum
1649 1670 1717 1708 hoc
1730 1670 1829 1716 facit,
1847 1685 1910 1722 per
1926 1670 2043 1708 omnia
2059 1671 2124 1709 ho-

1164 1731 1254 1768 mini
1280 1731 1410 1780 simile,
1431 1731 1469 1768 id
1485 1740 1550 1775 est,
1574 1731 1763 1779 rationale,
1782 1730 1878 1781 quod
1899 1731 1928 1769 ei
1950 1741 2068 1783 posset
2088 1732 2123 1769 in

1163 1792 1430 1830 necessitatibus
1449 1801 1482 1830 et
1503 1791 1701 1830 commodis
1729 1792 1836 1844 hujus
1855 1792 1938 1830 vitae
1963 1792 2124 1830 subsidio

1162 1866 1248 1890 esse.
1284 1854 1379 1890 Deus
1398 1851 1492 1890 enim
1516 1862 1602 1901 erat,
1629 1852 1689 1903 qui
1716 1853 1834 1889 omnia
1855 1853 2006 1905 sapienti
2035 1867 2124 1904 qua-

1164 1913 1248 1951 dam
1283 1914 1418 1951 ratione
1450 1913 1611 1951 condidit
1639 1922 1673 1951 et
1697 1913 1914 1951 moderatur.
1929 1914 2007 1952 Etsi
2029 1915 2122 1952 enim

1164 1989 1227 2013 nos
1244 1975 1306 2026 qui
1322 1984 1393 2013 tam
1413 1975 1583 2013 imbecilli
1600 1983 1715 2013 mente
1729 1989 1863 2024 sumus,
1884 1974 2030 2013 modum
2052 1991 2122 2027 quo

1164 2037 1255 2074 sacta
1275 2046 1357 2074 sunt
1370 2037 1459 2075 scire
1485 2051 1553 2074 non
1571 2051 1771 2088 possumus,
1804 2036 1982 2074 credimus
2006 2047 2121 2075 tamen

1165 2098 1342 2136 voluntati
1369 2098 1468 2136 illius
1487 2098 1606 2136 omnia
1629 2097 1784 2147 cessisse,
1798 2107 1831 2136 et
1861 2088 2036 2149 quicquid
2056 2099 2122 2137 im-

1164 2160 1304 2211 peravit
1318 2189 1328 2208 ,
1352 2159 1485 2198 factum
1504 2174 1590 2197 esse.
1607 2161 1728 2198 92Εε
1747 2160 1971 2212 (edificavit,
1989 2160 2119 2210 inquit,

1163 2220 1356 2258 Dominus
1394 2221 1502 2258 Deus
1535 2229 1697 2265 costam,
1744 2234 1860 2272 quam
1894 2224 2043 2272 accepit
2072 2224 2121 2259 ab

1167 2280 1320 2329 Adam,
1341 2283 1383 2318 in
1413 2281 1614 2318 mulierem
1646 2296 1657 2316 :
1678 2289 1714 2318 et
1745 2283 1910 2319 adduxit
1937 2283 2050 2319 illam
2070 2284 2124 2320 ad

1160 2341 1297 2379 Adam
1316 2357 1324 2378 ε
1344 2341 1530 2380 ostendens
1543 2356 1579 2380 se
1598 2351 1744 2394 propter
1758 2341 1859 2379 illum
1877 2342 1982 2380 istam
1996 2342 2120 2380 condi-

1155 2402 1264 2452 disse,
1288 2402 1443 2440 adduxit
1471 2403 1571 2440 illam
1591 2401 1637 2440 ad
1663 2402 1792 2440 Adam.
1812 2403 1995 2450 Quoniam
2028 2403 2113 2441 nul-

1159 2464 1227 2511 lus,
1242 2464 1370 2514 inquit,
1391 2463 1427 2501 in
1444 2463 1610 2502 omnibus
1629 2463 1708 2500 aliis
1735 2463 1879 2514 adjutor
1906 2464 1973 2501 tibi
1992 2464 2117 2501 inven-

1159 2533 1217 2562 tus
1232 2533 1282 2562 est
1302 2524 1446 2573 similis,
1462 2537 1540 2561 ecce
1550 2523 1619 2561 hoc
1633 2523 1729 2574 quod
1744 2524 1940 2575 pollicebar
1954 2524 2117 2576 (promisi

1113 2593 1137 2623 C
1159 2585 1255 2623 enim
1275 2585 1340 2622 tibi
1351 2585 1528 2622 facturum
1548 2598 1604 2622 me
1616 2584 1818 2636 adjutorem
1838 2584 1993 2622 similem
2009 2584 2075 2622 tihi
2092 2589 2116 2633 ),

1159 2660 1254 2684 nunc
1280 2647 1475 2698 perfeetum
1505 2645 1608 2683 trado
1646 2645 1723 2682 tibi.
1766 2646 1950 2683 Addua-it
1985 2647 2095 2683 illam
2101 2675 2113 2691 ,

1160 2707 1290 2758 inquit,
1312 2708 1366 2744 ad
1386 2707 1535 2744 Adam.
1565 2708 1627 2744 95.
1644 2708 1698 2744 Et
1714 2707 1813 2744 di.1·it
1831 2703 1966 2744 Adam
1985 2737 1997 2753 ‚
2029 2709 2116 2746 Iloc

1161 2783 1263 2806 nunc
1284 2782 1323 2806 os
1356 2782 1403 2805 ex
1435 2769 1584 2805 ossibus
1606 2769 1714 2813 meis,
1739 2775 1776 2804 et
1808 2781 1900 2804 caro
1928 2782 1976 2805 ea:
1997 2782 2116 2807 carne
2143 2792 2151 2797 -

1159 2845 1256 2868 mea.
1279 2829 1375 2868 Vide
1388 2829 1460 2877 hic,
1483 2842 1614 2878 quaeso,
1633 2827 1812 2877 quomodo
1833 2842 1914 2866 eum
1939 2828 2114 2867 ineffabili

1158 2892 1221 2930 illa
1248 2891 1430 2943 sapientia,
1456 2889 1524 2927 sibi
1549 2903 1568 2926 a
1590 2891 1663 2927 Deo
1678 2889 1918 2941 suppeditata,
1936 2892 2036 2943 cujus
2052 2906 2114 2930 no-

1157 2952 1214 2991 bis
1238 2953 1368 2990 indicia
1387 2951 1626 2989 demonstrata
1645 2959 1727 2988 sunt
1746 2965 1810 3003 per
1843 2951 2027 2990 nominum
2047 2953 2114 2990 im-

1159 3013 1383 3068 positionem,
1406 3026 1484 3062 quae
1501 3020 1550 3049 tot
1571 3011 1759 3049 brutorum
1781 3011 1991 3051 animalium
2008 3028 2114 3065 gene-

1159 3073 1525 3122 ribusindidit,etiam
1538 3071 1946 3125 propheticamgratiam
1965 3076 2107 3128 accipit.
2128 3084 2218 3112 Adam
2247 3096 2316 3122 pro-

1158 3137 1251 3175 Nam
1280 3135 1414 3173 ideirco
1434 3142 1534 3171 antea
1565 3131 1688 3170 docuit
1708 3147 1770 3172 nos
1798 3134 1922 3173 beatus
1948 3136 2008 3175 ille
2028 3151 2110 3189 pro-
2124 3127 2314 3202 mrihss'iczz.

1160 3196 1286 3249 pheta,
1320 3209 1401 3233 eum
1443 3202 1477 3231 et
1512 3207 1653 3242 somno,
1687 3203 1720 3232 et
1749 3196 1880 3233 exstasi
1910 3206 2108 3249 correptum
2123 3211 2211 3245 cepit.

57 3072 335 3125 χορηγηθείσης,
364 3072 409 3111 τὰ
441 3071 614 3124 δείγματα
643 3078 658 3095 ²¹
685 3079 752 3125 Ιμῖν
781 3073 914 3112 ἐδείκνυ
946 3073 1003 3112 διὰ
1026 3077 1088 3120 τῆς

57 3137 126 3172 τῶν
153 3133 332 3184 ὀνομάτων
358 3132 502 3182 θέσεως,
525 3133 614 3186 ἅπερ
638 3135 788 3182 ἐπέθηκε
819 3134 993 3179 τοσούτοις
1017 3142 1088 3179 τοῖς

58 3194 172 3246 γένεσι
190 3198 259 3233 τῶν
280 3194 415 3247 ἀλόγων
434 3194 547 3244 ζώων,
562 3195 622 3234 καὶ
641 3200 860 3249 προφητικῆς
876 3196 1002 3243 ἠξίωτο
1021 3197 1086 3249 χά-

1150 3319 1163 3334 ·
1180 3305 1256 3350 ὑμῖν
1280 3311 1400 3341 ἐδείκνυ.
1427 3307 1482 3341 Sic
1507 3318 1622 3341 omnes
1647 3316 1765 3351 praeter
1788 3309 1901 3342 Morel.
1930 3310 1985 3354 qui
2012 3310 2111 3343 habet

1104 3366 1173 3403 ἡμῖν
1189 3363 1373 3395 ἐνδείκνυται.

105 3309 122 3333 b
145 3306 282 3340 Coisl'm.
306 3313 338 3342 ἐκ
367 3312 419 3343 τοῦ
442 3311 514 3343 ἰδίου
538 3313 731 3349 πλασθέντας.
759 3308 849 3342 Ibid-
881 3309 961 3354 Reg.
990 3321 1072 3342 unus

62 3367 154 3405 μέρος
169 3364 330 3403 ἐλάμὸανε.
