2516 3791
709 260 750 288 ΙΝ
788 260 890 289 CAP-
931 259 1009 289 xn.
1048 258 1209 288 Gli-RES.
1247 258 1405 288 notun„
1443 259 1586 289 xxxii.
2081 250 2172 312 379

130 341 332 394 ἀνεπίμπρα
360 341 418 379 τὸν
446 340 628 393 λογισμὸν,
649 342 820 380 ἐννοοῦντι
847 344 916 379 τῶν
939 341 1058 392 δώρων
1085 340 1149 388 τὴν
1220 339 1407 379 ministerii
1428 341 1542 392 gratia
1555 340 1638 379 data
1667 349 1750 379 sunt
1769 341 1813 390 ei,
1836 351 2010 393 quantum
2025 358 2093 383 non
2111 361 2170 384 ro-

127 403 308 449 ὑπόθεσιν;
323 395 424 445 Εἶδες
441 402 528 454 πρὸς
545 402 628 441 αὐτὸ
647 402 686 440 τὸ
705 402 803 446 τέλος
816 403 938 454 σχεδὸν
956 402 1087 448 ἥκοντα
1105 402 1149 441 τὰ
1220 414 1306 451 gum
1328 400 1363 439 in
1385 415 1426 439 eo
1446 400 1736 440 succenderunt?
1763 402 1942 453 quomodo
1961 414 2081 443 autem
2102 420 2170 444 non

126 463 240 511 δεινᾶ;
269 457 356 506 εἶδες
388 466 463 505 πῶς
489 462 634 513 οὐδεμία
655 464 776 502 λοιπὸν
804 464 896 502 κατὰ
925 463 1148 515 ἀνθρωπίνην
1219 466 1295 517 ejus
1314 465 1450 504 exussit
1470 475 1636 516 mentem,
1652 480 1715 504 nec
1731 466 1973 507 inflammavit
1988 469 2172 521 cogitatio-

124 524 329 563 ἀκολουθίαν
353 522 451 566 ἐλπὶς
471 523 686 576 διορθώσεως
705 524 932 573 ὑπελείπετο;
960 518 1048 568 εἶδες
1072 525 1147 567 πῶς
1219 540 1298 564 nem
1318 526 1495 565 donorum
1513 528 1722 581 hujusmodi
1737 532 2021 580 argumentum?
2034 531 2171 571 Vidisti

123 585 326 637 ἀπέγνωστο
339 585 383 624 τὰ
397 585 592 638 πράγματα
608 585 699 624 κατὰ
714 586 933 638 ἀνθρωπίνην
952 585 1146 636 ὑπόληψιη
1217 586 1396 638 quomodo
1413 602 1524 640 prope
1542 589 1589 626 ad
1611 590 1717 628 linem
1738 591 1963 642 pervenerint
1984 591 2171 644 pericula?

123 640 208 691 εἶδες
226 650 300 690 πῶς
317 649 365 690 εἷς
390 647 492 686 αὐτὸν
512 647 571 685 τὸν
598 648 726 698 λαιμὸν
744 652 804 686 τοῦ
822 647 942 701 θηρίου
962 646 1102 685 ἐνέπεσε
1121 650 1143 694 ἡ
1219 646 1340 685 vidisti
1355 649 1535 698 quomodo
1545 650 1643 688 nulla
1658 651 1854 689 secundum
1869 666 1987 691 rerum
1999 653 2172 692 bumana·

122 707 228 758 γυνή;
249 707 344 759 ”Ορα
362 707 485 745 λοιπὸν
507 709 655 746 ἐνταῦθα
676 707 740 754 τὴν
762 707 958 759 ἀπόῤῥητον
975 711 1036 745 τοῦ
1051 709 1144 745 Θεοῦ
1217 721 1297 744 rum
1311 707 1438 746 seriem
1452 723 1532 761 spes
1544 711 1771 749 correctionis
1787 712 1906 750 relicta
1919 714 1936 750 ἶ)
1948 714 2070 752 vidisti
2084 729 2173 766 quo-

122 767 397 819 φιλανθρωπίαν,
425 768 484 805 καὶ
520 767 717 819 ἐκπλοίγηθι
742 770 804 813 τῆς
831 767 1010 817 δυνάμεως
1039 769 1144 804 αὐτοῦ
1217 767 1323 805 modo
1342 769 1540 807 secundum
1571 770 1766 808 humanam
1787 772 1992 823 opinionem
2027 789 2083 812 res
2108 774 2172 813 de-

121 827 183 874 τὴν
203 827 412 880 ὓπερὸολήν.
435 826 451 846 b
464 827 532 865 Καὶ
549 827 677 875 ἤτασε,
694 828 812 879 φησὶν,
833 830 852 865 ὁ
870 827 959 870 Θεὸς
980 826 1038 864 τὸν
1058 828 1143 865 ψα-
1167 836 1191 866 C
1215 828 1364 880 ploratae
1378 830 1503 868 suere?
1527 830 1651 868 vidisti
1671 831 1854 881 quomodo
1875 834 1976 883 quasi
1998 835 2032 872 in
2050 836 2173 885 gulam

122 888 195 941 ραὼ
220 891 384 938 ε’τασμοῑς
411 888 575 939 μεγάλοις
594 888 653 925 καὶ
681 893 866 941 πονηροῖς,
886 887 946 926 καὶ
971 903 1030 925 τον
1050 891 1143 926 οἰκον
1216 889 1297 927 ferae
1315 890 1444 929 mulier
1460 889 1655 929 inciderit?
1671 890 1754 929 vide
1770 891 1936 945 deinceps
1952 894 2170 934 ineffabilem

120 950 225 988 αὐτοῦ
252 965 333 1003 περι
358 949 477 1000 Σάρας
507 952 570 995 τῆς
598 950 760 999 γυναικὸς
786 948 937 1001 Ἀὅραμ.
958 949 1005 988 'li
1037 950 1143 996 ἐστιν,
1216 951 1283 988 Dei
1299 951 1604 1002 misericordiam,
1627 961 1660 990 et
1679 952 1888 1005 obstupesce
1906 956 2074 1005 potentiae
2096 957 2173 1008 ejus

117 1009 275 1056 ἼΙτασε;
296 1010 421 1058 Δίκην,
440 1012 558 1062 φησὶν,
585 1009 748 1062 ἀπήτησε
763 1013 822 1049 τοῦ
838 1010 1066 1061 τολμήματος
1084 1009 1144 1048 καὶ
1215 1012 1517 1062 magnitudinem.
1543 1014 1607 1051 17.
1631 1014 1685 1051 Et
1708 1013 1860 1067 afflixit
1877 1045 1886 1063 ,
1903 1015 2042 1066 inquit,
2066 1018 2173 1056 Deus

117 1074 179 1118 τῆς
197 1072 450 1123 ἐπιχειρήσεως
465 1073 528 1117 τῆς
543 1075 736 1123 μοχθηρᾶς.
751 1071 795 1110 Γ
796 1087 944 1123 τασμοις
965 1071 1140 1122 μεγάλοις·
1215 1073 1467 1110 Pharaonem
1497 1075 1790 1126 afflictionibus·
1813 1079 1964 1127 magnis
1986 1086 2020 1114 et
2045 1081 2175 1129 gravi-

70 1173 77 1178 ,
119 1147 156 1170 ου
159 1148 184 1184 χ
203 1131 361 1175 ἁπλῶς”
338 1147 448 1178 ητασε
464 1132 522 1170 τὸν
545 1132 714 1183 βασιλέα,
730 1135 806 1171 ἀλλ’
828 1133 1020 1184 Ἐτασμοίς
1037 1133 1143 1184 μεγοί-
1216 1135 1287 1172 bus
1309 1143 1344 1172 et
1367 1136 1524 1174 domum
1552 1138 1636 1189 ejus
1664 1145 1821 1188 propter
1845 1137 1984 1175 Sarum
2014 1153 2175 1178 uxorem

118 1195 200 1237 λοις.
221 1193 368 1239 Ἐπειδὴ
391 1193 451 1231 καὶ
472 1193 512 1231 τὸ
535 1193 704 1245 τόλμημα
723 1197 761 1232 οὐ
786 1195 826 1233 τὸ
843 1195 949 1247 τυχὸν
971 1198 1028 1241 ἠν,
1051 1193 1141 1232 ἀλλὰ
1214 1194 1382 1233 Abram.
1404 1195 1503 1243 Quid
1534 1205 1599 1243 est,
1622 1196 1811 1250 Afflixit?
1840 1198 2008 1247 Poenam,
2039 1200 2170 1251 inquit,

117 1254 176 1292 καὶ
198 1255 347 1327 σφόδρα..
351 1254 459 1306 μέγα,
486 1254 543 1293 διὰ
563 1258 665 1294 τοῦτο
691 1256 752 1293 καὶ
774 1259 796 1303 ἡ
815 1255 970 1310 τιμωρία
991 1257 1140 1308 μεγάλη,
1214 1254 1330 1305 exegit
1349 1254 1477 1306 flagitii
1510 1264 1543 1293 et
1570 1255 1656 1293 mali
1683 1265 1841 1295 conatus.
1863 1257 2175 1311 Afflictionibus

118 1314 187 1353 Καὶ
221 1315 279 1354 τὸν
314 1318 407 1353 οἰκον
451 1316 574 1365 αὐτοῦ,
611 1315 737 1368 φησίν·
776 1318 838 1354 οὐκ
873 1317 975 1356 αὐτὸν
1016 1317 1141 1368 μόνον,
1216 1319 1368 1367 magnis
1390 1331 1398 1352 :
1423 1330 1492 1354 non
1523 1316 1738 1370 simpliciter
1764 1318 1907 1370 punivit
1935 1333 2078 1371 regem,
2113 1320 2175 1359 sed

119 1376 211 1415 ἀλλὰ
243 1377 312 1415 Kar
346 1377 405 1415 τὸν
438 1381 532 1414 οἰκον
563 1378 678 1416 αυτοῦ.
708 1377 779 1416 Καὶ
809 1377 901 1422 τίνος
931 1378 1046 1417 ἕνεκεν
1080 1384 1141 1417 τοῦ
1213 1378 1516 1431 Poenismagnis.
1533 1379 1628 1427 Quia
1644 1379 1823 1431 flagitium
1839 1394 1908 1418 non
1923 1382 2173 1433 cratvulgare,

119 1437 290 1488 βασιλέως
320 1437 588 1489 ἁμαρτήσαντος
629 1437 756 1488 μόνου,
793 1437 852 1476 καὶ
883 1441 915 1477 οἱ
951 1443 1012 1477 τοῦ
1045 1439 1140 1478 οἴκου
1213 1437 1273 1476 sed
1299 1438 1408 1477 valde
1437 1453 1620 1492 magnum,
1641 1440 1722 1478 ideo
1752 1450 1785 1479 et
1813 1455 1916 1494 poena
1951 1455 2094 1494 magna.
2117 1445 2173 1481 Et

114 1498 240 1542 πάντες
267 1501 329 1544 τ’ἧς
354 1497 525 1549 τιμωρίας
555 1498 782 1550 μετέχουσιν,
814 1500 894 1551 Οὐχ
919 1499 1039 1544 ἁπλῶς
1065 1500 1142 1540 οὐδὲ
1213 1500 1370 1537 domum
1392 1501 1645 1554 ejus,inquit;
1665 1515 1735 1540 non
1754 1503 1873 1555 ipsum
1894 1503 2022 1553 solum,
2037 1503 2100 1542 sed
2116 1506 2171 1542 Et

115 1563 217 1597 τοῦτο
256 1564 408 1611 γίνεται,
447 1559 526 1597 ἀλλ’
562 1558 619 1597 ἵνα
665 1559 724 1598 καὶ
766 1560 823 1599 διὰ
867 1560 989 1600 τούτου
1036 1563 1141 1600 καθί-
1213 1561 1368 1599 domum
1383 1564 1478 1614 ejus.
1497 1561 1544 1600 Et
1560 1576 1630 1613 qua
1648 1561 1695 1600 de
1716 1577 1835 1614 causa,
1855 1578 1937 1602 cum
1957 1579 2020 1603 rex
2035 1575 2169 1618 peccet,

115 1635 221 1666 κηται
249 1624 311 1667 τῆς
339 1625 399 1659 τοῦ
427 1619 599 1672 βασιλέως
628 1620 768 1671 μανίας.
800 1622 938 1661 Ἔδεῖτο
962 1624 1030 1676 γὰρ
1060 1641 1143 1677 σφο-
1163 1640 1188 1669 D
1214 1635 1335 1660 omnes
1346 1622 1390 1660 de
1401 1622 1508 1661 domo
1525 1624 1600 1675 ejus
1618 1637 1731 1676 poenae
1752 1634 1834 1663 sunt
1853 1625 2070 1678 participes?
2087 1627 2167 1666 Non

115 1680 278 1733 δροτέρας
312 1684 375 1728 τ’ἧς
413 1684 573 1732 πληγῆς,
613 1681 705 1721 ὥστε
746 1684 1018 1735 καταπλαγέντα
1055 1687 1142 1724 ἀπο-
1214 1683 1348 1734 absque
1368 1684 1502 1722 ratione
1520 1684 1589 1722 hoc
1621 1698 1763 1735 quoque
1781 1685 1835 1734 fit,
1866 1687 1927 1724 sed
1960 1696 1997 1724 ut
2018 1701 2081 1739 per
2101 1688 2170 1726 hoc

115 1746 241 1789 στῆναι
259 1746 318 1782 τοῦ
350 1743 491 1794 μύσους.
515 1743 585 1781 Καὶ
612 1747 697 1791 ποῦ,
730 1744 815 1796 φασὶ
833 1773 842 1792 ,
873 1749 974 1783 τοῦτο
996 1745 1143 1795 δίκαιον,
1214 1744 1308 1795 regis
1323 1744 1460 1783 insania
1481 1754 1740 1797 compescatur.
1759 1746 1929 1785 Graviori
1946 1748 2052 1799 plaga
2070 1747 2166 1786 indi-

116 1804 159 1841 δι’
196 1805 326 1842 ἐκεῖνον
358 1804 417 1841 καὶ
448 1803 590 1846 τούτους
619 1808 870 1857 τιμωρεῖσθαι;
892 1806 946 1844 Οὐ
983 1807 1026 1843 δι’
1054 1809 1143 1846 ἐκεῖ-
1215 1804 1333 1855 gebat,
1351 1805 1400 1843 ita
1415 1815 1453 1844 ut
1469 1805 1544 1858 ipse
1563 1821 1582 1844 a
1598 1807 1752 1845 facinore
1766 1806 2012 1846 deterreretur.
2026 1808 2072 1846 Et
2091 1809 2168 1859 qui,

113 1880 169 1903 νον
203 1866 306 1915 μόνον
336 1864 399 1911 τὴν
434 1864 609 1916 τιμωρίαν
638 1866 831 1915 ὑπέμενον,
865 1867 945 1904 ἀλλ’
976 1867 1067 1911 εἰκὸς
1099 1863 1141 1915 ἧν
1213 1864 1531 1918 aies,hocjustum
1550 1867 1608 1915 sit,
1627 1876 1774 1919 propter
1788 1867 1892 1905 illum
1910 1868 2000 1906 alios
2019 1869 2170 1921 puniri?

116 1927 174 1964 καὶ
203 1925 326 1970 αὐτοὺς
348 1926 549 1977 συμπρᾶξαι
573 1926 633 1964 καὶ
654 1929 864 1980 συνεργῆσαι
890 1931 933 1979 τῇ
964 1930 1139 1982 μελλούσῃ
1211 1927 1289 1964 Non
1305 1936 1455 1979 propter
1475 1928 1581 1966 illum
1598 1929 1712 1966 solum
1734 1942 1876 1981 poenam
1898 1930 2167 1980 sustinuerunt,

114 1988 269 2038 γίνεσθαι
309 1987 528 2042 παρανομία.
566 1987 746 2033 Ἤκουσας
781 1988 848 2041 γὰρ
881 1990 1044 2043 ἀνωτέρω
1079 1995 1143 2039 τῆς
1210 1986 1274 2025 sed
1287 1988 1482 2027 verisimile
1505 1999 1556 2027 est
1571 2003 1630 2027 eos
1651 1999 1855 2042 cooperatos
1875 1990 1995 2040 fuisse,
2014 2001 2052 2029 ut
2067 2001 2167 2044 post-

116 2051 259 2102 Ιραοης
290 2050 479 2101 λεγούσης,
514 2049 568 2088 ὅτι
594 2049 739 2093 ’ἰδόντες
772 2049 879 2097 αὐτὴν
910 2054 941 2089 οἱ
975 2051 1142 2103 ἄρχοντες
1209 2062 1247 2086 ea
1270 2049 1548 2088 committeretur
1568 2050 1751 2100 iniquitas.
1781 2050 1921 2089 Audisti
1942 2051 2035 2089 enim
2057 2066 2166 2105 supra

113 2110 283 2161 ‘harpam’
268 2110 454 2161 επήνεσαν,
474 2126 534 2148 και
556 2111 741 2163 εἰσήγαγον
763 2110 871 2158 αὖττν
894 2113 943 2155 εἷς
964 2112 1022 2150 τὸν
1047 2117 1139 2150 οἰκον
1208 2110 1434 2162 Scripturam
1449 2110 1652 2149 dicentem:
1677 2113 1727 2148 Ut
1743 2112 1929 2150 viderunt
1951 2126 2038 2149 eam
2051 2116 2165 2164 prin-

111 2171 261 2224 Φαραώ.
282 2166 383 2216 Εἶδες
399 2170 524 2216 αὐτους
542 2187 759 2225 προαγωγων
778 2172 878 2225 ἔργον
899 2175 1140 2219 πεποιηκότας
1208 2173 1309 2222 cipes
1323 2173 1564 2221 Pharaonis,
1585 2172 1866 2219 laudaverunt,
1883 2181 1919 2210 et
1938 2175 2165 2212 introduxe-

110 2235 153 2283 τῇ
175 2233 261 2286 πρὸς
278 2233 336 2270 τὸν
355 2233 504 2284 βασιλέα
527 2233 648 2285 χάριτι
671 2235 720 2277 εἷς
734 2232 798 2280 τὴν
822 2237 882 2272 τοῦ
909 2234 1044 2273 δικαίου
1070 2251 1135 2286 γυ-
1207 2239 1298 2269 runt
1317 2246 1404 2269 eam
1431 2234 1473 2269 in
1496 2233 1654 2269 domum
1673 2234 1767 2284 ejus.
1788 2231 1944 2271 Vidistis
1978 2247 2037 2271 eos
2067 2235 2166 2273 leno-

109 2298 224 2331 ναῑκα.
246 2293 314 2332 Διοί
334 2309 387 2331 τοι
406 2296 508 2332 τοῦτο
533 2294 594 2332 οὐκ
617 2294 717 2338 αὐτὸς
743 2293 868 2345 μόνος,
895 2294 987 2333 ἀλλὰ
1015 2296 1076 2334 καὶ
1103 2299 1135 2335 οἱ
1206 2304 1292 2329 num
1309 2305 1413 2343 agere
1431 2292 1595 2330 officium
1615 2292 1650 2329 in
1669 2292 1763 2344 regis
1785 2292 1952 2344 gratiam,
1972 2295 2165 2334 auferendo

108 2354 342 2403 προσήκοντες
362 2355 457 2406 αὐτῷ
475 2354 603 2398 πάντες
621 2356 684 2401 τῆς
699 2355 871 2408 τιμωρίας
887 2357 1133 2409 συμμετέχου-
1155 2370 1180 2400 Ε
1202 2352 1292 2404 justi
1315 2354 1496 2391 uxorem?
1509 2355 1738 2406 Quapropter
1752 2367 1822 2392 non
1840 2354 1914 2406 ipse
1932 2355 2039 2404 solus,
2055 2356 2115 2394 sed
2133 2366 2167 2396 et

113 2429 180 2459 σιν,
195 2413 252 2452 ἵνα
273 2413 429 2464 μάθωσιν
444 2413 498 2453 ὅτι
517 2416 580 2452 οὐκ
600 2416 646 2459 εἷς
665 2415 757 2459 ξένον
777 2417 897 2461 ἁπλῶς
917 2416 980 2464 τὴν
1003 2434 1133 2471 παροι-
1207 2428 1330 2453 omnes
1352 2414 1538 2453 domestici
1557 2415 1634 2466 ejus
1661 2428 1774 2466 poenae
1794 2415 1937 2454 fuerunt
1955 2417 2162 2470 participes,

113 2474 188 2512 νίαν
213 2474 449 2522 ἐπεδείξαντο,
477 2475 554 2514 οὐδὲ
585 2477 632 2519 εἷς
663 2475 721 2514 τὸν
748 2477 902 2529 τυχόντα
937 2479 1132 2531 ἄνθρωπον,
1205 2483 1244 2512 ut
1262 2474 1442 2513 discerent
1454 2490 1489 2514 se
1506 2489 1576 2514 non
1593 2475 1628 2512 in
1642 2475 1871 2527 peregrinum
1883 2476 2095 2529 simpliciter
2109 2479 2164 2515 su-

113 2537 190 2574 ἀλλ’
208 2537 255 2579 εἰς
277 2536 385 2588 ἄνδρα
408 2536 466 2574 τὸν
486 2538 535 2588 τῷ
554 2538 637 2590 Θεῷ
653 2538 968 2590 περισπούδαστον,
994 2541 1054 2578 καὶ
1075 2556 1134 2579 το-
1204 2550 1322 2574 rorem
1337 2551 1443 2575 suum
1455 2536 1666 2585 exercuisse,
1678 2550 1790 2587 neque
1803 2537 1839 2574 in
1853 2537 2034 2576 hominem
2051 2552 2070 2575 e
2088 2552 2163 2576 me-

110 2596 239 2644 σαύτης
257 2600 340 2648 παρ’
368 2599 472 2636 αὐτοῦ
498 2597 676 2650 φροντίδος
700 2599 912 2651 ἀξιούμενον.
935 2600 1004 2640 Διὰ
1031 2605 1134 2641 τοῦτο
1204 2596 1266 2635 dio
1284 2597 1412 2648 vulgo,
1432 2598 1496 2636 sed
1518 2597 1554 2635 in
1580 2597 1700 2635 virum
1721 2597 1947 2634 carissimum
1973 2602 2061 2646 Deo,
2094 2599 2158 2649 qui

108 2652 168 2695 οὖν
190 2662 233 2710 τῇ
253 2660 367 2710 πολλῇ
395 2660 604 2712 σφοδρότητι
635 2663 699 2707 τῆς
728 2661 901 2713 τιμωρίας
929 2663 1132 2702 κατέσεισεν
1205 2667 1301 2696 tanta
1318 2658 1421 2696 illum
1438 2671 1521 2696 cura
1541 2657 1760 2708 dignaretur.
1777 2656 1825 2694 Et
1850 2656 1984 2695 idcirco
2005 2658 2158 2696 acerbis-

110 2721 213 2757 αὐτοῦ
227 2719 290 2767 τὴν
304 2719 470 2768 διάνοιαν,
485 2720 680 2768 ἀπέστησεν
704 2722 807 2760 αὐτὸν
825 2724 888 2768 τῆς
908 2730 1037 2778 μιαρᾶς
1052 2725 1132 2764 τόλ-
1204 2719 1293 2757 sima
1327 2733 1428 2771 poena
1449 2718 1652 2757 concutiens
1671 2718 1747 2769 ejus
1772 2727 1937 2765 mentem,
1957 2718 2110 2757 abduxit
2138 2733 2158 2757 a

110 2795 195 2830 μης,
224 2780 440 2832 ἀνεχαίτισεν
469 2781 569 2819 αὐτὸν
596 2785 659 2829 τῆς
682 2785 793 2835 ὁρμῆς
823 2787 885 2830 τῆς
917 2784 1102 2836 ἀλογίστου
1119 2817 1129 2834 ‚
1203 2781 1338 2818 nefario
1367 2779 1519 2831 flagitio,
1535 2778 1689 2817 coercuit
1709 2778 1755 2815 ab
1778 2778 1975 2816 irrationali
2007 2779 2157 2832 impetu,

108 2840 254 2893 ἐπέσχεν
274 2844 378 2880 αὐτοῦ
395 2841 459 2889 τὴν
475 2843 668 2882 ἀκόλαστον
690 2843 847 2895 γνώμην,
876 2845 1045 2893 ἐπέδησε»,
1070 2849 1130 2886 αὖ-
1203 2840 1652 2879 cohibuitincomincmcm
1666 2847 1832 2886 mentem,
1846 2837 2010 2889 alligavit
2025 2854 2154 2878 concu-

108 2905 167 2939 τοῦ
185 2902 249 2949 τὴν
265 2903 448 2953 ἐπιθυμίαν
465 2903 529 2950 τὴν
547 2904 752 2955 ἀκάθεκτον,
769 2911 829 2945 τοῦ
848 2910 959 2959 θυμοῦ
978 2907 1042 2955 τὴν
1060 2925 1130 2960 μα..
1202 2902 1411 2954 piscentiam
1432 2900 1655 2949 indomitam,
1682 2899 1874 2937 refrenavit
1906 2900 2037 2938 suroris
2063 2901 2155 2939 insa-

107 2962 180 3000 νίαν
198 2963 402 3017 ἐχαλίνωσε.
1139 3000 1187 3024 527
1202 2963 1310 3002 niam.

158 3023 226 3062 Διὰ
243 3027 343 3062 τοῦτο
361 3023 482 3062 λοιπον
507 3023 572 3076 ὅρα
594 3025 709 3075 αὐτὸν,
740 3030 814 3078 μεθ’
837 3027 953 3074 ὅσης’
938 3031 1128 3076 επιεικείας
1151 3038 1176 3065 Α
1255 3026 1291 3064 7,
1315 3026 1503 3076 Propterea
1526 3021 1610 3060 vide
1636 3030 1768 3072 quanta
1802 3031 1920 3073 postea
1943 3022 2087 3062 lenitate
2103 3024 2154 3062 lo-

104 3085 302 3136 διαλέγεται
321 3088 340 3123 ὁ
362 3085 542 3136 βασιλευς,
562 3089 580 3124 ὁ
585 3086 768 3164 *τύραννος
783 3091 833 3127 τῶ
862 3088 966 3143 ξένω,
985 3094 1035 3144 τῶ
1065 3109 1129 3131 χα-
1204 3086 1327 3138 quitur
1348 3100 1424 3133 rex,
1454 3094 1629 3137 lyl‘anllus
1660 3082 1722 3120 ille
1745 3082 1894 3135 hospiti?
1923 3085 2025 3134 qllssSl
2062 3099 2154 3136 vago

104 3146 214 3198 οάπερ
231 3146 342 3198 ἀλήτῃ
361 3146 550 3199 περιιόντι
567 3142 606 3185 οὗ
621 3164 680 3186 χαι
693 3149 756 3196 τὴν
776 3156 924 3201 γυναῖκα
938 3153 1125 3205 ἀφελέσθαι
1200 3146 1463 3192 obambulanti,
1484 3145 1542 3183 cui
1571 3153 1604 3182 et
1620 3157 1769 3181 uxorem
1791 3145 1930 3182 auferre
1947 3159 2054 3183 ausus
2074 3146 2151 3183 suit.

104 3206 288 3280 ἐτόλμησε...
313 3207 381 3245 Kato.
402 3209 518 3250 καλῶς
537 3212 646 3256 εἶπεν,
668 3208 720 3247 ὅτι
742 3209 877 3250 Ἧτασε
898 3212 958 3250 τὸν
985 3214 1125 3267 Φαραὼ
1202 3211 1247 3249 Et
1262 3211 1350 3248 bene
1378 3207 1470 3245 dixit
1499 3205 1700 3258 Scriptura,
1721 3205 1888 3258 Assa—1⁷¹2
1904 3208 2153 3245 Pharaonem

104 3267 163 3305 καὶ
176 3282 234 3305 τον
251 3271 344 3306 ΟἶΧ-Οθ
361 3268 465 3306 αὖτ’)’ὗ
480 3283 561 3320 περὶ
581 3269 730 3322 {impote
713 3272 775 3316 ’ἧς
790 3273 950 3322 γυναικὸς
964 3273 1123 3327 Ἀδραμ
1201 3282 1235 3310 et
1253 3273 1409 3309 domum
1427 3270 1509 3321 ejus
1527 3268 1574 3304 ob
1587 3267 1726 3305 Sarum
1748 3280 1906 3304 tuorem
1921 3268 2054 3305 Abroe.
2066 3269 2153 3307 Sen-

148 3383 163 3405 h
182 3387 236 3416 καὶ
262 3389 368 3421 ἥταςεν
389 3387 404 3418 ὸ
427 3390 499 3423 Θεὸς
525 3390 573 3419 *rb-1
600 3391 710 3431 4sz0⁸¹
732 3390 871 3428 ἑτατμοῑς
889 3392 1047 3430 μεγάλοις,
1065 3387 1107 3419 ad
1144 3387 1238 3418 mbas
1261 3397 1404 3427 magms.
1423 3381 1487 3415 Sed
1512 3382 1581 3414 lime
1607 3383 1758 3416 examina
1782 3382 1979 3414 afflictiones
2004 3388 2097 3413 erant
2122 3388 2152 3410 rt

105 3432 231 3465 literam
251 3442 300 3466 cst
317 3447 321 3464 τ
346 3435 390 3466 lit
407 3438 614 3468 crumina-eit
637 3437 727 3468 Deus
750 3436 965 3470 Pharaonem
981 3441 1106 3471 exumi-
1144 3450 1314 3479 wt'tnnnic,
1332 3445 1366 3468 ut
1381 3447 1418 3466 cx
1434 3436 1514 3467 serie
1532 3434 1645 3476 liquet,
