2516 3791
614 255 617 257 -
665 234 704 263 {N
743 234 846 264 CAP-

79 318 198 356 τούτου
219 316 264 355 τὰ
288 319 350 363 τῆς
375 316 570 360 ὑποθέσεως
602 315 791 362 στήσαντες
818 314 1100 366 καταπαύσωμεν

886 233 966 263 XV.
1003 231 1163 261 GENES.

1203 232 1358 263 norun.
1398 234 1574 264 xxxvii.
2033 224 2126 285 43⁴.)

1175 315 1313 354 Verum
1344 330 1388 354 ne
1420 316 1550 355 iterum
1586 315 1769 368 aliquanto
1803 317 1946 368 longius
1985 331 2121 357 sermo-
2137 331 2254 359 Mon-213·
2278 343 2327 360 a.-

76 379 134 417 τὸν
161 378 274 429 λόγον,
299 377 606 430 παρακαλέσαντες
640 379 730 428 ὑμᾶς
762 377 918 423 ζηλωτὰς
941 377 1101 429 γενέσθαι
1126 382 1149 412 Β
1175 390 1254 414 nem
1268 378 1512 427 extendamus,
1529 377 1588 416 hic
1606 377 1714 416 finem
1742 378 1909 430 loquendi
1928 379 2120 419 faciamus:
2139 372 2275 401 ¹¹⁰¹¹³¹³⁰·

77 443 136 478 τοῦ
163 439 397 493 πατριάρχου.
416 438 604 486 Ἐννόησον
633 438 719 490 γὰρ,
742 438 900 489 ἀγαπητὲ
916 470 924 486 ,
951 443 965 460 ²¹
981 439 1036 477 διὰ
1056 438 1099 476 τὰ

78 501 219 555 ῥήματα
243 501 380 547 ἐκεῖνα,
397 499 418 537 ἃ
435 500 520 552 πρὸς
545 499 603 537 τὸν
625 499 771 550 βασιλέα
792 500 958 550 Σοδόμων
983 497 1101 544 ἐποιή-

77 577 180 609 σατο,
207 563 340 611 μᾶλλον
359 560 394 598 δὲ
416 561 474 599 καὶ
495 560 548 598 διὰ
571 559 632 607 τὴν
654 561 763 607 ἄλλην
794 560 934 598 ἅπασαν
954 560 1097 613 ἀρετὴν,

74 623 116 669 ἢν
150 621 207 660 διὰ
234 621 349 668 πάσης
375 621 594 660 ἐπεδείκνυτο
621 624 683 667 τῆς
701 624 810 667 ζωῆς,
831 621 941 668 πόσης
967 620 1098 666 ἠξιώθη

75 684 138 728 τῆς
155 682 322 734 ἀμοιὸἧς,
350 683 409 721 καὶ
433 683 544 730 πόσην
570 682 650 736 περὶ
669 682 770 720 αὐτὸν
790 681 854 729 τὴν
871 681 1098 732 συγκατάὸα-

75 759 129 781 σιν
149 746 166 782 ὁ
186 744 368 792 Δεσπότης
392 743 590 787 ἐπεδείξατο
603 774 612 791 ,
643 742 774 785 δεικνὺς
794 741 851 780 διὰ
875 744 945 779 τῶν
965 742 1013 784 εἷς
1040 741 1098 779 τὸν

75 805 299 858 πατριάρχην
318 805 556 857 γεγενημένων
576 805 705 842 ἅπασιν
718 806 802 853 ἡμῖν
821 805 884 848 τῆς
899 801 1098 854 φιλοτιμίας

76 867 178 902 αὐτοῦ
199 865 262 911 τὴν
280 865 488 916 ὑπερὸολὴν,
509 865 568 902 καὶ
589 864 662 911 ὅτι,
680 863 744 901 κᾶν
765 862 880 914 βραχύ
904 879 939 900 τι
966 864 1097 915 προλα-

75 925 192 968 ίῖόντες
212 925 448 969 ἐπιδείξασθαι
464 926 679 974 δυνηθῶμεν,
697 922 775 962 οὐδὲ
799 922 838 960 τὸ
857 923 963 975 τυχὸν
992 926 1098 976 ὑπερ-

74 986 229 1036 θέμενος,
252 985 421 1037 μεγάλαις
436 989 530 1036 ἡμᾶς
545 985 730 1036 ἀμείὸεται
745 990 821 1028 ταῖς
837 985 982 1037 δωρεαῖς
993 1013 1003 1031 ,
1029 985 1096 1036 μό-

73 1063 129 1086 νον
146 1047 205 1086 ἐὰν
225 1049 394 1100 εἰλικρινῆ
419 1047 481 1094 τὴν
504 1047 621 1086 πίστιν
638 1046 890 1098 ἐπιδειξώμεθα
903 1078 912 1095 ,
941 1048 1100 1100 καθάπερ

73 1112 91 1147 ὁ
107 1109 237 1153 δίκαιος
260 1103 374 1157 οὗτος,
394 1109 452 1147 καὶ
476 1109 651 1159 μηδέποτε
674 1108 902 1159 σαλευώμεθα
920 1109 978 1148 τὸν
1005 1111 1100 1161 λογι-

74 1170 174 1221 σμὸν,
191 1171 267 1208 ἀλλ’
285 1171 535 1223 ἐρηρεισμένην
550 1169 688 1223 ἔχωμεν
711 1169 774 1216 τὴν
790 1169 945 1221 γνώμην.
960 1169 1100 1209 Ἐντεῦ-

74 1234 128 1269 θεν
147 1231 214 1283 γὰρ
230 1232 290 1270 καὶ
308 1226 406 1275 οὗτος
422 1231 666 1282 εὐδοκίμησεν.
678 1231 801 1269 Ἄκουε
819 1230 887 1284 γὰρ
906 1235 965 1270 τοῦ
986 1248 1100 1283 μακα-

76 1293 148 1344 ρίου
170 1294 312 1332 Παύλου
333 1293 629 1345 ἀνακηρύττοντος
649 1294 753 1330 αὐτοῦ
774 1292 837 1340 τὴν
854 1292 984 1341 πίστιν,
1004 1294 1045 1340 ἣν
1066 1294 1101 1338 ἐξ

74 1357 186 1406 ἀρχῆς
203 1354 262 1393 καὶ
283 1357 322 1392 ἐκ
336 1353 531 1407 προοιμίων
547 1353 745 1398 ἐπεδείξατο
757 1370 764 1377 ·
781 1354 865 1406 φησὶ
878 1353 958 1407 γὰρ,
976 1354 1101 1394 Πίστει

73 1415 286 1466 καλούμενος
300 1415 440 1467 Ἄδραμ
454 1415 648 1461 ὑπήκουσεν
672 1415 817 1460 ἐξελθεῖν
841 1417 888 1458 εἷς
907 1416 965 1453 τὸν
983 1416 1101 1464 τόπον,

73 1477 109 1515 ὃν
130 1477 255 1528 ἔμελλε
269 1476 477 1528 λαμὸάνειν,
496 1476 556 1514 καὶ
577 1476 698 1523 ἐξῆλθε
716 1477 765 1527 μὴ
787 1476 1018 1528 ἐπιστάμενος
1036 1482 1102 1516 ποῦ

73 1538 233 1592 ἔρχεται·
250 1541 359 1577 ἐκεῖνο
382 1543 468 1590 ἡμῖν
494 1538 730 1589 αἰνιττόμενος
747 1539 786 1577 τὸ
804 1538 902 1591 παρὰ
928 1543 987 1578 τοῦ
1010 1541 1102 1578 Θεοῦ

73 1601 256 1653 εἰρημένον
269 1617 277 1624 ·
297 1599 442 1645 Ἔξελθε
460 1603 498 1640 ἐκ
517 1603 580 1647 τῆς
594 1603 658 1652 γῆς
675 1615 736 1638 σου
751 1631 761 1648 ,
780 1601 840 1638 καὶ
858 1602 958 1654 δεῦρο
972 1603 1019 1645 εἷς
1037 1601 1101 1648 τὴν

73 1666 151 1714 γῆν,
180 1663 222 1710 ἣν
249 1663 290 1701 ἄν
317 1679 371 1702 σοι
400 1662 510 1707 δείξω.
541 1656 643 1706 Εἶδες
670 1661 788 1700 πίστιν
818 1663 985 1714 βεὸαίανς
1015 1657 1102 1709 εἶδες

72 1723 216 1775 γνώμην
240 1725 429 1776 εἷλικρινῆς
449 1725 581 1762 Τοῦτον
599 1723 659 1762 καὶ
677 1727 778 1774 ἡμεῖς
795 1724 1033 1776 μιμησώμεθα
1044 1726 1104 1764 καὶ

73 1786 265 1836 ἐξέλθωμεν
289 1789 332 1837 τῇ
364 1785 488 1837 γνώμῃ
512 1785 571 1823 καὶ
602 1787 645 1835 τῇ
672 1785 851 1838 προθυμίᾳ
878 1788 917 1824 ἐκ
943 1789 1012 1825 τῶν
1044 1792 1104 1826 τοῦ

73 1846 245 1898 παρόντος
263 1846 338 1898 βίου
353 1846 585 1898 πραγμάτων,
603 1845 664 1885 καὶ
684 1845 882 1898 ὁδεύσωμεν
903 1849 950 1891 εἷς
968 1849 1027 1886 τὸν
1047 1851 1103 1887 οὔ·

76 1909 189 1962 ρανόν.
214 1908 370 1946 Δυνατὸν
387 1907 467 1962 γὰρ,
488 1907 547 1946 ἐὰν
568 1907 754 1959 ἐθέλωμεν,
775 1908 834 1946 καὶ
860 1909 1006 1948 ἐνταῦθα
1031 1910 1103 1948 διά-

71 1986 188 2022 γοντες
200 1972 263 2016 τῆς
279 1973 350 2008 ἐκεῖ
364 1970 441 2007 ὁδοῦ
460 1968 599 2021 ἔχεσθαι
614 1999 623 2017 ,
641 1968 723 2008 ὅταν
750 1968 830 2013 ἄξια
853 1972 922 2008 τῶν
948 1973 1102 2024 οὐρανῶν

73 2030 388 2085 διαπραττώμεθα,
418 2031 501 2068 ὅταν
531 2029 579 2081 μὴ
606 2029 687 2082 περὶ
710 2029 754 2068 τὰ
774 2034 834 2068 τοῦ
853 2031 986 2083 κόσμου
1005 2025 1101 2084 ῶμεν

72 2093 295 2143 ἐπτοημένοι,
311 2093 392 2131 ὅταν
406 2091 455 2142 μὴ
470 2091 533 2138 τὴν
550 2091 648 2135 δόξαν
661 2090 724 2139 τὴν
738 2091 840 2140 κενὴν
855 2096 915 2131 τοῧ
933 2093 1008 2144 βίου
1022 2093 1101 2132 τού-

71 2170 131 2193 του
161 2156 392 2205 ἐπιζητῶμεν,
416 2152 506 2191 ἀλλὰ
528 2151 659 2199 ταύτης
677 2154 937 2206 ὑπερορῶντες,
966 2154 1102 2201 ἐκείνης

72 2216 227 2269 ἐφίεσθαι
244 2214 492 2266 σπουδάζωμεν
513 2216 576 2260 effic
596 2215 743 2260 ἀληθοῦς
765 2215 824 2254 καὶ
839 2216 892 2254 ἀεὶ
909 2215 1078 2266 μενούσης
1092 2231 1100 2240 ·

71 2277 154 2316 ὅταν
178 2277 226 2328 μὴ
253 2276 335 2329 περὶ
355 2275 419 2322 τὴν
444 2278 507 2322 τῆς
529 2277 672 2322 ἐσθῆτος
698 2276 924 2315 πολυτέλειαν
943 2279 1102 2330 ἀπασχο-

70 2338 237 2388 λώμεθα,
267 2338 356 2388 μηδὲ
377 2337 418 2376 τὸ
447 2339 551 2388 σῶμα
576 2336 809 2381 καλλωπίζειν
837 2339 1100 2390 σπουδάζοιμεν,

71 2400 162 2438 ἀλλὰ
184 2399 302 2438 πάντα
318 2403 438 2437 τοῦτον
457 2397 516 2436 τὸν
533 2397 654 2443 ἔξωθεν
674 2398 804 2449 κόσμον
828 2399 1036 2451 μετάγωμεν
1053 2403 1102 2445 εἷς

1126 1856 1151 1885 D

1173 451 1237 475 vos
1265 438 1488 477 obsecrantes
1516 448 1556 477 ut
1587 438 1780 477 imitatores
1811 439 1888 477 sitis
1919 439 2026 492 hujus
2057 456 2122 493 pa-

1175 498 1350 538 uim-clim.
1367 501 1493 552 Cogita
1509 501 1616 550 enim,
1632 500 1772 549 dilecte,
1788 500 1966 553 quomodo
1983 511 2126 555 propter

1173 560 1280 598 verba
1304 562 1365 600 illa
1387 576 1464 613 qum
1483 562 1527 600 ad
1557 576 1673 614 regem
1697 562 1936 602 Sodomorum
1957 563 2123 615 faciebat,

1173 622 1245 659 imo
1261 632 1294 660 et
1311 632 1455 675 propter
1470 623 1639 661 virtutem
1652 624 1757 662 aliam
1775 639 1928 674 omnem,
1943 640 2049 676 quam
2064 640 2126 679 per

1172 696 1312 720 omnem
1334 683 1448 721 vitam
1477 696 1577 721 suam
1606 683 1816 735 declaravit,
1842 695 1936 724 tauta
1966 686 2126 726 mercede

1172 755 1253 779 eum
1284 742 1455 794 dignatus
1483 743 1544 790 sit,
1573 752 1607 781 et
1624 753 1754 794 quanta
1785 745 2006 785 humanitate
2024 762 2060 786 se
2080 747 2123 786 ad

1171 816 1252 840 eum
1283 802 1604 841 accommodaverit
1635 804 1746 855 Deus,
1773 806 1959 845 ostendens
1989 822 2052 860 per
2072 824 2126 857 ea,

1172 879 1249 916 quae
1265 864 1300 903 in
1317 864 1557 917 patriarcham
1577 865 1740 915 contulit,
1759 867 1860 904 nobis
1875 869 2041 907 omnibus
2054 885 2126 907 suae

1172 926 1398 964 liberalitatis
1418 926 1702 977 immensitatem,
1712 936 1745 965 et
1757 942 1792 966 se
1805 928 1860 967 vel
1872 929 2030 968 minimis
2043 945 2125 983 ope-

1172 988 1272 1025 ribus
1308 997 1562 1040 provocatum,
1595 1002 1658 1026 nos
1690 989 1823 1041 absque
1855 1005 1952 1028 mora
1989 993 2128 1044 magnis

1172 1048 1276 1087 donis
1297 1050 1531 1097 remunerari,
1554 1050 1584 1087 si
1606 1050 1781 1088 sinceram
1806 1050 1931 1101 fidem,
1954 1053 2045 1091 sicut
2068 1054 2129 1092 ille

1170 1111 1312 1162 justus,
1333 1110 1619 1158 exhibuerimus,
1641 1121 1674 1149 et
1705 1125 1900 1164 numquam
1925 1124 2040 1153 mente
2057 1116 2126 1154 ssu-

1175 1172 1430 1223 ctuavcrimus,
1454 1172 1517 1210 sed
1549 1182 1766 1211 constantem
1796 1183 1830 1212 et
1860 1174 1999 1213 firmam
2030 1176 2130 1215 illam

1175 1234 1420 1275 habuerimus.
1441 1235 1533 1273 llinc
1548 1235 1642 1274 enim
1664 1245 1698 1274 et
1720 1236 1781 1274 ille
1796 1237 2035 1276 celebritatem
2052 1239 2130 1277 lau-

1175 1295 1327 1347 demque
1358 1306 1596 1347 consequutus
1625 1306 1688 1335 est.
1719 1297 1813 1335 Audi
1847 1297 1959 1350 igitur
1985 1300 2130 1338 beatum

1177 1356 1331 1394 Paulum
1350 1356 1604 1409 praedicantem
1623 1358 1698 1410 ejus
1717 1358 1844 1408 sidem,
1865 1374 1972 1410 quam
1992 1361 2038 1399 ab
2061 1361 2129 1399 ini-

1177 1416 1226 1455 tio
1240 1418 1395 1456 ostendit
1408 1417 1518 1456 :dicit
1533 1418 1628 1456 enim
1641 1434 1648 1455 :
1663 1420 1763 1457 Fide
1778 1429 1944 1459 vocatus
1958 1422 2128 1474 Abram,
2143 1440 2255 1470 llehm
2269 1441 2329 1472 ¹3,

1177 1479 1345 1516 obedivit
1366 1487 1406 1516 ut
1430 1481 1552 1517 exiret
1574 1482 1616 1517 in
1637 1480 1780 1530 locum,
1802 1496 1917 1534 quem
1947 1493 2131 1536 acceptu-

1176 1553 1242 1578 rus
1256 1548 1354 1586 erat,
1371 1547 1408 1577 et
1421 1542 1542 1578 exivit
1555 1542 1741 1593 ignorans
1757 1556 1832 1594 quo
1852 1546 1943 1582 iret:
1960 1544 2051 1583 illud
2066 1559 2131 1584 no-

1175 1601 1232 1639 bis
1246 1601 1442 1651 insinuans,
1453 1600 1551 1653 quod
1566 1616 1586 1640 a
1604 1603 1681 1640 Deo
1701 1603 1839 1643 dictum
1852 1614 1903 1643 est
1916 1621 1924 1642 :
1936 1608 2130 1659 Egredere
2145 1627 2220 1654 Gen.
2240 1634 2284 1658 12,
2305 1633 2327 1652 1,

1175 1663 1223 1700 de
1245 1671 1349 1700 terra
1370 1671 1452 1709 tua,
1475 1671 1512 1701 et
1532 1666 1626 1700 vem·
1641 1666 1684 1701 in
1703 1672 1861 1712 terram,
1881 1681 1998 1718 quam
2018 1683 2127 1706 mon·

1173 1733 1348 1762 stravere
1362 1723 1582 1762 tibi.Vidisti
1597 1724 1705 1762 fidem
1720 1725 1886 1764 firmam?
1899 1728 2019 1767 vidisti
2034 1744 2128 1768 men-

1174 1794 1245 1823 tcm
1274 1785 1473 1824 sinceram?
1494 1786 1601 1824 Hunc
1623 1795 1656 1824 et
1678 1801 1741 1825 nos
1760 1787 1955 1837 imitemur,
1978 1800 2012 1828 et
2031 1805 2128 1843 egre-

1173 1846 1318 1884 diamur
1328 1856 1444 1885 mente
1455 1847 1705 1886 etalacritatea
1718 1851 1903 1901 praesentis
1930 1851 2011 1890 vitm
2025 1867 2128 1905 nego-

1172 1907 1245 1954 tiis,
1267 1921 1459 1959 eamusque
1478 1909 1514 1945 in
1537 1908 1676 1947 caelum.
1698 1909 1871 1948 possibile
1895 1912 1988 1950 enim
2009 1923 2078 1963 cst,
2097 1915 2126 1952 si

1171 1969 1409 2018 voluerimus,
1436 1978 1470 2007 et
1495 1970 1571 2022 jam
1600 1970 1660 2007 hic
1690 1980 1872 2011 versantes
1900 1973 1961 2011 illa
1982 1989 2127 2027 pergere

1170 2030 1242 2080 via,
1262 2030 1406 2082 quando
1422 2031 1533 2083 digna
1560 2031 1655 2069 caelis
1678 2046 1881 2084 operamur,
1900 2035 2041 2086 quando
2057 2051 2126 2076 non

1170 2091 1386 2144 suspicimus
1414 2106 1453 2130 ea
1478 2105 1557 2143 quae
1577 2102 1660 2130 sunt
1683 2092 1793 2145 hujus
1820 2095 1959 2145 mundi,
1983 2098 2126 2148 quando

1170 2166 1241 2191 non
1259 2153 1409 2204 gloriam
1428 2167 1560 2192 vanam
1580 2153 1689 2206 hujus
1709 2155 1791 2193 vitae
1812 2156 2042 2210 inquirimus,
2063 2160 2126 2198 sed

1168 2214 1236 2253 hac
1255 2223 1446 2263 contemta,
1459 2215 1560 2253 illam
1576 2214 1780 2255 desiderare
1794 2218 1994 2271 studemus,
2004 2235 2126 2260 reram
2143 2226 2146 2228 ’

1168 2276 1268 2315 illam
1289 2276 1371 2315 dico
1391 2285 1424 2315 et
1443 2290 1582 2329 semper
1603 2287 1825 2329 manentem3
1843 2282 1985 2331 quando
2005 2297 2073 2321 non
2090 2284 2125 2322 in

1169 2338 1261 2377 luxu
1294 2338 1450 2378 vestium
1483 2339 1647 2391 occupati
1683 2353 1821 2390 sumus,
1853 2356 1964 2394 neque
1997 2359 2125 2399 corpus

1169 2414 1296 2439 ornare
1321 2399 1521 2450 studemus,
1542 2399 1604 2438 sed
1633 2415 1775 2440 omnem
1800 2403 1904 2442 illum
1938 2415 2124 2446 externum

71 2460 136 2507 τὴν
150 2463 213 2506 effi<
228 2462 343 2513 ψυχῆς
360 2458 576 2510 ἐπιμέλειαν,
592 2459 652 2498 καὶ
667 2459 716 2511 μὴ
736 2460 945 2512 ἀνεχώμεθα
963 2461 1101 2513 γυμνὴν
1122 2472 1147 2503 Ε
1170 2463 1307 2500 cultum
1320 2461 1356 2500 in
1375 2461 1502 2499 animae
1514 2463 1760 2502 transferimus
1776 2478 1912 2515 curam,
1929 2477 1962 2504 et
1981 2481 2049 2506 non
2069 2469 2123 2506 di-

73 2522 182 2569 αὖτὴν
197 2522 256 2560 καὶ
273 2521 401 2573 ἔρημον
420 2520 549 2568 ταύτης
575 2522 636 2567 τῆς
658 2523 784 2574 ἄρετ’ἥς
808 2523 877 2559 τῶν
899 2523 1099 2574 ἐνδυμάτων

71 2590 236 2636 περιορᾷν
254 2599 262 2607 ·
290 2582 372 2620 ὅταν
399 2584 652 2634 καταγελῶμεν
672 2584 822 2635 τρυφῆς,
848 2581 932 2621 ὅταν
958 2599 1102 2637 γαστρι-

76 2644 228 2697 μαργίαν
246 2644 441 2697 φεύγωμεν,
478 2643 560 2681 ὅταν
597 2642 645 2694 μὴ
674 2642 720 2682 τὰ
752 2643 932 2694 συμπόσια
964 2645 1024 2683 καὶ
1055 2645 1100 2683 τὰ

75 2706 197 2744 δεῖπνα
214 2704 502 2756 μεταδιώκωμεν,
517 2704 608 2742 ἀλλὰ
623 2706 685 2750 τῆς
700 2704 908 2759 αὐταρκείας
923 2705 1100 2758 ἐχώμεθα,

74 2766 166 2804 κατὰ
198 2765 262 2813 τὴν
295 2765 531 2812 ἀποστολικὴν
567 2764 773 2817 παραίνεσιν
810 2765 873 2813 τὴν
910 2766 1079 2819 λέγουσαν
1092 2783 1100 2791 ·

75 2827 244 2880 Ἴζχοντες
263 2826 451 2879 διατροφὰς
475 2826 534 2864 καὶ
559 2825 813 2877 σκεπάσματα,
839 2827 973 2872 τούτοις
998 2830 1102 2882 ἄρκε-

77 2888 289 2939 σθησόμεθα.
310 2888 358 2926 Τί
373 2887 441 2939 γὰρ
459 2887 600 2939 ὄφελος,
623 2887 700 2926 εἶπέ
725 2904 805 2939 μοι,
824 2889 893 2927 τῶν
910 2894 1099 2942 περιττῶν,

76 2951 136 2989 καὶ
160 2954 221 2988 τοῦ
250 2949 311 2997 τὴν
330 2948 486 3000 γαστέρα
506 2948 778 3002 διαῤῥήγνυσθαι
801 2950 868 2989 ὑπὸ
888 2954 951 2998 τῆς
969 2953 1102 2998 πολλῆς

77 3011 294 3064 ἂδδηφαγίας
309 3042 318 3059 ,
335 3010 357 3056 ἢ
378 3015 438 3049 τοῦ
465 3012 634 3061 λογισμοῦ
660 3010 700 3049 τὸ
725 3011 906 3064 κριτήριον
921 3015 1007 3064 ἡμῖν
1029 3014 1105 3052 δια-

1169 2523 1345 2562 mittimus
1366 2537 1445 2562 eam
1475 2522 1612 2561 nudam
1630 2533 1663 2562 et
1683 2524 1871 2576 spoliatam
1903 2527 2122 2568 indumentis

1167 2585 1346 2624 virtutum
1357 2600 1369 2635 3
1387 2584 1529 2636 quaudo
1547 2584 1705 2623 ridemus
1719 2585 1876 2636 delicias,
1896 2588 2037 2638 quando
2056 2604 2121 2642 gu-
2135 2599 2243 2628 Contra
2272 2612 2324 2638 gu-

1168 2646 1241 2685 lam
1260 2655 1294 2685 et
1314 2645 1499 2698 crapulam
1516 2645 1688 2697 fugimu5‚
1709 2647 1850 2697 quando
1870 2662 1938 2687 non
1955 2651 2120 2690 convivia
2134 2641 2242 2711 ἷᾚᾘΐ
2257 2653 2321 2670 ⁰¹³*

1169 2716 1204 2745 et
1224 2720 1339 2745 coenas
1358 2715 1548 2755 sectamur,
1569 2705 1629 2744 sed
1651 2706 1891 2758 frugalitatem
1917 2724 2120 2762 servamus,
2136 2710 2166 2755 ¹1.
2195 2703 2273 2753 1'11'21.
2290 2723 2320 2752 6.

1169 2767 1366 2807 secundum
1388 2766 1619 2820 apostolicam
1639 2767 1917 2808 admonitionem
1933 2787 1941 2808 :
1956 2774 2120 2812 Ilaben-
2134 2768 2164 2800 3·

1172 2839 1227 2868 tes
1247 2832 1394 2868 vietum
1411 2837 1447 2866 et
1469 2829 1752 2876 indumentum,
1777 2831 1838 2869 lais
1855 2838 2030 2872 contenti
2046 2840 2104 2875 eri

1172 2905 1268 2930 mus.
1290 2892 1381 2939 Quae
1401 2890 1496 2928 enim
1520 2889 1655 2927 utilitas
1676 2891 1953 2945 superfluorum,
1974 2896 2033 2935 dic
2051 2898 2120 2946 mi-

1170 2951 1223 2999 hi,
1242 2959 1282 2988 ut
1300 2959 1461 2989 ventrem
1479 2947 1661 2986 distendas
1693 2963 1765 3001 prae
1788 2950 1898 2990 nimia
1918 2955 2123 3005 voracitate,

1171 3021 1205 3051 et
1222 3011 1350 3050 mentis
1364 3010 1542 3063 judicium
1565 3009 1726 3048 destruas
1747 3025 1819 3064 prae
1835 3013 2026 3055 immodica
2047 3018 2123 3056 vini

78 3073 276 3126 φθείρεσθαι
294 3071 364 3111 ἀπὸ
379 3074 442 3117 τῆς
457 3071 610 3125 ἀμέτρου
629 3072 846 3121 οἷνοποσίας;
864 3073 886 3120 ἢ
902 3074 980 3126 οὐχὶ
995 3077 1102 3114 ἐντεῦ-
1114 3105 1162 3130 330
1172 3072 1380 3127 potatione?
1398 3084 1514 3109 annon
1535 3070 1616 3108 inde
1643 3072 1802 3124 corporis
1821 3083 1854 3112 et
1873 3076 2001 3115 animm
2030 3079 2123 3117 mala

80 3138 134 3172 θεν
160 3134 219 3172 καὶ
239 3136 289 3186 τῷ
311 3133 452 3184 σώματι
481 3134 541 3172 καὶ
565 3137 608 3186 τῇ
631 3135 727 3186 ψυχῇ
746 3133 862 3172 πάντα
886 3136 1043 3174 τίκτεται
1061 3136 1106 3175 τὰ
1125 3142 1150 3171 Λ
1173 3143 1368 3174 nascuntur
1399 3132 1545 3171 omnia?
1567 3131 1675 3170 Unde
1693 3133 1787 3171 enim
1807 3136 2025 3189 multiplices
2056 3140 2125 3178 illae

79 3195 197 3243 κακά;
217 3195 329 3234 Πόθεν
352 3195 421 3247 γὰρ
448 3198 484 3234 αἱ
510 3195 605 3234 νόσοι
630 3198 665 3234 αἱ
684 3196 929 3243 παντοδαπαὶ,
953 3198 1014 3236 καὶ
1036 3201 1107 3237 τῶν

82 3257 198 3307 μελῶν
225 3257 261 3293 αἱ
291 3257 521 3310 &iace-poem&
547 3257 641 3309 Οὐχὶ
670 3259 822 3295 ἐντεῦθεν
852 3257 922 3296 ἀπὸ
954 3262 1013 3297 τοῦ
1045 3261 1107 3306 τὴν

81 3317 202 3370 χρείαν
220 3319 310 3368 ὑμᾶς
336 3316 611 3370 ὓπερὸαίνοντας
640 3317 728 3370 βαρὺ
755 3317 892 3370 φορτίον
920 3320 1110 3359 ἐπιτιθέναι

1173 3193 1402 3248 aegritudines
1433 3202 1466 3231 et
1498 3193 1655 3231 membra
1686 3193 1866 3235 distorta?
1889 3199 2013 3238 Nonne
2043 3201 2127 3240 hin(-

1176 3255 1271 3308 quod
1291 3256 1372 3308 plus
1400 3268 1508 3305 quam
1527 3268 1592 3307 par
1610 3254 1667 3303 sit,
1684 3265 1844 3295 ventrem
1861 3260 2028 3300 oneribus
2048 3276 2126 3314 gra-

1177 3316 1332 3356 vemus?
1351 3315 1456 3355 Unde
1477 3323 1595 3353 autem
1615 3315 1803 3367 adulteria,
1821 3328 1959 3373 stupra,
1981 3323 2126 3375 rapina„

127 3450 138 3462 ³
165 3438 219 3471 Sic
236 3438 335 3472 Saril.
356 3446 389 3473 et
405 3437 520 3472 Morcl.
540 3441 579 3472 At
602 3446 727 3482 septem
750 3440 827 3473 Mss.
850 3445 1042 3484 τὸνβασιλέα
1057 3443 1191 3485 Σοδόμων
1209 3443 1255 3474 fici<
1273 3445 1310 3474 τὰ
1325 3443 1451 3484 ῥήματα
1468 3443 1578 3481 ἐκεῖνον,
1597 3446 1616 3473 ἁ,
1631 3446 1804 3482 immuto·
1823 3446 1939 3485 faihau
1955 3447 1994 3476 ἧς.
