2566 3791
774 174 819 205 ΙΝ
855 174 955 206 CAP-
995 173 1059 205 IVa

163 263 298 317 ιἡμέραν
322 262 469 314 ὁρῶντες
493 259 570 304 τοὺς
589 260 823 302 τελευτῶντας
837 290 846 306 ,
867 259 926 298 καὶ
944 263 1054 297 ταῦτα
1076 257 1186 310 οἰκείᾳ

162 326 305 376 τελευτῇ
325 325 388 370 τῆς
406 324 496 370 ζωῆς
512 321 795 374 μεθισταμένους,
815 320 874 358 καὶ
893 320 1082 370 οὐδαμόθεν
1101 322 1186 370 ἡμῖν

163 385 403 438 προσήκοντας
433 383 450 406 ¹³

164 447 290 499 λύομεν
309 446 371 495 τὴν
394 447 522 500 ἔχθραν
538 463 545 470 ·
575 447 696 499 πολλῷ
728 445 769 491 δὴ
797 445 930 495 μᾶλλον
958 447 1078 482 τοῦτον
1097 443 1186 486 εἰκὸς

162 504 206 557 ἦν
224 509 440 557 διαλυθῆναι,
454 508 514 547 καὶ
543 507 666 560 ἀθρόον
684 510 821 559 ἀφεῖναι
836 506 899 553 τὴν
912 505 1188 558 ψυχὴν,ὁρῶντα

162 570 222 610 τὸν
250 569 318 623 πρὸ
345 573 470 624 μικροῦ
492 568 757 621 διαλεγόμενον,
789 567 934 620 ἀδελφὸν
964 567 1023 605 τὸν
1043 566 1187 616 ὁμομήν·

164 647 273 685 τριον,
288 631 347 670 τὸν
362 631 575 684 ὁμοπάτριον
587 660 597 678 ,
613 631 672 669 τὸν
691 629 753 672 τὰς
787 629 890 671 αὐτὰς
919 630 1012 680 αὐτῷ
1034 627 1189 666 λύσαντα

163 694 311 740 ὠδῖνας,
337 692 395 731 τὸν
418 692 481 740 τὴν
501 690 597 744 παρὰ
615 694 708 730 Θεοῦ
728 690 862 729 εὔνοιαν
884 687 1187 739 ἐπισπασάμενον,

167 753 327 806 ἐξαίφνης
338 754 466 792 ἄπνουν
478 753 538 792 καὶ
554 752 780 805 ἀνενέργητον
795 749 966 801 κείμενον,
980 749 1040 787 καὶ
1053 749 1112 787 ἐπὶ
1127 751 1190 794 τῆς

458 383 737 434 κατακλώμεθα,
772 382 837 420 κᾶν
870 382 990 434 ἐχθρὸς
1021 375 1044 433 ἧ
1075 396 1187 419 κατα-

166 819 231 866 γῆς
252 815 443 868 σπαίροντα
450 844 459 853 .

222 878 313 915 Ἀλλ’
335 876 462 926 ἴδωμεν
481 875 587 914 πάλιν
605 875 666 913 καὶ
693 873 782 926 μετὰ
806 873 870 920 τὴν
900 872 1040 912 ἀνοσίαν
1060 871 1190 918 ταύτην
1216 867 1240 898 D

166 937 310 992 πρᾶξιν,
338 937 398 976 καὶ
427 937 515 988 μετὰ
534 937 574 975 τὸ
596 937 772 986 τολμῆσαι
790 939 892 974 τοῦτο
910 934 949 973 τὸ
968 934 1083 981 πάσης
1102 950 1187 985 συγ-

166 998 310 1051 γνώμης
324 997 720 1050 ἀπεστερημένον,πόσῃ
740 996 912 1050 κέχρηται
931 995 1193 1048 συγκαταὸάσει

167 1060 229 1100 καὶ
255 1059 497 1112 φιλανθρωπία
525 1061 543 1097 ὃ
567 1062 634 1097 τῶν
655 1059 819 1097 ἁπάντων
841 1058 941 1102 Θεός.
963 1058 1033 1097 Καὶ
1061 1051 1155 1096 εἶπεν
1176 1061 1194 1096 ὁ

167 1121 258 1165 Θεὸς
275 1121 360 1173 πρὸς
382 1120 483 1159 Κάϊν.
505 1119 598 1159 Αὐτὸ
616 1125 718 1159 τοῦτο
735 1120 838 1171 μόνον
857 1120 969 1166 πόσης
987 1120 1078 1159 ἐστὶν
1101 1121 1193 1172 ἀγα-

169 1182 329 1231 θότητος,
362 1183 420 1221 τὸν
450 1182 495 1221 τὰ
528 1186 671 1221 τοιαῦτα
705 1181 940 1235 ἐργασάμενον
977 1182 1197 1233 ἀποκρίσεως

171 1243 338 1290 ἀξιῶσαι;
356 1245 401 1282 Εἰ
419 1244 488 1298 γὰρ
506 1247 607 1294 ἡμεῖς
626 1242 796 1287 πολλάκις
813 1242 891 1286 τοὺς
919 1247 1095 1296 ὁμογενεῖς
1116 1244 1195 1295 βδε-

170 1304 367 1356 λυττόμεθα
379 1335 389 1350 ,
428 1304 570 1343 ἐπειδὰν
609 1304 737 1356 ἴδωμεν
772 1302 925 1343 τοιοῦτόν
958 1320 993 1342 τι
1028 1304 1198 1355 τόλμημα

171 1366 427 1418 ἐργασαμένους
449 1382 457 1390 ·
494 1367 614 1418 πολλῷ
657 1367 790 1416 μᾶλλον
836 1365 894 1403 τὸν
942 1365 1069 1416 ἀγαθὸν
1106 1366 1197 1404 Θεὸν

171 1426 426 1474 ἐκπλήττεσθαι
444 1427 495 1466 δεῖ
514 1426 666 1479 τοσαύτῃ
685 1431 728 1479 τῇ
747 1426 948 1479 ἀνεξικακίᾳ
968 1427 1198 1480 κεχρημένον,

171 1487 232 1526 καὶ
248 1487 343 1538 μάλα
362 1488 516 1532 εἰκότως.
538 1489 672 1541 Ἰατρὸς
691 1489 759 1541 γάρ
777 1491 865 1535 ἐστι,
886 1489 945 1526 καὶ
961 1487 1080 1541 πατὴρ
1100 1490 1197 1542 φιλό-

171 1563 314 1600 στοργος
328 1564 336 1571 ·
356 1549 415 1587 καὶ
434 1552 480 1592 ὡς
497 1549 560 1600 μὲν
580 1550 696 1601 ἰατρὸς
711 1549 828 1588 πάντα
843 1555 936 1589 ποιεῖ
955 1550 1014 1588 καὶ
1034 1565 1199 1603 πραγμα-

171 1608 328 1658 τεύεται,
343 1610 434 1649 ὥστε
451 1611 529 1655 τοὺς
545 1612 579 1649 ἐν
598 1614 770 1664 χαλεπαῖς
785 1612 995 1664 ἀρρωστίαις
1011 1613 1202 1665 τυγχάνον-

171 1672 334 1724 τας-πρὸς
350 1672 482 1721 ὑγίειαν
501 1675 733 1724 ἐπαναγαγεῖν
747 1689 754 1697 ·
775 1675 822 1717 ὡς
837 1673 871 1712 δὲ
888 1673 1009 1728 πατὴρ
1020 1675 1203 1727 φιλόστορ-

171 1748 231 1785 γος
250 1732 327 1778 τοὺς
341 1734 405 1781 τὴν
421 1735 550 1774 οἰκείαν
573 1734 746 1786 εὐγένειαν
764 1735 821 1774 διὰ
842 1735 1012 1789 ῥαθυμίαν
1027 1738 1204 1789 προδεδω-

173 1795 278 1839 κότας
299 1795 461 1846 βούλεται
475 1796 532 1834 διὰ
549 1800 611 1842 τῆς
629 1799 803 1848 πατρικῆς
817 1797 1061 1849 φιλοστοργίας
1081 1799 1128 1842 εἰς
1138 1797 1202 1844 τὴν

175 1857 347 1909 προτέραν
373 1860 518 1908 ἀγαγεῖν
552 1860 610 1903 εὖη
617 1857 752 1909 μερίαν.
792 1857 895 1896 Ἐπεὶ
929 1852 987 1896 οῦν
1022 1859 1111 1897 πολὺ
1139 1862 1203 1906 τῆς

178 1916 391 1968 ἀγαθότητός
420 1920 514 1956 ἐστιν
551 1920 653 1956 αὐτοῦ
684 1918 724 1956 τὸ
755 1918 916 1969 μέγεθος,
950 1919 1111 1970 βούλεται
1142 1920 1202 1959 καὶ

176 1977 264 2030 πρὸς
278 1978 337 2016 τὸν
356 1977 400 2016 τὰ
416 1983 561 2017 τοιαῦτα
579 1979 820 2030 τετολμηκότα
840 1979 974 2028 πολλὴν
995 1981 1058 2028 τὴν
1078 1984 1201 2020 ἑαυτοῦ

1097 171 1260 203 GENES.

1299 171 1456 202 nomm.
1494 171 1588 202 xnx.
2123 155 2211 217 ¹93

1262 256 1435 307 sanguine
1455 254 1546 293 nihil
1587 253 1688 292 nobis
1705 254 1863 305 junctos,
1885 252 2025 290 viribus
2043 251 2212 291 destitui-

1261 332 1356 367 mur,
1376 316 1456 355 etsi
1473 316 1641 355 inimicus
1657 314 1991 365 sit,inimicitiarum
2008 314 2115 351 finem
2130 314 2214 351 saei-

1261 394 1365 418 mus:
1384 387 1517 430 quanto
1538 377 1652 429 magis
1670 376 1767 414 bunc
1796 374 1969 428 disperire
1987 388 2052 426 par
2073 383 2160 422 erat,
2181 382 2215 412 et

1262 441 1381 479 statim
1403 440 1563 479 emittere
1591 438 1746 477 animam
1765 469 1774 483 ,
1794 450 1877 475 cum
1901 435 2035 475 videret
2054 436 2214 482 fratrem,

1261 502 1322 553 qui
1334 502 1441 554 paulo
1454 510 1554 539 antea
1572 500 1799 551 loquebatur,
1811 497 1934 536 eadem
1952 505 2064 535 matre
2075 505 2213 544 natum,

1262 563 1385 602 eodem
1404 571 1505 615 patre
1524 561 1698 613 genitum,
1720 558 1881 613 ejusdem
1897 558 1988 597 uteri
2010 567 2116 611 partu
2138 557 2217 599 ,edi-

1263 634 1351 672 tum,
1378 624 1455 661 Deo
1475 623 1646 674 singulari
1666 619 1911 659 benevolentia
1941 628 2140 672 acceptum,
2157 632 2217 657 su-

1261 686 1338 723 bito
1365 685 1499 735 absque
1518 684 1647 736 spiritu
1680 692 1713 720 et
1743 682 1947 735 operatione
1973 682 2164 734 jacentem,
2185 690 2219 719 et

1264 760 1371 798 snper
1390 754 1521 783 terram
1542 744 1807 797 palpitantem?

1321 873 1359 909 ⁴2.
1381 874 1426 909 At
1446 869 1632 908 videamus
1651 875 1729 923 post
1747 869 1924 909 nefarium
1943 869 2034 908 illud
2060 871 2196 909 facinus
2209 902 2218 918 ‚

1269 941 1396 985 etpost
1417 931 1594 984 flagitium
1608 931 1706 971 nulla
1723 931 1827 969 venia
1846 931 1997 983 dignum
2015 942 2145 983 quanta
2160 933 2224 971 ite-

1269 1008 1349 1032 rum
1370 992 1594 1045 indulgentia
1613 1001 1814 1044 quantaque
1833 993 2052 1045 benignitate
2066 995 2225 1034 omnium

1271 1056 1369 1093 Deus
1397 1054 1521 1092 utitur.
1539 1054 1579 1091 9.
1606 1054 1660 1092 Et
1691 1054 1791 1091 dixit
1815 1054 1922 1092 Deus
1941 1055 1996 1092 ad
2022 1055 2136 1093 Cain.
2162 1056 2224 1093 ld-

1272 1117 1389 1169 ipsum
1410 1115 1468 1155 vel
1484 1115 1598 1154 solum
1630 1123 1773 1166 quantae
1807 1114 1976 1153 bonitatis
1993 1116 2112 1163 fuerit,
2129 1117 2228 1168 quod

1272 1193 1354 1217 eum
1389 1177 1452 1229 qui
1482 1186 1578 1215 tanta
1603 1177 1760 1215 facinora
1787 1177 2018 1227 commiserit,
2050 1178 2230 1230 colloquio

1272 1240 1474 1292 dignetur?
1493 1240 1587 1277 Nam
1607 1252 1692 1277 cum
1722 1252 1787 1276 nos
1806 1252 1898 1291 saepe
1910 1247 2076 1289 cognatos
2093 1250 2231 1279 nostros

1273 1301 1522 1339 abominemur
1538 1330 1548 1349 ,
1580 1300 1611 1338 si
1649 1299 1794 1351 quando
1834 1299 2034 1338 viderimus
2066 1314 2125 1339 eos
2164 1302 2233 1339 tale

1275 1362 1458 1413 quoddam
1477 1361 1615 1401 facinus
1633 1370 1856 1414 perpetrasse
1874 1377 1881 1398 ε
1903 1362 2017 1400 multo
2035 1363 2149 1414 magis
2167 1363 2233 1401 bo-

1276 1438 1363 1464 num
1397 1427 1514 1464 Deum
1544 1423 1667 1463 mirari
1687 1438 1753 1476 par
1770 1433 1822 1462 est
1841 1432 1936 1462 tanta
1959 1433 2114 1463 utentem
2139 1425 2232 1463 tole-

1277 1487 1391 1525 rantia
1409 1502 1416 1524 :
1434 1496 1467 1525 et
1479 1487 1559 1539 jure
1570 1485 1708 1524 merito.
1732 1485 1898 1524 Medicus
1910 1486 2004 1524 enim
2025 1495 2090 1533 est,
2112 1496 2145 1525 et
2164 1487 2234 1525 cle-

1226 1547 1250 1577 Ε
1277 1549 1522 1588 meritissimus
1541 1558 1641 1601 pater
1658 1564 1664 1585 :
1682 1557 1717 1586 et
1737 1547 1829 1586 sicut
1849 1548 2011 1587 medicus
2045 1549 2136 1587 nihil
2165 1564 2234 1587 non

1277 1611 1360 1650 facit
1378 1620 1416 1649 ut
1433 1611 1494 1662 qui
1516 1610 1617 1663 gravi
1638 1609 1763 1648 morbo
1790 1609 1967 1657 laborant,
1988 1609 2036 1648 ad
2050 1611 2235 1649 sanitatem

1277 1673 1498 1711 reducantur
1515 1688 1522 1709 :
1543 1681 1577 1710 et
1592 1672 1684 1710 sicut
1703 1671 1998 1709 clementissimus
2015 1682 2114 1724 pater
2127 1673 2234 1718 filios,

1276 1735 1338 1786 qui
1364 1735 1586 1773 nobilitatem
1616 1747 1716 1771 suam
1751 1747 1816 1785 per
1848 1733 2028 1784 ignaviam
2059 1734 2234 1781 amisere,

1277 1806 1424 1850 paterna
1439 1795 1662 1847 indulgentia
1685 1793 1731 1832 ad
1748 1794 1937 1847 pristinam
1956 1795 2162 1834 felicitatem
2181 1811 2236 1835 re-

1277 1859 1423 1896 stituere
1448 1857 1558 1909 cupit.
1589 1855 1744 1894 Proinde
1761 1856 1845 1907 quia
1864 1855 2045 1894 immensae
2064 1857 2235 1895 honitatis

1276 1927 1342 1969 est,
1372 1919 1504 1957 iterum
1533 1917 1791 1969 benignitatem
1822 1931 1924 1955 suam
1943 1917 2010 1967 illi,
2049 1918 2111 1969 qui
2147 1920 2234 1958 talia

1275 1980 1391 2018 suerat
1408 1993 1516 2018 ausus
1533 2010 1542 2027 ,
1565 1978 1749 2017 ostendere
1779 1978 1875 2016 vult.
1902 1979 2000 2017 Dicit
2028 1980 2121 2018 enim
2146 1981 2200 2019 illi
2224 1998 2233 2019 :

178 2040 440 2092 φιλανθρωπίαν
470 2040 718 2084 ἐπιδείξασθαι.
745 2042 845 2087 Φησὶ
873 2042 942 2096 γὰρ
968 2043 1054 2095 πρὸς
1080 2043 1261 2090 αὐτόν-167,
1282 2039 1357 2077 Ubi
1372 2047 1430 2077 est
1448 2037 1555 2077 Abel
1561 2040 1697 2091 frater
1726 2041 1842 2076 tuus?
1871 2037 1990 2076 Multa
2010 2047 2043 2076 et
2061 2030 2233 2080 immensa

178 2102 253 2140 Ποῦ
271 2102 364 2140 ἐστιν
382 2100 486 2140 Ἄὸελ
499 2104 518 2139 ὁ
537 2102 682 2154 ἀδελφός
701 2117 761 2140 σου
772 2119 782 2150 ;
800 2103 923 2150 Πολλὴ
944 2105 1003 2141 καὶ
1017 2105 1159 2156 ἄπειρος
1177 2109 1199 2152 ἡ

177 2161 377 2206 ἀνεξικακία
395 2165 455 2199 τοῦ
480 2164 585 2201 Θεοῦ.
608 2164 663 2201 Οὐ
681 2163 748 2215 γὰρ
775 2164 894 2212 ἐπειδὴ
917 2165 1035 2217 ἠγνόει
1064 2165 1199 2217 ἠρώτα,

177 2223 254 2262 ἀλλ’
271 2222 357 2276 ὅπερ
373 2221 429 2261 ἐπὶ
443 2227 504 2261 τοῦ
519 2224 650 2276 πατρὸς
667 2227 770 2263 αὐτοῦ
785 2226 975 2273 πεποίηκεν
991 2242 998 2250 ·
1019 2227 1115 2266 οὐδὲν
1131 2227 1198 2279 γὰρ

175 2282 301 2322 κωλύει
321 2284 427 2322 πάλιν
446 2284 511 2322 Βτὸ
536 2285 620 2323 αὐτὸ
645 2287 765 2324 εἰπεῖν.
787 2287 959 2340 Καθάπερ
979 2288 1046 2341 γὰρ
1068 2291 1196 2327 ἐκεῖνον

173 2347 262 2396 ὁρῶν
282 2345 339 2384 διὰ
356 2345 420 2392 τὴν
442 2345 610 2398 αἰσχύνην
635 2350 698 2394 τ’ἧς
715 2347 930 2400 γυμνότητος
959 2351 1197 2403 κρυπτόμενον

174 2406 311 2459 ἠρώτα,
326 2408 402 2447 Ποῦ
431 2401 482 2454 εΪ;
504 2409 566 2447 οὐκ
588 2410 738 2461 ἀγνοῶν,
758 2410 850 2449 ἀλλὰ
877 2412 1078 2465 παῤῥησίας
1103 2415 1197 2466 αὐτῷ

176 2467 335 2520 ἀφορμὰς
359 2468 492 2514 διδοὺς,
511 2469 601 2508 ὥστε
622 2470 679 2509 διὰ
707 2476 765 2520 τῆς
787 2472 971 2525 ὁμολογίας
1000 2478 1060 2512 τοῦ
1089 2474 1196 2513 πταί-

177 2543 308 2578 σματος
346 2530 581 2582 ἀπονίψασθαι
614 2533 654 2570 τὸ
684 2533 933 2585 πλημμέλημα
965 2538 1091 2583 (τοῦτο
1129 2536 1197 2590 γὰρ

176 2589 250 2632 ἔθος
265 2591 372 2642 αὐτῷ,
391 2590 520 2629 ἄνωθεν
540 2592 599 2630 καὶ
617 2592 652 2638 ἐξ
673 2596 785 2646 ἀρχῆς
804 2595 868 2642 τὴν
883 2597 1069 2649 ὁμολογίαν
1089 2599 1197 2636 ἀπαι-

174 2655 245 2688 τεῖν
268 2653 352 2703 παρ’
378 2654 480 2702 ἡμῶν
507 2657 577 2692 τῶν
597 2656 857 2709 ἡμαρτημένων
870 2686 880 2705 ,
896 2657 956 2695 καὶ
972 2657 1195 2712 συγχώρησιν

175 2713 364 2766 παρέχειν)
379 2728 386 2736 ·
407 2715 520 2767 ἐρωτᾷ·
539 2715 599 2754 καὶ
625 2722 682 2755 νῦν
700 2718 758 2755 τὸν
779 2719 887 2767 Κάῖν,
908 2720 969 2758 καί
989 2736 1095 2773 φησι,
1119 2723 1196 2760 Ποῦ

176 2776 268 2812 ἐστιν
287 2773 391 2816 Ἄὸελ
413 2778 431 2814 ὁ
456 2777 603 2829 ἀδελφός
634 2794 712 2826 σου;
730 2778 888 2832 Ἄγνοιαν
915 2789 1161 2835 προσποιεῖται
1179 2786 1197 2822 ὁ

177 2834 416 2888 φιλάνθρωπος
433 2841 628 2888 Δεσπότης,
642 2840 699 2878 ἵνα
714 2841 771 2880 διὰ
784 2845 847 2889 τῆς
862 2845 1064 2896 ἐρωτήσεως
1083 2861 1199 2898 παρα-

179 2897 332 2949 σκευάσῃ
351 2899 409 2944 τὸγ
427 2900 472 2938 τὰ
486 2905 629 2940 τοιαῦτα
643 2904 870 2955 εἰργασμένον
890 2908 1096 2960 ἐπειχθῆναι
1113 2908 1199 2961 πρὸς

177 2955 242 3002 τὴν
262 2959 446 3010 ὁμολογίαν
471 2966 532 3000 τοῦ
556 2964 874 3017 πλημμελήματος,
890 2967 950 3005 καὶ
966 2970 1094 3021 δυνηθῇ
1111 2986 1199 3022 συγ-

178 3018 321 3069 γνώμης
338 3021 429 3065 τινός
450 3021 534 3067 ἴσως
557 3024 616 3062 καὶ
632 3027 893 3079 φιλανθρωπίας
916 3030 1106 3082 ἐπιτυχεῖν.
1126 3032 1203 3070 Ποῦ

178 3081 271 3121 ἐστιν
297 3080 400 3120 Ἄὸελ
419 3086 438 3121 ὁ
467 3085 611 3138 ἀδελφός
638 3102 720 3136 σου;
740 3089 788 3128 Τί
806 3084 867 3128 οἶν
894 3093 912 3128 ὁ
940 3092 1113 3143 ἀγνώμων
1144 3093 1204 3130 καὶ

179 3141 397 3190 ἀναίσθητος,
415 3147 434 3183 ὁ
458 3147 578 3197 ἰταμὸς
593 3147 653 3186 καὶ
674 3149 919 3203 ἀναξσΑυντος,
937 3153 1022 3191 Δέον
1043 3156 1203 3201 ἐννοῆσαι

178 3201 233 3244 ὅτι
257 3205 318 3245 οὐκ
337 3207 468 3257 ἀγνοῶν
487 3210 620 3262 ἐρωτᾷ,
638 3211 732 3250 ,ἀλλὰ
757 3214 820 3259 τὴν
837 3215 920 3265 παρ’
941 3216 1046 3254 αὐτοῦ
1066 3215 1082 3235 ¹³
1094 3219 1202 3255 ἀπαι-

226 3310 242 3332 l’
258 3310 335 3343 Mss.
349 3314 492 3357 quinque
515 3323 737 3363 κατακλώμιθα
749 3348 757 3362 ,
777 3327 1019 3367 συστελλωμεθκ.
1041 3333 1106 3361 κεῖν.

224 3373 238 3384 -·
258 3363 358 3395 baril.
377 3372 410 3396 et
430 3367 508 3410 fleg.
528 3381 609 3402 unus
625 3377 665 3405 τὰ
680 3376 759 3407 αὐτὰ
777 3379 877 3408 εἰπεῖν.

372 3423 465 3447 TUM·
499 3426 554 3451 lv-

1227 2103 1252 2131 Α
1277 2100 1344 2137 Dei
1374 2099 1543 2152 patientia
1578 2107 1645 2138 est.
1667 2100 1748 2136 Non
1779 2098 1872 2136 enim
1904 2098 2098 2152 interrogat
2129 2103 2232 2152 quasi

1275 2160 1428 2212 ignoret,
1457 2160 1519 2198 sed
1541 2159 1699 2212 idipsum
1718 2159 1807 2212 agit,
1829 2160 1926 2211 quod
1956 2170 1989 2199 et
2010 2162 2105 2214 patri
2132 2163 2232 2202 illius

1274 2223 1404 2260 fecerat
1421 2221 1536 2259 :nihil
1554 2222 1649 2259 enim
1663 2221 1792 2269 obstat,
1808 2221 1895 2273 quin
1916 2221 2014 2261 idem
2041 2222 2159 2263 denuo
2175 2224 2231 2263 di-

1275 2293 1388 2322 catur.
1418 2284 1511 2322 Nam
1531 2282 1836 2334 quemadmodum
1857 2283 1983 2333 illum,
2003 2299 2085 2323 cum
2104 2299 2140 2324 se
2157 2301 2232 2340 prae

1274 2345 1412 2399 pudore
1429 2345 1605 2384 nuditatis
1617 2353 1763 2397 tegeret,
1784 2345 1933 2397 rogabat
1951 2362 1958 2383 :
1985 2349 2061 2385 Ubi
2073 2352 2144 2387 es?
2159 2363 2227 2388 non
2250 2361 2325 2389 Gen.
2339 2361 2407 2401 30.

1273 2408 1455 2460 ignorans,
1474 2407 1537 2446 sed
1556 2407 1696 2445 fiduciae
1716 2407 1917 2446 occasiones
1932 2408 1984 2446 illi
1998 2409 2174 2461 praehens,
2188 2421 2230 2450 ut

1273 2484 1336 2524 per
1347 2470 1600 2509 confessionem
1616 2468 1752 2521 peccati
1762 2468 1935 2507 delictum
1944 2469 2103 2509 ablueret
2118 2472 2228 2519 (hunc

1273 2533 1367 2571 enim
1387 2545 1521 2570 morem
1539 2531 1662 2580 habet,
1683 2531 1780 2568 utab
1795 2530 1896 2569 initio
1910 2546 1929 2569 a
1947 2532 2048 2570 nobis
2066 2543 2228 2585 peccato-

1273 2609 1353 2633 rum
1374 2594 1495 2646 exigat
1513 2592 1780 2640 confessionem,
1795 2601 1830 2630 et
1850 2593 1987 2631 veniam
2006 2595 2162 2646 praebeat
2183 2600 2194 2644 )
2217 2613 2225 2633 :

1273 2657 1321 2695 ita
1337 2666 1370 2695 et
1389 2669 1485 2694 nunc
1500 2663 1602 2707 rogat
1621 2653 1722 2702 Cain,
1740 2664 1772 2691 et
1785 2654 1902 2705 inquit
1921 2670 1928 2691 ι
1955 2657 2030 2693 Ubi
2047 2666 2103 2695 est
2119 2655 2226 2697 Ab'el

1269 2720 1399 2771 frater
1412 2726 1498 2756 tuus
1512 2721 1527 2753 ?
1541 2715 1782 2768 Ignorantiam
1801 2716 1944 2754 simulat
1958 2716 2134 2770 benignus
2152 2721 2226 2760 Do·

1224 2789 1247 2818 B
1274 2779 1404 2828 minus,
1420 2778 1489 2816 hac
1510 2776 1786 2828 interrogatione
1803 2791 1899 2827 eum,
1922 2778 1984 2829 qui
2016 2779 2099 2818 talia
2131 2795 2225 2821 com-

1274 2842 1431 2889 miserat,
1450 2852 1669 2893 praeparanS,
1689 2848 1728 2877 ut
1747 2838 1794 2877 ad
1814 2841 1947 2891 peccati
1976 2843 2228 2884 consessionem

1274 2903 1523 2949 adduceretur,
1542 2909 1732 2953 possetque
1751 2901 1895 2939 veniam
1913 2901 2004 2941 forte
2026 2913 2060 2942 et
2089 2906 2228 2945 miseri-

1275 2965 1436 3003 cordiam
1470 2961 1619 3012 assequi.
1658 2962 1732 2999 Ubi
1749 2970 1805 2999 est
1838 2963 1946 3009 Abel
1952 2965 2090 3018 frater
2107 2975 2194 3007 tuus
2210 2973 2228 3005 P

1277 3026 1378 3075 Quid
1400 3025 1511 3077 igitur
1530 3023 1578 3061 ad
1594 3023 1668 3060 liaec
1687 3022 1862 3075 ingratus,
1882 3026 2063 3078 stupidus,
2081 3037 2228 3079 temera-

1276 3088 1350 3126 rius
1365 3096 1399 3125 ct
1420 3084 1638 3137 impudens?
1660 3084 1750 3121 Cum
1766 3086 1996 3137 cogitandum
2011 3099 2099 3127 essct
2114 3092 2229 3141 Deum

1275 3164 1345 3188 non
1366 3149 1530 3198 ignarum
1551 3146 1602 3183 rei
1632 3145 1864 3198 interrogare,
1889 3149 1948 3187 sed
1979 3151 2024 3188 ab
2046 3150 2122 3203 ipso
2142 3166 2230 3190 con-

1276 3216 1462 3255 sessionem
1483 3212 1644 3251 criminis
1658 3212 1814 3264 exigere,
1837 3222 1870 3252 ct
1893 3229 1955 3253 nos
1970 3215 2111 3270 docere,
2132 3233 2234 3258 num-

1270 3327 1285 3350 1»
1303 3325 1355 3358 Sis
1374 3322 1473 3357 Sat—il.
1494 3331 1526 3355 et
1543 3322 1609 3357 alii.
1628 3321 1743 3356 Mon-el.
1764 3331 1898 3360 ἁπαιτῶν
1924 3331 2103 3370 ἀπύω-[ίαν.
2123 3341 2238 3373 perpe·

1227 3389 1308 3411 [nn]-

2012 3424 2023 3442 Ι

1984 3439 2023 3473 ¹4
