2516 3791
756 180 799 212 IN
836 181 935 211 CAP.
976 179 1084 210 XXV.

133 262 312 318 περιέφερε
326 295 335 312 ,
352 264 411 303 καὶ
428 268 449 311 ἡ
467 264 679 317 στενοχωρία
700 264 830 311 πολλὴν
846 267 934 316 αὐτῇ
948 264 1010 310 τὴν
1030 263 1152 310 ὀδύνην

133 325 392 370 κατεσκεύαζεν.
419 327 511 363 Ἀλλ’
547 325 610 378 ὅρα
641 342 700 377 μοι
728 328 881 364 ἐντεῦθεν
905 328 967 372 τ’·ἤς
994 324 1154 376 γυναικὸς

133 389 173 427 τὸ
197 387 364 439 φιλόθεον.
394 390 448 426 Οὐ
468 389 625 442 καθάπερ
651 389 777 426 πολλαὶ
798 389 866 425 τῶν
899 392 956 426 νῦν
981 387 1154 438 γυναικῶν

132 449 200 485 τῶν
234 447 396 501 ῥαθύμως
425 452 486 501 ζῇν
523 449 739 501 βουλομένων
771 448 1064 500 διαπράττονται,
1097 446 1155 484 ἐπὶ

132 510 350 563 ἀνθρωπίνην
369 511 447 550 τινὰ
464 511 670 564 συμμαχίαν
691 512 852 565 ἔδραμεν,
877 510 954 549 οὐδὲ
975 509 1060 560 πρὸς
1078 506 1156 551 τοὺς

132 571 176 610 τὰ
202 576 343 610 τοιαῦτα
372 580 583 625 στοχασμοῑς
611 589 684 612 τισι
717 574 776 612 καὶ
804 571 1071 626 παρατηρήσεσι
1099 568 1156 606 διὰ

131 636 199 671 τῶν
225 634 360 672 οἰκείων
386 637 562 686 λογισμῶν
584 635 712 688 κρίνειν
742 633 989 685 βουλομένους,
1009 630 1084 669 οὐδὲ
1111 632 1154 681 τῇ

137 695 270 747 ἀπάτῃξ
283 697 350 733 τῶν
369 696 561 748 περιέργων
590 696 650 734 καὶ
670 695 714 733 τὰ
741 695 828 748 ὑπὲρ
851 694 913 740 τὴν
936 691 1156 745 ἀνθρωπίνην

132 754 233 807 φύσιν
263 757 539 808 ἐπαγγέλλεσθαι
571 756 788 808 βουλομένων
819 754 945 800 ἑαυτὴν
979 753 1155 800 ἐξέδωκεν,

137 818 215 854 ἀλλ’
231 817 285 856 ὅτι
301 817 492 869 Ἰἰπορεύθη
512 817 679 856 πυθέσθαι
699 816 796 868 παρὰ
816 815 958 867 Κυρίου.
977 814 1074 868 “Opot
1090 832 1150 866 γυ-

135 878 250 921 ναικὸς
274 878 422 917 σύνεσιν.
445 878 591 925 Ἐπειδὴ
614 873 713 926 εἶδεν,
737 878 792 916 ὅτι
811 881 828 916 6
848 881 911 923 τῆς
932 877 1065 930 φύσεως
1087 881 1153 916 Δε-

131 938 262 985 σπότης
287 934 328 985 ἦν
361 942 379 977 6
405 938 469 984 τὴν
493 939 630 990 μήτραν
657 941 761 985 αὐτῆς
786 938 976 983 διανοίξας,
1004 939 1064 977 καὶ
1090 939 1154 985 τὴν

130 999 252 1052 ἄγονον
268 998 421 1053 γαστέρα
438 999 558 1054 ἀθρόον
578 999 668 1038 οὕτω
687 1000 828 1053 γόνιμον
846 1000 1134 1052 ἀπεργασάμενος
1146 1031 1154 1047 ,

131 1060 190 1098 καὶ
209 1059 315 1112 Ἶὲώρα
339 1063 400 1107 τ’ἧς
419 1062 568 1114 γαστρὸς
592 1061 650 1100 τὸν
677 1062 778 1113 ὄγκον
809 1061 945 1113 μεγάλα
969 1062 1046 1100 τινὰ
1069 1064 1154 1113 αὐτῇ

130 1121 359 1174 ἐγγυώμενον,
386 1122 600 1175 Ἔπορεύθη,
629 1123 733 1175 φησὶ,
764 1123 933 1162 πυθέσθαι
960 1122 1057 1176 παρὰ
1084 1125 1156 1161 Κυ-

133 1183 216 1236 ρίου.
248 1183 295 1221 Τί
320 1185 425 1231 ἐστιν,
454 1183 648 1237 Ἐπορεύθη
679 1183 848 1222 πυθέσθαι
879 1184 976 1237 παρὰ
1006 1184 1157 1236 Κυρίου,

131 1245 310 1299 Ἕδραμεν
336 1245 393 1284 ἐπὶ
416 1244 479 1292 τὴν
500 1247 612 1292 ἀληθῆ
638 1248 778 1297 γνῶσιν,
805 1245 864 1283 καὶ
885 1246 943 1284 ἐπὶ
973 1246 1031 1284 τὸν
1061 1246 1157 1300 ἱερέα

131 1307 188 1344 τὸν
219 1311 279 1345 τοῦ
314 1305 447 1345 ι’Θείου
479 1306 704 1359 θεραπευτὴν,
730 1307 914 1345 σπεύσασα
941 1306 999 1345 διὰ
1025 1306 1154 1345 τούτων

130 1367 366 1411 λανθανόντως
398 1371 520 1418 μαθεῖν
550 1367 613 1414 τὴν
641 1369 780 1419 γνῶσιν,
817 1367 876 1406 καὶ
913 1367 1154 1420 διηγησαμένη

130 1427 245 1466 πάντα
259 1428 303 1466 τὰ
322 1429 398 1466 καθ’
415 1428 554 1476 ἑαυτὴν,
575 1429 764 1479 ἐμάνθανεν
786 1428 925 1468 ἅπαντα
942 1428 1031 1480 μετὰ
1056 1431 1155 1483 ἀκρι-

130 1489 242 1537 ὅείας,
274 1494 334 1528 τοῦ
372 1489 615 1542 φιλανθρώπου
645 1493 738 1530 Θεοῦ
769 1490 827 1529 διὰ
859 1493 922 1538 τῆς
952 1495 1012 1530 τοῦ
1038 1491 1157 1543 ἱερέως

129 1550 286 1602 γλώττης
323 1551 594 1594 ἐκκαλύπτοντος
630 1554 715 1604 αὐτῇ
745 1552 885 1590 ἅπαντα
918 1556 1060 1605 σαφῶς,
1096 1553 1155 1591 καὶ

132 1612 240 1664 ταύτῃ
269 1613 529 1665 προθυμοτέραν
563 1612 669 1659 αὐτὴν
701 1613 945 1667 ἐργαζομένου.
990 1614 1061 1652 Καὶ
1098 1613 1156 1653 ἵνα

136 1676 249 1726 μάθῃς
267 1674 344 1713 ὅσον
364 1669 404 1721 ἦν
430 1674 507 1713 τότε
527 1678 596 1713 τῶν
621 1675 740 1728 ἱερέων
758 1675 798 1714 τὸ
816 1676 954 1727 ἀξίωμα
968 1706 978 1724 ,
1004 1678 1156 1727 οὐδαμοῦ

131 1752 248 1788 φησιν,
273 1736 327 1775 ὅτι
346 1739 364 1774 6
388 1735 495 1789 ἱερεὺ,
531 1741 639 1775 ταῦτα
674 1737 901 1790 ἀπεκρίνατο,
927 1739 1005 1776 ἀλλ’
1034 1738 1154 1785 ἐπειδὴ

131 1791 237 1844 εἶπεν,
255 1798 449 1851 Ἐπορεύθη
479 1798 648 1838 πυθέσθαι
674 1802 769 1852 παρὰ
795 1798 943 1851 Κυρίου,
972 1798 1154 1851 ἐπήγαγε,

124 1859 195 1896 Καὶ
221 1853 295 1897 εἶπε
320 1859 444 1913 Κύριος
469 1861 577 1911 αὐτῇ,
605 1860 662 1898 διὰ
684 1865 744 1899 τοῦ
771 1859 909 1912 ἱερέως,
933 1860 992 1899 δύο
1014 1861 1093 1908 ἔθνη
1118 1863 1152 1899 ἐν

123 1923 164 1972 τῇ
188 1921 316 1973 γαστρί
335 1937 394 1959 σου
416 1921 601 1975 περιέχεις.
632 1923 702 1960 Καὶ
728 1923 796 1976 γὰρ
823 1923 883 1961 καὶ
911 1923 1053 1976 ἑτέρωθι
1084 1923 1148 1974 ἅγ-

122 1983 220 2032 γελον
251 1984 351 2020 καλεῖ
375 1983 432 2021 τὸν
461 1983 556 2034 ἱερέα
581 1987 602 2031 ἦ
632 1983 707 2022 θεία
733 1984 878 2037 Γραφὴ,
907 1985 1069 2023 δεικνῦσα
1096 1984 1150 2023 δ’τι

123 2046 237 2082 ἐκεῖνα
259 2045 443 2097 φθέγγεται
459 2044 548 2098 ἅπερ
568 2050 581 2066 ⁰
593 2045 633 2082 ἂν
655 2046 810 2098 ἐνηχήσῃ
829 2049 851 2092 ἡ
865 2050 925 2085 τοῦ
944 2046 1150 2098 Πνεύματος

119 2104 238 2156 χάρις.
265 2099 374 2143 Εἶπεν
402 2099 459 2143 οῦν
484 2105 610 2159 Κύριος
636 2108 724 2158 αὐτῇ
750 2106 808 2145 διὰ
829 2111 888 2146 τοῦ
909 2107 1026 2160 ἱερέως
1044 2122 1051 2129 ·
1078 2107 1149 2146 Δύο

128 2165 207 2212 ἔθνη
230 2168 263 2204 ἐν
288 2169 332 2218 τῇ
352 2167 477 2219 γαστρί
496 2166 556 2205 σού
583 2169 656 2205 ἐστι
670 2198 679 2215 ,
699 2167 758 2205 καὶ
778 2167 835 2206 δύο
857 2168 935 2205 λαοὶ
954 2171 989 2206 ἐν
1009 2171 1053 2220 τῇ
1074 2184 1147 2206 κοι-

123 2226 181 2279 λίᾳ
198 2243 258 2265 σου
279 2228 591 2276 διασταλῆσονται,
611 2228 671 2267 καὶ
692 2229 773 2272 λαὸς
790 2230 874 2267 λαοῦ
895 2229 1070 2282 ὑπερέξει,
1090 2228 1149 2268 καὶ

121 2292 140 2327 6
174 2289 299 2340 μείζων
333 2289 505 2328 δουλεύσει
544 2292 594 2343 τῷ
630 2291 798 2330 ἐλάττονι.
829 2289 928 2343 εὈρα
954 2291 1147 2344 πρόῤῥησιν

124 2351 264 2388 ἅπαντα
286 2353 403 2404 σαφῶς
420 2353 508 2403 αὐτῇ
531 2351 727 2403 μηνύουσαν
747 2352 791 2391 τὰ
811 2352 983 2403 μέλλοντα
1001 2353 1147 2404 γενήσε-

123 2415 214 2450 σθαι.
229 2411 427 2464 Ἁλλόμενοι
445 2412 513 2466 γὰρ
528 2415 558 2451 οἱ
574 2414 694 2457 παῖδες
714 2416 748 2451 ἐν
763 2417 806 2466 τῇ
826 2414 952 2466 γαστρὶ
971 2413 1031 2452 καὶ
1049 2430 1149 2466 σκιρ-

124 2476 270 2521 τῶντες,
294 2474 362 2521 ἤδη
387 2473 651 2527 προανεφώνουν
675 2473 815 2513 ἅπαντα
836 2474 925 2526 μετὰ
948 2474 1128 2528 ἀκριὸείας
1142 2491 1150 2498 ·

126 2535 186 2573 καὶ
204 2535 324 2574 λοιπὸν
343 2535 532 2587 ἐμάνθανεν
553 2540 574 2583 ἡ
591 2536 698 2587 γυνὴ,
717 2539 781 2589 οὐχ
808 2535 862 2575 ὅτι
888 2536 947 2575 δύο
970 2536 1071 2587 μόνον
1089 2537 1149 2577 τέ·-

125 2596 218 2642 ξεται
231 2599 378 2644 παῖδας,
401 2599 477 2636 ἀλλ’
505 2597 558 2635 ὅτι
583 2597 643 2636 καὶ
664 2600 711 2642 εἷς
726 2597 806 2645 ἔθνη
823 2591 918 2636 οὗτοι
934 2598 1149 2645 ἐκταθήσον-

126 2674 203 2703 ται,
229 2659 288 2696 καὶ
309 2658 565 2697 ὅτιὸἐλάσσων
591 2658 766 2712 κυριεύσει
793 2663 853 2697 τοῦ
882 2659 1046 2710 μείζονος.
1080 2659 1151 2698 Καὶ

127 2720 203 2767 ὅτε,
235 2719 351 2771 φησὶν,
377 2718 521 2771 ἤγγισεν
541 2723 559 2758 6
578 2720 700 2773 καιρὸς
720 2723 779 2758 τοῦ
805 2719 926 2769 τόκου,
946 2719 1112 2768 Ἐξῆλθεν
1134 2725 1152 2760 6

128 2780 343 2834 πρωτότοκος
363 2780 544 2832 πυῤῥάκης
555 2811 564 2827 ,
579 2781 662 2819 ὡσεὶ
681 2780 766 2834 δορὰ
780 2810 789 2827 ,
803 2781 908 2826 δασύς
919 2797 928 2805 ·
945 2781 1153 2833 ἐπωνόμασε

131 2841 164 2880 δὲ
182 2842 221 2879 τὸ
241 2841 350 2892 ὄνομα
379 2842 483 2879 αὐτοῦ
496 2872 506 2889 ,
526 2841 652 2881 (Ησαῦ.
685 2843 753 2881 Καὶ
776 2842 864 2894 μετὰ
882 2848 993 2882 ταῦτα
1013 2843 1151 2890 ἐξῆλθεν

132 2906 150 2941 6
177 2902 321 2954 ἀδελφὸς
344 2905 467 2949 αὐτοῦ,
487 2903 546 2940 καὶ
568 2907 590 2950 ἡ
613 2903 691 2956 χεὶρ
709 2907 814 2943 αὐτοῦ
830 2904 1072 2956 ἐπειλημμένη
1091 2908 1154 2951 τῆς

1076 2965 1150 3004 Ἰα-

1011 2970 1033 2979 ω

186 2963 194 2974 l
306 2962 316 2975 ‹
398 2967 420 2977 a.
472 2962 487 2983 d
591 2966 600 2977 n
637 2964 646 2978 l
765 2966 774 2979 x
807 2966 821 2980 a!
956 2968 966 2981 a

129 2979 278 3017 πτερνης
320 2965 438 3002 Πσαυ·
498 2964 558 3002 καὶ
585 2966 727 3004 εκαλεσε
742 2982 782 3004 το
802 2982 912 3017 ονομα
929 2981 1054 3015 αυτου,

173 3067 190 3091 b
213 3065 328 3107 [foisl.
352 3071 417 3100 θεοῦ
436 3072 463 3100 0.
484 3083 525 3107 σ.,
544 3070 580 3101 δι’
594 3071 684 3102 αὐτοῦ
700 3077 758 3102 τῶν
772 3072 974 3104 λανθανόντων
990 3086 1026 3113 μ.
1043 3085 1072 3104 τ.
1091 3085 1135 3112 γυ.

130 3120 208 3150 ltoec
232 3120 370 3151 omuino
393 3117 503 3161 placet
528 3118 639 3158 lectio,
667 3132 766 3163 quam
792 3123 944 3165 agnoscit
969 3121 1139 3164 Interpres

132 3168 283 3213 vulgatus
301 3169 332 3202 in
349 3169 504 3203 Editioue
518 3171 646 3203 Morelli
663 3180 793 3205 iet-tens
817 3189 822 3207 :
843 3173 1080 3217 Etfistinavit
1095 3174 1141 3206 ad

132 3222 330 3267 sacerdotem
355 3223 421 3254 Dei
435 3225 632 3265 ministrum,
647 3236 708 3268 per
728 3237 826 3269 quem
845 3226 1016 3258 latentium
1030 3228 1141 3259 scien—

133 3275 212 3305 tiam
229 3272 363 3305 volebat
378 3274 516 3307 discere.
534 3275 662 3308 Boisius
677 3277 710 3309 in
726 3277 824 3310 Notis
839 3276 956 3310 savilii
970 3290 976 3309 :
998 3291 1013 3309 (ι
1027 3278 1140 3312 Malim

133 3329 181 3360 διὰ.
196 3329 300 3359 τούτου
311 3341 326 3355 n
347 3337 407 3369 pro
421 3330 468 3361 διὰ
484 3328 623 3370 τοὺτων.]

177 3388 189 3402 ⁶
215 3376 427 3419 [Addidimus
443 3386 478 3414 ἅν
494 3390 510 3411 e
527 3380 627 3414 Goisl.
645 3379 748 3417 savit.
768 3385 846 3427 ἅπερ
865 3383 1028 3426 inpicet]

1117 179 1280 209 GENRS.

1321 178 1472 209 uouit..
1515 179 1555 208 i..
2085 167 2174 230 573

1229 275 1354 315 pueros
1366 263 1537 315 gestabat,
1548 271 1632 300 etex
1643 262 1804 314 angustia
1814 262 1967 300 inultum
1982 265 2177 304 cruet-amn

1227 324 1410 362 sentiebat.
1438 323 1587 362 sedhic
1612 323 1706 370 vide,
1733 323 1889 371 obsecro,
1918 324 2078 362 mulieris
2105 327 2176 377 pic-

1226 394 1333 423 tatem
1356 395 1388 424 et
1416 386 1636 438 religionem.
1664 386 1742 423 Non
1768 385 1862 423 enim
1893 385 1984 422 sicut
2016 386 2180 423 mulieres·

1228 446 1360 495 inultm,
1394 461 1474 497 qua·
1508 446 1724 497 negligenter
1755 445 1904 493 vivunt,
1932 446 2039 484 hodie
2069 447 2180 484 facere

1228 518 1497 554 consueverunt,
1518 508 1562 545 ad
1580 508 1776 546 humanum
1789 508 1947 558 confugit
1962 507 2178 554 subsidium,

1178 332 1200 362 B

1227 581 1295 605 non
1312 568 1358 605 ad
1377 583 1435 606 eos
1451 569 1511 618 qui
1534 570 1616 606 talia
1636 570 1947 621 snisronjecturis,
1967 583 2178 621 sua‘quera-

1227 629 1333 666 tionis
1352 629 1830 681 observationiluisjudicare
1845 631 1991 679 volunt;
2015 645 2127 682 neque
2146 646 2181 669 se

1227 688 1392 740 exposuit
1418 688 1615 740 deceptioni
1636 690 1904 736 circulatorum,
1925 700 1957 727 et
1979 705 2099 728 eorum
2119 691 2179 742 qui

1226 749 1393 801 pollicere
1405 749 1535 787 audent
1548 765 1625 800 qum
1646 765 1751 802 supra
1773 751 1962 788 humanam
1981 762 2059 790 sunt
2079 762 2179 790 natu-

1227 826 1302 849 ram
1323 827 1330 848 :
1350 811 1409 849 sed
1433 811 1561 857 Abiit,
1590 811 1726 862 inquit,
1747 821 1786 849 ut
1808 814 2020 850 consuleret
2048 815 2181 851 Domi-

1229 888 1333 911 num.
1359 873 1454 913 Vide
1477 873 1637 911 mulieris
1661 873 1901 923 sagacitatem.
1922 875 2099 919 Quoniam
2124 876 2180 913 vi-

1226 935 1282 973 dit
1309 950 1389 973 cum
1410 936 1470 987 qui
1498 935 1646 974 vulvam
1677 935 1752 986 ejus
1779 944 1962 981 reserarat,
1987 936 2098 986 etqui
2129 937 2180 974 in-

1227 997 1418 1035 secundum
1445 1006 1604 1036 ventrem
1639 1005 1780 1048 repente
1807 996 1853 1033 ita
1878 996 2068 1034 secundum
2099 998 2182 1035 csse-

1227 1068 1341 1107 ccrat,
1368 1068 1502 1097 natura:
1534 1071 1607 1095 esse
1631 1057 1851 1106 Dominum,
1886 1057 2052 1108 quoniam
2090 1058 2178 1096 vidit

1229 1121 1318 1158 uteri
1340 1121 1515 1158 sarcinam
1532 1134 1658 1172 magna
1676 1118 1840 1172 quaedam
1862 1119 2082 1170 promittere,
2098 1119 2182 1156 Ab·

1228 1185 1286 1228 iit,
1310 1182 1437 1233 inquit,
1456 1191 1497 1220 ut
1517 1183 1731 1220 consuleret
1753 1182 1978 1218 Dominum.
1999 1179 2099 1225 Quid
2115 1189 2180 1225 est,

1228 1244 1343 1282 Abiit
1371 1253 1412 1281 ut
1442 1244 1656 1281 consuleret
1684 1244 1921 1280 Dominum?
1941 1241 2107 1279 Cucurrit
2137 1241 2181 1279 ad

1228 1316 1348 1341 veram
1376 1302 1559 1340 scientiam
1574 1333 1586 1353 ‚
1615 1312 1649 1340 et
1673 1301 1854 1340 festinavit
1884 1301 1929 1338 ad
1964 1301 2181 1339 sacerdotem

1228 1363 1293 1400 Dei
1314 1363 1530 1412 ministrum,
1550 1377 1613 1416 per
1631 1377 1736 1414 quem
1759 1363 1908 1400 latenter
1928 1362 1976 1399 rei
1997 1362 2181 1400 scientiam

1225 1423 1361 1462 discere
1386 1424 1579 1477 cupiebat:
1607 1433 1640 1462 ct
1663 1438 1830 1461 enarrans
1857 1423 1976 1462 omnia
2005 1438 2083 1474 quae
2113 1424 2180 1461 sihi

1225 1487 1459 1538 contigerant,
1497 1485 1628 1524 didicit
1652 1484 1843 1537 diligenter
1879 1485 2012 1531 omnia,
2044 1485 2182 1523 miseri-

1227 1548 1332 1587 corde
1356 1550 1432 1586 Deo
1457 1562 1520 1600 per
1546 1547 1737 1586 sacerdotis
1762 1548 1924 1599 linguam
1943 1547 2128 1598 detegente
2152 1548 2181 1586 ei

1225 1610 1346 1648 omnia
1365 1610 1561 1658 manifeste,
1578 1618 1610 1647 et
1624 1609 1832 1647 alacriorem
1849 1623 1926 1646 eam
1943 1609 2122 1647 reddente.
2137 1609 2182 1647 Et

1227 1680 1265 1708 ut
1295 1671 1384 1709 scias
1403 1679 1533 1721 quanta
1556 1679 1640 1707 tunc
1667 1678 1741 1707 erat
1759 1669 1981 1707 sacerdotum
2007 1669 2178 1719 dignitas,

1225 1746 1403 1783 nusquam
1430 1731 1519 1769 dicit
1544 1730 1761 1769 sacerdotem
1790 1731 1821 1768 ei
1853 1730 2097 1782 respondisse,
2119 1731 2180 1768 sed

1225 1804 1412 1846 postquam
1437 1793 1550 1839 dixit,
1578 1792 1694 1831 Abiit
1727 1801 1768 1829 ut
1797 1792 2012 1830 consuleret
2042 1793 2180 1830 Domi—

1226 1870 1330 1902 num,
1344 1854 1510 1907 subjecit,
1521 1856 1586 1892 225.
1598 1856 1651 1892 Et
1666 1855 1765 1891 dixit
1785 1855 1976 1891 Dominus
1989 1856 2036 1900 ei,
2055 1868 2180 1907 nempe

1223 1931 1285 1969 per
1302 1915 1530 1964 sacerdotem,
1551 1916 1664 1953 Duas
1678 1923 1809 1967 gentes
1829 1917 1870 1952 in
1885 1923 1992 1952 utero
2007 1923 2071 1953 tuo
2090 1930 2179 1953 con-

1223 1982 1333 2016 tines.
1359 1976 1502 2015 Etenim
1522 1985 1556 2014 et
1574 1976 1644 2014 alio
1660 1976 1737 2014 loco
1761 1976 1927 2028 angelum
1946 1985 2047 2014 vocat
2065 1990 2179 2014 sacer-

1222 2039 1343 2078 dotem
1366 2038 1491 2077 divina
1511 2037 1719 2089 Scriptura,
1740 2035 1924 2074 ostendens
1945 2036 2050 2074 illum
2068 2051 2107 2075 ea
2129 2037 2179 2074 lo-

1221 2100 1295 2152 qui,
1328 2115 1406 2151 quae
1434 2099 1583 2151 inspirat
1611 2113 1653 2137 ac
1676 2098 1834 2150 suggerit
1865 2098 2023 2149 Spiritus
2052 2098 2177 2150 gratia.

1221 2163 1326 2200 Dixit
1345 2161 1456 2213 igitur
1480 2160 1657 2198 Dominus
1676 2159 1707 2197 ei
1728 2173 1791 2212 per
1810 2159 2028 2197 sacerdotem
2047 2175 2054 2195 :
2077 2160 2179 2197 Duoe

1218 2233 1349 2277 gentes
1374 2226 1415 2260 in
1449 2231 1555 2260 utero
1579 2230 1644 2259 tuo
1670 2229 1774 2267 sunt,
1797 2229 1834 2258 et
1866 2221 1942 2258 duo
1973 2221 2106 2272 populi
2139 2223 2180 2258 in

1219 2294 1358 2325 ventre
1377 2293 1442 2322 tuo
1458 2284 1694 2330 dividentur,
1705 2291 1742 2320 et
1752 2282 1918 2334 populus
1928 2282 2072 2334 populo
2084 2296 2180 2333 prae-

1220 2349 1353 2394 stabit,
1371 2355 1408 2384 et
1419 2348 1545 2399 major
1557 2346 1694 2383 serviet
1705 2345 1856 2381 minori.
1864 2342 1961 2382 Vide
1969 2343 2180 2381 vaticinium

1221 2409 1320 2460 quod
1338 2407 1521 2446 manifeste
1534 2404 1701 2458 praedicit
1713 2404 1743 2441 ei
1761 2403 1879 2442 omnia
1898 2404 2029 2441 futura.
2042 2403 2178 2442 Salien-

1222 2481 1273 2510 tes
1289 2470 1385 2508 enim
1398 2468 1500 2522 pueri
1517 2467 1553 2505 in
1573 2475 1686 2513 utero,
1707 2474 1740 2503 et
1759 2465 2002 2517 incompositis
2021 2464 2179 2515 gestibus

1221 2546 1258 2570 se
1282 2538 1484 2577 moventes,
1505 2528 1581 2580 jam
1609 2526 1727 2563 omnia
1752 2524 1893 2575 liquido
1911 2524 2178 2576 praedicebant:

1221 2602 1255 2632 et
1276 2605 1370 2630 nunc
1392 2588 1519 2628 didicit
1543 2587 1672 2625 mulier
1689 2600 1758 2624 non
1778 2600 1813 2623 se
1832 2585 1922 2623 duos
1949 2585 2065 2622 solum
2085 2585 2180 2637 pari-

1223 2664 1340 2693 turam
1360 2664 1508 2704 pueros,
1533 2648 1594 2687 sed
1612 2657 1644 2686 et
1658 2647 1737 2685 illos
1754 2647 1912 2698 ingentes
1931 2646 2181 2699 propagandos

1223 2716 1311 2761 sore,
1330 2722 1364 2751 et
1391 2711 1565 2750 minorem
1584 2708 1709 2761 majori
1728 2707 1996 2745 dominaturum
2023 2721 2107 2745 esse.
2133 2708 2180 2745 Et

1225 2774 1367 2827 quando
1389 2781 1509 2825 postea
1526 2768 1828 2822 appropinquavit
1842 2777 1983 2821 tempus
2000 2768 2178 2820 pariendi,

1226 2839 1290 2876 ⁶23.
1311 2838 1436 2881 Exiit,
1458 2831 1590 2883 inquit,
1604 2833 1752 2883 primus
1769 2831 1894 2883 rufus,
1915 2832 2029 2883 quasi
2049 2830 2177 2881 pellis,

1218 2898 1399 2951 hispidus
1410 2912 1420 2932 :
1435 2904 1471 2933 et
1485 2895 1643 2932 vocavit
1664 2905 1802 2930 nomen
1816 2893 2040 2944 ejus,Esait'.
2051 2888 2116 2929 ⁶26.
2128 2893 2180 2930 Et

1225 2972 1359 3016 postea
1377 2962 1469 3000 exiit
1486 2959 1614 3011 frater
1637 2959 1732 3009 ejus,
1756 2965 1792 2994 et
1820 2968 1960 2993 manus
1978 2957 2060 3007 ejus
2079 2969 2181 2994 com·

1178 1750 1201 1778 1)

1216 3068 1233 3093 d
1259 3068 1348 3106 Haec,
1377 3069 1426 3099 καὶ
1454 3067 1577 3097 ἐκάλεσε
1597 3067 1632 3096 τὸ
1657 3065 1752 3104 ὄνομα
1771 3063 1862 3094 αὑτοῦ
1883 3059 1990 3099 iuncte,
2009 3058 2130 3091 desunt
2150 3061 2181 3090 in

1171 3119 1274 3153 Savil.
1293 3126 1327 3151 et.
1350 3117 1382 3149 in
1399 3113 1599 3159 quibusdam
1624 3113 1700 3146 Mss.
1726 3112 1858 3155 [Servat
1874 3118 1983 3143 autem
2010 3111 2109 3144 Coisl.
2130 3110 2182 3144 Ob

1176 3171 1319 3214 idipsum
1345 3167 1446 3201 modo
1471 3165 1694 3208 supplevimus
1711 3163 1812 3196 verba
1836 3169 2064 3206 ἐπωνόμασε...
2081 3168 2181 3198 αὑτοῦ,

1176 3222 1256 3260 fin-„3
1278 3236 1294 3255 e
1312 3221 1412 3255 Coisl.
1441 3228 1473 3253 et
1490 3218 1574 3252 Bibl.
1601 3217 1718 3251 Obiter
1744 3224 1900 3249 notamus
1926 3218 1958 3249 in
1981 3215 2182 3249 Coisliniano

1175 3287 1304 3319 semper
1326 3287 1343 3306 a
1360 3273 1466 3317 prima
1488 3281 1587 3304 manu
1613 3268 1696 3307 ὑσαῡ
1711 3280 1787 3303 cum
1809 3270 1926 3312 spiritu
1945 3268 2009 3302 leni
2025 3278 2092 3300 esse
2108 3278 2184 3299 exa-

1175 3328 1314 3371 ratuni]
