2516 3791
654 203 712 233 1)ss
752 203 924 234 DAVtDF.
962 203 1019 233 ET
1055 203 1196 233 SAULF.
1235 204 1431 234 tionum-x
1470 205 1532 234 ΙΙΙ.

67 294 101 331 ἓν
120 292 163 341 τῇ
183 291 279 342 ψυχῇ
291 318 300 334 ,
320 288 380 326 καὶ
398 287 461 334 τὴν
477 287 694 340 φιλοσοφίαν,
713 288 754 334 ἣν
774 289 792 326 ὁ
808 287 918 326 Δαυὶδ
937 286 1092 336 ἐνέθηκε,

68 351 123 391 διὰ
143 354 210 389 τῶν
226 349 384 400 δακρύων
404 350 532 396 δηλῶν.

117 720 164 759 Τί
182 719 308 772 γένοιτ’
336 719 376 756 ἂν
400 721 460 757 τοῦ
485 717 664 771 προφήτου
691 717 969 771 μακαριώτερον,
993 717 1030 760 ὃς
1059 719 1093 756 ἐν
1116 726 1141 756 E

67 780 215 835 βραχείᾳ
233 783 356 832 καιροῦ
377 781 466 832 ῥοπῇ
487 779 576 818 οὕτω
594 780 651 817 τὸν
668 778 790 830 ἐχθρὸν
821 778 1094 831 μετερρύθμισε,

64 843 124 881 καὶ
145 841 260 894 ψυχὴν
292 840 440 892 αἵματος
461 841 520 879 καὶ
550 843 685 892 σφαγῆς
712 841 868 892 διψῶσαν
898 839 1016 877 λαὸὼν
1048 841 1096 883 εἰς

64 903 207 956 θρήνους
232 902 393 941 ἐνέὸαλεν
423 902 544 954 ἀθρόον
566 901 626 939 καὶ
649 900 885 952 ὀλολυγμούς;
904 903 984 953 Οὐχ
1006 900 1095 939 οὕτω

63 965 231 1017 Θαυμάζω
254 963 312 1002 τὸν
344 963 490 1009 Μωσεά,
506 962 558 1001 ὅτι
573 963 644 1001 ἀπὸ
658 962 788 1016 πέτρας
809 963 1004 1015 ἀκροτόμου
1024 978 1096 1010 πη-

2028 208 2114 253 00¹

1169 287 1266 340 prior
1298 287 1468 326 honorem
1502 286 1643 337 detulit,
1671 296 1704 326 ct
1734 288 1928 326 honoratus
1954 291 2122 341 majorem

1167 347 1337 386 honorem
1363 347 1535 399 reposuit,
1563 347 1708 385 dicens:
1727 348 1867 386 Servus
1887 357 1987 389 tuus.
2002 350 2123 387 ‹Inmi-

1169 424 1217 448 ne
1243 411 1298 447 mi
1318 423 1401 446 rex.
1432 408 1528 448 Vide
1557 422 1656 456 vero,
1687 418 1861 460 quantum
1889 409 2008 447 feccrit
2033 410 2122 447 lucri

1169 469 1293 508 David
1320 469 1395 507 haec
1420 470 1604 520 loquutus.
1632 470 1713 508 Non
1735 470 1811 522 jam
1843 469 2010 508 sustinuit
2039 471 2124 508 Saiil

1168 531 1260 569 hanc
1280 544 1404 570 vocem
1437 530 1562 568 audire
1583 531 1660 568 sine
1680 531 1867 583 lacrymis,
1887 530 1947 569 scd
1972 531 2125 584 ploravit

1167 607 1300 642 amare,
1322 592 1432 631 animi
1453 592 1637 631 sanitatem
1654 606 1694 630 ac
1716 593 1997 646 philosophiam,
2019 607 2126 644 quam

1168 654 1289 692 David
1303 654 1491 702 inseverat,
1511 654 1680 707 lacrymis
1701 654 1894 692 declarans.

1221 717 1258 754 7.
1277 715 1376 762 Quid
1413 730 1488 753 esse
1521 715 1631 767 possit
1662 715 1729 752 hoc
1764 715 1937 768 propheta
1973 715 2125 762 beatius,

1167 779 1229 828 qui
1244 777 1345 815 brevi
1366 776 1535 829 temporis
1555 786 1733 815 momento
1752 778 1803 814 sic
1825 776 1959 814 hostem
1977 791 1994 814 a
2011 778 2129 816 surore

1167 838 1212 877 ad
1237 838 1465 876 sobrietatem
1498 839 1712 891 composuit,
1743 848 1776 876 et
1808 838 1969 876 animum
2004 848 2127 876 nactus

1166 900 1351 951 sanguinis
1375 914 1415 939 ac
1426 900 1533 938 caedis
1551 900 1741 948 sitientem,
1759 909 1900 952 repente
1913 900 1957 937 ad
1976 900 2127 938 lamenta

1167 970 1201 999 et
1214 961 1366 1014 ejulatus
1385 961 1587 1014 compulit?
1604 962 1683 999 Non
1699 961 1847 1014 perinde
1862 963 1973 999 miron
1990 963 2128 999 Mosem

1168 1023 1266 1074 quod
1286 1037 1305 1061 e
1327 1037 1414 1061 saxo
1441 1033 1624 1076 praerupto
1653 1024 1765 1061 fontes
1788 1023 1912 1061 elicuit
1935 1038 2125 1074 aquarum,
2143 1032 2310 1067 E101.17.

1167 1096 1207 1124 ut
1236 1086 1395 1125 admiror
1427 1085 1615 1135 Davidem,
1642 1085 1740 1137 quod
1770 1100 1815 1124 ex
1845 1085 1957 1124 oculis
1975 1078 2161 1138 lipideis‘J
2167 1095 2173 1101 “

62 1148 123 1200 μὲν
141 1147 209 1221 γὰρ
224 1147 287 1193 τὴν
304 1147 404 1200 φύσιν
420 1147 590 1194 ἐνίκϊσεν,
607 1141 704 1191 οὗτος
724 1147 759 1186 δὲ
777 1151 839 1194 τῆς
859 1147 1096 1201 προαιρέσεως
1106 1178 1153 1203 779
1166 1149 1278 1187 sontes
1293 1148 1458 1186 eduxeiit
1474 1148 1729 1202 lacrymatum
1744 1147 1885 1185 Etenim
1903 1148 1961 1185 ille
1981 1148 2127 1199 quidem

59 1208 300 1261 περιεγένετο·
332 1211 459 1252 ἐκεῖνος
487 1208 638 1253 ἐπάταξε
671 1209 863 1261 τῆράὃδυ
891 1210 949 1248 τὸν
982 1209 1092 1258 λίθον,
1118 1216 1143 1244 Α
1166 1209 1253 1248 vicit
1275 1219 1456 1259 naturam,
1477 1219 1515 1247 at
1540 1209 1598 1247 hic
1620 1208 1706 1249 vicit
1731 1209 1843 1247 animi
1872 1209 2095 1261 propositum
2117 1225 2124 1244 2

61 1025 123 1079 γὰς
140 1025 306 1077 ἐξήγαγεν
327 1025 475 1071 ἱδάτων,
500 1027 547 1068 ὡς
566 1023 732 1075 θαυμάζω
748 1025 807 1063 τὸν
834 1024 956 1068 Δαυὶδ,
980 1024 1035 1064 ὅτι
1060 1024 1096 1069 ἐξ

61 1089 248 1164 ὀφθαλμῶν
268 1085 407 1124 λιΟίνων
431 1085 548 1137 πηγὰς
573 1085 720 1137 ἐξήγαγε
748 1084 921 1138 δακρύων.
942 1088 1096 1130 Ἐκεῖνος

60 1274 157 1315 οὗτος
177 1269 320 1321 ἔκρουσε
340 1273 390 1324 τῷ
409 1270 503 1322 λόγω
523 1269 586 1316 τὴν
607 1270 769 1323 καροίαν,
789 1273 853 1323 οὐχ
866 1271 922 1309 ι’να
937 1271 1093 1323 λυπήσῃ,

60 1331 212 1371 ἀλλ’ἵνα
230 1331 387 1383 καθαρὰν
412 1331 606 1383 ἐργάσηται
627 1347 688 1370 και
707 1335 890 1384 προσηνῆ·
917 1332 1003 1387 ὅπερ
1034 1336 1092 1371 οὖν

60 1409 119 1432 και
148 1391 313 1439 ἐποίησε,
343 1391 484 1443 μείζονα
502 1394 566 1438 τ’ἧς
584 1392 757 1446 προτέρας
784 1393 982 1445 εὐεργεσίας
1013 1397 1092 1433 ἐπι-

60 1454 269 1505 δειξάμενος.
295 1453 464 1492 Ἰἰπαίνου
484 1453 546 1504 μὲν
573 1453 665 1497 ἄξιον
683 1454 743 1492 καὶ
760 1454 923 1506 μεγίστου
953 1455 1092 1506 θαύμα-

58 1532 115 1561 τος
134 1515 194 1555 καὶ
209 1515 250 1554 τὸ
272 1514 320 1566 μὴ
344 1514 516 1566 βαπτίσαι
534 1514 574 1552 τὸ
589 1514 699 1567 ξίφος,
721 1515 810 1566 μηδὲ
825 1517 1013 1568 ἀποτεμεῖν
1028 1518 1091 1565 τὴν

58 1580 230 1630 πολεμ)αν
251 1580 290 1616 ἐκ
306 1576 398 1624 είνην
421 1576 576 1629 κεφαλήν
594 1592 602 1600 ·
634 1577 756 1630 πολλῷ
782 1577 817 1615 δὲ
848 1578 1019 1617 πλειόνων
1050 1579 1090 1617 ἂν

61 1640 116 1688 εἴη
145 1639 322 1693 στεφάνων
353 1638 394 1676 τὸ
423 1637 483 1677 καὶ
512 1638 620 1685 αὐτὴν
654 1640 759 1677 αὐτοῦ
788 1640 998 1690 μεταὸαλεῖν
1027 1640 1092 1687 τὴν

60 1701 276 1754 προαίρεσιν,
306 1698 365 1738 καὶ
398 1699 526 1751 βελτίω
553 1703 719 1748 ποιῆσαι,
749 1701 808 1738 καὶ
830 1701 918 1753 πρὸς
945 1701 1008 1749 τὴν
1038 1705 1092 1740 οἷ-

61 1764 158 1803 κείαν
191 1763 292 1802 αὐτὸν
327 1761 539 1801 ’ἐπιείκειαν
571 1762 793 1814 μεταὸαλεῖν.
834 1761 929 1810 Αὕτη
967 1764 1093 1815 μείζων

64 1826 198 1874 ἐκείνης
217 1828 239 1872 ἡ
257 1823 449 1877 εὐεργεσία.
464 1826 518 1863 Οὐ
532 1825 600 1879 γάρ
619 1827 713 1863 ἐστιν
733 1824 804 1863 ἴσον
826 1825 916 1872 ζωὴν
935 1825 1093 1879 χαρίσα-

65 1892 166 1934 σθαι,
196 1887 256 1926 καὶ
285 1889 332 1931 εἷς
359 1886 562 1939 φιλοσοφίαν
590 1888 793 1938 ἐναγαγεῐν·
812 1889 874 1925 οὐκ
900 1886 992 1926 ἔστιν
1021 1887 1094 1926 ἴσον

66 1950 264 1994 ἀπαλλάξαι
275 1953 383 2000 θυμοῦ
393 1948 554 1992 πνέοντος
565 1947 665 2002 φόνον
680 1949 811 1997 ἄδικον,
825 1948 999 1993 ἐξελέσθαι
1011 1965 1097 2002 σιρα-

66 2013 143 2063 γῆς,
158 2010 218 2050 καὶ
232 2010 406 2056 ἐξελέσθαι
415 2010 663 2064 παραπληξίας
675 2010 732 2049 ἐπὶ
743 2014 902 2049 τοσοῦτον
914 2009 1097 2058 ὃδευούσης

67 2072 187 2111 κακόν.
201 2070 295 2115 Τοὺς
311 2071 372 2122 μὲν
397 2071 467 2124 γὰρ
484 2071 689 2124 δορυφόρους
704 2070 865 2115 κωλύσας
885 2071 988 2110 αὐτὸν
1013 2074 1096 2110 ἀνε-

66 2135 151 2179 λεῖν,
171 2133 264 2172 κατὰ
283 2133 341 2172 τὸν
360 2133 518 2186 παρόντα
539 2132 612 2184 βίον
634 2135 772 2186 ὠφελεῖ·
791 2132 855 2180 τὴν
874 2132 910 2172 δὲ
927 2133 1096 2185 πονηρίαν

65 2198 130 2242 τῆς
148 2197 263 2247 ψυχῆς
282 2193 442 2233 ἐκὸαλὼν
460 2194 516 2233 διὰ
534 2197 596 2241 τῆς
619 2196 687 2232 τῶν
710 2193 877 2247 ῥημάτων
894 2194 1096 2241 ἐπιεικείας,

66 2255 130 2304 τὴν
151 2256 347 2308 μέλλουσαν
367 2259 461 2309 αὐτῷ
487 2255 577 2303 ζωὴν
598 2256 790 2308 ἐχαρίσατο
808 2256 866 2294 καὶ
885 2255 930 2293 τὰ
949 2256 1099 2304 ἀκίνητα

68 2318 196 2370 ἀγαθὰ,
211 2318 252 2357 τό
265 2334 305 2369 γε
320 2319 368 2361 εἷς
387 2317 488 2356 αὐτὸν
503 2312 603 2364 ἧκον.
620 2316 736 2355 ζΌταν
755 2311 813 2355 οὖν
835 2318 936 2356 αὐτὸν
954 2318 1098 2357 ἐπαινέ-

69 2395 133 2431 σῃς
147 2379 204 2418 διὰ
216 2379 279 2426 τὴν
294 2379 422 2418 οἰκείαν
442 2378 638 2431 πραότητα,
655 2379 819 2430 μειζόνως
835 2380 936 2418 αὐτὸν
957 2379 1098 2431 θαύμα-

69 2455 128 2479 σον
150 2439 208 2478 διὰ
225 2440 288 2487 τὴν
308 2444 369 2478 τοῦ
391 2439 508 2479 ...αοὺλ
528 2440 739 2491 μεταὸολήν.
761 2443 794 2480 Τ
797 2446 834 2480 οῦ
855 2441 925 2495 γὰρ
948 2445 1019 2480 τῶν
1044 2444 1099 2481 οἶ-

69 2501 172 2540 κείων
194 2504 369 2553 κρατῆσαι
388 2503 522 2547 παθῶν,
545 2501 634 2540 πολὺ
653 2501 757 2540 πλέον
784 2503 859 2541 ἐστὶ
888 2503 929 2542 τὸ
956 2504 1016 2541 καὶ
1037 2506 1100 2550 τῆς

70 2563 196 2615 ἑτέρων
214 2561 455 2615 περιγενέσθαι
482 2562 628 2612 μανίας,
649 2562 709 2601 καὶ
731 2564 1011 2616 φλεγμαίνουσαν
1032 2581 1093 2604 κα·
1119 2567 1143 2598 C

68 2626 249 2664 ταστεῖλαι
261 2624 420 2676 καρδίαν,
438 2623 497 2662 καὶ
514 2624 684 2671 τοσαύτην
705 2625 859 2677 γαλήνην
886 2626 956 2665 ἀπὸ
975 2627 1099 2667 τοσαύ-

67 2701 131 2733 της
144 2685 358 2738 ἐργάσασθαι
372 2684 489 2732 ζάλης,
506 2685 565 2723 καὶ
579 2686 776 2737 ὀφθαλμοὺς
790 2686 890 2739 φόνον
908 2689 1100 2739 βλέποντας

70 2745 227 2797 δακρύων
244 2747 424 2796 ἐμπλῆσαι
440 2749 589 2798 Οερμῶν.
606 2746 678 2785 Καὶ
694 2747 794 2786 τοῦτό
809 2751 914 2798 ἐστιν,
931 2749 949 2788 ὃ
967 2753 1099 2798 πολλῆς

69 2806 269 2854 ἐκπλήξεως
294 2806 394 2858 γεἰιει
413 2807 474 2846 καὶ
494 2807 682 2859 Θαύματος.
701 2809 771 2848 Και
794 2810 862 2864 γὰρ
889 2813 918 2849 εἷ
947 2829 1010 2863 μεν
1029 2829 1097 2851 των

69 2870 232 2908 ἐπιεικῶν
248 2866 308 2905 καὶ
327 2867 476 2918 μετρίων
490 2868 714 2920 ἂνθρώπων’
697 2886 739 2917 ην
755 2873 772 2908 ὁ
788 2870 987 2920 Σαοὺλ,οὐ
1008 2873 1099 2925 μέγα

69 2933 112 2976 ἠν
132 2928 265 2980 σφόδρα
284 2928 518 2978 ἐπαναγαγεῖν
540 2930 640 2968 αὐτὸν
667 2930 753 2984 πρὸς
773 2948 836 2978 την
863 2934 992 2971 οἰκείαν
1016 2935 1098 3005 ἀρε-

68 2990 154 3037 τήν·
175 2990 215 3027 τὸ
237 2990 264 3026 δ’
288 2988 582 3062 ἐκτεθηριωμένον
607 2990 667 3027 καὶ
688 3007 773 3042 προς
795 2994 949 3045 ἐσγατην
971 2994 1098 3032 κακίαν

70 3050 308 3097 ἐξοκείλαντα,
342 3065 402 3088 και
428 3065 554 3102 προς
537 3065 579 3088 σ
562 3067 674 3102 ,aa-(vv
695 3053 968 3105 ἐπειγόμενον,
953 3072 987 3093 εν
1008 3059 1099 3107 βρα-

69 3111 151 3166 χεία
174 3115 296 3163 καιροῦ
324 3114 414 3163 ῥοτιῃ
438 3127 709 3164 παρασκευασαι
731 3121 848 3152 πᾶσαν
870 3115 933 3163 τὶν
953 3116 1097 3169 πικρίαν

71 3172 193 3212 ceiam
215 3172 363 3219 ἐκείνην,
386 3171 462 3209 τίνα
485 3175 546 3210 οὐκ
572 3173 612 3210 ἂν
630 3173 841 3227 ἀποκρύψειε
865 3179 934 3214 τῶν
953 3177 1097 3216 πώποτε

71 3233 129 3272 ἐπὶ
146 3233 354 3272 διοασκαλία
373 3233 575 3286 ὀιλοσοοίας
603 3236 641 3284 βε
645 3233 844 3284 Εοτμένωνς
866 3237 934 3276 Και
960 3254 1001 3276 συ
1021 3239 1095 3277 τοί-

1166 1271 1226 1309 ille
1245 1272 1348 1324 virga
1361 1272 1536 1324 percussit
1550 1271 1722 1323 lapidem,
1740 1271 1799 1310 hic
1814 1285 1976 1308 sermone
1989 1271 2127 1323 pepulit

1165 1348 1240 1381 cor,
1263 1347 1334 1371 non
1356 1342 1394 1370 ut
1415 1333 1653 1383 contristaret,
1673 1331 1735 1371 scd
1755 1342 1793 1370 ut
1813 1347 1944 1384 purum
1964 1346 2126 1370 mansue-

1166 1403 1312 1445 tumque
1342 1393 1505 1432 reddcret
1521 1410 1532 1443 ;
1553 1393 1649 1445 quod
1679 1395 1785 1432 etiam
1812 1393 1959 1446 perfecit
1994 1394 2127 1445 majore

1164 1455 1338 1494 beneficio
1354 1469 1473 1507 regem
1489 1455 1649 1494 afficiens
1665 1470 1772 1506 quain
1790 1465 1889 1494 antea
1906 1456 2046 1494 fecerat.
2065 1455 2128 1493 Est

1165 1516 1314 1568 quidem
1340 1516 1432 1555 illud
1461 1516 1569 1555 laude
1590 1531 1802 1568 summaque
1820 1516 2056 1555 admiratione
2071 1517 2126 1555 di-

1165 1592 1289 1631 gnum,
1310 1579 1406 1630 quod
1429 1593 1547 1617 ensem
1576 1593 1645 1617 non
1677 1579 1824 1617 tinxerit
1852 1580 2040 1631 sanguine,
2064 1593 2127 1617 nec

1165 1648 1272 1691 caput
1298 1639 1393 1678 illud
1410 1641 1540 1678 hostile
1566 1641 1774 1678 resecuerit:
1791 1641 1853 1679 sed
1874 1641 1977 1692 longe
1994 1641 2127 1693 majore

1165 1714 1292 1739 corona
1306 1701 1564 1753 dignumerat,
1583 1701 1682 1752 quod
1702 1702 1819 1754 ipsum
1840 1702 1975 1740 inimici
1995 1716 2124 1754 propo-

1166 1762 1272 1800 situm
1295 1763 1522 1812 immutavit,
1545 1777 1699 1814 eumque
1726 1763 1884 1801 reddidit
1915 1764 2122 1814 meliorem,

1165 1837 1317 1875 eumque
1344 1823 1392 1861 ad
1421 1838 1523 1862 suam
1542 1825 1618 1877 ipse
1645 1825 1819 1864 convertit
1848 1825 2121 1863 humanitatem.

1167 1885 1245 1924 Hoc
1263 1885 1478 1924 beneficium
1493 1886 1554 1924 illo
1570 1887 1796 1939 praestantius
1808 1897 1870 1925 est.
1889 1888 2013 1938 Neque
2032 1888 2126 1926 enirn

1166 1946 1268 2000 paria
1287 1956 1386 1998 sunt,
1407 1947 1608 1987 condonare
1625 1948 1782 2002 culpam,
1799 1959 1833 1988 et
1852 1949 1899 1987 ad
1917 1950 2027 1988 animi
2042 1951 2128 2003 phi-

1168 2008 1369 2062 losophiam
1393 2009 1590 2058 adducere3
1621 2025 1691 2049 non
1724 2021 1806 2050 sunt
1832 2011 1947 2065 paria,
1977 2012 2129 2051 liberare

1167 2071 1214 2109 ab
1248 2070 1300 2108 ira
1329 2071 1462 2110 caedem
1498 2072 1667 2124 injustam
1703 2073 1858 2125 spirante
1874 2103 1886 2123 ‚
1921 2075 2077 2112 eximere
2108 2088 2127 2112 a

1169 2132 1279 2184 eaede,
1298 2143 1331 2172 et
1349 2133 1506 2172 eximere
1521 2147 1541 2171 a
1558 2135 1678 2172 furore
1698 2134 1744 2172 ad
1763 2144 1901 2173 tantum
1918 2145 2130 2188 properante

1169 2195 1276 2232 nefas.
1299 2195 1397 2232 Dum
1417 2195 1512 2233 enim
1528 2195 1697 2234 satellites
1716 2211 1799 2235 suos
1813 2197 1933 2235 David
1948 2197 2126 2247 cohibuit,

1169 2270 1212 2295 ne
1242 2256 1388 2295 Saiilem
1422 2250 1637 2307 occiderent,
1669 2259 1833 2310 praesenti
1868 2259 2015 2310 quidem
2046 2260 2130 2297 vita:

1168 2317 1305 2371 profuit
1327 2334 1337 2356 :
1359 2327 1397 2356 at
1427 2332 1510 2356 cum
1545 2319 1693 2357 mitibus
1729 2320 1850 2358 verbis
1883 2320 2058 2358 malitiam
2086 2336 2131 2359 ex

1169 2379 1289 2417 animo
1323 2380 1486 2433 depellit,
1516 2381 1675 2419 futuram
1707 2381 1761 2419 illi
1789 2383 1903 2420 vitam
1932 2392 2133 2435 aeternaque

1169 2441 1322 2494 largitus
1335 2451 1385 2480 est
1401 2443 1511 2491 bona,
1529 2452 1701 2494 quantum
1721 2444 1866 2495 quidem
1885 2454 1960 2482 erat
1981 2445 2016 2482 in
2035 2445 2127 2497 ipso.

1171 2503 1321 2550 Quoties
1340 2503 1451 2555 igitur
1469 2503 1651 2542 Davidem
1679 2504 1805 2542 laudas
1824 2505 1870 2543 ol)
1892 2506 2004 2558 ipsius
2028 2521 2127 2544 man·

1169 2563 1407 2608 suetudinem,
1435 2565 1548 2616 magis
1576 2565 1680 2602 illum
1706 2565 1833 2614 lauda,
1860 2566 1956 2617 quod
1984 2568 2129 2606 Saulem

1170 2625 1384 2663 immutarit.
1411 2625 1599 2676 Siquidem
1628 2627 1741 2665 multo
1760 2627 1878 2666 minus
1902 2638 1953 2667 est
1976 2631 2130 2682 propriis

1169 2696 1366 2737 temperare
1385 2687 1658 2740 cupiditatibus,
1684 2703 1791 2739 quam
1812 2690 1969 2728 alienum
1987 2693 2130 2730 vincere

1168 2749 1339 2795 furorem,
1359 2763 1466 2799 quam
1486 2763 1547 2787 cor
1564 2750 1616 2787 ira
1637 2750 1872 2790 intumescens
1890 2767 2124 2805 compescere,

1170 2823 1257 2861 eque
1274 2819 1369 2848 tanta
1384 2819 1590 2863 tempestate
1607 2821 1740 2850 tantam
1761 2814 1873 2851 facere
1889 2815 2129 2865 tranquillita-

1170 2879 1255 2918 tem,
1277 2885 1386 2921 quam
1405 2872 1526 2909 oculos
1557 2872 1789 2911 homicidium
1820 2889 1892 2926 prae
1916 2890 1953 2913 se
1980 2867 2128 2914 ferentes

1171 2931 1296 2971 calidis
1315 2932 1462 2984 implere
1480 2933 1663 2986 lacrymis.
1688 2938 1804 2986 Atque
1818 2937 1885 2974 hoc
1904 2946 1954 2975 est
1970 2939 2128 2990 stuporis

1167 3008 1208 3031 ac
1243 2993 1407 3031 miraculi
1441 2994 1599 3046 plenum.
1643 2995 1784 3034 Etenim
1819 2997 1848 3035 si
1886 2999 1972 3036 Saul
2004 2999 2123 3037 suisset

1167 3055 1274 3093 honio
1303 3054 1505 3093 moderatus
1525 3065 1557 3093 et
1580 3071 1716 3108 zrquus,
1741 3072 1807 3097 non
1834 3059 2028 3097 admodum
2047 3075 2121 3097 ina-

1167 3117 1227 3168 gni
1247 3126 1322 3154 erat
1341 3117 1472 3167 negotii
1492 3117 1537 3155 asl
1557 3118 1697 3157 solitam
1723 3135 1804 3158 cum
1826 3136 1991 3159 revocare
2011 3122 2123 3158 virtu-

1168 3188 1263 3215 tem:
1287 3187 1322 3215 at
1345 3179 1530 3216 csftratum
1559 3189 1591 3217 et
1618 3180 1663 3218 ad
1691 3191 1885 3219 extremam
1914 3190 2122 3233 prcus-atum

1167 3238 1290 3275 maliti.¹
1283 3253 1357 3287 nn,
1376 3239 1523 3290 jamque
1541 3240 1584 3278 ad
1603 3240 1733 3279 credent
1755 3252 2000 3294 p1···op(1;·nnt‹n¹
2021 3243 2121 3279 lumi

71 3310 142 3341 νυν,
163 3293 245 3332 ὅταν
267 3293 379 3346 λάὸῃς
400 3309 459 3333 τον
481 3295 615 3347 ἐχθρὸν,
640 3295 689 3346 μὴ
717 3300 818 3336 τοῦτο
839 3298 981 3348 σκόπει,
1003 3299 1096 3343 ὅπως
1120 3310 1144 3340 υ
1165 3299 1335 3350 temporis
1353 3310 1532 3339 momento
1559 3301 1610 3340 sic
1629 3303 1787 3350 amem-,e
1806 3313 1842 3340 ut
1864 3318 2001 3341 omnem
2024 3304 2121 3342 illam

119 3419 131 3433 ²
155 3419 322 3448 Ἐπιείκειαν
337 3424 518 3459 μεταγαγεῖν
534 3417 614 3461 neg.
634 3431 727 3451 unus.
