2516 3791
83 1307 265 1344 ,Ρνον.27.6.

79 1793 174 1821 Ει·([ι’.
189 1791 261 1823 3.8.

76 1912 263 1951 Ε(“(·ἶι”.;“.30.

79 2653 102 2678 Ι]
113 2652 180 2677 rml.
213 2660 263 2680 21.

77 2769 180 2797 lss'sod.
199 2779 248 2800 20.

86 2819 130 2838 12.

294 154 383 218 768
763 171 801 200 s.

292 253 472 293 coenaculo
489 252 654 305 quedam.
675 252 785 290 Nemo
801 261 917 289 tamen
947 239 1138 287 arbitretur
1165 262 1236 286 me-

290 317 410 369 ipsum
419 315 510 355 velle
525 328 580 352 me
597 328 677 352 cum
691 313 801 350 Paulo
818 324 1037 362 comparare,
1056 324 1125 347 non
1144 309 1238 347 enim

290 377 379 415 adeo
401 391 479 415 sum
505 377 664 423 insanus,
684 373 747 411 sed
770 381 808 409 ut
838 371 1045 422 intelligatis
1064 379 1239 421 quantum

290 439 399 477 studii
414 453 478 477 vos
493 446 650 490 oporteat
663 436 708 474 ad
725 433 944 472 audiendum
962 432 1143 470 adhibere.
1155 432 1238 469 Dis—

290 500 426 537 serebat
440 513 522 550 ergo
542 497 674 536 Paulus
693 496 729 532 in
751 494 942 543 coenaculo,
965 502 999 532 et
1016 507 1178 546 vespera,
1200 502 1238 530 ut

288 575 382 598 nune
400 560 518 607 etiam,
537 557 675 606 incidit,
699 565 866 606 erantque
884 555 1036 594 lucernae
1066 554 1103 592 in
1125 569 1238 592 coena-

289 622 369 660 culo
387 637 395 658 t
415 620 543 658 deinde
565 618 691 657 cecidit
708 617 900 669 Eutychus
917 615 962 654 de
991 616 1154 666 fenestra,
1177 628 1237 655 ne-

287 696 356 732 que
373 689 585 719 conventum
601 693 704 717 casus
720 678 781 716 ille
796 677 978 727 dissolvit,
1009 691 1121 728 neque
1142 690 1236 715 mors
1262 683 1284 711 F.

287 743 464 780 theatrum
499 741 667 779 sustulit:
696 753 822 778 verum
848 738 897 776 ita
926 737 1061 778 divinis
1089 737 1236 789 eloquiis

286 802 473 842 audiendis
488 802 592 841 affixi
610 810 721 851 erant,
735 809 775 838 ut
790 813 902 851 neque
916 814 1017 838 casus
1039 799 1137 837 illius
1159 812 1235 837 sen-

285 879 363 903 sum
380 866 495 903 ullum
511 864 667 916 ceperint
682 879 689 899 :
704 877 770 901 vos
801 875 886 902 vero
913 862 1013 900 nulla
1040 860 1180 899 insolita
1199 874 1235 898 re

284 935 470 978 conspecta
489 926 549 965 vel
565 926 670 976 mira,
682 924 744 963 sed
764 923 907 962 homine
919 931 1073 969 tantum,
1091 922 1151 972 qui
1171 936 1209 959 so
1225 944 1233 948 -

282 989 388 1027 litum
401 986 639 1025 ministerium
657 986 794 1037 obibat,
816 985 902 1023 illuc
919 983 1040 1022 oculos
1060 982 1232 1021 converti-

284 1053 358 1090 stis.
383 1051 429 1089 Et
455 1065 524 1102 qua
541 1048 684 1087 tandem
700 1048 803 1087 venia
832 1047 984 1099 dignum
1009 1046 1078 1083 hoe
1099 1043 1233 1082 fuerit?

283 1115 395 1151 Nemo
419 1112 544 1164 igitur,
563 1110 798 1159 dilectissimi,
821 1107 1126 1163 reprehensionem
1156 1120 1231 1144 mo-

281 1175 406 1212 lestam
422 1183 454 1211 et
487 1187 631 1225 gravem
655 1171 872 1211 arbitretur:
896 1184 1008 1221 neque
1034 1168 1128 1206 enim
1149 1167 1232 1207 odio

838 168 1016 200 JOANNIS
1050 167 1298 196 CHRYSOST.

1335 167 1522 197 ARCHIEP
1530 188 1539 198 .
1577 169 1772 199 CONSTAN
1779 169 1908 199 TINOP
1916 189 1925 198 .

1312 249 1392 300 περὶ
1421 249 1482 296 τὴν
1508 251 1683 303 ἀκρόασιν
1702 252 1854 298 σπουδὴν
1882 253 2137 291 ἐπιδείκνυσθαι
2157 254 2236 305 χρή.
2254 255 2333 292 Διε-

1311 309 1431 360 λέγετο
1449 310 1561 349 τοίνυν
1577 314 1593 349 ὁ
1608 313 1748 356 Παῦλος
1767 316 1800 352 ἐν
1829 313 1990 367 ὑπερῴῳ,
2006 314 2066 352 καὶ
2085 315 2215 367 ἑσπέρα
2230 315 2334 353 κατέ·

1312 371 1410 418 mee,
1436 372 1593 426 καθάπερ
1618 373 1678 411 καὶ
1714 378 1786 422 ν’ῦν,
1814 375 1874 412 καὶ
1903 375 2083 426 λαμπάδες
2109 370 2198 422 ἦσαν
2224 378 2258 414 ἐν
2283 379 2334 425 τῷ

1312 432 1478 485 ὑπερῴῳ·
1497 427 1571 472 εἶτα
1605 437 1622 471 ὁ
1654 435 1809 487 Εὔτυχος
1831 436 1900 474 ἀπὸ
1919 439 1980 482 τ’ῆς
2003 436 2134 488 θυρίδος
2150 437 2333 483 κατέπεσε,

1311 492 1370 530 καὶ
1391 495 1428 532 οὐ
1449 494 1583 533 διέλυσε
1598 496 1639 533 τὸ
1657 499 1788 546 πτῶμα
1806 496 1863 534 τὸν
1881 495 2056 545 σύλλογον,
2076 497 2151 535 οὐδὲ
2167 497 2335 543 ἀνέστησε

1309 552 1350 590 τὸ
1377 554 1519 609 θέατρον
1539 559 1556 593 ὃ
1575 556 1735 600 Θάνατος·
1759 558 1834 595 ἀλλ’
1854 556 1959 600 οὕτως
1979 551 2068 603 ἦσαν
2097 557 2334 610 προσηλωμέ-

1310 630 1360 652 νοι
1375 618 1418 666 τῇ
1435 619 1503 654 τῶν
1519 616 1616 655 θείων
1630 618 1796 670 ἀκροάσει
1809 617 2010 670 λογίων,γὼς
2022 618 2110 669 μηδὲ
2125 620 2334 665 αἰσθηθῆναι

1311 681 1371 715 τοῦ
1394 677 1582 728 πτώματος
1596 695 1603 702 ·
1633 681 1730 730 ὑμεῖς
1760 678 1795 718 δὲ
1828 678 1924 718 οὐδὲν
1960 678 2050 722 ξένον
2085 679 2211 722 ἰδόντες
2223 708 2233 727 ,
2256 678 2331 718 οὐδὲ

1311 738 1515 790 παράδοξον,
1537 741 1614 778 ἀλλ’
1633 740 1813 792 ἄνθρωπον
1837 740 1882 779 τὰ
1901 740 2030 787 συνήθη
2059 743 2244 787 ποιοῦντα,
2271 739 2333 783 τὰς

1310 798 1404 850 ὄψεις
1418 801 1489 838 ἐκεῖ
1508 800 1734 851 μετεθήκατε.
1748 801 1819 839 Καὶ
1828 801 1930 846 ποίας
1943 801 1982 839 ἂν
2001 801 2053 848 εἴη
2065 806 2165 840 τοῦτο
2180 801 2331 854 συγγνώ-

1312 876 1380 909 μης
1398 860 1513 908 ἅξιον;
1536 863 1671 908 Μηδεὶς
1695 862 1822 910 τοίνυν,
1843 863 2040 914 ἀγαπητοὶ,
2062 863 2228 914 φορτικήν
2253 879 2330 900 τινα

1309 922 1371 968 τὴν
1404 924 1605 974 ἐπιτίμησιν
1634 924 1823 974 νομιζέτω·
1853 927 1890 963 οὐ
1921 925 1989 977 γὰρ
2018 928 2216 975 μισοῦντες,
2240 925 2330 963 ἀλλὰ

1309 983 1495 1034 κηδόμενοι
1515 987 1740 1037 ἐγκαλοῦμεν.
1762 985 2041 1038 Ἀξιοπιστότερα
2060 985 2129 1038 γὰρ
2146 985 2330 1038 τραύματα

1309 1044 1430 1096 φίλων,
1447 1044 1468 1092 ἢ
1490 1045 1629 1084 ἑκούσια
1648 1046 1832 1098 φιλήματα
1855 1048 2001 1098 ἐχθρῶν.
2022 1046 2240 1093 Διανάστ-ητε
2260 1046 2330 1084 τοί·

1306 1122 1377 1154 νυν,
1398 1108 1611 1160 παρακαλῶ,
1629 1107 1804 1145 καὶτοῦτο
1830 1106 1971 1158 ἀφέντες
1998 1107 2038 1145 τὸ
2053 1110 2122 1159 πῦρ
2137 1137 2147 1155 ,
2162 1109 2212 1159 τῷ
2240 1107 2329 1159 φωτὶ

1306 1167 1496 1221 προσέχετε
1514 1171 1582 1206 τῶν
1606 1167 1705 1206 θείων
1726 1170 1888 1222 Γραφῶν.
1904 1167 2052 1222 ἽΞτερον
2078 1168 2145 1221 γὰρ
2165 1171 2246 1219 ὑμῖν
2268 1169 2329 1220 ἀρ-

282 1235 443 1288 impulsi‚
466 1234 525 1273 sed
554 1232 793 1272 sollicitudine
828 1232 967 1270 inducti
1002 1229 1231 1284 reprehendi-
1245 1256 1292 1280 503
1305 1233 1372 1281 χῆς
1395 1229 1565 1281 βούλομαι
1579 1230 1706 1283 τρόπον
1727 1233 1847 1278 εἰπεῖν,
1867 1232 1929 1269 οὐκ
1948 1230 2018 1268 ἀπὸ
2045 1229 2218 1283 ἁμαρτίας
2238 1232 2328 1281 λαμ-

281 1311 371 1335 mus.
401 1298 602 1335 Fideliora
622 1295 754 1347 quippe
776 1302 863 1333 sunt
893 1296 1104 1332 amicorum
1138 1293 1228 1330 vul·
1257 1294 1281 1322 Α

282 1371 390 1405 nera,
413 1372 531 1410 quam
554 1365 769 1408 spontanea
800 1355 933 1393 oscula
969 1356 1226 1393 inimicorum.

279 1419 461 1457 Attendite
490 1418 615 1470 igitur,
638 1431 770 1468 quaeso,
790 1424 824 1454 et
846 1416 913 1456 hoc
940 1415 1021 1467 igne
1042 1414 1165 1452 relicto
1183 1415 1228 1452 ad

279 1494 460 1518 sacrarum
475 1479 744 1531 Scripturarum
762 1477 883 1519 lumen
902 1477 1062 1514 animum
1078 1476 1229 1515 adhibe-

278 1551 325 1579 te.
341 1541 458 1579 Alium
475 1540 569 1579 enim
585 1538 806 1591 principatus
818 1536 966 1575 modum
980 1537 1087 1576 statui
1101 1537 1227 1586 dicere,

276 1602 339 1653 qui
354 1616 423 1640 non
439 1616 458 1640 a
475 1609 631 1654 peccato,
651 1599 713 1637 sed
728 1613 749 1636 a
776 1607 902 1636 natura
922 1597 999 1650 ipsa
1028 1598 1140 1638 traxit
1158 1598 1228 1636 ori-

277 1663 406 1715 ginem.
427 1663 519 1710 Quis
549 1662 610 1700 ille
625 1674 731 1714 porro
748 1669 799 1698 est
814 1660 831 1697 Ρ
849 1660 1043 1697 Parentum
1070 1659 1107 1697 in
1138 1658 1228 1698 lihe-

276 1739 346 1762 ros.
370 1725 435 1763 Est
457 1724 551 1763 enim
585 1721 820 1762 remuneratio
847 1729 971 1774 partus
1001 1720 1115 1759 honor
1145 1720 1224 1758 iste.

278 1788 464 1839 Propterea
481 1785 619 1839 sapiens
638 1784 815 1836 quispiam
827 1781 917 1820 dicit
933 1798 942 1818 ε
964 1783 1088 1833 Quasi
1106 1783 1226 1820 domi-

279 1851 338 1887 nis
356 1852 456 1887 servi
475 1851 535 1894 iis>
555 1849 622 1900 qui
637 1855 672 1886 te
684 1853 913 1900 genuerunt.
928 1842 1067 1882 Deinde
1084 1857 1227 1881 causam

277 1910 400 1963 adjicit
417 1909 539 1948 dicens
556 1925 564 1946 :
586 1909 689 1960 Quid
706 1911 808 1946 enim
824 1909 1009 1945 retribues
1020 1906 1115 1953 illis,
1134 1917 1226 1958 quo-

278 1973 391 2009 modo
413 1972 476 2009 illi
492 1973 562 2009 tibi
578 1974 594 2007 P
610 1969 769 2007 Tametsi
789 1968 878 2019 quid
891 1967 1034 2006 tandem
1050 1975 1113 2014 est,
1130 1966 1227 2017 quod

277 2033 375 2071 filius
405 2032 499 2086 patri
531 2031 726 2069 retribuere
760 2044 830 2068 non
856 2029 998 2082 possit?
1024 2028 1125 2067 Nihil
1144 2041 1228 2081 ergo

278 2093 377 2131 aliud
391 2102 518 2145 praeter
538 2092 606 2130 hoe
625 2091 714 2130 dicit
732 2107 739 2127 t
758 2091 810 2130 Ut
824 2100 858 2129 te
878 2090 947 2143 ipsi
964 2099 1174 2142 genuerunt,
1189 2098 1228 2128 tu
1256 2096 1277 2125 Β

279 2156 358 2193 illos
378 2155 521 2206 gignere
545 2152 691 2191 minime
717 2152 859 2205 poteris.
880 2151 1034 2198 Quando
1062 2151 1175 2203 igitur
1193 2151 1227 2188 in

278 2217 346 2254 hac
365 2231 403 2254 re
423 2215 496 2253 illis
526 2214 707 2253 inferiores
726 2227 864 2263 sumus,
879 2211 1025 2250 aliunde
1055 2211 1148 2262 illos,
1168 2211 1229 2250 de-

279 2278 362 2316 latis
375 2278 462 2331 ipsis
477 2275 685 2325 honoribus,
707 2288 926 2327 superemus,
948 2287 1018 2312 non
1038 2272 1084 2311 ob
1114 2273 1228 2324 legem

280 2349 413 2377 naturae
431 2347 585 2388 tantum,
602 2335 664 2375 sed
692 2344 772 2373 ante
798 2344 962 2373 naturam
976 2333 1022 2372 ob
1036 2333 1103 2372 Dei
1123 2333 1227 2371 timo-

279 2412 363 2435 rem.
385 2397 545 2436 Multum
572 2394 665 2433 enim
694 2402 856 2447 parentes
874 2407 893 2430 a
911 2393 1032 2430 liberis
1061 2392 1226 2431 honorari

278 2458 356 2496 vult
376 2459 473 2495 Deus
489 2474 496 2494 :
514 2466 546 2496 et
564 2457 627 2508 qui
645 2456 713 2494 hoc
728 2454 888 2504 fecerint,
907 2454 1043 2505 maguis
1058 2453 1160 2491 bonis
1174 2467 1227 2491 re-

280 2528 486 2557 muneratur
515 2532 555 2556 ac
573 2518 691 2568 donis,
708 2529 768 2555 eos
786 2530 870 2554 vero
890 2515 950 2565 qui
979 2515 1093 2567 legem
1110 2523 1224 2553 trans-

281 2581 390 2632 gressi
420 2581 565 2626 fuerint,
589 2578 726 2630 magnis
742 2587 776 2616 ct
791 2576 961 2629 gravibus
977 2575 1083 2613 malis
1111 2576 1224 2628 punit.

285 2644 360 2693 Qui
392 2643 666 2686 maledixerit,
692 2638 835 2690 inquit,
851 2640 955 2690 patri
993 2637 1059 2674 vel
1089 2640 1221 2682 matri,

281 2712 401 2741 morte
418 2704 618 2740 moriatur.
641 2701 702 2739 Eis
728 2713 826 2750 vero,
845 2698 905 2750 qui
929 2698 1104 2736 honorant
1131 2697 1225 2745 illos,

280 2764 330 2802 sie
344 2764 412 2801 ait:
427 2765 589 2801 Honora
600 2770 750 2815 patrem
762 2769 869 2799 tuum
884 2769 921 2798 et
931 2768 1093 2797 matrem
1102 2767 1222 2807 tuam,
1251 2774 1274 2803 ρ

277 2836 317 2864 ιιι
341 2829 434 2864 hene
449 2827 499 2863 sit
520 2826 589 2861 tibi
610 2840 620 2860 :
647 2832 683 2861 et
710 2825 783 2861 eris
805 2822 1000 2874 longoevus
1019 2834 1133 2873 super
1154 2829 1224 2859 ter-

276 2902 373 2926 ram.
399 2885 506 2932 Quod
537 2885 734 2922 maximum
771 2897 843 2921 esse
871 2883 1007 2920 honum
1040 2891 1223 2931 censetur,

276 2950 415 2987 beatam
430 2947 561 2985 scilicet
578 2954 804 2995 senectutem,
821 2954 854 2982 et
868 2944 953 2983 vitae
966 2943 1221 2996 prolixitatem,

277 3011 341 3048 hoc
360 3006 742 3061 proposuitprwmium
757 3006 800 3043 iis
813 3005 873 3057 qui
890 3005 984 3057 ipsos
1001 3005 1225 3042 honorarim:

274 3081 305 3108 ot
327 3070 421 3121 quod
450 3082 629 3107 summum
649 3082 721 3105 esse
741 3067 874 3105 malum
891 3066 1049 3112 videtur,
1071 3075 1218 3103 mortem

273 3133 515 3179 immaturam,
534 3129 601 3166 hoc
635 3129 668 3165 in
689 3142 828 3180 poenam
861 3127 1044 3179 proposuit
1077 3127 1133 3173 iis,
1160 3127 1217 3176 qui

273 3191 516 3230 contumeliosi
550 3190 584 3228 in
609 3204 665 3226 eos
697 3189 827 3225 suerint
848 3204 854 3224 :
876 3197 979 3238 atque
1011 3187 1058 3224 ita
1092 3187 1219 3225 horum

271 3254 416 3305 quidem
436 3250 716 3291 benevolentiam
738 3249 803 3286 sibi
822 3249 964 3286 lionoris
991 3249 1217 3300 pollicitatio-

271 3330 312 3352 ne
333 3315 511 3361 conciliat,
531 3313 610 3350 illos
631 3326 713 3349 vcro
740 3311 843 3348 eti-'un
865 3310 994 3348 invitos
1017 3324 1125 3361 [ui-uu)
1148 3311 1216 3348 soi·-

271 3376 402 3415 midine
422 3391 437 3411 n
464 3373 673 3413 contumelia
696 3381 847 3410 revocat,
873 3372 949 3410 Non
975 3371 1089 3410 solum
1122 3371 1213 3410 euim

1307 1291 1456 1330 ὅάνοντα
1474 1292 1537 1338 τὴν
1559 1291 1734 1337 ὑπόθεσιν,
1757 1291 1846 1330 ἀλλὰ
1867 1291 1965 1345 παρὰ
1979 1295 2041 1338 τῆς
2060 1291 2192 1344 φύσεως
2211 1293 2327 1339 αὐτῆς.

1305 1352 1369 1396 Τίς
1396 1349 1453 1391 οἶν
1486 1347 1582 1396 οὗτός
1609 1356 1724 1400 ἔστιν,
1747 1353 1791 1392 Ὁ
1812 1356 1880 1391 τῶν
1910 1353 2079 1390 τεκόντων
2109 1355 2157 1396 εἷς
2188 1352 2326 1404 ἔκγονα.

1305 1414 1451 1453 Ὠδίνων
1471 1414 1539 1466 γάρ
1555 1415 1647 1453 ἐστιν
1670 1414 1800 1466 ἀμοιὸὴ
1824 1417 1844 1460 ἦ
1862 1413 2004 1460 τοιαύτη
2025 1429 2122 1464 τιμη.
2147 1413 2215 1451 Διὰ
2228 1428 2329 1451 τουτο

1304 1475 1364 1512 καί
1391 1492 1442 1519 τις
1474 1475 1575 1527 σοφὸς
1606 1475 1719 1527 λέγει·
1743 1475 1803 1518 Ὡς
1836 1475 2019 1518 δεσπόταις
2047 1473 2228 1512 δου)ευσον
2257 1480 2328 1517 τοῖς

1301 1535 1488 1586 γεννησασί
1507 1551 1557 1574 σε
1575 1530 1664 1574 Εἶτα
1682 1536 1741 1574 καὶ
1763 1535 1825 1583 τὴν
1855 1535 1969 1573 αἰτίαν
1988 1535 2110 1609 ἐπάγει
2126 1534 2257 1586 λέγων·
2279 1534 2327 1574 Τί

1301 1595 1370 1649 γὰρ
1390 1598 1504 1641 αυτοῖς
1532 1597 1810 1645 ἀνταποδώσεις,
1833 1596 1949 1640 καθως
1979 1596 2075 1634 αυτοί
2104 1612 2175 1644 σοι;
2200 1596 2326 1635 Καίτοι

1301 1657 1335 1695 τί
1356 1657 1441 1696 ποτέ
1460 1660 1565 1706 ἐστιν,
1587 1657 1604 1695 ὃ
1628 1657 1676 1708 μὴ
1706 1657 1850 1696 δύναται
1881 1663 1964 1701 παῖς
1985 1658 2172 1696 ἀποδοῦναι
2200 1657 2326 1711 πατρί;

1301 1717 1412 1756 Οὐδὲν
1432 1711 1489 1756 οὖν
1507 1718 1592 1758 ἄλλο
1610 1719 1632 1765 ἢ
1652 1724 1753 1758 τοῦτο
1772 1719 1885 1770 λέγει·
1903 1717 2018 1761 καθὼς
2048 1717 2146 1756 αὐτοί
2174 1735 2211 1757 σε
2225 1718 2324 1769 ε’γέν-

1301 1794 1423 1825 νησαν,
1451 1778 1492 1818 σὺ
1531 1780 1654 1824 αὐτοὺς
1685 1783 1850 1833 γεννῆσαι
1879 1781 1916 1818 οὗ
1951 1779 2094 1831 δυνήσῃ.
2131 1779 2235 1818 Ἐπεὶ
2267 1773 2324 1817 οἶν

1301 1841 1392 1879 κατὰ
1421 1846 1522 1880 τοῦτο
1546 1841 1799 1894 ἠλαττώμεθα,
1824 1842 1990 1894 ἑτέρωθεν
2016 1841 2325 1891 πλεονεκτήσωμεν

1301 1908 1376 1946 ταῖς
1397 1905 1444 1946 εἷς
1463 1902 1584 1947 αὐτοὺς
1598 1910 1738 1952 τιμαῖς,
1760 1903 1809 1953 μὴ
1832 1903 1888 1941 διὰ
1901 1903 1959 1941 τὸν
1986 1904 2048 1948 τῆς
2070 1902 2202 1954 φύσεως
2220 1901 2325 1953 νόμον

1305 1963 1421 2013 μόνον,
1440 1963 1530 2002 ἀλλὰ
1552 1965 1621 2018 πρὸ
1635 1968 1698 2011 τ’ῆς
1718 1964 1853 2017 φύσεως
1873 1964 1929 2003 διὰ
1943 1964 2002 2003 τὸν
2022 1968 2081 2002 τοῦ
2100 1965 2191 2002 Θεοῦ
2206 1962 2323 2015 φόὸον.

1304 2025 1373 2063 Καὶ
1388 2026 1455 2078 γὰρ
1472 2025 1603 2079 σφόδρα
1623 2030 1640 2065 ὁ
1660 2026 1750 2072 Θεὸς
1771 2026 1930 2078 βούλεται
1949 2025 2027 2070 τοὺς
2041 2024 2203 2068 τεκόντας
2221 2031 2325 2076 τιμᾶ-

1303 2090 1384 2125 σθαι
1395 2087 1493 2140 παρὰ
1510 2091 1580 2126 τῶν
1596 2088 1788 2140 τεχθέντων
1799 2104 1806 2110 ·
1828 2087 1888 2126 καὶ
1902 2087 1981 2131 τοὺς
1998 2086 2059 2139 μὲν
2074 2091 2174 2125 τοῦτο
2190 2090 2326 2125 ποιοῦν-

1303 2165 1363 2191 τας
1386 2149 1549 2199 μεγάλοις
1566 2152 1707 2201 ἀγαθοῖς
1726 2149 1786 2187 καὶ
1805 2150 1949 2200 δωρεαῖς
1970 2147 2172 2198 ἀμείὸεται,
2192 2145 2271 2190 τοὺς
2291 2146 2326 2184 δὲ

1302 2209 1583 2261 παραὸαίνοντας
1607 2211 1664 2248 τὸν
1681 2210 1785 2261 νόμον
1807 2210 1970 2260 μεγάλοις
1996 2208 2055 2247 καὶ
2082 2209 2202 2252 δεινοῖς
2222 2208 2327 2247 κολά-

1304 2272 1353 2313 ζει
1372 2275 1503 2314 κακοῖς.
1520 2270 1565 2307 ‘0
1593 2273 1807 2322 κακολογῶν,
1829 2270 1934 2322 φησὶ,
1956 2270 2093 2323 πατέρα
2119 2268 2142 2315 ἢ
2170 2269 2326 2345 μητέρα,

1304 2331 1440 2368 θανάτω
1456 2331 1665 2369 τελευτάτω
1693 2333 1778 2376 Τοῖς
1794 2332 1829 2370 δὲ
1846 2348 1997 2383 τιμωσιν
2014 2330 2136 2374 αὐτους
2150 2331 2239 2368 οὕτω
2252 2332 2325 2375 πώς

1303 2407 1408 2443 φησι·
1427 2391 1474 2429 'l'
1465 2407 1526 2442 ιμα
1542 2392 1598 2430 τὸν
1625 2393 1761 2445 πατέρα
1779 2409 1838 2431 σου
1856 2409 1916 2431 και
1933 2391 1996 2439 τὴν
2014 2391 2150 2444 μητέρα
2170 2407 2255 2440 σου,
2269 2391 2325 2430 ι’να

1303 2457 1337 2491 εὖ
1359 2469 1412 2491 σοι
1433 2471 1469 2505 γε
1456 2453 1594 2500 ζνηται·
1615 2471 1674 2492 και
1706 2454 1767 2506 ἔσῃ
1804 2453 2055 2507 υ.ακρογρόνιος
2076 2452 2133 2491 ἐπὶ
2158 2469 2220 2498 της
2249 2455 2323 2505 γῆς.

1303 2514 1417 2566 ‘'On-ep
1433 2515 1594 2566 μέγιστον
1609 2516 1735 2567 ἀγαθον
1749 2508 1836 2553 εἶναι
1850 2515 2037 2565 νομίζεται,
2053 2517 2162 2567 γ’ῆρας
2177 2514 2323 2567 λιπαρὸν

1302 2576 1360 2613 καὶ
1381 2579 1490 2625 υῆκος
1518 2579 1626 2624 ζωης,
1646 2593 1748 2615 τουτο
1764 2577 1883 2622 ἔθηκεν
1913 2575 2062 2613 ἔπαθλον
2085 2581 2156 2618 τοῖς
2172 2591 2323 2625 τιμωσιν

1303 2638 1443 2681 αὐτούς·
1465 2638 1522 2676 καὶ
1540 2638 1624 2690 ὅπερ
1647 2637 1795 2690 ἔσχατον
1815 2631 1903 2676 εἶναι
1929 2637 2021 2674 δοκεῖ
2040 2636 2160 2684 κακὸν,
2179 2636 2323 2680 θάνατος

1302 2699 1428 2750 ἄωρος,
1446 2702 1545 2736 τοῦτο
1557 2698 1677 2745 ἔθηκεν
1694 2698 1867 2748 ἐπιτίμιον
1892 2704 1962 2741 τοῖς
1984 2696 2179 2748 ὓὸρίζουσιν
2200 2698 2247 2740 εἷς
2264 2699 2323 2735 αὖ-

1300 2761 1394 2804 τούς·
1414 2759 1491 2803 τοὺς
1511 2760 1572 2810 μὲν
1599 2759 1842 2811 ἐπισπώμενος
1857 2761 1904 2802 εἷς
1922 2758 2054 2796 εὔνοιαν
2074 2761 2116 2810 τῇ
2135 2760 2198 2804 τῆς
2217 2762 2323 2809 τιμῆς

1300 2820 1489 2872 ἐπαγγελίᾳ
1502 2852 1510 2868 ,
1533 2821 1610 2865 τοὺς
1630 2821 1664 2859 δὲ
1694 2821 1753 2858 καὶ
1774 2821 1918 2862 ἄκοντας
1941 2819 2086 2870 ἀπάγων
2114 2822 2177 2865 τῆς
2194 2818 2323 2871 ῧὸρεως

1299 2884 1349 2933 τῷ
1368 2885 1428 2928 τῆς
1448 2882 1618 2935 τιμωρίας
1636 2881 1744 2934 φόὸῳ.
1767 2880 1858 2920 Οὐδὲ
1873 2881 1939 2932 γὰρ
1958 2881 2077 2923 ἁπλῶς
2093 2879 2322 2925 ἀποθνήσκειν

1299 2943 1429 2981 κελεύει
1452 2942 1509 2980 τὸν
1525 2943 1755 2995 πατραλοίαν,
1785 2941 1860 2980 οὐδὲ
1887 2940 2030 2991 δημίους
2050 2940 2150 2978 αὐτὸν
2172 2939 2242 2978 ἀπὸ
2261 2943 2321 2978 τοῦ

1297 3005 1520 3056 δικαστηρίου
1547 3004 1716 3047 λαθόντας
1743 3003 1872 3055 ἐξάγειν
1907 3002 1963 3040 διὰ
1995 3004 2057 3047 τῆς
2086 3003 2225 3052 ἀγορᾶς,
2245 3001 2320 3039 οὐδὲ

1297 3067 1358 3108 τῆς
1377 3065 1510 3108 πόλεως
1540 3065 1604 3109 ἔξω
1623 3065 1684 3111 τὴν
1706 3063 1861 3116 κεφαλὴν
1888 3062 2115 3111 ἀποτέμνειν·
2147 3063 2222 3099 ἀλλ’
2246 3061 2320 3112 ἄγει

1297 3125 1358 3176 μὲν
1391 3126 1490 3163 αὐτὸν
1513 3128 1560 3169 εἰς
1585 3125 1695 3177 μέσην
1720 3125 1783 3171 τὴν
1805 3124 1906 3161 πόλιν
1928 3123 2027 3165 αὐτὸς
2056 3124 2073 3159 ὃ
2102 3121 2232 3173 πατὴρ,
2261 3123 2319 3160 καὶ

1295 3187 1400 3238 χωρὶς
1429 3187 1633 3231 ἀποδείξεως
1653 3186 1766 3232 πάσης
1797 3184 2014 3223 πιστεύεται·
2047 3183 2104 3220 καὶ
2139 3182 2234 3232 μάλα
2269 3184 2318 3220 δι-

1295 3248 1411 3290 καίιι.)ς
1425 3248 1503 3284 ’νο
1491 3265 1548 3299 αρ
1562 3265 1618 3285 και,
1636 3247 1780 3300 γρήματ
1785 3264 1805 3284 α
1817 3262 1874 3284 και
1890 3245 2037 3294 σώματα
2051 3244 2110 3281 καὶ
2126 3250 2193 3281 πᾶν
2205 3246 2318 3282 ὃτιουν

1294 3311 1395 3347 ἑλόυκ.
1399 3325 1452 3351 νος
1472 3309 1535 3347 μττὲ
1523 3325 1587 3359 ρ.
1573 3314 1631 3347 τοῦ
1644 3309 1764 3351 παιδὸς
1783 3321 2090 3382 καταραπανησαι,
2106 3320 2166 3342 ουκ
2179 3305 2218 3342 ἅν
2236 3320 2318 3365 ποτε

1793 3367 1888 3417 egil-q
1911 3366 2020 3412 πολλ)
2041 3382 2101 3412 της
2125 3365 2206 3415 nepa
2212 3381 2257 3407 (ις)
2275 3368 2314 3411 ἡ]

1293 3371 1394 3416 7-'1'35‘
1394 3386 1481 3421 ’Φρὺξ
1506 3372 1662 3420 ΤΔἊὟῘΔΥΞ
1667 3385 1741 3408 ΙΟΙΞ
1746 3386 1775 3411 Ι
