2533 3791
741 238 783 268 m
822 237 922 268 Css‘.
962 237 1026 266 111.

153 321 404 377 ἀσχημοσύνην
419 321 736 376 περιὸεὸλημένους
746 352 755 369 ‚
766 321 824 359 καὶ
844 322 907 358 οὐκ
926 319 1076 367 εἰδότας,
1088 325 1101 340 ⁰
1111 318 1131 357 ὅ
1144 335 1178 356 τι

154 385 216 423 καὶ
230 383 422 437 πράξουσι,
444 382 529 434 πρὸς
547 382 587 420 τὸ
610 381 659 432 μὴ
679 380 828 432 γυμνοὺς
843 375 932 418 εἶναι
951 379 1009 418 καὶ
1029 382 1180 431 ἐνασχη-

155 451 288 496 μονεῖν,
325 446 477 497 χιτῶνας
511 443 625 487 αὐτοῖς
656 443 839 495 ἐργάζεται
868 441 1093 494 δερματίνους
1122 440 1181 478 καὶ

154 506 374 559 ἀμφιέννυσι.
391 507 549 543 Τοιαῦτα
568 504 636 557 γὰρ
657 503 702 542 τὰ
721 503 818 554 παρὰ
837 505 897 541 τοῦ
919 502 1080 540 διαὸόλου
1111 518 1180 553 μη-

157 567 349 620 χανήματα
363 582 371 590 ·
388 565 527 605 ἐπειδὰν
546 565 613 617 γὰρ
632 564 715 617 εὕρῃ
729 566 808 607 τοὺς
825 566 920 616 αὐτῷ
936 564 1180 613 πειθομένους,

157 627 215 666 διὰ
233 630 294 674 τῆς
316 626 482 680 βραχείας
498 627 624 672 ἡδονῆς
637 624 890 670 ὑποσκελίσας,
910 624 971 662 καὶ
1001 626 1049 666 εἷς
1079 623 1180 660 αὐτὸν

156 692 219 735 τ’ἥς
238 688 364 733 κακίας
383 689 440 727 τὸν
456 686 560 738 βυθὸν
574 686 591 709 ‘²
603 686 828 738 καταγαγὼν,
843 685 904 723 καὶ
922 685 1040 730 πάσης
1055 683 1181 735 αἰσχύ-

155 766 218 796 νης
250 749 309 788 καὶ
342 748 483 797 ἀτιμίας
511 747 722 801 πληρώσας,
742 746 867 799 ἀφίησι
899 748 1034 784 κεῖσθαι
1061 744 1182 791 κάτω,

154 811 304 849 ἐλεεινὸν
338 810 452 860 θέαμα
481 814 552 851 τοῖς
587 811 726 859 ὁρῶσιν.
747 807 838 845 Ἀλλ’
857 809 875 844 ὁ
904 808 973 844 τῶν
1000 805 1181 857 ἡμετέρων

157 872 280 922 ψυχῶν
311 868 486 919 κηδεμὼν,
500 869 594 921 ,ὁρῶν
626 866 749 910 αὐτοὺς
778 868 814 904 ἐν
833 865 1017 919 ἀμηχανίᾳ
1044 867 1182 917 πολλῇ,

154 930 234 969 οὐδὲ
262 930 352 968 οὕτω
388 931 554 981 περιιδεῖν
587 928 776 980 ἀνέχεται,
795 927 887 966 ἀλλὰ
905 927 1038 974 σκέπην
1069 930 1184 971 αὐτοῖς

1065 236 1229 266 GENES.

1278 234 1441 264 nomn..
1482 235 1607 265 xvut.

2118 240 2203 286 ¹79

1254 318 1347 357 enim
1370 318 1507 369 aliquos
1527 318 1699 356 invenerit
1722 319 1784 369 qui
1805 318 1873 357 sibi
1891 329 2046 371 parcant,
2067 335 2123 358 eos
2144 335 2205 359 νυ-

1253 380 1388 431 luptate
1407 379 1562 430 quadam
1582 379 1721 418 modica
1738 381 1995 432 supplantatos,
2016 390 2049 419 et
2067 382 2101 419 iu
2127 397 2207 434 pro-

1255 440 1407 478 fundum
1430 441 1576 479 malitia}
1596 441 1782 493 projectos,
1811 441 1978 492 omnique
2007 442 2210 480 confusione

1255 510 1290 539 et
1308 501 1502 552 ignominia
1518 502 1650 555 plenos,
1669 504 1786 555 jacere
1807 503 1993 554 relinquit,
2011 503 2213 542 miserabile

1256 562 1424 599 omuibus
1443 563 1505 613 qui
1525 563 1627 601 illuni
1646 563 1769 602 vident
1787 565 2045 617 spectaculum.
2070 567 2115 602 At
2139 565 2213 602 ani-

1258 636 1396 659 marum
1408 633 1605 662 nostrarum
1627 624 1793 674 Curator,
1811 624 1935 663 videns
1955 625 2035 663 illos
2055 625 2090 663 in
2110 626 2216 663 tantis·

1256 682 1546 727 difficultatibus,
1563 685 1597 721 in
1618 684 1685 722 boc
1704 695 1799 723 statu
1819 686 1951 737 positos
1966 700 2035 724 non
2049 686 2216 738 despicit,

1258 742 1318 780 sed
1341 743 1579 781 velamentum
1600 745 1672 781 illis
1697 746 1891 795 excogitat,
1912 761 1975 799 per
2001 756 2138 785 vestem
2161 747 2216 785 vi-

1259 802 1326 841 lem
1359 805 1545 842 ostendens
1577 806 1747 855 qualibus
1777 821 1813 843 se
1834 808 2053 845 vestimentis
2088 808 2217 859 dignos

1258 865 1415 903 fecerint.
1449 867 1503 903 Ec
1527 867 1631 919 fecit
1662 868 1856 905 Dominus
1902 870 2009 907 Deus
2041 870 2144 907 Adoe
2181 879 2218 908 et

1259 925 1373 960 uxori
1397 923 1504 961 illius
1536 933 1664 962 vestes
1689 925 1876 976 pelliceas
1895 934 1932 963 et
1962 928 2088 964 induit
2110 928 2214 965 illos.

1258 983 1369 1033 Vide,
1393 998 1532 1035 quoeso‚
1569 993 1738 1035 quantam
1769 986 1942 1024 sermonis
1976 986 2217 1025 humilitatem
2263 999 2422 1035 onoma„

1259 1044 1362 1082 nobis
1396 1054 1607 1097 attemperat
1637 1045 1764 1084 divina
1795 1046 1992 1099 Scriptura.
2014 1047 2086 1086 Sed
2122 1048 2325 1099 quodv‘'⁸¹“s

2232 1083 2317 1109 licea-z
2328 1093 2422 1119 prin...

1259 1119 1352 1159 saepe
1367 1105 1460 1156 dixi,
1477 1106 1514 1144 id
1529 1115 1563 1144 et
1582 1120 1676 1145 nunc
1696 1106 1777 1145 dico
1802 1123 1811 1146 ε
1831 1108 1950 1146 omnia
1971 1108 2020 1147 ita
2040 1109 2219 1162 intelliga-
2235 1126 2348 1160 pamm
2397 1136 2409 1149 t

153 992 307 1039 ἐπινοεῖ,
340 990 396 1029 διὰ
426 993 490 1035 τῆς
525 988 696 1032 εὐτελείας
732 992 792 1027 τοῦ
823 987 1013 1039 ἐνδύματος
1051 987 1184 1032 δεικνὺς

156 1052 272 1094 αὐτοῖς
291 1050 370 1090 οἵων
391 1049 532 1094 ἑαυτοὺς
557 1049 780 1097 κατέστησαν
815 1049 930 1094 ἀξίους
966 1049 1182 1100 ἐνδυμάτων.

154 1113 229 1151 Καὶ
249 1112 390 1159 ἐποίησε
417 1111 544 1164 Κύριος
573 1115 590 1149 ὁ
606 1111 696 1154 Θεὸς
716 1113 766 1163 τῷ
787 1110 898 1161 Ἀδὰμ
911 1110 972 1149 καὶ
991 1115 1034 1163 τῇ
1050 1112 1186 1164 γυναικὶ

152 1175 263 1212 αὐτοῦ
297 1176 450 1225 χιτῶνας
487 1171 715 1224 δερματίνους
728 1200 738 1218 ,
771 1171 831 1209 καὶ
865 1171 1019 1211 ἐνέδυσεν
1052 1173 1186 1217 αὐτούς.

154 1233 256 1286 ’“Ορα
273 1234 365 1280 πόση
385 1235 448 1278 τῆς
477 1234 570 1276 Οείας
590 1234 735 1285 Γραφῆς
755 1235 777 1279 ἡ
798 1232 1073 1284 συγκατάὸασις.
1094 1234 1185 1273 Ἀλλ’

153 1293 245 1347 ὅπερ
283 1293 452 1337 πολλάκις
489 1287 598 1341 εἷπον,
637 1293 695 1331 καὶ
735 1297 792 1332 νῦν
839 1292 949 1345 λέγω·
989 1297 1190 1347 θεοπρεπῶς

159 1355 299 1394 ἅπαντα
322 1358 467 1406 νοῶμεν,
492 1354 551 1393 καὶ
579 1355 618 1392 τὸ
638 1353 840 1403 Ἐποίησεν,
859 1354 935 1393 ἀντὶ
955 1359 1034 1404 τοῦ,
1056 1355 1189 1409 προσέ-

159 1415 271 1462 ταξεν,
288 1419 431 1465 νοῶμεν.
448 1414 633 1454 Ἔκέλευσε
651 1418 802 1467 χιτῶνας
819 1414 1042 1467 δερματίνους
1065 1415 1189 1469 αὐτοὺς

156 1481 173 1496 ²
186 1476 436 1530 περιὸαλέσθαι
451 1475 648 1527 ὑπόμνημα
668 1474 821 1522 διηνεκὲς
835 1479 897 1523 τῆς
915 1480 1108 1530 παρακοῆς,

212 1537 446 1576 Ἀκουέτωσαν
465 1538 497 1576 οἱ
526 1538 776 1584 πλουτοῦντες,
805 1539 836 1575 οἱ
864 1539 1099 1590 ἐντρυφῶντες
1117 1545 1187 1583 τοῖς

155 1602 225 1638 τῶν
246 1598 438 1645 σκωλήκων
457 1598 610 1649 νήμασι,
630 1598 691 1636 καὶ
710 1597 754 1635 τὰ
774 1598 905 1651 σηρικὰ
924 1599 1187 1653 περιὸαλλόμε-

157 1676 230 1708 νοι,
252 1660 311 1698 καὶ
338 1659 610 1710 μανθανέτωσαν
627 1662 702 1703 πῶς
723 1659 758 1704 ἐξ
777 1661 890 1712 ἀρχῆς
919 1660 979 1698 καὶ
999 1663 1038 1699 ἐκ
1062 1678 1186 1715 προοι-

157 1721 246 1771 μίων
261 1720 434 1759 παιδεύων
447 1719 510 1766 τὴν
537 1719 758 1773 ἀνθρωπίνην
784 1721 885 1772 φύσιν
906 1725 924 1760 ὁ
945 1722 1186 1774 φιλάνθρωπος

157 1781 360 1828 Δεσπότης,
380 1781 500 1827 ἐπειδὴ
529 1781 585 1820 διὰ
606 1781 671 1827 τὴν
703 1781 906 1833 παράὸασιν
935 1785 986 1834 τῷ
1020 1783 1186 1835 ἐπιτιμίῳ

156 1847 217 1881 τοῦ
254 1842 403 1880 Θανάτου
444 1840 583 1892 γέγονεν
623 1840 809 1885 ὑπεύθυνος
839 1845 856 1880 ὁ
891 1842 1187 1894 πρωτόπλαστος,

158 1906 266 1955 ἐχρῆν
287 1903 323 1941 δὲ
345 1902 484 1952 ἱμάτιον
514 1903 608 1953 αὐτῷ
630 1906 856 1954 περιτεθῆναι
874 1904 912 1941 τὸ
931 1903 994 1950 τὴν
1021 1905 1187 1957 αἰσχύνην

159 1963 350 2010 καλύπτον,
377 1961 601 2014 δερματίνους
623 1965 738 2007 αὐτοῖς
767 1963 910 2011 ἐποίησε
940 1968 1114 2016 χιτῶνας,
1139 1967 1188 2004 δι-

162 2024 301 2061 δάσκων
334 2025 429 2072 ἡμᾶς
464 2022 602 2074 φεύγειν
629 2023 687 2062 τὸν
723 2024 825 2077 ὑγρὸν
854 2024 915 2062 καὶ
944 2026 1188 2077 διαλελυμένον

161 2084 248 2134 βίον,
271 2084 330 2120 καὶ
350 2082 399 2133 μὴ
422 2082 480 2121 τὸν
499 2082 678 2133 ἀνειμένον
698 2084 757 2122 καὶ
777 2084 941 2136 βλακείας
954 2085 1106 2138 γέμοντα
1126 2104 1187 2137 με·

1199 2129 1246 2153 152

1262 1181 1354 1216 mus,
1387 1167 1479 1205 sicut
1508 1181 1574 1219 par
1608 1176 1659 1206 est
1686 1166 1732 1205 de
1751 1169 1829 1207 Deo
1859 1169 2024 1221 intelligi.
2057 1171 2220 1209 Verbum
2235 1166 2320 1233 5¹02*
2359 1164 2426 1192 ‘⁰⁰³²

1263 1231 1374 1267 Fecit
1388 1228 1508 1281 accipe
1520 1242 1585 1281 pro
1596 1228 1741 1280 eoquod
1754 1238 1819 1278 est,
1833 1229 2026 1283 imperavit
2039 1239 2078 1268 ut
2089 1241 2217 1271 essent.

1263 1292 1284 1330 J
1288 1290 1376 1328 ussit
1391 1289 1487 1328 enim
1500 1290 1630 1329 tunicis
1648 1290 1807 1343 pelliceis
1821 1291 1944 1332 vestiri
1959 1291 1994 1330 in
2014 1302 2224 1346 perpetuam

1265 1351 1542 1403 inobsequentiae
1562 1351 1779 1393 memoriam.

1318 1542 1355 1576 Ξ).
1375 1538 1536 1577 Audiant
1556 1539 1732 1592 opulenti,
1753 1549 1787 1577 et
1805 1539 1866 1591 qui
1887 1539 2074 1578 luxuriant
2089 1539 2124 1578 in
2149 1555 2227 1580 ver-

1265 1599 1380 1639 mium
1397 1600 1601 1649 textilibus,
1630 1614 1671 1639 ac
1686 1600 1892 1639 vcstiuntur
1919 1600 2052 1650 sericis,
2073 1601 2228 1640 discant-

1223 1685 1235 1705 „
1263 1673 1334 1710 que
1345 1659 1526 1710 quomodo
1546 1660 1593 1697 ab
1612 1659 1718 1698 initio
1746 1660 1942 1698 humanam
1972 1661 2102 1699 docens
2124 1671 2227 1699 natu·

1263 1735 1341 1759 ram
1361 1721 1536 1773 benignus
1549 1722 1743 1772 Dominus,
1763 1724 1846 1772 quia
1868 1732 2015 1774 propter
2033 1731 2226 1774 transgres—

1263 1781 1396 1820 sionem
1418 1795 1530 1834 poenae
1560 1782 1684 1820 mortis
1719 1795 1802 1820 reus
1833 1791 1908 1820 erat
1938 1782 2078 1834 primus
2105 1783 2225 1829 homo,

1263 1855 1422 1894 opusque
1448 1841 1602 1879 habebat
1632 1851 1731 1880 veste
1757 1855 1836 1892 quae
1863 1842 2038 1894 pudorem
2066 1851 2223 1894 tegeret,

1262 1901 1430 1954 pelliceas
1453 1902 1522 1954 ipsi
1550 1901 1631 1940 fecit
1659 1911 1773 1940 vestes
1793 1917 1801 1938 :
1819 1917 1893 1953 ,quo
1921 1903 2045 1941 docuit
2087 1917 2164 1951 nos,
2185 1914 2225 1942 ut

1262 1963 1407 2001 mollem
1440 1973 1474 2001 et
1503 1963 1716 2001 dissolutam
1752 1963 1865 2002 vitam
1896 1964 2088 2016 fugiamus,
2110 1979 2223 2017 neque

1260 2024 1408 2067 inertem
1431 2033 1464 2062 et
1478 2024 1662 2062 remissam
1679 2032 1868 2071 sectemur,
1890 2024 1950 2062 sed
1970 2025 2086 2076 magis
2104 2035 2221 2064 auste-

1261 2099 1337 2123 ram
1364 2085 1623 2137 amplexemur.
1652 2083 1723 2122 Sed
1751 2084 1842 2128 forte
1862 2085 2039 2136 gravatim
2071 2086 2220 2125 serentes

156 2143 353 2190 ταδιώκειν,
390 2143 482 2185 ἀλλὰ
507 2144 564 2182 τὸν
589 2144 762 2196 αὐστηρὸν
794 2146 926 2195 μᾶλλον
956 2147 1184 2190 ἀσπάζεσθαι.
1210 2166 1234 2195 A
1259 2146 1335 2186 haec
1352 2145 1497 2194 divim,
1510 2145 1631 2183 dicent
1647 2160 1654 2181 τ
1673 2144 1773 2191 Quid
1783 2145 1977 2197 igiturPan
1991 2147 2148 2199 pellibus
2161 2162 2219 2187 ve-

157 2205 249 2244 Ἀλλ’
270 2205 351 2249 ἴσως
371 2205 558 2257 ἀχθόμενοι
580 2206 666 2259 πρὸς
690 2206 736 2245 τὰ
753 2205 928 2258 λεγόμενα
943 2210 975 2246 οἱ
990 2209 1185 2255 πλουτοῦν-

154 2281 210 2310 τες
226 2268 351 2319 ἐροῦσι·
366 2266 400 2304 τί
416 2260 473 2304 οὗν
488 2282 497 2314 ;
513 2266 739 2319 δερματίνους
756 2271 850 2318 ἡμᾶς
869 2270 1020 2320 χιτῶνας
1033 2270 1185 2315 κελεύεις

152 2325 405 2378 περιὸαλέσθαι
417 2342 427 2373 ;
441 2329 494 2365 Οὐ
509 2330 610 2370 τοῦτο
624 2327 735 2379 λέγω·
755 2327 831 2367 οὐδὲ
851 2328 919 2382 γὰρ
940 2330 1064 2369 ἐκεῖνοι
1080 2333 1127 2375 εἷς
1146 2333 1185 2371 τὸ

153 2388 308 2433 διηνεκὲς
328 2386 470 2432 ἐκείνοις
498 2393 570 2432 τοῖς
588 2391 734 2440 χιτῶσιν
760 2389 949 2443 ἐκέχρηντο
962 2407 969 2415 ·
992 2395 1010 2430 ὁ
1038 2391 1106 2445 γὰρ
1126 2409 1183 2446 φι-

151 2448 353 2498 λάνθρωπος
378 2448 560 2495 Δεσπότης
586 2448 640 2487 ἀεὶ
667 2455 744 2493 ταῖς
763 2451 1020 2502 προλαὸούσαις
1046 2455 1183 2507 εὐεργε-

153 2506 244 2550 σίαις
268 2507 387 2559 ἑτέρας
405 2508 643 2559 προστίθησιν.
664 2509 812 2558 Ἐπειδὴ
833 2510 901 2565 γὰρ
927 2514 1048 2554 λοιπὸν
1073 2519 1180 2557 ὑπευ-

153 2567 269 2613 θύνους
283 2567 424 2612 ἑαυτοὺς
441 2569 659 2617 κατέστησαν
672 2577 748 2615 ταῖς
763 2581 981 2624 σωματικαῖς
993 2577 1178 2629 ἀνάγκαις,

152 2631 214 2675 τῆς
245 2628 414 2672 ἀπαθείας
445 2629 580 2676 ἐκείνης
615 2631 675 2670 καὶ
700 2634 764 2679 τῆς
798 2636 986 2687 ἀγγελικῆς
1005 2638 1180 2693 διαγωγῆς

152 2687 463 2740 ἀποστερηθέντες,
487 2690 576 2740 μετὰ
604 2697 715 2739 ταῦτα
740 2694 977 2746 ᾠκονόμησεν,
1009 2699 1078 2738 ἀπὸ
1110 2705 1178 2740 τῶν

152 2749 252 2803 ἐρίων
269 2751 337 2786 τῶν
353 2750 538 2802 προὸάτων
558 2751 604 2790 τὰ
622 2752 798 2805 ἐνδύματα
813 2761 885 2800 τοῖς
901 2758 1098 2811 ἀνθρώποις
1117 2777 1179 2800 κα-

151 2811 444 2859 τασκευάζεσθαι,
465 2812 598 2856 οὐδενὸς
611 2813 729 2866 ἑτέρου
749 2815 877 2865 ἕνεκεν,
896 2817 918 2864 ἢ
935 2818 1026 2864 ὥστε
1045 2822 1178 2870 σκέπην

153 2870 311 2922 γενέσθαι
322 2901 332 2919 ,
347 2872 407 2909 καὶ
429 2873 478 2922 μὴ
493 2873 533 2911 τὸ
552 2875 691 2926 λογικὸν
710 2881 812 2915 τοῦτο
827 2880 912 2925 ζῶον
933 2881 1024 2920 κατὰ
1039 2882 1080 2922 τὸ
1095 2883 1179 2922 αὐτὸ

153 2939 223 2975 τοῖς
252 2932 389 2983 ἀλόγοις
411 2935 445 2971 ἐν
463 2934 654 2984 γυμνότητι
676 2937 738 2975 καὶ
770 2940 1003 2994 ἀσχημοσύνῃ
1031 2943 1174 2996 διάγειν.

154 2993 200 3032 ‘H
219 2993 332 3031 τοίνυν
353 2996 422 3031 τῶν
441 2995 590 3044 ἱματίων
610 2999 780 3050 περιὸολὴ
796 3001 991 3052 ὑπόμνησις
1011 3007 1096 3055 ἡμῖν
1117 3023 1179 3059 γε-

154 3054 262 3092 νέσθω
276 3055 394 3100 διηνεκ
413 3071 437 3101 ,ς
453 3058 517 3102 τῆς
541 3059 609 3095 τῶν
627 3061 765 3110 ἀγαθῶν
790 3062 998 3111 ἐκπτώσεως
1013 3094 1022 3112 ,
1038 3067 1098 3104 καὶ
1118 3070 1180 3114 τῆς

154 3114 324 3167 τιμωρίας
352 3116 577 3165 διδασκαλία,
594 3117 636 3164 ἣν
661 3119 719 3159 διὰ
740 3121 803 3168 τὴν
830 3124 1014 3176 παρακοὴν
1040 3127 1080 3166 τὸ
1110 3132 1179 3167 τῶν

156 3174 346 3227 ἀνθρώπων
375 3175 470 3227 γένος
497 3176 647 3222 ἐδέξατο.
669 3181 879 3231 Λεγέτωσαν
906 3184 1020 3225 τοίνυν
1043 3191 1129 3239 ἡμῖν
1149 3193 1180 3227 οἱ

154 3236 305 3288 τοσαύτῃ
335 3238 546 3290 κεχρημένοι
572 3242 615 3291 τῇ
649 3242 844 3294 φαντασίᾳ,
863 3246 910 3288 ὡς
940 3247 1029 3297 μηδὲ
1056 3248 1182 3288 εἰδέναι

203 3350 216 3364 0
232 3339 333 3373 Savil.
349 3349 382 3373 et
395 3341 448 3374 alii
466 3348 482 3376 ὅ
498 3359 526 3377 τι
540 3348 589 3377 καὶ
608 3350 763 3389 πράξουσι,
788 3352 911 3382 τοιαῦτα
937 3356 996 3396 γάρ
1023 3358 1062 3386 τὰ
1082 3359 1167 3398 παρὰ

159 3398 229 3432 τοῦ,
244 3393 375 3426 omissis
391 3394 606 3427 intermediis.

1258 2206 1338 2245 stiri
1348 2221 1412 2246 nos
1422 2207 1553 2259 jubes?
1563 2208 1643 2245 Non
1658 2206 1727 2248 hoc
1739 2206 1838 2245 dico:
1854 2221 1937 2245 nam
1951 2221 2064 2259 neque
2077 2209 2218 2262 illiper-

1258 2276 1366 2320 petuo
1384 2267 1592 2309 usifuerunt
1607 2267 1665 2305 his
1684 2267 1844 2306 vestibus
1858 2283 1869 2317 ;
1908 2268 2092 2321 benignus
2122 2270 2217 2310 enim

1259 2328 1436 2367 Dominus
1460 2328 1642 2381 prioribus
1663 2343 1801 2382 semper
1818 2328 2001 2369 beneficiis
2023 2332 2217 2371 recentiora

1257 2389 1423 2441 quaedam
1435 2389 1749 2442 superaddit.Nam
1761 2400 1951 2443 postquam
1967 2405 2041 2430 sese
2051 2407 2217 2445 corpora-

1256 2451 1353 2490 libus
1367 2451 1639 2490 necessitatibus
1659 2451 1836 2489 obnoxios
1856 2452 1979 2502 fecere,
2001 2462 2035 2491 et
2056 2468 2076 2491 a
2095 2454 2216 2493 dolore

1256 2527 1370 2552 vacua
1397 2522 1431 2552 et
1468 2512 1719 2564 angelicavita
1741 2513 1964 2563 exciderunt,
1994 2514 2216 2567 dispensavit

1256 2576 1368 2620 Deus,
1404 2583 1444 2612 ut
1482 2588 1526 2612 ex
1545 2573 1672 2612 ovium
1695 2574 1887 2616 velleribus
1906 2575 2068 2615 homines
2100 2575 2212 2614 indu—

1255 2645 1372 2675 menta
1389 2634 1457 2679 sibi
1472 2642 1638 2687 pararent
1653 2664 1665 2684 ,
1682 2647 1751 2678 non
1771 2635 1840 2672 alia
1852 2634 1897 2672 de
1907 2648 2024 2684 causa,
2046 2650 2155 2686 quam
2175 2646 2213 2674 ut

1253 2706 1500 2750 tegumentum
1520 2695 1686 2744 habeant,
1704 2705 1737 2733 et
1755 2709 1798 2736 ne
1814 2696 1984 2734 rationale
1997 2697 2131 2735 animal
2147 2698 2214 2736 hoc

1254 2773 1324 2797 non
1349 2772 1448 2796 secus
1465 2772 1505 2795 ac
1523 2757 1629 2794 bruta
1656 2756 1691 2794 in
1719 2755 1880 2794 nuditate
1895 2766 1929 2795 et
1953 2757 2124 2797 dedecore
2157 2760 2213 2798 vi—

1254 2831 1327 2866 tam
1359 2820 1476 2871 degat.
1498 2820 1622 2869 Itaque
1647 2817 1798 2855 vestium
1819 2818 1971 2857 amictus
2003 2819 2213 2859 continuum

1254 2882 1358 2926 nobis
1389 2881 1434 2919 sit
1456 2879 1730 2925 monimentum,
1760 2892 1831 2928 quo
1860 2893 2033 2918 memores
2072 2881 2211 2927 simus,

1256 2942 1398 2994 quantis
1416 2940 1519 2978 bonis
1550 2938 1805 2988 exciderimus,
1827 2948 1860 2976 et
1885 2939 2066 2979 discamus
2081 2951 2212 2992 quanto

1256 3003 1433 3056 supplicio
1452 3002 1650 3044 humanum
1662 3042 1664 3045 ¹
1676 3013 1786 3050 genus
1804 2999 1851 3038 ob
1871 3000 2148 3042 inobedientiam
2167 3003 2213 3040 sit

1256 3066 1436 3109 affectum.
1456 3062 1586 3102 Dicant
1605 3059 1715 3111 igitur
1734 3059 1836 3105 nobis
1855 3061 1915 3112 qui
1939 3071 2036 3102 tanto
2064 3072 2213 3100 utuntur

1258 3133 1429 3178 apparatu
1447 3152 1456 3170 ‚
1496 3130 1536 3158 ut
1552 3122 1628 3172 jam
1643 3134 1749 3158 usum
1764 3120 1852 3163 lanae
1876 3136 2020 3174 prorsus
2035 3137 2137 3161 nosse
2153 3138 2212 3161 uo-

2310 3074 2330 3100 Ῐ.
2339 3085 2412 3100 uxu-

2227 3117 2255 3142 in
2285 3117 2414 3141 nutibus

2283 3163 2416 3191 tempor·-

1253 3189 1335 3234 lint,
1355 3185 1417 3224 sed
1433 3183 1544 3222 serico
1559 3182 1772 3231 vestiantur,
1793 3195 1904 3236 eoque
1922 3183 2068 3222 insania:
2084 3198 2211 3237 pervc-
2241 3197 2418 3233 mmmm·-

1256 3262 1352 3297 ncre,
1377 3254 1416 3283 ut
1450 3256 1578 3281 aurum
1611 3243 1771 3283 vestibus
1805 3243 1964 3282 intexant
1989 3261 1995 3281 :
2023 3245 2058 3282 in
2089 3246 2216 3296 primis
2229 3250 2278 3265 ¹¹¹¹·

1246 3353 1261 3376 ‘¹
1281 3350 1414 3393 Aliquot
1430 3348 1506 3380 Mas.
1525 3352 1716 3382 χχταεαλών,

1252 3411 1261 3424 ²
1281 3403 1340 3437 Alli
1361 3404 1601 3447 :unzfflZv'hu-
