2516 3791
160 455 235 482 Gen.
254 455 303 486 26.

361 161 453 221 584
781 177 820 206 s.

674 325 883 363 HOMILIA
912 325 987 361 LII.

858 176 1034 207 JOANNIS
1069 174 1302 206 CHRYsos'r.
1348 173 1553 203 ARCHIEP.
1593 172 1942 204 CONSTANTm'Ot‘.

1759 325 1938 362 OMIAIA
1967 323 2032 374 νβ’.

356 448 557 486 Seminavit
576 457 695 485 autem
717 448 813 485 Isaac
838 446 875 482 in
902 454 994 482 terra
1014 443 1097 493 illa,
1118 452 1153 481 et
1172 443 1310 482 invenit
1331 443 1356 474 C
1378 441 1546 497 Ἔσπειρε
1565 443 1600 482 δὲ
1616 444 1740 483 Ἰσαὰκ
1759 448 1793 483 ἐν
1807 448 1851 497 τῇ
1868 449 1912 497 γῆ
1933 446 2047 493 ἐκείνη
2061 477 2071 494 ,
2090 446 2150 484 καὶ
2169 439 2264 499 εῧρεν
2285 449 2405 484 ἑκατο-

482 509 724 561 centuplicans
744 505 920 544 hordeum
938 504 976 542 in
997 518 1090 542 anno
1109 503 1182 542 illo.

411 631 595 680 Reliquias
619 627 697 665 heri
726 627 906 665 dictorum
937 640 1051 679 operae
1076 626 1234 679 pretium
1259 635 1310 664 est

357 692 464 731 hodie
475 690 622 727 reddere
632 698 757 727 vestrae
770 688 925 738 caritati,
934 697 968 726 et
981 688 1128 740 repetita
1138 688 1309 726 sermonis

358 752 444 790 serie
463 751 592 789 iterum
610 749 734 789 Videre
753 759 925 800 quantam
937 750 1055 801 justus
1073 750 1170 786 Isaac
1188 763 1310 801 super-

357 827 440 850 nam
462 811 727 864 providentiam
751 811 797 848 sit
822 820 1044 862 assequutus.
1068 811 1161 848 Nam
1186 810 1250 860 qui
1277 810 1308 847 ei

358 874 591 926 prohibuerat
606 872 813 911 descensum
825 872 861 909 in
876 872 1091 923 AEgyptum,
1103 881 1136 908 et
1151 870 1305 908 dixerat:

364 937 515 972 Habita
540 938 582 972 in
608 943 710 972 terra
735 935 830 981 hac,
861 941 897 970 et
921 946 986 970 ero
1016 941 1139 969 tecum
1155 948 1165 967 .·
1187 932 1246 969 ille
1272 931 1308 969 in

358 996 524 1034 omnibus
550 1005 623 1033 tam
649 995 785 1032 clarum
803 1008 886 1031 cum
907 993 1008 1043 fecit,
1034 1002 1074 1030 ut
1101 1006 1170 1030 non
1195 993 1308 1030 multo

358 1066 438 1109 post
453 1056 629 1094 invidiam
645 1064 801 1093 moveret
813 1055 904 1106 regis
921 1055 1154 1092 Gerarorum.
1173 1052 1310 1092 Viden-
1328 1065 1354 1095 1)

358 1128 410 1156 tes
426 1118 520 1155 enim
535 1118 611 1170 ejus
625 1116 861 1155 substantiam
881 1114 1042 1166 quotidie
1057 1113 1195 1165 augeri,
1213 1121 1308 1150 metu

359 1179 476 1217 affecti
491 1188 574 1217 sunt
596 1179 693 1229 quod
713 1178 762 1215 ibi
780 1191 898 1215 secum
917 1176 1116 1224 habitaret,
1140 1183 1173 1211 et
1192 1183 1310 1211 trans-

361 1241 514 1292 migrare
537 1240 618 1277 inde
639 1247 839 1290 coegerunt.
859 1237 1020 1288 Dignum
1040 1244 1159 1273 autem
1175 1243 1226 1272 cst
1238 1264 1248 1284 ,
1271 1243 1310 1271 ut

362 1301 438 1354 ipsa
458 1300 651 1353 Scripturae
676 1300 786 1338 verba
814 1298 1023 1347 audiamus,
1045 1305 1082 1333 ut
1101 1310 1165 1347 per
1192 1294 1310 1332 omnia

361 1362 549 1401 videamus
571 1361 637 1400 Dei
655 1360 956 1409 benevolentiam,
975 1372 1084 1409 quam
1102 1370 1184 1407 erga
1198 1356 1313 1393 famu-

363 1424 415 1462 los
429 1439 510 1462 suos
530 1423 702 1461 declarat.
716 1424 730 1459 1
742 1425 778 1459 Ξῖ.
793 1422 1006 1460 seminavit
1020 1427 1164 1464 autem,
1179 1416 1309 1467 inquit,

363 1488 479 1523 Isaac
506 1488 547 1522 ιή
574 1494 677 1522 terra
698 1484 794 1530 illa,
819 1491 855 1520 et
881 1483 1029 1519 invenit
1048 1480 1313 1530 centuplicans

365 1547 548 1584 hordeum
573 1549 614 1582 in
641 1559 746 1583 anno
779 1545 861 1581 illo.
887 1542 984 1582 Vide
1005 1541 1118 1590 mihi,
1146 1541 1309 1590 obsecro,

365 1607 431 1644 Dei
455 1606 665 1658 sapientiam
690 1621 697 1641 τ
720 1615 759 1642 ut
790 1603 952 1642 ostendat
980 1603 1078 1654 justo
1113 1615 1148 1638 se
1179 1609 1313 1638 naturae

364 1667 585 1705 conditorem
603 1681 676 1704 esse
686 1696 697 1715 ,
716 1674 750 1703 et
774 1665 810 1702 in
830 1665 935 1702 rebus
960 1662 1174 1700 difficilibus
1193 1661 1313 1698 facilia

365 1729 483 1766 omnia
503 1729 616 1765 facere
630 1741 732 1779 posse
753 1742 760 1762 :
779 1740 819 1763 ac
832 1725 893 1776 qui
913 1725 957 1762 ab
976 1723 1079 1761 initio
1100 1731 1231 1759 terram
1250 1736 1314 1759 suo

365 1789 532 1827 mandato
547 1788 669 1826 fecerit
683 1787 847 1825 idoneam
856 1785 903 1823 ad
919 1782 1146 1837 proferendos
1164 1782 1311 1831 fructus,

364 1851 461 1888 idem
474 1864 567 1888 nunc
582 1849 712 1887 efficiat
729 1858 768 1886 ut
781 1846 994 1899 centuplices
1010 1843 1138 1882 reddat
1150 1857 1214 1895 pro
1231 1842 1315 1881 satis

366 1911 567 1963 manipulos
585 1926 592 1946 :
608 1910 717 1949 simul
738 1909 843 1947 illum
861 1908 897 1946 in
912 1916 1007 1945 tanta
1026 1904 1210 1944 affluentia
1225 1918 1313 1942 con-

365 1973 532 2022 stituens,
557 1981 597 2009 ut
624 1971 758 2009 nullius
785 1969 944 2021 indigeat
971 1984 978 2004 :
1005 1977 1112 2018 atque
1139 1965 1226 2003 alios
1252 1979 1317 2017 per

366 2048 472 2085 opera
488 2033 616 2071 docens
624 2063 636 2083 ,
647 2040 778 2082 quanta
788 2044 940 2083 superna
952 2027 1066 2081 gratia
1078 2028 1196 2080 justus
1212 2027 1315 2064 frua—

367 2104 440 2132 tur.
463 2096 696 2146 Omnipotens
722 2093 817 2130 enim
838 2101 871 2129 et
897 2091 1035 2143 sapiens
1055 2091 1153 2127 Deus
1175 2103 1238 2141 per
1261 2102 1316 2126 res

367 2156 508 2193 casdem
524 2156 723 2206 frequenter
736 2153 912 2191 benefacit
929 2151 1021 2201 suis;
1039 2160 1073 2188 et
1092 2159 1192 2187 curat
1209 2149 1317 2186 etiam

370 2226 410 2254 ut
437 2217 462 2254 ii
491 2231 632 2267 quoque
660 2215 722 2266 qui
747 2215 865 2252 adhuc
896 2213 932 2250 in
959 2226 1075 2250 errore
1103 2219 1314 2261 versantur,

369 2292 470 2316 suam
484 2279 653 2317 virtutem
665 2286 700 2315 et
715 2276 909 2329 potentiam
927 2273 1123 2311 addiscant.
1134 2272 1208 2309 Hoc
1223 2281 1317 2323 post-

369 2354 409 2377 ca
429 2349 461 2377 et
481 2340 516 2377 in
537 2339 695 2391 AEgypto
712 2337 795 2375 fecit
812 2352 819 2372 z
835 2335 908 2373 illis
926 2334 1021 2372 enim
1040 2347 1159 2385 poenas
1176 2332 1317 2383 irroga-

369 2402 453 2451 bat,
470 2401 646 2438 Isra'clitas
671 2413 755 2437 vero
781 2398 910 2435 illaesos
937 2394 1177 2433 conservabat.
1195 2392 1319 2430 Disce-

370 2463 456 2500 bant
483 2462 578 2500 enim
605 2475 673 2498 non
698 2460 814 2497 solum
842 2472 904 2510 per
932 2455 1213 2507 indignationem
1229 2454 1315 2503 Dei,

371 2538 442 2575 qua
454 2523 519 2575 ipsi
535 2522 788 2575 puniebantur,
799 2518 960 2557 omnium
973 2516 1123 2569 opificis
1139 2515 1320 2564 virtutem,
1353 2527 1363 2537 ³

371 2585 434 2623 sed
452 2585 558 2622 etiam
582 2597 645 2635 per
669 2580 948 2619 sollicitudinem
974 2592 1081 2629 quam
1099 2577 1135 2614 in
1157 2577 1236 2614 illos
1258 2590 1319 2614 ex-

370 2646 529 2684 hibebat.
552 2645 599 2683 Et
625 2644 755 2681 iterum
783 2656 851 2679 non
880 2655 926 2678 ex
944 2639 1017 2677 sola
1038 2637 1263 2690 providentia
1287 2647 1322 2675 ct

371 2707 634 2755 sollicitudine,
662 2718 768 2755 quam
801 2701 1074 2755 experiebantur
1093 2729 1104 2749 ,
1139 2699 1322 2737 discebant

373 2771 550 2819 ingentem
569 2767 635 2805 Dei
650 2765 847 2804 bonitatem
864 2779 871 2799 ε
893 2762 955 2801 scd
970 2764 1079 2800 etiam
1094 2774 1156 2813 per
1171 2774 1229 2797 cos
1244 2759 1322 2810 qui-

373 2831 440 2868 bus
466 2829 626 2880 quotidie
654 2826 826 2865 videbant
851 2833 903 2862 tot
927 2823 1050 2876 plagas
1072 2821 1235 2873 irrogari.
1256 2821 1323 2859 Per

374 2892 497 2929 cadem
516 2891 609 2928 enim
629 2903 733 2941 opera
752 2897 785 2925 ct
801 2887 896 2935 suis,
910 2895 944 2923 et
957 2883 1171 2923 adversariis
1186 2882 1320 2920 indica-

375 2953 437 2990 bat
458 2966 528 2989 sum
542 2950 705 3003 potentiae
724 2946 1020 2999 magnitudinem.
1042 2946 1133 2982 Nam
1151 2944 1320 2981 elementa

376 3013 450 3065 ipsa
476 3026 581 3049 suum
603 3009 839 3048 ministerium
860 3017 893 3045 et
913 3006 1124 3057 obsequium
1143 3004 1320 3042 conservis

376 3074 640 3121 demonstrant,
666 3069 808 3121 quando
841 3068 1012 3107 benevole
1036 3065 1210 3104 Dominus
1238 3079 1320 3117 erga

377 3136 455 3173 illos
481 3133 649 3170 afficitur.
672 3132 719 3169 Et
746 3131 812 3167 hoc
838 3130 959 3180 utiquc
984 3127 1116 3166 viderit
1138 3127 1217 3177 quis
1238 3126 1322 3164 huic

372 3203 470 3253 justo
485 3199 697 3249 contingere.
715 3196 758 3234 Id
787 3195 881 3234 enim
906 3194 1004 3246 quod
1032 3193 1167 3244 alioqui
1196 3202 1321 3231 natura

377 3278 478 3306 terrae
500 3280 569 3304 non
592 3264 736 3313 habuit,
754 3263 821 3301 hoc
850 3270 991 3315 propter
1008 3260 1216 3299 mandatum
1243 3260 1323 3298 uni-

426 3374 439 3389 *
458 3370 573 3412 [Saxil.
594 3369 624 3402 in
644 3379 745 3411 marg.
761 3367 847 3408 conj,
865 3369 1075 3410 παρεσκεύασε.
1093 3367 1099 3407 Ι

1513 503 1699 543 στεύουσαν
1718 506 1840 559 κριθὴν
1861 509 1894 545 ἐν
1913 509 1964 559 τῷ
1981 508 2126 559 ἐνιαυτῷ
2141 506 2273 558 ἐκείνῳ.

1436 626 1494 665 Τὰ
1520 626 1668 679 λείψανα
1686 630 1754 665 τῶν
1780 628 1864 680 χθὲς
1895 627 2085 681 εἰρημένων
2116 629 2302 680 ἀναγκαῖον
2323 630 2409 667 ἀπο-

1381 689 1498 728 δοῦναι
1518 688 1668 741 σήμερον
1688 691 1730 739 τῇ
1747 688 1898 742 ὑμετέρᾳ
1917 688 2055 741 ἀγάπῃ7
2072 688 2132 726 καὶ
2147 692 2207 726 τοῦ
2225 687 2327 740 λόγου
2346 686 2414 735 τὴν

1381 749 1584 788 ἀκολουθίαν
1624 749 1866 793 ἀναλαὸόντας
1907 751 1987 788 ἰδεῖν
2019 749 2124 787 πάλιν
2171 749 2228 787 τὸν
2277 749 2408 787 δίκαιον

1380 818 1504 857 Ἰσαὰκ
1516 849 1525 866 ,
1537 819 1619 864 ὅσης
1636 818 1804 856 ἀπολαύει
1818 822 1878 865 τῆς
1899 819 2029 857 ἄνωθεν
2049 817 2322 869 κηδεμονίαςῘΟ
2341 818 2409 871 γὰρ

1379 879 1442 926 τὴν
1480 881 1527 923 εἷς
1560 879 1735 931 Αἴγυπτον
1766 881 1909 918 κάθοδον
1944 882 2046 918 αὐτοῦ
2075 880 2294 923 διακωλύσας
2307 909 2317 927 ,
2351 879 2410 917 καὶ

1380 939 1499 985 εἰπὼν,
1527 941 1697 992 Παροίκει
1724 943 1758 979 ἐν
1784 945 1826 993 τῇ
1854 945 1898 993 γῇ
1924 942 2053 995 ταύτῃ,
2073 943 2132 980 καὶ
2162 943 2286 993 ἔσομαι
2321 941 2411 993 μετὰ

1379 1006 1457 1049 σοῦ,
1477 1000 1584 1044 οὕτως
1617 1003 1716 1040 αὐτὸν
1739 1002 1796 1040 διὰ
1815 1003 1956 1041 πάντων
1978 1007 2152 1056 περιφανῆ
2182 1004 2409 1050 καθίστησιν,

1380 1064 1426 1105 ὡς
1447 1065 1521 1113 μετ’
1544 1064 1581 1100 οὐ
1606 1062 1693 1100 πολὺ
1726 1063 1905 1115 ἐπίφθονον
1927 1064 2026 1102 αὐτὸν
2050 1065 2208 1115 γενέσθαι
2227 1063 2326 1116 παρὰ
2358 1066 2408 1115 τῷ

1384 1126 1521 1175 βασιλεῖ
1540 1124 1717 1177 Γεράρων.
1737 1123 1910 1177 Ὁρῶντες
1929 1124 1996 1178 γὰρ
2019 1128 2120 1163 αὐτοῦ
2149 1127 2226 1163 καθ’
2259 1125 2409 1171 ἑκάστην

1382 1185 1517 1238 ἡμέραν
1537 1184 1771 1236 αὐξανομένην
1803 1185 1865 1231 τὴν
1888 1185 2063 1236 εὐπορίαν,
2092 1186 2318 1225 ἐδεδοίκεισαν
2338 1187 2408 1224 λοι-

1382 1246 1446 1284 πὸν
1475 1251 1535 1284 τοῦ
1572 1246 1692 1299 ἀνδρὸς
1717 1246 1780 1293 τὴν
1802 1246 1919 1284 αὐτόθι
1941 1247 2156 1295 κατοίκησιν,
2179 1246 2238 1285 καὶ
2266 1262 2413 1297 μετανα-

1384 1310 1508 1353 στῆναι
1536 1309 1664 1344 ἐκεῖθεν
1683 1307 2018 1359 καταναγκάζουσιν.
2038 1306 2149 1351 Ἄξιον
2165 1308 2200 1345 δὲ
2220 1308 2280 1345 καὶ
2300 1309 2412 1346 αὐτῶν

1384 1369 1530 1405 ἀκοῦσαι
1546 1371 1614 1406 τῶν
1632 1369 1798 1420 ῥημάτιον
1817 1372 1878 1414 τῆς
1899 1368 1990 1412 θείας
2006 1370 2167 1422 Γραφῆς,
2180 1368 2238 1407 ἵνα
2253 1368 2310 1407 διὰ
2324 1368 2412 1406 πάν-

1383 1445 1452 1466 των
1477 1428 1681 1480 Οεασώμεθα
1702 1435 1761 1468 τοῦ
1793 1432 1884 1468 Θεοῦ
1908 1430 1970 1477 τὴν
1993 1429 2138 1476 εὔνοιαν,
2158 1432 2199 1477 ἣν
2223 1430 2303 1483 περὶ
2334 1428 2412 1474 τοὺς

1386 1492 1487 1529 αὐτοῦ
1524 1490 1659 1534 οἰκέτας
1699 1490 1942 1529 ἐπιδείκνυται.
1978 1490 2147 1544 ’Έσπειρε
2191 1491 2224 1530 δὲ
2241 1522 2250 1539 ,
2288 1490 2412 1543 φησὶν,

1385 1551 1508 1589 Ἰσαὰκ
1531 1553 1564 1589 ἐν
1598 1555 1640 1603 τῇ
1675 1555 1719 1602 γῇ
1743 1550 1876 1603 ἐκείνῃ,
1912 1551 1970 1589 καὶ
2008 1545 2102 1604 εῦρεν
2123 1551 2413 1590 ἑκατοστεύουσαν

1385 1612 1507 1664 κριθὴν
1529 1614 1562 1650 ἐν
1590 1615 1640 1663 τῷ
1661 1614 1806 1665 ἐνιαυτῷ
1836 1612 1968 1664 ἐκείνῳ.
2002 1613 2135 1651 Σκόπει
2165 1629 2223 1664 μοι
2241 1618 2301 1651 τοῦ
2322 1614 2414 1651 Θεοῦ

1385 1671 1447 1719 τὴν
1467 1672 1606 1724 σοφίαν·
1629 1671 1684 1710 ἵνα
1711 1673 1802 1724 δείξῃ
1822 1676 1872 1724 τῷ
1893 1672 2016 1724 δικαίῳ
2045 1674 2098 1712 ὅτι
2130 1673 2337 1725 δημιουργὸς
2366 1673 2412 1710 ὢν

1385 1736 1448 1779 τ’ἦς
1463 1733 1614 1785 φύσεως,
1634 1734 1693 1771 καὶ
1714 1732 1748 1777 ἐξ
1767 1733 1906 1786 ἀπόρων
1926 1734 2031 1787 πόρον
2047 1740 2241 1786 παρασχεῖν
2260 1733 2414 1781 δύναται,

1386 1794 1446 1832 καὶ
1463 1794 1517 1832 ὅτι
1532 1794 1592 1832 καὶ
1613 1793 1646 1838 ἐξ
1678 1796 1790 1847 ἀρχῆς
1809 1795 1908 1838 αὐτὸς
1927 1794 1992 1841 τὴν
2014 1798 2078 1846 γῆν
2099 1797 2148 1847 τῷ
2172 1794 2286 1846 οἰκείῳ
2309 1810 2415 1847 προσ-

1387 1854 1541 1906 τάγματι
1572 1854 1725 1908 διήγειρε
1751 1855 1836 1906 πρὸς
1872 1854 1934 1901 τὴν
1964 1858 2032 1893 τῶν
2066 1858 2208 1909 καρπῶν
2241 1855 2415 1906 βλάστην,

1388 1916 1694 1970 *παρασκευάσας
1722 1916 1778 1953 τὸν
1811 1915 1942 1954 δίκαιον
1977 1915 2318 1954 ἑκατονταπλασίονα
2347 1919 2415 1954 τῶν

1389 1980 1447 2016 ὑπ’
1471 1980 1572 2016 αὐτοῦ
1605 1976 1834 2029 Ξ’σπαρέντων
1858 1976 1916 2014 ἐπὶ
1946 1980 2008 2023 τῆς
2035 1980 2098 2028 γῆς
2127 1977 2340 2028 κομίσασθαι
2372 1976 2416 2015 τὰ

1389 2039 1575 2091 δράγματα
1592 2068 1602 2086 ,
1634 2041 1720 2089 ὁμοῦ
1755 2037 1814 2075 καὶ
1855 2038 1956 2076 αὐτὸν
1997 2040 2030 2075 ἐν
2077 2038 2209 2076 πλείονι
2251 2037 2418 2080 καθιστὰς

1389 2098 1549 2152 εὐπορίᾳ,
1573 2101 1623 2151 τῷ
1641 2098 1786 2149 μηδενὸς
1803 2100 1836 2136 ἐν
1852 2098 1954 2150 χρείᾳ
1970 2098 2152 2150 γενέσθαι,
2171 2098 2348 2142 κάκείνους
2362 2097 2418 2136 διὰ

1389 2163 1458 2197 τῶν
1495 2159 1602 2211 ἔργων
1634 2159 1825 2206 διδάσκων,
1855 2159 1939 2206 ὅσης
1964 2162 1982 2196 ὃ
2003 2159 2136 2203 δίκαιος
2160 2159 2328 2198 ἀπολαύει
2357 2162 2419 2205 τῆς

1392 2220 1520 2257 ἄνωθεν
1546 2223 1664 2271 ῥοπῆς.
1684 2219 1894 2271 Εὐμήχανος
1909 2219 1978 2271 γὰρ
1998 2219 2044 2256 ὢν
2066 2220 2126 2257 καὶ
2145 2220 2264 2272 σοφὸς,
2282 2219 2339 2257 διὰ
2350 2222 2419 2257 τῶν

1391 2283 1501 2318 αὐτῶν
1525 2279 1692 2323 πολλάκις
1707 2280 1924 2333 πραγμάτων
1947 2279 2007 2317 καὶ
2025 2279 2100 2323 τοὺς
2123 2279 2266 2323 οἰκείους
2285 2282 2420 2333 εὐεργε-

1390 2348 1463 2389 τεῖ,
1494 2341 1554 2379 καὶ
1572 2340 1649 2384 τοὺς
1682 2341 1732 2379 ἔτι
1753 2340 2040 2391 πεπλανημένους
2061 2341 2283 2380 διδάσκεσθαι
2306 2357 2420 2394 παρα-

1392 2402 1548 2446 σκευάζει
1581 2405 1642 2449 τῆς
1662 2402 1790 2445 οἰκείας
1825 2402 1988 2454 προνοίας
2022 2401 2085 2448 τὴν
2118 2401 2275 2453 δύναμιν.
2307 2404 2421 2440 Τοῦτο

1392 2464 1452 2501 καὶ
1472 2463 1559 2514 μετὰ
1578 2468 1688 2502 ταῦτα
1707 2463 1798 2501 κατὰ
1822 2463 1883 2509 τὴν
1912 2463 2087 2515 Αἴγυπτον
2116 2464 2317 2516 εἰργάσατο,
2334 2462 2420 2502 ἐκεί-

1392 2541 1462 2568 νοις
1491 2524 1552 2576 μὲν
1574 2524 1636 2569 τὰς
1664 2523 1836 2578 τιμωρίας
1869 2523 2077 2576 ἐπαγαγὼν,
2098 2525 2155 2563 τὸν
2188 2524 2223 2562 δὲ
2249 2525 2331 2563 λαὸν
2353 2527 2420 2563 τῶν

1393 2587 1621 2639 Ἰσραηλιτῶν
1640 2589 1757 2632 ἀπαθῆ
1780 2585 2032 2638 διαφυλάττων.
2048 2585 2266 2635 Ἔμάνθανον
2293 2583 2361 2638 γὰρ
2387 2587 2424 2624 οὗ

1395 2648 1495 2698 μόνον
1530 2647 1586 2686 διὰ
1616 2650 1678 2693 τῆς
1714 2650 1790 2685 κατ’
1820 2648 1932 2684 αὐτῶν
1967 2647 2237 2697 ἀγανακτήσεως
2266 2650 2326 2685 τοῦ
2355 2649 2424 2684 τῶν

1393 2709 1482 2747 ὅλων
1503 2711 1593 2746 Θεοῦ
1614 2708 1675 2746 καὶ
1695 2709 1903 2759 δημιουργοῦ
1917 2706 1979 2754 τὴν
1997 2707 2157 2758 δύναμιν,
2181 2707 2272 2746 ἀλλὰ
2289 2708 2348 2745 καὶ
2367 2706 2424 2745 διὰ

1395 2773 1456 2816 τῆς
1475 2769 1636 2822 προνοίας
1650 2772 1711 2815 τῆς
1730 2771 1776 2812 εἷς
1796 2768 1953 2812 ἐκείνους.
1982 2769 2052 2806 Καὶ
2075 2763 2167 2807 οῦτοι
2185 2770 2290 2807 πάλιν
2310 2770 2371 2807 οὐκ
2385 2771 2424 2806 ἐκ

1396 2834 1459 2877 τῆς
1481 2832 1529 2873 εἷς
1550 2829 1670 2873 αὐτοὺς
1689 2829 1851 2882 προνοίας
1877 2829 1936 2867 καὶ
1961 2830 2168 2880 κηδεμονίας
2189 2830 2292 2881 μόνον
2312 2829 2424 2868 ἐδιδά-

1398 2907 1519 2930 σκοντο
1546 2896 1605 2929 τοῦ
1631 2893 1721 2929 Θεοῦ
1741 2891 1803 2937 τὴν
1826 2890 2109 2943 ὑπερὸάλλουσαν
2126 2890 2206 2944 περὶ
2226 2890 2348 2934 αὐτοὺς
2370 2906 2425 2942 φι-

1397 2952 1634 3005 λανθρωπίαν,
1660 2952 1749 2990 ἀλλὰ
1788 2952 1847 2989 καὶ
1874 2953 1916 2989 δι’
1947 2945 1993 2989 ὧν
2023 2951 2171 2995 ἐκείνους
2206 2952 2322 3005 ἑώρων
2346 2953 2423 2990 καθ’

1399 3014 1549 3059 ἑκάστην
1571 3013 1707 3065 ἡμέραν
1722 3012 1784 3056 τὰς
1802 3012 1940 3063 πληγὰς
1959 3012 2175 3064 δεχομένους.
2192 3012 2262 3050 Καὶ
2282 3011 2338 3049 διὰ
2356 3013 2425 3049 τῶν

1401 3078 1512 3113 αὐτῶν
1532 3076 1749 3127 πραγμάτων
1771 3074 1830 3112 καὶ
1851 3080 1921 3117 τοῖς
1941 3074 2078 3117 οἰκείοις
2096 3073 2155 3111 καὶ
2174 3079 2244 3115 τοῖς
2263 3072 2427 3117 ἐναντίοις

1401 3137 1530 3175 ἐδείκνυ
1550 3140 1611 3182 τῆς
1631 3135 1758 3178 οἰκείας
1778 3135 1956 3185 δυνάμεως
1969 3133 2030 3189 τὴν
2046 3133 2252 3186 ὓπερὸολήν.
2269 3133 2343 3172 Καὶ
2359 3133 2426 3185 γὰρ

1402 3197 1489 3236 αὐτὰ
1510 3197 1553 3235 τὰ
1576 3201 1730 3248 στοιχεῖα
1749 3195 1811 3242 τὴν
1831 3197 1914 3248 παρ’
1935 3197 2065 3232 ἑαυτῶν
2091 3194 2265 3233 διακονίαν
2289 3194 2348 3232 καὶ
2363 3193 2426 3241 τὴν

1402 3258 1557 3305 ὑπακοὴν
1575 3258 1809 3297 ἐπιδείκνυται
1824 3263 1893 3299 τοῖς
1921 3255 2120 3306 ὁμοδούλοις
2133 3286 2143 3305 ,
2162 3254 2245 3294 ὅταν
2264 3259 2282 3294 ὁ
2295 3254 2428 3295 Δεσπό-

1466 3376 1477 3387 «ι
1496 3364 1649 3405 Quinque
1670 3363 1745 3395 MsS.
1766 3368 1935 3409 σπαρέντων
1952 3368 2036 3406 παρὰ
2053 3371 2103 3400 τῆς
2120 3371 2182 3404 γῆς.
