2483 3791
665 228 710 259 ΙΝ
749 227 853 259 cAP.
894 227 944 258 tt.

62 316 173 371 λέγειν
195 315 443 368 ἐπιχειροῦσιν,
474 313 528 353 ὅτι
558 312 647 365 μετὰ
664 312 729 360 τὴν
760 315 889 366 βρῶσιν
905 313 965 350 τοῦ
990 310 1089 355 ξύλου

60 379 124 428 τὴν
144 380 271 431 γνῶσιν
288 377 391 430 ἔσχεν
410 380 428 416 ὁ
447 375 557 428 Ἀδὰμ
574 379 634 414 τοῦ
652 375 839 428 διακρίνειν
856 374 896 412 τὸ
911 372 1016 412 καλὸν
1031 371 1090 410 καὶ

60 441 100 481 τὸ
117 447 254 495 χεῖρον·
277 443 378 478 τοῦτο
397 438 432 477 δὲ
463 441 525 485 τῆς
552 436 704 490 ἐσχάτης
727 437 767 474 ἂν
789 436 842 483 εἴη
863 435 991 478 ἀνοίας.
1021 433 1089 472 Διὰ

60 506 162 543 τοῦτο
179 502 248 555 γὰρ
266 500 389 555 πρῴην
422 503 536 539 ταῦτα
566 502 804 551 προορῶντες,
835 500 986 536 τοσαῦτα
1011 495 1090 548 περὶ

59 566 122 611 τῆς
153 563 274 617 σοφίας
296 566 359 609 τῆς
388 561 485 615 παρὰ
513 565 573 600 τοῦ
609 562 700 600 Θεοῦ
732 558 1014 612 παρασχεθείσης
1039 558 1090 608 τῷ

59 625 233 679 ἀνθρώπῳ
263 624 502 675 διεξήλθομεν,
518 622 710 664 δεικνύντες
728 620 859 667 ταύτην
877 621 916 656 ἐκ
931 621 992 663 τῆς
1018 619 1087 654 τῶν

59 687 239 738 ὀνομάτων
261 686 405 735 θέσεως,
426 686 468 732 ἣν
487 692 558 729 τοῖς
577 682 708 736 θηρίοις
732 688 839 727 πᾶσι,
859 695 918 717 και
937 683 1009 721 τοῖς
1027 693 1090 715 πε-

59 755 201 796 τεινοῑς,
222 764 282 787 και
311 755 382 792 τοῖς
401 748 538 799 ἀλόγοις
562 746 742 791 ἐπέθηκεν,
762 741 823 780 καὶ
844 740 898 778 ὅτι
916 739 1005 790 μετὰ
1025 740 1089 784 τῆς

59 809 192 862 ἀφάτου
209 809 339 856 ταύτης
361 808 481 860 σοφίας
499 807 559 845 καὶ
577 818 793 857 προφητικου
808 800 1027 853 χαρίσματος
1045 802 1088 846 ἠν

55 868 268 920 ἠξιωμένος,
287 868 371 907 ᾱῖνα
395 867 519 920 μηδενὶ
542 866 598 919 ἐξῇ
620 869 722 903 τοῦτο
753 863 879 915 λέγειν.
903 860 948 899 Ὁ
973 860 1088 898 τοίνυν

57 931 117 970 καὶ
140 931 204 976 τὰς
233 930 469 984 προσηγορίας
501 927 650 975 ἐπιθεὶς,
671 925 731 964 καὶ
763 922 1006 979 προφητεύσας
1021 921 1085 970 τὴν

57 992 147 1032 οὕτω
166 992 369 1044 θαυμαστὴν
399 990 615 1045 προφητείαν
637 988 719 1041 περὶ
746 990 809 1034 τῆς
824 985 1086 1039 γυναικὸς,κα-

57 1054 210 1110 emp*
188 1056 255 1102 ηδη
280 1054 482 1132 εἰρήκαμεν,
500 1052 574 1096 πῶς
594 1051 633 1089 ἂν
649 1050 768 1102 ἠγνόει
784 1049 818 1087 τί
834 1047 896 1099 μὲν
916 1047 1036 1095 καλὸν,
1052 1047 1085 1085 τί

57 1116 94 1156 δὲ
121 1116 293 1171 πονηρόν;
312 1119 357 1156 Εἰ
374 1116 443 1169 γὰρ
477 1115 518 1163 δὴ
550 1129 653 1152 τουτο
686 1088 958 1162 καταδεξίόμεθα
979 1110 1019 1159 (ὃ
1035 1108 1084 1161 μὴ

57 1178 232 1230 γένοιτο),
247 1178 352 1216 πάλιν
379 1179 426 1220 εἷς
459 1176 517 1214 τὸν
547 1175 756 1227 δημιουργὸν
774 1173 819 1213 τὰ
843 1189 905 1219 της
929 1174 1085 1224 βλασφη-

59 1241 141 1291 μίας
161 1240 464 1293 μετενεχθήσεται.
474 1240 558 1282 Πως
566 1238 633 1290 γὰρ
646 1253 734 1275 καιε
721 1236 946 1275 ἐνετέλλετο’
927 1239 1086 1286 αγνοοῦν-

980 224 1143 257 ΟΕΝΕΞ.
1180 225 1340 255 uotum.
1379 224 1475 255 xV1.

1098 1280 1146 1307 ¹1³1

2032 211 2115 258 155

1163 317 1208 356 tis
1218 317 1462 366 tractavimus,
1473 315 1563 355 hanc
1571 316 1793 356 ostendentes
1804 330 1846 356 ex
1856 317 2039 355 nominum
2052 317 2118 355 im-

1163 379 1350 432 positione,
1369 393 1447 430 quae
1460 377 1545 416 seris
1566 377 1733 417 omnibus
1755 387 1788 417 et
1809 377 2016 418 volucribus
2039 378 2116 415 caeli

1163 449 1197 478 et
1213 440 1330 479 brutis
1350 440 1501 488 indidit;
1523 449 1557 479 et
1575 440 1672 492 quod
1695 455 1776 479 cum
1803 441 1871 478 hac
1887 438 2116 477 inenarrabili

1163 502 1337 555 sapientia
1366 502 1562 556 prophetia:
1582 502 1860 556 gratiamzfuerit
1885 511 2110 552 assequutus,

1164 572 1260 601 utne
1293 564 1374 615 quis
1391 565 1459 602 hoc
1481 564 1598 603 dicere
1612 565 1716 603 ausit.
1745 564 1860 616 Igitur
1875 564 1938 616 qui
1972 562 2116 601 nomina

1162 624 1404 663 animantibus
1425 626 1609 678 imposuit,
1631 627 1764 677 quique
1779 635 1852 664 tam
1865 624 2115 664 admirabilem

1161 685 1386 736 prophetiam
1396 686 1441 724 de
1455 687 1601 724 muliere
1612 688 1868 740 pronuntiavit,
1879 686 2109 739 quemadmo-

1162 744 1250 783 dum
1260 747 1336 798 jam
1356 747 1530 795 diximus,
1547 748 1725 798 quomodo
1747 749 1924 798 ignoraret
1942 748 2030 799 quid
2048 748 2115 785 bo-

1164 820 1249 844 num
1265 807 1326 858 sit,
1344 807 1476 858 etquid
1496 808 1656 846 malum?
1679 809 1785 855 Quod
1815 809 1843 847 si
1879 809 2114 861 receperimus

1163 867 1315 917 (absit),
1351 868 1482 906 iterum
1523 869 1765 922 blasphemias
1801 870 1837 907 in
1883 871 2112 908 Conditorem

1163 929 1426 967 transferemus.
1449 931 1541 968 Nam
1566 930 1745 982 quomodo
1764 940 1979 985 praeceptum
2011 930 2111 968 daret

1162 987 1356 1040 ignoranti,
1377 993 1690 1044 transgressionem
1706 1007 1780 1031 esse
1798 992 1959 1031 malum?
1977 993 2115 1031 Verum

1162 1064 1232 1089 non
1255 1052 1304 1090 ita
1329 1062 1394 1101 est,
1427 1053 1520 1091 absit
1541 1070 1549 1090 :
1568 1055 1632 1093 sed
1660 1053 1766 1092 scivit
1798 1054 1901 1093 clare.
1922 1053 2118 1093 Enimvero

1164 1111 1230 1150 hac
1245 1112 1290 1151 de
1308 1128 1413 1152 eausa
1437 1115 1569 1154 animal
1590 1115 1657 1154 hoc
1673 1116 1718 1153 ab
1738 1115 1839 1154 initio
1858 1116 1971 1154 libero
2007 1115 2110 1153 arbi—

1174 1174 1242 1213 trio
1264 1176 1455 1228 praeditum
1475 1192 1548 1216 esse
1566 1178 1693 1218 voluit.
1707 1177 1815 1226 Quod
1843 1178 1875 1217 si
1899 1193 1967 1216 non
1980 1178 2116 1226 fuisset,

1162 1250 1277 1288 neque
1294 1251 1376 1275 cum
1394 1239 1605 1278 mandatum
1624 1241 1881 1294 praevaricatus
1916 1250 1981 1288 est,
2010 1241 2115 1278 illum

59 1317 115 1348 τι,
133 1301 186 1340 ὅτι
203 1318 310 1341 κακον
329 1299 586 1353 ἦπαράὸασις,
609 1300 702 1338 Αλλ’
725 1300 787 1337 οὐκ
808 1314 882 1337 εστι
896 1313 1015 1344 τουτο
1036 1296 1084 1348 μὴ
1112 1321 1136 1349 Α
1161 1299 1306 1351 puniri,
1334 1313 1450 1367 neque
1472 1301 1502 1339 si
1529 1312 1722 1353 seivasset,
1747 1302 1886 1340 laudari
1919 1303 2116 1354 oportebat.

59 1363 207 1414 γένοιτο·
230 1364 307 1402 ἀλλ’
325 1362 402 1415 ᾔδει
435 1365 567 1414 σαφῶς.
597 1361 666 1399 Διὰ
696 1359 764 1412 γὰρ
784 1363 886 1398 τοῦτο
915 1358 950 1403 ἐξ
975 1362 1088 1411 ἀρχης

60 1423 276 1468 αὐτεξούσιον
306 1424 402 1462 τουτὶ
422 1423 461 1462 τὸ
488 1425 575 1467 ζῶον
594 1422 864 1460 κατεσκεύασεν.
884 1422 929 1459 Εἰ
951 1420 1019 1473 γὰρ
1038 1420 1086 1472 μὴ

59 1488 161 1523 τοῦτο
177 1479 234 1532 ἦν,
255 1484 334 1524 οὔτε
365 1484 576 1537 παραδάντα
608 1483 673 1531 τὴν
702 1481 843 1529 ἐντολὴν
874 1483 1088 1529 κολασθῆναι

59 1545 149 1592 ἔδει,
179 1546 255 1585 οὔτε
271 1546 468 1599 φυλάξαντα
496 1547 676 1598 ἀποδοχῆς
696 1545 896 1592 ἀξιωθῆναι.
911 1544 998 1584 εὈτι
1019 1545 1088 1599 γὰρ

60 1607 118 1646 διὰ
133 1607 197 1655 τὴν
212 1607 413 1660 παράὸασιν
430 1607 551 1654 θνητὸς
569 1607 688 1659 γέγονε
700 1637 709 1655 ,
729 1607 832 1652 δῆλον
852 1606 913 1645 καὶ
933 1606 967 1651 ἐξ
983 1609 1089 1653 αὐτῆς

60 1672 123 1715 τῆς
151 1669 312 1718 ἐντολῆς,
339 1668 398 1708 καὶ
431 1671 470 1708 ἐκ
495 1671 565 1707 τῶν
600 1668 690 1720 μετὰ
720 1672 832 1707 ταῦτα
867 1668 1088 1719 συμὸάντων.

59 1727 180 1768 Ἄκουε
209 1729 278 1783 γὰρ
306 1733 413 1777 αὐτῆς
443 1733 506 1777 τῆς
536 1730 696 1781 γυναικὸς
721 1729 894 1776 λαλούσης
916 1732 966 1781 τῷ
993 1730 1090 1783 ὄφει,

61 1790 145 1829 Ἀπὸ
163 1796 299 1844 καρποῦ
319 1795 380 1829 τοῦ
400 1791 500 1836 ξύλου
526 1795 587 1829 τοῦ
606 1793 641 1829 ἓν
661 1791 756 1843 μέσῳ
778 1794 838 1830 τοῦ
853 1791 1088 1842 παραδείσου,

61 1844 155 1889 εἶπεν
168 1854 186 1889 ὁ
207 1853 314 1900 Θεὸς,
333 1855 372 1890 οὖ
391 1852 440 1903 μὴ
459 1852 609 1904 φάγεσθε
628 1854 688 1890 ἀπ’
709 1853 832 1898 αὐτοῦ,
853 1852 910 1890 ἵνα
931 1851 980 1903 μὴ
1001 1855 1091 1890 ἀπο·

61 1912 199 1958 θάνητε.
214 1913 325 1951 Ὥστε
345 1913 415 1964 πρὸ
433 1915 497 1958 τῆς
520 1912 683 1965 βρώσεως
700 1913 865 1951 ἀθάνατοι
882 1913 1089 1967 ἐτύγχανον·

60 1976 91 2013 εἷ
105 1974 174 2028 γὰρ
191 1974 240 2025 μὴ
260 1980 361 2013 τοῦτο
376 1970 434 2022 ἦν,
455 1976 516 2014 οὐκ
533 1975 572 2013 ἂν
594 1975 684 2026 μετὰ
707 1974 770 2022 τὴν
791 1978 922 2028 βρῶσιν
942 1977 977 2014 ἐν
995 1975 1089 2021 τάξει

59 2036 231 2088 τιμωρίας
253 2036 369 2079 αὗτοῖς
383 2036 539 2088 ἐπήγαγε
554 2037 612 2075 τὸν
627 2037 785 2076 θάνατον.

113 2098 147 2135 Τ
151 2097 179 2141 ίς
199 2097 239 2135 ἂν
259 2091 318 2135 οὖν
337 2097 528 2150 ἀνάσχοιτο
554 2101 623 2135 τῶν
644 2095 758 2149 λέγειν
780 2097 1017 2149 βουλομένων,
1036 2097 1089 2136 ὅτι

61 2157 151 2208 μετὰ
164 2157 227 2204 τὴν
244 2158 314 2196 ἀπὸ
336 2161 396 2196 τοῦ
415 2157 515 2202 ξύλου
546 2160 677 2210 βρῶσιν
703 2157 786 2211 ἔσχε
803 2158 866 2206 τὴν
882 2162 1011 2208 γνῶσιν
1028 2163 1087 2197 τοῦ

60 2233 98 2256 τε
121 2220 227 2257 καλοῦ
245 2219 305 2257 καὶ
332 2223 392 2258 τοῦ
426 2223 579 2270 πονηροῦ
614 2222 633 2258 ὁ
664 2218 863 2271 ἄνθρωπος,
896 2220 1001 2258 ὁπότε
1028 2220 1089 2259 καὶ

58 2279 128 2332 πρὸ
145 2283 208 2327 τῆς
230 2278 392 2333 βρώσεως
405 2279 578 2328 τοσαύτης
592 2274 635 2327 ἦν
654 2281 776 2334 σοφίας
794 2282 1088 2336 πεπληρωμένος,

60 2341 120 2380 καὶ
151 2341 240 2393 μετὰ
264 2343 327 2387 τῆς
362 2340 484 2392 σοφίας
515 2341 576 2381 καὶ
610 2348 829 2396 προφητικοῦ
868 2343 1089 2396 χαρίσματος

59 2401 267 2453 ἧξιωμένος;
293 2402 386 2441 ’Καὶ
409 2404 485 2447 πῶς
517 2402 559 2440 ἂν
592 2403 667 2456 ἔχοι
699 2408 810 2442 ταῦτα
839 2404 963 2457 λόγον,
988 2410 1090 2457 αἶγας

62 2462 124 2512 μὲν
144 2463 203 2501 καὶ
227 2462 407 2516 πρόὸατα,
431 2463 492 2502 καὶ
515 2471 632 2502 πᾶσαν
656 2464 720 2512 τὴν
739 2467 809 2504 τῶν
830 2465 966 2518 ἀλόγων
987 2466 1088 2519 φύσιν

61 2524 209 2572 εἰδέναι,
230 2524 315 2564 ποία
352 2524 414 2576 μὲν
448 2525 575 2577 βοτάνη
603 2527 690 2580 πρὸς
719 2527 850 2581 τροφὴν
884 2528 1088 2578 ἐπιτηδεία,

59 2585 144 2623 ποία
163 2585 200 2624 δὲ
215 2585 355 2639 ὀλεθρία
368 2616 378 2633 ,
398 2587 458 2625 καὶ
474 2590 543 2626 τῶν
562 2587 625 2640 μὲν
639 2589 834 2642 ἀπέχεσθαι
851 2590 940 2642 μετὰ
955 2593 1088 2638 πολλῆς

60 2650 122 2694 τῆς
140 2648 311 2696 σπουδῆς,
344 2654 420 2692 ταῖς
452 2648 488 2688 δὲ
512 2650 727 2703 ἐπιτρέχειν·
745 2651 804 2690 τὸν
823 2651 859 2691 δὲ
887 2652 1084 2705 ἄνθρωπον,

60 2708 101 2747 τὸ
121 2710 259 2761 λογικὸν
274 2711 378 2759 ζῶον,
404 2713 539 2763 ἀγνοεῖν
557 2712 591 2750 τί
612 2713 675 2764 μὲν
694 2715 822 2764 καλὸν,
851 2716 886 2754 τί
913 2717 948 2755 δὲ
974 2731 1086 2764 πονη-

63 2769 144 2822 ρόν,
163 2771 254 2809 Ἀλλ’
277 2771 368 2820 ἷδου,
386 2789 492 2825 φησι,
512 2772 610 2818 ξύλον
628 2777 782 2827 γνωστὸν
804 2780 912 2816 καλου
935 2780 994 2818 καὶ
1017 2797 1088 2821 πο-

62 2847 167 2884 νηρου
184 2832 266 2871 αὐτὸ
282 2833 444 2872 ἐκάλεσεν
471 2839 494 2882 ἡ
527 2837 626 2888 Γραφ
624 2836 665 2883 η’.
686 2831 778 2876 Οἶδα
797 2840 914 2892 κάγώ·
936 2845 1013 2882 ἀλλ’
1031 2845 1088 2884 ἐὰν

62 2892 133 2931 ‘ta'
125 2891 297 2943 ιδιώματα
316 2897 379 2941 τῆς
397 2895 489 2940 θείας
506 2897 649 2949 Γραφης
669 2903 790 2948 μαθεῖν
812 2903 1003 2955 βουληθης,
1012 2921 1088 2959 εισῃ

62 2953 152 2998 τίνος
176 2953 292 2992 ἕνεκεν
305 2954 369 3001 τὴν
386 2956 576 3007 ὀνομασίαν
597 2959 726 3008 ταύτην
744 2961 892 3010 ἐπέθηκε
908 2967 958 3002 τῢ
985 2965 1087 3020 ξύλω

63 3019 118 3056 Οὐ
131 3017 230 3070 γὰρ’
215 3018 336 3065 επειδὴ
357 3019 440 3063 αὗτο
461 3018 524 3067 τὴν
541 3023 670 3072 γνῶσιν
686 3030 868 3078 παρεῖχεν,
885 3027 994 3072 οὕτως
1007 3031 1093 3068 ἐκα-

62 3079 175 3116 λεῖτο·
209 3080 286 3117 ἀλλ’
318 3080 439 3128 ἐπειδὴ
469 3081 550 3134 περὶ
569 3083 652 3121 αὐτὸ
680 3084 817 3137 γέγονεν
840 3091 862 3134 ἡ
894 3089 1096 3142 παράέασις

65 3155 127 3187 της
140 3141 298 3189 ἐντολῆς,
313 3158 373 3181 και
385 3142 450 3188 ἐξ’
436 3143 565 3183 εκείνου
580 3145 701 3184 λοιπὸν
715 3150 779 3194 τῆς
793 3149 967 3201 ἁμαρτίας
983 3155 1095 3192 ἐπεισ-

64 3203 168 3247 ῆλθεν
201 3204 223 3248 ἡ
256 3205 406 3253 γνῶσις,
434 3204 494 3243 καὶ
519 3207 542 3251 ἡ
576 3206 738 3259 αἷσγύνη,
765 3209 823 3248 διὰ
841 3226 942 3250 τουτο
957 3211 1093 3259 ιὀύτως

65 3260 245 3309 ἐκέκλητο.
259 3261 364 3308 Ἔθος
379 3264 447 3318 γὰρ
465 3268 510 3318 τῇ
537 3267 613 3321 θείᾳ
626 3269 752 3322 Γραφῇ
772 3271 842 3310 ἀπὸ
859 3274 929 3311 τῶν
943 3275 1094 3327 συμὸαι-

110 3379 123 3396 ⁶
142 3378 295 3418 Quattuor
314 3380 391 3413 Mss-
409 3386 455 3416 ἵνα
470 3389 514 3425 μὴ
530 3389 579 3428 ἐξῇ
594 3400 648 3420 τινι
664 3390 762 3421 τοῦτο.

112 3439 125 3453 '¹
142 3429 276 3474 Aliquot
296 3433 370 3465 Mss.
390 3443 451 3473 πῶς
467 3441 523 3480 γὰρ
539 3442 574 3470 ἂν
590 3441 662 3479 ἔχοι.

1163 1360 1271 1407 Quod
1290 1361 1384 1399 enim
1401 1362 1513 1401 factus
1528 1363 1575 1401 sit
1591 1363 1752 1402 mortalis
1779 1373 1923 1416 pr·opte1
1941 1377 2036 1416 praev
2039 1363 2116 1401 ari—

1163 1423 1351 1473 cationem,
1371 1433 1405 1462 et
1421 1439 1464 1463 ex
1484 1425 1553 1463 hoc
1569 1426 1750 1475 mandato,
1771 1435 1804 1464 et
1821 1426 1863 1464 iis
1879 1440 1957 1477 quse
1971 1436 2120 1476 sequuta

1164 1494 1262 1534 sunt,
1279 1485 1417 1524 clarum
1450 1496 1512 1525 est.
1536 1487 1632 1526 Audi
1669 1488 1764 1526 enim
1795 1488 1984 1527 mulierem
2002 1489 2119 1541 ipsam

1164 1545 1368 1598 loquentem
1388 1549 1542 1601 serpenti
1568 1566 1576 1587 :
1593 1551 1656 1589 De
1657 1552 1803 1604 fructu
1815 1551 1924 1604 ligni,
1945 1552 2051 1604 quod
2062 1559 2117 1589 est

1165 1612 1207 1647 in
1222 1611 1348 1648 medio
1363 1612 1555 1662 paradisi,
1578 1612 1679 1650 dixit
1699 1613 1820 1660 Deus,
1842 1627 1888 1650 ne
1905 1613 2119 1651 comedatis

1165 1686 1212 1710 ex
1224 1685 1282 1719 eO,
1300 1681 1342 1710 ut
1362 1686 1441 1710 non
1460 1676 1694 1712 moriamini.
1707 1675 1832 1726 Itaque
1851 1684 1932 1712 ante
1945 1674 2118 1727 praevari-

1164 1733 1339 1771 cationem
1354 1733 1574 1772 immortales
1592 1745 1708 1785 erant;
1733 1736 1867 1786 alioqui
1888 1745 1967 1789 post
1999 1736 2120 1775 eibum

1163 1808 1234 1832 non
1255 1795 1427 1848 supplicii
1445 1795 1524 1834 loco
1548 1806 1699 1835 mortem
1717 1797 1955 1850 imposuisset.

1216 2101 1255 2139 6.
1274 2099 1366 2147 Quis
1379 2114 1463 2152 ergo
1481 2101 1571 2140 ferat
1586 2115 1645 2140 eos
1666 2102 1729 2154 qui
1753 2102 1872 2142 dicere
1890 2103 2036 2154 audent,
2048 2105 2117 2144 ho-

1164 2160 1298 2199 minem
1313 2171 1393 2213 post
1411 2176 1510 2200 esum
1539 2162 1585 2200 de
1614 2163 1713 2216 ligno
1740 2165 1972 2216 acquisivisse
2006 2167 2120 2206 seien-

1164 2221 1252 2259 tiam
1270 2222 1357 2260 honi
1374 2231 1407 2260 et
1426 2222 1528 2273 mali,
1545 2223 1608 2275 qui
1621 2233 1654 2262 et
1666 2235 1746 2263 ante
1756 2239 1856 2264 esum
1869 2236 1965 2266 tanta
1980 2231 2122 2281 sapien-

1164 2281 1215 2320 tia
1229 2283 1358 2335 plenus
1373 2292 1460 2332 erat,
1473 2293 1604 2323 etcum
1624 2285 1769 2325 scientia
1790 2288 1899 2326 etiam
1914 2289 2122 2343 prophetica

1165 2343 1282 2395 gratia
1310 2343 1481 2397 dignatus
1508 2346 1585 2385 est?
1610 2347 1657 2386 Et
1681 2348 1860 2399 quomodo
1890 2348 1960 2389 hoc
1992 2352 2121 2391 rationi

1166 2419 1362 2444 consonum
1380 2415 1482 2456 esset,
1496 2421 1620 2461 capras
1635 2409 1780 2460 quidem
1797 2421 1829 2448 et
1845 2425 1928 2450 oves
1943 2413 2120 2452 omnium-

1164 2481 1233 2519 que
1252 2467 1443 2506 brutorum
1456 2477 1621 2507 naturam
1636 2471 1740 2521 scire,
1757 2486 1836 2522 quae
1849 2472 1960 2512 herba
1972 2474 2018 2512 sit
2029 2476 2119 2513 salu-

1163 2529 1265 2580 taris,
1286 2539 1320 2569 et
1340 2531 1422 2569 cibo
1440 2530 1554 2581 utilis,
1577 2540 1610 2569 et
1626 2546 1704 2583 quae
1724 2534 1936 2585 perniciosa,
1950 2545 1990 2573 ut
2017 2537 2116 2575 illam

1163 2591 1279 2642 adeat,
1296 2592 1388 2630 hane
1402 2591 1558 2630 studiose
1576 2592 1722 2644 fugiat.
1741 2603 1774 2632 et
1796 2594 1988 2644 hominem,
2008 2598 2116 2636 ratio-

1163 2654 1243 2691 nale
1261 2653 1407 2701 animal,
1423 2653 1559 2691 nescire
1581 2654 1670 2703 quid
1697 2655 1831 2694 bonum
1870 2657 2012 2708 etquid
2039 2673 2134 2698 ma—

1163 2716 1266 2754 lum?
1287 2715 1357 2754 Sed
1376 2730 1467 2764 ecee,
1495 2715 1624 2767 inquit.
1662 2717 1847 2769 Scriptura
1881 2718 2021 2770 lignum
2048 2720 2117 2760 hoc

1164 2787 1269 2817 vocat
1299 2778 1440 2830 lignum
1459 2777 1611 2815 scientim
1633 2777 1717 2815 boni
1739 2787 1771 2815 et
1792 2778 1888 2816 mali.
1911 2781 2033 2832 Neque
2062 2797 2118 2822 me

1165 2839 1233 2878 hoe
1253 2839 1339 2877 latet
1360 2855 1367 2875 ε
1391 2837 1451 2876 sed
1472 2838 1499 2875 si
1517 2838 1748 2890 proprietates
1768 2838 1901 2877 divina?
1921 2842 2116 2895 Scripturae

1165 2900 1304 2939 discere
1316 2899 1488 2946 volueris,
1509 2898 1598 2936 scies
1613 2913 1722 2950 quare
1736 2899 1804 2938 hoc
1817 2915 1944 2940 nomen
1961 2903 2046 2942 huic
2070 2905 2118 2942 li—

1166 2977 1236 3015 gno
1258 2962 1400 3001 tribuit.
1425 2962 1504 2999 Non
1523 2960 1617 2997 enim
1644 2960 1740 3011 quod
1761 2961 1898 3000 homini
1932 2965 2117 3003 scientiam

1165 3025 1316 3075 dederit,
1336 3024 1388 3062 sic
1400 3031 1568 3060 vocatum
1584 3030 1652 3058 est:
1669 3022 1730 3059 sed
1749 3022 1831 3074 quia
1847 3039 1910 3076 per
1924 3025 2013 3062 illud
2026 3027 2116 3065 saeta

1165 3097 1218 3127 est
1239 3085 1470 3138 transgressio
1490 3082 1714 3134 mandati,ct
1728 3098 1773 3122 ex
1787 3084 1850 3123 illo
1867 3096 1988 3138 postea
2009 3087 2118 3125 intra-

1164 3151 1219 3189 vit
1238 3148 1371 3201 peceati
1391 3145 1548 3197 cognitio
1567 3154 1674 3195 atque
1700 3145 1830 3197 pudor,
1853 3158 2036 3200 propterea
2067 3149 2118 3187 sic

1165 3211 1383 3264 appellatum
1405 3217 1467 3245 est.
1489 3208 1570 3244 Mos
1584 3206 1679 3244 enim
1695 3206 1829 3246 divinae
1841 3209 2035 3262 Scriptura?
2049 3220 2114 3256 est,

1165 3290 1185 3312 a
1199 3273 1305 3312 rebus
1327 3267 1569 3308 accidentibus
1582 3268 1724 3307 nomina
1740 3269 1827 3307 locis
1847 3269 2040 3322 imponere,
2055 3271 2115 3308 ubi

1154 3393 1170 3416 ἒ»
1187 3392 1274 3422 Octo
1289 3390 1366 3421 &ts-s.
1387 3392 1478 3427 οὕτως
1493 3391 1638 3422 ἐκαλεῖτο.
1651 3386 1754 3420 Paulo
1770 3395 1845 3430 post
1862 3400 1947 3422 unus
1962 3389 2042 3431 ch.
2059 3395 2119 3426 τοῖς

1110 3450 1207 3481 τόποις
1221 3447 1342 3477 τιθέναι.

2229 2481 2320 2509 Adam

2169 2524 2319 2551 scientiam

2129 2567 2167 2593 bo
2151 2567 2200 2592 oni
2214 2573 2242 2593 et
2257 2577 2321 2593 nia-

2129 2608 2149 2635 li
2187 2619 2243 2635 non
2282 2618 2317 2634 ex

2129 2659 2178 2676 esu
2200 2660 2213 2676 a
2237 2650 2318 2686 ligno

2125 2691 2251 2728 accepit.
