2433 3775
789 238 833 268 ΙΝ
869 238 970 268 (ἶΛΡ.
1013 237 1042 266 1.

149 324 313 363 ταλαῧεῖν
347 322 594 375 ἐξισχύσαμεν.
633 321 755 369 Πολλὴ
790 322 858 377 γάρ
899 324 971 360 ἐστι
1012 325 1072 361 τοῦ
1111 324 1172 369 θη-

1084 237 1245 267 Gumis.

1287 237 1441 267 noant„
1484 239 1547 267 ΙΙΙ.

2149 245 2200 289 Ῑὶ)

1250 319 1442 360 valuimus.
1464 322 1596 371 Magna
1611 321 1707 358 enim
1722 329 1773 357 est
1792 321 1898 372 liujus
1918 321 2072 360 thesauri
2092 324 2201 361 aliun-

149 389 277 439 σαυροῦ
308 388 330 432 ἡ
363 383 564 437 περιουσία,
592 383 653 423 καὶ
683 388 752 424 τῶν
780 383 946 435 ναμάτων
971 386 1034 430 τῆς
1061 386 1177 435 πηγῆς
1201 392 1224 422 C
1249 381 1385 431 dantia,
1405 390 1440 420 et
1458 382 1556 434 larga
1576 382 1683 420 sontis
1702 381 1810 434 liujus
1836 381 2034 434 spiritualis
2058 383 2200 421 fluenta.

149 447 276 494 ταύτης
298 448 360 492 τῆς
379 447 620 497 πνευματικῆς
635 448 657 492 ἡ
675 445 848 498 δαψίλεια.
869 445 938 484 Καὶ
971 443 1020 495 μὴ
1042 445 1177 496 θαυμά-

150 525 232 560 σῃς,
253 510 284 547 εἷ
309 510 412 558 ἡμεῖς
440 511 541 546 τοῦτο
565 507 808 558 πεπόνθαμεν·
836 507 895 546 καὶ
927 509 957 545 οἱ
986 506 1055 559 πρὸ
1074 509 1174 558 ἡμῶν

150 569 241 608 κατὰ
262 569 406 620 δύναμιν
429 568 494 616 τὴν
518 570 650 607 ἑαυτῶν
665 569 710 608 τὰ
729 571 882 608 ἐντεῦθεν
908 568 1050 618 νάματα
1076 568 1175 615 ἐξήν-

150 633 297 679 τλησαν,
313 630 373 669 καὶ
394 631 425 669 οἷ
441 631 516 681 μεθ’
536 633 637 682 ἡμᾶς
645 630 752 669 πάλιν
768 633 868 669 τοῦτο
882 633 1029 676 ποιῆσαι
1046 631 1177 682 ἐπιχει-

156 693 300 746 ρήσουσι
311 722 321 740 ,
349 691 409 730 καὶ
436 690 513 730 οὐδὲ
529 691 618 729 οὕτω
634 694 785 730 κενῶσαι
811 691 1014 738 δυνήσονται
1029 690 1068 728 τὸ
1085 697 1155 728 πᾶν
1168 706 1175 713 ·

153 755 231 792 ἀλλ’
246 752 385 797 αὔξεται
395 751 438 790 τὰ
448 755 508 798 τῆς
519 753 694 804 ἐπιῤῥοῆς,
704 751 763 789 καὶ
774 750 955 790 ἐπιδίδωσι
965 750 1009 788 τὰ
1022 750 1176 801 νάματα.

152 815 187 852 Τ
188 813 308 858 οιαύτη
330 812 398 865 γὰρ
418 815 488 850 τῶν
509 811 674 862 ναμάτων
693 814 763 850 τῶν
790 814 1035 862 πνευματικῶν
1063 815 1084 858 ἠ
1112 812 1177 864 φύ-

153 889 206 917 σις
218 888 226 896 ·
244 872 316 925 ὅσῳ
333 873 373 911 ἄν
389 888 442 916 τις
457 871 547 923 μετὰ
565 871 744 924 δαψιλείας
757 872 800 910 τὰ
814 875 966 911 ἐντεῦθεν
984 871 1180 927 ἀρύσασθαι

154 937 307 988 βουληθῇ
324 934 480 985 νάματα,
497 932 652 986 τοσούτῳ
669 936 800 984 μᾶλλον
818 935 1013 983 ἀναὸλύζει,
1028 935 1087 973 καὶ
1107 938 1180 974 ἐπι-

155 996 294 1036 δίδωσιν
331 999 353 1042 ἡ
380 996 484 1048 χάρις
514 998 535 1042 ἡ
567 995 801 1046 πνευματική.
837 995 906 1034 Διὰ
938 1012 1038 1036 τουτο
1066 1013 1125 1036 και
1163 1001 1180 1036 ὁ

154 1058 304 1111 Χριστὸς
318 1057 448 1109 ἔλεγεν,
469 1056 512 1095 ’E
516 1057 555 1095 άν
575 1072 627 1100 τις
647 1057 744 1109 διψᾷ,
761 1056 917 1110 ἐρχέσθω
937 1058 1045 1110 πρός
1040 1075 1097 1104 με,
1121 1059 1180 1097 καὶ

153 1119 295 1157 πινέτω.
315 1117 359 1157 Ὁ
381 1117 554 1157 πιστεύων
577 1120 624 1161 εἰς
644 1120 705 1168 ἐυ.
681 1148 727 1167 ...,
747 1118 861 1162 καθὼς
881 1123 1010 1158 εἶπεν
993 1136 1014 1168 η
1039 1120 1180 1174 Ιραφὴ,

153 1179 307 1231 ποταμοὶ
332 1181 372 1218 ἐκ
396 1183 458 1227 ἰ-ἦς
475 1179 607 1223 κοιλίας
629 1182 734 1219 αὐτοῦ
755 1179 967 1233 ῥεύσουσιν“
949 1183 1073 1226 υόατος
1092 1184 1181 1227 ζων-

154 1256 232 1284 τος·
253 1241 292 1280 τὸ
312 1240 453 1294 δαψιλὲς
471 1257 541 1280 των
570 1241 736 1292 ναμάτων
756 1246 841 1292 ἡμῖν
868 1242 1057 1295 ἐμφαίνων.
1078 1243 1182 1282 Ἐπεὶ

154 1305 212 1341 οὐν
228 1301 371 1348 τοιαύτη
390 1305 459 1340 τῶν
478 1302 645 1353 ναμάτων
664 1305 732 1340 τῶν
752 1306 998 1353 πνευματικῶν
1018 1307 1040 1351 ἡ
1061 1303 1182 1355 φύσις,

155 1363 236 1417 φέρε
253 1363 398 1406 ἕκαστος
425 1366 528 1413 ἡμων
545 1363 589 1402 τὰ
611 1365 735 1416 ἀγγεῖα
754 1380 817 1410 της
837 1363 991 1409 διανοίας
1010 1364 1098 1416 μετὰ
1116 1366 1181 1403 δα-

154 1423 290 1477 ψιλείας
320 1423 628 1477 προσενέγκωμεν,
666 1423 748 1464 ι’ῗνα
786 1425 1036 1479 πληρώσαντες
1075 1427 1181 1476 αὐτὰ,

155 1485 264 1529 οὕτως
282 1487 539 1537 ἐπανέλθωμεν.
559 1485 675 1525 υΟταν
691 1486 759 1539 γὰρ
781 1486 836 1539 ἴδῃ
856 1491 878 1534 ἡ
899 1490 960 1525 τοῦ
978 1486 1183 1539 Πνεύματος

155 1546 258 1599 χάρις
289 1546 394 1586 πόθον
433 1547 571 1596 ζέοντα,
611 1547 672 1586 καὶ
708 1548 980 1602 διεγηγερμένην
1016 1549 1183 1597 διάνοιαν,

156 1607 325 1646 πλουσίαν
351 1607 414 1655 τὴν
436 1611 520 1661 παρ’
539 1611 666 1656 ἑαυτῆς
684 1610 846 1662 δωρεῖται
873 1610 990 1663 χάριν.
1013 1609 1183 1658 Ἀποστή-

158 1685 281 1714 σαντες
298 1669 412 1708 τοίνυν
433 1670 574 1715 ἑαυτοὺς
588 1671 729 1710 πάντων
749 1675 818 1710 τῶν
837 1674 1025 1723 βιωτικῶν,
1045 1673 1105 1711 καὶ
1124 1673 1185 1717 τὰς

157 1731 339 1783 φροντίδας
366 1731 428 1775 τὰς
447 1733 605 1771 ἀκανθῶν
623 1732 722 1780 δίκην
741 1733 949 1786 συμπνίγειν
967 1734 1162 1785 δυναμένας
1175 1765 1184 1781 ,

156 1793 215 1831 τὸν
243 1793 413 1846 ἡμέτερον
439 1795 629 1846 ο’λογισμὸν
662 1795 908 1846 ἐκτέμνοντες,
937 1795 1020 1843 ὅλην
1052 1797 1185 1846 ἑαυτῶν

156 1853 219 1900 τὴν
240 1854 392 1893 διάνοιαν
417 1856 692 1907 μεταστήσωμεν
709 1858 756 1900 εἷς
771 1856 832 1904 τὴν
853 1859 921 1894 τῶν
941 1860 1185 1907 πνευματικῶν

156 1914 360 1966 ἐπιθυμίαν,
391 1915 447 1953 ἵνα
474 1916 607 1963 πολλὴν
629 1920 782 1956 ἐντεῦθεν
812 1917 991 1968 δεξάμενοι
1010 1918 1073 1964 τὴν
1094 1918 1187 1970 ὠφέ-

156 1978 266 2023 λειαν,
286 1976 345 2014 καὶ
371 1977 600 2029 κερδάναντές
625 1994 660 2017 τι
692 1978 783 2030 μέγα
804 1979 863 2017 καὶ
879 1986 1048 2032 γενναῖον,
1079 1980 1188 2025 οὕτως

158 2036 360 2087 ἐξέλθωμεν.
378 2036 471 2076 Ἀλλ’
488 2037 545 2075 ἵνα
565 2039 774 2092 σαφέστερος
791 2043 872 2087 ὑμῖν
886 2043 904 2079 ὁ
918 2041 1017 2092 λόγος
1031 2041 1186 2093 γένηται,

160 2096 270 2150 μικρὰ
290 2101 357 2135 τῶν
378 2097 459 2149 χθὲς
478 2099 670 2150 εἰρημένων
691 2100 950 2151 ὑπομνήσωμεν
971 2101 1034 2149 τὴν
1057 2101 1186 2152 ὑμετέ-

159 2173 220 2210 ραν
237 2158 390 2210 ἀγάπην,
410 2158 453 2196 ἵν’
475 2159 587 2206 οὕτω,
607 2161 766 2215 καθάπερ
786 2164 890 2213 σῶμα
910 2162 959 2211 ἓν,
978 2163 1038 2202 καὶ
1060 2162 1105 2201 τὰ
1125 2163 1187 2210 σή-

159 2234 262 2272 μερον
294 2219 467 2271 μέλλοντα
505 2221 718 2275 ῥηθήσεσθαι
762 2223 971 2277 συνάψωμεν
1003 2231 1075 2268 τοῖς
1106 2223 1187 2277 χθὲς

158 2281 365 2333 εἰρημένοις.
382 2279 607 2333 Ἐδείκνυμεν
624 2282 692 2337 γὰρ
707 2282 807 2336 χθὲς,
823 2283 982 2337 καθάπερ
996 2285 1186 2337 μέμνησθε,

157 2343 233 2385 πῶς
251 2345 268 2395 ὁ
284 2342 455 2395 μακάριος
470 2345 625 2391 Μωϋσῆς
644 2344 868 2398 διηγούμενος
894 2349 980 2397 ἡμῖν
1005 2349 1073 2385 τῶν
1095 2363 1188 2386 στοι-

157 2403 262 2455 χείων
281 2403 410 2442 τούτων
427 2407 496 2443 τῶν
517 2406 703 2458 ὁρωμένων
725 2406 788 2454 τὴν
809 2407 1040 2461 δημιουργίαν
1058 2408 1188 2461 ἔλεγεν,

159 2465 212 2503 ὅτι
241 2465 303 2504 Ἐν
333 2468 426 2518 ἀρχῇ
449 2467 611 2515 ἐποίησεν
631 2472 649 2507 ὃ
667 2469 758 2513 Θεὸς
782 2469 840 2508 τὸν
866 2470 1008 2522 οὐρανὸν
1038 2469 1097 2509 καὶ
1124 2469 1188 2518 τὴν

160 2530 224 2578 γ’ῆν
237 2543 245 2550 ·
262 2531 284 2574 ἡ
305 2527 340 2566 δὲ
359 2531 403 2578 γῆ
421 2523 463 2576 ἦν
481 2528 626 2582 ἀόρατος
655 2530 714 2568 καὶ
747 2531 1069 2576 ἀκατασκεύαστος·
1101 2536 1116 2553 ²¹
1130 2532 1190 2571 καὶ

162 2588 391 2639 ἐδιδάσκομεν
419 2592 510 2640 ὑμᾶς
528 2590 590 2638 τὴν
612 2591 728 2630 αἰτίαν
749 2592 840 2637 τίνος
859 2592 972 2632 ἕνεκεν
998 2609 1057 2632 και
1080 2592 1137 2632 διὰ
1157 2593 1191 2632 τί

162 2650 254 2687 ουτω
280 2649 344 2698 τὴν
364 2653 430 2702 γῆν
451 2652 656 2705 παρήγαγεν
685 2653 892 2707 ἀμόρφωτον
912 2655 1011 2694 καὶ
993 2655 1192 2694 αδιατύπω-

162 2725 234 2757 τον,
249 2705 359 2749 καὶ
325 2715 424 2762 οἶμαι
442 2715 531 2764 ὑμᾶς
548 2713 687 2752 ἅπαντα
704 2715 794 2767 μετὰ
811 2715 991 2769 ἀκριὸείας
1011 2717 1189 2769 κατέχειν·

163 2774 352 2825 ἀναγκαῖον
386 2778 445 2813 οὖν
478 2791 632 2829 σημερον
665 2783 736 2821 τοῖς
773 2778 969 2822 ἀκολούθως
979 2778 1193 2854 εἰρημένοις

163 2833 368 2879 ἐπεξελθεῖν.
393 2834 542 2884 Ἐπειδὴ
562 2836 629 2889 γὰρ
649 2842 757 2887 εἶπεν,
778 2838 824 2877 Ἣ
850 2839 886 2878 δὲ
905 2842 950 2891 γῆ
977 2844 1019 2887 ἠν
1047 2839 1193 2892 ἀόρατος

165 2895 225 2933 καὶ
256 2896 582 2946 ἀκατασκεύαστος,
607 2899 764 2938 διδάσκει
781 2903 876 2951 ἡμᾶς
898 2901 1070 2953 ἀκριὸῶς,
1090 2901 1193 2939 πόθεν

166 2959 207 3002 ἠν
224 2956 370 3006 ἀόρατος
388 2956 486 2994 καὶ’
466 2960 795 3009 ακατασκεύαστος,
815 2962 886 3014 φάσ
867 2978 971 3000 κων·
988 2962 1059 3000 Καὶ
1074 2963 1194 3006 σκότος

166 3015 284 3054 ἐπάνω
313 3017 376 3062 τῆς
413 3016 584 3064 ἀὸύσσου,
616 3018 678 3058 καὶ
711 3021 858 3071 Πνεῦμα
889 3022 982 3060 Θεοῦ
1009 3020 1196 3074 ἐπεφέρετο

164 3075 307 3114 ’Ἂξπάνω
325 3081 386 3116 τοῦ
410 3076 546 3122 ὕδατος.
572 3080 705 3120 Σκόπει
733 3097 793 3131 μοι
825 3084 973 3121 ἐνταῦθα
998 3087 1058 3122 τοῦ
1078 3098 1194 3133 μακα-

184 3208 186 3210 -
212 3191 229 3216 b
244 3190 380 3224 Coislin.
398 3196 445 3226 ἵνα
458 3197 711 3239 ἀναπληρώςαντε
713 3210 738 3233 ς.

1210 1194 1232 1223 Ι)

1252 441 1325 479 Nec
1350 440 1506 490 mireris,
1529 440 1723 491 carissime,
1755 439 1783 479 si
1807 440 1910 478 nobis
1935 440 2002 478 hoc
2034 441 2168 480 accidat
2195 459 2200 478 :

1249 503 1355 541 etiam
1376 503 1439 555 qui
1463 512 1544 541 ante
1565 516 1628 541 nos
1651 503 1751 541 suere
1768 516 1833 555 pro
1851 502 1992 541 viribus
2007 502 2080 540 suis
2097 518 2204 554 aquas

1251 564 1334 602 inde
1353 565 1561 615 hauserunt,
1585 573 1618 602 et
1639 564 1806 602 similiter
1825 563 1885 615 qui
1908 572 1987 616 post
2005 577 2069 603 nos
2093 565 2203 603 futuri

1251 634 1333 664 sunt
1348 626 1442 664 idem
1456 625 1692 673 attentabunt,
1707 639 1820 677 neque
1837 624 1889 664 sic
1904 634 2017 664 totum
2037 640 2206 664 evacuare

1252 695 1438 738 poterunt;
1456 687 1518 725 sed
1539 687 1654 738 magis
1673 688 1815 725 interim
1839 697 2034 739 augescunt
2057 688 2204 733 fluenta,

1252 756 1285 784 et
1306 756 1468 785 creseunt
1487 747 1593 786 alvei.
1612 748 1695 786 Haec
1716 749 1810 786 enim
1828 748 2071 800 spiritualium
2091 750 2209 788 flumi-

1253 821 1340 845 num
1362 817 1488 846 natura
1502 817 1565 857 est,
1581 817 1673 846 uteo
1688 809 1804 858 magis
1819 809 2024 858 scaturiant,
2040 819 2073 847 et
2092 825 2208 849 accre-

1253 869 1532 922 scatspiritualis
1542 869 1893 921 gr‹·1tia,quoquism.¹
1887 869 1962 920 agis
1974 870 2056 908 ind(
2066 871 2210 909 haurire

1253 931 1383 969 s.tudet
1399 933 1548 983 Propter
1565 931 1631 969 lioc
1643 940 1676 969 et
1689 931 1855 969 Christus
1874 930 2042 969 dicebat:
2063 933 2103 970 Si
2125 936 2226 984 quis
2221 940 2258 966 lo
2266 950 2312 966 ‹.11=

1253 995 1349 1039 sitit,
1371 995 1508 1031 'ventat
1534 994 1588 1031 ad
1609 1007 1680 1040 me,
1705 1001 1741 1031 et
1772 994 1999 1043 bibat.Q11i
2020 995 2140 1032 credet
2170 1010 2211 1032 ιιι
2223 980 2270 1010 ³3

1254 1068 1327 1101 me,
1341 1056 1440 1092 sicut
1462 1055 1563 1092 dixit
1582 1054 1795 1106 Scriptura,
1798 1053 1977 1108 flumina
2002 1056 2050 1093 cle
2074 1065 2212 1094 ventre

1253 1118 1336 1168 ejus
1358 1116 1491 1169 fluent
1528 1130 1641 1169 aquoe
1688 1118 1858 1154 viventis
1887 1132 1897 1152 .-
1925 1116 2056 1167 quibus
2091 1118 2211 1156 verbis

1256 1176 1385 1214 horum
1413 1176 1629 1215 fluentorum
1656 1175 1913 1215 abundantiam
1940 1178 2042 1216 nubis
2065 1178 2209 1217 indicat.

1257 1237 1436 1284 Quoniam
1458 1238 1569 1290 igitur
1590 1237 1833 1291 spiritualium
1852 1239 2066 1277 fluentorum
2086 1250 2211 1278 natura

1256 1299 1337 1337 talis
1347 1308 1486 1351 est,age
1498 1299 1689 1338 afferamus
1699 1314 1819 1340 omnes
1837 1301 1963 1338 mentis
1976 1310 2103 1339 nostrae
2117 1316 2212 1349 vasa,

1258 1369 1296 1398 ut
1315 1360 1471 1412 impletis
1489 1361 1562 1399 illis
1583 1361 1732 1400 domum
1750 1360 1946 1400 redeamus.
1962 1363 2054 1400 Nam
2071 1363 2215 1414 quando

1258 1421 1355 1460 videt
1378 1421 1492 1474 gratia
1513 1422 1669 1476 Spiritus
1693 1423 1833 1462 fervens
1851 1422 2085 1473 desiderium,
2103 1433 2136 1462 et
2158 1425 2216 1463 vi-

1259 1483 1366 1535 gilem
1388 1493 1650 1532 mentem,tune
1665 1494 1699 1523 et
1718 1484 1870 1535 gratiam
1890 1499 1990 1523 suam
2010 1486 2215 1539 opulentam

1258 1544 1444 1584 liberalius
1476 1545 1640 1598 largitur.
1669 1545 1902 1584 Abducamus
1936 1546 2047 1599 igitur
2078 1562 2141 1585 nos
2171 1548 2217 1585 ab

1259 1606 1426 1645 omnibus
1440 1606 1550 1660 hujus
1566 1607 1648 1646 vitae
1668 1606 1776 1657 curis,
1797 1616 1831 1645 et
1850 1607 1991 1645 resectis
2008 1607 2051 1645 iis
2065 1623 2143 1659 quae
2159 1622 2217 1646 eo-

1260 1666 1447 1720 gitationes
1467 1677 1605 1707 nostras
1625 1668 1724 1708 velut
1743 1669 1853 1721 spinae
1880 1669 2069 1717 suffocant,
2082 1669 2126 1707 ad
2146 1671 2217 1723 spi—

1260 1729 1447 1767 ritualium
1480 1729 1698 1769 desiderium
1734 1739 1887 1768 mentem
1927 1739 2084 1769 nostram
2109 1740 2217 1769 totam

1260 1791 1527 1842 transferamus,
1550 1801 1589 1829 ut
1608 1805 1737 1842 magno
1756 1791 1838 1829 inde
1858 1801 2036 1844 reportato
2055 1793 2169 1843 lucro,
2186 1802 2221 1831 et

1260 1852 1394 1903 ingenti
1418 1853 1574 1891 utilitate
1595 1862 1784 1905 percepta,
1807 1853 1856 1891 ita
1886 1854 1970 1891 hinc
2000 1853 2216 1892 recedamus.

1261 1914 1437 1951 Caeterum
1458 1922 1497 1951 ut
1518 1913 1623 1952 vobis
1646 1913 1865 1952 manifestior
1887 1914 1933 1951 sit
1960 1929 2086 1965 sermo,
2106 1929 2218 1967 pauca

1258 1973 1421 2025 quaeclam
1435 1989 1479 2013 ex
1488 1974 1662 2013 hesternis
1678 1974 1786 2013 dictis
1802 1975 1837 2012 in
1854 1975 2063 2014 memoriam
2080 1976 2218 2014 caritati

1259 2045 1385 2074 vestrae
1406 2036 1611 2082 referemus,
1626 2044 1665 2073 ut
1684 2035 1735 2074 sic
1755 2035 1799 2073 iis
1812 2050 1891 2087 quae
1910 2037 1988 2074 heri
2007 2037 2104 2075 dicta
2118 2046 2215 2086 sunt,

1258 2096 1335 2134 haec
1358 2110 1454 2134 nunc
1478 2095 1631 2134 dicenda
1661 2096 1762 2147 qnasi
1793 2097 1829 2134 in
1852 2111 1965 2134 unum
1988 2111 2118 2150 corpus
2137 2112 2217 2136 con-

1254 2158 1462 2210 jungamus,
1481 2157 1716 2197 Ostendimus
1727 2158 1822 2196 enim
1835 2158 1924 2209 heri,
1942 2168 1981 2197 ut
1994 2161 2218 2207 meministis,

1259 2219 1439 2270 quomodo
1467 2220 1591 2258 beatus
1620 2221 1738 2258 Moses
1763 2234 1929 2259 enarrans
1957 2221 2062 2260 nobis
2088 2221 2216 2260 horum

1259 2279 1461 2318 visibilium
1477 2280 1733 2318 elementorum
1745 2281 1956 2319 creationem
1969 2291 2001 2319 et
2018 2282 2216 2334 opificium,

1259 2340 1392 2380 dixerit
1411 2358 1420 2380 z
1440 2344 1489 2379 In
1502 2344 1703 2394 principio
1708 2343 1803 2393 fecit
1816 2343 1924 2380 Deus
1940 2344 2078 2381 melum
2093 2352 2128 2381 et
2144 2353 2217 2382 ter-

1261 2417 1347 2441 ram
1369 2419 1380 2439 :
1404 2411 1507 2441 terra
1529 2411 1660 2441 autem
1681 2411 1765 2440 erat
1785 2404 1993 2442 invisibilis
2015 2413 2049 2442 et
2072 2407 2217 2443 incom-

1260 2467 1388 2517 posita
1405 2480 1416 2500 .·
1437 2473 1472 2502 et
1496 2477 1562 2502 vos
1587 2477 1730 2501 causam
1757 2462 1959 2514 docuimus,
1981 2479 2091 2516 quare
2122 2467 2217 2503 Deus

1262 2536 1394 2565 terram
1416 2526 1626 2576 informem,
1659 2534 1693 2564 et
1722 2526 1833 2564 nullis
1861 2527 1989 2577 figuris
2021 2528 2218 2580 expolitam

1263 2587 1570 2638 creaverit3quae,
1597 2587 1740 2639 opinor,
1766 2587 1884 2625 omnia
1911 2597 2027 2625 mente
2058 2589 2182 2627 tenetis
2208 2605 2214 2624 ε

1263 2648 1497 2688 necessarium
1517 2656 1569 2686 est
1589 2647 1700 2699 igitur
1723 2662 1785 2686 nos
1801 2648 1847 2686 ad
1866 2661 1906 2686 ea
1925 2663 2004 2699 quae
2023 2659 2220 2701 sequuntur

1263 2710 1372 2748 hodje
1394 2708 1573 2762 progredi.
1599 2709 1691 2746 Nam
1728 2717 1916 2761 postquam
1945 2709 2065 2761 dixit,
2103 2712 2218 2749 Terra

1265 2780 1395 2810 autem
1422 2779 1503 2809 erac
1541 2770 1749 2807 invisibilis
1777 2784 1823 2807 ac
1850 2773 2124 2823 incomposita,
2156 2787 2219 2813 nos

1263 2842 1427 2872 accurate
1446 2833 1560 2881 docet,
1575 2831 1671 2869 unde
1693 2831 1887 2870 invisibilis
1905 2843 1993 2872 esset
2012 2843 2045 2872 et
2069 2834 2216 2882 inculta,

1264 2898 1386 2937 dicens
1405 2912 1412 2932 ε
1433 2896 1484 2932 Et
1507 2894 1671 2932 tenebroe
1697 2902 1808 2932 erant
1828 2908 1942 2946 super
1960 2897 2160 2944 abyssum,
2185 2906 2219 2934 et

1264 2961 1426 3012 Spiritus
1462 2957 1537 2994 Dei
1572 2956 1886 3006 superferebatur
1919 2970 2033 3008 super
2063 2972 2220 3010 aquam.

1267 3020 1364 3061 Vide
1376 3019 1448 3068 hic,
1466 3031 1573 3068 quam
1590 3016 1681 3053 nihil
1697 3016 1868 3069 superflui
1889 3017 2080 3057 admisceat
2098 3020 2224 3057 beatus

1269 3081 1453 3135 propheta,
1472 3087 1506 3116 et
1533 3077 1712 3128 quomodo
1740 3091 1809 3116 non
1840 3079 1958 3117 onmia
1984 3080 2226 3132 particulatim

1257 3205 1270 3220 fl
1287 3195 1342 3228 Sic
1358 3195 1459 3228 Savit.
1471 3202 1504 3226 et
1520 3194 1647 3238 aliquot
1662 3197 1887 3239 Mss.‚1·ecte‚
1881 3206 1978 3241 atque
1995 3200 2037 3230 itu
2057 3198 2093 3230 le
2087 3198 2230 3242 e{endum

210 3252 224 3267 ⁰
247 3243 363 3278 Morel.
387 3252 420 3277 et
435 3244 537 3278 Savil.
554 3245 587 3278 in
605 3253 698 3279 textu
717 3252 856 3290 λογισμὸν
874 3251 1031 3287 ἐξελόντες.
1047 3247 1127 3290 neg.
1149 3254 1182 3280 et
1216 3258 1283 3280 esse
1302 3247 1415 3290 liquet.
1435 3246 1549 3280 Morel.
1569 3254 1618 3283 καὶ
1641 3253 1670 3282 d?-
1657 3253 1773 3284 {Bam
1788 3255 1828 3293 μὲ
1832 3268 1844 3283 u
1872 3255 1959 3294 ῥανὶς.
1979 3253 2060 3293 Reg.
2081 3263 2162 3284 unus
2186 3269 2216 3285 r:

172 3293 274 3328 Savil.
301 3296 335 3327 in
356 3307 461 3340 marg
487 3302 627 3342 λογισμόν
652 3304 719 3334 ἐκτέ
706 3315 826 3343 εμνοντε
829 3315 858 3339 ς,
880 3311 980 3342 (fuam
1004 3298 1180 3332 lCCUOssCm

173 3345 380 3380 retinendam
405 3348 573 3383 duximus.
597 3351 734 3384 Coisliu.
754 3357 892 3395 >ossava
918 3357 964 3392 ἐξέ
953 3366 1052 3396 your:
1055 3367 1077 3389 ς.
1095 3352 1187 3384 Infra

174 3397 309 3430 Coislin.
324 3415 376 3438 την
392 3406 450 3435 ⁷:222
439 3406 485 3434 ἕλε
475 3417 533 3435 ,μιν
550 3409 596 3438 καὶ
615 3412 665 3442 ·.·7,·
682 3412 772 3447 ,9727-
790 3411 1061 3451 7'1rapc'w‚t.2ia-.·

1266 3303 1316 3334 ἶ]
1306 3315 1352 3333 -ιῑ
1374 3303 1408 3332 ιὲ
1413 3316 1424 3331 ν
1440 3304 1530 3341 ημᾶς.
1547 3299 1685 3333 Colslin.
1704 3305 1799 3336 uzi&
1803 3306 1917 3336 ‹imm-2
1934 3319 1987 3340 την
2009 3308 2117 3337 αἰτίαν

1272 3354 1285 3376 ¹·
1312 3350 1446 3385 coislin.
1466 3357 1562 3386 ἐπάνω
1585 3362 1635 3391 τῆς
1654 3357 1795 3388 ἀβύσσου.
1818 3354 1993 3397 repetitum
2015 3354 2184 3387 mendum

2011 3473 2045 3505 '‘›.
