2516 3791
668 246 707 278 IN
746 245 847 278 CAP.
887 244 996 276 xml.

88 333 146 375 καὶ
177 332 418 386 ἐταράχθησαν
456 333 503 375 εἷς
535 331 706 378 ἀλλήλους
733 331 890 383 λέγοντες
903 346 910 354 ·
944 330 979 367 τί
1012 332 1112 367 τοῦτο

87 395 247 441 ἐποίησεν
273 397 358 444 ἡμῖν
386 396 404 431 6
428 392 537 439 Θεός;
558 391 765 445 Ἰἶναγώνιοι
792 393 899 431 πάλιν
917 390 1112 444 γεγόνασιν,

86 456 301 509 ὑφορώμενοι
344 454 393 506 μὴ
435 454 496 492 καὶ
530 458 632 493 τοῦτο
665 453 850 508 προσθήκη
882 451 1112 506 ἐγκλημάτων

88 519 202 561 αὐτοῖς
223 516 389 568 γένηται,
423 514 482 554 καὶ
509 514 572 563 τὴν
594 516 664 555 ἀπὸ
683 519 743 554 τοῦ
764 514 957 558 συνειδότος
977 514 1114 566 ἔχοντες

87 578 300 630 κατηγορίαν
316 608 325 623 ,
345 576 461 616 πάντα
480 577 675 631 ἐπέγραφον
695 580 738 630 τῇ
759 576 914 630 ἁμαρτίᾳ
932 578 976 627 τῇ
994 577 1040 618 εἷς
1056 574 1114 613 τὸν

89 639 218 692 Ἰωσὴφ
250 641 309 677 ὑπ’
336 641 449 677 αὐτῶν
485 638 712 690 γεγενημένῃ.
752 637 1037 691 Παραγενόμενοι
1079 635 1114 674 δὲ

90 700 171 752 πρὸς
186 700 243 738 τὸν
271 698 420 750 πατέρα,
443 699 501 737 καὶ
524 699 662 738 ἅπαντα
681 698 770 750 μετὰ
790 697 972 751 ἅκριῧείας
990 703 1004 719 ⁸¹
1019 698 1114 748 αὐτῷ

88 761 379 813 ἀπαγγείλαντες,
395 760 610 814 διηγήσαντο
622 761 685 808 τὴν
703 760 942 812 ἀγανάκτησιν
957 758 1020 806 τὴν
1036 757 1116 797 κατ’

88 825 201 861 αὐτῶν
219 821 454 875 γεγενημένην
474 821 572 873 παρὰ
586 826 646 861 τοῦ
661 822 828 873 ἄρχοντος
844 823 906 867 τῆς
922 820 1115 872 Αἰγύπτου,

86 884 146 922 καὶ
176 884 229 923 δ’τι
257 884 352 923 ἔθετο
382 882 506 926 αὐτοὺς
537 885 571 921 ἐν
605 885 768 935 φυλακῇ,
794 885 840 926 ὡς
859 882 1115 926 κατασκόπους.

88 944 250 996 Εἴπαμεν
270 944 306 983 δὲ
327 947 435 997 αὐτῷ,
452 944 570 997 φασὶν,
590 943 644 982 ὅτι
664 943 831 995 εἶρηνικοί
849 947 967 995 ἐσμεν,
983 943 1043 983 καὶ
1062 943 1116 983 ὅτι

87 1003 222 1043 δώδεκά
242 1005 348 1055 ε’σμεν
370 1003 531 1056 ἀδελφοί·
555 1003 614 1041 καὶ
633 1006 652 1042 6
671 1003 733 1053 μὲν
754 998 802 1047 εἷς
818 1005 882 1056 οὐχ
900 1003 1073 1056 ὑπάρχει,
1098 1007 1116 1042 ὁ

86 1066 122 1104 δὲ
143 1066 346 1118 μικρότερος
366 1066 456 1116 μετὰ
471 1070 532 1104 τοῦ
551 1066 682 1118 πατρὸς
699 1069 814 1117 ἡμῶν.
848 1059 939 1104 Εἷπε
961 1065 997 1104 δὲ
1016 1070 1114 1117 ἡμῖν·

90 1128 124 1164 ἐν
149 1127 261 1180 τούτῳ
280 1131 464 1180 φανεῖσθε,
484 1126 537 1165 ὅτι
562 1127 730 1180 εἷρηνικοί
761 1128 859 1166 ἐστε·
887 1127 1034 1179 ἀδελφὸν
1055 1126 1115 1165 ἕνα

88 1188 193 1241 ἄφετε
208 1182 288 1235 ὧδε,
306 1189 365 1227 καὶ
383 1189 532 1241 ἀγάγετε
551 1189 610 1227 τὸν
631 1189 777 1241 ἀδελφὸν
798 1191 896 1239 ὑμῶν
913 1188 970 1227 τὸν
987 1187 1113 1227 νεώτε-

90 1265 160 1302 ρον,
190 1250 249 1289 καὶ
275 1250 457 1302 γνώσομαι
475 1251 529 1291 ὅτι
550 1254 613 1290 οὐκ
633 1250 710 1290 ἐστὲ
727 1250 958 1289 κατάσκοποι.
992 1252 1116 1289 Ταῦτα

88 1311 194 1349 πάλιν
226 1312 381 1356 ἀνέξαινε
406 1316 465 1351 τοῦ
498 1313 631 1351 δικαίου
650 1312 712 1356 τὰς
734 1311 893 1362 ἀθυμίας.
928 1311 1030 1350 Μετὰ
1049 1311 1116 1363 γὰρ

88 1376 150 1419 τῆς
175 1373 368 1425 διηγήσεως
396 1375 526 1420 ταύτης
553 1377 614 1421 τῆς
632 1376 792 1426 λυπηρᾶς
810 1372 870 1411 καὶ
888 1372 966 1416 τοὺς
985 1375 1116 1411 ἑαυτῶν

88 1435 314 1487 μαρσίππους
334 1435 548 1479 κενώσαντες
563 1466 573 1482 ,
593 1435 759 1489 ηὕρισκεν
787 1435 934 1478 ἕκαστος
952 1434 992 1473 τὸ
1009 1433 1116 1487 ἀργύ-

90 1512 182 1550 ριον,
211 1498 270 1534 καὶ
299 1498 519 1550 ἐφοὸήθησαν
546 1497 646 1535 αὐτοί
673 1513 711 1535 τε
737 1497 796 1535 καὶ
815 1495 967 1547 ὁπατῆρ
988 1497 1116 1534 αὐτῶν.

89 1557 181 1596 Ἀλλ’
205 1557 269 1610 δ’ρα
300 1575 359 1609 μοι
387 1559 494 1598 πάλιν
514 1560 663 1597 ἐνταῦθα
681 1558 740 1597 τὸν
760 1558 962 1609 πρεσὸύτην
983 1558 1114 1596 ἀποδυ-

90 1618 246 1671 ρόμενον.
264 1619 312 1657 Τί
330 1619 396 1672 γάρ
413 1635 498 1672 φησι
509 1621 596 1672 πρὸς
612 1619 754 1668 αὐτούς,
772 1618 864 1670 Ἐμὲ
879 1618 1116 1666 ἠτεκνώσατε·

88 1679 219 1733 ’Ἰωσὴφ
239 1683 301 1719 οὐκ
321 1682 416 1728 ἔστι,
436 1681 585 1733 Συμεὼν
603 1684 664 1720 οὐκ
683 1682 775 1729 ἔστι,
794 1680 854 1719 καὶ
872 1681 931 1720 τὸν
950 1679 1117 1731 Βενιαμὶν

86 1741 260 1793 λήψεσθε;
282 1742 365 1781 Ἐπ’
385 1743 446 1793 ἐμὲ
466 1743 623 1794 ἐγένοντο
637 1747 747 1781 ταῦτα
763 1741 891 1781 πάντα.
922 1744 1000 1781 Οὐκ
1015 1741 1118 1793 ἤρκει

91 1818 162 1852 μοι,
184 1803 290 1855 φησὶ,
318 1804 358 1842 τὸ
373 1804 497 1849 πένθος
512 1809 573 1842 τοῦ
593 1804 724 1857 Ἰωσὴφ
738 1834 747 1850 ,
765 1804 856 1843 ἀλλὰ
875 1803 1116 1856 προσεθήκατε

89 1865 201 1916 τούτῳ
230 1865 288 1903 καὶ
309 1866 366 1904 τὸν
391 1865 538 1916 Συμεών
554 1882 562 1889 ·
583 1866 642 1904 καὶ
664 1866 740 1905 οὐδὲ
758 1865 996 1918 μέχριτούτου
1012 1864 1116 1902 ἵστα-

89 1926 147 1963 ταί
170 1942 229 1977 μοι
251 1926 294 1964 τὰ
312 1927 419 1973 δεινὰ,
442 1927 533 1966 ἀλλὰ
556 1928 615 1966 καὶ
634 1927 692 1966 τὸν
709 1928 876 1979 Βενιαμὶν
896 1928 1016 1966 λαθεῖν
1039 1926 1117 1978 βού-

89 1988 202 2026 λεσθε.
236 1989 319 2026 Ἐπ’
352 1988 414 2039 ἐμὲ
443 1989 600 2041 ἐγένοντο
618 1993 730 2027 ταῦτα
758 1990 887 2028 πάντα.
925 1988 1046 2027 Ἱκανὰ
1071 1986 1117 2026 τὰ

91 2049 233 2101 ῥήματα
256 2049 364 2094 δεῖξαι
395 2055 456 2089 τοῦ
475 2050 608 2103 πατρὸς
628 2050 889 2102 διακοπτόμενα
916 2049 960 2089 τὰ
981 2049 1116 2101 σπλάγ-

90 2127 170 2164 χνα.
206 2111 275 2150 Καὶ
292 2111 359 2164 γὰρ
377 2111 498 2165 ὥσπερ
520 2112 564 2150 τὰ
583 2112 674 2151 κατὰ
692 2113 749 2151 τὸν
769 2112 900 2166 Ἰωσὴφ
919 2115 1013 2166 αὐτῷ
1030 2113 1117 2159 ἀπη-

88 2172 232 2224 γόρευτο
254 2173 403 2224 (ἐνόμιζε
421 2173 488 2226 γὰρ
509 2176 622 2226 θηρῶν
643 2174 862 2227 κατάὸρωμα
881 2177 1116 2226 γεγενῆσθαι),

88 2233 179 2273 οὕτω
202 2234 261 2272 καὶ
282 2235 326 2273 τὰ
346 2235 437 2272 κατὰ
456 2235 514 2274 τὸν
535 2237 708 2286 Συμεῶνα
725 2237 945 2288 ἀπηγόρευσε
959 2252 966 2260 ·
994 2236 1116 2274 λοιπὸν

88 2296 124 2334 δὲ
150 2295 209 2334 καὶ
238 2296 317 2348 περὶ
345 2299 406 2334 τοῦ
429 2297 594 2348 Βενιαμὶν
622 2297 798 2336 ἐδεδοίκει.
834 2298 926 2335 Ἀλλ’
946 2296 1041 2348 ὅμως
1057 2299 1117 2335 ἆν-

496 2358 562 2371 Ν,

89 2418 241 2466 Ῥουίὴν
269 2422 287 2457 6
311 2419 532 2473 πρωτότοκος
567 2423 671 2460 αὐτοῦ
684 2437 691 2444 ·
724 2420 803 2465 τοὺς
833 2420 892 2460 δύο
927 2421 1020 2466 υἱούς
1050 2437 1116 2472 μου

92 2480 306 2528 ἀπόκτεινον,
330 2481 390 2518 ἐὰν
410 2481 458 2532 μὴ
476 2482 598 2533 ἀγάγω
615 2482 718 2520 αὐτὸν
736 2484 823 2535 πρὸς
843 2483 892 2522 σε’.
925 2483 992 2527 Δὸς
1012 2483 1115 2522 αὐτὸν

93 2545 140 2586 εἷς
157 2542 218 2586 τὰς
236 2542 356 2595 χεῖράς
376 2557 442 2594 μου
457 2573 467 2590 ,
498 2544 597 2595 κάγὼ
614 2544 684 2588 ἄξω
705 2545 808 2583 αὐτὸν
825 2544 912 2598 πρὸς
929 2544 980 2584 σέ.
1011 2545 1117 2597 Ἐμοὶ

92 2604 208 2652 αὐτὸν,
229 2604 327 2657 φησὶ,
348 2604 543 2653 πίστευσον,
560 2606 638 2657 ἐμοὶ
653 2606 808 2658 παράδος
820 2621 828 2630 ·
856 2607 925 2658 ἐγώ
944 2622 998 2647 σοι
1014 2608 1115 2647 αὐτὸν

92 2665 267 2710 ἐπανάξω.

144 2792 260 2829 Τοῦτο
283 2791 319 2829 δὲ
351 2791 460 2830 ἐποίει
479 2791 647 2841 Ῥουὸἢν,
680 2794 805 2831 ἐννοῶν
827 2795 874 2838 ὡς
892 2795 959 2848 οὐχ
977 2788 1048 2833 οἶόν
1065 2811 1116 2844 τε,

95 2850 143 2901 μὴ
175 2855 235 2889 τοῦ
259 2852 381 2895 παιδὸς
409 2854 653 2905 συγκατιόντος
676 2856 816 2903 αὐτοῖς,
843 2855 948 2893 πάλιν
977 2858 1026 2900 εἷς
1053 2856 1117 2903 τὴν

93 2911 270 2963 Αἴγυπτον
297 2914 460 2952 ἀπελθεῖν
477 2944 486 2960 ,
519 2916 580 2952 καὶ
600 2915 645 2953 τὰ
668 2916 754 2969 πρὸς
771 2916 958 2970 διατροφὴν
976 2918 1118 2964 ὠνήσα-

93 2978 184 3012 σθαι.
214 2974 307 3012 ’An'
329 2977 390 3013 οὐκ
412 2975 586 3014 ἐνδίδωσιν
605 2979 623 3014 6
641 2978 772 3031 πατὴρ,
803 2979 893 3017 ἀλλά
912 2995 1015 3032 φησιν
1031 2996 1038 3003 ·
1062 2982 1116 3019 Οὐ

92 3036 334 3082 καταθήσεται
355 3039 373 3074 6
403 3036 474 3080 υἱός
503 3052 568 3087 μου
599 3040 675 3088 μεθ’
699 3041 809 3090 ὑμῶν.
849 3035 938 3079 Εἶτα
965 3042 1025 3080 καὶ
1053 3041 1115 3089 τὴν

92 3096 206 3135 αἰτίαν
225 3096 338 3149 λέγει,
358 3096 478 3150 ὥσπερ
499 3098 775 3150 ἀπολογούμενος
793 3107 862 3145 τοῖς
878 3102 1011 3140 παισίν·
1033 3102 1117 3141 (Ότι

92 3161 111 3196 6
130 3158 275 3210 ἀδελφὸς
297 3160 400 3196 αὐτοῦ
424 3159 596 3207 ἀπέθανε,
626 3160 686 3197 καὶ
713 3160 812 3205 αὐτὸς
836 3161 938 3213 μόνος
968 3163 1118 3201 καταλέ-

92 3220 246 3257 λειπται.
272 3220 342 3258 Καὶ
359 3221 582 3272 συμῧήσεται
596 3223 643 3264 ὡς
659 3221 732 3260 νέον
750 3225 877 3275 κομιδῇ
897 3226 1117 3275 μαλακισθῆ-

94 3294 152 3316 ναι
180 3281 215 3317 ἐν
234 3283 276 3331 τῇ
296 3281 383 3333 ὁδῷ,
410 3282 469 3320 καὶ
489 3281 657 3326 κατάξετέ
678 3298 744 3333 μου
765 3284 804 3322 τὸ
819 3287 928 3336 γῆρας
946 3286 1037 3336 μετὰ
1052 3286 1116 3325 λύ-

96 3356 165 3387 πης
184 3342 232 3383 εἷς
252 3342 347 3393 ᾅδου.
374 3342 544 3392 Δέδοικα,
567 3344 666 3395 φησὶ,
685 3345 726 3383 τὸ
745 3345 821 3384 νέον
837 3348 941 3385 αὐτοῦ
957 3349 1020 3393 τῆς
1038 3349 1117 3394 ἡλι-

143 3474 156 3488 ’
181 3463 316 3508 Aliquot
331 3466 410 3499 Mss.
425 3471 505 3510 αὐτῷ
523 3474 717 3511 ussaiwau-ra.

1036 242 1198 274 GENEs.

1238 242 1397 273 uomit„
1439 242 1559 274 cxiv.
2059 247 2149 295 709

1184 327 1265 364 bati
1279 334 1368 364 sunt
1383 335 1516 365 mutuo
1537 327 1729 364 dicentes:
1746 327 1824 364 Cur
1847 327 2020 378 hocfecit
2040 331 2149 366 nobis

1183 389 1289 426 Deus
1299 389 1460 427 ?Ite1·um
1477 388 1590 440 magis
1609 387 1710 426 anxii
1722 387 1805 425 sacti
1819 396 1916 436 sunt,
1930 387 2149 440 suspicantes

1184 464 1227 488 ne
1240 458 1273 487 et
1293 450 1360 488 hoc
1377 459 1610 502 augmentum
1625 449 1676 488 cis
1691 458 1780 488 essct
1797 448 2101 498 criminationum,
2116 458 2151 486 et

1185 525 1204 548 a
1221 510 1434 549 conscientia
1451 511 1605 549 accusati
1621 541 1629 559 ,
1646 511 1765 549 omnia
1782 510 1985 548 tribuebant
2009 519 2152 563 peccato

1139 575 1162 605 B
1185 570 1281 622 quod
1297 571 1332 609 in
1349 571 1481 624 Joscph
1499 571 1823 610 admiserant.Cum
1835 572 2012 610 venissent
2033 580 2151 609 autem

1186 631 1232 670 ad
1252 641 1406 685 patrem,
1425 641 1459 670 et
1480 633 1599 670 omnia
1621 632 1652 670 ei
1684 633 1868 671 manifeste
1895 633 2149 683 declarassent,

1185 701 1422 732 narraverunt
1455 692 1738 744 indignationem
1768 693 1942 746 principis
1974 694 2122 747 AEgypti
2139 724 2150 742 ‚

1186 768 1295 805 quam
1310 754 1450 807 experti
1471 763 1554 792 sunt
1570 770 1578 791 ε
1599 764 1631 792 et
1651 755 1747 806 quod
1768 756 1942 807 posuisset
1959 769 2017 793 eos
2036 756 2071 793 in
2090 769 2153 793 cu-

1185 814 1313 864 stodia,
1329 815 1433 866 quasi
1457 815 1711 868 exploratores.
1730 817 1773 854 51
1789 847 1796 854 .
1815 817 2000 855 Diximus
2020 825 2151 854 autem

1185 880 1234 923 ei,
1252 877 1433 928 inquiunt,
1452 879 1559 931 quod
1577 879 1736 932 pacifici
1749 881 1884 926 simus,
1903 880 1967 917 52.
1992 888 2026 916 el
2049 880 2155 932 quod

1185 939 1388 977 duodecim
1401 942 1522 978 simus
1527 941 1698 993 fiatreS,
1714 949 1749 978 et
1763 941 1868 994 quod
1879 954 1977 978 unus
1997 956 2074 978 non
2089 955 2152 979 su-

1181 1003 1316 1053 persit,
1337 1003 1520 1039 minimus
1544 1010 1675 1040 autem
1695 1004 1745 1040 sit
1764 1016 1851 1040 cum
1875 1011 1988 1054 patre
2009 1012 2151 1041 nostra.

1185 1063 1250 1100 55.
1271 1062 1386 1100 Dia-it
1417 1071 1548 1100 autem
1573 1065 1683 1102 nobis
1712 1079 1722 1099 .-
1746 1066 1796 1101 In
1812 1066 1884 1102 lzoc
1900 1064 2153 1102 declarabitis

1185 1124 1292 1175 quod
1312 1124 1472 1177 pacifici
1493 1127 1592 1171 sitis,
1613 1127 1647 1162 si
1661 1126 1798 1178 fratre
1822 1139 1899 1163 uno
1917 1126 1980 1163 hic
1997 1126 2148 1171 relicto,

1185 1185 1250 1223 54.
1274 1185 1475 1223 adducetis
1482 1187 1657 1237 fratrem
1680 1195 1853 1224 vestrum
1884 1189 2086 1233 minorem,
2111 1195 2153 1224 ut

1186 1248 1308 1284 sciam
1321 1247 1428 1298 quod
1441 1261 1520 1284 non
1533 1249 1618 1285 sitis
1631 1248 1910 1299 exploratores.
1922 1247 2007 1284 Haec
2020 1246 2152 1284 iterum

1141 1310 1164 1341 C
1187 1317 1489 1360 exasperaverunt
1513 1309 1602 1360 justi
1625 1308 1844 1346 moestitiam.
1865 1309 1950 1346 Post
1971 1309 2151 1347 narratio-

1187 1378 1394 1406 nemautem
1411 1368 1504 1406 hanc
1524 1369 1676 1419 tristem,
1692 1383 1774 1407 cum
1788 1379 2017 1408 evacuassent
2032 1384 2153 1408 omnes

1187 1443 1306 1468 saccos
1321 1430 1560 1479 suos,invenit
1573 1431 1817 1483 unusquisque
1831 1431 2018 1484 pecuniam
2032 1446 2149 1481 suam,

1187 1498 1220 1527 et
1238 1489 1437 1528 timuerunt
1462 1491 1532 1543 ipsi
1556 1500 1589 1529 et
1607 1500 1708 1544 pater
1731 1506 1869 1530 eorum.
1892 1491 1941 1530 Et
1955 1492 2053 1543 vide,
2072 1506 2149 1540 oro,

1186 1551 1318 1590 iterum
1342 1552 1403 1590 hic
1422 1567 1541 1591 senem
1564 1553 1777 1606 plorantem.
1795 1554 1842 1592 Et
1870 1553 2043 1605 quidnam
2063 1554 2152 1592 dicit

1186 1613 1261 1652 eis?
1280 1615 1346 1653 56.
1370 1616 1435 1653 Me
1453 1617 1598 1669 absque
1623 1616 1756 1654 liberis
1781 1618 2028 1669 esse-fecistis
2047 1632 2058 1652 .·
2080 1618 2152 1654 Jo-

1187 1676 1279 1726 seph
1301 1689 1380 1712 non
1404 1684 1474 1722 est,
1494 1676 1666 1725 Symeon
1683 1691 1762 1714 non
1781 1686 1850 1724 est,
1874 1686 1910 1714 et
1930 1679 2035 1715 hunc
2049 1679 2151 1715 Ben-

1181 1737 1312 1787 jamin
1338 1739 1560 1788 accipietis?
1586 1737 1706 1789 Super
1743 1752 1803 1775 me
1824 1739 2048 1791 sacta-sunt
2070 1740 2152 1777 ha’c

1188 1800 1332 1835 omnia.
1352 1799 1434 1836 Non
1454 1798 1656 1837 sufficiebat
1681 1799 1783 1849 mihi,
1805 1799 1937 1851 inquit,
1957 1800 2075 1838 luctus
2090 1802 2151 1840 Jo-

1187 1858 1290 1911 seph,
1316 1858 1375 1897 sed
1402 1859 1584 1912 adjecistis
1608 1860 1639 1898 ei
1664 1870 1698 1898 et
1717 1862 1959 1914 Symeonem:
1982 1870 2015 1899 et
2040 1875 2153 1913 neque

1189 1919 1247 1958 hic
1267 1919 1433 1958 dolorum
1452 1935 1614 1959 meorum
1635 1921 1719 1960 finis
1738 1932 1806 1973 est,
1828 1922 1891 1960 sed
1910 1931 1943 1960 et
1967 1923 2152 1975 Benjamin

1187 1982 1794 2037 acciperevultisSupermefacta
1804 1993 1895 2022 sunt
1907 1986 1989 2023 lloec
2005 1988 2150 2023 omnia.

1143 2051 1166 2080 D
1188 2043 1313 2081 Suffici
1320 2053 1382 2081 unt
1399 2044 1475 2082 haec
1490 2044 1612 2093 verba,
1623 2053 1662 2082 ut
1678 2044 1842 2083 videatur
1860 2060 1970 2097 quam
1983 2045 2149 2099 disrupta

1187 2105 1318 2143 fuerint
1338 2105 1451 2158 patris
1469 2106 1617 2144 viscera.
1637 2106 1953 2155 Quemadmodum
1969 2108 2063 2146 enim
2081 2107 2152 2161 ipsi

1188 2167 1304 2205 omnis
1318 2182 1398 2220 spes
1412 2167 1457 2206 de
1470 2169 1604 2220 Joseph
1621 2168 1763 2206 ademta
1781 2178 1855 2207 erat
1872 2170 2045 2222 (putabat
2057 2169 2152 2207 enim

1187 2243 1269 2267 eum
1288 2243 1308 2266 a
1333 2229 1456 2267 bestiis
1480 2229 1718 2279 devoratum)
1726 2246 1736 2279 ;
1759 2229 1808 2268 ita
1827 2240 1861 2269 et
1887 2245 1999 2282 neque
2016 2231 2061 2269 de
2081 2232 2152 2284 Sy-

1190 2304 1313 2328 meone
1323 2305 1423 2343 spem
1440 2290 1509 2329 sihi
1520 2291 1774 2344 pollicebatur:
1791 2307 1886 2331 nunc
1898 2307 2041 2345 quoque
2058 2293 2153 2332 idem

1188 2351 1234 2390 de
1243 2353 1428 2405 Benjamin
1444 2352 1625 2391 formidat.
1636 2355 1895 2393 Verumtamen
1911 2355 2154 2394 reluctabatur

1187 2414 1319 2464 adhuc,
1339 2424 1372 2453 et
1400 2429 1470 2453 non
1492 2415 1601 2453 dabat
1618 2430 1782 2468 puerum.
1798 2418 1862 2455 57.
1880 2418 1994 2455 Dixit
2022 2427 2153 2456 autem

1190 2478 1371 2515 eiRuben
1382 2479 1664 2530 primogenitus
1686 2480 1768 2531 ejus
1779 2494 1790 2514 .·
1803 2480 1912 2517 Duos
1917 2480 2033 2532 filios
2049 2494 2152 2518 meos

1189 2539 1334 2586 occide,
1349 2542 1383 2577 si
1397 2553 1475 2576 non
1495 2540 1681 2577 reducam
1699 2554 1786 2577 eum
1801 2541 1856 2577 ad
1870 2549 1916 2578 te.
1926 2541 1993 2578 Da
2008 2555 2094 2578 eum
2110 2544 2153 2578 in

1190 2615 1350 2639 manum
1379 2615 1523 2646 meam,
1547 2609 1583 2638 et
1603 2615 1672 2652 ego
1697 2601 1882 2639 reducam
1910 2613 1996 2638 eum
2019 2603 2074 2638 ad
2097 2611 2146 2640 te.

1189 2661 1297 2709 Mihi,
1313 2661 1443 2712 inquit,
1467 2675 1548 2699 eum
1564 2660 1678 2711 crede,
1699 2661 1788 2699 mihi
1808 2661 1922 2713 trade,
1941 2671 1975 2700 et
2003 2676 2067 2715 ego
2085 2662 2150 2700 tibi

1189 2736 1272 2761 eum
1289 2722 1469 2760 reducam.

1140 2805 1164 2835 E
1241 2795 1278 2832 4.
1309 2793 1385 2831 Hoc
1406 2801 1524 2830 autem
1551 2791 1703 2830 faciebat
1723 2792 1850 2830 Ruhcn
1868 2823 1877 2842 ,
1899 2792 2058 2845 cogitans
2082 2807 2150 2832 non

1189 2869 1264 2894 esse
1282 2853 1464 2907 possibile,
1481 2853 1645 2905 nisipuer
1663 2852 1769 2891 simul
1796 2852 2034 2903 descenderet,
2057 2854 2152 2907 ipsos

1188 2916 1234 2955 ad
1254 2916 1455 2968 AEgyptum
1476 2914 1601 2963 redire,
1613 2924 1646 2952 et
1663 2929 1742 2966 quae
1755 2913 1802 2953 ad
1816 2915 1981 2954 alimenta
1997 2916 2150 2968 pertine-

1188 2979 1274 3017 bant
1293 2991 1422 3015 emere.
1446 2977 1526 3014 Non
1547 2976 1638 3014 cedit
1665 2985 1780 3015 tamen
1812 2986 1926 3030 pater,
1951 2977 2012 3016 scd
2036 2977 2149 3015 dicit:

1190 3040 1254 3079 58.
1276 3041 1537 3091 IVequaquam
1553 3038 1877 3091 descendelfilius
1893 3053 1997 3077 meus
2014 3041 2148 3077 vobis-

1190 3115 1290 3140 cum.
1304 3098 1444 3138 Deinde
1458 3108 1490 3136 et
1501 3113 1643 3136 causam
1656 3099 1758 3147 dicit,
1770 3099 1870 3150 quasi
1884 3100 2056 3138 rationem
2072 3099 2151 3138 red-

1188 3162 1276 3201 dens
1297 3162 1381 3199 filiis
1400 3177 1406 3197 :
1431 3161 1531 3210 Quia
1547 3161 1687 3212 frater
1710 3163 1792 3214 ejus
1813 3170 1984 3199 mortuus
2013 3168 2090 3210 ests,
2115 3170 2150 3197 et

1190 3224 1380 3277 ipsesolus
1389 3230 1443 3259 est
1457 3221 1688 3260 relictus.Et
1699 3225 1909 3275 continget,
1924 3238 2009 3261 eum
2019 3230 2150 3274 utpote

1191 3286 1311 3324 valde
1320 3286 1503 3337 juvenem
1528 3284 1571 3319 in
1594 3285 1732 3321 itinere
1758 3284 2007 3336 languerc,ec
2032 3283 2149 3320 dedu-

1190 3349 1283 3385 cetis
1298 3352 1531 3384 senectutem
1552 3358 1678 3382 meam
1694 3359 1782 3384 cum
1802 3348 1959 3383 tristitia
1975 3345 2028 3382 ad
2047 3345 2148 3396 inse·
