2516 3791
721 203 764 232 ΙΝ
802 201 902 231 CM’.
940 200 1085 230 ΧΧΧΙΙ.

135 304 200 328 που
223 287 367 334 ἐκείνου,
385 284 631 338 ’παρεμὸολαὶ
648 314 657 332 ,
674 284 766 323 ὥστε
784 287 823 323 ἐκ
842 287 903 330 τῆς
928 283 1163 335 προσηγορίας

137 351 277 396 διηνεκῆ
307 347 370 395 τὴν
399 345 594 398 ὑπόμνησιν
616 339 702 384 εἶναι
732 348 795 392 τ’ἧς
813 344 1045 398 γεγενημένης
1068 346 1161 395 αὐτῷ

134 413 246 449 ἐκεῖσε
272 407 454 452 ὀπτασίας.
486 401 577 446 Εἶτα
605 407 695 458 μετὰ
715 406 778 454 τὴν
810 406 982 445 ὀπτασίαν
1016 406 1160 451 ταύτην,

134 469 349 517 Ἀπέστειλε,
372 469 490 522 φησὶν,
516 469 711 521 ἔμπροσθεν
742 470 846 507 αὐτοῦ
878 467 1044 520 ἀγγέλους
1075 467 1160 519 πρὸς

133 531 247 570 Ἡσαῦ
278 533 337 570 τὸν
369 531 515 584 ἀδελφὸν
546 534 672 578 αὐτοῦ,
708 531 767 568 καὶ
801 530 995 569 ἐνετείλατο
1022 528 1134 581 λέγων
1151 542 1159 550 ·

1125 199 1269 229 CRM-:s
1279 219 1287 228 .

1326 199 1482 228 nonni„
1519 199 1638 229 ινιιι.
2097 188 2178 232 051

1238 281 1376 320 Deinde
1388 291 1465 334 post
1478 282 1652 321 visionem
1665 282 1941 330 bane,5.Misie‚
1960 282 2086 332 inquit,
2101 295 2191 321 ante

1237 358 1277 381 se
1307 346 1461 382 rmntios
1491 345 1545 382 ad
1565 344 1857 397 Esaiisratrem
1877 356 2002 389 suum,
2023 352 2058 380 et
2082 357 2190 381 man-

1237 405 1344 442 davit
1375 408 1443 451 eis,
1478 407 1639 443 dicens:
1662 406 1724 443 Sic
1752 406 1887 442 dicetis
1920 406 2078 442 domino
2109 421 2191 443 meo

1238 466 1361 503 Esau}
1387 466 1481 505 Vide
1511 475 1545 504 et
1576 475 1653 518 post
1687 466 1859 504 visionem
1886 475 2043 516 quantus
2073 465 2191 503 adhuc

1236 525 1344 563 timor
1359 526 1507 577 urgebat
1521 527 1672 578 justum.
1687 526 1855 564 Timebat
1869 526 1963 564 enim
1978 527 2097 565 fratris
2116 526 2193 564 viu-

132 593 241 636 οὕτως
254 594 363 645 ἐρεῖτε
376 596 426 645 τῷ
441 592 550 645 κυρίῳ
571 608 636 643 μου
657 591 785 631 Ἡσαῦ.
804 590 902 643 ’Ὀρα
916 590 976 628 καὶ
994 589 1083 639 μετὰ
1097 588 1160 635 τὴν
1184 595 1208 625 D
1234 586 1394 636 lentiam,
1411 596 1443 625 et
1468 588 1664 638 angebatur
1696 588 1828 636 animo,
1850 602 1890 625 ne
1912 588 2001 625 sorte
2022 588 2192 626 memoria

133 654 211 707 ὄψιν
231 653 338 698 πόσος
350 656 402 693 ἔτι
420 658 438 693 6
454 654 557 707 φόὸος
571 654 729 694 ἐπέκειτο
743 656 794 706 τῷ
811 652 949 705 δικαίῳ.
969 650 1163 690 Ἐδεδοίκει

132 715 200 767 γὰρ
213 719 273 754 τοῦ
289 717 437 768 ἀδελφοῦ
456 716 519 763 τὴν
536 715 662 768 ὁρμὴν,
681 714 740 754 καὶ
754 714 908 765 ἠγωνία,
932 713 982 764 μὴ
999 715 1021 758 ἦ
1039 711 1162 763 μνήμη

134 779 202 814 τῶν
223 778 304 829 πρὶν
331 779 390 815 ὑπ’
417 777 520 815 αὐτοῦ
539 775 779 828 γεγενημένων
799 776 847 818 εἷς
868 774 933 820 τὴν
953 774 1030 811 κατ’
1057 774 1162 811 αὐτοῦ

133 837 252 890 ἔφοδον
283 837 510 889 παρορμήσῃ.
545 836 681 875 Εἴπατε
694 864 703 881 ,
735 836 839 888 φησὶ,
872 837 922 887 τῷ
955 834 1064 888 κυρίῳ
1097 850 1164 886 μου

133 897 246 938 Ἡσαῦ
262 915 269 922 ·
290 898 380 938 οὕτω
399 898 492 950 λέγει
510 902 528 937 6
544 904 624 942 παῖς
653 913 714 936 σου
741 898 873 936 Ἰακώὸ
889 914 897 921 ·
920 897 1011 949 μετὰ
1039 897 1165 936 Αάὸαν

133 960 348 1014 παρῴκησα,
373 960 432 998 καὶ
451 960 617 1012 ἐχρόνισα
648 960 712 1003 ἕως
736 963 796 998 τοῦ
820 963 893 1004 νῦν,
917 959 977 997 καὶ
1010 958 1166 1010 ἐγένοντό

134 1037 193 1072 μοι
225 1021 300 1072 βόες
327 1022 387 1060 καὶ
416 1022 486 1060 ὄνοι
507 1021 566 1060 καὶ
585 1021 747 1073 πρόὸατα
767 1020 827 1059 καὶ
855 1021 978 1064 παῖδες
997 1019 1057 1057 καὶ
1078 1036 1166 1058 παι-

134 1082 263 1129 δίσκαι,
277 1083 336 1120 καὶ
356 1082 546 1122 ἀπέστειλα
561 1085 610 1134 τῷ
630 1082 739 1134 κυρίῳ
761 1098 848 1133 μου,
870 1081 926 1120 ἵνα
942 1081 1025 1134 εὕρῃ
1046 1085 1064 1120 6
1084 1088 1166 1125 παῖς

134 1159 194 1182 σου
213 1143 364 1182 ἐναντίον
384 1160 444 1182 σου
462 1144 580 1196 χάριν.
600 1144 733 1182 Σκόπει
749 1145 823 1187 πῶς
843 1142 976 1182 δέδοικε
992 1143 1050 1181 τὸν
1068 1144 1166 1182 ἀδελ-

136 1204 212 1256 φὸν,
234 1205 293 1243 καὶ
314 1205 370 1244 διὰ
389 1210 490 1244 τοῦτο
511 1205 797 1256 ε’ΞευμενίσασΟαι
817 1205 919 1242 αὐτὸν
939 1204 1165 1255 βουλόμενος,

134 1267 411 1318 προαποστέλλει
426 1266 567 1318 μηνύων
588 1269 680 1319 αὐτῷ
698 1267 762 1313 τήν
778 1282 816 1304 τε
834 1265 965 1304 οἰκείαν
987 1265 1165 1312 ἐπάνοδον,

134 1327 198 1373 τήν
224 1343 262 1365 τε
291 1328 528 1380 γεγενημένην
556 1330 651 1379 αὐτῷ
675 1326 891 1379 περιουσίαν,
918 1327 978 1366 καὶ
1003 1326 1089 1365 ὅπου
1107 1326 1166 1365 τὸν

136 1388 275 1427 ἅπαντα
291 1389 461 1428 διετέλεσε
482 1389 620 1441 χρόνον,
639 1388 697 1426 ἵνα
718 1388 876 1440 μαλάξας
901 1391 1007 1426 αὐτοῦ
1026 1389 1085 1427 τὸν
1107 1391 1166 1426 θυ-

135 1449 216 1500 μὸν,
240 1450 372 1502 ἥμερον
394 1450 495 1489 αὐτὸν
516 1452 738 1496 καταστῆσαι
757 1451 905 1502 δυνηθῇ·
923 1450 942 1488 ὃ
958 1450 999 1497 δὴ
1023 1449 1082 1488 καὶ
1104 1466 1164 1502 γε-

135 1511 298 1563 γένηται,
317 1515 377 1549 τοῦ
398 1514 492 1551 Θεοῦ
511 1511 786 1556 κατευνάσαντος
803 1513 908 1550 αὐτοῦ
926 1511 990 1559 τὴν
1004 1511 1165 1563 καρδίαν,

135 1572 196 1610 καὶ
230 1571 420 1616 σὸέσαντος
450 1572 515 1619 τὴν
535 1572 641 1625 ὀργὴν
676 1575 800 1620 αὐτοῦ,
828 1572 888 1611 καὶ
911 1572 1042 1626 ἥμερον
1063 1573 1167 1611 αὐτὸν

135 1633 434 1679 καταστήσαντος.
459 1635 503 1672 Εἰ
520 1633 588 1686 γὰρ
601 1634 660 1672 τὸν
674 1634 798 1672 Αάὸαν
816 1634 874 1672 τὸν
891 1633 980 1685 μετὰ
995 1632 1168 1680 τοσαύτης

136 1696 247 1745 ὁρμῆς
269 1693 554 1741 καταδιώξαντα,
575 1696 610 1733 ἐν
632 1694 784 1748 τοσούτῳ
805 1695 902 1748 φόὸῳ
921 1694 1080 1747 γενέσθαι
1100 1711 1166 1733 πα-

140 1753 326 1806 ρεσκεύασε
348 1755 392 1792 δι’
417 1750 464 1794 ὧν
485 1756 570 1808 πρὸς
590 1755 692 1794 αὐτὸν
710 1749 804 1804 εἷπε,
825 1758 945 1808 πολλῷ
963 1757 1094 1807 μᾶλλον
1109 1756 1167 1794 τὸν

137 1815 283 1866 ἀδελφὸν
312 1816 534 1871 ἡμερώτερον
562 1817 602 1855 ἂν
630 1817 789 1869 γενέσθαι
816 1817 1059 1870 παρεσκεύασε
1088 1817 1169 1869 περὶ

135 1877 194 1914 τὸν
210 1876 356 1916 δίκαιον.
376 1878 606 1931 Ἀνέστρεψαν
623 1878 677 1925 δὲ,
695 1878 780 1931 φησὶ
793 1908 802 1925 ,
817 1878 994 1930 λέγοντες·
1015 1879 1170 1926 ἀπήλθο-

137 1953 199 1988 μεν
222 1939 308 1991 πρὸς
326 1940 385 1978 τὸν
408 1940 556 1993 ἀδελφόν
577 1955 652 1987 σου,
677 1941 736 1978 καὶ
759 1941 900 1993 ἔρχεται
920 1943 969 1985 εἷς
989 1941 1164 1987 συνάντη-

137 1999 190 2038 σίν
227 2015 302 2048 σου,
330 2000 389 2038 καὶ
413 2000 632 2053 τετρακόσιοι
662 2001 782 2055 ἄνδρες
816 2004 891 2052 μετ’
926 2003 1043 2040 αὐτοῦ.
1073 2000 1208 2059 ςὈραῧὸ

136 2063 211 2104 πῶς
244 2061 303 2099 καὶ
332 2061 414 2100 αὐτὸ
437 2067 538 2101 τοῦτο
564 2062 715 2101 ἐπέτεινε
734 2065 785 2115 τῷ
815 2062 940 2115 δικαίῳ
967 2063 1026 2102 τὸν
1048 2063 1166 2115 φόὸον.
1188 2073 1213 2101 Α

136 2123 230 2161 Οὐδὲ
249 2123 316 2175 γὰρ
344 2124 421 2176 ᾔδει
451 2124 509 2162 τὸν
529 2125 658 2162 σκοπὸν
678 2128 738 2163 τοῦ
767 2125 916 2177 ἀδελφοῦ
945 2124 1034 2175 μετὰ
1064 2127 1166 2178 ἀκρι-

136 2183 254 2230 Gaiam,
282 2184 373 2222 ἀλλὰ
404 2185 524 2236 μαθὼν
557 2186 598 2225 τὸ
616 2187 748 2232 πλῆθος
766 2186 1036 2225 τῶν-συνόντων
1073 2188 1167 2238 αὐτῷ

137 2246 323 2294 ἐδεδοίκει,
350 2246 569 2299 ὑφορώμενος
589 2247 638 2297 μὴ
659 2249 706 2291 ὡς
725 2247 812 2300 πρὸς
838 2249 991 2298 πολεμον
1021 2251 1036 2269 ⁸
1049 2263 1166 2296 παρα-

137 2306 414 2357 σκευασάμενος,
439 2307 528 2346 οὕτω
547 2308 610 2355 τὴν
639 2308 833 2356 ὑπάντησιν
854 2309 1066 2356 ποιήσασθαι
1087 2307 1166 2359 βού-

136 2368 254 2414 ληται.
275 2367 456 2420 Ἐφοὸήθη
472 2369 538 2421 γὰρ
551 2397 560 2415 ,
580 2369 697 2421 φησιν,
714 2369 862 2417 Ἰακὼὸ,
881 2370 941 2408 καὶ
957 2371 1168 2421 διηπορεῖτο.

137 2428 183 2467 Ὁ
209 2429 312 2481 φόὸος
342 2433 444 2468 αὐτοῦ
474 2430 538 2478 τὴν
567 2431 719 2470 διάνοιαν
743 2431 968 2485 διετάρασσε,
997 2431 1058 2470 καὶ
1081 2430 1170 2470 ιὀὐκ

138 2489 214 2540 ᾔδει
239 2491 278 2529 τὸ
309 2490 343 2528 τί
373 2491 518 2543 πράξει,
539 2492 616 2529 ἀλλ’
649 2493 684 2529 ἐν
709 2492 840 2546 ἀπορία
859 2491 1031 2544 ἐγεγόνει·
1052 2492 1105 2530 διὸ
1123 2494 1170 2535 ὡς

138 2550 220 2602 περὶ
235 2555 295 2589 τοῦ
311 2552 439 2596 παντὸς
454 2551 617 2596 δεδοικὼς
628 2583 638 2600 ,
655 2552 715 2590 καὶ
730 2553 789 2591 τὸν
802 2553 948 2592 θάνατον
963 2553 1031 2606 πρὸ
1044 2555 1169 2605 ὀφθαλ-

140 2614 214 2662 μῶν
245 2613 349 2665 ἔχων,
383 2616 521 2666 Διαιρεῖ
554 2617 602 2658 εἰς
634 2615 694 2653 δύο
719 2615 949 2669 παρεμὲῗολὰς
976 2615 1093 2654 πάντα
1110 2615 1168 2654 τὸν

138 2671 221 2711 λαὸν
240 2674 298 2712 τὸν
323 2676 397 2725 μετ’
420 2677 535 2713 αὐτοῦ.
557 2669 647 2714 Eine
665 2675 746 2730 γὰρ,
766 2675 870 2729 φησίν
885 2691 893 2700 ·
920 2676 980 2715 ἐὰν
1007 2676 1090 2728 ἔλθῃ
1122 2678 1169 2720 εἷς

139 2734 368 2785 παρεμὸολὴν
397 2735 480 2786 μίαν
513 2736 572 2775 καὶ
598 2736 690 2789 κόψῃ
714 2737 836 2784 αὐτὴν,
859 2741 881 2784 ἡ
906 2737 1050 2790 δευτέρα
1070 2737 1169 2776 ἔσται

138 2795 187 2837 εἷς
205 2794 245 2832 τὸ
272 2795 455 2840 σώζεσθαι.
479 2798 512 2835 Τ
515 2800 604 2835 αῧτα
627 2798 688 2849 μὲν
705 2802 724 2837 6
739 2798 843 2851 φόὸος
864 2798 1081 2851 ὃπηγόρευσε
1109 2799 1168 2837 καὶ

138 2857 160 2901 ἡ
179 2855 293 2903 πολλὴ
314 2856 436 2894 δειλία.
458 2856 573 2908 Ὁρῶν
592 2857 627 2897 δὲ
649 2860 770 2898 ἑαυτὸν
787 2861 834 2904 ὡς
849 2862 882 2898 ἐν
898 2860 1049 2904 δικτύοις
1068 2863 1166 2899 ἀπει·
1192 2869 1213 2898 Β

138 2916 331 2968 λημμένον,
351 2916 408 2955 ἐπὶ
427 2917 485 2955 τὸν
506 2918 644 2971 ἄμαχον
660 2920 842 2966 Δεσπότην
862 2921 1090 2975 καταφεύγει,
1107 2920 1168 2960 καὶ

139 2977 200 3022 τὰς
227 2976 434 3030 ὑποσχέσεις
463 2977 525 3021 τὰς
551 2981 599 3022 εἰς
629 2980 730 3019 αὐτὸν
761 2983 994 3033 γεγενημένας
1025 2985 1167 3021 ἀπαιτεῖ

139 3038 236 3090 παρὰ
267 3043 328 3077 τοῦ
357 3041 427 3077 τῶν
460 3039 551 3078 ὅλων
573 3042 688 3084 Θεοῦ.
722 3043 906 3096 μονονουχὶ
936 3044 1046 3096 λέγων
1079 3044 1165 3098 πρὸς

666 3095 687 3104 συ

141 3099 260 3138 αὐτόν·
276 3103 332 3137 ν’ῦν
353 3100 432 3147 ἥκει
446 3101 586 3153 καιρὸς,
606 3103 642 3139 ἐν
662 3105 691 3154 ᾧ
709 3102 768 3141 καὶ
790 3103 846 3142 διὰ
866 3103 928 3151 τὴν
949 3107 1018 3143 τῶν
1037 3105 1164 3157 προγό-

1233 661 1357 685 eorum
1377 662 1455 698 quae
1475 648 1563 686 olim
1579 649 1670 686 facta
1690 657 1772 686 sunt
1792 649 1989 700 impelleret
2009 649 2112 686 illum
2146 648 2192 686 ad

1235 708 1395 747 insidias.
1418 708 1456 748 4.
1479 710 1624 756 Dicite,
1645 709 1775 760 inquit,
1795 711 1952 747 domino
1964 725 2047 747 meo
2073 711 2192 748 Esau:

1235 770 1296 808 Sic
1323 771 1419 808 dicit
1437 784 1567 809 servus
1596 778 1684 809 tuus
1703 771 1828 808 Jacob
1848 786 1858 806 :
1883 772 2113 822 Peregrinus
2137 772 2195 811 l'ui

1236 845 1324 870 ειιιη
1348 833 1504 881 Laban,
1521 840 1557 870 et
1593 832 1708 883 longo
1734 839 1901 882 tempore
1935 834 1988 868 ibi
2022 840 2194 869 moratus

1236 907 1456 946 sumusque
1467 907 1582 939 nunc,
1590 893 1611 930 5
1620 901 1669 930 ,ει
1679 895 1921 943 contigerunt
1943 894 2039 929 ιιιίΙιί
2067 894 2192 939 boves,

1237 964 1271 993 et
1289 957 1425 1001 asinae,
1439 963 1475 993 et
1496 968 1598 1001 oves,
1621 962 1655 991 el
1673 956 1787 999 servi,
1811 962 1846 990 et
1863 953 2036 998 ancillae,
2055 962 2089 990 et
2109 956 2195 990 misi

1239 1025 1281 1054 ut
1301 1019 1606 1054 antzuntiaretur
1620 1016 1776 1052 domino
1794 1028 1877 1051 meo
1896 1014 2018 1059 Esccii,
2033 1022 2071 1051 ut
2091 1016 2195 1050 irwe-

1239 1082 1321 1116 niat
1359 1092 1456 1130 puer
1477 1086 1564 1115 tuus
1598 1079 1768 1127 gratiam
1788 1089 1922 1114 coram
1953 1083 2001 1112 le.
2046 1074 2198 1112 Attende

1237 1139 1416 1190 quomodo
1435 1139 1558 1177 timeat
1590 1139 1735 1175 fratrem
1759 1153 1766 1173 :
1796 1146 1830 1174 et
1850 1144 2035 1188 propterea
2059 1135 2198 1186 placare

1238 1216 1320 1240 eum
1336 1202 1472 1251 volens,
1496 1200 1687 1253 praemittat
1715 1198 1922 1250 significans
1940 1196 1970 1233 ei
1991 1205 2024 1234 et
2041 1195 2196 1233 reditum

1238 1277 1343 1301 suum
1362 1271 1395 1300 et
1413 1261 1651 1301 substantiam
1676 1274 1754 1310 quae
1771 1259 1838 1297 sibi
1858 1258 2067 1308 contigerat,
2086 1266 2119 1295 et
2137 1257 2197 1294 ubi

1238 1332 1336 1362 tanto
1365 1333 1522 1375 tempore
1553 1330 1712 1360 moratus
1734 1319 1857 1369 fuerit,
1877 1328 1917 1356 ut
1950 1318 2088 1370 placato
2121 1319 2198 1370 ejus

1237 1384 1358 1422 furore
1388 1385 1597 1422 clementem
1625 1380 1772 1420 reddere
1805 1379 1944 1432 possit:
1968 1378 2006 1416 id
2041 1378 2138 1430 quod
2164 1388 2197 1416 et

1237 1445 1372 1484 factum
1403 1454 1466 1494 est,
1482 1446 1559 1483 Deo
1587 1458 1647 1482 cor
1666 1442 1765 1480 illius
1792 1439 2028 1489 demulcente,
2043 1448 2077 1477 et
2096 1439 2199 1476 illum

1237 1507 1461 1546 tractabilem
1478 1505 1653 1545 exstincta
1671 1504 1723 1542 ira
1742 1502 1904 1541 faciente.
1916 1501 2010 1538 Nam
2027 1499 2056 1537 si
2076 1499 2199 1537 Laba-

1237 1584 1324 1608 num
1345 1569 1407 1620 qui
1436 1577 1534 1606 tanta
1569 1564 1798 1605 concitatione
1830 1561 2118 1615 persequebatur,
2138 1559 2199 1597 de-

1237 1631 1365 1668 terruit
1396 1645 1459 1682 per
1496 1644 1535 1667 ea
1566 1641 1644 1679 quae
1674 1626 1722 1664 ad
1756 1625 1875 1677 ipsum
1895 1622 2062 1661 dicebat:
2086 1621 2199 1659 multo

1240 1691 1356 1743 magis
1371 1692 1518 1728 fratrem
1530 1687 1806 1728 mansuetiorem
1827 1698 1908 1735 erga
1925 1685 2063 1736 justum
2083 1680 2200 1720 reddi-

1239 1752 1307 1790 dit.
1332 1754 1369 1790 6.
1390 1753 1546 1790 Reversi
1567 1757 1658 1788 sunt
1674 1755 1818 1790 autem,
1843 1743 1973 1794 inquit,
1996 1744 2166 1780 dicentes
2187 1758 2196 1777 :

1243 1812 1427 1848 Venimus
1444 1809 1498 1846 acl
1497 1809 1674 1861 fratrem
1691 1813 1813 1849 tuum,
1834 1804 1991 1841 etvenit
2008 1804 2049 1838 in
2070 1814 2199 1839 occur—

1239 1886 1324 1911 sum
1343 1881 1465 1917 tuum,
1490 1877 1525 1907 et
1544 1867 1820 1921 quadringenti
1840 1866 1919 1901 viri
1937 1876 2024 1901 cum
2040 1861 2199 1900 e0.Vidc

1239 1931 1418 1984 quomodo
1438 1940 1471 1969 et
1486 1930 1577 1968 istuc
1591 1928 1709 1981 ipsum
1723 1934 1829 1978 auget
1847 1933 1982 1962 metum
2002 1922 2104 1975 justi.
2124 1922 2197 1960 Ne-

1239 2009 1309 2046 que
1329 1993 1424 2032 enim
1444 1991 1578 2031 sciebat
1592 1988 1775 2028 evidenter
1793 1995 1948 2024 mentem
1962 1984 2082 2022 fratris
2105 1999 2112 2019 :
2135 1984 2198 2022 sed

1237 2064 1276 2093 ut
1294 2055 1422 2094 didicit
1451 2050 1719 2092 multitudinem
1744 2046 1965 2087 venientium
2004 2059 2086 2083 cum
2123 2044 2198 2094 illo,

1236 2116 1458 2166 formidavit,
1478 2113 1662 2166 suspicans
1681 2125 1724 2150 ne
1742 2109 1846 2161 quasi
1865 2109 1902 2146 in
1919 2107 2059 2146 bellum
2075 2115 2197 2145 eontra

1237 2196 1273 2220 se
1303 2179 1453 2226 veniret,
1475 2185 1510 2215 et
1542 2175 1592 2213 ita
1625 2172 1734 2212 vellet
1765 2182 1962 2209 occurrere.
1985 2169 2023 2206 7.
2055 2169 2199 2206 Timuit

1237 2241 1346 2290 enim,
1378 2237 1508 2290 inquit,
1521 2236 1662 2281 Jacob,
1693 2242 1730 2272 et
1757 2231 1964 2284 perplexus
1991 2237 2088 2267 erat.
2111 2229 2197 2266 For-

1194 2299 1201 2306 ’
1238 2302 1336 2342 mido
1354 2309 1510 2340 mentem
1527 2298 1604 2350 ejus
1618 2295 1841 2343 turbaverat,
1863 2301 1897 2330 et
1914 2290 2090 2329 nesciebat
2109 2290 2198 2342 quid

1237 2365 1380 2412 faceret,
1400 2360 1463 2400 sed
1475 2358 1606 2399 mansit
1633 2356 1825 2410 perplexus
1845 2368 1853 2390 :
1875 2361 2062 2406 propterea
2076 2352 2196 2389 timuit

1238 2425 1340 2478 quasi
1353 2424 1399 2463 de
1417 2422 1530 2462 salute
1548 2434 1624 2469 sua,
1643 2427 1677 2457 et
1693 2426 1845 2456 mortem
1873 2423 1954 2452 ante
1976 2413 2096 2452 oculos
2125 2413 2194 2450 ha-

1238 2487 1337 2525 hens.
1357 2485 1504 2523 Divisit
1529 2490 1661 2520 autem
1676 2481 1718 2516 in
1748 2479 1847 2515 duas
1868 2485 2017 2514 turmas
2043 2487 2194 2511 omnem

1237 2547 1423 2600 populum
1448 2546 1518 2597 qui
1544 2554 1674 2580 secum
1691 2546 1789 2577 erat.
1813 2536 1851 2574 8.
1880 2536 1995 2572 Dixit
2017 2536 2132 2579 enim,
2157 2533 2197 2571 St

1243 2611 1393 2648 venerit
1407 2607 1460 2644 ad
1471 2615 1639 2643 turmam
1650 2614 1783 2645 unam,
1801 2606 1837 2636 et
1849 2598 2076 2649 percusserit
2091 2609 2191 2640 eam,

1239 2673 1312 2710 erit
1333 2670 1461 2708 adhuc
1480 2666 1622 2710 altera,
1645 2675 1730 2714 quae
1746 2656 2088 2698 salvabitur.Talia
2111 2670 2195 2708 sug-

1239 2731 1407 2785 gerebant
1422 2728 1453 2766 ei
1473 2726 1579 2764 timor
1596 2732 1630 2761 et
1651 2734 1778 2772 magna
1794 2717 1960 2757 formido.
1977 2716 2113 2757 videns
2133 2731 2194 2755 au-

1239 2803 1310 2832 tem
1324 2805 1360 2831 se
1376 2789 1477 2842 quasi
1492 2787 1528 2825 in
1544 2785 1607 2824 reti
1629 2781 1939 2835 comprehensum,
1960 2778 2006 2816 ad
2018 2779 2194 2817 invictum

1240 2853 1435 2894 Dominum
1451 2847 1623 2899 confugit,
1637 2854 1671 2883 et
1687 2841 1939 2896 promissiones
1951 2855 2029 2891 qnae
2045 2840 2076 2878 ei
2093 2840 2193 2878 sactae

1238 2925 1336 2956 erant
1354 2912 1482 2966 repetit
1499 2909 1545 2948 ab
1576 2906 1737 2946 omnium
1762 2905 1852 2952 Deo,
1883 2902 1983 2954 quasi
2004 2901 2124 2940 dicens
2151 2901 2195 2939 ad

1238 2991 1321 3017 eum
1348 2991 1356 3012 z
1391 2975 1496 3012 Nunc
1530 2968 1625 3009 venit
1656 2976 1796 3019 tempus
1815 2964 1850 3002 in
1881 2978 1951 3015 quo
1985 2971 2019 3001 et
2053 2971 2197 3015 propter

1238 3035 1557 3092 primogenitorum
1578 3029 1759 3075 virtutem,
1774 3035 1807 3064 et
1821 3034 1966 3078 propter
1984 3023 2192 3077 promissio-

1239 3115 1319 3141 nem
1338 3112 1416 3152 quae
1432 3111 1452 3135 a
1472 3105 1505 3133 te
1524 3094 1615 3131 sacta
1631 3099 1683 3129 est
1708 3088 1812 3135 mihi,
1834 3086 1967 3139 dignus
1986 3085 2120 3124 habear
2134 3086 2193 3135 qni

186 3241 199 3254 ²
215 3231 369 3275 Qninque
386 3234 462 3266 MSS·
478 3239 670 3280 παρεμέολή.
691 3234 752 3267 Alii
770 3239 980 3280 nupzssssohi,
998 3241 1032 3266 et.
1045 3233 1091 3265 sic
1104 3232 1148 3265 ie·
1186 3229 1403 3268 mahanaim,
1422 3224 1529 3257 forma
1542 3219 1646 3259 duali,
1665 3220 1856 3264 παρεμὸολαὶ
1873 3219 2007 3272 fertum
2021 3209 2123 3245 LXX·

141 3280 229 3323 gitur
243 3283 275 3315 in
293 3293 352 3322 τοῖς
361 3285 431 3326 Ο’.,
450 3284 506 3318 ubi
518 3289 624 3330 primo
638 3287 713 3320 loco
727 3285 807 3319 illud
819 3286 1020 3320 hebraicum
1035 3290 1149 3325 runt)

141 3340 307 3379 Mahane,
319 3340 394 3385 quia
410 3344 443 3376 in
455 3342 610 3387 singulari
630 3342 787 3386 positum,
804 3344 944 3376 vertitur
957 3347 1147 3390 παριμεολή.

142 3396 297 3432 Secundo
325 3407 434 3432 autem
462 3400 536 3433 loeo
561 3400 616 3433 ubi
640 3401 673 3435 in
702 3398 842 3434 Hebraeo
876 3398 994 3443 legitur
1019 3400 1148 3435 O’er

1229 3294 1241 3307 ¹·
1258 3282 1322 3315 Sex
1337 3281 1415 3312 Mss.
1436 3281 1747 3322 παρασκευαζόμενος.

1231 3338 1245 3359 “’
1264 3332 1378 3377 [Coisl.
1398 3335 1447 3366 obv.
1466 3331 1526 3373 ἥξει
1544 3332 1571 3361 τί
1584 3324 1718 3369 πραξει.]
