2516 3791
706 222 747 250 hx'
787 220 839 250 CA
849 222 889 250 Ρ.
932 221 1026 251 Vttt.

124 322 194 346 νιον
211 306 250 343 τὸ
265 304 410 357 φοὸερὸν
430 304 488 342 καὶ
510 303 572 350 τὴν
586 304 826 356 πανωλεθρίαν
844 304 978 349 ἐκείνην
999 302 1148 355 διέφυγε.

127 366 194 405 Καὶ
211 365 268 404 διὰ
285 368 388 403 τοῦτο
408 364 496 415 μετὰ
518 363 580 411 τὴν
602 363 853 440 στενοχωρίαν
860 364 993 412 ἐκείνην
1012 380 1072 402 και
1087 364 1150 411 τὴν

125 428 297 480 ἀφόρητον
319 425 472 479 εἱρκτὴν,
492 426 551 464 καὶ
572 425 688 469 ἀδείας
713 426 773 464 καὶ
793 425 941 470 ἀνέσεως
970 426 1150 473 ἀπήλαυε,

125 489 184 527 καὶ
204 491 266 535 τῆς
284 487 380 540 παρὰ
404 491 464 525 τοῦ
490 489 582 526 Θεοῦ
611 486 768 537 εὐλογίας
786 487 945 535 ἠξιοῦτο,
967 487 1026 525 καὶ
1044 487 1149 525 πάλιν

125 549 187 596 τὴν
213 549 344 588 οἰκείαν
374 547 640 600 εὐγνωμοσύνην
658 548 715 586 διὰ
743 551 811 586 τῶν
844 548 953 601 ἔργων
974 547 1149 600 ἐπλήρου·

126 610 185 649 καὶ
207 614 389 662 πανταχοῦ
406 610 563 663 εὑρήσεις
581 609 644 652 τὰς
666 609 778 661 ἀρχὰς
805 611 890 661 παρ’
909 611 1014 647 αὐτοῦ
1032 610 1148 659 εἰσφε-

127 672 286 725 ρομένας.
302 672 443 724 ’Ὠσπερ
463 672 499 711 δὲ
526 671 589 719 τὴν
616 671 760 723 πρώτην
776 671 914 709 ἅπασαν
929 669 1069 717 ἡλικίαν
1086 669 1148 715 τὴν

127 734 253 786 ἀρετ-ὴν
280 733 496 784 μεταδιώξας
507 763 516 781 ,
538 734 598 771 καὶ
614 736 676 779 τῆς
688 732 814 775 κακίας
825 731 965 770 ἐκείνων
981 730 1078 774 ἐκτὸς
1092 747 1148 782 γε·

125 795 251 847 γονὼς,
271 797 309 833 οὐ
330 794 596 841 συναπήλαυσεν
617 797 732 836 αὐτοῖς
760 796 823 839 τῆς
848 792 1040 845 τιμωρίας,
1057 791 1148 830 ἀλλὰ

126 856 264 894 πάντων
294 855 517 908 ὗποὲρυχίων
546 854 736 905 γινομένων
768 853 869 897 αὐτὸς
895 852 996 904 μόνος
1021 852 1148 892 διεσώ-

123 920 199 962 ζετο
215 933 222 940 ·
239 915 331 954 οὕτω
344 915 451 954 πάλιν
469 914 587 962 ἐπειδὴ
604 914 737 961 πολλὴν
749 914 812 962 τὴν
827 913 944 952 πίστιν
957 914 1148 966 εἰσήνεγκε,

124 977 182 1015 καὶ
198 979 274 1028 μετ’
294 974 516 1029 εὐχαριστίας
534 978 596 1022 τ’ῆς
614 978 648 1014 ἐν
665 979 708 1027 τῇ
725 976 867 1028 κιὸωτῷ
881 975 1052 1022 οἰκήσεως
1068 975 1148 1022 ἠνέ-

124 1052 248 1090 σχετο,
269 1037 374 1076 πάλιν
406 1036 451 1075 τὰ
476 1036 574 1090 παρὰ
603 1041 664 1076 τοῦ
698 1039 790 1076 Θεοῦ
814 1037 1030 1085 ἠκολούθησε
1057 1037 1148 1088 μετὰ

123 1101 255 1146 πολλῆς
270 1101 333 1146 τῆς
357 1098 576 1152 φιλοτιμίας,
594 1098 653 1136 καὶ
676 1098 860 1151 ἐξενεχθεὶς
885 1103 948 1146 τῆς
978 1099 1146 1146 κιὸωτοῦ,

125 1161 184 1198 καὶ
205 1163 251 1204 εἰς
269 1160 332 1207 τὴν
346 1160 521 1213 ,προτέραν
550 1159 725 1212 διαγωγὴν
748 1161 1071 1208 ἀποκατασταθεὶς,
1091 1164 1149 1200 εὐ-

124 1222 209 1265 θέως
225 1221 380 1273 εὐλογίας
395 1221 568 1268 ἀξιοῦται,
589 1222 649 1260 καὶ
668 1221 773 1260 πάλιν
789 1221 853 1269 τὴν
873 1221 1002 1260 οἰκείαν
1022 1225 1148 1275 εὐγνω-

126 1283 276 1334 μοσύνην
295 1283 571 1333 ἐπιδειξάμενος,
591 1283 650 1320 καὶ
669 1283 732 1331 τὴν
759 1284 851 1322 κατὰ
876 1283 1020 1335 δύναμιν
1043 1287 1148 1337 εὐχα-

125 1344 260 1397 ριστίαν
293 1344 547 1394 ποιησάμενος,
578 1344 637 1382 καὶ
673 1344 763 1383 οὕτω
799 1344 964 1396 μειζόνων
994 1345 1149 1390 ἀξιοῦται

123 1405 220 1457 παρὰ
245 1409 304 1444 τοῦ
321 1405 564 1458 φιλανθρώπου
584 1407 689 1444 Θεοῦ.
709 1406 775 1445 Καὶ
796 1406 863 1458 γὰρ
886 1406 960 1451 ἔθος
979 1411 1078 1446 τοῦτο
1098 1410 1148 1445 τῶ

124 1469 206 1505 (θεῶ
219 1496 228 1513 ,
245 1466 384 1505 ἐπειδὰν
403 1466 512 1520 μικρὰ
529 1466 589 1505 καὶ
605 1469 725 1513 εὐτελη
740 1468 825 1520 παρ’
841 1471 943 1520 ἡμῶν
957 1471 1150 1522 εἷσενεχθῇ,

125 1527 258 1578 ὅμως
240 1544 258 1565 ο
289 1531 348 1566 οὖν
364 1530 564 1580 εἰσενεχθῃ,
578 1529 712 1576 πολλὴν
731 1533 817 1580 ἡμῖν
845 1529 908 1577 τὴν
934 1532 1018 1582 παρ’
1046 1533 1150 1569 αὐτοῦ

126 1589 308 1640 δωρεῖσθαι
325 1589 541 1640 φιλοτιμίαν.
556 1590 626 1628 Καὶ
638 1589 694 1628 ἵνα
709 1590 823 1642 μάθῃς
838 1591 969 1639 καὶτῆς
982 1592 1152 1645 ἀνθρωπί-

126 1665 185 1696 νης
197 1650 368 1694 εὐτελείας
379 1650 442 1696 τὴν
459 1651 671 1703 ὑπερὸολὴν,
682 1652 742 1690 καὶ
754 1656 814 1691 τοῦ
824 1653 1003 1693 Δεσπότου
1015 1670 1075 1693 σου
1087 1654 1152 1702 τὴν

125 1710 340 1762 φιλοτιμίαν,
354 1711 477 1750 σκόπει
493 1728 553 1762 μοι
568 1713 729 1752 ἐνταῦθα.
746 1713 820 1752 Κᾶν
842 1714 910 1768 γὰρ
927 1715 1151 1766 βουληθῶμέν

125 1788 160 1809 τι
184 1773 402 1822 εἰσενεγκεῖν,
421 1772 455 1810 τί
484 1776 645 1812 τοσοῦτον
666 1774 902 1825 δυνησόμεθα,
930 1775 952 1821 ἢ
982 1775 1061 1814 ὅσον
1089 1776 1153 1823 τὴν

127 1832 183 1870 διὰ
202 1848 271 1870 τιιν
292 1833 403 1884 λόγων
424 1833 650 1906 εὐχαριστίαν
668 1834 923 1882 ἐπιδείξασθαι;
940 1836 997 1874 Τὰ
1025 1835 1117 1887 μέν
1101 1851 1154 1875 τοι

126 1893 210 1942 παρ’
227 1895 330 1931 αὐτοῦ
350 1894 407 1932 διὰ
421 1897 490 1932 τῶν
507 1894 616 1945 ἔργων
634 1897 681 1938 εἷς
699 1899 795 1946 ἡμας
811 1898 1060 1948 ἐκπληροῦται.
1079 1899 1155 1936 Ποῦ

127 1956 185 1991 οὐν
207 1953 247 1991 ἂν
269 1954 341 1993 ἴσον
361 1955 494 2007 γένοιτο
517 1955 601 2008 ἔργα
622 1972 680 1993 και
700 1957 817 2007 λόγοι,
834 1957 984 1995 Ἀνενδε
953 1974 1010 2005 εης
1025 1958 1125 2011 γὰρ
1105 1975 1153 1996 ων

125 2017 226 2064 ἡμων
245 2019 262 2054 ὁ
278 2016 476 2064 Δεσπότης,
496 2017 630 2061 οὐδενὸς
651 2019 761 2056 δεῖται
780 2021 849 2057 τῶν
872 2021 958 2072 παρ’
987 2022 1102 2070 ἡμῶν,
1123 2022 1153 2058 εἰ

126 2075 175 2125 μὴ
200 2092 270 2114 των
300 2077 465 2129 ῥηματων
498 2077 622 2127 μόνον·
653 2095 713 2116 και
735 2078 842 2126 αὐτην
866 2079 902 2117 δὲ
926 2079 987 2126 τὴν
1004 2080 1061 2119 διὰ
1083 2084 1152 2119 τών

122 2137 234 2187 λόγων
265 2138 488 2190 εὐχαριστίαν
509 2142 670 2186 ἀπαιτεῖ,
690 2141 755 2191 οὐχ
783 2142 830 2183 ὡς
861 2140 993 2188 ταύτης
1011 2141 1152 2194 χρῄζων

124 2199 244 2245 αὐτὸς,
265 2200 343 2237 ἀλλ’
372 2198 427 2236 ἵνα
461 2203 555 2248 ἡμᾶς
584 2199 756 2253 παιδεύσῃ
790 2201 1010 2253 εὐγνώυ.ονας
1040 2207 1127 2241 εἶναι
1142 2234 1151 2251 ,

122 2274 180 2297 και
197 2259 439 2310 ἐπιγινώσκειν
456 2261 513 2298 τὸν
529 2263 599 2298 τῶν
620 2262 758 2312 ἀγαθῶν
777 2262 942 2314 χορηγόν.
959 2263 1028 2302 Διὰ
1049 2267 1151 2303 τοῦτο

122 2321 181 2359 καὶ
203 2322 341 2363 Παῦλος
364 2321 505 2375 γράφων
533 2321 662 2374 ἔλεγεν,
684 2324 900 2377 Εὐχάριστοι
917 2324 1063 2377 γίνεσθε.
1079 2328 1150 2365 Οὐ-

123 2381 179 2420 δὲν
201 2381 268 2435 γὰρ
289 2381 398 2426 οὕτως
415 2385 570 2431 ἐπιζητεῖ
595 2387 679 2438 παρ’
698 2388 799 2436 ἡμῶν
827 2389 844 2424 ὁ
872 2387 1074 2435 Δεσπότης,
1103 2391 1150 2433 ὡς

124 2446 224 2480 τοῦτο
241 2443 281 2481 τὸ
299 2442 522 2496 κατόρθωμα.
537 2444 598 2492 Μὴ
613 2445 726 2484 τοίνυν
744 2446 940 2499 ἀγνώμονες
952 2447 1129 2500 γινώμεθα
1139 2479 1148 2497 ,

127 2502 217 2553 μηδὲ
253 2505 297 2541 δι’
329 2504 439 2557 ἔργων
461 2506 739 2558 εὐεργετούμενοι
770 2509 884 2557 αὐτοὶ,
903 2510 1061 2560 ὀκνωμεν
1084 2510 1148 2557 τὴν

125 2564 181 2602 διὰ
197 2567 265 2602 τῶν
299 2565 410 2617 λόγων
431 2568 656 2619 εὐχαριστίαν
683 2568 865 2622 ἀναφέρειν
892 2573 943 2608 τῶ
964 2571 1149 2624 Δεσπότη-

125 2622 230 2661 πάλιν
247 2623 315 2676 γὰρ
335 2626 382 2668 εἰς
399 2629 493 2675 ἡμας
523 2626 562 2664 τὸ
586 2627 706 2680 κέρδος
724 2628 956 2682 περιίσταται.
979 2630 1063 2668 Ἐὰν
1081 2631 1147 2703 γὰρ

124 2682 182 2719 ἐπι
201 2689 271 2726 τοῖς
286 2683 458 2736 φθάσασιν
483 2685 684 2740 εὐχάριστοι
707 2688 903 2739 γινώμεθα,
929 2689 989 2727 καὶ
1008 2690 1094 2743 πρὸς
1109 2690 1149 2728 τὸ

125 2745 194 2780 τῶν
223 2745 388 2794 μειζόνων
408 2752 527 2798 τυχεῖν
553 2750 688 2792 ἑαυτοῖς
717 2749 850 2797 πολλὴν
879 2751 1148 2803 προευτρεπίζο-

128 2819 190 2853 μεν
205 2804 268 2852 τὴν
284 2807 495 2881 παρρησίαν.
517 2807 645 2858 Μόνον,
661 2813 882 2864 παρακαλω,
898 2813 977 2850 καθ’
995 2812 1148 2861 ἑκάστην

127 2864 260 2916 ημέραν
290 2881 349 2904 και
371 2866 478 2919 ὥραν,
506 2871 537 2906 εἰ
567 2864 636 2907 οἷόν
664 2886 725 2919 τε,
759 2873 1045 2925 ἀναλογιζωυεθα
1073 2876 1149 2912 καθ’

126 2926 264 2969 ἑαυτους
287 2926 334 2977 μὴ
356 2928 417 2972 τὰς
438 2929 554 2974 κοινὰς
574 2930 676 2981 μόνον
693 2934 910 2985 εὐεργεσίας,
934 2935 974 2978 ἃς
989 2935 1086 2987 πάσῃ
1107 2939 1150 2987 τῇ

127 2985 226 3038 φύσει
254 2991 272 3025 ὁ
291 3004 358 3025 των
378 2988 466 3028 ὅλων
498 2992 705 3044 δημιουργὸς
725 2994 952 3047 κεχάρισται,
974 2995 1064 3034 ἀλλὰ
1093 3012 1153 3034 και

127 3047 214 3090 τὰς
207 3047 274 3086 ιδία
293 3048 352 3087 καὶ
373 3052 449 3088 καθ’
465 3050 612 3091 ἕκαστον
641 3056 726 3104 ἡμῖν
755 3056 1012 3108 παρεχομένας.
1030 3058 1099 3096 Καὶ
1118 3056 1152 3094 τί

127 3108 219 3159 λέγω
234 3109 317 3154 τὰς’
309 3110 377 3149 ιδία
393 3127 452 3150 και
464 3113 543 3151 καθ
553 3112 699 3152 ἕκαστον
712 3118 974 3193 παρεχομένας,
985 3119 1077 3156 Καὶ
1065 3117 1152 3170 υπὲρ

129 3171 176 3206 ὑν
196 3173 394 3219 ἀγνοοῦντες
408 3174 704 3228 ευεργετούμεθα,
722 3193 782 3215 και
801 3178 890 3231 ὑπὲρ
904 3178 1033 3218 τούτων
1048 3197 1095 3219 ευ
1087 3198 1154 3233 χα-

133 3233 315 3282 ριστῶμεν.
336 3232 481 3282 Ἐπειδὴ
504 3235 572 3288 γὰρ
591 3239 737 3283 κήδεται
763 3255 827 3285 της
849 3240 1020 3292 ἡμετέρας
1036 3258 1153 3289 σωτη-

133 3291 224 3342 ρίας,
245 3293 356 3332 πολλὰ
373 3311 432 3333 και
447 3296 496 3346 μὴ
518 3297 651 3373 eriodwq
672 3302 705 3344 ἦ
699 3306 766 3349 affe
786 3301 973 3352 εὐεργετεῖ,
989 3319 1049 3340 και
1068 3305 1154 3342 πολ-

129 3352 229 3395 λάκις
247 3370 306 3391 και
322 3355 485 3394 κινδύνων
506 3357 711 3412 ἐξαρπάζει,
733 3361 792 3399 καὶ
812 3362 931 3413 ἑτέρας
958 3365 1155 3415 εὐεργεσίας

128 3415 174 3456 εἷς
190 3417 282 3464 ἡμῖὶς
301 3417 535 3458 κατατίθεται.
559 3421 664 3471 Πηγὴ
688 3423 754 3472 γάρ
775 3425 849 3460 ἐστι
871 3425 1153 3476 φιλανθρωπίας,

1065 219 1227 250 ὓΕΝΕὸ.

1167 1991 1215 2015 253

1270 220 1425 249 luunt„
1466 219 1548 247 Χλὶ
1566 220 1593 247 Ι.

2089 206 2176 268 295

1229 315 1453 341 communem
1486 301 1646 340 omnium
1681 302 1954 339 internecionem
1974 303 2176 351 effugiebat.

1227 362 1273 400 Et
1304 372 1487 416 propterea
1522 372 1601 416 post
1627 362 1828 415 angustiam
1858 362 1958 400 illam
1988 372 2021 401 et
2053 363 2176 402 intole-

1227 424 1376 463 rabilem
1395 439 1588 476 carcerem,
1611 425 1837 464 securitatem
1860 433 1892 462 et
1907 425 2062 476 quietem
2090 425 2176 464 adc-

1227 494 1310 537 ptus
1333 496 1384 524 cst
1402 501 1470 524 una
1493 501 1573 525 cum
1594 486 1719 526 divina
1744 485 2008 536 benedictione3
2030 486 2176 524 iterum-

1227 560 1296 596 que
1311 556 1451 597 gratum
1473 549 1634 586 animum
1657 547 1825 600 operibus
1844 547 2030 596 indicavit,
2044 557 2078 586 et
2093 548 2176 586 ubi-

1227 621 1294 656 que
1315 607 1471 646 iuvenies
1492 609 1595 646 illum
1619 607 1734 661 prima
1755 608 1957 647 contulisse.
1979 610 2067 647 Nam
2083 609 2176 647 sicut

1225 681 1261 704 ιιι
1282 681 1396 718 prima
1420 678 1524 707 aetate
1544 683 1684 707 omnem
1707 678 1875 708 virtutem
1890 679 2041 708 sectatus
2060 680 2124 717 cst,
2143 680 2177 709 ct

1225 742 1245 765 a
1265 728 1362 766 vitiis
1381 742 1418 766 se
1437 729 1624 778 alienavit,
1641 730 1774 780 quilius
1804 731 1863 781 qui
1884 740 1967 769 tunc
1988 732 2172 778 vivebant,

1173 808 1197 837 ῃ
1224 788 1344 826 infecti
1374 798 1474 827 erant
1494 805 1501 826 ε
1519 789 1616 827 unde
1634 804 1745 840 neque
1777 805 1962 842 poenarum
1998 795 2175 845 particeps

1223 849 1305 898 fuit,
1318 859 1351 888 et
1368 864 1449 888 cum
1464 850 1526 888 alii
1541 864 1662 888 omnes
1678 851 2006 902 submergerentur,
2027 854 2100 905 ipsc
2118 869 2173 892 so-

1223 910 1280 949 lus
1301 920 1462 951 servatus
1480 920 1532 950 est
1548 911 1620 949 :ita
1641 926 1766 950 rursus
1784 911 1869 963 quia
1898 913 2006 951 fidem
2034 929 2175 965 quoque

1223 972 1362 1021 habuit,
1379 982 1413 1011 et
1431 987 1513 1011 cum
1532 972 1730 1025 gratiarum
1747 974 1886 1012 actione
1904 989 2005 1013 suam
2033 977 2067 1014 in
2095 992 2175 1015 arca

1224 1032 1481 1072 habitationem
1510 1034 1605 1079 tulit,
1624 1034 1755 1072 iterum
1773 1033 1898 1074 divina
1919 1035 2009 1074 dona
2037 1039 2176 1090 copiose

1223 1095 1276 1133 illi
1296 1109 1459 1134 concessa
1479 1104 1576 1145 sunt,
1592 1104 1625 1134 ct
1641 1109 1722 1133 cum
1742 1109 1902 1147 egressus
1921 1112 1966 1136 ex
1984 1113 2078 1147 arca,
2093 1101 2174 1139 etin

1223 1156 1415 1209 pristinum
1433 1165 1564 1195 statum
1581 1156 1766 1195 restitutus
1784 1167 1884 1207 esset,
1901 1159 2020 1197 statim
2035 1161 2176 1200 benedi-

1224 1218 1379 1257 ctionem
1398 1227 1633 1269 consequutus
1649 1227 1716 1269 est,
1742 1227 1777 1257 et
1800 1219 1929 1258 iterum
1948 1221 2089 1260 solitam
2106 1238 2177 1275 pra:

1223 1294 1261 1318 se
1274 1280 1358 1318 tulit
1371 1280 1462 1331 grati
1474 1279 1584 1318 animi
1600 1279 1827 1332 probitatem,
1839 1282 2036 1333 emissaque
2050 1285 2178 1334 gratia-

1228 1356 1308 1379 rum
1327 1342 1464 1381 actione
1490 1342 1597 1380 etiam
1623 1351 1710 1380 tunc
1734 1343 1930 1395 majoribus
1958 1344 2141 1384 beneficiis
2159 1362 2179 1384 a

1229 1404 1305 1441 Deo
1319 1403 1522 1441 cumulatus
1541 1412 1607 1442 est.
1628 1405 1708 1441 Mos
1730 1403 1825 1441 enim
1845 1404 1910 1442 Dei
1929 1414 1995 1455 est,
2012 1415 2050 1444 ut
2069 1407 2098 1444 si
2118 1421 2180 1445 nos

1174 1479 1197 1508 E
1230 1464 1347 1503 tenuia
1364 1464 1527 1516 quaedam
1547 1473 1581 1501 et
1603 1464 1690 1503 vilia
1709 1464 1961 1516 obtulerimus,
1982 1467 2046 1505 sed
2066 1477 2180 1505 tamen

1227 1526 1476 1576 obtulerimus,
1485 1525 1599 1563 multa
1612 1525 1827 1564 liberalitate
1842 1540 1904 1564 nos
1917 1538 2126 1566 remuneret.
2136 1529 2182 1566 Et

1228 1596 1268 1625 ut
1280 1587 1396 1625 discas
1411 1596 1541 1638 quanta
1557 1587 1603 1625 sit
1616 1587 1773 1624 humana
1795 1588 1959 1637 tenuitas,
1970 1599 2099 1640 quanta
2116 1591 2181 1628 Dei

1228 1648 1508 1700 magnificentia,
1530 1648 1590 1686 hic
1609 1658 1762 1686 mentem
1779 1649 1925 1687 adhibe.
1944 1652 2018 1688 Nos
2036 1651 2130 1689 enim
2152 1652 2179 1689 si

1211 1734 1216 1740 -
1228 1709 1547 1761 quidvoluerimus
1560 1709 1700 1757 offerre,
1709 1709 1799 1760 quid
1806 1711 1960 1762 amplius
1968 1712 2095 1750 offerre
2105 1727 2182 1765 pos-

1228 1786 1366 1819 sumus,
1379 1786 1487 1823 quam
1506 1780 1681 1822 quantum
1694 1771 1813 1810 verbis
1827 1773 1958 1823 gratias
1971 1773 2182 1813 referimus?

1229 1833 1281 1872 Ea
1301 1848 1384 1872 sane
1399 1847 1478 1884 quae
1505 1833 1579 1885 ipse
1600 1832 1758 1881 exhibet,
1781 1847 1886 1885 opere
1905 1834 2007 1872 nobis
2026 1844 2180 1886 pratstat.

1228 1896 1346 1943 Quam
1357 1894 1509 1948 imparia
1522 1903 1643 1932 autem
1656 1903 1738 1932 sunt
1750 1895 1857 1933 verba
1868 1904 1902 1932 et
1911 1896 2042 1947 opera?
2054 1896 2099 1934 Et
2110 1898 2181 1935 Do-

1228 1957 1347 1995 minus
1369 1956 1550 1994 nullarum
1563 1969 1682 1993 rerum
1698 1954 1843 2007 indigus
1859 1965 1925 2006 est,
1943 1956 2109 2007 nullaque
2122 1972 2179 1995 re—

1178 2027 1203 2056 Α
1228 2033 1309 2056 rum
1327 2027 1530 2056 nostrarum
1548 2026 1640 2068 eget,
1659 2026 1897 2069 praeterquam
1917 2018 2037 2056 verbis
2053 2034 2060 2055 ε
2077 2028 2182 2069 atque

1229 2080 1319 2118 hanc
1338 2079 1451 2131 ipsam
1465 2078 1586 2117 verbis
1599 2078 1775 2130 prolatam
1793 2078 1991 2129 gratiarum
2007 2079 2180 2117 actionem

1227 2141 1352 2193 exigit,
1360 2154 1429 2178 non
1442 2139 1539 2190 quod
1547 2153 1586 2176 ea
1598 2139 1672 2191 ipse
1682 2153 1771 2191 opus
1781 2139 1921 2189 habeat,
1929 2140 1988 2178 sed
2004 2150 2043 2178 ut
2053 2154 2114 2178 nos
2122 2141 2182 2178 do—

1227 2212 1302 2240 ceat
1316 2212 1435 2254 gratos
1457 2215 1543 2249 csse,
1559 2210 1591 2238 et
1607 2214 1797 2251 agnoscere
1814 2210 1993 2240 tantorum
2005 2203 2181 2241 bonorum

1227 2262 1542 2315 suppeditatorem.
1558 2261 1604 2300 Et
1618 2261 1718 2299 illam
1731 2262 1778 2300 ob
1791 2276 1934 2301 causam
1945 2264 2079 2302 Paulus
2093 2279 2179 2315 quo-

1227 2338 1296 2376 que
1305 2323 1463 2362 scribens
1472 2322 1631 2361 dicebat:
1643 2323 1898 2362 Gratiestote.
1911 2324 2011 2363 Nihil
2023 2325 2116 2363 enim
2129 2326 2179 2364 sic
2198 2342 2316 2372 coloss.
2331 2340 2361 2369 3.

1224 2385 1377 2437 requirit
1389 2400 1409 2423 a
1420 2384 1523 2423 nobis
1534 2384 1723 2434 Dominus,
1731 2394 1770 2422 ut
1782 2386 1873 2424 istuc
1886 2386 2015 2439 ipsum.
2026 2387 2180 2427 Proinde
2199 2385 2245 2415 ¹5·

1225 2461 1268 2486 ne
1287 2447 1399 2485 simus
1426 2445 1572 2498 ingrati,
1591 2459 1706 2496 neque
1724 2445 1812 2484 dum
1838 2460 1876 2484 re
1902 2447 1980 2499 ipsa
2005 2448 2179 2487 beneficia

1225 2508 1446 2562 experimur,
1468 2521 1658 2560 gravemur
1674 2508 1802 2546 offerre
1817 2508 1974 2547 Domino
1987 2508 2106 2546 verbis
2120 2523 2181 2547 no·

1225 2571 1309 2611 stris
1331 2571 1528 2624 gratiarum
1557 2569 1733 2607 actionem
1751 2585 1758 2606 :
1776 2569 1905 2607 iterum
1924 2570 2018 2607 enim
2037 2570 2178 2609 lucrum

1225 2633 1262 2671 in
1280 2646 1345 2671 nos
1365 2631 1553 2670 redundat.
1574 2629 1682 2677 Quod
1701 2629 1731 2674 si
1750 2629 1794 2667 de
1809 2630 1936 2682 primis
1956 2631 2046 2681 grati
2071 2632 2177 2670 fueri-

1225 2708 1319 2741 mus,
1356 2702 1595 2746 praeterquam
1625 2690 1720 2741 quod
1749 2691 1885 2743 majora
1915 2691 2174 2740 nanciscimur,

1174 2764 1197 2794 Β
1222 2754 1330 2792 etiam
1370 2751 1542 2790 fiduciam
1579 2750 1684 2788 nobis
1713 2763 1880 2801 magnam
1916 2765 2174 2804 comparamus.

1225 2817 1348 2854 Unum
1375 2814 1459 2863 hoc,
1489 2813 1648 2860 obsecro,
1671 2811 1822 2862 singulis
1849 2811 1976 2850 diebus
2004 2822 2038 2851 et
2062 2813 2174 2865 horis,

1226 2877 1254 2915 si
1275 2877 1349 2915 fieri
1370 2884 1496 2929 potest,
1521 2883 1755 2925 supputemus
1774 2873 1975 2922 nobiscum,
1994 2888 2063 2913 non
2075 2889 2174 2913 com·

1226 2938 1347 2976 munia
1360 2946 1498 2975 tantum
1511 2934 1683 2972 beneficia
1698 2947 1774 2984 quae
1790 2934 1853 2972 toti
1867 2944 2003 2973 naturae
2016 2936 2177 2974 omnium

1228 3000 1361 3052 Opifex
1376 2997 1537 3044 contulit,
1549 2995 1607 3033 sed
1620 3004 1652 3032 et
1664 2995 1802 3047 privata
1810 3005 1842 3033 et
1853 2995 2071 3047 quotidiana.
2081 2996 2179 3044 Quid

1227 3061 1308 3099 dico
1324 3059 1464 3112 privata
1485 3066 1518 3095 et
1534 3055 1767 3107 quotidiana?
1783 3055 1902 3094 Etiam
1927 3070 1966 3094 ea
1982 3071 2060 3107 quae
2079 3057 2178 3108 igno-

1227 3121 1389 3160 rantibus
1408 3118 1511 3157 nobis
1533 3117 1681 3166 confert,
1706 3131 1840 3169 proque
1868 3117 1924 3155 his
1944 3118 2076 3169 gratias
2095 3132 2179 3169 aga·

1229 3197 1322 3220 mus.
1360 3177 1640 3230 )uandoquidem
1654 3178 1750 3216 enim
1766 3193 1830 3230 pro
1845 3179 1959 3217 salute
1978 3188 2095 3217 nostra
2112 3179 2180 3217 sol-

2241 3203 2382 3231 Beneficia

1230 3243 1347 3281 licitus
1372 3250 1437 3286 est,
1456 3239 1569 3277 multa
1597 3238 1704 3276 etiam
1722 3239 1758 3276 in
1779 3253 1842 3277 nos
1863 3239 1996 3277 nescios
2010 3239 2179 3278 beneficia
2194 3246 2233 3273 D
2233 3255 2273 3272 m
2332 3254 2386 3272 no-

1231 3304 1378 3348 conse-,it
1389 3316 1482 3353 sape
1501 3301 1608 3339 etiam
1623 3314 1642 3338 e
1660 3300 1830 3352 peiiculis
1851 3301 1969 3352 cripit,
1988 3310 2093 3351 atque
2113 3301 2180 3338 alia
2196 3288 2212 3314 ¹
2197 3285 2385 3354 ξζξζωῑῖὶῗ

1230 3364 1399 3403 beneficia
1417 3371 1569 3415 prarstat.
1596 3362 1688 3400 Fons
1708 3361 1801 3399 enim
1822 3371 1873 3399 cst
1893 3362 2099 3408 clementiae,
2121 3376 2183 3399 sua
2199 3370 2276 3396 sctis.

1186 3434 1209 3464 C
1236 3426 1365 3465 lluenta
1382 3437 1518 3474 semper
1546 3423 1701 3460 humano
1722 3422 1838 3473 generi
1863 3422 2089 3474 profundens.
2108 3423 2183 3471 lgi-
