2516 3791
698 202 738 233 IN
778 203 878 233 Ciu).
917 202 1028 232 XVI!-

146 291 275 331 οἰκείαν
295 285 572 340 εὐγνωμοσύνην.
592 288 645 324 Οὐ
663 287 765 337 μόνον
781 287 847 338 γὰρ
863 292 876 307 ··
889 287 950 323 οὐκ
968 285 1142 331 ἀπενοήθη
1154 313 1163 329 ,

146 352 221 391 οὐδὲ
240 351 329 402 μέγα
354 348 541 402 ἐφρόνησεν
571 347 628 385 ἐπὶ
647 351 689 400 τῇ
709 348 822 399 εὐνοίᾳ
850 351 891 398 τῇ
913 349 959 390 εἷς
980 346 1081 384 αὐτὸν
1106 361 1164 395 γε·

145 412 336 464 γενημένῃ,
356 409 444 449 ἀλλὰ
476 408 534 446 καὶ
562 410 681 461 πολλῷ
707 410 838 460 μᾶλλον
867 408 1077 454 συνεστάλη·
1097 408 1164 445 Καὶ

145 474 266 519 ἔπεσε,
286 472 403 525 φησὶν,
423 470 480 509 ἐπὶ
501 470 700 522 πρόσωπον.
721 472 885 509 Τοιοῦτον
905 470 972 522 γὰρ
997 473 1018 516 ἠ
1037 468 1166 519 εὐγνώ-

146 551 220 587 μων
241 533 337 586 ψυχή
351 550 358 557 ·
379 533 518 571 ἐπειδὰν
549 533 704 575 πλείονος
724 532 908 583 ἀπολαύσῃ
938 534 1001 577 τῆς
1026 532 1165 583 παρῥη-

144 597 239 642 σίας,
259 595 336 633 τότε
358 595 492 644 μᾶλλον
520 593 654 641 πολλὴν
673 593 908 631 ἐπιδείκνυται
927 592 990 639 τὴν
1008 590 1088 644 περὶ
1107 592 1165 630 τὸν

143 658 235 696 Θεὸν
253 655 455 694 εὖλάὸειαν·
477 654 610 693 Ἰἰπεσε
639 655 723 707 γὰρ,
742 654 859 706 φησὶν,
888 654 946 690 ἐπὶ
978 653 1166 706 πρόσωπον

146 720 259 756 αὐτοῦ.
290 716 359 754 Καὶ
392 714 511 762 ἐπειδὴ
551 715 640 766 μετὰ
668 715 730 762 τὴν
765 715 938 760 τοσαύτην
968 713 1167 766 παῤῥησίαν

146 781 193 823 εἷς
213 779 333 817 ἑαυτὸν
357 780 446 829 ὁρῶν
471 779 490 814 ὁ
509 775 662 821 δίκαιος,
684 775 742 814 καὶ
768 777 831 821 τῆς
861 775 1079 826 ἀνθρωπίνης
1104 775 1167 827 φύ-

147 855 232 881 σεως
259 838 322 885 τὴν
352 837 541 882 ἀσθένειαν,
573 835 650 873 οὐδὲ
685 837 869 874 ἀνανεῦσαι
899 835 1048 886 ἐτόλμα,
1079 835 1169 872 ἀλλὰ

147 901 243 939 κάτω
278 899 416 936 κύπτων
454 896 587 943 πολλὴν
615 896 834 934 ἐπεδείκνυτο
864 896 928 944 τὴν
964 898 1169 935 εὐλάὸειαν·

142 961 205 1011 ὅρα
237 959 341 996 πάλιν
365 963 423 996 τοῦ
444 959 572 1008 ἀγαθοῦ
594 959 687 994 (θεοῦ
712 956 775 1003 τὴν
797 957 928 1010 ἄφατον
958 958 1170 1010 φιλοτιμίαν.

144 1021 318 1066 'limma
335 1019 401 1071 γὰρ
424 1020 539 1069 αὐτῷ,
560 1016 677 1069 φησὶν,
706 1021 724 1056 ὁ
742 1019 832 1061 Θεὸς
850 1018 979 1070 λέγων·
1004 1019 1076 1057 ἰδοὺ
1103 1019 1171 1071 ἐγὼ

143 1082 201 1121 καὶ
219 1085 240 1128 ἡ
262 1082 410 1128 διαθήκη
428 1096 493 1131 μου
515 1078 604 1130 μετὰ
622 1083 683 1118 σοῦ
696 1108 706 1126 ,
721 1080 780 1118 καὶ
799 1080 861 1132 ἔσῃ
881 1081 999 1133 πατὴρ
1020 1081 1172 1128 πλήθους

144 1146 264 1189 ἐθνῶν,
286 1143 345 1181 καὶ
379 1144 417 1180 οὐ
438 1141 652 1187 κληθήσεται
670 1142 720 1180 ἔτι
744 1141 778 1179 τὸ
798 1142 907 1193 ὄνομά
932 1159 992 1180 σου
1012 1143 1151 1196 Ἄῖἷραμ
1164 1173 1172 1187 ,

145 1205 234 1243 ἀλλὰ
254 1205 351 1243 ἔσται
368 1204 406 1242 τὸ
424 1202 533 1254 ὄνομά
553 1218 614 1240 σου
630 1202 790 1255 Ἀὅραοίμ
804 1220 811 1227 ·
823 1203 875 1241 ὅτι
886 1203 1022 1257 πατέρα
1032 1207 1172 1243 πολλῶν

145 1269 250 1304 ἐθνῶν
271 1265 407 1304 τέθεικά
430 1281 490 1313 σε,
512 1265 570 1302 καὶ
600 1264 735 1308 αὖξανῶ
763 1281 821 1303 σε’
845 1265 903 1302 καὶ
931 1265 1028 1312 θήσω
1061 1282 1098 1304 σε
1125 1269 1172 1310 εἰς

145 1329 256 1374 ἔθνος,
275 1327 334 1366 καὶ
354 1329 510 1378 βασιλεῖς
529 1328 568 1364 ἐκ
585 1330 646 1365 σοῦ
665 1325 914 1370 ἐξελεύσονται.

198 1390 402 1435 Σκόπησον,
425 1388 604 1438 ἀγαπητὲ,
622 1389 697 1431 πῶς
717 1387 881 1440 προλέγει
896 1390 946 1440 τῷ
965 1388 1089 1441 δικαίῳ
1114 1391 1173 1428 καὶ

146 1454 203 1489 νῦν
221 1451 358 1488 ἅπαντα
377 1452 516 1502 σαφῶς,
535 1449 594 1487 καὶ
620 1448 676 1486 ἵνα
701 1448 843 1486 πλείονα
864 1451 959 1502 αὐτῷ
987 1450 1051 1498 τὴν
1077 1453 1172 1499 πλη-

146 1511 309 1564 ροφορίαν
327 1511 458 1562 ποιήσῃ
473 1539 482 1556 ,
505 1509 564 1548 καὶ
595 1513 655 1547 τοῦ
687 1509 859 1562 στοιχείου
888 1509 950 1558 τὴν
970 1512 1173 1564 προσθήκην

148 1575 189 1625 τῇ
206 1572 422 1624 προσηγορία
442 1573 546 1609 αὐτοῦ
572 1571 830 1621 ἐναποτίθεται,
851 1571 910 1609 καί
935 1588 1060 1625 φησιν·
1081 1573 1173 1626 Ἔσῃ

146 1633 262 1685 πατὴρ
283 1633 436 1679 πλήθους
455 1634 576 1671 ἐθνῶν.
598 1634 651 1670 Οὐ
672 1632 888 1679 κληθήσεται
911 1633 980 1686 γὰρ
1000 1633 1040 1672 τὸ
1066 1635 1177 1685 ὄνομά

146 1710 206 1732 σου
226 1694 389 1745 impuri,
412 1693 501 1731 ἀλλὰ
531 1693 712 1746 Ἀὸραὰμ,
740 1693 861 1741 ἐπειδὴ
881 1694 1017 1747 πατέρα
1036 1697 1175 1734 πολλῶν

147 1757 251 1793 ἐθνῶν
268 1754 410 1794 τέθεικά
431 1770 483 1793 σε.
501 1754 640 1806 “Ὠσπερ
661 1755 728 1806 γὰρ
742 1753 781 1792 τὸ
800 1754 968 1807 πρότερον
982 1756 1092 1807 ὄνομα
1111 1755 1174 1803 τὴν

146 1816 215 1854 ἀπὸ
234 1819 294 1853 τοῦ
314 1814 425 1867 πέραν
442 1817 590 1853 ἐνταῦθα
607 1815 774 1853 ἐπάνοδον
794 1815 969 1866 ἐσήμανεν
987 1815 1175 1869 (ὺἌὲραμ

146 1878 212 1930 γὰρ
232 1877 386 1929 περάτης
406 1876 635 1929 ἑρμηνεύεται
664 1876 755 1915 κατὰ
774 1877 838 1924 τὴν
859 1877 1036 1930 Ἑέραίων
1061 1881 1174 1931 γλῶτ-

145 1954 205 1976 ταν
223 1955 227 1959 ·
252 1938 310 1976 καὶ
336 1942 438 1976 τοῦτο
454 1937 582 1985 ἴσασιν,
599 1937 673 1976 ὅσοι
688 1940 750 1984 τῆς
764 1938 923 1990 γλώττης
939 1939 1073 1987 ἐκείνης
1088 1941 1175 1979 εἰσὶν

144 2000 347 2052 ἔμπειροι),
367 1999 443 2037 ἐπεὶ
466 1994 524 2037 οὖν
554 1999 698 2050 ἔμελλεν
726 2000 796 2038 ἀπὸ
821 2004 882 2038 τοῦ
906 2000 1016 2053 πέραν
1036 2004 1083 2046 εἰς
1110 2002 1175 2049 τὴν

145 2060 344 2098 Χαναναίαν
374 2060 556 2112 ἔρχεσθαι,
589 2060 647 2098 διὰ
678 2064 781 2098 τοῦτο
810 2062 842 2098 οἱ
875 2067 986 2113 γονεῖς
1015 2065 1110 2115 αὐτῷ
1137 2063 1175 2101 τὸ

142 2121 251 2171 ὄνομα
275 2121 501 2160 ἐπιτιθέασιν.
523 2121 615 2160 Ἀλλ’
644 2120 727 2165 ἴσως
754 2122 847 2160 εἴποι
882 2138 934 2166 τις
959 2123 1016 2160 ἅν·
1051 2123 1110 2161 καὶ
1144 2126 1174 2162 εἰ

142 2182 282 2221 ἄπιστοι
305 2182 495 2234 {nim-avoir
512 2184 544 2220 οἱ
561 2185 682 2220 τοῦτον
703 2183 966 2234 γεγεννηκότες,
981 2183 1084 2222 πόθεν
1105 2187 1171 2223 αὐ-

142 2249 210 2285 τοῖς
228 2246 249 2288 ἠ
269 2242 463 2295 πρόγνωσις
477 2242 584 2290 αὕτη,
606 2242 698 2281 ὥστε
725 2246 768 2295 τῇ
796 2243 1015 2296 προσηγορίᾳ
1042 2246 1172 2283 ἐναπο-

140 2303 258 2343 θέσθαι
293 2304 333 2342 τὸ
362 2304 488 2355 μέλλον
521 2303 609 2355 μετὰ
639 2304 748 2343 πολὺν
772 2305 912 2344 ἔσεσθαι
936 2305 1079 2358 χρόνον;
1100 2307 1170 2346 Καὶ

141 2369 240 2404 τοῦτο
260 2367 322 2411 τῆς
351 2369 409 2404 τοῦ
436 2368 529 2404 Θεοῦ
561 2366 763 2419 εὐμηχάνου
793 2366 932 2419 σοφίας,
952 2368 993 2406 τὸ
1022 2368 1081 2406 καὶ
1112 2368 1170 2406 διὰ

140 2428 209 2464 τῶν
229 2427 384 2465 ἀπίστων
401 2427 571 2471 πολλάκις
583 2431 728 2467 τοιαῦτα
745 2431 937 2480 οἰκονομεῖν
951 2445 959 2453 ·
976 2429 1035 2468 καὶ
1053 2429 1169 2469 πολλὰ

140 2493 284 2526 τοιαῦτα
313 2488 505 2540 εὑρήσομεν
535 2489 594 2527 καὶ
620 2490 673 2542 ἐφ’
694 2490 820 2542 ἑτέρων
847 2491 1077 2543 γεγενημένα.
1097 2493 1167 2531 Εὐ-

139 2550 223 2593 θέως
239 2550 306 2602 γὰρ
326 2550 569 2603 ἐπεισέρχεται
597 2554 682 2602 ἡμῖν
708 2551 767 2590 καὶ
792 2555 814 2599 ἡ
842 2556 902 2590 τοῦ
923 2554 1005 2592 Νῶε
1033 2568 1166 2606 προση-

139 2610 252 2663 γορία.
275 2611 367 2649 Οὐῗὲ
383 2610 450 2663 γὰρ
470 2612 607 2660 ἁπλῶς,
626 2611 703 2650 οὐδὲ
722 2614 769 2656 ὡς
783 2612 885 2665 ἔτυχε
897 2613 956 2652 καὶ
974 2613 1088 2666 τούτῳ
1102 2613 1165 2662 τὴν

139 2672 376 2724 προσηγορίαν
396 2672 568 2720 ἐπέθηκαν
588 2674 620 2711 οἱ
650 2679 761 2725 γονεῖς
773 2705 783 2722 ,
799 2675 890 2713 ἀλλὰ
909 2675 1167 2728 προμηνύοντες

139 2732 195 2770 τὸν
214 2733 302 2783 μετὰ
318 2733 531 2772 πεντακόσια
547 2734 608 2781 ἔτη
627 2734 799 2786 μέλλοντα
821 2736 1028 2788 γενήσεσθαι
1053 2753 1165 2776 κατα-

140 2794 306 2845 κλυσμόν.
336 2794 418 2834 ’Ότι
449 2795 517 2848 γὰρ
534 2795 602 2835 ’καὶ
626 2799 644 2834 ὁ
676 2797 800 2835 τούτου
827 2799 945 2852 πατὴρ
971 2800 1010 2837 οὗ
1043 2799 1101 2838 διὰ
1128 2801 1168 2839 τὸ

1067 200 1228 230 Gumis,

1178 2834 1225 2860 399

1269 198 1424 228 noim„
1466 198 1621 227 xxxix.
2093 185 2173 243 1301

1236 283 1349 334 magis
1365 281 1641 320 humiliabatur:
1667 283 1715 318 Et
1730 283 1865 319 eet-ulit
1886 312 1894 328 ‚
1913 282 2038 331 inquit,
2059 286 2182 335 inja-

1234 347 1342 381 «eteris.
1372 344 1422 382 lta
1453 343 1546 382 enim
1574 352 1696 394 gratus
1724 342 1876 390 animus,
1904 352 2034 393 ‹pumto
2061 345 2183 395 majori

1238 404 1366 442 fruitur
1386 402 1531 448 fiducia,
1553 413 1650 442 tanto
1670 405 1838 457 majorem
1859 405 1934 441 nco
1955 404 2186 443 reverentiam

1237 466 1396 503 exbibet:
1415 466 1560 504 Cecidit
1580 466 1687 513 euim,
1711 465 1838 516 inquit,
1857 466 2058 518 infaciem
2079 479 2187 504 sitam

1240 527 1284 564 lit
1304 527 1387 578 quia
1408 536 1487 579 post
1506 536 1639 565 tantam
1661 527 1829 565 fiduciam
1846 527 1966 579 justus
1983 527 2137 579 seipsum
2156 537 2190 565 ct

1239 597 1372 625 riaturae
1400 602 1471 625 sua:
1500 587 1782 625 imbecillitatem
1809 588 2048 636 considerans,
2079 602 2191 640 neque

1238 648 1358 685 oeulos
1389 648 1549 685 attollere
1574 648 1741 699 audebat,
1764 649 1824 687 sod
1852 650 1886 687 in
1916 649 2037 687 facicm
2059 664 2191 702 pronus

1240 710 1388 747 multam
1427 708 1631 747 declarabat
1664 712 1919 749 reverentiam:
1950 710 2031 751 vide
2063 713 2190 750 iterum

1240 769 1322 808 boni
1357 770 1423 807 Dei
1454 770 1670 808 ineffabilem
1702 771 1968 823 benignitatem.
1995 776 2191 825 loquutus

1240 840 1296 870 est
1315 833 1432 882 enim,
1455 831 1584 882 inquit,
1599 834 1634 869 ei
1650 833 1757 869 Deus
1772 834 1903 870 dicens
1919 849 1928 868 :
1947 836 1984 871 4.
2004 836 2039 871 E
2043 850 2107 873 eee
2125 851 2192 888 ego

1190 473 1210 502 B

1241 901 1276 930 et
1308 901 1580 931 testamentum
1608 906 1733 930 ineam
1767 901 1903 942 tecum,
1930 902 1965 931 et
1987 897 2060 932 eris
2086 905 2197 946 pater

1244 955 1506 992 multitudinis
1531 955 1717 1005 gentium,
1750 955 1789 991 5.
1821 963 1857 992 et
1885 969 1963 992 non
1993 959 2198 995 vocabitur

1243 1016 1350 1053 ultra
1376 1030 1515 1054 nomen
1540 1024 1649 1053 tuum
1672 1016 1841 1064 Abram,
1869 1017 1938 1053 sed
1962 1020 2032 1055 erit
2059 1032 2196 1057 nomen

1245 1085 1353 1114 tuum
1366 1076 1570 1114 Abraham
1586 1093 1596 1112 :
1613 1079 1864 1128 quiapatrem
1883 1077 2091 1116 multarum
2108 1094 2198 1130 gen-

1195 1150 1218 1177 t:
1245 1141 1340 1176 tium
1370 1140 1552 1177 constitui
1585 1147 1632 1187 te,
1652 1139 1690 1176 6.
1708 1137 1943 1190 faciamque
1974 1147 2010 1176 te
2034 1152 2198 1177 creseere

1245 1201 1364 1239 valde
1383 1216 1391 1237 .·
1411 1209 1446 1238 et
1462 1213 1604 1250 ponam
1621 1208 1657 1238 te
1675 1201 1716 1237 in
1731 1208 1897 1252 gentem,
1916 1209 1952 1238 et
1975 1214 2079 1252 reges
2099 1215 2146 1238 ex
2164 1210 2199 1240 te

1244 1264 1499 1312 egredientur.

1304 1388 1340 1425 5.
1369 1386 1572 1437 Considera,
1596 1386 1736 1437 dilecte,
1761 1387 1938 1438 quomodo
1961 1387 2080 1425 omnia
2101 1388 2198 1440 justo

1253 1448 1436 1487 manifeste
1460 1447 1645 1502 praedicat,
1666 1457 1700 1487 et
1718 1457 1758 1487 ut
1778 1448 1974 1501 majoribus
1992 1462 2072 1487 eum
2093 1463 2199 1500 argu-

1246 1509 1376 1546 mentis
1386 1517 1520 1546 certum
1533 1506 1670 1555 reddat,
1681 1506 1788 1545 etiam
1802 1506 1939 1544 literam
1955 1506 2056 1544 addit
2066 1507 2198 1544 nomini

1245 1570 1334 1622 ejus,
1356 1579 1389 1608 et
1414 1568 1554 1620 inquit:
1577 1569 1669 1606 Eris
1693 1576 1806 1619 pater
1830 1568 2092 1606 multitudinis
2111 1583 2200 1619 gen-

1247 1630 1356 1666 tium.
1399 1630 1490 1666 Non
1528 1630 1732 1666 vocabitur
1773 1631 1876 1666 enim
1926 1643 2065 1666 nomen
2093 1637 2198 1667 tuum

1251 1691 1409 1738 Abram,
1421 1691 1490 1727 sed
1501 1691 1543 1726 A
1547 1691 1818 1741 braham7quia
1828 1699 1977 1740 patrem
1990 1691 2198 1728 multarum

1245 1754 1417 1803 gentium
1447 1753 1629 1789 constitui
1650 1760 1696 1788 te.
1725 1751 1818 1788 Nam
1836 1751 1929 1788 sicut
1953 1750 2053 1803 prius
2072 1765 2197 1789 nomen

1197 1830 1221 1860 1)
1245 1813 1320 1865 ejus
1339 1811 1528 1850 transitum
1545 1811 1724 1850 indicabat
1745 1818 1756 1859 (
1772 1812 1904 1850 Abram
1920 1812 2014 1849 enim
2033 1812 2198 1849 transito-

1246 1889 1321 1912 rem
1342 1883 1456 1925 sonat,
1478 1873 1673 1912 secundum
1702 1873 1936 1911 Hebraeorum
1958 1873 2143 1924 linguam;
2165 1883 2196 1911 et
2212 1871 2283 1908 ’ΝΜ

2212 1912 2318 1939 ὒταὶιο,

1245 1935 1314 1973 boc
1337 1935 1454 1973 sciunt
1479 1934 1540 1986 qui
1564 1934 1695 1986 lingua:
1723 1933 1822 1972 illius
1851 1943 1932 1972 sunt
1963 1935 2110 1986 periti),
2135 1935 2196 1972 ita—

1245 2011 1312 2048 que
1338 2005 1498 2050 parentes
1530 1997 1606 2049 ejus
1635 2009 1762 2034 nomen
1802 1995 1869 2034 hoc
1906 1995 2121 2046 indiderant,
2159 2010 2198 2034 eo

1244 2057 1340 2109 quod
1369 2072 1388 2095 a
1415 2058 1530 2110 patria
1558 2071 1622 2094 sua
1654 2057 1691 2094 in
1722 2056 1958 2094 Chananaeam
1985 2057 2199 2096 transiturus

1241 2129 1326 2157 erat.
1354 2121 1433 2158 Jam
1460 2119 1606 2157 sortasse
1627 2117 1761 2156 dixerit
1788 2118 1992 2170 quispiam:
2017 2119 2109 2156 Cum
2138 2134 2199 2171 pa-

1242 2189 1356 2218 rentes
1390 2181 1468 2232 ejus
1498 2179 1661 2218 infideles
1693 2180 1837 2228 fuerint,
1878 2179 1972 2218 unde
2006 2180 2077 2218 illis
2108 2196 2194 2233 pra:-

1241 2241 1386 2279 scientia
1417 2241 1492 2279 haec
1511 2271 1522 2291 ‚
1555 2250 1593 2278 ut
1618 2240 1721 2292 ,quod
1751 2241 1864 2279 multo
1894 2251 2051 2294 tempore
2079 2252 2197 2294 postea

1239 2302 1401 2340 futurum
1438 2311 1528 2350 erat,
1568 2302 1711 2341 nomine
1747 2303 2092 2355 complecterentur?
2125 2305 2196 2343 Sed

1237 2373 1290 2402 est
1307 2364 1416 2402 etiam
1431 2364 1502 2403 hoc
1525 2364 1777 2417 omnipotentis
1797 2365 1977 2417 sapientia:
2000 2366 2065 2404 Dei
2089 2381 2194 2418 argu—

1237 2435 1408 2476 mentum,
1441 2440 1519 2477 quae
1548 2440 1790 2478 saepenumero
1821 2441 1884 2479 per
1913 2427 2072 2466 infideles
2098 2429 2190 2481 ejus-

1236 2548 1343 2586 etiam
1361 2548 1398 2586 in
1412 2548 1493 2588 aliis
1513 2549 1616 2586 sacta.
1637 2548 1767 2587 Statim
1787 2549 1880 2587 enim
1904 2550 2059 2587 occurrit
2089 2551 2191 2589 nobis

1236 2619 1270 2647 et
1299 2611 1373 2648 Noe*
1397 2609 1636 2649 vocabulum:
1668 2624 1779 2661 neque
1802 2610 1900 2650 enim
1925 2611 2058 2661 absque
2086 2626 2190 2650 eausa

1238 2679 1271 2709 et
1293 2671 1329 2708 in
1340 2685 1472 2709 vanum
1488 2670 1596 2708 etiam
1607 2670 1692 2708 huic
1707 2685 1833 2709 nomen
1849 2671 2053 2710 indiderunt
2067 2687 2190 2725 paren-

1239 2742 1300 2781 tes,
1314 2731 1375 2769 sed
1396 2731 1658 2783 praesignarunt
1675 2731 1978 2782 subsequuturum
1995 2732 2188 2774 diluvium.

1240 2793 1432 2833 Enimvero
1446 2802 1479 2830 et
1493 2802 1630 2844 patrem
1645 2792 1751 2844 liujus
1766 2807 1833 2831 non
1846 2793 1925 2832 ideo
1940 2808 2065 2833 nomen
2082 2810 2189 2847 puero

140 2855 296 2907 ἐνάρετος
319 2849 408 2894 εἶναι
430 2857 560 2905 ταύτην
589 2857 654 2906 τὴν
683 2860 919 2913 προσηγορίαν
948 2860 1096 2909 ἐπέθηκε
1116 2865 1166 2915 τῷ
1189 2874 1216 2902 Λ
1239 2860 1422 2911 indidisse,
1447 2859 1543 2912 quod
1571 2860 1645 2912 ipse
1658 2860 1778 2912 justus
1798 2870 1901 2911 esset,
1926 2861 2008 2899 audi
2030 2862 2191 2915 Scriptu—

183 2988 195 3001 a
219 2977 286 3011 “o-ax
311 2983 477 3020 ἀπενοήθη,
507 2991 573 3012 non
598 2984 810 3026 arrogantior
829 2983 910 3025 fuit.
936 2982 1072 3020 Ᾰπονοεῖν
1099 2992 1149 3018 est

139 3030 300 3072 insanire,
317 3031 520 3062 insensatum
547 3043 639 3064 esse:
664 3032 730 3066 alio
749 3046 806 3066 usu
819 3061 827 3074 ‚
844 3036 1032 3079 superbire,
1056 3049 1148 3069 arm-

138 3088 271 3122 ιιμιιιιωη
285 3093 366 3113 esse.
376 3083 453 3123 Quo
466 3094 562 3115 sensu
574 3090 698 3119 ἀπόνοια
707 3088 888 3120 sexcenties
898 3092 1046 3121 occurrit
1058 3089 1147 3132 apud

138 3132 429 3176 Chrysus-tomum.

183 3186 198 3209 ὓ
223 3181 330 3231 Ᾰὸραμ
358 3193 417 3232 γὰρ
441 3192 575 3233 περάτης
602 3190 798 3234 ἑρμηνεύεται
826 3197 905 3225 κατὰ
933 3198 987 3232 τὴν
1013 3190 1150 3239 Ιῖὅραίων

139 3242 288 3279 γλῶσσαν,
319 3239 451 3270 Abram
474 3241 562 3271 enim
594 3242 803 3273 mmsitorem
827 3244 1004 3287 significat
1029 3257 1150 3277 seeun-

138 3289 214 3335 dum
241 3289 455 3322 Ilnbraeorum
481 3290 644 3335 linguam.
664 3292 828 3326 nebi-nice
851 3293 972 3328 doctus
995 3308 1062 3329 non
1079 3305 1150 3329 erat

139 3340 400 3385 (ilirysostomus
425 3344 480 3386 qui
506 3343 604 3376 talem
631 3344 869 3388 etymologiam
894 3346 1038 3381 ediderit
1057 3366 1064 3384 :
1083 3361 1150 3382 non

140 3393 208 3426 nim
235 3406 254 3425 u
290 3405 370 3427 voce
395 3400 480 3440 “229
506 3404 609 3435 trans,
637 3407 757 3430 nomen
783 3403 901 3438 D‘tnn
924 3397 1002 3433 duci
1019 3409 1151 3446 potest;

1182 2984 1437 3028 cognominatus
1454 2991 1563 3017 tamen
1589 2983 1651 3016 suit
1666 2983 1789 3017 Abram
1815 2991 1926 3032 ⁹729,
1952 2999 2052 3030 quam
2079 3000 2190 3021 rocem

1181 3039 1237 3072 alii
1254 3040 1429 3071 Hebraeum
1439 3067 1447 3082 ,
1462 3039 1519 3072 alii
1531 3041 1738 3072 transitorem
1750 3049 1902 3084 vertunt,
1917 3043 2030 3076 Graeee
2048 3051 2189 3090 περάτῃ.

1182 3093 1264 3125 Rem
1281 3091 1430 3134 pluribus
1449 3093 1666 3124 tractavimus
1679 3093 1712 3125 in
1726 3093 1899 3136 Ilexaplis‚
1914 3107 1987 3138 cap.
2005 3098 2014 3127 l
2030 3100 2041 3127 1
2059 3097 2194 3129 Genesis

1182 3157 1213 3177 v.
1231 3145 1283 3183 13,
1300 3143 1354 3175 ubi
1380 3143 1599 3187 plurimorum
1625 3147 1805 3181 sententias
1826 3146 2016 3190 attulimus,
2033 3157 2063 3179 et
2090 3148 2193 3191 expli-

1181 3197 1329 3228 emimus
1347 3196 1379 3229 in
1397 3198 1497 3229 notis.
1516 3195 1617 3238 Quod
1633 3195 1718 3230 dicit
1736 3197 1822 3230 insta
1843 3198 2103 3243 Clirysostonius
2125 3203 2195 3234 Noc

1183 3250 1325 3292 quietem
1343 3259 1461 3280 sonare
1473 3275 1481 3290 ‚
1498 3259 1611 3280 terum
1629 3257 1678 3281 est
1697 3261 1703 3279 ι
1722 3261 1789 3282 non
1807 3252 1943 3293 perinde
1958 3251 2130 3294 probabile
2147 3262 2195 3286 est

1184 3298 1275 3343 quod
1293 3298 1418 3342 adjicit,
1439 3301 1581 3342 quietem
1598 3299 1686 3332 illam
1703 3295 1774 3334 No'e
1791 3304 1923 3336 nomine
1937 3316 2138 3346 expressam,
2154 3308 2194 3338 si-

1185 3353 1343 3397 gnilicare
1357 3354 1530 3392 dilzwium,
1545 3353 1577 3384 in
1592 3365 1658 3396 quo
1674 3355 1798 3386 mortui
1812 3363 1887 3387 sunt
1902 3367 2017 3388 omnes
2030 3356 2198 3399 homiues,

1187 3407 1264 3449 quia
1282 3404 1436 3438 videlicet
1453 3416 1542 3437 mors
1558 3413 1607 3438 est
1624 3407 1715 3449 quies
1729 3405 1884 3440 bominis.
1902 3408 1957 3441 Sic
1975 3408 2039 3441 illc¹

2291 1827 2400 1854 Abram

2341 1870 2398 1895 lle-

2261 2443 2395 2472 lutideles

1238 2486 1336 2525 modi
1354 2501 1410 2525 res
1427 2487 1610 2540 dispensat
1628 2503 1636 2524 ε
1653 2497 1687 2526 et
1704 2487 1817 2526 multa
1838 2488 1969 2525 similia
1989 2489 2191 2527 invenimus
2206 2487 2393 2564 {;j:f;¹¹'t'‘⁰-
