2516 3791
692 238 732 267 tm
771 238 872 267 CAP.
913 236 1033 266 xtitv.

69 325 144 366 οὐδὲ
163 325 270 368 οὕτως
289 323 511 362 αἰσθάνονται
530 323 600 359 τῶν
617 321 821 373 γινομένων,
842 321 918 359 ἀλλ’
933 319 1096 370 ἐνόμισαν

69 388 190 429 ἁπλῶς
210 383 377 436 συντυχίᾳ
395 383 462 421 τινὶ
477 382 632 434 γίνεσθαι
653 386 763 420 ταῦτα
782 383 865 435 παρ’
888 385 1010 428 αὐτοῦ,
1027 384 1040 400 ”
1052 382 1098 423 ὡς

70 448 131 486 ἅτε
157 447 198 494 δὴ
215 447 298 498 πρὸς
313 444 401 484 νέον.
418 444 488 483 Καὶ
507 443 605 488 τέλος
626 443 798 491 λαὸούσ-ης
814 447 876 490 τῆς
894 441 1097 487 ἑστιάσεως,

69 508 247 555 Καλέσας,
265 523 390 560 φησιν,
411 509 429 544 6
449 505 581 558 Ἰωσὴφ
601 505 658 543 τὸν
676 506 733 544 ἐπὶ
760 508 822 552 τῆς
838 504 949 547 οἰκίας
972 503 1097 550 αὐτοῦ,

69 570 261 610 ἐνετείλατο
280 570 395 620 αὖτῳ,
412 552 542 619 λέγων·
558 569 606 605 π)
608 570 692 614 ἧσον
703 565 782 609 τοὺς
797 565 1019 619 μαρσίππους
1029 563 1097 599 τῶν

71 630 263 685 ἀνθρώπων
287 630 502 682 βρωμάτων,
525 628 625 668 ὅσα
610 644 648 667 αν
667 627 828 667 δύνανται
857 631 962 680 ἀραι,
981 623 1100 663 καὶτὸ

71 691 232 746 ἀργύριον
251 691 417 736 ὡσαύτως
437 691 585 730 ἑκάστου
608 692 656 734 εἷς
674 689 731 728 τὸν
754 688 957 740 μοίρσιππον
976 688 1099 732 αὐτου,

70 753 130 791 καὶ
160 753 198 791 τὸ
218 752 320 792 κόνδυ
347 753 387 791 τὸ
413 755 582 806 ἀργυροῦν
599 749 730 801 ἔμὸαλε
751 751 797 793 εἷς
821 749 878 788 τὸν
896 747 1099 800 μάρσιππον

68 819 129 853 τοῦ
150 813 332 866 νεωτέρου.
358 813 452 865 “Optat
483 812 588 850 πάλιν
615 811 689 850 οἵαν
711 809 872 863 μηχανὴν
892 807 1102 862 ἐξευρίσκει,

70 874 161 912 ὥστε
182 873 326 925 δοκιμὴν
349 873 605 925 ἀκριίεστάτην
627 871 745 910 λαὸεῖν
767 874 829 917 τῆς
853 873 922 908 τῶν
944 870 1102 922 ἀδελφῶν

70 935 231 988 γνώμης,
262 937 303 983 ἣν
344 935 424 987 περὶ
451 935 509 973 τὸν
540 933 707 985 Βενιαμὶν
749 931 1000 972 ἐπεδείκνυντο.
1032 929 1102 969 Καὶ

68 995 198 1035 τούτων
214 996 419 1049 γενομένων,
428 995 598 1035 ἀπέλυσεν
614 994 744 1038 αὐτούς.
755 995 823 1033 Καὶ
836 994 955 1041 ἐπειδὴ
967 992 1104 1045 ἥψαντο

69 1059 131 1105 τῆς
148 1059 244 1105 ὁδοῦ,
261 1053 371 1106 Eine,
387 1059 493 1111 φησὶ,
513 1061 564 1111 τῷ
583 1058 641 1096 ἐπὶ
659 1061 721 1104 τῆς
743 1056 854 1101 οἰκίας
869 1059 971 1095 αὐτοῦ
988 1071 994 1078 ·
1012 1058 1102 1094 ἀνα-

71 1119 155 1163 στὰς
174 1119 354 1164 ἐπιδίωξον
371 1119 484 1159 ὀπίσω
506 1122 632 1167 αὐτῶν,
651 1118 710 1157 καὶ
737 1121 840 1172 ε’ρεῖς
858 1117 891 1155 τί
919 1116 972 1155 ὅτι
993 1119 1102 1155 ἀντα-

69 1180 252 1219 πεδωκατε
273 1180 410 1235 πονηρὰ
429 1181 503 1220 ἀντι
524 1183 665 1228 κα)ῶν;
684 1179 763 1218 Ἵνα
791 1179 826 1217 τί
846 1178 925 1217 ἔκλε’
911 1177 1041 1250 :luntres
1036 1192 1101 1215 μου

72 1243 112 1281 τὸ
128 1242 229 1280 κόνδυ
243 1243 282 1280 τὸ
301 1244 487 1295 ἀργυροῦν,
509 1244 562 1280 Οὐ
578 1242 678 1280 τοῦτό
696 1243 814 1289 ἐστιν,
842 1244 875 1280 ἐν
907 1243 936 1292 ᾧ
969 1239 1061 1277 πίνει
1086 1241 1104 1275 ὁ

73 1304 189 1357 κύριός
205 1319 291 1354 μου;
312 1305 457 1347 Αὐτὸς
439 1303 474 1342 οὲ
488 1303 677 1348 οἰωνίζεται
696 1306 730 1342 ἐν
748 1305 852 1340 αὐτω.
867 1300 1012 1354 Πονηρὰ
1027 1317 1103 1340 συν-

72 1366 293 1414 τετέλεσται,
308 1366 330 1403 ἃ
346 1381 573 1412 πεποιηκατε.
592 1365 747 1418 Εὑρων
729 1364 764 1403 οε
778 1363 911 1411 αὐτους,
926 1363 1071 1416 φησὶν,<
1058 1365 1104 1400 εἰ-

73 1442 134 1465 πεν
157 1428 290 1470 αὐτοῖς·
305 1426 339 1464 τί
354 1433 425 1470 τοῖς
439 1426 604 1469 ἐναντίοις
618 1442 675 1464 τον
691 1425 871 1477 εὐεργέτην
887 1424 1104 1476 ἠμείψασθε,

74 1486 132 1525 διὰ
152 1486 187 1524 τί
214 1486 276 1534 τὴν
299 1487 429 1526 οἰκείαν
453 1487 620 1540 πονηρίαν
642 1486 701 1525 καὶ
725 1487 829 1539 μέχρι
848 1488 908 1523 τοῦ
932 1483 1105 1531 τοσαύτην

74 1548 153 1600 περὶ
169 1550 260 1600 ὑμᾶς
278 1548 341 1595 τὴν
358 1549 610 1601 φιλοφροσύνην
623 1547 884 1599 ἐπιδειξαμένου
899 1545 1106 1594 ἐξετείνατε,

75 1610 132 1649 διὰ
152 1610 186 1648 τί
202 1613 264 1648 οὐκ
291 1609 459 1662 ᾐδέσθητε
477 1615 537 1648 τοῦ
564 1610 686 1663 ἀνδρὸς
704 1610 767 1657 τὴν
787 1609 868 1664 περὶ
887 1611 979 1660 ὑμᾶς
1000 1624 1106 1660 μεγα-

74 1671 268 1723 λοψυχίανς
301 1671 366 1715 Τίς
385 1675 407 1718 ἡ
428 1671 581 1718 τοσαύτη
613 1672 828 1724 κακουργία,
846 1670 897 1714 τίς
923 1674 945 1717 ἡ
971 1669 1080 1721 μανία
1095 1699 1105 1717 ,

73 1732 116 1779 ἢν
140 1733 312 1783 ἐμάνητε,
341 1735 418 1772 Οὐκ
436 1732 511 1772 ἴστε
537 1732 590 1770 ὅτι
608 1732 708 1771 τοῦτό
730 1735 805 1770 ἐστι
836 1733 876 1771 τὸ
898 1735 1038 1778 σκεῦος,
1069 1732 1104 1768 ἐν

75 1787 105 1845 ᾧ
124 1797 141 1831 6
166 1794 283 1846 κύριός
303 1810 368 1845 μου
396 1794 608 1841 οἷωνίζεται,
635 1793 777 1846 Πονηρὰ
798 1795 895 1844 ὑμῶν
915 1795 937 1839 ἡ
966 1791 1107 1846 πρᾶξις,

75 1855 214 1907 ὀλεθρία
235 1860 257 1903 ἡ
278 1855 424 1908 γνώμη,
456 1855 697 1907 ἀσύγγνωστος
725 1859 746 1902 ἡ
776 1854 1014 1908 ἐπιχείρησις,
1046 1869 1108 1905 με-

75 1917 198 1970 γάλη’
182 1933 204 1964 η
221 1916 356 1968 τόλμα,
372 1923 488 1956 πᾶσαν
511 1915 679 1969 πονηρίαν
701 1916 1031 1969 ὑπερακοντίζουσα.
1059 1918 1106 1954 Οι

78 1979 113 2017 δε
133 1982 233 2017 εἶπαν
255 1981 363 2017 αὐτω·
382 1977 440 2017 ἵνα
458 1977 493 2016 τί
511 1979 611 2016 λαλεῖ
630 1981 648 2016 6
664 1977 779 2030 κύριος
795 1977 885 2016 κατὰ
899 1977 943 2016 τὰ
963 1976 1017 2030 ῥή
1012 1993 1105 2016 ’.ιατα

76 2045 206 2079 ταῦτα·
199 2070 209 2087 ,
228 2039 366 2084 'livoq'
347 2055 474 2088 ενεκεν,
489 2055 606 2091 φησιν,
632 2040 804 2092 ἐπιφέρεις
822 2043 906 2090 ἡμῖν
923 2038 1084 2091 ἔγκλημα
1095 2070 1104 2088 ,

77 2106 115 2142 06
135 2102 249 2153 πάντῃ
287 2101 391 2153 ἐσμὲν
422 2101 617 2147 ἀνεύθυνοι,
655 2101 716 2149 Μὴ
745 2100 879 2153 γένοιτο
896 2106 968 2144 τοῖς
1003 2100 1106 2140 παῖσί

77 2178 139 2202 σου
155 2165 300 2209 ποιῆσαι
320 2163 411 2202 κατὰ
422 2164 461 2202 τὸ
484 2165 580 2215 ῥῆμα
600 2166 717 2201 τοῦτο·
736 2162 786 2213 μὴ
801 2167 886 2214 ἡμῖν
907 2178 990 2201 ποτε
1006 2167 1106 2201 τοῦτο

77 2225 210 2276 γένοιτο
237 2224 507 2277 διαπράξασθαι
542 2225 588 2262 Οἱ
621 2222 689 2276 γὰρ
708 2240 747 2262 το
778 2223 941 2277 ἀργύριον
964 2224 1106 2263 διπλοῦν

75 2284 397 2336 δάπενεγκαμενοι,
415 2302 489 2329 πως
509 2284 548 2323 ἃν
563 2284 807 2337 ὑφειλόμεθα’
789 2283 965 2338 αργύριον,
983 2283 1005 2330 ἢ
1020 2300 1106 2336 χρυ-

77 2346 167 2394 σίον;
202 2348 245 2385 Εἰ
275 2346 311 2385 δὲ
338 2351 438 2385 τοῦτο
467 2346 639 2398 νομίζεις,
666 2347 757 2397 Παρ’
785 2349 814 2398 ᾡ
842 2345 882 2383 ἂν
912 2347 1032 2398 εὑρεθῇ
1067 2345 1107 2383 τὸ

76 2412 214 2455 σκεῦος,
240 2407 326 2461 ὅπερ
345 2410 534 2456 ἐπιζητεῖς,
563 2406 664 2451 αὐτὸς
690 2406 751 2459 μὲν
773 2405 1043 2455 ἇποθνησκετω,
1060 2408 1107 2450 ὡς

75 2471 234 2507 τοσοῦτον
257 2469 386 2522 δράσας
406 2469 580 2522 τολμηρόν
595 2485 602 2492 ·
622 2473 724 2520 ἡμεῖς
743 2469 780 2507 δὲ
803 2469 916 2508 δοῦλοι
944 2468 1106 2520 ἐσόμεθα.

78 2528 124 2567 Ἥ
151 2528 219 2580 γὰρ
251 2529 321 2567 ἀπὸ
346 2535 406 2569 τοῦ
435 2530 627 2573 συνειδότος
655 2530 834 2582 παῤῥησία
852 2530 1106 2584 παρεσκεύαζεν

79 2590 200 2634 αὐτοὺς
222 2590 309 2641 μετὰ
335 2595 393 2629 τοῦ
428 2593 566 2644 θαρρεῖν
597 2595 709 2630 ταῦτα
731 2591 949 2643 διαλέγεσθαι
971 2591 1017 2630 ‘O
1049 2591 1106 2639 δὲ,

79 2668 204 2704 φησιν,
221 2655 315 2690 εἰπε·
335 2652 394 2690 καὶ
423 2657 503 2701 νῦν,
531 2655 578 2696 ὡς
595 2653 736 2705 λέγετε,
753 2653 860 2697 οὕτως
880 2652 992 2692 ἔσται.
1012 2655 1106 2708 Παρ’

79 2707 108 2766 ῳ
138 2711 178 2750 ἂν
207 2715 328 2765 εὑρεθῇ
343 2714 383 2752 τὸ
403 2713 528 2760 κόνδυ,
554 2717 651 2758 οὗτος
667 2713 767 2753 ἔσται
783 2730 848 2766 μου
870 2721 954 2759 παῖς
983 2715 1106 2766 μόνος·

80 2778 175 2824 ὑμεῖς
195 2774 231 2812 δὲ
247 2775 518 2822 ἀπολυθησεσθε.
541 2776 610 2814 Και
631 2781 740 2814 ταῦτα
755 2776 908 2822 εἰπόντες
921 2777 1107 2830 ἐπέτρεπον

82 2837 175 2888 αὐτῷ
192 2836 254 2882 τὴν
274 2835 411 2888 ἔρευναν
433 2838 658 2884 ποιήσασθαι.
688 2839 758 2878 Καὶ
785 2839 914 2892 ἠρεύνα
946 2840 1015 2878 ἀπὸ
1048 2843 1108 2878 τοῦ

83 2896 318 2948 πρεσὸυτέρου
338 2897 544 2949 ἀρξάμενος,
568 2899 632 2943 ἕως
655 2894 758 2946 ἦλθεν
777 2903 824 2945 εἰς
849 2900 907 2939 τὸν
929 2901 1109 2952 Βενιαμίν.

82 2958 154 2996 Καὶ
190 2957 249 2995 τὸν
291 2957 420 2996 ἐκείνου
473 2959 674 3012 μοίρσιππον
716 2962 851 3007 ἀνοίξας
892 2962 1044 3015 εὑρίσκει
1071 2963 1110 3001 τὸ

81 3019 195 3058 κόνδυ.
225 3020 340 3057 Τοῦτο
372 3018 562 3059 ἐσκότωσεν
590 3023 703 3060 αὐτῶν
738 3023 796 3062 τὸν
825 3024 1005 3076 λογισμόν.
1040 3024 1108 3063 Καὶ

82 3078 276 3132 διέῤῥηξαν,
298 3079 382 3132 φησι
396 3110 405 3125 ,
424 3080 468 3118 τὰ
489 3080 615 3131 ἱμάτια
634 3084 759 3130 αὐτῶν,
773 3085 833 3123 καὶ
851 3085 1025 3133 ἐπέθηκαν
1046 3085 1113 3124 πά-

81 3143 134 3178 λιν
150 3139 227 3184 τοὺς
249 3139 470 3193 μαρσίππους
507 3143 620 3180 αὐτῶν
632 3172 642 3190 ,
663 3143 722 3181 καὶ
752 3144 967 3198 ἐπέστρεψαν
984 3147 1031 3190 εἷς
1049 3144 1112 3193 τὴν

83 3201 196 3240 πόλιν.
217 3201 286 3240 Καὶ
315 3201 476 3240 εἰσελθὼν
494 3205 512 3240 ὁ
530 3202 664 3247 Ἰούδας
683 3204 742 3242 καὶ
775 3206 809 3243 οἱ
836 3206 978 3258 ἀδελφοὶ
1011 3209 1116 3246 αὐτοῦ

132 3332 145 3346 a
168 3319 208 3360 ῥς
225 3327 279 3357 ἅτε
292 3325 327 3362 δὴ
344 3330 418 3367 πρὸς
434 3332 506 3366 νέον,
525 3332 557 3357 et
574 3324 651 3357 huic
669 3334 841 3370 tamquam
855 3327 981 3371 juniori
992 3329 1093 3373 plum

87 3374 172 3406 dari.
188 3376 260 3407 Hoc
276 3384 337 3417 est,
354 3376 590 3410 existimabant
609 3379 726 3411 tratres
741 3378 875 3423 Josephi
886 3408 894 3423 ‚
913 3383 1095 3414 nescientes

88 3437 120 3457 se
138 3437 212 3459 cum
230 3427 375 3470 Josepho
399 3440 467 3461 esse
482 3456 488 3469 ‚
507 3431 572 3473 ejus
586 3432 674 3473 jussu
694 3432 888 3474 Benjamim
906 3441 1020 3478 utpote
1037 3433 1097 3466 ad·

309 3486 402 3509 ΤΟΜ.
438 3488 490 3510 tv.

1075 235 1238 264 GENES.

2103 222 2126 233 vv

1278 234 1432 263 ΗΟΜΙΙ..
1475 235 1597 264 LXH'.
2039 238 2127 273 '71³

1173 317 1254 355 illos
1270 317 1306 355 in
1321 325 1502 369 stuporem
1518 317 1693 366 adduxit5
1708 325 1741 354 ct
1755 315 1859 355 valde
1883 315 1994 354 dubio
2011 317 2129 355 animo

1171 379 1327 429 suerunt,
1358 379 1537 418 undenam
1562 380 1592 417 ci
1626 378 1782 430 cognitio
1805 377 1955 416 diversa:
1985 378 2129 417 illorum

1175 441 1301 478 artatis.
1323 441 1369 478 Et
1389 456 1470 478 euin
1485 441 1583 479 duret
1597 440 1766 479 omnibus
1779 449 1906 492 partes,
1925 439 2131 491 lienjauninu

1174 501 1417 554 quintupliccs
1436 503 1509 540 dat.
1524 504 1646 554 Neque
1663 511 1776 540 tamen
1794 501 2022 539 adverterunt
2043 501 2130 551 qnid

1175 562 1224 600 rei
1240 572 1341 611 esset,
1368 563 1430 601 sed
1463 564 1637 616 putabant
1657 562 1803 601 fortuitu
1820 561 1974 613 quodam
2004 571 2131 600 eventu

1174 623 1220 661 ab
1234 638 1274 662 eo
1294 624 1387 672 fieri,
1404 633 1436 662 et
1452 625 1536 663 huic
1563 635 1741 676 tamquam
1758 623 1894 677 juniori
1917 623 2019 676 plura
2035 622 2128 660 dari.

1126 698 1148 728 l)

1176 747 1307 798 inquit,
1327 749 1473 800 joseph
1495 762 1581 786 eum
1603 751 1670 801 qui
1691 748 1824 785 domui
1843 760 1921 785 sua?
1949 754 2129 797 praeerat,

1177 817 1213 846 et
1234 810 1438 847 mandavit
1465 812 1514 856 ei,
1538 811 1670 848 dicens
1684 825 1694 845 :
1713 809 1839 858 Imple
1858 822 1990 846 saccos
2013 808 2133 844 Ιιυηιί-

1178 884 1270 908 ιιιιηι
1293 873 1525 924 frumentis,
1556 880 1706 925 quanta
1727 873 1842 923 serre
1873 878 2066 922 poterant,
2098 879 2131 908 et

1173 935 1380 984 pecuniam
1400 935 1581 972 similiter
1604 937 1645 971 in
1667 946 1799 972 saccos
1818 932 2072 984 singulorum,
2091 936 2128 968 2

1177 1002 1214 1032 et
1233 996 1425 1047 scyphum
1447 1004 1672 1048 argenteum
1693 998 1800 1033 mitte
1829 997 1870 1031 in
1890 1008 2045 1031 saccum
2068 996 2131 1045 ju-

1179 1059 1312 1095 nioris.
1330 1056 1426 1097 Vide
1446 1056 1575 1096 iterum
1594 1056 1736 1108 qualem
1757 1064 1868 1093 arteni
1890 1054 2080 1103 excogitet,
2095 1063 2134 1091 ut

1177 1117 1452 1169 diligentissime
1471 1127 1624 1156 mentem
1653 1118 1803 1155 fratrum
1835 1115 2008 1168 exploret,
2027 1129 2133 1165 quani

1178 1193 1261 1232 erga
1282 1180 1429 1217 fratrem
1457 1194 1563 1217 suum
1596 1179 1782 1231 Benjamin
1810 1177 1978 1215 babeant.
2000 1176 2047 1213 lit
2079 1175 2134 1213 liis

1177 1241 1293 1291 factis,
1305 1241 1444 1279 dimisit
1461 1254 1533 1279 005.
1557 1240 1604 1278 Et
1619 1254 1700 1278 eum
1710 1240 1787 1292 jam
1806 1237 2038 1289 arripuissent
2053 1236 2133 1284 iter,

1178 1304 1218 1341 4.
1241 1305 1356 1340 Diaei
1371 1303 1558 1355 praefecto
1573 1302 1710 1338 domus
1725 1313 1835 1338 sace:
1858 1299 1989 1350 Surge,
2010 1312 2135 1349 perse-

1179 1379 1295 1417 quere
1327 1378 1403 1413 eos,
1432 1372 1469 1402 et
1504 1364 1641 1401 dices.-
1739 1362 1869 1412 Quare
1906 1361 2136 1397 retribuistis·

1180 1426 1288 1463 mala
1300 1439 1371 1478 pro
1389 1427 1520 1463 bonis.
1516 1427 1529 1452 :³
1560 1425 1689 1474 Quare
1688 1423 1824 1476 furati
1840 1424 1930 1460 estis
1945 1435 2005 1470 sc)
2013 1423 2137 1472 plmm

1180 1501 1306 1525 meum
1324 1490 1576 1540 argenteum?
1594 1487 1736 1524 „Nonne
1755 1486 1817 1522 liic
1837 1493 1927 1522 este
1948 1497 2023 1535 quo
2044 1484 2136 1520 bibit

1180 1551 1360 1588 dominus
1376 1563 1481 1588 meus
1495 1554 1512 1586 Ρ
1531 1551 1620 1601 Ipse
1638 1557 1770 1586 autem
1788 1555 2006 1598 auguratur
2024 1548 2065 1583 in
2080 1560 2134 1582 eo.

1180 1611 1291 1649 „Male
1318 1620 1410 1650 acta
1428 1619 1518 1649 sunt
1540 1624 1588 1648 ea
1619 1623 1706 1662 quoe
1728 1610 1901 1661 fecistis.
1943 1609 2136 1658 Postquam

1181 1682 1300 1711 autem
1314 1673 1452 1712 invenit
1464 1687 1538 1722 005,
1555 1671 1685 1722 inquit,
1699 1670 1789 1709 dicit
1803 1670 1853 1707 eis
1873 1686 1880 1706 :
1899 1672 2020 1717 Quare
2031 1670 2133 1707 bene-

1181 1734 1304 1772 factori
1321 1734 1414 1772 mala
1428 1732 1666 1786 rependistis?
1678 1745 1788 1782 quare
1801 1730 1976 1768 malitiam
1985 1740 2136 1768 vestram

1183 1810 1337 1847 eousque
1352 1794 1576 1843 extendistis,
1598 1802 1636 1831 ut
1669 1793 1715 1831 ad
1732 1807 1813 1830 eum
1832 1805 1975 1843 quoquc
1996 1791 2134 1844 pcrtin-

1182 1866 1279 1909 geret
1291 1857 1354 1908 qui
1365 1870 1447 1908 erga
1458 1869 1477 1894 x
1485 1870 1524 1894 os
1539 1864 1621 1893 tant·
1614 1869 1670 1893 im
1685 1853 1839 1892 ostendit
1853 1852 2136 1904 benignitatmffl

1121 1955 1168 1980 6¹⁶
1182 1933 1290 1970 quare
1308 1932 1379 1957 non
1402 1933 1462 1957 rev
1467 1917 1547 1956 e1iti
1573 1917 1657 1955 estis
1676 1915 1744 1954 xiii
1766 1929 1848 1967 erga
1868 1928 1933 1953 vos
1952 1914 2136 1966 magnani-

1132 1994 1153 2021 Α
1183 1981 1366 2019 mitatem?
1386 1980 1476 2027 Quae
1496 1979 1572 2017 baec
1592 1988 1687 2017 tanta
1710 1992 1744 2015 m
1748 1976 1872 2015 aliti-1?
1892 1991 1969 2027 quae
2000 1975 2137 2014 insanit

1181 2057 1251 2094 qua
1269 2041 1453 2080 insanitis.
1445 2042 1462 2065 ''
1479 2040 1629 2079 Nescitis
1645 2039 1742 2090 quod
1762 2039 1829 2076 hoc
1848 2037 1894 2075 sit
1914 2052 1988 2085 vas,
2011 2037 2047 2074 in
2066 2051 2136 2088 quo

1182 2104 1350 2143 dominus
1369 2117 1469 2142 meus
1488 2111 1686 2154 auguratur
1698 2099 1866 2138 Z‘Malum
1885 2108 1936 2136 est
1958 2099 2026 2136 hoc
2046 2112 2136 2150 opus

1182 2174 1356 2213 vesu-um,
1380 2163 1622 2217 perniciosum
1647 2162 1887 2214 propositum,
1914 2159 2015 2198 venia
2044 2159 2137 2197 indi-

1181 2240 1272 2278 gnus
1289 2235 1447 2274 conatus,
1467 2238 1596 2276 magna
1615 2223 1782 2271 audacia,
1812 2232 1847 2260 et
1877 2235 2018 2259 omnem
2041 2230 2135 2258 tran-

1181 2287 1350 2326 scendens
1378 2286 1568 2324 malitiam.
1592 2286 1629 2323 7.
1659 2285 1730 2322 Illi
1758 2292 1887 2322 autem
1923 2284 2132 2320 diverunt:

1187 2351 1315 2400 Quare
1334 2349 1506 2402 loquitur
1527 2348 1707 2384 dominns
1729 2347 1848 2399 juxta
1874 2346 1997 2381 verba
2021 2345 2136 2382 hirc?

1183 2412 1317 2460 Quare,
1339 2410 1472 2461 inquit,
1492 2408 1619 2462 objicis
1645 2407 1748 2445 nobis
1769 2406 1837 2444 hoe
1859 2405 2004 2454 crimen,
2029 2420 2049 2442 a
2065 2419 2137 2455 quo

1182 2472 1327 2511 omnino
1364 2485 1488 2510 sumus
1509 2468 1717 2508 immunes?
1736 2467 1855 2505 Absit
1885 2475 1926 2504 ut
1948 2469 2048 2504 servi
2083 2468 2137 2502 tui

1182 2535 1393 2574 secundum
1421 2534 1585 2571 verbum
1605 2531 1865 2584 liocsaciant;
1887 2527 1979 2565 absit
1995 2542 2011 2564 a
2034 2527 2136 2564 nobis

1183 2605 1221 2634 ut
1239 2595 1310 2634 tale
1330 2594 1419 2646 quid
1439 2606 1610 2644 umquam
1631 2599 1854 2629 attentemus.
1877 2590 1968 2626 Nzun
1986 2587 2049 2637 qui
2069 2602 2133 2639 pe-

1183 2657 1325 2695 cuniam
1343 2654 1526 2707 duplicem
1560 2651 1759 2697 attulimus,
1783 2665 1853 2700 quo
1879 2657 1980 2701 pacto
2000 2649 2134 2685 furare-

1183 2733 1264 2756 mur
1295 2725 1482 2768 argentum
1516 2713 1575 2753 vel
1607 2711 1766 2749 aurum?
1798 2709 1907 2756 Quod
1926 2709 1955 2746 si
1981 2709 2048 2746 hoe
2068 2723 2134 2761 pu-

1183 2789 1247 2829 tas,
1267 2781 1306 2818 9.
1327 2777 1451 2829 Apud
1463 2788 1576 2828 quem
1595 2773 1927 2825 irwentumsuerit
1942 2784 2016 2808 vas
2034 2772 2138 2821 quod

1183 2840 1361 2891 inquiris,
1395 2836 1464 2873 ille
1489 2834 1645 2887 quidem
1680 2834 1881 2875 moriatur,
1906 2839 1943 2867 ut
1968 2829 2036 2880 ,qui
2070 2829 2138 2866 tale

1183 2898 1304 2938 feccrit
1335 2910 1442 2949 opus;
1482 2908 1550 2932 nos
1573 2903 1704 2931 autem
1723 2895 1824 2930 servi
1861 2894 2013 2929 erimus.
2046 2892 2137 2928 Con-

1184 2959 1336 2999 scientiae
1351 2958 1445 2996 hona
1456 2955 1590 2994 fiducia
1602 2969 1660 2992 eos
1676 2953 1721 2992 ad
1742 2963 1813 2991 tam
1825 2952 1974 2990 tidenter
1989 2952 2137 3003 loquen-

1184 3022 1271 3060 dum
1292 3018 1494 3058 inducebat.
1508 3018 1573 3054 10.
1593 3016 1670 3053 Ille
1687 3023 1832 3061 autem,
1853 3013 1983 3064 inquit,
2007 3015 2105 3051 dia-ic
2126 3029 2135 3048 :

1187 3085 1237 3121 Et
1256 3093 1358 3120 nunc
1377 3082 1474 3118 sicut
1496 3079 1663 3122 dixistis,
1694 3079 1779 3114 erit.
1810 3076 1933 3127 Apud
1947 3089 2060 3127 quem
2081 3078 2139 3111 in-

1185 3152 1345 3182 ventum
1357 3142 1486 3194 suerit
1508 3138 1704 3191 poculum,
1729 3137 1792 3175 hic
1812 3137 1917 3175 solus
1937 3150 2042 3174 meus
2063 3150 2139 3173 ser·-

1189 3219 1255 3244 vtts
1275 3206 1361 3250 erit,
1384 3215 1456 3240 vos
1470 3209 1600 3238 autem
1620 3200 1882 3237 dimittemini.
1903 3197 1950 3236 Et
1967 3212 2048 3235 eum
2065 3197 2139 3234 haee

1128 3328 1192 3360 hue
1206 3337 1307 3370 puero
1321 3324 1415 3368 plura
1427 3323 1511 3365 dari,
1526 3323 1683 3367 quoniam
1695 3321 1836 3356 solemus
1847 3323 1954 3364 pueris
1969 3320 2141 3363 plusquam

1130 3380 1203 3413 aliis
1219 3374 1422 3411 abblandiri.

1178 3436 1192 3459 ἲ·
1213 3429 1278 3473 ‘Atii
1299 3434 1532 3471 ἐπενεγκάμενοι-
1956 3468 1968 3482 r

1949 3487 1966 3516 4
1975 3483 1995 3517 7

1177 685 1338 736 Cumque
1356 685 1502 723 finitum
1531 695 1619 724 esset
1638 686 1860 733 convivium,
1897 687 1932 723 1.
1959 686 2132 731 secavit,
2152 698 2249 736 capue
2273 698 2321 735 42.
