2516 3791
638 227 681 258 IN
719 229 818 259 CM».

91 313 182 359 ἄξιον
213 314 272 352 καὶ
293 314 512 364 ἐκπλαγῆναι
535 311 592 349 τὸν
614 311 747 350 δίκαιον
769 316 906 359 τοῦτον,
933 311 1028 356 ὅπως
1046 318 1117 355 τοῖς

88 380 147 415 τοῦ
169 375 364 426 πνεύματος
382 375 571 426 ὀφθαλμοῖς
593 373 733 411 ἅπαντα
752 376 910 426 προορῶν
927 379 998 417 τοῖς
1016 372 1119 411 παισὶ

88 436 353 489 περιεσῆμαινε,
373 434 432 472 καὶ
449 433 493 473 τὰ
516 434 654 486 ἑκάστῳ
669 434 921 485 συμῧησόμενα
938 433 1117 488 προέλεγε·

88 497 132 536 τὰ
147 497 214 550 γὰρ
231 495 320 547 μετὰ
335 494 443 534 πολὺν
461 494 610 546 ἐσόμενα
629 495 753 549 χρόνον
772 495 840 542 ἤδη
861 500 1118 549 προαναφωνεῖ.
1144 505 1168 536 C

53 572 59 579 ·
88 557 175 606 Γὰδ,
194 557 420 610 πειρατήριον
440 555 660 610 πειρατεύσει
681 556 802 595 αὐτόν·
824 557 925 599 αὐτὸς
942 555 978 595 δὲ
994 571 1117 607 πειρα-

87 618 199 657 τεύσει
222 618 322 656 αὐτὸν
343 617 434 656 κατὰ
450 617 570 661 πόδας,
599 617 719 671 Ἀσὴρ,
739 617 829 656 πίων
845 617 950 655 αὐτοῦ
970 619 988 654 6
1005 616 1119 668 ἄρτος,

87 680 146 718 καὶ
167 679 268 723 αὐτὸς
287 678 391 717 δώσει
410 678 540 731 τροφὴν
562 678 709 731 ἄρχουσι
754 677 979 730 Νεφθαλεὶμ,
1000 677 1121 715 στέλε-

85 755 145 792 χος
164 739 355 791 ἀνειμένον,
376 738 548 782 ἐπιδιδοὺς
567 742 602 778 ἐν
617 743 667 791 τῷ
683 739 876 791 γεννήματι
894 739 1032 782 κάλλος.
1050 738 1120 776 Καὶ

87 800 206 848 ἐπειδὴ
229 803 262 840 ἐν
284 799 446 851 συντόμῳ
465 799 672 852 παρέδραμε
693 798 856 845 τούτους,
880 797 1021 850 ἔρχεται
1049 798 1120 834 λοι-

87 862 151 900 πὸν
172 862 229 901 ἐπὶ
249 862 305 900 τὸν
328 859 474 912 Ἰωσὴφ,
497 859 557 898 καί
576 875 680 912 φησιν
695 875 702 882 ·
726 858 858 911 Ἰωσὴφ
875 858 945 902 υἱὸς
962 857 1119 908 ηὐξημέ-

87 938 154 970 νος,
175 922 344 970 ζηλωτός·
366 920 498 973 Ἰωσὴφ
517 920 588 963 υἱὸς
607 920 809 972 ηὐξημένος,
827 919 899 963 υἱός
917 935 981 970 μου
996 917 1118 957 νεώτε-

89 1000 155 1037 ρος.
179 983 387 1036 Ἐπίφθονος
402 982 562 1034 γέγονας,
584 981 707 1033 φησὶν,
727 980 761 1025 ἐξ
782 981 894 1019 αὐτῶν
915 983 983 1018 τῶν
1001 996 1118 1032 προοι-

89 1044 191 1095 μίων.
208 1047 270 1090 Εἷς
281 1045 317 1083 ὃν
326 1043 629 1095 διαδουλευόμενοι
640 1043 846 1097 ἐλοιδόρουν.
864 1044 946 1080 Τῶν
959 1043 1115 1094 ἀδελφῶν

85 1106 148 1153 τὴν
186 1107 266 1145 κατ’
303 1109 407 1145 αὐτοῦ
445 1105 652 1158 συμφωνίαν
688 1104 891 1143 αἰνίττεται.
938 1103 1009 1142 Καὶ
1031 1103 1117 1157 ὅπερ

86 1168 251 1222 ἀνωτέρω
271 1168 385 1220 ἔλεγεν
407 1171 429 1215 ἡ
452 1167 595 1221 Γραφὴ,
617 1166 671 1206 ὅτι
700 1166 806 1218 ψόγον
829 1166 978 1218 πονηρὸν
1001 1166 1116 1228 κατή-

85 1246 211 1282 νεγκαν
232 1228 363 1281 Ἰωσὴφ
386 1228 471 1282 πρὸς
498 1228 555 1266 τὸν
585 1228 721 1281 πατέρα
740 1229 845 1266 αὐτοῦ
861 1258 871 1275 ,
899 1230 1001 1265 τοῦτο
1020 1230 1117 1271 οὗτος
1140 1245 1166 1274 D

86 1291 234 1330 ἐνταῦθά
264 1306 385 1343 φησιν·
418 1291 480 1334 Εἷς
513 1289 550 1327 ὃν
584 1288 884 1339 διαδουλευόμενοι
907 1287 1116 1340 ἐλοιδόρουν,

85 1351 144 1389 καὶ
184 1355 314 1404 ἐνεὶχον
350 1353 442 1403 αὐτῷ
475 1349 586 1402 κύριοι
617 1349 858 1400 τοξευμάτων·
884 1349 948 1395 τὴν
970 1349 1114 1401 φονικὴν

86 1414 199 1450 αὐτῶν
217 1411 451 1462 αἰνιττόμενος
467 1410 622 1463 γνώμην.
645 1410 714 1448 Καὶ
729 1410 912 1462 συνετρίὸη
927 1409 1016 1459 μετὰ
1031 1410 1112 1462 κρά-

83 1489 161 1516 τους
178 1473 223 1510 τὰ
242 1472 326 1516 τόξα
347 1475 472 1511 αὐτῶν.
504 1471 602 1525 “Ορα
617 1474 709 1519 πῶς,
739 1470 859 1518 ἐπειδὴ
877 1465 952 1509 εἶπε
967 1470 1012 1509 τὰ
1029 1470 1118 1524 παρ’

83 1536 196 1572 αὐτῶν
225 1533 316 1572 κατὰ
346 1537 406 1572 τοῦ
435 1533 566 1585 Ἰωσὴφ
598 1531 838 1583 τολμηθέντα,
869 1532 962 1585 λέγει
990 1531 1115 1571 καὶτὰ

83 1597 199 1640 αὐτοῖς
220 1594 483 1646 συμὸεὸηκότα.
518 1593 712 1648 Συνετρίὸη
732 1593 818 1647 γὰρ,
846 1593 948 1646 φησὶ,
968 1593 1013 1632 τὰ
1032 1592 1115 1638 τόξα

85 1659 213 1705 αὐτῶν,
224 1657 284 1694 καὶ
299 1655 438 1703 ἐξελύθη
454 1656 498 1694 τὰ
514 1660 616 1708 νεῦρα
635 1654 830 1707 βραχιόνων
844 1657 971 1708 χειρῶν
988 1657 1113 1693 αὐτῶν.

80 1719 187 1758 Αὐτοὶ
207 1718 269 1769 μὲν
295 1719 427 1756 ἀνελεῖν
460 1717 716 1771 ἐπεχείρησαν,
737 1716 798 1754 καὶ
823 1716 864 1754 τό
891 1732 932 1768 γε
961 1711 1046 1763 ἧκον
1067 1718 1114 1760 εἷς

80 1780 212 1829 αὐτοὺς,
229 1783 276 1824 εἰς
299 1779 396 1833 ἔργον
417 1779 480 1827 τὴν
502 1779 646 1832 γνώμην
668 1779 834 1831 ἐξήγαγον
848 1795 856 1803 ·
878 1778 969 1817 ἀλλὰ
989 1778 1049 1817 καὶ
1068 1777 1113 1817 τὰ

79 1841 162 1886 τόξα
183 1843 296 1880 αὐτῶν
317 1840 502 1894 συνετρίὲη
516 1871 525 1888 ,
558 1840 617 1878 καὶ
637 1839 777 1888 ἐξελύθη
802 1841 913 1878 αὐτῶν
934 1838 978 1877 τὰ
996 1844 1111 1891 νεῦρα.

79 1904 164 1946 Πῶς
195 1903 263 1956 γὰρ
294 1903 372 1955 οὐχὶ
403 1906 503 1941 τοῦτο
538 1901 770 1948 πεπόνθασιν,
807 1901 866 1940 ὅτε
895 1900 1018 1948 ἤκουον
1052 1904 1111 1939 τοῦ
1137 1912 1160 1941 Ε

81 1965 214 2017 Ἰωσὴφ
230 1964 408 2016 λέγοντος·
431 1963 528 2015 Ἐγώ
551 1966 625 2015 εἰμι
640 1967 658 2001 6
678 1963 823 2016 ἀδελφὸς
845 1965 943 2015 ὑμῶν
966 1961 1112 2015 Ἰωσὴφ,

80 2026 117 2065 ὃν
145 2026 314 2065 ἀπέδοσθε
341 2027 389 2069 εἰς
410 2024 612 2077 Αἴγυπτον,
634 2024 726 2064 Τότε
748 2024 815 2077 γὰρ
843 2024 1016 2075 μάλιστα,
1035 2023 1114 2062 τότε

82 2087 222 2135 ἐξελύθη
244 2089 355 2126 αὐτῶν
373 2087 417 2124 τὰ
432 2090 549 2140 νεῦρα,
570 2085 639 2125 Διὰ
659 2093 761 2140 χεῖρα
782 2086 949 2125 δυνάστου
969 2084 1111 2124 Ἰακώὸ.

83 2150 239 2186 Ἐκεῖθεν
260 2150 278 2185 6
296 2146 511 2199 κατισχύσας
527 2147 673 2200 Ἰσραὴλ
688 2146 786 2201 παρὰ
800 2149 891 2186 Θεοῦ
907 2150 966 2185 τοῦ
981 2146 1114 2200 πατρός

84 2225 157 2256 σου,
178 2209 238 2246 καὶ
257 2207 427 2255 ἐὸοήθησέ
449 2224 502 2246 σοι
527 2211 544 2246 6
563 2208 652 2252 Θεὸς
673 2211 690 2246 6
716 2207 809 2259 ἐμός.
841 2207 885 2246 Ὁ
906 2207 942 2246 δὲ
965 2206 1114 2251 ἐκλύσας

83 2272 195 2308 αὐτῶν
214 2269 259 2308 τὰ
277 2273 393 2322 νεῦρα,
410 2268 528 2321 φησὶν,
549 2272 566 2307 ὃ
584 2268 754 2316 δυνάστης
774 2268 880 2307 ἐστίν.
913 2269 1025 2312 Αὐτὸς
1046 2267 1114 2319 γὰρ

87 2331 259 2379 ἐὸοήθησέ
288 2345 342 2369 σοι
374 2334 392 2369 6
424 2330 514 2373 Θεὸς
543 2333 560 2368 6
580 2330 674 2381 ἐμός.
697 2329 796 2383 εΌρα
823 2335 883 2369 τοῦ
915 2329 1049 2368 δικαίου
1074 2330 1114 2368 τὸ

83 2392 223 2444 γνήσιον
254 2391 334 2445 περὶ
364 2392 422 2430 τὸν
442 2391 625 2439 Δεσπότην
646 2391 807 2446 φίλτρον,
836 2391 931 2435 ὅπως
958 2391 1016 2429 τὸν
1050 2393 1113 2437 τῆς

81 2453 286 2504 οἰκουμένης
313 2452 494 2499 Δεσπότην
523 2455 627 2492 αὐτοῦ
656 2453 760 2504 μόνου
781 2453 875 2506 λέγει
901 2446 989 2492 εἶναι
1007 2452 1112 2500 Θεὸν,
1125 2492 1155 2518 64

859 228 982 259 ΧΗΧ.
1024 228 1183 259 GENES.

1228 230 1393 261 nomn..
1436 231 1578 262 vair.

2055 225 2136 282 724¹

1186 316 1274 365 equi
1296 329 1306 349 :
1326 323 1360 352 et
1382 315 1494 352 cadet
1518 327 1631 367 eques
1646 321 1872 363 retrorsum,
1896 317 1956 352 18.
1981 318 2145 356 salutem

1187 383 1413 426 exspectans
1432 377 1607 414 Domini.
1632 375 1794 426 Dignum
1810 376 1939 427 utquis
1952 377 2148 416 admiretur

1188 443 1221 472 et
1239 436 1480 488 obstupescat,
1504 437 1814 490 quomodojustus
1849 438 1909 476 ille
1933 439 2046 476 oculis
2075 440 2147 492 spi-

1188 493 1278 532 ritus
1298 496 1416 533 omnia
1434 496 1648 548 prawidens,
1673 497 1757 534 filiis
1778 497 1851 535 suis
1878 499 2146 550 praenuntiave-

1191 554 1237 593 rit
1250 555 1338 608 quid
1362 557 1556 608 unicuique
1581 568 1791 597 eventurum
1833 559 1878 597 sit
1902 575 1910 596 :
1930 574 2012 598 nam
2042 561 2148 599 etiam

1190 616 1251 654 illa
1269 631 1348 667 quoe
1368 619 1613 669 postmultum
1631 620 1800 672 temporis
1820 621 1938 659 sutura
1959 631 2042 659 sunt
2063 637 2150 675 prm-

1189 676 1289 715 dicit.
1315 679 1378 720 19,
1401 679 1503 729 Gad,
1532 682 1696 718 tentatio
1732 684 1896 720 tentabit
1931 697 2039 727 eum‚·
2071 686 2152 735 ipse

1189 748 1321 777 autem
1341 742 1506 778 tentabit
1526 741 1639 779 illum
1652 743 1707 779 ad
1717 744 1846 794 pedes.
1862 744 2051 789 aoAser,
2062 747 2150 796 pin-

1187 803 1273 852 guis
1296 804 1378 854 ejus
1392 805 1523 854 panis,
1548 812 1585 841 et
1604 806 1684 856 ipse
1699 805 1810 842 dabit
1822 808 1948 843 cibum
1959 809 2150 859 principi-

1196 864 1280 901 bus.
1304 865 1368 901 91.
1386 865 1658 916 Nephtlzalim,
1683 867 1900 919 virgultum
1919 869 2146 915 resolutum,

1195 923 1297 962 dans
1325 927 1368 961 in
1391 928 1564 977 germine
1606 927 1947 978 pulchritudinem.
1986 929 2033 966 Et
2065 929 2149 980 qnia

1192 985 1316 1036 paucis
1334 986 1463 1024 transit
1488 986 1581 1037 illos,
1614 988 1714 1027 venit
1733 981 1986 1040 consequenter
2009 990 2056 1028 ad
2088 992 2149 1030 Jo-

1193 1045 1293 1098 seph,
1311 1056 1344 1084 ct
1363 1047 1413 1085 ait
1438 1063 1446 1084 :
1470 1050 1522 1087 22
1556 1049 1828 1102 Josephstlius
1857 1060 2007 1098 anctus,
2046 1055 2147 1090 invi-

1192 1107 1324 1146 diosus
1347 1125 1359 1145 .·
1379 1110 1646 1163 Josephfilius
1661 1112 1942 1165 auctus,fili1cs
1964 1127 2071 1151 meus
2082 1116 2148 1167 ju-

1192 1171 1289 1207 nior.
1302 1169 1521 1220 Invidiosus,
1535 1172 1668 1223 inquit‚
1683 1172 1795 1211 sactus
1807 1187 1842 1211 cs
1856 1173 1902 1211 ab
1919 1173 2004 1225 ipsis
2019 1174 2145 1212 initiis.

1191 1232 1256 1268 95.
1271 1232 1391 1283 Quem
1404 1234 1567 1271 consilio
1582 1237 1869 1272 communicato
1884 1237 2070 1272 conviciis
2085 1238 2146 1273 in-

1190 1303 1400 1332 cesserunt.
1430 1295 1599 1333 Fratrum
1636 1295 1816 1346 significat
1850 1295 2148 1348 conspirationem

1189 1365 1310 1393 contra
1322 1369 1417 1394 eum.
1441 1356 1488 1394 Et
1501 1355 1539 1394 id
1556 1355 1654 1408 quod
1664 1370 1771 1409 supra
1786 1356 1928 1394 dicebat
1944 1357 2144 1411 Scriptura,

1189 1430 1248 1454 eos
1271 1416 1420 1455 crimine
1439 1417 1534 1455 malo
1549 1417 1720 1456 detulisse
1738 1418 1871 1470 ,Ioseph
1891 1419 1991 1471 apud
2009 1429 2148 1472 patrem

1188 1491 1307 1529 suum,
1325 1478 1393 1516 hoc
1408 1478 1472 1516 iste
1482 1478 1570 1516 dicit
1589 1495 1597 1514 :
1616 1480 1736 1530 Quem
1752 1483 2038 1518 communicato
2057 1495 2148 1520 con-

1191 1539 1280 1577 silio
1293 1541 1478 1578 conviciis
1498 1542 1751 1587 incesserunt,
1781 1548 1818 1578 et
1836 1542 2091 1580 intendebant
2107 1545 2148 1580 in

1193 1614 1279 1638 eum
1297 1601 1447 1638 domini
1465 1603 1776 1653 sagittationum.
1799 1601 2082 1653 Sanguinarium
2104 1603 2148 1640 il-

1190 1659 1311 1697 lorum
1329 1659 1509 1711 significat
1527 1659 1701 1696 animum.
1722 1660 1786 1697 24.
1808 1661 1862 1698 Et
1877 1663 2036 1698 contriti
2056 1670 2148 1699 sunt

1189 1734 1275 1759 cum
1283 1722 1529 1774 fortitudine
1544 1734 1659 1759 arcus
1678 1735 1822 1759 eorum.
1848 1721 1946 1760 Vide
1968 1722 2148 1772 quomodo

1189 1791 1378 1834 postquam
1399 1781 1495 1820 dixit
1515 1796 1554 1820 ea
1574 1796 1653 1833 quan·
1675 1791 1796 1819 contra
1831 1782 1963 1835 Joseph
1997 1792 2147 1821 attenta-

1188 1852 1288 1891 runt,
1310 1843 1398 1881 dicit
1420 1853 1454 1881 et
1469 1857 1508 1881 ea
1528 1857 1606 1894 quae
1626 1843 1676 1881 eis
1708 1843 1945 1895 contigerunt.
1979 1845 2147 1883 Contriti

1189 1905 1298 1955 enim,
1320 1903 1452 1956 inquit,
1474 1919 1588 1943 arcus
1609 1919 1753 1952 eorum,
1787 1914 1823 1943 et
1843 1906 2025 1944 dissoluti
2056 1915 2147 1945 sunt

1189 1969 1298 2005 nervi
1321 1968 1572 2005 brachiorum
1597 1981 1783 2005 manuum
1803 1981 1948 2005 eorum.
1969 1967 2043 2020 Ipsi
2059 1967 2144 2018 qui—

1186 2027 1268 2066 dem
1288 2028 1450 2066 occidere
1468 2037 1502 2066 te
1523 2028 1638 2066 conati
1653 2037 1748 2077 sunt,
1763 2036 1796 2065 et
1811 2036 1985 2078 quantum
2002 2027 2146 2081 egipsis

1186 2090 1377 2142 pendebat,
1391 2104 1496 2143 opere
1509 2089 1742 2142 complessent
1760 2105 1766 2125 :
1782 2089 1843 2127 scd
1857 2098 1891 2127 et
1905 2104 2010 2127 arcus
2024 2103 2148 2128 eorum

1187 2153 1332 2190 contriti
1345 2161 1439 2202 sunt,
1457 2161 1492 2190 et
1508 2151 1675 2190 dissoluti
1694 2160 1776 2189 sunt
1792 2165 1918 2190 eorum
1937 2151 2051 2189 nervi.
2087 2151 2149 2190 Sic

1187 2212 1283 2250 enim
1294 2212 1344 2250 eis
1359 2211 1503 2261 accidit,
1516 2210 1660 2262 quando
1675 2210 1868 2249 audierunt
1879 2212 1899 2251 J
1902 2211 2011 2263 oseph
2023 2210 2148 2250 dicen-

1189 2282 1262 2311 tem
1276 2289 1283 2310 ε
1298 2276 1384 2326 Ego
1397 2288 1482 2312 sum
1487 2275 1617 2326 frater
1624 2274 1792 2311 vester-J
1791 2274 1906 2324 oseph
1910 2303 1921 2320 ,
1933 2287 2046 2325 quem
2057 2287 2146 2311 ven-

1191 2336 1348 2374 didistis
1361 2338 1401 2372 in
1411 2337 1640 2387 AEgyptum.
1656 2334 1764 2372 Tunc.
1774 2333 1882 2380 enim,
1894 2343 1978 2372 tnnc
1991 2334 2148 2372 maxime

1188 2397 1295 2436 soluti
1316 2405 1399 2436 sunt
1418 2396 1517 2435 nervi
1536 2410 1672 2441 eorum,
1691 2397 1770 2434 Per
1788 2409 1947 2433 manum
1978 2399 2146 2448 potentis

1157 2493 1174 2517 ⁰
1188 2460 1329 2498 Jacob.
1346 2459 1412 2496 25.
1427 2452 1526 2496 Inde
1534 2460 1602 2510 qui
1615 2459 1879 2500 corroboravit
1887 2458 2015 2495 Israel
2023 2472 2048 2494 a
2059 2458 2145 2495 Deo

82 2517 159 2568 Οὐχὶ
181 2514 372 2566 συγκλῑῖων
395 2515 498 2552 αὖῖθῧ
517 2513 579 2561 τὴν
606 2515 809 2553 δεσποτείαν
823 2546 833 2564 ,
859 2514 935 2553 Οὐδὲ
963 2517 1111 2553 ἅπῡῦτῑ·
1136 2531 1161 2559 Α
1184 2523 1311 2572 patris
1330 2522 1399 2567 tui,
1416 2528 1453 2557 et
1473 2520 1626 2572 adjuvit
1653 2527 1690 2556 te
1708 2520 1815 2556 Deus
1833 2533 1951 2556 meus.
1977 2519 2050 2565 Qui
2069 2518 2143 2556 dis-

84 2579 151 2630 ρῶν
161 2576 262 2614 αὐτὸν
272 2579 334 2622 τῆς
346 2573 501 2618 ἐξουσίας
516 2578 577 2621 τ’ἧς
591 2575 807 2626 οἰκουμένης,
823 2574 914 2614 ἀλλὰ
921 2574 978 2613 τὸν
987 2577 1111 2613 οἰκεῖον

83 2637 260 2690 ἐμφαίνων
283 2637 398 2675 πόθον.
443 2636 512 2674 Καὶ
535 2636 702 2689 εὐλόγησέ
721 2652 760 2675 σε
781 2636 939 2688 εὐλογίαν
967 2639 1110 2690 οὐρανοῦ

84 2700 225 2738 ἄνωθεν.
264 2699 317 2737 Οὐ
352 2699 454 2750 μόνον
470 2728 480 2747 ,
517 2699 621 2751 φησὶν
639 2730 648 2747 ,
683 2699 870 2746 ἐὸοῆθησεν
883 2729 893 2746 ,
933 2698 1023 2737 ἀλλὰ
1052 2697 1112 2736 καὶ

85 2760 267 2811 Εὐλόγησέ
303 2776 342 2799 σε
376 2759 535 2812 εὐλογίαν
561 2764 625 2811 γῆς
654 2760 801 2813 ἐχούσης
831 2760 971 2809 πάντα,
997 2760 1110 2799 ἕνεκεν

85 2821 242 2872 εὐλογίας
275 2825 416 2872 μαστῶν
443 2822 502 2859 καὶ
534 2822 682 2874 μήτρας,
718 2822 876 2875 εὐλογίας
895 2822 1027 2875 πατρός
1052 2838 1112 2860 σου

86 2882 146 2920 καὶ
174 2882 303 2935 μητρός
335 2897 408 2920 σου.
450 2882 706 2936 Ὑπερίσήυσεν
735 2886 788 2922 ἐπ’
814 2883 984 2935 εὐλογίαις
1003 2883 1109 2936 ὀρέων

86 2943 244 2995 μονίμων
260 2973 269 2991 ,
290 2944 351 2981 καὶ
372 2943 573 2995 ἐπιθυμίαις
597 2947 698 2983 θινῶν
718 2945 880 2984 αἰωνίων.
912 2945 988 2992 Τὴν
1012 2945 1111 2989 δόξαν

83 3006 143 3044 καὶ
170 3004 233 3051 τὴν
261 3005 485 3058 περιφάνειαν
507 3007 653 3043 ἐνταῦθα
674 3006 863 3045 αἰνίττεται
882 3006 942 3045 καὶ
961 3005 1024 3054 τὴν
1050 3009 1112 3058 βα-

84 3066 216 3106 σιλείαν
242 3069 304 3113 τῆς
326 3064 502 3116 Αἰγύπτου
515 3095 524 3113 ,
554 3065 610 3102 διὰ
630 3069 698 3103 τῶν
719 3066 825 3120 ὀρέων
845 3067 904 3105 καὶ
924 3070 992 3105 τῶν
1010 3070 1110 3105 θινῶν

82 3128 122 3166 τὸ
138 3127 268 3179 ὑψηλόν
288 3143 326 3165 τε
348 3126 408 3164 καὶ
425 3127 566 3179 ἰσχυρὸν
584 3126 776 3179 ἐμφαίνων,
796 3131 843 3172 ὡς
862 3128 922 3166 καὶ
944 3131 991 3172 εἰς
1006 3127 1112 3175 αὐτὴν

81 3188 144 3236 τὴν
163 3189 332 3228 ἀνωτάτω
348 3187 501 3241 κορυφὴν
519 3191 581 3234 τῆς
599 3190 713 3240 ἆρχῆς
730 3191 967 3242 ἀνενεχθῆναι.
987 3184 1112 3237 Αἶται,

82 3250 186 3302 φησὶν
201 3279 210 3295 ,
237 3253 273 3286 αἱ
298 3249 450 3301 εὐλογίαι
470 3249 528 3287 ἐπὶ
547 3248 609 3296 τὴν
628 3248 782 3302 κεφαλὴν
806 3249 942 3288 ἔσονται
968 3250 1113 3303 Ἰωσὴφ,

82 3311 144 3349 καὶ
164 3311 221 3349 ἐπὶ
236 3314 387 3363 κορυφῆς
410 3305 457 3348 ῶν
478 3311 637 3362 ἡγήσατο
658 3312 826 3363 ἀδελφῶν.
851 3305 976 3357 Αἷται,
996 3313 1113 3364 φησὶν,

1187 2582 1298 2621 solvit
1309 2596 1433 2620 eorum
1453 2595 1596 2629 nervos,
1633 2579 1764 2630 inquit,
1803 2588 1927 2632 potens
1961 2588 2024 2616 cst.
2057 2581 2145 2631 Ipse

1187 2646 1291 2682 enim
1311 2643 1465 2694 adjuvit
1489 2649 1525 2678 te
1542 2641 1648 2678 Deus
1682 2653 1801 2677 meus.
1823 2639 1921 2679 Vide
1940 2653 2144 2691 germanam

1183 2703 1272 2756 justi
1284 2716 1367 2754 erga
1376 2701 1571 2740 Dominum
1584 2699 1826 2746 dilectionem,
1851 2700 2030 2750 quomodo
2048 2702 2145 2740 orbis

1188 2763 1384 2802 Dominum
1405 2776 1510 2800 suum
1534 2775 1608 2799 esse
1631 2762 1749 2798 Deum
1770 2760 1880 2804 dicat,
1904 2775 1973 2799 non
2002 2763 2145 2800 conclu-

1187 2824 1273 2862 dens
1287 2824 1361 2876 ejus
1380 2822 1595 2868 dominium,
1622 2836 1736 2872 neque
1755 2821 1902 2873 privans
1939 2836 2021 2876 eum
2041 2832 2144 2875 pote-

1187 2894 1274 2923 state
1290 2883 1496 2931 nnivorsali,
1524 2882 1587 2920 sed
1623 2897 1728 2920 suum
1757 2882 1942 2920 declarans
1974 2898 2142 2922 amorem.

1187 2948 1241 2984 Et
1255 2946 1448 2982 benedixit
1463 2946 1534 2981 tibi
1546 2944 1812 2981 benedictione
1825 2945 1941 2981 ccelie
1957 2948 2143 2996 supernis.

1187 3008 1267 3045 Non
1284 3005 1415 3054 solum,
1436 3004 1567 3055 inquit,
1586 3004 1726 3056 adjuvit
1746 3013 1793 3053 te,
1812 3005 1874 3043 sed
1891 3014 1922 3043 et
1937 3007 2143 3044 Benedin't

1188 3077 1224 3106 te
1241 3068 1626 3105 benedictioneterroe
1639 3069 1772 3103 omnia
1789 3069 2039 3111 continentis,
2054 3081 2143 3118 pro-

1183 3138 1271 3181 pter
1285 3129 1590 3166 benedictionem
1606 3129 1764 3164 uberum
1781 3136 1817 3165 et
1834 3128 1981 3176 vulvoe,
1994 3129 2058 3165 96.
2081 3129 2143 3164 be-

1188 3191 1445 3229 nedictionem
1462 3191 1588 3241 patris
1609 3191 1671 3234 tui
1692 3197 1728 3226 et
1745 3191 1882 3227 matris
1917 3198 2001 3226 tuce.
2035 3191 2141 3226 Proe-

1189 3252 1311 3290 valuit
1334 3251 1665 3288 benedictionibus
1696 3253 1883 3287 montium
1910 3251 2136 3300 firmorum,

1187 3322 1221 3351 et
1242 3313 1444 3350 desideriis
1476 3312 1635 3349 collium
1673 3320 1917 3349 (eternorum.
1951 3312 2015 3347 Pm-
2034 3309 2140 3346 colles

85 3375 120 3410 αἱ
137 3371 292 3423 εὐλογίαι
317 3372 375 3411 ἐπὶ
395 3372 458 3420 τὴν
477 3372 631 3424 κεφαλὴν
650 3372 787 3410 ἔσονται
803 3371 866 3419 τὴν
890 3373 966 3419 σήν.
994 3375 1115 3411 Βενια-
1138 3384 1158 3414 Β
1186 3383 1334 3412 aeternos
1369 3371 1521 3423 gloriam
1567 3382 1600 3410 et
1640 3373 1875 3425 majestatem,
1911 3380 1944 3408 ct
1990 3383 2139 3419 regnum

85 3432 144 3483 μὶν
159 3433 262 3476 λύκος
282 3432 409 3485 ἅρπαξ,
432 3433 472 3471 τὸ
489 3434 640 3485 πρωϊνὸν
664 3434 790 3482 ἔδεται,
811 3434 870 3472 καὶ
890 3435 936 3476 εἷς
954 3434 993 3472 τὸ
1010 3435 1113 3473 ἑσπέ-

1188 3433 1339 3487 AEgypti
1363 3450 1370 3471 :
1391 3447 1455 3487 per
1478 3443 1613 3473 montes
1629 3443 1661 3472 ct
1685 3434 1805 3484 colles,
1830 3432 2087 3471 sublimitatem
2105 3441 2138 3469 et

2166 1375 2240 1402 Gen.
2255 1373 2302 1411 37.
2319 1385 2348 1404 2.

2166 2289 2240 2319 Gen.
2258 2287 2348 2326 453.
