2566 3791
279 196 366 240 182

272 283 496 335 diligentiam
515 283 651 323 videas.
675 286 817 323 Emisit
836 286 947 323 illum
961 315 973 332 ,
993 286 1128 336 inquit,
1145 286 1225 323 Do-

274 348 402 383 minus
420 346 528 383 Deus
545 359 592 382 ex
610 346 796 396 paradiso
816 347 1034 397 voluptatis
1045 375 1057 392 ,
1079 353 1120 382 ut
1141 357 1226 395 ope-

273 413 427 442 raretur
438 413 582 442 terram
593 406 641 443 de
652 420 729 457 qua
745 415 894 444 sumtus
906 414 973 444 est.
989 405 1081 443 Ecce
1092 413 1229 442 senten-

273 468 363 506 tiam
385 483 486 508 suam
516 484 553 507 re
573 469 650 522 ipsa
675 470 882 519 exsequitur
894 485 905 518 3
932 478 965 507 et
992 483 1037 506 ex
1060 468 1229 520 paradiso
1251 462 1275 492 B

273 529 470 582 voluptatis
489 531 640 582 ejectum
654 558 664 577 ,
689 538 820 566 terram
839 528 883 566 de
903 543 972 578 qua
998 537 1136 566 sumtus
1155 537 1231 566 erat

275 591 414 642 operari
434 591 548 642 jubet.
559 591 632 628 Nec
644 598 774 627 temere
789 589 897 637 dixit,
911 590 973 627 De
992 603 1070 642 qua
1082 599 1230 628 sumtus

275 660 332 690 est
346 667 357 687 .·
378 651 441 689 sed
461 660 499 688 ut
520 659 691 702 perpetuo
711 650 994 688 commonefieret
1013 650 1229 689 humilitatis

274 712 367 749 inter
392 710 626 763 operandum,
652 710 812 762 scireque
837 720 956 763 posset
981 725 1018 749 se
1042 711 1125 751 inde
1155 726 1229 751 esse

275 771 518 819 constitutum,
534 780 569 810 et
587 771 822 810 substantiam
836 771 994 825 corporis
1006 781 1156 811 exterra
1165 773 1229 812 ha·

273 833 356 871 be're
373 832 420 870 ab
433 832 538 870 initio
559 848 567 868 z
585 841 626 870 ut
642 832 744 870 illam
766 832 894 885 ipsam,
914 832 1045 884 inquit,
1067 843 1230 885 operetur

274 903 420 942 terram,
435 907 480 931 ex
496 907 567 944 qua
590 901 624 931 et
648 893 723 946 ipse
738 894 951 932 constitutus
978 903 1040 933 est.
1053 896 1146 933 Nam
1160 894 1230 933 hoe

275 953 372 1006 quod
386 953 423 991 in
435 953 605 992 sententia
625 953 778 1003 dicebat,
795 957 846 992 In
863 955 1002 994 sudore
1005 956 1134 1007 faciei
1153 964 1228 992 tuoe

275 1017 444 1051 ‘vesceris
458 1027 560 1065 pane
577 1022 641 1052 tuo
655 1029 665 1050 :
682 1014 841 1066 idipsum
855 1023 889 1052 et
901 1028 994 1052 nunc
1005 1013 1106 1061 dicit,
1118 1028 1228 1065 quan-

277 1075 323 1114 do
337 1076 464 1127 inquit,
490 1079 539 1115 Ut
562 1086 784 1129 operaretur
805 1086 949 1116 terram
964 1079 1011 1115 de
1030 1091 1109 1129 qua
1127 1091 1229 1116 sum-

279 1145 340 1175 tus
352 1146 419 1175 est.
430 1137 595 1186 Posthac,
605 1146 645 1175 ut
655 1137 834 1175 discamus
848 1147 980 1187 quanto
988 1137 1229 1189 spatioipsum

276 1212 295 1234 a
310 1197 478 1249 paradiso
493 1198 695 1249 collocavit,
706 1198 812 1236 etiam
830 1198 925 1236 illud
936 1198 1053 1251 ipsum
1063 1198 1228 1251 Scriptu-
1251 1203 1275 1234 C

273 1271 313 1295 ra
341 1257 465 1296 divina
489 1271 553 1296 nos
576 1257 679 1296 docet
697 1274 705 1295 ε
721 1259 784 1297 5⁵24.
807 1260 1012 1311 Ejecitque
1031 1260 1229 1298 Dominus

275 1321 382 1357 Deus
392 1319 540 1367 Adam,
552 1327 589 1357 et
600 1320 812 1358 collocavit
823 1334 909 1358 eum
922 1335 942 1359 e
952 1323 1106 1372 regione
1113 1333 1230 1371 para-

275 1382 351 1418 disi
362 1381 589 1432 voluptatis.
599 1380 854 1420 Animadverte
871 1395 1094 1420 communem
1106 1381 1232 1420 Domi-

275 1454 363 1479 num
374 1450 535 1479 nostrum
549 1442 585 1479 in
597 1442 749 1494 singulis
759 1443 927 1494 operibus
939 1442 1169 1494 benignitatis
1179 1457 1232 1480 ar-

278 1510 486 1553 gumentum
497 1502 681 1551 exhibere,
690 1511 723 1540 et
735 1503 894 1554 singulas
907 1517 1092 1555 poenarum
1099 1503 1233 1569 species

136 1579 197 1606 Cur
228 1587 264 1606 ex
275 1559 434 1600 bonitate
451 1562 574 1614 plenas
594 1577 679 1601 esse.
694 1564 774 1602 Non
794 1563 889 1601 enim
903 1563 972 1601 hoc
1000 1563 1116 1601 solum
1129 1563 1233 1601 mise-

72 1622 195 1648 ffl¹ve¹⁵⁰
210 1622 440 1660 1³²·rieordiae
460 1631 494 1660 et
504 1622 740 1674 benignitatis
756 1632 1007 1674 argumentum
1023 1632 1116 1673 erat,
1137 1623 1235 1673 quod

71 1663 162 1690 iadisi

207 1670 264 1697 po·

72 1702 262 1730 suusAdam
277 1683 451 1721 emitteret
487 1691 522 1720 et
555 1682 725 1734 ejiceret·
716 1712 726 1730 ,
756 1682 819 1720 sed
855 1683 953 1734 quod
982 1683 1086 1721 illum
1114 1692 1234 1721 contra

275 1743 487 1796 paradisum
506 1743 710 1791 collocaret,
725 1752 765 1781 ut
775 1744 900 1795 jugem
914 1744 973 1782 do}
979 1758 1017 1782 οι
1020 1758 1076 1782 em
1090 1744 1200 1782 habe1
1203 1753 1236 1782 et

275 1803 434 1856 quotidie
450 1804 608 1855 cogitans
619 1803 714 1842 unde
728 1804 923 1850 exciderat,
941 1814 974 1842 et
992 1804 1028 1842 in
1043 1819 1150 1855 quem
1165 1814 1235 1843 sta-

276 1874 352 1902 tum
366 1879 402 1902 se
415 1865 622 1916 conjecerat.
639 1864 687 1902 Et
701 1865 866 1915 quamvis
881 1866 1084 1916 gravissimi
1103 1865 1236 1905 doloris

278 1925 519 1977 spectaculum
546 1933 647 1974 esset,
669 1934 788 1963 tamen
810 1939 948 1976 magnae
968 1926 1132 1964 utilitatis
1163 1935 1237 1964 erat
1257 1926 1281 1957 D

279 1986 428 2033 occasio,
448 1995 488 2024 ut
508 1985 632 2024 dolens
651 1986 819 2024 continuo
838 1995 998 2039 aspectu,
1015 1987 1184 2025 munitior
1204 1996 1238 2025 et

281 2046 417 2084 cautior
432 2055 520 2084 esset
535 2047 572 2084 in
585 2046 678 2095 aliis,
694 2060 738 2083 ne
756 2046 887 2084 iterum
904 2047 938 2084 in
955 2046 1078 2085 eadem
1094 2056 1237 2099 peccata

282 2106 464 2144 incideret.
485 2107 578 2144 Nam
604 2106 774 2157 quoniam
796 2106 856 2143 hic
883 2107 1038 2144 hominis
1062 2117 1100 2145 ut
1118 2107 1237 2159 pluri-

282 2180 380 2203 mum
396 2180 472 2204 mos
479 2175 543 2212 est,
556 2175 595 2204 ut
603 2166 691 2204 dum
701 2166 804 2204 bonis
814 2167 981 2215 fruimur,
990 2167 1078 2219 ipsis
1088 2177 1127 2205 ut
1137 2182 1236 2219 opor-

282 2235 332 2264 tet
353 2227 406 2264 uti
430 2226 642 2275 nesciamus,
667 2226 814 2263 iliorum
846 2227 1045 2277 privatione
1069 2227 1238 2265 emenda-

284 2301 379 2333 mur,
398 2295 433 2324 et
450 2295 534 2324 tunc
561 2286 780 2338 experientia
808 2285 904 2324 docti
933 2287 1061 2324 sentire
1082 2297 1239 2325 nostram

285 2347 460 2386 desidiam
473 2347 682 2398 incipimus,
697 2355 801 2397 atque
815 2347 862 2384 ita
875 2355 971 2384 tanta
986 2361 1106 2385 rerum
1124 2357 1239 2385 muta-

285 2406 380 2444 tione
393 2404 578 2453 docemur,
594 2413 627 2442 et
641 2419 660 2442 a
681 2405 812 2455 quibus
829 2404 1044 2452 excidimus,
1059 2414 1092 2442 et
1110 2406 1238 2456 quibus

286 2480 348 2504 nos
364 2466 459 2517 ipsos
471 2466 575 2503 malis
589 2464 903 2502 circumdedimus.
917 2465 1038 2515 Itaque
1050 2465 1142 2515 quod
1157 2479 1239 2517 pro-

284 2542 329 2579 pe
350 2536 384 2564 et
403 2541 421 2564 e
436 2526 578 2577 regione
597 2524 753 2578 paradisi
771 2540 851 2563 cum
867 2525 929 2576 qui
946 2525 1044 2562 illinc
1058 2525 1238 2563 exciderat

286 2587 449 2625 habitare
473 2585 594 2637 jussit,
633 2585 799 2624 maximae
831 2585 1064 2637 providentiae
1080 2595 1114 2623 et
1144 2599 1237 2623 curae

286 2648 428 2699 signum
460 2647 550 2697 fuit,
570 2655 610 2684 ut
629 2645 818 2698 spectando
837 2660 972 2684 memor
992 2654 1079 2684 esset
1107 2655 1140 2684 et
1157 2646 1238 2684 inde

286 2708 427 2745 lucrum
460 2708 590 2745 faceret
606 2735 618 2757 ,
662 2721 703 2745 ac
736 2721 849 2757 neque
874 2706 1065 2745 immodica
1093 2707 1237 2745 vivendi
1261 2715 1284 2745 E

286 2768 566 2820 concupiscentia
581 2798 590 2812 ‚
627 2767 683 2806 vel
710 2768 798 2805 foris
829 2768 1021 2818 exsistens,
1062 2768 1107 2806 de
1140 2768 1238 2819 ligno

285 2830 468 2866 comedere
508 2837 748 2878 pra‘sumeret.
782 2827 913 2865 Divina
939 2828 1032 2865 enim
1052 2829 1237 2880 Scriptura

285 2888 403 2925 omnia
428 2888 543 2928 nobis,
560 2897 666 2938 prout
688 2887 998 2925 nostraei1iflr1nati
1018 2896 1232 2939 congruunt,

286 2956 416 2985 narrat.
437 2949 489 2984 Et
510 2948 715 2984 collocavit
731 2948 940 2984 Cherubim
960 2956 996 2985 et
1001 2948 1235 3001 flammeum

283 3016 460 3065 gladium
489 3013 714 3050 versatilem
736 3013 789 3049 ad
812 3014 1104 3050 custodiendam
1126 3015 1236 3051 viam

286 3083 382 3132 ligni
401 3082 506 3117 victe.
532 3078 773 3129 Negligcntia,
790 3090 895 3128 quam
911 3080 987 3130 jain
1012 3079 1102 3117 circa
1125 3078 1235 3117 tradi—

327 3197 340 3211 Ω
358 3185 460 3219 Savii.
475 3192 518 3227 μὴ
535 3188 663 3229 ᾔδειμεν.

326 3245 341 3262 ¹¹
358 3235 459 3269 Savil.
478 3243 510 3266 ct
534 3243 658 3276 septem
677 3236 753 3265 Mss.
769 3240 975 3276 μανθάνοντες.
993 3234 1116 3267 Totum
1135 3246 1212 3268 vero
1236 3235 1285 3267 lo«

278 3303 353 3321 (uni
370 3291 417 3321 sic
433 3288 530 3319 essert
545 3287 663 3329 Regius
679 3297 762 3317 unus
779 3286 882 3317 codex
900 3299 905 3316 2
922 3292 969 3320 ῥυ),
985 3296 1036 3325 τῆς
1050 3293 1152 3333 πεῖρας
1166 3294 1284 3331 μανθά-

275 3358 370 3385 νωμεν
394 3347 446 3380 τὴν
469 3344 574 3373 οἰκείαν
595 3342 758 3383 ῥᾳθυμίαν.
778 3339 852 3370 Mox
876 3337 976 3381 aliqui
1001 3342 1114 3377 ἑαυτοῖς
1137 3345 1283 3385 περιεπεί-

271 3410 379 3438 publ-sl·

686 209 725 238 S.
762 209 941 240 JOANNIS
975 208 1224 239 CHRYSOST.
1263 208 1469 238 ARCfflEP.
1505 207 1854 238 CONSTANTINOP-

1297 286 1402 323 πάλιν
1427 288 1571 323 ἐνταῦθα
1585 287 1647 330 τ’ἧς
1661 284 1753 328 θείας
1772 286 1916 337 Γραφῆς
1927 284 1989 332 τὴν
2005 284 2200 336 ἀκρίὸειαν.
2215 284 2326 328 'EQ-

1299 345 1477 383 πέστειλεν
1500 346 1621 392 αὐτὸν,
1640 344 1743 396 φησὶ,
1763 344 1889 396 Κύριος
1917 348 1935 383 ὃ
1963 344 2052 388 Θεὸς
2069 347 2109 383 ἐκ
2127 348 2186 383 τοῦ
2204 357 2328 397 παραέ

1301 405 1414 443 δείσου
1433 407 1497 452 τῆς
1515 408 1664 458 τρυφῆς,
1686 405 1891 458 ἐργάζεσθαι
1906 406 1968 454 τὴν
1987 411 2051 459 γῆν
2069 406 2104 451 ἐξ
2118 401 2160 453 ἧς
2179 407 2326 458 ἐλήφθη.

1300 465 1390 504 Ἰδοὺ
1406 466 1469 510 τὰς
1488 466 1679 518 ἀποφάσεις
1703 469 1807 505 αὐτοῦ
1833 469 1880 511 εἰς
1898 467 1996 521 ἔργον
2024 468 2119 520 ἄγει,
2136 468 2196 506 καὶ
2215 470 2253 506 ἐκ
2269 470 2330 505 τοῦ

1303 527 1520 580 παραδείσου
1539 529 1603 572 τῆς
1616 530 1749 580 τρυφῆς
1769 527 1946 579 ἐξαγαγὼν
1963 529 2168 580 ἐργάζεσθαι
2186 527 2249 575 τὴν
2264 531 2331 579 γῆν

1301 589 1404 626 αὐτὸν
1420 593 1532 636 ποιεῖ,
1548 586 1583 631 ἐξ
1602 581 1644 633 ἧς
1661 587 1805 638 ἐλήφθη.
1830 588 1901 625 Καὶ
1920 590 1986 639 οὐχ
2004 589 2123 631 ἁπλῶς
2144 582 2250 636 εἶπεν,
2265 588 2330 632 Ἐξ

1299 644 1341 695 ἧς
1356 650 1488 700 ἐλήφθη
1504 665 1511 673 ·
1532 651 1608 688 ἀλλ’
1626 649 1683 689 ἵνα
1711 650 1854 695 διηνεκῆ
1875 649 1940 696 τὴν
1960 649 2157 700 ὑπόμνησιν
2176 650 2240 702 ἔχῃ
2264 653 2329 695 τ-’ῆς

1299 710 1614 763 ταπεινοφροσύνης
1645 709 1708 757 τὴν
1743 709 1922 762 ἐργασίαν,
1943 710 2003 748 καὶ
2036 709 2163 749 εἰδέναι
2193 710 2258 762 ἔχῃ
2284 713 2332 754 ὡς

1299 774 1428 811 ἐκεῖθεν
1444 774 1537 824 αὐτῷ
1553 775 1575 818 ἦ
1599 771 1762 814 σύστασις
1774 800 1783 818 ,
1801 771 1861 809 καὶ
1876 773 1898 816 ἡ
1919 770 2019 810 οὐσία
2037 775 2096 810 τοῦ
2112 771 2275 822 σώματος
2291 773 2335 809 ἐκ·

1298 836 1361 880 τῆς
1380 836 1444 885 γ’ῆς
1463 832 1496 878 ἐξ
1517 836 1628 886 ἀρχῆς
1647 831 1852 883 γεγένηται·
1883 831 2032 879 ἐκείνην,
2052 831 2170 884 φησὶν,
2185 831 2330 883 ἐργάζε-

1301 897 1380 932 σθαι
1399 893 1462 941 τὴν
1481 897 1546 946 γῆν
1557 924 1567 942 ,
1588 893 1622 939 ἐξ
1640 888 1682 940 ἧς
1700 893 1760 931 καὶ
1775 893 1876 937 αὐτὸς
1888 892 2048 940 συνέστη.
2063 895 2180 932 Τοῦτο
2191 893 2258 945 γὰρ
2271 893 2332 931 καὶ

1300 956 1334 993 ἐν
1355 958 1397 1006 τῇ
1419 954 1595 1007 ἀποφάσει
1615 954 1747 1007 ἔλεγεν,
1765 953 1827 993 Ἐν
1843 955 1971 1031 ἱδρῶτι
1983 959 2042 993 τοῦ
2061 954 2248 1007 προσώπου
2271 971 2332 993 σου

1300 1014 1395 1067 φάγῃ
1423 1015 1482 1054 τὸν
1504 1015 1608 1067 ἄρτον
1637 1031 1710 1054 σου.
1731 1016 1784 1054 'lb
1816 1015 1899 1054 αὐτὸ
1917 1015 2031 1053 τοίνυν
2062 1015 2122 1053 καὶ
2150 1031 2210 1054 νυν
2238 1015 2333 1067 λέγει

1301 1074 1358 1112 διὰ
1377 1077 1437 1114 τοῦ
1465 1077 1597 1123 εἰπεῖν,
1625 1070 1860 1128 Ἐργάζεσθαι
1889 1075 1952 1122 τὴν
1967 1079 2032 1127 γῆν
2058 1076 2093 1121 ἐξ
2117 1071 2159 1122 ἧς
2185 1075 2331 1127 ἐλήφθη·

1299 1128 1413 1183 Εἶτα,
1430 1134 1487 1173 ἵνα
1518 1135 1685 1186 μάθωμεν
1704 1135 1804 1188 πόσῳ
1823 1135 2038 1209 διαστήματι
2058 1136 2158 1174 αὐτὸν
2173 1135 2334 1174 ἀπώκισε

1301 1198 1360 1234 τοῦ
1397 1195 1633 1249 παραδείσου,
1666 1195 1727 1234 καὶ
1759 1210 1859 1234 τουτο
1890 1194 2047 1233 διδάσκει
2073 1199 2167 1246 ἡμᾶς
2197 1199 2219 1241 ἦ
2258 1195 2333 1233 θεία

1301 1255 1426 1309 Γραφὴ
1459 1255 1630 1307 λέγουσα·
1661 1255 1732 1295 Καὶ
1769 1255 1909 1300 ἐξέὸαλε
1940 1255 2066 1309 Κύριος
2098 1258 2117 1293 ὁ
2154 1255 2243 1298 Θεὸς
2275 1255 2335 1293 τὸν

1301 1316 1433 1367 Ἀδὰμ,
1462 1317 1523 1355 καὶ
1554 1316 1748 1368 κατῴκισεν
1772 1316 1874 1354 αὐτὸν
1897 1315 2063 1355 ἀπέναντι
2084 1319 2143 1355 τοῦ
2165 1314 2334 1367 παραδεί-

1303 1394 1364 1418 σου
1383 1378 1448 1424 τῆς
1474 1381 1618 1430 τρυφῆς.
1636 1377 1770 1415 Σκόπει
1797 1380 1873 1421 πῶς
1892 1377 2037 1416 ἕκαστον
2061 1379 2130 1415 τῶν
2144 1377 2335 1428 γινομένων

1302 1440 1371 1478 ὑπὸ
1385 1442 1445 1478 τοῦ
1465 1443 1579 1478 κοινοῦ
1602 1438 1782 1477 Δεσπότου
1804 1438 2066 1491 φιλανθρωπίας
2091 1438 2252 1480 ὑπόθεσις
2272 1432 2335 1485 ἦν,

1302 1500 1362 1538 καὶ
1377 1501 1525 1540 ἕκαστον
1541 1499 1715 1552 ’τιμωρίας
1734 1493 1823 1543 εἶδος
1842 1499 2054 1551 ἀγαθᾶτητος
2074 1499 2173 1551 γέμει
2191 1501 2336 1545 πολλ’ῆς.

1301 1562 1354 1600 Οὐ
1373 1560 1441 1613 γὰρ
1466 1560 1506 1600 τὸ
1533 1560 1694 1598 ἐκὸαλεῖν
1712 1560 1815 1611 μόνον
1831 1559 2092 1612 φιλανθρωπίας
2115 1560 2176 1598 καὶ
2205 1560 2333 1611 ἀγαθό-

1302 1635 1404 1668 τητος
1424 1615 1484 1667 ἧν*
1509 1619 1599 1659 ἀλλὰ
1618 1620 1679 1659 καὶ
1697 1621 1737 1659 τὸ
1763 1620 1931 1659 ἀπέναντι
1953 1625 2013 1659 τοῦ
2043 1619 2256 1673 παραδείσου
2276 1623 2334 1671 ἐγ-

1303 1679 1502 1719 κατοικίσαι
1535 1680 1649 1728 αὐτὸν,
1670 1679 1727 1717 ἵνα
1758 1679 1980 1718 ἀδιάλειτπον
2000 1679 2124 1725 ὀδύνην
2145 1679 2227 1731 ἔχῃ,
2255 1683 2333 1717 καθ’

1304 1740 1455 1788 ἑκάστην
1483 1739 1620 1791 ἡμέραν
1648 1739 1958 1791 ἀναλογιζόμενος,
1989 1734 2069 1778 οἵων
2101 1739 2339 1783 ἐκπεπτωκὼς

1305 1802 1352 1844 εἷς
1370 1800 1443 1839 οἵαν
1462 1800 1583 1839 ἑαυτὸν
1604 1799 1818 1838 κατάστασιν
1837 1800 1982 1851 ἤγαγεν.
2006 1799 2099 1839 Ἀλλ7
2118 1798 2213 1851 ὅμως
2230 1801 2259 1837 εἷ
2276 1799 2336 1837 καὶ

1304 1860 1426 1907 ὀδύνην
1444 1860 1617 1913 ἀφόρητον
1648 1863 1670 1906 ἦ
1694 1858 1756 1897 θέα
1784 1853 1890 1911 εἶχεν,
1925 1861 2001 1897 ἀλλ’
2023 1862 2061 1897 οὗ
2095 1866 2222 1913 μικρᾶς
2247 1861 2336 1912 ὠφε-

1304 1921 1398 1965 λείας
1416 1919 1575 1964 ὑπόθεσίς
1600 1923 1674 1959 ἐστι
1688 1950 1698 1968 ,-
1714 1919 1775 1958 καὶ
1808 1920 1894 1972 πρὸς
1911 1920 1951 1957 τὸ
1981 1919 2058 1966 ἐξῆς
2089 1920 2263 1972 ἀσφάλεια
2285 1923 2337 1972 τῷ

1306 1982 1546 2034 ὀδυνωμένῳὴ
1571 1981 1719 2033 συνεχὴς
1746 1980 1806 2019 θέα
1836 1980 1990 2031 ἐγίνετο,
2019 1981 2105 2033 πρὸς
2123 1981 2163 2018 τὸ
2189 1979 2239 2030 μὴ
2265 1986 2338 2024 τοῖς

1307 2044 1421 2087 αὐτοῖς
1445 2043 1550 2081 πάλιν
1573 2043 1674 2081 αὐτὸν
1694 2047 1907 2094 περιπεσεῖν.
1931 2041 2002 2079 Καὶ
2029 2041 2096 2092 γὰρ
2126 2044 2173 2084 ὡς
2205 2041 2263 2079 ἐπὶ
2297 2041 2340 2078 τὸ

1307 2104 1468 2142 πλεῖστον
1501 2106 1564 2148 τῆς
1597 2102 1816 2154 ἀνθρωπίνης
1836 2101 1970 2153 φύσεως
1987 2105 2139 2139 τοιοῦτον
2167 2102 2207 2140 τὸ
2240 2101 2336 2145 ἔθος·

1307 2164 1446 2202 ἐπειδὰν
1464 2163 1532 2237 γὰρ
1552 2164 1586 2200 ἐν
1607 2161 1798 2200 ἀπολαύσει
1821 2164 1888 2198 τῶν
1910 2163 2048 2212 ἀγαθῶν
2069 2161 2164 2204 ὄντες
2184 2161 2260 2211 θμὴ
2284 2164 2337 2199 εἷ-

1309 2224 1422 2273 δῶμεν
1443 2226 1560 2266 αὖτσίς
1581 2225 1775 2273 κεχρῆσθαι
1792 2221 1936 2265 δεόντως
1948 2251 1958 2269 ,
1973 2224 2016 2273 τῇ
2029 2234 2222 2274 στερησει
2205 2221 2337 2260 τούτων

1311 2283 1610 2336 σωφρονιζόμεθα,
1630 2282 1689 2320 >αὶ
1716 2282 1795 2320 τότε
1824 2281 1881 2320 διὰ
1907 2298 1970 2328 της
2001 2282 2124 2334 πείρας
2142 2280 2338 2333 ὴμαθόντες

1310 2344 1469 2390 αἴσθησιν
1489 2343 1714 2394 λαμὸάνομεν
1729 2358 1791 2389 της
1810 2342 1937 2386 οἰκείας
1960 2342 2149 2396 ῥαθυμίας,
2168 2359 2227 2381 και
2246 2343 2338 2382 οὕτω

1310 2398 1367 2442 διὲι
1386 2406 1448 2449 τῆς
1481 2407 1549 2441 τῶν
1570 2403 1789 2454 πραγμάτων
1820 2404 2016 2453 μεταὸολᾲς
2037 2403 2270 2454 διδασκόμεθα
2289 2404 2338 2442 τί-

1309 2481 1374 2502 νων
1391 2464 1452 2515 μὲν
1473 2463 1698 2515 ἐξεπέσαμεν,
1717 2461 1792 2502 τίσί
1811 2463 1846 2501 δὲ
1869 2470 1988 2507 κακοῖς
2011 2463 2151 2507 ἑαυτοὺς
2164 2464 2338 2516 περιεπεί-

1311 2540 1430 2599 ραμεν.
1445 2524 1555 2562 ζΏστε
1570 2524 1630 2562 καὶ
1649 2524 1688 2562 τὸ
1701 2523 1849 2571 πλησίον
1869 2524 1929 2562 και
1952 2524 2119 2562 ἀπέναντι
2135 2529 2194 2563 τοῦ
2216 2540 2336 2577 παρα-

1309 2586 1422 2624 δείσου
1438 2585 1631 2637 προστάξαι
1660 2590 1832 2624 κατοικεῖν
1858 2586 1914 2623 τὸν
1939 2588 2070 2641 ἐκεῖθεν
2088 2585 2338 2624 ἐκπεπτωκότα

1311 2647 1476 2699 μεγίστης
1493 2645 1701 2696 κηδεμονίας
1729 2651 1872 2697 σημεῖον
1893 2650 1954 2694 ἠν,
1976 2662 2029 2684 ινα
2055 2659 2115 2684 και
2133 2646 2198 2691 τὴν
2217 2648 2256 2684 ἐκ
2274 2661 2337 2690 της

1311 2707 1389 2751 θέας
1416 2708 1611 2758 υπόυινησιν
1632 2706 1695 2758 ὲχῃ
1710 2736 1719 2753 ,
1749 2722 1808 2744 και
1827 2709 1886 2744 τοῧ
1909 2709 2061 2744 ἐντευθεν
2093 2705 2272 2758 κέρδους
2253 2717 2337 2743 απο-

1308 2769 1410 2819 λαύῃ,
1424 2768 1482 2806 καὶ
1496 2768 1582 2818 μηδὲ
1599 2770 1696 2805 ἐπιθυ
1702 2767 1784 2816 μίαν
1802 2770 1864 2812 τῆς
1880 2765 2062 2819 φιλοζωίας
2073 2766 2179 2818 ἔχων,
2197 2766 2258 2803 καὶ
2272 2765 2336 2810 ἔξω

1307 2828 1502 2880 τυγχάνων,
1522 2827 1773 2878 κατατολμήσῃ
1795 2829 1856 2872 τῆς
1875 2830 1934 2864 τοῦ
1958 2826 2056 2870 ξύλου
2079 2826 2252 2878 βρώσεως.
2274 2825 2336 2869 Ὡς

1307 2888 1375 2940 γὰρ
1392 2889 1477 2939 πρὸς
1505 2887 1568 2933 τὴν
1598 2886 1817 2938 ἀνθρωπίνην
1838 2887 2016 2925 ἀσθένειαν
2038 2886 2336 2938 συγκαταὸαίνου-

1306 2964 1353 2988 σα
1376 2948 1516 2986 ἅπαντα
1532 2947 1728 2999 διαλέγεται
1748 2950 1833 2997 ἡμῖν
1851 2950 1872 2993 ἡ
1893 2947 1967 2984 θεία
1984 2947 2119 2999 Γραφή.
2144 2947 2214 2985 Καὶ
2237 2947 2336 2992 ἔταξε

1306 3009 1350 3046 τὰ
1375 3008 1554 3060 Χερουὸὶμ
1573 3008 1632 3046 καὶ
1655 3008 1718 3055 τὴν
1734 3007 1899 3059 φλογίνην
1917 3008 2088 3059 ῥομφαίαν
2102 3008 2165 3055 τὴν
2186 3023 2335 3060 στρεφο-

1308 3069 1414 3119 μένην
1443 3068 1631 3120 φυλάσσειν
1650 3068 1738 3114 ετὴν
1767 3068 1897 3106 εἴσοδον
1920 3073 1978 3106 τοῦ
2006 3068 2105 3112 ξύλου
2136 3072 2199 3115 τῆς
2231 3071 2331 3114 ζωῆς.

1366 3194 1378 3207 0
1396 3183 1457 3215 Alii
1475 3189 1526 3222 τὴν
1542 3186 1617 3218 ὀδόν.
1634 3179 1766 3216 Ibidem
1782 3182 1884 3217 Saxil.
1907 3191 1941 3216 et.
1956 3182 2092 3226 quidam
2108 3183 2183 3215 Mss-
2203 3191 2255 3220 τῆς
2269 3188 2330 3229 ῥᾳ-

1322 3240 1427 3277 θυμίας
1453 3239 1574 3273 αὐτοὺς,
1588 3241 1621 3273 ἢν
1638 3239 1711 3277 ἤδη,
1724 3247 1824 3278 quam
1847 3234 2023 3267 lectionem
2049 3234 2102 3266 illc
2119 3235 2192 3277 jure
2217 3246 2331 3276 suspe-

1319 3295 1408 3318 ctam
1427 3285 1527 3319 habet
1542 3294 1576 3319 et
1594 3286 1765 3319 restituere
1782 3295 1922 3319 conatur
1937 3288 1970 3318 in
1985 3285 2208 3318 notis.Morel.
2224 3294 2256 3318 et
2273 3287 2327 3317 alii

1316 3345 1332 3376 ἠ
1349 3344 1483 3384 ῥᾳθυμία
1500 3342 1612 3376 αὐτοῖς.
1631 3345 1663 3376 ἢν
1679 3342 1733 3377 ἤδη
1746 3366 1753 3379 ,
1769 3337 1906 3380 optime.
1920 3337 2011 3370 Infra
2028 3337 2130 3372 Savil.
2141 3346 2174 3370 et
2189 3337 2325 3381 quidam

1314 3391 1387 3423 Mss.
1402 3395 1641 3433 ἀποτειχισθζνκῑ
1660 3394 1738 3432 αὐτῷ
1757 3396 1809 3428 τὴν
1827 3393 1948 3424 εἴη-ἶφι-
