2516 3791
183 1069 277 1097 David
298 1080 311 1097 a

324 154 417 214 878
745 167 782 198 s.

323 265 541 303 quamquam
559 251 590 289 is
611 264 750 302 quoque
767 250 835 288 fuit
853 247 1050 287 admodum
1076 244 1224 283 humilis
1242 252 1275 281 ct

324 321 518 352 contemtus
536 329 542 351 :
562 325 674 363 neque
688 311 787 349 nudo
812 309 1035 362 simplicique
1052 305 1194 345 nomine
1213 304 1274 343 de-

322 375 498 427 signavit,
534 374 595 413 sed
622 373 807 426 dignitatis
837 382 870 410 et
900 369 1120 423 principatus
1152 366 1270 405 titulo.

322 437 447 487 Usque
468 434 554 474 adeo
576 448 707 487 purum
729 434 774 471 ab
793 432 888 470 omni
911 429 1159 469 malevolentia
1179 442 1275 480 gere-

322 497 385 535 bat
412 497 584 535 animum.
615 494 765 533 Proinde
796 503 835 531 tu
869 506 1009 544 quoque
1022 521 1034 542 ,
1069 490 1248 529 carissime
1260 520 1271 541 ,

322 558 419 596 hune
433 558 588 605 imitans,
602 555 692 594 illud
707 555 742 593 in
755 554 882 608 primis
893 553 1036 604 discito,
1048 568 1090 591 ne
1103 567 1272 605 umquam

323 619 508 657 inimicum
522 616 654 656 odiosis
668 616 892 665 nominibus,
907 614 968 654 sed
984 614 1191 653 honorificis
1210 628 1273 667 po-

324 678 393 716 tius
419 676 586 730 appelles.
608 675 751 714 Etenim
770 675 799 714 si
819 689 856 714 os
876 673 1070 713 assueverit
1102 687 1184 712 eum
1212 673 1272 724 qui

324 738 411 777 laesit
429 738 575 777 honoris
594 737 825 788 obsequiique
852 736 1056 775 nominibus
1076 734 1274 787 appellare,

322 801 461 839 animus
487 800 563 838 haec
584 799 733 838 audiens
751 813 772 837 a
791 799 913 851 lingua
941 797 1069 836 doctus
1088 811 1158 835 non
1177 797 1275 835 refu-

323 861 393 912 giet
412 875 492 900 cum
509 861 571 900 illo
591 861 708 899 redire
727 861 762 898 in
783 862 946 912 gratiam.
960 859 1054 897 Nam
1074 858 1150 911 ipsa
1167 858 1275 897 verba

322 922 520 961 remedium
549 931 652 960 crunt
674 921 849 974 optimum
872 920 1001 959 ulceris
1033 919 1069 958 in
1095 919 1202 958 eorde
1220 928 1276 957 tu-

323 984 518 1023 mescentis.

376 1046 411 1083 7.
430 1045 514 1084 Haec
543 1059 636 1083 nunc
664 1044 833 1096 loquutus
861 1057 962 1093 sum,
991 1056 1061 1081 non
1079 1050 1217 1080 tantum
1239 1051 1277 1080 ut

125 1111 208 1138 nohis
243 1106 508 1144 imi-laudemus
526 1105 722 1154 Davidem,
741 1104 803 1144 sed
828 1113 867 1142 ut
885 1103 1094 1142 aemulemur
1118 1117 1272 1155 quoque.

125 1153 239 1180 tandus.

324 1167 424 1205 Hanc
445 1168 555 1219 igitur
574 1167 758 1206 historiam
779 1167 816 1204 in
836 1180 899 1204 suo
918 1165 1068 1216 quisque
1085 1164 1191 1203 corde
1207 1165 1275 1203 sibi

321 1227 491 1281 depingat
505 1260 513 1274 ‚
533 1227 828 1281 contemplatione
839 1227 950 1266 veluti
965 1240 1073 1264 manu
1087 1225 1229 1264 assidue
1239 1226 1275 1264 in

323 1299 438 1328 mente
475 1290 655 1328 delineans
696 1290 902 1342 speluncam
934 1288 1035 1326 illam
1068 1287 1275 1340 duplicem,

321 1349 442 1401 ipsum
475 1348 619 1387 Sa'ulem
657 1349 753 1386 intus
790 1346 1026 1385 dormientem
1043 1375 1054 1396 ,
1088 1360 1278 1397 somnoque

319 1409 470 1461 perinde
490 1418 529 1447 ut
549 1418 670 1447 catena
689 1409 847 1447 vinctum
861 1438 872 1457 ,
894 1408 969 1460 ejus
983 1421 1088 1458 quem
1111 1407 1277 1459 gravissi-

321 1484 378 1509 me
395 1471 532 1508 laeserat
557 1470 692 1508 dextrae
712 1469 933 1521 subjectum;
953 1467 1072 1507 David
1087 1468 1276 1506 imminen-

320 1541 391 1570 tem
416 1531 607 1569 dormienti
623 1561 632 1579 ,
650 1539 836 1583 praesentes
855 1530 1006 1577 milites,
1025 1539 1059 1567 et
1077 1529 1123 1567 ad
1143 1529 1276 1568 caedem

321 1592 568 1642 adhortantes,
613 1592 757 1629 beatum
800 1590 903 1628 illum
942 1590 1273 1642 philosophantem,

323 1654 390 1692 hoc
417 1662 484 1703 cst,
513 1662 546 1690 et
566 1667 666 1691 suam
687 1660 720 1690 et
741 1651 887 1689 illorum
914 1651 1004 1689 iram
1029 1651 1274 1702 cohibentem,

323 1729 472 1767 eumque
490 1714 550 1766 qui
570 1723 644 1753 tam
668 1713 780 1751 multa
800 1712 1017 1765 peccaverit,
1037 1722 1275 1751 excusantem.

323 1777 422 1826 Haec,
440 1776 597 1827 inquam,
616 1789 686 1813 non
704 1774 819 1813 solum
839 1774 875 1812 in
894 1773 1014 1812 animo
1029 1772 1277 1826 depingamus,

322 1852 448 1876 verum
478 1837 586 1875 etiam
616 1836 652 1874 in
685 1836 907 1874 consessibus
927 1835 1019 1873 inter
1052 1849 1115 1873 nos
1136 1834 1279 1874 assidue

321 1899 508 1950 loquamur
527 1914 534 1934 ε
551 1898 614 1935 has
634 1897 733 1949 apud
749 1911 922 1943 uxorem,
944 1895 1008 1934 has
1029 1895 1128 1948 apud
1144 1896 1277 1935 liberos

322 1961 522 2011 frequenter
556 1973 767 1996 renovemus
785 1956 1014 1996 narrationes.
1040 1957 1184 1995 Etenim
1203 1957 1277 1996 sive

324 2022 368 2060 de
381 2035 462 2073 rege
479 2021 579 2072 loqui
596 2020 693 2059 voles
704 2050 716 2066 ,
734 2033 810 2058 ecee
823 2033 884 2057 rex
903 2035 911 2056 ε
929 2019 1004 2057 sive
1017 2018 1062 2057 de
1080 2018 1276 2068 militibus,

324 2082 398 2120 sive
422 2082 467 2120 de
489 2097 525 2120 re
544 2081 732 2130 familiari,
754 2080 829 2119 sive
847 2081 893 2118 de
913 2079 1068 2132 publicis
1090 2079 1277 2119 civilibus-

325 2158 393 2194 que
440 2143 588 2195 negotiis
602 2173 611 2191 ,
657 2141 796 2181 videbis
831 2142 868 2178 in
904 2140 1100 2193 Scriptnris
1136 2140 1278 2182 *horum

326 2205 485 2243 omnium
514 2218 680 2255 magnam
713 2203 863 2255 copiam.
886 2202 1102 2254 Hujusmodi
1126 2216 1276 2241 comme-

326 2265 537 2304 morationes
549 2265 744 2302 maximam
758 2264 910 2301 afferunt
921 2263 1124 2301 utilitatem.
1143 2264 1278 2316 Impos-

326 2327 429 2364 sibile
458 2335 510 2364 est
530 2325 644 2374 enim,
667 2324 907 2376 impossihile,
927 2324 1093 2374 inquam,
1110 2333 1184 2374 est,
1202 2326 1277 2362 ani—

326 2402 423 2425 mum
442 2388 477 2425 in
491 2385 700 2438 hujusmodi
718 2384 877 2423 historiis
895 2393 1115 2434 versantem,
1136 2398 1156 2422 a
1176 2384 1278 2437 cupi-

323 2449 497 2487 ditatibus
524 2448 695 2500 superari.
730 2447 828 2498 Ergo
855 2460 899 2484 ne
930 2455 1070 2499 tempus
1106 2446 1279 2485 inutiliter

324 2524 593 2560 consumamus,
615 2522 702 2548 neve
722 2508 835 2548 vitam
858 2517 1013 2546 nostram
1031 2508 1162 2546 frustra
1183 2517 1275 2546 tera-

323 2586 402 2609 mus
424 2572 459 2609 in
479 2571 584 2623 nugis
609 2570 739 2623 ineptis
758 2584 798 2608 ac
820 2569 1112 2622 supervacaneis,
1130 2570 1277 2608 fortium

320 2634 484 2672 virorum
502 2633 682 2671 discamus
702 2647 756 2670 res
776 2641 911 2684 gestas,
935 2646 975 2669 ae
993 2631 1038 2670 de
1059 2631 1116 2670 his
1137 2632 1278 2672 assidue

322 2694 550 2733 disseramus.
581 2692 689 2742 Quod
719 2693 748 2730 si
768 2692 847 2744 quis
867 2693 904 2730 in
935 2706 1099 2731 consessu
1123 2693 1276 2732 voluerit

320 2766 382 2794 aut
417 2756 461 2794 de
496 2755 727 2807 spectaculis,
763 2763 825 2792 aut
864 2753 909 2792 de
940 2768 1043 2792 cursu
1079 2768 1251 2806 equorum
1264 2785 1275 2805 ,

321 2826 382 2855 aut
413 2817 456 2855 de
488 2817 594 2854 rebus
622 2816 711 2854 nihil
741 2815 788 2852 ad
817 2825 850 2853 te
878 2815 1137 2868 pertinentibus
1166 2816 1275 2856 verba

322 2879 454 2923 faeere,
474 2878 519 2915 ab
540 2878 601 2915 illa
619 2876 766 2915 materia
790 2877 845 2914 fac
868 2891 950 2915 eum
977 2890 1142 2927 revoces,
1173 2886 1207 2916 et
1238 2877 1274 2916 in

322 2939 496 2991 ejusmodi
532 2939 767 2976 narrationem
795 2937 960 2988 inducas,
995 2952 1066 2989 quo
1101 2938 1208 2976 simul
1240 2948 1273 2978 et

320 3000 480 3054 purgatis
500 2999 645 3048 animis,
670 3008 703 3037 ct
719 2999 920 3051 voluptate,
943 3012 1022 3049 quae
1038 2999 1198 3050 periculo
1217 3013 1272 3038 ca-

320 3072 393 3100 reat
408 3093 416 3108 ‚
432 3061 596 3100 delectati
616 3090 626 3109 ,
642 3059 793 3110 denique
812 3059 879 3112 ipsi
901 3059 1003 3098 mites
1021 3074 1062 3097 ac
1077 3059 1272 3112 placabiles

319 3138 398 3176 erga
417 3131 561 3161 cunctos
577 3121 667 3158 male
679 3120 723 3157 dc
739 3120 840 3157 nolus
852 3120 998 3159 meritos
1016 3120 1099 3158 facti
1113 3150 1124 3170 ,
1146 3135 1191 3159 ex
1207 3121 1273 3160 hac

316 3185 390 3222 vita
411 3184 624 3235 migremus,
642 3182 676 3219 in
690 3181 808 3219 suun-0
828 3182 955 3219 saeculo
976 3181 1115 3219 nullum
1137 3182 1272 3220 haben-

313 3254 365 3282 tes
387 3244 591 3291 inimivum,
612 3242 702 3280 bona
720 3242 825 3279 etiam
843 3251 970 3280 mterna
991 3257 1268 3294 consequamur,

313 3305 424 3357 gratia
451 3314 482 3342 ct
502 3304 658 3342 bonitate
683 3302 827 3341 Domini
860 3304 968 3342 nostri
1002 3306 1084 3344 Jcsu
1117 3304 1269 3354 Christi,

311 3368 364 3404 rui
387 3367 496 3419 gloria
516 3366 549 3404 iu
568 3365 710 3404 sarcula.
735 3368 857 3403 Amen.

1290 1699 1337 1766 ⁷2⁹
1349 1717 1691 1768 πεπλημμεληκότος
1720 1716 2009 1769 ἀπολογούμενον.
2041 1718 2165 1755 Ταῦτα
2194 1715 2242 1767 μὴ
2270 1714 2374 1766 μόνον

821 165 998 197 JOANMS
1033 162 1274 194 CHRYSOST.
1313 161 1516 191 ARCHIEP.
1553 161 1910 190 cotNSTANTtNOP.

1350 243 1535 297 θεραπείαν
1551 243 1667 296 ἔχοντι
1682 245 1800 282 καλεῖν
1819 242 1876 281 τὸν
1889 242 2112 290 λελυπηκότα
2127 242 2290 294 ὀνόματι,
2308 245 2368 282 καὶ

1349 305 1527 344 ἀκούσασα
1547 308 1568 353 ἡ
1591 303 1686 357 ψυχὴ
1720 303 1818 357 παρὰ
1849 307 1912 351 τῆς
1947 302 2106 355 γλώττης
2135 304 2368 354 παιδευομένη

1348 366 1407 405 καὶ
1440 366 1681 417 συνεθιζομένη
1705 365 1931 410 καταδέξεται
1951 364 2015 411 τὴν
2042 364 2126 417 πρὸς
2155 362 2282 403 ἐκεῖνον
2307 381 2370 403 κα-

1347 427 1540 480 ταλλαγήν.
1571 427 1671 466 Αὖτὰ
1692 426 1760 479 γὰρ
1787 426 1830 465 τὰ
1863 426 2006 479 ῥήματα
2029 428 2093 472 τῆς
2122 427 2157 464 ἐν
2177 427 2220 477 τῇ
2243 425 2370 478 καρδία

1347 491 1543 542 φλεγμονῆς
1559 489 1657 528 ἔσται
1674 487 1858 542 φάρμακον
1878 488 2031 540 ἄριστον.

1404 1040 1526 1078 Ταῦτα
1559 1040 1683 1092 εἴρηκα
1705 1043 1775 1084 νῦν,
1809 1040 1874 1091 οὐχ
1904 1038 1961 1076 ἰ’να
1989 1037 2224 1089 ἐπαινέσωμεν
2255 1037 2371 1090 μόνον,

1351 1102 1426 1139 ἀλλ’
1458 1100 1514 1139 ἵνα
1540 1101 1599 1140 καὶ
1622 1100 1847 1152 ζηλώσωμεν.
1877 1100 2018 1148 Ταύτην
2047 1094 2104 1140 οῧν
2135 1099 2278 1143 ἕκαστος
2307 1100 2371 1147 τὴν

1313 1176 1324 1206 3
1349 1163 1503 1216 ἱστορίαν
1533 1163 1590 1202 ἐπὶ
1621 1167 1682 1210 τῆς
1712 1162 1857 1216 καρδίας
1882 1163 2107 1217 ζωγραφείτω
2134 1164 2196 1209 τῆς
2228 1164 2371 1210 ἑαυτοῦ,

1349 1224 1507 1278 καθάπερ
1523 1225 1616 1278 χειρὶ
1635 1231 1705 1269 τοῖς
1719 1227 1899 1277 λογισμοῖς
1921 1224 2130 1277 ὑπογράφων
2148 1225 2313 1270 διηνεκῶς
2333 1223 2374 1261 τὸ

1350 1286 1519 1333 σπήλαιον
1551 1287 1590 1326 τὸ
1622 1287 1777 1335 διπλοῦν,
1801 1287 1859 1326 τὸν
1887 1285 2004 1326 Σαοὺλ
2031 1285 2124 1324 ἔνδον
2143 1285 2373 1333 καθεύδοντα,

1348 1347 1407 1386 καὶ
1438 1348 1598 1400 καθάπερ
1631 1348 1750 1388 ἁλύσει
1775 1348 1844 1388 τινὶ
1872 1349 2052 1399 δεδεμένον
2083 1350 2133 1401 τῷ
2161 1347 2278 1399 ὕπνῳ,
2313 1347 2372 1385 καὶ

1350 1409 1575 1461 ὑποκείμενον
1594 1414 1637 1463 τῇ
1666 1410 1760 1463 δεξιᾷ
1787 1413 1847 1449 τοῦ
1880 1409 1924 1447 τὰ
1959 1409 2107 1460 μέγιστα
2138 1409 2370 1461 ἠδικημένου·

1349 1470 1407 1509 τὸν
1441 1472 1551 1510 Δαυὶδ
1583 1475 1760 1525 ἐφεστῶτα
1788 1471 2009 1520 καθεύδοντι,
2039 1470 2116 1514 τοὺς
2155 1469 2373 1522 στρατιώτας

1349 1533 1544 1586 παρόντας,
1565 1533 1624 1571 καὶ
1644 1533 1896 1586 παροξύνοντας
1921 1533 2006 1585 πρὸς
2025 1532 2160 1584 σφαγήν
2174 1547 2181 1556 ·
2211 1531 2269 1569 τὸν
2303 1547 2374 1581 μα-

1350 1594 1470 1647 κάριον
1487 1597 1614 1633 ἐκεῖνον
1631 1596 1905 1646 φιλοσοφοῦντα,
1931 1595 1990 1632 καὶ
2013 1594 2071 1632 τὸν
2090 1595 2214 1631 οἰκεῖον
2236 1591 2296 1630 καὶ
2315 1592 2372 1630 τὸν

1352 1655 1479 1694 τούτων
1500 1655 1604 1706 θυμὸν
1625 1655 1927 1703 καταστέλλοντα,
1946 1655 2007 1693 καὶ
2025 1654 2114 1707 ὑπὲρ
2137 1659 2196 1693 τοῦ
2219 1658 2374 1692 τοσαῦτα

1349 1778 1408 1816 ἐπὶ
1433 1781 1495 1825 τῆς
1517 1778 1666 1821 διανοίας
1686 1777 1888 1831 γράψωμεν,
1920 1777 2011 1816 ἀλλὰ
2037 1776 2098 1816 καὶ
2121 1780 2156 1816 ἐν
2186 1775 2374 1828 συνεδρίοις

1350 1838 1591 1892 διαλεγώμεθα
1628 1839 1714 1892 πρὸς
1744 1840 1914 1887 ἀλλήλους
1951 1841 2136 1886 διηνεκῶς·
2168 1842 2279 1876 ταῦτα
2312 1837 2374 1876 καὶ

1348 1901 1433 1953 πρὸς
1451 1907 1617 1953 γυναῖκα,
1639 1901 1700 1940 καὶ
1728 1902 1814 1954 πρὸς
1839 1900 1964 1940 παιδία
1983 1904 2136 1953 συνεχῶς
2154 1901 2372 1950 ἄνακινῶμεν

1349 1961 1393 2000 τὰ
1414 1963 1629 2014 διηγήματα.
1649 1962 1735 2002 Εἴτε
1757 1962 1825 2016 γὰρ
1845 1963 1926 2015 περὶ
1954 1962 2124 2015 βασιλέως
2153 1960 2374 2012 διαλέγεσθαι

1353 2023 1488 2074 βούλει,
1520 2023 1591 2063 ἰδοὺ
1624 2024 1804 2076 βασιλεύς·
1835 2024 1904 2063 εἴτε
1927 2023 2008 2077 περὶ
2037 2025 2272 2078 στρατιωτῶν,
2306 2022 2374 2061 εἴτε

1350 2084 1430 2136 περὶ
1446 2085 1576 2134 οἰκίας,
1594 2085 1663 2124 εἴτε
1680 2086 1760 2138 περὶ
1776 2087 1966 2125 πολιτικῶν
1989 2084 2221 2138 πραγμάτων,
2240 2084 2374 2132 πολλὴν

1350 2148 1384 2184 ἐν
1411 2153 1487 2191 ταῖς
1520 2148 1677 2200 Γραφαῖς
1710 2148 1787 2200 ὄψει
1812 2147 1941 2186 τούτων
1968 2146 2030 2194 τὴν
2059 2146 2233 2199 εὐπορίαν.
2251 2148 2374 2185 Ταῦτα

1352 2208 1520 2260 μεγίστην
1535 2208 1666 2261 ἔχειτὰ
1680 2209 1883 2261 διηγήματα
1897 2207 1960 2256 τὴν
1974 2208 2156 2260 ὠφέλειαν.
2177 2206 2373 2259 Ἀμήχανον

1350 2268 1441 2323 γὰρ,
1463 2269 1658 2322 ἀμήχανον,
1685 2269 1799 2322 ψυχὴν
1820 2272 1854 2308 ἐν
1869 2269 2012 2313 ταύταις
2035 2267 2272 2322 στρεφομένην
2299 2274 2374 2311 ταῖς

1351 2330 1530 2382 ἱστορίαις,
1542 2330 1730 2376 δυνηθῆναί
1741 2346 1823 2369 ποτε
1832 2333 2047 2384 κρατηθῆναι
2059 2332 2109 2382 τῷ
2119 2328 2305 2368 πάθει.Ἵν’
2317 2324 2374 2368 οἶν

1352 2390 1401 2442 μὴ
1422 2392 1535 2442 μάτην
1551 2392 1608 2430 τὸν
1628 2392 1748 2445 καιρὸν
1765 2393 1988 2443 δαπανῶμεν,
2004 2391 2092 2443 μηδὲ
2107 2393 2183 2444 εἰκῇ
2200 2389 2263 2438 τὴν
2283 2390 2373 2438 ζωὴν

1349 2454 1450 2503 ἡμῶν
1468 2453 1709 2504 ἀναλίσκωμεν
1729 2456 1776 2498 εἷς
1794 2452 1965 2506 φλυαρίας
1988 2453 2151 2505 ἀκαίρους
2169 2452 2229 2491 καὶ
2252 2468 2374 2504 περιτ-

1349 2514 1434 2561 τὰς,
1464 2515 1631 2566 μαθόντες
1661 2518 1730 2553 τῶν
1760 2515 1923 2567 γενναίων
1953 2516 2085 2568 ἀνδρῶν
2114 2514 2176 2559 τὰς
2209 2514 2374 2566 ἱστορίας,

1349 2580 1460 2614 ταῦτα
1482 2580 1634 2630 συνεχῶς
1660 2576 1922 2629 διαλεγώμεθα,
1947 2576 2007 2615 καὶ
2034 2576 2113 2628 περὶ
2132 2576 2274 2615 τούτων.
2299 2575 2373 2614 Κᾶν

1351 2639 1504 2689 βουληθῇ
1514 2655 1566 2682 τις
1582 2641 1650 2676 τῶν
1671 2637 1974 2692 συνεδρευόντωνῆ
1987 2638 2067 2690 περὶ
2080 2637 2245 2690 θεάτρων,
2257 2636 2280 2683 ἢ
2292 2637 2373 2688 περὶ

1349 2700 1581 2753 ἱπποδρομίας
1593 2730 1602 2748 ,
1621 2699 1644 2746 ἢ
1660 2700 1740 2752 περὶ
1760 2700 1978 2753 πραγμάτων
1997 2699 2093 2738 οὐδέν
2109 2714 2164 2737 σοι
2181 2699 2374 2753 προσηκόν-

1347 2776 1415 2798 των
1443 2761 1656 2808 ποιῆσασθαι
1679 2760 1792 2813 λόγον,
1813 2759 2005 2813 ἀπαγαγὼν
2033 2761 2134 2800 αὐτὸν
2161 2763 2223 2807 ’.ἧς
2247 2760 2373 2799 ὑποθέ-

1349 2838 1435 2867 σεως
1466 2821 1617 2871 ἐκείνης,
1648 2825 1696 2866 εἷς
1720 2822 1850 2869 ταύτην
1875 2821 2008 2873 ἔμὲαλε
2031 2821 2093 2869 τὴν
2115 2821 2287 2874 διήγησιν,
2316 2821 2375 2860 ἵνα

1349 2883 1408 2922 καὶ
1429 2882 1493 2930 τὴν
1508 2883 1624 2936 ψυχὴν
1641 2884 1912 2939 ἐκκαθάραντες,
1933 2883 1992 2922 καὶ
2009 2884 2134 2931 ἡδονῆς
2151 2883 2242 2934 μετὰ
2263 2884 2374 2936 ἀσφα-

1347 2945 1442 2989 λείας
1474 2945 1750 2994 ἀπολαύσαντες,
1776 2946 1835 2984 καὶ
1870 2944 2000 2998 πράους
2025 2944 2165 2988 ἑαυτοὺς
2193 2945 2374 2992 καταστή-

1349 3022 1471 3050 σαντες
1501 3007 1560 3044 καὶ
1587 3007 1738 3060 ἡμέρους
1763 3013 1833 3051 τοῖς
1858 3005 2090 3053 λελυπηκόσιν
2108 3006 2250 3054 ἅπασιν,
2268 3005 2375 3045 ἀπέλ-

1345 3070 1460 3118 θωμεν
1481 3069 1553 3106 ἐκεῖ
1579 3069 1710 3119 μηδένα
1730 3069 1866 3121 ἔχοντες
1888 3068 2023 3120 ἐχθρὸν,
2042 3066 2101 3105 καὶ
2130 3068 2199 3104 τῶν
2227 3066 2374 3104 αἰωνίων

1348 3129 1485 3180 ἀγαθῶν
1502 3129 1676 3182 τύχωμεν,
1691 3131 1809 3184 χάριτι
1827 3146 1886 3168 και
1907 3127 2149 3181 φιλανθρωπία
2166 3131 2226 3166 τοῦ
2245 3127 2372 3180 Κυρίου

1344 3192 1444 3242 ἡμῶν
1490 3191 1606 3239 Ἰησοῦ
1636 3193 1807 3245 Χριστοῦ,
1844 3186 1873 3244 ᾧ
1891 3195 1912 3238 ἡ
1945 3190 2026 3235 δόξα
2057 3192 2104 3234 εἰς
2128 3189 2206 3233 τοὺς
2232 3190 2370 3233 αἰῶνας.

1342 3253 1463 3303 ’Ay-722&
