2483 3791
690 143 733 173 IN
771 143 873 174 cAl‘.
912 143 975 175 ΙΙΙ.

112 224 174 272 τὴν
197 223 370 278 σωτηρίαν
390 225 454 273 τὴν
475 226 661 280 ἡμετέραν.
675 226 788 267 “Eine
807 227 875 280 γάρ
898 243 958 278 μοι
971 258 981 276 ,
1002 229 1030 266 εἷ
1052 229 1134 278 βου-

109 285 299 337 ληθείημεν
323 290 367 339 τῇ
394 294 553 342 προφορᾷ
587 290 656 327 τῶν
678 288 844 341 ῥημάτων
875 289 1135 335 κατακολουθῆ-

109 363 188 395 σαι,
211 346 270 385 καὶ
293 347 340 398 μὴ
371 351 571 401 θεοπρεπῶς
591 349 751 388 ἐκλαῧεῖν
782 349 826 388 τὰ
847 349 1039 401 λεγόμενα,
1060 352 1134 392 πῶς

109 410 147 447 οὗ
166 408 280 447 πολλὰ
296 409 416 462 ἕψεται
445 410 489 448 τὰ
516 410 644 458 ἄτοπα;
667 410 756 449 Ἰδοὺ
788 411 856 464 γὰρ
885 410 919 455 ἐξ
948 413 1052 449 αὐτοῦ
1073 414 1133 448 τοῦ

107 472 290 523 προοιμίου
311 476 378 511 τῶν
396 474 667 524 ἀνεγνωσμένων
679 474 931 525 σκοπήσωμεν.
948 473 1018 512 Καὶ
1028 473 1133 520 ἥκου-

107 547 171 571 σαν
185 563 194 580 ,
212 534 315 586 φησὶ,
331 538 394 582 τῆς
412 537 528 587 φωνῆς
551 534 678 587 Κυρίου
698 539 758 573 τοῦ
777 537 871 573 Θεοῦ
895 538 1131 588 περιπατοῦν-

105 610 162 638 τος
189 597 223 633 ἐν
243 597 294 647 τῷ
315 595 517 649 παραδείσῳ
532 597 572 635 τὸ
591 597 751 644 δειλινὸν,
775 596 835 635 καὶ
855 596 1063 649 ἐκρύῖησαν.
1085 594 1133 633 Τί

104 656 237 708 λέγεις;
258 660 276 695 ὁ
293 657 383 701 Θεὸς
402 664 607 711 περιπατεῖ,
629 657 689 696 καὶ
718 658 827 701 πόδας
845 658 940 709 αὐτῷ
956 655 1130 707 περιάψο-

104 733 192 769 μεν;
218 719 279 758 καὶ
306 720 402 759 οὐδὲν
437 720 568 772 ὑψηλὸν
596 722 636 758 ἐκ
663 720 784 758 τούτου
817 719 1042 768 ἐννοήσομεν;
1075 719 1128 755 Οὐ

101 788 287 832 περιπατεῖ
305 785 324 820 ὁ
343 780 452 825 Θεός·
474 781 522 832 μὴ
551 781 696 832 γένοιτο.
718 782 800 823 Πῶς
825 779 974 842 γὰρωᾶν,
995 781 1013 816 ὂ
1039 793 1129 816 παν-

99 848 210 894 ταχοῦ
235 842 356 893 παρὼν
382 842 442 880 καὶ
471 841 516 880 τὰ
548 841 665 879 πάντα
693 843 857 893 πληρῶν;
880 844 918 877 οὑ
939 843 956 878 ὁ
987 839 1127 891 οὐρανὸς

98 903 232 956 θρόνος,
251 907 273 950 ἡ
288 903 323 941 δὲ
337 906 382 955 γῆ
398 902 599 950 ὑποπόδιον,
611 896 707 946 οὗτος
723 904 773 954 τῷ
793 900 996 953 παραδείσῳ
1014 902 1126 951 ἐμπε-

99 965 271 1019 ριέχεται;
292 966 363 1005 Καὶ
382 965 434 1010 τίς
452 970 562 1005 ταῦτα
582 966 622 1003 ἂν
648 965 736 1004 εἴποι
762 967 830 1003 τῶν
851 968 929 1002 νοῦν
950 964 1100 1016 ἐχόντων
1112 981 1123 1012 ;

95 1027 144 1066 Τί
161 1022 218 1067 οὖν
234 1030 307 1067 ἐστι
321 1028 361 1068 τὸ
372 1059 382 1077 ,
397 1027 578 1066 Ἤκουσαν
599 1029 662 1073 τῆς
675 1029 791 1079 φωνῆς
807 1025 935 1078 Κυρίου
949 1029 1009 1064 τοῦ
1028 1028 1122 1064 Θεοῦ

95 1095 364 1143 περιπατοῦντος
383 1093 417 1129 ἐν
439 1092 490 1143 τῷ
519 1088 722 1143 παραδείσῳ
741 1087 780 1126 τὸ
807 1087 968 1136 δειλινόν;
987 1086 1122 1135 Αἴσθη-

92 1166 148 1190 σιν
182 1153 297 1195 αὐτοῖς
327 1151 492 1198 τοιαύτην
520 1151 699 1198 ἠὸουληθη
735 1155 944 1203 παρασχεῖν,
977 1148 1035 1188 ἵνα
1074 1150 1122 1192 εἰς

95 1212 246 1264 ἀγωνίαν
267 1213 391 1258 αὐτοὺς
410 1213 547 1266 ἐμῧάλῃ
562 1228 569 1235 ·
590 1212 608 1251 ὃ
622 1212 663 1260 δὴ
684 1212 745 1250 καὶ
759 1211 918 1264 ὶ’γε’γονε.
934 1214 966 1250 Τ
969 1211 1119 1259 οσαύτην

93 1273 162 1326 γὰρ
182 1274 283 1327 ἔσχον
311 1274 374 1322 τὴν
401 1274 576 1322 αἴσθησιν,
598 1277 646 1318 ὡς
666 1278 725 1312 τοῦ
757 1276 850 1313 Θεοῦ
880 1273 1122 1328 παραγενομέ-

93 1351 151 1374 νου
178 1336 389 1388 κρύπτεσθαι
410 1339 611 1389 ἐπιχειρεῖν.
631 1337 844 1383 Ἐπεισῆλθε
860 1335 928 1389 γὰρ
956 1339 976 1383 ἡ
997 1337 1117 1388 ἁμαρ-

92 1397 151 1435 τία
180 1397 240 1436 καὶ
269 1401 292 1444 ἡ
317 1397 535 1451 παράὸασις,
564 1397 623 1436 καὶ
655 1398 918 1445 κατεσκεδάσθη
950 1399 1065 1442 αὐτοῖς
1095 1401 1118 1444 ἡ

94 1458 255 1511 αἰσχύνη.
285 1458 331 1498 ‘O
360 1459 429 1511 γὰρ
457 1459 648 1504 ἀδέκαστος
679 1459 863 1507 δικαστὴς,
892 1459 932 1498 τὸ
966 1461 1120 1505 συνειδὸς

88 1519 200 1571 λέγω,
226 1520 558 1571 κατεξανιστάμενος
579 1523 728 1574 λαμπρᾷ
750 1524 792 1573 τῇ
814 1523 910 1573 φωνῇ
934 1521 1036 1568 ἐὸόα,
1057 1521 1117 1560 καὶ

90 1581 277 1635 κατηγόρει
295 1582 356 1620 καὶ
385 1582 535 1630 ἐδείκνυ,
555 1583 615 1621 καὶ
638 1582 766 1620 ὡσανεὶ
784 1582 853 1636 πρὸ
884 1585 954 1621 τῶν
983 1584 1114 1635 ὀφθαλ-

89 1647 165 1695 μῶν
186 1644 382 1697 ὑπέγραψεν
398 1647 511 1688 αὐτοῖς
524 1647 592 1682 τῶν
613 1644 880 1697 ἁμαρτημάτων
897 1645 937 1683 τὸ
957 1644 1112 1696 μέγεθος.

87 1703 157 1742 Διὰ
178 1708 278 1742 τοῦτο
300 1704 368 1756 γὰρ
395 1707 414 1742 ὁ
438 1704 680 1756 φιλάνθρωπος
699 1703 882 1752 Δεσπότης
901 1704 1032 1742 ἄνωθεν
1052 1705 1113 1743 καὶ

88 1766 128 1802 ἐκ
152 1764 344 1818 προοιμίων
363 1765 588 1803 διαπλάττων
607 1765 664 1804 τὸν
688 1765 881 1818 ἄνθρωπον,
896 1765 936 1804 τὸ
960 1766 1113 1809 συνειδὸς

88 1825 182 1878 αὐτῷ
211 1826 343 1864 ἐνέθετο
370 1826 563 1879 κατήγορον
591 1826 832 1872 ἀδιάλειπτον,
852 1829 1113 1878 παραλογισθῆ-

86 1900 143 1923 ναι
173 1887 221 1936 μὴ
256 1886 457 1937 δυνάμενον,
499 1885 587 1938 μηδὲ
619 1886 757 1933 ἀπάτην
797 1888 984 1938 ὑπομεῖναί
1013 1903 1110 1927 ποτε.

86 1947 191 1986 Ἀλλὰ
212 1947 277 1985 κᾶν
294 1948 427 1990 πάντας
444 1947 643 1999 ἀνθρώπους
662 1949 778 1986 λαθεῖν
797 1965 849 1991 τις
868 1948 1029 1996 δυνηθείη
1046 1949 1109 1997 τὴν

85 2009 260 2060 ἁμαρτίαν
283 2009 538 2061 ἐργασάμενος,
560 2010 620 2047 καὶ
641 2007 704 2055 τὴν
734 2010 861 2048 ἄτοπον
888 2010 1014 2063 πρᾶξιν
1034 2013 1110 2050 ἐπι-

83 2071 247 2118 τελέσας,
279 2073 406 2108 έκεῖνον
428 2071 486 2108 τὸν
515 2071 708 2123 κατήγορον
736 2073 852 2110 λαθεῖν
882 2075 920 2110 οὐ
943 2072 1108 2120 δύναται,

83 2132 174 2170 ἀλλὰ
205 2132 429 2183 περιέρχεται
462 2132 627 2178 διηνεκῶς
656 2133 758 2170 αὐτὸν
790 2132 884 2172 ἔνδον
916 2134 1007 2186 ἔχων
1029 2137 1108 2174 ἔνο-

79 2194 250 2244 γλοῧντα,
274 2191 543 2240 καταξαίνοντα,
573 2192 806 2243 μαστίζοντα,
835 2195 999 2234 οὐδέποτε
1025 2199 1107 2250 ἠρε-

80 2238 232 2304 μοῦντα,
253 2254 343 2292 ἀλλὰ
371 2253 431 2291 καὶ
460 2256 496 2292 ἐν
523 2253 638 2306 οἰκία,
660 2255 721 2293 καὶ
753 2257 788 2293 ἐν
819 2259 952 2310 ἀγορᾷ,
982 2258 1042 2296 καὶ
1067 2261 1103 2297 ἐν

78 2315 276 2368 συλλόγοις,
296 2315 357 2354 καὶ
376 2318 410 2354 ἐν
431 2314 586 2367 τραπέζῃ
601 2344 611 2362 ,
631 2316 691 2354 καὶ
709 2317 930 2366 καθεύδοντι,
947 2320 1007 2358 καὶ
1031 2321 1104 2358 δια-

76 2376 273 2430 νισταμένῳ
304 2375 556 2426 ἐπιτιθέμενον,
572 2375 632 2413 καὶ
653 2376 753 2425 δίκην
785 2380 1002 2418 ἀπαιτοῦντα
1031 2383 1101 2419 τῶν

74 2436 446 2488 πεπλημμελημένων,
475 2435 536 2475 καὶ
573 2439 632 2475 ὑπ’
665 2438 742 2491 ὄψιν
777 2440 908 2492 ἄγοντα
939 2442 1000 2481 καὶ
1032 2446 1101 2482 τῶν

75 2499 332 2549 ἡμαρτημένων
351 2498 414 2546 τὴν
435 2497 597 2546 ἀτοπίαν,
617 2499 677 2537 καὶ
704 2500 768 2549 τὴν
794 2503 968 2554 ἑπομένην
1005 2506 1100 2558 αὐτῷ

75 2559 233 2606 κόλασιν,
247 2561 308 2598 καὶ
330 2559 487 2612 καθάπερ
516 2560 632 2612 ἰατρὸς
664 2562 805 2615 ἄριστος
824 2566 862 2602 οὐ
881 2565 1031 2605 παύεται
1053 2567 1098 2606 τὰ

71 2624 155 2672 παρ’
175 2624 298 2661 ἑαυτοῦ
320 2623 491 2675 φάρμακα
509 2622 689 2668 ἐπιτιθείς·
708 2625 772 2663 κᾶν
791 2626 847 2679 ἴδῃ
874 2627 1100 2682 διακρουόμε-

70 2697 139 2730 νον,
157 2683 234 2722 οὐδὲ
252 2683 360 2728 οὕτως
379 2684 587 2736 ἀφίσταται,
610 2687 701 2725 ἀλλὰ
726 2689 869 2736 διηνεκῆ
889 2688 952 2737 τὴν
972 2691 1098 2742 ἐπιμέ-

70 2744 166 2782 λειαν
181 2751 347 2784 ποιεῖται.

426 2811 448 2820 m

1013 142 1177 175 GENES.

1158 539 1181 569 B

1144 1331 1169 1363 C

122 2806 237 2844 Τοῦτο
255 2806 323 2859 γὰρ
346 2809 448 2847 αὐτου
477 2809 614 2863 ςέργον,
642 2811 868 2851 ἀδιάλειπτον
898 2813 1095 2865 ὑπόμνησιν
1120 2827 1145 2860 Ε

68 2866 233 2917 εἰσάγειν,
250 2868 310 2906 καὶ
324 2868 373 2919 μὴ
391 2878 584 2924 συγχωρεῖν
604 2874 698 2925 αὐτῷ
713 2873 823 2921 λήθην
842 2874 927 2914 ποτὲ
946 2878 1095 2925 ποιήσα-

68 2930 149 2965 σθαι
171 2931 240 2966 τῶν
273 2931 521 2981 εἰργασμένων,
542 2934 618 2972 ἀλλ’
635 2936 692 2972 ὑπ’
711 2935 789 2987 ὄψιν
818 2939 913 2989 αὐτῷ
943 2938 1092 2988 τιθέναι,

65 2986 122 3026 ἵνα
138 2989 202 3027 κᾶν
219 2989 329 3042 ταύτγ·Ι
349 2993 594 3047 ὀκνηροτέρους
614 2998 707 3046 ἡμᾶς
729 2997 922 3049 ἐργάσηται
946 3000 1031 3053 πρὸς
1051 3002 1091 3040 τὸ

65 3055 137 3095 τοῖς
150 3052 267 3096 αὐτοῖς
286 3060 501 3105 περιπεσεῖν.
520 3056 565 3093 Εἰ
580 3055 648 3110 γὰρ
669 3057 729 3095 καὶ
740 3058 803 3106 τὴν
824 3061 978 3099 ἐντεῦθεν
993 3061 1091 3114 ἔχον-

107 3192 122 3208 ·
137 3181 200 3215 Alii
215 3189 240 3218 εἰ
255 3188 312 3227 μὲν
325 3191 383 3230 γὰρ
399 3190 628 3230 βουληθείημεν.

109 3236 126 3260 b
144 3235 244 3268 Savil.
277 3245 309 3269 et
337 3238 433 3270 inulti
459 3239 535 3272 Mss.
563 3248 689 3283 γέγονεν.
716 3245 817 3281 ἐπειδὴ
844 3249 904 3289 γὰρ
933 3247 1074 3283 τοιαύτην

1216 146 1374 178 uomit„
1414 148 1527 180 xvir.

2085 146 2173 212 159

1211 235 1262 266 tes
1283 228 1398 280 decet,
1428 246 1619 285 exponere,
1642 233 1717 285 dic,
1750 251 1884 288 quceso,
1915 254 2031 280 annon
2060 246 2173 285 multa

1209 289 1293 328 hinc
1311 303 1541 344 sequerentur
1558 295 1713 335 absurda
1729 298 1746 336 ἱ)
1765 298 1858 337 Ecce
1876 301 1971 340 enim
1991 307 2109 344 statim
2127 322 2172 347 cx

1210 349 1253 388 iis
1273 367 1351 403 qua:
1381 354 1559 408 principio
1577 356 1665 395 lecta
1688 368 1782 405 sunt,
1803 359 1870 398 hoc
1891 373 2048 414 spectare
2071 367 2168 406 licet.

1209 410 1246 447 Ε
1250 419 1262 448 ι
1280 413 1486 453 audierunt
1505 430 1639 454 vocem
1654 419 1819 456 Domini
1834 422 1911 459 Dei
1926 426 2170 465 ambulantis

1209 473 1249 508 in
1256 476 1442 524 paradiso
1455 478 1509 514 acl
1524 481 1737 526 meridiem,
1755 491 1791 519 et
1805 483 2059 525 delituerunt.
2069 487 2171 533 Quid

1207 532 1322 572 dicis?
1335 551 1379 574 an
1398 537 1604 578 deambulat
1623 542 1744 580 Deus?
1760 558 1804 581 an
1822 544 1929 596 pedes
1947 546 2016 599 ipsi
2035 549 2170 587 tribuc-

1207 608 1300 643 mus,
1323 606 1357 634 ct
1379 597 1425 636 de
1445 614 1485 638 eo
1510 601 1599 639 nihil
1624 603 1779 642 sublime
1799 605 2068 656 cogitabimus?
2087 611 2168 648 Non

1204 656 1365 695 ambulat
1387 661 1483 698 Deus
1501 677 1509 696 :
1527 662 1633 701 absit.
1669 665 1858 711 Quomodo
1880 668 1974 706 enim
1998 670 2164 710 ambula-

1205 725 1272 764 rct,
1295 719 1357 768 qui
1378 720 1512 771 ubique
1535 737 1691 774 praesens
1720 735 1783 775 cst,
1805 736 1838 764 ct
1857 729 1975 767 onmia
2006 731 2163 784 implet?

1202 777 1261 814 cui
1275 780 1403 817 caelum
1424 781 1586 832 thronus,
1597 793 1631 822 et
1651 794 1742 824 terra
1763 788 1973 837 scabellum,
1993 791 2113 843 ipsene
2127 794 2162 832 in
2180 803 2256 832 lsai.
2272 803 2323 834 66.
2337 813 2365 836 ι.

1201 837 1304 877 horto
1335 843 1564 882 continetur?
1587 845 1678 892 Quis
1708 848 1874 886 cordatus
1904 851 1972 889 hoc
1999 853 2161 894 diceret?

1200 900 1300 947 Quid
1327 902 1440 955 igitur
1468 915 1535 955 est,
1570 908 1797 948 Audieram
1826 925 1963 950 vocem
2001 916 2163 955 Domini

1200 962 1276 1000 Dei
1308 965 1600 1007 deambulantis
1635 972 1678 1007 in
1698 971 1810 1009 horto
1841 974 1896 1010 ad
1928 976 2128 1016 meridiem
2146 983 2163 1016 ἓ

1197 1024 1238 1062 In
1271 1039 1414 1065 sensum
1445 1030 1533 1067 mali
1573 1031 1655 1070 illos
1685 1031 1861 1072 deducere
1894 1035 2032 1084 voluit,
2054 1047 2093 1076 ut
2125 1039 2163 1078 in

1197 1099 1327 1138 magno
1347 1090 1475 1129 mentis
1495 1106 1626 1142 angore
1646 1095 1946 1135 constituerentur
1965 1113 1974 1134 ε
1999 1098 2038 1137 id
2065 1100 2163 1150 quod

1196 1156 1230 1185 ct
1260 1149 1396 1188 sactum
1429 1161 1493 1190 est.
1530 1154 1648 1193 Tanto
1688 1156 1866 1207 siqnidem
1900 1172 2005 1196 sensu
2041 1162 2161 1200 asseeti

1197 1220 1300 1260 sunt,
1320 1221 1360 1250 ut
1391 1227 1474 1251 cum
1504 1214 1706 1255 advenisset
1739 1219 1851 1267 Deus,
1872 1233 1948 1258 sese
1978 1222 2160 1262 occultare

1195 1273 1312 1312 conati
1342 1274 1426 1312 sint.
1462 1277 1554 1315 Mox
1583 1278 1677 1317 enim
1708 1288 1748 1317 ut
1779 1279 1927 1319 intravit
1951 1293 2155 1334 peccatum,

1194 1343 1228 1372 et
1247 1336 1512 1387 praevaricatio,
1533 1339 1651 1390 pudor
1671 1354 1712 1378 ac
1733 1341 1950 1380 verecundia
1981 1343 2064 1382 illos
2095 1345 2155 1383 in-

1194 1396 1299 1434 vasit.
1350 1397 1497 1451 Quippe
1527 1399 1645 1451 judex
1683 1401 1912 1456 incorruptus
1926 1434 1939 1455 ,
1973 1407 2158 1446 conscien-

1192 1457 1282 1496 tiam
1311 1457 1407 1506 dico,
1443 1474 1525 1498 cum
1559 1462 1733 1502 adversus
1766 1464 1948 1504 hominem
1985 1481 2156 1521 exsurge-

1191 1528 1257 1569 ret,
1269 1520 1365 1558 clara
1377 1535 1465 1559 voce
1479 1522 1668 1573 clamabat,
1681 1526 1871 1565 accusabat
1886 1537 1920 1566 et
1931 1529 2152 1583 ostendebat,

1190 1589 1226 1619 et
1251 1582 1354 1632 quasi
1372 1592 1453 1622 ante
1471 1585 1592 1623 oculos
1613 1586 1792 1625 scribebat
1813 1587 1900 1640 ipsis
1926 1599 2156 1642 peccatorum

1187 1643 1487 1694 magnitudinem.
1524 1645 1609 1684 Ideo
1638 1648 1731 1686 enim
1763 1649 1940 1701 benignus
1974 1652 2153 1692 Dominus

1185 1703 1365 1756 principio
1385 1719 1468 1744 cum
1486 1707 1657 1746 formaret
1677 1708 1874 1761 hominem,
1894 1713 2148 1753 conscientiam

1186 1762 1242 1800 illi
1265 1763 1399 1803 indidit
1414 1769 1667 1807 accusatricem
1686 1781 1911 1823 perpetuam,
1932 1788 2012 1824 quae
2030 1775 2150 1829 decipi

1185 1832 1219 1860 et
1238 1824 1418 1864 fallaciam
1436 1827 1526 1866 ferre
1541 1839 1659 1880 posset
1677 1845 1886 1882 numquam.
1906 1833 1953 1872 Et
1968 1835 2052 1874 licet
2069 1838 2149 1887 quis

1185 1882 1340 1923 admisso
1359 1897 1503 1938 peccato
1516 1918 1526 1937 ,
1549 1900 1823 1944 perpetratoque
1841 1894 1961 1945 aliquo
1990 1896 2149 1937 facinore

1183 1943 1310 1984 illicito
1323 1976 1334 1996 ,
1369 1962 1490 1987 omnes
1536 1950 1698 1991 homines
1746 1954 1854 2003 celet,
1887 1955 1988 1995 illam
2029 1967 2148 1999 tamen

1182 2009 1434 2048 accusatricem
1453 2025 1523 2050 non
1548 2015 1678 2065 poterit
1695 2015 1818 2066 latere,
1840 2017 1901 2056 scd
1921 2033 2148 2073 quocumque

1182 2068 1298 2119 abeat,
1318 2069 1420 2108 illam
1439 2083 1612 2125 perpetuo
1640 2075 1734 2113 intra
1752 2091 1789 2114 se
1807 2077 1914 2115 habet
1942 2079 2146 2120 obturban-

1180 2137 1267 2179 tem,
1285 2130 1493 2183 laniantem,
1527 2135 1784 2187 flagellantem,
1820 2153 2016 2191 numquam
2039 2143 2145 2193 quie-

1179 2199 1355 2229 scentem:
1372 2192 1435 2231 sed
1449 2203 1482 2231 et
1496 2193 1608 2245 domi,
1622 2205 1656 2234 et
1671 2197 1708 2235 in
1724 2198 1814 2248 foro,
1831 2210 1864 2238 et
1879 2200 1917 2238 in
1936 2202 2100 2253 coetibus,
2111 2213 2145 2242 et

1179 2250 1215 2289 in
1237 2266 1373 2304 mensa,
1390 2263 1423 2292 et
1441 2254 1728 2305 dormientem,et
1745 2270 1950 2312 surgentem
1962 2262 2142 2314 adoritur,

1176 2313 1350 2352 rationem
1373 2314 1590 2356 delictorum
1611 2320 1738 2372 exigit,
1760 2321 1878 2373 obque
1897 2324 2018 2362 oculos
2038 2326 2142 2377 ponit

1175 2383 1209 2412 et
1237 2374 1452 2416 delictorum
1491 2379 1727 2432 gravitatem,
1760 2392 1794 2421 et
1838 2384 2141 2437 subsequuturam

1175 2451 1337 2489 pomam,
1363 2448 1398 2478 et
1426 2441 1527 2492 quasi
1548 2443 1710 2482 medicus
1730 2445 1887 2498 optimus
1920 2461 1990 2486 non
2023 2459 2136 2488 cessat

1173 2512 1238 2537 sua
1256 2499 1514 2541 medicamenta
1533 2518 1732 2556 apponere:
1751 2516 1784 2546 et
1803 2507 1832 2545 si
1853 2509 1961 2547 semel
1979 2509 2137 2562 depella-

1173 2569 1244 2611 tur,
1254 2576 1370 2613 neque
1383 2563 1436 2602 sic
1449 2563 1600 2616 desistit,
1615 2568 1678 2605 sed
1694 2571 1899 2608 continuam
1915 2570 2133 2610 sollicitudi—

1172 2636 1254 2661 nem
1274 2623 1378 2675 gerit.

2203 1417 2364 1449 Conscien-

2172 1464 2209 1490 tia
2262 1466 2339 1492 inco:
2349 1484 2365 1489 -

2169 1515 2202 1533 ru
2209 1511 2274 1542 ptus
2305 1504 2341 1546 ju
2349 1526 2364 1531 -

2169 1547 2239 1577 dex.

1222 2821 1262 2857 9.
1285 2818 1363 2857 Hoc
1379 2819 1473 2858 enim
1493 2821 1714 2861 conscientiae
1738 2836 1829 2876 opus
1849 2834 1914 2876 est,
1936 2834 1976 2864 ut
1990 2827 2128 2880 jugiter
2157 2839 2335 2885 *Conscien-

1169 2880 1380 2918 memoriam
1408 2881 1563 2933 ingerat,
1593 2896 1658 2920 nec
1686 2885 1868 2936 permittat
1898 2901 2070 2939 umquam
2090 2891 2125 2930 in
2143 2885 2189 2908 ¹¹⁸²
2204 2890 2290 2919 09⁰⁵·

1168 2942 1345 2980 factorum
1363 2942 1582 2982 oblivionem
1603 2958 1666 2983 nos
1685 2946 1830 2985 venire:
1846 2948 1910 2987 sed
1934 2950 1982 2988 ob
2003 2952 2125 2992 oculos

1166 3012 1355 3056 proponat,
1376 3003 1426 3041 uti
1450 3004 1507 3043 vel
1532 3005 1599 3043 hac
1627 3007 1764 3046 ratione
1779 3023 1853 3047 nos
1880 3010 2055 3050 tardiores
2074 3015 2126 3052 sa-

1165 3063 1250 3115 ciat,
1271 3078 1314 3102 ne
1332 3064 1369 3102 in
1395 3064 1518 3103 cadem
1549 3076 1692 3119 peccata
1713 3069 1958 3122 prolabamur.
1984 3074 2078 3112 Nam
2093 3074 2125 3114 si

1106 3199 1231 3235 ἀνεξόα,
1250 3203 1285 3227 ct
1307 3206 1384 3227 mox
1400 3201 1648 3240 ἁμαρτηθέντων.

1155 3257 1168 3272 c
1185 3247 1328 3281 Savil.et
1345 3256 1424 3281 octo
1437 3249 1512 3282 Mss.
1531 3255 1617 3296 ἑζιγον
1629 3258 1664 3288 τὸ
1684 3256 1886 3296 ἀδιάλειπτον,
1898 3258 2070 3300 ὑπόμνησιν.
2082 3259 2122 3291 In

64 3291 160 3331 ἔσχον.
178 3288 255 3320 Mox
271 3287 370 3321 iidem
387 3298 646 3335 παραγενομένου,
660 3296 840 3339 κρύπτεσθαι
863 3301 1069 3341 ἐπιχειροῦσιν·
1108 3299 1223 3331 Mutet.
1244 3307 1277 3334 τὲ
1293 3298 1399 3334 deest.

60 3344 219 3379 επιιτῆλθε
234 3347 303 3386 γάρ.
328 3341 405 3374 Mox
431 3343 512 3386 Reg.
533 3355 614 3377 uuus
641 3349 886 3389 κατεσχεῑιόςθη.
911 3351 1003 3382 lnsra
1021 3350 1074 3382 alii
