2433 3775
999 190 1252 221 PREFATtO.
2073 189 2148 218 ΧΙΙΙ

106 289 225 322 totam
247 283 477 320 rusticorum
501 281 697 316 nationem
721 279 761 314 in
778 277 908 313 urbem
931 277 1144 326 ingressam
1168 283 1423 318 cerneremus,
1445 271 1513 308 hos
1530 269 1599 307 illo
1622 271 1830 307 instructos
1849 283 1872 305 a
1888 271 1995 308 nobis
2009 273 2154 309 viatico

102 345 322 382 censuimus
343 339 604 379 dimittendos.

157 405 240 442 Haec
259 402 376 442 omnia
405 401 597 453 diligenter
626 398 839 438 attendenda
867 407 948 436 sunt
967 414 974 435 :
994 397 1118 451 paucis
1147 395 1244 434 enim
1263 394 1542 446 Chrysostomus
1563 401 1615 429 sat
1639 392 1781 441 longam
1797 391 2008 428 concionum
2029 390 2155 428 seriem

103 465 207 515 texit,
225 474 331 516 atque
352 464 398 501 ita
419 462 591 514 loquitur,
610 471 649 499 ut
669 461 772 499 facile
791 460 836 498 sit
850 474 872 497 a
889 474 974 498 vcro
994 458 1135 497 tramite
1153 457 1332 501 aberrare,
1348 455 1416 493 nisi
1430 467 1557 505 magna
1572 452 1689 491 cautio
1704 451 1930 490 adhibeatur.
1960 453 2034 489 Vos
2054 455 2154 489 enim

92 528 272 580 sortasse
293 538 425 562 eorum
438 527 527 562 estis
548 523 672 568 obliti,
688 521 819 573 inquit,
839 535 963 559 eorum
979 518 1246 570 scilicetquaein
1260 515 1544 567 Quadragesima
1555 514 1784 553 concionatus
1801 521 1875 550 erat
1893 528 1900 549 :
1917 512 1961 550 de
1980 512 2052 549 illis
2063 512 2156 550 enim

109 587 183 639 agit
199 587 234 624 in
251 595 322 624 toto
343 585 467 638 primm
486 584 522 622 in
546 586 685 621 Annam
700 582 878 621 concionis
897 580 1065 628 exordi0;
1090 588 1194 630 atque
1212 577 1533 629 Quadragesimam
1555 576 1601 614 ita
1626 575 1788 628 proxime
1803 574 1959 627 elapsam
1979 573 2155 622 crederes,

107 647 136 685 si
149 648 224 699 ejus
246 646 340 684 dicta
362 655 399 682 ut
414 645 530 697 primo
546 652 736 696 conspectu
756 640 986 692 intelligenda
1006 639 1173 679 videntur
1188 639 1382 691 exciperes,
1396 647 1435 675 ut
1454 647 1598 690 putares
1617 650 1699 674 eum
1719 635 1764 673 de
1783 636 1944 673 hesterno
1966 634 2024 674 die
2044 634 2157 685 loqui,

105 708 169 745 etsi
197 708 342 758 longum
362 705 559 744 effluxisset
584 703 753 755 temporis
773 701 1015 749 intervallum,
1035 699 1274 738 hebdomades
1296 713 1421 751 nempe
1438 698 1598 748 quinque
1616 712 1635 735 a
1654 697 1837 745 l'ascliate,
1858 706 1899 734 ut
1920 711 2003 734 mox
2019 696 2160 735 videbi-

105 777 176 805 tur.
193 767 312 817 Pergit
329 767 604 818 Chrysostomus
621 779 628 798 ε
646 765 750 801 Nam
770 775 924 800 reverso
937 775 961 798 a
979 761 1194 813 longinqua
1207 761 1278 798 illa
1292 761 1605 811 peregrinatione
1619 767 1731 809 patre
1746 767 1888 804 nostro,
1904 761 2160 796 necessarium

99 831 179 880 suit
207 830 340 865 omnia
366 839 666 865 commemorare
688 838 773 875 quae
805 826 847 860 in
873 825 1059 861 comitatu
1094 822 1331 859 acciderant.
1354 819 1421 856 llic
1451 818 1644 856 certissime
1668 826 1765 854 uolat
1790 817 1984 855 llomiliam
2005 818 2092 855 xxl
2114 818 2160 856 ad

102 889 277 941 populum
300 886 694 932 Antiochenun1‚'l'0111.
716 887 755 932 Q,
772 899 809 937 p.
834 885 927 933 215,
948 898 1026 934 qua:
1045 892 1098 920 est
1118 890 1189 919 tota
1203 881 1248 919 de
1264 880 1381 918 reditu
1398 879 1574 926 Flaviani,
1589 877 1704 928 deque
1724 877 1950 915 reconciliata
1968 878 2160 916 Theodosii

105 949 332 1002 Imperatoris
358 962 440 986 cum
470 945 696 984 Antiochenis
718 945 844 997 gratia.
869 945 970 982 Hanc
989 958 1071 982 cum
1100 942 1333 981 Tillemontio
1352 949 1520 993 putamus
1541 939 1674 977 dictam
1693 939 1803 976 fuisse
1818 938 1893 990 ipso
1913 938 1971 976 dic
1992 940 2161 977 Resurre-

103 1007 230 1045 ctionis
244 1006 440 1045 Dominicae
456 1019 549 1043 anno
563 1004 653 1042 587.
671 1003 767 1041 Illud
782 1003 875 1041 enim
894 1003 997 1041 initio
1013 1003 1290 1054 Chrysus-tomus
1312 1002 1492 1054 signifieat
1509 1015 1592 1039 cum
1604 1000 1705 1050 dicit,
1717 1001 1950 1039 Benedictus
1964 1002 2083 1048 Deus,
2096 1005 2162 1054 qui

104 1070 207 1106 hanc
220 1070 419 1106 vobiscum
433 1080 587 1105 sacram
603 1066 879 1104 solennitatem
889 1078 975 1102 cum
989 1065 1132 1116 gaudio
1147 1075 1182 1104 et
1199 1066 1338 1103 laetitia
1351 1064 1476 1102 multa
1489 1064 1615 1109 hodie,
1628 1063 1796 1114 σήμερον,
1809 1062 2002 1100 celebrare
2016 1064 2160 1116 digna—

104 1139 165 1168 tus
179 1138 246 1167 est.
266 1128 385 1180 Pergit
400 1128 678 1179 Chrysostomus
695 1142 705 1162 .·
723 1126 786 1164 Ac
799 1127 941 1164 deinde
955 1139 1041 1163 cum
1051 1128 1261 1177 gentilibus
1272 1128 1471 1178 disputare
1483 1126 1498 1174 [
1511 1126 1677 1176 oportuit
1691 1126 1720 1173 ],
1733 1132 1773 1161 ut
1789 1124 1857 1161 hos
1870 1126 1913 1161 vi
1923 1124 2162 1162 calamitatis

103 1193 156 1229 ad
172 1192 366 1230 meliorem
378 1192 540 1243 frugem
559 1197 772 1231 revocatos,
794 1191 860 1240 qui
879 1189 1029 1226 deserto
1048 1189 1252 1239 gentilium
1273 1201 1402 1225 errore
1423 1200 1505 1224 sese
1524 1186 1578 1223 ad
1595 1198 1665 1222 nos
1682 1185 1944 1231 contulerant,
1960 1198 2032 1237 pro
2049 1185 2162 1222 virili

105 1254 440 1305 confirmaremus,
457 1264 503 1288 ac
523 1251 759 1296 doceremus,
774 1252 935 1301 quantis
957 1251 1121 1286 tenebris
1143 1249 1372 1295 liberati,ad
1388 1256 1540 1286 tantam
1559 1246 1683 1284 lucem
1695 1248 1875 1284 veritatis
1890 1249 2160 1284 accurrissent.

105 1314 241 1365 Nempe
261 1312 390 1350 diebus
414 1319 492 1362 post
512 1310 721 1348 Paschalem
746 1309 992 1347 solennitatem
1015 1308 1257 1359 sequentibus,
1282 1307 1430 1359 gentiles
1449 1307 1530 1344 illos
1556 1305 1768 1344 confirmare
1790 1314 1934 1343 conatus
1953 1314 2018 1353 est,
2039 1305 2100 1356 qui
2119 1320 2164 1343 ex

104 1373 304 1410 calamitate
323 1370 566 1418 Antioclienis,
583 1379 657 1408 tam
677 1370 871 1422 gentilibus
885 1384 994 1420 quam
1014 1369 1240 1419 Christianis,
1256 1369 1302 1406 ob
1321 1382 1462 1407 eversas
1481 1377 1615 1406 statuas
1629 1367 1743 1417 illata,
1759 1366 1806 1404 ad
1822 1366 2005 1406 meliorem
2023 1367 2164 1419 frugem

104 1433 274 1483 revocati,
293 1431 339 1470 ad
359 1431 601 1470 Christianam
619 1431 728 1469 fidem
743 1440 964 1469 accesserant
975 1445 986 1481 3
1004 1444 1047 1468 an
1060 1439 1180 1468 autem
1195 1444 1277 1479 una,
1288 1445 1331 1467 an
1346 1429 1512 1482 pluribus
1526 1428 1755 1467 concionibus
1772 1427 1811 1465 id
1832 1427 1955 1479 egerit,
1973 1427 2162 1465 incertum.

106 1493 176 1533 Sed
194 1494 269 1533 sive
296 1507 417 1542 unam,
439 1493 515 1532 sive
534 1493 669 1545 plures,
690 1492 809 1531 omnia
834 1492 1034 1530 amisimus.
1054 1493 1192 1531 Verum
1219 1490 1311 1528 hane
1324 1490 1503 1542 jacturam
1521 1498 1714 1540 utcumque
1735 1488 1843 1527 sarcit
1869 1489 2161 1541 Chrysostomus,

105 1555 168 1606 qui
185 1569 223 1593 ea
240 1568 319 1606 quae
338 1553 383 1593 ad
400 1554 548 1606 gentiles
566 1553 709 1592 dixerat
730 1553 767 1592 in
788 1554 856 1591 liae
875 1553 1037 1602 homilia,
1057 1566 1120 1590 nec
1137 1551 1239 1591 brevi
1255 1565 1415 1590 sermone
1434 1550 1580 1604 repetit,
1596 1550 1781 1603 subjungit
1800 1558 1921 1602 postea
1943 1550 2162 1603 Chrysosto—

102 1630 185 1655 mus
207 1632 214 1652 :
235 1618 332 1654 Post
352 1617 424 1654 illa
444 1629 596 1654 rursum
619 1616 752 1654 multis
774 1616 909 1653 diebus
937 1623 1161 1653 sanctorum
1170 1615 1396 1667 festivitate
1427 1615 1542 1664 potiti
1567 1625 1713 1653 sumus,
1739 1626 1861 1664 neque
1881 1615 2046 1664 campori
2067 1626 2163 1650 con-

110 1681 266 1716 veniens
273 1678 423 1730 suisset
442 1691 506 1716 eos
525 1680 591 1731 qui
607 1680 650 1715 in
665 1678 849 1729 sepulcris
868 1686 1090 1726 martyrum
1110 1683 1374 1721 versarentur,
1394 1687 1530 1712 earum
1547 1673 1722 1719 laudum,
1737 1687 1822 1725 quae
1843 1674 2082 1721 martyribus
2098 1673 2164 1710 de-

106 1741 256 1786 bentur,
278 1747 448 1778 exsortes
478 1739 684 1777 discedere.
703 1739 896 1777 Successit
917 1740 976 1777 his
1005 1739 1059 1776 ad
1078 1737 1352 1776 abstinendum
1372 1749 1397 1772 a
1411 1737 1649 1788 juramentis
1681 1735 1912 1772 cohortatio.
1938 1735 2036 1771 Cum
2061 1736 2163 1771 enim

106 1809 228 1839 totam
249 1803 480 1838 rusticorum
500 1803 699 1838 nationem
715 1802 757 1838 in
774 1802 908 1838 urbem
934 1803 1149 1852 ingressam
1168 1811 1423 1844 cerneremus,
1444 1798 1513 1835 hos
1529 1797 1600 1834 illo
1620 1799 1829 1834 instructos
1845 1809 1870 1833 a
1891 1798 2000 1834 nobis
2017 1798 2164 1834 viatico

104 1864 323 1900 censuimus
345 1862 608 1900 dimittendos.
622 1862 708 1899 Haec
730 1875 816 1900 vero
833 1861 963 1910 confer,
982 1860 1098 1907 sodes,
1114 1873 1196 1897 cum
1216 1858 1375 1896 Homilia
1395 1857 1487 1896 XIX
1506 1857 1551 1894 ad
1571 1857 1747 1910 populum
1764 1857 2041 1904 Antiochenum,
2057 1858 2162 1894 Tom.

104 1925 144 1966 2,
159 1936 196 1974 p.
219 1921 312 1969 188,
332 1923 390 1960 cui
410 1922 568 1960 homiliae
596 1922 722 1959 titulus
751 1930 802 1959 est
823 1937 831 1958 ε
853 1924 910 1972 Τῇ
931 1924 1080 1973 κυριακῇ
1108 1924 1170 1967 τῆς
1202 1920 1460 1970 ἐπισωζομένης
1480 1919 1566 1970 πρὸς
1591 1917 1668 1962 τοὺς
1688 1918 1758 1957 ἀπὸ
1783 1922 1846 1965 τῆς
1865 1917 1996 1970 χώρας,
2010 1918 2069 1956 καὶ
2083 1919 2164 1970 περὶ

106 1987 166 2020 τοῦ
181 1982 230 2033 μὴ
254 1982 404 2033 ὀμνύειν,
420 1983 489 2021 hoc
505 1991 572 2033 est,
591 1984 803 2021 Dominica
819 1990 996 2029 servatae,
1020 1983 1073 2020 ad
1091 1982 1266 2020 homines
1285 1993 1399 2033 agros
1418 1980 1602 2026 colentes,
1625 1988 1662 2017 et
1681 1979 1729 2016 cle
1747 1980 1914 2017 vitando
1922 1981 2163 2032 juramento;

106 2052 138 2081 et
153 2042 245 2080 hanc
270 2043 382 2095 ipsam
403 2043 590 2080 homiliam
610 2042 656 2080 ad
675 2043 827 2081 rusticos
846 2042 908 2093 qui
927 2057 1035 2095 supra
1054 2051 1296 2080 memorantur
1317 2041 1478 2079 habitam
1495 2039 1604 2077 fuisse
1619 2039 1784 2077 fateberis
1793 2055 1805 2090 5
1823 2049 1944 2078 contra
1960 2054 2068 2091 quam
2085 2054 2163 2095 ego,

108 2105 141 2142 T
145 2103 342 2142 illemontio
374 2103 630 2156 adstipulatus,
647 2103 682 2141 in
703 2103 912 2141 Praefatione
931 2102 1077 2141 secundi
1096 2102 1203 2141 Tomi
1225 2110 1437 2150 statueram,
1457 2100 1521 2138 ubi
1539 2099 1767 2138 Dominicam
1790 2100 1967 2139 Passionis
1983 2115 2061 2139 eam
2095 2115 2167 2140 esse

106 2179 184 2216 quae
203 2165 239 2202 in
262 2165 367 2203 titulo
386 2168 448 2212 τῆς
468 2164 729 2216 ἐπισωζομένης
749 2174 914 2215 vocatur,
936 2163 1075 2217 opinari
1097 2178 1154 2202 me
1173 2178 1255 2202 cum
1274 2172 1372 2201 tanto
1391 2163 1471 2201 viro
1490 2162 1699 2201 testificatus
1725 2176 1816 2200 sum.
1847 2163 1926 2200 Non
1950 2176 2024 2201 esse
2047 2173 2166 2202 autem

106 2225 330 2264 Dominicam
360 2225 549 2273 Passionis,
567 2226 629 2264 scd
649 2225 758 2263 aliam
778 2225 904 2264 multis
920 2234 1001 2279 post
1021 2225 1158 2263 Pascha
1174 2225 1301 2264 diebus
1320 2233 1579 2274 occurrentem,
1601 2223 1677 2275 jam
1698 2232 1835 2261 certum
1855 2223 2167 2276 indubitatumque

105 2286 247 2325 videtur
258 2303 270 2337 5
287 2296 393 2338 atque
406 2286 494 2325 adeo
513 2286 588 2324 haec
607 2286 758 2325 homilia
777 2301 847 2325 non
865 2296 916 2325 est
931 2286 1027 2324 ultra
1044 2286 1135 2324 inter
1148 2285 1474 2338 quadragesimales
1493 2284 1722 2323 conferenda.
1743 2284 1872 2323 Omnia
1893 2285 1952 2323 hic
1971 2285 2148 2336 quadrant
2155 2302 2165 2335 5

106 2348 255 2386 homilia
272 2348 367 2386 enim
386 2347 434 2386 ad
449 2347 601 2386 rusticos
615 2348 649 2386 in
666 2347 782 2401 primo
800 2362 960 2387 sermone
976 2346 1022 2386 de
1035 2350 1138 2385 Anna
1150 2361 1257 2400 supra
1271 2355 1464 2384 memorata
1481 2355 1559 2398 post
1578 2346 1664 2384 festa
1679 2355 1879 2398 martyrum
1897 2346 2070 2385 celebrata
2091 2357 2141 2386 est
2152 2377 2164 2397 ,

107 2420 139 2448 et
159 2419 280 2448 contra
300 2411 502 2463 juramenta
523 2420 597 2449 erat
622 2426 629 2447 :
654 2411 730 2449 haec
749 2425 893 2462 quoque
911 2410 1062 2449 homilia
1085 2408 1175 2449 XIX
1196 2409 1242 2446 ad
1267 2408 1418 2446 rusticos
1440 2407 1562 2445 habita
1582 2416 1648 2459 est,
1670 2416 1750 2460 post
1771 2408 1858 2446 festa
1888 2418 2111 2461 martyrum,
2135 2419 2167 2447 et

107 2480 227 2509 contra
243 2471 456 2524 juramenta.
477 2472 587 2519 Quod
605 2481 723 2510 autem
741 2472 995 2511 Tillemontius
1013 2471 1103 2510 duas
1122 2471 1230 2509 fuisse
1245 2470 1411 2509 homilias
1431 2469 1634 2519 crediderit,
1651 2470 1720 2507 hoc
1738 2469 1820 2508 inde
1840 2470 1968 2518 evcnit,
1989 2470 2087 2521 quod
2106 2485 2168 2523 pu·

108 2532 236 2570 taverit
252 2546 311 2570 eos
328 2533 497 2584 rusticos,
518 2533 579 2584 qui
601 2533 637 2571 in
660 2547 820 2572 sermone
836 2533 881 2572 de
900 2535 999 2571 Anna
1019 2541 1278 2581 memorantur,
1299 2545 1344 2570 ex
1367 2531 1490 2569 infima
1506 2530 1610 2583 plebe
1634 2531 1743 2569 fuisse
1756 2560 1765 2578 ‚
1786 2531 1866 2569 illos
1881 2540 1998 2569 autem
2010 2561 2021 2581 ,
2042 2531 2102 2582 qui
2132 2531 2165 2569 in

107 2591 256 2631 homilia
275 2593 378 2641 XIX,
401 2594 511 2632 fuisse
528 2594 723 2647 episcopos,
743 2604 805 2633 aut
823 2596 1050 2648 presbyteros
1069 2609 1114 2633 ex
1128 2593 1325 2645 longinqua
1349 2593 1491 2645 regione
1515 2592 1709 2632 venientes.
1734 2592 1930 2644 Episcopos
1947 2601 2039 2629 certe
2061 2591 2169 2630 fuisse

107 2654 173 2691 vix
206 2653 442 2703 crediderim,
477 2656 705 2708 presbyteros
738 2666 856 2695 autem
886 2656 1011 2695 saltem
1039 2655 1215 2708 quosdam
1241 2669 1366 2693 eorum
1400 2654 1510 2692 fuisse
1542 2653 1607 2693 vix
1636 2653 1757 2705 negari
1787 2661 1930 2704 potest:
1955 2651 2045 2690 illud
2074 2652 2168 2691 enim

107 2729 255 2768 prorsus
282 2715 441 2754 indicare
463 2716 635 2755 videntur
665 2718 741 2756 haec
769 2718 878 2757 verba
899 2734 907 2755 :
925 2718 1070 2757 Τούτων
1104 2718 1250 2757 ἕκαστον
1279 2717 1363 2761 ἴδοις
1390 2716 1443 2764 ἂν,
1464 2720 1522 2754 νῦν
1552 2713 1613 2766 μὲν
1644 2713 1829 2766 ζευγνύντα
1863 2714 1945 2766 βόας
1976 2717 2167 2768 ἀροτῆρας,

107 2777 167 2816 καὶ
198 2778 341 2831 ἄροτρον
378 2778 524 2817 ἕλκοντα
536 2809 546 2827 ,
575 2779 634 2817 καὶ
675 2783 816 2831 βαθεῖαν
849 2780 986 2819 αὔλακα
1018 2780 1282 2832 κατατέμνοντα
1297 2810 1306 2826 ,
1342 2782 1401 2818 νῦν
1432 2777 1467 2817 δὲ
1497 2777 1555 2816 ἐπὶ
1585 2777 1625 2815 τὸ
1655 2777 1745 2828 ἱερὸν
1780 2775 2012 2814 ἀναὸαίνοντα
2050 2778 2146 2828 βῆμα
2158 2807 2167 2822 ,

106 2838 167 2876 καὶ
199 2839 260 2882 τὰς
293 2838 407 2891 ψυχὰς
443 2842 658 2893 ἀροτριῶντα
695 2844 764 2880 τῶν
796 2842 981 2889 ὑπηκόων·
1018 2844 1076 2880 νῧν
1113 2841 1176 2892 μὲν
1209 2841 1361 2895 δρεπάνῃ
1393 2840 1455 2883 τὰς
1488 2838 1639 2883 ἀκάνθας
1673 2837 1883 2890 ἐκτέμνοντα
1912 2841 1974 2884 τῆς
2000 2841 2082 2889 γῆς,
2109 2843 2165 2877 νῦν

109 2898 145 2937 δὲ
169 2899 263 2951 λόγῳ
290 2900 352 2942 τὰς
381 2900 555 2953 ἁμαρτίας
587 2902 842 2955 ἐκκαθαίροντα
869 2906 939 2942 τῶν
969 2905 1091 2956 ψυχῶν
1117 2919 1128 2940 .-
1162 2903 1185 2941 ἰ.
1214 2917 1244 2941 e.
1280 2905 1433 2940 Horum
1465 2913 1654 2954 quemque
1675 2913 1849 2938 cerneres
1882 2914 1984 2938 nunc
2012 2901 2166 2952 quidem

111 2961 223 2998 boves
232 2962 438 3013 jugantem
465 2964 679 3011 aratorios,
696 2972 874 3001 aratrum
895 2966 1126 3011 trahentem,
1149 2973 1184 3002 et
1201 2965 1443 3018 profundum
1469 2963 1707 3001 scindentem
1725 2963 1898 3008 sulcum;
1916 2975 2017 2999 nunc
2035 2970 2165 3000 autem

107 3033 263 3058 sacrum
276 3021 548 3059 ascendentem
566 3032 799 3075 suggestum,
825 3033 862 3063 et
881 3027 1124 3064 subditorum
1143 3029 1297 3064 animas
1318 3033 1494 3063 arantem
1509 3039 1524 3069 ;
1547 3037 1648 3061 nunc
1665 3024 1821 3076 quidem
1839 3026 1926 3076 agri
1941 3026 2075 3075 spinas
2093 3037 2163 3061 cx-

108 3082 298 3118 cidentem
302 3082 420 3133 falce
432 3099 448 3127 ;
466 3096 569 3120 nunc
589 3098 684 3121 vero
705 3098 880 3123 sermone
899 3100 946 3123 ex
963 3089 1107 3124 animis
1123 3095 1286 3138 peccata
1307 3093 1579 3136 extergentem.
1603 3084 1698 3122 Infra
1717 3099 1802 3122 vero
1822 3084 1910 3122 dicit
1928 3100 1935 3120 :
1955 3084 2077 3136 Apud
2095 3085 2164 3122 hos

112 3154 190 3178 non
202 3151 290 3180 sunt
308 3143 487 3180 mulieres
505 3144 764 3192 luxuriantes,
789 3160 858 3184 nec
872 3150 1182 3186 vestimentorum
1200 3158 1374 3193 ornatus,
1394 3161 1461 3184 nec
1477 3147 1624 3184 colores
1641 3155 1677 3185 et
1685 3148 1792 3200 suci,
1812 3147 1880 3185 sed
1895 3149 2017 3184 omnis
2033 3147 2164 3199 hujus-

112 3203 215 3239 modi
237 3216 387 3241 morum
403 3208 597 3256 corruptio
620 3207 736 3257 pulsa
760 3216 816 3245 est
838 3223 848 3243 .-
871 3209 974 3246 uncle
980 3210 1151 3262 facilius
1177 3223 1329 3262 quoque
1357 3209 1554 3246 subditum
1570 3209 1644 3246 sibi
1659 3209 1846 3260 populum
1875 3210 1917 3246 in
1937 3209 2164 3246 modestiam

113 3262 318 3301 deducunt.

157 3322 232 3388 'His
248 3334 339 3363 certe
354 3327 554 3378 perpensis,
574 3328 701 3367 horum
716 3329 841 3368 saltem
861 3340 999 3384 partem
1014 3332 1209 3370 maximam
1226 3331 1452 3383 presbyteros
1478 3330 1585 3369 fuisse
1599 3330 1779 3369 fatendum
1794 3339 1865 3377 est3
1883 3344 1964 3368 nam
1983 3330 2165 3382 episcopos

114 3382 222 3421 fuisse
246 3392 328 3422 tunc
351 3387 491 3426 colonos
508 3398 541 3427 et
569 3390 719 3429 rusticos
743 3391 804 3429 vix
825 3391 1049 3431 crediderim.
1075 3395 1211 3433 Verum
1229 3392 1291 3430 etsi
1319 3391 1516 3444 presbyteri
1537 3392 1666 3430 suerint
1682 3422 1690 3435 ,
1712 3392 1773 3430 etsi
1795 3392 1899 3429 etiam
1928 3391 2101 3443 episcopi,
2128 3389 2163 3425 lii
