2566 3791
147 1136 286 1168 Gen.18.

137 1179 193 1209 25.

139 1257 327 1298 Ezech‚9.8,

139 1376 238 1406 Abac.
257 1386 282 1407 1.

365 182 456 244 276
793 200 829 229 S.
867 199 1051 230 JOANMS
1087 198 1325 229 CHRYSOST.
1368 199 1572 228 ARCHOEP.
1611 197 1964 228 CONSTANTINOP-

360 280 546 318 securitate
578 281 737 333 posuisse
754 282 904 333 justum.
935 281 1019 319 ldco
1052 281 1115 326 ait,
1138 281 1307 328 Clausit,
1379 279 1434 326 δὲ,
1462 279 1647 326 ’Έκλεισε,
1679 278 1737 316 διὰ
1766 281 1868 317 τοῦτο
1898 279 2109 331 προσέθηκε,
2140 280 2199 317 καὶ
2230 279 2397 327 Ἔξωθεν,

360 349 392 378 et
421 340 533 389 addit,
551 342 723 394 Deforis,
744 342 793 378 ita
814 350 854 379 ut
874 355 940 379 non
959 349 1076 392 posset
1101 339 1224 376 videre
1246 339 1306 388 ju—
1377 337 1467 375 ὥστε
1491 338 1539 388 μὴ
1563 338 1688 382 ἐξεῖναι
1723 342 1773 392 τῷ
1801 340 1924 392 δικαίῳ
1955 343 2038 392 ὁρᾷν
2065 339 2130 386 τὴν
2158 340 2397 392 πανωλεθρίαν

359 409 434 439 stus
455 402 650 453 generalem
676 402 835 440 omnium
851 401 1044 447 interitum,
1059 399 1154 436 unde
1180 397 1307 449 majori
1376 397 1573 448 γινομένην,
1589 398 1648 436 καὶ
1667 399 1809 438 πλείονα
1828 400 1888 437 καὶ
1907 401 2008 438 αὐτὸν
2027 401 2090 446 τὴν
2111 400 2295 452 συντριὸὴν
2311 404 2397 438 ὑπο-

358 461 481 500 dolore
489 463 564 514 ipse
581 463 823 500 conficeretur.
836 463 928 498 Nam
944 460 973 498 si
985 473 1104 497 secum
1119 457 1237 495 animo
1253 471 1305 495 re-
1329 467 1353 497 E
1379 457 1506 508 μένειν.
1525 460 1569 497 Εἰ
1592 458 1660 510 γὰρ
1679 458 1738 496 καὶ
1759 460 2042 510 ἀναλογιζόμενος
2067 463 2102 498 ἐν
2123 460 2258 512 διανοίᾳ
2274 461 2314 499 τὸ
2331 476 2397 512 χα-

355 531 514 574 putasset
524 521 886 561 atrocissimamillam
902 528 1158 571 tempestatem,
1172 518 1305 556 descri—
1377 519 1480 557 λεπὸν
1501 521 1610 557 ἐκεῖνο
1632 519 1831 565 κλυδώνιον,
1855 520 1913 557 καὶ
1937 521 2145 572 ὑπογράφων
2168 524 2217 573 τῷ
2239 523 2397 572 λογισμῷ

354 582 549 634 psissetque
564 583 597 619 in
610 591 725 619 mente
739 581 886 618 humani
903 580 1039 632 generis
1052 579 1302 632 perditionem,
1375 579 1439 624 τὴν
1460 579 1635 618 ἀπώλειαν
1652 585 1711 618 τοῦ
1725 581 1794 617 τῶν
1812 579 2000 631 ἀνθρώπων
2019 581 2153 631 γένους,
2171 584 2240 618 τῶν
2261 580 2395 632 ἀλόγων

355 657 578 681 communem
595 642 783 679 brutorum
804 641 964 679 omnium
980 640 1163 678 interitum
1186 649 1219 677 et
1233 640 1300 677 ho·
1376 640 1538 678 ἁπάντων
1571 641 1636 687 τὴν
1665 640 1782 687 κοινὴν
1809 641 1984 687 τελευτὴν,
2013 641 2072 678 καὶ
2103 640 2307 693 ἀνθρώπων,
2337 641 2396 679 καὶ

353 702 488 740 minum
506 711 539 739 et
560 702 820 754 jumentorum,
841 711 875 739 et
894 701 1006 753 ipsius
1038 709 1153 750 terrm,
1181 709 1220 738 ut
1255 700 1303 738 ita
1374 703 1526 748 κτηνῶν,
1546 701 1605 739 καὶ
1625 703 1730 748 αὐτ-ἧς
1755 704 1817 747 τῆς
1845 704 1908 751 γῆς
1924 729 1933 745 ,
1962 703 2008 745 ὡς
2034 703 2155 747 εἰπεῖν,
2185 701 2242 738 τὸν
2274 703 2395 753 ἀφανι-

351 761 482 811 dicam,
497 762 740 809 abolitionem,
755 761 921 799 moestitia
937 770 1129 813 correptus,
1146 770 1180 798 et
1198 761 1303 799 valde
1374 762 1474 812 σμὸν,
1491 767 1667 814 συνεχεῖτο
1687 762 1746 800 καὶ
1765 761 1947 812 διεταράττ
1968 778 2017 800 το.
2045 763 2088 800 Εἰ
2106 761 2173 813 γὰρ
2198 762 2259 799 καὶ
2284 777 2395 808 πονη-

350 822 514 860 turbatus
546 823 681 860 fuisset.
715 823 943 873 Quamquam
976 822 1068 859 enim
1103 831 1200 859 crant
1227 822 1299 858 im—
1375 823 1425 872 ροὶ
1444 817 1533 869 ἦσαν
1551 825 1582 861 οἱ
1605 823 1856 873 ἀπολλύμενοι,
1880 823 1958 861 ἀλλ’
1983 826 2017 861 αἱ
2033 825 2102 860 τῶν
2123 823 2265 860 δικαίων
2284 822 2395 874 ψυχαὶ

346 882 462 933 probi,
483 883 544 934 qui
565 883 742 935 peribant,
766 892 919 920 attamen
938 883 1114 920 honorum
1140 882 1300 919 virorum
1372 883 1504 930 πολλὴν
1523 883 1666 921 εἰώθασι
1682 883 1746 930 τὴν
1763 884 1982 933 συμπάθειαν
1999 883 2276 929 ἐπιδείκνυσθαι,
2293 885 2393 921 ἐπει-

346 943 472 981 animae
500 957 627 995 magna
666 943 970 981 commiseratione
996 942 1091 980 affici
1121 942 1248 991 solent,
1270 942 1300 979 si
1373 943 1434 981 δὰν
1453 944 1552 982 ἴδωσι
1576 937 1853 995 τιμωρουμένους
1872 943 1950 987 τοὺς
1971 945 2190 995 ἀνθρώπους·
2211 945 2270 982 καὶ
2290 945 2393 995 εὕρ-ν’,-

345 1005 487 1054 quando
524 1004 649 1043 vident
698 1004 817 1056 puniri
866 1004 1048 1051 homines3
1076 1012 1109 1040 et
1141 1002 1299 1041 invenies
1371 1020 1441 1048 σεις
1454 1005 1599 1042 ἕκαστον
1618 1009 1687 1043 τῶν
1704 1005 1846 1043 δικαίων
1869 1006 1928 1043 καὶ
1951 1009 2020 1043 τῶν
2041 1009 2228 1059 προφητῶν
2257 1007 2391 1053 πολλὴν

344 1078 464 1103 omnes
495 1065 686 1118 prophetas
704 1074 738 1103 et
759 1065 873 1117 justos
902 1064 1103 1116 plurimum
1130 1077 1194 1115 pro
1226 1063 1297 1100 illis
1309 1095 1356 1120 236
1370 1065 1458 1116 ὑπὲρ
1488 1068 1600 1103 αὐτῶν
1632 1065 1694 1112 τὴν
1729 1066 1907 1117 ἱκετηρίαν
1937 1067 2157 1116 τιθεμένους,
2192 1067 2351 1119 καθάπερ
2375 1071 2392 1105 ὁ

346 1126 420 1163 Deo
436 1126 647 1178 supplicare,
667 1125 761 1163 sicut
781 1125 981 1177 patriarcha
1005 1139 1070 1176 pro
1100 1123 1296 1161 Sodomitis
1321 1135 1344 1163 Α
1369 1127 1590 1179 πατριάρχης
1609 1126 1797 1173 πεποίηκεν
1819 1126 1876 1164 ἐπὶ
1901 1129 1970 1164 τῶν
1989 1126 2169 1177 Σοδόμων,
2185 1128 2342 1180 καθάπερ
2362 1131 2392 1166 οἱ

344 1186 507 1235 faciebat,
527 1186 619 1224 sicut
647 1186 752 1224 etiam
787 1186 969 1238 prophetae
997 1185 1164 1222 continuo
1183 1184 1296 1222 facere
1367 1190 1543 1238 προφῆται
1571 1187 1698 1230 πάντες
1727 1191 1905 1230 ποιοῦντες
1932 1187 2139 1225 διετέιεσαν.
2172 1188 2241 1226 Καὶ
2275 1188 2343 1239 γὰρ
2373 1191 2391 1226 ὁ

344 1247 514 1285 solebant.
548 1247 689 1284 Etenim
713 1261 805 1284 unus
836 1246 978 1297 quidem
1008 1245 1150 1283 dicebat
1178 1261 1186 1281 t
1206 1247 1294 1283 Heu
1367 1248 1429 1297 μὲν
1446 1264 1461 1285 ε
1478 1263 1560 1298 ,εγεν
1574 1264 1582 1271 ·
1599 1248 1646 1285 Οἷ
1664 1263 1744 1298 μοι,
1758 1248 1867 1300 Κύριε
1880 1278 1889 1294 ,
1905 1247 2095 1300 ἐξαλείφεις
2109 1247 2152 1286 σὺ
2167 1248 2207 1286 τὸ
2225 1249 2390 1287 κατάλοι-

343 1310 452 1354 mihi,
482 1310 662 1354 Domine,
685 1309 829 1346 delebis
855 1317 895 1345 tu
921 1309 1107 1360 reliquias
1139 1308 1293 1346 Israel?
1364 1325 1428 1347 πον
1464 1314 1524 1346 τοῦ
1558 1309 1723 1360 Ἰσραήλ,
1758 1309 1872 1361 ἕτερος
1903 1309 1939 1346 δέ
1973 1324 2074 1360 φησι·
2113 1309 2278 1355 Ποιήσεις
2312 1309 2392 1354 τοὺς

340 1368 432 1406 alius
454 1377 569 1406 autem
590 1369 640 1406 ait
660 1384 667 1404 :
685 1371 823 1407 Facies
847 1370 1020 1406 homines
1046 1371 1144 1406 sicut
1170 1371 1291 1420 pisces
1365 1369 1564 1421 ἀνθρώπους
1579 1372 1626 1412 ὡς
1644 1368 1722 1413 τοὺς
1748 1369 1869 1421 ἰχθύας
1890 1373 1952 1415 τῆς
1973 1369 2151 1414 θαλάσσης
2166 1371 2228 1406 οὐκ
2247 1369 2390 1421 ἔχοντας

340 1433 473 1476 maris,
497 1444 575 1467 non
589 1431 772 1468 habentes
782 1432 917 1468 ducem
936 1433 953 1465 P
974 1429 1090 1480 Igitur
1107 1430 1190 1480 quia
1203 1430 1291 1467 alio—
1363 1429 1574 1481 ἡγούμενον,
1598 1430 1699 1468 Ἐπεὶ
1719 1423 1776 1467 οὖν
1796 1429 1856 1467 καὶ
1876 1430 1956 1467 ἄνευ
1976 1430 2095 1468 τούτου
2111 1433 2129 1468 ὅ
2145 1429 2276 1473 δίκαιος
2292 1424 2389 1474 οὗτος

337 1489 423 1539 quin
434 1489 552 1541 justus
568 1490 852 1527 confundebatur
872 1499 1000 1539 mente,
1011 1499 1048 1527 et
1065 1490 1290 1538 turbabatur,
1363 1492 1604 1545 διεταράττετο
1630 1492 1687 1530 τὸν
1715 1492 1896 1542 λογισμὸν,
1927 1492 1986 1530 καὶ
2014 1497 2192 1544 συνεχεῖτο
2220 1491 2284 1538 τὴν
2313 1493 2388 1531 διά·

335 1563 379 1587 ne
397 1564 442 1587 ex
454 1549 535 1588 visu
550 1559 583 1588 et
602 1551 801 1602 spectaculo
820 1551 946 1603 majori
967 1550 1110 1588 tristitia
1131 1551 1289 1588 afficere·
1360 1567 1469 1601 νοιαν,
1490 1551 1547 1589 ἵνα
1568 1551 1616 1602 μὴ
1637 1552 1697 1590 καὶ
1719 1556 1740 1599 ἡ
1762 1552 1839 1603 ὄψις
1856 1552 1914 1589 καὶ
1935 1555 1956 1598 ἡ
1975 1552 2035 1590 θέα
2055 1555 2101 1595 εἷς
2117 1552 2261 1590 πλείονα
2282 1554 2386 1591 αὐτὸν

335 1618 406 1659 tur,
427 1611 462 1648 in
478 1624 558 1648 arca
572 1611 677 1648 illum
691 1611 791 1661 quasi
807 1611 842 1648 in
857 1625 993 1649 carcere
1013 1611 1179 1656 includit,
1196 1621 1290 1649 utne
1362 1613 1499 1664 ἐμὸάλῃ
1535 1612 1736 1665 συντριὸὴν,
1763 1613 1920 1665 καθάπερ
1953 1615 1987 1651 ἐν
2022 1612 2250 1664 δεσμωτηρίῳ
2278 1629 2387 1652 κατα-

333 1670 446 1708 oculis
467 1670 741 1722 prospicientem
757 1680 870 1708 metus
886 1671 1290 1710 invade1·et.Vc1·isimile
1362 1674 1468 1712 κλείει
1490 1675 1592 1712 αὐτὸν
1621 1677 1655 1712 ἐν
1675 1677 1717 1724 τῇ
1739 1673 1880 1725 κιὸωτῷ
1894 1704 1903 1716 ,
1925 1673 2016 1711 ὥστε
2037 1673 2085 1724 μὴ
2106 1679 2177 1716 τοῖς
2196 1676 2386 1726 ὀφθαλμοῖς

333 1731 427 1768 enim
447 1741 510 1780 est,
531 1731 560 1769 si
578 1731 722 1769 vidisset
742 1730 1012 1769 inundationem
1032 1741 1083 1769 tot
1101 1746 1288 1782 aquarum,
1361 1738 1443 1787 ὃρᾷν
1460 1734 1504 1772 τὰ
1515 1735 1679 1786 γινόμενα
1691 1766 1700 1782 ,
1721 1734 1810 1785 μηδὲ
1824 1737 1872 1778 εἰς
1892 1734 2021 1772 δειλίαν
2035 1737 2263 1780 καταστῆναι.
2281 1736 2384 1779 Εἰκὸς

332 1791 483 1829 anxium
511 1792 600 1842 fore,
622 1807 665 1830 ne
683 1801 716 1830 et
735 1792 812 1844 ipse
830 1792 930 1842 aquis
946 1792 1088 1844 periret.
1110 1793 1199 1845 Ejus
1214 1794 1286 1845 igi—
1361 1797 1427 1848 γὰρ
1454 1792 1496 1843 ἦν
1519 1798 1618 1835 αὐτὸν
1641 1800 1776 1848 ὁρῶντα
1805 1799 1874 1834 τῶν
1906 1796 2041 1833 ὑδάτων
2073 1796 2136 1842 τὴν
2166 1796 2381 1848 πλημμύραν

332 1863 392 1890 tur
411 1867 531 1891 curam
556 1867 677 1904 gerens
696 1853 873 1905 benignus
893 1855 1003 1901 Deus,
1026 1868 1095 1891 non
1123 1854 1289 1906 permisit
1314 1868 1336 1896 Β
1362 1862 1556 1910 ἀγωνιᾶσαι
1577 1858 1625 1909 μὴ
1645 1858 1705 1895 καὶ
1725 1858 1825 1900 αὐτὸς
1843 1856 2055 1908 ὑποὸρύχιος
2084 1857 2238 1907 γένηταί,
2265 1857 2383 1903 Κηδό-

332 1913 451 1964 ipsum
462 1913 519 1952 vel
532 1928 705 1965 aquarum
722 1922 879 1966 spectare
897 1913 1081 1963 saevitiem,
1096 1915 1153 1953 vel
1165 1914 1290 1953 videre
1364 1936 1463 1971 μενος
1487 1920 1599 1958 τοίνυν
1626 1921 1729 1958 αὐτοῦ
1744 1922 1762 1958 ὁ
1776 1919 2017 1971 φιλάνθρωπος
2030 1919 2137 1965 Θεὸς,
2156 1919 2193 1956 οὐ
2212 1925 2387 1971 συγχωρεῖ

332 1974 518 2012 hominum
531 1975 730 2025 excidium,
742 1984 775 2012 et
792 1989 1017 2013 communem
1029 1976 1288 2014 orbisinterne-
1362 1980 1438 2019 οὐδὲ
1458 1981 1649 2019 θεάσασθαι
1665 1983 1732 2018 τῶν
1749 1979 1885 2018 ὑδάτων
1903 1979 1966 2025 τὴν
1986 1978 2107 2031 φορὰν,
2127 1978 2204 2016 οὔτε
2223 1980 2305 2017 ἰδεῖν
2323 1979 2386 2027 τὴν

332 2035 482 2073 cionem.
506 2036 585 2088 Ego
606 2046 724 2074 autem
744 2036 887 2086 quando
904 2046 1028 2088 reputo
1048 2051 1185 2075 mecum
1200 2038 1288 2089 justi
1362 2041 1546 2092 γινομένην
1568 2040 1758 2088 ἀπώλειαν,
1777 2040 1838 2078 καὶ
1856 2040 1919 2086 τὴν
1939 2042 2001 2085 τῆς
2032 2039 2236 2089 οἰκουμένης
2264 2056 2388 2079 πανω-

332 2096 441 2147 hujus
454 2097 567 2134 vitam
577 2097 611 2134 in
629 2111 725 2146 arca,
738 2097 947 2149 obstupesco
958 2106 992 2134 ct
1006 2097 1128 2146 miror,
1142 2097 1288 2135 iterum·
1359 2102 1510 2154 λεθρίαν,
1530 2100 1624 2152 Ἐγὼ
1645 2101 1679 2140 δὲ
1703 2101 1784 2139 ὅταν
1803 2100 2003 2151 λογίσωμαι
2021 2099 2084 2146 τὴν
2113 2101 2148 2137 ἐν
2176 2103 2219 2152 τῇ
2245 2101 2387 2152 κιὸωτῷ

333 2169 400 2205 que
419 2157 486 2193 Dei
503 2157 696 2194 clementiae
708 2166 819 2193 totum
839 2157 1019 2194 adscribo.
1035 2158 1127 2194 Nam
1140 2158 1207 2195 nisi
1227 2157 1287 2195 illa
1359 2166 1418 2199 τοῦ
1440 2161 1573 2199 δικαίου
1592 2161 1714 2199 τούτου
1734 2161 1922 2212 διαγωγὴν,
1953 2161 2196 2211 ἐκπλήττομαι
2223 2161 2283 2198 καὶ
2303 2165 2387 2199 θαυ-

333 2215 581 2255 confirmasset
594 2217 692 2254 illius
711 2225 875 2265 mentem,
893 2226 927 2254 et
940 2217 1105 2255 difficilia
1124 2218 1217 2256 levia
1237 2219 1290 2256 fe-
1363 2221 1462 2271 μάξω
1477 2252 1486 2267 ,
1512 2223 1571 2261 καὶ
1598 2223 1704 2261 πάλιν
1728 2225 1772 2273 τῇ
1805 2226 1863 2260 τοῦ
1880 2223 1971 2260 Θεοῦ
1995 2220 2238 2274 φιλανθρωπία
2259 2221 2298 2258 τὸ
2317 2227 2387 2258 πᾶν

333 2275 451 2327 cissct,
473 2276 751 2328 quomodo,dic,
769 2290 846 2326 oro,
866 2277 954 2315 ferre
972 2278 1156 2329 potuisset,
1169 2278 1219 2315 ibi
1236 2279 1289 2316 in-
1361 2283 1557 2334 λογίζομαι.
1590 2285 1633 2322 Εἰ
1666 2284 1715 2334 μὴ
1749 2283 1816 2334 γὰρ
1837 2282 1950 2328 ἐκείνη
1978 2276 2020 2328 ’ἦν
2044 2285 2066 2327 ἡ
2087 2286 2254 2333 νευροῧσα
2282 2282 2388 2320 αὐτοῦ

334 2341 454 2378 elusus
473 2338 573 2389 quasi
588 2337 624 2375 in
641 2337 801 2375 custodia
815 2337 970 2388 quadam
979 2347 1012 2375 ct
1028 2338 1062 2375 in
1075 2347 1164 2376 tetro
1177 2353 1290 2377 carce·
1360 2345 1417 2383 τὸν
1443 2344 1623 2396 λογισμὸν,
1652 2345 1712 2383 καὶ
1738 2344 1782 2382 τὰ
1812 2343 1962 2381 δύςχολα
1995 2343 2121 2381 εὔκολα
2151 2343 2363 2396 ἐργαζομένη
2377 2373 2386 2390 ,

335 2402 399 2439 re?
420 2398 614 2452 quomodo,
635 2413 766 2450 quaem,
785 2399 958 2450 potuisset
977 2398 1148 2437 adversus
1173 2408 1289 2437 tantos
1359 2408 1434 2448 πῶς
1468 2405 1522 2452 ἂν,
1557 2405 1632 2443 εἰπέ
1669 2420 1748 2455 μοι,
1789 2407 1938 2455 ἐνεγκεῖν
1974 2405 2129 2451 ἠδυνήθη
2167 2403 2325 2455 καθάπερ
2350 2405 2385 2441 ἐν

335 2463 510 2500 fluctuum
530 2460 682 2512 impetus
705 2459 904 2497 obsistere?
927 2459 1096 2497 Homines
1112 2460 1204 2498 enim
1227 2460 1287 2511 qui
1360 2469 1479 2517 εἱρκτῇ
1502 2481 1567 2504 τινι
1595 2466 1654 2504 χαὶ
1685 2465 1916 2518 δεσμωτηρίῳ
1946 2466 2094 2517 χαλεπῷ
2126 2464 2233 2508 οὕτως
2263 2465 2380 2503 αὐτόθι

336 2525 370 2562 in
392 2523 476 2561 navi
496 2530 592 2572 sunt,
613 2531 648 2559 et
672 2521 751 2560 velo
776 2529 939 2569 utuntur,
961 2530 994 2558 et
1013 2521 1286 2572 gubernatorem
1311 2537 1334 2567 C
1359 2527 1661 2578 ἐγχεχλειςμένος;
1681 2531 1755 2571 πῶς
1772 2527 1807 2565 δὲ
1827 2527 1984 2579 ἴσχυσεν,
2001 2526 2077 2565 εἶπέ
2105 2543 2182 2577 μοι,
2204 2528 2379 2578 ἀντισχεῖν

335 2584 381 2622 ad
410 2584 553 2621 clavum
587 2581 765 2620 sedentem
789 2580 928 2631 vident,
948 2590 982 2619 et
1011 2595 1074 2619 sua
1104 2591 1178 2620 arte
1197 2597 1284 2621 ven·
1357 2588 1444 2639 πρὸς
1462 2588 1518 2626 τὸν
1540 2591 1702 2627 τοσοῦ-,ον
1723 2588 1880 2639 πάταγον
1898 2590 1966 2626 τῶν
1986 2587 2170 2638 χυμάτων;
2194 2588 2237 2625 Εἰ
2255 2587 2322 2637 γὰρ
2344 2587 2379 2623 ἐν

337 2655 454 2682 torum
488 2643 524 2682 vi
553 2642 793 2691 obsistentem,
828 2641 1002 2692 siquando
1032 2642 1205 2680 fluctuum
1224 2644 1286 2682 Vi-
1356 2648 1467 2700 πλοίῳ
1482 2649 1710 2701 τυγχάνοντες
1724 2650 1754 2687 οἷ
1766 2649 1957 2701 ἅνθρωποι,
1969 2648 2029 2686 καὶ
2043 2647 2143 2699 ἱστίῳ
2157 2646 2380 2698 κεχρημένοι,

336 2705 420 2743 dent
438 2704 626 2753 insaniam,
648 2712 839 2741 enecantur
855 2712 964 2753 metu,
985 2703 1076 2740 etde
1092 2704 1205 2743 salute
1223 2719 1284 2743 sua
1357 2709 1489 2747 καὶτὸν
1505 2709 1720 2760 κυῗερνήτην
1739 2712 1885 2761 ὁρῶντες
1904 2708 1960 2747 ἐπὶ
1979 2711 2047 2746 τῶν
2070 2708 2196 2745 οἰάκων
2217 2706 2379 2757 καθήμε-

338 2765 598 2818 propemodum
613 2765 801 2816 desperant
822 2779 829 2799 :
848 2763 935 2814 quid
951 2763 1286 2815 igiturdixeritali-
1357 2786 1428 2818 νον,
1449 2770 1509 2807 καὶ
1526 2772 1568 2820 τῇ
1590 2769 1701 2821 οἰκεία
1720 2770 1825 2821 τέχνῃ
1848 2770 1957 2821 ηπρὸς
1984 2768 2046 2815 τὴν
2067 2772 2134 2807 τῶν
2163 2768 2302 2820 ἀνέμων
2322 2767 2380 2820 ῥύ-

335 2825 417 2876 quis
429 2825 473 2862 dc
484 2825 580 2876 justo
596 2824 687 2862 hoc?
703 2826 794 2862 Nam
810 2824 908 2875 quasi
923 2825 958 2862 in
976 2839 1126 2875 earcere,
1137 2835 1176 2864 ut
1191 2827 1284 2876 dixi,
1356 2845 1427 2879 μην
1443 2828 1639 2879 ἱστάμενον,
1659 2829 1798 2867 ἐπειδὰν
1828 2828 1928 2867 ἴδωσι
1952 2828 2117 2879 κυμάτων
2144 2828 2379 2880 σφοδρότητα,

334 2886 474 2934 sedens,
492 2885 576 2921 hinc
591 2894 625 2922 ct
640 2885 723 2923 inde
740 2885 1068 2936 circumferebatur,
1086 2901 1199 2938 neque
1217 2902 1285 2926 eae-
1356 2889 1614 2935 ἀποθνήσκουσι
1633 2892 1683 2940 τῷ
1700 2888 1784 2935 δέει,
1808 2889 1868 2926 καὶ
1883 2889 1963 2942 περὶ
1977 2891 2096 2936 αὐτῆς,
2112 2891 2157 2932 ὡς
2173 2891 2295 2936 εἰπεῖν,
2316 2903 2381 2926 σω-

334 2947 409 2984 lum
423 2945 554 2992 videre,
575 2959 686 2995 neque
706 2945 825 2996 aliquo
845 2946 966 2984 oculos
996 2955 1132 2985 vertere
1149 2948 1282 2998 valens,
1354 2951 1477 3003 τηρίας
1502 2949 1697 2988 δεδοίκασι·
1726 2949 1761 2987 τί
1790 2949 1829 2988 ἂν
1859 2950 1949 2988 εἴποι
1979 2966 2031 2994 τις
2056 2950 2137 3002 περὶ
2163 2954 2223 2988 τοῦ
2245 2948 2379 2988 δικαίου

332 3007 393 3045 sed
413 3007 508 3044 intus
520 3006 717 3054 tenebatur,
734 3005 896 3056 nihilque
915 3021 1059 3058 prorsus
1081 3007 1202 3046 videre
1219 3023 1283 3061 po-
1353 3010 1475 3049 τούτου
1489 3027 1498 3057 ;
1512 3011 1680 3061 Καθάπερ
1695 3011 1764 3062 γὰρ
1779 3011 1814 3047 ἓν
1826 3011 2069 3063 δεσμωτηρίῳ,
2082 3015 2128 3054 ὡς
2139 3011 2244 3063 ἔφθην
2259 3009 2379 3058 εἰπὼν,

332 3076 434 3116 terat,
456 3064 552 3116 quod
571 3065 844 3104 consolationem
858 3067 1012 3104 afferret.
1038 3067 1083 3105 Et
1098 3067 1122 3105 ii
1139 3068 1283 3119 quidem
1354 3072 1536 3124 τυγχρίνων
1553 3074 1587 3110 ἐν
1602 3075 1645 3123 τῇ
1663 3071 1816 3123 κιὸωτῷ,
1833 3066 1901 3109 ὧδε
1919 3075 2060 3111 κάκεῖσε
2078 3072 2312 3123 περιεφέρετο,
2341 3073 2379 3109 οὐ

329 3127 393 3178 qui
414 3127 448 3164 in
464 3125 551 3164 mari
565 3125 744 3175 navigant,
765 3126 902 3164 etiamsi
915 3127 950 3165 in
962 3127 1076 3166 altum
1090 3139 1283 3181 exsurgant
1354 3133 1410 3170 τὸν
1432 3133 1575 3185 οὐρανὸν
1594 3133 1676 3171 ἰδεῖν
1706 3131 1892 3183 δυνάμενος
1906 3161 1916 3178 ,
1949 3135 2014 3184 οὐχ
2043 3131 2185 3185 ἑτέρωθί
2214 3146 2280 3170 που
2301 3131 2379 3176 τοὺς

328 3188 472 3233 fluctus,
493 3194 639 3238 possunt
659 3185 811 3224 subinde
833 3187 869 3224 in
891 3188 1018 3226 caelum
1037 3190 1228 3242 suspicere,
1249 3199 1283 3229 et
1306 3196 1330 3226 D
1354 3192 1550 3244 ὀφθαλμοὺς
1586 3195 1786 3240 ἀνατεῖναι,
1820 3193 1897 3230 ἀλλ’
1930 3191 2025 3230 ἔνδον
2061 3191 2291 3243 συνεχόμενος
2318 3191 2378 3229 καὶ

328 3246 511 3285 cacumina
534 3245 708 3283 montium
741 3245 874 3297 videre,
895 3256 928 3285 et
944 3248 1105 3288 civitates
1136 3264 1283 3303 magnas
1353 3252 1449 3292 οὐδὲν
1466 3252 1555 3296 δ’λως
1585 3254 1665 3292 ἰδεῖν
1694 3252 1784 3305 ἔχων
1803 3252 1821 3291 ὃ
1841 3251 2063 3303 παραμυθίαν
2091 3253 2185 3303 αὐτῷ
2212 3267 2288 3290 τινα
2320 3251 2378 3304 φέ-

373 3362 384 3376 ¹=
409 3352 503 3384 Unus
516 3356 588 3397 πρὸς
606 3356 658 3387 τὴν
675 3358 732 3384 τῶν
745 3353 859 3385 ὑδάτων
872 3355 983 3397 ῥύμην.
1004 3353 1093 3388 Alius
1114 3362 1186 3402 πρὸς
1209 3363 1262 3395 τὴν
1285 3366 1342 3392 τῶν
1360 3363 1498 3402 κυμάτων
1514 3361 1623 3403 ῥύμην-
