2516 3791
153 2531 244 2559 Jacob
275 2540 342 2567 sup-

155 2573 317 2610 plantatio-

157 2624 222 2640 nem
248 2619 342 2640 sonat.

331 161 423 208 600
737 176 775 206 5.
812 176 995 206 sommis
1031 172 1275 205 cnnvsosr.

331 270 364 298 et
385 268 501 297 mente
523 258 686 297 cruciari.
710 259 801 296 Nam
822 267 859 295 ut
886 257 1039 306 audivit,
1057 258 1119 294 52.
1144 257 1281 292 ,Dixin

335 321 428 371 Quis
445 334 483 357 es
505 328 545 358 tu
558 324 575 356 P
590 320 666 357 Ille
691 320 790 357 dixit
808 334 820 354 .·
838 320 924 369 Ego
955 330 1038 354 sum
1063 316 1170 365 filius
1201 323 1287 352 tuus

327 384 604 432 primogenitus
637 382 760 418 Esaii.
793 378 888 417 Vide
919 375 1098 427 quomodo
1137 375 1289 427 superbe

330 456 367 480 se
401 450 498 493 gerat
535 441 571 478 in
607 455 645 479 re
680 439 844 492 prsesenti
864 454 871 474 ε
904 451 975 475 non
1010 436 1095 475 satis
1123 435 1193 488 ipsi
1220 435 1289 473 fuit

328 502 460 552 dicere,
483 503 569 553 Ego
584 515 668 539 sum
679 502 788 538 Esaii
805 515 813 535 :
834 497 895 535 sed
912 497 1070 546 addidit,
1086 499 1287 549 Primoge-

332 566 448 600 nitus.
487 563 552 600 55.
590 561 793 610 Obstupuit
824 568 956 596 autem
988 561 1105 596 Isaac
1131 566 1288 610 stupore

331 624 566 666 vehementi,
587 629 623 657 et
642 621 745 657 dixit
762 635 772 655 .·
796 621 889 670 Quis
910 621 1028 671 igitur·
1045 627 1213 656 venatus
1233 626 1289 656 est

333 685 430 721 mihi
454 684 728 727 venationem,
750 691 785 718 et
806 682 938 719 attulit
960 681 1068 727 mihi,
1089 689 1127 717 et
1141 680 1289 717 comedi

332 745 379 780 de
398 744 573 779 omnibus
591 750 802 794 antequam
819 751 859 779 tu
878 744 1032 779 venires
1046 757 1057 777 .-
1079 749 1116 778 et
1136 740 1289 778 benedi-

331 807 373 841 .τί
394 818 493 850 eum,
514 812 551 841 et
577 806 627 841 sit
657 805 877 841 benedictus
890 808 906 840 P
927 803 1022 842 Vide
1042 802 1223 853 quomodo
1252 801 1289 838 in

332 865 566 916 perplexitate
588 864 800 902 constitutus
825 865 969 916 justus,
1001 873 1033 901 et
1061 877 1206 900 narrans
1233 862 1287 899 fa-

333 935 452 974 ctum,
485 925 625 962 addidit
656 934 773 962 tamen
810 925 966 976 graviter
999 924 1097 961 illius
1129 923 1292 960 animum

331 987 525 1024 vulnerans
540 1001 547 1022 ε
567 988 621 1024 Et
634 987 811 1023 benedixi
823 1000 922 1032 eam,
940 994 977 1023 et
990 988 1039 1023 sit
1055 985 1288 1022 benedictus.

335 1048 411 1086 Hoc
430 1057 548 1085 autem
573 1047 723 1084 faciebat
738 1048 857 1099 justus
871 1077 880 1095 ,
913 1046 1085 1099 sapientia
1109 1045 1173 1084 Dei
1195 1045 1293 1082 illius

335 1110 498 1160 linguam
516 1108 702 1159 dirigente,
725 1118 764 1146 ut
784 1122 866 1146 cum
888 1108 948 1145 ille
967 1109 1085 1145 omnia
1106 1107 1296 1158 diligenter

336 1170 533 1215 didicisset,
555 1170 643 1207 scire
663 1179 778 1221 posset
807 1169 898 1207 nihil
914 1169 943 1207 ei
968 1169 1110 1222 profore
1133 1168 1192 1207 vel
1223 1167 1296 1220 pri-

340 1231 614 1282 mogenituram,
632 1231 688 1269 vel
703 1231 938 1270 venationem.
956 1233 1020 1269 54.
1038 1231 1200 1268 Auditis
1219 1244 1296 1268 ser-

341 1295 518 1330 monibus
535 1295 673 1344 patris,
693 1294 803 1330 Esaii
825 1293 1012 1330 clamavit
1033 1306 1130 1330 voce
1153 1305 1298 1343 magna

342 1363 379 1392 et
399 1357 552 1392 acerba.
567 1353 679 1400 Quid,
700 1363 764 1401 est,
785 1355 884 1391 Voce
909 1368 1054 1406 magna
1074 1361 1111 1391 et
1130 1355 1270 1391 acerba
1283 1357 1300 1389 Ρ

343 1415 628 1467 Indignationem
647 1414 863 1466 significavit
889 1429 952 1467 per
969 1414 1133 1463 verbum,
1153 1423 1186 1451 et
1211 1414 1301 1451 iram

345 1491 511 1529 magnam
521 1491 591 1527 qua
602 1490 790 1514 succensus
803 1485 854 1514 est
867 1490 949 1513 cum
959 1476 1034 1513 haee
1046 1475 1240 1513 didicisset.
1249 1476 1302 1512 Et

346 1540 459 1584 dixit,
476 1539 666 1584 Benedic,
691 1539 859 1584 obsecro,
875 1545 911 1574 et
927 1551 999 1583 me,
1010 1545 1136 1588 pater
1151 1537 1213 1573 55
1229 1537 1348 1575 Di-c

346 1602 405 1636 xit
431 1607 563 1636 autem
583 1601 645 1634 ei.
641 1600 815 1635 ·Frater
835 1607 922 1635 tuus
941 1601 1051 1635 venit
1082 1611 1169 1635 cum
1195 1597 1299 1642 dolo,

347 1668 384 1697 et
403 1662 550 1711 accepit
575 1660 877 1696 benedictionem
897 1667 1018 1696 tuam.
1043 1658 1160 1707 Prior,
1176 1657 1302 1708 inquit,

346 1721 455 1758 frater
483 1729 567 1757 tuus
597 1718 880 1757 benedictionem
911 1733 1053 1757 omnem
1081 1718 1236 1756 ubertim
1271 1726 1305 1756 et

351 1782 491 1834 copiose
503 1781 674 1833 abripuit.
699 1780 745 1818 Et
762 1789 800 1818 ut
826 1780 916 1818 scias
945 1794 1133 1832 supernam
1153 1779 1305 1831 gratiam

349 1842 394 1880 ad
412 1843 481 1879 hoc
494 1842 603 1880 fuisse
618 1851 855 1894 cooperatam,
877 1851 917 1879 ut
932 1842 1050 1894 justus
1069 1840 1303 1893 deciperetur,

350 1903 432 1941 vide
462 1902 641 1954 quomodo
663 1903 739 1955 ipse
764 1903 832 1940 hoc
851 1903 1004 1941 fateatur
1021 1902 1164 1941 dicens:
1195 1904 1235 1939 Ῑ
1227 1904 1308 1939 enit

340 1966 476 2016 frater
496 1973 581 2002 tuus
601 1979 688 2003 cum
714 1965 804 2002 dolo
826 1981 836 2000 .·
858 1965 960 2016 quasi
985 1973 1128 2002 excuset
1149 1978 1186 2002 se
1212 1962 1309 2016 apud

352 2027 485 2075 silium,
499 2035 532 2064 et
543 2026 648 2063 illum
658 2025 781 2064 doceat
794 2026 928 2077 dicens,
943 2027 1114 2078 Ignorans
1130 2024 1184 2062 illi
1203 2025 1309 2063 hene-

353 2086 524 2124 dictiones
549 2086 721 2139 impendi,
743 2096 776 2124 et
791 2096 936 2139 paratus
957 2101 1054 2125 eram
1071 2086 1137 2124 tibi
1158 2100 1214 2124 eas
1238 2086 1309 2122 lar-

359 2146 448 2197 giri:
467 2145 525 2182 sed
547 2145 608 2183 ille
627 2147 738 2182 Venit
753 2160 840 2183 cum
855 2147 958 2192 dolo,
982 2155 1019 2183 et
1032 2148 1177 2197 accepit
1196 2147 1303 2181 bene-
1329 2151 1355 2180 D
1381 2146 1391 2159 ³

358 2204 565 2240 dictionem
586 2212 716 2248 tuam,·
732 2218 810 2253 quae
831 2204 896 2240 tibi
918 2212 1116 2255 praeparata
1132 2211 1242 2250 erant,
1266 2202 1310 2239 il·
1355 2200 1358 2202 Α

356 2264 389 2301 lc
411 2263 596 2315 praeripuit
614 2279 621 2299 :
653 2278 721 2301 non
753 2264 820 2301 hoc
848 2278 925 2301 mea
951 2264 1055 2315 culpa
1085 2265 1219 2301 sactum
1247 2272 1309 2300 est.

357 2329 420 2365 56.
434 2329 487 2365 Et
500 2329 612 2373 dia-it,
630 2327 757 2377 inquit,
773 2329 881 2365 Esait'
899 2343 909 2363 .·
928 2329 1042 2365 Recte
1057 2336 1241 2364 vocatum
1257 2335 1312 2364 est

359 2403 498 2426 nomen
525 2391 606 2441 ejus
631 2390 756 2426 Jacob
771 2405 787 2433 ;
819 2389 1088 2441 supplantavit
1119 2391 1221 2425 enim
1254 2402 1314 2425 me

352 2452 438 2502 jam
456 2450 644 2488 secundo:
659 2459 692 2486 et
710 2453 968 2502 primogenita
995 2464 1080 2487 mea
1103 2450 1259 2495 tulerat,
1277 2458 1312 2487 et

360 2525 461 2548 nunc
472 2513 618 2562 accepit
629 2512 932 2548 benedictionem
948 2525 1088 2548 meam.
1106 2512 1183 2548 Non
1202 2510 1237 2547 in
1250 2524 1314 2548 va-

359 2586 461 2621 num,
473 2571 599 2622 inquit,
611 2586 735 2609 nomen
748 2572 816 2609 hoc
827 2572 972 2610 sortitus
982 2581 1044 2609 est:
1057 2571 1315 2623 supplantatio-

361 2648 440 2671 nem
454 2633 549 2670 enim
562 2633 836 2685 interpretamur
849 2647 975 2670 nomen
989 2633 1082 2684 ejus:
1098 2631 1135 2669 id
1145 2631 1240 2682 quod
1257 2632 1315 2670 hic

360 2695 396 2732 in
406 2709 462 2732 me
472 2694 681 2739 declaravit,
695 2703 727 2731 et
736 2694 1016 2746 primogenitura
1029 2703 1062 2731 et
1070 2693 1315 2731 benedictione

361 2770 417 2793 me
430 2755 589 2807 privans.
607 2755 709 2800 Quid
723 2755 833 2805 igitur
845 2755 892 2792 ad
905 2755 1003 2792 Isaac
1018 2754 1113 2792 Esaii
1132 2769 1138 2790 :
1157 2755 1247 2792 Non
1259 2768 1316 2792 re-

362 2819 526 2853 servasti
538 2825 574 2853 et
588 2818 682 2853 milii
696 2817 1012 2863 benedictionem,
1020 2820 1152 2868 pater?
1167 2816 1231 2853 57.
1246 2817 1315 2854 Re-

363 2878 516 2928 spondit
543 2885 672 2914 aatem
694 2879 822 2923 Isaac,
850 2885 884 2914 et
906 2877 1005 2914 dixit
1025 2878 1134 2915 Esaii
1155 2891 1165 2911 .·
1195 2877 1315 2921 Disce,

364 2938 492 2988 inquit,
509 2937 604 2988 quod
626 2951 744 2974 omnes
765 2937 1025 2976 benedictiones
1042 2937 1076 2975 in
1093 2952 1175 2975 eum
1194 2938 1316 2987 effudi,

366 3000 463 3037 Cam
483 3013 569 3036 cum
579 3001 746 3051 fecerim
765 3000 963 3037 dominum
980 3008 1102 3037 tuam.
1121 2999 1217 3039 Vide
1230 3013 1317 3051 quo-

364 3060 469 3098 modo
489 3060 606 3097 statim
623 3060 668 3097 ab
686 3060 753 3097 hoc
773 3060 974 3110 exorditur,
996 3070 1029 3098 et
1057 3061 1146 3098 nihil
1168 3060 1268 3099 aliud
1286 3061 1317 3098 ei

411 3191 557 3234 ⁸¹[Coisl.
576 3197 797 3236 προστάγματι.
793 3192 816 3233 ]

1316 173 1429 203 ARCH
1438 173 1524 203 [Ee.
1564 173 1924 205 CONSTANTINOP-

1356 254 1462 292 πάλιν
1483 255 1541 293 τὸν
1558 254 1688 294 δίκαιον
1709 258 1742 294 ἐν
1764 256 1897 309 θορύὸῳ
1911 256 2093 308 γενόμενον
2114 257 2174 295 καὶ
2190 257 2382 311 διαταρατ-

1356 313 1498 365 τόμενον
1531 315 1590 353 τὸν
1614 316 1795 367 λογισμόν.
1823 315 1988 360 Ἀκούσας
2011 316 2242 369 γὰρ,εφησ1ν,
2270 313 2382 356 Eia-ts·

1356 374 1409 419 τίς
1423 369 1454 413 εἷ
1473 375 1533 423 σός
1551 375 1596 414 ‘O
1621 375 1658 413 δὲ
1679 370 1772 415 εἶπεν
1791 392 1798 400 ·
1824 377 1892 428 ἐγώ
1909 380 1982 428 εἰμι
1995 381 2013 415 6
2039 377 2110 421 υἱός
2133 393 2195 416 σου
2216 377 2386 431 ὁγπρωτό·

1357 452 1456 480 τοκος
1475 436 1600 474 (Ησαῧ.
1622 435 1720 489 εὈρα
1740 440 1816 481 πῶς
1834 441 2102 490 μεγαλοφρονῶν
2123 439 2182 476 ἐπὶ
2199 441 2250 490 τῷ
2266 439 2286 458 *
2299 438 2388 489 πρά-

1357 513 1490 548 γματι,
1524 499 1585 535 οὐκ
1614 497 1768 549 ἠρκέσθη
1796 501 1846 536 τῶ
1875 501 2004 546 εἰπεῖν,

1359 558 1449 596 ἀλλὰ
1469 557 1708 610 προσέθηκεν,

2029 497 2126 550 Ἐγώ
2159 501 2232 549 εἰμι
2261 498 2388 546 ‘HGQ

1729 557 1774 596 ‘O
1792 558 2024 611 πρωτότοκος.
2044 558 2229 606 Ἐξέστη
2211 559 2246 598 οὲ
2265 559 2390 598 Ἰσαὰκ

1358 619 1521 658 ἔκστασιν
1544 619 1699 671 μεγάλην
1732 618 1876 671 σφόδρα,
1907 619 1968 658 καὶ
2002 623 2031 658 εἰ
2034 636 2100 658 πε·
2127 620 2180 664 τίς
2205 624 2262 658 οὖν
2288 623 2306 658 6
2335 624 2392 667 θη-

1363 680 1484 732 ρεύσας
1513 697 1571 732 μοι
1597 681 1727 733 θήραν,
1758 680 1819 718 καὶ
1845 681 2041 733 εἰσενέ,γας
2074 698 2153 732 μοι,
2183 681 2243 719 καὶ
2266 680 2392 734 ἔφαγον

1363 742 1436 780 ἀπὸ
1453 742 1594 780 πάντων
1613 742 1681 795 πρὸ
1700 746 1759 789 τοῦ
1782 757 1820 780 σε
1842 743 1973 789 ἐλθεῖν,
1993 741 2054 779 καὶ
2078 742 2250 794 εὖλόγησα
2280 743 2393 790 αὐτὸν,

1361 803 1421 840 καὶ
1454 804 1683 855 εὐλογημένος
1709 803 1818 850 ἔστ-οη
1849 802 1944 856 “Ορα
1977 805 2050 846 πῶς
2080 803 2139 841 καὶ
2168 805 2216 846 εἷς
2245 803 2392 856 ἀπορίαν

1362 879 1511 914 γεγονως
1529 868 1547 902 6
1571 864 1720 910 δίκαιος,
1743 865 1803 902 καὶ
1821 866 1875 910 διη
1879 865 2044 915 γούυενος
2065 881 2157 903 αυτι)
2179 864 2218 902 τὸ
2244 864 2394 916 συμέὰν,

1363 923 1459 974 ὅμως
1484 925 1702 977 προσεθηκε,
1723 925 1863 978 καιρίαν
1889 926 2010 963 ἕκείνι)
2030 906 2145 969 διδοὺςΙ
2161 942 2223 972 την
2243 925 2395 977 π’)ηγὴν,

1363 1000 1403 1022 το
1418 985 1488 1022 Καὶ
1505 986 1593 1024 ευλό·
1585 1002 1678 1037 γηκα
1698 985 1812 1034 αὐτον,
1837 986 1897 1024 κα1
1918 986 2179 1036 εὒ)ομ,υ.ε’νος”
2161 1001 2262 1024 εστω.
2283 987 2397 1023 Τοῦτο

1367 1044 1402 1084 δὲ
1430 1045 1538 1084 ἐποίει
1559 1050 1584 1084 ·‹‘>
1612 1047 1743 1091 δίκαιος
1772 1051 1834 1094 τῆς
1852 1052 1911 1085 τοῦ
1939 1049 2030 1085 Θεοῦ
2057 1046 2177 1098 σοφίας
2206 1047 2398 1097 ὁδηγούσης

1367 1109 1470 1145 αὐτοῦ
1486 1108 1549 1154 τὴν
1569 1109 1741 1158 γλῶτταν,
1759 1107 1815 1146 ἵνα
1831 1109 1944 1146 πάντα
1967 1107 2056 1159 μετὰ
2074 1107 2254 1160 ἀκριέείας
2273 1110 2399 1151 ἐκεῖνος

1369 1167 1488 1218 μαθὼν
1508 1169 1634 1207 εἰδέναι
1655 1169 1732 1221 ἔχη,
1752 1172 1798 1213 ὡς
1820 1168 1915 1207 οὐδὲν
1937 1172 2030 1220 αὐτῷ
2061 1169 2165 1207 πλέον
2196 1168 2294 1207 ἔσται
2322 1167 2399 1206 οὔτε

1367 1230 1437 1268 ἀπὸ
1456 1233 1524 1268 τῶν
1543 1235 1556 1250 ‘¹
1568 1230 1813 1282 πρωτοτοκίων
1826 1261 1835 1279 ,
1867 1230 1946 1269 οὔτε
1971 1231 2041 1268 ἀπὸ
2068 1234 2130 1277 τῆς
2150 1230 2269 1283 θήρας.
2285 1229 2400 1268 Ἀκού-

1369 1306 1433 1336 σας
1453 1291 1506 1339 δὲ,
1527 1293 1631 1344 φησὶν
1644 1322 1654 1341 ,
1675 1291 1788 1330 ζΗσαῧ
1815 1292 1984 1338 &vsa-13⁶2
2001 1291 2116 1344 φωνὴν
2140 1292 2294 1343 μεγάλην
2312 1290 2398 1341 σφό-

1371 1355 1436 1407 δρα
1458 1354 1516 1391 καὶ
1540 1353 1680 1405 πικράν.
1698 1353 1744 1391 Τί
1761 1356 1847 1399 ἐστι,
1864 1352 1996 1400 Φωνὴν
2015 1353 2171 1405 μεγάλην
2191 1353 2323 1405 σφόδρα
2343 1352 2402 1391 καὶ

1371 1416 1520 1468 πικράν;
1553 1416 1623 1454 Τὸν
1654 1415 1758 1466 θυμον
1793 1419 1835 1467 ἦν
1841 1415 1934 1459 ίξατο
1966 1414 2022 1453 διὰ
2051 1420 2110 1452 τοῦ
2148 1415 2314 1467 ῥηματος,
2343 1414 2402 1453 κα1

1372 1493 1434 1523 της
1452 1480 1569 1531 ὀργης,
1586 1481 1627 1523 ἧς
1644 1478 1710 1514 ἕπλ
1712 1477 1802 1523 ησΟη
1819 1492 1928 1514 ταυτα
1949 1475 2087 1526 grafium
2103 1493 2165 1523 την
2195 1475 2402 1551 υπερὸολην.

1374 1539 1444 1577 Καὶ
1464 1542 1576 1585 εἶπεν,
1594 1537 1820 1589 εὐλόγησον
1803 1537 1844 1584 οὴ
1861 1536 1965 1588 κάμὲ,
1983 1537 2107 1590 πάτερ.
2125 1531 2256 1576 Εἰπε
2237 1537 2272 1575 οὲ
2290 1538 2402 1575 αὐτῶ·

1375 1599 1482 1637 ἔλθων
1499 1603 1516 1637 6
1537 1598 1683 1650 ἀδελφός
1699 1614 1759 1636 σου
1781 1597 1870 1670 μετὰ
1887 1598 2007 1646 δόλου,
2027 1598 2132 1636 ἔλαὸε
2158 1615 2220 1646 την
2247 1598 2404 1650 εὐλογίαν

1377 1675 1448 1697 σου.
1468 1658 1686 1712 Προλαὸων,
1710 1659 1835 1710 φησὶν,
1861 1660 1879 1695 ὃ
1908 1659 2010 1696 ἀδελ
1992 1658 2053 1710 φός
2074 1674 2134 1696 σου
2155 1659 2218 1706 τὴν
2247 1659 2403 1710 ευλογίαν

1375 1728 1492 1759 πᾶσαν
1516 1720 1742 1758 ἐπεσπάσατο
1763 1719 1852 1770 μετὰ
1871 1720 2004 1763 πολλ’ἧς
2028 1722 2090 1765 τῆς
2112 1719 2304 1771 δαψιλείας.
2334 1719 2404 1758 Καὶ

1376 1780 1433 1818 ἵνα
1449 1783 1539 1833 γνῷς
1555 1779 1608 1818 ὅτι
1627 1779 1648 1827 ἧ
1679 1780 1808 1818 ἄνωθεν
1834 1778 1937 1831 χάρις
1966 1773 2021 1826 ἦν,
2038 1779 2136 1825 ἦτον
2157 1779 2288 1818 δίκαιον
2316 1781 2404 1817 ἀπα-

1377 1845 1524 1888 τηθῆναι
1546 1841 1807 1895 συνεργήσασα,
1826 1839 1891 1893 ὅρα
1910 1843 1985 1883 πῶς
2004 1839 2106 1884 αὐτὸς
2129 1843 2228 1878 τοῦτο
2245 1841 2405 1891 ὁμολογεῖ

1378 1903 1502 1955 λέγων,
1519 1903 1653 1942 Ἐλθὼν
1673 1906 1691 1941 6
1711 1902 1856 1954 ἀδελφός
1876 1917 1936 1940 σου
1965 1901 2054 1953 μετὰ
2082 1901 2200 1949 δόλου,
2221 1900 2405 1953 μονονουχὶ

1380 1964 1656 2017 ἀπολογούμενος
1681 1966 1731 2015 τῷ
1761 1962 1879 2010 παιδὶ,
1907 1962 1967 2001 καὶ
1998 1962 2169 2001 διδάσκων
2205 1962 2329 2010 αὐτὸν,
2353 1962 2406 2000 ὅτι

1381 2029 1513 2077 ἀγνοῶν
1533 2027 1586 2064 ἐπ’
1606 2028 1734 2064 ἐκεῖνον
1750 2023 1813 2067 τὰς
1835 2023 1992 2075 εὐλογίας
2021 2023 2255 2074 ἐποιησάμην,
2275 2023 2334 2061 καὶ
2352 2022 2407 2062 ὅτι

1381 2090 1428 2131 εἷς
1450 2087 1488 2126 σὲ
1506 2086 1634 2130 ταύτας
1653 2085 1792 2137 ἕτοιμος
1809 2085 1904 2136 ἥμην
1923 2084 2139 2131 ποιήσασθαι
2152 2101 2160 2108 ·
2186 2087 2263 2124 ἀλλ’
2281 2086 2408 2128 ἐκεῖνος

1395 2145 1517 2184 Emona
1538 2145 1626 2196 μετὰ
1648 2145 1768 2189 δόλου,
1789 2143 1893 2182 ἔλαὲε
1914 2144 1976 2191 τὴν
1995 2143 2151 2194 εὐλογίαν
2179 2159 2239 2182 σου
2256 2160 2263 2166 ·
2280 2143 2325 2182 τὰ
2354 2143 2408 2181 σοὶ

1382 2206 1712 2258 παρασκευασθέντα
1727 2207 1855 2247 ἐκεῖνος
1878 2205 2014 2249 ἐδέξατο
2031 2220 2038 2228 ·
2061 2206 2098 2242 οὐ
2116 2204 2213 2255 παρὰ
2231 2203 2293 2251 τὴν
2321 2203 2408 2254 ἐμὴν

1384 2267 1419 2306 δὲ
1436 2267 1550 2304 αἰτίαν
1579 2266 1710 2318 γέγονε.
1744 2266 1812 2303 Καὶ
1843 2258 1938 2312 εἶπε,
1959 2265 2076 2316 φησὶν,
2100 2264 2214 2303 <Ησαῧ
2229 2280 2236 2288 ·
2254 2264 2409 2315 Ᾰδικαίως

1383 2328 1559 2374 ἐπεκλήθη
1579 2328 1618 2365 τὸ
1645 2328 1751 2378 ὄνομα
1773 2329 1876 2365 αὐτοῦ
1896 2326 2027 2364 'la-,4036
2043 2343 2050 2350 ·
2074 2327 2254 2379 ἐπτέρνικε
2272 2326 2340 2378 γάρ
2366 2342 2409 2377 με

1383 2389 1451 2435 ἤδη
1472 2389 1626 2440 δεύτερον
1643 2392 1743 2426 τοῦτο
1760 2404 1767 2411 ·
1791 2388 1835 2425 τά
1853 2403 1890 2425 τε
1914 2387 2134 2440 πρωτοτόκιά
2162 2403 2226 2438 μου
2257 2387 2410 2439 εἰλήφει,

1384 2451 1443 2489 καὶ
1460 2455 1516 2488 νῦν
1539 2450 1659 2501 εἴληφε
1690 2449 1751 2496 τὴν
1783 2449 1940 2501 εὐλογίαν
1964 2451 2120 2500 μου.οὐ
2149 2449 2283 2500 μάτην,
2306 2449 2409 2501 φησὶ,

2078 2509 2094 2531 ¹³
2079 2511 2320 2586 Νπτερνισμὸς
2343 2509 2410 2562 γὰρ

1386 2573 1612 2626 ἑρμηνεύεται
1637 2573 1676 2610 τὸ
1700 2572 1810 2623 ὄνομα
1828 2574 1944 2620 αὐτοῦ,
1961 2571 2046 2625 ὅπερ
2063 2576 2160 2616 οὗτος
2186 2575 2233 2616 εἷς
2250 2571 2311 2623 ἐμε
2333 2574 2412 2610 ἐπε-

1384 2516 1445 2558 τῆς
1473 2511 1708 2563 προσηγορίας
1738 2527 1866 2557 ταυτης
1894 2510 2051 2558 ηξιώθη·

1387 2634 1539 2680 δείξατο,
1557 2634 1615 2672 καὶ
1630 2649 1699 2671 των
1724 2633 1970 2685 πρωτοτοκίι)ν
1992 2633 2236 2685 ἆποστερησας
2261 2633 2321 2671 καὶ
2350 2649 2412 2680 της

1387 2695 1556 2747 εὐλογίας.
1585 2694 1631 2733 Τί
1653 2688 1710 2732 οὖν
1727 2697 1744 2732 6
1771 2693 1884 2732 Ἡσαῦ
1911 2694 1996 2746 πρὸς
2023 2694 2166 2740 Ἰσαάκ,
2187 2697 2268 2747 Οὐχ
2293 2695 2413 2733 ὑπελί-

1387 2772 1453 2794 που
1475 2772 1532 2806 μοι
1550 2755 1706 2806 εὐλογίαν
1723 2783 1732 2801 ,
1750 2754 1882 2806 πάτερ;
1898 2755 2111 2807 Ἀποκριθεὶς
2126 2754 2161 2794 δὲ
2176 2756 2301 2795 Ἰσαὰκ
2318 2750 2411 2794 εἶπεν

1388 2819 1480 2869 αὐτῷ
1499 2832 1506 2840 ·
1529 2816 1704 2867 μάνθανε,
1729 2816 1854 2868 φησὶν,
1875 2815 1928 2854 ὅτι
1955 2817 2072 2860 πάσας
2093 2820 2139 2862 εἷς
2164 2818 2267 2856 αὐτὸν
2286 2818 2413 2870 ,ἐξέχεα

1387 2878 1449 2922 τὰς
1466 2877 1634 2929 εὐλογίας,
1652 2879 1696 2915 Ei
1719 2877 1835 2930 κύριον
1855 2878 1956 2916 αὐτὸν
1977 2878 2125 2924 ἐποίησά
2142 2895 2214 2918 σου.
2229 2878 2326 2932 εὈρα
2339 2882 2414 2922 πῶς

1389 2939 1512 2982 εὐθέως
1530 2939 1598 2976 ἀπὸ
1613 2938 1732 2976 τούτου
1753 2938 1919 2991 ἄρχεται,
1946 2939 2006 2977 καὶ
2032 2939 2129 2978 οὐδὲν
2161 2940 2276 2993 ἕτερον
2304 2939 2411 2992 λέγει,

1389 3000 1479 3038 ἀλλὰ
1493 3000 1555 3046 τὴν
1576 2998 1731 3037 δουλείαν
1754 3002 1847 3051 αὐτῷ
1877 3001 2041 3051 σημαίνει
2061 3001 2120 3039 καὶ
2139 3001 2200 3048 τὴν
2218 3002 2412 3054 ὑποταγήν·

1389 3060 1448 3099 καί
1466 3076 1569 3112 φησιν
1582 3091 1591 3108 ,
1614 3062 1656 3099 li}
1676 3060 1791 3112 κύριον
1811 3061 1911 3099 αὐτὸν
1928 3061 2077 3107 ἐποιησά
2095 3077 2174 3109 σου,
2200 3062 2259 3099 καὶ
2281 3062 2415 3105 πάντας

1411 3199 1566 3222 latiorum
1591 3202 1678 3222 enim
1708 3193 1958 3233 in1‹1p1··e1a111u1
1972 3202 2087 3222 nomen
2106 3190 2187 3234 ejus.
2209 3195 2295 3246 2P9
2322 3191 2415 3227 Ekeb

409 3256 422 3268 Α
439 3246 503 3277 sex
520 3245 596 3275 uss.
616 3250 649 3274 et
671 3242 771 3275 Saxi!
789 3250 998 3288 πρωτοτόκων.
1019 3242 1132 3275 More}
1163 3242 1277 3274 melius
1294 3257 1351 3287 προ
1339 3258 1377 3274 ι·
1410 3245 1556 3279 nebraeis
1583 3255 1631 3280 est
1656 3249 1781 3291 planta
1802 3247 1916 3291 pedis,
1947 3249 2015 3280 sive
2043 3249 2142 3280 etiam
2170 3210 2414 3290 supplantatio

367 3313 464 3332 ?7⁴ro)(!
468 3313 515 3330 ων·

413 3352 427 3373 ¹¹
447 3354 627 3395 Πτερννσμὸς
645 3354 701 3391 γὰρ
720 3350 912 3391 ἑρμηνεύεται
928 3354 961 3381 τὸ
978 3351 1071 3390 ὄνομα
1089 3351 1178 3381 αὑτοῦ
1193 3373 1200 3387 ,
1214 3346 1372 3389 supplan-

1409 3297 1494 3331 unde
1520 3298 1644 3331 factum
1666 3304 1777 3352 :pyv
