2516 3791
298 209 393 272 694

298 316 468 359 potestate
481 308 569 360 ejus.
589 307 651 345 95.
669 308 706 344 Ε
709 315 722 344 t
737 307 930 344 nesciebat
942 305 1147 356 praefectus
1161 314 1248 338 car-

298 372 394 408 ceris
427 369 606 421 aliquid:
626 370 757 404 omnia
784 368 886 403 enim
917 373 1027 402 erant
1059 366 1100 400 in
1132 376 1251 400 manu

299 432 458 482 Joseph,
489 443 533 467 eo
564 428 668 480 quod
696 429 888 465 Dominus
917 433 999 462 erat
1021 438 1107 463 cum
1136 436 1193 469 e0,
1215 430 1252 460 et

300 494 431 529 omnia
452 504 537 543 quae
565 489 846 541 ipse-faciebat,
875 487 1065 524 Dominus
1091 498 1249 538 prospe-

299 567 387 590 rare
395 553 573 604 faciebat
594 553 636 587 in
653 551 832 586 manibus
846 550 942 601 ejus.
959 547 1055 587 Vide
1072 545 1251 598 quomodo

300 613 534 651 comitabatur
563 625 645 648 eum
672 618 842 662 perpetuo
874 623 1026 661 superna
1060 608 1197 661 gratia,
1219 616 1253 645 et

300 674 416 712 omnia
435 686 513 723 quae
533 671 699 718 faciebat,
713 678 812 708 erant
831 669 933 722 plena
950 669 1076 721 gratia.
1097 669 1172 706 Hoc
1188 668 1252 719 igi-

98 752 286 789 Muralisepi—
300 745 359 773 tur
378 744 410 772 et
433 748 494 772 nos
522 732 749 781 studeamus,
772 741 811 769 ut
829 730 1017 769 nobiscum
1035 745 1173 783 semper
1192 729 1254 767 ha-

97 796 190 830 togas.

301 797 447 834 beamus
464 793 679 842 Dominum,
699 801 732 831 et
752 802 792 830 ut
812 807 890 844 quae
910 807 930 831 a
949 792 1052 830 nohis
1079 791 1186 839 fiunt,
1210 789 1255 827 ab

302 857 364 894 illo
378 864 638 909 prosperentur.
655 856 748 893 Nam
767 854 829 905 qui
848 854 947 891 illius
965 853 1142 891 auxilium
1162 866 1255 890 asse—

131 934 185 961 Oet
200 934 288 970 gratia
303 915 433 966 quitur,
455 914 563 952 etiam
584 912 619 950 in
643 911 770 950 mediis
789 912 892 949 malis
911 912 1083 949 exsistens
1108 910 1254 961 ridebit,

101 975 192 1002 officit

257 979 343 1014 utac
372 975 475 1013 nihili
506 974 649 1027 putabit
674 973 814 1020 omnia,
834 973 990 1011 Domino
1018 973 1179 1010 omnium
1197 972 1255 1009 fa—

99 1016 288 1085 oppriffiffine
303 1037 413 1075 ciente
434 1045 466 1075 et
485 1035 693 1088 disponente
715 1044 840 1072 cuncta
851 1063 862 1083 ,
881 1043 920 1072 ut
944 1047 1111 1086 prospere
1129 1046 1255 1071 succe—

301 1099 386 1137 dant
406 1098 539 1148 onmia,
560 1106 665 1148 atque
685 1096 797 1134 ardua
819 1096 937 1134 facilia
957 1094 1135 1133 reddente.
1157 1096 1257 1142 Quo-

302 1160 407 1198 modo
438 1169 556 1198 autem
589 1158 784 1210 poterimus
813 1158 1002 1195 nobiscum
1032 1156 1162 1195 habere
1182 1157 1256 1193 Do-

302 1222 454 1265 minum,
475 1222 524 1259 ita
550 1229 587 1257 ut
615 1220 693 1272 ipso
722 1219 897 1271 dirigente
917 1232 1084 1271 prospere
1110 1231 1258 1269 agamus

303 1283 339 1320 in
356 1281 551 1320 omnihus?
567 1281 606 1319 Si
623 1280 733 1318 sobrii
751 1280 1010 1331 vigilantesque
1026 1278 1213 1326 fuerimus,
1226 1287 1259 1316 et

303 1342 433 1380 imitati
464 1342 635 1380 fuerimus
652 1340 794 1394 juvenis
823 1340 922 1378 illius
950 1339 1203 1378 continentiam
1226 1349 1259 1377 et

302 1404 391 1441 alias
404 1403 568 1451 virtutes,
587 1403 818 1452 animumque
833 1415 1054 1453 generosum,
1069 1415 1109 1439 ac
1125 1401 1259 1439 videri-

304 1479 384 1502 mus
403 1463 453 1502 sic
473 1464 591 1501 omnia
608 1463 686 1501 fieri
704 1462 895 1514 diligenter
905 1471 1079 1514 oportere,
1097 1471 1136 1500 ut
1155 1477 1259 1499 num-

303 1539 411 1576 quam
444 1539 464 1562 a
495 1524 648 1561 Domino
686 1523 986 1572 condemnemur;
1016 1522 1078 1560 sed
1108 1523 1260 1561 sciamus

304 1585 472 1637 possibile
507 1598 577 1622 non
611 1598 684 1621 esse
699 1614 708 1631 ,
740 1593 778 1621 ut
821 1583 1017 1621 occultetur
1050 1583 1188 1634 aliquid
1216 1583 1261 1621 ab

305 1646 406 1683 oculo
426 1645 488 1682 illo
505 1644 568 1695 qui
591 1643 784 1682 dormitare
803 1642 946 1694 nequit,
966 1658 1092 1681 verum
1125 1658 1263 1682 necesse

304 1707 448 1745 omnino
462 1720 548 1756 esse,
563 1715 602 1743 ut
616 1705 646 1743 is
659 1705 721 1756 qui
735 1713 869 1757 peccat,
884 1704 1071 1757 suppliciis
1085 1705 1262 1743 obnoxius

304 1770 378 1806 liat.
393 1769 515 1819 Neque
530 1766 677 1819 majoris
691 1766 864 1804 faciamus
880 1766 1044 1804 timorem
1058 1766 1261 1816 hominum,

303 1844 412 1881 quam
443 1828 726 1880 indignationem
757 1826 843 1877 Dei,
871 1826 932 1864 sed
961 1841 1135 1865 memores
1153 1827 1264 1865 simus

305 1905 442 1944 semper
469 1890 663 1929 verborum
690 1889 823 1941 Joseph
857 1888 1007 1927 dicentis
1029 1904 1036 1925 :
1063 1891 1264 1940 Quomodo

300 1956 454 2006 faciam
469 1953 632 1989 verbum
644 1952 715 1988 hoc
727 1951 888 1997 malum,
904 1959 940 1988 et
950 1953 1118 2002 peccabo
1132 1965 1265 1989 coram

305 2016 419 2052 Deo?
436 2013 552 2064 Igitur
579 2010 721 2062 quando
748 2025 811 2048 nos
839 2011 960 2061 aliqua
985 2011 1152 2062 cogitatio
1178 2026 1263 2064 per—

307 2074 446 2121 turbat,
464 2073 531 2110 hoc
548 2073 584 2110 in
603 2081 720 2110 mente
741 2086 923 2110 versemus
942 2073 1114 2122 verbum,
1139 2082 1172 2111 et
1191 2082 1265 2111 sta-

307 2136 374 2173 tim
393 2135 538 2185 effugiet
562 2133 676 2171 omnis
691 2134 815 2171 illicita
833 2134 1128 2186 concupiscentia.
1144 2136 1267 2186 Itaque
1307 2143 1312 2149 '

308 2197 383 2235 sive
396 2196 477 2246 quis
496 2209 686 2247 corporum
705 2194 988 2246 concupiscentia
1007 2196 1183 2247 capiatur,
1193 2196 1268 2234 sive

309 2257 540 2310 pecuniarum
566 2270 701 2305 amore,
723 2255 798 2294 sive
834 2256 904 2293 alia
938 2255 1095 2306 quadam
1112 2256 1267 2295 absurda

310 2319 505 2371 voluptate,
526 2317 645 2356 statim
664 2317 733 2355 hoc
752 2317 896 2368 cogitet,
915 2317 1018 2356 illum
1044 2332 1170 2370 nempe
1196 2332 1268 2357 esse

309 2381 372 2433 qui
392 2394 455 2418 nos
475 2379 697 2429 condemnet,
720 2393 739 2416 a
760 2393 831 2429 quo
847 2393 915 2417 non
944 2388 996 2417 est
1022 2379 1190 2431 possibile
1210 2395 1268 2419 oc-

310 2442 445 2480 cultare
463 2440 569 2479 etiam
585 2455 625 2478 ea
642 2455 720 2491 quae
739 2440 775 2478 in
789 2449 906 2478 mente
924 2450 1045 2478 nostra
1058 2451 1266 2480 versantur:

310 2512 342 2540 et
357 2503 500 2541 omnino
519 2501 730 2553 effugiemus
747 2502 854 2539 etiam
869 2501 1066 2540 diabolicas
1085 2503 1266 2541 machina-

726 225 763 253 S.
802 222 988 252 Joiffims
1025 219 1268 250 CHRYSOST,

1315 218 1514 247 inunum.
1555 217 1914 248 CONSTANTINOP-

1322 299 1384 347 τὴν
1405 300 1535 338 ἐκείνου
1554 299 1709 344 ἐξουσίαν
1726 294 1813 338 εἶναι
1830 300 2000 339 ἐκέλευσε.
2024 301 2093 339 Καὶ
2109 302 2171 339 οὐκ
2183 295 2224 348 ἦν
2245 303 2262 339 ὁ
2281 301 2345 352 <ip—

1322 360 1584 413 χιδεσμοφύλαξ
1619 361 1797 413 γινώσκων
1825 361 1944 400 οὐδέν·
1977 362 2093 400 πάντα
2122 361 2190 414 γὰρ
2219 356 2261 408 ’ἦν
2289 361 2345 398 διὰ

1322 422 1437 475 χειρὸς
1456 420 1605 474 Ἰωσὴφ,
1623 423 1681 460 διὰ
1701 422 1741 460 τὸ
1761 421 1818 460 τὸν
1847 422 1974 474 Κύριον
2001 424 2075 473 μετ’
2110 425 2214 460 αὐτοῦ
2241 415 2345 467 εἶναι,

1323 483 1382 520 καὶ
1400 483 1466 522 ὅσα
1484 483 1584 527 αὐτὸς
1616 482 1744 531 ἐποίει,
1764 483 1892 535 Κύριος
1920 482 2047 521 εὖώδου
2075 485 2109 522 ἐν
2134 489 2210 526 ταῖς
2227 482 2348 534 χερσὶν

1325 545 1442 582 αὐτοῦ.
1462 543 1595 582 Σκόπεί
1615 546 1688 587 πῶς
1708 547 1896 596 συμπαρῆν
1915 545 2009 597 αὐτῷ
2026 545 2191 590 διηνεκῶς
2205 546 2226 589 ἡ
2246 543 2348 595 χάρις

1323 608 1344 651 ἡ
1363 605 1504 650 ἄνωθεν,
1519 605 1579 643 καὶ
1593 605 1708 644 πάντα
1727 606 1816 657 ἅπερ
1829 605 1979 658 ἔπραττε
1992 605 2135 656 χάριτος
2151 599 2193 651 ἦν
2211 605 2348 650 πεπλη-

1326 666 1475 717 ρωμένα.
1496 668 1610 704 Τοῦτο
1639 666 1750 705 τοίνυν
1774 664 1834 704 κἀὶ
1864 669 1983 716 ἡμεῖς
2000 665 2265 716 σπουδάσωμεν,
2294 664 2351 702 ἵνα

1326 729 1401 778 μεθ’
1421 729 1552 765 ἑαυτῶν
1569 727 1706 779 ἔχωμεν
1733 727 1787 764 ἀεὶ
1805 727 1862 765 τὸν
1878 726 2017 780 Κύριον,
2034 725 2093 764 καὶ
2112 726 2168 764 ἵνα
2193 725 2238 763 τὰ
2266 726 2348 778 παρ’

1324 790 1425 839 ἡμῶν
1441 787 1606 840 γινόμενα
1619 789 1677 826 ὑπ’
1702 787 1831 826 ἐκείνου
1849 788 2096 825 κατευοδῶται.
2117 785 2162 825 ‘O
2178 785 2246 839 γὰρ
2263 785 2350 824 ταύ-

1325 865 1388 897 της
1407 849 1562 893 ἀξιωῡεὶς
1593 852 1655 895 τῆς
1678 851 1803 900 ῥοπῆς,
1821 848 1886 886 κᾶν
1922 848 2041 899 μέσοις
2060 854 2130 892 τοῖς
2157 849 2279 891 δεινοῖς
2303 846 2350 885 ὢν

1326 911 1501 962 τυγχάνῃ,
1532 911 1815 962 καταγελάσεται
1846 910 1999 958 πάντων,
2036 910 2095 947 καὶ
2128 909 2223 948 οὐδὲν
2263 907 2352 946 αὐτὰ

1326 973 1513 1023 ἡγήσεται,
1531 976 1591 1009 τοῦ
1608 972 1786 1010 Δεσπότου
1801 975 1869 1010 τῶν
1887 971 1989 1019 ὅλων,
2008 976 2067 1010 τοῦ
2083 972 2200 1010 πάντα
2215 973 2352 1009 ποιοῦν·

1326 1049 1382 1077 τος
1404 1034 1464 1071 καὶ
1485 1032 1815 1084 μετασκευάζοντος,
1829 1035 2090 1076 κατευοδοῦντος
2105 1035 2198 1084 αὐτῷ
2215 1032 2353 1069 ἅπαντα

1327 1095 1444 1133 καὶτὰ
1465 1095 1615 1147 δυσχερῗΙ
1634 1095 1734 1147 ῥᾴδια
1752 1092 2074 1146 ὺάπεργαζομένου·
2097 1095 2181 1136 Πῶς
2196 1093 2232 1131 δὲ
2251 1093 2354 1139 δυνη-

1329 1156 1461 1207 σόμεθα
1482 1158 1556 1207 μεθ’
1583 1158 1712 1193 ἑαυτῶν
1732 1155 1824 1208 ἔχειν
1851 1156 1908 1194 τὸν
1931 1155 2070 1208 Κύριον,
2091 1155 2151 1192 καὶ
2170 1156 2227 1192 ὑπ’
2250 1155 2354 1192 αὐτοῦ

1328 1219 1596 1257 κατευοδοῧσθαι
1619 1220 1653 1256 ἐν
1685 1218 1834 1265 ἅπασιν,
1857 1217 1942 1256 Ἐὰν
1978 1217 2142 1269 νήφοντες
2173 1209 2268 1266 ῶμεν
2295 1214 2355 1253 καὶ

1332 1279 1579 1331 ἐγρηγορότες,
1607 1279 1665 1317 καὶ
1697 1278 1937 1330 μιμησώμεθα
1958 1283 2017 1316 τοῦ
2046 1277 2122 1316 νέου
2153 1277 2274 1316 τούτου
2292 1276 2354 1324 τὴν

1332 1341 1568 1394 σωφροσύνην,
1590 1343 1648 1380 καὶ
1667 1343 1730 1389 τὴν
1753 1342 1861 1389 ἄλλην
1887 1341 2028 1393 ἀρετὴν,
2047 1341 2107 1379 καὶ
2128 1341 2168 1379 τὸ
2194 1340 2356 1394 φρόνημα

1330 1403 1369 1441 τὸ
1387 1409 1557 1454 γενναῖον,
1580 1403 1638 1441 καὶ
1661 1403 1788 1454 ἴδωμεν
1813 1402 1866 1441 ὅτι
1890 1402 1979 1440 οὕτω
2000 1402 2070 1455 χρὴ
2089 1401 2178 1453 μετὰ
2201 1401 2358 1455 ἀριὲείας

1332 1465 1470 1502 ἅπαντα
1491 1463 1786 1516 διαπράττεσθαι,
1803 1466 1849 1507 ὡς
1871 1463 2045 1514 μηδέποτε
2065 1464 2132 1502 ὑπὸ
2147 1467 2206 1502 τοῦ
2222 1462 2357 1501 Δεσπό-

1331 1541 1390 1563 του
1410 1528 1722 1576 καταγνωσθῆναι,
1746 1526 1821 1563 ἀλλ’
1847 1524 1900 1563 ὅτι
1918 1527 1982 1577 οὐχ
1996 1519 2065 1562 οἶόν
2089 1523 2128 1562 τέ
2144 1540 2221 1562 τινα
2239 1525 2356 1562 λαθεῖν

1332 1588 1462 1624 ἐκεῖνον
1481 1586 1537 1624 τὸν
1560 1585 1749 1636 ἀκοίμητον
1769 1586 1945 1638 ὀφθαλμὸν
1964 1586 2110 1633 εἰδέναι,
2127 1587 2203 1624 ἀλλ’
2222 1585 2355 1637 ἀνάγκη

1332 1649 1471 1691 πάντως
1489 1648 1546 1685 τὸν
1564 1647 1766 1699 ἁμαρτόντα
1785 1654 1859 1690 ταῖς
1884 1647 2069 1700 τιμωρίαις
2086 1647 2271 1685 ὑπεύθυνον
2293 1663 2355 1698 γε-

1336 1709 1466 1747 νέσθαι.
1490 1708 1560 1746 Καὶ
1579 1713 1593 1728 ⁰
1607 1708 1655 1758 μὴ
1677 1708 1926 1761 προτιμότερον
1941 1708 2110 1759 ἡγώμεθα
2126 1708 2184 1746 τὸν
2211 1712 2280 1746 τῶν
2301 1710 2358 1746 ἀν-

1334 1770 1482 1823 Ορώπων
1490 1770 1594 1822 φόὸον
1606 1772 1666 1816 τῆς
1682 1774 1742 1807 τοῦ
1759 1772 1850 1809 Θεοῦ
1869 1770 2154 1822 ἀγανακτήσεως,
2165 1771 2255 1810 ἀλλὰ
2272 1786 2358 1822 μνη·

1336 1830 1532 1881 μονεύωμεν
1547 1830 1604 1868 διὰ
1618 1831 1745 1874 παντὸς
1757 1834 1826 1869 τῶν
1844 1831 2009 1883 ῥημάτων
2025 1837 2084 1870 τοῦ
2097 1831 2228 1885 Ἰωσὴφ
2242 1831 2360 1884 λέγον-

1334 1907 1403 1935 τος·
1415 1893 1499 1935 Πῶς
1514 1892 1650 1939 ποιήσω
1662 1893 1702 1931 τὸ
1717 1895 1757 1945 ῥῆ
1764 1909 1813 1943 μα
1828 1893 1868 1931 τὸ
1881 1893 2031 1945 πονηρὸν
2044 1898 2144 1932 τοῦτο
2154 1923 2164 1940 ,
2177 1893 2237 1932 καὶ
2248 1894 2361 1945 ἆμαρ-

1336 1953 1490 2004 τήσομαι
1515 1953 1668 1992 ἐναντίον
1686 1957 1746 1992 τοῦ
1769 1956 1879 2001 Θεοῦ,
1900 1953 2014 1993 ςὈτοιν
2034 1971 2086 2000 τις
2113 1949 2172 1994 οὖν
2196 1955 2361 2006 λογισμὸς

1337 2018 1430 2065 ἡμᾶς
1451 2015 1664 2067 διαταράττῃ
1677 2045 1686 2063 ,
1706 2020 1806 2054 τοῦτο
1823 2018 1858 2053 ἐν
1877 2019 1920 2067 τῇ
1942 2016 2076 2068 διανοίᾳ
2106 2016 2308 2069 στρέφωμεν
2323 2017 2362 2054 τὸ

1340 2080 1437 2129 ῥῆμα
1449 2107 1458 2125 ,
1474 2077 1534 2115 καὶ
1548 2081 1769 2130 παραχρῆμα
1789 2077 2019 2129 φυγαδεύεται
2031 2085 2129 2117 πᾶσα
2143 2079 2269 2123 ἄτοπος
2287 2080 2362 2116 ἐπι-

1340 2138 1459 2189 Ουμία.
1489 2137 1571 2176 Εἴτε
1603 2132 1661 2175 οὖν
1697 2139 1870 2188 σωμάτων
1906 2139 2073 2192 ἐπιθυμίᾳ
2091 2156 2143 2183 τις
2173 2142 2268 2193 ἁλῷ,
2295 2139 2364 2178 εἴτε

1339 2200 1532 2253 χρημάτων
1554 2199 1675 2252 ἔρωτι,
1687 2199 1754 2238 εἴτε
1776 2200 1863 2252 ἄλλῃ
1880 2202 1948 2239 τινὶ
1963 2201 2084 2253 ἀτόπῳ
2096 2203 2220 2254 ἡδονῇ,
2240 2201 2364 2244 εὐθέως

1339 2265 1440 2299 τοῦτο
1471 2262 1679 2312 λογιζέσθω,
1701 2260 1754 2298 ὅτι
1778 2263 1906 2306 ἐκεῖνος
1925 2266 2010 2313 ἡμῖν
2041 2263 2134 2300 ἐστιν
2163 2265 2180 2300 ὁ
2202 2263 2363 2310 δικάζων,

1340 2323 1375 2361 ὃν
1395 2324 1460 2374 οὐχ
1480 2318 1548 2360 οἶόν
1570 2339 1608 2361 τε
1627 2325 1742 2361 λαθεῖν
1765 2322 1840 2362 οὐδὲ
1863 2323 1907 2361 τὰ
1927 2326 1960 2361 ἐν
1981 2327 2024 2375 τῇ
2045 2324 2178 2377 διανοίᾳ
2199 2324 2364 2375 βουλευό-

1341 2400 1445 2435 μενα·
1466 2385 1526 2422 καὶ
1546 2384 1685 2428 πάντως
1712 2385 1963 2437 διαφευξόμεῡα
1984 2386 2043 2423 καὶ
2069 2385 2130 2429 τὰς
2152 2390 2212 2424 τοῦ
2245 2384 2366 2423 διαέό·

1340 2448 1400 2484 λου
1431 2446 1604 2498 μηχανὰς,
1621 2448 1680 2485 καὶ
1708 2448 1953 2498 ἀπολαύσομεν
1983 2449 2116 2495 πολλῆς
2141 2451 2204 2495 τῆς
2238 2448 2366 2486 ἄνωθεν

1342 2510 1545 2562 συμμαχίας
1557 2526 1564 2533 ·
1584 2505 1624 2556 ἧς
1638 2510 1771 2561 γένοιτο
1787 2510 1920 2554 πάντας
1936 2514 2029 2561 ἡμᾶς
2046 2513 2235 2562 ἐπιτυχεῖν,
2248 2510 2367 2563 χάριτι

310 2564 435 2611 tiones,
448 2577 646 2615 magnoque
664 2561 843 2614 adjutorio
863 2576 1016 2615 superno
1032 2564 1266 2615 juvabimur;
1281 2593 1328 2617 500
1341 2572 1399 2610 καὶ
1429 2572 1669 2624 φιλανθρωπίᾳ
1690 2575 1750 2610 τοῦ
1774 2571 1903 2624 Κυρίου
1923 2574 2024 2623 ἡμῶν
2053 2573 2169 2619 Ἰησοῦ
2194 2573 2346 2624 Χριστοῦ
2359 2601 2368 2618 ‚

310 2639 381 2675 quo
400 2625 501 2663 nobis
514 2624 584 2661 frui
605 2624 786 2675 contingat
802 2623 969 2661 omnibus
987 2625 1100 2676 gratia
1119 2634 1153 2663 et
1170 2626 1269 2664 beni·
1294 2634 1316 2659 Α
1343 2636 1416 2684 μεθ’
1439 2627 1477 2672 οῧ
1498 2636 1547 2685 τῷ
1580 2633 1719 2685 Πατρὶ,
1742 2634 1815 2683 ἅμα
1849 2636 1899 2686 τῷ
1926 2634 2014 2686 ἁγίῳ
2042 2634 2244 2684 Πνεύματι,
2270 2633 2322 2646 Μ’

311 2687 444 2737 gnitate
471 2685 618 2724 Domini
649 2685 759 2724 nostri
793 2686 878 2724 Jesu
909 2685 1066 2735 Christi,
1097 2687 1153 2725 eui
1189 2702 1270 2726 cum

313 2749 416 2786 Patre
444 2757 477 2785 et
510 2756 629 2785 sancto
660 2747 798 2799 Spiritu
831 2746 875 2785 sit
908 2747 1037 2799 gloria,
1059 2747 1270 2802 imperium,

314 2807 441 2857 honor,
459 2822 553 2846 nunc
569 2817 602 2846 et
621 2822 771 2861 semper,
788 2817 821 2846 et
837 2808 873 2847 in
892 2808 1022 2848 saecula
1042 2810 1267 2850 saeculorum.

316 2871 443 2906 Amen.

361 3012 376 3035 Ι·
394 3011 544 3051 Quintum·
561 3012 636 3044 Mss.
657 3020 928 3058 κατεργαζομένου.

2267 2646 2367 2680 οοςα,

1343 2696 1489 2748 κράτος,
1507 2695 1592 2746 τιμὴ
1607 2726 1617 2743 ,
1638 2701 1696 2734 νῦν
1716 2697 1775 2734 καὶ
1799 2696 1872 2744 ἀεὶ,
1895 2697 1955 2735 καὶ
1981 2699 2027 2740 εἷς
2052 2696 2130 2740 τοὺς
2151 2699 2278 2741 αἰῶνας
2300 2699 2368 2735 τῶν

1344 2757 1489 2795 αἰώνων.
1508 2757 1631 2808 Ἀμήν.

1407 3024 1418 3036 s
1438 3013 1497 3045 Sex
1518 3013 1591 3044 Mss.
1610 3018 1654 3054 μή
1672 3019 1817 3058 πρότερον
1833 3017 1985 3054 ἡγώμεθα.
