2516 3791
168 872 193 890 ι.
212 864 284 901 Reg.
302 872 326 891 1.

165 1348 255 1375 Rom.
291 1356 336 1377 ¹2.

165 2028 278 2064 [Ileg.
298 2036 324 2056 1.

167 2077 216 2104 17.

213 2151 347 2179 Mansue-

172 2193 232 2219 udo
258 2204 349 2231 quan-

296 2235 349 2261 bo-

159 2241 222 2260 lum

162 2286 244 2305 num.

163 2458 345 2488 11,-1’«Ι.ν.18.

371 135 464 193 834
832 150 869 179 s.

369 234 430 273 sed
445 234 615 272 hactenus
634 233 748 286 aperit
763 246 864 270 suam
880 232 1111 275 anxietatem
1122 239 1161 267 ut
1183 238 1322 267 tantum

368 310 441 334 sese
456 294 552 347 apud
567 294 786 332 sacerdotem
804 300 983 344 purgaret.
1002 291 1148 327 stlzclier
1165 293 1207 327 in
1226 291 1322 328 duro

368 358 430 395 die
456 371 524 408 ego
550 370 634 394 sum
655 371 666 391 .-
687 358 826 392 vinum
864 362 900 390 et
941 352 1132 404 quidquid
1153 353 1324 390 inebriat

369 433 447 456 non
468 421 558 464 hibi,
577 418 645 455 sed
661 416 828 468 efflcndo
844 416 1019 451 animam
1043 427 1169 450 meam
1188 427 1322 451 coram

366 481 549 517 Domino.
567 479 645 515 Non
660 478 720 523 ait,
735 478 915 527 Deprecor
933 473 1142 522 Dominum,
1158 474 1320 527 supplico

366 540 533 586 Domino,
549 538 622 586 sed,
638 539 676 575 E
678 537 822 590 [fundo
848 538 1021 573 animam
1043 549 1170 572 meam
1189 549 1320 573 coram

365 604 536 640 Domino
554 616 564 636 :
586 600 655 637 hoc
669 607 735 646 est,
756 597 935 650 Meipsam
956 606 1067 636 totam
1095 597 1254 635 converti
1273 596 1321 635 ad

365 662 570 708 Dominum,
586 669 740 698 mentem
761 673 876 697 meam
899 658 1071 698 evacuavi
1083 657 1180 711 apud
1197 658 1318 706 illum,

363 733 436 762 toto
452 722 586 772 animo,
609 731 751 772 totaque
775 720 909 759 virtute
936 720 1175 773 precationem
1204 734 1320 758 meam

363 786 494 838 peregi,
511 786 586 823 Deo
608 782 750 822 narravi
766 782 1003 820 calamitatem
1026 796 1156 832 meam,
1183 781 1320 820 ostendi

365 847 516 893 vulnus3
551 846 611 883 ille
648 853 762 896 potest
797 843 883 881 dare
913 842 1126 882 remedium.
1157 845 1218 881 Ne
1255 844 1320 881 des

366 909 555 947 ancillam
583 910 625 944 in
637 908 806 959 faciem,
838 907 880 942 in
900 906 1037 958 filiam
1064 905 1320 956 pestilentem.

365 969 503 1006 Rursus
515 966 682 1004 ancillam
697 964 854 1017 appellat
868 963 1032 1015 seipsam,
1047 962 1198 999 multam
1219 961 1323 999 adhi-

364 1031 452 1069 bens
474 1043 612 1078 curam,
637 1041 680 1065 ne
699 1041 719 1064 a
738 1024 919 1063 sacerdote
950 1024 1083 1061 malam
1113 1023 1242 1060 referat
1269 1023 1322 1060 fa-

365 1106 461 1129 mam
482 1107 490 1127 :
513 1105 577 1128 nec
605 1088 704 1142 apud
724 1102 761 1126 se
779 1086 876 1125 dixit
896 1101 903 1122 :
921 1085 1022 1132 Quid
1046 1085 1137 1122 mihi
1159 1099 1252 1123 curce
1272 1093 1322 1122 est

366 1155 469 1194 istius
499 1153 701 1192 calumnia?
721 1152 924 1203 ignoranter
944 1164 984 1188 ac
1005 1159 1136 1188 temere
1163 1157 1319 1198 accusat,

367 1216 568 1268 suspicatur
591 1214 655 1252 ubi
674 1214 766 1251 nihil
787 1222 860 1251 erat
877 1227 990 1265 opus,
1012 1225 1090 1249 mea
1111 1209 1322 1249 conscicntia

366 1292 457 1330 pura
485 1287 571 1326 esto,
588 1286 623 1315 et
641 1290 761 1314 omnes
780 1290 835 1313 me
855 1273 1043 1312 traducant
1063 1288 1070 1309 :
1092 1272 1154 1310 sed
1181 1281 1323 1325 aposto-

367 1339 473 1377 licam
504 1339 604 1376 illam
631 1336 793 1389 implevit
825 1336 953 1387 legem,
982 1348 1064 1385 quae
1093 1333 1255 1385 praecipit
1283 1341 1323 1370 ut

365 1399 620 1452 provideamus
643 1398 736 1436 bona
756 1411 825 1434 non
847 1405 986 1434 tantum
1013 1408 1133 1433 eoram
1154 1393 1322 1443 Domino,

364 1460 426 1498 sed
441 1461 548 1498 etiam
573 1473 692 1497 coram
718 1457 936 1495 hominibus.
960 1458 1076 1506 Atque
1098 1454 1195 1493 omni
1216 1454 1323 1493 modo

363 1522 600 1574 suspicionem
615 1520 771 1572 depulit,
792 1533 873 1557 cum
890 1518 952 1566 ait,
968 1519 1028 1555 Ne
1044 1518 1110 1554 des
1127 1517 1320 1554 ancillam

364 1593 473 1621 tuam
491 1585 533 1620 in
545 1583 713 1635 faciem,
730 1583 772 1617 in
787 1581 916 1632 filiam
939 1579 1196 1630 pestilentem.
1220 1578 1319 1623 Quid

361 1653 481 1682 autem
496 1652 560 1691 est,
577 1645 627 1680 In
639 1644 821 1695 faciem?
837 1642 890 1678 Ne
910 1654 966 1677 me
981 1639 1162 1677 existimes
1185 1638 1319 1676 effron-

362 1715 433 1743 tem
444 1714 478 1743 et
489 1704 733 1756 impudentem
747 1716 833 1741 esse.
854 1701 1019 1753 Angoris,
1032 1714 1101 1738 non
1113 1699 1320 1739 vinolentiae

362 1776 413 1805 est
428 1767 503 1804 haec
521 1765 693 1803 audacia:
711 1763 884 1810 moeroris,
904 1775 974 1800 non
995 1761 1190 1799 ebrietatis.
1217 1760 1316 1807 Quid

361 1828 472 1880 igitur
488 1827 675 1866 sacerdos?
691 1825 882 1864 Considera
899 1833 933 1862 et
949 1823 1046 1861 illins
1061 1821 1294 1875 prudentiam
1311 1840 1318 1859 :

360 1905 429 1929 non
466 1890 654 1941 inquisivit
688 1887 824 1927 curiose
860 1886 905 1924 de
937 1899 1061 1938 genere
1089 1885 1319 1935 calamitatis,

360 1966 429 1990 non
449 1951 609 1990 exactius
635 1958 810 1989 scrutatus
831 1957 880 1986 est
898 1947 1042 1999 angoris
1059 1961 1202 1984 causam
1225 1962 1232 1983 :
1255 1947 1317 1985 sed

361 2012 448 2063 quid
475 2012 549 2050 ait?
580 2013 686 2049 Vade
716 2014 758 2048 in
782 2024 894 2062 pace,·
924 2010 988 2046 det
1024 2010 1093 2046 tibi
1123 2009 1319 2046 Dominus

363 2075 469 2111 Deus
485 2073 610 2111 Israel
629 2086 782 2110 omnem
799 2073 1041 2123 petitionem,
1060 2083 1180 2122 quam
1204 2071 1253 2107 ab
1273 2083 1317 2108 eo

360 2137 500 2186 petisti.
528 2134 662 2172 Mulier
693 2147 739 2171 ex
767 2141 971 2170 accusatore
999 2130 1081 2167 fecit
1110 2139 1313 2182 patronum.

363 2198 521 2235 Tantum
546 2195 682 2232 bonum
706 2203 758 2232 est
782 2192 985 2230 humanitas
1007 2205 1048 2229 ac
1065 2191 1315 2229 mansuetudo.

364 2259 434 2296 Pro
448 2256 659 2294 contumelia
676 2254 817 2307 copioso
829 2262 972 2305 accepto
988 2251 1120 2290 viatico
1136 2251 1314 2302 discessit,

363 2333 513 2370 eumque
546 2327 647 2356 nacta
685 2326 736 2355 est
772 2323 1056 2368 propugnantem
1087 2323 1121 2352 et
1150 2313 1316 2352 interces—

361 2396 492 2430 sorem,
508 2394 613 2432 quem
633 2379 808 2417 habuerat
834 2378 1113 2429 objurgatorem.
1134 2378 1185 2413 Ac
1203 2389 1245 2413 ne
1265 2375 1316 2414 sic

361 2443 508 2495 quidem
519 2441 666 2491 destitit,
678 2440 739 2478 sed
761 2453 885 2477 rursus
896 2438 946 2476 ait
956 2453 963 2474 ε
973 2440 1019 2475 In
1026 2440 1154 2475 veniat
1166 2440 1257 2475 anci
1261 2438 1316 2475 lla

362 2515 428 2543 tua
440 2507 612 2557 gratiam
626 2506 667 2540 in
682 2502 804 2540 oculis
822 2503 898 2538 tuis
916 2516 927 2536 :
944 2499 1013 2537 hoc
1032 2507 1083 2536 est
1104 2514 1111 2534 :
1132 2497 1281 2536 Utinam
1297 2513 1315 2536 e

361 2567 432 2605 sine
446 2579 634 2617 rerumque
648 2564 746 2602 exitu
756 2562 886 2611 discas,
905 2575 962 2599 me
974 2560 1066 2598 hanc
1083 2559 1318 2612 precationem

361 2627 709 2677 obsecrationemque
743 2623 881 2673 fecisse,
925 2636 995 2660 non
1031 2635 1076 2659 ex
1111 2620 1317 2670 vinolentia,

362 2689 424 2727 sed
457 2703 502 2727 ex
536 2701 667 2738 angore
688 2702 695 2722 :
717 2686 769 2723 Et
809 2699 895 2722 cum
927 2685 1039 2729 abiit,
1070 2681 1201 2733 inquit,
1241 2695 1318 2719 non

362 2751 528 2802 amplius
541 2749 724 2787 concidit.
738 2746 853 2787 Vides
868 2744 1029 2783 mulieris
1046 2743 1182 2781 fidem?
1196 2743 1318 2781 Prius-

361 2826 470 2862 quam
497 2810 669 2863 acciperct
704 2808 798 2859 quod
817 2807 1031 2860 postularat,
1059 2804 1208 2858 perinde
1236 2818 1318 2842 con-

362 2873 427 2910 fisa
455 2881 520 2921 est,
555 2870 655 2922 quasi
683 2870 757 2921 jam
785 2868 990 2920 accepisset.
1018 2867 1060 2904 ln
1094 2879 1198 2903 causa
1226 2873 1316 2914 erat,

908 149 1012 179 Jom·
1022 149 1042 177 N
1052 149 1085 177 lS
1122 148 1363 178 CHRYSOST.

1403 151 1606 181 anctum).
1645 152 1996 186 CONSTANTINOP.

1388 232 1606 284 λογήσασθαι
1628 235 1714 288 πρὸς
1741 236 1798 274 τὸν
1827 238 1922 289 ἱερέα
1951 239 2066 289 μόνον.
2095 242 2188 289 Γυνὴ
2216 243 2251 279 ἐν
2283 245 2419 296 σκληρᾶ

1389 293 1518 345 ἡμέρα,
1535 296 1651 346 φησὶν,
1670 296 1738 347 ἐγώ
1765 299 1858 349 εἶμι·
1877 299 1936 337 καὶ
1961 293 2048 338 οἶνον
2079 302 2140 339 καὶ
2180 302 2341 353 μέθυσμα
2380 286 2418 342 ot]

1391 354 1559 417 πέπωξα,
1576 356 1636 393 καὶ
1657 357 1769 409 ἐκχέω
1784 358 1866 406 ἃτὴν
1892 360 2008 411 ψυχήν
2030 376 2096 410 μου
2111 362 2258 400 ἐνώπιον
2278 364 2419 417 Κυρίου.

1393 416 1470 453 Οὐκ
1488 419 1593 463 εἶπεν,
1608 416 1757 469 εὔχομαι
1774 421 1825 472 τῷ
1846 422 1947 472 Θεῷ,
1966 421 2110 460 ἱκετεύω
2134 423 2193 462 τὸν
2218 424 2323 472 Θεὸν,
2344 427 2420 463 ἀλλ’

1392 474 1532 529 Ἐκχέω
1558 477 1621 524 τὴν
1645 480 1762 531 ψυχήν
1793 496 1860 531 μου
1887 481 2032 520 ἐνώπιον
2054 483 2204 535 Κυρίου·
2224 485 2418 532 τουτέστιν,

1388 536 1474 584 ὅλην
1488 539 1641 589 ἐμαυτὴν
1662 540 1861 591 μετέστησα
1881 543 1966 595 πρὸς
1986 544 2043 582 τὸν
2063 545 2166 591 Θεὸν,
2185 545 2249 592 τὴν
2266 546 2420 586 διάνοιάν

1390 614 1455 649 μου
1475 598 1667 644 ἐξεκένωσα
1685 602 1772 654 πρὸς
1792 602 1910 649 αὐτὸν,
1932 604 1994 656 ὅλῃ
2011 607 2107 657 ψυχῇ
2125 606 2184 644 καὶ
2202 606 2345 658 δυνάμει
2357 607 2420 654 τὴν

1390 661 1495 713 εὐχήν
1519 677 1584 712 μου
1607 663 1848 715 ἐποιησάμην,
1863 658 1960 703 εἷπον
1981 669 2032 719 ’τῷ
2048 668 2130 719 Θεῷ
2154 667 2217 714 τὴν
2241 668 2421 720 συμφορὰν

1389 722 1452 769 τὴν
1466 722 1568 773 ἐμὴν,
1582 723 1748 768 ἔδειξατὸ
1765 726 1862 770 ἕλκος
1875 742 1882 749 ·
1904 727 2032 770 ἐκεῖνος
2050 727 2089 766 τὸ
2109 727 2292 781 φάρμακον
2314 732 2423 766 θεῖναι

1391 783 1546 822 δύναται.
1577 785 1640 832 Μὴ
1666 786 1732 838 δῷς
1758 786 1820 833 τὴν
1844 787 1968 834 δούλην
1998 804 2058 826 σου
2085 791 2132 832 εἷς
2152 789 2352 841 πρόσωπον,
2375 793 2422 833 εἷς

1389 846 1559 898 θυγατέρα
1580 847 1719 897 λοιμήν.
1742 848 1856 887 Πάλιν
1889 849 2011 897 δούλην
2051 850 2177 897 ἑαυτὴν
2217 852 2338 893 καλεῖ,
2363 852 2422 889 καὶ

1389 907 1523 955 πολλὴν
1554 915 1706 946 ποιεῖται
1731 910 1898 958 σπουδὴν,
1930 911 2022 949 ὥστε
2056 911 2104 962 μὴ
2138 912 2294 965 πονηρὰν
2322 911 2422 956 δόξαν

1392 970 1490 1022 παρὰ
1507 972 1557 1022 τῷ
1578 972 1662 1021 ἱερεῖ
1679 970 1810 1009 λαὸεῖν.
1825 972 1896 1009 Καὶ
1911 973 1973 1010 οὐκ
1984 966 2059 1011 εἷπε
2077 973 2163 1026 πρὸς
2174 973 2300 1020 ἑαυτήν
2314 989 2322 996 ·
2338 973 2373 1011 τί
2388 974 2424 1012 δέ
2472 971 2475 977 ”

1391 1046 1449 1081 μοι
1470 1030 1568 1081 με’λει
1586 1034 1648 1077 τῆς
1667 1031 1786 1069 τούτου
1802 1032 1984 1079 διαὲολῆς;
2007 1034 2127 1077 ἁπλῶς
2145 1034 2206 1072 καὶ
2221 1035 2296 1082 εἰκῇ
2314 1050 2424 1081 κατη-

1387 1091 1548 1143 γόρησεν,
1565 1091 1791 1131 ὑπώπτευσεν
1813 1095 1860 1135 εἷς
1886 1093 1982 1132 οὐδὲν
2004 1093 2080 1131 δέον
2094 1110 2101 1117 ·
2118 1095 2158 1133 τὸ
2183 1094 2335 1138 συνειδός
2357 1111 2422 1146 μου

1387 1154 1538 1206 καθαρὸν
1559 1152 1669 1199 ἔστω,
1691 1154 1750 1191 καὶ
1781 1153 1908 1197 πάντες
1938 1171 1981 1205 με
2002 1155 2292 1194 διαὸαλλέτωσαν
2305 1171 2313 1179 ·
2333 1156 2424 1195 ἀλλὰ

1388 1214 1445 1252 τὸν
1461 1214 1691 1253 ἀποστολικον
1709 1216 1837 1253 ἐκεῖνον
1858 1215 2009 1267 ἐπλήρου
2030 1216 2147 1267 νόμον,
2159 1216 2216 1255 τὸν
2237 1216 2423 1255 κελεύοντα

1389 1279 1610 1327 προνοεῖσθαι
1639 1275 1731 1314 καλὰ
1758 1275 1805 1326 μὴ
1837 1276 1940 1327 μόνον
1973 1277 2118 1316 ἐνώπιον
2149 1277 2302 1329 Κυρίου,
2333 1277 2423 1316 ἀλλὰ

1390 1337 1449 1375 καὶ
1467 1337 1613 1376 ἐνώπιον
1634 1337 1840 1389 ἀνθρώπων.
1857 1338 1926 1376 Καὶ
1944 1340 2050 1377 παντὶ
2064 1339 2184 1393 τρόπῳ
2194 1339 2257 1386 τὴν
2273 1339 2424 1392 ὑποψίαν

1345 1405 1368 1436 C
1391 1398 1602 1450 ἀπεκρούετο
1635 1399 1806 1450 λέγουσα,
1826 1398 1889 1446 Μὴ
1924 1400 1990 1451 δῷς
2023 1400 2088 1446 τὴν
2120 1400 2249 1447 δούλην
2281 1416 2341 1439 σου
2375 1403 2424 1444 εἰς
2469 1421 2471 1426 v

2124 1461 2132 1474 l
2168 1461 2202 1474 ‘xl

1389 1459 1596 1512 πρόσωπον,
1629 1462 1675 1504 εἷς
1713 1459 1885 1513 θυγατέρα
1914 1460 2055 1511 λοιμήν.
2083 1462 2130 1499 Τι
2165 1475 2201 1498 οε
2234 1464 2340 1508 ἐστιν,
2361 1463 2424 1505 Εἰς
2468 1487 2471 1492 -

1389 1521 1606 1573 πρόσωπον5
1631 1520 1690 1568 Μὴ
1724 1520 1888 1573 νομίσῃς,
1920 1523 2145 1574 ἀναίσχυντον
2175 1515 2262 1559 εἷναί
2291 1539 2335 1573 με
2364 1522 2424 1560 καὶ
2468 1535 2470 1537 ·

1391 1583 1531 1633 ἰταμήν.
1550 1582 1732 1632 Ἀθυμίας,
1754 1584 1792 1619 οὐ
1810 1582 1994 1633 παροινίας
2016 1583 2108 1621 ἐστὶν
2135 1582 2223 1628 αὕτη
2242 1587 2262 1629 ἡ
2284 1586 2424 1637 παῤῥη-
2467 1609 2469 1613 ‹

1391 1643 1468 1682 σία·
1488 1644 1627 1690 ὀδύνης,
1648 1643 1726 1694 οὐχὶ
1749 1642 1868 1693 μέθης.
1897 1643 1944 1681 Τί
1973 1637 2030 1682 οὖν
2046 1648 2064 1683 ὃ
2086 1644 2223 1696 ἱερεύς,
2244 1644 2340 1698 εὈροι
2359 1648 2423 1684 κά·
2466 1668 2468 1673 v

1390 1704 1502 1742 κείνου
1517 1704 1582 1751 τὴν
1603 1704 1756 1743 σύνεσιν·
1779 1707 1817 1742 οὐ
1841 1705 2113 1756 περιειργάσατο
2133 1705 2201 1752 τὴν
2215 1723 2236 1745 σ
2252 1705 2425 1759 υμφορὰν,

1391 1768 1453 1805 οὐκ
1472 1765 1653 1813 ἠὸουλήθη
1676 1767 2020 1818 πολυπραγμονῆσαι
2049 1766 2114 1813 τὴν
2140 1767 2268 1816 αἰτίαν,
2286 1766 2377 1805 ἀλλὰ
2390 1767 2424 1805 τί
2464 1791 2467 1798 2

1389 1843 1497 1880 φησι;
1521 1826 1677 1879 Πορεύου
1701 1828 1735 1864 ἐν
1769 1826 1888 1879 εἰρήνῃ
1905 1843 1912 1851 ·
1934 1826 2006 1879 δῴη
2039 1843 2095 1865 σοι
2122 1828 2250 1880 Κύριος
2278 1831 2296 1866 ὁ
2328 1829 2419 1871 Θεὸς

1389 1892 1449 1927 τοῦ
1473 1887 1619 1941 Ἰσραὴλ
1637 1894 1706 1925 πᾶν
1729 1887 1883 1938 αἴτημα,
1907 1888 1924 1926 δ
1957 1888 2079 1940 ᾐτήσω
2109 1891 2193 1942 παρ’
2212 1890 2334 1926 αὐτοῦ.
2351 1889 2424 1927 Τὸν

1388 1951 1582 2002 κατήγορον
1615 1950 1805 2001 συνήγορον
1843 1950 2030 2003 εἰργάσατο
2063 1954 2084 1997 ἡ
2115 1950 2217 2001 γυνή.
2247 1950 2423 1989 Τοσοῦτόν

1388 2014 1481 2051 ἐστιν
1503 2011 1673 2050 ἐπιείκεια
1686 2012 1748 2050 ’καὶ
1771 2011 1926 2065 πραότης
1949 2000 2076 2050 καλόν..
2086 2012 2155 2051 Καὶ
2187 2011 2264 2050 ἀντὶ
2293 2011 2422 2065 ῧὸρεως

1389 2074 1508 2126 ἐφόδια
1528 2073 1631 2112 ἱκανὰ
1662 2073 1818 2112 λαὸοῧσα
1851 2074 2011 2120 ἀπῆλθε,
2032 2073 2092 2112 καὶ
2110 2073 2311 2126 προστάτην
2343 2073 2424 2125 ἔσχε

1388 2135 1447 2174 καὶ
1473 2134 1689 2187 πρεσὸευτὴν
1719 2134 1778 2172 τὸν
1809 2134 2082 2184 ἐπιτιμήσαντα.
2113 2134 2184 2172 Καὶ
2214 2133 2291 2172 οὐδὲ
2313 2133 2422 2177 οὕτως

1387 2196 1598 2249 ἀφίσταται,
1631 2195 1721 2234 ἀλλὰ
1746 2195 1853 2233 πάλιν
1881 2194 2006 2246 φησίν·
2039 2194 2148 2247 Εὕροι
2173 2199 2195 2241 ἡ
2229 2194 2331 2241 δούλη
2361 2210 2420 2233 σου
2460 2242 2461 2246 ¹

1385 2258 1489 2311 χάριν
1508 2261 1542 2296 ἐν
1561 2258 1752 2309 ὀφθαλμοῖς
1775 2271 1835 2294 σου
1851 2271 1858 2278 ·
1876 2255 2057 2302 τουτέστι,
2078 2256 2200 2306 μάθοις
2219 2255 2276 2293 διὰ
2291 2259 2352 2293 τοῦ
2367 2254 2422 2292 τὲ-

1385 2323 1463 2362 λους
1484 2321 1605 2366 αὐτοῦ,
1626 2318 1686 2356 καὶ
1712 2320 1774 2363 τῆς
1806 2319 1874 2354 τῶν
1910 2317 2130 2368 πραγμάτων
2152 2317 2329 2360 {neoto-eom
2344 2347 2354 2365 ‚
2373 2320 2422 2360 ὡς
2460 2349 2461 2354 ,

1386 2382 1448 2418 οὐκ
1466 2380 1535 2418 ἀπὸ
1561 2378 1760 2432 παροινίας,
1779 2379 1857 2417 ἀλλ’
1885 2379 1919 2424 ἐξ
1954 2377 2076 2426 ὀδύνης
2095 2378 2269 2426 τοσαύτης
2297 2381 2420 2426 ἐποιη-
2458 2400 2459 2403 “

1386 2441 1502 2492 σάμην
1533 2439 1712 2491 ἱκετηρίαν
1748 2440 1807 2478 καὶ
1839 2439 1903 2487 τὴν
1936 2439 2065 2487 δέησιν.
2096 2440 2167 2478 Καὶ
2201 2441 2419 2485 ἀπελθοῦσα,
2458 2471 2459 2485 1

1385 2504 1505 2555 φησὶν,
1527 2502 1641 2541 οὐκέτι
1662 2501 1858 2540 συνέπεσεν.
1880 2495 1980 2545 Εἶδες
1995 2501 2113 2539 πίστιν
2129 2501 2309 2552 γυναικός,
2328 2501 2420 2552 Πρὶν
2458 2529 2459 2534 1

1391 2564 1485 2616 λάὲῃ
1519 2564 1606 2615 ὅπερ
1620 2563 1763 2610 ἥτησεν,
1794 2562 1986 2614 ἐθάρσησεν
2027 2565 2074 2606 ὡς
2107 2562 2274 2601 λαὸοῧσα.
2300 2562 2353 2601 Τὸ
2385 2562 2420 2601 δὲ

1388 2626 1514 2672 αἴτιον,
1537 2626 1590 2663 ὅτι
1629 2623 1718 2676 μετὰ
1747 2625 1882 2669 πολλῆς
1913 2623 2042 2670 ηὔξατο
2074 2626 2137 2670 τῆς
2168 2623 2422 2676 σφοδρότητος,

1389 2685 1477 2737 μετὰ
1506 2686 1657 2731 σπουδῆς
1677 2684 1890 2737 ἀδιακρίτου.
1913 2684 1980 2721 Διὰ
2006 2688 2126 2731 τοῦτο,
2146 2686 2193 2727 ὡς
2217 2683 2256 2722 τὸ
2274 2690 2343 2722 πᾶν
2370 2687 2420 2722 εἷ-

1356 2788 1363 2798 ,
1389 2749 1543 2798 ληφυῖα,
1566 2747 1751 2792 κατῆλθεν.
1767 2744 1899 2787 Ἄλλως
1919 2744 1955 2782 δὲ
1969 2775 1978 2791 ,
1997 2745 2056 2782 καὶ
2076 2747 2094 2783 ὃ
2109 2745 2199 2788 Θεὸς
2221 2745 2342 2783 λοιπὸν
2361 2747 2421 2784 αὖ·

1386 2811 1448 2854 τῆς
1471 2806 1533 2853 τὴν
1566 2806 1717 2856 ἀθυμίαν
1746 2805 1907 2853 ἐξέὸαλε,
1925 2804 2062 2856 μέλλων
2082 2805 2212 2844 διδόναι
2233 2806 2272 2844 τὸ
2297 2807 2420 2859 δῶρον,
2452 2815 2454 2821 “

1385 2868 1528 2915 Ταύτην
1557 2867 1768 2917 ζηλώσωμεν
1795 2867 1854 2904 καὶ
1887 2871 2007 2914 ἡμεῖς,
2029 2866 2088 2904 καὶ
2105 2867 2139 2904 ἐν
2164 2867 2317 2911 ἁπάσαις
2343 2872 2420 2910 ταῖς
2451 2862 2453 2906 i

363 2932 459 2983 quod
488 2941 601 2970 oraret
622 2931 736 2969 multo
762 2945 842 2968 cum
863 2930 1014 2975 fervore,
1034 2928 1218 2978 multoque
1242 2935 1315 2964 stu-
1387 2934 1580 2982 συμφοραῖς
1614 2927 1701 2981 πρὸς
1733 2928 1791 2966 τὸν
1832 2927 1923 2965 (θεὸν
1954 2926 2240 2978 καταφεύγωμεν.
2260 2927 2336 2966 Κᾶν
2366 2927 2417 2978 μὴ
2450 2925 2453 2963 ’,
2502 2943 2508 2974 i

363 2995 422 3032 (lio
453 2994 539 3032 citra
575 2993 683 3031 ullam
718 2991 988 3029 haesitationem.
1026 2989 1126 3027 Hanc
1160 2989 1207 3027 ol)
1239 3002 1315 3026 rem

363 3056 452 3094 abiit
484 3055 585 3106 quasi
624 3063 737 3091 totum
768 3053 1001 3105 impetrasset.
1038 3053 1135 3099 Quin
1172 3050 1316 3102 insuper

366 3119 460 3155 Deus
475 3117 550 3169 jam
573 3124 682 3153 totam
705 3114 919 3152 anxietatem
936 3114 987 3152 illi
1007 3112 1161 3151 excussit
1177 3126 1221 3149 cx
1234 3111 1313 3149 ani-

164 3188 282 3215 1111111115
293 3188 347 3224 opi·
366 3193 437 3225 mo,
458 3176 650 3229 largiturus
675 3176 808 3213 domun
840 3175 936 3226 quod
964 3175 1119 3227 petebat.
1143 3173 1244 3211 Hanc
1265 3172 1315 3209 fe-

164 3231 257 3264 ,ΗΣ-111,

1387 2992 1524 3044 ἔχωμεν
1543 2989 1689 3035 παιδία,
1712 2991 1795 3040 παρ’
1818 2987 1947 3027 ἐκείνου
1966 2990 2137 3038 αἰτῶμεν·
2158 2987 2222 3026 κᾶν
2238 2988 2417 3043 λάὸωμεν,
2450 2994 2451 3022 l
2501 2991 2507 3030 1

1389 3052 1477 3105 μετὰ
1508 3053 1641 3097 πολλῆς
1668 3051 1915 3102 ἀνατρέφωμεν
1948 3049 2036 3088 αὐτὰ
2066 3051 2129 3095 τῆς
2165 3051 2338 3097 σπουδῆς,
2360 3048 2419 3088 καὶ
2448 3066 2451 3087 1
2500 3046 2505 3084 1

1387 3115 1501 3160 πάσης
1519 3112 1580 3163 μὲν
1601 3111 1726 3156 κακίας
1746 3110 1938 3161 ἀπάγωμεν
1966 3109 2045 3153 τοὺς
2061 3109 2175 3158 νέους,
2206 3112 2358 3161 μάλιστα
2380 3109 2416 3148 δὲ
2447 3117 2450 3142 ¹
2498 3125 2503 3140 1

1388 3175 1588 3226 ἀσελγείας·
1611 3173 1764 3226 χαλεπὸς
1785 3172 1852 3224 γὰρ
1876 3166 1972 3215 οὗτος
2000 3175 2018 3209 ὃ
2043 3171 2195 3222 πόλεμος
2209 3201 2218 3219 ,
2236 3172 2296 3210 καὶ
2320 3170 2415 3210 οὐδὲν
2447 3184 2449 3195 ¹
2497 3191 2501 3206 1

367 3246 497 3283 inin-'un
526 3243 706 3281 imitemur
725 3251 756 3279 ct
778 3256 853 3290 noS,
876 3241 959 3278 etin
979 3240 1145 3278 omnibus
1174 3238 1314 3277 afflicti—
1385 3237 1492 3280 οὕτως
1512 3237 1645 3287 ἐνοχλεῖ.
1659 3234 1721 3279 τὴν
1736 3232 1875 3279 ἡλικίαν
1896 3231 2041 3279 ἐκείνην,
2057 3235 2102 3275 ὡς
2124 3236 2222 3270 τοῦτο
2243 3231 2282 3270 τὸ
2292 3231 2413 3274 πάθος.
2446 3235 2461 3283 3·
2494 3246 2499 3264 1

440 3362 535 3395 Colb.
555 3360 622 3394 duo
640 3367 692 3398 τὴν
709 3363 801 3396 δέησίν
816 3374 884 3400 μω.
904 3359 958 3390 sic
975 3358 1074 3389 etiam
1091 3358 1172 3400 ch.
