<?xml version="1.0" encoding="UTF-8"?>
<!DOCTYPE html PUBLIC "-//W3C//DTD XHTML 1.0 Transitional//EN"
    "http://www.w3.org/TR/xhtml1/DTD/xhtml1-transitional.dtd">
<html xmlns="http://www.w3.org/1999/xhtml" xml:lang="en" lang="en">
 <head>
  <title>
</title>
<meta http-equiv="Content-Type" content="text/html;charset=utf-8" />
  <meta name='ocr-system' content='tesseract 3.04.00' />
  <meta name='ocr-capabilities' content='ocr_page ocr_carea ocr_par ocr_line ocrx_word'/>
</head>
<body>
  <div class='ocr_page' id='page_1' title='image "./operaomniaquaeex04johnuoft/operaomniaquaeex04johnuoft_0278.png"; bbox 0 0 2566 3791; ppageno 0'>
   <div class='ocr_carea' id='block_1_1' title="bbox 204 1609 355 1640">
    <p class='ocr_par' dir='ltr' id='par_1_1' title="bbox 204 1609 355 1640">
     <span class='ocr_line' id='line_1_1' title="bbox 204 1609 355 1640; baseline 0.013 -3"><span class='ocrx_word' id='word_1_1' title='bbox 204 1609 355 1640; x_wconf 69' lang='lat' dir='ltr'>Cen.6.:&#39;r.</span> 
     </span>
    </p>
   </div>
   <div class='ocr_carea' id='block_1_2' title="bbox 402 177 870 225">
    <p class='ocr_par' dir='ltr' id='par_1_2' title="bbox 402 177 870 225">
     <span class='ocr_line' id='line_1_2' title="bbox 402 177 870 225; baseline 0 -1"><span class='ocrx_word' id='word_1_2' title='bbox 402 177 494 225; x_wconf 79' lang='lat'>258</span> <span class='ocrx_word' id='word_1_3' title='bbox 831 194 870 224; x_wconf 88' lang='lat' dir='ltr'>S.</span> 
     </span>
    </p>
   </div>
   <div class='ocr_carea' id='block_1_3' title="bbox 389 275 1402 3429">
    <p class='ocr_par' dir='ltr' id='par_1_3' title="bbox 396 275 1354 677">
     <span class='ocr_line' id='line_1_3' title="bbox 398 275 1351 330; baseline -0.002 -16"><span class='ocrx_word' id='word_1_4' title='bbox 398 290 545 330; x_wconf 89' lang='lat' dir='ltr'>operum</span> <span class='ocrx_word' id='word_1_5' title='bbox 564 275 669 314; x_wconf 89' lang='lat' dir='ltr'>semel</span> <span class='ocrx_word' id='word_1_6' title='bbox 691 284 797 327; x_wconf 82' lang='lat' dir='ltr'>atque</span> <span class='ocrx_word' id='word_1_7' title='bbox 816 276 945 314; x_wconf 86' lang='lat' dir='ltr'>iterum</span> <span class='ocrx_word' id='word_1_8' title='bbox 962 289 1003 314; x_wconf 88' lang='lat' dir='ltr'>ae</span> <span class='ocrx_word' id='word_1_9' title='bbox 1022 276 1124 313; x_wconf 88' lang='lat' dir='ltr'>terti0</span> <span class='ocrx_word' id='word_1_10' title='bbox 1142 285 1273 313; x_wconf 87' lang='lat' dir='ltr'>terram</span> <span class='ocrx_word' id='word_1_11' title='bbox 1290 288 1351 312; x_wconf 89' lang='lat' dir='ltr'>eos</span> 
     </span>
     <span class='ocr_line' id='line_1_4' title="bbox 397 334 1351 388; baseline -0.004 -14"><span class='ocrx_word' id='word_1_12' title='bbox 397 336 460 388; x_wconf 89' lang='lat' dir='ltr'>qui</span> <span class='ocrx_word' id='word_1_13' title='bbox 484 346 569 374; x_wconf 86' lang='lat' dir='ltr'>tunc</span> <span class='ocrx_word' id='word_1_14' title='bbox 589 336 760 374; x_wconf 73' lang='lat' dir='ltr'>vivebant</span> <span class='ocrx_word' id='word_1_15' title='bbox 787 336 1037 380; x_wconf 80' lang='lat' dir='ltr'>nominaverit,</span> <span class='ocrx_word' id='word_1_16' title='bbox 1072 334 1259 384; x_wconf 88' lang='lat' dir='ltr'>carnisque</span> <span class='ocrx_word' id='word_1_17' title='bbox 1287 347 1351 370; x_wconf 90' lang='lat' dir='ltr'>no-</span> 
     </span>
     <span class='ocr_line' id='line_1_5' title="bbox 397 395 1351 449; baseline -0.007 -13"><span class='ocrx_word' id='word_1_18' title='bbox 397 398 492 436; x_wconf 86' lang='lat' dir='ltr'>mine</span> <span class='ocrx_word' id='word_1_19' title='bbox 511 397 693 435; x_wconf 79' lang='lat' dir='ltr'>vocaverit</span> <span class='ocrx_word' id='word_1_20' title='bbox 718 397 886 449; x_wconf 86' lang='lat' dir='ltr'>spoliatos</span> <span class='ocrx_word' id='word_1_21' title='bbox 906 395 1102 433; x_wconf 89' lang='lat' dir='ltr'>communis</span> <span class='ocrx_word' id='word_1_22' title='bbox 1131 403 1264 431; x_wconf 84' lang='lat' dir='ltr'>naturae</span> <span class='ocrx_word' id='word_1_23' title='bbox 1289 407 1351 430; x_wconf 84' lang='lat' dir='ltr'>vo-</span> 
     </span>
     <span class='ocr_line' id='line_1_6' title="bbox 397 452 1352 508; baseline -0.007 -12"><span class='ocrx_word' id='word_1_24' title='bbox 397 458 543 496; x_wconf 88' lang='lat' dir='ltr'>cabulo:</span> <span class='ocrx_word' id='word_1_25' title='bbox 565 471 659 495; x_wconf 91' lang='lat' dir='ltr'>nunc</span> <span class='ocrx_word' id='word_1_26' title='bbox 693 471 757 508; x_wconf 89' lang='lat' dir='ltr'>per</span> <span class='ocrx_word' id='word_1_27' title='bbox 786 470 825 493; x_wconf 89' lang='lat' dir='ltr'>ea</span> <span class='ocrx_word' id='word_1_28' title='bbox 857 469 935 505; x_wconf 87' lang='lat' dir='ltr'>quae</span> <span class='ocrx_word' id='word_1_29' title='bbox 966 453 1100 501; x_wconf 86' lang='lat' dir='ltr'>subdit,</span> <span class='ocrx_word' id='word_1_30' title='bbox 1134 452 1352 490; x_wconf 79' lang='lat' dir='ltr'>ineffabilem</span> 
     </span>
     <span class='ocr_line' id='line_1_7' title="bbox 397 512 1352 565; baseline -0.008 -8"><span class='ocrx_word' id='word_1_31' title='bbox 397 518 464 556; x_wconf 92' lang='lat' dir='ltr'>Dei</span> <span class='ocrx_word' id='word_1_32' title='bbox 482 516 781 564; x_wconf 78' lang='lat' dir='ltr'>misericordiam,</span> <span class='ocrx_word' id='word_1_33' title='bbox 805 524 837 552; x_wconf 90' lang='lat' dir='ltr'>et</span> <span class='ocrx_word' id='word_1_34' title='bbox 857 513 1090 565; x_wconf 80' lang='lat' dir='ltr'>indulgentiae</span> <span class='ocrx_word' id='word_1_35' title='bbox 1109 513 1185 565; x_wconf 88' lang='lat' dir='ltr'>ejus</span> <span class='ocrx_word' id='word_1_36' title='bbox 1206 512 1352 564; x_wconf 87' lang='lat' dir='ltr'>magni-</span> 
     </span>
     <span class='ocr_line' id='line_1_8' title="bbox 396 573 1354 623; baseline -0.005 -7"><span class='ocrx_word' id='word_1_37' title='bbox 396 578 555 616; x_wconf 84' lang='lat' dir='ltr'><strong>tudinem</strong></span> <span class='ocrx_word' id='word_1_38' title='bbox 588 575 740 614; x_wconf 78' lang='lat' dir='ltr'>ostendit</span> <span class='ocrx_word' id='word_1_39' title='bbox 775 574 890 612; x_wconf 79' lang='lat' dir='ltr'>nobis.</span> <span class='ocrx_word' id='word_1_40' title='bbox 925 573 1025 623; x_wconf 88' lang='lat' dir='ltr'><strong>Quid</strong></span> <span class='ocrx_word' id='word_1_41' title='bbox 1055 573 1151 612; x_wconf 89' lang='lat' dir='ltr'>enim</span> <span class='ocrx_word' id='word_1_42' title='bbox 1188 573 1268 611; x_wconf 78' lang='lat' dir='ltr'>ait?</span> <span class='ocrx_word' id='word_1_43' title='bbox 1298 574 1354 612; x_wconf 83' lang='lat' dir='ltr'>Et</span> 
     </span>
     <span class='ocr_line' id='line_1_9' title="bbox 397 637 899 677; baseline -0.01 1"><span class='ocrx_word' id='word_1_44' title='bbox 397 641 498 677; x_wconf 80' lang='lat' dir='ltr'><em>dixit</em></span> <span class='ocrx_word' id='word_1_45' title='bbox 514 639 708 676; x_wconf 82' lang='lat' dir='ltr'><em>Dominus</em></span> <span class='ocrx_word' id='word_1_46' title='bbox 734 637 787 674; x_wconf 86' lang='lat' dir='ltr'>ad</span> <span class='ocrx_word' id='word_1_47' title='bbox 803 637 899 674; x_wconf 80' lang='grc' dir='ltr'>Νοέ.</span> 
     </span>
    </p>

    <p class='ocr_par' dir='ltr' id='par_1_4' title="bbox 389 742 1402 3429">
     <span class='ocr_line' id='line_1_10' title="bbox 447 742 1402 809; baseline -0.004 -11"><span class='ocrx_word' id='word_1_48' title='bbox 447 761 485 798; x_wconf 82' lang='lat'>5.</span> <span class='ocrx_word' id='word_1_49' title='bbox 511 758 604 798; x_wconf 85' lang='lat' dir='ltr'>Vide</span> <span class='ocrx_word' id='word_1_50' title='bbox 627 772 804 797; x_wconf 83' lang='lat' dir='ltr'>summam</span> <span class='ocrx_word' id='word_1_51' title='bbox 822 757 1030 797; x_wconf 87' lang='lat' dir='ltr'>bonitatem.</span> <span class='ocrx_word' id='word_1_52' title='bbox 1052 756 1238 809; x_wconf 87' lang='lat' dir='ltr'>Siquidem</span> <span class='ocrx_word' id='word_1_53' title='bbox 1253 757 1352 809; x_wconf 87' lang='lat' dir='ltr'>justo</span> <span class='ocrx_word' id='word_1_54' title='bbox 1377 742 1402 801; x_wconf 62' lang='grc' dir='ltr'><strong>Ᾰ</strong></span> 
     </span>
     <span class='ocr_line' id='line_1_11' title="bbox 392 818 1349 870; baseline -0.002 -12"><span class='ocrx_word' id='word_1_55' title='bbox 392 820 492 870; x_wconf 78' lang='lat' dir='ltr'>huic,</span> <span class='ocrx_word' id='word_1_56' title='bbox 513 820 604 858; x_wconf 87' lang='lat' dir='ltr'>sicut</span> <span class='ocrx_word' id='word_1_57' title='bbox 618 819 752 857; x_wconf 85' lang='lat' dir='ltr'>amicus</span> <span class='ocrx_word' id='word_1_58' title='bbox 769 819 896 867; x_wconf 81' lang='lat' dir='ltr'>amico,</span> <span class='ocrx_word' id='word_1_59' title='bbox 914 818 1151 856; x_wconf 85' lang='lat' dir='ltr'><strong>communicat</strong></span> <span class='ocrx_word' id='word_1_60' title='bbox 1169 832 1247 856; x_wconf 90' lang='lat' dir='ltr'>eam</span> <span class='ocrx_word' id='word_1_61' title='bbox 1267 832 1349 870; x_wconf 86' lang='lat' dir='ltr'>poe-</span> 
     </span>
     <span class='ocr_line' id='line_1_12' title="bbox 393 878 1352 931; baseline -0.002 -13"><span class='ocrx_word' id='word_1_62' title='bbox 393 894 475 918; x_wconf 83' lang='lat' dir='ltr'>nam</span> <span class='ocrx_word' id='word_1_63' title='bbox 489 894 596 931; x_wconf 88' lang='lat' dir='ltr'>quam</span> <span class='ocrx_word' id='word_1_64' title='bbox 610 879 768 917; x_wconf 91' lang='lat' dir='ltr'>humano</span> <span class='ocrx_word' id='word_1_65' title='bbox 784 879 901 931; x_wconf 78' lang='lat' dir='ltr'><strong>generi</strong></span> <span class='ocrx_word' id='word_1_66' title='bbox 921 888 972 916; x_wconf 88' lang='lat' dir='ltr'>est</span> <span class='ocrx_word' id='word_1_67' title='bbox 984 880 993 916; x_wconf 95' lang='lat' dir='ltr'>i</span> <span class='ocrx_word' id='word_1_68' title='bbox 999 888 1235 927; x_wconf 84' lang='lat' dir='ltr'>ntentaturus,</span> <span class='ocrx_word' id='word_1_69' title='bbox 1250 888 1284 916; x_wconf 87' lang='lat' dir='ltr'>et</span> <span class='ocrx_word' id='word_1_70' title='bbox 1295 878 1352 916; x_wconf 85' lang='lat' dir='ltr'>di-</span> 
     </span>
     <span class='ocr_line' id='line_1_13' title="bbox 393 942 1351 992; baseline -0.003 -12"><span class='ocrx_word' id='word_1_71' title='bbox 393 942 462 980; x_wconf 86' lang='lat' dir='ltr'>cit:</span> <span class='ocrx_word' id='word_1_72' title='bbox 485 943 547 980; x_wconf 65' lang='lat'>45.</span> <span class='ocrx_word' id='word_1_73' title='bbox 574 943 738 992; x_wconf 83' lang='lat' dir='ltr'>Tempus</span> <span class='ocrx_word' id='word_1_74' title='bbox 758 943 883 979; x_wconf 80' lang='lat' dir='ltr'>omnis</span> <span class='ocrx_word' id='word_1_75' title='bbox 904 942 1072 978; x_wconf 77' lang='lat' dir='ltr'>hominis</span> <span class='ocrx_word' id='word_1_76' title='bbox 1093 943 1205 978; x_wconf 81' lang='lat' dir='ltr'>venit</span> <span class='ocrx_word' id='word_1_77' title='bbox 1219 954 1351 978; x_wconf 83' lang='lat' dir='ltr'>coram</span> 
     </span>
     <span class='ocr_line' id='line_1_14' title="bbox 395 1001 1351 1053; baseline -0.002 -13"><span class='ocrx_word' id='word_1_78' title='bbox 395 1017 467 1040; x_wconf 85' lang='lat' dir='ltr'>me.</span> <span class='ocrx_word' id='word_1_79' title='bbox 491 1003 593 1052; x_wconf 80' lang='lat' dir='ltr'>Quia</span> <span class='ocrx_word' id='word_1_80' title='bbox 609 1001 771 1053; x_wconf 82' lang='lat' dir='ltr'>impleta</span> <span class='ocrx_word' id='word_1_81' title='bbox 791 1010 847 1040; x_wconf 87' lang='lat' dir='ltr'>est</span> <span class='ocrx_word' id='word_1_82' title='bbox 863 1009 966 1038; x_wconf 81' lang='lat' dir='ltr'>terra</span> <span class='ocrx_word' id='word_1_83' title='bbox 980 1003 1176 1053; x_wconf 80' lang='lat' dir='ltr'>injustitia</span> <span class='ocrx_word' id='word_1_84' title='bbox 1196 1014 1243 1037; x_wconf 81' lang='lat' dir='ltr'>ex</span> <span class='ocrx_word' id='word_1_85' title='bbox 1259 1001 1351 1038; x_wconf 81' lang='lat' dir='ltr'><em>illis.</em></span> 
     </span>
     <span class='ocr_line' id='line_1_15' title="bbox 393 1060 1351 1114; baseline -0.003 -13"><span class='ocrx_word' id='word_1_86' title='bbox 393 1065 448 1101; x_wconf 82' lang='lat' dir='ltr'>Et</span> <span class='ocrx_word' id='word_1_87' title='bbox 467 1076 552 1100; x_wconf 82' lang='lat' dir='ltr'>ecce</span> <span class='ocrx_word' id='word_1_88' title='bbox 567 1075 635 1114; x_wconf 82' lang='lat' dir='ltr'>ego</span> <span class='ocrx_word' id='word_1_89' title='bbox 652 1063 833 1113; x_wconf 80' lang='lat' dir='ltr'>disperdo</span> <span class='ocrx_word' id='word_1_90' title='bbox 849 1062 939 1099; x_wconf 87' lang='lat' dir='ltr'>illos</span> <span class='ocrx_word' id='word_1_91' title='bbox 955 1069 991 1098; x_wconf 87' lang='lat' dir='ltr'>et</span> <span class='ocrx_word' id='word_1_92' title='bbox 1007 1069 1163 1099; x_wconf 77' lang='lat' dir='ltr'>terram.</span> <span class='ocrx_word' id='word_1_93' title='bbox 1175 1060 1274 1107; x_wconf 86' lang='lat' dir='ltr'><strong>Quid</strong></span> <span class='ocrx_word' id='word_1_94' title='bbox 1289 1070 1351 1110; x_wconf 89' lang='lat' dir='ltr'>est,</span> 
     </span>
     <span class='ocr_line' id='line_1_16' title="bbox 396 1123 1351 1176; baseline -0.003 -14"><span class='ocrx_word' id='word_1_95' title='bbox 396 1126 564 1176; x_wconf 82' lang='lat' dir='ltr'><em>Tempus</em></span> <span class='ocrx_word' id='word_1_96' title='bbox 578 1125 704 1161; x_wconf 83' lang='lat' dir='ltr'>omnis</span> <span class='ocrx_word' id='word_1_97' title='bbox 719 1125 887 1161; x_wconf 79' lang='lat' dir='ltr'>hominis</span> <span class='ocrx_word' id='word_1_98' title='bbox 903 1125 1015 1160; x_wconf 82' lang='lat' dir='ltr'>venit</span> <span class='ocrx_word' id='word_1_99' title='bbox 1027 1136 1158 1160; x_wconf 85' lang='lat' dir='ltr'>coram</span> <span class='ocrx_word' id='word_1_100' title='bbox 1174 1136 1234 1159; x_wconf 89' lang='lat' dir='ltr'>me</span> <span class='ocrx_word' id='word_1_101' title='bbox 1244 1126 1261 1159; x_wconf 70' lang='grc' dir='ltr'><em>Ρ</em></span> <span class='ocrx_word' id='word_1_102' title='bbox 1273 1123 1351 1160; x_wconf 85' lang='lat' dir='ltr'>Ma-</span> 
     </span>
     <span class='ocr_line' id='line_1_17' title="bbox 390 1183 1350 1237; baseline -0.001 -15"><span class='ocrx_word' id='word_1_103' title='bbox 390 1199 512 1237; x_wconf 83' lang='lat' dir='ltr'>gnam,</span> <span class='ocrx_word' id='word_1_104' title='bbox 534 1185 664 1236; x_wconf 75' lang='lat' dir='ltr'>inquit,</span> <span class='ocrx_word' id='word_1_105' title='bbox 682 1185 816 1223; x_wconf 86' lang='lat' dir='ltr'>ostendi</span> <span class='ocrx_word' id='word_1_106' title='bbox 841 1184 1063 1237; x_wconf 83' lang='lat' dir='ltr'>patientiam,</span> <span class='ocrx_word' id='word_1_107' title='bbox 1080 1197 1247 1236; x_wconf 85' lang='lat' dir='ltr'>magnam</span> <span class='ocrx_word' id='word_1_108' title='bbox 1264 1183 1350 1221; x_wconf 87' lang='lat' dir='ltr'>tole-</span> 
     </span>
     <span class='ocr_line' id='line_1_18' title="bbox 390 1245 1349 1298; baseline -0.001 -15"><span class='ocrx_word' id='word_1_109' title='bbox 390 1246 558 1295; x_wconf 79' lang='lat' dir='ltr'>rantiam,</span> <span class='ocrx_word' id='word_1_110' title='bbox 580 1246 702 1284; x_wconf 89' lang='lat' dir='ltr'>nolens</span> <span class='ocrx_word' id='word_1_111' title='bbox 714 1246 807 1284; x_wconf 90' lang='lat' dir='ltr'>hanc</span> <span class='ocrx_word' id='word_1_112' title='bbox 825 1246 956 1284; x_wconf 88' lang='lat' dir='ltr'>inferre</span> <span class='ocrx_word' id='word_1_113' title='bbox 971 1259 1128 1298; x_wconf 80' lang='lat' dir='ltr'>poenam,</span> <span class='ocrx_word' id='word_1_114' title='bbox 1143 1259 1250 1296; x_wconf 92' lang='lat' dir='ltr'>quam</span> <span class='ocrx_word' id='word_1_115' title='bbox 1268 1245 1349 1283; x_wconf 86' lang='lat' dir='ltr'>illa-</span> 
     </span>
     <span class='ocr_line' id='line_1_19' title="bbox 390 1305 1348 1358; baseline -0.001 -14"><span class='ocrx_word' id='word_1_116' title='bbox 390 1316 492 1345; x_wconf 88' lang='lat' dir='ltr'><strong>turus</strong></span> <span class='ocrx_word' id='word_1_117' title='bbox 508 1321 586 1345; x_wconf 91' lang='lat' dir='ltr'>sum</span> <span class='ocrx_word' id='word_1_118' title='bbox 604 1323 612 1343; x_wconf 77' lang='grc' dir='ltr'>ε</span> <span class='ocrx_word' id='word_1_119' title='bbox 633 1306 696 1345; x_wconf 89' lang='lat' dir='ltr'>sed</span> <span class='ocrx_word' id='word_1_120' title='bbox 714 1306 796 1357; x_wconf 86' lang='lat' dir='ltr'>quia</span> <span class='ocrx_word' id='word_1_121' title='bbox 814 1305 1005 1344; x_wconf 87' lang='lat' dir='ltr'>immodica</span> <span class='ocrx_word' id='word_1_122' title='bbox 1021 1315 1247 1358; x_wconf 85' lang='lat' dir='ltr'>peccatorum</span> <span class='ocrx_word' id='word_1_123' title='bbox 1269 1305 1348 1343; x_wconf 88' lang='lat' dir='ltr'>illo-</span> 
     </span>
     <span class='ocr_line' id='line_1_20' title="bbox 390 1366 1347 1418; baseline -0.001 -13"><span class='ocrx_word' id='word_1_124' title='bbox 390 1382 471 1405; x_wconf 87' lang='lat' dir='ltr'>rum</span> <span class='ocrx_word' id='word_1_125' title='bbox 484 1367 680 1405; x_wconf 87' lang='lat' dir='ltr'>multitudo</span> <span class='ocrx_word' id='word_1_126' title='bbox 696 1367 730 1405; x_wconf 92' lang='lat' dir='ltr'>in</span> <span class='ocrx_word' id='word_1_127' title='bbox 747 1368 816 1405; x_wconf 86' lang='lat' dir='ltr'>hoc</span> <span class='ocrx_word' id='word_1_128' title='bbox 827 1376 967 1418; x_wconf 87' lang='lat' dir='ltr'>tempus</span> <span class='ocrx_word' id='word_1_129' title='bbox 981 1381 1039 1404; x_wconf 87' lang='lat' dir='ltr'>eos</span> <span class='ocrx_word' id='word_1_130' title='bbox 1052 1367 1220 1415; x_wconf 80' lang='lat' dir='ltr'>adduxit,</span> <span class='ocrx_word' id='word_1_131' title='bbox 1238 1366 1347 1404; x_wconf 88' lang='lat' dir='ltr'>finem</span> 
     </span>
     <span class='ocr_line' id='line_1_21' title="bbox 389 1427 1396 1482; baseline -0.004 -16"><span class='ocrx_word' id='word_1_132' title='bbox 389 1429 433 1466; x_wconf 87' lang='lat' dir='ltr'>iis</span> <span class='ocrx_word' id='word_1_133' title='bbox 452 1429 633 1482; x_wconf 79' lang='lat' dir='ltr'>imponere</span> <span class='ocrx_word' id='word_1_134' title='bbox 654 1437 807 1481; x_wconf 82' lang='lat' dir='ltr'>oportet,</span> <span class='ocrx_word' id='word_1_135' title='bbox 831 1427 1062 1477; x_wconf 77' lang='lat' dir='ltr'>exscindique</span> <span class='ocrx_word' id='word_1_136' title='bbox 1081 1428 1227 1465; x_wconf 89' lang='lat' dir='ltr'>illorum</span> <span class='ocrx_word' id='word_1_137' title='bbox 1241 1427 1348 1465; x_wconf 87' lang='lat' dir='ltr'>mali-</span> <span class='ocrx_word' id='word_1_138' title='bbox 1373 1433 1396 1462; x_wconf 90' lang='lat' dir='ltr'>B</span> 
     </span>
     <span class='ocr_line' id='line_1_22' title="bbox 392 1488 1346 1541; baseline -0.003 -13"><span class='ocrx_word' id='word_1_139' title='bbox 392 1491 495 1540; x_wconf 79' lang='lat' dir='ltr'>tiam,</span> <span class='ocrx_word' id='word_1_140' title='bbox 521 1504 562 1528; x_wconf 91' lang='lat' dir='ltr'>ne</span> <span class='ocrx_word' id='word_1_141' title='bbox 578 1489 730 1528; x_wconf 85' lang='lat' dir='ltr'>ulterius</span> <span class='ocrx_word' id='word_1_142' title='bbox 751 1489 1005 1541; x_wconf 78' lang='lat' dir='ltr'>progrediatur</span> <span class='ocrx_word' id='word_1_143' title='bbox 1023 1504 1030 1524; x_wconf 79' lang='grc' dir='ltr'><em>τ</em></span> <span class='ocrx_word' id='word_1_144' title='bbox 1058 1490 1221 1541; x_wconf 81' lang='lat' dir='ltr'><em>Tempus</em></span> <span class='ocrx_word' id='word_1_145' title='bbox 1239 1488 1346 1534; x_wconf 84' lang='lat' dir='ltr'>enim,</span> 
     </span>
     <span class='ocr_line' id='line_1_23' title="bbox 389 1549 1350 1602; baseline -0.001 -14"><span class='ocrx_word' id='word_1_146' title='bbox 389 1551 530 1602; x_wconf 82' lang='lat' dir='ltr'>inquit,</span> <span class='ocrx_word' id='word_1_147' title='bbox 555 1554 680 1589; x_wconf 82' lang='lat' dir='ltr'>omnis</span> <span class='ocrx_word' id='word_1_148' title='bbox 700 1552 869 1588; x_wconf 79' lang='lat' dir='ltr'>hominis</span> <span class='ocrx_word' id='word_1_149' title='bbox 890 1552 1000 1587; x_wconf 80' lang='lat' dir='ltr'>venit</span> <span class='ocrx_word' id='word_1_150' title='bbox 1015 1563 1149 1587; x_wconf 84' lang='lat' dir='ltr'>coram</span> <span class='ocrx_word' id='word_1_151' title='bbox 1165 1563 1236 1586; x_wconf 86' lang='lat' dir='ltr'>me.</span> <span class='ocrx_word' id='word_1_152' title='bbox 1255 1549 1350 1588; x_wconf 88' lang='lat' dir='ltr'>Vide</span> 
     </span>
     <span class='ocr_line' id='line_1_24' title="bbox 391 1610 1350 1662; baseline -0.004 -12"><span class='ocrx_word' id='word_1_153' title='bbox 391 1612 511 1661; x_wconf 84' lang='lat' dir='ltr'>ethic,</span> <span class='ocrx_word' id='word_1_154' title='bbox 530 1611 710 1662; x_wconf 88' lang='lat' dir='ltr'>quomodo</span> <span class='ocrx_word' id='word_1_155' title='bbox 726 1620 764 1648; x_wconf 86' lang='lat' dir='ltr'>ut</span> <span class='ocrx_word' id='word_1_156' title='bbox 781 1610 945 1662; x_wconf 86' lang='lat' dir='ltr'>superius</span> <span class='ocrx_word' id='word_1_157' title='bbox 962 1610 1115 1659; x_wconf 82' lang='lat' dir='ltr'>dicebat,</span> <span class='ocrx_word' id='word_1_158' title='bbox 1136 1611 1350 1662; x_wconf 81' lang='lat' dir='ltr'>Unusquis-</span> 
     </span>
     <span class='ocr_line' id='line_1_25' title="bbox 390 1670 1348 1726; baseline -0.004 -15"><span class='ocrx_word' id='word_1_159' title='bbox 390 1688 463 1726; x_wconf 80' lang='lat' dir='ltr'>que</span> <span class='ocrx_word' id='word_1_160' title='bbox 474 1676 631 1725; x_wconf 78' lang='lat' dir='ltr'>cogitat,</span> <span class='ocrx_word' id='word_1_161' title='bbox 648 1672 737 1709; x_wconf 87' lang='lat' dir='ltr'>itaet</span> <span class='ocrx_word' id='word_1_162' title='bbox 751 1685 857 1718; x_wconf 84' lang='lat' dir='ltr'>nunc,</span> <span class='ocrx_word' id='word_1_163' title='bbox 871 1673 1004 1708; x_wconf 81' lang='lat' dir='ltr'>Omnis</span> <span class='ocrx_word' id='word_1_164' title='bbox 1018 1670 1198 1708; x_wconf 81' lang='lat' dir='ltr'>hominis.</span> <span class='ocrx_word' id='word_1_165' title='bbox 1211 1671 1348 1708; x_wconf 85' lang='lat' dir='ltr'><strong>Omnes</strong></span> 
     </span>
     <span class='ocr_line' id='line_1_26' title="bbox 389 1730 1347 1782; baseline -0.004 -10"><span class='ocrx_word' id='word_1_166' title='bbox 389 1734 482 1771; x_wconf 84' lang='lat' dir='ltr'>enim</span> <span class='ocrx_word' id='word_1_167' title='bbox 502 1732 740 1781; x_wconf 77' lang='lat' dir='ltr'>consentiunt,</span> <span class='ocrx_word' id='word_1_168' title='bbox 759 1730 805 1768; x_wconf 83' lang='lat' dir='ltr'>ad</span> <span class='ocrx_word' id='word_1_169' title='bbox 820 1731 1049 1781; x_wconf 83' lang='lat' dir='ltr'>iniquitatem</span> <span class='ocrx_word' id='word_1_170' title='bbox 1064 1731 1347 1782; x_wconf 84' lang='lat' dir='ltr'>transfugerunt,</span> 
     </span>
     <span class='ocr_line' id='line_1_27' title="bbox 390 1791 1350 1846; baseline -0.003 -13"><span class='ocrx_word' id='word_1_171' title='bbox 390 1795 519 1846; x_wconf 82' lang='lat' dir='ltr'>inquit,</span> <span class='ocrx_word' id='word_1_172' title='bbox 543 1803 576 1832; x_wconf 87' lang='lat' dir='ltr'>et</span> <span class='ocrx_word' id='word_1_173' title='bbox 596 1794 632 1831; x_wconf 93' lang='lat' dir='ltr'>in</span> <span class='ocrx_word' id='word_1_174' title='bbox 653 1802 751 1831; x_wconf 80' lang='lat' dir='ltr'>tanta</span> <span class='ocrx_word' id='word_1_175' title='bbox 774 1792 1006 1829; x_wconf 90' lang='lat' dir='ltr'>multitudine</span> <span class='ocrx_word' id='word_1_176' title='bbox 1025 1806 1094 1829; x_wconf 90' lang='lat' dir='ltr'>non</span> <span class='ocrx_word' id='word_1_177' title='bbox 1116 1791 1266 1830; x_wconf 80' lang='lat' dir='ltr'>inveniri</span> <span class='ocrx_word' id='word_1_178' title='bbox 1286 1806 1350 1844; x_wconf 88' lang='lat' dir='ltr'>po-</span> 
     </span>
     <span class='ocr_line' id='line_1_28' title="bbox 391 1853 1346 1907; baseline -0.003 -13"><span class='ocrx_word' id='word_1_179' title='bbox 391 1865 456 1894; x_wconf 87' lang='lat' dir='ltr'>test</span> <span class='ocrx_word' id='word_1_180' title='bbox 474 1855 617 1907; x_wconf 83' lang='lat' dir='ltr'>aliquis7</span> <span class='ocrx_word' id='word_1_181' title='bbox 639 1855 696 1893; x_wconf 88' lang='lat' dir='ltr'>eui</span> <span class='ocrx_word' id='word_1_182' title='bbox 708 1853 857 1892; x_wconf 75' lang='lat' dir='ltr'>virtutis</span> <span class='ocrx_word' id='word_1_183' title='bbox 875 1853 923 1891; x_wconf 91' lang='lat' dir='ltr'>sit</span> <span class='ocrx_word' id='word_1_184' title='bbox 938 1867 1033 1892; x_wconf 86' lang='lat' dir='ltr'>cura.</span> <span class='ocrx_word' id='word_1_185' title='bbox 1057 1855 1218 1905; x_wconf 79' lang='lat' dir='ltr'><em>Tempus</em></span> <span class='ocrx_word' id='word_1_186' title='bbox 1235 1853 1346 1904; x_wconf 79' lang='lat' dir='ltr'>enim,</span> 
     </span>
     <span class='ocr_line' id='line_1_29' title="bbox 390 1916 1352 1969; baseline -0.003 -14"><span class='ocrx_word' id='word_1_187' title='bbox 390 1918 507 1969; x_wconf 91' lang='lat' dir='ltr'>inquit</span> <span class='ocrx_word' id='word_1_188' title='bbox 522 1948 534 1964; x_wconf 87' lang='lat'><em>,</em></span> <span class='ocrx_word' id='word_1_189' title='bbox 554 1918 679 1954; x_wconf 86' lang='lat' dir='ltr'>omnis</span> <span class='ocrx_word' id='word_1_190' title='bbox 700 1917 867 1954; x_wconf 80' lang='lat' dir='ltr'>hominis</span> <span class='ocrx_word' id='word_1_191' title='bbox 883 1917 992 1952; x_wconf 80' lang='lat' dir='ltr'>venit</span> <span class='ocrx_word' id='word_1_192' title='bbox 1010 1928 1142 1952; x_wconf 87' lang='lat' dir='ltr'>coram</span> <span class='ocrx_word' id='word_1_193' title='bbox 1158 1929 1228 1953; x_wconf 89' lang='lat' dir='ltr'>me.</span> <span class='ocrx_word' id='word_1_194' title='bbox 1246 1916 1352 1952; x_wconf 85' lang='lat' dir='ltr'>Tem-</span> 
     </span>
     <span class='ocr_line' id='line_1_30' title="bbox 389 1974 1345 2032; baseline -0.004 -15"><span class='ocrx_word' id='word_1_195' title='bbox 389 1993 474 2032; x_wconf 86' lang='lat' dir='ltr'><em>pus,</em></span> <span class='ocrx_word' id='word_1_196' title='bbox 493 1979 562 2016; x_wconf 86' lang='lat' dir='ltr'>hoc</span> <span class='ocrx_word' id='word_1_197' title='bbox 577 1987 641 2026; x_wconf 82' lang='lat' dir='ltr'>est,</span> <span class='ocrx_word' id='word_1_198' title='bbox 654 1976 798 2014; x_wconf 67' lang='lat' dir='ltr'>advenit</span> <span class='ocrx_word' id='word_1_199' title='bbox 814 1985 951 2028; x_wconf 86' lang='lat' dir='ltr'>tempus</span> <span class='ocrx_word' id='word_1_200' title='bbox 969 1990 1040 2026; x_wconf 90' lang='lat' dir='ltr'>quo</span> <span class='ocrx_word' id='word_1_201' title='bbox 1055 1974 1250 2013; x_wconf 86' lang='lat' dir='ltr'>secandum</span> <span class='ocrx_word' id='word_1_202' title='bbox 1264 1975 1345 2026; x_wconf 80' lang='lat' dir='ltr'>erit,</span> 
     </span>
     <span class='ocr_line' id='line_1_31' title="bbox 391 2036 1349 2090; baseline -0.003 -12"><span class='ocrx_word' id='word_1_203' title='bbox 391 2049 425 2078; x_wconf 86' lang='lat' dir='ltr'>ct</span> <span class='ocrx_word' id='word_1_204' title='bbox 447 2039 575 2077; x_wconf 88' lang='lat' dir='ltr'>ulceris</span> <span class='ocrx_word' id='word_1_205' title='bbox 607 2037 760 2090; x_wconf 78' lang='lat' dir='ltr'>repentis</span> <span class='ocrx_word' id='word_1_206' title='bbox 795 2037 852 2075; x_wconf 79' lang='lat' dir='ltr'>vis</span> <span class='ocrx_word' id='word_1_207' title='bbox 881 2036 1148 2089; x_wconf 86' lang='lat' dir='ltr'>compescenda.</span> <span class='ocrx_word' id='word_1_208' title='bbox 1184 2038 1349 2089; x_wconf 76' lang='lat' dir='ltr'>Tempus</span> 
     </span>
     <span class='ocr_line' id='line_1_32' title="bbox 393 2097 1348 2148; baseline -0.003 -9"><span class='ocrx_word' id='word_1_209' title='bbox 393 2103 516 2139; x_wconf 80' lang='lat' dir='ltr'>omnis</span> <span class='ocrx_word' id='word_1_210' title='bbox 537 2102 704 2137; x_wconf 82' lang='lat' dir='ltr'>hominis</span> <span class='ocrx_word' id='word_1_211' title='bbox 725 2101 835 2135; x_wconf 79' lang='lat' dir='ltr'>venit</span> <span class='ocrx_word' id='word_1_212' title='bbox 854 2112 986 2135; x_wconf 79' lang='lat' dir='ltr'>coram</span> <span class='ocrx_word' id='word_1_213' title='bbox 1005 2112 1065 2135; x_wconf 86' lang='lat' dir='ltr'>me</span> <span class='ocrx_word' id='word_1_214' title='bbox 1087 2113 1098 2133; x_wconf 88' lang='lat'>.·</span> <span class='ocrx_word' id='word_1_215' title='bbox 1120 2097 1222 2148; x_wconf 88' lang='lat' dir='ltr'>quasi</span> <span class='ocrx_word' id='word_1_216' title='bbox 1243 2111 1348 2136; x_wconf 91' lang='lat' dir='ltr'>nemo</span> 
     </span>
     <span class='ocr_line' id='line_1_33' title="bbox 391 2158 1396 2210; baseline -0.004 -11"><span class='ocrx_word' id='word_1_217' title='bbox 391 2161 542 2210; x_wconf 82' lang='lat' dir='ltr'>videret,</span> <span class='ocrx_word' id='word_1_218' title='bbox 563 2160 806 2209; x_wconf 80' lang='lat' dir='ltr'>rationemque</span> <span class='ocrx_word' id='word_1_219' title='bbox 819 2158 1031 2196; x_wconf 84' lang='lat' dir='ltr'>delictorum</span> <span class='ocrx_word' id='word_1_220' title='bbox 1045 2159 1090 2196; x_wconf 88' lang='lat' dir='ltr'>ab</span> <span class='ocrx_word' id='word_1_221' title='bbox 1103 2158 1190 2210; x_wconf 90' lang='lat' dir='ltr'>ipsis</span> <span class='ocrx_word' id='word_1_222' title='bbox 1203 2167 1347 2196; x_wconf 75' lang='lat' dir='ltr'>exactu-</span> <span class='ocrx_word' id='word_1_223' title='bbox 1372 2159 1396 2190; x_wconf 88' lang='lat' dir='ltr'>C</span> 
     </span>
     <span class='ocr_line' id='line_1_34' title="bbox 391 2218 1344 2271; baseline -0.003 -11"><span class='ocrx_word' id='word_1_224' title='bbox 391 2236 452 2260; x_wconf 87' lang='lat' dir='ltr'>rus</span> <span class='ocrx_word' id='word_1_225' title='bbox 471 2230 570 2269; x_wconf 87' lang='lat' dir='ltr'>esset,</span> <span class='ocrx_word' id='word_1_226' title='bbox 594 2220 645 2258; x_wconf 87' lang='lat' dir='ltr'>sic</span> <span class='ocrx_word' id='word_1_227' title='bbox 664 2233 737 2258; x_wconf 88' lang='lat' dir='ltr'>sese</span> <span class='ocrx_word' id='word_1_228' title='bbox 756 2219 860 2256; x_wconf 86' lang='lat' dir='ltr'>malis</span> <span class='ocrx_word' id='word_1_229' title='bbox 879 2219 1046 2271; x_wconf 87' lang='lat' dir='ltr'>operibus</span> <span class='ocrx_word' id='word_1_230' title='bbox 1075 2218 1344 2271; x_wconf 85' lang='lat' dir='ltr'>manciparunt,</span> 
     </span>
     <span class='ocr_line' id='line_1_35' title="bbox 393 2279 1346 2333; baseline -0.004 -12"><span class='ocrx_word' id='word_1_231' title='bbox 393 2297 462 2321; x_wconf 92' lang='lat' dir='ltr'>non</span> <span class='ocrx_word' id='word_1_232' title='bbox 486 2281 680 2333; x_wconf 78' lang='lat' dir='ltr'>cogitantes</span> <span class='ocrx_word' id='word_1_233' title='bbox 701 2279 797 2330; x_wconf 87' lang='lat' dir='ltr'>quod</span> <span class='ocrx_word' id='word_1_234' title='bbox 817 2293 873 2316; x_wconf 86' lang='lat' dir='ltr'>me</span> <span class='ocrx_word' id='word_1_235' title='bbox 893 2279 987 2317; x_wconf 89' lang='lat' dir='ltr'>nihil</span> <span class='ocrx_word' id='word_1_236' title='bbox 1007 2279 1115 2316; x_wconf 87' lang='lat' dir='ltr'>latere</span> <span class='ocrx_word' id='word_1_237' title='bbox 1136 2288 1263 2330; x_wconf 88' lang='lat' dir='ltr'>queat,</span> <span class='ocrx_word' id='word_1_238' title='bbox 1283 2280 1346 2330; x_wconf 89' lang='lat' dir='ltr'>qui</span> 
     </span>
     <span class='ocr_line' id='line_1_36' title="bbox 393 2339 1346 2392; baseline -0.003 -11"><span class='ocrx_word' id='word_1_239' title='bbox 393 2345 506 2382; x_wconf 82' lang='lat' dir='ltr'>vitam</span> <span class='ocrx_word' id='word_1_240' title='bbox 524 2342 750 2391; x_wconf 83' lang='lat' dir='ltr'>animamque</span> <span class='ocrx_word' id='word_1_241' title='bbox 775 2349 809 2377; x_wconf 89' lang='lat' dir='ltr'>et</span> <span class='ocrx_word' id='word_1_242' title='bbox 833 2353 962 2392; x_wconf 86' lang='lat' dir='ltr'>corpus</span> <span class='ocrx_word' id='word_1_243' title='bbox 989 2339 1096 2388; x_wconf 86' lang='lat' dir='ltr'>dedi,</span> <span class='ocrx_word' id='word_1_244' title='bbox 1118 2349 1238 2391; x_wconf 87' lang='lat' dir='ltr'>totque</span> <span class='ocrx_word' id='word_1_245' title='bbox 1252 2340 1346 2378; x_wconf 83' lang='lat' dir='ltr'>bona</span> 
     </span>
     <span class='ocr_line' id='line_1_37' title="bbox 394 2401 1345 2456; baseline -0.001 -15"><span class='ocrx_word' id='word_1_246' title='bbox 394 2402 632 2456; x_wconf 82' lang='lat' dir='ltr'>suppeditavi.</span> <span class='ocrx_word' id='word_1_247' title='bbox 653 2404 814 2453; x_wconf 85' lang='lat' dir='ltr'><em>Tempus</em></span> <span class='ocrx_word' id='word_1_248' title='bbox 829 2401 941 2453; x_wconf 85' lang='lat' dir='ltr'>igitur</span> <span class='ocrx_word' id='word_1_249' title='bbox 955 2404 1080 2439; x_wconf 87' lang='lat' dir='ltr'>omnis</span> <span class='ocrx_word' id='word_1_250' title='bbox 1096 2403 1267 2440; x_wconf 77' lang='lat' dir='ltr'>hominis</span> <span class='ocrx_word' id='word_1_251' title='bbox 1280 2417 1345 2440; x_wconf 84' lang='lat' dir='ltr'>ve-</span> 
     </span>
     <span class='ocr_line' id='line_1_38' title="bbox 396 2461 1345 2513; baseline -0.002 -10"><span class='ocrx_word' id='word_1_252' title='bbox 396 2468 452 2503; x_wconf 80' lang='lat' dir='ltr'>nit</span> <span class='ocrx_word' id='word_1_253' title='bbox 472 2478 602 2503; x_wconf 82' lang='lat' dir='ltr'>coram</span> <span class='ocrx_word' id='word_1_254' title='bbox 622 2477 692 2500; x_wconf 87' lang='lat' dir='ltr'>me.</span> <span class='ocrx_word' id='word_1_255' title='bbox 711 2464 803 2500; x_wconf 89' lang='lat' dir='ltr'>Dein</span> <span class='ocrx_word' id='word_1_256' title='bbox 826 2461 927 2513; x_wconf 85' lang='lat' dir='ltr'>quasi</span> <span class='ocrx_word' id='word_1_257' title='bbox 948 2461 1207 2512; x_wconf 76' lang='lat' dir='ltr'>satisfacturus,</span> <span class='ocrx_word' id='word_1_258' title='bbox 1231 2462 1345 2501; x_wconf 82' lang='lat' dir='ltr'>ratio-</span> 
     </span>
     <span class='ocr_line' id='line_1_39' title="bbox 395 2522 1345 2576; baseline -0.002 -13"><span class='ocrx_word' id='word_1_259' title='bbox 395 2539 543 2576; x_wconf 87' lang='lat' dir='ltr'>nemque</span> <span class='ocrx_word' id='word_1_260' title='bbox 567 2523 774 2561; x_wconf 84' lang='lat' dir='ltr'>redditurus</span> <span class='ocrx_word' id='word_1_261' title='bbox 795 2523 905 2575; x_wconf 80' lang='lat' dir='ltr'>justo,</span> <span class='ocrx_word' id='word_1_262' title='bbox 935 2522 1113 2573; x_wconf 88' lang='lat' dir='ltr'>quomodo</span> <span class='ocrx_word' id='word_1_263' title='bbox 1137 2523 1247 2561; x_wconf 87' lang='lat' dir='ltr'>nimia</span> <span class='ocrx_word' id='word_1_264' title='bbox 1264 2538 1345 2576; x_wconf 88' lang='lat' dir='ltr'>pec-</span> 
     </span>
     <span class='ocr_line' id='line_1_40' title="bbox 395 2583 1346 2637; baseline -0.003 -12"><span class='ocrx_word' id='word_1_265' title='bbox 395 2596 554 2625; x_wconf 86' lang='lat' dir='ltr'>catorum</span> <span class='ocrx_word' id='word_1_266' title='bbox 574 2585 750 2637; x_wconf 79' lang='lat' dir='ltr'>gravitate</span> <span class='ocrx_word' id='word_1_267' title='bbox 773 2597 813 2621; x_wconf 88' lang='lat' dir='ltr'>ac</span> <span class='ocrx_word' id='word_1_268' title='bbox 838 2583 1070 2622; x_wconf 87' lang='lat' dir='ltr'>multitudine</span> <span class='ocrx_word' id='word_1_269' title='bbox 1091 2599 1127 2622; x_wconf 86' lang='lat' dir='ltr'>se</span> <span class='ocrx_word' id='word_1_270' title='bbox 1147 2584 1192 2622; x_wconf 92' lang='lat' dir='ltr'>ad</span> <span class='ocrx_word' id='word_1_271' title='bbox 1212 2593 1346 2623; x_wconf 83' lang='lat' dir='ltr'>tantam</span> 
     </span>
     <span class='ocr_line' id='line_1_41' title="bbox 394 2645 1347 2699; baseline -0.003 -13"><span class='ocrx_word' id='word_1_272' title='bbox 394 2646 677 2699; x_wconf 81' lang='lat' dir='ltr'>indignationem</span> <span class='ocrx_word' id='word_1_273' title='bbox 700 2645 944 2698; x_wconf 79' lang='lat' dir='ltr'>provocarint,</span> <span class='ocrx_word' id='word_1_274' title='bbox 967 2645 1042 2682; x_wconf 87' lang='lat' dir='ltr'>ait:</span> <span class='ocrx_word' id='word_1_275' title='bbox 1069 2647 1170 2696; x_wconf 83' lang='lat' dir='ltr'>Quia</span> <span class='ocrx_word' id='word_1_276' title='bbox 1189 2646 1347 2697; x_wconf 82' lang='lat' dir='ltr'>impleta</span> 
     </span>
     <span class='ocr_line' id='line_1_42' title="bbox 397 2707 1347 2760; baseline -0.003 -13"><span class='ocrx_word' id='word_1_277' title='bbox 397 2718 452 2748; x_wconf 86' lang='lat' dir='ltr'>est</span> <span class='ocrx_word' id='word_1_278' title='bbox 468 2718 571 2747; x_wconf 83' lang='lat' dir='ltr'>terra</span> <span class='ocrx_word' id='word_1_279' title='bbox 586 2710 782 2760; x_wconf 81' lang='lat' dir='ltr'>injustitia</span> <span class='ocrx_word' id='word_1_280' title='bbox 797 2721 845 2744; x_wconf 78' lang='lat' dir='ltr'>ex</span> <span class='ocrx_word' id='word_1_281' title='bbox 858 2707 1054 2745; x_wconf 83' lang='lat' dir='ltr'>illis.Num</span> <span class='ocrx_word' id='word_1_282' title='bbox 1071 2707 1347 2759; x_wconf 81' lang='lat' dir='ltr'>praetermissum</span> 
     </span>
     <span class='ocr_line' id='line_1_43' title="bbox 396 2767 1346 2820; baseline -0.002 -12"><span class='ocrx_word' id='word_1_283' title='bbox 396 2780 447 2808; x_wconf 89' lang='lat' dir='ltr'>cst</span> <span class='ocrx_word' id='word_1_284' title='bbox 464 2769 613 2820; x_wconf 85' lang='lat' dir='ltr'>aliquid,</span> <span class='ocrx_word' id='word_1_285' title='bbox 628 2769 755 2819; x_wconf 86' lang='lat' dir='ltr'>inquit,</span> <span class='ocrx_word' id='word_1_286' title='bbox 775 2768 820 2806; x_wconf 87' lang='lat' dir='ltr'>ab</span> <span class='ocrx_word' id='word_1_287' title='bbox 835 2768 898 2816; x_wconf 84' lang='lat' dir='ltr'>eis,</span> <span class='ocrx_word' id='word_1_288' title='bbox 913 2767 1008 2818; x_wconf 90' lang='lat' dir='ltr'>quod</span> <span class='ocrx_word' id='word_1_289' title='bbox 1017 2767 1061 2805; x_wconf 85' lang='lat' dir='ltr'>ad</span> <span class='ocrx_word' id='word_1_290' title='bbox 1076 2777 1259 2820; x_wconf 88' lang='lat' dir='ltr'>peecatum</span> <span class='ocrx_word' id='word_1_291' title='bbox 1273 2778 1346 2807; x_wconf 87' lang='lat' dir='ltr'>ten-</span> 
     </span>
     <span class='ocr_line' id='line_1_44' title="bbox 395 2828 1347 2879; baseline -0.003 -10"><span class='ocrx_word' id='word_1_292' title='bbox 395 2831 518 2869; x_wconf 72' lang='lat' dir='ltr'>deret?</span> <span class='ocrx_word' id='word_1_293' title='bbox 534 2833 688 2869; x_wconf 85' lang='lat' dir='ltr'>Tantam</span> <span class='ocrx_word' id='word_1_294' title='bbox 707 2828 851 2867; x_wconf 71' lang='lat' dir='ltr'>malitia:</span> <span class='ocrx_word' id='word_1_295' title='bbox 867 2828 1154 2879; x_wconf 81' lang='lat' dir='ltr'>magnitudinem</span> <span class='ocrx_word' id='word_1_296' title='bbox 1166 2829 1287 2868; x_wconf 87' lang='lat' dir='ltr'>videre</span> <span class='ocrx_word' id='word_1_297' title='bbox 1305 2829 1347 2867; x_wconf 93' lang='lat' dir='ltr'>li-</span> 
     </span>
     <span class='ocr_line' id='line_1_45' title="bbox 398 2889 1345 2943; baseline -0.002 -13"><span class='ocrx_word' id='word_1_298' title='bbox 398 2901 462 2941; x_wconf 87' lang='lat' dir='ltr'>cet,</span> <span class='ocrx_word' id='word_1_299' title='bbox 486 2901 524 2929; x_wconf 87' lang='lat' dir='ltr'>ut</span> <span class='ocrx_word' id='word_1_300' title='bbox 546 2901 576 2929; x_wconf 87' lang='lat' dir='ltr'>et</span> <span class='ocrx_word' id='word_1_301' title='bbox 597 2890 828 2943; x_wconf 75' lang='lat' dir='ltr'>supereffluat</span> <span class='ocrx_word' id='word_1_302' title='bbox 851 2898 883 2927; x_wconf 86' lang='lat' dir='ltr'>et</span> <span class='ocrx_word' id='word_1_303' title='bbox 899 2889 1067 2936; x_wconf 86' lang='lat' dir='ltr'>exundet,</span> <span class='ocrx_word' id='word_1_304' title='bbox 1079 2899 1257 2941; x_wconf 88' lang='lat' dir='ltr'>totamque</span> <span class='ocrx_word' id='word_1_305' title='bbox 1271 2899 1345 2928; x_wconf 91' lang='lat' dir='ltr'>ter-</span> 
     </span>
     <span class='ocr_line' id='line_1_46' title="bbox 397 2951 1395 3004; baseline -0.003 -12"><span class='ocrx_word' id='word_1_306' title='bbox 397 2967 473 2992; x_wconf 86' lang='lat' dir='ltr'>ram</span> <span class='ocrx_word' id='word_1_307' title='bbox 490 2952 635 3004; x_wconf 83' lang='lat' dir='ltr'>impleat</span> <span class='ocrx_word' id='word_1_308' title='bbox 653 2969 659 2988; x_wconf 93' lang='lat'>:</span> <span class='ocrx_word' id='word_1_309' title='bbox 674 2960 858 3004; x_wconf 84' lang='lat' dir='ltr'>propterea</span> <span class='ocrx_word' id='word_1_310' title='bbox 877 2960 911 2988; x_wconf 86' lang='lat' dir='ltr'>et</span> <span class='ocrx_word' id='word_1_311' title='bbox 927 2951 1008 2989; x_wconf 90' lang='lat' dir='ltr'>illos</span> <span class='ocrx_word' id='word_1_312' title='bbox 1019 2951 1204 3003; x_wconf 82' lang='lat' dir='ltr'>disperdo,</span> <span class='ocrx_word' id='word_1_313' title='bbox 1223 2961 1256 2989; x_wconf 88' lang='lat' dir='ltr'>et</span> <span class='ocrx_word' id='word_1_314' title='bbox 1277 2961 1345 2990; x_wconf 88' lang='lat' dir='ltr'>ter·</span> <span class='ocrx_word' id='word_1_315' title='bbox 1373 2956 1395 2984; x_wconf 88' lang='lat' dir='ltr'>D</span> 
     </span>
     <span class='ocr_line' id='line_1_47' title="bbox 397 3012 1346 3066; baseline -0.003 -13"><span class='ocrx_word' id='word_1_316' title='bbox 397 3029 473 3053; x_wconf 87' lang='lat' dir='ltr'>ram</span> <span class='ocrx_word' id='word_1_317' title='bbox 496 3014 620 3066; x_wconf 81' lang='lat' dir='ltr'>ipsam.</span> <span class='ocrx_word' id='word_1_318' title='bbox 643 3015 764 3059; x_wconf 83' lang='lat' dir='ltr'>Ecce,</span> <span class='ocrx_word' id='word_1_319' title='bbox 791 3012 931 3063; x_wconf 89' lang='lat' dir='ltr'>inquit,</span> <span class='ocrx_word' id='word_1_320' title='bbox 952 3027 1020 3065; x_wconf 81' lang='lat' dir='ltr'>ego</span> <span class='ocrx_word' id='word_1_321' title='bbox 1048 3013 1223 3065; x_wconf 82' lang='lat' dir='ltr'>disperdo</span> <span class='ocrx_word' id='word_1_322' title='bbox 1253 3014 1346 3051; x_wconf 83' lang='lat' dir='ltr'>illos</span> 
     </span>
     <span class='ocr_line' id='line_1_48' title="bbox 396 3073 1346 3126; baseline -0.003 -11"><span class='ocrx_word' id='word_1_323' title='bbox 396 3085 432 3115; x_wconf 85' lang='lat' dir='ltr'>et</span> <span class='ocrx_word' id='word_1_324' title='bbox 447 3085 601 3114; x_wconf 80' lang='lat' dir='ltr'>terram.</span> <span class='ocrx_word' id='word_1_325' title='bbox 617 3074 707 3120; x_wconf 82' lang='lat' dir='ltr'>Quia</span> <span class='ocrx_word' id='word_1_326' title='bbox 730 3073 866 3125; x_wconf 85' lang='lat' dir='ltr'>priores</span> <span class='ocrx_word' id='word_1_327' title='bbox 882 3073 948 3125; x_wconf 87' lang='lat' dir='ltr'>ipsi</span> <span class='ocrx_word' id='word_1_328' title='bbox 967 3074 1071 3112; x_wconf 87' lang='lat' dir='ltr'>malis</span> <span class='ocrx_word' id='word_1_329' title='bbox 1085 3074 1158 3112; x_wconf 82' lang='lat' dir='ltr'>suis</span> <span class='ocrx_word' id='word_1_330' title='bbox 1179 3074 1346 3126; x_wconf 88' lang='lat' dir='ltr'>operibus</span> 
     </span>
     <span class='ocr_line' id='line_1_49' title="bbox 396 3134 1346 3189; baseline -0.005 -12"><span class='ocrx_word' id='word_1_331' title='bbox 396 3137 528 3189; x_wconf 85' lang='lat' dir='ltr'>seipsos</span> <span class='ocrx_word' id='word_1_332' title='bbox 542 3144 774 3187; x_wconf 82' lang='lat' dir='ltr'>corruperunt</span> <span class='ocrx_word' id='word_1_333' title='bbox 790 3134 940 3172; x_wconf 84' lang='lat' dir='ltr'>:idcirco</span> <span class='ocrx_word' id='word_1_334' title='bbox 953 3135 1148 3186; x_wconf 82' lang='lat' dir='ltr'>generalem</span> <span class='ocrx_word' id='word_1_335' title='bbox 1165 3134 1346 3173; x_wconf 88' lang='lat' dir='ltr'>interitum</span> 
     </span>
     <span class='ocr_line' id='line_1_50' title="bbox 396 3195 1343 3247; baseline -0.003 -11"><span class='ocrx_word' id='word_1_336' title='bbox 396 3198 578 3244; x_wconf 82' lang='lat' dir='ltr'>inducam,</span> <span class='ocrx_word' id='word_1_337' title='bbox 600 3196 794 3245; x_wconf 82' lang='lat' dir='ltr'>deleboquc</span> <span class='ocrx_word' id='word_1_338' title='bbox 815 3195 908 3246; x_wconf 82' lang='lat' dir='ltr'>ipsos</span> <span class='ocrx_word' id='word_1_339' title='bbox 926 3195 1056 3247; x_wconf 85' lang='lat' dir='ltr'>pariter</span> <span class='ocrx_word' id='word_1_340' title='bbox 1073 3204 1179 3247; x_wconf 87' lang='lat' dir='ltr'>atque</span> <span class='ocrx_word' id='word_1_341' title='bbox 1194 3205 1322 3234; x_wconf 86' lang='lat' dir='ltr'>terram</span> <span class='ocrx_word' id='word_1_342' title='bbox 1334 3226 1343 3244; x_wconf 90' lang='lat'>‚</span> 
     </span>
     <span class='ocr_line' id='line_1_51' title="bbox 396 3256 1345 3311; baseline -0.002 -14"><span class='ocrx_word' id='word_1_343' title='bbox 396 3269 434 3297; x_wconf 88' lang='lat' dir='ltr'>ut</span> <span class='ocrx_word' id='word_1_344' title='bbox 457 3257 702 3311; x_wconf 84' lang='lat' dir='ltr'>purgationem</span> <span class='ocrx_word' id='word_1_345' title='bbox 721 3256 871 3307; x_wconf 78' lang='lat' dir='ltr'>accipiat</span> <span class='ocrx_word' id='word_1_346' title='bbox 897 3265 1000 3302; x_wconf 82' lang='lat' dir='ltr'>terra,</span> <span class='ocrx_word' id='word_1_347' title='bbox 1021 3265 1053 3293; x_wconf 86' lang='lat' dir='ltr'>ct</span> <span class='ocrx_word' id='word_1_348' title='bbox 1070 3271 1089 3294; x_wconf 84' lang='lat' dir='ltr'>a</span> <span class='ocrx_word' id='word_1_349' title='bbox 1118 3265 1168 3295; x_wconf 88' lang='lat' dir='ltr'>tot</span> <span class='ocrx_word' id='word_1_350' title='bbox 1187 3265 1345 3309; x_wconf 84' lang='lat' dir='ltr'>peccato-</span> 
     </span>
     <span class='ocr_line' id='line_1_52' title="bbox 394 3315 1344 3368; baseline -0.001 -11"><span class='ocrx_word' id='word_1_351' title='bbox 394 3334 472 3358; x_wconf 88' lang='lat' dir='ltr'>rum</span> <span class='ocrx_word' id='word_1_352' title='bbox 496 3317 644 3356; x_wconf 79' lang='lat' dir='ltr'>maculis</span> <span class='ocrx_word' id='word_1_353' title='bbox 672 3315 895 3354; x_wconf 77' lang='lat' dir='ltr'>ennnulctur.</span> <span class='ocrx_word' id='word_1_354' title='bbox 920 3316 1057 3365; x_wconf 70' lang='lat' dir='ltr'>(Ingila,</span> <span class='ocrx_word' id='word_1_355' title='bbox 1082 3331 1215 3367; x_wconf 76' lang='lat' dir='ltr'>quaeso,</span> <span class='ocrx_word' id='word_1_356' title='bbox 1246 3317 1344 3368; x_wconf 89' lang='lat' dir='ltr'>quali</span> 
     </span>
     <span class='ocr_line' id='line_1_53' title="bbox 393 3377 1341 3429; baseline -0.002 -10"><span class='ocrx_word' id='word_1_357' title='bbox 393 3392 476 3420; x_wconf 81' lang='lat' dir='ltr'>tunc</span> <span class='ocrx_word' id='word_1_358' title='bbox 504 3380 610 3418; x_wconf 76' lang='lat' dir='ltr'>fuisse</span> <span class='ocrx_word' id='word_1_359' title='bbox 633 3377 752 3416; x_wconf 85' lang='lat' dir='ltr'>animo</span> <span class='ocrx_word' id='word_1_360' title='bbox 771 3377 905 3427; x_wconf 79' lang='lat' dir='ltr'>justum</span> <span class='ocrx_word' id='word_1_361' title='bbox 932 3377 1037 3415; x_wconf 80' lang='lat' dir='ltr'>istum</span> <span class='ocrx_word' id='word_1_362' title='bbox 1062 3378 1255 3417; x_wconf 74' lang='lat' dir='ltr'>verisimile</span> <span class='ocrx_word' id='word_1_363' title='bbox 1271 3388 1341 3429; x_wconf 84' lang='lat' dir='ltr'>est,</span> 
     </span>
    </p>
   </div>
   <div class='ocr_carea' id='block_1_4' title="bbox 908 193 2021 225">
    <p class='ocr_par' dir='ltr' id='par_1_5' title="bbox 908 193 2021 225">
     <span class='ocr_line' id='line_1_54' title="bbox 908 193 2021 225; baseline 0.001 -1"><span class='ocrx_word' id='word_1_364' title='bbox 908 193 1094 224; x_wconf 28' lang='lat' dir='ltr'>Joi-xNNIS</span> <span class='ocrx_word' id='word_1_365' title='bbox 1129 193 1375 224; x_wconf 83' lang='lat' dir='ltr'>CHRYSOST·</span> <span class='ocrx_word' id='word_1_366' title='bbox 1415 193 1621 223; x_wconf 78' lang='lat' dir='ltr'>AncmEP.</span> <span class='ocrx_word' id='word_1_367' title='bbox 1659 193 2021 225; x_wconf 74' lang='lat' dir='ltr'>CONSTANTINOP-</span> 
     </span>
    </p>
   </div>
   <div class='ocr_carea' id='block_1_5' title="bbox 1420 274 2452 1718">
    <p class='ocr_par' dir='ltr' id='par_1_6' title="bbox 1421 274 2451 750">
     <span class='ocr_line' id='line_1_55' title="bbox 1421 274 2446 328; baseline 0.005 -17"><span class='ocrx_word' id='word_1_368' title='bbox 1421 274 1576 321; x_wconf 78' lang='grc' dir='ltr'>κτήσεως</span> <span class='ocrx_word' id='word_1_369' title='bbox 1602 278 1662 313; x_wconf 84' lang='grc' dir='ltr'>τοῦ</span> <span class='ocrx_word' id='word_1_370' title='bbox 1680 276 1774 313; x_wconf 87' lang='grc' dir='ltr'>Θεοῦ</span> <span class='ocrx_word' id='word_1_371' title='bbox 1802 276 1842 314; x_wconf 86' lang='grc' dir='ltr'>τὸ</span> <span class='ocrx_word' id='word_1_372' title='bbox 1862 276 2017 328; x_wconf 81' lang='grc' dir='ltr'>μέγεθος,</span> <span class='ocrx_word' id='word_1_373' title='bbox 2045 277 2105 315; x_wconf 76' lang='grc' dir='ltr'>καὶ</span> <span class='ocrx_word' id='word_1_374' title='bbox 2133 277 2187 315; x_wconf 80' lang='grc' dir='ltr'>ὅτι</span> <span class='ocrx_word' id='word_1_375' title='bbox 2212 277 2269 317; x_wconf 77' lang='grc' dir='ltr'>διὰ</span> <span class='ocrx_word' id='word_1_376' title='bbox 2286 277 2349 325; x_wconf 68' lang='grc' dir='ltr'>τὴν</span> <span class='ocrx_word' id='word_1_377' title='bbox 2378 281 2446 316; x_wconf 75' lang='grc' dir='ltr'>τῶν</span> 
     </span>
     <span class='ocr_line' id='line_1_56' title="bbox 1422 334 2447 391; baseline 0.005 -21"><span class='ocrx_word' id='word_1_378' title='bbox 1422 334 1638 384; x_wconf 77' lang='grc' dir='ltr'>παρανόμων</span> <span class='ocrx_word' id='word_1_379' title='bbox 1654 334 1764 387; x_wconf 82' lang='grc' dir='ltr'>ἔργων</span> <span class='ocrx_word' id='word_1_380' title='bbox 1783 336 2003 383; x_wconf 78' lang='grc' dir='ltr'>ἐπιτήδευσιν</span> <span class='ocrx_word' id='word_1_381' title='bbox 2023 337 2082 376; x_wconf 85' lang='grc' dir='ltr'>καὶ</span> <span class='ocrx_word' id='word_1_382' title='bbox 2097 337 2189 382; x_wconf 83' lang='grc' dir='ltr'>ἅπαξ</span> <span class='ocrx_word' id='word_1_383' title='bbox 2209 338 2268 376; x_wconf 85' lang='grc' dir='ltr'>καὶ</span> <span class='ocrx_word' id='word_1_384' title='bbox 2289 338 2447 391; x_wconf 78' lang='grc' dir='ltr'>δεύτερον</span> 
     </span>
     <span class='ocr_line' id='line_1_57' title="bbox 1423 393 2451 452; baseline 0.006 -21"><span class='ocrx_word' id='word_1_385' title='bbox 1423 393 1484 432; x_wconf 85' lang='grc' dir='ltr'>καὶ</span> <span class='ocrx_word' id='word_1_386' title='bbox 1503 394 1617 445; x_wconf 86' lang='grc' dir='ltr'>τρίτον</span> <span class='ocrx_word' id='word_1_387' title='bbox 1639 398 1704 447; x_wconf 73' lang='grc' dir='ltr'>γῆν</span> <span class='ocrx_word' id='word_1_388' title='bbox 1733 395 1854 440; x_wconf 77' lang='grc' dir='ltr'>αὐτοὺς</span> <span class='ocrx_word' id='word_1_389' title='bbox 1872 397 2055 448; x_wconf 84' lang='grc' dir='ltr'>ὠνόμασε,</span> <span class='ocrx_word' id='word_1_390' title='bbox 2075 399 2134 436; x_wconf 79' lang='grc' dir='ltr'>καὶ</span> <span class='ocrx_word' id='word_1_391' title='bbox 2160 402 2210 452; x_wconf 78' lang='grc' dir='ltr'>τῷ</span> <span class='ocrx_word' id='word_1_392' title='bbox 2235 402 2298 445; x_wconf 71' lang='grc' dir='ltr'>τῆς</span> <span class='ocrx_word' id='word_1_393' title='bbox 2324 400 2451 451; x_wconf 79' lang='grc' dir='ltr'>σαρκὸς</span> 
     </span>
     <span class='ocr_line' id='line_1_58' title="bbox 1423 454 2449 511; baseline 0.003 -18"><span class='ocrx_word' id='word_1_394' title='bbox 1423 454 1567 505; x_wconf 81' lang='grc' dir='ltr'>ὀνόματι</span> <span class='ocrx_word' id='word_1_395' title='bbox 1588 455 1868 509; x_wconf 78' lang='grc' dir='ltr'>προσηγόρευσεν</span> <span class='ocrx_word' id='word_1_396' title='bbox 1880 487 1889 504; x_wconf 91' lang='grc'>,</span> <span class='ocrx_word' id='word_1_397' title='bbox 1917 459 2189 511; x_wconf 74' lang='grc' dir='ltr'>ἀποστερήσασα</span> <span class='ocrx_word' id='word_1_398' title='bbox 2208 464 2268 498; x_wconf 84' lang='grc' dir='ltr'>τοῦ</span> <span class='ocrx_word' id='word_1_399' title='bbox 2286 463 2348 506; x_wconf 80' lang='grc' dir='ltr'>τῆς</span> <span class='ocrx_word' id='word_1_400' title='bbox 2372 476 2449 497; x_wconf 84' lang='grc' dir='ltr'>κοι-</span> 
     </span>
     <span class='ocr_line' id='line_1_59' title="bbox 1423 515 2449 572; baseline 0.005 -19"><span class='ocrx_word' id='word_1_401' title='bbox 1423 519 1483 562; x_wconf 76' lang='grc' dir='ltr'>νῆς</span> <span class='ocrx_word' id='word_1_402' title='bbox 1500 515 1634 568; x_wconf 71' lang='grc' dir='ltr'>φύσεως</span> <span class='ocrx_word' id='word_1_403' title='bbox 1655 516 1844 566; x_wconf 80' lang='grc' dir='ltr'>ὀνόματος,</span> <span class='ocrx_word' id='word_1_404' title='bbox 1865 517 1922 555; x_wconf 71' lang='grc' dir='ltr'>διὰ</span> <span class='ocrx_word' id='word_1_405' title='bbox 1941 522 2010 556; x_wconf 83' lang='grc' dir='ltr'>τῶν</span> <span class='ocrx_word' id='word_1_406' title='bbox 2028 519 2253 571; x_wconf 79' lang='grc' dir='ltr'>ἐπαγομένων</span> <span class='ocrx_word' id='word_1_407' title='bbox 2272 520 2335 567; x_wconf 75' lang='grc' dir='ltr'>τὴν</span> <span class='ocrx_word' id='word_1_408' title='bbox 2357 521 2449 572; x_wconf 67' lang='grc' dir='ltr'>ἄφα-</span> 
     </span>
     <span class='ocr_line' id='line_1_60' title="bbox 1422 579 2451 631; baseline 0.003 -18"><span class='ocrx_word' id='word_1_409' title='bbox 1422 591 1481 614; x_wconf 89' lang='grc' dir='ltr'>τον</span> <span class='ocrx_word' id='word_1_410' title='bbox 1509 580 1595 627; x_wconf 75' lang='grc' dir='ltr'>ἧμῖν</span> <span class='ocrx_word' id='word_1_411' title='bbox 1625 581 1686 614; x_wconf 88' lang='grc' dir='ltr'>τοῦ</span> <span class='ocrx_word' id='word_1_412' title='bbox 1713 579 1806 615; x_wconf 89' lang='grc' dir='ltr'>Θεοῦ</span> <span class='ocrx_word' id='word_1_413' title='bbox 1837 579 2099 631; x_wconf 74' lang='grc' dir='ltr'>φιλανθρωπίαν</span> <span class='ocrx_word' id='word_1_414' title='bbox 2132 580 2364 626; x_wconf 76' lang='grc' dir='ltr'>ἐνδείκνυται,</span> <span class='ocrx_word' id='word_1_415' title='bbox 2390 580 2451 616; x_wconf 85' lang='grc' dir='ltr'>καὶ</span> 
     </span>
     <span class='ocr_line' id='line_1_61' title="bbox 1423 636 2449 692; baseline 0.002 -18"><span class='ocrx_word' id='word_1_416' title='bbox 1423 639 1485 683; x_wconf 76' lang='grc' dir='ltr'>τῆς</span> <span class='ocrx_word' id='word_1_417' title='bbox 1518 636 1811 689; x_wconf 67' lang='grc' dir='ltr'>συγκαταὸάσεως</span> <span class='ocrx_word' id='word_1_418' title='bbox 1836 636 1899 684; x_wconf 80' lang='grc' dir='ltr'>τὴν</span> <span class='ocrx_word' id='word_1_419' title='bbox 1928 639 2136 692; x_wconf 71' lang='grc' dir='ltr'>ὓπερὸολήν.</span> <span class='ocrx_word' id='word_1_420' title='bbox 2167 639 2215 677; x_wconf 92' lang='grc' dir='ltr'>Τί</span> <span class='ocrx_word' id='word_1_421' title='bbox 2246 640 2315 691; x_wconf 77' lang='grc' dir='ltr'>γάρ</span> <span class='ocrx_word' id='word_1_422' title='bbox 2345 655 2449 690; x_wconf 71' lang='grc' dir='ltr'>φησι,</span> 
     </span>
     <span class='ocr_line' id='line_1_62' title="bbox 1424 691 1972 750; baseline 0.002 -15"><span class='ocrx_word' id='word_1_423' title='bbox 1424 697 1493 736; x_wconf 82' lang='grc' dir='ltr'>Καὶ</span> <span class='ocrx_word' id='word_1_424' title='bbox 1513 691 1606 736; x_wconf 65' lang='grc' dir='ltr'>εἶπεν</span> <span class='ocrx_word' id='word_1_425' title='bbox 1630 701 1647 736; x_wconf 86' lang='grc' dir='ltr'>ὁ</span> <span class='ocrx_word' id='word_1_426' title='bbox 1667 698 1756 741; x_wconf 79' lang='grc' dir='ltr'>Θεὸς</span> <span class='ocrx_word' id='word_1_427' title='bbox 1775 698 1862 750; x_wconf 75' lang='grc' dir='ltr'>πρὸς</span> <span class='ocrx_word' id='word_1_428' title='bbox 1878 700 1972 737; x_wconf 71' lang='grc' dir='ltr'>Νῶε.</span> 
     </span>
    </p>

    <p class='ocr_par' dir='ltr' id='par_1_7' title="bbox 1420 758 2452 1718">
     <span class='ocr_line' id='line_1_63' title="bbox 1476 758 2451 813; baseline 0 -16"><span class='ocrx_word' id='word_1_429' title='bbox 1476 758 1574 812; x_wconf 52' lang='grc' dir='ltr'>αΟρα</span> <span class='ocrx_word' id='word_1_430' title='bbox 1602 759 1815 810; x_wconf 81' lang='grc' dir='ltr'>ἀγαθότητος</span> <span class='ocrx_word' id='word_1_431' title='bbox 1835 759 2044 812; x_wconf 65' lang='grc' dir='ltr'>ὑπερᾶολήν.</span> <span class='ocrx_word' id='word_1_432' title='bbox 2075 761 2244 813; x_wconf 75' lang='grc' dir='ltr'>Καθάπερ</span> <span class='ocrx_word' id='word_1_433' title='bbox 2268 760 2335 813; x_wconf 75' lang='grc' dir='ltr'>γὰρ</span> <span class='ocrx_word' id='word_1_434' title='bbox 2353 760 2451 812; x_wconf 81' lang='grc' dir='ltr'>φίλος</span> 
     </span>
     <span class='ocr_line' id='line_1_64' title="bbox 1423 819 2452 875; baseline 0.003 -18"><span class='ocrx_word' id='word_1_435' title='bbox 1423 819 1525 873; x_wconf 80' lang='grc' dir='ltr'>φίλῳ,</span> <span class='ocrx_word' id='word_1_436' title='bbox 1547 820 1636 858; x_wconf 78' lang='grc' dir='ltr'>οὕτω</span> <span class='ocrx_word' id='word_1_437' title='bbox 1654 820 1775 858; x_wconf 79' lang='grc' dir='ltr'>λοιπὸν</span> <span class='ocrx_word' id='word_1_438' title='bbox 1806 825 1980 859; x_wconf 77' lang='grc' dir='ltr'>κοινοῦται</span> <span class='ocrx_word' id='word_1_439' title='bbox 2001 824 2050 873; x_wconf 82' lang='grc' dir='ltr'>τῷ</span> <span class='ocrx_word' id='word_1_440' title='bbox 2074 822 2198 874; x_wconf 83' lang='grc' dir='ltr'>δικαίῳ</span> <span class='ocrx_word' id='word_1_441' title='bbox 2221 822 2302 875; x_wconf 83' lang='grc' dir='ltr'>περὶ</span> <span class='ocrx_word' id='word_1_442' title='bbox 2321 825 2383 868; x_wconf 67' lang='grc' dir='ltr'>τῆς</span> <span class='ocrx_word' id='word_1_443' title='bbox 2401 838 2452 860; x_wconf 88' lang='grc' dir='ltr'>τι-</span> 
     </span>
     <span class='ocr_line' id='line_1_65' title="bbox 1424 880 2450 935; baseline 0.002 -17"><span class='ocrx_word' id='word_1_444' title='bbox 1424 880 1578 932; x_wconf 84' lang='grc' dir='ltr'>μωρίας,</span> <span class='ocrx_word' id='word_1_445' title='bbox 1598 882 1638 935; x_wconf 75' lang='grc' dir='ltr'>ἦν</span> <span class='ocrx_word' id='word_1_446' title='bbox 1660 881 1803 933; x_wconf 72' lang='grc' dir='ltr'>ἐπάγειν</span> <span class='ocrx_word' id='word_1_447' title='bbox 1825 881 1945 932; x_wconf 78' lang='grc' dir='ltr'>μέλλει</span> <span class='ocrx_word' id='word_1_448' title='bbox 1963 885 2013 934; x_wconf 83' lang='grc' dir='ltr'>τῷ</span> <span class='ocrx_word' id='word_1_449' title='bbox 2033 886 2101 921; x_wconf 81' lang='grc' dir='ltr'>τῶν</span> <span class='ocrx_word' id='word_1_450' title='bbox 2127 882 2319 935; x_wconf 72' lang='grc' dir='ltr'>ἀνθρώπιον</span> <span class='ocrx_word' id='word_1_451' title='bbox 2342 883 2450 935; x_wconf 84' lang='grc' dir='ltr'>γένει,</span> 
     </span>
     <span class='ocr_line' id='line_1_66' title="bbox 1423 941 2450 994; baseline 0.003 -15"><span class='ocrx_word' id='word_1_452' title='bbox 1423 941 1483 979; x_wconf 86' lang='grc' dir='ltr'>καί</span> <span class='ocrx_word' id='word_1_453' title='bbox 1493 957 1579 993; x_wconf 79' lang='grc' dir='ltr'>φησι</span> <span class='ocrx_word' id='word_1_454' title='bbox 1593 957 1600 965; x_wconf 92' lang='grc'><em>·</em></span> <span class='ocrx_word' id='word_1_455' title='bbox 1614 942 1744 994; x_wconf 75' lang='grc' dir='ltr'>Καιρὸς</span> <span class='ocrx_word' id='word_1_456' title='bbox 1755 942 1885 985; x_wconf 78' lang='grc' dir='ltr'>παντὸς</span> <span class='ocrx_word' id='word_1_457' title='bbox 1895 942 2078 994; x_wconf 81' lang='grc' dir='ltr'>ἀνθρώπου</span> <span class='ocrx_word' id='word_1_458' title='bbox 2092 942 2170 989; x_wconf 78' lang='grc' dir='ltr'>ἥκει</span> <span class='ocrx_word' id='word_1_459' title='bbox 2186 943 2339 982; x_wconf 86' lang='grc' dir='ltr'>ἐναντίον</span> <span class='ocrx_word' id='word_1_460' title='bbox 2353 945 2450 994; x_wconf 84' lang='grc' dir='ltr'>ἐμοῦ,</span> 
     </span>
     <span class='ocr_line' id='line_1_67' title="bbox 1422 998 2450 1053; baseline 0.003 -17"><span class='ocrx_word' id='word_1_461' title='bbox 1422 998 1475 1037; x_wconf 79' lang='grc' dir='ltr'>ὅτι</span> <span class='ocrx_word' id='word_1_462' title='bbox 1503 999 1662 1045; x_wconf 69' lang='grc' dir='ltr'>ἐπλήσθη</span> <span class='ocrx_word' id='word_1_463' title='bbox 1689 1003 1710 1046; x_wconf 81' lang='grc' dir='ltr'>ἦ</span> <span class='ocrx_word' id='word_1_464' title='bbox 1737 1003 1781 1051; x_wconf 76' lang='grc' dir='ltr'>γῆ</span> <span class='ocrx_word' id='word_1_465' title='bbox 1802 1000 1939 1044; x_wconf 77' lang='grc' dir='ltr'>ἀδικίας</span> <span class='ocrx_word' id='word_1_466' title='bbox 1962 1001 2024 1038; x_wconf 78' lang='grc' dir='ltr'>ἀπ’</span> <span class='ocrx_word' id='word_1_467' title='bbox 2044 1003 2170 1040; x_wconf 81' lang='grc' dir='ltr'>αὐτῶν.</span> <span class='ocrx_word' id='word_1_468' title='bbox 2192 1002 2262 1040; x_wconf 73' lang='grc' dir='ltr'>Καὶ</span> <span class='ocrx_word' id='word_1_469' title='bbox 2289 1000 2360 1040; x_wconf 72' lang='grc' dir='ltr'>ἰδοὺ</span> <span class='ocrx_word' id='word_1_470' title='bbox 2381 1001 2450 1053; x_wconf 84' lang='grc' dir='ltr'>ἐγὼ</span> 
     </span>
     <span class='ocr_line' id='line_1_68' title="bbox 1421 1057 2451 1113; baseline 0.004 -19"><span class='ocrx_word' id='word_1_471' title='bbox 1421 1057 1645 1111; x_wconf 69' lang='grc' dir='ltr'>καταφθείρω</span> <span class='ocrx_word' id='word_1_472' title='bbox 1672 1058 1795 1102; x_wconf 78' lang='grc' dir='ltr'>αὐτοὺς</span> <span class='ocrx_word' id='word_1_473' title='bbox 1822 1059 1882 1096; x_wconf 81' lang='grc' dir='ltr'>καὶ</span> <span class='ocrx_word' id='word_1_474' title='bbox 1911 1058 1974 1105; x_wconf 81' lang='grc' dir='ltr'>τὴν</span> <span class='ocrx_word' id='word_1_475' title='bbox 2007 1063 2084 1110; x_wconf 80' lang='grc' dir='ltr'>γῆν.</span> <span class='ocrx_word' id='word_1_476' title='bbox 2118 1060 2166 1098; x_wconf 88' lang='grc' dir='ltr'>Τί</span> <span class='ocrx_word' id='word_1_477' title='bbox 2195 1063 2288 1107; x_wconf 85' lang='grc' dir='ltr'>ἐστι,</span> <span class='ocrx_word' id='word_1_478' title='bbox 2319 1060 2451 1113; x_wconf 80' lang='grc' dir='ltr'>Καιρὸς</span> 
     </span>
     <span class='ocr_line' id='line_1_69' title="bbox 1420 1117 2450 1172; baseline 0.004 -18"><span class='ocrx_word' id='word_1_479' title='bbox 1420 1117 1550 1161; x_wconf 70' lang='grc' dir='ltr'>παντὸς</span> <span class='ocrx_word' id='word_1_480' title='bbox 1568 1118 1750 1170; x_wconf 75' lang='grc' dir='ltr'>ἀνθρώπου</span> <span class='ocrx_word' id='word_1_481' title='bbox 1768 1118 1848 1164; x_wconf 78' lang='grc' dir='ltr'>ἥκει</span> <span class='ocrx_word' id='word_1_482' title='bbox 1865 1120 2019 1158; x_wconf 85' lang='grc' dir='ltr'>ἐναντίον</span> <span class='ocrx_word' id='word_1_483' title='bbox 2039 1123 2142 1170; x_wconf 71' lang='grc' dir='ltr'>ἐμοῦ,</span> <span class='ocrx_word' id='word_1_484' title='bbox 2161 1120 2315 1167; x_wconf 73' lang='grc' dir='ltr'>Πολλὴν,</span> <span class='ocrx_word' id='word_1_485' title='bbox 2331 1120 2450 1172; x_wconf 77' lang='grc' dir='ltr'>φησὶν,</span> 
     </span>
     <span class='ocr_line' id='line_1_70' title="bbox 1420 1179 2451 1233; baseline 0 -15"><span class='ocrx_word' id='word_1_486' title='bbox 1420 1179 1650 1231; x_wconf 75' lang='grc' dir='ltr'>ἐπεδειξάμην</span> <span class='ocrx_word' id='word_1_487' title='bbox 1669 1180 1732 1227; x_wconf 73' lang='grc' dir='ltr'>τὴν</span> <span class='ocrx_word' id='word_1_488' title='bbox 1755 1181 2019 1233; x_wconf 82' lang='grc' dir='ltr'>μακροθυμίαν,</span> <span class='ocrx_word' id='word_1_489' title='bbox 2039 1181 2174 1229; x_wconf 83' lang='grc' dir='ltr'>πολλὴν</span> <span class='ocrx_word' id='word_1_490' title='bbox 2201 1181 2265 1228; x_wconf 80' lang='grc' dir='ltr'>τὴν</span> <span class='ocrx_word' id='word_1_491' title='bbox 2292 1180 2451 1224; x_wconf 85' lang='grc' dir='ltr'>ἀνεξικα-</span> 
     </span>
     <span class='ocr_line' id='line_1_71' title="bbox 1420 1241 2449 1295; baseline 0 -15"><span class='ocrx_word' id='word_1_492' title='bbox 1420 1241 1511 1287; x_wconf 87' lang='grc' dir='ltr'>κίαν,</span> <span class='ocrx_word' id='word_1_493' title='bbox 1528 1243 1565 1280; x_wconf 85' lang='grc' dir='ltr'>οὖ</span> <span class='ocrx_word' id='word_1_494' title='bbox 1585 1241 1792 1293; x_wconf 85' lang='grc' dir='ltr'>βουλόμενος</span> <span class='ocrx_word' id='word_1_495' title='bbox 1808 1242 1937 1290; x_wconf 68' lang='grc' dir='ltr'>ταύτην</span> <span class='ocrx_word' id='word_1_496' title='bbox 1955 1243 2097 1293; x_wconf 83' lang='grc' dir='ltr'>ἐπάγειν</span> <span class='ocrx_word' id='word_1_497' title='bbox 2117 1242 2180 1290; x_wconf 70' lang='grc' dir='ltr'>τὴν</span> <span class='ocrx_word' id='word_1_498' title='bbox 2200 1241 2388 1295; x_wconf 81' lang='grc' dir='ltr'>τιμωρίαν,</span> <span class='ocrx_word' id='word_1_499' title='bbox 2406 1242 2449 1289; x_wconf 78' lang='grc' dir='ltr'>ἣν</span> 
     </span>
     <span class='ocr_line' id='line_1_72' title="bbox 1420 1302 2449 1356; baseline 0.001 -16"><span class='ocrx_word' id='word_1_500' title='bbox 1420 1302 1561 1354; x_wconf 79' lang='grc' dir='ltr'>ἐπάγειν</span> <span class='ocrx_word' id='word_1_501' title='bbox 1577 1303 1695 1353; x_wconf 87' lang='grc' dir='ltr'>με’λλω</span> <span class='ocrx_word' id='word_1_502' title='bbox 1709 1318 1716 1325; x_wconf 91' lang='grc'>·</span> <span class='ocrx_word' id='word_1_503' title='bbox 1736 1305 1811 1341; x_wconf 82' lang='grc' dir='ltr'>ἀλλ’</span> <span class='ocrx_word' id='word_1_504' title='bbox 1830 1303 1950 1351; x_wconf 75' lang='grc' dir='ltr'>ἐπειδὴ</span> <span class='ocrx_word' id='word_1_505' title='bbox 1971 1303 2083 1350; x_wconf 78' lang='grc' dir='ltr'>πολλὴ</span> <span class='ocrx_word' id='word_1_506' title='bbox 2101 1307 2169 1341; x_wconf 77' lang='grc' dir='ltr'>τῶν</span> <span class='ocrx_word' id='word_1_507' title='bbox 2188 1304 2449 1356; x_wconf 77' lang='grc' dir='ltr'>ἡμαρτημένων</span> 
     </span>
     <span class='ocr_line' id='line_1_73' title="bbox 1421 1364 2448 1416; baseline 0.001 -15"><span class='ocrx_word' id='word_1_508' title='bbox 1421 1364 1536 1407; x_wconf 83' lang='grc' dir='ltr'>αὐτοῖς</span> <span class='ocrx_word' id='word_1_509' title='bbox 1555 1367 1577 1410; x_wconf 82' lang='grc' dir='ltr'>ἦ</span> <span class='ocrx_word' id='word_1_510' title='bbox 1605 1364 1780 1416; x_wconf 65' lang='grc' dir='ltr'>ὓπερὸολὴ</span> <span class='ocrx_word' id='word_1_511' title='bbox 1810 1367 1857 1408; x_wconf 89' lang='grc' dir='ltr'>εἷς</span> <span class='ocrx_word' id='word_1_512' title='bbox 1877 1367 1978 1403; x_wconf 80' lang='grc' dir='ltr'>αὐτὸν</span> <span class='ocrx_word' id='word_1_513' title='bbox 1999 1365 2128 1416; x_wconf 77' lang='grc' dir='ltr'>ἤγαγεν</span> <span class='ocrx_word' id='word_1_514' title='bbox 2148 1365 2271 1409; x_wconf 79' lang='grc' dir='ltr'>αὐτοὺς</span> <span class='ocrx_word' id='word_1_515' title='bbox 2290 1365 2348 1403; x_wconf 82' lang='grc' dir='ltr'>τὸν</span> <span class='ocrx_word' id='word_1_516' title='bbox 2367 1380 2448 1402; x_wconf 87' lang='grc' dir='ltr'>και-</span> 
     </span>
     <span class='ocr_line' id='line_1_74' title="bbox 1421 1424 2448 1476; baseline 0.002 -15"><span class='ocrx_word' id='word_1_517' title='bbox 1421 1424 1492 1476; x_wconf 70' lang='grc' dir='ltr'>ρὸν,</span> <span class='ocrx_word' id='word_1_518' title='bbox 1512 1425 1572 1462; x_wconf 82' lang='grc' dir='ltr'>καὶ</span> <span class='ocrx_word' id='word_1_519' title='bbox 1591 1425 1689 1469; x_wconf 82' lang='grc' dir='ltr'>τέλος</span> <span class='ocrx_word' id='word_1_520' title='bbox 1710 1426 1760 1463; x_wconf 81' lang='grc' dir='ltr'>δεῖ</span> <span class='ocrx_word' id='word_1_521' title='bbox 1779 1426 1899 1464; x_wconf 71' lang='grc' dir='ltr'>λοιπὸν</span> <span class='ocrx_word' id='word_1_522' title='bbox 1920 1427 2143 1474; x_wconf 68' lang='grc' dir='ltr'>ἐπιτεθῆναι,</span> <span class='ocrx_word' id='word_1_523' title='bbox 2165 1426 2226 1464; x_wconf 83' lang='grc' dir='ltr'>καὶ</span> <span class='ocrx_word' id='word_1_524' title='bbox 2257 1428 2448 1472; x_wconf 72' lang='grc' dir='ltr'>ἐκκοπῆναι</span> 
     </span>
     <span class='ocr_line' id='line_1_75' title="bbox 1421 1485 2448 1540; baseline 0.002 -18"><span class='ocrx_word' id='word_1_525' title='bbox 1421 1487 1533 1523; x_wconf 80' lang='grc' dir='ltr'>αὐτῶν</span> <span class='ocrx_word' id='word_1_526' title='bbox 1567 1485 1630 1533; x_wconf 80' lang='grc' dir='ltr'>τὴν</span> <span class='ocrx_word' id='word_1_527' title='bbox 1656 1486 1805 1534; x_wconf 81' lang='grc' dir='ltr'>κακίαν,</span> <span class='ocrx_word' id='word_1_528' title='bbox 1832 1486 1922 1525; x_wconf 75' lang='grc' dir='ltr'>ὥστε</span> <span class='ocrx_word' id='word_1_529' title='bbox 1948 1486 1995 1537; x_wconf 83' lang='grc' dir='ltr'>μὴ</span> <span class='ocrx_word' id='word_1_530' title='bbox 2026 1486 2224 1540; x_wconf 78' lang='grc' dir='ltr'>περαιτέρω</span> <span class='ocrx_word' id='word_1_531' title='bbox 2251 1486 2448 1538; x_wconf 64' lang='grc' dir='ltr'>προὸἢναι·</span> 
     </span>
     <span class='ocr_line' id='line_1_76' title="bbox 1421 1545 2448 1599; baseline -0.001 -15"><span class='ocrx_word' id='word_1_532' title='bbox 1421 1547 1552 1599; x_wconf 84' lang='grc' dir='ltr'>Καιρὸς</span> <span class='ocrx_word' id='word_1_533' title='bbox 1578 1547 1666 1599; x_wconf 80' lang='grc' dir='ltr'>γὰρ,</span> <span class='ocrx_word' id='word_1_534' title='bbox 1699 1547 1784 1599; x_wconf 73' lang='grc' dir='ltr'>φησὶ</span> <span class='ocrx_word' id='word_1_535' title='bbox 1800 1578 1809 1595; x_wconf 94' lang='grc'>,</span> <span class='ocrx_word' id='word_1_536' title='bbox 1829 1548 1958 1591; x_wconf 79' lang='grc' dir='ltr'>παντὸς</span> <span class='ocrx_word' id='word_1_537' title='bbox 1978 1547 2160 1599; x_wconf 80' lang='grc' dir='ltr'>ἀνθρώπου</span> <span class='ocrx_word' id='word_1_538' title='bbox 2187 1546 2267 1593; x_wconf 78' lang='grc' dir='ltr'>ἥκει</span> <span class='ocrx_word' id='word_1_539' title='bbox 2294 1545 2448 1584; x_wconf 85' lang='grc' dir='ltr'>ἐναντίον</span> 
     </span>
     <span class='ocr_line' id='line_1_77' title="bbox 1424 1607 2448 1661; baseline 0 -16"><span class='ocrx_word' id='word_1_540' title='bbox 1424 1610 1522 1657; x_wconf 84' lang='grc' dir='ltr'>ἐμοῦ.</span> <span class='ocrx_word' id='word_1_541' title='bbox 1554 1607 1652 1661; x_wconf 70' lang='grc' dir='ltr'>εὈρα</span> <span class='ocrx_word' id='word_1_542' title='bbox 1685 1609 1744 1646; x_wconf 82' lang='grc' dir='ltr'>καὶ</span> <span class='ocrx_word' id='word_1_543' title='bbox 1779 1612 1946 1655; x_wconf 84' lang='grc' dir='ltr'>ἐνταῦθα,</span> <span class='ocrx_word' id='word_1_544' title='bbox 1980 1613 2055 1652; x_wconf 79' lang='grc' dir='ltr'>πῶς</span> <span class='ocrx_word' id='word_1_545' title='bbox 2094 1608 2253 1661; x_wconf 80' lang='grc' dir='ltr'>καθάπερ</span> <span class='ocrx_word' id='word_1_546' title='bbox 2284 1607 2448 1659; x_wconf 80' lang='grc' dir='ltr'>ἀνωτέρω</span> 
     </span>
     <span class='ocr_line' id='line_1_78' title="bbox 1423 1668 2448 1718; baseline 0.002 -14"><span class='ocrx_word' id='word_1_547' title='bbox 1423 1668 1532 1718; x_wconf 84' lang='grc' dir='ltr'>ἔλεγε,</span> <span class='ocrx_word' id='word_1_548' title='bbox 1553 1670 1630 1711; x_wconf 83' lang='grc' dir='ltr'>Πᾶς</span> <span class='ocrx_word' id='word_1_549' title='bbox 1649 1685 1701 1713; x_wconf 89' lang='grc' dir='ltr'>τις</span> <span class='ocrx_word' id='word_1_550' title='bbox 1720 1670 1930 1717; x_wconf 81' lang='grc' dir='ltr'>διανοεῖται,</span> <span class='ocrx_word' id='word_1_551' title='bbox 1950 1669 2041 1707; x_wconf 66' lang='grc' dir='ltr'>οὕτω</span> <span class='ocrx_word' id='word_1_552' title='bbox 2061 1669 2120 1708; x_wconf 81' lang='grc' dir='ltr'>καὶ</span> <span class='ocrx_word' id='word_1_553' title='bbox 2136 1673 2207 1716; x_wconf 85' lang='grc' dir='ltr'>νῦν,</span> <span class='ocrx_word' id='word_1_554' title='bbox 2233 1670 2369 1712; x_wconf 84' lang='grc' dir='ltr'>Παντὸς</span> <span class='ocrx_word' id='word_1_555' title='bbox 2389 1672 2448 1707; x_wconf 78' lang='grc' dir='ltr'>ἀν-</span> 
     </span>
    </p>
   </div>
   <div class='ocr_carea' id='block_1_6' title="bbox 1424 1727 2487 1782">
    <p class='ocr_par' dir='ltr' id='par_1_8' title="bbox 1424 1727 2487 1782">
     <span class='ocr_line' id='line_1_79' title="bbox 1424 1727 2487 1782; baseline 0.002 -16"><span class='ocrx_word' id='word_1_556' title='bbox 1424 1728 1574 1780; x_wconf 85' lang='grc' dir='ltr'>θρώπου.</span> <span class='ocrx_word' id='word_1_557' title='bbox 1594 1729 1730 1773; x_wconf 82' lang='grc' dir='ltr'>Πάντες</span> <span class='ocrx_word' id='word_1_558' title='bbox 1745 1730 1811 1782; x_wconf 80' lang='grc' dir='ltr'>γὰρ</span> <span class='ocrx_word' id='word_1_559' title='bbox 1832 1735 2078 1782; x_wconf 71' lang='grc' dir='ltr'>συμφωνοῦσι,</span> <span class='ocrx_word' id='word_1_560' title='bbox 2105 1727 2190 1782; x_wconf 83' lang='grc' dir='ltr'>πρὸς</span> <span class='ocrx_word' id='word_1_561' title='bbox 2210 1729 2273 1776; x_wconf 79' lang='grc' dir='ltr'>τὴν</span> <span class='ocrx_word' id='word_1_562' title='bbox 2294 1745 2447 1782; x_wconf 87' lang='grc' dir='ltr'>παρανο-</span> <span class='ocrx_word' id='word_1_563' title='bbox 2482 1745 2487 1752; x_wconf 93' lang='grc'><em>·</em></span> 
     </span>
    </p>
   </div>
   <div class='ocr_carea' id='block_1_7' title="bbox 1418 1790 2447 2699">
    <p class='ocr_par' dir='ltr' id='par_1_9' title="bbox 1418 1790 2447 2699">
     <span class='ocr_line' id='line_1_80' title="bbox 1425 1790 2446 1844; baseline 0.001 -17"><span class='ocrx_word' id='word_1_564' title='bbox 1425 1790 1506 1840; x_wconf 85' lang='grc' dir='ltr'>μίαν</span> <span class='ocrx_word' id='word_1_565' title='bbox 1528 1791 1791 1842; x_wconf 83' lang='grc' dir='ltr'>ηὐτομόλησαν,</span> <span class='ocrx_word' id='word_1_566' title='bbox 1811 1792 1907 1844; x_wconf 71' lang='grc' dir='ltr'>φησὶ,</span> <span class='ocrx_word' id='word_1_567' title='bbox 1927 1792 1987 1830; x_wconf 77' lang='grc' dir='ltr'>καὶ</span> <span class='ocrx_word' id='word_1_568' title='bbox 2005 1795 2066 1830; x_wconf 81' lang='grc' dir='ltr'>οὐκ</span> <span class='ocrx_word' id='word_1_569' title='bbox 2085 1793 2178 1831; x_wconf 83' lang='grc' dir='ltr'>ἔστιν</span> <span class='ocrx_word' id='word_1_570' title='bbox 2197 1794 2307 1843; x_wconf 78' lang='grc' dir='ltr'>εὑρεῖν</span> <span class='ocrx_word' id='word_1_571' title='bbox 2328 1793 2362 1828; x_wconf 87' lang='grc' dir='ltr'>ἐν</span> <span class='ocrx_word' id='word_1_572' title='bbox 2383 1806 2446 1829; x_wconf 86' lang='grc' dir='ltr'>το·-</span> 
     </span>
     <span class='ocr_line' id='line_1_81' title="bbox 1424 1851 2446 1904; baseline 0.002 -16"><span class='ocrx_word' id='word_1_573' title='bbox 1424 1851 1537 1904; x_wconf 85' lang='grc' dir='ltr'>σούτῳ</span> <span class='ocrx_word' id='word_1_574' title='bbox 1567 1852 1692 1899; x_wconf 78' lang='grc' dir='ltr'>πλήθει</span> <span class='ocrx_word' id='word_1_575' title='bbox 1723 1852 1803 1890; x_wconf 74' lang='grc' dir='ltr'>τινα</span> <span class='ocrx_word' id='word_1_576' title='bbox 1837 1855 1901 1898; x_wconf 69' lang='grc' dir='ltr'>τῆς</span> <span class='ocrx_word' id='word_1_577' title='bbox 1934 1855 2059 1904; x_wconf 67' lang='grc' dir='ltr'>ἀρετῆς</span> <span class='ocrx_word' id='word_1_578' title='bbox 2098 1854 2198 1904; x_wconf 85' lang='grc' dir='ltr'>λόγον</span> <span class='ocrx_word' id='word_1_579' title='bbox 2228 1852 2446 1903; x_wconf 81' lang='grc' dir='ltr'>ποιούμενον.</span> 
     </span>
     <span class='ocr_line' id='line_1_82' title="bbox 1423 1911 2446 1966; baseline 0.001 -16"><span class='ocrx_word' id='word_1_580' title='bbox 1423 1912 1553 1966; x_wconf 77' lang='grc' dir='ltr'>Καιρὸς</span> <span class='ocrx_word' id='word_1_581' title='bbox 1574 1911 1654 1965; x_wconf 82' lang='grc' dir='ltr'>γὰρ,</span> <span class='ocrx_word' id='word_1_582' title='bbox 1676 1912 1780 1965; x_wconf 70' lang='grc' dir='ltr'>φησὶ,</span> <span class='ocrx_word' id='word_1_583' title='bbox 1810 1914 1938 1958; x_wconf 83' lang='grc' dir='ltr'>παντὸς</span> <span class='ocrx_word' id='word_1_584' title='bbox 1970 1913 2152 1966; x_wconf 80' lang='grc' dir='ltr'>ἀνθρώπου</span> <span class='ocrx_word' id='word_1_585' title='bbox 2182 1913 2260 1961; x_wconf 79' lang='grc' dir='ltr'>ἥκει</span> <span class='ocrx_word' id='word_1_586' title='bbox 2294 1913 2446 1952; x_wconf 87' lang='grc' dir='ltr'>ἐναντίον</span> 
     </span>
     <span class='ocr_line' id='line_1_83' title="bbox 1423 1973 2446 2027; baseline -0.001 -14"><span class='ocrx_word' id='word_1_587' title='bbox 1423 1975 1518 2024; x_wconf 80' lang='grc' dir='ltr'>ἐμοῦ.</span> <span class='ocrx_word' id='word_1_588' title='bbox 1549 1975 1691 2027; x_wconf 77' lang='grc' dir='ltr'>Καιρὸς,</span> <span class='ocrx_word' id='word_1_589' title='bbox 1713 1977 1804 2013; x_wconf 85' lang='grc' dir='ltr'>τοῦτ’</span> <span class='ocrx_word' id='word_1_590' title='bbox 1827 1976 1934 2022; x_wconf 84' lang='grc' dir='ltr'>ἔστιν,</span> <span class='ocrx_word' id='word_1_591' title='bbox 1954 1975 2100 2027; x_wconf 61' lang='grc' dir='ltr'>ἔφθασεν</span> <span class='ocrx_word' id='word_1_592' title='bbox 2118 1978 2135 2012; x_wconf 87' lang='grc' dir='ltr'>ὃ</span> <span class='ocrx_word' id='word_1_593' title='bbox 2155 1974 2291 2027; x_wconf 79' lang='grc' dir='ltr'>καιρὸς,</span> <span class='ocrx_word' id='word_1_594' title='bbox 2310 1973 2390 2012; x_wconf 80' lang='grc' dir='ltr'>καθ’</span> <span class='ocrx_word' id='word_1_595' title='bbox 2409 1973 2446 2012; x_wconf 86' lang='grc' dir='ltr'>ὃν</span> 
     </span>
     <span class='ocr_line' id='line_1_84' title="bbox 1423 2034 2447 2086; baseline 0.001 -14"><span class='ocrx_word' id='word_1_596' title='bbox 1423 2035 1474 2072; x_wconf 81' lang='grc' dir='ltr'>’δεῖ</span> <span class='ocrx_word' id='word_1_597' title='bbox 1493 2034 1557 2082; x_wconf 79' lang='grc' dir='ltr'>τὴν</span> <span class='ocrx_word' id='word_1_598' title='bbox 1576 2035 1687 2085; x_wconf 73' lang='grc' dir='ltr'>τομὴν</span> <span class='ocrx_word' id='word_1_599' title='bbox 1709 2038 1898 2080; x_wconf 83' lang='grc' dir='ltr'>ἐπιθεῖναι,</span> <span class='ocrx_word' id='word_1_600' title='bbox 1918 2036 1977 2074; x_wconf 81' lang='grc' dir='ltr'>καὶ</span> <span class='ocrx_word' id='word_1_601' title='bbox 2003 2035 2068 2082; x_wconf 80' lang='grc' dir='ltr'>τὴν</span> <span class='ocrx_word' id='word_1_602' title='bbox 2096 2035 2206 2086; x_wconf 77' lang='grc' dir='ltr'>νομὴν</span> <span class='ocrx_word' id='word_1_603' title='bbox 2238 2040 2298 2074; x_wconf 77' lang='grc' dir='ltr'>τοῦ</span> <span class='ocrx_word' id='word_1_604' title='bbox 2326 2035 2447 2079; x_wconf 78' lang='grc' dir='ltr'>ἕλκους</span> 
     </span>
     <span class='ocr_line' id='line_1_85' title="bbox 1421 2095 2446 2148; baseline 0.002 -15"><span class='ocrx_word' id='word_1_605' title='bbox 1421 2098 1591 2147; x_wconf 80' lang='grc' dir='ltr'>ἐπισχεῖν.</span> <span class='ocrx_word' id='word_1_606' title='bbox 1604 2096 1733 2147; x_wconf 77' lang='grc' dir='ltr'>Καιρὸς</span> <span class='ocrx_word' id='word_1_607' title='bbox 1747 2096 1874 2139; x_wconf 80' lang='grc' dir='ltr'>παντὸς</span> <span class='ocrx_word' id='word_1_608' title='bbox 1890 2096 2071 2148; x_wconf 80' lang='grc' dir='ltr'>ἀνθρώπου</span> <span class='ocrx_word' id='word_1_609' title='bbox 2086 2096 2164 2143; x_wconf 77' lang='grc' dir='ltr'>ἥκει</span> <span class='ocrx_word' id='word_1_610' title='bbox 2180 2095 2331 2135; x_wconf 88' lang='grc' dir='ltr'>ἐναντίον</span> <span class='ocrx_word' id='word_1_611' title='bbox 2344 2099 2428 2147; x_wconf 84' lang='grc' dir='ltr'>ἐμοῦ</span> <span class='ocrx_word' id='word_1_612' title='bbox 2438 2112 2446 2120; x_wconf 94' lang='grc'><em>·</em></span> 
     </span>
     <span class='ocr_line' id='line_1_86' title="bbox 1421 2157 2446 2210; baseline 0.002 -16"><span class='ocrx_word' id='word_1_613' title='bbox 1421 2157 1547 2195; x_wconf 80' lang='grc' dir='ltr'>ὡσανεὶ</span> <span class='ocrx_word' id='word_1_614' title='bbox 1575 2158 1720 2207; x_wconf 78' lang='grc' dir='ltr'>μηδενὸς</span> <span class='ocrx_word' id='word_1_615' title='bbox 1752 2160 1963 2210; x_wconf 71' lang='grc' dir='ltr'>ἐφορῶντος,</span> <span class='ocrx_word' id='word_1_616' title='bbox 1996 2157 2056 2195; x_wconf 82' lang='grc' dir='ltr'>καὶ</span> <span class='ocrx_word' id='word_1_617' title='bbox 2090 2157 2274 2208; x_wconf 79' lang='grc' dir='ltr'>μέλλοντος</span> <span class='ocrx_word' id='word_1_618' title='bbox 2306 2158 2446 2201; x_wconf 77' lang='grc' dir='ltr'>εὐθύνας</span> 
     </span>
     <span class='ocr_line' id='line_1_87' title="bbox 1421 2218 2446 2271; baseline 0.001 -16"><span class='ocrx_word' id='word_1_619' title='bbox 1421 2219 1580 2256; x_wconf 84' lang='grc' dir='ltr'>ἀπαιτεῖν</span> <span class='ocrx_word' id='word_1_620' title='bbox 1599 2221 1667 2256; x_wconf 80' lang='grc' dir='ltr'>τῶν</span> <span class='ocrx_word' id='word_1_621' title='bbox 1696 2221 1812 2262; x_wconf 81' lang='grc' dir='ltr'>αὐτοῖς</span> <span class='ocrx_word' id='word_1_622' title='bbox 1840 2219 2214 2269; x_wconf 79' lang='grc' dir='ltr'>πεπλημμελημένων,</span> <span class='ocrx_word' id='word_1_623' title='bbox 2243 2218 2332 2257; x_wconf 79' lang='grc' dir='ltr'>οὕτω</span> <span class='ocrx_word' id='word_1_624' title='bbox 2360 2218 2446 2271; x_wconf 82' lang='grc' dir='ltr'>πρὸς</span> 
     </span>
     <span class='ocr_line' id='line_1_88' title="bbox 1419 2278 2444 2332; baseline 0 -14"><span class='ocrx_word' id='word_1_625' title='bbox 1419 2279 1481 2323; x_wconf 82' lang='grc' dir='ltr'>τὰς</span> <span class='ocrx_word' id='word_1_626' title='bbox 1498 2279 1721 2332; x_wconf 82' lang='grc' dir='ltr'>παρανόμους</span> <span class='ocrx_word' id='word_1_627' title='bbox 1748 2279 1890 2330; x_wconf 71' lang='grc' dir='ltr'>πράξεις</span> <span class='ocrx_word' id='word_1_628' title='bbox 1912 2278 2054 2322; x_wconf 75' lang='grc' dir='ltr'>ἑαυτοὺς</span> <span class='ocrx_word' id='word_1_629' title='bbox 2077 2280 2270 2328; x_wconf 69' lang='grc' dir='ltr'>ἐξέδωκαν,</span> <span class='ocrx_word' id='word_1_630' title='bbox 2293 2282 2354 2318; x_wconf 81' lang='grc' dir='ltr'>οὐκ</span> <span class='ocrx_word' id='word_1_631' title='bbox 2386 2282 2444 2318; x_wconf 83' lang='grc' dir='ltr'>ἐν-</span> 
     </span>
     <span class='ocr_line' id='line_1_89' title="bbox 1419 2335 2443 2392; baseline 0.001 -14"><span class='ocrx_word' id='word_1_632' title='bbox 1419 2345 1572 2383; x_wconf 82' lang='grc' dir='ltr'>νοοῦντες</span> <span class='ocrx_word' id='word_1_633' title='bbox 1588 2340 1640 2378; x_wconf 74' lang='grc' dir='ltr'>ὅτι</span> <span class='ocrx_word' id='word_1_634' title='bbox 1660 2340 1721 2391; x_wconf 80' lang='grc' dir='ltr'>ἐμὲ</span> <span class='ocrx_word' id='word_1_635' title='bbox 1741 2341 1858 2378; x_wconf 88' lang='grc' dir='ltr'>λαθεῖν</span> <span class='ocrx_word' id='word_1_636' title='bbox 1879 2343 1942 2392; x_wconf 76' lang='grc' dir='ltr'>οὐχ</span> <span class='ocrx_word' id='word_1_637' title='bbox 1958 2335 2026 2379; x_wconf 69' lang='grc' dir='ltr'>οἷόν</span> <span class='ocrx_word' id='word_1_638' title='bbox 2049 2357 2085 2379; x_wconf 86' lang='grc' dir='ltr'>τε</span> <span class='ocrx_word' id='word_1_639' title='bbox 2112 2342 2169 2379; x_wconf 82' lang='grc' dir='ltr'>τὸν</span> <span class='ocrx_word' id='word_1_640' title='bbox 2193 2341 2256 2387; x_wconf 75' lang='grc' dir='ltr'>τὴν</span> <span class='ocrx_word' id='word_1_641' title='bbox 2276 2341 2443 2380; x_wconf 80' lang='grc' dir='ltr'>σύστασιν</span> 
     </span>
     <span class='ocr_line' id='line_1_90' title="bbox 1418 2401 2444 2454; baseline 0.001 -16"><span class='ocrx_word' id='word_1_642' title='bbox 1418 2405 1480 2448; x_wconf 78' lang='grc' dir='ltr'>τῆς</span> <span class='ocrx_word' id='word_1_643' title='bbox 1499 2403 1589 2446; x_wconf 69' lang='grc' dir='ltr'>ζωῆς</span> <span class='ocrx_word' id='word_1_644' title='bbox 1607 2401 1854 2453; x_wconf 72' lang='grc' dir='ltr'>χαριζόμενον,</span> <span class='ocrx_word' id='word_1_645' title='bbox 1882 2402 1941 2439; x_wconf 86' lang='grc' dir='ltr'>καὶ</span> <span class='ocrx_word' id='word_1_646' title='bbox 1960 2403 2064 2452; x_wconf 83' lang='grc' dir='ltr'>σῶμα</span> <span class='ocrx_word' id='word_1_647' title='bbox 2079 2401 2138 2439; x_wconf 80' lang='grc' dir='ltr'>καὶ</span> <span class='ocrx_word' id='word_1_648' title='bbox 2156 2402 2273 2453; x_wconf 75' lang='grc' dir='ltr'>ψυχὴν</span> <span class='ocrx_word' id='word_1_649' title='bbox 2289 2401 2444 2454; x_wconf 64' lang='grc' dir='ltr'>χαρισά-</span> 
     </span>
     <span class='ocr_line' id='line_1_91' title="bbox 1421 2462 2444 2516; baseline 0.001 -16"><span class='ocrx_word' id='word_1_650' title='bbox 1421 2478 1540 2514; x_wconf 87' lang='grc' dir='ltr'>μενον,</span> <span class='ocrx_word' id='word_1_651' title='bbox 1556 2463 1615 2500; x_wconf 84' lang='grc' dir='ltr'>καὶ</span> <span class='ocrx_word' id='word_1_652' title='bbox 1631 2462 1802 2505; x_wconf 80' lang='grc' dir='ltr'>τοσούτων</span> <span class='ocrx_word' id='word_1_653' title='bbox 1827 2465 1964 2514; x_wconf 81' lang='grc' dir='ltr'>ἀγαθῶν</span> <span class='ocrx_word' id='word_1_654' title='bbox 1983 2463 2046 2510; x_wconf 72' lang='grc' dir='ltr'>τὴν</span> <span class='ocrx_word' id='word_1_655' title='bbox 2070 2464 2240 2516; x_wconf 77' lang='grc' dir='ltr'>χορηγίαν</span> <span class='ocrx_word' id='word_1_656' title='bbox 2261 2479 2444 2516; x_wconf 78' lang='grc' dir='ltr'>παρεσχη-</span> 
     </span>
     <span class='ocr_line' id='line_1_92' title="bbox 1419 2523 2443 2577; baseline 0.001 -16"><span class='ocrx_word' id='word_1_657' title='bbox 1419 2524 1516 2562; x_wconf 85' lang='grc' dir='ltr'>κότα.</span> <span class='ocrx_word' id='word_1_658' title='bbox 1538 2523 1668 2576; x_wconf 75' lang='grc' dir='ltr'>Καιρὸς</span> <span class='ocrx_word' id='word_1_659' title='bbox 1690 2523 1802 2561; x_wconf 87' lang='grc' dir='ltr'>τοίνυν</span> <span class='ocrx_word' id='word_1_660' title='bbox 1823 2524 1951 2568; x_wconf 76' lang='grc' dir='ltr'>παντὸς</span> <span class='ocrx_word' id='word_1_661' title='bbox 1977 2523 2158 2577; x_wconf 80' lang='grc' dir='ltr'>ἀνθρώπου</span> <span class='ocrx_word' id='word_1_662' title='bbox 2184 2523 2262 2570; x_wconf 80' lang='grc' dir='ltr'>ἥκει</span> <span class='ocrx_word' id='word_1_663' title='bbox 2291 2525 2443 2563; x_wconf 65' lang='grc' dir='ltr'>ἐναντίον</span> 
     </span>
     <span class='ocr_line' id='line_1_93' title="bbox 1420 2578 2443 2638; baseline 0.001 -15"><span class='ocrx_word' id='word_1_664' title='bbox 1420 2588 1515 2635; x_wconf 88' lang='grc' dir='ltr'>ἐμοῦ.</span> <span class='ocrx_word' id='word_1_665' title='bbox 1546 2578 1634 2623; x_wconf 65' lang='grc' dir='ltr'>Εἶτα</span> <span class='ocrx_word' id='word_1_666' title='bbox 1665 2584 1785 2637; x_wconf 78' lang='grc' dir='ltr'>ὥσπερ</span> <span class='ocrx_word' id='word_1_667' title='bbox 1817 2585 2094 2636; x_wconf 77' lang='grc' dir='ltr'>ἀπολογούμενος</span> <span class='ocrx_word' id='word_1_668' title='bbox 2127 2587 2176 2637; x_wconf 86' lang='grc' dir='ltr'>τῷ</span> <span class='ocrx_word' id='word_1_669' title='bbox 2207 2585 2348 2638; x_wconf 78' lang='grc' dir='ltr'>δικαίῳ,</span> <span class='ocrx_word' id='word_1_670' title='bbox 2383 2586 2443 2624; x_wconf 79' lang='grc' dir='ltr'>καὶ</span> 
     </span>
     <span class='ocr_line' id='line_1_94' title="bbox 1420 2645 2443 2699; baseline 0 -16"><span class='ocrx_word' id='word_1_671' title='bbox 1420 2645 1551 2688; x_wconf 73' lang='grc' dir='ltr'>δεικνὺς</span> <span class='ocrx_word' id='word_1_672' title='bbox 1571 2645 1624 2684; x_wconf 80' lang='grc' dir='ltr'>ὅτι</span> <span class='ocrx_word' id='word_1_673' title='bbox 1643 2649 1664 2692; x_wconf 83' lang='grc' dir='ltr'>ἡ</span> <span class='ocrx_word' id='word_1_674' title='bbox 1686 2649 1753 2684; x_wconf 78' lang='grc' dir='ltr'>τῶν</span> <span class='ocrx_word' id='word_1_675' title='bbox 1773 2646 2034 2699; x_wconf 76' lang='grc' dir='ltr'>ἡμαρτημένων</span> <span class='ocrx_word' id='word_1_676' title='bbox 2055 2648 2168 2689; x_wconf 78' lang='grc' dir='ltr'>αὐτοῖς</span> <span class='ocrx_word' id='word_1_677' title='bbox 2189 2645 2365 2699; x_wconf 68' lang='grc' dir='ltr'>ὑπερὸολὴ</span> <span class='ocrx_word' id='word_1_678' title='bbox 2395 2648 2443 2689; x_wconf 86' lang='grc' dir='ltr'>εἷς</span> 
     </span>
    </p>
   </div>
   <div class='ocr_carea' id='block_1_8' title="bbox 1420 2706 2441 2759">
    <p class='ocr_par' dir='ltr' id='par_1_10' title="bbox 1420 2706 2441 2759">
     <span class='ocr_line' id='line_1_95' title="bbox 1420 2706 2441 2759; baseline 0 -15"><span class='ocrx_word' id='word_1_679' title='bbox 1420 2706 1549 2753; x_wconf 74' lang='grc' dir='ltr'>ταύτην</span> <span class='ocrx_word' id='word_1_680' title='bbox 1582 2708 1684 2746; x_wconf 72' lang='grc' dir='ltr'>αὗτὸν</span> <span class='ocrx_word' id='word_1_681' title='bbox 1714 2709 1913 2745; x_wconf 80' lang='grc' dir='ltr'>ἐκκαλεῖται</span> <span class='ocrx_word' id='word_1_682' title='bbox 1940 2706 2003 2754; x_wconf 80' lang='grc' dir='ltr'>τὴν</span> <span class='ocrx_word' id='word_1_683' title='bbox 2036 2706 2292 2759; x_wconf 83' lang='grc' dir='ltr'>ἀγανάκτησιν,</span> <span class='ocrx_word' id='word_1_684' title='bbox 2324 2707 2441 2758; x_wconf 76' lang='grc' dir='ltr'>φησὶν,</span> 
     </span>
    </p>
   </div>
   <div class='ocr_carea' id='block_1_9' title="bbox 1415 2767 2442 3431">
    <p class='ocr_par' dir='ltr' id='par_1_11' title="bbox 1415 2767 2442 3431">
     <span class='ocr_line' id='line_1_96' title="bbox 1419 2767 2442 2820; baseline 0 -14"><span class='ocrx_word' id='word_1_685' title='bbox 1419 2767 1506 2806; x_wconf 69' lang='grc' dir='ltr'>ζὈτι</span> <span class='ocrx_word' id='word_1_686' title='bbox 1526 2768 1682 2815; x_wconf 66' lang='grc' dir='ltr'>ἐπλήσθη</span> <span class='ocrx_word' id='word_1_687' title='bbox 1706 2773 1727 2816; x_wconf 80' lang='grc' dir='ltr'>ἡ</span> <span class='ocrx_word' id='word_1_688' title='bbox 1757 2771 1802 2820; x_wconf 75' lang='grc' dir='ltr'>γῆ</span> <span class='ocrx_word' id='word_1_689' title='bbox 1823 2767 1958 2811; x_wconf 71' lang='grc' dir='ltr'>ἀδικίας</span> <span class='ocrx_word' id='word_1_690' title='bbox 1978 2770 2038 2806; x_wconf 77' lang='grc' dir='ltr'>ἀπ’</span> <span class='ocrx_word' id='word_1_691' title='bbox 2060 2770 2184 2806; x_wconf 79' lang='grc' dir='ltr'>αὐτῶν.</span> <span class='ocrx_word' id='word_1_692' title='bbox 2206 2767 2267 2814; x_wconf 82' lang='grc' dir='ltr'>Μὴ</span> <span class='ocrx_word' id='word_1_693' title='bbox 2289 2767 2356 2820; x_wconf 79' lang='grc' dir='ltr'>γὰρ</span> <span class='ocrx_word' id='word_1_694' title='bbox 2375 2785 2442 2806; x_wconf 86' lang='grc' dir='ltr'>πα-</span> 
     </span>
     <span class='ocr_line' id='line_1_97' title="bbox 1423 2829 2442 2883; baseline 0.001 -15"><span class='ocrx_word' id='word_1_695' title='bbox 1423 2829 1561 2881; x_wconf 79' lang='grc' dir='ltr'>ρέλιπόν</span> <span class='ocrx_word' id='word_1_696' title='bbox 1581 2847 1632 2877; x_wconf 90' lang='grc' dir='ltr'>τι,</span> <span class='ocrx_word' id='word_1_697' title='bbox 1653 2830 1751 2883; x_wconf 75' lang='grc' dir='ltr'>φησὶ,</span> <span class='ocrx_word' id='word_1_698' title='bbox 1770 2833 1839 2868; x_wconf 75' lang='grc' dir='ltr'>τῶν</span> <span class='ocrx_word' id='word_1_699' title='bbox 1866 2832 1912 2874; x_wconf 89' lang='grc' dir='ltr'>εἷς</span> <span class='ocrx_word' id='word_1_700' title='bbox 1934 2829 2059 2867; x_wconf 83' lang='grc' dir='ltr'>κακίαν</span> <span class='ocrx_word' id='word_1_701' title='bbox 2081 2829 2343 2876; x_wconf 83' lang='grc' dir='ltr'>συντεινόντων;</span> <span class='ocrx_word' id='word_1_702' title='bbox 2366 2832 2442 2869; x_wconf 90' lang='grc' dir='ltr'>Το-</span> 
     </span>
     <span class='ocr_line' id='line_1_98' title="bbox 1421 2890 2441 2942; baseline 0 -13"><span class='ocrx_word' id='word_1_703' title='bbox 1421 2895 1539 2929; x_wconf 86' lang='grc' dir='ltr'>σοῦτον</span> <span class='ocrx_word' id='word_1_704' title='bbox 1568 2890 1786 2935; x_wconf 81' lang='grc' dir='ltr'>ἐπεδείξαντο</span> <span class='ocrx_word' id='word_1_705' title='bbox 1809 2891 1848 2929; x_wconf 80' lang='grc' dir='ltr'>τὸ</span> <span class='ocrx_word' id='word_1_706' title='bbox 1880 2890 2041 2942; x_wconf 81' lang='grc' dir='ltr'>μέγεθος,</span> <span class='ocrx_word' id='word_1_707' title='bbox 2061 2893 2108 2934; x_wconf 83' lang='grc' dir='ltr'>ὡς</span> <span class='ocrx_word' id='word_1_708' title='bbox 2133 2891 2192 2928; x_wconf 81' lang='grc' dir='ltr'>καὶ</span> <span class='ocrx_word' id='word_1_709' title='bbox 2217 2890 2441 2942; x_wconf 75' lang='grc' dir='ltr'>ὑπερὸλύζειν</span> 
     </span>
     <span class='ocr_line' id='line_1_99' title="bbox 1419 2951 2442 3002; baseline -0.001 -12"><span class='ocrx_word' id='word_1_710' title='bbox 1419 2953 1538 2990; x_wconf 78' lang='grc' dir='ltr'>λοιπὸν</span> <span class='ocrx_word' id='word_1_711' title='bbox 1566 2952 1628 2998; x_wconf 75' lang='grc' dir='ltr'>τὴν</span> <span class='ocrx_word' id='word_1_712' title='bbox 1653 2952 1800 2999; x_wconf 88' lang='grc' dir='ltr'>κακίαν,</span> <span class='ocrx_word' id='word_1_713' title='bbox 1821 2952 1880 2990; x_wconf 75' lang='grc' dir='ltr'>καὶ</span> <span class='ocrx_word' id='word_1_714' title='bbox 1907 2959 2021 2990; x_wconf 79' lang='grc' dir='ltr'>πᾶσαν</span> <span class='ocrx_word' id='word_1_715' title='bbox 2050 2951 2112 2998; x_wconf 78' lang='grc' dir='ltr'>τὴν</span> <span class='ocrx_word' id='word_1_716' title='bbox 2143 2955 2206 3002; x_wconf 79' lang='grc' dir='ltr'>γῆν</span> <span class='ocrx_word' id='word_1_717' title='bbox 2227 2954 2289 2996; x_wconf 76' lang='grc' dir='ltr'>τῆς</span> <span class='ocrx_word' id='word_1_718' title='bbox 2317 2951 2442 2995; x_wconf 85' lang='grc' dir='ltr'>κακίας</span> 
     </span>
     <span class='ocr_line' id='line_1_100' title="bbox 1419 3013 2439 3065; baseline -0.001 -15"><span class='ocrx_word' id='word_1_719' title='bbox 1419 3014 1678 3062; x_wconf 67' lang='grc' dir='ltr'>ἐμπεπλῆσθαι.</span> <span class='ocrx_word' id='word_1_720' title='bbox 1697 3014 1764 3052; x_wconf 68' lang='lat' dir='ltr'>Ami</span> <span class='ocrx_word' id='word_1_721' title='bbox 1782 3029 1834 3051; x_wconf 87' lang='grc' dir='ltr'>τοι</span> <span class='ocrx_word' id='word_1_722' title='bbox 1862 3016 1964 3052; x_wconf 80' lang='grc' dir='ltr'>τοῦτο</span> <span class='ocrx_word' id='word_1_723' title='bbox 1983 3013 2041 3051; x_wconf 77' lang='grc' dir='ltr'>καὶ</span> <span class='ocrx_word' id='word_1_724' title='bbox 2066 3013 2185 3057; x_wconf 81' lang='grc' dir='ltr'>αὐτοὺς</span> <span class='ocrx_word' id='word_1_725' title='bbox 2202 3013 2439 3065; x_wconf 71' lang='grc' dir='ltr'>καταφθείρω,</span> 
     </span>
     <span class='ocr_line' id='line_1_101' title="bbox 1419 3073 2440 3127; baseline -0.001 -16"><span class='ocrx_word' id='word_1_726' title='bbox 1419 3075 1478 3112; x_wconf 76' lang='grc' dir='ltr'>καὶ</span> <span class='ocrx_word' id='word_1_727' title='bbox 1498 3075 1560 3121; x_wconf 77' lang='grc' dir='ltr'>τὴν</span> <span class='ocrx_word' id='word_1_728' title='bbox 1580 3079 1656 3127; x_wconf 76' lang='grc' dir='ltr'>γῆν.</span> <span class='ocrx_word' id='word_1_729' title='bbox 1677 3075 1745 3114; x_wconf 80' lang='grc' dir='ltr'>Καὶ</span> <span class='ocrx_word' id='word_1_730' title='bbox 1761 3075 1846 3118; x_wconf 70' lang='grc' dir='ltr'>ἰδοὺ,</span> <span class='ocrx_word' id='word_1_731' title='bbox 1864 3075 1980 3126; x_wconf 72' lang='grc' dir='ltr'>φησὶν,</span> <span class='ocrx_word' id='word_1_732' title='bbox 1997 3074 2065 3126; x_wconf 85' lang='grc' dir='ltr'>ἐγὼ</span> <span class='ocrx_word' id='word_1_733' title='bbox 2082 3074 2303 3126; x_wconf 63' lang='grc' dir='ltr'>καταφθείρω</span> <span class='ocrx_word' id='word_1_734' title='bbox 2318 3073 2440 3117; x_wconf 73' lang='grc' dir='ltr'>αὐτοὺς</span> 
     </span>
     <span class='ocr_line' id='line_1_102' title="bbox 1418 3134 2441 3188; baseline 0 -15"><span class='ocrx_word' id='word_1_735' title='bbox 1418 3136 1476 3173; x_wconf 79' lang='grc' dir='ltr'>καὶ</span> <span class='ocrx_word' id='word_1_736' title='bbox 1494 3136 1556 3182; x_wconf 78' lang='grc' dir='ltr'>τὴν</span> <span class='ocrx_word' id='word_1_737' title='bbox 1577 3140 1655 3188; x_wconf 77' lang='grc' dir='ltr'>γῆν.</span> <span class='ocrx_word' id='word_1_738' title='bbox 1675 3136 1821 3182; x_wconf 72' lang='grc' dir='ltr'>Ἐπειδὴ</span> <span class='ocrx_word' id='word_1_739' title='bbox 1843 3136 1940 3172; x_wconf 74' lang='grc' dir='ltr'>αὐτοὶ</span> <span class='ocrx_word' id='word_1_740' title='bbox 1959 3134 2192 3186; x_wconf 65' lang='grc' dir='ltr'>προλαίόντες</span> <span class='ocrx_word' id='word_1_741' title='bbox 2209 3135 2264 3173; x_wconf 82' lang='grc' dir='ltr'>διὰ</span> <span class='ocrx_word' id='word_1_742' title='bbox 2284 3137 2351 3172; x_wconf 79' lang='grc' dir='ltr'>τῶν</span> <span class='ocrx_word' id='word_1_743' title='bbox 2369 3150 2441 3173; x_wconf 84' lang='grc' dir='ltr'>πα-</span> 
     </span>
     <span class='ocr_line' id='line_1_103' title="bbox 1419 3194 2439 3249; baseline 0 -17"><span class='ocrx_word' id='word_1_744' title='bbox 1419 3196 1576 3247; x_wconf 85' lang='grc' dir='ltr'>ρανόμων</span> <span class='ocrx_word' id='word_1_745' title='bbox 1608 3196 1766 3249; x_wconf 74' lang='grc' dir='ltr'>πράξεων</span> <span class='ocrx_word' id='word_1_746' title='bbox 1796 3195 1934 3239; x_wconf 77' lang='grc' dir='ltr'>ἑαυτοὺς</span> <span class='ocrx_word' id='word_1_747' title='bbox 1967 3194 2215 3247; x_wconf 64' lang='grc' dir='ltr'>κατέφθειραν,</span> <span class='ocrx_word' id='word_1_748' title='bbox 2248 3195 2304 3232; x_wconf 79' lang='grc' dir='ltr'>διὰ</span> <span class='ocrx_word' id='word_1_749' title='bbox 2338 3199 2439 3233; x_wconf 83' lang='grc' dir='ltr'>τοῦτο</span> 
     </span>
     <span class='ocr_line' id='line_1_104' title="bbox 1416 3256 2438 3310; baseline -0.001 -15"><span class='ocrx_word' id='word_1_750' title='bbox 1416 3259 1569 3303; x_wconf 64' lang='grc' dir='ltr'>παντελῗΙ</span> <span class='ocrx_word' id='word_1_751' title='bbox 1590 3257 1831 3310; x_wconf 76' lang='grc' dir='ltr'>πανωλεθρίαν</span> <span class='ocrx_word' id='word_1_752' title='bbox 1851 3257 1984 3307; x_wconf 72' lang='grc' dir='ltr'>ἐπάγω,</span> <span class='ocrx_word' id='word_1_753' title='bbox 2003 3256 2062 3293; x_wconf 80' lang='grc' dir='ltr'>καὶ</span> <span class='ocrx_word' id='word_1_754' title='bbox 2083 3257 2277 3308; x_wconf 54' lang='grc' dir='ltr'>ἀφανισμὸν</span> <span class='ocrx_word' id='word_1_755' title='bbox 2300 3256 2438 3309; x_wconf 80' lang='grc' dir='ltr'>ἐργάζο-</span> 
     </span>
     <span class='ocr_line' id='line_1_105' title="bbox 1417 3317 2435 3369; baseline -0.002 -13"><span class='ocrx_word' id='word_1_756' title='bbox 1417 3335 1493 3368; x_wconf 91' lang='grc' dir='ltr'>μαι,</span> <span class='ocrx_word' id='word_1_757' title='bbox 1515 3318 1572 3356; x_wconf 73' lang='grc' dir='ltr'>καὶ</span> <span class='ocrx_word' id='word_1_758' title='bbox 1595 3321 1719 3363; x_wconf 77' lang='grc' dir='ltr'>αὐτῶν,</span> <span class='ocrx_word' id='word_1_759' title='bbox 1739 3319 1876 3364; x_wconf 76' lang='grc' dir='ltr'>καὶτῆς</span> <span class='ocrx_word' id='word_1_760' title='bbox 1895 3321 1974 3368; x_wconf 70' lang='grc' dir='ltr'>γῆς,</span> <span class='ocrx_word' id='word_1_761' title='bbox 2001 3317 2055 3355; x_wconf 79' lang='grc' dir='ltr'>ἵνα</span> <span class='ocrx_word' id='word_1_762' title='bbox 2081 3317 2259 3369; x_wconf 86' lang='grc' dir='ltr'>καθαρμόν</span> <span class='ocrx_word' id='word_1_763' title='bbox 2282 3334 2359 3355; x_wconf 90' lang='grc' dir='ltr'>τινα</span> <span class='ocrx_word' id='word_1_764' title='bbox 2380 3318 2435 3354; x_wconf 84' lang='grc' dir='ltr'>δυ-</span> 
     </span>
     <span class='ocr_line' id='line_1_106' title="bbox 1415 3378 2435 3431; baseline -0.002 -14"><span class='ocrx_word' id='word_1_765' title='bbox 1415 3383 1500 3431; x_wconf 71' lang='grc' dir='ltr'>νηθῇ</span> <span class='ocrx_word' id='word_1_766' title='bbox 1535 3379 1695 3423; x_wconf 78' lang='grc' dir='ltr'>δέξασθαι</span> <span class='ocrx_word' id='word_1_767' title='bbox 1717 3384 1738 3426; x_wconf 69' lang='grc' dir='ltr'>ἦ</span> <span class='ocrx_word' id='word_1_768' title='bbox 1764 3381 1823 3430; x_wconf 81' lang='grc' dir='ltr'>γ’ἧ,</span> <span class='ocrx_word' id='word_1_769' title='bbox 1846 3379 1903 3417; x_wconf 78' lang='grc' dir='ltr'>καὶ</span> <span class='ocrx_word' id='word_1_770' title='bbox 1936 3378 2225 3430; x_wconf 75' lang='grc' dir='ltr'>ἀποκαθ·ν’,ρασθαι</span> <span class='ocrx_word' id='word_1_771' title='bbox 2250 3382 2308 3416; x_wconf 88' lang='grc' dir='ltr'>τοῦ</span> <span class='ocrx_word' id='word_1_772' title='bbox 2329 3378 2435 3429; x_wconf 79' lang='grc' dir='ltr'>ῥύπου</span> 
     </span>
    </p>
   </div>
  </div>
 </body>
</html>
