2516 3791
128 416 228 453 'Neque
242 416 264 444 Ῐ
267 423 296 444 οι

315 133 404 192 524
732 144 770 175 s.
808 143 985 176 Joaxms
1020 139 1259 172 cnnrsos‘r.

309 240 381 268 tam
405 244 449 268 ex
469 228 738 281 intemperantia
761 228 814 265 illi
844 225 1015 265 accidisse
1039 222 1256 268 ebrietatem,

311 305 418 342 quam
435 306 479 329 ex
492 290 650 328 tristitia.

365 413 402 449 5.
420 412 550 449 Nullus
571 410 680 461 igitur
701 408 829 445 audeat
845 415 906 443 aut
922 405 1074 456 justum,
1091 410 1152 439 aut
1167 400 1257 453 justi

109 468 135 484 ¹¹
140 468 202 494 ‘¹¹¹⁸
233 458 296 484 “¹¹²⁰
312 472 403 510 filias
418 471 660 509 condemnare.
678 466 865 513 Quomodo
884 464 978 502 enim
997 477 1066 501 non
1088 471 1177 500 esset
1192 475 1254 499 ex—

109 497 172 536 «jus

110 499 258 567 iuuandi.d

311 541 427 570 tremae
441 530 622 568 dementiae
635 538 668 567 et
686 526 912 579 insipientiae,
930 525 960 563 si
977 539 1035 563 eos
1050 538 1139 575 quos
1160 522 1255 561 divi-

311 607 351 629 na
370 592 551 643 Scriptula
577 590 622 626 ab
640 588 736 626 omni
761 588 888 624 liberat
911 585 1074 635 crimine,
1098 585 1170 623 imo
1192 597 1256 637 pro

310 653 437 703 quibus
447 661 579 689 tantam
591 648 791 702 apologiam
807 647 1001 700 componit,
1018 661 1079 684 nos
1094 646 1255 684 innume-

308 713 356 750 iis
378 722 537 764 peccatol
541 725 600 748 um
622 709 769 748 sarcinis
790 708 886 760 pleni
908 707 1205 745 condemnemus:
1223 715 1256 744 et

108 778 152 805 Ῑίι
158 788 194 804 ⁷²¹-
207 776 234 805 8
243 777 291 808 33
310 790 376 813 non
395 774 584 812 audiamus
604 771 757 808 Paulum
772 770 970 808 dicentem:
986 770 1092 807 Deus
1109 771 1175 820 qui
1190 770 1255 820 ju-

105 835 121 848 ,Ι
138 833 156 858 ι.

116 2358 189 2384 Gerr.
206 2365 294 2385 2-21.

309 839 358 873 eti
375 844 466 881 mat,
489 837 573 886 quis
587 841 641 871 est
658 847 721 883 qui
719 831 978 869 mcondemnet
975 834 987 852 ³
1001 830 1047 867 Et
1070 838 1108 866 ut
1125 828 1254 877 discas,

308 898 374 934 hoe
396 909 465 933 non
490 895 525 932 in
553 908 687 932 tanum
708 902 741 930 et
768 890 979 942 simpliciter
1007 891 1143 927 factum
1165 903 1252 938 esse,

304 957 370 995 sed
391 955 573 994 tristitiam
590 953 737 991 nimiam
753 951 939 990 accedente
960 950 1043 987 vino
1065 950 1206 987 nullum
1223 949 1255 987 ci
1268 972 1314 997 454

308 1017 490 1067 reliquisse
509 1029 661 1063 sensum,
684 1013 770 1051 audi
793 1011 882 1063 quid
903 1011 1011 1049 dicat.
1036 1011 1168 1048 54 Et
1181 1009 1302 1063 sa-A

308 1088 410 1116 etum
436 1086 490 1115 est
516 1078 577 1113 die
597 1077 782 1127 sequenti,
813 1075 987 1125 dixitque
1007 1073 1135 1124 major·
1161 1080 1255 1109 natu

309 1140 362 1175 ad
373 1140 568 1190 juniorem
586 1153 596 1172 .·
621 1137 722 1173 Ecce
744 1135 908 1171 dormivi
938 1134 1019 1169 heri
1037 1146 1124 1169 cum
1140 1141 1256 1183 patre

311 1208 467 1236 nostro:
493 1206 665 1249 potemus
699 1198 815 1247 igitur
844 1208 929 1231 eum
961 1196 1056 1230 vino
1082 1202 1118 1231 et
1147 1201 1256 1231 nocte

308 1264 398 1307 ista,
424 1269 458 1297 et
475 1263 647 1311 ingressa
666 1259 790 1294 dormi
808 1270 892 1294 cum
914 1269 971 1302 eo,
995 1264 1031 1292 et
1047 1257 1255 1292 excitemus

309 1336 356 1358 ‹02-
373 1330 484 1372 patre
511 1328 638 1357 nostro
659 1332 797 1357 semen.
827 1317 939 1355 Vides
963 1315 1141 1366 quomodo
1164 1324 1257 1352 recta

311 1381 480 1419 sententia
502 1381 569 1418 hoc
583 1379 770 1418 faciebant.
785 1379 876 1416 Nam
898 1378 980 1428 quia
995 1377 1109 1429 potui,
1129 1376 1257 1427 inquit,

308 1457 374 1494 ego
401 1442 498 1492 quod
525 1441 727 1491 quaereham
760 1439 920 1491 implere,
949 1436 1185 1476 necessarium
1208 1446 1259 1475 est

300 1513 344 1540 >et
365 1513 396 1540 tc
411 1503 503 1540 idem
520 1503 632 1539 facere
647 1517 653 1537 ε
668 1502 757 1539 forte
772 1500 866 1538 enim
878 1509 1044 1537 votorum
1059 1507 1257 1537 nostrorum

311 1572 487 1614 compotes
507 1563 654 1605 erimus,
675 1571 708 1599 et
730 1575 798 1598 non
821 1560 856 1598 in
880 1569 1048 1598 aeternum
1068 1573 1177 1610 genus
1192 1573 1255 1597 no-

311 1634 423 1661 strum
442 1622 586 1674 peribit.
608 1622 672 1660 55.
692 1623 934 1658 Potaverzcnt
947 1628 1078 1657 autem
1095 1628 1129 1657 et
1149 1628 1259 1656 noete

309 1685 382 1720 illa
407 1692 558 1734 patrem
583 1696 694 1719 suum
722 1683 830 1727 vino,
858 1688 894 1717 et
921 1683 1092 1731 ingressa
1114 1688 1169 1717 est
1186 1682 1257 1731 ju—

311 1747 408 1790 nior,
435 1752 471 1780 et
492 1744 672 1780 dormivit
695 1756 781 1779 cum
800 1749 912 1792 patre
930 1754 1026 1778 suo:
1048 1749 1085 1777 et
1105 1743 1258 1792 ignora-

313 1808 364 1842 vit
382 1805 450 1842 ille
470 1804 626 1856 quando
643 1805 727 1854 ipsa
743 1802 809 1838 vel
831 1802 1065 1846 accubuerit,
1092 1801 1158 1837 vel
1176 1814 1259 1838 sur-

310 1868 462 1902 rexerit.
487 1863 691 1910 Considera,
712 1862 853 1909 dilecte,
869 1870 984 1899 totum
1006 1861 1141 1899 factum
1153 1861 1260 1898 fuisse

310 1926 433 1964 divina
465 1924 740 1977 dispensatione,
777 1923 869 1961 sicut
907 1931 940 1959 et
969 1921 1086 1974 primo
1123 1921 1260 1959 homini

310 1987 440 2025 evenit.
463 1988 553 2024 Nam
571 1986 664 2024 sicut
678 1985 753 2023 illic
771 2000 814 2023 ex
826 1983 1034 2023 dormientis
1048 1984 1156 2021 latere
1176 1997 1261 2035 por-

310 2048 360 2084 tio
379 2056 494 2084 sumta
508 2056 571 2094 est,
594 2061 634 2085 eo
654 2061 720 2084 non
736 2045 924 2095 sentiente,
949 2045 1012 2083 sed
1030 2043 1092 2094 qui
1108 2043 1261 2081 finxerat

311 2109 403 2145 latus
431 2107 539 2155 illud,
564 2107 647 2144 inde
666 2121 816 2144 uxorem
832 2106 917 2143 Adae
932 2104 1104 2158 produxit
1123 2120 1130 2139 ι
1150 2103 1261 2142 simili

312 2168 418 2205 modo
446 2177 480 2205 et
510 2182 613 2205 nunc.
639 2167 733 2205 Nam
753 2167 783 2204 si
808 2175 911 2204 costae
940 2165 1089 2217 ereptio,
1115 2178 1259 2201 excessu

312 2228 440 2266 mentis
460 2243 479 2265 a
496 2230 571 2266 Deo
588 2228 760 2275 immisso,
777 2227 909 2276 absque
928 2225 1026 2263 illius
1046 2238 1147 2263 sensu
1169 2224 1235 2262 fuit
1253 2241 1259 2261 :

315 2289 428 2326 multo
456 2289 569 2340 magis
597 2298 629 2326 et
657 2302 750 2326 nunc
776 2288 822 2325 ita
845 2288 978 2325 sactum
1009 2295 1074 2323 est.
1105 2287 1196 2323 Nam
1224 2285 1261 2322 id

314 2349 411 2399 quod
429 2349 523 2386 dixit
543 2349 618 2386 illic
639 2349 764 2386 divina
787 2346 991 2399 Scriptura,
1011 2347 1176 2382 Immisit
1197 2359 1263 2381 ex-
1287 2348 1311 2378 C

314 2413 504 2447 stasimin
532 2410 681 2456 Adam,
700 2418 734 2446 et
755 2410 966 2446 dormivit.
960 2406 1051 2443 ·hoc
1067 2414 1100 2442 et
1120 2404 1180 2442 hic
1215 2404 1260 2442 si—

314 2471 480 2522 gnificax
471 2480 498 2508 1t
515 2470 680 2517 dicendo,
698 2471 744 2507 N
737 2472 869 2507 escivit
887 2469 1043 2520 quando
1065 2466 1132 2504 vel
1148 2480 1260 2503 accit-

315 2533 450 2578 buerit,
476 2532 543 2568 vel
573 2533 793 2569 surrexerit.
817 2531 882 2567 56.
910 2530 963 2566 Et
981 2536 1257 2578 conceperunt,

314 2592 444 2641 inquit,
475 2593 523 2630 de
548 2600 660 2643 patre
684 2604 766 2629 suo.
796 2591 860 2628 57.
891 2590 944 2626 Et
969 2590 1113 2640 peperit
1139 2589 1262 2639 major

317 2662 411 2690 natu
429 2653 566 2706 filium
588 2661 624 2689 et
656 2653 805 2689 vocavit
834 2663 972 2687 nomen
1000 2650 1080 2702 ejus
1109 2648 1228 2684 Moab
1253 2677 1261 2691 ,

315 2715 458 2759 dicens,
484 2715 547 2750 Ex
568 2721 679 2764 patre
700 2725 796 2749 meo.
812 2713 888 2748 Hic
905 2719 1017 2762 pater
1036 2718 1090 2746 est
1111 2708 1262 2744 Moabi-

317 2783 456 2811 tarum.
479 2774 542 2811 58.
563 2775 715 2825 Peperit
734 2781 863 2810 autem
876 2770 1207 2823 etjuniorfilium,
1228 2777 1263 2805 et

317 2838 472 2872 vocavit
495 2849 632 2872 nomen
650 2836 730 2886 ejus
751 2833 792 2871 A
796 2847 940 2879 mman,
967 2832 1110 2877 dicens,
1135 2830 1262 2867 Filius

315 2899 464 2947 generis
494 2898 579 2932 mei.
611 2897 686 2933 IIic
706 2904 760 2933 est
788 2904 900 2947 pater
922 2894 1258 2932 Ammanitarum.

320 2956 428 2995 Vides
457 2956 494 2993 id
523 2970 589 2993 non
616 2955 721 2993 fuisse
755 2954 1016 2993 incontinentiae
1051 2966 1154 3005 opus,
1181 2965 1262 2988 cum

317 3018 457 3055 nomina
490 3017 607 3054 statim
636 3017 727 3054 natis
751 3016 956 3064 indiderint,
981 3015 1110 3066 quibus
1130 3014 1262 3050 factum

317 3078 579 3129 significabant,
597 3086 629 3114 et
646 3077 680 3114 in
707 3078 863 3115 liliorum
881 3077 1083 3115 nominihus
1103 3073 1202 3126 quasi
1227 3073 1262 3110 in
1289 3077 1312 3106 D

317 3140 480 3177 columna
503 3139 610 3175 ferme
629 3137 781 3187 quadam
802 3137 1007 3175 memoriam
1026 3136 1109 3174 facti
1140 3133 1264 3172 inscri-

318 3206 462 3258 pserint,
489 3214 521 3241 ‹·t
534 3207 608 3257 jam
636 3215 707 3242 tuln
738 3204 981 3256 preesignnrint
1001 3211 1118 3254 gentes
1142 3215 1186 3239 cx
1216 3199 1264 3238 eis

360 3327 369 3334 a
389 3310 446 3343 Alfi
468 3315 644 3353 {775u5592i

1300 137 1501 166 ARCHIEP.
1541 135 1889 166 CONSTANTINOP-

2205 217 2287 255 ‘'Ott
2310 218 2348 255 οὗ

1328 280 1490 314 τοσοῦτον
1512 276 1546 320 ἐξ
1573 277 1743 328 ἀκρασίας
1771 278 1815 315 τὰ
1845 279 1907 324 τῆς
1938 277 2043 327 μέθης
2076 278 2170 328 αὐτῷ
2199 277 2350 327 γέγονεν,

1328 337 1407 374 ὅσον
1427 336 1496 374 ἀπὸ
1515 336 1678 386 ἀθυμίας.

1330 218 1502 270 ἀφορμήν.
1520 218 1566 256 Τί
1590 213 1648 256 οὖν
1675 218 1733 256 καὶ
1763 218 1842 269 περὶ
1861 218 1981 256 τούτου
2007 218 2182 268 εἴπωμεν,

1383 397 1517 443 Μηδεὶς
1536 397 1648 434 τοίνυν
1674 398 1838 447 τολμάτω
1857 397 1880 443 ἢ
1899 401 1958 435 τοῦ
1987 397 2120 434 δικαίου
2139 395 2224 434 ποτὲ
2244 411 2351 434 κατα·

1327 457 1563 509 ψηφίσασθαι,
1593 456 1614 503 ἢ
1634 459 1703 494 τῶν
1723 457 1844 496 τούτου
1866 456 2076 508 θυγατέρων.
2096 458 2180 499 Πῶς
2202 455 2269 507 γὰρ
2289 457 2351 493 οὐκ

1329 517 1369 555 ἂν
1389 517 1442 563 εἴη
1462 517 1587 568 μανίας
1606 517 1758 569 ἐσχάτης
1775 533 1833 555 και
1851 516 2140 569 παραφροσύνης,
2157 516 2215 559 οὒς
2233 519 2255 562 ἡ
2276 516 2351 554 θεία

1330 579 1451 631 Ιραφὴ
1481 595 1609 622 παντος
1639 578 1839 624 ἀπήλλαξεν
1875 579 2113 630 ἐγκλήματος,
2145 578 2276 628 μᾶλλον
2314 575 2350 614 δὲ

1327 639 1414 691 ὑπὲρ
1436 644 1483 678 ὧν
1509 638 1682 685 τοσαύτην
1709 639 1899 690 ἀπολογίαν
1933 637 2132 686 συνέθηκεν,
2150 641 2244 688 ἡμᾶς
2274 635 2353 679 τους

1328 699 1462 751 μυρίοις
1489 700 1706 752 ἁμαρτηιιάτ
1694 716 1755 737 ,ων
1783 700 1935 753 φορτίοις
1961 698 2258 750 πεπληρωμένους
2286 713 2354 735 κα-

1327 762 1544 807 ταδικάζειν,
1562 761 1688 811 καὶμὴ
1710 761 1848 800 ἀκούειν
1867 760 2011 799 Παύλου
2030 759 2207 810 λέγοντος,
2228 757 2318 801 Θεὸς
2337 762 2354 796 ὅ

1329 823 1492 869 δικαιῶν,
1513 823 1564 866 τίς
1593 826 1610 861 ὃ
1635 823 1877 875 κατακρίνων;
1897 822 1966 861 Καὶ
1991 821 2048 859 ἵνα
2069 821 2182 871 μάθῃς
2209 820 2262 857 ὅτι
2288 821 2354 871 οὔχ

1328 883 1448 927 ἁπλῶς
1467 884 1543 922 οὐδὲ
1564 887 1641 936 εἰκῆ
1657 887 1759 922 τοῦτο
1779 884 1932 935 γέγονεν,
1952 885 2030 922 ἀλλ’
2054 886 2076 929 ἡ
2097 881 2271 934 ὑπερὸολὴ
2292 884 2354 928 τῆς

1329 944 1475 994 ἀθυμίας
1490 945 1580 995 μετὰ
1595 949 1658 992 τῆς
1675 949 1735 982 τοῦ
1754 946 1845 983 οἴνου
1866 944 2066 996 προσθήκης
2076 942 2239 993 οὐδεμίαν
2260 944 2354 994 αὐτῷ

1328 1005 1489 1051 αἴσθησιν
1517 1006 1741 1065 συνεχώρησε
1772 1012 1874 1058 ayevs
1861 1007 1981 1051 ε’σθαι,
2011 1006 2159 1043 ἄκουσον
2177 1004 2210 1042 τί
2237 1020 2353 1055 φησιν.

1329 1065 1370 1103 'E
1373 1066 1491 1116 γένετο
1503 1067 1538 1104 δε
1552 1069 1594 1118 τῇ·
1611 1067 1792 1119 επαύριον,
1808 1067 1866 1105 καὶ
1880 1071 1974 1104 εἶπεν
1993 1070 2042 1113 ἡ
2032 1065 2282 1116 τρεσὸυτέρα
2271 1080 2356 1115 προς

1327 1127 1390 1174 τὴν
1407 1127 1600 1179 νεωτέραν·
1620 1127 1692 1165 ἷδου
1705 1127 1894 1178 ἐκοιμήθην
1918 1126 2000 1179 χθὲς
2024 1125 2112 1176 μετὰ
2144 1127 2203 1162 τοῦ
2226 1125 2356 1176 πατρὸς

1329 1192 1446 1238 ηυων·
1468 1188 1668 1239 ποτίσωαεν
1702 1205 1760 1227 ουν
1797 1188 1900 1227 αὐτὸν
1934 1192 2024 1225 οἶνον
2057 1186 2116 1224 καὶ
2153 1202 2216 1233 την
2248 1186 2356 1224 νύκτα

1328 1249 1472 1296 ταύτην,
1495 1250 1554 1286 καὶ
1583 1251 1786 1287 εἰσελθοῦσα
1806 1247 1996 1298 κοιμήθητι
2031 1248 2107 1297 μετ’
2139 1248 2242 1284 αὐτου
2257 1275 2267 1294 ,
2299 1246 2357 1284 καὶ

1329 1308 1618 1359 ἐξαναστήσωμεν
1638 1310 1678 1346 ἐκ
1707 1311 1766 1346 τοῦ
1786 1309 1917 1360 πατρὸς
1944 1310 2044 1357 ἡμῶν
2073 1305 2226 1358 σπέρμα.
2246 1306 2357 1359 (Ορᾷς

1329 1372 1402 1412 πῶς
1421 1369 1455 1413 ἐξ
1469 1372 1572 1422 ὀρθῆς
1584 1368 1726 1420 γνώμης
1737 1373 1838 1406 τοῦτο
1852 1368 2003 1407 ἐποίουν.
2023 1367 2170 1414 Ἐπειδὴ
2190 1366 2257 1420 γὰρ
2273 1369 2357 1414 ἠδυ-

1330 1431 1448 1478 νήθην,
1469 1431 1585 1482 φησὶν,
1607 1430 1675 1482 ἐγὼ
1694 1431 1734 1470 τὸ
1758 1429 2033 1480 σπουδαζόμενόν
2067 1444 2125 1479 μοι
2145 1430 2354 1480 πληρῶσαι,

2170 1490 2251 1534 ἴσως
2284 1490 2351 1541 γὰρ

1330 1555 1377 1596 εἷς
1397 1553 1495 1604 ἔργον
1511 1556 1596 1603 ἡμῖν
1615 1553 1805 1599 ἐκδήσεται
1828 1552 1873 1590 τὰ
1889 1555 1952 1598 τῆς
1968 1551 2195 1603 προσδοκίας,
2213 1550 2272 1588 καὶ
2293 1552 2355 1588 οὐκ

1330 1495 1517 1543 ἀναγκαῖον
1539 1492 1596 1530 καὶ
1627 1492 1664 1530 σὲ
1692 1491 1730 1529 τὸ
1749 1492 1834 1530 αὐτὸ
1863 1490 2135 1543 διαπράξασθαι·

1331 1617 1377 1657 εἷς
1399 1614 1496 1656 τέλος
1513 1614 1552 1652 τὸ
1566 1614 1660 1664 γένος
1676 1616 1776 1664 ἡμῶν
1797 1613 2085 1665 ἀφανισθήσεται.
2105 1612 2298 1650 Ἐπότισαν
2316 1613 2353 1650 δὲ

1331 1675 1390 1712 καὶ
1410 1677 1452 1726 τῆ
1473 1675 1570 1712 νυκτὶ
1585 1675 1698 1724 ἐκείνῃ
1720 1675 1778 1713 τὸν
1798 1673 1934 1725 πατέρα
1947 1675 2058 1710 αὐτῶν
2083 1666 2187 1720 οἶνον,
2209 1673 2267 1711 καὶ
2289 1675 2359 1711 εἷσ-

1332 1737 1479 1773 ελθοῦσα
1500 1737 1521 1781 ἡ
1538 1735 1688 1786 νεωτέρα
1708 1734 1877 1785 ἐκοιμήθη
1900 1733 1989 1784 μετὰ
2004 1737 2064 1771 τοῦ
2089 1732 2220 1786 πατρὸς
2238 1736 2357 1781 αὐτῆς·

1332 1795 1390 1833 καὶ
1404 1797 1466 1833 οὐκ
1484 1796 1560 1847 ᾔδει
1582 1797 1616 1833 ἐν
1633 1798 1682 1848 τῷ
1702 1798 1911 1845 κοιμηθῆναι
1932 1794 2054 1842 αὐτὴν,
2070 1795 2129 1832 καὶ
2147 1797 2357 1841 ἀναστῆναι.

1333 1856 1532 1904 Σκόπησον,
1554 1855 1734 1907 ἀγαπητὲ,
1750 1856 1802 1894 ὅτι
1823 1855 1862 1893 τὸ
1883 1862 1952 1893 πᾶν
1973 1858 2035 1901 τῆς
2065 1860 2124 1894 τοῦ
2151 1858 2243 1894 Θεοῦ
2270 1857 2360 1894 οἷκο-

1333 1917 1453 1967 νομίας
1483 1912 1525 1964 ῆν
1551 1917 1651 1969 ἔργον
1675 1917 1714 1955 τὸ
1739 1917 1898 1968 γεγονὸς,
1914 1915 2034 1968 ὥσπερ
2059 1915 2117 1953 ἐπὶ
2133 1920 2193 1954 τοῦ
2223 1930 2360 1967 πρωτο-

1333 1978 1502 2016 πλάστου.
1520 1977 1689 2030 Καθάπερ
1713 1978 1781 2029 γὰρ
1807 1979 1895 2023 ἐκεῖ,
1922 1977 2146 2020 καθεύδοντος
2173 1979 2300 2024 αὐτοῦ,
2321 1979 2360 2015 ἐκ

1333 2042 1395 2085 τῆς
1421 2041 1574 2090 πλευρᾶς
1605 2038 1709 2090 μέρος
1739 2038 1857 2076 λαὸὼν
1887 2038 2052 2089 οὐδεμίαν
2082 2039 2241 2085 αἴσθησιν
2264 2040 2359 2090 αὐτῷ

1334 2098 1557 2151 συνεχώρησε
1578 2098 1759 2150 γενέσθαι,
1779 2098 1869 2136 ἀλλὰ
1894 2099 1958 2144 τὴν
1982 2098 2135 2150 πλευρὰν
2156 2098 2293 2145 ἐκείνην
2313 2100 2362 2142 εἷς

1334 2165 1481 2211 γυναῖκα
1495 2159 1690 2202 διαπλάσας
1705 2158 1906 2210 παρέστησε
1921 2163 1970 2210 τῷ
1983 2159 2094 2208 Ἀδάμ
2106 2175 2113 2182 ·
2129 2159 2186 2197 τὸν
2204 2158 2306 2196 αὐτὸν
2321 2158 2362 2205 δὴ

1334 2220 1460 2272 τρόπον
1477 2220 1535 2258 καὶ
1550 2223 1618 2257 νῦν.
1638 2221 1680 2257 Εἰ
1694 2220 1760 2272 γὰρ
1774 2223 1796 2265 ἦ
1813 2222 1873 2265 τῆς
1891 2221 2043 2271 πλευρᾶς
2057 2219 2249 2271 ἀφαίρεσις,
2265 2221 2358 2256 ἐπει-

1335 2281 1376 2327 δὴ
1396 2282 1458 2327 την
1472 2281 1634 2319 ἔκστασιν
1647 2282 1741 2333 αὐτῷ
1754 2283 1772 2318 ὅ
1784 2280 1873 2324 Θεὸς
1894 2280 2082 2332 ἐπήγαγεν,
2094 2281 2358 2326 ἀνεπαισθήτους

2238 2341 2358 2392 ‘'O-nep

1336 2404 1402 2455 γὰρ
1422 2398 1516 2441 εἶπεν
1529 2405 1599 2441 ἐκεῖ
1618 2406 1639 2449 ἡ
1661 2402 1735 2441 θεία
1755 2403 1892 2455 Γραφὴ,
1909 2402 1964 2440 ὅτι
1981 2402 2176 2441 Ἐπέὸαλεν
2194 2402 2358 2440 ἔκστασιν

1335 2343 1471 2394 γέγονε,
1496 2345 1616 2394 πολλῷ
1638 2343 1770 2392 μᾶλλον
1790 2345 1850 2379 νῦν
1877 2345 1978 2380 τοῦτο
2006 2341 2045 2379 ἂν
2066 2341 2215 2393 ἐγένετο.

1337 2466 1392 2502 ἐπὶ
1415 2464 1472 2502 τὸν
1493 2465 1624 2514 Ἀδὰμ,
1649 2464 1708 2502 καὶ
1727 2463 1863 2502 ὕπνωσε
1876 2479 1883 2486 ·
1909 2468 2010 2501 τοῦτο
2035 2464 2094 2501 καὶ
2108 2465 2255 2501 ἐνταῦθα
2275 2463 2359 2510 ἐσή-

1336 2542 1422 2575 μανε
1445 2525 1500 2562 διὰ
1518 2529 1576 2564 τοῦ
1598 2527 1719 2571 εἰπεῖν,
1739 2524 1792 2562 ὅτι
1808 2527 1886 2562 Οὐκ
1908 2524 1984 2575 ᾔδει
2001 2525 2034 2561 ἓν
2055 2527 2105 2576 τῷ
2125 2526 2358 2573 κοιμηθῆναι,

1336 2587 1392 2624 καὶ
1410 2589 1611 2632 ἀναστῆναι.
1631 2587 1700 2624 Καὶ
1728 2585 1930 2630 συνέλαὸον,
1951 2584 2068 2635 φησὶν,
2089 2586 2129 2622 ἐκ
2148 2588 2207 2622 τοῦ
2229 2586 2360 2635 πατρὸς

1337 2651 1460 2686 αὐτῶν.
1491 2647 1560 2686 Καὶ
1593 2647 1707 2686 ἔτεκεν
1737 2650 1758 2693 ἡ
1794 2645 2031 2697 πρεσὸυτέρα,
2052 2644 2112 2683 καὶ
2141 2644 2286 2682 ἐκάλεσε
2320 2644 2360 2682 τὸ

1336 2710 1442 2758 ὄνομα
1472 2710 1576 2746 αὐτοῦ
1608 2707 1746 2752 Μωὰὸ,
1765 2706 1934 2758 λέγουσα·
1962 2707 2001 2743 ἐκ
2031 2709 2090 2743 τοῦ
2121 2705 2253 2756 πατρός
2276 2720 2356 2756 μου.

1336 2765 1447 2812 Οὗτος
1472 2768 1590 2820 πατὴρ
1617 2767 1827 2806 Μωαὸιτῶν.
1844 2766 1970 2805 Ἔτεκε
1992 2766 2026 2804 δὲ
2055 2766 2114 2804 καὶ
2144 2769 2166 2813 ἡ
2189 2766 2360 2818 νεωτέρα,

1336 2830 1394 2868 καὶ
1422 2829 1566 2867 ἐκάλεσε
1595 2830 1635 2868 τὸ
1666 2829 1776 2879 ὄνομα
1798 2829 1892 2879 αὐτῷ
1913 2828 2063 2878 ’Λμμᾶν,
2095 2827 2265 2878 λέγουσα·
2289 2827 2359 2870 υἱὸς

1335 2893 1394 2927 τοῦ
1415 2889 1531 2940 γένους
1547 2905 1625 2940 μου.
1642 2884 1755 2932 Οῧτος
1774 2889 1891 2940 πατὴρ
1909 2888 2142 2939 Ἀμμανιτῶν.
2161 2888 2269 2939 Ὁρᾷς
2286 2891 2360 2931 πῶς

1339 2953 1400 2989 οὐκ
1419 2950 1600 3001 ἀσελγείας
1616 2945 1658 2997 ῆν
1674 2950 1713 2988 τὸ
1729 2949 1885 3001 γεγονὸς,
1904 2950 1958 2988 ὅτι
1982 2951 2202 3001 παραχρῆμα
2222 2948 2280 2986 καὶ
2298 2948 2359 2991 τὰς

1338 3011 1571 3064 προσηγορίας
1602 3017 1673 3054 τοῖς
1700 3014 1872 3062 τεχθεῖσιν
1905 3010 2070 3048 ἐπέθεσαν
2102 3008 2296 3059 μηνύουσαι
2320 3010 2360 3048 τὸ

1337 3072 1581 3124 γεγενημένον,
1609 3072 1666 3110 καὶ
1693 3071 1876 3122 μονονουχὶ
1904 3069 2061 3121 καθάπερ
2094 3071 2126 3106 ἐν
2155 3069 2267 3120 στήλῃ
2292 3069 2358 3106 τινὶ

1337 3140 1406 3178 τοῖς
1425 3135 1494 3171 τῶν
1517 3132 1664 3171 παιδίων
1682 3132 1847 3183 ὀνόμασιν
1866 3130 2152 3180 ἐναποτιθέμεναι
2172 3133 2231 3167 τοῦ
2251 3144 2356 3180 γεγο-

1338 3195 1432 3237 νότος
1457 3194 1519 3241 τὴν
1551 3194 1704 3245 μνήμην,
1722 3193 1780 3232 καὶ
1806 3192 1874 3238 ἤδη
1903 3190 2187 3243 προμηνύουσαι,
2207 3191 2258 3229 ὅτι
2278 3190 2357 3236 ἔθνη
