2566 3791
346 270 439 325 214
770 283 808 313 s.

341 364 410 403 bus
428 378 497 403 non
522 364 769 416 illaqueemur.
793 366 867 416 Age
887 376 970 415 ergo
996 361 1144 414 prolatis
1163 361 1199 398 in
1220 374 1293 397 me-

342 424 445 464 dium
462 425 507 464 iis
525 440 604 477 quae
621 439 714 464 nunc
732 426 821 464 lecta
838 433 932 471 sunt,
945 423 1135 473 diligenter
1152 421 1292 471 singula

342 496 628 538 perscrutemur:
647 495 687 524 ut
708 485 811 523 solita
837 483 1024 521 refocillati
1042 481 1218 530 doctrina,
1243 480 1294 518 sic

344 546 492 585 domum
511 547 641 585 iterum
657 545 839 583 recedatis.>
855 547 890 581 1.
907 546 986 581 Iste
1000 551 1057 580 est
1075 543 1174 580 liber
1185 555 1297 593 gene-

343 610 508 645 rationis
526 609 740 651 hominum,
759 603 885 655 inquit,
902 605 965 640 die
984 603 1173 654 quosecit
1188 602 1296 639 Deus

342 668 493 713 Adam,
506 667 717 705 secundum
736 667 945 716 imaginem
968 665 1045 701 Dei
1055 664 1153 716 fecit
1164 662 1295 707 illum,-

342 731 379 767 9.
396 728 610 766 masculum
626 735 663 765 et
661 728 862 778 feminam
869 727 968 778 fecit
982 725 1084 763 illos.
1100 725 1136 762 E
1141 732 1155 761 t
1174 726 1295 762 nomi-

344 791 453 827 navit
474 802 613 826 nomen
630 801 762 826 eorum
782 787 932 833 Adam,
955 787 1018 824 die
1036 786 1221 838 quosecit
1241 783 1296 823 il-

341 850 410 888 los.
430 849 592 899 Attende,
612 849 777 896 obsecre,
798 846 981 900 propheta:
1003 847 1113 898 hujus
1139 845 1291 884 admira-

845 280 1036 312 JOANNIS
1068 277 1322 309 CHRYSOST.
1364 279 1573 309 ARCHIEP.
1613 279 1975 310 CONSTANTINOP.

1371 360 1544 412 θησαυρὸς
1562 362 1802 410 ἀδαπάνητος,
1822 363 1882 400 καὶ
1902 363 2104 414 διαμαρτεῖν
2128 364 2190 400 οὐκ
2209 362 2276 409 ἔνι,
2307 363 2394 409 οτὴν

1369 419 1448 467 ἴσην
1463 422 1522 458 καὶ
1537 421 1681 461 πλείονα
1697 422 1850 469 σπουδὴν
1869 424 2148 471 ἐπιδείκνυσθαι,
2167 422 2225 462 ἵνα
2245 425 2394 471 δυνηθῶ-

1371 497 1433 531 μεν
1462 483 1639 535 ἐπιτυχεῖν
1663 486 1733 522 τῶν
1757 483 2058 536 σπουδαζομένων,
2079 484 2139 523 καὶ
2158 484 2222 532 τὴν
2241 487 2396 525 ἐντεῦθεν

1369 542 1538 595 ὠφέλειαν
1556 545 1847 598 καρπωσάμενοι,
1871 546 1931 583 καὶ
1951 545 2212 595 καταμαθόντες
2224 551 2285 586 τοῦ
2300 548 2393 585 Θεοῦ

1368 604 1430 651 τὴν
1456 605 1586 657 ἄφατον
1608 606 1884 660 φιλανθρωπίαν,
1917 605 2129 657 εὖγνώμονές
2152 622 2189 644 τε
2215 607 2395 659 γενώμεθα

1367 666 1447 718 περὶ
1460 668 1518 705 τὸν
1536 667 1705 721 ἡμέτερον
1732 667 1927 715 Δεσπότην,
1943 668 2003 705 καὶ
2024 667 2087 714 τὴν
2109 669 2236 705 ἐκεῖθεν
2260 668 2395 706 εὔνοιαν

1367 729 1666 780 ἐπισπασάμενοι,
1684 728 1869 783 ἀχείρωτοι
1887 732 2118 780 καταστῶμεν
2140 735 2217 772 ταῖς
2240 732 2300 766 τοῦ
2319 730 2395 767 δια-

1366 788 1469 828 δόλου
1489 789 1625 842 παγίσι.
1649 790 1746 842 Φέρε
1766 783 1824 828 οὖν
1843 789 1888 828 τὰ
1907 789 2108 843 πρόσφατον
2128 789 2393 840 ἀναγνωσθέντα

1365 851 1413 894 εἷς
1434 849 1538 901 μέσον
1557 852 1760 904 προθέντες,
1781 850 2081 904 διερευνησώμεθα
2099 850 2188 902 μετὰ
2213 851 2394 903 ἀκριὸείας

340 909 424 948 bilis
443 909 651 962 sapientiam
661 924 671 959 3
692 909 765 947 imo
781 908 892 946 sancti
909 908 1066 960 Spiritus
1082 907 1292 945 doctrinam.
1316 918 1340 948 E
1366 910 1524 959 ἕκαστον,
1545 911 1600 951 ἵνα
1611 916 1673 960 τῆς
1689 913 1854 960 συνήθους
1870 911 2129 956 ἀπολαύσαντες
2144 912 2372 957 διδασκαλίας
2383 941 2394 959 ,

338 971 395 1009 Ab
416 971 478 1009 illo
495 971 605 1021 enim,
622 979 661 1008 ut
676 984 770 1022 saepe
785 969 924 1007 dictum
939 978 1004 1017 est,
1018 968 1173 1016 afflatus,
1191 968 1296 1005 nobis

337 1031 415 1070 haec
440 1032 559 1070 onmia
579 1031 741 1082 loquitur
761 1046 769 1067 :
792 1039 825 1068 et
849 1030 1011 1081 linguam
1039 1028 1185 1079 quidem
1212 1042 1296 1080 pro-

337 1092 445 1144 pheta
459 1091 716 1141 commodavit,
731 1091 845 1142 gratia
866 1099 984 1128 autem
1005 1089 1162 1142 Spiritus
1184 1089 1296 1126 sancti

337 1167 401 1205 per
415 1153 515 1190 illam
537 1153 655 1190 omnia
669 1151 867 1189 humanum
889 1165 998 1203 genus
1018 1149 1203 1188 manifeste
1223 1149 1294 1187 do-

337 1224 400 1252 cet.
422 1214 518 1253 Vide
536 1228 620 1266 ergo
643 1213 820 1265 quomodo
839 1212 886 1251 ad
906 1212 1082 1264 originem
1099 1225 1295 1249 sermonem

336 1276 487 1326 reducit,
503 1285 538 1314 et
564 1275 750 1327 superiora
776 1275 908 1312 iterum
929 1272 1089 1312 resumit.
1110 1273 1241 1322 Quare,
1262 1281 1296 1310 et

336 1352 406 1388 qua
436 1337 481 1375 de
508 1337 636 1375 causa?
655 1337 747 1384 Quia
773 1336 868 1376 vidit
895 1349 954 1374 eos
982 1335 1045 1387 qui
1071 1344 1157 1374 tunc
1179 1344 1293 1385 erant,

335 1413 463 1450 magna
476 1413 549 1451 prae
563 1413 598 1436 se
619 1400 708 1437 serre
726 1398 856 1450 ingrati
872 1397 982 1435 animi
1002 1397 1118 1449 signa,
1139 1411 1203 1435 nec
1223 1411 1295 1435 me-

334 1459 441 1497 liores
456 1459 535 1497 fieri
553 1474 598 1498 ex
618 1460 662 1498 iis
683 1474 761 1510 quae
778 1459 896 1512 primo
915 1458 1054 1511 parenti
1072 1457 1290 1507 acciderant,

336 1520 398 1558 sed
430 1520 467 1558 in
500 1520 595 1558 idem
627 1521 773 1558 malitiae
803 1519 1025 1572 profundum
1057 1520 1289 1572 praecipitari.

334 1582 427 1618 Nam
450 1593 531 1619 cum
547 1582 577 1619 is
593 1581 655 1633 qui
672 1596 718 1619 ex
737 1581 800 1619 illo
820 1590 923 1620 natus
942 1590 1019 1619 erat
1035 1582 1156 1619 statim
1172 1582 1292 1620 conci—

1365 972 1473 1018 οὕτως
1497 973 1614 1012 οἴκαδε
1640 974 1907 1026 ἀναχωρήσητε.
1933 973 2033 1019 Αὕτη
2061 977 2082 1020 ἦ
2116 973 2257 1024 βίὸλος,
2290 974 2392 1026 φησὶ,

1364 1035 1531 1084 γενέσεως
1555 1035 1761 1087 ἀνθρώπων,
1792 1030 1816 1087 ἧ
1837 1035 1954 1088 ἡμέρᾳ
1982 1035 2143 1082 ἐποίησεν
2170 1039 2188 1073 ὃ
2217 1035 2306 1079 Θεὸς
2334 1035 2393 1073 τὸν

1364 1094 1493 1146 Ἀδὰμ,
1521 1099 1600 1134 κατ’
1622 1095 1738 1134 εἰκόνα
1757 1097 1850 1135 Θεοῦ
1869 1096 2030 1142 ἐποίησεν
2047 1094 2149 1134 αὐτόν
2164 1111 2172 1120 ·
2202 1095 2305 1147 ἄρσεν
2333 1096 2394 1135 καὶ

1364 1158 1449 1203 θῆλυ
1480 1156 1641 1203 ἐποίησεν
1675 1157 1797 1200 αὐτούς
1808 1158 1840 1195 *.
1860 1157 1932 1196 Καὶ
1961 1156 2167 1207 ἐπωνόμασε
2190 1156 2255 1195 Ῑτὸ
2283 1157 2394 1209 ὄνομα

1364 1219 1478 1256 αὐτῶν
1499 1217 1629 1268 Ἀδὰμ,
1652 1212 1676 1269 ᾗ
1700 1217 1819 1271 ἡμέρα
1836 1216 1998 1265 ἐποίησεν
2019 1217 2153 1261 αὐτούς.
2169 1217 2246 1257 Θεά
2262 1234 2320 1268 μοι
2332 1223 2393 1256 τοῦ

1363 1282 1563 1330 θαυμαστοῦ
1585 1278 1706 1318 τούτου
1731 1278 1911 1331 προφήτου
1937 1277 2000 1326 τὴν
2028 1278 2165 1317 σύνεσιν
2181 1295 2190 1302 ·
2209 1281 2341 1329 μᾶλλον
2358 1279 2394 1319 δὲ

1362 1345 1422 1379 τοῦ
1451 1340 1549 1393 ἁγίου
1575 1339 1782 1391 Πνεύματος
1801 1339 1865 1387 τὴν
1886 1341 2129 1379 διδασκαλίαν.
2149 1340 2303 1378 Ἐκεῖθεν
2325 1340 2394 1394 γὰρ

1363 1401 1592 1454 ἐνηχούμενος
1608 1402 1747 1440 ἅπαντα
1764 1405 1849 1452 ἡμῖν
1878 1401 2085 1454 φθέγγεται·
2116 1401 2176 1440 καὶ
2194 1400 2258 1448 τὴν
2277 1404 2393 1454 γλῶτ-

1362 1478 1425 1500 ταν
1459 1462 1520 1514 μὲν
1551 1457 1649 1506 οῧτος
1678 1463 1867 1510 ἐδάνεισεν,
1884 1466 1906 1510 ἡ
1924 1462 1959 1502 δὲ
1985 1468 2045 1501 τοῦ
2064 1462 2271 1514 Πνεύματος
2288 1463 2394 1516 χάρις

1361 1524 1478 1563 πάντα
1494 1527 1613 1576 σαφῶς
1628 1523 1684 1562 διὰ
1700 1522 1821 1563 τούτου
1836 1524 1899 1570 τὴν
1915 1524 2089 1577 ἡμετέραν
2105 1525 2263 1563 διδάσκει
2277 1524 2390 1577 φύσιν.-

1363 1585 1497 1624 Σκόπει
1528 1585 1642 1623 τοίνυν
1675 1588 1750 1629 πῶς
1777 1588 1824 1630 εἷς
1850 1585 1962 1638 ἀρχὴν
1991 1586 2048 1624 τὸν
2083 1585 2186 1638 λόγον
2216 1586 2391 1637 ἀνήγαγε,

336 1650 430 1680 tante
445 1642 582 1682 invidia
597 1643 646 1681 ad
659 1642 899 1681 fratricidium
916 1642 1057 1691 ruisset,
1073 1652 1106 1681 et
1120 1643 1198 1681 ideo
1212 1657 1291 1695 gra-
1300 1674 1347 1699 132
1362 1646 1422 1684 καὶ
1441 1647 1588 1694 ἄνωθεν,
1615 1649 1661 1691 ὡς
1692 1649 1814 1695 εἰπεῖν,
1835 1648 1943 1686 πάλιν
1965 1646 2027 1694 τὴν
2058 1647 2217 1699 διήγησιν
2241 1648 2390 1695 ποιήσα-

335 1702 522 1741 vissimam
543 1718 684 1756 poenam
701 1704 853 1753 tulisset,
879 1704 971 1742 sicut
989 1704 1152 1756 superius
1165 1705 1291 1743 carita·
1311 1712 1336 1741 A
1362 1710 1441 1744 σθαι
1462 1707 1635 1758 βούλεται.
1668 1708 1772 1752 Τίνος
1803 1707 1916 1746 ἕνεκεν
1935 1708 1994 1746 καὶ
2016 1707 2073 1745 διὰ
2088 1708 2121 1745 τί
2129 1724 2138 1755 ;
2157 1707 2302 1754 Ἐπειδὴ
2322 1707 2390 1759 γὰρ

333 1772 406 1802 tem
425 1774 583 1803 vestram
600 1764 788 1803 docuimus
808 1781 815 1800 τ
834 1779 875 1802 ac
893 1765 1025 1817 posteri
1044 1765 1121 1817 ejus
1140 1765 1232 1803 nihil
1251 1780 1291 1804 ea

334 1825 564 1877 castigatione
600 1825 849 1878 profecissent,
878 1825 941 1864 sed
968 1825 1005 1863 in
1036 1826 1234 1878 majoribus
1256 1841 1292 1865 se

332 1886 437 1924 malis
450 1887 695 1937 involvissem,
710 1887 802 1925 sicut
818 1886 1008 1925 audivistis
1023 1886 1116 1937 heri,
1134 1887 1291 1926 Lamech

332 1960 460 2000 nempe
491 1957 678 2000 peccatum
707 1961 812 1985 suum
846 1947 1022 1985 uxoribus
1051 1957 1288 2000 enarrantem,

332 2022 544 2060 poenamque
562 2009 733 2048 adversus
749 2023 785 2047 se
805 2008 1053 2047 decernentem
1074 2025 1082 2046 z
1101 2010 1183 2061 quia
1203 2024 1291 2062 pau-

331 2069 434 2107 latim
463 2071 559 2109 vidit
587 2071 779 2109 increscere
806 2070 983 2109 malitiam
1011 2070 1158 2109 illorum
1188 2071 1289 2121 quasi

334 2131 469 2168 malum
482 2131 668 2169 humorem
684 2145 747 2183 per
764 2140 880 2169 totum
892 2145 1020 2183 corpus
1033 2145 1069 2168 se
1082 2131 1289 2169 diffunden-

334 2202 419 2239 tem,
442 2192 534 2231 sistit
556 2192 699 2230 malitiae
726 2192 911 2244 impetum,
931 2201 965 2229 et
985 2192 1225 2243 generationes
1244 2192 1290 2230 il-

334 2253 400 2302 las,
418 2267 495 2303 quae
510 2268 555 2291 ex
571 2253 659 2291 Cain
680 2267 792 2303 usque
811 2252 857 2290 ad
873 2253 1042 2302 Lamech,
1056 2267 1098 2291 ne
1118 2254 1288 2291 memoria

336 2313 481 2364 quidem
500 2313 771 2365 dignaturzsed
803 2313 903 2364 quasi
928 2314 1148 2366 principium
1173 2315 1288 2364 quod-

1361 1761 1429 1805 εἶδε
1444 1767 1521 1811 τοὺς
1535 1768 1603 1814 ἤδη
1620 1769 1804 1821 γεγονότας
1818 1768 1954 1816 πολλὴν
1968 1768 2031 1816 τὴν
2048 1769 2295 1820 ἀγνωμοσύνην
2312 1771 2391 1807 ἐπι-

1361 1828 1581 1880 δειξαμένους
1593 1859 1603 1878 ,
1627 1830 1687 1868 καὶ
1707 1829 1796 1881 μηδὲ
1814 1835 1885 1872 τοῖς
1904 1832 1951 1874 εἷς
1966 1830 2024 1868 τὸν
2041 1829 2316 1884 πρωτόπλαστον
2331 1845 2390 1881 γε-

1361 1890 1564 1941 γενημένοις
1592 1891 1909 1944 σωφρονισθέντας,
1936 1893 2012 1929 ἀλλ’
2033 1893 2081 1935 εἷς
2103 1891 2204 1929 αὐτὸν
2223 1891 2281 1929 τὸν
2301 1906 2390 1942 κρη-

1364 1952 1447 2003 μνὸν
1465 1955 1528 1998 τῆς
1547 1952 1673 1996 κακίας
1694 1954 1984 2004 κατενεχθέντας·
2001 1952 2021 1991 ὅ
2041 1968 2078 1990 τε
2101 1952 2167 2004 γὰρ
2197 1953 2255 1990 ὑπ’
2286 1953 2391 1991 αὐτοῦ

1361 2014 1493 2066 τεχθεὶς
1514 2014 1637 2059 εὐθέως
1659 2014 1717 2053 διὰ
1739 2015 1931 2066 βασκανίαν
1954 2017 2001 2059 εἷς
2022 2013 2289 2066 ἀδελφοκτονίαν
2310 2013 2392 2067 ὥρ-

1363 2091 1454 2125 μησε
1468 2091 1474 2099 ·
1493 2075 1616 2114 διὸκαὶ
1632 2075 1695 2122 τὴν
1712 2077 1884 2128 τιμωρίαν
1902 2076 2036 2123 ἐκείνην
2054 2075 2117 2123 τὴν
2132 2077 2390 2127 χαλεπωτάτην

1361 2136 1517 2184 ἐδέξατο,
1545 2137 1660 2181 καθὼς
1683 2138 1876 2189 φθάσαντες
1901 2136 2106 2188 ἐδιδάξαμεν
2126 2136 2190 2184 τὴν
2217 2137 2389 2190 ὑμετέραν

1361 2197 1501 2248 ἀγάπην
1516 2214 1524 2222 ·
1557 2191 1632 2235 εἶτα
1663 2198 1769 2236 πάλιν
1790 2200 1821 2236 οἱ
1842 2200 1916 2249 μετ’
1936 2199 2078 2246 ἐκεῖνον,
2101 2197 2178 2236 οὐδὲ
2204 2201 2247 2250 τῇ
2267 2198 2389 2238 τούτου

1359 2258 1512 2311 τιμωρίᾳ
1528 2258 1839 2311 σωφρονισθέντες,
1862 2258 1998 2311 χείροσι
2023 2264 2142 2302 κακοῖς
2167 2259 2308 2302 ἑαυτοὺς
2327 2276 2390 2298 πε-

1362 2319 1534 2371 ριέὲαλον,
1555 2319 1712 2370 καθάπερ
1732 2319 1906 2365 ἠκούσατε
1924 2319 2005 2372 χθὲς
2025 2325 2086 2358 τοῦ
2105 2319 2236 2372 Λάμεχ
2254 2319 2317 2367 τὴν
2336 2323 2389 2358 οἰ-

333 2373 418 2411 dam
445 2374 593 2423 ducens,
607 2383 640 2412 et
662 2374 801 2412 luctum
821 2374 908 2411 Adae
928 2382 961 2411 ct
981 2372 1067 2411 Evae
1087 2373 1288 2413 demulcere
1309 2388 1332 2418 Β
1359 2380 1457 2418 κείαν
1474 2380 1648 2433 ἁμαρτίαν
1670 2380 1897 2432 διηγουμένου
1921 2387 1996 2424 ταῖς
2015 2383 2137 2419 ἑαυτοῦ
2158 2381 2311 2433 γυναιξὶ,
2329 2382 2389 2420 καὶ

334 2435 471 2483 volens,
483 2435 519 2472 in
535 2449 641 2486 quem
656 2434 737 2473 illos
751 2435 918 2487 injecerat
934 2434 1134 2484 fratricida,
1151 2445 1288 2473 armata

335 2505 455 2534 contra
467 2496 556 2534 Abel
565 2495 692 2534 dextra
702 2511 709 2532 :
718 2495 769 2533 sic
779 2495 1017 2534 narrationem
1030 2494 1181 2544 orditur,
1189 2505 1221 2533 et
1236 2496 1287 2533 in-

334 2557 428 2607 quit:
440 2559 519 2595 Iste
533 2565 587 2595 esc
606 2557 703 2595 liber
720 2558 983 2609 generationis
1000 2557 1212 2602 hominum,
1226 2557 1288 2594 die

335 2631 410 2670 quo
430 2619 527 2669 fecit
545 2618 653 2656 Deus
673 2617 823 2663 Adam,
845 2618 1056 2655 secundnm
1079 2619 1287 2668 imaginem

335 2680 515 2731 Deisecit
528 2680 657 2724 illum;
670 2679 883 2717 masculum
897 2687 934 2731 et
936 2680 1127 2731 seminam
1124 2681 1230 2732 fecit
1240 2680 1286 2716 il-

337 2741 393 2778 los
412 2756 422 2776 .-
439 2749 475 2777 et
503 2743 719 2781 nominavit
743 2755 882 2779 nomen
901 2755 1031 2780 eorum
1051 2740 1202 2788 Adam,
1223 2743 1287 2779 die

337 2802 521 2854 ‹suo-fecit
534 2802 636 2841 illos.

376 3301 410 3335 Φ..
429 3297 619 3336 Considera
638 3300 816 3349 quomodo
830 3300 957 3339 iisdem
972 3302 1088 3340 verbis
1103 3316 1186 3340 usus
1208 3303 1279 3340 suc-

359 3424 365 3435 «
397 3414 549 3455 Quinque
567 3414 640 3446 Mss.
659 3420 711 3452 τὴν
731 3420 791 3451 inu
810 3420 888 3457 ἡμῖν,
907 3416 1002 3448 mate.

426 3465 506 3497 vide
524 3465 615 3498 Prmf.
638 3468 735 3498 Τωηιί
763 3466 855 3508 buum
874 3468 888 3511 Q
908 3471 968 3509 uu]

1359 2444 1435 2479 καθ’
1454 2443 1578 2480 ἑαυτοῦ
1592 2442 1632 2480 τὸ
1652 2441 1828 2492 ἐπιτίμιον
1848 2441 2020 2495 ὁρίζοντος
2032 2458 2040 2465 ·
2059 2442 2136 2480 ἐπεὶ
2154 2442 2246 2481 κατὰ
2265 2443 2388 2495 μικρὸν

1359 2497 1446 2540 εἶδεν
1465 2501 1701 2553 αὐξανομένην
1720 2506 1834 2541 αὐτῶν
1859 2503 1923 2550 τὴν
1953 2503 2078 2542 κακίαν
2097 2504 2256 2556 καθάπερ
2277 2509 2388 2557 ῥεῦμα

1358 2564 1506 2616 πονηρὸν
1528 2564 1653 2615 μέλλον
1670 2564 1763 2603 κατὰ
1779 2564 1906 2608 παντὸς
1923 2564 2116 2617 διατρέχειν
2132 2569 2191 2604 τοῦ
2208 2565 2387 2616 σώματος,

1357 2625 1475 2671 ἵστησι
1495 2628 1557 2670 τῆς
1576 2625 1701 2668 κακίας
1717 2625 1778 2672 τὴν
1806 2625 1927 2678 φορὰν,
1952 2626 2012 2663 καὶ
2033 2625 2095 2670 τὰς
2116 2625 2235 2677 γενεὰς
2258 2626 2387 2670 ταύτας

1356 2687 1475 2725 λοιπὸν
1497 2686 1559 2729 τὰς
1580 2689 1618 2724 ἐκ
1642 2690 1702 2724 τοῦ
1724 2686 1813 2724 Κάϊν
1836 2686 1941 2738 μέχρι
1971 2690 2032 2724 τοῦ
2054 2686 2181 2738 Λάμεχ
2199 2687 2386 2738 γενομένας

1357 2749 1432 2786 οὐδὲ
1451 2748 1591 2799 μνήμης
1611 2747 1720 2797 ἀξιοῖ,
1743 2746 1820 2784 ἀλλ’
1842 2747 1960 2799 ὥσπερ
1977 2747 2089 2799 ἀρχήν
2116 2763 2194 2785 τινα
2218 2748 2385 2798 ποιούμε-

1356 2824 1426 2855 νος,
1442 2810 1502 2847 καὶ
1521 2808 1558 2846 τὸ
1581 2809 1702 2851 πένθος
1718 2813 1778 2847 τοῦ
1799 2808 1910 2859 Ἀδὰμ
1932 2808 1991 2846 καὶ
2016 2811 2078 2854 τῆς
2097 2807 2192 2851 Εὔας
2210 2824 2382 2860 παραμυ-

1356 2871 1526 2917 θήσασθαι
1545 2869 1750 2921 βουλόμενος
1764 2899 1773 2916 ,
1789 2863 1817 2921 ᾧ
1834 2870 2036 2921 περιῧαλεῖν
2052 2868 2175 2914 αὐτοὺς
2191 2869 2383 2921 ἐτόλμησεν

1353 2936 1370 2969 ὁ
1390 2932 1635 2983 ἀδελφοκτόνος
1651 2960 1659 2976 ,
1680 2930 1742 2977 τὴν
1764 2930 1877 2975 δεξιὰν
1907 2931 2054 2975 ὁπλίσας
2073 2930 2163 2969 κατὰ
2177 2936 2236 2970 τοῦ
2255 2930 2382 2977 Ἄὸελ,

1354 2993 1461 3035 οὕτως
1492 2993 1637 3043 ἄρχεται
1665 2995 1727 3038 τῆς
1757 2992 1974 3043 διηγήσεως,
2001 2992 2062 3030 καί
2090 3008 2213 3043 φησιν·
2243 2991 2381 3039 Αὕτη-ἡ

1355 3054 1473 3104 βίίὶλος
1488 3053 1653 3104 γενέσεως
1670 3053 1876 3105 ἀνθρώπιον,
1896 3047 1920 3104 ᾗ
1936 3053 2053 3107 ἡμέρᾳ
2081 3053 2242 3100 ἐποίησεν
2257 3056 2274 3090 ὃ
2293 3053 2383 3097 Θεὸς

1303 3125 1326 3155 C
1353 3116 1409 3153 τὸν
1430 3114 1559 3165 Ἀδὰμ,
1584 3117 1661 3152 κατ’
1685 3114 1800 3153 εἰκόνα
1820 3116 1912 3152 Θεοῦ
1944 3114 2104 3161 ἐποίησεν
2125 3113 2244 3152 αὐτόν·
2275 3114 2380 3166 ἄρσεν

1354 3176 1412 3213 καὶ
1433 3177 1518 3220 θῆλυ
1547 3175 1707 3220 ἐποίησεν
1729 3175 1851 3218 αὐτούς
1868 3191 1875 3198 ·
1900 3175 1959 3213 καὶ
1977 3174 2182 3225 ἐπωνόμασε
2205 3174 2244 3212 τὸ
2269 3176 2379 3225 ὄνομα

1354 3241 1464 3275 αὐτῶν
1486 3236 1615 3287 Ἀδὰμ,
1637 3232 1660 3288 ἦ
1679 3236 1794 3288 ἡμέρᾳ
1809 3236 1970 3283 ἐποίησεν
1988 3237 2120 3280 αὐτούς.

1406 3300 1538 3338 Σκόπει
1559 3301 1630 3342 πῶς
1649 3305 1718 3341 τοῖς
1739 3300 1854 3341 αὐτοῖς
1880 3298 2012 3350 ῥήμασι
2033 3299 2226 3351 κέχρηται,
2243 3302 2288 3343 ὡς
2316 3306 2372 3341 καὶ

1399 3419 1402 3439 Ι
1437 3414 1588 3453 Quattuor
1608 3414 1680 3444 ΙῚΙκΞ.
1705 3420 1736 3446 τὸ
1754 3418 1847 3455 ὄνομα
1872 3417 1971 3447 akob.
