2516 3791
809 185 850 214 ΙΝ

64 268 172 321 τέρων
187 267 381 319 σύγκειται,
400 269 606 319 θαῤῥοῦντες
620 271 721 306 τοῦτο
737 267 945 319 ποιήσομεν.
970 264 1094 305 Καίτοι

63 345 103 381 γε
123 329 180 368 ἐπὶ
201 330 269 366 τῶν
290 327 413 372 ἔξωθεν
428 326 572 379 ἀγώνων
587 327 684 366 οὐδὲν
701 328 741 366 ἂν
759 327 850 380 μέγα
864 326 1094 380 καρπώσαιτο

64 394 82 429 6
110 389 305 442 ἀγωνιστὴς
333 389 432 441 παρὰ
461 394 522 428 τοῦ
550 392 692 435 θεατοῦ,
719 389 840 435 ἀλλ’ἢ
866 390 944 428 ὅσον
966 390 1092 440 βοῆσαι

64 454 206 498 ἐκεῖνον,
227 451 287 489 καὶ
307 451 485 501 θαυμάσαι
499 450 542 488 τὰ
559 450 788 503 γεγενημένα,
808 450 867 489 καὶ
888 450 1090 503 φιλονεικῆ-

62 529 120 552 σαι
143 519 214 557 τοῖς
234 511 473 564 ἀντιλέγουσιν
497 512 569 550 ἄνω
591 512 788 563 καθήμενον
802 527 810 535 ·
831 509 1030 556 καταόἧναι
1054 507 1091 547 δὲ

63 576 110 617 εἷς
128 574 168 613 τὸ
181 574 336 622 στάδιον,
351 575 412 612 καὶ
424 580 526 626 χεῖρα
543 573 671 626 ὀρέξαι,
687 573 747 612 καὶ
763 572 906 612 ἑλκύσαι
921 571 1013 611 πόδα
1028 574 1089 609 τοῦ

61 634 383 687 ἀνταγωνιζομένου
399 666 409 683 ,
440 634 463 681 ἢ
495 635 581 674 ἄλλο
608 651 642 673 τι
669 640 821 674 τοιοῦτον
841 632 1091 679 ἐπιδείξασθαι,

61 695 194 741 τούτοις
223 698 261 735 οὐ
285 696 395 747 θέμις.
435 699 483 735 Οἱ
505 696 573 749 γὰρ
604 695 683 741 τοὺς
715 699 853 748 ἀγῶνας
880 694 1030 738 ἐκείνους
1057 693 1092 738 ἐξ

61 759 174 810 ἀρχῆς
202 758 470 810 διαταξάμενοι,
495 758 672 802 σκόλοπας
699 758 870 806 πήξαντες
894 757 981 802 ὀξεῖς
997 787 1006 804 ,
1033 756 1092 794 καὶ

62 819 200 871 σχοινία
229 819 349 873 κύκλῳ
372 819 640 872 περιὸαλόντες,
674 818 762 858 οὕτω
785 822 854 858 τῶν
874 820 1005 860 θεατῶν
1027 817 1092 864 τὴν

63 881 190 931 μανίαν
216 882 380 934 εἴργουσι.
414 882 485 920 Καὶ
506 881 540 920 τί
565 881 766 934 θαυμαστὸν
780 913 790 931 ,
811 884 841 920 εἷ
861 884 967 933 θεατῇ
984 897 1093 919 κατα-

61 943 167 990 ὅῆναι
187 944 225 981 οὐ
247 944 356 994 θέμις,
378 945 505 996 ὅπουγε
524 944 583 983 καὶ
598 944 655 982 τὸν
673 943 903 996 παιδοτρίὸην
916 942 981 987 ἔξω
996 942 1094 995 παρὰ

61 1003 125 1052 τὴν
146 1004 241 1043 κόνιν
274 1006 498 1052 καθίσαντες,
532 1005 711 1060 πόῤῥωθεν
741 1005 805 1053 τὴν
825 1004 895 1044 ἀπὸ
913 1006 976 1051 τῆς
1000 1005 1095 1042 διδα-

63 1065 210 1109 σκαλίας
242 1067 450 1119 συμμαχίαν
483 1066 633 1118 εἰσάγειν
663 1073 734 1110 τοῖς
753 1066 1019 1118 ἀγωνιζομένοις
1038 1081 1095 1104 κε-

61 1126 222 1175 λεύουσι,
246 1128 396 1174 πλησίον
421 1127 456 1166 δὲ
479 1130 542 1166 οὐκ
561 1130 662 1167 ἐῶσιν
683 1130 818 1176 ἐλθεῖν,
837 1127 930 1166 Ἀλλ’
951 1128 1013 1166 οὐκ
1036 1129 1095 1165 ἐν-

61 1192 173 1227 ταῦθα
198 1188 326 1233 οὕτως·
360 1188 450 1228 ἀλλὰ
475 1189 535 1227 καὶ
556 1188 756 1242 διδασκάλῳ
782 1189 842 1228 καὶ
861 1191 966 1239 θεατῇ
987 1203 1096 1227 κατα-

63 1249 168 1297 ὅῆναι
188 1250 274 1302 πρὸς
292 1254 387 1302 ἡμᾶς
407 1251 478 1297 ἔνι,
510 1251 570 1289 καὶ
598 1250 700 1302 ἐγγὺς
719 1254 847 1298 στῆναι
864 1253 908 1303 τῇ
930 1249 1094 1298 διαθέσει,

888 184 975 214 GEN
984 182 1085 213 Estm
1120 181 1268 212 SRRMO
1305 182 1352 211 ll.

1107 1287 1120 1310 6

2029 167 2120 228 755

1168 278 1252 314 nos,
1273 265 1334 316 qui
1355 279 1424 304 non
1449 264 1573 304 decem
1590 273 1653 304 aut
1669 264 1813 317 viginti,
1829 263 1892 303 scd
1912 272 2026 303 totum
2046 264 2121 303 the-

1166 336 1285 366 atrum
1307 343 1351 366 ex
1378 329 1550 368 fratribus
1572 329 1808 382 patribusque
1836 328 2030 366 conflatum
2058 327 2121 366 ha-

1165 389 1305 439 bemus,
1328 391 1548 430 confidenter
1568 391 1604 430 id
1637 405 1796 443 agemus.
1821 389 1981 428 Tametsi
2004 389 2038 427 in
2059 403 2122 427 ex-

1165 451 1278 489 ternis
1305 453 1559 491 certaminibus
1579 467 1648 491 non
1669 453 1823 491 multum
1849 451 1992 504 prodest
2012 450 2125 488 athle-

1166 521 1210 550 tae
1244 514 1392 552 certanti
1422 523 1612 567 spectator,
1646 514 1712 552 nisi
1743 514 1834 551 sorte
1864 522 1903 550 ut
1935 512 2062 550 clamet
2089 520 2123 549 et

1165 573 1286 613 laudet
1307 589 1384 626 quae
1416 585 1602 627 geruntur,
1631 585 1664 613 et
1692 575 1728 613 in
1758 574 1932 627 superiori
1964 574 2042 611 loco
2069 587 2123 611 se·

1164 635 1251 675 dens
1279 650 1361 675 cum
1390 637 1465 675 illis
1497 636 1701 686 contendat,
1738 636 1800 687 qui
1834 634 2084 673 contradicunt
2114 649 2122 670 :

1165 696 1201 735 in
1233 697 1391 736 stadium
1423 712 1510 736 vero
1544 697 1770 746 descendere,
1794 710 2010 746 manumque
2042 709 2124 748 por-

1164 757 1292 810 rigere,
1314 759 1370 797 vel
1390 758 1588 797 adversarii
1612 758 1740 811 pedem
1764 758 1920 807 trabere,
1949 757 2007 796 vel
2026 756 2126 794 aliud

1165 819 1340 872 ejusmodi
1370 819 1557 873 quidpiam
1593 834 1714 872 agere,
1741 819 1888 857 minime
1920 819 2015 858 licet.
2053 818 2125 865 Qui

1166 881 1260 919 enim
1274 881 1320 919 ab
1336 881 1440 920 initio
1453 881 1643 920 certamina
1665 881 1727 919 illa
1745 881 2017 930 constituerunt,
2042 895 2123 919 acu-

1166 939 1211 977 tis
1236 940 1328 992 palis
1349 939 1496 991 defixis,
1517 955 1560 979 ac
1587 940 1733 978 funibus
1759 940 1793 977 in
1815 953 1947 992 gyrum
1972 941 2122 979 extensis

1166 1010 1407 1053 spectatorum
1423 1001 1597 1040 insaniam
1612 1010 1746 1039 arcent.
1762 1001 1862 1047 Quid
1874 1016 1959 1040 vero
1979 1003 2124 1053 mirum„

1165 1063 1195 1102 si
1222 1063 1436 1102 descendere
1459 1064 1648 1117 spectatori
1678 1078 1747 1101 non
1778 1064 1875 1114 litet,
1901 1078 1982 1101 cum
2009 1072 2043 1101 et
2065 1077 2125 1115 pa-

1164 1125 1292 1163 laestrae
1316 1126 1530 1178 magistrum
1546 1126 1698 1179 jubeant
1723 1125 1808 1164 soris
1827 1125 2005 1163 sedentem
2021 1126 2126 1176 juxta

1165 1200 1322 1237 arenam,
1339 1202 1360 1225 a
1375 1188 1480 1240 longe
1498 1188 1716 1226 certantibus
1733 1186 1905 1225 doctrinm
1919 1186 2120 1224 subsidium

1166 1248 1337 1300 praebere,
1356 1263 1468 1301 prope
1493 1263 1578 1288 vero
1606 1262 1676 1286 non
1701 1248 1818 1286 sinant
1849 1247 2039 1285 accedere?
2059 1248 2129 1288 Hic

65 1311 124 1349 καὶ
157 1312 213 1350 διὰ
231 1315 302 1350 τῶν
332 1314 446 1364 εὐχῶν
471 1316 556 1363 ἡμῖν
585 1316 824 1365 συγκροτῆσαι
845 1311 910 1359 τὴν
937 1311 1096 1362 δύναμιν.
1120 1324 1146 1354 Α
1166 1322 1252 1346 vero
1270 1322 1340 1346 non
1357 1309 1406 1346 ita
1425 1309 1482 1359 ἰὴ,
1498 1309 1559 1347 sed
1575 1308 1760 1347 ctdoctori
1777 1317 1810 1346 et
1835 1309 2022 1361 spectatori
2046 1309 2129 1348 licet

65 1376 176 1427 Δεῦρο
206 1378 287 1425 γοῦν
317 1373 396 1413 κατ’
425 1374 548 1419 αὐτοὺς
573 1374 723 1418 ἐκείνους
748 1373 828 1418 τοὺς
853 1374 1006 1422 ἀθλητὰς
1024 1377 1093 1412 τῶν

67 1435 326 1487 παλαισμάτων
366 1435 549 1488 ἁψώμεθα.
591 1436 662 1474 Καὶ
692 1436 760 1489 γὰρ
797 1436 936 1474 ἐπειδὰν
968 1437 1094 1473 ἐκεῖνοι

66 1496 194 1548 μέσους
215 1497 358 1540 ἑαυτοὺς
376 1497 634 1550 κατασχόντες,
659 1497 727 1536 ὑπὸ
752 1502 814 1546 τῆς
838 1497 916 1550 βίας
930 1500 1000 1536 τῶν
1022 1498 1092 1547 ἆμ-

65 1559 185 1610 μάτων
213 1560 300 1611 πρὸς
326 1559 385 1597 τὸν
412 1559 534 1604 ἔξωθεν
564 1559 688 1604 αὐτοὺς
714 1563 937 1613 περιεστῶτα
955 1558 1095 1604 ἐξακον-

64 1622 230 1660 τισθῶσιν
250 1622 354 1673 ὄχλον
375 1620 432 1659 διὰ
451 1621 515 1668 τὴν
534 1625 593 1660 τοῦ
615 1624 722 1662 τόπου
752 1621 988 1676 στενοχωρίαν
1001 1649 1010 1666 ,
1030 1620 1094 1658 λύ-

65 1698 187 1726 σαντες
219 1682 264 1721 τὰ
298 1683 466 1734 ἅμματα,
507 1684 594 1735 πρὸς
634 1685 692 1724 τὸν
719 1687 782 1731 τῆς
812 1684 963 1736 ἀγωνίας
990 1682 1096 1721 πάλιν

65 1745 320 1797 ἐπανέρχονται
364 1745 488 1784 τόπον·
530 1739 606 1783 εἶτα
642 1746 887 1788 ἐπανελθόντες
917 1746 980 1783 οὐκ
1004 1744 1098 1796 ὀρθοὶ

67 1806 330 1857 συμπλέκονται
361 1806 490 1855 πάλιν,
520 1807 598 1846 ἀλλ’
623 1809 658 1846 ἐν
679 1807 800 1859 ἐκείνῳ
820 1809 871 1859 τῷ
891 1806 1012 1859 τρόπῳ
1029 1808 1098 1844 τῶν

68 1868 206 1919 δεσμῶν
231 1866 374 1911 ἑαυτοὺς
399 1868 684 1916 καταστήσαντες
699 1899 709 1917 ,
735 1871 770 1907 ἐν
789 1862 817 1921 ᾧ
839 1868 899 1906 καὶ
915 1868 1012 1910 ὄντες
1025 1867 1098 1905 διε-

69 1929 238 1976 λύθησαν.
256 1928 362 1968 Ἐπεὶ
395 1924 452 1968 οῦν
481 1930 540 1968 καὶ
571 1933 666 1982 ἡμᾶς
694 1934 716 1978 ἡ
750 1930 859 1969 τόπου
885 1928 1101 1982 στενοχωρία

70 1993 268 2029 καταλῦσαι
291 1991 349 2030 τὸν
369 1991 472 2043 λόγον
493 1992 690 2044 ἠνάγκασε,
715 1991 798 2045 φέρε
816 1993 902 2044 πρὸς
922 1991 981 2030 τὸν
996 1991 1101 2030 τόπον

69 2055 133 2099 τῆς
153 2052 308 2104 ἀγωνίας
327 2053 587 2102 ἐπανελθόντες,
605 2053 650 2092 τὰ
674 2054 824 2105 ἅμματα
850 2052 1012 2104 λύσωμεν
1034 2052 1104 2091 ἀπὸ

70 2117 140 2152 τῶν
157 2113 311 2166 τήμερον
328 2114 619 2165 ἀναγνωσθέντων
635 2118 733 2167 ἡμῖν.
763 2115 835 2154 Καὶ
851 2109 944 2153 εἶπεν
964 2117 982 2152 6
1001 2114 1102 2161 Θεὸς,

72 2175 179 2228 φησὶ,
200 2174 406 2226 ποιήσωμεν
424 2176 606 2230 ἄνθρωπον
623 2175 840 2216 κατ’“εἷκόνα
859 2176 919 2215 καὶ
938 2175 1103 2226 ὁμοίωσιν

71 2237 261 2291 ἡμετέραν.
295 2237 388 2276 aeg„
412 2242 551 2290 πρῶτον
571 2242 673 2278 τοῦτο
693 2238 786 2283 ἄξιον
806 2241 969 2285 ζητῆσαι,
988 2238 1023 2275 τί
1039 2237 1098 2284 δή-

72 2314 170 2347 ποτε,
196 2298 253 2337 ὅτε
276 2297 338 2350 μὲν
359 2301 377 2336 6
396 2299 537 2351 οὐρανὸς
554 2299 704 2350 ἐγίνετο,
735 2301 888 2350 οὐδαμοῦ
905 2299 968 2348 τὸ,
995 2298 1106 2346 Ποιή-

74 2376 209 2412 σωμεν,
230 2360 389 2412 εἴρηται,
411 2361 514 2410 ἀλλὰ,
533 2361 721 2408 Γενηθήτω
737 2361 878 2413 οὐρανὸς
890 2391 900 2409 ,
916 2361 1106 2408 Γενηθήτω

74 2425 166 2475 φῶς,
197 2423 258 2461 καὶ
291 2423 369 2461 καθ’
398 2423 545 2462 ἕκαστον
571 2426 634 2470 τῆς
667 2423 815 2467 κτίσεως
843 2423 946 2477 μέρος
976 2422 1104 2466 οὕτως·

75 2487 221 2523 ἐνταῦθα
242 2483 349 2530 δὲτὸ,
370 2484 602 2536 Ποιήσωμεν,
626 2485 833 2537 πρόσκειται
854 2484 969 2536 μόνον,
997 2483 1104 2536 βουλὴ

74 2546 134 2583 καὶ
158 2546 280 2597 σκέψις
300 2546 359 2584 καὶ
376 2546 462 2598 πρὸς
487 2546 604 2598 ἕτερόν
623 2563 701 2584 τινα
718 2546 887 2598 ὁμότιμον
917 2546 1107 2585 ἀνακοίνω-

76 2622 149 2654 σις;
169 2607 235 2650 Τίς
253 2623 338 2646 ποτε
356 2607 424 2658 ἄρα
442 2607 535 2646 ἐστὶν
552 2610 570 2645 6
587 2609 712 2658 δημιου
720 2612 873 2662 ργεῐσθαι
891 2608 1040 2660 μέλλων,
1053 2608 1108 2648 ὅτι

75 2667 248 2714 τοσαύτης
274 2667 445 2707 ἀπολαύει
464 2671 590 2719 τιμῆς,
624 2667 824 2721 Ἄνθρωπός
846 2671 938 2717 ἐστι,
957 2669 997 2707 τὸ
1018 2669 1108 2722 μέγα

78 2731 163 2773 ζῶον
180 2729 239 2767 καὶ
259 2730 472 2780 θαυμαστὸν,
488 2729 548 2768 καὶ
567 2733 629 2776 τῆς
644 2730 790 2773 κτίσεως
806 2729 946 2777 ἁπάσης
961 2733 1012 2782 τῷ
1025 2732 1109 2783 Θεῷ

77 2789 299 2841 τιμιώτερον,
317 2791 361 2828 δι’
377 2789 414 2827 ὃν
434 2790 577 2842 οὐρανὸς
592 2791 652 2828 καὶ
674 2794 719 2842 γῆ
740 2791 800 2829 καὶ
817 2791 975 2829 θάλαττα
992 2790 1051 2829 καὶ
1069 2791 1109 2829 τὸ

77 2851 197 2890 λοιπὸν
230 2850 323 2888 ἅπαν
350 2854 412 2897 τῆς
437 2851 584 2894 κτίσεως
609 2855 734 2903 σῶμα·
763 2853 964 2904 ἄνθρωπος,
992 2846 1030 2891 οῦ
1046 2855 1109 2899 τῆς

77 2912 254 2965 σωτηρίας
272 2912 381 2955 οὕτως
399 2914 418 2950 6
435 2911 524 2954 Θεὸς
543 2912 682 2963 ἠράσθη
699 2944 709 2962 ,
737 2915 784 2957 ὡς
804 2913 893 2965 μηδὲ
914 2919 975 2953 τοῦ
994 2915 1109 2952 Μονο-

77 2978 196 3025 γενοῦς
229 2973 414 3026 φείσασθαι
437 2973 480 3010 δι’
514 2973 639 3010 αὐτόν·
673 2976 711 3011 οὐ
743 2973 811 3027 γὰρ
836 2974 972 3022 ἀπέστη
991 2974 1109 3013 πάντα

77 3038 186 3075 ποιῶν
220 3035 279 3073 καὶ
307 3033 660 3088 πραγματευόμενος,
693 3034 759 3078 ἕως
788 3035 890 3074 αὐτὸν
922 3035 1108 3088 ἀναγαγὼν

78 3096 237 3135 ἐκάθισεν
266 3097 302 3134 ἐν
333 3095 428 3148 δεξιᾷ
453 3097 591 3134 ἑαυτοῦ.
625 3094 696 3133 Καὶ
724 3099 790 3148 βοᾷ
817 3098 957 3140 Παῦλος
974 3097 1106 3148 λέγων·

80 3158 271 3210 Συνήγειρε
300 3157 359 3196 καὶ
379 3157 602 3210 συνεκάθισεν
627 3159 722 3207 ἡμᾶς
742 3159 778 3195 ἐν
808 3158 902 3209 δεξιᾷ
928 3161 1050 3197 ἑαυτοῦ
1071 3160 1107 3196 ἐν

79 3225 150 3263 τοῖς
170 3219 388 3273 ἐπουρανίοις
406 3220 442 3257 ἐν
460 3220 604 3271 Χριστῷ
623 3218 753 3265 Ἰησοῦ.
786 3219 855 3258 Διὰ
873 3224 974 3258 τοῦτο
996 3219 1104 3271 βουλὴ

1148 2579 1156 2589 ,
1177 2545 1272 2598 gulis
1297 2553 1541 2582 creaturarum
1567 2541 1757 2592 generibus
1783 2557 1790 2577 :
1813 2541 1874 2578 hic
1899 2555 1984 2579 vero
2018 2541 2135 2581 solum

1166 1368 1212 1406 ad
1228 1383 1291 1407 nos
1309 1369 1534 1418 descendere,
1553 1379 1661 1421 atque
1685 1369 1815 1408 affectu
1840 1385 1953 1423 prope
1977 1369 2128 1420 adstare,

1166 1430 1405 1482 precibusque
1424 1431 1519 1470 vires
1537 1431 1681 1470 addere.
1703 1433 1778 1484 Age
1797 1446 1880 1484 ergo
1900 1448 1998 1472 more
2016 1433 2130 1471 athle-

1166 1499 1285 1529 tarum
1313 1492 1462 1531 illorum
1486 1493 1740 1545 aggrediamur
1775 1495 1980 1534 certamina.
2010 1494 2132 1546 Siqui-

1166 1552 1248 1591 dem
1284 1553 1340 1592 illi
1382 1568 1464 1593 cum
1502 1569 1539 1593 se
1574 1554 1728 1593 invicem
1756 1555 1893 1594 medios
1932 1555 2131 1608 prebende-

1167 1615 1252 1664 rint,
1268 1629 1309 1654 ae.
1327 1615 1366 1655 vi
1384 1630 1545 1654 nexuum
1568 1617 1700 1654 suerint
1719 1617 1767 1655 ad
1785 1617 2076 1655 circumstantem
2095 1631 2132 1655 se

1167 1677 1254 1715 soris
1289 1677 1430 1715 turbam
1463 1676 1610 1730 impulsi
1650 1687 1795 1730 propter
1827 1678 2010 1730 angustias
2043 1677 2129 1729 loci,

1168 1738 1323 1777 nexibus
1342 1738 1468 1776 solutis
1491 1738 1536 1775 ad
1559 1737 1762 1776 certaminis
1783 1739 1904 1777 locum
1932 1753 2056 1777 rursus
2077 1752 2131 1777 re-

1168 1809 1358 1838 vertuntur
1379 1815 1386 1836 :
1408 1799 1540 1839 deinde
1561 1799 1746 1838 redeuntes
1777 1814 1847 1839 non
1876 1800 1962 1839 recti
1984 1814 2132 1852 congre-

1169 1861 1320 1900 diuntur
1348 1876 1487 1911 rursus,
1507 1876 1635 1900 verum
1658 1862 1695 1900 in
1721 1861 1886 1900 eumdem
1910 1876 1947 1901 se
1973 1876 2134 1901 nexuum

1171 1926 1320 1965 modum
1357 1936 1562 1978 statumque
1600 1926 1807 1975 restituunt,
1850 1927 1886 1972 in
1923 1941 1994 1978 quo
2032 1936 2133 1966 antea

1172 1998 1255 2027 sunt
1287 1988 1411 2028 divisi.
1454 1987 1610 2036 Quando
1638 1987 1752 2039 igitur
1780 2001 1844 2025 nos
1880 2002 2023 2039 quoque
2061 2002 2135 2026 ser-

1174 2065 1315 2090 monem
1340 2050 1525 2091 absolvere
1556 2049 1626 2088 loci
1649 2049 1815 2101 angustia
1840 2050 1975 2101 coegit,
1994 2063 2059 2101 age
2089 2049 2137 2088 ad

1173 2112 1294 2165 ipsum
1320 2113 1441 2150 locum
1472 2110 1675 2149 certaminis
1701 2119 1930 2161 revertentes,
1951 2125 2064 2149 nexus
2091 2111 2137 2149 ab

1174 2175 1218 2212 iis
1237 2188 1316 2225 quae
1328 2173 1502 2211 hodierno
1521 2172 1582 2210 die
1599 2172 1703 2210 nobis
1724 2181 1806 2210 sunt
1828 2172 1919 2210 lecta
1935 2172 2132 2211 solvamus.

1174 2238 1228 2274 Et
1245 2237 1346 2273 dixit
1359 2237 1483 2282 Deus,
1502 2233 1631 2285 inquit,
1645 2235 1859 2272 Faciamus
1876 2235 2071 2272 hominem
2085 2235 2140 2272 acl
2155 2239 2229 2265 Gen·
2247 2245 2271 2265 1-
2286 2238 2339 2265 2⁶»-

1174 2301 1385 2350 imaginem
1411 2305 1449 2335 et
1472 2296 1773 2335 similitudinem
1805 2304 1992 2335 nostram.
2014 2297 2136 2334 Unum
2185 2323 2247 2349 Cur
2260 2322 2340 2349 Deus

1173 2360 1242 2398 hoc
1255 2359 1415 2412 primum
1435 2357 1585 2409 quaesitu
1608 2356 1776 2408 dignum,
1798 2371 1862 2395 cur
1874 2356 2032 2407 tandem,
2055 2372 2135 2395 cum
2150 2363 2339 2430 ‘³.³¹⁰‘⁵¹·f‘¹‘

2149 2415 2258 2432 elautus
2295 2416 2340 2431 10-

1175 2421 1304 2460 caelum
1321 2420 1435 2468 fieret,
1459 2433 1636 2470 nusquam
1665 2418 1805 2457 dictum
1826 2419 1884 2468 sit,
1903 2422 2131 2467 Faciamus,
2170 2449 2278 2473 „mmm

1175 2483 1253 2533 sed,
1270 2485 1364 2521 Fial
1386 2482 1538 2528 melam,
1556 2482 1651 2518 Fiat
1672 2481 1756 2527 luz,
1783 2489 1891 2531 atque
1919 2481 1966 2517 ita
1993 2481 2029 2518 in
2056 2481 2133 2518 sin-
2150 2499 2206 2556 pon
2226 2509 2233 2519 .

2160 2539 2248 2557 lomo-

1178 2607 1344 2645 additum
1373 2605 1417 2643 sit
1440 2602 1542 2651 illud,
1567 2605 1794 2650 Faciamus,
1825 2611 1859 2640 et
1882 2603 2070 2641 consilium
2096 2618 2137 2642 ac

1177 2667 1389 2706 deliberatio
1409 2675 1540 2703 etcum
1561 2664 1673 2701 altero
1694 2664 1865 2717 quopiam
1886 2665 2034 2703 honoris
2053 2679 2137 2703 eon-

1179 2739 1271 2768 sorte
1299 2725 1597 2767 communicatio?
1616 2725 1788 2771 Quisnam
1826 2725 1938 2777 igitur
1968 2726 2030 2764 ille
2059 2735 2138 2764 tan-

1179 2790 1261 2829 dem
1286 2799 1337 2828 cst
1366 2788 1428 2839 qui
1453 2786 1641 2833 creandus,
1662 2786 1720 2824 eui
1742 2795 1882 2825 tantum
1912 2787 2058 2826 honoris
2077 2787 2137 2826 de-

1179 2851 1341 2890 feratur?
1370 2850 1486 2887 Homo
1521 2857 1584 2897 est,
1614 2861 1785 2899 magnum
1813 2847 1905 2886 illud
1942 2850 2074 2888 animal
2105 2859 2137 2887 et

1179 2912 1406 2960 admirabile,
1427 2910 1593 2962 quodque
1614 2909 1710 2947 omni
1732 2919 1893 2948 creatura
1912 2912 2138 2963 praestantius

1180 2985 1229 3014 est
1246 2974 1345 3027 apud
1359 2975 1491 3019 Deum,
1509 2981 1653 3024 propter
1668 2985 1773 3023 quem
1795 2971 1923 3010 caelum
1941 2982 1975 3011 et
1996 2982 2087 3011 terra
2105 2983 2138 3011 et

1180 3049 1277 3072 mare
1313 3048 1353 3071 ac
1381 3032 1560 3082 reliquum
1585 3045 1690 3069 omne
1720 3039 1890 3069 creatura:
1929 3046 2058 3085 corpus
2087 3043 2138 3070 est

1180 3096 1366 3135 eonditum
1387 3110 1395 3131 t
1414 3094 1540 3141 hoino,
1559 3093 1661 3144 cujus
1688 3092 1735 3130 ita
1757 3094 1854 3130 Deus
1872 3093 2023 3131 salutem
2053 3093 2137 3131 ada-

1179 3158 1302 3206 mavit,
1322 3166 1360 3194 ut
1379 3170 1423 3193 ne.
1439 3153 1634 3205 Unigenito
1649 3152 1797 3204 quidem
1813 3168 1878 3192 suo
1895 3163 2040 3207 propter
2054 3168 2135 3190 euin

1179 3225 1335 3271 parceret
1356 3232 1364 3252 :
1385 3228 1498 3266 neque
1526 3213 1624 3251 enim
1655 3213 1775 3251 omnia
1802 3222 1969 3266 praestarc
2000 3212 2136 3251 moliri-

124 3355 135 3369 π
163 3343 222 3379 nis
236 3356 370 3387 prorsus
383 3344 500 3377 simil'a
516 3343 617 3377 habet
628 3345 728 3378 llom·
745 3346 762 3377 8
777 3345 810 3377 in
819 3344 970 3378 Genesim
988 3356 1022 3387 p.
1036 3346 1088 3377 59:
1128 3355 1192 3376 uon
1213 3354 1315 3386 pauca
1326 3339 1515 3382 hujusmodi
1534 3341 1686 3382 reperies.

83 3397 149 3429 imo
176 3408 233 3439 per
253 3405 358 3430 totam
386 3407 468 3440 pene
484 3395 677 3431 nomiliam.
699 3398 737 3430 In
756 3396 967 3440 sequentibus
989 3398 1088 3429 etiam

2275 2468 2340 2515 Fiat
