2566 3791
191 1051 292 1078 F-rorl.
306 1051 355 1080 23.

191 1100 218 1118 2.

189 2204 283 2230 Fcrfi.
302 2201 346 2231 16.

185 2245 213 2273 3.

236 2811 374 2839 'Liberum

188 2853 353 2881 arbitrium.

400 214 488 259 228
818 229 855 258 s..

391 325 457 349 res.
476 312 568 351 Nam
584 311 662 350 ideo
677 311 850 362 benignus
873 313 969 349 Deus
990 311 1040 348 sic
1057 309 1290 361 dispensavit,
1304 316 1343 344 ut

391 373 498 410 simul
514 372 721 412 essenthoni
737 382 769 410 et
784 372 882 421 mali,
897 385 967 421 quo
982 370 1157 407 malorum
1176 369 1343 405 subener-

391 442 536 471 vai-etur
555 434 705 478 malitia,
724 433 969 481 bonorumque
994 430 1108 467 virtus
1120 427 1251 466 elarius
1269 427 1346 464 elu-

393 503 553 532 cesceret:
574 503 607 531 et
621 493 759 531 desides
777 508 796 530 a
815 491 1070 530 studiosiorum
1091 487 1345 526 consuetudine

392 555 549 607 plurima
569 553 753 592 commoda
781 551 1038 598 lucrifacerent,
1059 549 1165 587 modo
1193 549 1342 586 vellent.

393 615 462 652 Hic
481 614 610 665 cogites
627 613 751 661 velim,
771 621 911 662 quantae
922 610 1065 649 virtutis
1084 610 1191 648 fuerit
1208 609 1270 647 ille
1285 610 1346 661 ju-

392 685 480 722 stus,
498 674 677 725 quomodo
692 674 727 711 in
743 683 837 711 tanta
852 671 1095 715 multitudine,
1121 686 1200 722 quse
1217 684 1346 722 magno

392 735 571 787 impetuin
582 735 716 772 malum
728 734 864 781 ruebat,
877 733 973 771 solus
986 733 1061 785 ipse
1070 732 1213 771 diversa
1221 732 1346 769 ambu-

392 796 481 834 lavit
495 796 569 845 via,
592 796 762 834 virtutem
778 795 926 833 malitiae
946 794 1135 846 praeferens
1154 808 1163 829 :
1185 807 1225 831 ac
1238 806 1348 843 neque

391 858 544 896 aliorum
567 871 772 907 consensus,
793 870 857 894 nee
885 865 981 894 tanta
998 854 1192 906 frequentia
1228 853 1350 891 redde-

894 229 998 258 JOAN
1008 229 1072 258 MS
1109 226 1349 256 CHRYSOST.
1394 225 1596 254 ARCmEP.

1637 223 1987 255 CONSTANTINOP-

1417 309 1485 344 τῶν
1519 307 1610 358 αὐτῷ
1634 305 1894 357 προσηκόντων.
1911 308 2093 345 Ἐντεῦθεν
2119 307 2359 358 μανθάνομεν,
2390 306 2446 345 ὅτι

1417 366 1477 404 ἐὰν
1495 367 1658 418 νήφωμεν
1673 367 1733 404 καὶ
1749 367 1797 417 μὴ
1820 371 2043 420 ῥᾳθυμῶμεν,
2062 370 2099 407 οὐ
2121 369 2222 418 μόνον
2238 368 2335 406 οὐδὲν
2350 372 2447 417 ἡμᾶς

1421 426 1570 477 βλάπτει
1589 427 1629 465 τὸ
1651 427 1779 477 μεταξὺ
1795 432 1863 467 τῶν
1875 432 1992 467 κακῶν
2007 429 2266 481 ἀναμεμίχθαι,
2281 429 2370 467 ἀλλὰ
2386 428 2447 467 καὶ

1420 486 1687 540 ἀκριὸεστέρους
1713 488 1794 540 περὶ
1816 488 1879 535 τὴν
1903 489 2029 542 ἀρετὴν
2058 489 2250 542 ἐργάζεται.
2283 489 2352 527 Διὰ
2378 488 2450 541 γὰρ

1419 552 1520 586 τοῦτο
1547 549 1607 587 καὶ
1634 552 1652 587 ὁ
1683 550 1924 601 φιλάνθρωπος
1956 550 2046 593 Θεὸς
2064 551 2186 594 ὀὕτως
2218 551 2448 601 ᾧκονόμησε,

1419 608 1511 647 κατὰ
1536 609 1659 648 ταύτὸν
1685 610 1841 653 ἅπαντας
1871 604 1959 649 εἶναι
1981 611 2051 649 ’καὶ
2073 611 2150 654 τοὺς
2183 609 2353 664 πονηροὺς
2386 610 2448 649 καὶ

1418 669 1496 714 τοὺς
1518 669 1666 721 ἀγαθοὺς
1678 700 1687 714 ,
1707 670 1765 709 ἵνα
1781 671 1840 708 καὶ
1857 673 1925 709 τῶν
1944 674 2105 723 πονηρῶν
2118 675 2139 718 ἡ
2155 672 2262 710 κακία
2277 671 2450 722 ἐγκόπτη-

1418 746 1495 779 ται,
1516 731 1575 769 καὶ
1589 734 1657 769 τῶν
1671 734 1808 782 ἀγαθῶν
1821 734 1844 778 ἡ
1859 732 1965 783 ἀρετὴ
1985 732 2216 786 λαμπροτέρα
2233 730 2448 778 δεικνύηται,

1419 792 1478 829 καὶ
1502 792 1546 830 τὰ
1566 792 1715 844 μέγιστα
1734 793 1946 844 κερδαίνωσιν
1967 795 1997 831 οἱ
2019 793 2185 846 ῥᾴθυμοι,
2212 793 2271 832 ἐὰν
2294 793 2450 843 βούλων-

1420 869 1498 901 ται,
1527 854 1598 892 ἀπὸ
1617 857 1680 900 τῆς
1709 855 1778 890 τῶν
1801 854 1997 892 σπουδαίων
2019 853 2361 897 συνουσίας.Ἔννόει
2379 854 2451 906 γάρ

391 920 453 957 bat
483 933 566 957 eum
600 919 648 956 ad
672 918 818 956 virtutis
842 917 909 955 iter
941 916 1140 967 segniorem
1156 931 1164 951 :
1180 915 1241 953 sed
1271 916 1347 967 jam
1362 945 1409 971 192⁴
1422 930 1479 964 μοι
1499 918 1558 952 τοῦ
1576 914 1710 951 δικαίου
1727 913 1850 952 τούτου
1871 916 1911 953 τὸ
1940 915 2124 967 ἐνάρετον,
2139 915 2232 959 ὅπως
2258 916 2294 952 ἐν
2322 915 2451 961 πλήθει

391 979 493 1032 prius
512 979 682 1031 implebat
700 978 796 1029 quod
810 978 934 1015 beatus
955 979 1073 1015 Moses
1093 984 1212 1028 postea
1230 974 1346 1012 dictu-
1373 986 1398 1014 Α
1419 975 1570 1029 τοσούτῳ
1588 977 1702 1026 πολλῇ
1724 980 1766 1027 τῇ
1789 976 1883 1028 ῥύμῃ
1897 978 1982 1030 πρὸς
1998 977 2061 1024 τὴν
2077 976 2202 1016 κακίαν
2222 976 2447 1028 ἓφερομένων

393 1055 454 1078 rus
469 1049 567 1077 erat:
584 1041 674 1077 Non
707 1041 782 1076 eris
807 1052 894 1076 cum
917 1038 1093 1089 pluribus
1117 1039 1160 1074 in
1179 1035 1346 1073 malitia.

397 1102 443 1139 Et
460 1099 559 1150 quod
580 1099 694 1150 magis
707 1098 930 1145 admirabile,
950 1111 1032 1134 cum
1047 1096 1345 1145 multoshaberet,

392 1161 464 1199 imo
491 1174 613 1198 omnes
639 1160 702 1210 qui
732 1159 778 1197 ad
807 1159 942 1196 malum
975 1167 1009 1196 et
1033 1157 1080 1195 ad
1098 1172 1211 1209 prava
1242 1170 1348 1209 opera

393 1222 676 1271 cohortarentur,
698 1229 732 1258 et
751 1220 871 1258 nullus
902 1228 991 1257 essct
1021 1220 1082 1269 qui
1102 1218 1149 1256 ad
1177 1219 1347 1256 virtutem

392 1283 598 1322 induceret:
617 1291 713 1321 tanta
730 1282 792 1320 ille
816 1282 852 1319 in
871 1295 948 1319 eam
971 1279 1192 1319 vehementia
1215 1279 1349 1317 fereba—

393 1353 464 1394 tur,
483 1352 522 1381 ut
551 1343 649 1382 viam
683 1352 787 1381 tantae
822 1340 1044 1379 multitudini
1083 1340 1283 1392 oppositam
1314 1347 1348 1377 et

392 1404 763 1451 contrariamteneret3
785 1417 898 1454 neque
911 1402 1071 1451 timebat,
1079 1411 1141 1439 aut
1159 1401 1349 1440 verebatur

391 1480 585 1518 pravorum
615 1465 854 1513 concordiam,
876 1478 987 1516 neque
1006 1464 1060 1502 illi
1082 1463 1151 1501 tale
1163 1463 1253 1513 quid
1265 1477 1346 1501 eve-

391 1527 456 1575 nit,
475 1527 580 1578 quale
609 1527 696 1566 solet
712 1525 852 1578 ignavis
867 1525 1041 1575 accidere,
1066 1524 1128 1575 qui
1157 1524 1186 1561 si
1203 1523 1346 1574 quando

390 1587 548 1626 viderint
569 1588 700 1626 multos
718 1587 825 1626 simul
855 1600 1073 1635 concurrere,
1096 1585 1165 1623 hoc
1186 1586 1345 1625 velamen

391 1657 424 1685 et
439 1648 530 1686 hanc
557 1648 778 1686 occasionem
793 1660 865 1685 suae
898 1646 1051 1699 ignaviae
1071 1656 1288 1698 praetexunt,
1305 1661 1347 1685 ac

390 1709 515 1747 dicunt
531 1710 624 1747 :Cur
651 1722 716 1760 ego
741 1721 873 1746 novum
896 1707 1084 1759 quidpiam
1116 1716 1148 1745 et
1167 1708 1347 1759 singulare

390 1779 516 1820 praeter
532 1769 612 1807 illos
630 1783 749 1807 omnes
760 1782 992 1821 aggressurus
1005 1782 1097 1816 sum,
1119 1768 1346 1807 adversarius

390 1839 495 1867 tantae
514 1829 739 1868 multitudini
755 1859 767 1880 ,
784 1838 817 1867 et
836 1843 918 1867 cum
938 1837 1035 1867 tanto
1053 1829 1188 1881 populo
1209 1829 1346 1867 bellum

390 1900 618 1943 suscepturus
635 1891 654 1929 ἶ)
686 1890 874 1942 Numquid
906 1891 980 1928 illis
1012 1891 1179 1928 omnibus
1214 1891 1346 1943 justior

389 1967 468 1990 sum
477 1953 494 1990 9
502 1953 591 1999 Quae
606 1952 746 1990 utilitas
754 1953 844 1990 foret
854 1960 1034 1990 tantarum
1047 1951 1318 1990 inimicitiarum
1329 1952 1347 1989 ἶ)

389 2013 487 2063 quod
514 2013 743 2052 commodum
765 2014 853 2051 tanti
875 2013 979 2051 odii?
1004 2013 1106 2052 Nihil
1137 2013 1346 2065 hujusmodi

390 2074 563 2113 inutiliter
586 2074 778 2126 cogitabat,
803 2088 914 2125 neque
932 2075 1052 2113 animo
1068 2075 1232 2115 versabat
1252 2091 1260 2111 ι
1285 2075 1346 2114 sed

391 2143 426 2172 et
441 2135 522 2184 hoc,
536 2135 631 2186 quod
645 2144 765 2187 postea
783 2149 802 2172 a
821 2135 993 2187 propbeta
1010 2135 1148 2173 dictum
1163 2143 1228 2183 est,
1244 2135 1347 2187 prius

394 2194 469 2246 ipse
488 2196 658 2248 implebat
669 2211 677 2232 z
688 2196 832 2233 Melior
851 2204 907 2234 est
924 2210 1023 2234 unus
1033 2197 1186 2248 faciens
1203 2197 1345 2234 volun-

397 2265 515 2294 tatem
535 2258 710 2303 Domini,
735 2271 851 2309 quam
868 2259 1062 2295 innumeri
1073 2260 1346 2308 proevaricato-

394 2319 570 2355 res.Num
580 2318 737 2367 societas,
749 2318 876 2368 inquit,
888 2317 1129 2355 multitudinis
1143 2317 1193 2355 ad
1211 2318 1345 2355 malum

393 2378 540 2427 ruentis,
553 2387 586 2416 et
604 2379 709 2416 simul
725 2378 908 2430 rapientis,
925 2392 943 2415 a
965 2378 1122 2416 cruciatu
1142 2392 1198 2415 me
1216 2379 1346 2430 poterit

392 2439 527 2491 eripere
541 2439 558 2476 ἔ)
575 2439 719 2478 Sciebat
738 2439 846 2488 enim,
868 2439 1000 2476 sciebat
1017 2438 1154 2489 liquido
1170 2453 1346 2490 quemque

392 2514 455 2551 pro
466 2514 528 2537 sua
548 2500 661 2538 salute
675 2500 847 2537 rationem
867 2499 1093 2537 redditurum
1125 2513 1211 2549 esse,
1234 2514 1346 2551 neque

392 2575 561 2612 umquam
584 2562 669 2609 fore,
683 2570 722 2598 ut
741 2561 810 2598 alio
825 2569 990 2613 peccante
1009 2560 1247 2612 aliuspoenam
1270 2575 1344 2598 sus-

391 2621 511 2667 tineat,
539 2622 596 2659 vel
624 2621 820 2659 mercedem
847 2621 1024 2658 sortiatur.
1056 2621 1194 2659 Idcirco
1226 2622 1345 2674 justus

391 2683 493 2732 quasi
511 2683 665 2721 scintilla
679 2683 714 2720 in
728 2682 846 2720 medio
861 2682 950 2720 mari
967 2696 1122 2729 versans,
1143 2696 1212 2720 non
1228 2682 1342 2720 solum

392 2757 461 2780 non
479 2743 787 2795 exstinguebatur,
803 2743 864 2781 sed
883 2742 1045 2793 quotidie
1064 2743 1251 2794 fulgidiori
1266 2743 1344 2781 luce

392 2804 559 2856 prodibat
578 2835 587 2851 ,
610 2818 731 2842 omnes
758 2804 831 2841 suis
850 2804 1018 2856 operibus
1040 2803 1180 2841 docens.
1206 2804 1342 2843 Vidisti

391 2863 572 2912 quomodo
592 2863 646 2900 sui
663 2863 755 2915 juris
787 2872 820 2900 et
839 2863 979 2900 arbitrii
1006 2872 1166 2901 naturam
1186 2873 1342 2901 nostram

391 2924 566 2961 Dominus
585 2924 780 2962 formavit?
803 2923 908 2962 Unde
922 2924 1030 2974 enim,
1048 2923 1109 2962 dic
1127 2937 1204 2972 oro,
1223 2923 1275 2961 illi
1296 2925 1342 2961 ad

391 2985 566 3022 malitiam
577 2986 825 3037 properabant,
838 2995 872 3024 et
883 2986 1028 3039 seipsos,
1038 2987 1151 3039 poenis
1164 2986 1341 3025 faciebant

388 3046 578 3095 obnoxios;
593 3047 657 3084 iste
668 3056 787 3084 autem
795 3047 964 3085 virtutem
978 3048 1187 3099 eligebat,et
1203 3048 1342 3098 fugiens

388 3120 509 3143 eorum
544 3107 758 3154 societatem,
792 3121 903 3159 poenae
936 3122 1003 3145 non
1030 3109 1207 3147 obnoxius
1239 3109 1307 3146 suit
1323 3109 1340 3146 ἶ)

389 3169 512 3205 Nonne
532 3168 775 3216 manifestum,
797 3183 856 3206 sua
876 3183 1052 3219 quemque
1073 3170 1257 3208 voluntate
1284 3169 1340 3207 vel

384 3228 573 3277 malitiam,
614 3230 668 3266 vel
700 3230 868 3268 virtutem
896 3230 1025 3282 eligere
1038 3231 1055 3268 ἶ)
1084 3233 1175 3270 Nam
1207 3231 1272 3269 nisi
1294 3230 1338 3268 ita

428 3361 439 3375 τ·
459 3350 517 3381 ΑΙίἰ
547 3358 696 3394 με’-’,ψέγῃ
715 3367 718 3383 :
741 3359 915 3394 utrumque
933 3353 1087 3395 quadrat.

427 3401 443 3423 ¹³
459 3398 559 3432 Suvil.
580 3408 609 3431 et
632 3400 685 3431 alii
706 3407 880 3439 ὑπεναντίας
897 3406 977 3439 ἦλθε.

1420 1037 1522 1088 μόνος
1549 1038 1646 1081 αὐτὸς
1678 1036 1740 1084 τὴν
1776 1037 1933 1076 ἐναντίαν
1970 1032 2072 1085 ἦλθεν
2101 1038 2198 1084 ὁδὸν,
2225 1037 2290 1084 τὴν
2319 1036 2449 1088 ἀρετὴν

1420 1098 1673 1152 προτιμοτέραν
1695 1101 1758 1144 τῆς
1777 1099 1903 1142 κακίας
1925 1099 2104 1148 ἑλόμενος,
2131 1099 2192 1137 καὶ
2210 1098 2289 1137 οὔτε
2310 1102 2333 1145 ἡ
2355 1114 2448 1148 συμ-

1418 1159 1552 1210 φωνία,
1572 1159 1649 1197 οὔτε
1676 1160 1716 1197 τὸ
1748 1163 1910 1198 τοσοῦτον
1939 1162 2069 1206 πλῆθος
2098 1159 2323 1212 ὀκνηρότερον
2343 1159 2450 1197 αὐτὸν

1417 1219 1604 1272 εἰργάσατο
1623 1220 1710 1273 πρὸς
1737 1219 1801 1266 τὴν
1820 1224 1883 1267 τῆς
1900 1222 2026 1273 ἀρετῆς
2046 1220 2123 1258 ὁδὸν
2136 1249 2146 1267 ,
2167 1221 2243 1258 ἀλλ’
2269 1219 2337 1266 ἤδη
2357 1235 2448 1271 προ-

1417 1282 1534 1319 λαὸὼν
1568 1282 1721 1334 ἐπλήρου
1750 1281 1791 1319 τὸ
1831 1282 1929 1334 παρὰ
1961 1285 2021 1320 τοῦ
2064 1281 2237 1334 μακαρίου
2267 1281 2450 1324 Μωῦσέως

1419 1342 1544 1393 μέλλον
1565 1343 1798 1394 ῥηθήσεσθαι,
1819 1342 1871 1380 ὅτι
1903 1345 1980 1382 Οὐκ
2008 1343 2070 1395 ἔσῃ
2103 1342 2194 1394 μετὰ
2221 1344 2360 1381 πολλῶν
2389 1341 2449 1381 ἐπὶ

1415 1403 1534 1456 κακίᾳ.
1560 1404 1630 1442 Καὶ
1664 1404 1705 1442 τὸ
1731 1405 1929 1454 θαυμαστὸν
1963 1403 2023 1442 καὶ
2053 1402 2268 1457 παράδοξον,
2301 1403 2355 1442 ὅτι
2384 1402 2446 1441 καὶ

1416 1463 1564 1508 πολλοὺς
1597 1465 1705 1517 ἔχων,
1728 1466 1860 1515 μᾶλλον
1881 1464 1916 1502 δὲ
1949 1464 2106 1509 ἅπαντας
2134 1464 2192 1503 ἐπὶ
2224 1464 2286 1511 τὴν
2319 1463 2449 1502 κακίαν

1415 1526 1716 1579 προτρεπομένους
1742 1525 1801 1564 καὶ
1820 1525 1883 1573 τὴν
1899 1529 1968 1564 τῶν
1985 1528 2146 1579 πονηρῶν
2165 1525 2324 1578 πράξεων
2342 1526 2447 1577 ἐργα-

1416 1587 1510 1635 σίαν,
1532 1586 1591 1625 καὶ
1611 1586 1744 1629 οὐδενὸς
1771 1587 1866 1630 ὄντος
1894 1591 1954 1625 τοῦ
1975 1587 2061 1640 πρὸς
2077 1587 2141 1633 τὴν
2163 1586 2290 1638 ἀρετὴν
2309 1586 2447 1637 ἐνάγον-

1415 1663 1494 1695 τος,
1517 1647 1647 1685 οἴκοθεν
1669 1647 1727 1685 ἐπὶ
1755 1647 1883 1694 ταύτην
1910 1647 1998 1698 μετὰ
2019 1647 2190 1694 τοσαύτης
2215 1646 2360 1699 ὥρμησε
2383 1650 2449 1693 τῆς

1417 1708 1648 1761 σφοδρότητος
1661 1736 1672 1753 ,
1689 1707 1782 1746 ὥστε
1805 1708 1959 1760 τοσούτῳ
1978 1709 2105 1755 πλήθει
2125 1708 2140 1728 ¹²
2153 1708 2361 1752 ἀπεναντίας
2390 1710 2448 1747 ε’λ-

1417 1773 1485 1806 θεῖν
1499 1784 1507 1792 ·
1526 1768 1587 1807 καὶ
1605 1768 1683 1807 οὔτε
1704 1768 1847 1814 ἔδεισεν,
1865 1769 1943 1808 οὔτε
1962 1769 2121 1808 ὑπείδετο
2138 1768 2202 1815 τὴν
2222 1769 2335 1815 κακὴν
2355 1785 2447 1819 συμ-

1417 1829 1566 1881 φωνίαν,
1583 1829 1661 1868 οὔτε
1681 1830 1788 1868 ἔπαθέ
1817 1845 1853 1867 τι
1880 1835 2056 1878 τοιοῦτον,
2075 1825 2144 1868 οἷον
2178 1830 2269 1874 εἰκὸς
2291 1824 2332 1877 ἦν
2366 1830 2448 1875 τοὺς

1419 1893 1652 1942 ῥᾳθυμοῦντας
1671 1894 1792 1929 παθεῖν
1804 1918 1814 1936 ,
1836 1890 1869 1929 οἳ
1887 1891 2028 1929 ἐπειδὰν
2044 1891 2146 1930 ἴδωσι
2175 1890 2324 1934 πολλοὺς
2354 1890 2447 1929 κατὰ

1416 1952 1523 1990 ταύτὸ
1542 1951 1745 2005 συμφωνίαν
1779 1952 2100 2003 ἐπιδεικνυμένους,
2126 1951 2257 1999 ταύτην
2284 1951 2447 2004 ἀφορμὴν

1417 2013 1476 2050 καὶ
1494 2013 1733 2065 προκάλυμμα
1750 2016 1812 2060 τῆς
1835 2013 1963 2057 οἰκείας
1981 2013 2150 2066 ῥᾳθυμίας
2167 2012 2447 2067 προὸαλλόμενοί

1418 2089 1522 2125 φασι·
1539 2073 1573 2111 τί
1588 2074 1628 2121 δὴ
1652 2074 1768 2125 μέλλω
1793 2073 1862 2125 ἐγὼ
1889 2073 1986 2126 παρὰ
2009 2074 2150 2118 τούτους
2173 2075 2331 2118 ἅπαντας
2352 2073 2447 2118 ξένον

1417 2151 1452 2172 τι
1467 2134 1526 2171 καὶ
1548 2135 1664 2173 καινὸν
1686 2134 1925 2185 βουλεύεσθαι,
1945 2134 2004 2172 καὶ
2021 2134 2174 2187 τοσούτῳ
2190 2135 2316 2182 πλήθει
2341 2135 2448 2172 ἐναν-

1418 2198 1599 2242 τιοῦσθαι,
1625 2195 1792 2246 καὶπρὸς
1819 2199 1979 2233 τοσοῦτον
2007 2197 2116 2245 δῆμον
2142 2195 2295 2246 πόλεμον
2322 2195 2445 2234 ἀναδέ-

1416 2257 1559 2308 χεσθαι;
1579 2256 1639 2302 Μὴ
1657 2255 1725 2308 γὰρ
1743 2255 1956 2308 δικαιότερος
1975 2255 2042 2307 ἐγὼ
2063 2255 2159 2307 παρὰ
2175 2256 2316 2298 τούτους
2329 2256 2445 2294 ἅπαν-

1417 2333 1478 2361 τας
1493 2317 1675 2368 eta-(spivum
1696 2316 1760 2358 Τίς
1778 2332 1837 2367 μοι
1852 2315 1955 2367 χρεία
1970 2319 2031 2362 τῆς
2046 2316 2214 2361 τοσαύτης
2233 2316 2445 2367 ἀπεχθείας;

1386 2396 1392 2404 ·
1416 2379 1449 2416 τί
1470 2393 1529 2428 μοι
1546 2378 1666 2428 ὄφελος
1685 2380 1744 2414 τοῦ
1762 2376 1923 2415 τοσούτου
1942 2377 2084 2427 μίσους;
2105 2377 2216 2415 Οὐδὲν
2234 2379 2302 2415 τῶν
2320 2378 2444 2424 ἀνονή-

1418 2455 1485 2477 των
1501 2439 1631 2476 τούτων
1649 2436 1888 2483 ἐδουλεύσατο,
1913 2437 1990 2475 οὐδὲ
2015 2437 2211 2484 ἐνενόησεν·
2229 2437 2318 2475 ἀλλὰ
2336 2437 2445 2476 πάλιν

1417 2503 1526 2538 ἐκεῖνο
1560 2498 1747 2551 προλαὸὼν
1794 2498 1945 2552 ἐπλήρου
1976 2499 2015 2536 τὸ
2050 2498 2231 2551 εἰρημένον
2261 2497 2359 2549 παρὰ
2382 2502 2445 2537 τοῦ

1415 2561 1610 2613 προφήτου,
1624 2560 1676 2597 ὅτι
1692 2559 1872 2611 Κρείσσων
1891 2554 1938 2602 εἷς
1959 2561 2067 2597 ποιῶν
2083 2559 2123 2597 τὸ
2140 2559 2274 2609 θέλημα
2290 2559 2442 2612 Κυρίου,

1418 2623 1439 2669 ἢ
1455 2622 1570 2673 μυρίοι
1583 2621 1793 2674 παράνομοι.
1813 2620 1874 2666 Μὴ
1890 2620 1959 2673 γὰρ
1974 2623 1996 2667 ἡ
2013 2621 2191 2670 κοινωνία,
2208 2620 2306 2672 φησὶ,
2328 2621 2388 2658 καὶ
2404 2621 2447 2659 τὸ

1417 2686 1772 2735 συγκατασπασθῆναι
1792 2684 1841 2734 τῷ
1861 2682 1988 2727 πλήθει
2003 2681 2089 2732 πρὸς
2107 2681 2171 2727 τὴν
2193 2681 2318 2719 κακίαν
2337 2682 2444 2720 αὖτο-

1418 2746 1577 2794 μολοῧντι
1597 2743 1771 2788 ἐξελέσθαι
1787 2758 1830 2793 με
1849 2742 2032 2789 δυνήσεται
2053 2745 2113 2788 τ’ἧς
2130 2742 2320 2795 τιμωρίας;
2339 2742 2443 2798 ’ᾙδει

1416 2805 1494 2857 γὰρ,
1511 2805 1587 2855 ᾔδει
1603 2807 1719 2855 σαφῶς
1739 2804 1792 2842 ὅτι
1814 2803 1959 2846 ἕκαστος
1979 2802 2064 2853 ὑπὲρ
2087 2805 2149 2847 τῆς
2167 2802 2296 2847 οἰκείας
2320 2819 2441 2847 σωτη-

1417 2866 1490 2917 ρίας
1523 2866 1584 2908 τὰς
1616 2866 1755 2908 εὐθύνας
1777 2864 1897 2909 δώσει,
1929 2864 1990 2902 καὶ
2011 2866 2072 2901 οὐκ
2100 2864 2193 2901 ἔστιν
2213 2864 2330 2915 ἕτερον
2352 2864 2442 2917 ὑπὲρ

1414 2931 1473 2964 τοῦ
1488 2925 1745 2977 ἁμαρτάνοντος
1760 2925 1838 2964 οὔτε
1857 2925 2000 2963 κόλασιν
2020 2926 2204 2975 ὑπομεῖναι
2216 2953 2225 2971 ,
2242 2924 2321 2963 οὔτε
2340 2925 2442 2975 ἀμοι-

1415 2989 1478 3034 ἒῆς
1510 3003 1601 3030 τινος
1632 2990 1818 3039 ἐπιτυχεῖν.
1853 2986 1922 3024 Διὰ
1940 2989 2052 3040 ,τοῦτο
2075 2989 2093 3024 ὁ
2123 2985 2252 3030 δίκαιος
2283 2986 2440 3038 καθάπερ

1415 3047 1564 3099 σπινθὴρ
1591 3049 1625 3085 ἐν
1656 3046 1752 3098 μέσῳ
1782 3046 1930 3097 πελάγει
1956 3046 2151 3099 τυγχάνων,
2179 3047 2217 3084 οὐ
2248 3046 2350 3096 μόνον
2377 3048 2440 3084 οὐκ

1414 3109 1606 3151 ἐσὸέννυτο,
1626 3107 1716 3145 ἀλλὰ
1735 3107 1795 3145 καὶ
1810 3110 1887 3145 καθ’
1907 3107 2058 3153 ἑκάστην
2081 3105 2216 3158 ἡμέραν
2235 3107 2435 3158 λαμπρότε·

1415 3186 1470 3220 ρον
1487 3169 1581 3220 ἠφίει
1597 3169 1636 3207 τὸ
1656 3172 1725 3220 φῶς
1738 3199 1746 3213 ,
1764 3168 1969 3210 διδάσκαλος
1989 3174 2074 3205 πᾶσι
2091 3167 2267 3218 γινόμενος
2289 3167 2345 3205 διὰ
2366 3171 2435 3206 τῶν

1413 3236 1425 3250 s
1438 3233 1559 3267 ἑαυτοῦ
1576 3230 1696 3282 ἔργων.
1718 3223 1818 3271 Εἶδες
1835 3231 1881 3271 ὡς
1898 3228 2112 3272 αὐτεξούσιον
2132 3230 2231 3278 ἡμῶν
2252 3229 2313 3276 τὴν
2333 3228 2434 3281 φύσιν

1469 3364 1478 3376 r
1498 3351 1622 3394 [Sar-il.
1643 3351 1894 3394 220r0;,510rel.
1915 3358 1948 3383 et
1965 3350 2083 3384 Mouts.
2105 3352 2227 3393 abtim]
