2516 3791
107 2422 222 2451 Matlh.
244 2421 293 2451 25.

107 2466 157 2494 2⁶5.
185 2472 232 2501 27.

107 2601 196 2626 Joan.
222 2598 267 2627 15.

109 2649 157 2668 22.

113 3340 199 3366 Ram.
226 3336 270 3364 15.

114 3380 159 3407 ι3.

306 184 397 230 568

302 280 542 329 inveniuntur,
559 278 673 331 magis
689 277 790 330 infigi
806 287 936 316 nostrae¹
957 276 1065 315 menti
1085 291 1093 311 ε
1112 289 1152 312 ea
1169 288 1254 312 vero

301 357 381 394 quae
410 341 513 380 facile
547 341 791 387 inveniuntur,
820 339 924 376 citius
951 351 969 374 e
1000 336 1104 374 corde
1135 343 1254 371 nostro

301 404 454 442 avolare.
483 403 639 442 Obsecro
667 401 776 453 igitur
801 414 844 438 ne
879 399 989 436 simus
1021 395 1252 447 negligentes,

302 465 364 503 scd
387 465 580 503 excitemus
609 471 760 500 mentem
786 468 954 505 nostram,
983 466 1016 494 et
1047 456 1190 508 penitus
1219 455 1254 493 in

300 526 413 577 ipsam
425 525 691 576 Scripturarum
702 519 979 573 profunditatem
992 518 1204 565 intueamur,
1216 525 1255 554 ut

301 586 427 638 majori
447 584 530 622 inde
550 583 648 619 lucro
667 589 821 631 accepto,
832 578 980 616 domum
1003 577 1118 615 redire
1138 577 1254 614 liceat.

301 646 365 684 Est
385 646 476 683 enim
491 642 636 681 ecclesia
650 641 717 679 Dei
733 649 910 678 mercatus
924 638 1071 690 quidam
1087 638 1255 690 spiritua-

299 707 343 744 lis
364 705 652 753 medicorumque
669 697 814 740 officina
830 700 1017 738 animabus
1035 715 1042 735 :
1060 708 1093 736 et
1106 713 1170 751 par
1189 708 1254 748 est,

301 775 337 803 ut
367 766 459 803 sicut
488 764 551 815 qui
584 763 630 801 ad
650 762 828 800 nundinas
846 761 1007 809 veniunt,
1029 759 1112 797 inde
1132 760 1254 797 multis

299 826 476 864 mercibus
500 824 655 863 collectis
674 822 857 861 redeamus
874 838 881 858 ε
897 822 954 860 vel
971 820 1073 872 quasi
1090 835 1108 858 e
1124 820 1253 858 medici

297 887 419 933 domo„
443 887 593 938 receptis
623 899 700 936 quae
730 883 864 921 morbis
895 881 1026 919 nostris
1053 889 1255 929 congruunt
1274 886 1299 915 D

298 947 576 994 medicamentis,
593 958 772 983 exeamus.
790 945 868 981 Non
885 941 980 979 enim
999 940 1078 978 ideo
1095 940 1254 990 quotidie

298 1007 528 1055 confluimus,
549 1015 588 1043 ut
617 1005 807 1042 dumtaxat
831 1010 1026 1040 conventus
1062 1000 1149 1038 fiant
1168 1000 1254 1037 sim-

298 1067 438 1120 pliciter
458 1083 465 1103 :
488 1066 548 1103 sed
576 1074 761 1117 propterea
788 1076 1059 1113 congregamur,
1079 1070 1118 1098 ut
1137 1074 1253 1098 unus-

297 1128 446 1178 quisque
460 1127 652 1179 pharmaco
668 1125 741 1162 suis
753 1123 939 1161 affectibus
954 1121 1161 1174 congruenti
1177 1135 1254 1159 sus-

299 1198 421 1241 cepto,
443 1188 592 1225 domum
622 1185 803 1224 concedat.
833 1183 1024 1232 Quomodo
1060 1183 1154 1220 enim
1184 1196 1253 1220 non

298 1250 406 1288 fucrit
423 1248 736 1292 absurdissimum,
759 1261 822 1284 nos
842 1260 862 1283 a
882 1244 1042 1297 puerulis
1062 1243 1188 1282 nostris
1207 1243 1255 1281 acl

299 1311 428 1349 ludum
456 1309 654 1347 literarium
679 1308 796 1345 missis
824 1306 984 1357 quotidie
1012 1314 1144 1357 petere,
1167 1304 1255 1356 quid

298 1371 468 1409 discendo
492 1369 716 1423 profecerint,
737 1377 771 1406 et
793 1367 1005 1419 adjecerint3
1026 1379 1138 1415 neque
1160 1366 1255 1403 enim

300 1434 495 1471 sineremus
519 1446 578 1469 eos
606 1432 749 1479 frustra,
769 1438 802 1467 et
820 1429 953 1479 absque
973 1428 1126 1465 utilitate
1144 1427 1180 1464 in
1200 1427 1255 1464 lu-

299 1494 388 1533 dum
414 1494 478 1542 ire,
503 1493 571 1531 nisi
600 1493 755 1530 fructum
783 1491 991 1543 ampliorem
1021 1490 1103 1527 inde
1128 1503 1254 1527 conse-
1276 1496 1300 1525 E

300 1565 429 1606 quutos
443 1554 661 1601 videremus,
681 1568 742 1591 nos
757 1562 875 1590 autem
891 1552 950 1603 qui
961 1553 1095 1604 justam
1117 1560 1255 1589 aetatem

299 1617 486 1661 habemus,
509 1625 542 1653 et
570 1615 605 1652 in
633 1614 834 1666 spirituales
861 1614 998 1651 scholas
1027 1612 1255 1660 ventitamus,

300 1692 370 1715 non
398 1692 464 1729 par
495 1677 565 1714 illis
594 1675 754 1713 studium
783 1675 963 1722 exhibere,
989 1673 1144 1711 maxime
1174 1687 1257 1711 cum

300 1739 376 1776 haec
403 1739 439 1775 in
467 1738 609 1775 lucrum
629 1745 662 1774 et
685 1737 834 1774 salutem
854 1735 1055 1773 animarum
1074 1734 1257 1785 spectent?

301 1799 416 1850 Igitur
441 1797 607 1843 obsecro,
638 1805 676 1834 ut
704 1796 861 1848 seipsum
890 1794 1052 1845 quotidie
1081 1802 1258 1830 scrutetur

733 197 770 226 S.
809 195 994 226 JOANMS
1030 194 1272 224 CHRYSOST.

302 1859 554 1910 unusquisque,
569 1857 659 1908 quid
680 1871 725 1895 ex
743 1856 927 1904 hodierna,
939 1855 1081 1906 quidex
1090 1854 1257 1907 proxima

298 1919 446 1957 lectione
469 1918 633 1956 utilitatis
649 1917 820 1965 retulerit,
833 1925 869 1953 ut
884 1930 927 1953 ne
941 1915 1130 1954 videamur
1145 1924 1179 1952 et
1194 1928 1257 1952 nos

299 1989 427 2017 temere
449 1989 554 2030 atque
586 1980 715 2016 frustra
748 1977 883 2015 adesse.
912 1976 1019 2023 Quod
1042 1985 1161 2015 autem
1190 1976 1257 2014 hoc

300 2055 363 2078 uos
377 2041 480 2093 culpa
495 2042 671 2077 immunes
687 2039 813 2077 reddat
824 2042 836 2086 (
847 2038 1031 2076 offerimus
1047 2038 1140 2075 enim
1152 2036 1257 2088 quid-

301 2101 388 2151 quid
409 2101 516 2138 nostri
537 2109 588 2138 est
609 2100 732 2147 officii,
751 2109 784 2137 et
808 2099 899 2137 nihil
922 2113 1067 2151 prorsus
1085 2098 1181 2148 quod
1196 2112 1258 2136 no-

299 2171 380 2199 strae
403 2162 447 2198 sit
471 2161 650 2199 facultatis
679 2161 901 2212 praeterimus
917 2164 950 2210 >3
974 2159 1069 2210 quod
1096 2173 1180 2197 vero
1214 2159 1256 2197 iis

1266 2190 1313 2213 317

1312 193 1519 221 ARCHIEP.
1559 183 1917 222 cOssTmTiNOP.

1325 273 1439 312 Εἴωθε
1458 274 1525 325 γάρ
1542 290 1616 316 πως
1635 273 1680 312 τὰ
1697 268 1870 325 μὲνχμετὰ
1889 274 1993 312 πόνου
2017 273 2077 312 καὶ
2093 273 2267 321 ζητήσεως
2290 276 2347 311 εὓ-

1327 333 1516 384 ρισκόμενα
1535 335 1669 384 μᾶλλον
1692 335 1936 386 ἐμπήγνυσθαι
1954 336 2056 385 ἡμῶν
2071 338 2114 387 τῇ
2133 334 2266 386 διανοίᾳ
2279 349 2286 357 ·
2304 335 2348 372 τὰ

1325 391 1360 431 δὲ
1379 395 1455 443 μετ’
1471 394 1646 441 εὐκολίας,
1663 398 1785 433 θᾶττον
1811 394 2028 447 ἀφίπτασθαι
2045 398 2108 441 τῆς
2124 394 2269 446 καρδίας
2287 396 2348 439 τῆς

1325 453 1513 505 ἡμετέρας.
1544 455 1606 502 Μὴ
1636 455 1751 494 τοίνυν
1781 458 2004 508 ῥᾳθυμῶμεν,
2025 457 2241 507 παρακαλῶ,
2258 452 2350 492 ἀλλὰ

1326 513 1548 567 ὃιεγείρωμεν
1559 518 1659 565 ἡμῶν
1671 515 1729 552 τὸν
1739 515 1919 566 λογισμὸν,
1931 515 1990 553 καὶ
2005 516 2090 566 πρὸς
2100 516 2140 553 τὸ
2152 515 2254 566 βάθος
2267 513 2351 551 αὐτὸ

1324 577 1392 612 τῶν
1409 575 1662 628 γεγραμμένων
1680 579 1875 628 ὁλοσχερῶς
1894 576 2204 625 κατοπτεύσωμεν,
2221 574 2278 613 ἵνα
2295 576 2351 612 δυ-

1325 640 1482 687 νηθῶμεν
1500 637 1726 688 κερδάναντές
1743 654 1776 674 τι
1796 637 1901 675 πλέον
1923 639 2089 682 ἐντεῦθεν,
2110 636 2218 678 οὕτως
2233 635 2351 673 οἴκαδε

1325 698 1535 735 ἐπανελθεῖν.
1560 698 1630 735 Καὶ
1656 698 1723 749 γὰρ
1743 696 1934 748 πανήγυρίς
1955 698 2029 735 ἐστι
2049 695 2269 747 πνευματικὴ
2287 698 2347 733 τοῦ

1324 759 1415 796 Θεοῦ
1432 762 1452 804 ἡ
1471 758 1639 804 ἐκκλησία
1651 789 1660 804 ,
1683 758 1741 796 καὶ
1771 758 1918 810 ἱατρεῖόν
1943 760 2016 796 ἐστι
2033 759 2156 809 ψυχῶν
2171 772 2178 779 ·
2196 756 2256 793 καὶ
2284 755 2352 803 δεῖ,

1324 818 1483 871 καθάπερ
1503 821 1549 863 εἷς
1569 819 1764 871 πανήγυριν
1783 817 2110 871 παραγενομένους,
2129 817 2263 863 πολλὴν
2286 815 2350 862 τὴν

1325 879 1486 931 εὐπορίαν
1508 883 1658 918 ἐντεῦθεν
1677 880 1923 926 συλλέξαντας,
1943 879 2051 922 οὕτως
2071 877 2271 924 ἐπανιέναι,
2293 876 2352 914 καὶ

1323 940 1481 992 καθάπερ
1512 943 1557 989 εἷς
1593 943 1740 994 ἰατρεῖον
1779 942 2006 983 ἀπαντῶντας
2023 970 2032 987 ,
2068 939 2111 977 τὰ
2145 939 2352 984 κατάλληλα

1324 1005 1394 1043 τοῖς
1413 1001 1655 1052 ὑποκειμένοις
1673 1003 1799 1040 πάθεσι
1820 1002 1991 1053 φάρμακα
2018 1000 2188 1042 λαόόντας
2214 997 2350 1042 ἐξιέναι.

1325 1061 1378 1098 Οὐ
1399 1060 1466 1111 γὰρ
1487 1061 1542 1099 διὰ
1563 1067 1662 1100 τοῦτο
1680 1064 1757 1100 καθ’
1774 1063 1924 1108 ἑκάστην
1940 1062 2075 1114 ἡμέραν
2091 1059 2352 1112 συνεδρεύομεν,

1324 1120 1380 1158 ἰ’να
1397 1122 1458 1165 τὰς
1474 1123 1559 1172 πρὸς
1580 1123 1751 1170 ἀλλήλους
1767 1123 1955 1174 συντυχίας
1969 1124 2089 1165 ἁπλῶς
2103 1121 2350 1169 ποιησάμενοι,

1325 1182 1432 1227 οὕτως
1460 1183 1611 1228 ἅπαντες
1631 1185 1848 1234 διαλυθῶμεν
1865 1199 1871 1206 ·
1895 1185 1970 1222 ἀλλ’
1990 1183 2047 1220 ἵνα
2066 1181 2211 1220 ἕκαστόν
2231 1197 2266 1218 τι
2284 1184 2352 1219 τῶν

1324 1244 1509 1295 χρησίμων
1532 1244 1671 1295 μαθὼν,
1689 1245 1749 1282 καὶ
1781 1244 1868 1296 πρὸς
1895 1244 1934 1282 τὸ
1968 1246 2128 1296 ἐνοχλοῦν
2156 1242 2264 1284 πάθος
2290 1241 2353 1289 τὴν

1326 1307 1479 1359 ἰατρείαν
1494 1307 1699 1357 δεξάμενος,
1722 1306 1830 1350 οὕτως
1851 1308 2003 1344 ἐντεῦθεν
2024 1304 2250 1357 ἀναχωρήσῃ.
2270 1303 2355 1346 Πῶς

1325 1367 1392 1420 γὰρ
1413 1370 1474 1406 οὐκ
1506 1367 1546 1405 ἂν
1567 1368 1620 1414 εἴη
1639 1372 1709 1406 τῶν
1730 1367 1980 1414 ἀτοπωτάτων,
2005 1365 2049 1404 τὰ
2077 1365 2140 1417 μὲν
2167 1363 2291 1402 παιδία
2309 1363 2354 1402 τὰ

1325 1429 1479 1481 ἡμέτερα
1495 1430 1542 1472 εἷς
1556 1431 1795 1467 διδασκαλεῖον
1806 1428 2095 1475 ἀποστέλλοντας,
2105 1429 2182 1464 καθ’
2200 1425 2351 1471 ἑκάστην

1325 1490 1461 1541 ἡμέραν
1478 1493 1637 1528 ἀπαιτεῖν
1657 1491 1740 1541 παρ’
1759 1491 1871 1527 αὐτῶν
1887 1488 2092 1540 προσθήκην
2106 1487 2184 1526 τινὰ
2199 1489 2267 1524 τῶν
2288 1501 2354 1536 μα-

1327 1550 1504 1600 θημάτων,
1516 1551 1574 1589 καὶ
1587 1553 1649 1589 οὐκ
1663 1551 1703 1588 ἄν
1717 1566 1800 1588 ποτε
1819 1550 2057 1602 ἀνασχοίμεθα
2072 1550 2191 1592 ἁπλῶς
2204 1550 2263 1585 καὶ
2275 1547 2351 1597 εἰκῇ

1326 1615 1437 1649 ταῦτα
1459 1612 1609 1662 βαδίζειν
1628 1613 1761 1659 ἐκεῖσε,
1785 1613 1814 1649 εἰ
1847 1611 1895 1661 μὴ
1918 1611 2046 1661 ἴδωμεν
2066 1608 2293 1663 καρπούμενά
2318 1623 2352 1645 τι

1327 1671 1430 1710 πλέον
1443 1688 1450 1695 ·
1462 1676 1556 1723 ’ἡμᾶς
1569 1672 1603 1710 δὲ
1619 1672 1697 1716 τοὺς
1713 1674 1760 1715 εἷς
1776 1672 1899 1723 μέτρον
1914 1672 2052 1718 ἡλικίας
2067 1671 2278 1723 φθάσαντας,
2291 1668 2351 1706 καὶ

1327 1734 1374 1776 εἰς
1384 1733 1421 1771 τὸ
1437 1734 1670 1783 πνευματικὸν
1682 1738 1781 1772 τοῦτο
1790 1734 2028 1771 διδασκαλεῖον
2039 1730 2351 1783 παραγενομένους,

1328 1792 1376 1844 μὴ
1391 1793 1454 1840 τὴν
1466 1793 1544 1840 ἴσην
1558 1794 1699 1837 ἐκείνοις
1710 1794 1862 1840 σπουδὴν
1873 1792 2131 1831 ἐπιδείκνυσθαι
2142 1822 2152 1839 ,
2168 1791 2228 1829 καὶ
2245 1794 2353 1828 ταῦτα

1327 1854 1408 1892 ἔνθα
1424 1856 1471 1897 εἷς
1488 1854 1550 1901 τὴν
1566 1858 1627 1901 τῆς
1645 1856 1760 1906 ψυχῆς
1775 1854 1949 1905 σωτηρίαν
1968 1853 2006 1891 τὸ
2021 1853 2138 1904 κέρδος
2159 1850 2328 1889 ὃιαὸαίνει
2344 1867 2354 1897 ;

1327 1914 1504 1959 Ἕκαστος
1515 1915 1625 1954 τοίνυν
1638 1918 1751 1966 ἡμῶν,
1763 1916 1976 1966 παρακαλῶ,
1989 1913 2107 1952 ἑαυτὸν
2116 1914 2192 1951 καθ’
2203 1912 2354 1958 ἑκάστην

1327 1976 1464 2029 ἡμέραν
1487 1977 1717 2029 διερευνάσθω
1732 2007 1742 2025 ,
1763 1976 1797 2014 τί
1820 1975 1883 2027 μὲν
1912 1978 1951 2014 ἐκ
1971 1978 2034 2021 τῆς
2056 1977 2224 2026 ἡμερινῆς
2254 1974 2355 2026 ἐκέρ-

1330 2037 1408 2074 δανε
1432 2037 1634 2085 ὃιαλέξεως,
1650 2037 1684 2076 τί
1708 2037 1742 2075 δὲ
1765 2039 1803 2075 ἐκ
1820 2040 1882 2083 τῆς
1899 2036 2063 2084 ἐπιούσης
2077 2067 2086 2084 ,
2106 2036 2163 2074 ἵνα
2185 2035 2234 2086 μὴ
2255 2034 2357 2079 δόξω-

1328 2113 1389 2146 μεν
1409 2098 1468 2135 καὶ
1489 2102 1590 2148 ἡμεῖς
1609 2101 1685 2150 εἰκῇ
1704 2098 1764 2136 καὶ
1781 2099 1901 2141 ἁπλῶς
1918 2100 2065 2135 ἐνταῦθα
2087 2095 2355 2150 παραγίνεσθαι.

1517 2163 1537 2170 ω

1326 2157 1412 2196 ‘'O-:t
1429 2157 1463 2196 δὲ
1477 2174 1579 2197 τουτο
1595 2163 1688 2209 ἡμᾶς
1710 2159 1772 2209 μὲν
1791 2159 1908 2206 πάσης
1926 2158 2038 2201 αἰτίας
2060 2158 2183 2210 ἀφίησι
2200 2158 2213 2209 <
2229 2157 2272 2194 τὰ
2290 2157 2357 2209 γὰρ

299 2222 361 2272 qui
389 2222 490 2259 nobis
514 2230 729 2269 succensent,
758 2235 821 2258 nec
847 2230 1050 2267 occurrunt,
1074 2235 1137 2258 nec
1161 2220 1257 2257 dicta
1279 2226 1304 2255 A
1327 2221 1404 2256 καθ’
1437 2218 1577 2262 ἑαυτοὺς
1612 2220 1751 2258 ἅπαντα
1773 2219 1989 2272 εἰσφέρομεν,
2017 2219 2077 2257 καὶ
2097 2218 2192 2256 οὐδὲν
2222 2221 2291 2256 τῶν
2311 2219 2358 2261 εἷς

299 2282 490 2333 diligenter
526 2283 746 2330 auscultant,
776 2282 919 2333 majoris
956 2281 1258 2319 condemnationis

303 2343 348 2381 sit
374 2344 525 2393 occasio,
547 2343 632 2381 audi
661 2342 847 2380 Christum
876 2342 1051 2380 dicentem
1075 2342 1105 2379 ei
1125 2342 1186 2393 qui
1207 2351 1258 2379 ta-

304 2404 439 2442 lentum
473 2403 808 2442 defoderattServe
839 2417 1028 2455 nequam,
1062 2406 1261 2454 oportebat

308 2474 344 2503 te
359 2468 565 2517 pecuniam
594 2479 718 2502 meam
747 2465 852 2516 apud
877 2465 1119 2502 numularios
1140 2465 1258 2515 depo—

306 2529 439 2572 suisse,
463 2535 499 2563 et
525 2529 686 2563 veniens
718 2540 785 2577 ego
813 2528 1047 2576 repetiissem
1067 2539 1152 2562 eam
1172 2539 1259 2563 cum

304 2601 439 2631 usuras
460 2587 504 2624 de
522 2589 543 2627 J
548 2586 657 2624 udaeis
670 2595 788 2624 autem
810 2602 817 2622 ε
838 2587 878 2624 Si
899 2600 976 2623 non
995 2589 1202 2632 venissem,
1220 2594 1254 2623 et

308 2650 669 2701 loquutussuissem
689 2651 756 2694 eis,
777 2656 980 2700 peccatum
1002 2662 1078 2684 non
1098 2648 1259 2684 habuis-

305 2719 406 2755 παῖε,ι
426 2724 527 2747 nunc
547 2718 678 2747 antem
697 2711 985 2746 excusationem
1007 2722 1084 2744 non
1100 2710 1257 2745 habent.

307 2772 481 2809 Caeterum
499 2785 560 2808 nos
577 2785 670 2808 nunc
688 2784 757 2808 non
777 2770 845 2807 hoc
866 2784 1042 2817 curamus,
1059 2779 1097 2806 ut
1116 2783 1262 2821 prorsus

309 2832 456 2869 crimine
483 2846 677 2878 careamus,
701 2841 734 2869 et
763 2831 798 2868 in
829 2831 927 2868 nullo
963 2844 1178 2882 arguamur,
1200 2829 1261 2867 scd

310 2901 467 2930 vestrum
491 2892 686 2943 profectum
714 2890 836 2928 videre
861 2889 1037 2942 cupimus,
1053 2898 1086 2926 et
1106 2897 1261 2926 nostram

1328 2279 1471 2331 δύναμιν
1493 2281 1812 2333 παραλιμπάνομεν
1828 2285 1851 2327 ),
1873 2287 1944 2323 τοῖς
1963 2281 1998 2318 δὲ
2017 2283 2276 2332 ἀγανακτοῦσι,
2298 2279 2357 2317 καὶ

1328 2340 1417 2391 μετὰ
1447 2341 1628 2394 ἀκριτῗείας
1656 2341 1704 2391 μὴ
1727 2341 1962 2393 προσέχουσι,
1993 2341 2053 2380 καὶ
2087 2341 2306 2393 καρποῦσθαί
2323 2357 2358 2378 τι

1328 2402 1431 2440 πλέον
1464 2402 1511 2452 μὴ
1547 2403 1767 2453 βουλομένοις
1801 2403 1955 2453 μείζονος
1989 2402 2097 2440 αἴτιον
2118 2402 2358 2456 κατακρίσεως

1328 2464 1479 2515 γίνεται,
1499 2465 1643 2502 ἄκουσον
1667 2468 1726 2502 τοῦ
1749 2466 1903 2516 Χριστοῦ
1923 2464 2082 2515 λέγοντος
2112 2464 2197 2516 πρὸς
2219 2463 2282 2514 μὲν
2300 2464 2357 2502 τὸν

1329 2525 1588 2576 καταχώσαντα
1605 2525 1643 2563 τὸ
1663 2525 1831 2563 τάλαντον
1847 2541 1852 2547 ·
1871 2524 2010 2576 Πονηρὲ
2031 2526 2129 2562 δοῦλε
2145 2555 2153 2569 ,
2177 2525 2244 2562 ἔδει
2263 2540 2301 2562 σε
2320 2524 2359 2562 τὸ

1331 2586 1490 2640 ἀργύριόν
1529 2603 1593 2637 μου
1623 2586 1836 2624 καταὲαλεῖν
1859 2586 1915 2624 ἐπὶ
1946 2586 2022 2630 τοὺς
2053 2584 2278 2638 τραπεζίτας,
2299 2585 2359 2623 καὶ

1333 2648 1400 2699 ἐγὼ
1422 2648 1460 2685 ἂν
1481 2647 1588 2686 ἐλθὼν
1607 2648 1771 2699 ἀπῄτησα
1788 2648 1870 2686 αὐτὸ
1890 2649 1978 2697 μετὰ
1994 2647 2115 2685 τόκου·
2137 2647 2217 2698 περὶ
2235 2646 2269 2685 δὲ
2289 2650 2358 2684 τῶν

1332 2709 1524 2755 Ἰουδαίων,
1542 2711 1585 2747 ΕΞ
1601 2709 1649 2759 μὴ
1666 2704 1770 2755 ἦλθον
1785 2708 1842 2746 καὶ
1858 2710 2013 2754 ἐλάλησα
2031 2710 2164 2754 αὐτοῖς,
2181 2707 2356 2758 ἁμαρτίαν

1333 2773 1393 2808 οὐκ
1423 2775 1536 2822 εἰχον·
1559 2775 1615 2808 νῦν
1648 2769 1681 2806 δὲ
1704 2770 1876 2822 πρόφασιν
1900 2771 1961 2807 οὐκ
1993 2769 2143 2820 ἔχουσιν.
2162 2768 2267 2806 Ἀλλὰ
2301 2773 2359 2806 νῦν

1333 2836 1432 2883 ἡμεῖς
1451 2835 1487 2870 οὐ
1521 2835 1622 2870 τοῦτο
1652 2835 1862 2881 σκοποῦμεν,
1898 2833 1926 2868 εἷ
1957 2830 2021 2874 ἔξω
2042 2834 2110 2868 τῶν
2131 2829 2361 2881 ἐγκλημάτων

1333 2894 1461 2944 ἐσμὲν,
1480 2894 1570 2931 ἀλλὰ
1600 2892 1663 2939 τὴν
1695 2892 1866 2944 ὑμετέραν
1901 2894 2135 2942 ἐπιθυμοῦμεν
2167 2889 2361 2942 προκοπὴν,

308 2951 469 2989 laetitiam
491 2950 653 2987 imminui
670 2950 897 2997 arbitramur,
914 2949 1020 2987 etiam
1033 2948 1262 2999 quantumvis
1288 2974 1308 3002 Β
1334 2956 1392 2993 md.
1410 2955 1731 3007 izp<otnpmtzscom
1747 2958 1830 3004 ἡμῖν
1853 2952 2032 3003 ἡγούμεθα
2053 2952 2095 2989 τὰ
2110 2955 2173 2998 τῆς
2197 2950 2363 3003 50:990&-

310 3011 447 3050 innoxii
466 3011 533 3063 ipsi
550 3011 672 3053 simus.
693 3011 760 3048 nisi
776 3020 809 3048 et
826 3025 888 3048 vos
906 3009 1066 3048 studium
1079 3009 1264 3047 laboribus

311 3073 439 3110 nostris
465 3072 615 3123 dignum
640 3072 888 3110 exhibueritis.
911 3071 994 3109 Haec
1015 3071 1109 3109 enim
1135 3080 1263 3107 nostra}

311 3132 442 3170 laetitiae
464 3132 609 3169 materia
629 3142 693 3182 est,
712 3133 740 3171 si
759 3142 875 3170 vestra
894 3132 928 3170 in
949 3131 1264 3184 spiritualibusiu-

313 3202 488 3231 crementa
502 3192 686 3230 videamus
712 3192 758 3229 Et
777 3192 850 3230 scio
869 3191 1013 3242 quidem
1033 3206 1096 3229 vos
1109 3205 1171 3244 per
1187 3203 1265 3241 gra-

314 3255 399 3292 tiam
425 3253 490 3291 Dei
523 3261 657 3289 tantum
686 3252 817 3304 pollere
845 3252 1038 3298 intellectu,
1057 3260 1096 3288 ut
1123 3260 1155 3289 et
1179 3250 1266 3288 alios

313 3321 460 3360 valeatis
485 3320 688 3368 cxliortari3
710 3320 770 3358 sed
796 3319 991 3357 secundum
1010 3320 1153 3357 beatum
1175 3321 1266 3357 Pau-

315 3392 403 3436 lum,
419 3388 625 3427 memoriam
651 3397 798 3428 vestram
826 3387 964 3438 refrico,
981 3396 1011 3425 et
1036 3401 1190 3440 provoco
1208 3401 1267 3425 ve-

1336 3033 1413 3063 νης,
1444 3017 1507 3054 κᾶν
1529 3016 1690 3068 μυριάκις
1720 3015 1817 3052 αὐτοὶ
1851 3017 1944 3064 ὠμεν
1967 3012 2163 3060 ἀνεύθυνοι,
2185 3015 2213 3050 εἰ
2234 3012 2282 3063 μὴ
2304 3012 2362 3049 καὶ

1338 3083 1433 3129 ὑμεῖς
1467 3077 1565 3121 ἀξίαν
1585 3081 1653 3116 τῶν
1681 3076 1795 3115 πόνων
1825 3079 1893 3113 τῶν
1925 3074 2106 3127 ἡμετέρων
2126 3074 2189 3120 τὴν
2209 3073 2363 3120 σπουδὴν

1340 3139 1567 3186 §mesti-0002.
1591 3140 1687 3186 ‚tiit-r,
1705 3139 1772 3190 γὰρ
1789 3140 1888 3188 ἡμῶν
1903 3140 1966 3183 τῆς
1980 3129 2190 3188 εὐφροσῦνης
2208 3138 2229 3181 ἡ
2247 3135 2366 3174 ὑπόθε-

1341 3217 1412 3246 σις,
1428 3201 1466 3238 τὸ
1483 3203 1564 3252 ὃρᾷν
1585 3204 1682 3251 ὑμῶν
1702 3199 1764 3246 τὴν
1783 3201 1818 3236 ἐν
1840 3205 1909 3241 τοῖς
1931 3202 2177 3247 πνευματικοῖς
2199 3195 2364 3234 ἐπίδοσιν.

1344 3263 1412 3301 Καὶ
1442 3257 1517 3300 οἶδα
1537 3261 1598 3312 μὲν
1631 3262 1682 3299 ὅτι
1704 3261 1759 3298 διὰ
1778 3259 1839 3306 τὴν
1875 3263 1933 3298 τοῦ
1963 3261 2055 3297 Θεοῦ
2078 3258 2180 3311 χάριν
2198 3256 2366 3297 συνέσεως

1343 3324 1613 3376 πεπληρωμένοι
1631 3323 1744 3369 ὄντες,
1767 3322 1951 3368 δυνήσεσθε
1966 3320 2024 3358 καὶ
2042 3321 2165 3362 ἄλλους
2181 3321 2364 3356 νουθετεῖν·

1340 3385 1428 3428 ἀλλὰ
1449 3386 1537 3423 κατὰ
1575 3385 1631 3422 τον
1664 3383 1835 3436 μακάριον
1856 3385 2009 3429 Παῦλον,
2039 3378 2361 3431 ἐπαναμιμνήσκων
