2516 3791
731 262 773 294 lN
811 264 911 294 CAP.
954 263 1017 293 vt.

181 349 250 401 γὰρ
268 350 367 387 τοῦτο
385 347 580 399 γέγραπται
609 345 693 397 πρὸς
715 345 886 398 ὠφέλειαν
912 345 977 390 τὴν
1001 344 1196 397 ἡμετέραν,

182 409 273 447 ὥστε
303 411 412 446 ταῦτα
439 406 674 457 μανθάνοντας
708 406 841 458 φεύγειν
875 406 937 456 μὲν
964 404 1027 451 τὴν
1055 403 1198 449 κακίαν,

181 476 356 522 προτιμᾷν
374 469 407 507 δὲ
429 469 490 514 τὴν
508 468 649 516 ἀρετήν.
674 466 796 506 Βούλει
817 467 876 505 καὶ
901 469 935 505 ἐν
960 468 1002 517 τῇ
1021 467 1132 515 Καινῇ
1161 463 1200 501 τὸ

180 530 266 568 αὐτὸ
284 535 385 568 τοῦτο
404 530 507 573 ἷδεῖν;
522 527 643 566 Ἄκουε
658 532 718 566 τοῦ
737 526 908 579 μακαρίου
931 528 1048 565 Λουκᾶ
1065 525 1105 562 τὸ
1119 524 1202 561 αὐτὸ

181 595 282 629 τοῦτο
301 589 524 663 διηγουμένου
545 604 586 626 πε
593 589 624 661 ρὶ
639 591 708 626 τῶν
725 587 940 635 ἀποστόλων,
956 586 1008 624 ὅτι
1025 599 1202 636 μαστιγω-

181 653 297 695 θέντες
326 650 520 703 ἅνεγώρουν
544 650 612 688 ἀπὸ
635 665 695 687 του
726 648 900 702 συνεδρίου
927 646 1124 698 χαίροντες,
1150 643 1202 681 ὅτι

184 711 480 759 κατηξιώθησαν*
469 710 530 749 υπὲ
538 714 628 763 ρτοῦ
644 709 812 759 ὀνόματος
830 723 888 746 του
907 708 1059 758 Χριστοῦ
1077 707 1203 754 ἀτιμα-

183 778 320 820 σθῆναι.
343 773 466 811 Καίτοι
485 788 523 822 γε
542 775 577 810 αἱ
604 770 769 822 μάστιγες
790 770 828 807 οὐ
852 773 965 820 χαρᾶς
988 782 1077 813 ησαν
1098 768 1202 818 ἀφορ-

184 834 263 881 μαὶ,
283 833 371 871 ἀλλὰ
386 833 499 878 λύπης
514 831 573 869 καὶ
594 830 762 881 ἀθυμίας·
781 829 871 868 ἀλλὰ
899 829 933 866 αἱ
951 826 1008 864 διὰ
1028 827 1086 864 τὸν
1113 825 1203 864 Θεὸν

186 895 372 945 μάστιγες,
391 892 449 930 καὶ
477 896 498 938 ἢ
526 890 710 938 1ἱπόθεσις,
732 891 774 928 δι’
801 890 843 936 ἣν
874 886 1119 939 ἐμαστίζοντο,
1140 885 1204 931 τὴν

183 954 297 1007 χαρὰν
330 955 444 996 αὐτοῖς
464 953 589 991 ἔτικτε.
612 953 681 991 Καὶ
709 953 740 989 ot
775 951 837 1003 μὲν
866 948 1148 1001 μαστιγώσαντες
1170 950 1203 986 ἐν

185 1016 312 1067 ἀπορία
331 1017 443 1066 πολλῇ
471 1014 529 1052 καὶ
553 1013 736 1066 ἀμηχανία
756 1011 1031 1057 καθεστήκεισαν
1045 1040 1054 1058 ,
1078 1011 1140 1048 οὐκ
1159 1011 1203 1048 εἰ-

185 1075 280 1118 δότες
298 1075 318 1112 ὅ
333 1090 367 1112 τι
383 1073 572 1126 πράξωσιν.
590 1073 712 1112 Ἄκουε
727 1073 795 1125 γὰρ
817 1074 929 1110 αὐτῶν
950 1071 1010 1109 καὶ
1031 1069 1120 1121 μετὰ
1141 1068 1203 1112 τὰς

186 1135 358 1185 μάστιγας
373 1134 648 1187 διαπορούντων,
662 1134 721 1172 καὶ
735 1133 906 1184 λεγόντων
922 1148 931 1156 ·
949 1132 996 1170 Τί
1010 1131 1204 1181 ποιήσομεν

184 1201 257 1238 τοῖς
285 1194 476 1248 ἀνθρώποις
509 1194 662 1242 τούτοις,
700 1193 748 1233 Τί
782 1193 914 1245 λέγεις;
948 1191 1204 1242 ’Eueno-efficere,

187 1257 295 1309 μυρία
320 1256 412 1294 κακὰ
443 1257 640 1303 διεθήκατε,
660 1255 720 1294 καὶ
745 1255 796 1293 ἔτι
826 1257 1009 1301 ἀποοεῖτε;
1029 1252 1205 1292 Τοσοῧτόν

187 1320 279 1355 ἐστιν
297 1316 436 1367 ἰσχυρὸν
460 1323 608 1369 πρᾶγμα
625 1315 686 1354 καὶ
708 1314 892 1368 ἐχείρωτον
908 1319 929 1361 ἡ
951 1313 1072 1366 ἀρετὴ,
1092 1312 1151 1351 καὶ
1171 1314 1205 1350 ἐν

188 1379 281 1428 αὐτῷ
301 1379 350 1428 τῷ
369 1377 516 1428 πάσχειν
539 1378 606 1413 τῶν
625 1376 814 1414 ποιούντων
830 1374 1089 1426 περιγινομένη.

240 1438 331 1475 Ἀλλ’
345 1437 402 1475 ἵνα
419 1437 468 1487 μὴ
489 1436 622 1489 μακρὸν
636 1439 790 1486 ποιῶμεν
810 1436 868 1474 τὸν
885 1435 1000 1486 λόγον,
1019 1437 1207 1487 ἀναγκαῖον

185 1499 292 1536 πάλιν
317 1499 402 1536 ἕπαν
406 1500 545 1536 ελθεῖν’
530 1497 587 1536 επὶ
604 1497 663 1535 τὸν
682 1497 814 1536 δίκαιον
831 1513 970 1546 τουτον,
989 1513 1049 1534 και
1070 1498 1159 1535 ἐκπλ
1162 1512 1206 1534 α-

186 1563 289 1610 γῆναι
318 1560 420 1596 αὐτοῦ
439 1574 501 1605 της
522 1561 645 1611 ἀρε-της
668 1557 731 1604 τὴν
753 1557 971 1612 ὑπερὸολὴν,
993 1559 1067 1602 πῶς
1086 1557 1209 1610 ἴσγυσε

186 1619 347 1658 τοσούτου
367 1611 478 1670 δήμου
492 1619 768 1670 καταγελῶντος,
784 1617 1065 1670 ἐπεμὸαίνοντος,
1083 1617 1208 1669 χλευά-

187 1681 319 1726 ζοντος,
339 1680 586 1730 κωμῳδοῦντος
611 1679 734 1727 (πάλιν
754 1677 820 1730 γὰρ
839 1678 884 1716 τὰ
904 1677 993 1717 αὐτὰ
1019 1678 1130 1728 λέγω,
1149 1693 1208 1716 και

185 1739 297 1790 λέγων
325 1741 363 1777 οὗ
384 1739 586 1790 παύσομαι)
611 1741 804 1790 ὑπεριδεῖν,
824 1755 884 1777 και
914 1738 1084 1791 ἀνώτερος
1111 1738 1209 1789 γενέ-

186 1803 281 1838 σθαι.
306 1801 408 1847 Πῶς,
426 1799 520 1851 Ἐγιο
539 1799 643 1850 λέγω.
665 1799 812 1845 Επειδὴ
833 1801 998 1845 διηνεκῶς
1013 1798 1106 1850 ἑώρα
1125 1800 1210 1851 πρὸς

187 1921 339 1963 διανοίας
359 1922 397 1959 τὸ
426 1922 543 1971 ὄμμα,
573 1937 634 1959 και
663 1922 783 1960 λοιπὸν
812 1922 942 1959 τούτων
978 1921 1141 1958 ἁπάντων
1163 1924 1210 1965 ὡς

188 1981 283 2018 οὐδὲν
304 1981 409 2018 ὄντων
430 1982 616 2033 ἐφρόντιζε.
640 1982 710 2019 Καὶ
733 1983 801 2035 γὰρ
825 1982 934 2025 οὕτως
952 1981 1026 2034 ἔχει
1041 1998 1049 2005 ·
1068 1981 1208 2020 ἐπειδὰν

186 2041 256 2092 γάρ
271 2057 322 2084 τις
342 2044 457 2093 τρωθῇ
479 2045 529 2094 τῷ
546 2043 649 2093 ἔρωτι
664 2043 797 2095 ἐκείνῳ,
823 2044 883 2081 καὶ
911 2044 957 2086 εἷς
972 2042 1029 2081 τὸν
1051 2042 1136 2095 πρὸς
1151 2043 1208 2081 τὸν

186 2103 277 2141 Θεὸν
308 2103 411 2141 πόθον
440 2103 561 2141 ἑαυτὸν
590 2103 743 2156 ἐκτείνῃ,
772 2103 868 2142 οὐδὲν
897 2103 1014 2155 ἕτερον
1048 2107 1112 2156 ὁρᾷ
1138 2106 1207 2142 τῶν

184 2164 388 2215 ὁρωμένων,
418 2163 507 2202 ἀλλὰ
539 2165 704 2211 διηνεκῶς
738 2167 866 2204 ἐκεῖνον
897 2164 1108 2217 φαντάζεται
1149 2165 1207 2204 τὸν

184 2224 394 2274 ποθούμενον
408 2255 416 2269 ,
434 2225 494 2262 καὶ
514 2227 547 2263 ἐν
564 2225 682 2274 νυκτὶ,
701 2225 760 2264 καὶ
779 2227 813 2264 ἓν
840 2225 977 2280 ἡμέρᾳ,
1002 2226 1062 2264 καὶ
1089 2242 1207 2265 κοιτα-

184 2284 337 2334 ζόμενος,
357 2285 416 2322 καὶ
432 2285 705 2336 διανιστάμενος.
723 2285 784 2333 Μὴ
799 2286 913 2325 τοίνυν
932 2302 970 2325 σε
987 2286 1155 2336 ξενιζέτω,
1175 2290 1207 2326 εἷ

185 2344 245 2381 καὶ
261 2347 280 2382 ὁ
304 2345 433 2388 δίκαιος
448 2340 544 2389 οἶτος
570 2345 664 2390 ἅπαξ
684 2349 756 2384 ἐκεῖ
774 2345 888 2391 τείνας
913 2349 1017 2386 αὐτοῦ
1044 2347 1107 2396 τὴν
1131 2349 1206 2388 διοί-

183 2418 292 2452 νοιαν,
312 2405 444 2448 οὐδενὸς
460 2405 635 2457 ἐφρόντιζε
652 2409 720 2445 τῶν
740 2407 976 2452 ὑποσκελίζειν
991 2408 1207 2461 ἐπιχειρούν-

184 2480 270 2502 των.
303 2464 360 2504 Τὰ
390 2465 456 2517 γὰρ
486 2468 568 2518 παρ’
599 2469 721 2506 ἑαυτου
750 2468 1024 2521 ἐπιδειξάμενος,
1052 2470 1113 2508 καὶ
1140 2470 1204 2517 τὴν

186 2525 316 2564 ἄνωθεν
334 2526 436 2577 γάριν
457 2527 739 2602 ἐπισπασάμενος
760 2528 930 2584 ἀνώτερος
955 2531 1118 2570 ἁπάντων
1138 2531 1207 2584 ἐγί-

186 2600 273 2624 νετο.
302 2588 380 2625 Νῶε
408 2586 497 2640 γὰρ,
518 2603 642 2640 φησιν,
667 2583 760 2661 εῧρεΝ
766 2589 871 2641 χάριν
895 2591 1047 2631 ε’ναντίον
1076 2592 1206 2644 Κυρίου

185 2650 245 2684 τοῦ
263 2649 369 2685 Θεου.
389 2648 431 2685 Εἰ
455 2648 514 2686 καὶ
535 2649 631 2701 πάσῃ
651 2665 694 2701 τῃ
714 2651 784 2688 τῶν
799 2650 878 2689 τότε
894 2639 1083 2705 ἀνθρώπων
1106 2653 1205 2705 φύσει

185 2709 247 2745 οὐκ
265 2711 309 2753 ἠν
325 2709 500 2761 ἑπιχαρις,
521 2709 598 2748 οὐδὲ
626 2711 800 2760 ποθεινὸς,
816 2711 873 2750 διὰ
888 2712 928 2752 τὸ
952 2712 1000 2764 μὴ
1021 2713 1121 2765 βούλε
1108 2717 1205 2753 εσθαι

186 2767 249 2812 τ-ὴν
264 2767 369 2814 αυτὴν
389 2770 503 2812 αὐτοῖς
516 2769 644 2809 ὁδεύειν
663 2771 760 2820 ὁδὸν,
783 2771 873 2811 ἀλλὰ
888 2772 974 2825 πρὸς
989 2776 1118 2812 ἐκεῖνον
1144 2774 1203 2814 τὸν

187 2827 248 2871 τὰς
266 2828 406 2881 καρδίας
427 2829 661 2878 ἐμὸατεύοντα
680 2832 784 2884 χάριν
800 2827 877 2885 εἶρε
887 2863 898 2882 ,
917 2834 977 2872 καὶ
993 2836 1121 2880 ἐκεῖνος
1138 2836 1205 2873 αὖ-

187 2892 246 2927 τοῦ
267 2888 329 2936 τὴν
343 2888 484 2940 γνώμην
501 2891 700 2937 ἀπεδέξατο.
727 2893 775 2932 Τί
797 2893 878 2948 γὰρ,
895 2895 972 2934 εἶπέ
986 2911 1058 2946 μοι,
1076 2896 1205 2947 βλάὸος

187 2950 340 2987 ἐντεῦθεν
359 2949 494 3001 ἐγένετο
521 2951 590 2990 ἀπὸ
612 2956 676 3000 τῆς
692 2957 760 2993 τῶν
789 2957 964 3007 ὁμογενῶν
989 2956 1120 3008 χλεύης
1145 2957 1205 2995 καὶ

184 3013 245 3048 τοῦ
261 3011 522 3062 καταγέλωτος,
546 3015 606 3051 τοῦ
632 3014 828 3061 πλάσαντος
845 3016 908 3060 τὰς
924 3015 1070 3069 καρδίας
1090 3020 1205 3069 ἡμῶν,

185 3070 244 3108 καὶ
260 3070 431 3115 συνιέντος
440 3073 493 3116 ἐἷς
510 3072 627 3112 πάντα
644 3074 689 3113 τὰ
705 3075 790 3129 ἔργα
805 3079 906 3128 ἡμῶν
917 3107 926 3124 ,
947 3077 1207 3129 ἀνακηρύττον-

186 3145 243 3174 τος
256 3131 314 3169 τὸν
333 3132 440 3184 ἄνδρα
455 3133 516 3172 καὶ
533 3141 799 3188 στεφανοῦντος;
817 3139 851 3176 Τ
854 3138 865 3176 ί
884 3137 920 3176 δὲ
938 3137 1058 3189 ὄφελος
1074 3137 1205 3191 ἀνθρώ·

187 3206 243 3243 πῳ
256 3191 378 3241 γένοιτ’
397 3193 437 3230 ἂν
453 3193 551 3247 παρὰ
565 3196 682 3244 πάσης
694 3213 758 3244 της
769 3197 974 3249 οἰκουμένης
988 3198 1207 3249 θαυμαζομέ-

188 3267 236 3289 νω
245 3251 303 3290 καὶ
315 3254 563 3308 ἐπαινουμένῳ,
578 3257 677 3310 παρὰ
693 3258 729 3296 δὲ
745 3274 806 3298 του
815 3262 884 3297 τῶν
894 3258 983 3298 ὅλων
998 3260 1207 3311 δημιουργοῦ

189 3313 247 3350 καὶ
265 3317 324 3351 τοῦ
341 3316 621 3368 ἄπαραλογίστου
638 3319 802 3358 δικαστοῦ
819 3319 876 3358 ἐπι
891 3323 955 3366 τῆς
968 3319 1104 3372 ἡμέρας
1118 3321 1205 3358 ἐκεί-

187 3388 248 3419 νης
274 3376 336 3420 τῆς
357 3376 504 3429 φοὸερᾶς
531 3379 743 3432 κρινομένῳ;
761 3382 884 3419 Ταῦτα
913 3380 1026 3418 τοίνυν
1056 3381 1204 3427 εἰδότες,

191 3435 381 3485 ἀγαπητοὶ,
399 3437 530 3486 μηδένα
544 3439 644 3489 λόγον
664 3439 845 3490 ποιώμεθα
861 3444 920 3480 τοῦ
936 3441 1031 3491 παρὰ
1055 3445 1122 3480 τῶν
1138 3445 1206 3480 ἀν-

1056 260 1217 292 GBNES.

186 1876 246 1898 ’ον
278 1860 468 1910 ἀκοῑμητον
496 1861 694 1912 Οφοαλμον,
729 1863 798 1899 ἐκεῖ
826 1875 1012 1911 τεῒαμενον
1044 1864 1118 1911 Εἶχε
1148 1876 1210 1907 της
1222 1843 1270 1908 229

1255 260 1409 291 nomn..
1448 259 1578 290 xxm.
2127 244 2218 303 245

1270 343 1413 381 beatum
1431 343 1563 380 Lucam
1577 341 1673 379 istud
1694 341 1809 393 ipsum
1824 341 1869 379 de
1883 342 2054 393 apostolis
2074 355 2218 378 narrar.-
2234 349 2304 379 [a.
2323 352 2349 380 5.
2369 350 2420 387 4z.

1273 412 1356 452 tem,
1369 404 1428 454 qui
1443 402 1610 454 flagellati
1622 416 1641 440 a
1654 401 1804 440 concilio
1812 401 2047 439 discesserunt
2062 402 2220 451 gaudeu-

1273 474 1386 513 tes,c0
1406 464 1500 515 qnod
1514 464 1612 514 digni
1634 463 1780 501 fuissent
1795 463 1907 501 babiti
1924 463 1983 514 qni
2000 476 2066 514 pro
2080 462 2222 499 nomine

1274 525 1407 562 Christi
1419 526 1549 562 ferrent
1566 524 1810 575 ignominiam.
1823 523 1982 562 Tametsi
1998 523 2135 574 flagella
2152 537 2219 560 nou

1226 594 1252 623 D
1274 585 1395 636 gaudii
1415 585 1485 622 sint
1504 585 1714 629 occasiones,
1734 584 1793 622 sed
1813 585 1964 623 tristitia:
1983 593 2016 623 et
2036 584 2196 622 moeroris
2213 600 2219 619 x

1274 645 1507 683 nihilominus
1539 645 1678 695 flagella
1717 655 1863 697 propter
1899 647 2032 693 Deum,
2052 653 2085 682 et
2117 658 2223 681 musa

1274 714 1419 757 propter
1430 719 1535 755 quam
1549 704 1834 755 flagellabantur,
1851 705 2023 755 gaudium
2042 705 2091 742 eis
2111 705 2223 756 parie-

1275 766 1375 803 bant.
1389 765 1472 802 Atii
1489 764 1551 815 qui
1568 764 1803 816 flagellarant,
1816 765 1851 803 in
1872 779 1999 815 magna
2015 765 2124 802 animi
2142 779 2223 802 con-

1276 825 1489 864 sternatione
1507 834 1537 863 ct
1561 825 1781 863 baesitatione
1801 825 2001 862 nesciebant
2024 824 2112 874 quid
2132 826 2224 862 face-

1277 896 1364 925 rent.
1387 886 1482 924 Audi
1501 886 1595 925 enim
1611 885 1708 934 illos,
1723 885 1904 935 quomodo
1919 893 1997 937 post
2016 885 2222 936 flagellatio-

1277 961 1357 986 nem
1371 947 1490 985 animo
1505 947 1694 995 fluctuent,
1709 955 1742 984 et
1755 945 1875 984 dicant
1893 962 1900 982 z
1923 947 2225 998 Quidfaciemus
2243 957 2312 985 Aa.
2328 958 2356 993 4.
2380 956 2425 982 1⁴3.

1277 1010 1496 1046 hominibus
1514 1011 1626 1046 istis?
1645 1007 1746 1053 Quid
1766 1006 1883 1044 dicis?
1905 1006 2147 1057 Flagellastis,
2166 1006 2224 1043 in-

1277 1069 1436 1108 numeris
1454 1068 1558 1106 malis
1574 1082 1630 1106 eos
1650 1067 1836 1116 affecistis,
1849 1077 1882 1105 et
1894 1067 2012 1105 adhuc
2029 1067 2226 1104 dubitatis?

1278 1131 1371 1168 Tam
1392 1130 1493 1168 fortis
1506 1129 1707 1180 invictaque
1719 1143 1774 1168 res
1789 1138 1841 1167 est
1851 1129 1967 1167 virtus
1977 1158 1987 1178 ,
2000 1137 2033 1167 et
2051 1127 2138 1166 dum
2154 1142 2222 1180 pa-

1278 1191 1378 1241 titur,
1395 1190 1560 1229 laedentes
1577 1189 1701 1229 vincit.

1332 1424 1369 1463 5.
1389 1423 1462 1463 Sed
1485 1437 1529 1463 ne
1556 1424 1733 1477 prolixior
1762 1424 1809 1463 sit
1835 1439 1973 1474 sermo,
1993 1425 2228 1464 necessarium

1278 1484 1384 1523 fuerit
1404 1494 1444 1523 ut
1464 1485 1594 1524 iterum
1612 1485 1660 1523 ad
1684 1486 1823 1536 justum
1842 1495 2004 1524 nostrum
2027 1485 2226 1529 redeamus,

1278 1555 1410 1584 etcum
1433 1555 1577 1598 stupore
1600 1545 1820 1585 admiremur
1846 1547 1943 1585 illius
1970 1547 2116 1586 virtutis
2139 1561 2229 1599 prae-

1279 1607 1466 1657 stantiam,
1481 1607 1663 1658 quomodo
1682 1621 1810 1660 nempe
1835 1608 2010 1660 populum
2034 1607 2230 1655 ridentem,

1279 1667 1539 1717 ludificantem,
1561 1667 1851 1717 subsannantem,
1873 1667 2117 1706 traducentem
2133 1671 2144 1715 (
2160 1669 2230 1705 ite-

1279 1742 1361 1765 rum.
1381 1728 1476 1765 enim
1494 1727 1618 1766 eadem
1635 1727 1766 1765 dico-et
1780 1727 1899 1766 dicere
1909 1742 1978 1765 non
1998 1728 2156 1776 cessabo)
2168 1728 2229 1766 de-

1281 1788 1415 1841 spicere
1426 1797 1460 1826 et
1478 1802 1644 1840 superare
1663 1788 1833 1841 potuerit.
1849 1788 2064 1836 Quomodo?
2082 1788 2156 1839 Ego
2170 1789 2232 1826 di-

1282 1862 1371 1887 cam.
1391 1848 1486 1895 Quia
1508 1849 1675 1886 continuo
1700 1847 1746 1885 ad
1765 1848 1909 1886 oculum
1932 1848 2052 1897 illum,
2071 1849 2132 1899 qui
2156 1849 2231 1886 salli

1281 1913 1462 1965 sopirique
1490 1913 1628 1963 nequit,
1655 1921 1772 1951 mente
1807 1912 1983 1964 respexit,
2008 1921 2127 1964 postea
2158 1913 2231 1950 lnaec

1280 1974 1400 2012 omnia
1413 1973 1512 2024 quasi
1527 1986 1596 2011 non
1609 1982 1722 2012 essent
1737 1973 1888 2011 curavit.
1903 1972 1951 2010 Et
1965 1973 2120 2025 profecto
2133 1973 2183 2010 sic
2195 1987 2232 2012 sc

1281 2050 1337 2074 res
1349 2035 1470 2085 habet,
1482 2043 1521 2072 ut
1534 2047 1615 2071 eum
1627 2034 1707 2084 quis
1719 2033 1786 2071 hoc
1795 2047 1914 2070 amore
1925 2033 2067 2071 saucius
2079 2042 2141 2081 est,
2149 2043 2181 2071 et
2194 2034 2229 2071 in

1280 2097 1399 2136 Deum
1416 2095 1593 2134 desiderio
1613 2108 1677 2133 suo
1694 2093 1820 2143 tendit,
1839 2092 1932 2130 nihil
1952 2093 2152 2132 visibilium
2173 2095 2229 2132 vi—

1279 2158 1377 2208 deat;
1397 2157 1458 2197 sed
1470 2165 1641 2210 perpetuo
1654 2169 1736 2194 eum
1750 2169 1856 2206 quem
1868 2154 2046 2193 desiderat
2060 2155 2229 2207 imagine-

1279 2228 1350 2268 tur,
1357 2227 1459 2256 nocte
1472 2217 1606 2255 scilicet
1615 2224 1721 2267 atque
1730 2215 1804 2265 die,
1815 2215 1949 2253 cubans
1960 2224 1993 2253 et
2003 2229 2161 2267 surgens,
2178 2216 2231 2253 Ne

1277 2279 1388 2332 igitur
1406 2279 1540 2317 mirum
1570 2276 1636 2315 tibi
1661 2277 1727 2327 sit,
1746 2275 1776 2314 si
1798 2285 1832 2314 et
1848 2276 1966 2328 justus
1985 2276 2047 2314 ille
2064 2277 2172 2314 semel
2190 2291 2231 2322 eo

1276 2341 1392 2381 solum
1402 2339 1607 2392 respiciens,
1628 2352 1698 2376 non
1708 2337 1847 2376 curavit
1861 2351 1918 2375 eos
1933 2338 1994 2388 qni
2004 2338 2230 2390 supplantare

1276 2403 1398 2456 ipsum
1416 2401 1647 2440 conabantur.
1668 2400 1762 2437 Nam
1779 2393 1942 2437 exhibito
1961 2398 2080 2437 studio
2099 2414 2177 2449 suo,
2196 2410 2228 2438 et

1276 2464 1440 2504 divinam
1458 2462 1610 2516 gra-tiam
1628 2469 1753 2499 nactus
1768 2490 1778 2508 ,
1798 2460 1855 2498 his
1878 2459 2044 2497 omnibus
2066 2462 2228 2512 superior

1232 2538 1254 2568 Β
1277 2535 1363 2565 erat.
1380 2527 1466 2564 Νοέ
1483 2523 1590 2571 enim,
1606 2520 1735 2571 inquit,
1750 2523 1898 2558 invenit
1911 2522 2079 2571 gratiam
2095 2535 2225 2558 coram

1277 2589 1447 2626 Domino
1469 2585 1567 2625 Deo.
1592 2580 1752 2619 Tametsi
1766 2580 1863 2618 omni
1882 2580 2068 2617 hominum
2088 2583 2224 2631 geneii,

1273 2648 1372 2701 quod
1386 2657 1471 2685 tunc
1485 2653 1577 2692 erat,
1587 2656 1657 2681 non
1671 2650 1759 2680 esset
1775 2649 1911 2693 gratus,
1923 2654 2035 2692 neque
2047 2642 2223 2689 amabilis,

1273 2724 1314 2749 eo
1330 2707 1427 2761 quod
1449 2705 1593 2744 nolebat
1618 2702 1780 2741 eamdem
1806 2700 1971 2739 incedere
1986 2702 2221 2770 νίειπι,ι]ιι3ηι

1272 2771 1351 2808 illi:
1364 2766 1461 2821 apud
1475 2779 1556 2804 enm
1570 2773 1687 2802 tamen
1701 2761 1764 2813 qui
1780 2760 1886 2800 corda
1898 2771 2075 2800 scrutatur
2086 2763 2222 2802 invenit

1273 2830 1438 2884 gratiam,
1450 2827 1511 2878 qui
1523 2825 1662 2864 et1111us
1674 2832 1828 2861 mentem
1838 2823 2062 2875 approbavit.
2076 2825 2222 2876 thuid

1272 2890 1413 2939 damni,
1429 2888 1505 2936 dic,
1523 2885 1714 2929 miebatur,
1727 2882 1823 2934 quod
1835 2897 1854 2921 a
1867 2885 2124 2936 congeneribus
2137 2888 2222 2924 sub-

1272 2959 1480 2992 sannaretur
1507 2956 1541 2986 et
1569 2944 1777 2984 imideretur
1804 2959 1813 2980 τ
1841 2957 1923 2983 cum
1957 2945 1993 2984 is
2021 2946 2083 2997 qui
2116 2948 2221 2986 finxit

1273 3013 1378 3052 corda
1398 3019 1532 3056 nostra,
1551 3016 1585 3046 et
1614 3004 1780 3057 intelligit
1807 3006 1927 3051 omnia
1950 3019 2057 3059 opera
2084 3018 2219 3054 nostra,

1273 3072 1481 3127 praedicaret
1499 3069 1603 3106 illum
1633 3075 1668 3106 et
1699 3066 1903 3104 coronaret?
1925 3076 1958 3105 et
1983 3081 2060 3118 qua:
2088 3069 2222 3107 utilitas

1273 3133 1428 3181 homini,
1448 3132 1477 3169 si
1496 3131 1614 3182 ipsum
1636 3137 1730 3166 totus
1755 3127 1852 3166 orbis
1875 3127 2073 3166 admiretur
2091 3139 2122 3167 et
2143 3130 2220 3168 lau-

1274 3196 1356 3245 det,
1376 3191 1549 3232 Conditor
1568 3198 1687 3227 autem
1705 3187 1886 3237 omnium,
1905 3197 1938 3227 et
1954 3188 2072 3228 Judex
2086 3191 2147 3241 qui
2162 3191 2221 3229 de-

1228 3266 1252 3296 C
1275 3257 1347 3309 cipi
1365 3254 1515 3305 nequit,
1541 3251 1576 3289 in
1595 3250 1655 3288 die
1672 3249 1734 3287 illo
1752 3249 1905 3287 terribili
1925 3249 2222 3289 condemnatum<

1277 3317 1507 3365 sit?ltaque,
1535 3310 1681 3356 dilecti,
1710 3323 1791 3347 cum
1821 3309 1897 3347 haec
1925 3310 2027 3348 nobis
2048 3323 2222 3363 compen:

1279 3380 1362 3427 sint,
1380 3375 1514 3413 nullius
1532 3373 1631 3424 pensi
1650 3370 1843 3409 habeamus
1862 3370 2046 3408 hominum
2066 3371 2224 3417 laudeni,

1280 3451 1392 3488 neque
1424 3436 1468 3473 ab
1501 3433 1573 3472 illis
1605 3431 1773 3470 celebrari
1803 3431 1930 3481 quovis
1959 3431 2062 3468 modo
2084 3446 2221 3481 quma-
