2516 3791
109 1547 182 1577 Cen.
201 1559 226 1577 2.
242 1551 290 1586 22.

314 160 409 219 624
734 177 773 208 s.
811 175 998 207 som-ms
1036 173 1280 205 cunvsosr.

1320 174 1524 203 ARCHIEP.
1563 173 1906 204 CONSTANTINOP
1915 195 1923 204 .

311 273 397 297 num
418 276 424 295 :
446 274 528 297 cum
546 269 664 297 autem
678 259 799 297 ethaeo
811 258 1001 304 accedant,
1021 266 1093 294 tam
1107 267 1186 305 quae
1203 253 1258 290 vi-
1282 257 1306 285 D
1332 257 1400 291 τῶν
1420 256 1560 292 παθῶν·
1581 255 1662 294 ὅταν
1683 256 1719 294 δὲ
1736 257 1794 294 καὶ
1813 261 1965 295 τοσαῦτα
1984 251 2006 308 ἦ
2030 257 2073 295 τὰ
2094 256 2150 294 διὰ
2168 260 2230 304 τῆς
2243 258 2354 310 ὅψεως

311 317 464 369 dentur,
490 333 598 369 quam
619 333 696 369 quae
717 318 931 364 audiuntur,
953 315 1041 352 dum
1061 313 1180 364 majus
1201 325 1258 348 30-

312 377 473 415 cenditur
488 377 704 426 incendium,
715 387 748 415 et
757 378 884 414 fornax
895 371 1260 424 concupiscentiarum

311 439 427 489 magis
453 438 717 485 inflammatur,
744 433 922 487 quomodo
957 446 1027 471 non
1060 446 1203 485 pessum
1232 431 1260 468 it

311 498 539 538 adolescentis
567 499 715 537 anima?
738 497 832 534 Hinc
853 495 946 534 enim
965 494 1083 533 omnia
1113 501 1260 546 pereunt

312 568 345 596 et
363 569 640 612 corrumpuntur
662 574 669 594 :
692 557 776 608 quia
795 557 840 594 ab
859 555 960 594 initio
979 555 1120 594 castitas
1139 568 1260 592 eorum

313 619 372 670 qui
390 620 479 657 inter
497 634 533 657 se
546 618 753 656 conventuri
772 626 854 655 sunt
869 625 1107 670 oppugnatur,
1125 624 1158 653 et
1171 628 1262 667 saepe

313 679 662 733 1111ωο1110111101115,
676 679 789 717 oculis
809 679 931 717 videns
946 677 1261 725 incontinentibus,

313 742 382 779 telo
413 741 590 779 diabolico
623 741 660 778 in
685 740 802 778 anima
830 740 1064 778 vulneratur:
1083 748 1116 776 01
1143 737 1262 790 puella

313 822 374 857 per
398 820 437 843 ea
459 820 536 857 quae
555 805 656 843 audit
677 813 711 843 et
734 805 835 843 videt
855 803 995 856 captiva
1016 803 1080 852 slt,
1105 811 1138 840 et
1155 802 1201 839 ab
1223 815 1262 839 eo

312 868 371 906 (110
391 876 509 920 1105103
542 877 703 905 crescunt
723 866 871 905 wtlnera
886 896 895 913 ,
916 866 1101 917 majusque
1121 863 1161 901 fit
1183 877 1259 900 ma-

311 931 398 968 lum.
416 929 559 967 Etenim
569 929 668 966 illinc
678 928 798 966 statim
813 937 845 965 et
862 936 1023 964 mutuam
1037 924 1262 964 concordiam
1297 936 1308 965 ζ

311 992 524 1039 dilacerant,
545 1000 578 1028 et
596 1003 752 1027 amorem
772 987 971 1026 debilitant.
997 985 1149 1033 Quando
1170 986 1262 1023 enim

313 1054 374 1092 1110
396 1062 550 1091 mentem
568 1051 612 1090 ad
634 1051 742 1089 aliam
763 1049 892 1099 vertit,
911 1049 995 1087 hinc
1016 1058 1049 1086 ct
1068 1047 1149 1085 inde
1168 1047 1263 1085 divi-

313 1115 399 1152 dens
414 1114 585 1163 animum,
598 1127 616 1150 3
630 1112 774 1150 diabolo
795 1111 870 1163 ipso
885 1110 1026 1159 ductus,
1039 1109 1152 1146 multa
1166 1123 1262 1146 ama-

313 1175 468 1213 ritudine
487 1174 634 1212 domum
654 1173 787 1226 implet.
809 1171 915 1218 Quod
941 1171 970 1209 si
990 1179 1021 1209 01
1040 1170 1102 1207 1113
1122 1184 1260 1222 00111110-

311 1237 404 1275 1·11111·
418 1237 467 1275 113
480 1236 604 1274 affecta
618 1249 703 1282 esse,
717 1249 763 1273 ex
774 1234 860 1287 ipsis
873 1231 1113 1271 fundamentis
1129 1232 1259 1281 omnia,

313 1298 410 1336 111113
424 1298 558 1347 dicam,
569 1297 827 1334 subvertuntur
840 1304 977 1347 :postea
994 1293 1082 1331 alter
1093 1292 1138 1329 ab
1151 1291 1261 1330 altero

309 1359 530 1409 occultatur,
557 1368 591 1396 et
623 1358 683 1396 1110
708 1356 852 1408 quidem
877 1355 1070 1408 suspiciose
1099 1354 1261 1393 observat

310 1434 477 1470 uxorem,
492 1429 525 1457 et
539 1418 704 1457 similiter
720 1418 782 1455 illa
795 1417 926 1456 virum.
945 1419 1059 1467 Atque
1075 1415 1137 1453 ubi
1154 1429 1257 1467 opor-

307 1482 404 1520 tebat
417 1480 643 1520 concordiam
659 1494 731 1517 0550
750 1488 783 1516 01
801 1478 964 1530 copulam
979 1507 989 1526 ,
1007 1477 1139 1529 quippe
1152 1476 1257 1515 debe<

308 1542 394 1580 bant
413 1556 486 1580 esse
508 1555 588 1578 caro
611 1554 680 1577 una
714 1540 863 1585 (Erunt
883 1537 1000 1587 enim,
1022 1537 1160 1588 inquit,
1181 1539 1257 1575 duo

1332 313 1391 352 καὶ
1407 313 1464 352 διὰ
1479 318 1542 361 τῆς
1556 316 1662 362 ἅκοῆς
1675 318 1924 370 δαψιλεστέραν
1942 317 2138 356 ἀνάπτοντα
2150 317 2211 363 τὴν
2227 319 2353 371 πυρὰν,

1332 375 1390 413 καὶ
1415 374 1477 421 τὴν
1507 375 1652 426 κάμινον
1672 381 1740 415 τῶν
1769 381 1888 416 παθῶν
1910 379 2192 431 φλογωδεστέραν
2213 380 2354 432 ἐργαζό-

1333 452 1432 487 μενα,
1453 439 1526 480 πῶς
1545 436 1622 489 οὐχὶ
1644 438 1861 491 ὓποὸρύχιος·
1876 443 1898 486 ἡ
1917 444 1977 478 τοῦ
1997 441 2073 479 νέου
2091 439 2188 492 ψυχὴ
2207 440 2352 491 γενήσε-

1331 514 1406 545 ται;
1428 498 1606 536 Ἐντεῦθεν
1625 497 1694 550 γὰρ
1713 500 1851 538 ἅπαντα
1871 501 2030 539 ἀπόλωλε
2059 502 2118 539 καὶ
2138 501 2352 553 διέφθαρται,

1333 560 1402 598 ἀπὸ
1426 563 1484 598 τοῦ
1510 558 1573 606 τὴν
1594 560 1817 613 σωφροσύνην
1837 561 1870 605 ἐξ
1891 565 2000 613 ἀρχῆς
2025 562 2260 614 διορύττεσθαι
2286 565 2354 599 τῶν

1334 621 1529 670 μελλόντων
1544 620 1707 666 ἀλλήλοις
1722 621 1890 660 συνιέναι·
1907 623 1966 660 καὶ
1979 623 2147 667 πολλάκις
2161 625 2200 661 ἐκ
2212 622 2356 677 πρώτης

1333 682 1466 734 ἡμέρας
1498 684 1557 720 καὶ
1589 686 1606 721 ὁ
1632 682 1705 727 νέος
1733 683 1870 728 ἐδέξατο
1906 684 2004 735 βέλος
2037 685 2222 723 σατανικὸν
2250 688 2283 724 ἓν
2310 688 2353 736 τῇ

1333 746 1449 795 ψυχῇ,
1477 745 1682 788 ἀκολάστοις
1704 743 1790 791 ἰδὼν
1816 747 2023 797 ὀφθαλμοῖς,
2043 745 2102 783 καὶ
2127 749 2149 792 ἡ
2177 746 2263 798 κόρη
2295 745 2354 784 καὶ

1333 804 1390 842 διὰ
1406 809 1469 852 τῆς
1490 809 1596 853 ἀκοῆς
1614 805 1673 844 καὶ
1695 805 1751 844 διὰ
1775 810 1836 853 τῆς
1859 807 1970 858 ὄψεως
1989 806 2211 859 αἰχμάλωτος
2224 807 2355 859 γέγονε,

1333 866 1392 904 καὶ
1410 870 1520 904 ταῦτα
1536 866 1569 911 ἐξ
1593 867 1725 915 ἐκείνης
1740 868 1860 906 λοιπὸν
1872 870 1934 913 τῆς
1954 868 2086 922 ἡμέρας
2107 868 2152 907 τὰ
2169 869 2356 922 τραύματα

1333 926 1548 979 αὐξανόμενα
1567 931 1681 978 μεῖζον
1699 929 1883 981 ἐργάζεται
1897 929 1936 967 τὸ
1951 929 2071 968 κακόν.
2092 930 2161 967 Καὶ
2175 930 2243 982 γὰρ
2261 933 2355 983 πρῶ·

1333 1003 1390 1026 τον
1410 988 1472 1038 μὲν
1488 988 1552 1034 τὴν
1567 989 1652 1040 πρὸς
1673 989 1843 1035 ἀλλήλους
1863 992 1974 1028 αὐτῶν
1992 990 2151 1041 ὁμόνοιαν
2171 991 2355 1043 διορύττει,

1332 1049 1391 1087 καὶ
1415 1050 1471 1087 τὸν
1492 1049 1594 1088 πόθον
1621 1050 1886 1104 καταμαραίνει.
1907 1051 2020 1089 ”Οταν
2045 1051 2113 1104 γὰρ
2130 1052 2216 1106 πρὸς
2235 1053 2355 1106 ἑτέραν

1333 1114 1459 1154 ἐκεῖνος
1481 1114 1618 1164 προσχῇ
1639 1115 1681 1162 τῇ
1702 1110 1858 1162 διανοίᾳ,
1880 1105 1948 1150 ὧδε
1971 1116 2113 1151 κάκεῖσε
2134 1112 2356 1167 μεριζόμενος

1332 1173 1389 1211 τὸν
1408 1174 1594 1224 λογισμὸν,
1619 1173 1679 1212 καὶ
1704 1172 1771 1211 ὑπὸ
1797 1177 1856 1212 τοῧ
1881 1173 2043 1211 διαὸόλου
2072 1176 2177 1212 αὐτοῦ
2206 1190 2356 1228 στρατη-

1330 1233 1513 1285 γούμενος,
1534 1237 1667 1282 πολλῆς
1687 1235 1810 1282 ἀηδίας
1830 1233 2009 1287 πληρώσει
2023 1234 2086 1282 τὴν
2107 1235 2233 1274 οἰκίαν.
2255 1237 2299 1274 Εἰ
2319 1236 2355 1275 δὲ

1331 1295 1473 1343 κάκείνη
1497 1297 1650 1348 εὑρεθείη
1673 1296 1825 1335 τοιοῦτόν
1846 1312 1879 1333 τι
1899 1299 2078 1343 παθοῦσα,
2104 1296 2137 1341 ἐξ
2156 1298 2289 1344 αὐτῶν,
2309 1299 2356 1340 ὡς

1331 1358 1459 1404 εἰπεῖν,
1475 1361 1544 1395 τῶν
1567 1358 1702 1409 βάθρων
1728 1357 1866 1395 ἅπαντα
1886 1356 2135 1408 ἀνατρέπεται,
2155 1356 2214 1395 καὶ
2235 1358 2356 1397 λοιπὸν

1331 1418 1502 1464 ἀλλήλους
1516 1419 1726 1471 κρύπτοντες
1739 1449 1748 1467 ,
1768 1422 1785 1456 ὃ
1806 1417 1868 1468 μὲν
1887 1418 1929 1455 δι’
1947 1418 2097 1470 ὑποψίας
2118 1419 2190 1471 ἔχει
2205 1418 2268 1465 τὴν
2286 1435 2355 1470 γα·-

1330 1478 1450 1529 μετὴν,
1485 1497 1506 1527 η
1536 1480 1572 1517 δὲ
1602 1480 1659 1518 τὸν
1692 1480 1811 1531 ἄνδρα.
1849 1479 1916 1517 Καὶ
1948 1479 2028 1517 ἔνθα
2057 1482 2162 1532 ἐχρῆν
2195 1479 2356 1530 ὁμόνοιαν

1329 1536 1414 1580 εἶναι
1436 1542 1494 1580 καὶ
1514 1541 1714 1592 σύνδεσμον,
1731 1541 1790 1579 καὶ
1811 1542 1841 1577 οἱ
1860 1540 2051 1593 ὀφείλοντες
2072 1541 2156 1594 σὰρξ
2183 1535 2271 1580 εἶναι
2291 1542 2355 1593 μία

307 1606 347 1640 ill
367 1616 523 1640 ίἸῑΓῙὶθΠῑ
545 1615 664 1638 unam
683 1605 715 1648 >5
737 1599 775 1635 lll
798 1598 834 1635 ln
861 1606 955 1635 tanta
974 1598 1103 1637 VlVUssl.
1121 1597 1257 1635 (llSSCss-
1267 1632 1315 1658 540
1329 1602 1518 1652 (⁹E00vt22
1535 1603 1623 1655 γὰρ,
1650 1603 1768 1654 φησὶν,
1787 1605 1818 1640 οἱ
1846 1601 1906 1640 δύο
1923 1604 1969 1645 εἷς
1990 1601 2103 1653 σάρκα
2128 1602 2244 1652 μίαν),
2261 1597 2354 1642 οὗτοι

305 1664 401 1701 sione
408 1693 418 1713 ,
435 1662 535 1714 (111351
552 1660 701 1713 sejuncti
723 1668 846 1697 essent.
868 1658 1042 1696 Diabolus
1061 1658 1155 1695 enim
1176 1658 1256 1695 sub-
1279 1670 1305 1696 A
1329 1667 1362 1702 ἐν
1383 1664 1533 1715 τοσαύτῃ
1555 1664 1720 1714 διαιρέσει
1735 1663 1986 1714 τυγχάνουσιν,
2005 1665 2053 1705 ὡς
2068 1665 2096 1700 εἷ
2122 1664 2182 1700 καὶ
2206 1679 2354 1702 κατατε-

303 1726 480 1776 ingressus
498 1732 632 1761 tantam
657 1722 692 1759 111
720 1720 770 1758 015
787 1719 980 1772 perniciem
1012 1728 1198 1771 operatur,
1219 1728 1258 1757 ut

303 1783 519 1834 (1301111130ῑο
546 1795 675 1835 pugnae
710 1781 801 1817 inter
836 1793 893 1817 eos
928 1788 1129 1829 nascantur,
1167 1788 1201 1817 et
1236 1794 1255 1816 3

304 1845 406 1883 1113115
431 1858 627 1894 numquam
659 1842 814 1879 babeant
833 1841 1003 1891 quietem.
1041 1841 1140 1888 Quid
1160 1841 1254 1879 enim

300 1907 380 1958 quis
399 1906 530 1944 dixerit
560 1903 736 1956 quomodo
769 1912 888 1955 postea
919 1917 938 1940 a
967 1903 1113 1941 famulis
1137 1913 1254 1942 conte-

302 1977 486 2018 mnantur,
510 1965 689 2018 quomodo
715 1979 735 2002 a
756 1964 884 2003 vicinis
914 1963 1124 2015 1·1(103111111·,
1147 1980 1253 2016 quam

301 2030 395 2067 foeda
406 2028 616 2082 operentur?
634 2028 727 2065 Nam
741 2026 831 2064 sicut
844 2025 986 2076 quando
1002 2027 1255 2077 gubernatores

303 2091 394 2128 inter
426 2105 461 2127 se
489 2089 679 2137 dissident,
713 2087 819 2125 etiam
845 2087 906 2138 qui
935 2087 1018 2126 navi
1047 2087 1251 2137 vehuntur,

304 2165 370 2188 una
401 2150 665 2202 periclitantur,
686 2162 726 2186 ac
744 2148 871 2186 timent
890 2161 932 2185 ne
952 2161 1034 2185 cum
1061 2148 1144 2188 navi
1168 2149 1251 2186 sub-

302 2221 507 2263 mergantur
531 2227 537 2247 :
560 2211 607 2247 ita
637 2210 765 2257 ethic,
785 2210 816 2247 si
848 2208 1027 2247 discordes
1054 2210 1124 2247 sint
1142 2210 1201 2249 vir
1219 2220 1252 2248 et

301 2272 452 2323 mulier,
481 2284 695 2322 consequens
726 2278 777 2307 est
807 2283 927 2307 omnes
954 2269 1015 2320 qui
1043 2270 1141 2322 apud
1171 2270 1251 2309 illos

300 2343 382 2372 sunt
403 2333 595 2386 participes
621 2345 694 2370 esse
712 2330 900 2368 malorum.
923 2331 1112 2383 Propterea
1132 2345 1193 2370 oro
1212 2342 1250 2370 ut

299 2395 374 2433 haec
399 2395 516 2432 omnia
539 2392 791 2446 praevidenteS,
814 2391 1104 2430 consuetudinem
1130 2407 1172 2431 ne
1194 2407 1248 2431 se<

301 2455 454 2494 0101111111.
477 2455 558 2493 Scio
575 2454 668 2492 enim
687 2453 818 2491 multos
836 2462 1018 2505 receptum
1033 2467 1167 2491 morem
1188 2455 1250 2493 ob-

299 2516 462 2568 tendere,
489 2531 602 2567 neque
631 2515 805 2568 patienter
832 2513 923 2551 ferre
942 2523 981 2552 ut
1000 2514 1078 2552 haec
1104 2529 1122 2552 a
1151 2516 1252 2554 nobis

299 2579 464 2616 dicantur
493 2594 499 2614 :
531 2587 684 2615 attamen
704 2589 841 2613 necesse
859 2583 910 2613 est
937 2583 975 2614 ut
994 2590 1056 2613 nos
1077 2576 1178 2614 utilia
1197 2577 1251 2615 di-

299 2654 417 2677 camus
430 2670 441 2690 ,
459 2649 492 2677 01
511 2653 588 2690 quae
608 2638 689 2676 illos
708 2651 726 2675 a
750 2637 870 2675 futuro
889 2636 1065 2690 supplicio
1084 2637 1247 2677 liberent.

300 2702 371 2740 [sbi
392 2702 486 2739 enim
504 2710 638 2739 tantum
656 2699 782 2737 animae
798 2698 990 2746 damnum,
1007 2714 1077 2750 qua
1091 2699 1134 2738 de
1147 2714 1250 2739 causa

300 2763 387 2800 mihi
401 2761 692 2800 consuetudinem
702 2769 897 2813 praetexere
909 2759 1039 2797 audes?
1054 2759 1145 2799 Ecce
1158 2762 1252 2799 enim

298 2833 330 2860 01
349 2838 412 2874 ego
427 2823 491 2861 tibi
507 2821 799 2860 consuetudinem
813 2821 994 2859 meliorem
1009 2821 1156 2874 objicio,
1174 2837 1251 2874 quae

299 2884 394 2938 apud
425 2893 558 2922 veteres
589 2892 681 2931 erat,
708 2881 850 2932 quando
879 2881 1037 2919 nondum
1065 2891 1162 2920 131113
1183 2883 1251 2935 piae

300 2945 483 2997 religionis
504 2954 577 2982 erat
604 2943 748 2995 agnitio.
775 2942 821 2980 Et
839 2956 884 2980 nc
901 2944 1040 2995 justum
1062 2943 1121 2981 hic
1140 2944 1250 2983 Jacob

301 3021 436 3049 tantum
461 3008 612 3059 cogites,
633 3007 692 3045 scd
719 3016 752 3045 ct
776 3007 899 3044 Laban
925 3005 1043 3045 adhuc
1071 3006 1249 3046 idolorum

296 3072 407 3110 cultui
427 3071 607 3118 deditum,
630 3083 692 3107 nec
710 3069 767 3106 vel
787 3068 969 3107 minimam
990 3084 1082 3109 vcrae
1102 3070 1244 3121 religio—

1329 1725 1501 1776 τμημένοι
1521 1719 1624 1771 ἦσαν.
1641 1723 1878 1762 Ἔπεισελθὼν
1894 1722 1961 1775 γὰρ
1978 1727 1995 1761 ὃ
2011 1723 2170 1768 διάὲολος
2183 1724 2353 1773 τοσαύτην

1328 1788 1362 1823 ἓν
1395 1788 1510 1829 αὐτοῖς
1540 1785 1723 1839 ἐργάζεται
1757 1784 1821 1831 τὴν
1855 1784 1985 1835 λύμην,
2018 1787 2064 1828 ὡς
2093 1785 2266 1837 πολέμους
2296 1788 2355 1826 καὶ

1329 1847 1445 1899 μάχας
1464 1847 1697 1899 καθημερινὰς
1718 1846 1910 1892 τίκτεσθαι,
1926 1846 1986 1884 καὶ
2006 1847 2181 1896 μηδέποτε
2199 1848 2354 1887 ἀνάπαυ-

1327 1911 1390 1947 λαν
1409 1909 1501 1961 ἔχειν
1518 1913 1586 1947 τῶν
1606 1911 1736 1946 κακῶν.
1754 1909 1786 1946 T
1791 1908 1801 1945 ι’
1822 1907 1889 1959 γὰρ
1910 1907 1950 1944 ἄν
1970 1923 2022 1951 τις
2040 1906 2133 1946 εἴποι
2152 1909 2271 1947 λοιπὸν
2284 1913 2353 1948 τῶν

1327 1973 1468 2008 οἰκετῶν
1488 1970 1550 2014 τὰς
1575 1970 1870 2022 καταφρονήσεις,
1900 1972 1968 2007 τῶν
1994 1969 2142 2015 πλησίον
2170 1970 2354 2009 οἰκούντων

1326 2032 1383 2069 τὸν
1413 2032 1571 2082 γέλωτα,
1604 2032 1664 2074 τὰς
1699 2030 1967 2082 ἀσήημοσύνας,
1992 2030 2159 2083 Καθάπερ
2186 2031 2255 2085 γὰρ
2282 2036 2352 2072 τῶν

1325 2093 1545 2145 κυέερνητῶν
1589 2091 1842 2136 στασιαζόντων
1877 2091 1937 2129 καὶ
1971 2094 2002 2129 οἱ
2040 2093 2248 2142 ἐμπλέοντες
2282 2096 2351 2132 τῶν

1326 2155 1490 2192 κινδύνων
1512 2153 1808 2200 συναπολαύουσι,
1831 2153 1890 2191 καὶ
1917 2152 2104 2204 αὔτανδρον
2128 2155 2262 2206 ἀνάγκη
2288 2155 2350 2202 τὴν

1323 2219 1404 2253 ναῧν
1424 2218 1762 2261 καταποντισθῆναι·
1784 2213 1873 2252 οὕτω
1891 2213 1931 2260 δὴ
1953 2215 2010 2252 καὶ
2033 2217 2197 2263 ἐνταῦθα,
2214 2220 2274 2255 τοῦ
2292 2220 2350 2255 ἀν-

1322 2277 1400 2328 δρὸς
1416 2277 1474 2315 καὶ
1490 2279 1551 2321 τῆς
1564 2277 1724 2326 γυναικὸς
1738 2275 1822 2327 πρὸς
1838 2276 2007 2322 ἀλλήλους
2023 2277 2348 2326 διαστασιαζόντων,

1323 2338 1380 2375 καὶ
1416 2338 1494 2381 τοὺς
1514 2338 1638 2379 ἄλλους
1662 2337 1818 2380 ἅπαντας
1851 2336 2102 2375 συναπολαύειν
2127 2340 2196 2375 τῶν
2231 2343 2348 2378 κακῶν

1323 2399 1423 2442 εἰκός.
1449 2399 1515 2436 Διά
1544 2402 1644 2436 τοῦτο
1670 2399 1878 2451 παρακαλῶ,
1897 2401 2006 2436 ταῦτα
2032 2398 2169 2436 ἅπαντα
2188 2401 2347 2453 προορω-

1325 2462 1444 2512 μένους
1472 2460 1520 2511 μὴ
1549 2463 1591 2510 τῇ
1616 2459 1778 2513 συνηθείᾳ
1797 2462 2078 2498 κατακολουθεῖν.
2101 2454 2192 2500 Οἶδα
2211 2461 2278 2514 γὰρ
2296 2463 2347 2501 ὅτι

1322 2522 1443 2560 πολλοὶ
1470 2521 1602 2567 ταύτην
1637 2524 1722 2571 ἡμῖν
1753 2520 2030 2572 προῦαλλόμενοι
2059 2521 2136 2560 οὐδὲ
2165 2522 2347 2575 ἀνέχονται

1322 2587 1389 2621 τῶν
1409 2585 1490 2634 παρ’
1511 2585 1610 2633 ἡμῶν
1635 2582 1831 2633 λεγομένων
1847 2598 1855 2605 ·
1876 2581 1954 2620 ἀλλ’
1973 2582 2066 2634 ὅμως
2093 2586 2184 2634 ἡμᾶς
2213 2583 2346 2636 ἀνάγκη

1321 2646 1364 2683 τὰ
1381 2646 1543 2691 λυσιτελῆ
1565 2643 1622 2682 καὶ
1644 2643 1687 2681 τὰ
1707 2645 1768 2689 τῆς
1789 2643 1981 2693 μελλούσης
2000 2644 2176 2687 κολάσεως
2198 2644 2347 2698 ἐξαρπά-

1324 2709 1424 2750 ζοντα
1452 2705 1574 2757 λέγειν.
1596 2705 1714 2744 ζὈπου
1731 2704 1797 2756 γὰρ
1815 2704 1910 2755 λύμη
1930 2705 2082 2751 τοσαύτη
2104 2707 2232 2758 ψυχῆς,
2259 2706 2350 2751 τίνος

1323 2767 1435 2805 ἕνεκέν
1479 2782 1537 2817 μοι
1574 2767 1754 2813 συνήθειαν
1793 2765 1909 2817 βούλει
1947 2766 2227 2819 προδοίλλεσθαι;
2260 2768 2347 2806 Ἰδοὺ

1323 2827 1420 2878 κάγὼ
1450 2827 1631 2874 συνήθειάν
1661 2843 1714 2866 σοι
1744 2827 1991 2878 προὸάλλομαι
2019 2827 2196 2877 βελτίονα,
2214 2822 2238 2879 ’ᾗ
2259 2830 2289 2865 οἱ
2314 2828 2347 2872 ἐξ

1324 2891 1434 2940 ἀρχῆς
1454 2888 1663 2940 ἐκέχρηντο,
1683 2887 1738 2925 ὅτε
1760 2888 1895 2925 οὐδέπω
1913 2887 2067 2933 τοσαύτη
2083 2891 2208 2939 γνῶσις
2223 2883 2265 2935 ἦν
2286 2891 2348 2935 τ’ἧς

1323 2948 1508 2991 εὐσεὸείας.
1528 2949 1598 2986 Καὶ
1618 2949 1666 2999 μή
1699 2965 1758 2999 μοι
1785 2949 1842 2986 τὸν
1867 2949 1998 2986 δίκαιον
2022 2950 2167 2987 ἐνταῦθα
2195 2950 2346 3001 λογίζου,

1321 3009 1400 3046 ’Ἰτον
1419 3008 1547 3046 Ἰακὼέ
1563 3008 1667 3060 λέγω,
1695 3008 1785 3046 ἀλλὰ
1810 3007 1869 3045 τὸν
1892 3007 2013 3045 Αάὲαν
2033 3008 2152 3054 ἐννόει,
2172 3009 2281 3062 ἄνδρα
2296 3009 2347 3047 ἔτι

1317 3073 1386 3109 τοῖς
1424 3066 1579 3110 εἰδώλοις
1619 3065 1906 3118 προσανέχοντα,
1934 3066 1993 3103 καὶ
2029 3067 2192 3117 οὐδεμίαν
2219 3071 2347 3119 γνῶσιν

295 3133 349 3169 nis
367 3130 526 3169 notitiam
547 3128 732 3165 habentem
748 3158 757 3175 ‚
776 3137 808 3165 01
827 3137 943 3165 13111011
964 3138 1101 3166 tantam
1123 3143 1194 3180 prae
1210 3143 1245 3167 50
1271 3143 1293 3172 (j
1322 3129 1445 3180 ἔχοντα
1471 3132 1531 3175 τῆς
1558 3127 1748 3175 εὐσεὸείας,
1775 3127 1834 3165 καὶ
1854 3127 2025 3175 τοσαύτην
2046 3129 2249 3181 φιλοσοφίαν
2267 3132 2346 3169 ἐπι-

294 3196 458 3231 sere-utem
480 3189 754 3242 philosophiam
786 3190 905 3239 Neque
925 3189 1017 3227 cuim
1041 3189 1115 3227 haec
1135 3190 1242 3228 hone-

292 3264 362 3291 stas
381 3254 456 3304 ejus
472 3260 564 3291 crat,
587 3249 647 3299 qui
668 3249 840 3286 ducturus
864 3249 1017 3301 puellam
1031 3281 1038 3291 .
1058 3250 1117 3289 scd
1135 3252 1242 3303 patris

338 3364 348 3372 *-
373 3347 474 3385 {conl
513 3350 624 3386 ὶογνζοι
673 3360 702 3377 ε,
722 3359 736 3376 τ
768 3355 786 3375 1.
812 3346 911 3385 )·I‘''11-l

1322 3191 1551 3241 δεικνύμενον.
1573 3192 1685 3228 Τοῦτο
1705 3189 1771 3241 γὰρ
1791 3192 1828 3228 οὗ
1854 3193 1912 3228 τοῦ
1936 3189 2121 3239 μέλλοντος
2144 3185 2185 3238 ἦν
2203 3191 2345 3242 ἄγεσθαι

1324 3252 1381 3296 τὴν
1406 3252 1509 3302 κόρην
1531 3253 1568 3289 τὸ
1599 3251 1826 3301 κατόρθωμα,
1853 3250 1940 3288 ἀλλὰ
1967 3254 2025 3289 τοῦ
2056 3252 2186 3303 πατρὸς
2205 3255 2262 3290 τοῦ
2283 3253 2344 3294 τὴν
