2433 3775
57 660 118 688 Gal
141 668 170 688 2.
189 669 239 690 20.

266 192 324 252 78
716 205 754 237 s.
792 205 978 237 somnis
1011 206 1256 237 cimvsosr.

1299 207 1503 237 ARCHIEP.
1542 208 1902 241 CONSTANTINOP.

262 301 338 325 esse
367 295 400 325 et
419 287 612 340 somnium,
637 297 671 326 et
694 288 724 326 si
743 288 831 340 quid
858 288 915 328 his
943 288 1063 328 vilius.
1086 289 1214 329 Virtus
1237 290 1468 336 Ο·λευόντων,
1499 290 1589 328 ἀλλὰ
1618 291 1678 328 καὶ
1705 295 1774 330 τῶν
1800 293 1972 343 δαιμόνων
2005 293 2196 348 ἀνωτέρους
2223 298 2306 347 ποιῇ

260 357 326 397 est,
343 362 427 400 erga
448 349 590 401 negotia
621 349 731 402 hujus
754 349 837 388 vitae
862 362 933 387 non
953 349 1068 400 magis
1091 348 1211 398 affici,

259 422 368 459 quam
384 408 538 448 cadaver
555 410 725 459 afficitur,
747 419 782 447 et
799 409 844 447 ad
863 424 903 447 ea
915 423 993 460 quae
1009 408 1135 446 animae
1151 422 1213 445 sa—

257 469 370 508 lutem
393 471 605 509 labefactare
626 479 799 524 possunt,
820 469 923 520 quasi
943 477 1138 517 mortuum,
1162 468 1211 506 ita

256 531 469 582 operationis
485 541 668 583 expertem
685 544 772 580 esse,
791 530 915 569 vivere
933 538 1052 567 autem
1068 538 1101 567 et
1122 543 1212 581 ope-

255 592 328 629 rari
343 601 482 630 tantum
502 593 595 629 circa
610 590 822 643 spiritualia,
841 590 934 628 sicut
953 599 986 628 et
1002 589 1135 628 Paulus
1148 589 1212 628 di-

256 653 377 690 cebat:
396 654 490 689 Vivo
512 653 755 704 autem,jam
776 665 855 688 non
871 664 952 703 ego,
968 651 1038 689 sed
1050 653 1150 689 vivit
1171 654 1213 689 in

256 726 316 750 me
333 714 521 751 Christus.
542 712 710 761 Proinde,
728 711 967 762 dilectissimi,
988 721 1023 750 et
1041 726 1104 750 nos
1114 720 1210 750 tam—

254 787 361 823 quam
381 772 566 811 Christum
595 773 714 811 induti
740 773 858 811 omnia
883 773 1070 821 faciamus,
1089 781 1123 810 et
1140 786 1212 811 non

254 834 501 872 contristemus
519 834 696 887 Spiritum
717 843 892 872 sanctum.
916 833 1071 882 Quando
1101 834 1212 885 igitur

254 894 443 932 turbamur
469 909 490 932 a
519 895 816 948 concupiscentia,
837 894 896 933 vel
924 895 1108 932 affectione
1141 895 1210 932 ab—

252 956 376 1007 surda,
397 957 456 994 vel
480 956 544 1006 ira,
565 957 624 995 vel
653 957 784 1006 furore,
804 956 862 994 vel
894 955 1046 1005 invidia,
1073 956 1210 1007 cogite-

253 1030 332 1053 mus
348 1031 429 1054 eum
442 1017 552 1067 quiin
569 1018 670 1055 nobis
685 1018 838 1066 habitat,
848 1026 882 1054 et
893 1017 1114 1069 expellamus
1126 1031 1212 1068 pro-
1233 1028 1258 1057 D

252 1075 312 1112 cul
345 1089 486 1113 omnem
521 1077 629 1114 talem
667 1076 928 1127 cogitationem.
971 1076 1213 1113 Revereamur

252 1135 464 1173 eminentem
478 1137 543 1174 Dei
557 1137 724 1188 gratiam,
738 1150 846 1187 quam
863 1135 964 1173 nobis
978 1136 1128 1187 largitus
1143 1145 1209 1187 est,

252 1205 286 1234 et
304 1197 522 1235 refrenemus
541 1212 662 1235 omnes
691 1197 806 1235 carnis
823 1196 1036 1245 affectiones,
1057 1205 1110 1245 ut,
1128 1211 1212 1234 cum

251 1256 410 1307 legitime
424 1257 460 1295 in
474 1258 575 1297 brevi
586 1259 654 1296 hac
668 1268 702 1296 et
715 1258 836 1309 fragili
850 1258 925 1296 vita
942 1258 1209 1307 certaverimus,

254 1331 401 1355 coronas
426 1317 506 1355 illas
533 1318 685 1356 eximias
707 1333 937 1369 assequamur
955 1318 991 1356 in
1010 1319 1132 1356 futuro
1151 1319 1210 1357 die

253 1378 339 1428 illo,
361 1379 513 1417 terribili
532 1379 678 1430 quidem
697 1379 960 1431 peccatoribus,
980 1378 1210 1418 desiderabili

251 1449 371 1477 autem
394 1440 527 1478 virtute
560 1441 711 1491 indutis,
735 1451 769 1479 et
791 1455 990 1479 mereamur
1012 1440 1209 1479 ineffabilia

253 1501 313 1539 illa
338 1502 443 1550 bona,
471 1503 585 1554 gratia
613 1512 647 1541 et
669 1503 888 1555 benignitate
915 1502 1063 1540 Domini
1098 1503 1209 1541 nostri

251 1563 333 1600 Jesu
351 1563 497 1613 Christi,
513 1578 596 1601 cum
613 1578 682 1615 quo
697 1564 743 1602 sit
759 1563 856 1601 Patri
871 1572 904 1601 et
917 1563 1071 1615 Spiritui
1089 1573 1209 1602 sancto

252 1622 384 1674 gloria,
406 1623 610 1676 imperium,
631 1624 757 1673 honor,
778 1638 873 1662 nunc
893 1633 926 1662 et
945 1637 1098 1677 semper,
1118 1633 1151 1662 et
1171 1625 1207 1663 in

251 1684 380 1722 saecula
400 1685 624 1723 saeculorum.
644 1686 769 1722 Amen.

581 2126 793 2166 HOMILIA
823 2124 889 2163 lx.
1230 2102 1261 2169 {⁵

254 2241 314 2277 De
339 2242 386 2277 iis
412 2251 496 2291 quoe
523 2243 738 2289 sequuntur
761 2235 843 2271 hoec
866 2233 1003 2279 verba,
1022 2230 1209 2270 Faciamus

306 2299 486 2338 hominem
512 2296 709 2335 seeundum
735 2294 928 2345 imaginem
956 2301 1113 2330 nostram
1136 2308 1143 2328 :
1172 2301 1210 2330 et

307 2362 492 2398 adversus
513 2372 575 2396 eos
595 2360 661 2409 qui
679 2358 826 2402 dicunt,
849 2355 929 2392 Cur
945 2354 1209 2405 bestioefactoe

307 2429 411 2470 sunt,
444 2428 482 2457 et
511 2421 596 2471 quis
625 2430 716 2455 usus
745 2417 954 2453 creationis
979 2415 1209 2451 earmnPEt

307 2483 413 2534 quod
426 2482 493 2519 vel
507 2483 562 2518 sic
582 2481 752 2517 maxime
767 2477 988 2515 declaretur
999 2476 1124 2513 honor
1142 2476 1210 2512 ho-

308 2546 404 2580 mini
437 2544 607 2588 habitus,
635 2548 752 2591 atque
779 2538 998 2591 ineffabilis
1017 2538 1093 2575 Dei
1121 2550 1211 2588 erga

308 2607 431 2656 ipsum
446 2602 730 2641 benevolentia.

309 2718 324 2753 1
339 2746 346 2753 .
370 2714 544 2767 Agricolae
556 2711 800 2758 studiosiores,
814 2724 896 2748 cum
909 2709 1043 2762 pingue
1055 2708 1214 2748 viderint

257 2786 291 2815 et
308 2776 524 2828 profundum
547 2787 691 2823 arvum,
709 2771 856 2823 largiter
869 2770 1003 2809 semina
1024 2779 1211 2822 spargunt,

260 2850 495 2889 magnamque
511 2845 544 2873 et
557 2834 739 2873 assiduam
756 2831 983 2884 diligentiam
994 2830 1213 2880 adhibentes,
1238 2841 1260 2869 Β

261 2896 420 2948 quotidie
437 2896 636 2948 explorant,
656 2909 742 2931 num
768 2894 858 2931 forte
878 2891 1011 2930 alicubi
1031 2891 1091 2939 sit,
1114 2890 1211 2942 quod

260 2959 367 3009 segeti
384 2971 519 3005 nocere,
541 2966 573 2993 et
591 2956 751 2994 laborem
767 2968 871 3005 quem
887 2961 1115 3006 susceperunt
1135 2953 1215 2990 inu-

257 3020 356 3057 tilem
379 3018 489 3071 possit
510 3017 670 3055 reddere.
698 3016 817 3054 Simili
838 3014 943 3053 modo
963 3023 997 3052 et
1019 3028 1080 3052 nos
1099 3013 1212 3066 spiri-

259 3081 353 3119 tuale
387 3079 603 3117 desiderium
622 3088 804 3127 vestrum,
833 3087 867 3115 et
900 3077 1023 3128 ingens
1043 3075 1212 3114 audiendi

259 3141 420 3179 studium
445 3140 624 3187 videntes,
652 3153 795 3191 operam
823 3137 950 3175 damus
982 3145 1021 3175 ut
1052 3136 1213 3188 quotidie

260 3202 448 3241 sententias
482 3200 654 3251 quasdam
691 3199 821 3238 divinae
860 3198 1054 3251 Scripturae
1089 3206 1212 3236 vestrae

303 3347 314 3359 Γ
333 3334 468 3368 Coislin.
485 3342 581 3368 πᾶσαν
609 3338 661 3371 τὴν
684 3334 822 3369 τοιαύτην
846 3335 1002 3374 ἐπιθυμίαν
1029 3335 1076 3365 καὶ
1100 3333 1265 3372 ἐνθύμησιν.

263 3392 319 3423 αἰῦ.

1284 349 1362 392 τοὺς
1378 349 1485 396 αὐτὴν
1511 350 1713 400 μετιόντας;
1735 352 1856 405 Ἀρετὴ
1876 353 1913 391 δέ
1934 356 2006 392 ἐστι
2025 354 2065 392 τὸ
2083 355 2221 393 πάντων
2239 357 2306 393 τῶν

1285 410 1509 463 ἀνθρωπίνων
1537 415 1722 466 ὑπερορᾷν,
1753 414 1793 452 τὸ
1817 414 1860 452 τὰ
1891 415 2062 465 μέλλοντα
2085 417 2138 468 ἐφ’
2159 416 2309 462 ἑκάστης

1285 468 1379 523 ὥρας
1409 471 1661 523 φαντάζεσθαι,
1693 474 1733 512 τὸ
1763 474 1848 526 πρὸς
1882 475 1989 526 μηδὲν
2023 478 2091 514 τῶν
2127 475 2308 528 παρόντων

1286 532 1501 579 ἐπτοῆσθαι,
1525 535 1602 571 ἀλλ’
1623 533 1749 572 εἰδέναι
1760 564 1770 583 ,
1804 535 1857 574 ὅτι
1888 536 2004 575 πάντα
2034 536 2078 575 τὰ
2108 537 2308 589 ἀνθρώπινα

1286 593 1368 630 σκιά
1388 596 1462 632 ἐστι
1489 594 1549 632 καὶ
1572 595 1653 647 ὄναρ
1668 626 1678 643 ,
1706 596 1765 633 καὶ
1786 596 1817 634 εἴ
1833 613 1866 634 τι
1894 596 2024 635 τούτων
2056 598 2307 651 εὐτελέστερον.

1285 653 1406 705 Ἀρετή
1431 657 1505 694 ἐστι
1525 657 1564 694 τὸ
1593 657 1752 710 καθάπερ
1771 658 1890 710 νεκρὸν
1910 649 1998 697 οὕτω
2014 660 2207 698 διακεῖσθαι
2223 660 2308 712 πρὸς

1283 715 1327 753 τὰ
1346 719 1406 753 τοῦ
1426 715 1505 767 βίου’
1525 717 1647 756 τούτου
1674 718 1868 771 πράγματα
1881 751 1891 765 ‚
1909 719 2069 772 καὶπρὸς
2087 720 2150 771 μὲν
2176 720 2220 759 τὰ
2248 722 2307 760 λυ-

1285 777 1479 827 μαινόμενα
1498 778 1562 824 τήν
1592 781 1656 824 τ’ἦς
1680 781 1795 831 ψυχῆς
1815 780 2002 831 σωτηρίαν,
2031 781 2158 819 ὡσανεὶ
2186 782 2306 836 νεκρὸν

1283 838 1366 876 ὄντα
1378 869 1388 886 ,
1408 838 1515 882 οὕτως
1537 833 1625 877 εἶναι
1646 840 1881 893 ἀνενέργητον,
1907 842 1993 894 πρὸς
2020 841 2055 880 δὲ
2075 843 2119 880 τὰ
2147 859 2304 893 πνευμα·

1283 899 1364 938 τικὰ
1385 899 1486 950 μόνον
1518 902 1578 952 ζῇν
1611 901 1669 940 καὶ
1702 904 1865 955 ἐνεργεῖν,
1895 903 2053 956 καθάπερ
2084 905 2143 942 καὶ
2165 907 2306 949 Παῦλος

1283 959 1399 1011 ἔλεγε·
1427 962 1564 1010 Ζῶδὲ,
1585 962 1700 1001 οὐκέτι
1719 964 1806 1012 ἐγὼ,
1844 966 1865 1015 ᾗ
1895 964 1931 1002 δὲ
1951 966 1985 1002 ἐν
2010 965 2088 1015 ἐμοὶ
2107 969 2125 1003 ὅ
2144 966 2304 1017 Χριστός.

1283 1021 1354 1059 Καὶ
1373 1025 1475 1072 ἡμεῖς
1488 1022 1614 1071 τοίνυν,
1630 1025 1828 1075 ἀγαπητοὶ,
1847 1027 1894 1069 ὡς
1912 1025 1969 1063 τὸν
1991 1027 2141 1078 Χριστὸν
2166 1028 2305 1065 ἐνδεδυ-

1284 1083 1397 1134 μένοι,
1429 1085 1537 1128 οὕτως
1563 1086 1702 1124 ἅπαντα
1728 1087 1952 1138 πράττωμεν,
1977 1087 2036 1125 καὶ
2064 1088 2112 1139 μὴ
2138 1090 2305 1139 λυπῶμεν

1283 1144 1322 1182 τὸ
1357 1147 1505 1195 Πνεῦμα
1533 1147 1574 1184 τὸ
1598 1146 1706 1198 ἅγιον.
1728 1146 1843 1185 εὈταν
1877 1141 1935 1185 οῦν
1965 1150 2207 1201 ἐνοχληθῶμεν
2240 1150 2306 1188 ὑπὸ

1282 1205 1433 1253 πάθους,
1458 1205 1479 1253 ἢ
1510 1207 1695 1258 ἐπιθυμίας
1724 1207 1872 1255 ἀτόπου,
1895 1208 1916 1254 ἢ
1940 1212 2063 1262 ὀργῆς,
2082 1209 2104 1254 ἢ
2128 1213 2236 1260 θυμοῦ
2252 1240 2261 1257 ,
2281 1210 2303 1255 ἢ

1284 1267 1474 1319 βασκανίας
1487 1299 1496 1316 ,
1513 1270 1682 1319 ἐννοῶμεν
1699 1271 1756 1306 τὸν
1772 1271 1806 1308 ἐν
1822 1272 1905 1319 ἡμῖν
1923 1270 2139 1316 ἐνοικοῦντα,
2156 1269 2215 1307 καὶ
2237 1286 2304 1322 φυ-

1281 1328 1483 1380 γαδεύωμεν
1515 1329 1635 1381 πόρ’ῥω
1665 1334 1805 1368 επᾶσαν
1833 1329 1896 1376 τὴν
1922 1329 2085 1377 τοιαύτην
2105 1329 2304 1381 ἐνθύμησιν.

1282 1391 1507 1441 Αἷδεσθῶμεν
1530 1393 1592 1436 τῆς
1613 1390 1710 1443 παρὰ
1728 1396 1787 1429 τοῦ
1805 1392 1898 1429 Θεοῦ
1920 1391 2202 1443 παρασχεθείσης
2219 1395 2303 1442 ἡμῖν

1281 1451 1422 1504 χάριτος
1440 1451 1503 1499 τὴν
1524 1451 1732 1505 ὑπερὸολὴν,
1751 1452 1811 1490 καὶ
1829 1452 2082 1504 χαλινώσωμεν
2109 1452 2224 1490 πάντα
2242 1456 2306 1500 τῆς

1283 1513 1409 1565 σαρκὸς
1440 1513 1485 1550 τὰ
1510 1514 1603 1561 πάθη
1620 1543 1629 1560 ,
1651 1512 1708 1551 ἵνα
1725 1544 1734 1561 ,
1763 1512 1920 1563 νομίμως
1947 1513 2159 1560 ἀθλήσαντες
2186 1515 2220 1551 ἐν
2254 1515 2304 1565 τῷ

1283 1575 1408 1626 βραχεῖ
1422 1573 1532 1626 τούτῳ
1549 1575 1608 1612 καὶ
1624 1574 1781 1626 ἐπικήρῳ
1803 1574 1885 1625 βίῳ,
1900 1575 1968 1611 τῶν
1987 1573 2146 1624 μεγάλων
2163 1573 2302 1613 ἐκείνων

1280 1634 1457 1686 στεφάνων
1480 1634 1677 1686 ἀξιωθῶμεν
1706 1636 1740 1672 ἐν
1769 1638 1811 1683 τῇ
1833 1634 2007 1687 μελλούσῃ
2034 1635 2150 1687 ἡμέρᾳ
2168 1636 2301 1688 ἐκείνῃ,

1279 1697 1322 1746 τῇ
1342 1695 1472 1747 φοὸερᾷ
1487 1695 1548 1746 μὲν
1564 1699 1648 1744 ἡμῖν
1665 1702 1735 1739 τοῖς
1755 1696 1975 1747 ἁμαρτωλοῖς
1990 1724 2000 1741 ,
2016 1699 2157 1748 ποθεινῇ
2179 1695 2214 1735 δὲ
2232 1703 2302 1740 τοῖς

1279 1755 1341 1803 τὴν
1379 1757 1503 1808 ἀρετὴν
1542 1756 1796 1807 ἐνδεδυμένοις,
1834 1756 1893 1794 καὶ
1930 1756 2199 1807 καταξιωθῶμεν
2231 1761 2301 1796 τῶν

1279 1817 1484 1869 ἀπορρήτων
1513 1817 1651 1856 ἐκείνων
1673 1820 1824 1868 ἀγαθῶν,
1844 1817 1965 1870 χάριτι
1980 1818 2040 1855 καὶ
2059 1817 2302 1871 φιλανθρωπίᾳ

1278 1883 1337 1916 τοῦ
1350 1878 1480 1929 Κυρίου
1495 1881 1596 1929 ἡμῶν
1611 1879 1728 1926 Ἰησοῦ
1745 1879 1917 1930 Χριστοῦ,
1937 1879 2012 1928 μεθ’
2037 1872 2075 1917 οῦ
2097 1881 2146 1931 τῷ
2165 1878 2299 1930 Πατρὶ,

1279 1939 1352 1989 ἅμα
1367 1942 1416 1991 τῷ
1433 1938 1520 1992 ἁγίῳ
1534 1939 1716 1990 Πνεύματι
1728 1970 1738 1988 ,
1759 1939 1838 1984 δόξα
1851 1970 1860 1987 ,
1882 1939 2008 1992 κράτος
2019 1970 2028 1988 ,
2045 1938 2152 1990 τιμὴ,
2168 1943 2226 1978 νῦν
2242 1939 2301 1978 καὶ

1280 1999 1351 2047 ἀεὶ,
1370 1999 1429 2037 καὶ
1444 2002 1491 2044 εἷς
1505 1999 1583 2044 τοὺς
1603 2002 1730 2043 αἰῶνας
1748 2002 1816 2038 τῶν
1837 1999 1983 2040 αἰώνων.
2004 1999 2124 2051 Ἀμήν.

1667 2131 1847 2168 ΟΜΙΛΙΑ
1876 2129 1917 2168 θ’.

1281 2238 1344 2279 Εἰς
1356 2236 1399 2275 τὰ
1419 2238 1591 2276 ἀκόλουθα
1608 2242 1688 2283 τοῦ,
1716 2238 1928 2290 Ποιήσωμεν
1951 2238 2132 2290 ἄνθρωπον
2151 2243 2230 2277 κατ’
2253 2243 2299 2278 εἷ-

1333 2298 1417 2335 κόνα
1440 2299 1626 2352 ἡμετέραν,
1645 2299 1704 2336 καὶ
1728 2299 1813 2351 πρὸς
1829 2299 1905 2342 τοὺς
1927 2298 2089 2350 λέγοντας
2102 2330 2112 2347 ,
2129 2299 2185 2337 διὰ
2202 2300 2236 2338 τί
2255 2300 2299 2339 τὰ

1335 2359 1437 2413 θηρία
1454 2360 1732 2412 ἐδημιουργήθη,
1761 2360 1820 2398 καὶ
1843 2360 1876 2398 τί
1903 2359 1943 2397 τὸ
1962 2359 2136 2412 χρήσιμον
2156 2362 2225 2400 ἀπὸ
2241 2366 2300 2400 τοῦ

1332 2425 1577 2473 παραχθῆναι,
1603 2421 1673 2459 Καὶ
1697 2420 1749 2459 ὅτι
1769 2421 1827 2458 καὶ
1849 2425 1949 2459 τοῦτο
1976 2422 2128 2471 μάλιστα
2148 2422 2299 2460 δείκνυσι

1334 2482 1392 2520 καὶ
1406 2482 1469 2528 τὴν
1484 2481 1588 2532 τιμὴν
1605 2482 1666 2529 τὴν
1682 2485 1728 2526 εἷς
1742 2482 1799 2520 τὸν
1814 2482 2007 2534 ἄνθρωπον,
2018 2482 2077 2520 καὶ
2090 2481 2153 2529 τὴν
2168 2482 2298 2534 ἄφατον

1334 2546 1394 2581 τοῦ
1411 2545 1503 2582 Θεοῦ
1519 2542 1793 2596 φιλανθρωπίαν.

1337 2711 1382 2747 Οἳ
1398 2709 1576 2762 φιλόπονοι
1593 2711 1660 2747 τῶν
1678 2707 1853 2759 γηπόνων,
1878 2707 2016 2745 ἐπειδὰν
2031 2706 2132 2744 ἴδωσι
2152 2707 2304 2759 λιπαρὰν

1285 2770 1343 2807 καί
1359 2774 1373 2791 ³
1387 2770 1567 2821 βαθύγειον
1595 2770 1757 2821 ἄρουραν,
1783 2769 1910 2820 δαψιλῆ
1931 2767 1976 2805 τὰ
1995 2767 2183 2819 σπέρματα
2198 2783 2307 2806 κατα-

1286 2832 1490 2877 Εάλλοντες,
1503 2830 1635 2878 πολλὴν
1650 2830 1708 2867 καὶ
1723 2832 1852 2881 συνεχῆ
1867 2828 1930 2876 τὴν
1943 2829 2146 2879 ἐπιμέλειαν
2163 2833 2306 2867 ποιοῦν-

1286 2907 1366 2938 ται,
1384 2891 1461 2929 καθ’
1481 2892 1630 2938 ἑκάστην
1649 2890 1784 2941 ἡμέραν
1803 2893 2115 2942 περισκοποῦντες,
2138 2889 2254 2940 μήπου
2274 2904 2308 2926 τι

1286 2955 1353 2990 τῶν
1373 2952 1601 3003 λυμαίνεσθαι
1616 2950 1814 3001 δυναμένων
1833 2956 1904 2993 τοῖς
1923 2948 2126 3001 ’σπέρμασιν
2144 2948 2308 2995 ἀνόνητον

1288 3016 1401 3056 αὐτοῖς
1420 3014 1477 3051 τὸν
1497 3012 1718 3065 προλαὸόντα
1736 3011 1941 3062 καταστήσῃ
1966 3011 2082 3049 πόνον.
2106 3010 2176 3049 Τὸν
2208 3010 2309 3048 αὐτὸν

1288 3075 1328 3121 δὴ
1360 3074 1486 3128 τρόπον
1515 3074 1573 3113 καὶ
1602 3077 1704 3123 ἡμεῖς
1730 3075 1877 3123 ὁρῶντες
1903 3074 2000 3122 ὑμῶν
2023 3071 2080 3109 τὸν
2111 3070 2214 3108 πόθον
2251 3071 2308 3108 τὸν

1287 3135 1534 3186 πνευματικὸν,
1558 3135 1617 3172 καὶ
1644 3134 1706 3180 τὴν
1736 3132 1869 3178 πολλὴν
1895 3130 2091 3183 φιληκοΐαν,
2116 3129 2194 3168 καθ’
2224 3130 2310 3168 ἑκά-

1288 3212 1370 3243 στην
1405 3196 1541 3247 ἡμέραν
1575 3195 1617 3233 τὰ
1652 3196 1720 3233 ἀπὸ
1750 3197 1818 3231 τῶν
1844 3193 1943 3231 θείων
1972 3193 2120 3244 Γραφῶν
2151 3191 2310 3242 νοήματα

1347 3326 1522 3367 nQuidam
1554 3327 1630 3359 Mss.
1659 3330 1832 3369 βαθύγαιον.
1864 3323 1977 3358 ΜΘΝ-1.
2011 3325 2177 3366 βαθύ-μνον.
2208 3323 2308 3356 Saxil.

1303 3383 1465 3423 βαθὺγεων.
