2516 3791
712 210 752 240 lx
792 211 888 240 CM).
923 211 1054 241 XVII!-

131 292 188 331 ἐπὶ
209 295 257 345 τῷ
274 292 416 343 ὀνόματί
435 307 520 343 μου,
540 293 602 344 ἐμὲ
623 294 775 345 δέχεται.
799 294 1020 347 ’ῚἈκούωμεν
1033 327 1043 343 ,
1066 297 1153 348 ἀγα-

130 354 232 399 πητοὶ
245 383 254 400 ,
274 355 332 392 καὶ
354 355 493 399 ξενίζειν
518 355 702 406 μέλλοντες
722 357 898 407 μηδέποτε
917 356 1152 410 περιεργαζώ-

129 418 217 464 μεθα
230 444 239 462 ,
257 415 308 459 τίς
322 446 331 462 ,
353 416 411 454 καὶ
429 416 546 455 πόθεν.
572 419 614 456 Εἰ
634 418 701 470 γὰρ
726 423 829 457 τοῦτο
847 420 1118 471 περιειργάσατο
1136 421 1154 456 6

126 476 366 529 πατριάρχης,
389 477 470 522 ἴσως
497 478 538 516 ἂν
565 479 770 531 διήμαρτεν.
799 480 889 518 Ἀλλ’
915 481 1026 531 ἔγνω,
1048 479 1153 532 φησὶ,

125 538 193 574 τῶν
209 540 500 591 παραγενομένων
522 539 585 588 τὴν
606 540 718 585 ἀξίαν.
741 541 853 580 Πόθεν
869 543 993 590 δῆλον;
1014 543 1098 584 Πῶς
1117 540 1152 578 δὲ

1094 211 1255 242 cum-ts.

1297 212 1462 244 uuam„
1503 215 1593 245 xm.
2087 212 2170 268 481

1231 305 1304 344 set,
1324 295 1553 336 admirationi
1574 298 1723 338 fuisset?
1743 301 1866 353 Neque
1883 305 1978 343 euim
2005 308 2055 345 sic
2071 310 2183 348 admi-

1230 357 1342 396 rabile
1364 358 1507 408 suisset,
1524 360 1553 398 si
1581 361 1806 414 suscipiendo
1835 363 1991 417 hospites
2011 369 2185 408 curiosius

1229 418 1448 470 explorasset
1463 420 1524 470 qui
1540 430 1672 471 esseut,
1694 422 1785 461 sicut
1799 438 1893 462 nunc
1913 440 1996 464 cum
2020 428 2185 479 ignoraus

1229 479 1377 529 quinam
1408 481 1629 533 advenerint,
1660 492 1756 522 tanta
1783 485 1966 526 alacritate
1994 498 2026 527 et
2055 489 2187 529 honore

1228 540 1364 579 accedit
1379 542 1479 592 quasi
1500 558 1624 582 servus
1641 545 1687 583 ad
1701 545 1876 597 dominos,
1898 548 2042 600 suisque
2066 552 2186 589 verbis

125 597 166 634 ἂν
182 602 283 637 τοῦτο
298 602 407 638 ποιῶν
426 601 649 652 ἐθαυμάσθη;
676 603 730 640 Οὐ
749 602 817 654 γὰρ
842 601 933 640 οὕτω
952 600 1153 653 θαυμαστὸν
1180 608 1204 638 Ε
1229 602 1486 652 propemodum
1502 605 1644 643 vincula
1664 606 1798 659 injicit,
1817 617 1850 646 et
1866 610 2043 662 supplicat
2065 611 2129 661 eis,
2147 622 2185 650 ut

123 652 166 704 ἦν
186 660 225 697 τὸ
245 663 306 707 τῆς
324 661 516 714 φιλοξενίας
533 664 638 701 αὐτοῦ
655 663 998 715 περιεργασαμένου·,
1017 665 1064 706 ὡς
1079 666 1150 710 νῦν,

122 719 180 759 ὅτε
208 724 342 772 ἀγνοῶν
368 722 458 766 τίνες
476 724 507 760 οἱ
533 722 825 775 παραγενόμενοι,
851 723 941 773 μετὰ
974 723 1147 770 τοσαύτης

123 782 318 834 προθυμίας
337 783 396 821 καὶ
427 786 532 834 τιμῆς
556 783 738 835 πρόσεισι,
759 783 918 837 καθάπερ
937 784 1075 833 οἰκέτης
1095 786 1148 823 δε-

122 844 285 890 σπόταις,
307 845 490 896 μονονουχὶ
519 845 631 895 δεσμὰ
651 845 708 883 διὰ
727 848 795 883 τῶν
813 846 925 897 λόγων
945 849 1062 890 αὐτοῖς
1080 863 1142 885 πε·

121 904 308 954 ριὸάλλων,
327 905 386 943 καὶ
405 905 537 943 ἱκεσίαν
555 906 640 956 πρὸς
665 905 790 949 αὐτοὺς
812 906 1034 958 ποιούμενος,
1055 907 1145 947 ὥστε

121 965 170 1014 μὴ
204 966 411 1014 ἀνανεῦσαι,
433 966 521 1018 μηδὲ
549 965 715 1019 ζημίᾳτῇ
749 967 897 1018 μεγίστῃ
929 969 1144 1021 περιὸαλείν.

119 1025 218 1081 ’ῌδει
237 1029 304 1079 γὰρ
319 1027 438 1082 ὥσπερ
448 1029 598 1080 ἔπραττε
611 1043 618 1052 ·
640 1027 698 1066 διὰ
713 1031 814 1067 τοῦτο
830 1028 889 1067 καὶ
904 1029 993 1080 μετὰ
1013 1033 1145 1078 πολλῆς

118 1089 330 1140 θερμότητος
369 1089 432 1136 τὴν
475 1091 629 1128 ἐντεῦθεν
679 1091 875 1143 ἐκαρποῦτο
928 1092 1143 1144 περιουσίαν.

1230 676 1272 699 ne
1287 673 1460 714 renuant,
1480 679 1590 716 neque
1609 682 1645 705 sc
1663 670 1821 708 maximo
1851 671 1982 711 damno
2012 674 2182 714 afficiant.

1226 723 1369 761 Sciebat
1399 725 1492 764 enim
1523 727 1609 777 quid
1630 729 1782 779 facerct3
1803 742 1946 784 propter
1967 734 2034 772 hoc
2054 750 2184 787 magno

1224 796 1306 821 cum
1320 783 1447 823 ardore
1475 786 1631 825 fructum
1661 790 1844 841 copiosum
1864 794 2094 846 percipiebat.
2111 798 2183 836 Sed

1222 843 1412 884 audiamus
1440 847 1549 885 verba
1583 848 1767 901 scriptoris
1796 851 1926 903 ipsius,
1948 864 1985 892 ut
2005 856 2126 896 videas
2146 859 2180 897 in

1222 914 1378 944 extrema
1393 917 1528 946 senecta
1537 909 1735 961 juvenilem
1751 911 1968 950 alacritatem
1980 944 1990 963 ‚
2010 925 2043 952 et
2063 931 2180 957 senem

1220 967 1503 1019 quasijuvenem
1519 970 1770 1021 exsultantem,
1789 981 1820 1010 et
1838 983 2019 1024 putantem
2035 991 2070 1015 se
2082 978 2179 1017 iuve—

1221 1027 1314 1065 nisse
1330 1027 1536 1067 thesaurum
1555 1032 1762 1082 quemdam,
1782 1032 1962 1086 hospitum
1979 1050 2104 1090 nempe
2116 1040 2179 1078 ad-

1220 1098 1379 1127 ventum.
1408 1093 1448 1128 9..
1486 1092 1666 1130 Elevatis
1696 1101 1839 1142 autem,
1878 1095 2008 1147 inquit,
2040 1102 2176 1148 oculis,

120 1151 211 1188 Ἀλλ’
226 1150 429 1202 ἀκούσωμεν
446 1153 550 1190 αὐτοῦ
566 1155 626 1189 τοῦ
642 1152 866 1204 συγγραφέως
879 1155 948 1191 τῶν
964 1154 1142 1206 ῥημάτων,
1158 1184 1204 1210 [⁴¹1³
1219 1151 1336 1200 vidit,
1358 1160 1395 1190 et
1416 1165 1502 1191 ecce
1522 1160 1596 1191 tres
1614 1155 1694 1192 viri
1716 1164 1903 1195 steterunt
1922 1165 2038 1209 supra
2059 1174 2146 1198 eum
2165 1179 2176 1196 .·

119 1210 186 1249 ''i'v'
215 1213 308 1259 εἷδῆς
338 1214 373 1250 ἐν
406 1213 589 1265 βαθυτάτῳ
604 1213 696 1266 γήρᾳ
719 1214 906 1259 νεάζουσαν
933 1215 1142 1268 προθυμίαν,
1169 1221 1195 1250 Α
1219 1221 1256 1249 et
1275 1221 1317 1250 ut
1335 1214 1450 1262 vidit,
1472 1217 1638 1253 occurrit
1658 1219 1700 1254 in
1715 1230 1915 1256 occursum
1935 1221 1989 1257 eis
2005 1223 2054 1258 ab
2079 1225 2176 1261 ostio

118 1273 177 1311 καὶ
196 1274 254 1312 τὸν
284 1274 429 1327 γέροντα
453 1275 638 1321 νεάζοντα,
659 1275 718 1313 καὶ
749 1277 934 1328 μονονουχὶ
963 1281 1141 1330 περιχαρῆ

116 1335 310 1385 γινόμενον,
345 1337 404 1375 καὶ
438 1336 621 1386 νομίζοντα
651 1337 823 1389 θησαυρὸν
856 1337 1040 1389 εὑρηκέναι
1072 1341 1142 1376 τῶν

115 1397 403 1449 παραγενομένων
420 1397 484 1444 τὴν
499 1397 706 1449 παρουσίαν.
730 1397 942 1450 Ἀναὸλέψας
963 1398 1015 1445 δὲ,
1038 1399 1142 1451 φησὶ,

114 1462 185 1501 τοῖς
201 1459 390 1510 ὀφθαλμοῖς
413 1452 499 1505 εἶδε,
515 1457 574 1496 καὶ
594 1457 665 1496 ἰδοὺ
692 1463 785 1509 τρεῖς
817 1458 938 1510 ἄνδρες
965 1459 1141 1506 εἱστήκει-

114 1532 177 1555 σαν
197 1518 313 1556 ἐπάνω
339 1520 460 1565 αὐτοῦ,
482 1518 541 1556 καὶ
574 1518 654 1556 ἰδὼν
684 1518 928 1570 προσέδραμεν
951 1522 1000 1564 εἷς
1016 1521 1141 1559 συνάν-

111 1594 212 1624 τησιν
232 1581 346 1623 αὐτοῖς
363 1580 432 1618 ἀπὸ
450 1582 512 1626 τῆς
527 1579 631 1632 θύρας
647 1581 709 1626 τῆς
726 1581 857 1627 σκηνῆς
876 1582 994 1619 αὐτοῦ.
1009 1581 1141 1635 Τρέχει

112 1641 171 1678 καὶ
189 1639 334 1678 ἴπταται
353 1643 371 1679 6
391 1640 501 1692 γέρων
511 1634 603 1692 {icis
623 1639 691 1692 γὰρ
712 1641 776 1687 τὴν
795 1640 918 1692 θήραν,
941 1641 1002 1680 καὶ
1017 1642 1141 1681 οὐδένα

111 1703 174 1747 τ’ῆς
203 1701 399 1753 ἀσθενείαςξ
413 1701 514 1752 λόγον
553 1700 810 1751 ποιησάμενος,
846 1701 903 1740 ἐπὶ
930 1701 995 1749 τὴν
1030 1703 1139 1755 ἄγραν

112 1764 240 1814 ἔδραμε
252 1795 261 1810 ,
277 1763 336 1801 καὶ
355 1765 417 1801 οὐκ
434 1762 597 1801 ἐκάλεσεν
618 1761 753 1805 οἰκέτας
764 1793 772 1809 ,
784 1764 847 1800 οὐκ
860 1762 1006 1807 ἐπέταξε
1020 1764 1139 1809 παιδὶ,

110 1824 208 1863 οὐδὲν
243 1824 413 1876 βάναυσον
443 1824 520 1862 οὐδὲ
554 1824 705 1877 ῥάθυμον
735 1823 954 1873 ἐπεδείξατο,
978 1825 1068 1864 ἀλλὰ
1095 1827 1137 1864 δι’

110 1889 234 1924 ἑαυτοῦ
269 1886 397 1938 ἔδραμε
413 1916 422 1932 ,
445 1885 629 1937 μονονουχὶ
660 1884 792 1936 λέγων·
820 1885 928 1936 μέγας
948 1887 1140 1938 θησαυρὸς,

1219 1276 1463 1313 tabernaculi
1496 1279 1568 1315 sui.
1595 1278 1732 1328 Currit,
1765 1288 1798 1317 et
1829 1280 1927 1320 volat
1960 1296 2067 1321 senex
2090 1300 2098 1320 τ
2121 1299 2174 1324 νι-

1215 1335 1271 1372 dit
1296 1335 1390 1374 enim
1404 1337 1563 1389 praedam
1578 1354 1686 1390 quam
1713 1341 1924 1392 venabatur,
1947 1352 1980 1380 et
1999 1344 2096 1382 nulla
2121 1346 2174 1383 in-

1215 1396 1396 1434 firmitatis
1425 1412 1497 1436 suae
1530 1400 1666 1439 ratione
1695 1401 1840 1454 habita,
1875 1403 1922 1441 ad
1950 1406 2174 1446 venationem

1216 1457 1374 1496 cucurrit
1387 1471 1474 1496 :non
1490 1461 1633 1500 vocavit
1651 1462 1803 1501 famulos
1817 1493 1828 1513 ,
1853 1478 1968 1515 neque
1984 1466 2174 1518 imperavit

1215 1532 1347 1571 puero,
1370 1519 1531 1572 nihilque
1556 1523 1767 1562 rusticitatis
1795 1539 1907 1577 neque
1937 1526 2082 1565 desidiae
2102 1543 2174 1581 prae

1215 1593 1252 1617 se
1269 1580 1366 1630 tulit,
1381 1581 1444 1619 sed
1457 1581 1531 1634 ipse
1544 1585 1702 1622 cucurrit
1719 1586 1839 1637 :quasi
1856 1586 2001 1637 diceret,
2018 1591 2174 1641 Magnus

1210 1641 1398 1680 thesaurus
1413 1652 1613 1694 est,magna
1627 1646 1834 1697 negotiatio:
1846 1661 1909 1699 per
1920 1651 2172 1701 memetipsum

1210 1701 1303 1739 hanc
1326 1716 1478 1741 mercem
1506 1704 1636 1744 inferre
1668 1706 1800 1755 debeo,
1820 1722 1864 1746 ne
1893 1709 2054 1747 elabatur
2080 1711 2171 1749 mihi

1213 1770 1351 1800 tantum
1379 1763 1532 1802 lucrum.
1566 1765 1613 1803 Et
1643 1767 1720 1805 haec
1752 1768 1903 1806 faciebat
1930 1770 2066 1821 justus,
2098 1770 2169 1809 ho·—

1213 1823 1326 1862 mines
1351 1824 1519 1865 obscuros
1543 1836 1578 1865 ct
1603 1827 1756 1867 viatores
1780 1830 1958 1882 suscipere
1977 1845 2012 1870 se
2039 1832 2169 1871 existi-

1214 1897 1326 1922 mans.

110 1947 248 1999 μεγάλη
269 1947 494 2000 πραγματεία
506 1963 513 1971 ·
539 1948 581 1985 δι’
603 1949 726 1984 ἑαυτοῦ
745 1946 875 1992 ταύτην
891 1947 1019 2000 ὀφείλω
1035 1949 1144 1998 ἐμπο-

110 2009 319 2062 ρεύσασθαι,
341 2008 390 2060 μὴ
407 2008 623 2061 παραδράμῃ
646 2023 688 2058 με
706 2008 745 2045 τὸ
760 2012 904 2046 τοσοῦτο
920 2009 1052 2060 κέρδος.
1071 2009 1141 2047 Καὶ
1163 2021 1186 2050 R

107 2074 219 2108 ταῦτα
247 2070 358 2108 ἐποίει
388 2073 406 2108 6
435 2070 586 2117 δίκαιος,
604 2068 806 2120 ἀνθρώπους
837 2070 993 2120 ἀγνῶτας
1026 2069 1141 2113 ὁδίτας

109 2132 258 2183 νομίζων
275 2131 520 2183 ὑποδέχεσθαι.

158 2193 348 2243 Μάθωμεν,
366 2193 424 2231 καὶ
443 2191 656 2242 ζηλώσωμεν
672 2195 732 2229 τοῦ
751 2192 885 2230 δικαίου
910 2192 973 2240 τὴν
990 2193 1133 2246 ἀρετήν.

104 2253 190 2292 Ἐὰν
207 2253 274 2305 γὰρ
295 2253 385 2291 οὕτω
402 2254 571 2302 ποιῶμεν,
591 2253 681 2296 εἰκὸς
703 2253 762 2290 καὶ
789 2255 883 2303 ἡμᾶς
898 2268 985 2292 ποτε
1011 2257 1133 2293 ἐπιτυ-

100 2322 175 2367 γεῖν
192 2314 356 2361 τοιαύτης
376 2314 484 2366 θήρας
500 2329 508 2337 ·
530 2315 662 2365 μᾶλλον
684 2314 719 2352 δὲ
739 2313 798 2352 καὶ
819 2314 872 2353 ἀεὶ
898 2316 1135 2368 ἐπιτυγχάνο-

101 2362 177 2427 μεν,
206 2380 235 2416 εἰ
266 2375 486 2428 βουλοίμεθα.
511 2375 579 2414 Διὰ
606 2375 674 2429 γὰρ
704 2379 807 2414 τοῦτο
840 2379 858 2414 ὁ
893 2377 1135 2430 φιλάνθρωπος

100 2440 303 2486 Δεσπότης,
321 2439 378 2476 ἵνα
401 2437 449 2489 μὴ
469 2439 625 2488 ὀκνῶμεν
643 2438 728 2490 πρὸς
753 2438 818 2485 τὴν
845 2438 1010 2486 τοιαύτην
1031 2441 1127 2492 φιλο-

100 2501 285 2553 φρῡσύνην,
307 2500 394 2551 μηδὲ
411 2499 720 2553 περιεργαζώμεθα
734 2499 813 2544 τοὺς
832 2500 1021 2553 παριόντας
1033 2533 1042 2550 ‚
1061 2518 1145 2554 φη-.

99 2562 153 2599 σίν
167 2578 174 2585 ·
193 2561 259 2605 ιῸς
278 2561 318 2598 ἂν
339 2561 484 2608 δέξηται
502 2559 562 2598 ἕνα
579 2564 648 2599 τῶν
668 2561 861 2613 ἐλαχίστων
880 2561 1010 2600 τούτων
1027 2564 1062 2600 ἐν
1079 2566 1130 2616 τῷ

1259 2197 1295 2234 4.
1318 2197 1508 2235 Discamus
1529 2206 1562 2235 et
1581 2211 1659 2245 nos,
1679 2211 1720 2236 ac
1740 2198 1923 2237 imitemur
1936 2201 2026 2252 justi
2044 2202 2165 2241 virtu-

1203 2265 1286 2294 tem.
1307 2259 1399 2295 Nam
1419 2258 1447 2296 si
1466 2258 1535 2296 hoc
1553 2258 1758 2309 fecerimus,
1777 2260 1971 2298 verisimile
1984 2271 2036 2299 est
2051 2271 2083 2300 et
2102 2277 2165 2301 nos

1200 2318 1396 2369 aliquando
1410 2319 1585 2372 ejusmodi
1600 2320 1718 2372 praeda
1734 2320 1927 2373 potituros;
1939 2324 2010 2360 imo
2027 2338 2165 2376 semper

1199 2379 1424 2430 assequimur
1436 2410 1446 2430 ,
1464 2381 1493 2419 si
1512 2381 1742 2419 attendimus.
1758 2382 1816 2420 Oh
1837 2382 1936 2420 illam
1955 2384 2051 2422 enim
2073 2400 2162 2423 cau-

1199 2454 1275 2478 sam
1291 2440 1470 2492 henignus
1487 2442 1676 2492 Dominus,
1693 2452 1732 2481 ut
1751 2457 1794 2481 ne
1806 2443 1852 2481 ad
1871 2444 1980 2482 talem
2000 2445 2162 2497 benigni-

1198 2510 1305 2539 tatem
1326 2515 1448 2553 segnes
1469 2502 1593 2551 simus,
1611 2517 1725 2554 neque
1741 2504 1918 2542 curiosius
1937 2519 1995 2542 eos
2013 2507 2075 2556 qui
2094 2506 2159 2544 ad-

1197 2562 1346 2601 veniunt
1360 2572 1571 2613 scrutemur,
1592 2564 1723 2615 inquit:
1741 2567 1818 2613 Qui
1832 2569 2021 2617 acceperit
2038 2580 2158 2606 unum
2176 2587 2286 2616 Mamh
2314 2590 2361 2621 ,8,

98 2625 172 2674 ἐμῶ
192 2623 336 2672 ὀνόματι
351 2651 361 2664 ,
377 2621 440 2672 ἐμὲ
459 2622 611 2674 δέχεται.
636 2623 696 2669 Μὴ
714 2621 827 2659 τοίνυν
853 2621 939 2674 πρὸς
954 2623 1017 2670 τὴν
1037 2623 1129 2662 εὖτέ·
1150 2635 1174 2666 c
1197 2639 1246 2662 ex
1269 2627 1330 2663 his
1358 2628 1530 2662 minimis
1552 2627 1593 2662 in
1622 2631 1778 2664 nomine
1795 2641 1892 2674 meo,
1919 2641 1980 2664 me
2000 2632 2154 2681 accipit.
2174 2629 2204 2659 5·

155 2663 160 2675 .
351 2665 356 2669 ,
513 2665 522 2672 .

97 2684 194 2720 λειαν
214 2687 274 2721 τοῦ
293 2682 478 2734 παριόντος
497 2682 561 2734 ὅρα
576 2712 585 2729 ,
603 2683 691 2733 μηδε
719 2681 936 2733 ἐξευτελίσῃς
967 2684 1070 2723 αὐτὸν
1090 2686 1130 2724 ἐκ

104 2747 172 2783 τῶν
191 2744 388 2796 ὁρωμένων,
405 2743 483 2782 ἀλλ’
509 2743 670 2790 ἐννόησον
688 2742 741 2782 ὅτι
759 2744 819 2782 τὸν
837 2744 1021 2792 Δεσπότην
1041 2749 1130 2784 ὑπο-

97 2806 182 2858 δέχῃ
209 2806 268 2844 τὸν
302 2805 361 2844 σὸν
391 2806 449 2844 διὰ
481 2805 615 2844 τούτου.
637 2805 753 2844 “O-tow
772 2805 840 2858 γὰρ
866 2805 922 2844 διὰ
954 2806 994 2845 τὸ
1025 2809 1129 2845 αὐτοῦ

97 2869 208 2918 ὄνομα
240 2866 304 2913 τὴν
334 2869 382 2910 εἷς
407 2868 536 2906 ἐκεῖνον
571 2868 757 2920 θεραπείαν
790 2868 964 2920 ἐπιδείξῃ·
1001 2869 1130 2907 ὡσανεὶ

96 2931 225 2967 ἐκεῖνον
257 2927 529 2977 ὑποδεξάμενος,
548 2928 640 2966 οὕτω
668 2928 766 2980 λήψῃ
801 2929 860 2967 τὸν
895 2929 1030 2980 μισθόν.
1054 2929 1130 2967 Κᾶν

96 2990 247 3042 ῥάθυμος
265 2990 378 3028 τοίνυν
406 2984 429 3042 ᾗ
455 2989 514 3028 καὶ
544 2989 766 3040 ἠμελημένος
797 2992 816 3028 6
840 2994 902 3037 τῆς
933 2990 1031 3043 παρὰ
1055 2995 1116 3029 σοῧ

94 3051 348 3104 φιλοφροσύνης
377 3051 580 3099 ἀπολαύων,
614 3051 734 3102 μηδείς
769 3067 824 3091 σοι
854 3053 954 3104 λόγος
997 3053 1119 3091 τούτου

93 3113 183 3151 ἔστω
196 3128 203 3136 ·
221 3112 479 3165 ἀπηρτισμένος
493 3114 560 3165 γάρ
586 3127 641 3151 σοι
662 3117 680 3152 ὁ
699 3113 819 3164 μισθὸς
844 3114 1028 3161 δοθήσεται
1055 3114 1112 3153 διὰ

93 3173 157 3220 τὴν
177 3176 224 3218 εἷς
240 3176 298 3214 τὸν
317 3175 500 3222 Δεσπότην
519 3174 626 3226 τιμὴν
655 3178 758 3214 τοῦτο
785 3179 962 3222 ποιοῦντι,
984 3176 1042 3215 καὶ
1061 3179 1123 3225 ζη-

92 3238 209 3274 λοῦντι
224 3240 284 3274 τοῦ
302 3236 523 3289 πατριάρχου
538 3235 662 3275 τούτου
690 3236 916 3290 τὴνξάρετήν.
934 3237 1004 3277 Καὶ
1025 3238 1119 3286 ἰδὼν,

137 3352 150 3366 ⁸
173 3341 276 3376 Savil.
291 3350 324 3374 ct
344 3350 485 3386 quatuor
501 3343 577 3375 Mss.
602 3346 767 3386 ἀκούωμεν,
780 3349 948 3386 ἀγαπητοὶ,
969 3350 1016 3382 καὶ
1038 3362 1103 3390 μη-

93 3397 195 3429 tenor:-
212 3401 495 3441 περιεργαζώμεθα,
512 3396 639 3429 omissis
656 3395 870 3438 interpositis.

1196 2688 1250 2725 Ne
1267 2686 1378 2738 igitur
1395 2685 1442 2724 ad
1460 2686 1636 2724 vilitatem
1653 2688 1900 2739 praetereuntis
1919 2699 2068 2741 spectes,
2091 2704 2156 2729 ne—

1197 2761 1265 2798 que
1278 2761 1323 2785 ex
1338 2746 1381 2784 iis
1394 2760 1472 2797 quae
1487 2746 1586 2785 vides
1605 2747 1714 2785 vilem
1731 2762 1804 2785 esse
1823 2758 1942 2801 putes,
1960 2749 2023 2787 sed
2040 2751 2157 2803 cogita

1197 2817 1231 2846 te
1247 2822 1310 2859 per
1325 2807 1457 2859 ipsum,
1472 2807 1667 2845 Dominum
1681 2817 1785 2846 tuum
1799 2809 1988 2862 suscipere.
2004 2810 2157 2857 Quando

1197 2869 1292 2907 enim
1310 2878 1456 2921 propter
1474 2869 1551 2920 ejus
1572 2882 1701 2906 nomen
1731 2869 1972 2910 ministerium
1996 2881 2100 2911 tuum
2119 2874 2156 2911 in

1196 2930 1301 2968 illum
1316 2929 1535 2979 exhibueris,
1555 2929 1753 2968 mercedem
1767 2931 1932 2984 accipies,
1947 2947 1988 2971 ac
2007 2934 2035 2972 si
2050 2934 2156 2973 illum

1196 2992 1423 3044 suscepisses.
1442 2991 1541 3040 Esto,
1561 2991 1606 3029 sit
1621 2991 1721 3030 deses
1739 3001 1772 3030 et
1791 2993 2058 3045 negligentioris
2074 2997 2155 3036 vitae

1193 3054 1254 3105 qui
1285 3063 1346 3091 tua
1380 3053 1512 3090 fruitur
1539 3052 1770 3103 benignitate,
1804 3067 1874 3092 non
1909 3054 1956 3093 sit
1984 3056 2049 3094 tibi
2079 3058 2155 3109 ejus

1193 3115 1244 3152 rei
1265 3129 1348 3153 cura
1364 3114 1489 3167 :plena
1509 3114 1604 3151 enim
1622 3113 1688 3152 tibi
1709 3123 1742 3152 et
1764 3116 1916 3167 perfecta
1937 3131 2070 3155 merces
2089 3118 2153 3156 da-

1192 3176 1312 3226 bitur,
1329 3176 1365 3214 in
1388 3175 1532 3213 Domini
1550 3175 1721 3214 honorem
1740 3175 1809 3215 hoc
1827 3177 1968 3215 facienti
1984 3208 1994 3227 ,
2014 3189 2047 3217 ct
2067 3180 2151 3218 imi-

1190 3238 1277 3276 tanti
1304 3237 1514 3290 patriarchae
1534 3237 1714 3277 virtutem.
1738 3240 1792 3280 Et
1812 3248 1854 3278 ut
1873 3241 1990 3291 vidit,
2012 3240 2123 3293 iuquit
2137 3272 2146 3288 ‚

1181 3346 1196 3370 ¹·
1222 3346 1230 3386 [
1247 3343 1382 3378 Coislin.
1399 3348 1443 3378 ἵνα
1458 3345 1594 3388 &maer-J
