2433 3775
777 225 818 255 ΙΝ
856 224 956 255 (ᾺΡ.
998 223 1027 253 Ι.

138 313 229 358 νοίας
256 311 390 364 ταμείῳ
415 313 534 350 τοῦτον
566 308 836 361 κατακρύπτειν,
867 307 926 347 καὶ
956 306 1070 349 πάσας
1097 305 1159 349 τὰς

139 376 277 428 ἐφόδους
299 372 531 425 ἀποτειχίζειν
549 374 600 424 τῷ
621 374 740 409 τοῦτον
768 369 953 422 ὑφελέσθαι
975 367 1157 407 «ἐσπουδα-

138 435 213 474 κότι
230 465 240 484 ,
259 435 317 473 ἵνα
334 433 510 473 ἀνάλωτον
531 433 632 471 αὐτὸν
647 431 938 484 διαφυλάξαντες,
960 430 1160 478 δυνηθῶμεν

135 499 198 543 τῆς
227 498 317 543 ζωῆς
346 493 591 546 μεθιστάμενοι
612 493 734 546 ἐφόδιά
758 508 837 530 τινα
862 491 955 544 ἔχειν
983 489 1070 542 πρὸς
1096 488 1160 534 τὴν

138 556 316 595 Ι’ἐντεῦθεν
348 555 562 607 ἀποδημίαν.
577 554 719 607 Ἵὶσπερ
738 553 805 605 γὰρ
835 554 866 590 οἱ
889 551 946 591 ἐπὶ
973 554 1035 597 τῆς
1063 549 1160 596 ξένης

136 618 383 670 τυγχάνοντες,
400 616 540 656 ἐπειδὰν
568 615 743 666 μέλλωσιν
764 616 812 657 εἰς
827 612 890 660 τὴν
909 611 1038 650 οἰκείαν
1066 612 1158 648 ἐπα-

137 682 245 721 νιέναι
267 681 438 734 πατρίδα,
462 681 531 719 ἀπὸ
549 681 679 718 πολλοῦ
698 682 758 717 τοῦ
778 677 904 730 χρόνου
925 675 1015 714 κατὰ
1036 674 1159 726 μικρὸν

137 744 343 791 σπεύδουσι,
374 743 433 781 καὶ
471 740 667 794 ἐπείγονται
696 744 901 790 συναγαγεῖν
929 740 1084 775 τοσαῦτα
1116 734 1159 772 τὰ

138 805 279 856 ἐφόδια,
307 803 371 841 ὅσα
399 803 485 854 πρὸς
507 802 629 847 τὸτῆς
649 801 727 838 ὁδοῦ
756 801 866 849 μ’ῆκος
896 801 1015 850 ἀρκεῖν
1044 798 1160 838 αὐτοῖς

138 865 342 911 δυνήσεται,
362 863 417 901 ἵνα
440 863 488 914 μὴ
508 861 658 900 λάθωσιν
679 859 820 903 ἑαυτοὺς
833 862 928 911 λιμῷ
947 856 1158 910 παραδιδόν-

137 941 193 968 τες
205 941 212 949 ·
229 924 321 963 κατὰ
346 925 387 963 τὸ
412 923 497 961 αὐτὸ
516 922 701 961 ἀκόλουθον
716 920 776 959 καὶ
793 924 887 971 ἡμᾶς
903 919 1064 970 καθάπερ
1079 922 1092 938 ⁰
1103 917 1161 955 ἐπὶ

139 985 234 1033 ξένης
265 988 411 1024 ἐνταῦθα
446 983 681 1037 τυγχάνοντας
713 982 820 1031 (ξένοι
849 982 917 1034 γὰρ
946 981 1075 1024 πάντες
1101 979 1161 1018 καὶ

137 1046 378 1098 παρεπίδημοί
403 1049 552 1097 ἐσμεν),
576 1047 723 1084 ἐνταῦθα
745 1045 813 1091 ἤδη
835 1049 976 1083 σκοπεῖν
999 1043 1058 1081 καὶ
1078 1057 1162 1095 προ-

137 1107 360 1146 αποτίθεσθαι
379 1109 513 1150 ἑαυτοῖς
532 1105 577 1144 τὰ
599 1105 656 1145 διὰ
669 1109 731 1153 τῆς
751 1107 876 1158 ἀρετ-’ῆς
892 1108 955 1152 τ-’ῆς
973 1119 1163 1155 πνευματι-

137 1171 200 1215 κῆς
219 1168 364 1222 ἐφόδια·
384 1167 427 1206 ἵν’
449 1167 533 1207 ὅταν
558 1166 739 1221 προστάξῃ
768 1170 786 1206 ὁ
811 1166 995 1213 Δεσπότης
1026 1168 1073 1210 εἰς
1099 1165 1162 1212 τὴν

137 1229 266 1269 οἰκείαν
312 1232 407 1281 ἡμᾶς
452 1227 606 1281 πατρίδα
643 1229 854 1276 ἐπανελθεῖν,
900 1227 1165 1280 ἐμπαράσκευοι

136 1284 245 1342 ῶμεν,
271 1291 329 1328 καὶ
349 1290 393 1328 τὰ
417 1289 480 1340 μὲν
501 1292 576 1341 μεθ’
599 1291 731 1327 ἑαυτῶν
751 1288 1039 1340 ἀποκομίσωμεν,
1062 1288 1106 1327 τὰ
1126 1287 1162 1327 δὲ

135 1353 407 1404 προπέμψαντες
425 1345 530 1401 ῶμεν.
551 1351 709 1397 Τοιαύτη
736 1350 804 1403 γὰρ
823 1353 892 1388 τῶν
912 1350 1059 1402 ἐφοδίων
1079 1349 1160 1388 τού-

135 1429 203 1451 των
219 1416 241 1459 ἡ
261 1412 379 1465 φύσις·
399 1413 489 1465 ἅπερ
513 1410 553 1449 ἂν
586 1411 643 1450 διὰ
671 1414 734 1458 τῆς
761 1413 831 1449 τῶν
864 1414 1004 1462 ἀγαθῶν
1030 1411 1160 1450 τούτων

135 1473 292 1527 πράξεων
312 1473 477 1526 ἐργασίας
498 1473 702 1523 θελήσωμεν
723 1475 858 1516 ἑαυτοῖς
876 1472 1160 1524 προαποθέσθαι,

135 1535 384 1590 προφθάσαντα
406 1538 500 1586 ἡμᾶς
525 1537 614 1582 ἐκεῖ,
639 1533 704 1577 τὰς
732 1533 836 1586 θύρας
865 1536 950 1583 ἡμῖν
983 1533 1161 1585 ἀνοίγνυσι

135 1600 197 1643 τῆς
215 1594 415 1650 παῤῥησίας
429 1599 492 1643 τῆς
511 1596 596 1648 πρὸς
614 1595 673 1633 τὸν
694 1595 890 1642 Δεσπότην,
907 1594 967 1633 καὶ
982 1594 1046 1641 τὴν
1065 1592 1159 1633 εἴσο-

137 1658 193 1696 δον
223 1657 485 1710 προευτρεπίζει
501 1687 510 1705 ,
535 1656 626 1695 ὥστε
653 1657 742 1707 μετὰ
767 1656 884 1703 πάσης
911 1655 1028 1700 ἀδείας
1050 1658 1161 1694 εἴσελ-

156 1724 218 1765 εῖν,
245 1718 306 1757 καὶ
335 1716 468 1765 πολλὴν
500 1720 610 1770 εὑρεῖν
639 1716 738 1770 παρὰ
761 1719 811 1769 τῷ
841 1718 990 1768 δικαστῇ
1019 1716 1082 1765 τὴν
1103 1716 1162 1755 εὔ-

134 1795 240 1819 νοιαν.

188 1841 260 1880 Καὶ
288 1840 344 1879 ἵνα
374 1842 505 1894 μάθῃς,
526 1840 708 1894 ἀγαπητὲ,
729 1841 784 1881 ὅτι
805 1845 916 1880 ταῦτα
940 1844 1061 1880 τοῦτον
1088 1841 1162 1894 ἔχει

135 1904 192 1942 τὸν
211 1903 352 1954 τρόπον,
378 1902 484 1941 ἐννόει
513 1918 594 1953 μοι,
614 1902 668 1940 ὅτι
687 1907 704 1941 ὁ
723 1903 785 1950 τὴν
817 1902 1054 1953 ἐλεημοσύνην
1073 1902 1161 1954 μετὰ

135 1963 315 2016 δαψιλείας
333 1963 558 2016 ἐργαζόμενος
587 1963 647 2001 καὶ
675 1966 819 2002 ἐνταῦθα
842 1965 962 2016 ἀγαθῷ
993 1963 1162 2002 συνειδότι

134 2025 340 2078 τρεφόμενος
359 2025 527 2071 διατελεῖ,
550 2025 610 2062 καὶ
633 2025 772 2063 ἐπειδὰν
793 2026 945 2063 ἐντεῦθεν
980 2028 1156 2076 μεταστῇ,

134 2085 268 2131 πολλὴν
282 2085 435 2138 εὑρίσκει
453 2085 550 2136 παρὰ
567 2088 617 2137 τῷ
639 2086 785 2137 δικαστῇ
802 2085 865 2132 τὴν
883 2085 1159 2138 φιλανθρωπίαν,

132 2146 192 2184 καὶ
213 2148 283 2184 τῶν
308 2145 491 2198 μακαρίων
510 2145 648 2184 ἐκείνων
675 2146 842 2199 ῥημάτων
859 2146 1048 2184 ἀκούσεται
1069 2146 1160 2196 μετὰ

130 2210 199 2246 τῶν
225 2209 356 2246 λοιπῶν
374 2223 382 2231 ·
402 2209 511 2245 Δεῦτε
530 2210 561 2246 οἱ
581 2208 808 2259 εὐλογημένοι
827 2212 887 2247 τοῦ
908 2207 1048 2260 Πατρός
1076 2223 1158 2258 μου,

129 2268 418 2322 κληρονομήσατε
448 2268 511 2316 τὴν
549 2269 813 2320 ἡτοιμασμένην
853 2273 934 2321 ὑμῖν
977 2269 1158 2321 βασιλείαν

129 2331 199 2369 ἀπὸ
226 2329 426 2376 καταδολῆς
444 2330 595 2380 κόσμου·
623 2330 676 2368 ὅτι
695 2329 884 2379 ἐπείνασα,
910 2331 970 2368 καὶ
1004 2329 1159 2369 ἐδώκατέ

129 2407 189 2442 μοι
206 2397 340 2445 φαγεῖν.
364 2392 418 2430 Τὸ
442 2392 527 2430 αὐτὸ
548 2391 589 2439 δὴ
616 2392 676 2430 καὶ
702 2392 760 2431 ἐπὶ
781 2395 850 2430 τῶν
879 2394 995 2431 ἄλλων
1025 2394 1158 2444 ἀρετῶν

129 2453 308 2505 γινόμενον
328 2452 422 2507 εὕροι
436 2469 488 2497 τις
508 2453 564 2492 ἄν.
585 2453 690 2492 Οὕτω
715 2453 775 2491 καὶΙ
794 2454 852 2492 ἐπὶ
867 2457 930 2501 τῆς
949 2454 1159 2506 ἐξομολογή-

129 2530 216 2558 σεως
241 2517 310 2552 τῶν
334 2515 529 2567 ἁμαρτιῶν,
559 2515 618 2552 καὶ
643 2515 701 2553 ἐπὶ
724 2516 792 2553 τῶν
825 2516 938 2567 εὖχῶν
967 2517 1036 2553 τῶν
1069 2516 1157 2566 μετὰ

128 2575 300 2620 ἐκτενείας
311 2577 501 2627 γινομένων
517 2576 750 2627 συμὸήσεται.
764 2574 879 2615 ςὈταν
894 2576 962 2628 γὰρ
978 2579 1012 2615 ἐν
1030 2578 1073 2628 τῇ
1092 2592 1158 2614 πα-

130 2637 236 2689 ρούσῃ
251 2640 322 2689 ζωῇ
343 2637 400 2676 διὰ
417 2640 478 2684 τῆς
495 2637 775 2689 ἐξομολογήσεως
790 2636 1027 2690 ἀπονίψασθαι
1041 2638 1085 2675 τὰ
1099 2654 1157 2676 πε-

128 2699 414 2749 πλημμελημένα
430 2700 646 2750 δυνηθῶμεν,
664 2699 724 2737 καὶ
743 2698 806 2746 τὴν
824 2698 1048 2752 συγχώρησιν
1068 2698 1084 2720 ‘²
1097 2702 1156 2737 εὓ-

130 2760 249 2813 ρέσθαι
267 2759 365 2814 παρὰ
386 2764 445 2798 τοῦ
465 2760 644 2800 Δεσπότου
657 2791 666 2809 ,
683 2760 814 2811 ἄπιμεν
830 2763 901 2800 ἐκεῖ
921 2761 1067 2813 καθαροὶ
1085 2764 1154 2799 τῶν

128 2821 408 2874 ἁμαρτημάτων,
424 2822 484 2861 καὶ
504 2822 638 2870 πολλὴν
653 2822 846 2876 εὑρήσομεν
867 2822 931 2870 τὴν
952 2823 1156 2876 παρρησίαν

128 2886 212 2933 ἡμῖν
226 2883 460 2936 δωρουμένην.
475 2883 568 2922 Οὐδὲ
587 2883 656 2936 γὰρ
677 2878 746 2921 οἷόν
760 2900 799 2922 τε
812 2885 933 2923 λοιπὸν
950 2887 1060 2936 εὑρεῖν
1078 2901 1155 2923 τινα

129 2944 353 2996 παραμυθίαν
373 2945 445 2982 ἐκεῖ
458 2945 516 2983 τὸν
534 2944 583 2995 μὴ
606 2947 640 2982 ἐν
660 2947 710 2997 τῷ
726 2945 874 2997 παρόντι
897 2945 962 2999 βίῳ
977 2946 1155 2999 ἀπονιψά-

129 3021 230 3056 μενον
245 3004 289 3043 τὰ
305 3005 551 3057 ἡμαρτημένα.
569 3006 632 3045 Ἐν
650 3006 718 3058 γὰρ
737 3009 787 3058 τῷ
804 3006 868 3059 ᾅδῃ
882 3037 892 3054 ,
908 3006 1014 3059 φησὶ,
1033 3007 1085 3052 τίς
1105 3007 1156 3052 ἐξ·

128 3066 383 3117 ομολογήσεταί
399 3081 473 3114 σοι;
491 3066 560 3105 Καὶ
574 3067 727 3111 εἰκότως·
748 3062 844 3112 οὗτος
858 3068 926 3120 γάρ
943 3071 1035 3106 ἐστιν
1051 3072 1068 3107 ὁ
1084 3072 1152 3107 τῶν

128 3127 346 3178 σκαμμάτων
366 3127 484 3180 καιρὸς
497 3156 507 3175 ,
527 3127 587 3165 καὶ
601 3130 670 3165 τῶν
690 3127 834 3180 ἀγώνων
856 3129 916 3167 καὶ
935 3133 1004 3168 τῶν
1025 3130 1153 3167 παλαι-

128 3188 271 3238 σμάτων
284 3204 291 3212 ·
310 3190 439 3233 ἐκεῖνος
457 3187 493 3227 δὲ
520 3190 588 3226 τῶν
607 3189 798 3241 στεφάνων,
818 3190 878 3228 καὶ
896 3193 965 3228 τῶν
983 3190 1153 3241 ἀμοιὸῶν,

130 3248 276 3288 καὶτῶν
305 3249 489 3302 βραδείων.
516 3248 784 3302 Ἀγωνισώμεθα
810 3250 922 3290 τοίνυν
959 3254 1006 3295 ὡς
1035 3252 1086 3290 ἔτι
1120 3253 1154 3290 ἓν

175 3364 190 3387 b
206 3363 247 3394 In
264 3361 369 3396 tribus
384 3364 460 3396 Mss.
474 3369 605 3398 ἐντεῦθεν
618 3373 666 3397 est
682 3377 779 3408 supra
797 3373 874 3397 ante
893 3373 978 3408 ςωῆς,

173 3425 185 3439 e
205 3414 359 3458 Quinque
376 3415 451 3448 Mas.
465 3423 497 3449 et
511 3416 569 3450 53ι
579 3416 611 3449 il.
624 3423 670 3452 ἐπὶ
688 3422 767 3457 ξένη,-
785 3423 910 3453 brawa
928 3425 1139 3462 τυγχάνοντας.

1065 221 1228 251 GENES.

1185 1483 1209 1513 (²⁴1

1272 221 1431 251 noMtL.
1474 221 1518 250 V.

2121 210 2174 267 41

1231 303 1326 342 enim
1334 303 1427 342 sicut
1440 303 1464 341 ii
1476 303 1538 354 qui
1552 303 1586 340 in
1596 312 1686 341 terra
1698 303 1812 341 aliena
1823 313 1916 352 sunt,
1928 305 2070 355 quando
2082 306 2116 343 in
2128 320 2184 358 pa-

1232 365 1339 403 triam
1355 379 1456 403 suam
1472 363 1586 403 redire
1599 364 1748 417 cupiunt
1758 394 1770 414 ,
1796 365 1908 402 multo
1924 374 2080 417 tempore
2098 381 2185 418 pau-

1235 427 1332 465 latim
1351 426 1494 465 student
1512 437 1545 465 et
1561 437 1686 466 curant
1701 435 1837 464 tantum
1854 426 2039 464 corradere
2053 428 2186 473 viatici,

1233 497 1406 540 quantum
1419 489 1466 527 ad
1480 489 1547 527 viae
1559 488 1818 540 longitudinem
1830 489 1878 526 eis
1890 488 2052 525 sufficere
2068 496 2186 537 queat,

1234 559 1272 588 ιιι
1292 565 1336 588 ne
1355 550 1490 588 incuria
1512 551 1604 588 fame
1619 549 1751 602 seipsos
1770 548 1919 602 perdant
1939 565 1946 585 z
1969 549 2017 586 ita
2036 562 2120 586 sane
2136 549 2189 585 sa-

1234 626 1310 649 cere
1325 622 1358 650 et
1376 627 1437 650 nos
1453 606 1610 664 oportet,
1631 612 1714 663 quia
1737 610 1910 664 peregrini
1934 610 1993 648 hic
2012 624 2136 649 sumus
2157 619 2190 647 et

1233 671 1393 721 advenae,
1410 682 1448 710 ut
1461 672 1714 725 provideamus
1727 682 1760 710 et
1777 685 1987 725 reponamus
2001 671 2103 709 nobis
2121 670 2189 723 spi-

1233 733 1417 770 ritualium
1430 733 1608 771 virtutum
1618 733 1767 771 viatica:
1785 732 2188 786 utquandopraeccpcrit
2245 744 2390 774 viaticum

1234 793 1336 830 nobis
1351 793 1529 830 Dominus
1544 794 1578 831 in
1594 802 1750 830 nostram
1767 793 1884 831 redire
1895 795 2059 846 patriam,
2074 794 2187 846 parati
2202 787 2343 836 ''l‘unu‘''
2357 791 2392 815 ³⁸¹

1233 852 1360 902 simus,
1391 863 1423 891 et
1440 854 1508 891 alia
1527 853 1673 905 quidem
1694 854 1879 892 nobiscum
1896 856 2103 905 asseramus,
2120 856 2188 893 alia
2203 837 2291 899 Ὰᾞῃ
2308 831 2391 858 sum-

1234 922 1353 950 autem
1378 914 1453 966 jam
1478 914 1657 966 praemissa
1692 914 1898 952 habeamus.
1931 915 2069 952 Horum
2097 917 2191 953 enim

1233 973 1447 1012 viaticorum
1464 975 1545 1012 talis
1566 983 1691 1012 natura
1712 984 1781 1022 est,
1798 984 1836 1012 ut
1856 989 1894 1012 ea
1915 989 1992 1026 quae
2006 990 2067 1028 per
2083 976 2193 1014 bono-

1235 1049 1317 1073 rum
1346 1036 1587 1089 operationem
1606 1036 1825 1074 volucrimus
1847 1045 1927 1073 ante
1951 1051 2013 1075 nos
2036 1037 2193 1088 proemit-

1235 1104 1328 1146 tere,
1357 1111 1438 1135 cum
1461 1097 1549 1135 illuc
1574 1111 1638 1135 nos
1659 1097 1921 1149 praevenerint,
1941 1098 2068 1149 Januas
2092 1098 2194 1136 nobis

1235 1156 1395 1208 aperiant
1416 1156 1558 1195 fiduciae
1575 1156 1621 1195 ad
1640 1155 1837 1194 Dominum
1847 1163 1887 1194 ‘et
1904 1157 2086 1195 introitum
2100 1158 2191 1195 faci-

1236 1218 1320 1267 lem,
1333 1227 1367 1256 et
1381 1219 1515 1270 absque
1529 1232 1677 1271 pavore,
1691 1226 1725 1256 et
1739 1231 1904 1270 magnam
1919 1218 2015 1271 apud
2029 1220 2048 1259 J
2053 1218 2193 1257 udicem

1236 1279 1520 1319 benevolentiam
1545 1278 1748 1318 concilient.

1289 1846 1326 1881 ΞΖ.
1345 1842 1391 1880 Et
1419 1852 1458 1880 ut
1475 1841 1606 1890 diseas,
1627 1842 1776 1892 dilecte,
1799 1843 1875 1882 haec
1894 1844 1930 1882 in
1952 1844 2047 1883 hunc
2065 1859 2101 1883 se
2118 1859 2193 1884 mo-

1234 1903 1323 1941 dum
1348 1903 1491 1951 habere,
1513 1903 1641 1953 collige
1661 1904 1768 1952 binc,
1795 1904 1894 1955 quod
1912 1905 1974 1956 qui
1996 1905 2193 1944 liberaliter

1234 1965 1495 2017 eleemosynam
1508 1963 1678 2016 impertit,
1698 1965 1802 2003 ethic
1815 1980 1896 2003 cum
1911 1966 2002 2004 bona
2017 1967 2192 2005 conscien-

1237 2026 1283 2063 tia
1299 2035 1483 2074 versatur,
1504 2025 1567 2062 ubi
1581 2024 1664 2063 hinc
1681 2025 1871 2064 translatus
1884 2027 2009 2073 fuerit,
2026 2041 2191 2078 magnam

1233 2086 1330 2138 apud
1361 2086 1525 2126 ,Iudicem
1559 2086 1841 2124 misericordiam
1878 2087 2034 2125 inveniat
2048 2118 2059 2137 ,
2089 2097 2192 2139 atquc

1232 2148 1334 2185 beata
1368 2147 1429 2185 illa
1455 2147 1565 2186 verba
1587 2162 1668 2185 cum
1697 2148 1834 2185 caeteris
1866 2148 1988 2186 audiat
2015 2165 2023 2185 :
2058 2151 2192 2187 Venite
2209 2168 2320 2195 ‚namn
2341 2166 2390 2195 25,

1235 2209 1426 2246 benedicti
1443 2209 1577 2246 Patris
1589 2211 1674 2256 mei,
1686 2211 1849 2260 accipite
1870 2212 1909 2246 in
1928 2210 2189 2247 hoereditatem
2206 2210 2256 2246 34.
2273 2209 2324 2238 35.

1232 2283 1408 2321 regnum,
1423 2270 1528 2321 quod
1540 2271 1651 2308 vobis
1662 2279 1926 2321 praeparatum
1941 2280 1995 2309 est
2012 2286 2036 2309 a
2053 2274 2193 2309 consei-

1234 2334 1382 2368 tutione
1401 2330 1560 2368 mundi.-
1579 2333 1671 2383 quia
1693 2334 1849 2380 esurivi,
1866 2341 1902 2369 et
1923 2333 2082 2371 dedistis
2098 2334 2194 2370 mihi

1234 2392 1485 2428 manducare.
1503 2390 1666 2443 Idipsum
1683 2400 1775 2428 certe
1795 2401 1827 2429 et
1847 2392 1881 2429 in
1902 2391 1982 2429 aliis
1999 2392 2192 2430 virtutibus

1233 2452 1435 2504 contingere
1458 2452 1630 2491 invenias.
1649 2452 1710 2491 Sic
1729 2462 1759 2490 et
1786 2453 1820 2490 in
1839 2454 2054 2492 confessione
2069 2469 2191 2507 pecca-

1232 2521 1352 2550 torum
1363 2543 1374 2562 ,
1391 2522 1424 2550 et
1445 2513 1480 2550 in
1495 2513 1705 2552 assiduitate
1722 2514 1928 2565 servoreque
1946 2516 2190 2567 precationum

1232 2583 1442 2612 eventurum
1473 2583 1538 2612 est.
1566 2574 1719 2621 Quando
1754 2575 1848 2613 enim
1869 2575 1905 2613 in
1928 2576 2093 2627 przesenti
2113 2577 2189 2614 vita
2241 2605 2331 2632 Conse

1231 2649 1294 2688 per
1309 2635 1560 2673 consessionem
1576 2645 1717 2687 peccata
1731 2635 1886 2683 abluere,
1901 2645 1931 2673 et
1945 2637 2187 2676 remissionem

1230 2710 1249 2733 a
1270 2696 1424 2734 Domino
1441 2696 1577 2747 assequi
1598 2697 1841 2749 potuerimus,
1863 2697 2044 2736 abibimus
2063 2699 2151 2737 illuc
2167 2714 2186 2737 a

1230 2757 1382 2810 peccatis
1396 2757 1490 2809 puri,
1507 2766 1538 2795 et
1554 2771 1720 2808 magnam
1736 2789 1743 2802 ‚
1758 2772 1837 2807 quae
1857 2766 1941 2796 tunc
1957 2759 2058 2797 nobis
2079 2759 2189 2799 dona-

1228 2818 1347 2868 bitur,
1382 2819 1551 2856 fiduciam
1577 2818 1809 2855 inveniemus.
1841 2819 1964 2869 Neque
1986 2820 2080 2858 enim
2112 2810 2188 2858 fieri

1229 2889 1344 2932 potest
1373 2889 1411 2917 ut
1433 2880 1496 2929 iis,
1533 2879 1593 2929 qui
1618 2879 1654 2916 in
1683 2879 1845 2931 praesenti
1865 2880 1938 2918 vita
1959 2891 2099 2933 peccata
2119 2896 2186 2919 non

1229 2940 1382 2978 abluerit
1397 2971 1408 2990 ,
1426 2949 1545 2992 postea
1563 2939 1838 2977 consolationem
1855 2940 2011 2992 aliquam
2033 2942 2109 2980 illic
2131 2943 2185 2981 in-

1228 3012 1400 3041 venturus
1417 3002 1474 3039 sit.
1496 3004 1544 3038 In
1564 3002 1719 3053 [tiferno
1736 3001 1830 3039 enim
1844 3033 1852 3049 ,
1871 3002 1940 3051 ait,
1962 3006 2046 3055 quis
2063 3004 2187 3057 corifi·
2204 3022 2287 3049 psus,
2305 3023 2334 3050 (ς,
2355 3024 2384 3053 5,

1229 3067 1370 3102 tebilnr
1384 3065 1479 3101 tihi?
1495 3062 1539 3099 Et
1559 3062 1683 3099 merito
1699 3077 1707 3098 τ
1723 3061 1791 3100 boc
1807 3063 1900 3101 enim
1917 3074 1967 3102 est
1990 3065 2185 3104 stadiorum

1229 3134 1389 3177 tempus,
1418 3133 1451 3161 et
1474 3123 1723 3167 conflictuum,
1752 3132 1785 3161 et
1810 3125 2043 3163 certaminum
2068 3143 2075 3162 :
2096 3127 2186 3164 illud

1227 3201 1313 3224 vero
1329 3199 1541 3224 coronarum
1555 3215 1564 3232 ,
1579 3184 1753 3223 mercedis
1764 3216 1772 3232 ,
1790 3194 1822 3222 et
1841 3187 2084 3238 praemiorum.
2101 3189 2185 3226 Pro-

1228 3250 1311 3289 inde
1323 3259 1496 3288 certemus
1509 3248 1596 3286 dum
1610 3248 1730 3287 adhuc
1745 3250 1780 3288 in
1797 3250 1911 3289 stadio
1928 3266 2126 3292 versamur,
2146 3268 2187 3290 ne

2336 2606 2392 2630 snio

2256 2651 2390 2683 peccato-

2202 2698 2266 2715 rum
2273 2709 2278 2714 .

1178 3366 1216 3397 In
1234 3363 1346 3396 Morel.
1365 3368 1492 3397 ἐνταῦθα
1511 3362 1614 3396 deest.
1633 3363 1725 3396 Infra
1743 3363 1840 3396 iidem
1858 3369 1987 3400 ἐντεῦθεν
2005 3369 2070 3404 ἤδη.

1221 3418 1236 3442 d
1255 3417 1377 3449 Omnes
1395 3416 1460 3448 sere
1478 3419 1617 3461 εὕρασθαι
1632 3444 1639 3450 .
1657 3424 1776 3459 praeter
1793 3417 1906 3449 Mon-cl.
