<?xml version="1.0" encoding="UTF-8"?>
<!DOCTYPE html PUBLIC "-//W3C//DTD XHTML 1.0 Transitional//EN"
    "http://www.w3.org/TR/xhtml1/DTD/xhtml1-transitional.dtd">
<html xmlns="http://www.w3.org/1999/xhtml" xml:lang="en" lang="en">
 <head>
  <title>
</title>
<meta http-equiv="Content-Type" content="text/html;charset=utf-8" />
  <meta name='ocr-system' content='tesseract 3.04.00' />
  <meta name='ocr-capabilities' content='ocr_page ocr_carea ocr_par ocr_line ocrx_word'/>
</head>
<body>
  <div class='ocr_page' id='page_1' title='image "./operaomniaquaeex04johnuoft/operaomniaquaeex04johnuoft_0513.png"; bbox 0 0 2516 3791; ppageno 0'>
   <div class='ocr_carea' id='block_1_1' title="bbox 616 217 1005 258">
    <p class='ocr_par' dir='ltr' id='par_1_1' title="bbox 616 217 1005 258">
     <span class='ocr_line' id='line_1_1' title="bbox 616 217 1005 258; baseline -0.01 -8"><span class='ocrx_word' id='word_1_1' title='bbox 616 220 702 258; x_wconf 53' lang='grc' dir='ltr'>νιΝ</span> <span class='ocrx_word' id='word_1_2' title='bbox 741 219 841 249; x_wconf 59' lang='grc' dir='ltr'>σιν.</span> <span class='ocrx_word' id='word_1_3' title='bbox 882 217 1005 248; x_wconf 60' lang='lat' dir='ltr'>xvun</span> 
     </span>
    </p>
   </div>
   <div class='ocr_carea' id='block_1_2' title="bbox 101 301 1130 604">
    <p class='ocr_par' dir='ltr' id='par_1_2' title="bbox 101 301 1130 604">
     <span class='ocr_line' id='line_1_2' title="bbox 105 301 1128 356; baseline -0.008 -9"><span class='ocrx_word' id='word_1_4' title='bbox 105 309 197 353; x_wconf 83' lang='grc' dir='ltr'>τάξει</span> <span class='ocrx_word' id='word_1_5' title='bbox 212 313 281 350; x_wconf 87' lang='grc' dir='ltr'>τοῖς</span> <span class='ocrx_word' id='word_1_6' title='bbox 304 309 386 349; x_wconf 82' lang='grc' dir='ltr'><strong>υἱοῖς</strong></span> <span class='ocrx_word' id='word_1_7' title='bbox 406 306 510 344; x_wconf 82' lang='grc' dir='ltr'>αὐτοῦ</span> <span class='ocrx_word' id='word_1_8' title='bbox 530 307 606 355; x_wconf 90' lang='grc' dir='ltr'>μετ’</span> <span class='ocrx_word' id='word_1_9' title='bbox 634 304 752 350; x_wconf 80' lang='grc' dir='ltr'>αὐτὸν,</span> <span class='ocrx_word' id='word_1_10' title='bbox 773 304 832 342; x_wconf 77' lang='grc' dir='ltr'>καὶ</span> <span class='ocrx_word' id='word_1_11' title='bbox 860 301 1048 356; x_wconf 76' lang='grc' dir='ltr'>φυλάξουσι</span> <span class='ocrx_word' id='word_1_12' title='bbox 1066 301 1128 343; x_wconf 83' lang='grc' dir='ltr'>τὰς</span> 
     </span>
     <span class='ocr_line' id='line_1_3' title="bbox 103 362 1128 420; baseline -0.007 -13"><span class='ocrx_word' id='word_1_13' title='bbox 103 368 198 412; x_wconf 79' lang='grc' dir='ltr'>ὁδοὺς</span> <span class='ocrx_word' id='word_1_14' title='bbox 216 367 356 420; x_wconf 87' lang='grc' dir='ltr'>Κυρίου.</span> <span class='ocrx_word' id='word_1_15' title='bbox 377 367 500 414; x_wconf 86' lang='grc' dir='ltr'>Πολλὴ</span> <span class='ocrx_word' id='word_1_16' title='bbox 522 369 585 413; x_wconf 79' lang='grc' dir='ltr'>τῆς</span> <span class='ocrx_word' id='word_1_17' title='bbox 609 368 735 418; x_wconf 74' lang='grc' dir='ltr'>ἀρετῆς</span> <span class='ocrx_word' id='word_1_18' title='bbox 754 369 776 411; x_wconf 77' lang='grc' dir='ltr'>ἡ</span> <span class='ocrx_word' id='word_1_19' title='bbox 797 365 974 407; x_wconf 81' lang='grc' dir='ltr'><strong>ἐπίτασις·</strong></span> <span class='ocrx_word' id='word_1_20' title='bbox 995 365 1032 401; x_wconf 82' lang='grc' dir='ltr'>οὐ</span> <span class='ocrx_word' id='word_1_21' title='bbox 1060 362 1128 414; x_wconf 87' lang='grc' dir='ltr'>γὰρ</span> 
     </span>
     <span class='ocr_line' id='line_1_4' title="bbox 102 422 1128 480; baseline -0.006 -13"><span class='ocrx_word' id='word_1_22' title='bbox 102 429 204 479; x_wconf 88' lang='grc' dir='ltr'>μόνον</span> <span class='ocrx_word' id='word_1_23' title='bbox 219 428 307 480; x_wconf 81' lang='grc' dir='ltr'>ὑπὲρ</span> <span class='ocrx_word' id='word_1_24' title='bbox 332 422 380 466; x_wconf 70' lang='grc' dir='ltr'>ὧν</span> <span class='ocrx_word' id='word_1_25' title='bbox 407 428 508 472; x_wconf 80' lang='grc' dir='ltr'>αὐτὸς</span> <span class='ocrx_word' id='word_1_26' title='bbox 528 427 664 478; x_wconf 81' lang='grc' dir='ltr'>μέτεισι</span> <span class='ocrx_word' id='word_1_27' title='bbox 682 427 744 473; x_wconf 77' lang='grc' dir='ltr'>τὴν</span> <span class='ocrx_word' id='word_1_28' title='bbox 765 426 913 478; x_wconf 78' lang='grc' dir='ltr'>ἀρετὴν,</span> <span class='ocrx_word' id='word_1_29' title='bbox 933 424 996 468; x_wconf 83' lang='grc' dir='ltr'>τὰς</span> <span class='ocrx_word' id='word_1_30' title='bbox 1022 427 1128 474; x_wconf 82' lang='grc' dir='ltr'>ἀμοι-</span> 
     </span>
     <span class='ocr_line' id='line_1_5' title="bbox 101 483 1130 543; baseline -0.006 -15"><span class='ocrx_word' id='word_1_31' title='bbox 101 490 164 533; x_wconf 74' lang='grc' dir='ltr'>ὅὰς</span> <span class='ocrx_word' id='word_1_32' title='bbox 190 490 347 543; x_wconf 74' lang='grc' dir='ltr'>δέχεται,</span> <span class='ocrx_word' id='word_1_33' title='bbox 378 489 470 528; x_wconf 79' lang='grc' dir='ltr'>ἀλλὰ</span> <span class='ocrx_word' id='word_1_34' title='bbox 498 490 556 528; x_wconf 77' lang='grc' dir='ltr'>καὶ</span> <span class='ocrx_word' id='word_1_35' title='bbox 587 490 674 541; x_wconf 79' lang='grc' dir='ltr'>ὑπὲρ</span> <span class='ocrx_word' id='word_1_36' title='bbox 708 483 756 526; x_wconf 63' lang='grc' dir='ltr'>ὧν</span> <span class='ocrx_word' id='word_1_37' title='bbox 787 487 967 532; x_wconf 83' lang='grc' dir='ltr'>διετάξατο</span> <span class='ocrx_word' id='word_1_38' title='bbox 996 491 1066 528; x_wconf 88' lang='grc' dir='ltr'>τοῖς</span> <span class='ocrx_word' id='word_1_39' title='bbox 1095 485 1130 529; x_wconf 81' lang='grc' dir='ltr'>ἐξ</span> 
     </span>
     <span class='ocr_line' id='line_1_6' title="bbox 102 547 1129 604; baseline -0.006 -14"><span class='ocrx_word' id='word_1_40' title='bbox 102 553 207 590; x_wconf 80' lang='grc' dir='ltr'>αὐτοῦ</span> <span class='ocrx_word' id='word_1_41' title='bbox 234 555 406 604; x_wconf 86' lang='grc' dir='ltr'>τεχθεῖσι,</span> <span class='ocrx_word' id='word_1_42' title='bbox 433 553 598 604; x_wconf 78' lang='grc' dir='ltr'>δαψιλοῦς</span> <span class='ocrx_word' id='word_1_43' title='bbox 629 550 785 596; x_wconf 79' lang='grc' dir='ltr'>ἀξιοῦται</span> <span class='ocrx_word' id='word_1_44' title='bbox 813 552 876 595; x_wconf 69' lang='grc' dir='ltr'>τῆς</span> <span class='ocrx_word' id='word_1_45' title='bbox 907 547 1129 589; x_wconf 85' lang='grc' dir='ltr'>ἀντιδόσεως·</span> 
     </span>
    </p>
   </div>
   <div class='ocr_carea' id='block_1_3' title="bbox 1050 215 1212 247">
    <p class='ocr_par' dir='ltr' id='par_1_3' title="bbox 1050 215 1212 247">
     <span class='ocr_line' id='line_1_7' title="bbox 1050 215 1212 247; baseline -0.012 0"><span class='ocrx_word' id='word_1_46' title='bbox 1050 215 1212 247; x_wconf 81' lang='lat' dir='ltr'>GENES.</span> 
     </span>
    </p>
   </div>
   <div class='ocr_carea' id='block_1_4' title="bbox 101 608 1174 667">
    <p class='ocr_par' dir='ltr' id='par_1_4' title="bbox 101 608 1174 667">
     <span class='ocr_line' id='line_1_8' title="bbox 101 608 1174 667; baseline -0.007 -16"><span class='ocrx_word' id='word_1_47' title='bbox 101 613 263 657; x_wconf 81' lang='grc' dir='ltr'>εἰκότως·</span> <span class='ocrx_word' id='word_1_48' title='bbox 281 613 382 657; x_wconf 79' lang='grc' dir='ltr'>αὐτὸς</span> <span class='ocrx_word' id='word_1_49' title='bbox 400 613 468 667; x_wconf 83' lang='grc' dir='ltr'>γὰρ</span> <span class='ocrx_word' id='word_1_50' title='bbox 487 613 608 652; x_wconf 82' lang='grc' dir='ltr'>λοιπὸν</span> <span class='ocrx_word' id='word_1_51' title='bbox 628 613 738 651; x_wconf 88' lang='grc' dir='ltr'>ἅπασι</span> <span class='ocrx_word' id='word_1_52' title='bbox 757 611 963 653; x_wconf 83' lang='grc' dir='ltr'>διδάσκαλος</span> <span class='ocrx_word' id='word_1_53' title='bbox 978 608 1128 660; x_wconf 87' lang='grc' dir='ltr'>γέγονεν.</span> <span class='ocrx_word' id='word_1_54' title='bbox 1151 617 1174 648; x_wconf 90' lang='lat' dir='ltr'>C</span> 
     </span>
    </p>
   </div>
   <div class='ocr_carea' id='block_1_5' title="bbox 101 670 1128 787">
    <p class='ocr_par' dir='ltr' id='par_1_5' title="bbox 101 670 1128 787">
     <span class='ocr_line' id='line_1_9' title="bbox 101 670 1128 728; baseline -0.007 -14.917"><span class='ocrx_word' id='word_1_55' title='bbox 101 674 146 713; x_wconf 89' lang='grc' dir='ltr'>Ὁ</span> <span class='ocrx_word' id='word_1_56' title='bbox 164 675 232 728; x_wconf 78' lang='grc' dir='ltr'>γὰρ</span> <span class='ocrx_word' id='word_1_57' title='bbox 252 675 315 722; x_wconf 74' lang='grc' dir='ltr'>τὴν</span> <span class='ocrx_word' id='word_1_58' title='bbox 336 675 449 727; x_wconf 79' lang='grc' dir='ltr'>ἀρχὴν</span> <span class='ocrx_word' id='word_1_59' title='bbox 468 675 527 713; x_wconf 85' lang='grc' dir='ltr'>καὶ</span> <span class='ocrx_word' id='word_1_60' title='bbox 547 677 590 713; x_wconf 77' lang='grc' dir='ltr'>τὰ</span> <span class='ocrx_word' id='word_1_61' title='bbox 617 673 785 726; x_wconf 89' lang='grc' dir='ltr'>προοίμια</span> <span class='ocrx_word' id='word_1_62' title='bbox 803 670 1011 723; x_wconf 82' lang='grc' dir='ltr'>παρασγὼν,</span> <span class='ocrx_word' id='word_1_63' title='bbox 1030 673 1128 712; x_wconf 74' lang='grc' dir='ltr'>οὕτος</span> 
     </span>
     <span class='ocr_line' id='line_1_10' title="bbox 102 731 965 787; baseline -0.007 -13"><span class='ocrx_word' id='word_1_64' title='bbox 102 736 160 774; x_wconf 81' lang='grc' dir='ltr'>καὶ</span> <span class='ocrx_word' id='word_1_65' title='bbox 179 738 247 774; x_wconf 83' lang='grc' dir='ltr'>τῶν</span> <span class='ocrx_word' id='word_1_66' title='bbox 267 736 356 787; x_wconf 83' lang='grc' dir='ltr'>μετὰ</span> <span class='ocrx_word' id='word_1_67' title='bbox 372 740 483 774; x_wconf 89' lang='grc' dir='ltr'>ταῦτα</span> <span class='ocrx_word' id='word_1_68' title='bbox 501 735 690 787; x_wconf 86' lang='grc' dir='ltr'>γινομένων</span> <span class='ocrx_word' id='word_1_69' title='bbox 711 733 818 776; x_wconf 84' lang='grc' dir='ltr'>αἴτιος</span> <span class='ocrx_word' id='word_1_70' title='bbox 838 732 877 769; x_wconf 84' lang='grc' dir='ltr'>ἂν</span> <span class='ocrx_word' id='word_1_71' title='bbox 898 731 965 778; x_wconf 88' lang='grc' dir='ltr'>εἴη.</span> 
     </span>
    </p>
   </div>
   <div class='ocr_carea' id='block_1_6' title="bbox 100 851 1130 1340">
    <p class='ocr_par' dir='ltr' id='par_1_6' title="bbox 100 851 1130 1340">
     <span class='ocr_line' id='line_1_11' title="bbox 155 851 1128 911; baseline -0.008 -14"><span class='ocrx_word' id='word_1_72' title='bbox 155 859 224 897; x_wconf 83' lang='grc' dir='ltr'>Καὶ</span> <span class='ocrx_word' id='word_1_73' title='bbox 242 858 306 911; x_wconf 79' lang='grc' dir='ltr'>ὅρα</span> <span class='ocrx_word' id='word_1_74' title='bbox 323 861 385 896; x_wconf 90' lang='grc' dir='ltr'>τοῦ</span> <span class='ocrx_word' id='word_1_75' title='bbox 410 858 588 896; x_wconf 79' lang='grc' dir='ltr'>Δεσπότου</span> <span class='ocrx_word' id='word_1_76' title='bbox 619 856 682 903; x_wconf 77' lang='grc' dir='ltr'>τὴν</span> <span class='ocrx_word' id='word_1_77' title='bbox 711 854 926 907; x_wconf 85' lang='grc' dir='ltr'>ἀγαθότητα.</span> <span class='ocrx_word' id='word_1_78' title='bbox 949 853 1003 891; x_wconf 86' lang='grc' dir='ltr'>Οὐ</span> <span class='ocrx_word' id='word_1_79' title='bbox 1025 851 1128 903; x_wconf 86' lang='grc' dir='ltr'>μόνον</span> 
     </span>
     <span class='ocr_line' id='line_1_12' title="bbox 100 914 1128 972; baseline -0.007 -14"><span class='ocrx_word' id='word_1_80' title='bbox 100 919 186 971; x_wconf 82' lang='grc' dir='ltr'>ὑπὲρ</span> <span class='ocrx_word' id='word_1_81' title='bbox 217 923 279 966; x_wconf 75' lang='grc' dir='ltr'>τῆς</span> <span class='ocrx_word' id='word_1_82' title='bbox 311 921 346 958; x_wconf 90' lang='grc' dir='ltr'>ἐν</span> <span class='ocrx_word' id='word_1_83' title='bbox 375 922 425 972; x_wconf 79' lang='grc' dir='ltr'>τῷ</span> <span class='ocrx_word' id='word_1_84' title='bbox 457 917 663 970; x_wconf 79' lang='grc' dir='ltr'>παρελθόντι</span> <span class='ocrx_word' id='word_1_85' title='bbox 695 919 821 969; x_wconf 75' lang='grc' dir='ltr'>ἀρετῆς</span> <span class='ocrx_word' id='word_1_86' title='bbox 854 915 1038 966; x_wconf 70' lang='grc' dir='ltr'>ἀμείὸεται</span> <span class='ocrx_word' id='word_1_87' title='bbox 1070 914 1128 953; x_wconf 78' lang='grc' dir='ltr'>τὸν</span> 
     </span>
     <span class='ocr_line' id='line_1_13' title="bbox 100 975 1128 1032; baseline -0.005 -14"><span class='ocrx_word' id='word_1_88' title='bbox 100 981 253 1025; x_wconf 84' lang='grc' dir='ltr'>δίκαιον,</span> <span class='ocrx_word' id='word_1_89' title='bbox 282 981 372 1020; x_wconf 80' lang='grc' dir='ltr'>ἀλλὰ</span> <span class='ocrx_word' id='word_1_90' title='bbox 399 980 458 1019; x_wconf 79' lang='grc' dir='ltr'>καὶ</span> <span class='ocrx_word' id='word_1_91' title='bbox 483 979 572 1032; x_wconf 79' lang='grc' dir='ltr'>ὑπὲρ</span> <span class='ocrx_word' id='word_1_92' title='bbox 591 982 653 1026; x_wconf 68' lang='grc' dir='ltr'>τῆς</span> <span class='ocrx_word' id='word_1_93' title='bbox 673 978 878 1030; x_wconf 83' lang='grc' dir='ltr'>μελλούσης.</span> <span class='ocrx_word' id='word_1_94' title='bbox 899 976 1020 1032; x_wconf 47' lang='grc' dir='ltr'>ἼιΙδειν</span> <span class='ocrx_word' id='word_1_95' title='bbox 1041 975 1128 1028; x_wconf 70' lang='grc' dir='ltr'>γὰρ,</span> 
     </span>
     <span class='ocr_line' id='line_1_14' title="bbox 100 1038 1129 1095; baseline -0.006 -14"><span class='ocrx_word' id='word_1_96' title='bbox 100 1042 222 1095; x_wconf 68' lang='grc' dir='ltr'>φησὶν,</span> <span class='ocrx_word' id='word_1_97' title='bbox 248 1042 300 1081; x_wconf 76' lang='grc' dir='ltr'>ὅτι</span> <span class='ocrx_word' id='word_1_98' title='bbox 320 1042 477 1087; x_wconf 83' lang='grc' dir='ltr'>συντάξει</span> <span class='ocrx_word' id='word_1_99' title='bbox 501 1046 572 1085; x_wconf 88' lang='grc' dir='ltr'>τοῖς</span> <span class='ocrx_word' id='word_1_100' title='bbox 590 1043 676 1084; x_wconf 76' lang='grc' dir='ltr'>υἱοῖς</span> <span class='ocrx_word' id='word_1_101' title='bbox 695 1041 816 1077; x_wconf 88' lang='grc' dir='ltr'>αὐτοῦ.</span> <span class='ocrx_word' id='word_1_102' title='bbox 837 1038 1003 1085; x_wconf 78' lang='grc' dir='ltr'>Ἐπειδὴ,</span> <span class='ocrx_word' id='word_1_103' title='bbox 1025 1038 1129 1091; x_wconf 78' lang='grc' dir='ltr'>φησὶ,</span> 
     </span>
     <span class='ocr_line' id='line_1_15' title="bbox 100 1101 1129 1158; baseline -0.006 -15"><span class='ocrx_word' id='word_1_104' title='bbox 100 1105 330 1158; x_wconf 88' lang='grc' dir='ltr'>προγινώσκω</span> <span class='ocrx_word' id='word_1_105' title='bbox 351 1107 411 1142; x_wconf 90' lang='grc' dir='ltr'>τοῦ</span> <span class='ocrx_word' id='word_1_106' title='bbox 430 1103 563 1142; x_wconf 85' lang='grc' dir='ltr'>δικαίου</span> <span class='ocrx_word' id='word_1_107' title='bbox 580 1102 643 1149; x_wconf 73' lang='grc' dir='ltr'>τὴν</span> <span class='ocrx_word' id='word_1_108' title='bbox 664 1101 820 1154; x_wconf 81' lang='grc' dir='ltr'>γνώμην,</span> <span class='ocrx_word' id='word_1_109' title='bbox 840 1101 897 1139; x_wconf 76' lang='grc' dir='ltr'>διὰ</span> <span class='ocrx_word' id='word_1_110' title='bbox 922 1104 1024 1138; x_wconf 87' lang='grc' dir='ltr'>τοῦτο</span> <span class='ocrx_word' id='word_1_111' title='bbox 1040 1115 1129 1152; x_wconf 90' lang='grc' dir='ltr'>προ-</span> 
     </span>
     <span class='ocr_line' id='line_1_16' title="bbox 100 1158 1130 1218; baseline -0.006 -14"><span class='ocrx_word' id='word_1_112' title='bbox 100 1166 271 1218; x_wconf 69' lang='grc' dir='ltr'>λαμὲάνω</span> <span class='ocrx_word' id='word_1_113' title='bbox 296 1173 371 1210; x_wconf 89' lang='grc' dir='ltr'>ταῖς</span> <span class='ocrx_word' id='word_1_114' title='bbox 397 1166 572 1216; x_wconf 67' lang='grc' dir='ltr'>ἇμοιὸαῖς.</span> <span class='ocrx_word' id='word_1_115' title='bbox 593 1158 678 1203; x_wconf 67' lang='grc' dir='ltr'>Οἶδε</span> <span class='ocrx_word' id='word_1_116' title='bbox 702 1164 768 1216; x_wconf 83' lang='grc' dir='ltr'>γὰρ</span> <span class='ocrx_word' id='word_1_117' title='bbox 798 1162 842 1201; x_wconf 80' lang='grc' dir='ltr'>τὰ</span> <span class='ocrx_word' id='word_1_118' title='bbox 867 1162 1049 1214; x_wconf 69' lang='grc' dir='ltr'>ἀπόρρητα</span> <span class='ocrx_word' id='word_1_119' title='bbox 1067 1164 1130 1207; x_wconf 68' lang='grc' dir='ltr'>τῆς</span> 
     </span>
     <span class='ocr_line' id='line_1_17' title="bbox 100 1223 1130 1278; baseline -0.007 -11"><span class='ocrx_word' id='word_1_120' title='bbox 100 1229 250 1272; x_wconf 80' lang='grc' dir='ltr'>διανοίας</span> <span class='ocrx_word' id='word_1_121' title='bbox 269 1230 382 1278; x_wconf 70' lang='grc' dir='ltr'>ἡμῶν,</span> <span class='ocrx_word' id='word_1_122' title='bbox 405 1227 464 1266; x_wconf 79' lang='grc' dir='ltr'>καὶ</span> <span class='ocrx_word' id='word_1_123' title='bbox 484 1227 566 1265; x_wconf 80' lang='grc' dir='ltr'>ὅταν</span> <span class='ocrx_word' id='word_1_124' title='bbox 585 1226 754 1272; x_wconf 82' lang='grc' dir='ltr'>θεάσηται</span> <span class='ocrx_word' id='word_1_125' title='bbox 769 1225 812 1263; x_wconf 73' lang='grc' dir='ltr'>τὰ</span> <span class='ocrx_word' id='word_1_126' title='bbox 828 1223 948 1262; x_wconf 85' lang='grc' dir='ltr'>δέοντα</span> <span class='ocrx_word' id='word_1_127' title='bbox 967 1225 1130 1275; x_wconf 77' lang='grc' dir='ltr'>βουλευο-</span> 
     </span>
     <span class='ocr_line' id='line_1_18' title="bbox 102 1283 1128 1340; baseline -0.007 -12"><span class='ocrx_word' id='word_1_128' title='bbox 102 1289 224 1339; x_wconf 79' lang='grc' dir='ltr'>μένους</span> <span class='ocrx_word' id='word_1_129' title='bbox 249 1289 308 1327; x_wconf 83' lang='grc' dir='ltr'>καὶ</span> <span class='ocrx_word' id='word_1_130' title='bbox 336 1291 416 1340; x_wconf 74' lang='grc' dir='ltr'>ὑγιῆ</span> <span class='ocrx_word' id='word_1_131' title='bbox 447 1288 510 1334; x_wconf 77' lang='grc' dir='ltr'>τὴν</span> <span class='ocrx_word' id='word_1_132' title='bbox 541 1287 684 1339; x_wconf 83' lang='grc' dir='ltr'>γνώμην</span> <span class='ocrx_word' id='word_1_133' title='bbox 717 1284 1040 1335; x_wconf 82' lang='grc' dir='ltr'>ἐπιδεικνυμένους,</span> <span class='ocrx_word' id='word_1_134' title='bbox 1069 1283 1128 1322; x_wconf 82' lang='grc' dir='ltr'>καὶ</span> 
     </span>
    </p>
   </div>
   <div class='ocr_carea' id='block_1_7' title="bbox 100 1346 1176 1403">
    <p class='ocr_par' dir='ltr' id='par_1_7' title="bbox 100 1346 1176 1403">
     <span class='ocr_line' id='line_1_19' title="bbox 100 1346 1176 1403; baseline -0.006 -14"><span class='ocrx_word' id='word_1_135' title='bbox 100 1356 200 1403; x_wconf 72' lang='grc' dir='ltr'>χεῖρα</span> <span class='ocrx_word' id='word_1_136' title='bbox 225 1350 356 1403; x_wconf 80' lang='grc' dir='ltr'>ὀρέγει,</span> <span class='ocrx_word' id='word_1_137' title='bbox 377 1350 436 1388; x_wconf 80' lang='grc' dir='ltr'>καὶ</span> <span class='ocrx_word' id='word_1_138' title='bbox 454 1350 522 1402; x_wconf 83' lang='grc' dir='ltr'>πρὸ</span> <span class='ocrx_word' id='word_1_139' title='bbox 541 1352 610 1387; x_wconf 83' lang='grc' dir='ltr'>τῶν</span> <span class='ocrx_word' id='word_1_140' title='bbox 631 1348 744 1386; x_wconf 81' lang='grc' dir='ltr'>πόνων</span> <span class='ocrx_word' id='word_1_141' title='bbox 774 1346 978 1396; x_wconf 64' lang='grc' dir='ltr'>ἂμείὸεται,</span> <span class='ocrx_word' id='word_1_142' title='bbox 997 1349 1127 1398; x_wconf 89' lang='grc' dir='ltr'>προθυ-</span> <span class='ocrx_word' id='word_1_143' title='bbox 1150 1357 1176 1387; x_wconf 84' lang='lat'>1)</span> 
     </span>
    </p>
   </div>
   <div class='ocr_carea' id='block_1_8' title="bbox 93 1406 1130 2816">
    <p class='ocr_par' dir='ltr' id='par_1_8' title="bbox 93 1406 1130 2816">
     <span class='ocr_line' id='line_1_20' title="bbox 101 1406 1129 1464; baseline -0.006 -14"><span class='ocrx_word' id='word_1_144' title='bbox 101 1412 266 1464; x_wconf 87' lang='grc' dir='ltr'>μοτέρους</span> <span class='ocrx_word' id='word_1_145' title='bbox 293 1411 401 1463; x_wconf 84' lang='grc' dir='ltr'>ταύτῃ</span> <span class='ocrx_word' id='word_1_146' title='bbox 427 1410 717 1453; x_wconf 81' lang='grc' dir='ltr'>κατασκευάζων·</span> <span class='ocrx_word' id='word_1_147' title='bbox 747 1408 806 1446; x_wconf 89' lang='grc' dir='ltr'>καὶ</span> <span class='ocrx_word' id='word_1_148' title='bbox 826 1411 927 1446; x_wconf 86' lang='grc' dir='ltr'>τοῦτο</span> <span class='ocrx_word' id='word_1_149' title='bbox 959 1407 998 1445; x_wconf 83' lang='grc' dir='ltr'>ἂν</span> <span class='ocrx_word' id='word_1_150' title='bbox 1018 1406 1129 1459; x_wconf 83' lang='grc' dir='ltr'>εὕροις</span> 
     </span>
     <span class='ocr_line' id='line_1_21' title="bbox 99 1469 1130 1522; baseline -0.006 -10"><span class='ocrx_word' id='word_1_151' title='bbox 99 1473 157 1512; x_wconf 79' lang='grc' dir='ltr'>ἐπὶ</span> <span class='ocrx_word' id='word_1_152' title='bbox 186 1475 254 1510; x_wconf 81' lang='grc' dir='ltr'>τῶν</span> <span class='ocrx_word' id='word_1_153' title='bbox 282 1472 425 1510; x_wconf 85' lang='grc' dir='ltr'>δικαίων</span> <span class='ocrx_word' id='word_1_154' title='bbox 444 1471 607 1510; x_wconf 80' lang='grc' dir='ltr'>ἁπάντων</span> <span class='ocrx_word' id='word_1_155' title='bbox 625 1470 817 1522; x_wconf 87' lang='grc' dir='ltr'>γινόμενον.</span> <span class='ocrx_word' id='word_1_156' title='bbox 839 1469 951 1513; x_wconf 80' lang='grc' dir='ltr'>Εἰδὼς</span> <span class='ocrx_word' id='word_1_157' title='bbox 981 1469 1047 1521; x_wconf 78' lang='grc' dir='ltr'>γὰρ</span> <span class='ocrx_word' id='word_1_158' title='bbox 1067 1472 1130 1517; x_wconf 80' lang='grc' dir='ltr'>τῆς</span> 
     </span>
     <span class='ocr_line' id='line_1_22' title="bbox 99 1530 1128 1586; baseline -0.005 -13"><span class='ocrx_word' id='word_1_159' title='bbox 99 1533 316 1586; x_wconf 79' lang='grc' dir='ltr'>ἀνθρωπίνης</span> <span class='ocrx_word' id='word_1_160' title='bbox 336 1533 470 1586; x_wconf 75' lang='grc' dir='ltr'>φύσεως</span> <span class='ocrx_word' id='word_1_161' title='bbox 496 1533 560 1580; x_wconf 83' lang='grc' dir='ltr'>τὴν</span> <span class='ocrx_word' id='word_1_162' title='bbox 592 1532 790 1577; x_wconf 84' lang='grc' dir='ltr'>ἀσθένειαν,</span> <span class='ocrx_word' id='word_1_163' title='bbox 808 1531 900 1569; x_wconf 80' lang='grc' dir='ltr'>ὥστε</span> <span class='ocrx_word' id='word_1_164' title='bbox 921 1530 970 1583; x_wconf 84' lang='grc' dir='ltr'>μὴ</span> <span class='ocrx_word' id='word_1_165' title='bbox 991 1533 1128 1582; x_wconf 88' lang='grc' dir='ltr'>ἀπαγο-</span> 
     </span>
     <span class='ocr_line' id='line_1_23' title="bbox 101 1592 1129 1648; baseline -0.004 -14"><span class='ocrx_word' id='word_1_166' title='bbox 101 1600 220 1648; x_wconf 86' lang='grc' dir='ltr'>ρεῦσαι</span> <span class='ocrx_word' id='word_1_167' title='bbox 236 1597 320 1648; x_wconf 82' lang='grc' dir='ltr'>πρὸς</span> <span class='ocrx_word' id='word_1_168' title='bbox 336 1595 379 1633; x_wconf 86' lang='grc' dir='ltr'>τὰ</span> <span class='ocrx_word' id='word_1_169' title='bbox 396 1596 548 1648; x_wconf 69' lang='grc' dir='ltr'>δυσχερῆ</span> <span class='ocrx_word' id='word_1_170' title='bbox 562 1625 572 1642; x_wconf 91' lang='grc'>,</span> <span class='ocrx_word' id='word_1_171' title='bbox 592 1593 720 1645; x_wconf 77' lang='grc' dir='ltr'>μεταξὺ</span> <span class='ocrx_word' id='word_1_172' title='bbox 737 1596 806 1631; x_wconf 84' lang='grc' dir='ltr'>τῶν</span> <span class='ocrx_word' id='word_1_173' title='bbox 828 1592 942 1631; x_wconf 87' lang='grc' dir='ltr'>πόνων</span> <span class='ocrx_word' id='word_1_174' title='bbox 958 1592 1129 1637; x_wconf 86' lang='grc' dir='ltr'>πολλάκις</span> 
     </span>
     <span class='ocr_line' id='line_1_24' title="bbox 98 1653 1126 1710; baseline -0.004 -14"><span class='ocrx_word' id='word_1_175' title='bbox 98 1658 160 1705; x_wconf 74' lang='grc' dir='ltr'>τὴν</span> <span class='ocrx_word' id='word_1_176' title='bbox 181 1659 264 1710; x_wconf 90' lang='grc' dir='ltr'>παρ’</span> <span class='ocrx_word' id='word_1_177' title='bbox 285 1660 408 1696; x_wconf 81' lang='grc' dir='ltr'>ἑαυτοῦ</span> <span class='ocrx_word' id='word_1_178' title='bbox 425 1657 608 1708; x_wconf 79' lang='grc' dir='ltr'>ἀντίληψιν</span> <span class='ocrx_word' id='word_1_179' title='bbox 628 1655 687 1694; x_wconf 81' lang='grc' dir='ltr'>καὶ</span> <span class='ocrx_word' id='word_1_180' title='bbox 702 1655 764 1699; x_wconf 83' lang='grc' dir='ltr'>τὰς</span> <span class='ocrx_word' id='word_1_181' title='bbox 785 1654 935 1706; x_wconf 69' lang='grc' dir='ltr'>ἀμοιὸὰς</span> <span class='ocrx_word' id='word_1_182' title='bbox 955 1653 1126 1708; x_wconf 78' lang='grc' dir='ltr'>παρέχει,</span> 
     </span>
     <span class='ocr_line' id='line_1_25' title="bbox 98 1714 1127 1769; baseline -0.003 -14"><span class='ocrx_word' id='word_1_183' title='bbox 98 1717 186 1756; x_wconf 73' lang='grc' dir='ltr'>ὥστε</span> <span class='ocrx_word' id='word_1_184' title='bbox 208 1718 341 1756; x_wconf 76' lang='grc' dir='ltr'>καὶτὸν</span> <span class='ocrx_word' id='word_1_185' title='bbox 370 1717 474 1756; x_wconf 89' lang='grc' dir='ltr'>πόνον</span> <span class='ocrx_word' id='word_1_186' title='bbox 494 1717 734 1769; x_wconf 80' lang='grc' dir='ltr'>ἐπικουφίσαι,</span> <span class='ocrx_word' id='word_1_187' title='bbox 755 1714 814 1754; x_wconf 81' lang='grc' dir='ltr'>καὶ</span> <span class='ocrx_word' id='word_1_188' title='bbox 833 1715 895 1762; x_wconf 80' lang='grc' dir='ltr'>τὴν</span> <span class='ocrx_word' id='word_1_189' title='bbox 916 1714 1028 1767; x_wconf 84' lang='grc' dir='ltr'>ὁρμὴν</span> <span class='ocrx_word' id='word_1_190' title='bbox 1049 1717 1127 1753; x_wconf 86' lang='grc' dir='ltr'>ἐπι-</span> 
     </span>
     <span class='ocr_line' id='line_1_26' title="bbox 99 1776 1127 1834; baseline -0.003 -17"><span class='ocrx_word' id='word_1_191' title='bbox 99 1785 220 1818; x_wconf 88' lang='grc' dir='ltr'>τεῖναι.</span> <span class='ocrx_word' id='word_1_192' title='bbox 239 1779 360 1834; x_wconf 75' lang='grc' dir='ltr'>’ῌδειν</span> <span class='ocrx_word' id='word_1_193' title='bbox 379 1779 464 1831; x_wconf 80' lang='grc' dir='ltr'>γὰρ,</span> <span class='ocrx_word' id='word_1_194' title='bbox 485 1779 602 1831; x_wconf 83' lang='grc' dir='ltr'>φησὶν,</span> <span class='ocrx_word' id='word_1_195' title='bbox 623 1778 677 1816; x_wconf 81' lang='grc' dir='ltr'>ὅτι</span> <span class='ocrx_word' id='word_1_196' title='bbox 694 1776 852 1822; x_wconf 79' lang='grc' dir='ltr'>συντάξει</span> <span class='ocrx_word' id='word_1_197' title='bbox 871 1783 941 1820; x_wconf 88' lang='grc' dir='ltr'>τοῖς</span> <span class='ocrx_word' id='word_1_198' title='bbox 960 1779 1044 1820; x_wconf 78' lang='grc' dir='ltr'>υἱοῖς</span> <span class='ocrx_word' id='word_1_199' title='bbox 1065 1778 1127 1814; x_wconf 86' lang='grc' dir='ltr'>αὐ-</span> 
     </span>
     <span class='ocr_line' id='line_1_27' title="bbox 99 1837 1127 1894; baseline -0.003 -16"><span class='ocrx_word' id='word_1_200' title='bbox 99 1844 158 1880; x_wconf 86' lang='grc' dir='ltr'>τοῦ</span> <span class='ocrx_word' id='word_1_201' title='bbox 170 1872 180 1887; x_wconf 89' lang='grc'>,</span> <span class='ocrx_word' id='word_1_202' title='bbox 199 1841 258 1879; x_wconf 79' lang='grc' dir='ltr'>καὶ</span> <span class='ocrx_word' id='word_1_203' title='bbox 277 1840 465 1894; x_wconf 74' lang='grc' dir='ltr'>φυλάξουσι</span> <span class='ocrx_word' id='word_1_204' title='bbox 487 1840 548 1883; x_wconf 77' lang='grc' dir='ltr'>τὰς</span> <span class='ocrx_word' id='word_1_205' title='bbox 567 1838 664 1883; x_wconf 79' lang='grc' dir='ltr'>ὁδοὺς</span> <span class='ocrx_word' id='word_1_206' title='bbox 683 1839 824 1890; x_wconf 88' lang='grc' dir='ltr'>Κυρίου.</span> <span class='ocrx_word' id='word_1_207' title='bbox 847 1840 901 1877; x_wconf 84' lang='grc' dir='ltr'>Οὐ</span> <span class='ocrx_word' id='word_1_208' title='bbox 924 1838 1026 1889; x_wconf 91' lang='grc' dir='ltr'>μόνον</span> <span class='ocrx_word' id='word_1_209' title='bbox 1046 1837 1127 1890; x_wconf 84' lang='grc' dir='ltr'>περὶ</span> 
     </span>
     <span class='ocr_line' id='line_1_28' title="bbox 99 1899 1126 1954; baseline -0.004 -14"><span class='ocrx_word' id='word_1_210' title='bbox 99 1905 204 1941; x_wconf 85' lang='grc' dir='ltr'>αὐτοῦ</span> <span class='ocrx_word' id='word_1_211' title='bbox 224 1902 387 1954; x_wconf 79' lang='grc' dir='ltr'>προλέγει</span> <span class='ocrx_word' id='word_1_212' title='bbox 404 1902 456 1940; x_wconf 84' lang='grc' dir='ltr'>ὅτι</span> <span class='ocrx_word' id='word_1_213' title='bbox 476 1902 644 1946; x_wconf 84' lang='grc' dir='ltr'>Συντάξει</span> <span class='ocrx_word' id='word_1_214' title='bbox 655 1932 664 1948; x_wconf 95' lang='grc'>,</span> <span class='ocrx_word' id='word_1_215' title='bbox 684 1900 774 1938; x_wconf 84' lang='grc' dir='ltr'>ἀλλὰ</span> <span class='ocrx_word' id='word_1_216' title='bbox 791 1900 850 1938; x_wconf 84' lang='grc' dir='ltr'>καὶ</span> <span class='ocrx_word' id='word_1_217' title='bbox 866 1899 947 1952; x_wconf 78' lang='grc' dir='ltr'>περὶ</span> <span class='ocrx_word' id='word_1_218' title='bbox 960 1902 1030 1937; x_wconf 86' lang='grc' dir='ltr'>τῶν</span> <span class='ocrx_word' id='word_1_219' title='bbox 1043 1901 1126 1937; x_wconf 81' lang='grc' dir='ltr'>υἱῶν</span> 
     </span>
     <span class='ocr_line' id='line_1_29' title="bbox 99 1961 1128 2014; baseline -0.002 -13"><span class='ocrx_word' id='word_1_220' title='bbox 99 1965 203 2002; x_wconf 87' lang='grc' dir='ltr'>αὐτοῦ</span> <span class='ocrx_word' id='word_1_221' title='bbox 215 1992 224 2009; x_wconf 86' lang='grc'>,</span> <span class='ocrx_word' id='word_1_222' title='bbox 243 1963 296 2001; x_wconf 78' lang='grc' dir='ltr'>ὅτι</span> <span class='ocrx_word' id='word_1_223' title='bbox 313 1963 515 2008; x_wconf 80' lang='grc' dir='ltr'>Φυλάξουσι</span> <span class='ocrx_word' id='word_1_224' title='bbox 541 1962 603 2006; x_wconf 83' lang='grc' dir='ltr'>τὰς</span> <span class='ocrx_word' id='word_1_225' title='bbox 621 1962 717 2006; x_wconf 84' lang='grc' dir='ltr'>ὁδοὺς</span> <span class='ocrx_word' id='word_1_226' title='bbox 738 1962 867 2014; x_wconf 89' lang='grc' dir='ltr'>Κυρίου</span> <span class='ocrx_word' id='word_1_227' title='bbox 880 1992 889 2008; x_wconf 89' lang='grc'>,</span> <span class='ocrx_word' id='word_1_228' title='bbox 907 1962 963 2000; x_wconf 83' lang='grc' dir='ltr'>τὸν</span> <span class='ocrx_word' id='word_1_229' title='bbox 985 1961 1106 2000; x_wconf 81' lang='grc' dir='ltr'>Ἰσαὰκ</span> <span class='ocrx_word' id='word_1_230' title='bbox 1119 1990 1128 2005; x_wconf 85' lang='grc'>,</span> 
     </span>
     <span class='ocr_line' id='line_1_30' title="bbox 98 2023 1126 2076; baseline -0.002 -14"><span class='ocrx_word' id='word_1_231' title='bbox 98 2025 156 2063; x_wconf 78' lang='grc' dir='ltr'>τὸν</span> <span class='ocrx_word' id='word_1_232' title='bbox 185 2024 315 2063; x_wconf 61' lang='lat' dir='ltr'>&#39;laxi-&gt;5</span> <span class='ocrx_word' id='word_1_233' title='bbox 346 2025 595 2076; x_wconf 82' lang='grc' dir='ltr'>αἰνιττόμενος.</span> <span class='ocrx_word' id='word_1_234' title='bbox 627 2024 702 2068; x_wconf 87' lang='grc' dir='ltr'>Τὰς</span> <span class='ocrx_word' id='word_1_235' title='bbox 729 2023 826 2068; x_wconf 82' lang='grc' dir='ltr'>ὁδοὺς</span> <span class='ocrx_word' id='word_1_236' title='bbox 851 2024 1004 2076; x_wconf 87' lang='grc' dir='ltr'>Κυρίου,</span> <span class='ocrx_word' id='word_1_237' title='bbox 1033 2026 1126 2061; x_wconf 89' lang='grc' dir='ltr'>τοῦτ’</span> 
     </span>
     <span class='ocr_line' id='line_1_31' title="bbox 98 2084 1127 2138; baseline -0.003 -13"><span class='ocrx_word' id='word_1_238' title='bbox 98 2087 171 2125; x_wconf 82' lang='grc' dir='ltr'>ἔστι</span> <span class='ocrx_word' id='word_1_239' title='bbox 193 2086 235 2124; x_wconf 77' lang='grc' dir='ltr'>τὰ</span> <span class='ocrx_word' id='word_1_240' title='bbox 249 2086 525 2138; x_wconf 86' lang='grc' dir='ltr'>προστάγματα,</span> <span class='ocrx_word' id='word_1_241' title='bbox 542 2086 604 2130; x_wconf 83' lang='grc' dir='ltr'>τὰς</span> <span class='ocrx_word' id='word_1_242' title='bbox 622 2085 776 2129; x_wconf 86' lang='grc' dir='ltr'>ἐντολάς.</span> <span class='ocrx_word' id='word_1_243' title='bbox 796 2087 917 2123; x_wconf 88' lang='grc' dir='ltr'>Ποιεῖν</span> <span class='ocrx_word' id='word_1_244' title='bbox 933 2084 1012 2137; x_wconf 84' lang='grc' dir='ltr'>γὰρ,</span> <span class='ocrx_word' id='word_1_245' title='bbox 1029 2085 1127 2138; x_wconf 76' lang='grc' dir='ltr'>φησὶ,</span> 
     </span>
     <span class='ocr_line' id='line_1_32' title="bbox 99 2146 1128 2200; baseline -0.002 -14"><span class='ocrx_word' id='word_1_246' title='bbox 99 2148 321 2194; x_wconf 78' lang='grc' dir='ltr'>δικαιοσύνην</span> <span class='ocrx_word' id='word_1_247' title='bbox 337 2148 396 2186; x_wconf 77' lang='grc' dir='ltr'>καὶ</span> <span class='ocrx_word' id='word_1_248' title='bbox 416 2148 528 2200; x_wconf 82' lang='grc' dir='ltr'>κρίσιν</span> <span class='ocrx_word' id='word_1_249' title='bbox 541 2164 548 2171; x_wconf 88' lang='grc'><em>·</em></span> <span class='ocrx_word' id='word_1_250' title='bbox 571 2147 678 2198; x_wconf 78' lang='grc' dir='ltr'>μηδὲν</span> <span class='ocrx_word' id='word_1_251' title='bbox 698 2151 758 2185; x_wconf 92' lang='grc' dir='ltr'>τοῦ</span> <span class='ocrx_word' id='word_1_252' title='bbox 777 2146 911 2184; x_wconf 84' lang='grc' dir='ltr'>δικαίου</span> <span class='ocrx_word' id='word_1_253' title='bbox 931 2153 1104 2198; x_wconf 76' lang='grc' dir='ltr'>προτιμᾷν</span> <span class='ocrx_word' id='word_1_254' title='bbox 1119 2174 1128 2191; x_wconf 87' lang='grc'>,</span> 
     </span>
     <span class='ocr_line' id='line_1_33' title="bbox 97 2206 1126 2260; baseline -0.002 -14"><span class='ocrx_word' id='word_1_255' title='bbox 97 2208 195 2252; x_wconf 85' lang='grc' dir='ltr'>ἐκτὸς</span> <span class='ocrx_word' id='word_1_256' title='bbox 213 2209 368 2260; x_wconf 88' lang='grc' dir='ltr'>γίνεσθαι</span> <span class='ocrx_word' id='word_1_257' title='bbox 393 2208 508 2255; x_wconf 87' lang='grc' dir='ltr'>πάσης</span> <span class='ocrx_word' id='word_1_258' title='bbox 529 2207 678 2251; x_wconf 83' lang='grc' dir='ltr'>ἀδικίας.</span> <span class='ocrx_word' id='word_1_259' title='bbox 699 2208 814 2245; x_wconf 87' lang='grc' dir='ltr'>Ίόῦτο</span> <span class='ocrx_word' id='word_1_260' title='bbox 832 2207 900 2259; x_wconf 80' lang='grc' dir='ltr'>γὰρ</span> <span class='ocrx_word' id='word_1_261' title='bbox 928 2211 950 2254; x_wconf 73' lang='grc' dir='ltr'>ἢ</span> <span class='ocrx_word' id='word_1_262' title='bbox 977 2206 1126 2258; x_wconf 79' lang='grc' dir='ltr'>μεγίστη</span> 
     </span>
     <span class='ocr_line' id='line_1_34' title="bbox 96 2268 1128 2322; baseline -0.001 -15"><span class='ocrx_word' id='word_1_263' title='bbox 96 2270 202 2322; x_wconf 77' lang='grc' dir='ltr'>ἀρετή</span> <span class='ocrx_word' id='word_1_264' title='bbox 216 2286 224 2293; x_wconf 93' lang='grc'><em>·</em></span> <span class='ocrx_word' id='word_1_265' title='bbox 250 2269 306 2308; x_wconf 88' lang='grc' dir='ltr'>διά</span> <span class='ocrx_word' id='word_1_266' title='bbox 321 2285 374 2307; x_wconf 87' lang='grc' dir='ltr'>τοι</span> <span class='ocrx_word' id='word_1_267' title='bbox 393 2274 494 2308; x_wconf 82' lang='grc' dir='ltr'>τοῦτο</span> <span class='ocrx_word' id='word_1_268' title='bbox 511 2269 626 2308; x_wconf 88' lang='grc' dir='ltr'>πάντα</span> <span class='ocrx_word' id='word_1_269' title='bbox 647 2271 695 2312; x_wconf 86' lang='grc' dir='ltr'>εἷς</span> <span class='ocrx_word' id='word_1_270' title='bbox 713 2268 812 2320; x_wconf 84' lang='grc' dir='ltr'>ἔργον</span> <span class='ocrx_word' id='word_1_271' title='bbox 832 2268 1040 2315; x_wconf 70' lang='grc' dir='ltr'>ἐκδήσεται,</span> <span class='ocrx_word' id='word_1_272' title='bbox 1063 2268 1128 2307; x_wconf 78' lang='grc' dir='ltr'>ὅσα</span> 
     </span>
     <span class='ocr_line' id='line_1_35' title="bbox 95 2324 1127 2384; baseline -0.001 -14"><span class='ocrx_word' id='word_1_273' title='bbox 95 2332 244 2378; x_wconf 81' lang='grc' dir='ltr'>ἐλάλησε</span> <span class='ocrx_word' id='word_1_274' title='bbox 262 2331 387 2384; x_wconf 78' lang='grc' dir='ltr'>Κύριος</span> <span class='ocrx_word' id='word_1_275' title='bbox 411 2331 496 2384; x_wconf 78' lang='grc' dir='ltr'>πρὸς</span> <span class='ocrx_word' id='word_1_276' title='bbox 523 2330 640 2369; x_wconf 81' lang='grc' dir='ltr'>αὐτόν.</span> <span class='ocrx_word' id='word_1_277' title='bbox 670 2324 785 2382; x_wconf 65' lang='grc' dir='ltr'>Οἶμαι</span> <span class='ocrx_word' id='word_1_278' title='bbox 805 2330 841 2368; x_wconf 83' lang='grc' dir='ltr'>δὲ</span> <span class='ocrx_word' id='word_1_279' title='bbox 859 2330 918 2368; x_wconf 75' lang='grc' dir='ltr'>καὶ</span> <span class='ocrx_word' id='word_1_280' title='bbox 947 2330 1061 2383; x_wconf 80' lang='grc' dir='ltr'>ἕτερόν</span> <span class='ocrx_word' id='word_1_281' title='bbox 1092 2347 1127 2369; x_wconf 90' lang='grc' dir='ltr'>τι</span> 
     </span>
     <span class='ocr_line' id='line_1_36' title="bbox 96 2391 1124 2444; baseline 0 -13"><span class='ocrx_word' id='word_1_282' title='bbox 96 2392 309 2431; x_wconf 87' lang='grc' dir='ltr'>αἰνίττεσθαι</span> <span class='ocrx_word' id='word_1_283' title='bbox 337 2393 438 2431; x_wconf 80' lang='grc' dir='ltr'>αὐτὸν</span> <span class='ocrx_word' id='word_1_284' title='bbox 472 2392 528 2431; x_wconf 83' lang='grc' dir='ltr'>διὰ</span> <span class='ocrx_word' id='word_1_285' title='bbox 556 2396 616 2430; x_wconf 85' lang='grc' dir='ltr'>τοῦ</span> <span class='ocrx_word' id='word_1_286' title='bbox 636 2392 766 2444; x_wconf 85' lang='grc' dir='ltr'>λέγειν,</span> <span class='ocrx_word' id='word_1_287' title='bbox 784 2391 944 2444; x_wconf 72' lang='grc' dir='ltr'>Ἀὅραὰμ</span> <span class='ocrx_word' id='word_1_288' title='bbox 969 2391 1004 2430; x_wconf 80' lang='grc' dir='ltr'>δὲ</span> <span class='ocrx_word' id='word_1_289' title='bbox 1030 2393 1124 2444; x_wconf 86' lang='grc' dir='ltr'>γινό-</span> 
     </span>
     <span class='ocr_line' id='line_1_37' title="bbox 97 2453 1123 2506; baseline 0 -14"><span class='ocrx_word' id='word_1_290' title='bbox 97 2470 196 2505; x_wconf 84' lang='grc' dir='ltr'>μενος</span> <span class='ocrx_word' id='word_1_291' title='bbox 216 2454 314 2492; x_wconf 86' lang='grc' dir='ltr'>ἔσται</span> <span class='ocrx_word' id='word_1_292' title='bbox 335 2457 382 2498; x_wconf 87' lang='grc' dir='ltr'>εἷς</span> <span class='ocrx_word' id='word_1_293' title='bbox 409 2454 501 2498; x_wconf 81' lang='grc' dir='ltr'>ἔθνος</span> <span class='ocrx_word' id='word_1_294' title='bbox 530 2454 621 2506; x_wconf 89' lang='grc' dir='ltr'>μέγα</span> <span class='ocrx_word' id='word_1_295' title='bbox 649 2454 708 2493; x_wconf 79' lang='grc' dir='ltr'>καὶ</span> <span class='ocrx_word' id='word_1_296' title='bbox 734 2453 845 2502; x_wconf 78' lang='grc' dir='ltr'>πολὺ,</span> <span class='ocrx_word' id='word_1_297' title='bbox 867 2453 943 2492; x_wconf 81' lang='grc' dir='ltr'>ἀντὶ</span> <span class='ocrx_word' id='word_1_298' title='bbox 975 2458 1059 2502; x_wconf 88' lang='grc' dir='ltr'>τοῦ,</span> <span class='ocrx_word' id='word_1_299' title='bbox 1081 2454 1123 2493; x_wconf 82' lang='grc' dir='ltr'>σὺ</span> 
     </span>
     <span class='ocr_line' id='line_1_38' title="bbox 97 2515 1121 2568; baseline 0 -14"><span class='ocrx_word' id='word_1_300' title='bbox 97 2516 158 2567; x_wconf 81' lang='grc' dir='ltr'>μὲν</span> <span class='ocrx_word' id='word_1_301' title='bbox 178 2519 196 2554; x_wconf 82' lang='grc' dir='ltr'>ὁ</span> <span class='ocrx_word' id='word_1_302' title='bbox 215 2515 278 2563; x_wconf 60' lang='grc' dir='ltr'>τὴν</span> <span class='ocrx_word' id='word_1_303' title='bbox 298 2515 424 2568; x_wconf 75' lang='grc' dir='ltr'>ἀρετὴν</span> <span class='ocrx_word' id='word_1_304' title='bbox 451 2516 631 2567; x_wconf 79' lang='grc' dir='ltr'>ἑλόμενος,</span> <span class='ocrx_word' id='word_1_305' title='bbox 657 2515 717 2554; x_wconf 83' lang='grc' dir='ltr'>καὶ</span> <span class='ocrx_word' id='word_1_306' title='bbox 748 2521 821 2559; x_wconf 87' lang='grc' dir='ltr'>τοῖς</span> <span class='ocrx_word' id='word_1_307' title='bbox 845 2517 940 2566; x_wconf 81' lang='grc' dir='ltr'>ἐμοῖς</span> <span class='ocrx_word' id='word_1_308' title='bbox 967 2516 1121 2568; x_wconf 84' lang='grc' dir='ltr'>προστά-</span> 
     </span>
     <span class='ocr_line' id='line_1_39' title="bbox 95 2577 1122 2629; baseline 0.002 -14"><span class='ocrx_word' id='word_1_309' title='bbox 95 2594 206 2629; x_wconf 81' lang='grc' dir='ltr'>γμασι</span> <span class='ocrx_word' id='word_1_310' title='bbox 228 2577 451 2629; x_wconf 86' lang='grc' dir='ltr'>πειθόμενος,</span> <span class='ocrx_word' id='word_1_311' title='bbox 481 2577 541 2617; x_wconf 76' lang='grc' dir='ltr'>καὶ</span> <span class='ocrx_word' id='word_1_312' title='bbox 556 2577 620 2625; x_wconf 78' lang='grc' dir='ltr'>τὴν</span> <span class='ocrx_word' id='word_1_313' title='bbox 644 2577 801 2625; x_wconf 77' lang='grc' dir='ltr'>ὑπακοὴν</span> <span class='ocrx_word' id='word_1_314' title='bbox 821 2577 1122 2628; x_wconf 83' lang='grc' dir='ltr'>ἐπιδεικνύμενος,</span> 
     </span>
     <span class='ocr_line' id='line_1_40' title="bbox 96 2639 1124 2693; baseline 0.001 -15"><span class='ocrx_word' id='word_1_315' title='bbox 96 2642 142 2683; x_wconf 87' lang='grc' dir='ltr'>εἷς</span> <span class='ocrx_word' id='word_1_316' title='bbox 167 2639 259 2684; x_wconf 81' lang='grc' dir='ltr'>ἔθνος</span> <span class='ocrx_word' id='word_1_317' title='bbox 287 2640 377 2692; x_wconf 79' lang='grc' dir='ltr'>μέγα</span> <span class='ocrx_word' id='word_1_318' title='bbox 396 2640 454 2678; x_wconf 84' lang='grc' dir='ltr'>καὶ</span> <span class='ocrx_word' id='word_1_319' title='bbox 487 2639 575 2678; x_wconf 78' lang='grc' dir='ltr'>πολὺ</span> <span class='ocrx_word' id='word_1_320' title='bbox 607 2640 738 2691; x_wconf 75' lang='grc' dir='ltr'>γενήσῃ</span> <span class='ocrx_word' id='word_1_321' title='bbox 751 2655 758 2663; x_wconf 91' lang='grc'><em>·</em></span> <span class='ocrx_word' id='word_1_322' title='bbox 792 2641 823 2678; x_wconf 82' lang='grc' dir='ltr'>οἱ</span> <span class='ocrx_word' id='word_1_323' title='bbox 858 2639 893 2677; x_wconf 82' lang='grc' dir='ltr'>δὲ</span> <span class='ocrx_word' id='word_1_324' title='bbox 926 2639 1124 2693; x_wconf 87' lang='grc' dir='ltr'>παράνομοι</span> 
     </span>
     <span class='ocr_line' id='line_1_41' title="bbox 93 2695 1122 2754; baseline 0 -14"><span class='ocrx_word' id='word_1_325' title='bbox 93 2695 186 2740; x_wconf 55' lang='grc' dir='ltr'>οὗτοι</span> <span class='ocrx_word' id='word_1_326' title='bbox 215 2701 355 2740; x_wconf 77' lang='grc' dir='ltr'>οἱκατὰ</span> <span class='ocrx_word' id='word_1_327' title='bbox 384 2701 447 2749; x_wconf 79' lang='grc' dir='ltr'>τὴν</span> <span class='ocrx_word' id='word_1_328' title='bbox 478 2705 546 2740; x_wconf 83' lang='grc' dir='ltr'>τῶν</span> <span class='ocrx_word' id='word_1_329' title='bbox 580 2701 747 2753; x_wconf 82' lang='grc' dir='ltr'>Σοδόμων</span> <span class='ocrx_word' id='word_1_330' title='bbox 778 2700 898 2754; x_wconf 71' lang='grc' dir='ltr'>χώραν</span> <span class='ocrx_word' id='word_1_331' title='bbox 931 2703 1122 2750; x_wconf 87' lang='grc' dir='ltr'>οἰκοῦντες,</span> 
     </span>
     <span class='ocr_line' id='line_1_42' title="bbox 96 2762 1120 2816; baseline 0.002 -16"><span class='ocrx_word' id='word_1_332' title='bbox 96 2763 388 2814; x_wconf 60' lang='grc' dir='ltr'>ἀφανισθήσονται</span> <span class='ocrx_word' id='word_1_333' title='bbox 415 2764 577 2808; x_wconf 83' lang='grc' dir='ltr'>ἅπαντες.</span> <span class='ocrx_word' id='word_1_334' title='bbox 603 2763 741 2816; x_wconf 57' lang='grc' dir='ltr'>εὨσπερ</span> <span class='ocrx_word' id='word_1_335' title='bbox 769 2762 837 2816; x_wconf 86' lang='grc' dir='ltr'>γὰρ</span> <span class='ocrx_word' id='word_1_336' title='bbox 864 2766 886 2809; x_wconf 85' lang='grc' dir='ltr'>ἠ</span> <span class='ocrx_word' id='word_1_337' title='bbox 916 2763 1023 2816; x_wconf 82' lang='grc' dir='ltr'>ἀρετὴ</span> <span class='ocrx_word' id='word_1_338' title='bbox 1051 2780 1120 2802; x_wconf 72' lang='grc' dir='ltr'>σω-</span> 
     </span>
    </p>
   </div>
   <div class='ocr_carea' id='block_1_9' title="bbox 1133 2802 1180 2828">
    <p class='ocr_par' dir='ltr' id='par_1_9' title="bbox 1133 2802 1180 2828">
     <span class='ocr_line' id='line_1_43' title="bbox 1133 2802 1180 2828; baseline -0.064 0"><span class='ocrx_word' id='word_1_339' title='bbox 1133 2802 1180 2828; x_wconf 73' lang='grc'>427</span> 
     </span>
    </p>
   </div>
   <div class='ocr_carea' id='block_1_10' title="bbox 95 2823 1169 2877">
    <p class='ocr_par' dir='ltr' id='par_1_10' title="bbox 95 2823 1169 2877">
     <span class='ocr_line' id='line_1_44' title="bbox 95 2823 1169 2877; baseline 0.007 -17"><span class='ocrx_word' id='word_1_340' title='bbox 95 2823 217 2875; x_wconf 79' lang='grc' dir='ltr'>τηρίας</span> <span class='ocrx_word' id='word_1_341' title='bbox 243 2824 402 2869; x_wconf 80' lang='grc' dir='ltr'>ὑπόθεσις</span> <span class='ocrx_word' id='word_1_342' title='bbox 428 2826 561 2877; x_wconf 86' lang='grc' dir='ltr'>γίνεται</span> <span class='ocrx_word' id='word_1_343' title='bbox 585 2831 656 2870; x_wconf 89' lang='grc' dir='ltr'>τοῖς</span> <span class='ocrx_word' id='word_1_344' title='bbox 682 2824 814 2873; x_wconf 82' lang='grc' dir='ltr'>ταύτην</span> <span class='ocrx_word' id='word_1_345' title='bbox 844 2831 1040 2876; x_wconf 79' lang='grc' dir='ltr'>μετιοῦσιν,</span> <span class='ocrx_word' id='word_1_346' title='bbox 1061 2826 1119 2864; x_wconf 78' lang='grc' dir='ltr'>οὔ·</span> <span class='ocrx_word' id='word_1_347' title='bbox 1145 2839 1169 2867; x_wconf 82' lang='grc' dir='ltr'>Α</span> 
     </span>
    </p>
   </div>
   <div class='ocr_carea' id='block_1_11' title="bbox 93 2882 1121 3433">
    <p class='ocr_par' dir='ltr' id='par_1_11' title="bbox 93 2882 1121 3433">
     <span class='ocr_line' id='line_1_45' title="bbox 94 2882 1121 2939; baseline 0.005 -18"><span class='ocrx_word' id='word_1_348' title='bbox 94 2900 161 2928; x_wconf 82' lang='grc' dir='ltr'>τως</span> <span class='ocrx_word' id='word_1_349' title='bbox 192 2888 213 2931; x_wconf 79' lang='grc' dir='ltr'>ἠ</span> <span class='ocrx_word' id='word_1_350' title='bbox 245 2885 395 2938; x_wconf 77' lang='grc' dir='ltr'>πονηρία</span> <span class='ocrx_word' id='word_1_351' title='bbox 428 2889 624 2939; x_wconf 68' lang='grc' dir='ltr'>ἀφανισμοῦ</span> <span class='ocrx_word' id='word_1_352' title='bbox 654 2886 750 2925; x_wconf 83' lang='grc' dir='ltr'>αἰτία</span> <span class='ocrx_word' id='word_1_353' title='bbox 778 2886 999 2926; x_wconf 84' lang='grc' dir='ltr'>καθίσταται.</span> <span class='ocrx_word' id='word_1_354' title='bbox 1031 2882 1121 2927; x_wconf 70' lang='grc' dir='ltr'>Εἶτα</span> 
     </span>
     <span class='ocr_line' id='line_1_46' title="bbox 93 2946 1120 3000; baseline 0.003 -16"><span class='ocrx_word' id='word_1_355' title='bbox 93 2946 213 2993; x_wconf 82' lang='grc' dir='ltr'>ἐπειδὴ</span> <span class='ocrx_word' id='word_1_356' title='bbox 234 2948 292 2985; x_wconf 74' lang='grc' dir='ltr'>καὶ</span> <span class='ocrx_word' id='word_1_357' title='bbox 322 2947 378 2985; x_wconf 73' lang='grc' dir='ltr'>διὰ</span> <span class='ocrx_word' id='word_1_358' title='bbox 405 2950 468 2993; x_wconf 72' lang='grc' dir='ltr'>τῆς</span> <span class='ocrx_word' id='word_1_359' title='bbox 496 2949 671 3000; x_wconf 80' lang='grc' dir='ltr'>εὐλογίας,</span> <span class='ocrx_word' id='word_1_360' title='bbox 699 2948 758 2987; x_wconf 76' lang='grc' dir='ltr'>καὶ</span> <span class='ocrx_word' id='word_1_361' title='bbox 788 2947 844 2986; x_wconf 83' lang='grc' dir='ltr'>διὰ</span> <span class='ocrx_word' id='word_1_362' title='bbox 872 2952 942 2987; x_wconf 78' lang='grc' dir='ltr'>τῶν</span> <span class='ocrx_word' id='word_1_363' title='bbox 969 2949 1120 2987; x_wconf 83' lang='grc' dir='ltr'>ἐπαίνων</span> 
     </span>
     <span class='ocr_line' id='line_1_47' title="bbox 93 3009 1120 3063; baseline 0.003 -17"><span class='ocrx_word' id='word_1_364' title='bbox 93 3011 141 3052; x_wconf 81' lang='grc' dir='ltr'>εἰς</span> <span class='ocrx_word' id='word_1_365' title='bbox 160 3009 302 3047; x_wconf 87' lang='grc' dir='ltr'>πλείονα</span> <span class='ocrx_word' id='word_1_366' title='bbox 332 3009 531 3062; x_wconf 71' lang='grc' dir='ltr'>παρρησίαν</span> <span class='ocrx_word' id='word_1_367' title='bbox 560 3010 671 3061; x_wconf 83' lang='grc' dir='ltr'>ἤγαγε</span> <span class='ocrx_word' id='word_1_368' title='bbox 699 3011 756 3049; x_wconf 82' lang='grc' dir='ltr'>τὸν</span> <span class='ocrx_word' id='word_1_369' title='bbox 786 3010 940 3058; x_wconf 88' lang='grc' dir='ltr'>δίκαιον,</span> <span class='ocrx_word' id='word_1_370' title='bbox 973 3011 1120 3063; x_wconf 72' lang='grc' dir='ltr'>ἄρχεται</span> 
     </span>
     <span class='ocr_line' id='line_1_48' title="bbox 93 3069 1117 3124; baseline 0.002 -17"><span class='ocrx_word' id='word_1_371' title='bbox 93 3072 153 3116; x_wconf 69' lang='grc' dir='ltr'>τῆς</span> <span class='ocrx_word' id='word_1_372' title='bbox 179 3069 394 3116; x_wconf 86' lang='grc' dir='ltr'>υποθέσεως,</span> <span class='ocrx_word' id='word_1_373' title='bbox 413 3071 472 3109; x_wconf 82' lang='grc' dir='ltr'>καί</span> <span class='ocrx_word' id='word_1_374' title='bbox 490 3087 595 3124; x_wconf 69' lang='grc' dir='ltr'>φησι·</span> <span class='ocrx_word' id='word_1_375' title='bbox 615 3071 761 3123; x_wconf 80' lang='grc' dir='ltr'>Κραυγὴ</span> <span class='ocrx_word' id='word_1_376' title='bbox 787 3071 955 3123; x_wconf 80' lang='grc' dir='ltr'>Σοδόμων</span> <span class='ocrx_word' id='word_1_377' title='bbox 973 3073 1031 3111; x_wconf 77' lang='grc' dir='ltr'>καὶ</span> <span class='ocrx_word' id='word_1_378' title='bbox 1053 3074 1117 3111; x_wconf 85' lang='grc' dir='ltr'>Γο-</span> 
     </span>
     <span class='ocr_line' id='line_1_49' title="bbox 96 3131 1118 3186; baseline 0.004 -17"><span class='ocrx_word' id='word_1_379' title='bbox 96 3131 224 3183; x_wconf 70' lang='grc' dir='ltr'>ιιόρρας</span> <span class='ocrx_word' id='word_1_380' title='bbox 237 3131 477 3179; x_wconf 84' lang='grc' dir='ltr'>πεπλήθυνται</span> <span class='ocrx_word' id='word_1_381' title='bbox 499 3132 584 3184; x_wconf 85' lang='grc' dir='ltr'>πρός</span> <span class='ocrx_word' id='word_1_382' title='bbox 605 3148 668 3184; x_wconf 89' lang='grc' dir='ltr'>με,</span> <span class='ocrx_word' id='word_1_383' title='bbox 685 3148 743 3170; x_wconf 85' lang='grc' dir='ltr'>και</span> <span class='ocrx_word' id='word_1_384' title='bbox 760 3134 794 3170; x_wconf 74' lang='grc' dir='ltr'>αἱ</span> <span class='ocrx_word' id='word_1_385' title='bbox 815 3133 984 3186; x_wconf 84' lang='grc' dir='ltr'>ἁμαρτίαι</span> <span class='ocrx_word' id='word_1_386' title='bbox 1004 3136 1118 3173; x_wconf 82' lang='grc' dir='ltr'>αὐτῶν</span> 
     </span>
     <span class='ocr_line' id='line_1_50' title="bbox 97 3188 1118 3247; baseline 0.005 -18"><span class='ocrx_word' id='word_1_387' title='bbox 97 3193 246 3243; x_wconf 81' lang='grc' dir='ltr'>μεγάλαι</span> <span class='ocrx_word' id='word_1_388' title='bbox 264 3193 410 3246; x_wconf 62' lang='grc' dir='ltr'>σφόδρα.</span> <span class='ocrx_word' id='word_1_389' title='bbox 432 3194 599 3238; x_wconf 61' lang='grc' dir='ltr'>Καταὲὰς</span> <span class='ocrx_word' id='word_1_390' title='bbox 624 3188 682 3233; x_wconf 71' lang='grc' dir='ltr'>οῦν</span> <span class='ocrx_word' id='word_1_391' title='bbox 705 3194 853 3247; x_wconf 70' lang='grc' dir='ltr'>ὄψομαι,</span> <span class='ocrx_word' id='word_1_392' title='bbox 880 3198 910 3234; x_wconf 85' lang='grc' dir='ltr'>εἰ</span> <span class='ocrx_word' id='word_1_393' title='bbox 935 3194 1026 3234; x_wconf 79' lang='grc' dir='ltr'>κατὰ</span> <span class='ocrx_word' id='word_1_394' title='bbox 1054 3196 1118 3243; x_wconf 72' lang='grc' dir='ltr'>τὴν</span> 
     </span>
     <span class='ocr_line' id='line_1_51' title="bbox 97 3254 1117 3327; baseline 0.006 -37"><span class='ocrx_word' id='word_1_395' title='bbox 97 3254 249 3327; x_wconf 72' lang='grc' dir='ltr'>κραυγὴν</span> <span class='ocrx_word' id='word_1_396' title='bbox 270 3257 382 3293; x_wconf 78' lang='grc' dir='ltr'>αὐτῶν</span> <span class='ocrx_word' id='word_1_397' title='bbox 402 3255 464 3302; x_wconf 77' lang='grc' dir='ltr'>τὴν</span> <span class='ocrx_word' id='word_1_398' title='bbox 483 3256 675 3308; x_wconf 74' lang='grc' dir='ltr'>ἐρχομένην</span> <span class='ocrx_word' id='word_1_399' title='bbox 695 3255 779 3307; x_wconf 85' lang='grc' dir='ltr'>πρός</span> <span class='ocrx_word' id='word_1_400' title='bbox 799 3273 842 3307; x_wconf 85' lang='grc' dir='ltr'>με</span> <span class='ocrx_word' id='word_1_401' title='bbox 859 3259 1117 3296; x_wconf 80' lang='grc' dir='ltr'>συντελοῦνται·</span> 
     </span>
     <span class='ocr_line' id='line_1_52' title="bbox 97 3314 1117 3370; baseline 0.006 -19.128"><span class='ocrx_word' id='word_1_402' title='bbox 97 3316 127 3352; x_wconf 86' lang='grc' dir='ltr'>;ἱ</span> <span class='ocrx_word' id='word_1_403' title='bbox 146 3315 180 3352; x_wconf 77' lang='grc' dir='ltr'>δὲ</span> <span class='ocrx_word' id='word_1_404' title='bbox 200 3314 267 3365; x_wconf 73' lang='grc' dir='ltr'>μὴ,</span> <span class='ocrx_word' id='word_1_405' title='bbox 287 3315 342 3353; x_wconf 82' lang='grc' dir='ltr'>ἰ’να</span> <span class='ocrx_word' id='word_1_406' title='bbox 358 3332 439 3368; x_wconf 82' lang='grc' dir='ltr'>γνυ.</span> <span class='ocrx_word' id='word_1_407' title='bbox 457 3317 554 3355; x_wconf 59' lang='grc' dir='ltr'>(1»)ίέ</span> <span class='ocrx_word' id='word_1_408' title='bbox 541 3317 602 3369; x_wconf 69' lang='grc' dir='ltr'>ιρὰ</span> <span class='ocrx_word' id='word_1_409' title='bbox 623 3317 665 3356; x_wconf 89' lang='grc' dir='ltr'>τα</span> <span class='ocrx_word' id='word_1_410' title='bbox 680 3317 859 3370; x_wconf 72' lang='grc' dir='ltr'>εἷρημενα.</span> <span class='ocrx_word' id='word_1_411' title='bbox 883 3319 1073 3370; x_wconf 55' lang='lat' dir='ltr'>prfri⁷⁴</span> <span class='ocrx_word' id='word_1_412' title='bbox 1052 3336 1117 3358; x_wconf 86' lang='grc' dir='ltr'>..ο-</span> 
     </span>
     <span class='ocr_line' id='line_1_53' title="bbox 99 3378 1099 3433; baseline 0.007 -22.133"><span class='ocrx_word' id='word_1_413' title='bbox 99 3374 224 3424; x_wconf 79' lang='grc' dir='ltr'>δόμων,</span> <span class='ocrx_word' id='word_1_414' title='bbox 240 3393 342 3429; x_wconf 61' lang='grc' dir='ltr'>φησι,</span> <span class='ocrx_word' id='word_1_415' title='bbox 358 3394 415 3416; x_wconf 86' lang='grc' dir='ltr'>και</span> <span class='ocrx_word' id='word_1_416' title='bbox 437 3378 628 3431; x_wconf 38' lang='grc' dir='ltr'>Ιᾈοιόρρας.</span> <span class='ocrx_word' id='word_1_417' title='bbox 652 3379 774 3417; x_wconf 86' lang='grc' dir='ltr'>Καίτοι</span> <span class='ocrx_word' id='word_1_418' title='bbox 792 3379 850 3417; x_wconf 83' lang='grc' dir='ltr'>καὶ</span> <span class='ocrx_word' id='word_1_419' title='bbox 871 3379 987 3433; x_wconf 79' lang='grc' dir='ltr'>ἕτεραι</span> <span class='ocrx_word' id='word_1_420' title='bbox 1001 3381 1099 3419; x_wconf 81' lang='grc' dir='ltr'>πόλει</span> 
     </span>
    </p>
   </div>
   <div class='ocr_carea' id='block_1_12' title="bbox 101 3440 1117 3489">
    <p class='ocr_par' dir='ltr' id='par_1_12' title="bbox 101 3440 1117 3489">
     <span class='ocr_line' id='line_1_54' title="bbox 101 3440 1117 3489; baseline 0.006 -15.048"><span class='ocrx_word' id='word_1_421' title='bbox 101 3452 162 3474; x_wconf 77' lang='grc' dir='ltr'>υετ</span> <span class='ocrx_word' id='word_1_422' title='bbox 195 3441 304 3477; x_wconf 68' lang='grc' dir='ltr'>αἶστων</span> <span class='ocrx_word' id='word_1_423' title='bbox 330 3440 581 3491; x_wconf 58' lang='grc' dir='ltr'>ἦῡκνίσθησαν,</span> <span class='ocrx_word' id='word_1_424' title='bbox 604 3442 678 3478; x_wconf 60' lang='lat' dir='ltr'>am</span> <span class='ocrx_word' id='word_1_425' title='bbox 707 3441 825 3488; x_wconf 68' lang='grc' dir='ltr'>ἐπειδὴ</span> <span class='ocrx_word' id='word_1_426' title='bbox 847 3459 910 3480; x_wconf 84' lang='grc' dir='ltr'>αυτ</span> <span class='ocrx_word' id='word_1_427' title='bbox 915 3458 947 3480; x_wconf 78' lang='grc' dir='ltr'>α.</span> <span class='ocrx_word' id='word_1_428' title='bbox 977 3447 1065 3489; x_wconf 76' lang='grc' dir='ltr'>ἦσαν</span> <span class='ocrx_word' id='word_1_429' title='bbox 1085 3445 1117 3481; x_wconf 78' lang='grc' dir='ltr'>αἱ</span> 
     </span>
    </p>
   </div>
   <div class='ocr_carea' id='block_1_13' title="bbox 1187 203 2161 3422">
    <p class='ocr_par' dir='ltr' id='par_1_13' title="bbox 1200 203 2156 839">
     <span class='ocr_line' id='line_1_55' title="bbox 1254 203 2147 262; baseline 0 -17"><span class='ocrx_word' id='word_1_430' title='bbox 1254 215 1409 246; x_wconf 69' lang='lat' dir='ltr'>nomn„</span> <span class='ocrx_word' id='word_1_431' title='bbox 1449 214 1558 245; x_wconf 73' lang='lat' dir='ltr'>xLu.</span> <span class='ocrx_word' id='word_1_432' title='bbox 2056 203 2147 262; x_wconf 65' lang='lat'>493</span> 
     </span>
     <span class='ocr_line' id='line_1_56' title="bbox 1200 296 2154 349; baseline -0.002 -13"><span class='ocrx_word' id='word_1_433' title='bbox 1200 298 1328 349; x_wconf 88' lang='lat' dir='ltr'>virtus,</span> <span class='ocrx_word' id='word_1_434' title='bbox 1350 298 1493 349; x_wconf 80' lang='lat' dir='ltr'>qnando</span> <span class='ocrx_word' id='word_1_435' title='bbox 1534 299 1629 336; x_wconf 86' lang='lat' dir='ltr'>Deus</span> <span class='ocrx_word' id='word_1_436' title='bbox 1654 296 1743 334; x_wconf 84' lang='lat' dir='ltr'>dicit</span> <span class='ocrx_word' id='word_1_437' title='bbox 1771 312 1778 332; x_wconf 75' lang='grc' dir='ltr'>ι</span> <span class='ocrx_word' id='word_1_438' title='bbox 1802 296 1888 335; x_wconf 86' lang='lat' dir='ltr'>Scio</span> <span class='ocrx_word' id='word_1_439' title='bbox 1918 299 2021 334; x_wconf 81' lang='lat' dir='ltr'>enim</span> <span class='ocrx_word' id='word_1_440' title='bbox 2049 299 2154 347; x_wconf 73' lang='lat' dir='ltr'>quud</span> 
     </span>
     <span class='ocr_line' id='line_1_57' title="bbox 1200 359 2153 411; baseline -0.003 -12"><span class='ocrx_word' id='word_1_441' title='bbox 1200 361 1511 411; x_wconf 78' lang='lat' dir='ltr'>constituetje&#39;liis</span> <span class='ocrx_word' id='word_1_442' title='bbox 1525 362 1604 398; x_wconf 78' lang='lat' dir='ltr'>suis</span> <span class='ocrx_word' id='word_1_443' title='bbox 1616 367 1701 410; x_wconf 87' lang='lat' dir='ltr'>post</span> <span class='ocrx_word' id='word_1_444' title='bbox 1716 372 1769 406; x_wconf 82' lang='lat' dir='ltr'>se,</span> <span class='ocrx_word' id='word_1_445' title='bbox 1784 367 1819 397; x_wconf 83' lang='lat' dir='ltr'>et</span> <span class='ocrx_word' id='word_1_446' title='bbox 1831 359 2047 396; x_wconf 79' lang='lat' dir='ltr'>custodient</span> <span class='ocrx_word' id='word_1_447' title='bbox 2065 363 2153 396; x_wconf 77' lang='lat' dir='ltr'>vias</span> 
     </span>
     <span class='ocr_line' id='line_1_58' title="bbox 1205 415 2151 473; baseline -0.006 -13"><span class='ocrx_word' id='word_1_448' title='bbox 1205 424 1360 460; x_wconf 80' lang='lat' dir='ltr'><em>Domini</em></span> <span class='ocrx_word' id='word_1_449' title='bbox 1383 415 1468 459; x_wconf 74' lang='lat' dir='ltr'>Dei.</span> <span class='ocrx_word' id='word_1_450' title='bbox 1484 421 1616 473; x_wconf 83' lang='lat' dir='ltr'>Magna</span> <span class='ocrx_word' id='word_1_451' title='bbox 1637 420 1714 458; x_wconf 69' lang='lat' dir='ltr'>liaec</span> <span class='ocrx_word' id='word_1_452' title='bbox 1737 428 1788 458; x_wconf 86' lang='lat' dir='ltr'>est</span> <span class='ocrx_word' id='word_1_453' title='bbox 1806 419 1950 458; x_wconf 85' lang='lat' dir='ltr'>virtutis</span> <span class='ocrx_word' id='word_1_454' title='bbox 1971 419 2123 457; x_wconf 76' lang='lat' dir='ltr'>accessio</span> <span class='ocrx_word' id='word_1_455' title='bbox 2145 435 2151 454; x_wconf 69' lang='grc' dir='ltr'>ε</span> 
     </span>
     <span class='ocr_line' id='line_1_59' title="bbox 1202 479 2155 532; baseline -0.003 -14"><span class='ocrx_word' id='word_1_456' title='bbox 1202 494 1269 518; x_wconf 91' lang='lat' dir='ltr'>non</span> <span class='ocrx_word' id='word_1_457' title='bbox 1299 481 1393 519; x_wconf 86' lang='lat' dir='ltr'>enim</span> <span class='ocrx_word' id='word_1_458' title='bbox 1427 490 1564 519; x_wconf 80' lang='lat' dir='ltr'>tantuin</span> <span class='ocrx_word' id='word_1_459' title='bbox 1591 479 1789 519; x_wconf 73' lang='lat' dir='ltr'>mercedem</span> <span class='ocrx_word' id='word_1_460' title='bbox 1816 479 1945 532; x_wconf 76' lang='lat' dir='ltr'>accipit</span> <span class='ocrx_word' id='word_1_461' title='bbox 1971 479 2054 530; x_wconf 86' lang='lat' dir='ltr'>quia</span> <span class='ocrx_word' id='word_1_462' title='bbox 2081 479 2155 531; x_wconf 84' lang='lat' dir='ltr'>ipsc</span> 
     </span>
     <span class='ocr_line' id='line_1_60' title="bbox 1201 541 2156 595; baseline -0.001 -17"><span class='ocrx_word' id='word_1_463' title='bbox 1201 541 1288 579; x_wconf 85' lang='lat' dir='ltr'>bene</span> <span class='ocrx_word' id='word_1_464' title='bbox 1301 542 1392 592; x_wconf 79' lang='lat' dir='ltr'>egit3</span> <span class='ocrx_word' id='word_1_465' title='bbox 1410 542 1470 580; x_wconf 87' lang='lat' dir='ltr'>sed</span> <span class='ocrx_word' id='word_1_466' title='bbox 1488 551 1519 579; x_wconf 86' lang='lat' dir='ltr'>et</span> <span class='ocrx_word' id='word_1_467' title='bbox 1539 542 1624 592; x_wconf 85' lang='lat' dir='ltr'>quia</span> <span class='ocrx_word' id='word_1_468' title='bbox 1643 542 1810 595; x_wconf 64' lang='lat' dir='ltr'>prati-epit</span> <span class='ocrx_word' id='word_1_469' title='bbox 1828 542 1920 580; x_wconf 86' lang='lat' dir='ltr'>natis</span> <span class='ocrx_word' id='word_1_470' title='bbox 1935 541 2023 589; x_wconf 85' lang='lat' dir='ltr'>suis,</span> <span class='ocrx_word' id='word_1_471' title='bbox 2040 541 2156 589; x_wconf 73' lang='lat' dir='ltr'>largas</span> 
     </span>
     <span class='ocr_line' id='line_1_61' title="bbox 1201 601 2156 656; baseline 0 -17"><span class='ocrx_word' id='word_1_472' title='bbox 1201 603 1451 641; x_wconf 73' lang='lat' dir='ltr'>retributiones</span> <span class='ocrx_word' id='word_1_473' title='bbox 1478 603 1624 656; x_wconf 75' lang='lat' dir='ltr'>accipit,</span> <span class='ocrx_word' id='word_1_474' title='bbox 1653 602 1760 653; x_wconf 86' lang='lat' dir='ltr'>idque</span> <span class='ocrx_word' id='word_1_475' title='bbox 1787 604 1914 642; x_wconf 89' lang='lat' dir='ltr'>merito</span> <span class='ocrx_word' id='word_1_476' title='bbox 1943 619 1951 639; x_wconf 92' lang='lat'>:</span> <span class='ocrx_word' id='word_1_477' title='bbox 1980 601 2156 654; x_wconf 82' lang='lat' dir='ltr'>siquidem</span> 
     </span>
     <span class='ocr_line' id='line_1_62' title="bbox 1201 663 2155 717; baseline 0.001 -17"><span class='ocrx_word' id='word_1_478' title='bbox 1201 663 1274 715; x_wconf 86' lang='lat' dir='ltr'>ipse</span> <span class='ocrx_word' id='word_1_479' title='bbox 1300 664 1467 701; x_wconf 86' lang='lat' dir='ltr'>omnibus</span> <span class='ocrx_word' id='word_1_480' title='bbox 1491 664 1657 717; x_wconf 86' lang='lat' dir='ltr'>deinceps</span> <span class='ocrx_word' id='word_1_481' title='bbox 1677 666 1845 716; x_wconf 81' lang='lat' dir='ltr'>magister</span> <span class='ocrx_word' id='word_1_482' title='bbox 1863 674 1896 703; x_wconf 90' lang='lat' dir='ltr'>et</span> <span class='ocrx_word' id='word_1_483' title='bbox 1920 663 2045 702; x_wconf 89' lang='lat' dir='ltr'>doctor</span> <span class='ocrx_word' id='word_1_484' title='bbox 2071 677 2155 702; x_wconf 83' lang='lat' dir='ltr'>eva—</span> 
     </span>
     <span class='ocr_line' id='line_1_63' title="bbox 1202 723 2156 778; baseline 0.001 -17"><span class='ocrx_word' id='word_1_485' title='bbox 1202 723 1258 761; x_wconf 88' lang='lat' dir='ltr'>sit.</span> <span class='ocrx_word' id='word_1_486' title='bbox 1288 725 1322 762; x_wconf 89' lang='lat' dir='ltr'>Is</span> <span class='ocrx_word' id='word_1_487' title='bbox 1353 724 1448 762; x_wconf 88' lang='lat' dir='ltr'>enim</span> <span class='ocrx_word' id='word_1_488' title='bbox 1475 725 1537 776; x_wconf 88' lang='lat' dir='ltr'>qui</span> <span class='ocrx_word' id='word_1_489' title='bbox 1564 726 1782 778; x_wconf 87' lang='lat' dir='ltr'>principium</span> <span class='ocrx_word' id='word_1_490' title='bbox 1812 726 1945 778; x_wconf 66' lang='lat' dir='ltr'>prarbet</span> <span class='ocrx_word' id='word_1_491' title='bbox 1975 739 2016 763; x_wconf 90' lang='lat' dir='ltr'>ac</span> <span class='ocrx_word' id='word_1_492' title='bbox 2043 724 2156 773; x_wconf 85' lang='lat' dir='ltr'>initia,</span> 
     </span>
     <span class='ocr_line' id='line_1_64' title="bbox 1201 785 1995 839; baseline 0 -16"><span class='ocrx_word' id='word_1_493' title='bbox 1201 785 1306 823; x_wconf 83' lang='lat' dir='ltr'>ctiam</span> <span class='ocrx_word' id='word_1_494' title='bbox 1324 800 1445 824; x_wconf 86' lang='lat' dir='ltr'>eorum</span> <span class='ocrx_word' id='word_1_495' title='bbox 1463 801 1541 837; x_wconf 68' lang='lat' dir='ltr'>qua:</span> <span class='ocrx_word' id='word_1_496' title='bbox 1554 796 1674 839; x_wconf 85' lang='lat' dir='ltr'>postea</span> <span class='ocrx_word' id='word_1_497' title='bbox 1690 787 1780 824; x_wconf 83' lang='lat' dir='ltr'>fiunt</span> <span class='ocrx_word' id='word_1_498' title='bbox 1795 796 1918 825; x_wconf 81' lang='lat' dir='ltr'>auctor</span> <span class='ocrx_word' id='word_1_499' title='bbox 1933 796 1995 824; x_wconf 90' lang='lat' dir='ltr'>cst.</span> 
     </span>
    </p>

    <p class='ocr_par' dir='ltr' id='par_1_14' title="bbox 1200 847 2161 2307">
     <span class='ocr_line' id='line_1_65' title="bbox 1255 847 2158 899; baseline 0.001 -15"><span class='ocrx_word' id='word_1_500' title='bbox 1255 847 1291 884; x_wconf 84' lang='lat'>5.</span> <span class='ocrx_word' id='word_1_501' title='bbox 1322 847 1369 885; x_wconf 87' lang='lat' dir='ltr'>Et</span> <span class='ocrx_word' id='word_1_502' title='bbox 1385 847 1468 887; x_wconf 83' lang='lat' dir='ltr'>vide</span> <span class='ocrx_word' id='word_1_503' title='bbox 1486 848 1631 886; x_wconf 86' lang='lat' dir='ltr'>Domini</span> <span class='ocrx_word' id='word_1_504' title='bbox 1646 848 1851 886; x_wconf 88' lang='lat' dir='ltr'>bonitatem.</span> <span class='ocrx_word' id='word_1_505' title='bbox 1866 849 1941 885; x_wconf 88' lang='lat' dir='ltr'>Non</span> <span class='ocrx_word' id='word_1_506' title='bbox 1958 848 2073 885; x_wconf 72' lang='lat' dir='ltr'>solunt</span> <span class='ocrx_word' id='word_1_507' title='bbox 2094 862 2158 899; x_wconf 88' lang='lat' dir='ltr'>pro</span> 
     </span>
     <span class='ocr_line' id='line_1_66' title="bbox 1203 908 2157 962; baseline 0 -17"><span class='ocrx_word' id='word_1_508' title='bbox 1203 909 1379 960; x_wconf 75' lang='lat' dir='ltr'>praeterita</span> <span class='ocrx_word' id='word_1_509' title='bbox 1397 909 1543 959; x_wconf 89' lang='lat' dir='ltr'>virtute,</span> <span class='ocrx_word' id='word_1_510' title='bbox 1553 909 1614 947; x_wconf 88' lang='lat' dir='ltr'>sed</span> <span class='ocrx_word' id='word_1_511' title='bbox 1629 918 1662 947; x_wconf 89' lang='lat' dir='ltr'>et</span> <span class='ocrx_word' id='word_1_512' title='bbox 1678 923 1744 962; x_wconf 88' lang='lat' dir='ltr'>pro</span> <span class='ocrx_word' id='word_1_513' title='bbox 1759 909 1777 946; x_wconf 87' lang='lat' dir='ltr'>s</span> <span class='ocrx_word' id='word_1_514' title='bbox 1777 918 1877 946; x_wconf 88' lang='lat' dir='ltr'>utura</span> <span class='ocrx_word' id='word_1_515' title='bbox 1889 908 2027 960; x_wconf 83' lang='lat' dir='ltr'>justum</span> <span class='ocrx_word' id='word_1_516' title='bbox 2042 923 2157 946; x_wconf 79' lang='lat' dir='ltr'>reinu-</span> 
     </span>
     <span class='ocr_line' id='line_1_67' title="bbox 1203 971 2158 1022; baseline -0.001 -14"><span class='ocrx_word' id='word_1_517' title='bbox 1203 971 1453 1009; x_wconf 75' lang='lat' dir='ltr'>neratnr.Seio</span> <span class='ocrx_word' id='word_1_518' title='bbox 1467 973 1584 1022; x_wconf 84' lang='lat' dir='ltr'>enim,</span> <span class='ocrx_word' id='word_1_519' title='bbox 1594 971 1720 1022; x_wconf 86' lang='lat' dir='ltr'>inquit,</span> <span class='ocrx_word' id='word_1_520' title='bbox 1732 971 1836 1022; x_wconf 80' lang='lat' dir='ltr'>quod</span> <span class='ocrx_word' id='word_1_521' title='bbox 1850 972 2053 1008; x_wconf 75' lang='lat' dir='ltr'>constituet</span> <span class='ocrx_word' id='word_1_522' title='bbox 2064 971 2158 1020; x_wconf 79' lang='lat' dir='ltr'>filiis</span> 
     </span>
     <span class='ocr_line' id='line_1_68' title="bbox 1202 1031 2158 1085; baseline -0.001 -14"><span class='ocrx_word' id='word_1_523' title='bbox 1202 1035 1292 1071; x_wconf 79' lang='lat' dir='ltr'>suis.</span> <span class='ocrx_word' id='word_1_524' title='bbox 1309 1033 1504 1082; x_wconf 76' lang='lat' dir='ltr'>Quoniam,</span> <span class='ocrx_word' id='word_1_525' title='bbox 1516 1033 1642 1084; x_wconf 89' lang='lat' dir='ltr'>inquit,</span> <span class='ocrx_word' id='word_1_526' title='bbox 1654 1031 1911 1085; x_wconf 75' lang='lat' dir='ltr'>praenovijusti</span> <span class='ocrx_word' id='word_1_527' title='bbox 1926 1042 2089 1082; x_wconf 89' lang='lat' dir='ltr'>mentem,</span> <span class='ocrx_word' id='word_1_528' title='bbox 2105 1032 2158 1070; x_wconf 86' lang='lat' dir='ltr'>id-</span> 
     </span>
     <span class='ocr_line' id='line_1_69' title="bbox 1203 1091 2157 1145; baseline 0 -16"><span class='ocrx_word' id='word_1_529' title='bbox 1203 1092 1297 1131; x_wconf 87' lang='lat' dir='ltr'>eirco</span> <span class='ocrx_word' id='word_1_530' title='bbox 1317 1093 1662 1131; x_wconf 77' lang='lat' dir='ltr'>remunerationibus</span> <span class='ocrx_word' id='word_1_531' title='bbox 1675 1092 1864 1145; x_wconf 72' lang='lat' dir='ltr'>praevenio.</span> <span class='ocrx_word' id='word_1_532' title='bbox 1887 1091 1962 1130; x_wconf 90' lang='lat' dir='ltr'>Scit</span> <span class='ocrx_word' id='word_1_533' title='bbox 1980 1092 2073 1130; x_wconf 88' lang='lat' dir='ltr'>enim</span> <span class='ocrx_word' id='word_1_534' title='bbox 2089 1092 2157 1129; x_wconf 88' lang='lat' dir='ltr'>ab—</span> 
     </span>
     <span class='ocr_line' id='line_1_70' title="bbox 1202 1152 2160 1205; baseline -0.002 -14"><span class='ocrx_word' id='word_1_535' title='bbox 1202 1154 1277 1192; x_wconf 85' lang='lat' dir='ltr'>dita</span> <span class='ocrx_word' id='word_1_536' title='bbox 1291 1154 1408 1193; x_wconf 88' lang='lat' dir='ltr'>cordis</span> <span class='ocrx_word' id='word_1_537' title='bbox 1421 1154 1544 1204; x_wconf 83' lang='lat' dir='ltr'>nostri,</span> <span class='ocrx_word' id='word_1_538' title='bbox 1566 1163 1600 1192; x_wconf 89' lang='lat' dir='ltr'>et</span> <span class='ocrx_word' id='word_1_539' title='bbox 1611 1152 1752 1205; x_wconf 89' lang='lat' dir='ltr'>quando</span> <span class='ocrx_word' id='word_1_540' title='bbox 1769 1153 1870 1193; x_wconf 80' lang='lat' dir='ltr'>videt</span> <span class='ocrx_word' id='word_1_541' title='bbox 1881 1152 2102 1191; x_wconf 71' lang='lat' dir='ltr'>consulentes</span> <span class='ocrx_word' id='word_1_542' title='bbox 2122 1162 2160 1190; x_wconf 92' lang='lat' dir='ltr'>ut</span> 
     </span>
     <span class='ocr_line' id='line_1_71' title="bbox 1203 1216 2159 1269; baseline 0 -16"><span class='ocrx_word' id='word_1_543' title='bbox 1203 1225 1341 1268; x_wconf 81' lang='lat' dir='ltr'>oportet</span> <span class='ocrx_word' id='word_1_544' title='bbox 1354 1230 1396 1254; x_wconf 90' lang='lat' dir='ltr'>ac</span> <span class='ocrx_word' id='word_1_545' title='bbox 1406 1230 1526 1254; x_wconf 88' lang='lat' dir='ltr'>sanam</span> <span class='ocrx_word' id='word_1_546' title='bbox 1540 1231 1615 1269; x_wconf 88' lang='lat' dir='ltr'>prae</span> <span class='ocrx_word' id='word_1_547' title='bbox 1631 1230 1667 1254; x_wconf 86' lang='lat' dir='ltr'>sc</span> <span class='ocrx_word' id='word_1_548' title='bbox 1678 1216 1829 1253; x_wconf 87' lang='lat' dir='ltr'>serentes</span> <span class='ocrx_word' id='word_1_549' title='bbox 1842 1224 2159 1262; x_wconf 84' lang='lat' dir='ltr'>mentem‚manum</span> 
     </span>
     <span class='ocr_line' id='line_1_72' title="bbox 1202 1276 2161 1329; baseline 0 -15"><span class='ocrx_word' id='word_1_550' title='bbox 1202 1277 1402 1329; x_wconf 80' lang='lat' dir='ltr'>porrigit,et</span> <span class='ocrx_word' id='word_1_551' title='bbox 1414 1287 1494 1315; x_wconf 84' lang='lat' dir='ltr'>ante</span> <span class='ocrx_word' id='word_1_552' title='bbox 1505 1278 1643 1316; x_wconf 87' lang='lat' dir='ltr'>labores</span> <span class='ocrx_word' id='word_1_553' title='bbox 1654 1276 1852 1315; x_wconf 81' lang='lat' dir='ltr'>mercedem</span> <span class='ocrx_word' id='word_1_554' title='bbox 1866 1276 2005 1325; x_wconf 75' lang='lat' dir='ltr'>tribuit,</span> <span class='ocrx_word' id='word_1_555' title='bbox 2014 1277 2161 1314; x_wconf 84' lang='lat' dir='ltr'>alacrio—</span> 
     </span>
     <span class='ocr_line' id='line_1_73' title="bbox 1202 1337 2161 1391; baseline 0 -16"><span class='ocrx_word' id='word_1_556' title='bbox 1202 1352 1256 1375; x_wconf 85' lang='lat' dir='ltr'>res</span> <span class='ocrx_word' id='word_1_557' title='bbox 1270 1338 1337 1376; x_wconf 84' lang='lat' dir='ltr'>hac</span> <span class='ocrx_word' id='word_1_558' title='bbox 1347 1338 1483 1377; x_wconf 85' lang='lat' dir='ltr'>ratione</span> <span class='ocrx_word' id='word_1_559' title='bbox 1493 1339 1670 1377; x_wconf 84' lang='lat' dir='ltr'>efficiens:</span> <span class='ocrx_word' id='word_1_560' title='bbox 1684 1339 1719 1376; x_wconf 84' lang='lat' dir='ltr'>id</span> <span class='ocrx_word' id='word_1_561' title='bbox 1731 1337 1827 1389; x_wconf 89' lang='lat' dir='ltr'>quod</span> <span class='ocrx_word' id='word_1_562' title='bbox 1836 1338 1985 1391; x_wconf 88' lang='lat' dir='ltr'>injustis</span> <span class='ocrx_word' id='word_1_563' title='bbox 1994 1338 2161 1375; x_wconf 83' lang='lat' dir='ltr'>omnibus</span> 
     </span>
     <span class='ocr_line' id='line_1_74' title="bbox 1201 1399 2159 1439; baseline -0.002 -2"><span class='ocrx_word' id='word_1_564' title='bbox 1201 1399 1278 1438; x_wconf 85' lang='lat' dir='ltr'>fieri</span> <span class='ocrx_word' id='word_1_565' title='bbox 1299 1400 1468 1438; x_wconf 80' lang='lat' dir='ltr'>invenies.</span> <span class='ocrx_word' id='word_1_566' title='bbox 1485 1401 1578 1438; x_wconf 86' lang='lat' dir='ltr'>Nam</span> <span class='ocrx_word' id='word_1_567' title='bbox 1597 1415 1679 1439; x_wconf 89' lang='lat' dir='ltr'>cum</span> <span class='ocrx_word' id='word_1_568' title='bbox 1694 1400 1782 1438; x_wconf 84' lang='lat' dir='ltr'>sciat</span> <span class='ocrx_word' id='word_1_569' title='bbox 1801 1399 2082 1438; x_wconf 80' lang='lat' dir='ltr'>imbecillitatem</span> <span class='ocrx_word' id='word_1_570' title='bbox 2098 1399 2159 1436; x_wconf 85' lang='lat' dir='ltr'>hu-</span> 
     </span>
     <span class='ocr_line' id='line_1_75' title="bbox 1202 1461 2160 1510; baseline 0 -12"><span class='ocrx_word' id='word_1_571' title='bbox 1202 1474 1315 1498; x_wconf 87' lang='lat' dir='ltr'>manae</span> <span class='ocrx_word' id='word_1_572' title='bbox 1344 1470 1492 1510; x_wconf 82' lang='lat' dir='ltr'>naturae,</span> <span class='ocrx_word' id='word_1_573' title='bbox 1508 1471 1547 1499; x_wconf 88' lang='lat' dir='ltr'>ut</span> <span class='ocrx_word' id='word_1_574' title='bbox 1568 1476 1637 1500; x_wconf 90' lang='lat' dir='ltr'>non</span> <span class='ocrx_word' id='word_1_575' title='bbox 1668 1462 1703 1499; x_wconf 91' lang='lat' dir='ltr'>in</span> <span class='ocrx_word' id='word_1_576' title='bbox 1723 1461 1847 1500; x_wconf 86' lang='lat' dir='ltr'>arduis</span> <span class='ocrx_word' id='word_1_577' title='bbox 1873 1461 1982 1499; x_wconf 86' lang='lat' dir='ltr'>bomo</span> <span class='ocrx_word' id='word_1_578' title='bbox 2001 1461 2160 1498; x_wconf 88' lang='lat' dir='ltr'>animum</span> 
     </span>
     <span class='ocr_line' id='line_1_76' title="bbox 1201 1521 2159 1574; baseline 0.001 -15"><span class='ocrx_word' id='word_1_579' title='bbox 1201 1521 1434 1574; x_wconf 80' lang='lat' dir='ltr'>despondeat,</span> <span class='ocrx_word' id='word_1_580' title='bbox 1446 1523 1536 1561; x_wconf 89' lang='lat' dir='ltr'>inter</span> <span class='ocrx_word' id='word_1_581' title='bbox 1549 1522 1787 1561; x_wconf 84' lang='lat' dir='ltr'>laborandum</span> <span class='ocrx_word' id='word_1_582' title='bbox 1802 1523 1849 1561; x_wconf 90' lang='lat' dir='ltr'>ita</span> <span class='ocrx_word' id='word_1_583' title='bbox 1862 1537 1968 1561; x_wconf 87' lang='lat' dir='ltr'>sunm</span> <span class='ocrx_word' id='word_1_584' title='bbox 1982 1523 2159 1560; x_wconf 80' lang='lat' dir='ltr'>auxilium</span> 
     </span>
     <span class='ocr_line' id='line_1_77' title="bbox 1202 1584 2158 1637; baseline 0.001 -17"><span class='ocrx_word' id='word_1_585' title='bbox 1202 1592 1236 1621; x_wconf 88' lang='lat' dir='ltr'>et</span> <span class='ocrx_word' id='word_1_586' title='bbox 1255 1584 1552 1622; x_wconf 83' lang='lat' dir='ltr'>remunerationes</span> <span class='ocrx_word' id='word_1_587' title='bbox 1566 1585 1712 1637; x_wconf 77' lang='lat' dir='ltr'>praebet,</span> <span class='ocrx_word' id='word_1_588' title='bbox 1725 1594 1762 1622; x_wconf 92' lang='lat' dir='ltr'>ut</span> <span class='ocrx_word' id='word_1_589' title='bbox 1778 1594 1810 1622; x_wconf 90' lang='lat' dir='ltr'>et</span> <span class='ocrx_word' id='word_1_590' title='bbox 1824 1584 1926 1622; x_wconf 85' lang='lat' dir='ltr'>labor</span> <span class='ocrx_word' id='word_1_591' title='bbox 1942 1584 2158 1629; x_wconf 71' lang='lat' dir='ltr'>sublevetur,</span> 
     </span>
     <span class='ocr_line' id='line_1_78' title="bbox 1202 1645 2160 1697; baseline 0 -15"><span class='ocrx_word' id='word_1_592' title='bbox 1202 1653 1235 1682; x_wconf 87' lang='lat' dir='ltr'>et</span> <span class='ocrx_word' id='word_1_593' title='bbox 1256 1645 1375 1683; x_wconf 78' lang='lat' dir='ltr'>fervor</span> <span class='ocrx_word' id='word_1_594' title='bbox 1388 1655 1532 1683; x_wconf 79' lang='lat' dir='ltr'>crescat.</span> <span class='ocrx_word' id='word_1_595' title='bbox 1548 1647 1650 1684; x_wconf 75' lang='lat' dir='ltr'>Novi</span> <span class='ocrx_word' id='word_1_596' title='bbox 1667 1648 1786 1693; x_wconf 84' lang='lat' dir='ltr'>enim,</span> <span class='ocrx_word' id='word_1_597' title='bbox 1805 1645 1933 1696; x_wconf 89' lang='lat' dir='ltr'>inquit,</span> <span class='ocrx_word' id='word_1_598' title='bbox 1949 1646 2057 1697; x_wconf 78' lang='lat' dir='ltr'>quod</span> <span class='ocrx_word' id='word_1_599' title='bbox 2071 1659 2160 1683; x_wconf 89' lang='lat' dir='ltr'>con-</span> 
     </span>
     <span class='ocr_line' id='line_1_79' title="bbox 1202 1706 2160 1758; baseline 0.001 -16"><span class='ocrx_word' id='word_1_600' title='bbox 1202 1707 1336 1743; x_wconf 82' lang='lat' dir='ltr'>stituet</span> <span class='ocrx_word' id='word_1_601' title='bbox 1347 1706 1453 1758; x_wconf 75' lang='lat' dir='ltr'>filiis</span> <span class='ocrx_word' id='word_1_602' title='bbox 1479 1712 1574 1754; x_wconf 80' lang='lat' dir='ltr'>suis,</span> <span class='ocrx_word' id='word_1_603' title='bbox 1592 1715 1628 1744; x_wconf 82' lang='lat' dir='ltr'>et</span> <span class='ocrx_word' id='word_1_604' title='bbox 1650 1708 1868 1745; x_wconf 77' lang='lat' dir='ltr'>custodient</span> <span class='ocrx_word' id='word_1_605' title='bbox 1890 1709 1978 1744; x_wconf 83' lang='lat' dir='ltr'>vias</span> <span class='ocrx_word' id='word_1_606' title='bbox 1998 1708 2160 1744; x_wconf 78' lang='lat' dir='ltr'>Domini</span> 
     </span>
     <span class='ocr_line' id='line_1_80' title="bbox 1205 1766 2158 1820; baseline 0.003 -17"><span class='ocrx_word' id='word_1_607' title='bbox 1205 1767 1293 1804; x_wconf 84' lang='lat' dir='ltr'>Dei.</span> <span class='ocrx_word' id='word_1_608' title='bbox 1311 1768 1389 1804; x_wconf 90' lang='lat' dir='ltr'>Non</span> <span class='ocrx_word' id='word_1_609' title='bbox 1414 1767 1530 1805; x_wconf 89' lang='lat' dir='ltr'>solum</span> <span class='ocrx_word' id='word_1_610' title='bbox 1554 1766 1599 1805; x_wconf 91' lang='lat' dir='ltr'>de</span> <span class='ocrx_word' id='word_1_611' title='bbox 1627 1767 1704 1820; x_wconf 89' lang='lat' dir='ltr'>ipso</span> <span class='ocrx_word' id='word_1_612' title='bbox 1731 1767 1914 1820; x_wconf 61' lang='lat' dir='ltr'>praedicit,</span> <span class='ocrx_word' id='word_1_613' title='bbox 1938 1769 2158 1815; x_wconf 76' lang='lat' dir='ltr'>Constiluet,</span> 
     </span>
     <span class='ocr_line' id='line_1_81' title="bbox 1203 1827 2158 1881; baseline 0.003 -15"><span class='ocrx_word' id='word_1_614' title='bbox 1203 1827 1263 1866; x_wconf 87' lang='lat' dir='ltr'>sed</span> <span class='ocrx_word' id='word_1_615' title='bbox 1274 1837 1307 1866; x_wconf 89' lang='lat' dir='ltr'>et</span> <span class='ocrx_word' id='word_1_616' title='bbox 1316 1827 1360 1866; x_wconf 88' lang='lat' dir='ltr'>de</span> <span class='ocrx_word' id='word_1_617' title='bbox 1370 1829 1455 1867; x_wconf 85' lang='lat' dir='ltr'>filiis</span> <span class='ocrx_word' id='word_1_618' title='bbox 1466 1829 1788 1881; x_wconf 80' lang='lat' dir='ltr'>ejus,Custodient</span> <span class='ocrx_word' id='word_1_619' title='bbox 1798 1832 1886 1868; x_wconf 83' lang='lat' dir='ltr'>vias</span> <span class='ocrx_word' id='word_1_620' title='bbox 1897 1832 2060 1868; x_wconf 82' lang='lat' dir='ltr'>Domini</span> <span class='ocrx_word' id='word_1_621' title='bbox 2070 1832 2158 1878; x_wconf 86' lang='lat' dir='ltr'>Dei,</span> 
     </span>
     <span class='ocr_line' id='line_1_82' title="bbox 1202 1890 2155 1940; baseline 0.004 -14"><span class='ocrx_word' id='word_1_622' title='bbox 1202 1890 1300 1927; x_wconf 81' lang='lat' dir='ltr'>Isaac</span> <span class='ocrx_word' id='word_1_623' title='bbox 1319 1898 1351 1928; x_wconf 80' lang='lat' dir='ltr'>et</span> <span class='ocrx_word' id='word_1_624' title='bbox 1368 1890 1480 1929; x_wconf 81' lang='lat' dir='ltr'>Jacob</span> <span class='ocrx_word' id='word_1_625' title='bbox 1501 1890 1695 1928; x_wconf 85' lang='lat' dir='ltr'>insinuans.</span> <span class='ocrx_word' id='word_1_626' title='bbox 1709 1892 1802 1929; x_wconf 75' lang='lat' dir='ltr'>Vias</span> <span class='ocrx_word' id='word_1_627' title='bbox 1822 1893 1994 1940; x_wconf 80' lang='lat' dir='ltr'>Domini,</span> <span class='ocrx_word' id='word_1_628' title='bbox 2011 1892 2077 1930; x_wconf 90' lang='lat' dir='ltr'>hoc</span> <span class='ocrx_word' id='word_1_629' title='bbox 2092 1902 2155 1930; x_wconf 87' lang='lat' dir='ltr'>est.</span> 
     </span>
     <span class='ocr_line' id='line_1_83' title="bbox 1202 1950 2156 2005; baseline 0.003 -17"><span class='ocrx_word' id='word_1_630' title='bbox 1202 1950 1368 1989; x_wconf 87' lang='lat' dir='ltr'>mandata</span> <span class='ocrx_word' id='word_1_631' title='bbox 1385 1961 1418 1990; x_wconf 88' lang='lat' dir='ltr'>et</span> <span class='ocrx_word' id='word_1_632' title='bbox 1440 1961 1626 2004; x_wconf 64' lang='lat' dir='ltr'>praecepta.</span> <span class='ocrx_word' id='word_1_633' title='bbox 1648 1954 1698 1991; x_wconf 77' lang='lat' dir='ltr'>Ue</span> <span class='ocrx_word' id='word_1_634' title='bbox 1714 1954 1885 2001; x_wconf 84' lang='lat' dir='ltr'>saciant,</span> <span class='ocrx_word' id='word_1_635' title='bbox 1905 1954 2031 2005; x_wconf 87' lang='lat' dir='ltr'>inquit,</span> <span class='ocrx_word' id='word_1_636' title='bbox 2050 1956 2156 2005; x_wconf 81' lang='lat' dir='ltr'>J&#39;udi-</span> 
     </span>
     <span class='ocr_line' id='line_1_84' title="bbox 1202 2013 2160 2068; baseline 0.004 -18"><span class='ocrx_word' id='word_1_637' title='bbox 1202 2014 1302 2050; x_wconf 77' lang='lat' dir='ltr'>cium</span> <span class='ocrx_word' id='word_1_638' title='bbox 1326 2022 1362 2051; x_wconf 82' lang='lat' dir='ltr'>et</span> <span class='ocrx_word' id='word_1_639' title='bbox 1371 2015 1565 2065; x_wconf 80' lang='lat' dir='ltr'>justitiam</span> <span class='ocrx_word' id='word_1_640' title='bbox 1584 2029 1591 2050; x_wconf 81' lang='lat' dir='ltr'>z</span> <span class='ocrx_word' id='word_1_641' title='bbox 1607 2013 1698 2051; x_wconf 87' lang='lat' dir='ltr'>nihil</span> <span class='ocrx_word' id='word_1_642' title='bbox 1718 2014 1936 2066; x_wconf 75' lang='lat' dir='ltr'>praeferendo</span> <span class='ocrx_word' id='word_1_643' title='bbox 1947 2015 2110 2068; x_wconf 65' lang='lat' dir='ltr'>justitia»,</span> <span class='ocrx_word' id='word_1_644' title='bbox 2127 2026 2160 2054; x_wconf 87' lang='lat' dir='ltr'>et</span> 
     </span>
     <span class='ocr_line' id='line_1_85' title="bbox 1203 2073 2158 2127; baseline 0.003 -16"><span class='ocrx_word' id='word_1_645' title='bbox 1203 2073 1356 2112; x_wconf 74' lang='lat' dir='ltr'>vivendo</span> <span class='ocrx_word' id='word_1_646' title='bbox 1369 2074 1455 2112; x_wconf 83' lang='lat' dir='ltr'>eitra</span> <span class='ocrx_word' id='word_1_647' title='bbox 1470 2088 1609 2113; x_wconf 88' lang='lat' dir='ltr'>omnem</span> <span class='ocrx_word' id='word_1_648' title='bbox 1632 2075 1855 2127; x_wconf 79' lang='lat' dir='ltr'>injustitiam.</span> <span class='ocrx_word' id='word_1_649' title='bbox 1879 2076 1963 2114; x_wconf 81' lang='lat' dir='ltr'>Haec</span> <span class='ocrx_word' id='word_1_650' title='bbox 1977 2077 2072 2114; x_wconf 88' lang='lat' dir='ltr'>enim</span> <span class='ocrx_word' id='word_1_651' title='bbox 2084 2091 2158 2114; x_wconf 88' lang='lat' dir='ltr'>ma—</span> 
     </span>
     <span class='ocr_line' id='line_1_86' title="bbox 1202 2134 2159 2188; baseline 0.004 -17"><span class='ocrx_word' id='word_1_652' title='bbox 1202 2134 1300 2172; x_wconf 79' lang='lat' dir='ltr'>xima</span> <span class='ocrx_word' id='word_1_653' title='bbox 1316 2135 1431 2173; x_wconf 78' lang='lat' dir='ltr'>virtus</span> <span class='ocrx_word' id='word_1_654' title='bbox 1450 2144 1502 2173; x_wconf 91' lang='lat' dir='ltr'>cst</span> <span class='ocrx_word' id='word_1_655' title='bbox 1525 2151 1532 2171; x_wconf 92' lang='lat'>:</span> <span class='ocrx_word' id='word_1_656' title='bbox 1556 2143 1739 2187; x_wconf 84' lang='lat' dir='ltr'>propterea</span> <span class='ocrx_word' id='word_1_657' title='bbox 1761 2137 1921 2174; x_wconf 75' lang='lat' dir='ltr'>evenient</span> <span class='ocrx_word' id='word_1_658' title='bbox 1942 2137 2061 2175; x_wconf 87' lang='lat' dir='ltr'>omnia</span> <span class='ocrx_word' id='word_1_659' title='bbox 2081 2152 2159 2188; x_wconf 82' lang='lat' dir='ltr'>quae</span> 
     </span>
     <span class='ocr_line' id='line_1_87' title="bbox 1201 2195 2159 2250; baseline 0.006 -19"><span class='ocrx_word' id='word_1_660' title='bbox 1201 2195 1370 2246; x_wconf 86' lang='lat' dir='ltr'>loquutus</span> <span class='ocrx_word' id='word_1_661' title='bbox 1385 2205 1437 2234; x_wconf 87' lang='lat' dir='ltr'>est</span> <span class='ocrx_word' id='word_1_662' title='bbox 1453 2196 1484 2235; x_wconf 88' lang='lat' dir='ltr'>ei</span> <span class='ocrx_word' id='word_1_663' title='bbox 1503 2196 1690 2234; x_wconf 90' lang='lat' dir='ltr'>Dominus.</span> <span class='ocrx_word' id='word_1_664' title='bbox 1711 2197 1849 2250; x_wconf 88' lang='lat' dir='ltr'>Opinor</span> <span class='ocrx_word' id='word_1_665' title='bbox 1868 2207 1985 2237; x_wconf 83' lang='lat' dir='ltr'>autem</span> <span class='ocrx_word' id='word_1_666' title='bbox 2006 2208 2039 2236; x_wconf 92' lang='lat' dir='ltr'>et</span> <span class='ocrx_word' id='word_1_667' title='bbox 2060 2199 2159 2237; x_wconf 86' lang='lat' dir='ltr'>aliud</span> 
     </span>
     <span class='ocr_line' id='line_1_88' title="bbox 1200 2254 2159 2307; baseline 0.006 -15"><span class='ocrx_word' id='word_1_668' title='bbox 1200 2254 1373 2305; x_wconf 81' lang='lat' dir='ltr'>quiddam</span> <span class='ocrx_word' id='word_1_669' title='bbox 1383 2256 1685 2307; x_wconf 85' lang='lat' dir='ltr'>significare,cun1</span> <span class='ocrx_word' id='word_1_670' title='bbox 1696 2256 1800 2296; x_wconf 85' lang='lat' dir='ltr'>dicit:</span> <span class='ocrx_word' id='word_1_671' title='bbox 1810 2259 2017 2297; x_wconf 74' lang='lat' dir='ltr'>Abraham</span> <span class='ocrx_word' id='word_1_672' title='bbox 2029 2269 2159 2298; x_wconf 82' lang='lat' dir='ltr'>autem</span> 
     </span>
    </p>

    <p class='ocr_par' dir='ltr' id='par_1_15' title="bbox 1187 2317 2159 3422">
     <span class='ocr_line' id='line_1_89' title="bbox 1187 2317 2159 2373; baseline 0.007 -20"><span class='ocrx_word' id='word_1_673' title='bbox 1187 2317 1357 2368; x_wconf 78' lang='lat' dir='ltr'>ficturus</span> <span class='ocrx_word' id='word_1_674' title='bbox 1367 2326 1423 2355; x_wconf 79' lang='lat' dir='ltr'>est</span> <span class='ocrx_word' id='word_1_675' title='bbox 1431 2320 1472 2355; x_wconf 88' lang='lat' dir='ltr'>in</span> <span class='ocrx_word' id='word_1_676' title='bbox 1479 2328 1628 2371; x_wconf 84' lang='lat' dir='ltr'>gentem</span> <span class='ocrx_word' id='word_1_677' title='bbox 1640 2333 1818 2373; x_wconf 76' lang='lat' dir='ltr'>magnam</span> <span class='ocrx_word' id='word_1_678' title='bbox 1829 2329 1865 2357; x_wconf 79' lang='lat' dir='ltr'>et</span> <span class='ocrx_word' id='word_1_679' title='bbox 1874 2321 2159 2373; x_wconf 83' lang='lat' dir='ltr'>multam:quasi</span> 
     </span>
     <span class='ocr_line' id='line_1_90' title="bbox 1199 2376 2158 2435; baseline 0.007 -21"><span class='ocrx_word' id='word_1_680' title='bbox 1199 2376 1295 2415; x_wconf 76' lang='lat' dir='ltr'>dicat</span> <span class='ocrx_word' id='word_1_681' title='bbox 1316 2394 1324 2415; x_wconf 90' lang='lat'>:</span> <span class='ocrx_word' id='word_1_682' title='bbox 1347 2379 1406 2416; x_wconf 88' lang='lat' dir='ltr'>Tu</span> <span class='ocrx_word' id='word_1_683' title='bbox 1425 2380 1570 2431; x_wconf 88' lang='lat' dir='ltr'>quidem</span> <span class='ocrx_word' id='word_1_684' title='bbox 1589 2380 1650 2432; x_wconf 92' lang='lat' dir='ltr'>qui</span> <span class='ocrx_word' id='word_1_685' title='bbox 1671 2381 1837 2419; x_wconf 79' lang='lat' dir='ltr'>virtutem</span> <span class='ocrx_word' id='word_1_686' title='bbox 1866 2382 2103 2435; x_wconf 82' lang='lat' dir='ltr'>amplexaris,</span> <span class='ocrx_word' id='word_1_687' title='bbox 2125 2393 2158 2422; x_wconf 89' lang='lat' dir='ltr'>et</span> 
     </span>
     <span class='ocr_line' id='line_1_91' title="bbox 1199 2438 2155 2497; baseline 0.007 -21"><span class='ocrx_word' id='word_1_688' title='bbox 1199 2438 1286 2476; x_wconf 86' lang='lat' dir='ltr'>meis</span> <span class='ocrx_word' id='word_1_689' title='bbox 1304 2439 1526 2493; x_wconf 79' lang='lat' dir='ltr'>obtemperas</span> <span class='ocrx_word' id='word_1_690' title='bbox 1545 2442 1744 2494; x_wconf 67' lang='lat' dir='ltr'>praeceptis,</span> <span class='ocrx_word' id='word_1_691' title='bbox 1759 2443 2065 2495; x_wconf 86' lang='lat' dir='ltr'>obedientiamque</span> <span class='ocrx_word' id='word_1_692' title='bbox 2084 2460 2155 2497; x_wconf 78' lang='lat' dir='ltr'>prae</span> 
     </span>
     <span class='ocr_line' id='line_1_92' title="bbox 1198 2500 2154 2559; baseline 0.007 -22"><span class='ocrx_word' id='word_1_693' title='bbox 1198 2507 1231 2537; x_wconf 89' lang='lat' dir='ltr'>te</span> <span class='ocrx_word' id='word_1_694' title='bbox 1245 2500 1329 2550; x_wconf 86' lang='lat' dir='ltr'>fers,</span> <span class='ocrx_word' id='word_1_695' title='bbox 1346 2501 1381 2539; x_wconf 90' lang='lat' dir='ltr'>in</span> <span class='ocrx_word' id='word_1_696' title='bbox 1401 2511 1539 2553; x_wconf 85' lang='lat' dir='ltr'>gentem</span> <span class='ocrx_word' id='word_1_697' title='bbox 1556 2517 1723 2554; x_wconf 86' lang='lat' dir='ltr'>magnam</span> <span class='ocrx_word' id='word_1_698' title='bbox 1741 2513 1773 2542; x_wconf 91' lang='lat' dir='ltr'>et</span> <span class='ocrx_word' id='word_1_699' title='bbox 1786 2505 1937 2543; x_wconf 90' lang='lat' dir='ltr'>multam</span> <span class='ocrx_word' id='word_1_700' title='bbox 1952 2506 2020 2543; x_wconf 88' lang='lat' dir='ltr'>eris</span> <span class='ocrx_word' id='word_1_701' title='bbox 2033 2522 2040 2542; x_wconf 90' lang='lat'>:</span> <span class='ocrx_word' id='word_1_702' title='bbox 2053 2507 2154 2559; x_wconf 83' lang='lat' dir='ltr'>impii</span> 
     </span>
     <span class='ocr_line' id='line_1_93' title="bbox 1197 2563 2154 2617; baseline 0.009 -19"><span class='ocrx_word' id='word_1_703' title='bbox 1197 2571 1317 2600; x_wconf 88' lang='lat' dir='ltr'>autem</span> <span class='ocrx_word' id='word_1_704' title='bbox 1329 2563 1382 2601; x_wconf 93' lang='lat' dir='ltr'>illi</span> <span class='ocrx_word' id='word_1_705' title='bbox 1397 2563 1634 2603; x_wconf 86' lang='lat' dir='ltr'>Sodomorum</span> <span class='ocrx_word' id='word_1_706' title='bbox 1644 2566 1823 2617; x_wconf 84' lang='lat' dir='ltr'>regionem</span> <span class='ocrx_word' id='word_1_707' title='bbox 1833 2567 2071 2606; x_wconf 85' lang='lat' dir='ltr'>inhabitantes</span> <span class='ocrx_word' id='word_1_708' title='bbox 2080 2568 2154 2607; x_wconf 90' lang='lat' dir='ltr'>dis-</span> 
     </span>
     <span class='ocr_line' id='line_1_94' title="bbox 1197 2623 2153 2675; baseline 0.01 -16"><span class='ocrx_word' id='word_1_709' title='bbox 1197 2623 1365 2675; x_wconf 86' lang='lat' dir='ltr'>peribunt</span> <span class='ocrx_word' id='word_1_710' title='bbox 1390 2640 1521 2664; x_wconf 90' lang='lat' dir='ltr'>omnes.</span> <span class='ocrx_word' id='word_1_711' title='bbox 1540 2627 1630 2664; x_wconf 82' lang='lat' dir='ltr'>Nam</span> <span class='ocrx_word' id='word_1_712' title='bbox 1659 2627 1749 2665; x_wconf 89' lang='lat' dir='ltr'>sicut</span> <span class='ocrx_word' id='word_1_713' title='bbox 1768 2627 1884 2666; x_wconf 84' lang='lat' dir='ltr'>virtus</span> <span class='ocrx_word' id='word_1_714' title='bbox 1902 2628 2028 2666; x_wconf 87' lang='lat' dir='ltr'>salutis</span> <span class='ocrx_word' id='word_1_715' title='bbox 2049 2643 2153 2669; x_wconf 86' lang='lat' dir='ltr'>causa</span> 
     </span>
     <span class='ocr_line' id='line_1_95' title="bbox 1197 2687 2152 2738; baseline 0.008 -16"><span class='ocrx_word' id='word_1_716' title='bbox 1197 2693 1247 2722; x_wconf 90' lang='lat' dir='ltr'>cst</span> <span class='ocrx_word' id='word_1_717' title='bbox 1261 2699 1337 2723; x_wconf 85' lang='lat' dir='ltr'>eam</span> <span class='ocrx_word' id='word_1_718' title='bbox 1349 2687 1591 2738; x_wconf 80' lang='lat' dir='ltr'>operantibus,</span> <span class='ocrx_word' id='word_1_719' title='bbox 1601 2688 1650 2725; x_wconf 90' lang='lat' dir='ltr'>ita</span> <span class='ocrx_word' id='word_1_720' title='bbox 1664 2696 1697 2725; x_wconf 88' lang='lat' dir='ltr'>et</span> <span class='ocrx_word' id='word_1_721' title='bbox 1708 2687 1843 2725; x_wconf 87' lang='lat' dir='ltr'>malitia</span> <span class='ocrx_word' id='word_1_722' title='bbox 1856 2688 2030 2727; x_wconf 87' lang='lat' dir='ltr'>interitus.</span> <span class='ocrx_word' id='word_1_723' title='bbox 2043 2690 2152 2730; x_wconf 82' lang='lat' dir='ltr'>Porro</span> 
     </span>
     <span class='ocr_line' id='line_1_96' title="bbox 1197 2751 2151 2801; baseline 0.007 -14"><span class='ocrx_word' id='word_1_724' title='bbox 1197 2759 1384 2801; x_wconf 85' lang='lat' dir='ltr'>postquam</span> <span class='ocrx_word' id='word_1_725' title='bbox 1406 2751 1712 2790; x_wconf 85' lang='lat' dir='ltr'>benedictionibus</span> <span class='ocrx_word' id='word_1_726' title='bbox 1733 2761 1768 2790; x_wconf 90' lang='lat' dir='ltr'>et</span> <span class='ocrx_word' id='word_1_727' title='bbox 1788 2752 1957 2791; x_wconf 85' lang='lat' dir='ltr'>laudibus</span> <span class='ocrx_word' id='word_1_728' title='bbox 1981 2754 2151 2795; x_wconf 80' lang='lat' dir='ltr'>fiduciam</span> 
     </span>
     <span class='ocr_line' id='line_1_97' title="bbox 1197 2811 2152 2865; baseline 0.008 -18"><span class='ocrx_word' id='word_1_729' title='bbox 1197 2811 1369 2863; x_wconf 85' lang='lat' dir='ltr'>majorem</span> <span class='ocrx_word' id='word_1_730' title='bbox 1389 2812 1529 2851; x_wconf 90' lang='lat' dir='ltr'>addidit</span> <span class='ocrx_word' id='word_1_731' title='bbox 1541 2813 1789 2865; x_wconf 88' lang='lat' dir='ltr'>justo,ineipit</span> <span class='ocrx_word' id='word_1_732' title='bbox 1808 2813 1846 2851; x_wconf 89' lang='lat' dir='ltr'>id</span> <span class='ocrx_word' id='word_1_733' title='bbox 1866 2814 1964 2865; x_wconf 89' lang='lat' dir='ltr'>quod</span> <span class='ocrx_word' id='word_1_734' title='bbox 1990 2815 2152 2856; x_wconf 88' lang='lat' dir='ltr'>dicturus</span> 
     </span>
     <span class='ocr_line' id='line_1_98' title="bbox 1196 2874 2151 2923; baseline 0.008 -15"><span class='ocrx_word' id='word_1_735' title='bbox 1196 2881 1281 2923; x_wconf 86' lang='lat' dir='ltr'>erat,</span> <span class='ocrx_word' id='word_1_736' title='bbox 1297 2883 1330 2912; x_wconf 91' lang='lat' dir='ltr'>et</span> <span class='ocrx_word' id='word_1_737' title='bbox 1344 2874 1482 2912; x_wconf 57' lang='lat' dir='ltr'>aitzfflo.</span> <span class='ocrx_word' id='word_1_738' title='bbox 1500 2875 1659 2913; x_wconf 83' lang='lat' dir='ltr'>Clamor</span> <span class='ocrx_word' id='word_1_739' title='bbox 1671 2874 1922 2914; x_wconf 83' lang='lat' dir='ltr'>Sodomorum</span> <span class='ocrx_word' id='word_1_740' title='bbox 1937 2884 1974 2914; x_wconf 88' lang='lat' dir='ltr'>et</span> <span class='ocrx_word' id='word_1_741' title='bbox 1990 2878 2151 2916; x_wconf 83' lang='lat' dir='ltr'>Gomor-</span> 
     </span>
     <span class='ocr_line' id='line_1_99' title="bbox 1195 2935 2152 2989; baseline 0.001 -13"><span class='ocrx_word' id='word_1_742' title='bbox 1195 2940 1276 2977; x_wconf 79' lang='lat' dir='ltr'>rhoe</span> <span class='ocrx_word' id='word_1_743' title='bbox 1296 2937 1575 2989; x_wconf 82' lang='lat' dir='ltr'>multiplicatus</span> <span class='ocrx_word' id='word_1_744' title='bbox 1586 2946 1638 2975; x_wconf 80' lang='lat' dir='ltr'>ese</span> <span class='ocrx_word' id='word_1_745' title='bbox 1651 2936 1756 2987; x_wconf 81' lang='lat' dir='ltr'>apud</span> <span class='ocrx_word' id='word_1_746' title='bbox 1771 2950 1840 2984; x_wconf 85' lang='lat' dir='ltr'>me,</span> <span class='ocrx_word' id='word_1_747' title='bbox 1855 2946 1890 2975; x_wconf 83' lang='lat' dir='ltr'>et</span> <span class='ocrx_word' id='word_1_748' title='bbox 1901 2935 2068 2989; x_wconf 74' lang='lat' dir='ltr'>peccaui</span> <span class='ocrx_word' id='word_1_749' title='bbox 2081 2953 2152 2978; x_wconf 84' lang='lat' dir='ltr'>eo-</span> 
     </span>
     <span class='ocr_line' id='line_1_100' title="bbox 1195 2998 2150 3051; baseline 0 -13"><span class='ocrx_word' id='word_1_750' title='bbox 1195 3015 1281 3038; x_wconf 83' lang='lat' dir='ltr'>rum</span> <span class='ocrx_word' id='word_1_751' title='bbox 1296 3012 1438 3048; x_wconf 80' lang='lat' dir='ltr'>magna</span> <span class='ocrx_word' id='word_1_752' title='bbox 1450 2998 1582 3036; x_wconf 78' lang='lat' dir='ltr'>valde.</span> <span class='ocrx_word' id='word_1_753' title='bbox 1591 3000 1635 3036; x_wconf 61' lang='lat'>21</span> <span class='ocrx_word' id='word_1_754' title='bbox 1648 3027 1654 3033; x_wconf 94' lang='lat'><strong>.</strong></span> <span class='ocrx_word' id='word_1_755' title='bbox 1669 2998 1763 3036; x_wconf 73' lang='lat' dir='ltr'>Cum</span> <span class='ocrx_word' id='word_1_756' title='bbox 1776 3000 1895 3051; x_wconf 82' lang='lat' dir='ltr'>igitur·</span> <span class='ocrx_word' id='word_1_757' title='bbox 1905 3000 2150 3049; x_wconf 81' lang='lat' dir='ltr'>descendero,</span> 
     </span>
     <span class='ocr_line' id='line_1_101' title="bbox 1196 3060 2152 3113; baseline 0 -14"><span class='ocrx_word' id='word_1_758' title='bbox 1196 3063 1340 3100; x_wconf 72' lang='lat' dir='ltr'>&#39;videbo</span> <span class='ocrx_word' id='word_1_759' title='bbox 1355 3061 1606 3111; x_wconf 80' lang='lat' dir='ltr'>utrumju.1·ta</span> <span class='ocrx_word' id='word_1_760' title='bbox 1614 3060 1819 3098; x_wconf 86' lang='lat' dir='ltr'>clamorem</span> <span class='ocrx_word' id='word_1_761' title='bbox 1833 3062 2152 3113; x_wconf 83' lang='lat' dir='ltr'>ipsorum,quiad</span> 
     </span>
     <span class='ocr_line' id='line_1_102' title="bbox 1198 3121 2149 3173; baseline -0.001 -12"><span class='ocrx_word' id='word_1_762' title='bbox 1198 3138 1254 3161; x_wconf 84' lang='lat' dir='ltr'>me</span> <span class='ocrx_word' id='word_1_763' title='bbox 1279 3124 1401 3170; x_wconf 78' lang='lat' dir='ltr'>venit,</span> <span class='ocrx_word' id='word_1_764' title='bbox 1422 3121 1640 3173; x_wconf 77' lang='lat' dir='ltr'>perficiunt,</span> <span class='ocrx_word' id='word_1_765' title='bbox 1661 3134 1794 3169; x_wconf 81' lang='lat' dir='ltr'>necne,</span> <span class='ocrx_word' id='word_1_766' title='bbox 1814 3130 1855 3160; x_wconf 83' lang='lat' dir='ltr'>ut</span> <span class='ocrx_word' id='word_1_767' title='bbox 1879 3126 2013 3160; x_wconf 76' lang='lat' dir='ltr'>sciam.</span> <span class='ocrx_word' id='word_1_768' title='bbox 2028 3123 2149 3161; x_wconf 87' lang='lat' dir='ltr'>Terri-</span> 
     </span>
     <span class='ocr_line' id='line_1_103' title="bbox 1196 3182 2149 3234; baseline -0.002 -11"><span class='ocrx_word' id='word_1_769' title='bbox 1196 3185 1282 3223; x_wconf 87' lang='lat' dir='ltr'>bilia</span> <span class='ocrx_word' id='word_1_770' title='bbox 1297 3184 1416 3223; x_wconf 83' lang='lat' dir='ltr'>verba.</span> <span class='ocrx_word' id='word_1_771' title='bbox 1433 3183 1603 3230; x_wconf 76' lang='lat' dir='ltr'>Clamor,</span> <span class='ocrx_word' id='word_1_772' title='bbox 1614 3182 1741 3234; x_wconf 88' lang='lat' dir='ltr'>inquit,</span> <span class='ocrx_word' id='word_1_773' title='bbox 1754 3183 2006 3221; x_wconf 85' lang='lat' dir='ltr'>Sodomorum</span> <span class='ocrx_word' id='word_1_774' title='bbox 2019 3193 2053 3222; x_wconf 88' lang='lat' dir='ltr'>et</span> <span class='ocrx_word' id='word_1_775' title='bbox 2071 3185 2149 3223; x_wconf 91' lang='lat' dir='ltr'>Go-</span> 
     </span>
     <span class='ocr_line' id='line_1_104' title="bbox 1197 3244 2150 3297; baseline -0.002 -13"><span class='ocrx_word' id='word_1_776' title='bbox 1197 3248 1373 3285; x_wconf 79' lang='lat' dir='ltr'>morrlzoe.</span> <span class='ocrx_word' id='word_1_777' title='bbox 1394 3244 1569 3291; x_wconf 77' lang='lat' dir='ltr'>Quamvis</span> <span class='ocrx_word' id='word_1_778' title='bbox 1585 3253 1617 3282; x_wconf 89' lang='lat' dir='ltr'>et</span> <span class='ocrx_word' id='word_1_779' title='bbox 1637 3244 1714 3283; x_wconf 69' lang='lat' dir='ltr'>alite</span> <span class='ocrx_word' id='word_1_780' title='bbox 1732 3245 1892 3295; x_wconf 73' lang='lat' dir='ltr'>civitates</span> <span class='ocrx_word' id='word_1_781' title='bbox 1913 3245 2019 3283; x_wconf 84' lang='lat' dir='ltr'>simul</span> <span class='ocrx_word' id='word_1_782' title='bbox 2038 3245 2150 3297; x_wconf 83' lang='lat' dir='ltr'>perie-</span> 
     </span>
     <span class='ocr_line' id='line_1_105' title="bbox 1198 3305 2145 3357; baseline -0.002 -13"><span class='ocrx_word' id='word_1_783' title='bbox 1198 3307 1279 3355; x_wconf 84' lang='lat' dir='ltr'>rint,</span> <span class='ocrx_word' id='word_1_784' title='bbox 1300 3306 1360 3343; x_wconf 85' lang='lat' dir='ltr'>sed</span> <span class='ocrx_word' id='word_1_785' title='bbox 1377 3305 1459 3357; x_wconf 86' lang='lat' dir='ltr'>quia</span> <span class='ocrx_word' id='word_1_786' title='bbox 1484 3305 1536 3342; x_wconf 76' lang='lat' dir='ltr'>liae</span> <span class='ocrx_word' id='word_1_787' title='bbox 1559 3305 1701 3343; x_wconf 86' lang='lat' dir='ltr'>suerunt</span> <span class='ocrx_word' id='word_1_788' title='bbox 1723 3305 1899 3352; x_wconf 85' lang='lat' dir='ltr'>clariores,</span> <span class='ocrx_word' id='word_1_789' title='bbox 1922 3306 2014 3357; x_wconf 77' lang='lat' dir='ltr'>ipsas</span> <span class='ocrx_word' id='word_1_790' title='bbox 2034 3305 2145 3343; x_wconf 78' lang='lat' dir='ltr'>solnm</span> 
     </span>
     <span class='ocr_line' id='line_1_106' title="bbox 1197 3371 2148 3422; baseline -0.002 -12"><span class='ocrx_word' id='word_1_791' title='bbox 1197 3371 1497 3412; x_wconf 70' lang='lat' dir='ltr'>commemoravit.</span> <span class='ocrx_word' id='word_1_792' title='bbox 1520 3371 1806 3422; x_wconf 79' lang='lat' dir='ltr'>Multiplicatus</span> <span class='ocrx_word' id='word_1_793' title='bbox 1826 3380 1879 3409; x_wconf 82' lang='lat' dir='ltr'>es!</span> <span class='ocrx_word' id='word_1_794' title='bbox 1900 3372 2090 3422; x_wconf 75' lang='lat' dir='ltr'>apudme,</span> <span class='ocrx_word' id='word_1_795' title='bbox 2113 3379 2148 3408; x_wconf 71' lang='lat' dir='ltr'>et</span> 
     </span>
    </p>
   </div>
   <div class='ocr_carea' id='block_1_14' title="bbox 1195 3437 2148 3492">
    <p class='ocr_par' dir='ltr' id='par_1_16' title="bbox 1195 3437 2148 3492">
     <span class='ocr_line' id='line_1_107' title="bbox 1195 3437 2148 3492; baseline -0.005 -12"><span class='ocrx_word' id='word_1_796' title='bbox 1195 3449 1352 3492; x_wconf 67' lang='lat' dir='ltr'>peccata</span> <span class='ocrx_word' id='word_1_797' title='bbox 1383 3454 1513 3479; x_wconf 75' lang='lat' dir='ltr'>eorum</span> <span class='ocrx_word' id='word_1_798' title='bbox 1544 3453 1684 3491; x_wconf 71' lang='lat' dir='ltr'>magna</span> <span class='ocrx_word' id='word_1_799' title='bbox 1701 3439 1830 3478; x_wconf 75' lang='lat' dir='ltr'>valde.</span> <span class='ocrx_word' id='word_1_800' title='bbox 1854 3438 1947 3477; x_wconf 53' lang='lat' dir='ltr'>Nido</span> <span class='ocrx_word' id='word_1_801' title='bbox 1972 3437 2148 3488; x_wconf 70' lang='lat' dir='ltr'>quomodo</span> 
     </span>
    </p>
   </div>
  </div>
 </body>
</html>
