2516 3791
649 243 690 272 tx
727 242 827 271 (tw.
868 241 925 270 xt.

418 378 598 417 omnm
636 377 698 429 572

52 486 121 524 Καὶ
144 485 204 524 οὐκ
237 477 280 531 ἦν
308 482 488 535 γινώσκων
521 481 616 522 οὐδὲν
649 485 667 521 6
700 480 1001 535 ἀρχιδεσμοφύλαξ
1022 479 1078 519 διὰ

491 544 635 597 Ἰωσήφ.

103 650 162 689 Τὰ
181 650 328 703 λείψανα
357 652 426 688 τῶν
446 649 526 702 χθὲς
552 653 637 700 ἡμῖν
658 647 850 701 εἰρημένων
883 647 1080 699 βουλόμεθα

48 711 204 764 σήμερον
225 711 413 750 ἀποδοῦναι
432 714 475 763 τῇ
497 710 651 764 ὑμετέρᾳ
668 710 788 763 ἀγάπῃ
804 739 814 754 ,
835 708 894 747 καὶ
910 711 973 755 τῆς
987 709 1079 746 κατὰ

50 774 108 812 τὸν
124 773 256 826 Ἰωσὴφ
275 774 382 812 πάλιν
400 772 552 826 ἱστορίας
566 773 733 824 ἅψασθαι.
745 771 840 809 Ὶστε
853 769 921 823 γὰρ
932 769 985 808 ὅτι
999 769 1080 822 χθὲς

49 838 96 879 εἰς
121 838 231 887 μ’ῆκος
255 839 336 886 ἡμῖν
359 834 562 877 ἐκταθέντος
587 837 647 872 τοῦ
676 831 778 885 λόγου
803 832 864 870 οὐκ
885 830 1079 884 ἰσχύσαμεν

47 895 244 950 περαιτέρω
263 896 456 948 προελθεῖν,
489 893 579 932 ἀλλὰ
599 893 722 947 μέχρις
741 892 872 931 ἐκείνου
901 892 960 930 τὸν
977 891 1079 943 λόγον

46 958 256 1008 ἐστήσαμεν,
273 956 378 1003 ἡνίκα
394 956 450 995 διὰ
469 955 532 1003 τὴν
548 958 611 1002 τ’ἧς
632 954 827 1006 Αἰγυπτίας
843 953 1079 1007 συκοφαντίαν

45 1018 114 1061 ὑπὸ,
130 1022 190 1057 τοῦ
222 1017 476 1071 ἀρχιμαγείρου
504 1019 552 1062 εἷς
574 1016 614 1056 τὸ
633 1016 871 1069 δεσμωτήριον
897 1014 1079 1062 ἐνεὸλήθη,

46 1080 110 1118 Διὸ
126 1078 278 1131 σήμερον
300 1081 489 1131 ἀναγκαῖον
511 1077 646 1122 διδάξαι
663 1077 727 1124 τὴν
750 1077 920 1130 ὑμετέραν
938 1077 1080 1129 ἀγάπην

44 1141 88 1180 τὰ
109 1139 199 1179 κατὰ
217 1141 256 1179 τὸ
277 1141 517 1192 δεσμωτήριον
532 1141 626 1192 αὐτῷ
642 1139 909 1191 συμὸεὸηκότα.
930 1138 1078 1186 Ἐπειδὴ

44 1202 112 1256 γὰρ
130 1202 300 1250 ἐνεὸλήθη
317 1204 363 1246 εἷς
374 1202 414 1240 τὸ
432 1202 601 1255 ὀχύρωμα
614 1233 623 1250 ,
643 1202 702 1240 καὶ
721 1201 897 1254 παρεδόθη
913 1203 963 1254 τῷ
980 1205 1079 1253 ἀρχι-

44 1264 300 1317 δεσμοφύλακι,
317 1266 418 1302 κάκεῖ
432 1264 584 1311 τοσαύτη
599 1263 737 1317 γέγονεν
754 1265 801 1308 εἷς
819 1264 922 1303 αὐτὸν
942 1266 964 1310 ἡ
982 1264 1079 1317 παρὰ

45 1330 104 1364 τοῦ
123 1328 215 1365 Θεοῦ
234 1325 322 1378 ῥοπὴ
336 1355 346 1371 ,
367 1328 413 1369 ὡς
432 1331 549 1363 πᾶσαν
572 1325 636 1371 τὴν
657 1324 770 1377 ἀρχὴν
796 1328 857 1363 τοῦ
886 1326 1077 1376 δεσμωτη-

45 1386 119 1440 ρίου
140 1387 243 1425 αὐτὸν
265 1388 542 1438 ἐμπιστευθῆναι
558 1385 656 1440 παρὰ
674 1391 735 1424 τοῦ
763 1386 1076 1439 ἀρχιδεσμοφύλα-

44 1463 113 1492 κος.
134 1448 203 1487 Καὶ
225 1448 285 1486 οὐκ
306 1442 347 1495 ἦν
363 1447 558 1499 γινώσκων,
579 1448 694 1500 φησὶν,
715 1447 811 1486 οὐδὲν
831 1451 848 1486 6
865 1449 1078 1502 ἀρχιδεσμο-

43 1509 154 1562 φύλαξ
173 1508 231 1547 διὰ
250 1509 392 1562 Ἰωσήφ.
413 1503 516 1554 Εἶδες
543 1512 618 1553 πῶς
638 1511 673 1548 ἐν
694 1511 815 1553 αὐταῖς
836 1515 912 1554 ταῖς
942 1509 1079 1562 θλίψεσι

43 1572 227 1624 γενόμενος
241 1571 403 1623 οὐδεμίαν
427 1570 589 1619 αἴσθησιν
608 1571 789 1623 ἐλάμὸανε
807 1573 876 1609 τῶν
895 1573 1078 1623 λυπηρῶν,

44 1635 158 1680 ἀλλ’ἢ
180 1632 376 1685 εὐμήχανος
394 1635 454 1670 τοῦ
485 1634 577 1671 Θεοῦ
607 1632 711 1685 σοφία
743 1632 858 1671 πάντα
884 1632 1079 1683 μετέὸαλλε

43 1694 89 1733 τὰ
102 1695 257 1746 λυπηρά.
279 1694 348 1732 Καὶ
364 1693 524 1747 καθάπερ
539 1692 597 1731 τὸν
619 1693 840 1748 μαργαρίτην
858 1693 922 1732 κᾶν
940 1696 974 1732 ἐν
999 1696 1078 1746 βορ-

46 1756 140 1809 ὃόρῳ
154 1772 207 1799 τις
224 1754 446 1807 καταχώσειε
458 1784 466 1801 ,
480 1755 520 1793 τὸ
537 1757 660 1794 οἰκεῖον
676 1756 803 1798 κάλλος
822 1755 1077 1794 ἐπιδείκνυται·

44 1817 134 1855 οὕτω
165 1817 225 1855 καὶ
253 1820 275 1863 ἡ
298 1815 405 1870 ἀρετὴ
419 1846 429 1863 ,
451 1814 536 1854 ὅπου
566 1816 594 1853 δ’
624 1815 664 1853 ἂν
687 1815 794 1863 αὐτὴν
816 1815 993 1868 ἐμὸάλῃς,
1013 1816 1078 1863 τὴν

45 1879 174 1917 οἰκείαν
192 1877 337 1929 δύναμιν
358 1877 617 1926 ἐπιδείκνυται,
634 1877 698 1915 κᾶν
719 1879 753 1915 ἕν
777 1877 915 1930 δουλείᾳ
930 1909 939 1926 ,
958 1877 1022 1916 κᾶν
1043 1880 1077 1916 ἐν

46 1940 278 1994 δεσμωτηρίῳ
294 1970 304 1988 ,
324 1938 388 1977 κᾶν
404 1940 439 1976 ἐν
459 1938 591 1991 θλίψει,
613 1939 677 1978 κᾶν
699 1941 732 1978 ἓν
754 1938 880 1978 ἀνέσει.
899 1939 1002 1978 Ἐπεὶ
1020 1934 1078 1979 οὖν

45 2002 105 2040 καὶ
127 2003 162 2039 ε’ν
179 2004 229 2054 τῷ
246 1999 479 2054 δεσμωτηρίῳ
498 2000 685 2052 ἐμὸληθείς
702 1996 772 2040 εἷλε
787 2001 844 2040 τὸν
866 2002 1079 2054 ἀρχιδεσμο-

45 2061 205 2112 φύλακα,
228 2060 288 2097 καὶ
303 2058 443 2097 πάντων
462 2061 531 2097 τῶν
549 2059 666 2099 αὐτόθι
684 2059 748 2107 τὴν
765 2059 922 2105 ἐξουσίαν
940 2060 1080 2106 ἐδέξατο

45 2123 129 2173 παρ’
164 2122 289 2169 αὐτοῦ,
325 2120 454 2171 ἴδωμεν
486 2121 635 2160 ἐνταῦθα
671 2121 766 2165 ὅπως
795 2126 858 2169 τῆς
882 2122 1079 2175 προσούσης

43 2182 136 2234 αὐτῷ
166 2182 311 2234 χάριτος
341 2181 551 2220 ἓκκαλύπτει
580 2182 644 2231 τὴν
675 2184 789 2236 ἰσχύν.
813 2183 978 2236 Ἐγένετο
997 2183 1078 2237 γὰρ,

43 2242 146 2294 φησὶ,
169 2242 259 2293 μετὰ
286 2242 330 2281 τὰ
361 2242 502 2294 ῥήματα
530 2248 651 2283 ταῦτα.
683 2245 795 2292 Ποῖα,
824 2244 932 2299 Ἅπερ
948 2246 1076 2298 διηγή-

42 2318 128 2341 σατο
159 2303 247 2357 μετὰ
277 2303 316 2342 τὸ
344 2306 669 2356 συκοφαντηθῆναι,
691 2305 782 2356 μετὰ
803 2306 843 2344 τὸ
876 2307 1075 2345 καταδικα-

42 2367 166 2410 σθῆναι
196 2365 236 2403 τὸ
268 2365 506 2417 δεσμωτηριον
526 2367 652 2404 οἰκεῖν·
683 2367 743 2406 καὶ
762 2370 800 2405 οὐ
834 2371 936 2407 τοῦτο
956 2368 1074 2420 μόνον,

43 2425 134 2463 ἀλλὰ
153 2425 213 2463 καὶ
229 2425 318 2476 μετὰ
333 2425 372 2463 τὸ
388 2425 556 2477 γνωρίσαι
574 2430 673 2478 ἡμῖν,
688 2428 744 2467 ὅτι
771 2429 899 2483 Κύριος
925 2433 969 2477 ἠν
994 2435 1072 2506 μετ’

43 2485 172 2530 αὐτοῦ,
186 2501 246 2524 και
273 2485 326 2523 ὅτι
354 2488 372 2523 ὃ
403 2487 716 2541 ἀρχιδεσμοφύλαξ
749 2489 808 2528 διὰ
823 2491 939 2543 χειρὸς
966 2494 1075 2532 αὐτου

42 2546 157 2584 πάντα
189 2546 232 2586 τὰ
261 2546 415 2585 αὐτόθι’
400 2548 589 2601 επέτρεψεν
620 2553 891 2603 οἰκονομεῖσθαι.
911 2552 1075 2605 Ἐγένετο

43 2622 102 2645 ουν
123 2607 210 2657 μετὰ
227 2608 271 2647 τὰ
297 2608 439 2660 ῥήματα
455 2625 565 2648 ταυτα
577 2612 693 2662 ,μετὰ
719 2613 759 2651 τὸ
780 2615 951 2665 βληθῆναι
972 2615 1074 2654 αὐτὸν

43 2670 79 2706 ἐν
106 2672 155 2707 τῶ
175 2669 422 2723 δεσμωτηρίῳ,
442 2671 644 2723 ἁμαρτόντα
666 2674 724 2713 τὸν
757 2676 996 2729 ἀρχιοινοχόον
1015 2683 1076 2722 καὶ

43 2730 102 2768 τὸν
118 2732 379 2781 ἀρχισιτοποιὸν
399 2733 699 2781 καταδικασθῆναι
726 2736 794 2774 ὑπὸ
821 2739 881 2774 τοῦ
902 2737 1077 2789 βασιλέως

44 2790 83 2828 τὸ
96 2791 331 2843 δεσμωτήριον
357 2794 482 2831 οἰκεῖν·
502 2810 562 2832 και
582 2795 764 2847 δεξάμενος
783 2797 906 2842 αυτους
925 2803 943 2838 6
967 2802 1074 2852 ἀρχι-

45 2852 261 2903 δεσμοφύλαξ
281 2852 488 2901 συνέστησεν
509 2856 629 2900 αὐτους
648 2874 698 2911 τῳ
725 2859 868 2912 Ἰωσηφ.
891 2861 984 2900 Οὐδὲ
1008 2862 1076 2916 γὰρ

44 2914 91 2956 ὡς
111 2912 273 2964 δεσμώτῃ
289 2914 409 2952 λοιπὸν
427 2918 519 2954 αὐτῶ
538 2917 728 2970 ἐκέχρητο,
748 2921 823 2959 ἀλλ’
849 2924 896 2965 ὡς
917 2925 1074 2961 κοινωνῶ

45 2977 106 3019 τῖς
126 2974 322 3026 οροντίδος,
343 2977 514 3026 μᾶλλον
496 2992 531 3016 οε
557 2994 616 3016 και
645 2983 691 3024 ὡς
710 2984 820 3035 ἱκανῳ
839 2984 1074 3037 ἐπικουφίζειν

44 3034 104 3078 τὰς
124 3035 304 3088 συμφορὰς
323 3042 394 3080 τοῖς
415 3036 532 3076 αὐτόθι
563 3024 838 3094 καθειργμένοίς.
860 3045 930 3083 Καὶ
960 3045 1074 3100 παρέ-

44 3111 111 3141 στη
131 3099 263 3143 αὐτοῖς,
284 3097 380 3149 φησί.
403 3099 483 3136 'li'
468 3115 543 3137 εστι
566 3101 626 3146 τὸ,
646 3103 745 3155 Παρέ
748 3119 812 3152 στη
832 3108 968 3155 αὐτοῖς,
983 3107 1075 3146 Ἀντὶ

44 3161 125 3203 τοῦ,
141 3139 394 3210 παρεμυθεῖτο,
423 3160 558 3215 ενεύρου
578 3164 691 3201 ἀὐτῶν
715 3164 772 3202 τὸν
802 3168 981 3219 λογισμὸν,
1000 3169 1074 3216 διή-

47 3231 157 3267 γειρεν
189 3220 300 3256 αὐτῶν
333 3236 396 3268 την
425 3222 595 3270 διάνοιαν,
627 3225 665 3262 οὗ
698 3227 888 3281 συνεγώρει
914 3245 1073 3270 καταπο-

49 3277 184 3321 0?an
171 3292 238 3315 ⁰⁷³0
254 3281 315 3324 ’ἧς
338 3280 498 3332 ἀθυμίας.
530 3285 679 3321 Ἦσαν
661 3283 695 3322 οὲ
725 3286 859 3362 ἡμέρας
889 3289 1056 3334 πολλὰς’
1041 3306 1075 3330 εν

47 3339 91 3387 τῇ
130 3338 286 3389 φυλακῇ,
317 3356 377 3379 και
409 3336 496 3381 εἶδον
531 3344 722 3399 ἀμφότεροι
755 3346 912 3388 ἐνύπνιον
946 3352 982 3389 ἐν
1011 3358 1077 3405 μιδί

48 3398 143 3435 νυκτὶ
161 3398 182 3436 ὅ
198 3415 234 3437 τε
251 3402 487 3455 ἀργιοινογόος
513 3404 572 3442 καὶ
604 3408 622 3443 6
637 3408 906 3458 ἀργισιτοποιός.
939 3410 1028 3451 Ἀλλ’
1060 3416 1077 3451 ὁ

73 3467 242 3516 αυμάσιος
259 3470 354 3512 ουτος
379 3469 476 3522 ἔργον
497 3471 700 3522 ποιούμενος
719 3474 782 3521 τὴν
803 3476 933 3516 τούτων
962 3479 1076 3531 παρά-

981 238 1124 269 ῦΕΝΙίὃ
1135 259 1142 268 .

1184 238 1339 268 notuit„
1385 239 1506 269 xxm.
2012 226 2103 288 (393

1441 375 1649 415 ΙΙΟΜΠᾸΑ
1671 376 1806 415 LXlll.

1148 478 1195 516 Et
1215 480 1390 518 nesciebat
1411 480 1550 533 aliquid
1576 482 1762 535 pioeseetus
1788 483 1937 521 car-ciris
1964 492 2107 536 [ir-opta
2127 497 2162 521 ι,

1553 544 1701 597 Joseph.

1203 647 1240 684 1.
1261 646 1446 697 Reliquias
1477 661 1600 685 eorum
1619 663 1698 699 qua:
1717 664 1737 688 a
1770 650 1873 688 nobis
1906 650 1981 689 lueri
2012 650 2109 690 dicta

1149 713 1245 754 sunt,
1261 705 1431 744 volumus
1469 706 1577 744 hodie
1611 708 1761 747 reddere
1797 709 1936 748 caritati
1967 719 2107 757 vestrm,

1149 776 1182 805 et
1208 766 1336 805 iterum
1373 767 1547 820 attingere
1584 769 1769 808 historiam
1801 771 1959 824 josephi.
2003 773 2110 810 Scitis

1101 843 1123 874 B
1150 828 1245 866 enim
1267 828 1430 867 hesterno
1449 844 1610 869 sermone
1644 832 1822 884 prolixius
1855 843 2012 884 extenso,
2048 848 2110 872 nos

1150 903 1218 928 non
1227 890 1384 942 potuisse
1396 891 1544 930 ulterius
1558 892 1810 945 p10“red1,sed
1826 896 1981 933 sermoni
2001 897 2110 935 finem

1150 951 1376 1004 imposuisse,
1421 952 1565 1004 quando
1601 963 1747 1007 propter
1786 955 1966 1010 Aigyptiae
2005 958 2109 996 calu-

1151 1012 1285 1051 mniam
1299 1012 1344 1050 ab
1358 1014 1623 1068 archimagiro
1615 1029 1650 1053 m
1664 1030 1840 1055 caicercm
1855 1028 1907 1056 est
1919 1020 2108 1072 conjectus.

1153 1073 1235 1112 ldeo
1254 1073 1362 1112 hodie
1375 1089 1492 1128 opera:
1513 1076 1670 1129 pretium
1688 1078 1795 1116 fuerit
1812 1078 1939 1118 (locere
1956 1090 2110 1120 sesti-am

1151 1135 1348 1186 caritatem,
1370 1151 1450 1188 quae
1471 1136 1507 1175 in
1537 1152 1675 1176 carcere
1705 1139 1736 1177 ei
1775 1140 1988 1179 acciderint.
2018 1143 2110 1180 Nam

1150 1206 1338 1250 postquam
1352 1198 1387 1236 in
1405 1212 1582 1237 carcerem
1600 1209 1651 1238 est
1680 1202 1875 1254 conjectus,
1897 1211 1931 1240 et
1958 1203 2111 1241 traditus

1149 1260 1315 1311 praefecto
1336 1260 1500 1310 carceris,
1516 1261 1624 1298 etiam
1643 1261 1720 1300 illic
1746 1271 1884 1301 tantum
1905 1264 1971 1302 Dei
1992 1265 2111 1303 subsi-

1149 1319 1250 1358 dium
1261 1330 1472 1372 assequutus
1484 1331 1550 1370 est,
1574 1332 1613 1360 ut
1627 1323 1738 1362 totius
1756 1325 1911 1377 carceris
1928 1326 2111 1380 principa-

1150 1390 1240 1419 tusa
1277 1382 1444 1434 praefecto
1476 1383 1625 1421 carceris
1659 1384 1727 1437 ipsi
1759 1387 2022 1426 concederetur.
2058 1390 2112 1427 Et

1151 1444 1348 1481 nesciebat
1366 1444 1522 1496 aliquid
1536 1446 1745 1498 proesectus
1773 1452 1939 1487 carceris
1957 1459 2114 1503 propter

1150 1504 1310 1556 Joseph.
1348 1504 1484 1543 Vidisti
1521 1507 1703 1556 quomodo
1736 1508 1774 1546 in
1817 1508 1905 1562 ipsis
1943 1512 2112 1550 aerumnis

1150 1579 1308 1615 versans,
1330 1565 1584 1606 adversitatem
1614 1583 1659 1607 ne
1689 1572 1837 1610 senserit
1860 1572 2031 1632 quidem,
2050 1574 2112 1613 sed

1101 1654 1125 1684 C
1151 1626 1303 1679 provida
1321 1628 1495 1680 sapientia
1523 1629 1591 1667 Dei
1611 1631 1730 1669 omnia
1748 1646 1871 1684 aspera
1901 1636 2049 1673 v·ertelit
2075 1636 2111 1673 in

1147 1688 1322 1741 jucunda.
1354 1689 1402 1727 Et
1435 1690 1529 1728 sicut
1557 1691 1640 1730 licet
1663 1695 1746 1743 quis
1774 1696 2008 1747 margaritam
2035 1697 2112 1735 luto

1152 1747 1292 1797 obruat,
1315 1748 1550 1787 nihilominus
1564 1750 1724 1789 nativam
1736 1752 1861 1790 retinet
1870 1754 2112 1806 pulchritudi-

1152 1823 1233 1847 nem
1254 1825 1262 1846 :
1284 1809 1335 1848 sic
1350 1819 1384 1848 et
1399 1811 1530 1861 virtus,
1546 1826 1774 1864 quocumque
1802 1829 1880 1853 eam
1908 1817 2111 1869 projeceris,

1153 1885 1254 1910 suam
1273 1872 1349 1911 vim
1374 1872 1522 1924 exserit,
1538 1874 1647 1912 etiam
1670 1874 1707 1912 in
1737 1876 1921 1926 servitute,
1949 1879 2054 1917 etiam
2076 1879 2110 1917 in

1153 1947 1306 1983 carcere,
1324 1933 1431 1972 etiam
1457 1933 1493 1972 in
1520 1935 1725 1987 afflictione,
1747 1937 1856 1975 etiam
1876 1938 1911 1976 in
1930 1939 2110 1992 prosperi-

1152 2004 1237 2034 tate.
1265 1996 1446 2043 Quoniam
1472 1995 1585 2048 igitur
1602 2006 1636 2035 et
1662 1997 1699 2036 in
1731 2012 1907 2038 carcerem
1932 2002 2112 2054 conjectus

1151 2057 1221 2096 sibi
1258 2058 1466 2097 conciliavit
1498 2060 1704 2112 praefectum
1740 2063 1906 2114 carceris,
1939 2072 1972 2102 et
2003 2079 2110 2117 super

1151 2133 1273 2158 omnes
1292 2119 1421 2171 quiibi
1450 2130 1549 2158 erant
1565 2130 1776 2173 potestatem
1806 2123 1853 2161 ab
1880 2138 1920 2162 eo
1946 2126 2107 2178 accepit:

1150 2180 1338 2220 videamus
1356 2191 1390 2219 et
1411 2181 1471 2219 hic
1484 2182 1665 2233 quomodo
1679 2183 1754 2223 vim
1778 2185 1905 2236 gratiae
1937 2186 2007 2224 sibi
2030 2201 2111 2225 con-

1150 2255 1254 2280 cessae
1264 2242 1514 2281 manifestarit.
1534 2245 1754 2282 raecum
1765 2254 1822 2283 est
1842 2249 1961 2294 enim,
1979 2247 2110 2298 inquit,

1098 2323 1121 2353 D
1145 2313 1233 2356 post
1249 2306 1372 2342 verba
1392 2305 1486 2342 haec.
1520 2304 1681 2351 Qualia?
1710 2308 1801 2355 Quae
1838 2308 1999 2347 narravit
2028 2319 2110 2362 post

1149 2366 1280 2403 factam
1301 2365 1532 2415 calumniam,
1566 2374 1756 2418 postquam
1786 2368 2040 2409 condemnatus
2059 2381 2110 2410 est

1148 2426 1195 2465 ad
1210 2441 1387 2465 carcerem
1408 2436 1463 2465 :et
1482 2441 1552 2465 non
1570 2428 1637 2466 hoc
1646 2428 1778 2481 solum,
1800 2429 1861 2468 sed
1877 2439 1909 2468 et
1923 2441 2111 2483 postquam

1149 2488 1393 2541 significatum
1413 2497 1465 2527 est
1476 2488 1578 2527 nobis
1594 2490 1792 2528 Dominum
1806 2505 1887 2529 cum
1906 2493 1969 2530 illo
1989 2494 2108 2543 fuisse,

1148 2559 1182 2588 et
1203 2550 1412 2603 praefectum
1429 2550 1581 2588 carceris
1597 2551 1717 2588 omnia
1732 2565 1812 2602 quae
1835 2553 1886 2590 ibi
1912 2563 2012 2591 erant
2040 2555 2108 2607 ipsi

1148 2611 1381 2662 commisisse,
1420 2620 1462 2649 ut
1496 2625 1559 2663 per
1602 2611 1706 2649 illum
1762 2613 2107 2654 administrarentur.

1147 2675 1318 2711 Factum
1352 2681 1421 2721 est,
1450 2672 1583 2723 inquit,
1604 2682 1693 2724 post
1724 2678 1848 2714 verba
1882 2679 1980 2725 Izoec,
2008 2688 2107 2731 post-

1149 2750 1257 2787 quam
1277 2735 1426 2787 injectus
1447 2735 1548 2772 estin
1569 2749 1760 2786 carcerem,
1780 2753 1868 2777 cum
1884 2752 2109 2792 peccassent

1147 2799 1354 2851 preelectus
1361 2799 1637 2848 pincernarum
1646 2807 1682 2835 et
1690 2801 1899 2852 praesectus
1905 2805 2092 2854 pistorum
2097 2834 2108 2853 ,

1099 2875 1123 2906 E
1150 2860 1400 2897 condemnati
1419 2866 1549 2896 sunta
1570 2873 1670 2911 rege,
1691 2864 1790 2899 utin
1804 2861 2000 2903 carcerein
2020 2869 2107 2904 mit·
2122 2891 2148 2908 v.

1152 2928 1338 2965 terentur,
1361 2919 1397 2956 4.
1419 2923 1731 2973 quosproesectus
1750 2928 1918 2964 carceris
1938 2927 2108 2980 Joseplzo

1150 2981 1447 3019 commendavit.
1469 2982 1590 3032 Neque
1611 2982 1705 3020 enim
1730 2993 1769 3022 ut
1801 2985 1920 3025 vincto
1951 3002 2036 3027 usus
2057 2999 2108 3028 est

1150 3043 1228 3092 illo,
1242 3042 1304 3080 sed
1321 3051 1357 3080 ut
1368 3056 1535 3080 curarum
1557 3044 1742 3098 participe,
1764 3047 1836 3086 imo
1853 3057 1892 3086 ut
1921 3064 1961 3088 eo
1981 3051 2042 3102 qui
2059 3052 2108 3089 ibi

1149 3105 1372 3143 detentorum
1396 3104 1557 3143 miserias
1578 3105 1684 3144 solari
1719 3119 1849 3161 posset.
1882 3112 1935 3150 Et
1955 3114 2107 3151 adstitit

1150 3170 1218 3214 eis,
1252 3166 1379 3217 inquit.
1416 3166 1514 3213 Quid
1535 3177 1598 3217 cst,
1619 3169 1788 3209 Adstitit
1817 3175 1903 3211 eis?
1941 3174 2015 3212 lloc
2045 3184 2108 3221 est,

1150 3229 1350 3268 consolatus
1379 3238 1446 3278 cst,
1478 3229 1660 3270 roboravit
1683 3228 1808 3272 'corum
1834 3246 1978 3285 mentes,
1997 3237 2109 3276 erexit

1150 3305 1274 3329 eorum
1292 3291 1442 3340 animos,
1465 3299 1498 3329 et
1532 3306 1602 3331 non
1624 3295 1785 3346 permisit
1821 3298 2004 3336 absorberi
2036 3312 2108 3350 prae

1151 3353 1306 3392 tristitia.
1333 3355 1463 3392 Erant
1479 3362 1608 3392 autem
1629 3357 1764 3396 diebus
1785 3361 1916 3398 multis
1946 3363 1986 3397 in
2018 3373 2106 3398 cm·-

1152 3429 1248 3462 cere,
1280 3424 1317 3453 o.
1358 3424 1394 3453 et
1421 3416 1605 3455 viderunt
1635 3426 1794 3472 uterque
1817 3423 2052 3460 insomnium
2069 3426 2110 3460 in

1153 3487 1265 3518 nocte
1284 3491 1376 3520 una.
1411 3480 1617 3532 praefectus
1641 3484 1914 3532 pincernarum
1949 3491 1982 3521 ct
2011 3499 2108 3534 priv-

2126 507 2187 564 ἰ’ᾞῑ.

2197 498 2266 533 -³·.»

2129 2254 2193 2292 Cup
2225 2255 2270 2290 ¹00·
