2516 3791
316 178 408 236 814
747 191 785 222 s.
820 191 1006 222 somnus
1042 190 1284 242 cnanos‘r.

314 274 437 313 cedere
462 274 567 312 nobis
593 274 628 312 in
654 273 835 312 honorem.
851 274 975 325 Neque
995 272 1090 311 enim
1118 281 1260 323 temere,

314 335 370 373 vel
391 334 466 374 sine
475 349 592 384 causa,
605 334 667 373 sed
682 336 821 387 etjuste
839 343 942 384 atque
959 333 996 370 in
1012 347 1087 371 rem
1103 343 1261 372 nostram

313 404 347 433 et
362 405 576 435 senectutem
591 405 623 433 et
645 395 788 433 morbos
805 394 1020 432 sustinemus
1043 409 1050 430 :
1068 395 1165 446 juste
1183 395 1261 446 qui-

312 455 406 506 dem,
421 457 516 508 quod
534 457 570 494 in
590 464 772 508 peccatum
792 454 883 506 lapsi
905 454 1078 493 fuerimus
1101 470 1110 492 τ
1135 455 1172 493 in
1186 470 1262 494 rem
1284 470 1308 500 Ε

313 531 470 560 nostram
492 531 622 570 autem,
651 530 691 559 ut
715 520 909 573 ingenitam
931 521 1033 559 nobis
1051 535 1097 560 ex
1119 521 1262 574 ignavia

313 585 515 637 superbiam
556 598 618 636 per
636 583 700 622 hos
724 583 878 622 defectus
907 597 949 621 ac
973 583 1115 622 morbos
1136 593 1260 623 retun-

313 643 453 681 damus.
474 643 554 681 Non
574 642 686 695 igitur
703 651 742 681 ut
756 642 970 681 contumelia
996 656 1060 681 nos
1089 643 1260 692 afficeret,

313 704 379 742 hoc
399 703 476 742 fieri
500 703 662 756 permisit
675 704 784 741 Deus.
804 703 844 743 Si
862 703 955 742 enim
973 703 1112 742 afficere
1131 713 1260 743 contu-

314 764 416 802 melia
437 764 622 816 voluisset,
645 778 716 803 non
741 764 977 803 immortalem
1001 779 1075 803 esse
1104 765 1261 805 animam

311 833 467 862 nostram
499 824 648 863 sivisset.
684 824 756 863 Sed
788 837 916 876 neque,
945 823 1042 875 quod
1086 824 1261 878 impotens

310 894 416 933 esset,
447 885 517 923 tale
546 894 707 924 nostrum
738 898 866 938 corpus
898 884 1026 923 effecit.
1059 884 1202 924 Etenim
1230 886 1260 925 si

310 945 497 983 imbecillis
515 954 616 996 esset,
635 959 859 997 nequaquam
883 946 1010 984 caelum
1031 955 1065 984 et
1082 946 1210 996 sidera,
1227 956 1261 986 et

1324 191 1530 223 ARCHIEP.
1568 194 1928 229 CONSTANTINOP.

1332 274 1510 326 θώσωμεν.
1539 277 1592 316 Οὖ
1610 278 1722 318 τοίνυν
1755 281 1934 332 ἀτιμάζων
1963 284 2058 333 ἡμᾶς
2083 285 2101 321 ὃ
2132 284 2220 329 Θεὸς
2254 289 2358 326 τοῦτο

1331 336 1489 387 γενέσθαι
1508 338 1635 378 εἴασεν.
1662 342 1706 379 Εἰ
1729 341 1797 396 γὰρ
1815 343 1997 395 ἠτίμαζεν,
2018 347 2079 384 οὐκ
2099 345 2139 384 ἂν
2158 346 2221 394 τὴν
2239 348 2354 400 ψυχὴν

1332 400 1417 448 ἡμῖν
1438 400 1570 450 ἀφῆκεν
1597 401 1768 441 ἀθάνατον
1795 397 1894 443 εἶναι.
1914 406 2008 444 Ἀλλ’
2033 405 2110 445 οὐδὲ
2131 410 2297 456 ἀσθενῶν,
2316 410 2356 448 τὸ

1334 462 1437 509 σῶμα
1458 459 1498 497 τὸ
1516 461 1687 515 ἡμέτερον
1704 463 1846 511 ἐποίησε
1861 470 2027 504 τοιοῦτον.
2055 469 2100 506 Εἰ
2119 467 2186 520 γὰρ
2202 469 2355 518 ἠσθένει,

1332 523 1392 559 οὐκ
1413 521 1454 559 ἂν
1477 522 1534 561 τὸν
1555 519 1709 575 οὐρανὸν,
1734 526 1795 564 καὶ
1812 527 1891 571 τοὺς
1909 527 2075 580 ἀστέρας,
2110 529 2170 567 καὶ
2193 530 2233 568 τὸ
2250 533 2355 582 σῶμα

1332 585 1394 630 τῆς
1411 585 1475 636 γῆς
1501 583 1622 637 ἴσχυσε
1652 590 1814 626 τοσοῦτον
1844 589 2076 641 διακρατῆσαι
2104 590 2248 644 χρόνον·
2276 593 2355 630 ἀλλ’

1333 644 1419 697 ὑπὲρ
1440 648 1499 685 τοῦ
1528 647 1680 697 βελτίους
1700 651 1849 696 ποιῆσαι
1868 650 1929 688 καὶ
1952 652 2272 705 σωφρονεστέρους,
2294 653 2355 692 καὶ

1333 708 1426 760 αὐτῷ
1456 709 1587 758 μᾶλλον
1616 713 1858 760 καταπειθεῖς,
1877 710 1965 765 ὅπερ
1987 713 2129 759 ἇποίσης
2147 714 2222 752 ἐστὶ
2241 729 2354 761 σωτη-

1335 766 1409 819 ρίας
1425 768 1597 814 ὑπόθεσις.
1625 771 1694 809 Διὰ
1712 775 1813 811 τοῦτο
1839 773 1982 826 οὐρανὸν
2013 773 2075 824 μὲν
2100 776 2163 813 οὔκ
2192 774 2356 822 ἐποίησεν

1331 828 1410 867 οὔτε
1430 830 1521 884 γήρᾳ
1542 831 1746 871 ἁλίσκεσθαι
1774 832 1859 877 τέως
1872 863 1881 881 ,
1905 833 1984 873 οὔτε
2012 835 2137 880 ἄλλαις
2154 834 2225 874 τισὶ
2239 835 2355 874 τοιαύ-

1330 905 1406 934 ταις
1426 892 1651 944 ἀῤῥωστίαις.
1667 892 1712 932 ‘O
1731 893 1799 946 γὰρ
1813 895 2048 948 προαιρέσεως
2062 895 2121 934 καὶ
2140 899 2255 949 ψυχῆς
2270 897 2355 935 ἄπε-

1330 952 1541 1007 στερημένος
1561 954 1637 992 οὔτε
1657 955 1840 1007 ἁμαρτεῖν,
1871 955 1950 994 οὔτε
1974 960 2193 1011 κατορθῶσαι
2225 957 2354 996 δύναιτ’

311 1017 410 1045 terrae
431 1020 559 1060 corpus
579 1016 675 1045 tanto
693 1016 852 1060 tempore
875 1006 968 1045 tueri
992 1007 1029 1045 in
1050 1022 1170 1046 rerum
1197 1021 1260 1047 na·
1271 1039 1318 1063 703
1333 1011 1390 1049 ἄν·
1407 1011 1483 1051 ὅθεν
1503 1014 1580 1052 οὐδὲ
1600 1014 1812 1067 διορθώσεως
1826 1018 1919 1069 αὐτῷ
1933 1017 2035 1070 γρεία
2051 1017 2226 1065 τοιαύτης.
2246 1017 2355 1069 Ἡμῖν

309 1078 388 1106 tura
417 1068 588 1121 potuisset
615 1084 622 1105 z
648 1067 710 1106 sed
735 1077 773 1106 ut
799 1081 861 1106 nos
889 1067 1053 1106 meliores
1097 1068 1259 1107 modera-
1282 1076 1308 1106 A
1331 1072 1367 1112 δὲ
1385 1079 1457 1118 τοῖς
1474 1075 1567 1127 λόγῳ
1585 1076 1645 1115 καὶ
1662 1078 1758 1129 ψυχῇ
1779 1064 2023 1129 τετιμημένοις
2040 1079 2237 1130 ἀναγκαίως
2256 1079 2355 1131 γέγο-

308 1130 484 1180 tior-esque
509 1129 674 1168 redderet
703 1130 843 1181 sibique
871 1129 985 1181 magis
1013 1129 1258 1181 obsequentes,

307 1190 404 1242 quod
433 1191 547 1230 omnis
571 1191 674 1229 nobis
699 1191 824 1230 salutis
848 1190 1067 1230 occasionem
1087 1191 1253 1243 largitur.

308 1253 498 1305 Propterea
527 1266 597 1291 non
619 1252 747 1301 effecit,
763 1261 803 1290 ut
827 1261 888 1290 aut
910 1261 1086 1291 senectute
1115 1253 1255 1304 caelum,

307 1323 369 1352 aut
384 1314 464 1352 aliis
478 1313 695 1367 quibusdam
713 1313 845 1352 talibus
861 1313 995 1352 morbis
1008 1313 1257 1367 corriperetur.

309 1376 400 1414 Cum
420 1375 515 1414 enim
538 1375 652 1414 libero
680 1375 830 1414 arbitrio
860 1374 906 1413 sit
936 1384 970 1413 ct
1000 1375 1117 1413 anima
1148 1376 1258 1415 desti-

308 1445 439 1486 tutum,
454 1451 566 1488 neque
585 1450 744 1490 peccare,
762 1450 874 1488 neque
889 1445 982 1474 recte
998 1450 1101 1488 agere
1119 1446 1233 1490 potest
1249 1452 1256 1474 :

308 1497 400 1536 unde
418 1512 530 1549 neque
549 1497 726 1550 ejusmodi
745 1497 986 1536 emendatione
1003 1498 1058 1536 illi
1074 1507 1125 1536 est
1140 1513 1229 1552 opus
1247 1515 1255 1536 :

307 1559 408 1597 nobis
421 1569 539 1597 autem
549 1560 611 1611 qui
626 1559 761 1597 ratione
775 1573 898 1597 sumus
908 1568 942 1597 et
951 1559 1069 1597 anima
1079 1561 1256 1611 exornati,

128 1628 185 1655 Cur
200 1628 293 1655 obno-
306 1620 540 1659 necessarium
565 1620 653 1668 fuit,
678 1629 718 1657 ut
741 1633 806 1672 per
826 1619 891 1658 has
911 1619 1135 1659 infirmitates
1162 1635 1258 1659 mor-

107 1683 120 1695 *
128 1672 167 1697 ³⁰⁸
187 1670 294 1697 ’πῶς
305 1681 438 1732 bosque
445 1680 615 1720 modestia
624 1689 658 1719 et
667 1679 852 1719 humilitas
860 1680 1139 1732 ingeneraretur,
1149 1696 1259 1732 quan-

107 1721 156 1737 1108
173 1720 233 1737 Osse
244 1721 293 1738 VO—

106 1743 500 1794 lut-rnDcus.d0quidem
527 1757 546 1780 a
585 1742 763 1795 principio
800 1756 874 1795 prae
917 1742 1052 1781 caeteris
1093 1743 1258 1782 omnibus
1298 1768 1302 1773 ›

305 1804 442 1856 primus
466 1803 573 1842 homo
600 1803 708 1842 fuerit
727 1804 764 1842 in
784 1803 990 1856 superbiam
1011 1803 1134 1842 elatus.
1159 1805 1260 1843 Alio-

304 1864 392 1915 quin
404 1863 434 1902 si
448 1862 752 1916 quemadmodum
766 1872 885 1902 nostra
904 1877 1066 1916 corpora,
1085 1863 1136 1902 sic
1150 1864 1257 1903 etiam

303 1925 431 1963 caelum
463 1924 695 1963 constitutum
727 1923 850 1962 fuisset
880 1939 921 1963 ac
949 1925 1120 1963 senectuti
1146 1926 1257 1965 obno-

304 1985 419 2036 xium,
444 1985 550 2024 multi
569 1985 800 2024 Conditorem
819 1984 1074 2024 imbecillitatis
1095 2000 1255 2025 accusas-

304 2055 396 2094 sent,
423 2055 463 2085 ut
493 2046 558 2098 qui
588 2046 735 2085 minime
767 2056 885 2100 posset
913 2061 1026 2086 unum
1057 2061 1187 2100 corpus
1219 2048 1255 2087 in

304 2108 432 2147 multos
451 2122 627 2147 annorum
643 2108 814 2147 circuitus
834 2122 1043 2147 conservare
1057 2110 1151 2162 :jam
1172 2125 1256 2149 vero

303 2169 449 2221 praecisa
466 2178 517 2208 est
531 2169 603 2208 illis
621 2169 698 2208 haec
712 2169 863 2221 occasio,
882 2184 963 2208 cum
982 2179 1081 2209 tanto
1099 2179 1258 2224 tempore

303 2244 409 2283 opera
428 2230 541 2283 ipsius
558 2240 800 2282 permaneant.

356 2293 392 2330 5.
423 2291 566 2330 Accedit
588 2291 635 2330 ad
653 2305 691 2330 ea
711 2306 790 2342 quae
809 2291 983 2340 diximus,
999 2291 1098 2342 quod
1112 2305 1182 2330 non
1196 2291 1251 2330 in·
1275 2290 1298 2320 Β

305 2363 358 2391 tra
372 2353 440 2391 hoc
453 2353 623 2391 saeculum
637 2367 692 2391 res
706 2362 833 2391 nostras
852 2351 1061 2402 subsistunt,
1078 2353 1135 2391 sed
1157 2363 1254 2406 post-

305 2429 411 2466 quam
431 2415 466 2453 in
486 2415 552 2453 hac
570 2415 645 2453 vita
663 2414 775 2468 probe
790 2414 962 2452 fuerimus
984 2414 1157 2465 castigati,
1174 2429 1251 2453 ma-

299 2474 370 2527 jori
403 2488 550 2527 corpora
579 2482 696 2512 nostra
724 2486 807 2511 cum
835 2471 950 2524 gloria
982 2481 1186 2523 resurgent,
1220 2482 1254 2511 et

304 2537 400 2585 caelo,
412 2536 485 2574 sole
510 2549 553 2574 ac
575 2534 710 2573 caeteris
735 2533 900 2572 omnibus
919 2532 1163 2585 splendidiora
1179 2548 1253 2573 cer-

304 2606 443 2647 nentur,
465 2605 498 2635 et
518 2595 564 2634 ad
591 2595 774 2634 meliorem
799 2603 929 2633 sortem
947 2594 1254 2647 conditionemque

303 2659 570 2697 transferentur.
588 2658 691 2696 Unus
718 2669 802 2708 ergo
827 2655 955 2694 modus
974 2664 1026 2694 est
1044 2657 1253 2709 cognitionis

304 2719 381 2769 Dei,
396 2734 458 2772 per
472 2719 678 2758 universam
691 2731 816 2771 nempe
829 2731 949 2757 rerum
959 2726 1123 2757 naturam
1141 2734 1148 2755 :
1165 2719 1254 2758 alter

305 2795 386 2819 vero
404 2781 518 2819 nihilo
535 2781 661 2830 minor,
681 2781 712 2818 is
726 2794 831 2832 quem
850 2779 1055 2833 suppeditat
1075 2781 1254 2820 conscicn-

302 2841 361 2890 tia,
378 2856 483 2893 quem
502 2842 622 2894 ipsum
647 2851 731 2880 tunc
757 2841 923 2895 pluribus
941 2841 1060 2881 verbis
1084 2843 1253 2896 exposui—

303 2904 424 2951 mus,si
429 2904 575 2955 mulque
585 2904 802 2942 ostendimus
813 2903 955 2942 insitam
966 2917 1039 2942 esse
1049 2904 1151 2943 nobis
1161 2919 1179 2943 a
1192 2919 1248 2944 na-

301 2975 378 3003 tura
394 2965 570 3003 bonarum
589 2966 833 3017 malarumque
850 2979 970 3004 rerum
995 2965 1249 3017 cognitionem,

299 3035 332 3065 ct
343 3026 594 3065 conscientiam
607 3026 708 3066 nobis
721 3026 868 3065 interius
876 3025 953 3065 haec
963 3035 1089 3066 cuncta
1100 3026 1244 3067 dictare.
1268 3039 1292 3069 C

298 3089 380 3126 Duo
399 3088 531 3141 quippe
549 3088 651 3126 nobis
671 3103 690 3126 a
705 3088 882 3141 principio
899 3088 973 3127 dati
989 3098 1103 3128 sunta
1120 3099 1245 3129 natura

296 3148 469 3197 doctores,
486 3158 657 3195 creatura,
677 3158 709 3188 et
735 3150 962 3199 conscientia,
978 3151 1039 3202 qui
1065 3150 1141 3190 sine
1161 3165 1246 3191 voce

297 3209 369 3247 ulla
382 3209 542 3248 homines
559 3209 799 3248 instituebant.
820 3212 912 3249 Nam
931 3221 964 3250 ct
984 3221 1141 3250 creatura
1162 3228 1244 3252 con·

296 3280 414 3323 spectu
423 3286 485 3310 suo
496 3281 726 3325 spectatorem
734 3272 1028 3325 obstupefaciens,
1045 3274 1147 3312 illum
1159 3289 1242 3313 cun-

1331 1148 1384 1172 νεν
1405 1139 1426 1182 ἡ
1445 1135 1503 1175 διὰ
1518 1139 1586 1175 τῶν
1602 1141 1721 1176 παθῶν
1738 1137 1870 1177 τούτων
1893 1140 2100 1191 ἐγγενομένη
2121 1141 2323 1193 σωφροσύνη
2342 1171 2351 1187 ,

1330 1196 1389 1234 καὶ
1407 1198 1700 1252 ταπεινοφροσύνη
1713 1229 1724 1248 ,
1743 1200 1862 1247 ἐπειδὴ
1882 1201 1943 1239 καὶ
1963 1201 2059 1253 παρὰ
2076 1200 2140 1248 τὴν
2159 1201 2271 1254 ἀρχὴν
2286 1201 2356 1254 πρὸ

1329 1259 1396 1296 τῶν
1413 1259 1529 1298 ἄλλων
1540 1260 1702 1299 ἁπάντων
1719 1263 1767 1304 εἷς
1783 1261 1948 1300 ἀπόνοιαν
1961 1262 2215 1316 ἀπεσκίρτησεν
2227 1267 2245 1301 ὃ
2257 1266 2354 1316 πρῶ-

1327 1336 1383 1363 τος
1412 1320 1594 1371 γενόμενος
1622 1321 1813 1375 ἄνθρωπος.
1837 1321 1970 1368 Ἄλλως
1998 1323 2055 1369 δὲ,
2086 1326 2116 1362 εἷ
2137 1323 2295 1378 καθάπερ
2309 1324 2354 1363 τὰ

1325 1380 1481 1435 ἡμέτερα
1496 1382 1666 1434 σώματα,
1686 1383 1775 1422 οὕτω
1790 1384 1872 1422 ἃκαὶ
1895 1387 1913 1423 ὁ
1937 1385 2078 1437 οὐρανὸς
2097 1385 2223 1436 ἔμελλε
2240 1401 2350 1425 κατα-

1326 1443 1552 1488 σκευάζεσθαι
1570 1445 1630 1483 καὶ
1644 1452 1769 1497 γηρᾷν,
1788 1445 1920 1493 πολλὴν
1936 1446 1976 1484 ἂν
1991 1446 2115 1485 πολλοὶ
2131 1450 2191 1486 τοῦ
2210 1451 2352 1486 ποιοῦν.-

1326 1518 1384 1547 τος
1403 1504 1625 1555 κατέγνωσαν
1645 1506 1835 1554 ἀσθένειαν,
1856 1509 1903 1550 ὡς
1921 1509 1982 1545 οὔκ
1998 1507 2175 1559 ἰσχύοντος
2196 1508 2231 1546 ἓν
2248 1511 2353 1558 σῶμα

1328 1565 1561 1616 διακρατῆσαι
1589 1567 1647 1604 ἐπὶ
1674 1567 1807 1611 πολλὰς
1828 1569 1914 1606 ἐτῶν
1930 1567 2128 1619 περιόδους·
2144 1572 2204 1606 νῦν
2225 1568 2260 1607 δὲ
2285 1570 2353 1606 αὖ-

1329 1631 1400 1669 τοῖς
1428 1626 1488 1664 καὶ
1516 1625 1602 1673 αὕτη
1620 1630 1642 1673 ἡ
1662 1627 1835 1680 πρόφασις
1860 1628 2053 1680 ἀνῄρηται,
2076 1630 2145 1666 τῶν
2164 1629 2274 1682 ἔργων
2295 1629 2354 1668 ἐπὶ

1327 1691 1486 1726 τοσοῦτον
1508 1687 1630 1741 χρόνον
1649 1688 1835 1738 μενόντων.

1377 2290 1471 2342 Πρὸς
1491 2290 1526 2329 δὲ
1548 2295 1618 2333 τοῖς
1647 2290 1860 2342 εἰρημένοις,
1880 2290 1958 2328 οὐδὲ
1979 2290 2086 2343 μέχρι
2105 2290 2227 2329 τούτου
2257 2291 2346 2339 στή-

1324 2367 1421 2391 σεται
1437 2351 1481 2390 τὰ
1501 2351 1655 2403 ἡμέτερα
1667 2382 1676 2399 ,
1700 2352 1776 2390 ἀλλ’
1797 2351 1936 2390 ἐπειδὰν
1955 2354 2005 2404 τῷ
2021 2351 2168 2404 παρόντι
2191 2352 2255 2404 βίῳ
2275 2369 2345 2391 σω-

1323 2417 1559 2466 φρονισθῶμεν
1581 2414 1714 2460 καλῶς,
1742 2411 1831 2463 μετὰ
1860 2412 2015 2456 πλείονος
2039 2413 2227 2459 ἀναστήσει
2249 2412 2349 2459 δόξης

1322 2475 1366 2513 τὰ
1383 2475 1552 2526 σώματα,
1572 2475 1631 2514 καὶ
1653 2476 1795 2527 οὐρανοῦ
1808 2503 1817 2521 ,
1844 2473 1903 2512 καὶ
1924 2473 2041 2522 ἡλίου,
2065 2473 2124 2511 καὶ
2143 2476 2211 2512 τῶν
2232 2474 2347 2511 ἄλλων

1323 2537 1485 2576 ἁπάντων
1503 2537 1602 2576 ἔσται
1619 2536 1867 2589 λαμπρότερα,
1883 2535 1943 2574 καὶ
1961 2535 2048 2588 πρὸς
2069 2535 2134 2582 τὴν
2149 2535 2220 2574 ἅνω
2237 2551 2346 2586 μετα·

1323 2599 1488 2645 στήσεται
1507 2597 1618 2644 λ’ἧξιν.
1640 2592 1701 2640 Εἷς
1719 2597 1780 2648 μὲν
1794 2591 1850 2636 οὖν
1869 2595 2076 2648 θεογνωσίας
2092 2596 2217 2649 τρόπος
2229 2624 2239 2642 ,
2257 2599 2275 2634 ὁ
2290 2595 2347 2634 διὰ

1320 2664 1382 2707 τῆς
1409 2659 1554 2703 κτίσεως
1583 2658 1742 2706 ἁπάσης·
1774 2658 1889 2710 ἕτερος
1918 2657 1953 2696 δὲ
1980 2660 2041 2696 οὐκ
2066 2656 2231 2704 ἐλάττων,
2249 2660 2267 2694 ὁ
2286 2660 2346 2695 τοῦ

1322 2721 1530 2768 συνειδότος,
1549 2721 1585 2760 ὃν
1606 2721 1665 2759 καὶ
1691 2723 1811 2759 τοῦτον
1841 2719 1980 2758 ἅπαντα
1997 2719 2076 2757 τότε
2099 2720 2156 2756 διὰ
2175 2719 2346 2758 πλειόνων

1323 2783 1500 2834 ἐξεθέμεθα
1518 2783 1642 2834 λόγων,
1677 2782 1869 2825 δεικνύντες
1891 2785 1965 2825 πῶς
1998 2781 2242 2824 αὐτοδίδακτος
2260 2785 2347 2832 ἡμῖν

1321 2848 1414 2884 ἐστιν
1435 2848 1456 2892 ἦ
1475 2847 1543 2883 τῶν
1562 2847 1678 2883 καλῶν
1708 2844 1767 2882 καὶ
1786 2847 1854 2882 τῶν
1878 2846 1916 2882 οὐ
1938 2842 2101 2882 τοιούτων
2118 2846 2243 2895 γνῶσις
2256 2873 2266 2890 ,
2286 2842 2346 2881 καὶ

1320 2910 1393 2951 πῶς
1411 2907 1543 2945 ἔνδοθεν
1573 2910 1657 2956 ἡμῖν
1688 2905 1726 2943 τὸ
1747 2906 1900 2949 συνειδὸς
1924 2906 2063 2943 ἅπαντα
2083 2905 2201 2956 ἐνηχεῑ
2222 2907 2343 2942 ταῦτα.

1319 2969 1390 3008 Δύο
1409 2968 1476 3021 γὰρ
1492 2961 1586 3006 οὗτοι
1607 2967 1808 3005 διδάσκαλοι
1830 2967 2010 3019 γεγόνασιν
2032 2969 2116 3016 ἡμῖν
2135 2965 2301 3017 ἐξαρχῆς,
2321 2969 2342 3012 ἡ

1319 3030 1449 3077 κτίσις,
1469 3029 1528 3067 καὶ
1545 3030 1584 3068 τὸ
1607 3027 1757 3072 συνειδός
1770 3043 1777 3051 ·
1797 3028 1856 3066 καὶ
1880 3027 2058 3080 οὐδέτερος
2085 3027 2197 3064 αὐτῶν
2226 3026 2344 3078 φωνὴν

1317 3090 1448 3143 ἀφιεὶς,
1478 3093 1557 3140 σιγῇ
1590 3089 1667 3133 τοὺς
1702 3089 1903 3141 ἀνθρώπους
1931 3088 2122 3127 ἐπαίδευον.
2142 3086 2192 3125 Ἥ
2213 3102 2250 3124 τε
2276 3086 2345 3139 γὰρ

1315 3151 1426 3195 κτίσις
1445 3151 1502 3189 διὰ
1518 3153 1579 3197 τῆς
1598 3151 1706 3203 ὄψεως
1726 3150 1970 3197 ἐκπλήττουσα
1996 3149 2054 3188 τὸν
2079 3148 2218 3196 θεατὴν,
2239 3150 2287 3191 εἰς
2304 3148 2344 3186 τὸ

1314 3217 1373 3251 τοῦ
1390 3212 1597 3259 ποιήσαντος
1615 3212 1723 3259 αὐτὴν
1745 3216 1860 3262 θαῦμα
1882 3211 2113 3263 παραπέμπει
2131 3211 2187 3248 τὸν
2207 3211 2341 3262 ὁρῶντα

1316 3275 1452 3313 ἅπαντα
1468 3290 1475 3297 ·
1498 3273 1538 3313 τό
1556 3290 1593 3312 τε
1613 3274 1763 3317 συνειδὸς
1788 3273 1882 3312 ἔνδον
1901 3274 2060 3325 ἐνηχοῧν,
2082 3272 2220 3311 ἅπαντα
2250 3273 2340 3309 ὑπο-

338 3410 349 3420 ··
375 3397 555 3430 Colbertini
573 3397 640 3430 duo
658 3405 689 3430 ct
705 3398 784 3440 neg.
806 3401 977 3442 boffa-103·
999 3402 1084 3441 ἐμὶν
1102 3404 1228 3441 ἤμελλε»
1246 3408 1354 3444 γηρᾷ-ω,
1375 3403 1387 3433 ὁ
1406 3401 1433 3433 δὲ
1446 3403 1737 3440 καταπεμὶζεπῦκι,
1758 3402 1878 3438 πολλή-ι.
