2433 3775
962 129 1212 161 PRAEFATtO.
2057 124 2096 153 ΙΧ

1014 284 1039 335 §
1062 284 1129 323 111.

522 412 583 449 De
602 410 708 459 stylo
727 409 999 458 Chry-sostomi
1017 410 1058 446 in
1078 408 1138 446 his
1159 408 1200 445 in
1224 406 1405 445 Genesim
1429 405 1626 444 Homiliis.

110 538 273 584 Photius,
285 551 362 589 cap.
384 537 474 586 472,
490 534 534 572 de
553 535 647 588 stylo
663 530 910 586 Chrysostomi
928 531 963 568 in
981 530 1039 569 his
1057 529 1215 568 homiliis
1235 530 1396 581 loquens,
1415 529 1465 568 ait
1486 530 1563 582 ejus
1580 529 1773 568 dictionem
1792 529 1994 569 istiusmodi
2016 545 2102 581 esse,

58 610 97 638 ut
117 602 153 638 in
171 599 216 637 iis
235 598 443 637 observetur
465 605 629 634 consueta
653 595 908 646 Chrysostomo
927 591 1089 640 claritas,
1112 591 1271 643 puritas,
1291 589 1458 643 splendor
1477 600 1510 628 et
1537 590 1638 643 copia
1661 590 1819 641 dicendi,
1849 592 2102 631 sententiarum

58 660 268 712 frequentia,
293 669 326 697 et
346 658 611 711 aptissimarum
626 653 904 694 similitudinum
930 651 1163 696 abundantia,
1181 651 1241 689 sed
1262 666 1319 690 eas
1339 653 1540 690 remissiore
1559 662 1592 690 et
1610 652 1801 691 humiliore
1815 652 1959 692 dicendi
1979 668 2105 707 genere

59 721 228 773 scriptas;
247 728 454 769 tantumque
478 716 644 754 Homiliis
668 729 727 752 seu
745 712 1017 752 Commentariis
1044 712 1080 749 in
1102 714 1189 749 Acta
1210 712 1304 764 stylo
1331 712 1527 761 inferiores,
1550 722 1721 763 quantum
1745 713 1807 751 illa
1832 715 1868 752 in
1891 718 1977 753 Acta
1997 716 2102 754 Com-

56 779 228 818 mentaria
261 779 427 816 inferiora
446 787 526 815 sunt
543 775 815 815 Commentariis
836 775 872 812 in
892 773 1072 826 Epistulas
1092 772 1218 821 Pauli,
1236 781 1270 810 et
1299 773 1334 810 in
1364 773 1590 810 psalterium.
1611 776 1661 811 Ac
1691 787 1812 811 revera
1847 775 1899 812 hm
1921 776 2077 815 homiliae
2091 808 2102 826 ,

56 841 139 878 licet
160 854 326 891 magnam
342 840 551 888 ubertatem,
570 839 724 888 itemque
739 836 879 874 solitam
897 834 1145 888 Chrysostomi
1165 834 1380 872 inventionis
1401 833 1605 872 felicitatem
1619 849 1694 886 pra*¹
1712 849 1748 872 se
1767 835 1890 883 serant,
1904 850 1971 874 non
1988 847 2103 876 tamen

57 902 134 954 pari
149 901 268 940 studio
281 900 573 951 accurationeque
589 899 806 937 concinnatae
820 897 1002 936 videntur.
1020 896 1087 933 Hie
1108 910 1200 948 saepe
1212 895 1478 932 animadvertas
1497 895 1721 947 longissimas
1742 896 1813 933 texi
1829 897 2006 948 periodos,
2025 913 2105 949 quae

57 962 284 1015 parentheses
297 962 386 1000 alias
401 976 509 1014 super
527 961 615 999 alias
634 959 796 999 inductas
816 969 888 997 tam
908 959 1108 1009 frequenter
1123 957 1339 1006 exhibeant,
1360 966 1399 994 ut
1418 957 1587 1009 principii
1609 957 1742 995 oblitus
1760 967 1879 996 orator
1899 960 2106 998 sententiam

57 1023 299 1076 imperfectam
319 1022 509 1074 relinquat,
524 1031 558 1060 et
580 1020 777 1072 aliquando
802 1021 950 1059 verbum
969 1019 1015 1057 ad
1036 1019 1194 1064 σύνταξιν
1215 1019 1449 1058 necessarium
1466 1020 1724 1072 praetermittat.
1740 1022 1861 1071 Neque
1885 1035 1969 1059 vero
1984 1021 2021 1060 id
2039 1023 2106 1060 mi-

57 1097 137 1121 rum
160 1084 226 1121 tibi
245 1083 420 1133 videatur,
437 1083 466 1121 si
492 1081 688 1136 perpendas
708 1080 872 1134 periodos
888 1080 966 1118 illas
981 1080 1173 1131 aliquando
1190 1081 1238 1118 ita
1251 1079 1410 1125 extendi,
1427 1081 1493 1118 vix
1506 1089 1545 1118 ut
1562 1080 1597 1117 in
1618 1081 1747 1132 pagina
1764 1095 1833 1119 una
1849 1082 2081 1121 absolvantur
2096 1100 2104 1119 ε

57 1145 92 1183 in
115 1145 257 1197 pagina,
278 1145 423 1196 inquam
437 1175 446 1192 ‚
467 1159 511 1182 ex
533 1144 662 1182 nostris
676 1158 754 1195 quae
774 1143 888 1194 longae
908 1143 1057 1193 lataeque
1071 1141 1267 1180 admodum
1286 1151 1379 1179 sunt.
1399 1141 1491 1179 Hinc
1508 1141 1636 1179 inseras
1650 1151 1824 1180 oratorem
1854 1153 2014 1182 nostrum
2031 1144 2107 1183 haec

59 1206 323 1244 concionantem
346 1221 415 1244 non
433 1206 480 1244 ita
504 1219 642 1257 semper
660 1214 824 1257 paratum
843 1203 1124 1255 meditatumque
1141 1203 1188 1241 ad
1203 1203 1408 1241 concionem
1426 1203 1576 1253 venisse,
1592 1202 1655 1241 sed
1678 1201 1790 1241 multa
1813 1219 1857 1243 ex
1881 1214 2052 1258 tempore,
2068 1216 2107 1244 ut

61 1268 167 1305 menti
187 1282 259 1305 sese
278 1267 486 1317 offerebant,
508 1266 654 1304 dixisse.

112 1328 149 1366 Si
175 1342 317 1367 causam
336 1343 442 1381 porro
463 1342 611 1379 quaeras,
634 1327 832 1381 perpendas
852 1327 976 1378 velim,
996 1325 1115 1379 ipsum
1136 1327 1172 1364 in
1188 1326 1256 1364 hac
1276 1325 1559 1378 Quadragesima
1575 1326 1621 1364 ad
1640 1341 1750 1378 usque
1767 1327 2002 1367 hebdomadis
2031 1343 2108 1367 san-

61 1399 124 1427 ctae.
139 1389 332 1428 dimidium
347 1404 416 1428 non
441 1389 546 1428 modo
561 1389 642 1427 illas
659 1389 804 1441 triginta
820 1388 910 1427 duas
929 1388 1065 1441 priores
1085 1388 1120 1426 in
1136 1389 1306 1427 Genesim
1319 1388 1488 1426 homilias
1508 1388 1690 1437 habuisse,
1709 1388 1771 1426 sed
1785 1389 1891 1426 etiam
1905 1389 1991 1428 alias
2008 1389 2109 1428 iden-

63 1450 170 1489 tidem
187 1460 407 1500 memoratas,
424 1465 501 1502 quae
520 1450 690 1488 suadente
708 1451 876 1503 quapiam
895 1449 1065 1502 temporis
1083 1450 1267 1488 occasione
1283 1449 1526 1487 Homiliarum
1540 1449 1573 1486 in
1595 1449 1763 1488 Genesim
1777 1464 1922 1488 cursum
1943 1451 2109 1505 interpel-

61 1511 202 1560 labant3
219 1521 250 1550 et
270 1515 415 1551 tortasse
435 1512 522 1550 alias
547 1526 687 1563 quoque
707 1512 873 1550 habuisse
892 1512 938 1550 ab
957 1525 993 1549 se
1019 1524 1088 1548 nou
1108 1520 1400 1548 commemoratas
1418 1526 1425 1546 :
1447 1510 1495 1548 ita
1520 1519 1558 1548 nt
1579 1509 1742 1561 quotidie
1762 1511 1871 1549 ferme
1897 1521 1930 1550 et
1964 1512 2108 1564 quidem

60 1573 266 1625 longissime
285 1575 513 1613 concionatus
537 1573 597 1611 sit.
620 1573 662 1612 Id
680 1583 799 1611 autem
817 1588 836 1611 a
858 1573 962 1621 viro,
991 1571 1189 1624 praesertim
1219 1572 1282 1623 qui
1308 1586 1372 1624 per
1390 1581 1504 1610 totum
1525 1586 1659 1609 annum
1687 1586 1752 1624 par
1778 1572 1849 1610 fere
1877 1574 2109 1612 concionandi

60 1635 220 1673 officium
239 1636 510 1687 exsequebatur,
530 1649 599 1673 non
620 1650 722 1688 posse
751 1635 826 1673 sine
851 1633 1086 1687 extemporali
1108 1633 1380 1683 declamatione,
1403 1634 1527 1671 saltem
1553 1632 1750 1671 identidem
1766 1634 1930 1686 repetita,
1951 1636 2110 1687 praestari

60 1696 233 1734 fateamur
252 1711 391 1735 neeesse
410 1706 472 1735 est.
490 1698 529 1734 In
545 1697 779 1749 extemporali
795 1706 913 1734 autem
932 1695 1210 1746 declamatione,
1232 1695 1294 1733 ubi
1316 1695 1499 1747 ingenium
1516 1704 1611 1733 tanta
1628 1695 1765 1747 pollens
1786 1696 2002 1747 inventione,
2020 1712 2112 1735 nova

61 1771 199 1810 semper
218 1758 332 1795 oranti
348 1758 568 1811 suppeditat,
587 1758 675 1809 quid
698 1758 831 1796 mirum
853 1757 883 1795 si
903 1771 1173 1807 nonnumquam
1192 1766 1313 1794 eontra
1340 1757 1591 1808 przeceptiones
1617 1757 1868 1807 grammaticas
1890 1768 2067 1810 peccetur,
2078 1769 2113 1797 ct

62 1818 90 1855 si
113 1818 229 1856 minor
249 1819 411 1871 &xpffiemt
428 1819 462 1856 in
483 1820 628 1871 syntaxi
651 1828 824 1856 occurrat.
846 1819 925 1856 Non
948 1817 1129 1868 ingratum
1141 1831 1225 1855 vero
1240 1818 1365 1855 lectori
1385 1818 1459 1855 fore
1479 1817 1657 1861 existimo,
1680 1818 1706 1854 si
1729 1818 1874 1855 illarum
1890 1819 1927 1856 in
1942 1820 2111 1858 Genesim

62 1879 295 1917 homiliarum
316 1894 378 1931 per
391 1879 711 1931 Quadragesimam
729 1878 934 1916 habitarum
955 1877 1129 1926 ordinem,
1150 1887 1183 1916 et
1203 1887 1336 1928 quanto
1363 1878 1483 1930 elapso
1512 1877 1684 1930 temporis
1700 1878 1814 1931 spatio
1837 1879 1907 1918 alia
1927 1880 2035 1919 aliam
2054 1896 2110 1920 se-

65 1949 175 1990 quuta
196 1941 256 1988 sit,
279 1941 338 1978 hic
352 1941 569 1993 perscribam
587 1956 596 1988 3
617 1940 654 1978 id
673 1940 769 1991 quod
788 1940 895 1978 etiam
919 1939 1172 1978 Tillemontius
1195 1939 1288 1977 fecit.

118 2001 237 2040 Prima
260 2002 372 2053 igitur
387 2002 532 2040 homilia
555 2002 650 2040 dicta
673 2002 741 2039 suit
760 2001 951 2039 Dominico
967 2001 1026 2039 die
1042 2010 1231 2052 antequam
1250 1999 1559 2052 quadragesimale
1573 2001 1751 2053 jejunium
1771 2001 1919 2041 iniretur
1936 2019 1944 2039 ε
1961 2004 2114 2042 secunda

65 2061 124 2101 die
141 2062 325 2113 sequenti,
347 2077 416 2113 quo
441 2062 618 2114 jejunium
638 2062 900 2114 incipiebatur3
920 2061 1026 2099 tertia
1045 2071 1079 2099 et
1108 2070 1234 2112 quarta
1255 2061 1290 2098 in
1320 2061 1418 2099 feriis
1438 2061 1540 2099 tertia
1561 2071 1595 2099 et
1624 2072 1750 2113 quarta
1779 2079 1787 2099 :
1812 2064 1866 2101 hae
1897 2065 2115 2104 continenter

63 2123 212 2175 singulis
221 2123 346 2161 diebus
357 2123 460 2161 dietae
474 2124 756 2161 sunt.Incertum
766 2137 852 2161 vero
866 2131 917 2161 est
931 2132 1054 2161 utrum
1067 2122 1159 2160 inter
1171 2131 1334 2174 quartam
1352 2131 1384 2160 et
1399 2123 1559 2173 quintam
1573 2122 1694 2174 aliqua
1714 2123 1790 2161 dies
1809 2125 2042 2165 intercesserit
2055 2136 2116 2165 aut

64 2184 228 2223 concione
247 2187 442 2237 x·ac11a,{a11t
455 2184 501 2222 ad
515 2185 617 2223 aliud
632 2185 864 2223 concionandi
883 2193 1135 2236 argumentum
1151 2183 1341 2236 deputata,
1354 2192 1394 2221 ut
1411 2193 1449 2221 ut
1462 2193 1524 2233 est,
1539 2183 1674 2235 quinta,
1688 2194 1800 2234 sexta,
1813 2186 1978 2238 septima,
1991 2197 2114 2226 octava

63 2254 97 2283 et
119 2260 210 2284 nona
229 2245 384 2284 homiliae
405 2245 623 2284 continenter
644 2246 795 2297 singulis
815 2245 885 2284 sibi
902 2245 1174 2283 succedentibus
1192 2245 1320 2283 diebus
1339 2245 1443 2283 dietae
1463 2254 1560 2292 sunt,
1581 2245 1712 2297 partim
1727 2246 1763 2284 in
1783 2247 1912 2299 prima,
1930 2248 2062 2301 partim
2078 2249 2114 2288 in

63 2306 216 2345 secunda
231 2307 522 2359 Quadragesimae
539 2307 781 2357 hebdomade3
801 2307 940 2346 decima
954 2307 1062 2345 etiam
1078 2306 1115 2344 in
1138 2307 1293 2345 secunda
1311 2307 1551 2357 hebdomade,
1573 2317 1634 2345 aut
1655 2307 1743 2345 feria
1764 2309 1902 2359 quinta,
1916 2320 1978 2348 aut
1993 2320 2113 2362 sexta,

64 2368 250 2407 undecima
267 2369 302 2407 in
317 2368 474 2408 Sabbato
494 2368 657 2407 secundae
673 2368 922 2408 hebdomadis.
943 2368 1164 2407 Duodecima
1186 2369 1308 2406 habita
1327 2377 1379 2407 est
1404 2378 1486 2421 post
1507 2369 1616 2406 aliam
1631 2369 1688 2407 vel
1710 2369 1812 2417 alias,
1831 2385 1910 2422 quae
1932 2372 1979 2410 ad
1994 2372 2116 2411 diver-

64 2445 142 2468 sum
161 2445 180 2468 a
209 2431 338 2469 Genesi
358 2440 611 2481 argumentum
630 2431 848 2484 spectabant.
868 2432 965 2469 Inter
985 2430 1239 2468 duodecimam
1260 2444 1401 2481 quoque
1427 2439 1460 2468 et
1486 2429 1663 2468 decimam
1690 2431 1829 2469 tertiam
1854 2433 1909 2470 vel
1937 2448 2031 2471 unus
2058 2435 2115 2473 vel

64 2491 181 2543 plures
198 2491 274 2529 dies
289 2491 534 2529 interfuerunt.
554 2492 698 2530 Decima
714 2501 839 2543 quarta
854 2492 976 2530 hahita
993 2501 1043 2530 est
1058 2491 1117 2530 die
1127 2492 1303 2530 decimam
1320 2491 1462 2529 tertiam
1481 2491 1684 2543 insequente
1699 2507 1708 2540 3
1725 2492 1861 2531 decima
1876 2495 1999 2544 quinta
2016 2495 2115 2533 simi-

62 2552 144 2590 liter
166 2562 331 2603 sequente
352 2552 411 2590 die
423 2568 434 2602 3
456 2552 594 2591 decima
620 2563 720 2592 sexta
748 2554 807 2592 die
829 2555 912 2591 item
933 2562 1098 2605 sequente
1110 2568 1122 2603 ;
1143 2551 1279 2590 decima
1308 2553 1457 2605 septima
1487 2567 1558 2590 uno
1581 2553 1639 2590 vel
1659 2553 1826 2605 pluribus
1843 2564 1921 2606 post
1941 2555 2116 2594 decimam

63 2623 199 2652 sextam
213 2614 350 2652 diebus.
368 2614 554 2653 Decimam
574 2615 762 2668 septimam
775 2615 912 2654 decima
934 2624 1074 2662 octava,
1096 2613 1194 2652 nulla
1214 2613 1273 2652 die
1292 2613 1514 2666 interposita,
1535 2623 1684 2664 sequuta
1698 2624 1762 2652 est.
1787 2616 1934 2654 Decima
1956 2631 2048 2655 nona
2071 2633 2116 2656 an

64 2675 281 2714 continenter
301 2675 422 2714 habita
441 2676 487 2714 sit
507 2676 704 2728 ignoratur,
720 2677 955 2728 similiterque
969 2677 1154 2729 vigesima,
1173 2691 1280 2727 quam
1294 2675 1420 2714 diebus
1435 2676 1677 2726 sequentibus,
1699 2676 1798 2714 nullo
1813 2677 2022 2731 interposito
2044 2678 2116 2728 dic,

63 2746 276 2788 exceperunt
294 2737 468 2789 vigesima
485 2738 613 2790 prima,
636 2737 807 2789 vigesima
832 2739 999 2788 secunda,
1016 2739 1190 2790 vigesima
1210 2739 1327 2784 tertia,
1349 2738 1522 2789 vigesima
1550 2747 1689 2788 quarta,
1707 2738 1881 2790 brevique
1908 2741 2116 2793 interposito

64 2798 192 2850 spatio,
209 2798 385 2837 continuis
402 2798 540 2848 diebus,
553 2800 726 2851 vigesima
741 2801 879 2851 quinta,
892 2800 1077 2852 vigesima,
1090 2810 1204 2849 sexta,
1218 2801 1388 2852 vigesima
1407 2799 1572 2852 septima,
1590 2799 1762 2851 vigesima
1777 2810 1915 2839 octava.
1933 2802 2114 2853 Vigesima

65 2871 153 2895 nona
171 2873 215 2896 an
239 2868 317 2911 post
332 2859 543 2911 vigesimam
558 2869 736 2911 octavam,
754 2861 852 2898 nulla
869 2861 1074 2914 interposita
1089 2862 1163 2911 die,
1181 2861 1305 2899 habita
1320 2862 1376 2909 sit,
1398 2861 1595 2913 ignoratur.
1618 2861 1835 2913 Trigesima,
1847 2877 1926 2901 cum
1949 2878 2115 2916 magnam

66 2919 321 2958 hebdomadem
336 2921 522 2972 attigisset,
537 2931 576 2959 ut
593 2922 668 2974 ipsc
684 2922 960 2975 Chrysestomus
973 2922 1037 2972 ait,
1052 2924 1234 2976 trigesima
1249 2925 1379 2977 prima,
1393 2933 1424 2962 et
1439 2923 1619 2976 trigesima
1635 2925 1801 2975 secunda,
1816 2925 1859 2964 iis
1878 2925 2115 2965 hebdomadis

64 2990 191 3020 sanctae
203 2981 330 3021 diebus
349 2982 411 3033 qui
431 2983 554 3022 seriam
572 2983 732 3035 quintam
752 2987 792 3022 in
814 2985 932 3023 Coena
945 2986 1108 3023 Domini
1127 2985 1342 3038 p1·aeccd1111t.
