2516 3791
307 134 398 196 784

723 150 763 183 S·
799 151 977 183 JOANNIS
1010 150 1243 182 CHRYSOST·
1288 150 1496 183 ARCHIEP.
1534 154 1883 187 CONSTANTINOP-

302 241 357 270 tes
375 234 515 271 bonum
533 241 571 271 et
590 233 751 272 malum.
773 233 963 281 Quomodo
982 232 1102 285 igitur,
1123 233 1250 284 inquit,
1273 237 1300 268 D
1324 235 1395 274 Ναὶ
1410 266 1420 283 ,
1453 235 1556 288 φησὶν
1571 267 1581 284 ,
1613 236 1721 275 εἰπὼν
1736 269 1746 285 ,
1771 237 1920 278 Ἔσεσθε
1943 241 1989 284 ὡς
2010 241 2098 288 θεοὶ,
2119 240 2344 292 γινώσκοντες

300 300 339 329 tu
353 291 444 331 dicis
468 293 654 332 scientiam
676 308 746 332 non
772 294 959 332 inseruisse
973 293 1058 331 boni
1075 307 1117 331 ac
1137 294 1251 332 mali?

301 352 393 398 Quis
424 367 523 404 vero,
561 368 692 404 quaeso,
730 354 903 392 Inseruit?
936 367 1022 391 num
1060 353 1253 393 diabolus?

301 412 414 459 Certe,
448 411 575 463 inquit,
608 427 689 450 cum
719 412 868 463 dixerit,
897 414 1020 451 Eritis
1053 416 1154 452 sicut
1181 416 1250 461 dii,

301 475 461 510 scientes
482 475 624 510 bonum
646 482 682 510 et
704 474 862 512 malum.
887 473 983 511 Tum
1005 483 1044 512 tu
1066 474 1179 527 igitur
1204 485 1254 514 te-

300 532 506 570 stimonium
521 533 612 571 mihi
627 533 739 572 hostis
756 534 860 573 affers
878 543 912 572 et
928 534 1173 574 insidiatoris?
1188 538 1251 576 At·-

300 593 360 643 qui
388 592 483 631 dixit
507 593 567 632 hic
595 608 746 644 quoque,
775 594 888 632 Eritis
922 594 1029 633 etiam
1062 595 1114 634 dii
1138 611 1253 636 :num

300 653 409 704 igitur
419 653 473 691 dii
491 663 572 692 sunt
587 655 671 693 facti
683 655 701 692 Ξ)
715 655 765 693 Ut
781 655 892 707 igitur
907 655 960 694 dii
971 657 1056 695 facti
1070 670 1140 696 non
1154 668 1252 707 sunt,

300 714 350 752 sic
369 729 480 766 neque
507 715 690 754 scientiam
714 715 798 754 boni
822 731 863 755 ac
891 717 977 756 mali
1007 726 1085 757 tum
1110 733 1253 772 accepe-

303 785 399 814 runt.
415 776 572 815 Mendax
588 776 683 815 enim
697 785 748 816 est
764 777 839 826 ille,
856 778 1017 830 nihilque
1031 793 1158 819 verum
1171 796 1254 834 pro-

96 846 189 875 Juan.
205 845 292 886 844-
304 837 485 887 loquitur:
505 852 588 876 nam
608 841 658 876 In
682 841 862 886 veritate,
890 839 1019 891 inquit,
1037 855 1116 879 non
1136 845 1252 881 stetit.

303 899 356 936 Ne
372 898 484 949 igitur
502 899 638 937 inimici
660 899 903 938 testimonium
921 901 1173 953 producamuS,
1191 903 1254 942 sed

301 972 345 997 ex
365 959 450 1011 ipsis
469 960 573 998 rebus
595 960 817 1012 colligamus,
829 975 899 1012 qua
918 961 962 1000 de
980 977 1086 1001 causa
1111 964 1251 1016 lignum

95 1035 155 1062 Cur
172 1036 283 1072 lignum
298 1020 450 1059 scientiae
463 1022 550 1060 boni
565 1036 605 1060 ac
621 1022 706 1061 mali
728 1033 887 1061 vocetur.
907 1025 956 1061 Ae
976 1024 1090 1077 prius,
1104 1025 1134 1063 si
1150 1025 1251 1065 vide-

94 1078 283 1125 ⁵5³⁰¹¹¹³ffl¹⁰f
297 1091 369 1131 tur,
389 1082 476 1134 quid
510 1083 556 1121 sit
582 1083 717 1122 honum
742 1098 782 1122 ac
807 1085 944 1123 malum
971 1086 1246 1125 consideremus.

93 1119 282 1187 2225OEss:ss
297 1143 394 1190 Quid
424 1157 507 1196 crgo
535 1144 672 1182 bonum
699 1145 774 1183 est?
795 1145 1020 1184 Obcdientia.
1050 1147 1150 1196 Quid
1174 1162 1250 1187 ma-

95 1198 193 1227 ¹”¹¹⁰¹·i¹·
295 1203 400 1241 lum?
421 1204 680 1243 Inobedientia.
701 1207 752 1244 Ae
767 1206 937 1259 tantisper
957 1223 976 1246 a
996 1208 1098 1247 nobis
1119 1209 1194 1248 haec
1206 1224 1251 1249 ex

295 1264 382 1316 ipsis
412 1265 608 1318 Scripturis
632 1276 754 1305 exacte
785 1269 1044 1319 examinentur,
1072 1284 1116 1309 ne
1144 1272 1246 1323 forte,

292 1325 380 1364 dum
397 1326 482 1364 boni
497 1340 538 1364 ac
551 1327 638 1365 mali
662 1337 827 1366 naturam
857 1330 1085 1382 inquirimus,
1104 1331 1248 1372 aberre-

291 1400 383 1425 mus.
397 1387 474 1426 Hoc
490 1387 584 1426 enim
603 1402 677 1426 esse
700 1389 836 1429 honum
854 1405 895 1429 ac
907 1391 1060 1441 malum,
1077 1393 1163 1432 audi
1177 1409 1249 1445 quo

93 1461 186 1490 „nst-11,
202 1463 231 1493 6,
244 1461 273 1492 8,
291 1456 394 1499 pacto
407 1447 531 1486 doceat
546 1449 719 1500 propheta
735 1464 816 1488 cum
829 1450 919 1491 dicit
939 1467 947 1488 :
970 1454 1074 1504 Quid
1087 1456 1245 1503 bonum,

1275 735 1299 765 E

1261 1499 1309 1523 677

1323 295 1428 333 καλὸν
1448 296 1506 334 καὶ
1525 297 1675 348 πονηρόν
1688 310 1695 318 ”
1716 292 1806 337 Εἶτα
1824 305 1884 339 τοῦ
1902 303 2024 352 ἐχθροῦ
2060 317 2119 351 μοι
2148 302 2260 354 φέρεις
2280 304 2344 350 τὴν

1325 356 1517 409 μαρτυρίαν
1548 358 1688 396 καὶτοῦ
1718 360 1919 409 ἐπιδούλου;
1953 362 2078 401 Καίτοι
2109 357 2208 407 οὗτος
2238 358 2344 413 εἶπεν,

1324 418 1377 456 ὅτι
1419 418 1478 456 καὶ
1517 419 1587 458 θεοὶ
1620 420 1753 460 ἔσεσθε·
1783 415 1852 474 ἆρα
1883 417 1941 461 οῦν
1972 423 2032 461 καὶ
2065 425 2135 462 θεοὶ
2174 426 2343 478 ἐγένοντο,

1323 477 1464 532 Ἵὶσπερ
1497 473 1555 518 οῧν
1583 482 1645 519 οὔκ
1673 481 1830 533 ἐγένοντο
1857 483 1947 532 θεοὶ,
1978 484 2087 529 οὕτως
2114 485 2192 524 οὔτε
2219 491 2345 537 γνῶσιν

1324 542 1430 579 καλοῦ
1449 541 1509 579 καὶ
1527 547 1678 595 πονηροῦ
1702 543 1781 581 τότε
1804 543 1940 584 ἔλαὸον.
1972 546 2142 593 ῙΙῗευστὴς
2167 548 2233 600 γάρ
2253 551 2345 588 ἐστιν

1325 602 1451 645 ἐκεῖνος
1461 632 1472 650 ,
1511 601 1570 640 καὶ
1599 602 1695 642 οὐδὲν
1726 605 1851 652 ἀληθὲς
1879 606 2084 659 φθέγγεται·
2114 608 2177 647 Ἐν
2206 609 2274 662 γὰρ
2301 614 2344 663 τῇ

1326 662 1491 715 ἀληθείᾳ,
1517 664 1646 715 φησὶν,
1669 667 1733 718 οὐχ
1750 666 1889 714 ἕστηκε.
1920 668 1983 715 Μὴ
2004 668 2045 716 δὴ
2064 674 2125 708 τοῦ
2141 672 2265 723 ἐχθροῦ
2281 688 2347 711 πα-

1329 725 1535 780 ραγάγωμεν
1565 726 1628 775 τὴν
1661 728 1876 781 μαρτυρίαν,
1900 729 1980 769 ἀλλ’
2004 730 2131 782 ἴδωμεν
2151 731 2214 771 ἀπ’
2233 735 2347 773 αὐτῶν

1324 791 1392 827 τῶν
1411 788 1642 842 πραγμάτων,
1664 789 1755 834 τίνος
1775 789 1889 829 ἕνεκεν
1907 791 2060 843 γνωστὸν
2079 794 2186 832 καλοῦ
2206 794 2266 832 καὶ
2283 811 2346 834 πο-

1324 854 1430 902 νηροῦ
1449 851 1609 888 καλεῖται
1625 849 1664 888 τὸ
1682 849 1795 893 ξύλον.
1820 851 1891 890 Καὶ
1909 853 2096 905 πρότερον,
2123 857 2153 893 εἷ
2172 856 2288 904 δοκεῖ,
2313 857 2349 895 τί

1325 911 1410 950 ποτέ
1433 913 1507 950 ἔστι
1529 911 1634 949 καλὸν
1659 911 1719 949 καὶ
1742 913 1891 965 πονηρὸν
1919 914 2200 967 ἐπισκεψώμεθα.
2228 917 2275 955 Τί
2289 911 2346 956 οῦν

1326 974 1400 1010 ἐστι
1419 971 1546 1019 καλόν,
1572 971 1619 1010 ‘H
1644 973 1794 1020 ὗπακοή.
1827 973 1876 1013 Τί
1907 974 1942 1012 δὲ
1967 976 2137 1028 πονηρόν;
2158 976 2202 1015 Ἥ
2231 994 2348 1031 παρα-

1325 1033 1402 1079 κοή.
1433 1031 1503 1072 Καὶ
1522 1031 1608 1076 τέως
1626 1035 1724 1083 ἡμῖν,
1754 1033 1811 1071 ἵνα
1827 1034 1875 1085 μὴ
1889 1035 2103 1086 πλανώμεθα
2115 1037 2196 1089 περὶ
2211 1037 2272 1085 τὴν
2287 1039 2349 1091 φύ-

1325 1109 1379 1131 σιν
1409 1097 1469 1132 τοῦ
1496 1095 1603 1132 καλοῦ
1629 1093 1690 1132 καὶ
1713 1098 1773 1133 τοῦ
1801 1100 1976 1149 πονηροῦ,
2008 1096 2078 1135 ἀπὸ
2100 1101 2169 1136 τῶν
2196 1100 2349 1152 Γραφῶν

1322 1158 1433 1194 ταῦτα
1463 1154 1729 1207 διακριὸούσθω.
1757 1154 1841 1194 c'Oti
1860 1156 1928 1208 γὰρ
1952 1157 2052 1196 τοῦτό
2079 1160 2152 1197 ἐστι
2180 1159 2220 1198 τὸ
2241 1161 2349 1200 καλὸν

1321 1217 1380 1255 καὶ
1402 1217 1571 1269 πονηρὸν,
1603 1217 1752 1255 ἄκουσον
1779 1216 1815 1254 τί
1837 1218 1941 1269 φησὶν
1968 1219 2202 1272 ὃπροφήτης·
2222 1221 2270 1260 Τί
2282 1237 2346 1259 κα-

1321 1278 1394 1326 λὸν,
1417 1279 1478 1317 καὶ
1503 1278 1538 1316 τί
1563 1278 1689 1331 Κύριος
1707 1281 1725 1317 ὁ
1743 1277 1832 1321 Θεὸς
1846 1279 1983 1326 ἓκζητεῖ
2000 1279 2097 1333 παρὰ
2113 1284 2195 1330 σοῦ,
2214 1283 2304 1322 Εἰπὲ
2314 1283 2349 1322 τί

1322 1339 1440 1378 καλόν.
1473 1342 1627 1391 Ἀγαπᾷν
1661 1338 1788 1393 Κύριον
1813 1339 1872 1377 τὸν
1901 1340 1994 1378 Θεόν
2017 1357 2088 1380 σου.
2127 1341 2235 1394 “Ορᾷ“ς
2252 1343 2305 1382 ὅτι
2323 1347 2346 1391 ἡ

1323 1400 1461 1448 ὑπακοὴ
1492 1401 1618 1449 καλόν,
1643 1401 1684 1438 ἐκ
1711 1400 1778 1452 γὰρ
1803 1403 1866 1447 τῆς
1889 1400 2030 1451 ἀγάπης
2054 1403 2245 1450 ἡὺπακοή.
2275 1404 2346 1442 Καὶ

1322 1461 1427 1499 πάλιν
1442 1477 1449 1486 ·
1472 1462 1542 1501 Δύο
1568 1461 1704 1513 πονηρὰ
1716 1491 1726 1508 ,
1746 1462 1848 1514 φησὶν
1861 1492 1872 1510 ,
1893 1462 2053 1509 ἐποίησεν
2073 1465 2092 1500 ὃ
2109 1463 2190 1507 λαός
2207 1480 2272 1515 μου
2289 1460 2348 1503 oi]-

292 1516 329 1545 et
357 1510 454 1560 quid
480 1510 671 1547 Dominus
699 1512 805 1549 Deus
835 1516 997 1564 requirit
1029 1529 1053 1552 a
1082 1520 1148 1553 te?
1172 1517 1250 1555 Dic
1272 1537 1299 1566 A
1322 1538 1403 1565 τος·
1440 1522 1503 1574 ἐμὲ
1536 1523 1764 1574 ἐγκατέλιπον
1805 1522 1922 1575 πηγὴν
1957 1523 2080 1567 ὕδατος
2112 1526 2255 1572 ζῶντος,
2286 1526 2347 1564 καὶ

293 1569 390 1619 quid
406 1571 457 1606 sit
471 1570 625 1607 bonum.
655 1571 704 1607 Ut
728 1571 870 1623 diligas
886 1574 1100 1612 Dominum
1120 1577 1248 1614 Deum

292 1637 410 1668 tuum.
441 1629 554 1670 Vides
581 1630 719 1668 honum
744 1645 818 1670 esse
845 1633 1115 1673 obedientiam?
1138 1637 1250 1688 siqui-

290 1689 372 1728 dem
386 1704 431 1728 ex
446 1689 637 1729 dilectione
656 1691 773 1729 oritur
790 1692 1005 1732 obedientia.
1025 1695 1072 1734 Et
1096 1711 1219 1736 rursus
1240 1714 1249 1735 :

99 1765 149 1792 rer,
176 1772 203 1791 2,
229 1764 272 1794 13,
291 1752 382 1789 Duo
401 1752 508 1790 mala
509 1753 614 1805 fecit
628 1754 794 1805 populus
814 1768 921 1794 meus
949 1757 1011 1795 hic
1033 1772 1044 1793 .·
1064 1772 1123 1796 me
1140 1760 1249 1798 dere-

291 1813 488 1864 liquerunt
521 1815 676 1865 fontem
710 1829 823 1868 aquae
852 1819 969 1866 vivoe,
1003 1827 1040 1856 et
1053 1820 1251 1872 foderunt

290 1876 362 1912 sibi
394 1877 583 1914 cisternas
614 1879 819 1928 contritas,
847 1892 935 1931 quae
963 1893 1041 1918 non
1065 1891 1248 1932 poterunt

289 1937 485 1973 continere
503 1949 663 1988 aquam.
691 1937 806 1977 Vides
836 1939 1114 1980 inobedientiam
1134 1952 1167 1981 et
1185 1943 1247 1982 de-

289 1995 507 2034 relictionem
526 1998 664 2036 malum
684 2000 786 2037 esse?
802 2000 879 2039 Hoc
897 2001 1010 2053 igitur
1035 2004 1176 2044 interim
1197 2016 1247 2045 tc-

289 2070 449 2107 neamus‚
466 2057 705 2097 obedientiam
722 2060 858 2100 bonum
876 2076 963 2114 esse,
984 2073 1092 2116 atque
1115 2066 1243 2106 inobe-

290 2116 461 2154 dientiam
474 2118 623 2170 malum,
639 2128 672 2158 et
686 2120 736 2158 sic
750 2120 842 2160 illud
855 2123 962 2162 etiam
978 2139 1240 2176 cognoscemus.

291 2178 384 2214 Nam
398 2176 530 2216 idcirco
549 2179 689 2230 lignum
708 2181 863 2220 scientiae
882 2183 966 2222 boui
982 2200 1022 2223 ac
1038 2187 1123 2225 mali
1138 2202 1245 2227 voca-

292 2248 366 2286 tur,
392 2239 489 2288 quod
512 2239 721 2278 mandatum
745 2241 790 2280 de
813 2242 912 2295 ligno
931 2245 1106 2285 traditum
1123 2249 1242 2297 fuerit,

292 2300 394 2352 cujus
420 2300 602 2338 occasione
617 2301 674 2340 vel
694 2301 933 2343 inobedientia
963 2307 1020 2346 vel
1044 2307 1244 2349 obedientia

290 2370 486 2399 exercetur.
507 2363 599 2400 Nam
619 2371 719 2400 antea
737 2364 870 2403 sciebat
889 2365 1046 2406 Adamus
1072 2369 1241 2410 obedien-

289 2422 375 2460 tiam
391 2423 526 2460 bonum
540 2437 625 2473 esse,
641 2423 921 2466 inobedientiam
940 2438 1059 2468 autem
1077 2432 1211 2471 malum
1231 2450 1239 2470 :

290 2483 508 2521 manifestius
534 2493 653 2522 autem
683 2495 802 2537 postea
825 2501 870 2526 ex
889 2488 965 2541 ipsa
991 2504 1110 2530 rerum
1134 2507 1242 2546 expe-

289 2543 414 2582 rientia
429 2543 567 2582 didicit.
581 2546 683 2584 Sicut
698 2547 807 2586 etiam
815 2548 948 2589 caedem
962 2551 1154 2592 fraternam
1167 2569 1242 2594 ma-

87 2623 155 2643 ·...m
180 2618 272 2644 scien·
290 2604 365 2643 lum
397 2620 470 2644 csse
499 2615 646 2645 noverat
665 2608 767 2657 Cain,
796 2608 851 2647 vel
881 2619 1067 2663 antequam
1096 2614 1242 2655 fratrem

89 2659 273 2726 {jsjl'xmf'ffiffi
289 2680 393 2704 suum
419 2665 593 2704 occideret
615 2676 677 2705 :ut
693 2668 788 2706 enim
807 2668 983 2722 intelligas
1002 2687 1084 2712 eum
1096 2675 1244 2716 scivisse

90 2741 162 2767 ι,·(.,,,
179 2738 191 2778 ι,
221 2739 249 2769 8,
288 2727 419 2765 malam
439 2742 516 2765 rem
533 2727 656 2779 fuisse,
674 2728 759 2767 audi
782 2730 867 2782 quid
888 2731 985 2771 dicat
1008 2749 1016 2770 t
1041 2736 1150 2783 Veni,
1169 2752 1234 2776 ex-

287 2801 418 2825 eamus
440 2790 482 2825 in
506 2802 698 2840 campum.
726 2791 862 2830 Verum
888 2804 958 2844 qua
978 2793 1024 2834 dc
1044 2809 1146 2835 causa
1163 2799 1235 2837 sra-

287 2857 401 2886 trema
414 2848 568 2900 paternis
582 2849 676 2887 ulnis
691 2851 858 2890 avulsum
870 2853 906 2891 in
922 2868 1087 2908 campum
1103 2859 1232 2899 trahis?

285 2922 348 2946 cur
367 2909 403 2946 in
416 2909 553 2948 deserto
569 2911 752 2950 constituis
764 2913 782 2949 Ρ
796 2927 858 2951 cur
872 2915 1010 2955 auxilio
1019 2917 1232 2961 destitutum

284 2969 427 3008 reddis?
444 2984 506 3008 cur
526 2970 628 3022 longe
648 2985 667 3008 a
687 2981 832 3024 paterno
852 2986 1039 3029 conspectu
1059 2979 1233 3020 abducis?

284 3043 347 3068 cur
362 3030 481 3069 audax
501 3031 636 3069 facinus
650 3033 821 3084 occultas,
843 3035 873 3074 si
890 3047 1072 3088 peccatum
1089 3055 1158 3080 non
1178 3058 1232 3081 rc-

282 3090 477 3130 lormidas?
507 3106 570 3130 cur
598 3101 714 3131 autem
735 3104 865 3147 etpost
893 3097 1021 3138 caedcm
1049 3113 1231 3156 perpetra-

282 3159 355 3190 tam
376 3167 498 3191 rursus
518 3153 751 3209 interrogatus
773 3156 968 3209 indignaris
987 3175 1027 3199 ac
1043 3165 1230 3205 mentiris?

84 3224 146 3249 ml
185 3234 209 3249 ν.
232 3232 264 3260 9.
282 3214 373 3252 Cum
394 3214 488 3252 enim
506 3213 655 3253 dixisset
674 3217 785 3266 Deus,
809 3220 883 3257 Ubi
901 3230 957 3260 est
982 3223 1090 3262 Abel
1103 3227 1230 3277 fralet·

282 3280 395 3314 tuus?
431 3275 645 3329 respondisti
668 3278 898 3331 :Numquid
928 3292 1054 3323 custos
1082 3287 1228 3339 fratris

280 3345 353 3380 ,Ποῖ
382 3357 464 3382 snm
497 3346 594 3392 ego?
627 3342 686 3381 Ex
713 3357 782 3394 quo
810 3345 932 3399 liquet,
964 3364 1044 3388 cum
1077 3366 1158 3391 cum
1190 3356 1226 3395 id

1322 1583 1454 1635 ὤρυξαν
1484 1586 1616 1627 ἑαυτοῖς
1643 1584 1794 1628 λάκκους
1825 1584 2156 1636 συντετριμμένους,
2176 1586 2208 1624 οἳ
2229 1589 2266 1625 οὗ
2285 1589 2345 1625 δυ-

1321 1644 1488 1691 νήσονται
1507 1645 1598 1697 ὕδωρ
1615 1645 1785 1696 συνέχειν.
1817 1644 1925 1696 Ὁρᾷς
1944 1644 1998 1683 ὅτι
2019 1646 2168 1697 πονηρὸν
2183 1649 2206 1693 ἡ
2227 1663 2346 1700 παρα-

1322 1705 1385 1752 κοὴ
1407 1706 1466 1744 καὶ
1489 1709 1510 1753 ἡ
1536 1705 1800 1758 ἐγκατάλειψις;
1828 1705 1928 1749 Τέως
1958 1698 2016 1743 οῦν
2043 1710 2145 1745 τοῦτο
2165 1711 2343 1760 τηρῶμεν,

1321 1766 1374 1804 ὅτι
1399 1767 1504 1805 καλὸν
1526 1770 1549 1813 ἡ
1569 1766 1731 1815 ὑπακοὴ,
1762 1766 1822 1805 καὶ
1846 1767 1994 1820 πονηρὸν
2022 1769 2044 1814 ἡ
2073 1768 2258 1820 παρακοὴ,
2282 1771 2344 1809 καὶ

1320 1827 1429 1872 οὕτως
1456 1829 1620 1880 εἰσόμεθα
1641 1831 1793 1867 κάκεῖνο.
1816 1827 1887 1866 Καὶ
1909 1827 1977 1880 γὰρ
1995 1828 2052 1867 διὰ
2067 1833 2168 1868 τοῦτο
2190 1831 2343 1882 γνωστὸν

1319 1891 1426 1928 καλοῦ
1453 1889 1511 1928 καὶ
1539 1893 1690 1944 πονηροῦ
1718 1892 1876 1928 καλεῖται
1898 1889 1938 1928 τὸ
1963 1889 2083 1936 ξύλον,
2109 1891 2228 1939 ἐπειδὴ
2249 1895 2270 1939 ἡ
2292 1895 2344 1932 ἐν·

1317 1951 1416 1999 τολὴ,
1444 1955 1466 1999 ἡ
1496 1951 1718 2003 γυμνάζουσα
1741 1951 1804 1999 τὴν
1824 1950 1979 1998 ὑπακοὴν
1997 1951 2056 1989 καὶ
2071 1951 2133 1999 τὴν
2148 1953 2342 2005 παρακοὴν,

1318 2012 1398 2065 περὶ
1412 2013 1452 2052 τὸ
1473 2011 1571 2057 ξύλον
1589 2012 1738 2066 ἐγένετο.
1771 2012 1874 2065 'met
1896 2011 1957 2064 μὲν
1978 2012 2044 2065 γὰρ
2064 2013 2123 2052 καὶ
2136 2014 2205 2068 πρὸ
2219 2015 2342 2054 τούτου

1319 2077 1336 2112 ὃ
1367 2074 1496 2125 Ἀδὰμ,
1535 2074 1590 2114 ὅτι
1615 2074 1720 2112 καλὸν
1749 2073 1810 2125 μὲν
1837 2078 1859 2121 ἡ
1889 2073 2051 2122 ὑπακοὴ,
2076 2074 2225 2127 πονηρὸν
2252 2075 2287 2114 δὲ
2316 2079 2341 2123 ἡ

1318 2136 1479 2187 παρακοή
1494 2151 1502 2159 ·
1531 2135 1638 2187 ἔμαθε
1660 2136 1694 2174 δὲ
1710 2135 1849 2189 ὕστερον
1864 2135 2073 2188 σαφέστερον
2088 2137 2131 2173 δι’
2153 2138 2258 2183 αὐτῆς
2271 2139 2339 2174 τῶν

1316 2197 1534 2248 πραγμάτων
1557 2199 1619 2242 τῆς
1646 2196 1780 2248 πείρας.
1809 2195 1948 2248 εὨσπερ
1964 2196 2032 2248 γὰρ
2046 2196 2106 2234 καὶ
2125 2199 2142 2234 ὃ
2158 2197 2247 2236 Κάϊν
2263 2197 2340 2248 ᾔδει

1318 2256 1379 2306 μὲν
1397 2258 1449 2296 ὅτι
1473 2258 1577 2296 κακὸν
1602 2260 1624 2304 ἡ
1643 2257 1908 2309 ἀδελφοκτονία,
1928 2257 1988 2296 καὶ
2006 2257 2086 2309 πρὶν
2103 2256 2124 2303 ἢ
2141 2257 2266 2310 σφάξαι
2281 2257 2339 2296 τὸν

1318 2319 1464 2371 ἀδελφὸν
1484 2321 1607 2357 αὐτοῦ·
1634 2317 1688 2356 ὅτι
1704 2317 1771 2370 γὰρ
1792 2318 1869 2369 ᾔδει
1887 2318 2037 2372 πονηρὸν
2055 2318 2092 2357 ὃν
2119 2318 2159 2356 τὸ
2176 2325 2338 2372 πρᾶγμα,

1317 2379 1466 2418 ἄκουσον
1497 2380 1530 2418 τί
1557 2395 1664 2433 φησι·
1698 2381 1827 2432 Δεῦρο,
1856 2379 2045 2431 ἐξέλθωμεν
2069 2382 2116 2424 εἶς
2140 2381 2180 2419 τὸ
2207 2381 2338 2420 πεδίον.

1317 2440 1440 2479 Καίτοι
1460 2441 1549 2484 τίνος
1573 2441 1687 2479 ἕνεκεν
1711 2441 1823 2484 ἕλκεις
1843 2442 1891 2484 εἷς
1912 2440 1951 2478 τὸ
1971 2440 2088 2479 πεδίον
2106 2441 2174 2480 ἀπὸ
2188 2444 2256 2479 τῶν
2273 2458 2341 2480 πα-

1315 2504 1443 2554 τρικῶν
1463 2502 1672 2546 ἀποσπάσας
1693 2504 1857 2554 ἀγκαλῶν
1871 2502 1928 2541 τὸν
1949 2502 2094 2554 ἀδελφόν
2110 2519 2119 2551 ;
2135 2503 2169 2540 τί
2183 2504 2218 2541 δὲ
2232 2507 2334 2542 καθι-

1316 2571 1398 2616 στᾷς
1416 2565 1450 2601 ἐν
1469 2565 1618 2617 ἐρημίᾳ,
1645 2565 1679 2602 τί
1703 2563 1738 2602 δὲ
1760 2563 1889 2616 γυμνὸν
1907 2569 2017 2607 ποιεῖς
2035 2567 2097 2610 τῆς
2113 2565 2339 2615 κηδεμονίας,

1313 2624 1348 2662 τί
1372 2625 1492 2678 πόῤῥω
1516 2629 1578 2673 τῆς
1605 2628 1779 2678 πατρικῆς
1808 2625 1953 2676 ἀπάγεις
1975 2625 2108 2677 ὄψεως,
2135 2624 2169 2662 τί
2193 2626 2334 2679 διακρυ-

1313 2701 1410 2729 πτεις
1437 2685 1500 2732 τὴν
1524 2685 1657 2737 τόλμαν
1672 2716 1682 2734 ,
1705 2685 1799 2737 εἰμὴ
1825 2685 1979 2729 δέδοικας
2004 2685 2067 2733 τὴν
2088 2685 2278 2738 ἁμαρτίαν,
2299 2687 2335 2725 τί

1313 2745 1348 2783 δὲ

1374 2746 1433 2784 καὶ
1463 2747 1551 2797 μετὰ
1566 2746 1604 2784 τὸ
1622 2749 1768 2793 ποιῆσαι
1782 2747 1839 2786 τὸν
1854 2746 1967 2799 φόνον,
1991 2747 2096 2785 πάλιν
2112 2746 2335 2801 ἐρωτώμενος

1312 2807 1543 2860 δυσχεραίνεις
1561 2808 1619 2846 καὶ
1639 2807 1769 2860 ψεύδῃ;
1795 2809 1867 2847 Τοῦ
1882 2808 1950 2861 γὰρ
1965 2811 2057 2847 Θεοῦ
2078 2808 2244 2855 εἶπόν-τος,
2259 2810 2333 2848 Ποῦ

1309 2867 1414 2907 Ἄὸελ
1435 2872 1453 2907 ὁ
1476 2869 1621 2922 ἀδελφός
1651 2884 1736 2917 (τους
1775 2863 1894 2913 εἶπας·
1932 2870 1994 2917 Μὴ
2029 2869 2138 2922 φύλαξ
2169 2869 2240 2920 εἰμὶ
2272 2874 2333 2908 τοῦ

1309 2930 1457 2982 ἀδελφοῦ
1500 2947 1564 2981 μου
1596 2930 1686 2982 ἐγώ,
1727 2930 1834 2969 εὈθεν
1869 2932 1970 2978 δῆλον
2003 2931 2056 2969 ὅτι
2086 2933 2203 2983 σαφῶς
2234 2930 2332 2992 εἰδὼς

1308 2985 1410 3038 ἦλθεν
1439 2992 1495 3030 ἐπὶ
1522 2992 1585 3038 τὴν
1614 2991 1779 3044 ἐργασίαν
1801 2992 1943 3038 ταύτην.
1985 2991 2126 3045 ζὨσπερ
2153 2985 2212 3029 οῦν
2233 2995 2331 3034 οὗτος

1306 3053 1382 3104 ᾔδει
1402 3051 1464 3103 μὲν
1483 3052 1542 3091 καὶ
1561 3053 1629 3104 πρὸ
1647 3056 1709 3099 τῆς
1723 3053 1846 3105 πείρας
1858 3053 1912 3092 ὅτι
1927 3053 2032 3091 κακὸν
2047 3055 2064 3090 ὃ
2081 3052 2197 3104 φόνος,
2220 3051 2328 3103 ἔμαθε

1307 3113 1342 3153 δὲ
1357 3114 1566 3166 σαφέστερον
1579 3116 1640 3153 καὶ
1657 3114 1745 3165 μετὰ
1760 3120 1886 3163 ταῦτα,
1912 3114 1968 3153 ὅτε
1989 3114 2051 3162 τὴν
2068 3113 2239 3166 τιμωρίαν
2260 3113 2328 3152 §6⁵¹-

1306 3172 1386 3218 ξατο
1401 3202 1410 3220 ,
1437 3173 1496 3211 καὶ
1524 3173 1670 3222 ἤκουσε,
1695 3174 1832 3213 Στένων
1863 3175 1922 3212 καὶ
1944 3173 2081 3225 τρέμων
2102 3173 2164 3226 ἔσῃ
2184 3173 2241 3210 ἐπὶ
2264 3176 2329 3219 τ’ἦς

1305 3237 1367 3284 γῆς
1383 3249 1390 3256 ·
1418 3234 1506 3273 οὕτω
1538 3235 1596 3272 καὶ
1625 3237 1642 3272 ὁ
1673 3235 1790 3287 πατὴρ
1812 3235 1931 3274 τούτου
1960 3230 2033 3287 εἶχε
2055 3237 2113 3273 τοῦ
2137 3235 2243 3272 καλοῦ
2265 3234 2325 3272 καὶ

1304 3301 1363 3335 τοῦ
1387 3300 1494 3334 κακοῦ
1515 3297 1573 3334 καὶ
1590 3297 1657 3349 πρὸ
1676 3299 1734 3335 τοῦ
1749 3303 1870 3349 φαγεῖν
1886 3296 1947 3344 τὴν
1967 3299 2114 3348 γνῶσιν,
2139 3297 2168 3333 εἰ
2191 3294 2250 3333 καὶ
2271 3291 2320 3344 μὴ

1305 3357 1392 3396 οὕτω
1410 3361 1514 3409 σαφῆ,
1535 3360 1579 3396 ὡς
1601 3357 1687 3408 μετὰ
1708 3358 1770 3405 τὴν
1790 3363 1845 3396 τοῦ
1865 3357 1961 3402 ξύλου
1980 3358 2119 3409 βρῶσιν.
2137 3356 2184 3396 Τι’
2200 3355 2290 3406 λέγω
2306 3371 2316 3397 ;
