2516 3791
630 197 709 227 -1N
747 196 847 226 car.
888 194 1010 226 xxiv.
1051 190 1215 221 GENES.
1255 191 1411 222 nonu„
1452 194 1606 227 vailt.

121 284 195 325 θίαν
210 286 269 322 τοῦ
294 281 410 334 λόγου,
428 282 488 320 καὶ
510 279 638 332 ἴδωμεν
660 280 750 332 μετὰ
767 281 824 319 τὸν
843 282 905 326 τῆς
924 277 1063 331 Σάῤῥας
1079 275 1138 316 θά-

119 359 231 390 νατον,
251 342 335 389 ὅσην
353 345 371 380 ὃ
390 341 522 385 δίκαιος
539 347 690 380 ποιεῖται
716 340 880 393 φροντίδα
910 343 969 378 τοῦ
995 336 1139 382 παιδὸς,

118 410 177 445 τοῦ
191 404 314 443 Ἰσαὰκ
327 403 433 455 λέγω.
450 402 668 454 Ἀκούσωμεν
687 403 798 441 τοίνυν
812 406 874 449 τῆς
890 400 982 445 θείας
999 401 1141 451 Γραφῆς

120 465 347 519 διηγουμένης
374 469 471 517 ἡμῖν.
502 465 571 504 Καὶ
591 464 768 517 Ἀὸραὰμ,
788 463 905 517 φησὶν,
925 457 966 509 ἦν
987 459 1140 514 πρεσὸύ-

118 542 214 580 τερος
226 557 235 574 ,
254 526 484 579 προὸεὸηκὼς
498 528 651 579 ἡμερῶν.
668 526 737 564 Καὶ
753 525 877 579 Κύριος
893 522 1068 573 ηὖλόγησε
1084 521 1141 558 τὸν

120 586 279 640 Ἀὅραὰμ
297 588 386 626 κατὰ
405 588 531 626 πάντα.
549 588 651 632 Τίνος
671 587 784 625 ἕνεκεν
797 590 897 625 τοῦτο
915 588 998 635 ἡμῖν
1017 585 1143 626 ἐπεση-

122 649 276 700 μήνατο,
320 648 466 695 Ἐπειδὴ
512 648 632 700 μέλλει
672 647 836 701 φροντίδα
875 648 1049 684 ποιεῖσθαι
1084 645 1144 679 τοῦ

121 708 245 748 Ἰσαὰκ
264 710 324 747 καὶ
355 709 522 756 σπουδὴν,
549 708 639 748 ὥστε
660 709 798 761 νύμφην
818 709 910 759 αὐτῷ
931 704 1143 757 ἀγαγέσθαι,

123 770 180 809 διὰ
195 775 294 809 τοῦτο
313 771 485 821 ἐσήμανεν
499 774 584 820 ἡμῖν
602 770 666 817 τὴν
681 769 822 817 ἠλικίαν
840 772 899 806 τοῦ
914 766 1145 818 πατριάρχου.

122 832 248 870 ἹΙνίκα
268 832 357 884 γὰρ,
381 832 466 884 φησὶ
477 862 488 880 ,
506 831 591 884 πρὸς
618 830 765 882 ἔσχατον
783 832 892 881 γῆρας
908 828 1016 875 ἤλασε
1033 858 1041 874 ,
1063 829 1146 878 βου-

121 893 261 943 λόμενος
286 893 344 931 τὸν
364 892 487 931 Ἰσαὰκ
519 894 581 938 τῆς
611 893 680 929 τῶν
711 890 918 929 Χαναναίων
947 887 1147 941 συγγενείας

123 954 343 1002 ἀπαλλάξαι,
362 954 417 992 ἵνα
438 952 487 1003 μὴ
507 955 634 992 ἐκεῖθεν
654 951 830 1004 ἀγάγηται
848 956 1014 1003 γυναῖκα,
1036 950 1145 988 καλέ-

123 1033 185 1060 σας
197 1047 206 1063 ,
227 1016 331 1069 φησὶ,
350 1017 419 1053 τῶν
436 1016 579 1052 οἰκετῶν
598 1014 655 1052 τὸν
686 1012 920 1065 εὐνούστερον,
952 1011 1147 1050 ἐντέλλεται

123 1078 215 1131 αὐτῷ
240 1078 321 1129 περὶ
338 1076 479 1122 τούτου,
498 1075 558 1114 καί
576 1091 678 1128 φησι·
701 1074 771 1118 Θὲς
790 1075 854 1121 τὴν
872 1073 975 1126 χεῖρά
1001 1088 1062 1112 σου
1081 1072 1148 1111 ὑπὸ

2075 183 2125 196 μ-

2068 199 2155 244 DQ'J

1210 289 1292 312 rum
1298 274 1328 313 si
1336 274 1467 328 placet,
1478 277 1663 317 redeamus
1674 279 1900 318 adsermonis
1911 283 2050 330 seriem,
2066 292 2099 319 et
2109 297 2126 319 v
2135 284 2162 320 i-

1211 336 1358 374 deamus
1367 347 1446 389 post
1458 338 1574 378 Sarra:
1583 349 1732 379 mortem
1740 351 1910 393 quantam
1916 343 1930 394 j
1937 352 2034 380 ustus
2041 357 2164 381 euram

1211 401 1285 450 agit
1299 401 1381 451 filii,
1396 404 1506 443 Isaaci
1531 405 1625 444 dico.
1655 406 1852 444 Audiamus
1878 406 1988 457 igitur
2001 406 2163 444 divinam

1213 462 1435 514 §cripturam
1456 467 1558 504 nobis
1578 477 1792 506 narrantem.
1823 471 1858 506 1.
1882 469 1935 506 Et
1956 467 2166 506 Abraham
2178 477 2252 515 cap.
2272 478 2320 513 24.

1167 526 1190 556 E
1213 531 1294 560 erat
1310 538 1440 571 senes,
1454 537 1655 577 provectus
1669 530 1815 567 diebus.
1827 530 1881 567 Et
1897 530 2089 567 Dominus
2103 531 2164 567 be-

1214 585 1361 622 nedixit
1378 586 1586 625 Abraham
1598 605 1667 640 pet·
1680 593 1823 628 omnia.
1844 592 1963 637 Quare
1974 591 2050 628 brec
2064 590 2166 629 nobis

1214 644 1409 695 assignavit
1426 648 1636 699 Scriptura?
1652 651 1744 696 Quia
1760 652 1960 703 patriarcha
1975 651 2166 704 diligenter

1215 714 1403 745 curaturus
1416 718 1489 746 erat
1502 719 1539 747 ut
1551 725 1678 762 sponsa
1690 713 1809 751 isaaco
1821 713 2074 760 adduceretur,
2086 713 2166 752 idco

1216 769 1318 807 nobis
1335 769 1410 820 ejus
1426 778 1563 807 aetatem
1582 772 1788 821 assignavit.
1806 774 1960 820 Quando
1973 775 2067 812 enim
2081 805 2091 824 ,
2112 775 2165 813 in-

1215 832 1313 882 quit,
1336 830 1382 868 ad
1401 839 1597 870 extremam
1617 843 1830 872 senectutem
1849 838 2030 888 pervenit,
2047 838 2168 875 xolcns

1215 895 1376 932 Isaacum
1399 909 1419 932 a
1449 895 1730 935 Chananaeorum
1759 901 1966 951 cognatione
1988 912 2164 950 avertere,

1217 964 1254 993 ut
1273 969 1316 993 ne
1335 955 1418 994 inde
1440 971 1589 995 uxorem
1610 958 1774 1005 duceret,
1797 971 1941 1007 vocato,
1959 962 2097 1013 inquit,
2117 965 2167 1001 sa-

1218 1016 1316 1053 mulo
1331 1017 1577 1068 prudentiore,
1593 1021 1818 1060 commendat
1832 1022 1863 1059 ei
1882 1024 2063 1073 negotium
2082 1025 2147 1062 hoe
2159 1056 2166 1069 ,

1218 1087 1250 1115 et
1270 1077 1379 1115 dicit:
1400 1081 1438 1116 Q.
1466 1081 1575 1118 Pone
1598 1096 1756 1120 manum
1774 1092 1880 1121 mam
1896 1087 2172 1138 subtersemin-

121 1139 180 1178 τὸν
211 1138 320 1191 μηρόν
351 1139 526 1189 μου.”Τῇ
553 1135 615 1188 μὲν
635 1136 780 1175 Ἑλλάδι
805 1135 944 1187 γλώττῃ
976 1134 1064 1173 οὕτω
1092 1133 1149 1186 γέ-
1162 1150 1359 1176 ιιεδιιιειιηι.
1397 1139 1537 1190 Lingua
1559 1143 1685 1181 Graeca
1720 1143 1841 1192 habet,
1880 1146 2017 1184 Sabter
2035 1148 2174 1199 semro·

1121 1197 1135 1208 N

122 1216 297 1252 γραπται,
317 1199 407 1238 Ὑπὸ
436 1199 494 1237 τὸν
519 1198 630 1250 μηρόν
666 1213 750 1248 μου·
778 1199 813 1235 ἐν
844 1197 881 1235 δὲ
911 1199 954 1248 τῇ
987 1195 1150 1247 Ὲὲραῖοι

124 1261 241 1313 φασὶν,
257 1260 347 1300 Ὑπὸ
361 1260 425 1308 τὴν
440 1259 559 1312 ὀσφύν.
575 1261 591 1277 *
605 1259 672 1297 Καὶ
687 1258 778 1302 τίνος
791 1257 905 1296 ἕνεκεν
923 1257 1011 1295 οὕτω
1027 1256 1152 1310 φησίν,

124 1321 270 1372 Ἲδίωμα
285 1326 385 1361 τοῦτο
402 1325 470 1360 τῶν
489 1321 649 1359 παλαιῶν
669 1320 802 1371 ἀνδρῶν
820 1313 878 1366 ἦν.
898 1318 1030 1362 Ἄλλως
1042 1318 1077 1357 δὲ
1091 1318 1152 1357 καὶ

124 1382 244 1429 ἐπειδὴ
266 1385 418 1421 ἐντεῦθεν
438 1386 460 1429 ἡ
478 1381 571 1434 ἀρχὴ
591 1384 653 1427 τῆς
669 1380 792 1420 Ἰσαὰκ
810 1379 1002 1432 γεννήσεως
1019 1380 1151 1432 γέγονε.

125 1444 196 1482 Καὶ
221 1443 277 1481 ἵνα
297 1443 410 1496 μάθῃς
432 1443 486 1481 ὅτι
509 1442 690 1489 συνηθείας
707 1441 799 1485 τινὸς
830 1436 872 1489 ἦν
895 1442 935 1480 τὸ
958 1441 1152 1493 γινόμενον,

124 1505 188 1557 ὅρα
216 1505 318 1544 αὐτὸν
338 1504 566 1544 ἐπιτάττοντα
591 1502 655 1550 τὴν
677 1502 740 1554 μὲν
757 1508 862 1556 χεῖρα
886 1505 1003 1541 αὐτόθι
1019 1506 1151 1542 ἐπιθεῖ-

124 1581 198 1614 ναι,
215 1565 337 1609 εὐθέως
352 1565 387 1604 δὲ
406 1566 580 1617 ἐπάγοντα
592 1580 599 1587 ·
623 1564 693 1603 Καὶ
723 1564 867 1618 ἐξορκιῶ
889 1580 928 1602 σε
949 1564 1076 1617 Κύριον
1094 1565 1152 1604 τὸν

124 1629 216 1668 Θεὸν
242 1633 302 1668 τοῦ
326 1632 469 1683 οὐρανοῦ
500 1628 560 1667 καὶ
586 1628 644 1667 τὸν
663 1628 753 1669 Θεὸν
772 1630 836 1674 τῆς
864 1631 940 1679 γ’ἧς.
962 1627 1061 1681 υΟρα
1079 1631 1154 1673 πῶς

126 1690 186 1728 καὶ
219 1691 276 1728 τὸν
311 1692 449 1736 οἰκέτην
470 1689 625 1728 διδάσκει
649 1688 776 1726 εἰδέναι
806 1689 863 1727 τὸν
890 1693 959 1728 τῶν
988 1689 1153 1728 ἁπάντων

128 1751 351 1804 δημιουργόν.
371 1750 492 1790 Εἰπὼν
512 1750 579 1802 γὰρ
607 1749 697 1789 Θεὸν
715 1752 859 1802 οὐρανοῦ
883 1750 943 1788 καὶ
961 1751 1052 1790 Θεὸν
1069 1755 1154 1803 γῆς,

128 1812 268 1850 ἅπασαν
296 1813 360 1859 τὴν
387 1812 499 1851 κτίσιν
519 1810 794 1863 συμπεριέλαὸε.
827 1811 896 1849 Καὶ
922 1810 975 1855 τίς
994 1814 1011 1849 ὁ
1031 1811 1155 1863 ὅρκος,

129 1872 206 1911 Ἵνα
231 1873 280 1924 μὴ
301 1873 411 1925 λάνῧῃς
430 1879 578 1924 γυναῖκα
603 1875 653 1924 τῷ
673 1875 737 1923 υἱῷ
757 1888 822 1923 μου
844 1872 970 1911 Ἰσαὰκ
986 1872 1057 1911 ἀπὸ
1087 1877 1156 1912 τῶν

130 1935 328 1986 θυγατέρων
347 1939 361 1955 ²¹
373 1933 594 1979 Χαναναίων,
619 1935 694 1984 μεθ’
716 1927 764 1971 ὧν
781 1932 850 1984 ἐγὼ
869 1936 1022 1972 κατοικῶ
1042 1936 1075 1972 ἐν
1094 1937 1158 1973 αὐ-

129 2001 222 2038 τοῖς·
250 1997 326 2033 ἀλλ’
347 1997 393 2038 εἷς
414 1994 477 2041 τὴν
503 1998 568 2046 γῆν
587 2009 666 2044 μου,
695 1987 733 2032 οὗ
760 1994 958 2045 ἐγεννήθην,
985 1994 1158 2047 πορεύσῃ,

131 2057 189 2094 καὶ
208 2059 255 2099 εἰς
272 2057 334 2103 τὴν
356 2056 465 2108 φυλήν
486 2071 566 2106 μου,
581 2055 640 2093 καὶ
657 2054 754 2107 λήψῃ
774 2060 922 2102 γυναῖκα
940 2057 990 2108 τῷ
1007 2058 1071 2108 υἱῷ
1093 2071 1159 2107 μου

131 2117 255 2156 Ἰσαὰκ
280 2119 424 2155 ἐκεῖθεν.
458 2111 560 2160 Εἶδες
586 2116 650 2163 τὴν
680 2115 822 2163 ἐντολὴν
851 2119 910 2154 τοῦ
938 2117 1158 2170 πατριάρχου

130 2178 193 2226 τὴν
228 2179 313 2230 πρὸς
345 2179 402 2216 τὸν
431 2177 570 2225 οἰκέτην
603 2177 793 2228 γενομένην
811 2192 822 2224 3
856 2177 917 2224 Μὴ
948 2178 1068 2221 ἁπλῶς
1092 2178 1159 2231 γὰρ

130 2240 365 2291 παραδράμῃς
383 2238 428 2277 τὰ
447 2238 631 2290 εἰρημένα,
661 2239 739 2275 ἀλλ’
759 2237 922 2284 ἐννόησον
949 2238 1007 2277 τὸν
1029 2239 1159 2278 σκοπὸν

130 2305 190 2340 τοῦ
209 2299 342 2338 δικαίου
356 2331 365 2345 ,
394 2299 453 2338 καὶ
478 2300 618 2352 λόγισαι
637 2298 730 2342 ὅπως
755 2298 795 2336 τὸ
814 2298 962 2338 παλαιὸν
983 2301 1161 2340 ἐποιοῦντο

131 2361 298 2410 σπουδὴν,
329 2363 368 2399 οὔ
391 2360 587 2414 χρημάτων
614 2361 859 2407 ἐπιζητοῦντες
887 2361 1103 2412 περιουσίαν,
1122 2364 1160 2400 οὖ

130 2421 237 2460 πολὺν
256 2423 419 2468 πλοῦτον,
437 2422 497 2460 καὶ
520 2419 740 2473 ἀνδράποδα,
761 2420 821 2458 καὶ
840 2420 974 2474 πλέθρα
993 2425 1056 2473 γῆς
1075 2422 1162 2461 τόσα

132 2483 192 2521 καὶ
206 2482 292 2522 τόσα
306 2513 315 2530 ,
333 2485 371 2521 οὗ
388 2486 448 2522 τοῦ
466 2483 589 2527 ἔξωθεν
606 2482 755 2525 κάλλους
770 2481 833 2529 τὴν
852 2482 1057 2535 εὐμορφίαν,
1070 2484 1162 2522 ἀλλὰ

131 2546 194 2590 τῆς
207 2546 320 2597 ψυχῆς
335 2545 374 2583 τὸ
389 2544 515 2588 κάλλος
532 2543 732 2592 ἐπεζήτουν,
748 2542 808 2581 καὶ
822 2544 960 2596 τρόπων
974 2544 1162 2597 εὐγένειαν.

133 2605 281 2653 Ἐπειδὴ
301 2605 368 2658 γὰρ
398 2600 467 2644 εἶδε
486 2608 556 2643 τῶν
576 2607 612 2643 ἐν
630 2608 673 2657 τῇ
696 2604 879 2656 Χαναναία
898 2605 1083 2646 οἰκούντων
1099 2607 1164 2655 τὴν

135 2666 316 2719 πονηρίαν,
353 2667 452 2710 εἰδὼς
477 2666 558 2705 ὅσον
585 2665 678 2704 ἐστὶν
699 2665 826 2718 ἀγαθὸν
854 2665 1049 2719 ὁμότροπον
1069 2668 1162 2721 ἔχειν

137 2726 294 2778 σύζυγον,
313 2728 536 2766 διατάττεται
549 2729 601 2780 τῷ
619 2726 741 2775 παιδὶ,
767 2726 826 2764 καὶ
848 2727 950 2781 ὅρκον
971 2730 1163 2781 προστίθη-

138 2804 204 2832 σιν,
231 2787 322 2826 ὥστε
360 2791 399 2827 ἐκ
433 2791 496 2834 τῆς
525 2787 724 2840 συγγενείας
757 2788 862 2827 αὐτοῦ
888 2789 1080 2841 ἀγαγέσθαι
1113 2793 1163 2844 τῷ

134 2847 258 2887 Ἰσαὰκ
279 2855 446 2901 γυναῖκα·
481 2850 544 2888 καὶ
568 2849 647 2888 οὔτε
674 2847 714 2886 τὸ
741 2849 920 2901 διάστημα
948 2854 1017 2890 τῶν
1037 2853 1166 2898 τόπων,

136 2910 213 2949 οὔτε
237 2914 272 2950 αἱ
290 2911 396 2950 ἄλλαι
412 2911 591 2950 δυσκολίαι
603 2911 832 2964 ὀκνηρότερον
852 2912 954 2951 αὐτὸν
972 2912 1053 2966 περὶ
1067 2918 1167 2953 τοῦτο

179 3042 192 3057 a
219 3034 258 3065 In
275 3031 415 3066 Hebraeo
432 3032 551 3076 legitur
573 3037 659 3072 93Ἶῖ
686 3037 794 3076 nnn,
811 3032 902 3077 quod
919 3036 1070 3076 vertitur,
1089 3035 1150 3067 sub

134 3088 258 3128 femore
268 3100 349 3121 meo.
363 3091 403 3121 At
415 3087 581 3121 Diodorus
596 3089 767 3120 Tarsensis
783 3090 820 3122 ln
835 3090 968 3123 Carenis
980 3104 986 3122 :
999 3096 1073 3131 τινές
1084 3108 1152 3137 ,22⁶1

139 3146 189 3174 τὸν
203 3144 292 3186 Σύρον
307 3145 356 3175 καὶ
371 3147 423 3176 τὸν
438 3138 571 3187 ἑδραῖον
583 3147 627 3184 μὴ
645 3144 738 3180 οὕτως
752 3146 828 3185 ἔχειν
844 3148 892 3183 τὸ,
916 3148 971 3182 Θὲς
990 3150 1045 3183 τὴν
1063 3151 1152 3191 χεῖρά

142 3207 192 3226 σου
207 3198 254 3228 ἐπὶ
270 3198 320 3227 τὸν
329 3201 426 3240 μηρὸν
441 3205 516 3236 μου·
538 3192 599 3228 ἀλλ’
627 3199 665 3231 εἰς
682 3198 755 3228 airh
771 3199 805 3228 τὸ
823 3198 994 3237 παιδογόνον
1011 3199 1148 3242 ὄργανον

142 3247 241 3283 ἐπειδὴ
256 3252 309 3282 τῆς
324 3247 462 3288 διαδοχῆς
472 3250 490 3283 ἡ
501 3249 620 3288 εὐλογία
631 3251 665 3279 τὸ
683 3249 857 3286 αὐξάνεσθαι
869 3251 917 3280 καὶ
929 3251 1128 3285 πληθύνεσθαι
1142 3265 1147 3282 :

147 3294 296 3341 Quidam
311 3296 427 3328 dicunt
449 3296 576 3340 Syrum
594 3305 625 3329 et
655 3297 831 3329 Hebraeum
849 3309 916 3330 non
947 3299 995 3330 ita
1019 3298 1151 3340 habere,

144 3359 271 3392 nempe,
288 3359 375 3390 pone
402 3359 538 3381 manum
567 3356 659 3381 tuam
684 3360 782 3392 super
808 3347 915 3382 femur
942 3362 1054 3384 meum
1072 3367 1078 3385 :
1096 3352 1156 3383 sed

146 3411 244 3443 snper
258 3401 364 3443 ipsum
382 3399 573 3444 pmlficum
600 3402 851 3434 instrumentum
871 3414 877 3433 :
898 3404 1060 3445 quoniam
1079 3415 1155 3436 suc—

1175 1187 1200 1216 Α
1221 1215 1378 1238 meum:
1409 1201 1584 1241 Hel›ra‘ica
1604 1218 1708 1254 vero,
1741 1205 1878 1244 Subter
1908 1208 2092 1244 lumbum.
2128 1207 2175 1245 Et

1222 1275 1330 1311 quare
1349 1262 1400 1299 sic
1425 1262 1538 1301 dicit?
1570 1265 1650 1302 Mos
1680 1266 1741 1304 ille
1767 1276 1928 1305 veterum
1958 1277 2043 1306 erat.
2065 1268 2176 1306 Aliter

1221 1332 1339 1360 autem
1365 1323 1528 1375 dixeris,
1567 1326 1651 1376 quia
1676 1327 1761 1365 hinc
1785 1328 2008 1381 principium
2027 1330 2176 1381 originis

1221 1385 1318 1422 Isaac
1346 1384 1514 1423 duxerat.
1538 1386 1586 1424 Et
1604 1397 1643 1425 ut
1662 1388 1778 1427 discas
1806 1390 1873 1428 hoe
1901 1399 1986 1429 tunc
2017 1391 2053 1428 in
2080 1405 2178 1429 more

1220 1446 1349 1496 fuisse,
1375 1446 1620 1486 animadverte
1642 1448 1748 1488 illum
1776 1451 1953 1503 imperare
1975 1461 2014 1490 ut
2031 1466 2178 1490 manum

1223 1507 1284 1546 ille
1303 1522 1342 1546 eo
1361 1508 1440 1546 loeo
1458 1519 1568 1561 ponat
1582 1541 1591 1558 ‚
1617 1520 1652 1549 et
1673 1512 1795 1550 statim
1813 1512 2008 1565 adjungere
2026 1529 2034 1550 z
2068 1517 2104 1553 5.
2125 1515 2178 1552 Et

1225 1571 1431 1623 adjurabo,
1451 1571 1588 1622 inquit,
1605 1582 1641 1611 te
1652 1589 1723 1625 per
1732 1576 1946 1614 Dominum
1961 1577 2089 1614 Deum
2108 1591 2179 1615 coe-

1226 1631 1255 1668 li
1273 1639 1310 1668 et
1332 1632 1459 1669 Deum
1482 1641 1606 1671 terroe.
1634 1634 1732 1674 Vide
1746 1636 1926 1686 quomodo
1944 1636 2046 1675 docet
2063 1637 2179 1675 famu-

1226 1692 1305 1730 lum
1334 1691 1382 1730 ad
1416 1693 1700 1744 cognoscendum
1728 1696 1979 1735 universorum
2010 1698 2181 1737 Condito-

1228 1767 1316 1791 rem.
1339 1754 1429 1791 Nam
1447 1754 1510 1804 qui
1527 1753 1640 1804 dixit,
1659 1757 1787 1794 Deum
1810 1759 1898 1796 caeli
1913 1767 1949 1796 et
1964 1760 2091 1798 Deum
2109 1768 2182 1798 ter-

1229 1829 1300 1861 rae,
1327 1829 1468 1852 omnem
1488 1825 1685 1854 ereaturam
1707 1819 1989 1871 comprehendit.
2012 1819 2059 1857 Et
2085 1819 2185 1871 quod

1231 1874 1325 1913 illud
1332 1876 1578 1927 juramentum
1589 1878 1682 1915 erat?
1701 1880 1751 1916 Ut
1764 1893 1841 1917 non
1849 1883 2184 1932 accipiasuxorem

1183 1945 1206 1975 B
1228 1937 1316 1988 [ἱῖἰο
1329 1950 1411 1974 meo
1425 1938 1540 1975 Isaac
1553 1938 1770 1990 defiliabus
1783 1941 2109 1988 Chananoeormn.,
2126 1944 2185 1978 in-

1233 2006 1291 2035 ter
1333 2011 1427 2049 quos
1469 2011 1536 2049 ego
1569 1999 1704 2036 habito
1736 2014 1746 2035 .·
1778 2001 1817 2038 4.
1860 2002 1928 2038 sed
1965 2004 2006 2038 in
2043 2011 2185 2039 terram

1233 2072 1378 2105 meam,
1402 2061 1444 2095 in
1468 2072 1547 2110 qua
1574 2068 1691 2097 natus
1715 2073 1800 2098 sum
1815 2090 1827 2107 ,
1861 2063 1934 2099 ibis
1950 2091 1962 2108 ,
1996 2071 2033 2100 et
2048 2063 2102 2100 ad
2124 2075 2186 2100 co-

1230 2123 1455 2171 gnationem
1487 2134 1632 2166 meam,
1663 2130 1700 2158 et
1729 2123 1821 2160 inde
1844 2125 2008 2175 accipies
2030 2138 2187 2162 uxorem

1221 2181 1316 2233 filio
1329 2195 1411 2218 meo
1429 2183 1558 2218 Isaac.
1578 2181 1717 2220 Vidisti
1732 2183 1943 2221 mandatum
1961 2184 2186 2236 patriarehae,

1234 2241 1332 2292 quod
1349 2241 1484 2279 famulo
1504 2241 1630 2280 dedit?
1650 2245 1697 2281 At
1713 2257 1756 2281 ne
1773 2245 2014 2296 perfunctorie
2039 2254 2186 2297 praeter-

1232 2316 1290 2341 eas
1319 2302 1441 2351 (Ποῖα,
1471 2302 1536 2341 sed
1569 2304 1686 2356 cogita
1719 2315 1873 2343 mentem
1901 2315 1934 2344 et
1965 2307 2189 2360 propositum

1229 2364 1334 2417 justi,
1353 2373 1387 2402 et
1403 2363 1545 2402 attende
1557 2365 1737 2415 quomodo
1750 2375 1885 2404 veteres
1901 2380 1970 2404 non
1986 2367 2189 2417 quaerebant

1235 2425 1471 2464 substantiam
1490 2426 1640 2463 multam
1650 2456 1661 2476 ,
1682 2440 1752 2464 non
1771 2426 1939 2473 diviti-as,
1957 2441 2027 2465 non
2050 2441 2187 2475 servos,

1236 2500 1305 2524 non
1325 2495 1375 2524 tot
1395 2495 1429 2524 et
1446 2495 1499 2524 tot
1513 2487 1640 2539 jugera
1654 2487 1752 2539 agri,
1767 2501 1837 2525 non
1857 2497 2188 2526 externaevenusta-

1235 2547 1280 2585 tis
1290 2548 1457 2597 formam,
1471 2547 1533 2585 sed
1544 2547 1671 2585 animae
1683 2548 1990 2600 pulchritudinem
2003 2558 2036 2586 et
2047 2563 2190 2587 morum

1235 2608 1469 2647 nobilitatem.
1498 2609 1589 2646 Nam
1620 2609 1788 2658 quoniam
1813 2609 1961 2647 videbat
1993 2610 2189 2660 nequitiam

1189 2685 1213 2716 C
1235 2683 1360 2708 eorum
1371 2669 1433 2719 qui
1450 2668 1484 2705 in
1499 2669 1695 2706 Chananaea
1710 2669 1933 2714 habitabant,
1949 2670 2063 2709 sciens
2075 2685 2191 2721 quan-

1239 2738 1314 2768 tum
1332 2731 1467 2767 bonum
1492 2729 1538 2767 sit
1556 2730 1743 2782 conjugem
1765 2730 1896 2769 habere
1924 2731 2053 2769 iisdem
2080 2733 2190 2770 mori-

1238 2791 1305 2829 bus
1325 2790 1512 2843 praeditam
1526 2821 1535 2838 ,
1555 2791 1718 2843 praecipit
1741 2806 1845 2830 servo
1859 2822 1869 2840 ,
1899 2801 1933 2830 et
1947 2793 2191 2845 juramentum

1239 2852 1410 2899 adhibet,
1441 2861 1480 2889 ut
1499 2866 1544 2889 ex
1575 2866 1637 2889 sua
1663 2852 1871 2904 cognatione
1898 2868 2048 2892 uxorem
2072 2856 2191 2894 Isaaeo

1239 2913 1397 2951 adducat
1425 2928 1432 2949 ε
1461 2925 1572 2963 neque
1600 2912 1831 2951 intervallum
1861 2913 2048 2963 locorum,
2079 2929 2193 2967 neque

1186 3037 1344 3067 cessionis
1363 3035 1548 3067 benedictio
1565 3036 1614 3067 ad
1627 3036 1836 3068 crescendum
1853 3044 1885 3070 et
1900 3039 2192 3078 multiplicandum

1185 3087 1373 3131 spectabat.
1395 3087 1532 3131 Vulgata
1553 3095 1664 3120 tamen
1682 3088 1801 3132 habet,
1819 3089 2056 3135 subterfimur
2069 3105 2191 3130 meum,

1185 3147 1285 3182 atque
1298 3141 1342 3170 ita
1360 3146 1486 3170 vertere
1497 3138 1605 3171 solent
1621 3138 1870 3173 Hebra‘izantes.

1230 3192 1245 3207 *
1271 3189 1396 3233 [Coisl.
1420 3198 1455 3222 et
1475 3189 1576 3223 Savil.
1601 3196 1652 3225 καὶ
1672 3197 1746 3230 τίνος
1768 3197 1862 3226 ἕνεκεν
1886 3201 1973 3227 τοῦτο
1991 3204 2065 3229 ποιεῖ
2078 3197 2192 3233 (Coisl.

1186 3254 1252 3275 om.
1272 3248 1378 3281 10:202
1398 3246 1497 3280 ἐπειδὴ
1514 3248 1644 3277 ἐντεῦθεν
1660 3239 1873 3288 (Coisljadd.
1894 3247 1990 3291 φησὶν)
2007 3252 2024 3284 ἡ
2045 3255 2124 3292 ἀρχὴ
2144 3258 2196 3288 τῆς

1187 3304 1343 3339 γεννήσεως
1354 3301 1406 3328 τοῦ
1428 3294 1517 3329 ἰσαάα
1531 3295 1646 3332 (Coisl.
1662 3305 1715 3336 τῆς
1728 3297 1752 3331 i.
1769 3299 1859 3340 γενν.)
1870 3304 1995 3340 γέγονεν.
2013 3303 2119 3343 ἰδίωμα
2137 3308 2194 3346 γάρ

1187 3348 1303 3393 (Coisl.
1321 3359 1388 3379 om.
1407 3349 1480 3392 γὰρ)
1494 3363 1521 3381 τ.
1542 3362 1572 3381 τ.
1590 3362 1624 3382 π.
1639 3351 1765 3393 ἀνδρῶν.
1784 3354 1833 3383 καὶ
1849 3351 1930 3391 lm]

1233 3411 1244 3425 ⁸
1271 3399 1370 3443 [Bibl.
1391 3410 1449 3434 τῶν
1467 3406 1648 3434 Χαναναίων.
1661 3400 1762 3435 Coisi·
1782 3412 1839 3437 τῶν
1853 3409 1915 3445 Ouy.
1934 3405 2082 3445 Χαναὰν.]
