2516 3791
135 1638 293 1677 Quomodo

123 1686 256 1708 exerceat

120 1721 270 1760 justorum

122 1765 263 1790 Uilffliiffn-

124 1807 193 1831 tium
220 1805 307 1831 Heus.

311 187 402 232 (310
733 199 770 229 S·

313 286 398 337 Ego
420 298 507 322 sum
527 284 632 322 Deus
645 282 867 327 Abraham,
885 289 919 318 et
937 280 1045 318 Deus
1064 279 1178 314 Isaac
1191 289 1261 327 pa-

314 348 385 384 tris
405 348 474 383 tui.
494 343 574 396 Ego
595 352 629 381 et
642 342 881 395 patrialcham
895 349 928 377 et
945 347 1083 404 patrem
1100 345 1203 374 tuum
1225 335 1262 373 in

314 415 452 444 tantum
467 404 701 457 splendorem
710 401 821 440 erexi.
843 401 895 438 Ne
913 399 1024 451 igitur
1040 398 1180 447 timeas,
1201 396 1264 435 sed

808 197 985 229 JOANMS
1021 194 1260 226 CHRYSOST.
1299 192 1502 222 ARCHIEP.
1540 191 1895 222 CONSTANTINOP-

1330 277 1348 312 ὃ
1368 275 1458 317 Θεὸς
1478 274 1602 312 Ἰσαὰκ
1623 277 1683 312 τοῦ
1702 274 1832 326 πατρός
1858 289 1929 312 σου.
1957 272 2028 311 Καὶ
2047 273 2104 311 τὸν
2130 273 2351 326 πατριάρχην

1331 350 1390 372 και
1406 334 1464 373 τὸν
1482 334 1618 386 πατέρα
1633 335 1692 372 τὸν
1713 334 1770 373 σὸν
1793 337 1840 377 εἷς
1854 333 2025 381 τοσαύτην
2043 334 2233 380 αὖξηθηναι
2253 350 2352 385 περι-

1331 395 1474 448 φάνειαν
1489 395 1687 442 πεποίηκα·
1703 394 1751 445 μὴ
1768 395 1881 432 τοίνυν
1896 394 2022 447 φοῧου,
2040 394 2129 433 ἀλλὰ
2144 394 2284 433 πίστευε
2301 393 2356 433 ὅτ·

314 466 418 505 crcde
443 479 514 515 me7
534 464 597 514 qui
629 461 777 514 implevi
806 460 880 499 illis
898 458 1165 526 promissiones,
1178 467 1211 496 et
1229 467 1264 496 te
1284 462 1310 492 D
1332 456 1413 508 ἐγὼ,
1440 459 1457 494 ὁ
1490 456 1631 499 ἐκείνοις
1659 456 1721 500 τὰς
1749 454 1958 508 ὑποσχέσεις
1967 456 2194 519 Jeknpdmoee,
2226 455 2284 493 καὶ
2317 455 2356 493 σὲ

314 541 391 564 mea
407 539 491 563 cura
505 533 539 561 et
551 521 776 575 providentia
798 520 1043 571 dignatuium.
1064 520 1118 557 Ne
1140 519 1265 557 timeas

314 600 412 637 ergo,
428 584 490 622 sed
505 582 659 621 confide:
678 590 711 619 et
727 580 824 619 omni
841 580 969 619 timore
983 580 1149 633 depulso,
1164 579 1267 618 crede

315 649 358 686 iis
377 661 453 698 quae
467 660 486 683 3
505 659 562 683 me
574 644 756 682 dicuntur.
776 645 936 681 Etenim
952 653 1110 689 terram,
1130 645 1172 680 in
1188 656 1267 695 qua

316 718 357 748 tu
374 709 530 752 dormis,
551 707 620 743 tibi
639 706 740 743 dabo
757 713 795 743 et
807 707 947 744 semini
966 713 1046 751 tuo,
1067 705 1128 741 14.
1145 711 1181 741 et
1196 705 1267 741 erit

315 783 443 808 semen
465 776 575 805 tuum
589 769 689 804 sieut
717 780 841 804 arena
856 768 989 804 maris.
1009 766 1062 803 Ne
1080 773 1196 817 putes,
1213 763 1268 801 in-

314 830 402 880 quit,
419 827 502 879 quia
526 827 563 865 in
595 836 728 865 terram
752 826 905 864 alienam
935 839 1030 863 nunc
1048 825 1167 875 vadis,
1188 824 1266 876 pri-

316 888 474 927 vandum
489 897 524 926 te
543 897 635 925 terra
654 887 690 924 in
710 901 780 937 qua
799 896 902 924 natus
932 901 980 935 es,
996 886 1058 923 uhi
1086 886 1268 933 educatus,

317 950 377 988 ubi
397 948 601 987 adolevisti.
622 948 766 986 Etenim
785 947 851 985 tibi
872 947 965 985 dabo
984 961 1061 985 eam
1081 956 1116 984 et
1145 945 1270 984 semini

318 1022 394 1061 tuo,
415 1010 513 1062 quod
529 1010 620 1048 sicut
634 1023 777 1046 arenam
792 1009 900 1046 maris
918 1007 1039 1059 augeri
1057 1007 1203 1056 curabo,
1217 1008 1272 1045 Et

318 1074 552 1111 dilatabitur
567 1072 621 1109 ad
645 1084 765 1117 mare,
785 1079 822 1108 et
838 1071 1023 1122 africum,
1046 1077 1082 1107 et
1113 1077 1272 1120 septem-

320 1136 498 1179 trionem,
520 1140 558 1169 et
591 1133 774 1168 orientem
795 1146 805 1166 .-
825 1129 893 1167 hoc
911 1138 974 1177 est,
992 1129 1128 1180 ubique
1142 1142 1274 1180 propa-

319 1195 463 1247 gabitur
485 1209 492 1230 :
519 1194 573 1231 Et
591 1193 867 1230 benedicentur
881 1194 922 1228 in
943 1199 980 1229 te
996 1204 1127 1228 omnes
1151 1192 1274 1228 tribus

320 1266 444 1301 terroe‚
464 1264 501 1293 et
529 1257 572 1292 in
605 1255 750 1292 semine
781 1261 856 1291 tuo.
877 1252 982 1292 Vide,
1006 1251 1185 1304 quomodo
1197 1252 1274 1304 jam

320 1317 438 1356 omnia
472 1316 503 1354 ei
533 1329 611 1366 quae
644 1323 724 1366 post
745 1314 894 1365 longum
930 1323 1072 1366 tempus
1105 1321 1275 1352 eventura

320 1375 618 1429 crant,praedicit.
642 1375 710 1412 Hic
725 1375 819 1412 enim
839 1389 916 1413 mos
945 1384 998 1413 est
1015 1374 1176 1412 omnium
1196 1375 1272 1411 Do-

320 1439 430 1483 mino,
447 1447 487 1475 ut
505 1436 656 1488 singulis
675 1436 821 1485 quidem
848 1436 956 1489 justis
977 1450 1014 1474 se
1041 1434 1078 1472 id
1096 1435 1275 1472 facturum

319 1499 544 1552 polliceatur,
577 1512 646 1536 non
685 1507 803 1536 autem
831 1500 997 1536 continuo
1028 1497 1278 1549 promissiones

321 1560 467 1612 impleat
481 1575 492 1607 ;
508 1558 568 1596 sed
598 1567 757 1596 exerceat
776 1559 953 1610 justorum
975 1557 1214 1597 obedientiam
1246 1566 1280 1595 et

324 1620 542 1673 patientiam,
562 1628 666 1670 atque
682 1619 732 1656 sic
746 1620 857 1657 multa
878 1634 961 1657 cum
979 1619 1191 1657 liberalitate
1205 1619 1279 1656 im-

1289 1653 1337 1678 528

1331 520 1393 564 τῆς
1409 520 1495 569 ἓμῆς
1515 516 1653 561 ἀξιώσω
1671 515 1845 568 προνοίας.
1866 515 1928 563 Μὴ
1948 521 2006 555 οὖν
2026 516 2153 568 effen,
2174 516 2264 555 ἀλλὰ
2281 516 2358 567 θάρ-

1334 594 1399 627 σει,
1417 594 1476 616 και
1492 585 1609 617 πᾶσαν
1629 577 1794 615 δειλίαν
1775 577 2005 628 απωσάμενος
2020 576 2164 616 πίστευε
2182 583 2256 620 τοῖς
2274 579 2357 628 παρ’

1335 643 1418 691 ἐμοῦ
1438 656 1492 678 σοι
1510 638 1721 691 λεγομένοις.
1743 638 1812 677 Καὶ
1835 637 1904 690 γὰρ
1923 638 1987 685 τὴν
2011 641 2089 690 γῆν,
2117 641 2169 690 ἐφ’
2190 633 2214 690 ἦ
2233 637 2274 675 σὺ
2294 653 2361 675 κα·

1336 701 1484 750 θεύδεις,
1508 701 1561 740 σοὶ
1589 700 1690 739 δώσω
1719 699 1827 746 αὐτὴν
1845 699 1905 737 καὶ
1925 701 1976 751 τῷ
1995 699 2171 753 σπέρματί
2195 714 2277 745 σου,
2302 698 2362 736 καὶ

1337 763 1434 802 ἔσται
1451 763 1490 801 τὸ
1506 762 1648 816 σπέρμα
1667 776 1727 800 σου
1754 763 1805 815 ὡς
1825 763 1846 807 ἡ
1874 760 1991 811 ἄμμος
2008 764 2069 807 τῆς
2090 759 2278 806 θαλάσσης.
2301 758 2362 805 Μὴ

1336 824 1496 876 νομίσῃς,
1511 823 1627 876 φησὶν,
1644 821 1763 870 ἐπειδὴ
1783 821 1841 859 ἐπὶ
1860 825 1922 868 τῆς
1935 821 2122 873 ἀλλοτρίας
2135 824 2193 859 νῦν
2211 819 2342 872 πορεύῃ
2353 850 2362 867 ,

1337 887 1624 936 οάπεστερῆσΟαι
1648 900 1709 928 της
1731 899 1794 935 γης
1819 882 1966 931 ταύτης,
1992 882 2073 920 ἔνθα
2100 881 2265 934 ἓτέγθης,
2284 881 2364 920 ἔνθα

1339 946 1514 999 ἐτράφης,
1534 946 1614 984 ἔνθα
1633 962 1676 992 ηυ
1659 945 1797 991 ὖξήΟης.
1824 944 1894 982 Καὶ
1915 944 1983 1021 γάρ
2007 959 2060 982 σοι
2087 943 2194 991 αὐτὴν
2212 942 2365 995 παρέξω,

1295 1013 1318 1043 E
1340 1007 1399 1046 καὶ
1421 1010 1472 1044 τῶ
1487 1006 1664 1058 σπερματί
1684 1021 1758 1054 σου,
1775 1005 1862 1057 οπερ
1877 1007 1923 1048 ὥς
1942 1004 2005 1052 τὴν
2024 1005 2141 1056 ἄμμον
2157 1007 2221 1050 τῆς
2237 1005 2366 1043 θαλάσ-

1340 1084 1404 1116 σης
1436 1064 1631 1115 αὐξηθῆναι
1668 1066 1945 1119 παρασκευάσω,
1978 1065 2048 1104 Καὶ
2088 1066 2367 1112 πλατυνθήσεται

1340 1131 1426 1183 πρὸς
1460 1130 1658 1175 θάλασσαν,
1692 1128 1752 1166 καὶ
1783 1127 1886 1174 λίὸα,
1922 1127 1982 1166 καὶ
2013 1129 2163 1181 βορρᾶν,
2192 1128 2252 1166 καὶ
2280 1129 2368 1166 ἀνα-

2214 1190 2284 1228 Καὶ
2311 1191 2370 1227 ἐνῃ

1341 1253 1636 1305 ευλογηθήσονται
1655 1253 1690 1289 ἐν
1717 1251 1770 1290 σοὶ
1791 1257 1901 1290 πᾶσαι
1927 1253 1963 1288 αἱ
1985 1251 2091 1303 φυλαὶ
2109 1252 2172 1297 τῆς
2189 1253 2275 1302 γῆς,
2310 1251 2370 1288 καὶ

1341 1317 1375 1353 ἐν
1395 1317 1446 1367 τῷ
1466 1313 1644 1366 σπέρματί
1664 1328 1736 1351 σου.
1765 1311 1863 1364 εὈρα
1887 1313 1961 1357 πῶς
1981 1311 2049 1359 ἤδη
2079 1311 2195 1350 πάντα
2215 1314 2308 1364 αὐτῷ
2326 1311 2371 1350 τὰ

1344 1374 1556 1428 μετὰπολὺν
1587 1373 1735 1426 ἐσόμενα
1759 1373 1883 1426 χρόνον
1905 1372 2040 1424 μηνύει.
2068 1374 2174 1412 Οὕτω
2202 1372 2270 1425 γὰρ
2299 1372 2371 1416 ἔθος

1343 1440 1393 1490 τῷ
1408 1441 1477 1476 τῶν
1493 1437 1583 1476 ὅλων
1602 1435 1764 1488 Δεσπότῃ
1782 1436 1834 1487 ἐφ’
1855 1434 2003 1473 ἑκάστου
2021 1437 2089 1472 τῶν
2107 1434 2249 1472 δικαίων
2271 1437 2372 1472 τοῦτο

1340 1192 1462 1236 τολάς·
1497 1191 1574 1230 ἀντὶ
1604 1194 1685 1237 τοῦ,
1715 1193 1898 1241 πανταχοῦ
1928 1189 2180 1235 ε’κταθήσεται·

1345 1505 1476 1538 ποιεῖν·
1507 1500 1750 1550 υπισχνεισθαι
1780 1496 1861 1548 υ.ἐ,ν
1892 1495 1940 1547 μὴ
1980 1511 2203 1548 παραχρηαα
2236 1494 2271 1533 δε
2310 1495 2372 1539 τὰς

1347 1564 1550 1612 υποσχεσεις
1576 1575 1624 1602 εις
1648 1558 1746 1634 ἔργον
1770 1558 1883 1609 ἄγειν,
1906 1556 1997 1595 ἀλλὰ
2019 1557 2202 1608 γυμνάζειν
2226 1559 2296 1594 τῶν
2323 1558 2373 1594 δι-

1346 1620 1456 1659 καίων
1483 1619 1547 1666 τὴν
1576 1618 1732 1666 ὑπακοὴν
1762 1618 1823 1656 καὶ
1848 1617 1910 1665 τὴν
1936 1617 2101 1664 πολλὴνς
2089 1617 2289 1668 υποιιονὴν,
2314 1617 2374 1655 καὶ

324 1682 418 1735 pleat
444 1681 634 1734 promissa.
656 1680 794 1718 Deinde
809 1680 872 1718 ubi
892 1680 1074 1732 pollicitus
1093 1689 1143 1718 est
1161 1679 1192 1717 ei
1223 1680 1278 1717 fu·
1301 1692 1326 1718 A
1347 1681 1438 1720 οὕτω
1459 1680 1547 1732 μετὰ
1566 1682 1698 1726 πολλῆς
1724 1683 1787 1726 τῆς
1807 1678 1987 1730 δαψιλείας
2019 1679 2174 1731 πληροῦν
2195 1678 2240 1716 τὰ
2267 1681 2374 1730 ἐπαγ-

326 1753 419 1792 tura,
445 1756 526 1780 cum
542 1740 718 1792 indigeret
733 1741 850 1793 justus
866 1741 901 1779 in
921 1741 1027 1779 rebus
1045 1741 1280 1793 praesentibus

325 1818 394 1842 non
420 1802 562 1854 vulgari
581 1802 819 1840 consolatione
840 1818 848 1838 :
869 1802 954 1841 vide
977 1801 1158 1853 quomodo
1180 1801 1280 1839 beni-

327 1879 418 1917 gnus
436 1863 614 1902 Dominus
646 1863 766 1900 sutura
798 1863 1033 1915 polliceatur,
1067 1872 1101 1901 et
1126 1877 1189 1915 per
1219 1863 1282 1900 illa

326 1928 402 1979 ipsa
418 1940 497 1976 quae
512 1939 605 1963 nunc
625 1924 660 1962 iu
680 1939 761 1962 eum
779 1924 946 1974 declarat,
962 1924 1006 1963 de
1021 1925 1094 1963 illis
1110 1925 1281 1963 fiduciam

327 1987 431 2025 indit.
453 1986 551 2025 Dicit
581 1985 699 2023 enim:
720 1987 772 2023 Ne
792 1995 895 2037 putes
920 2000 976 2023 me
1007 1986 1082 2024 haec
1109 1986 1184 2024 sola
1216 1985 1281 2024 tibi

327 2047 512 2100 polliceri3
535 2046 594 2085 sed
614 2056 647 2084 et
665 2061 759 2084 nunc
780 2047 842 2084 15.
864 2049 1005 2085 Tecum
1032 2061 1134 2095 sum,
1154 2056 1283 2086 custo-

331 2111 439 2147 diens
453 2118 491 2146 te
506 2112 546 2146 in
554 2111 659 2145 omni
666 2111 832 2161 via‚quo
842 2110 971 2147 vadis.
983 2110 1036 2147 Ne
1049 2109 1158 2160 igitur
1170 2119 1284 2162 putes,

331 2170 460 2221 iuquit,
481 2179 514 2207 te
533 2170 649 2207 solnm
670 2169 734 2206 iter
748 2170 862 2207 facere
878 2186 886 2206 :
903 2185 960 2208 me
981 2170 1130 2208 habebis
1149 2171 1284 2209 itineris

330 2230 567 2277 comitem‚me
577 2229 725 2268 habebis
736 2229 918 2268 custodem
928 2231 964 2267 in
974 2232 1070 2268 omni
1085 2231 1154 2279 via,
1166 2231 1285 2268 onmia

332 2291 402 2329 tihi
423 2291 589 2329 difficilia
610 2291 727 2328 facilia
753 2290 973 2329 reddentem.
1000 2291 1142 2329 Exinde
1172 2292 1286 2343 magis

332 2367 464 2404 angens
485 2352 812 2402 consolationem,
798 2366 875 2403 jam
892 2352 1057 2404 pizedicit
1077 2353 1109 2390 ei
1129 2352 1286 2390 1cditum

1347 1743 1524 1795 γελθέντα.
1547 1735 1639 1780 Εἶτα
1665 1739 1785 1787 ἐπειδὴ
1814 1739 1986 1792 ὑπέσχετο
2018 1741 2112 1791 αὐτῷ
2138 1738 2182 1777 τὰ
2204 1739 2374 1790 μέλλοντα

1351 1804 1440 1856 μετὰ
1458 1808 1570 1842 ταῦτα
1598 1801 1824 1854 γενήσεσθαι,
1853 1802 1962 1839 ἐδεῖτο
1982 1800 2018 1839 δὲ
2046 1803 2064 1839 ὁ
2086 1800 2217 1846 δίκαιος
2245 1803 2283 1839 οὖ
2315 1805 2377 1848 τῆς

1349 1865 1521 1917 τυχούσης
1549 1862 1804 1917 παρακλήσεως
1837 1861 1897 1900 καὶ
1927 1864 1961 1900 ἐν
1994 1863 2190 1915 τοῖςζαύτῷ
2222 1862 2377 1913 μάλιστα

1350 1925 1591 1979 προκειμένοις
1605 1939 1612 1947 ·
1632 1923 1696 1977 ὅρα
1715 1923 1772 1961 τὸν
1792 1923 1919 1975 ἀγαθὸν
1942 1923 2123 1971 Δεσπότην
2135 1954 2144 1972 ,
2164 1926 2238 1967 πῶς
2256 1923 2316 1962 καὶ
2333 1922 2377 1960 τὰ

1354 1988 1525 2039 μέλλοντα
1555 1989 1800 2038 υπισγνεῖται,
1822 1984 1882 2023 καὶ
1913 1986 1956 2023 δι’
1987 1979 2033 2022 ὧν
2061 2001 2118 2024 νυν
2153 2002 2239 2038 προς
2275 1985 2377 2023 αὐτον

1352 2048 1599 2095 ἐπιδείκνυται,
1615 2062 1696 2100 περι
1714 2045 1851 2084 ἐκείνων
1870 2049 2005 2100 Οαῤῥεῖν
2027 2046 2294 2099 παρασκευάζει.
2316 2046 2377 2091 Μὴ

1351 2125 1419 2162 γαρ
1439 2108 1480 2156 δὴ
1495 2107 1654 2160 νομίσῃς,
1677 2107 1793 2160 φησὶν,
1812 2107 1864 2145 ὅτι
1882 2123 1992 2146 ταυτα
2016 2108 2104 2158 μόνα
2122 2123 2176 2146 σοι
2197 2110 2379 2159 ὑπισχνοῦ-

1355 2186 1443 2221 μαι·
1467 2168 1558 2207 ἀλλὰ
1574 2169 1635 2206 καὶ
1660 2173 1717 2206 ν’ῦν
1750 2167 1843 2206 Μετ
1808 2185 1852 2206 -α
1879 2172 1939 2206 σοῦ
1967 2170 2039 2219 εἰμι
2066 2168 2310 2220 διαφυλάσσων
2342 2183 2379 2205 σε

1354 2233 1388 2269 ἓν
1410 2234 1454 2282 τῇ
1475 2231 1543 2282 ὁδῳ
1570 2229 1689 2281 πάσῃ,
1708 2232 1746 2267 οὗ
1773 2229 1831 2267 εὰν
1851 2231 2032 2282 πορευΟῃς.
2058 2229 2118 2276 Μὴ
2141 2228 2252 2267 τοίνυν
2274 2227 2379 2279 νομί-

1355 2308 1416 2345 σῃς
1440 2291 1541 2344 μόνος
1564 2290 1628 2338 τὴν
1650 2290 1848 2342 ὁδοιπορίαν
1876 2294 2073 2329 ποιεῖσθαι·
2095 2289 2156 2341 ἐμὲ
2176 2290 2261 2334 ἕξεις
2282 2305 2379 2328 συνο-

1356 2352 1536 2406 δοιπόρον,
1556 2351 1650 2403 ἐμὲ
1639 2351 1723 2396 ε’ξεις
1748 2351 1922 2404 φύλακα’
1908 2368 1941 2390 εν
1963 2352 2060 2404 πάσῃ
2084 2352 2172 2405 ὃδω,
2192 2351 2307 2389 πάντα
2327 2366 2381 2389 σοι

332 2415 378 2453 ad
391 2429 466 2452 5113.
480 2416 534 2452 Et
550 2416 690 2451 reverti
700 2414 859 2465 faciam
879 2422 929 2461 te,
947 2413 1072 2465 inquit,
1089 2417 1130 2451 in
1143 2423 1284 2453 terram
1306 2427 1329 2456 Β
1355 2414 1399 2453 τὰ
1427 2415 1575 2467 δυσχερῆ
1600 2413 1882 2466 ἐξευμαρίζοντα,
1907 2413 1966 2450 καὶ
1996 2413 2041 2451 τὰ
2074 2412 2223 2452 δύσκολα
2256 2412 2381 2451 εὔκολα

333 2479 449 2515 hanc.
471 2476 523 2512 Ne
543 2473 723 2522 formides,
747 2474 876 2524 inquit,
896 2475 996 2525 quasi
1010 2475 1046 2512 in
1065 2475 1179 2513 aliena
1195 2484 1286 2513 terra

334 2552 354 2575 1
358 2551 422 2575 eis
417 2545 550 2573 itur.us
586 2536 639 2572 Et
652 2536 835 2572 reducam
850 2543 885 2572 te
901 2537 942 2572 in
962 2544 1103 2574 terram
1120 2537 1236 2583 hanc,
1251 2545 1287 2574 et

334 2600 493 2636 minime
512 2605 547 2634 te
567 2597 850 2648 derelinquam,
873 2598 1138 2649 donec-fecero
1155 2601 1286 2636 omnia

335 2673 420 2711 quae
436 2659 618 2710 loquutus
637 2671 721 2695 sum
743 2659 826 2695 tihi.
851 2659 930 2696 Non
949 2657 1145 2710 despiciam
1160 2668 1208 2709 te,
1227 2673 1287 2697 nc-

336 2734 403 2771 que
418 2729 450 2757 tc
464 2718 601 2757 consilii
623 2718 761 2769 inopem
782 2718 917 2767 sinam3
938 2718 1000 2757 sed
1018 2719 1093 2757 haec
1112 2734 1288 2770 quaecum—

338 2796 406 2832 que
441 2780 505 2818 tibi
532 2779 679 2832 promisi
700 2779 734 2817 in
761 2794 849 2832 opus
882 2780 1069 2818 adducam.
1098 2780 1288 2829 Quomodo

339 2842 418 2892 quis
448 2857 511 2893 pro
538 2840 712 2891 dignitate
743 2841 979 2879 admirabitur
1005 2851 1039 2879 et
1067 2843 1290 2895 obstupescet

338 2903 499 2940 divinam
530 2901 784 2951 benignitatem
800 2911 833 2939 et
853 2902 1136 2941 inaestimabilem
1170 2903 1290 2941 indul-

341 2964 517 3013 gentiam?
537 2962 630 3002 Yidc
649 2963 743 3001 enim
765 2973 937 3014 quantum
967 2964 1107 3016 pondus
1138 2964 1289 3016 promis-

341 3025 481 3062 sionum
497 3024 679 3076 dntjusto‚
700 3033 732 3061 ct
755 3023 932 3074 quomodo
946 3025 1107 3062 animum
1126 3025 1202 3076 ejus
1215 3039 1288 3062 cre-

343 3087 406 3124 xit.
431 3086 553 3135 Cogita
579 3086 659 3122 itcin
679 3086 805 3136 ctjusti
823 3086 929 3137 hujus
949 3096 1089 3137 gratnm
1107 3087 1288 3133 affectum,

1356 2475 1671 2519 κατασκευάζοντα.
1700 2468 1826 2512 Εἰτα’
1811 2473 1988 2512 επιτείνων
2010 2476 2105 2512 αὐτῶ
2128 2490 2192 2521 ττν
2217 2489 2382 2526 παραμυ-

1358 2538 1432 2577 Οίαν
1446 2568 1455 2585 ,
1477 2537 1545 2583 ἤδη
1567 2535 1761 2589 προαηνύει
1782 2538 1876 2574 αὐτῶ
1895 2551 1956 2574 και
1971 2552 2033 2582 την
2051 2537 2097 2580 εἷς
2115 2535 2159 2574 τὰ
2173 2537 2283 2574 οἰκεῖα
2300 2534 2382 2573 ἐπά-

1357 2601 1464 2638 νοδον.
1487 2598 1557 2637 Καὶ
1576 2597 1788 2651 ἀποστρέψω
1805 2613 1860 2645 σε,
1877 2597 1993 2650 φησὶν,
2013 2599 2059 2640 εἷς
2080 2597 2144 2643 τὴν
2160 2600 2224 2648 γῆν
2240 2596 2381 2643 ταύτην.

1358 2660 1420 2707 Μὴ
1440 2660 1556 2711 δείσῃς
1577 2661 1624 2702 ὡς
1649 2658 1707 2697 ἐπὶ
1723 2662 1786 2704 τῆς
1808 2657 1991 2711 ἀλλοτρίας
2019 2658 2138 2696 λοιπὸν
2158 2656 2295 2701 διάξων.
2314 2656 2383 2694 Καὶ

1358 2721 1426 2774 γὰρ
1455 2719 1614 2764 ἐπανάξω
1641 2736 1679 2758 σε
1705 2722 1752 2763 εἷς
1779 2719 1908 2766 ταύτην
1937 2718 2000 2765 τὴν
2033 2722 2110 2770 γῆν,
2138 2718 2197 2756 καὶ
2217 2721 2255 2757 οὐ
2277 2718 2325 2769 μή
2346 2734 2384 2756 σε

1360 2782 1602 2834 ἐγκαταλίπω,
1619 2781 1683 2825 ἕως
1703 2784 1762 2819 τοῦ
1782 2780 1929 2827 ποιῆσαί
1946 2796 1989 2830 με
2005 2780 2124 2818 πάντα(
2141 2780 2206 2819 ὅσα
2230 2778 2384 2826 ἐλάλησά

1361 2859 1426 2881 σοι.
1447 2845 1521 2880 “()ὔ
1543 2841 1758 2896 περιόψομαί
1782 2857 1840 2889 σε,
1866 2841 1983 2893 φησὶν,
2003 2841 2093 2880 ἀλλὰ
2118 2845 2229 2879 ταῦτα
2250 2840 2385 2887 πάντα,

1361 2905 1450 2956 ἅπερ
1465 2903 1688 2955 ὑπεσχόμην,
1706 2904 1753 2947 εἰς
1768 2902 1866 2956 ἔργον
1887 2904 1995 2940 ἐλθεῖν
2014 2901 2285 2954 παρασκευάσω.
2302 2903 2386 2945 Πῶς

1362 2965 1403 3004 ἄν
1428 2981 1480 3008 τις
1508 2966 1584 3002 κατ’
1615 2963 1712 3008 ἀξίαν
1740 2963 1930 3014 ἐκπλαγείη
1953 2963 2015 3010 τὴν
2046 2965 2176 3016 ἄφατον
2204 2968 2263 3001 τοῦ
2294 2965 2386 3001 Θεοῦ

1362 3026 1638 3079 φιλανθρωπίαν,
1654 3025 1713 3064 καὶ
1728 3025 1790 3073 τὴν
1804 3027 2088 3076 ὓπερ1άλλουσαν
2105 3025 2388 3076 συγκατάὸασινς

1362 3087 1458 3140 τὍρα
1485 3088 1590 3126 πόσον
1621 3087 1722 3140 ὄγκον
1753 3087 1975 3138 ὑποσχέσεων
2003 3086 2190 3132 ἐποιήσατο
2219 3086 2305 3138 πρὸς
2329 3085 2386 3123 τὸν

344 3155 375 3183 1-1
397 3144 574 3197 quomodo
595 3154 674 3196 post
690 3145 768 3182 illas·
789 3146 1039 3196 promissiones
1055 3145 1151 3198 apud
1167 3146 1289 3184 Laban
1314 3155 1337 3186 C
1364 3149 1507 3197 δίκαιον,
1527 3149 1586 3187 καὶ
1607 3149 1700 3192 ὅπως
1717 3150 1819 3187 αὐτοῦ
1838 3148 1878 3186 τὸ
1897 3146 2058 3199 φρόνημα
2079 3147 2293 3193 διανέστησε.
2320 3146 2387 3185 Καὶ

388 3263 503 3297 cAlii
495 3279 571 3299 arro?
575 3279 610 3308 τε
611 3269 730 3297 εὶτῦαι.

390 3330 557 3362 ''mn-,sti
547 3323 641 3359 ιψθμέΐ
639 3331 700 3349 15:
705 3332 770 3360 ῐμΥ,

1383 3263 1567 3306 despicimu
1589 3269 1628 3301 lc,
1651 3261 1765 3305 adjicit
1786 3274 1891 3306 m'quv
1918 3269 1946 3293 tc
1961 3262 2094 3293 consilii
2109 3263 2237 3306 inopem
2255 3265 2361 3293 summ
2374 3278 2382 3303 ,*

777 3333 827 3350 τω.
849 3316 924 3348 Post
939 3316 1006 3348 lucc
1024 3316 1122 3349 verba
1142 3315 1228 3348 3111111
1248 3315 1345 3359 quid-
1383 3315 1443 3347 nisi
1467 3315 1552 3347 sortc
1576 3315 1644 3347 liwc
1671 3315 1802 3357 majoris
1830 3314 2060 3357 explicationis
2085 3327 2182 3347 causa
2208 3313 2374 3348 addidtTit

342 3374 431 3413 μ’..ιιιι
448 3369 559 3409 legisse
578 3366 705 3400 xidctur
724 3368 903 3408 Ino-rpres.
921 3367 973 3410 qui
993 3376 1065 3410 post
1085 3367 1152 3400 lucc
1170 3368 1268 3400 verba
1283 3380 1348 3401 twn
1384 3367 1504 3412 [Coisl.
1525 3381 1599 3401 111111
1615 3367 1699 3401 Ε1111.
1721 3367 1859 3401 lectione
1878 3366 2080 3410 conspirat]
