2433 3775
778 213 818 243 ΙΝ
856 213 956 243 Car.
997 212 1024 241 Ι.

118 301 245 351 στῆρας
271 297 346 337 τοὺς
373 297 560 348 μεγάλους,
591 296 646 333 τον
681 297 845 348 ,mori-{pm
877 296 932 334 τὸν
956 294 1064 345 μέγαν
1087 296 1133 337 εἰς

1064 211 1227 241 ΟΕΝΕΒ.

2111 197 2125 205 ι

1267 211 1420 241 nonu„
1459 210 1518 241 vi.
2104 200 2162 239 5⁷»

1209 303 1240 331 et
1269 292 1357 333 dicit
1385 293 1503 346 ipsum
1525 292 1658 330 sactum
1681 307 1771 339 esse,
1796 305 1831 331 ιιι
1858 296 1975 346 prii-..sit
1997 296 2078 333 ‹lis-i.
2102 297 2161 333 Sol

117 360 228 413 ἀρχὰς
247 362 309 405 τῆς
328 358 479 410 ἡμέρας,
497 356 555 394 καὶ
581 357 638 395 τὸν
656 359 824 408 φωστῆρα
851 357 908 394 τὸν
923 356 1059 395 ἐλάσσω
1090 356 1136 399 εἰς
1157 364 1180 395 C
1210 355 1302 394 enim
1321 355 1506 395 clariorem
1529 353 1623 393 diem
1645 355 1754 393 eflicit
1773 386 1781 403 ,
1804 357 1954 393 rutilans
1973 370 2079 393 aureo
2099 372 2162 394 suo

115 420 224 473 ἀρχὰς
242 420 379 464 νυκτὸς,
407 418 466 456 καὶ
500 417 579 461 τοὺς
613 417 772 469 ἀστέρας.
803 411 899 461 Εἶδες
927 416 1049 469 σοφίαν
1075 421 1134 455 τοῦ

114 482 346 533 δημιουργοῦ;
368 473 454 518 Eine
476 478 600 529 μόνον,
620 479 678 516 καὶ
701 479 867 531 παρήχθη
897 479 937 517 rb
964 484 1134 530 στοιχεῖον

113 546 213 580 τοῦτο
228 542 266 580 τὸ
280 540 492 591 θαυμαστὸν,
511 543 528 578 ὃ
541 538 638 586 ἥλιος
652 539 754 591 λέγω.
781 542 936 578 “Ἰ“οῦτον
955 539 1024 592 γὰρ
1037 540 1136 576 καλεῖ

114 606 282 656 φωστῆρα
299 603 420 654 μέγαν,
438 601 497 640 καί
514 616 617 653 φησιν
638 601 740 639 αὐτὸν
759 603 806 644 εἰς
828 600 940 653 ἀρχὰς
960 603 1023 646 τῆς
1041 599 1134 650 ἠμέ-

115 681 176 717 ρας
193 668 410 717 γεγενῆσθαι.
437 657 550 706 Οὗτος
573 662 641 716 γὰρ
670 662 896 715 φαιδροτέραν
914 661 977 707 τὴν
999 659 1134 711 ἡμέραν

115 726 368 777 ἀπεργάζεται,
390 724 548 774 καθάπερ
565 722 796 776 μαρμαρυγάς
812 737 908 764 τινας
926 720 987 764 τὰς
1008 720 1136 763 οἰκείας

116 789 255 829 ἀκτῖνας
276 786 385 836 ἀφιεὶς
397 814 406 831 ,
431 785 490 822 καὶ
508 787 585 822 καθ’
610 783 760 829 ἑκάστην
773 782 908 834 ἡμέραν
927 785 1078 832 ἀκμαῖον
1097 780 1137 819 τὸ

115 848 239 883 οἰκεῖον
268 846 394 888 κάλλος
423 843 725 895 ἐπιδεικνύμενος,
761 843 819 881 καὶ
845 843 920 894 ἅμα
947 845 996 895 τῷ
1024 843 1137 896 ὄρθρῳ

119 905 341 957 φαινόμενος,
361 904 419 942 καὶ
439 910 555 942 πᾶσαν
574 903 637 950 τὴν
656 906 724 941 τῶν
741 903 931 957 ἀνθρώπιον
951 903 1050 956 φύσιν
1069 904 1136 942 διε-

115 967 238 1018 γείρων
272 967 358 1018 πρὸς
393 965 456 1013 τὴν
488 968 557 1003 τῶν
594 965 730 1004 οἰκείων
763 966 872 1019 ἔργων
902 967 1134 1013 ἐπιτήδευσιν.

115 1026 277 1065 “’Ἰόύτου
299 1027 339 1065 τὸ
371 1020 496 1070 κάλλος
526 1027 704 1079 ἐμφαίνων
722 1031 739 1066 ὁ
759 1027 930 1080 μακάριος
956 1027 1137 1080 προφήτης

114 1087 199 1139 φησί
214 1104 221 1111 ·
244 1087 312 1126 Καὶ
325 1088 427 1131 αὐτὸς
441 1091 487 1131 ὡς
502 1088 646 1140 νυμφίος
665 1088 935 1141 ἐκπορευόμενος
950 1091 988 1128 ἐκ
1001 1092 1136 1127 παστοῦ

114 1150 240 1195 αὐτοῦ,
266 1149 518 1201 ἀγαλλιάσεται
541 1152 588 1193 ὡς
619 1150 719 1201 γίγας
742 1151 885 1203 δραμεῖν
913 1151 990 1189 ὁδὸν
1014 1152 1136 1188 αὐτοῦ·

115 1212 175 1248 ἀπ’
193 1210 300 1262 ἄκρου
315 1215 374 1249 τοῦ
390 1212 533 1262 οὐρανοῦ
553 1215 573 1257 ἡ
591 1211 703 1255 ἔξοδος
723 1211 845 1256 αὐτοῦ,
865 1211 924 1249 καὶ
945 1211 984 1250 τὸ
1004 1210 1136 1249 κατάν-

113 1287 211 1321 τημα
227 1273 329 1309 αὐτοῦ
347 1270 411 1314 ἕως
427 1271 534 1324 ἄκρου
553 1275 612 1310 τοῦ
632 1274 789 1324 οὐρανοῦ.
812 1271 922 1324 (Ορᾷς
952 1273 1046 1315 ὅπως
1079 1272 1138 1309 καὶ

117 1333 155 1370 τὸ
173 1333 297 1375 κάλλος
314 1335 398 1382 ἡμῖν
421 1333 649 1384 παρεδήλωσε
661 1363 671 1380 ,
691 1333 750 1371 καὶ
770 1333 809 1371 τὸ
826 1333 933 1384 τάχος
951 1335 1013 1379 τῆς
1041 1334 1139 1382 ἐνερ-

115 1392 225 1442 γείας;
245 1391 363 1430 Εἰπὼν
392 1391 477 1443 γὰρ,
498 1392 573 1431 Ἀπ’
595 1393 702 1444 ἄκρου
730 1398 790 1433 τοῦ
815 1394 960 1447 οὐρανοῦ
980 1397 1001 1440 ἡ
1029 1393 1141 1438 ἔξοδος

116 1456 219 1492 αὐτοῦ
231 1484 241 1499 ,
257 1454 316 1492 καὶ
331 1454 370 1492 τὸ
389 1454 598 1505 κατάντημα
618 1456 723 1493 αὐτοῦ
742 1454 806 1498 ἕως
821 1455 928 1509 ἄκρου
946 1459 1005 1494 τοῦ
1035 1456 1141 1507 οὖρα-

117 1519 190 1561 νοῦ,
215 1515 386 1565 ἐσήμανεν
413 1518 510 1565 ἡμῖν,
527 1515 621 1560 ὅπως
641 1517 676 1554 ἐν
694 1522 759 1568 μιᾷ
778 1519 899 1568 καιροῦ
921 1518 1009 1568 ῥοπῇ
1025 1522 1140 1555 πᾶσαν

117 1576 295 1628 διατρέχει
323 1576 385 1622 τὴν
405 1576 624 1628 οἰκουμένην,
642 1577 701 1616 καὶ
721 1578 790 1617 ἀπὸ
815 1578 976 1629 περάτων
997 1579 1043 1622 εἰς
1073 1577 1141 1617 πέ-

116 1654 204 1690 ρατα
229 1638 289 1681 τὰς
308 1637 435 1681 οἰκείας
457 1640 598 1682 ἀκτῖνας
618 1638 762 1691 ἀφίησι,
782 1637 915 1686 πολλὴν
934 1637 998 1686 τὴν
1016 1641 1140 1678 ἑαυτοῦ

114 1699 236 1752 χρείαν
256 1700 504 1753 παρεχόμενος.
525 1699 617 1738 Οὔτε
636 1699 705 1752 γὰρ
721 1699 898 1752 θερμαίνει
917 1700 1034 1751 μόνον,
1051 1699 1142 1740 ἀλλὰ

117 1761 175 1798 καὶ
187 1760 352 1812 ξηραίνει·
363 1762 421 1799 καὶ
438 1765 475 1800 οὐ
492 1760 646 1811 ξηραίνει
662 1760 780 1812 μόνον,
792 1761 883 1800 ἀλλὰ
898 1761 956 1800 καὶ
968 1761 1073 1810 καίει,
1083 1762 1143 1800 καὶ

116 1822 249 1865 πολλὰς
269 1822 328 1860 καὶ
345 1821 527 1875 διαφόρους
545 1826 631 1872 ἡμῖν
648 1821 711 1865 τὰς
724 1822 844 1874 χρείας
857 1822 1065 1876 παρέχεται,
1085 1823 1144 1861 καὶ

118 1884 205 1922 πολὺ
239 1888 300 1922 τοῦ
335 1884 508 1935 στοιχείου
526 1884 646 1922 τούτου
663 1884 702 1922 rb
721 1887 854 1935 θαῦμα,
870 1884 929 1922 καὶ
945 1886 1006 1922 οὖκ
1027 1885 1067 1923 ἅν
1093 1901 1145 1928 τις

118 1946 198 1983 κατ’
216 1944 314 1989 ἀξίαν
333 1945 472 1983 ἅπαντα
495 1947 600 1984 εἰπεῖν
628 1944 799 1991 δυνηθείη.
824 1946 947 1983 Ταῦτα
965 1944 1000 1984 δὲ
1034 1946 1144 1996 λέγω,

120 2005 178 2043 καὶ
199 2005 332 2057 ἐπαίρω
347 2007 397 2057 τῷ
422 2004 513 2057 λόγῳ
526 2006 565 2044 rb
581 2011 763 2057 στοιχεῖον,
781 2004 838 2043 ἵνα
859 2005 907 2056 μὴ
929 2005 1035 2058 μέχρι
1060 2006 1138 2046 τού-

119 2082 177 2104 του
196 2069 298 2117 στῇς,
317 2064 476 2117 ἀγαπητὲ
488 2094 497 2112 ,
516 2066 594 2103 ἀλλ’
607 2068 758 2104 ἐντεῦθεν
773 2066 996 2118 ἀναδράμῃς,
1010 2067 1070 2105 καὶ
1086 2068 1143 2107 ἐπὶ

119 2127 176 2165 τὸν
197 2130 257 2165 τοῦ
286 2126 458 2178 στοιχείου
495 2127 703 2179 δημιουργὸν
722 2127 762 2165 τὸ
782 2130 899 2177 θαῦμα
928 2128 1142 2179 μεταγάγῃς.

116 2186 244 2239 σεὈσῳ
262 2187 330 2240 γὰρ
367 2187 406 2225 ἂν
429 2187 520 2238 μέγα
552 2188 671 2239 δειχθῇ
709 2188 749 2226 τὸ
780 2193 970 2240 στοιχεῖον,
989 2188 1143 2242 τοσούτῳ

118 2246 206 2286 πολὺ
225 2251 284 2286 τοῦ
302 2249 512 2300 δημιουργοῦ
532 2248 572 2286 τὸ
589 2251 708 2300 θαῦμα
723 2248 910 2289 δείκνυται.

172 2308 264 2347 Ἀλλ’
283 2311 314 2348 οἱ
340 2309 519 2356 Ἑλλήνων
540 2310 661 2354 παῖδες
676 2309 917 2361 θαυμάσαντες
933 2310 991 2349 καὶ
1008 2312 1143 2350 ἐκπλα-

117 2370 231 2421 γέντες
249 2370 289 2408 rb
317 2377 505 2423 στοιχεῖον,
523 2373 585 2411 οὐκ
602 2371 822 2419 ἠδυνήθησαν
842 2371 1030 2425 διαὸλέψαι
1041 2403 1051 2422 ,
1085 2374 1144 2412 καὶ

117 2431 174 2469 τὸν
204 2431 455 2484 παραγαγόντα
482 2433 702 2482 ἀνυμνῆσαι,
736 2432 814 2472 ἀλλ’
839 2433 1068 2484 ἐναπέμειναν
1094 2437 1144 2487 τῷ

119 2491 299 2544 στοιχείῳ,
319 2493 379 2531 καὶ
392 2497 492 2532 τοῦτο
507 2493 734 2541 ἐθεοποίησαν
748 2510 755 2518 ·
775 2494 833 2534 διὰ
849 2499 950 2534 τοῦτο
966 2494 1025 2534 καὶ
1042 2498 1060 2533 ὁ
1076 2512 1143 2546 μα-

119 2551 238 2603 κάριος
258 2553 396 2596 Παῦλός
416 2570 522 2606 φησι,
545 2554 615 2593 Καὶ
630 2555 884 2604 ε’σεὸάσθησαν,
897 2555 957 2594 καὶ
975 2557 1143 2609 ἐλάτρευ-

118 2628 180 2650 σαν
203 2616 246 2664 τῇ
269 2613 383 2652 κτίσει
400 2615 496 2667 παρὰ
522 2616 580 2655 τὸν
603 2615 783 2655 κτίσαντα.
803 2617 852 2656 Τί
878 2617 947 2671 γὰρ
968 2617 1009 2656 ἂν
1030 2620 1142 2656 αὐτῶν

117 2674 344 2729 ἀνοητότερον
366 2675 491 2727 γένοιτ’
525 2677 587 2725 ἂν,
619 2677 668 2729 μὴ
691 2679 904 2726 δυνηθέντων
926 2681 965 2717 ἐκ
989 2683 1050 2718 τοῦ
1079 2680 1143 2727 δη-

118 2736 376 2787 μιουργήματος
406 2737 462 2775 τὸν
501 2739 712 2791 δημιουργὸν
742 2742 757 2759 ·’“
773 2743 991 2791 καταμαθεῖν
1007 2769 1017 2787 ,
1051 2740 1142 2780 ἀλλὰ

117 2795 288 2843 τοσαύτην
303 2797 437 2844 πλάνην
459 2799 704 2846 πλανηθέντων
715 2830 724 2848 ,
745 2803 791 2845 ὡς
809 2801 849 2839 τὸ
867 2802 1000 2852 κτίσμα
1027 2801 1087 2840 καὶ
1103 2802 1143 2841 τὸ

116 2857 253 2908 ποίημα
272 2861 319 2903 εἰς
334 2858 397 2906 τὴν
417 2860 525 2908 αὐτὴν
539 2861 635 2907 τάξιν
654 2864 704 2914 τῷ
720 2864 922 2916 δημιουργῷ
942 2865 1142 2914 ἀναγαγεῐν;

118 2919 185 2956 Aa&
202 2935 255 2958 τοι
275 2924 376 2959 τοῦτο
394 2921 454 2960 καὶ
472 2925 495 2968 ἡ
523 2923 599 2962 θεία
633 2925 662 2963 Γ
665 2923 756 2977 ραφὴ
779 2926 962 2978 προειδυῖα
989 2925 1029 2964 τὸ
1056 2925 1141 2978 πρὸς

119 2979 252 3027 πλάνην
267 2983 335 3019 τῶν
357 2982 516 3035 ῥᾳθύμων
538 2984 740 3038 ε’πιῤῥεπὲς,
761 2985 850 3037 μετὰ
885 2992 975 3040 τρεῖς
1007 2985 1142 3038 ἡμέρας

118 3041 274 3080 διδάσκει
292 3046 386 3094 ἡμᾶς
412 3045 532 3083 τούτου
551 3050 610 3086 τοῦ
631 3047 804 3100 στοιχείου
827 3047 891 3095 τὴν
913 3047 1140 3099 δημιουργίαν

118 3106 342 3154 γεγενῆσθαι,
361 3105 451 3155 μετὰ
468 3107 508 3146 τὸ
526 3108 642 3147 πάντα
661 3108 705 3147 τὰ
718 3109 904 3162 σπέρματα
916 3108 986 3147 ἀπὸ
1002 3112 1063 3156 τῆς
1077 3111 1141 3160 γῆς

1204 419 1334 471 jubare
1351 428 1385 457 et
1402 419 1525 467 radiis,
1548 428 1580 457 et
1597 419 1757 470 quotidie
1775 419 1926 471 speciem
1947 433 2045 456 suam
2066 421 2162 470 vigo-

1208 489 1360 518 scentem
1377 480 1580 529 ostendens,
1599 489 1631 518 et
1651 480 1755 518 simul
1777 489 1880 531 atque
1899 493 2001 517 mane
2019 489 2164 517 exortus

1209 543 1327 590 suerit,
1343 557 1447 582 omne
1460 542 1648 581 hominum
1666 557 1776 594 genus
1791 542 1835 580 ad
1855 554 2001 581 suorum
2017 556 2164 594 operum

1212 603 1328 642 studia
1359 604 1527 642 excitans.
1560 604 1676 655 Hujus
1696 603 1950 642 formositatem
1978 602 2164 641 declarans

1210 665 1334 702 beatus
1352 665 1485 713 David,
1505 665 1619 716 inquit
1636 681 1643 700 :
1666 667 1717 702 Ee
1740 668 1819 716 ipse
1835 673 2035 716 tamquam
2051 678 2162 716 spon·
2179 677 2264 704 tuma
2287 676 2320 705 18

1210 738 1273 764 sus
1292 727 1489 777 egrediens
1508 727 1556 763 de
1577 726 1754 764 thalamo
1773 740 1866 773 5110,
1889 726 2099 763 exsultabit
2122 733 2163 763 uc
2176 720 2205 748 ⁶·
2224 729 2252 756 7·

1208 789 1318 837 gigas
1341 787 1395 823 ad
1418 787 1649 824 currendam
1677 789 1814 828 ἰ-ἰαηις
1837 801 1862 824 α
1890 800 2040 825 summo
2067 787 2164 823 caelo

1211 857 1382 896 egressus
1395 847 1490 896 ejus,
1510 852 1545 881 et
1564 857 1742 882 occursus
1761 846 1843 895 ejus
1859 858 1978 894 usque
1991 844 2044 881 ad
2057 858 2161 880 sum-

1212 919 1317 943 mum
1328 905 1427 944 coeli.
1445 903 1556 943 Vides
1566 903 1743 955 quomodo
1756 905 1833 956 ejus
1850 904 2164 956 pulchritudinem,

1212 975 1246 1004 et
1267 966 1301 1004 in
1321 965 1499 1019 operando
1518 965 1740 1004 velocitatem
1758 965 1982 1003 declaravit?
2007 965 2165 1003 Dicendo

1213 1028 1327 1078 enim,
1342 1028 1383 1066 A
1401 1041 1550 1066 summo
1565 1028 1660 1066 coelo
1677 1040 1848 1079 egressus
1864 1029 1959 1080 ejus,
1979 1035 2014 1065 et
2034 1041 2165 1065 occur--

1214 1103 1277 1128 5115
1297 1091 1378 1142 ejus
1400 1103 1521 1141 usque
1539 1091 1592 1126 ad
1613 1102 1803 1127 summum
1819 1088 1926 1131 eceli,
1950 1088 2166 1139 significavit

1215 1150 1338 1200 nobis,
1355 1150 1535 1201 quomodo
1561 1151 1596 1189 in
1617 1164 1687 1188 uno
1715 1149 1885 1201 temporis
1906 1159 2083 1188 momento
2105 1164 2167 1202 per

1215 1221 1329 1250 totum
1339 1212 1458 1250 orbem
1473 1211 1661 1257 discurrit,
1673 1220 1705 1249 et
1717 1226 1736 1248 a
1754 1211 1885 1248 finibus
1900 1211 1934 1248 in
1950 1212 1970 1248 li
1978 1225 2035 1249 nes
2049 1211 2166 1250 radios

1214 1273 1322 1312 mittit
1339 1303 1348 1321 ‚
1381 1273 1535 1311 multum
1566 1272 1732 1310 utilitatis
1762 1280 1942 1324 praestans.
1977 1273 2065 1310 Nam
2097 1286 2165 1310 non

1215 1331 1331 1370 solum
1353 1331 1533 1378 calefacit,
1560 1330 1624 1369 sed
1643 1340 1676 1369 et
1699 1330 1870 1380 arefacit3
1894 1340 1927 1368 et
1954 1344 2022 1368 non
2053 1331 2168 1369 solum

1216 1394 1372 1443 arefacit,
1391 1393 1454 1432 sed
1475 1402 1508 1431 ct
1522 1393 1657 1443 adurit,
1676 1392 1876 1442 multosque
1891 1391 1981 1430 alios
2001 1401 2033 1429 et
2053 1393 2170 1430 varios

1216 1454 1318 1493 nobis
1333 1470 1418 1494 usus
1434 1455 1582 1507 praebet,
1597 1463 1703 1506 atque
1713 1453 1800 1492 adeo
1814 1468 1985 1505 maguum
1998 1463 2049 1492 cst
2063 1458 2170 1492 mira-

1217 1517 1338 1556 culum
1367 1518 1581 1556 elementum
1614 1517 1701 1567 hoc,
1738 1530 1848 1567 neque
1879 1525 1929 1554 est
1959 1516 2019 1567 qui
2049 1516 2171 1554 laudes

1216 1578 1293 1630 ejus
1326 1592 1392 1631 pro
1424 1577 1598 1630 dignitate
1629 1576 1891 1630 prsedicaverit.
1933 1577 2017 1615 llaee
2053 1587 2171 1615 autem

1216 1639 1318 1689 dico,
1339 1647 1373 1677 ct
1393 1653 1553 1678 sermone
1572 1639 1784 1677 elementum
1804 1638 1963 1687 extollo,
1989 1652 2058 1675 non
2080 1648 2117 1676 ut
2137 1639 2171 1676 in

1217 1714 1258 1739 eo
1277 1700 1465 1748 subsistas,
1498 1700 1646 1749 dilecte,
1678 1699 1738 1737 scd
1766 1707 1803 1736 ut
1825 1698 1907 1736 inde
1928 1698 2096 1737 ascendas
2113 1729 2121 1746 ‚
2140 1709 2172 1736 et

1219 1761 1255 1800 in
1274 1761 1437 1800 elementi
1469 1761 1647 1813 Opificcm
1671 1759 1945 1798 admirationem
1968 1759 2167 1797 transferas.

1219 1824 1311 1861 Nam
1330 1832 1461 1874 quanto
1477 1823 1593 1874 majus
1611 1821 1808 1859 ostenditur
1825 1821 2057 1871 elementum,
2077 1830 2172 1860 tanto

1219 1884 1334 1937 majus
1353 1892 1571 1922 monstratur
1586 1881 1739 1934 Opificis
1758 1882 1985 1921 miraculum.

1271 2306 1308 2345 lo.
1331 2307 1468 2345 Verum
1481 2304 1628 2357 gentiles
1642 2304 1859 2343 admirantes
1875 2313 1908 2343 et
1921 2304 2170 2357 obstupescen-

1220 2377 1269 2406 tes
1291 2375 1429 2405 tautum
1448 2365 1684 2415 elementum,
1716 2364 1866 2402 ulterius
1884 2365 2081 2416 perspicere
2102 2378 2169 2402 non

1220 2437 1435 2482 potuerunt,
1455 2441 1569 2478 neque
1581 2427 1657 2478 ejus
1676 2425 1902 2464 Conditorem
1921 2424 2170 2471 laudaverunt,

1219 2491 1280 2530 sed
1299 2491 1334 2529 in
1360 2490 1532 2528 elemento
1549 2488 1853 2540 conquiescentes,
1878 2488 1996 2540 ipsum
2021 2502 2085 2539 pro
2104 2487 2170 2525 deo

1218 2555 1421 2592 habuerunt
1443 2567 1449 2588 :
1471 2559 1656 2604 propterea
1684 2558 1717 2587 et
1744 2549 1868 2587 beatus
1898 2548 2030 2587 Paulus
2049 2547 2138 2585 dicit
2160 2564 2167 2583 .-

1218 2619 1270 2655 Et
1290 2615 1470 2655 venerati
1499 2620 1611 2658 sunt,
1640 2611 1916 2661 colueruntque
1948 2618 2167 2648 creaturam
2182 2628 2368 2658 1101n.1.2‚·,.

1218 2679 1361 2729 magis,
1384 2688 1499 2728 quam
1519 2674 1752 2711 Creatorem.
1771 2670 1868 2717 Quid
1888 2670 1980 2708 euim
2000 2670 2167 2723 insipien-

1217 2738 1287 2776 tius
1305 2737 1399 2787 illis,
1421 2735 1482 2786 qui
1502 2747 1570 2772 non
1590 2740 1781 2785 potuerunt
1800 2745 1845 2770 ex
1862 2730 2033 2770 creaturis
2051 2745 2165 2783 agno—

1216 2814 1312 2839 scere
1325 2800 1544 2843 Creatorem,
1564 2793 1627 2832 sed
1649 2793 1685 2831 in
1702 2800 1839 2830 tantum
1859 2802 2095 2844 pervenerunt
2113 2807 2167 2831 er:

1217 2874 1352 2909 rorem,
1382 2867 1423 2896 ut
1453 2863 1649 2894 creaturam
1679 2861 1713 2891 et
1745 2853 1919 2891 facturam
1944 2853 1979 2891 in
2007 2854 2167 2892 ordinem

1218 2920 1395 2960 creatoris
1410 2915 1606 2956 referrent?
1622 2915 1848 2966 Quapropter
1859 2913 1982 2953 divina
1997 2914 2165 2967 Scriptu-

1216 2998 1254 3022 ra
1283 2978 1482 3035 praevidcns
1511 2988 1704 3028 propensos
1735 2973 1781 3012 ad
1813 2988 1967 3013 errorem
1997 2975 2163 3027 ignavos,

1215 3045 1321 3084 docet
1339 3055 1421 3091 nos,
1441 3046 1519 3091 post
1540 3036 1683 3074 tertium
1696 3034 1792 3074 diem
1805 3034 1872 3074 hoc
1886 3036 2095 3074 elementum
2111 3051 2167 3075 es-

1216 3120 1251 3145 se
1271 3102 1473 3150 conditum,
1505 3105 1695 3150 postquam
1719 3105 1812 3135 terra
1825 3097 2018 3153 ‘omnigena
2037 3098 2169 3137 semina

2180 3021 2259 3047 diem

164 3233 176 3248 ·
193 3224 328 3258 Plurimi
346 3227 421 3260 Mss.
447 3235 552 3264 τοῦτον
578 3235 648 3276 γάρ.
674 3230 787 3264 Mon-el.
816 3236 906 3266 τοῦτο
933 3235 1002 3275 γάρ.
1033 3230 1124 3262 lnfra
1163 3223 1570 3269 (Ξυῑ,1ὶιι.προῳήτηςΔαυίδ
1587 3235 1681 3267 φησιν·

119 3274 254 3308 (loisl'm.
274 3284 327 3316 τὴν
343 3284 460 3326 ἡμέραν
480 3287 651 3326 ἐργάζεται.
677 3282 779 3316 ΡειιΙῙΟ
799 3291 875 3326 post
897 3282 986 3316 idem
1009 3287 1126 3328 ἡμέραν

122 3332 259 3371 ἀκαίρων
273 3330 347 3372 (sic)
365 3337 399 3366 τὸ
415 3337 529 3367 οἰκεῖον-

167 3379 182 3403 b
202 3378 283 3412 Tres
307 3381 382 3414 Mssa
413 3387 517 3419 τούτου
550 3391 583 3420 τὸ
618 3389 737 3423 κάλλος.
775 3385 889 3419 Morel.
920 3391 1019 3421 τοῦτο.
1052 3386 1128 3419 Mox

1209 3292 1221 3305 τ
1240 3277 1340 3312 Savil.
1369 3283 1402 3307 et.
1425 3284 1540 3307 omnes
1563 3271 1629 3305 sere
1646 3271 1724 3304 Mss.
1751 3276 1807 3315 ὅσῳ
1827 3277 1883 3316 γὰρ
1902 3276 1935 3304 ἂν
1950 3276 2101 3314 μέμψῃ
2123 3287 2173 3306 το-

1167 3338 1270 3374 σηρτῳ.
1288 3326 1403 3362 Morcl.
1420 3333 1486 3361 ὅσον
1502 3332 1560 3370 γὰρ
1577 3330 1612 3359 ἂν
1624 3331 1715 3368 μέγα.
1726 3348 1745 3356 ..
1763 3329 1910 3357 τοσοῦτον.

1208 3395 1220 3410 a
1236 3380 1372 3414 Coislin.
1392 3385 1557 3413 κατανοεῖν.

2221 2938 2280 2964 Cur
2306 2943 2367 2973 pon

2249 2984 2335 3005 tvruu
2342 2988 2367 3004 in

2182 3062 2327 3088 conditus.
