2516 3791
647 254 688 282 ΙΝ
726 251 828 282 CM).

63 339 277 392 μεμυημένοι
305 339 345 377 τὸ
370 337 568 388 λεγόμενον.
590 335 654 373 Διὸ
672 337 722 387 τῷ
743 336 890 373 ἑκάστου
910 333 1079 372 συνειδότι

868 252 929 281 lx.
967 250 1128 281 GENES.

2010 236 2101 281 313

1149 332 1304 370 scientim
1318 333 1479 384 relinquo
1494 330 1673 384 quomodo
1689 330 1855 369 mandato
1866 331 1930 370 illo
1944 332 2101 384 impleto,

1168 248 1324 279 nomn.
1364 248 1508 279 xxvu.

63 398 316 450 καταλιμπάνω
345 398 490 445 εἰδέναι,
523 397 597 439 πῶς
628 395 690 447 μὲν
719 395 988 448 κατωρθωκότες
1016 393 1081 440 τὴν
1103 407 1126 436 13
1150 408 1212 446 per
1240 393 1333 432 illud
1357 393 1518 432 terribile
1547 402 1686 446 tempus
1714 393 1790 431 haec
1813 392 1964 431 fidenter
1984 392 2102 431 dicere

60 459 200 507 ἐντολὴν
227 458 316 511 μετὰ
339 457 537 510 παῤῥησίας
568 456 735 510 προέσθαι
765 460 873 494 ταῦτα
906 455 1082 505 δυνάμεθα

59 520 150 559 κατὰ
169 520 226 559 τὸν
245 520 365 571 καιρὸν
388 522 516 558 ἐκεῖνον
543 518 601 556 τὸν
628 517 788 570 φοὸερόν.
812 518 856 555 Εἰ
872 516 907 554 δὲ
925 515 1082 570 ῥαθυμή·

59 595 199 631 σαιμεν,
215 580 326 627 πόσης
338 584 423 631 ἡμῖν
439 582 500 618 οὖκ
513 578 553 617 ἂν
571 579 703 630 γένοιτο
715 577 953 631 κατακρίσεως
972 575 1082 614 αἴτιον

59 641 197 680 ἐναντία
215 647 286 685 τοῖς
307 641 440 694 ῥήμασι
466 639 793 692 διαπραττομένοις,
812 640 945 689 τολμᾷν
962 637 1082 680 ἁπλῶς

59 703 118 740 καὶ
135 704 210 755 εἰκῇ
227 702 411 756 προφέρειν
437 701 480 740 τὰ
499 703 561 747 τῆς
579 702 685 753 εὐχῆς
705 700 859 752 ῥήματα,
879 699 937 736 καὶ
965 699 1080 748 μεῖζον

58 767 193 808 ἑαυτοῖς
217 763 442 815 ἐπισωρεύειν
476 763 515 800 τὸ
542 765 630 814 πῦρ,
658 761 717 800 καὶ
744 761 807 807 τὴν
840 758 1080 811 ἀγανάκτησιν

58 826 278 863 ἐκκαλεῖσθαι
306 828 366 862 τοῦ
389 822 585 869 Δεσπότου,
611 821 733 872 Χαίρω
760 820 820 858 καὶ
849 818 1079 871 εὖφραίνομαι

56 888 145 936 ὁρῶν
167 889 256 935 ὑμᾶς
275 887 351 935 μεθ’
380 885 506 931 ἡδονῆς
526 882 713 925 ἀκούοντας
740 881 784 919 τὰ
804 881 997 932 λεγόμενα,
1018 879 1078 917 καὶ

56 946 113 984 διὰ
131 950 190 985 τοῦ
211 946 334 998 κρότου
348 945 556 992 δεικνύντας,
571 944 625 982 ὅτι
644 943 777 994 ἕτοιμοι
796 942 955 995 γενέσθαι
972 957 1078 980 σπου-

56 1007 193 1055 δάζετε,
208 1007 267 1046 καὶ
287 1009 334 1051 εἷς
352 1007 449 1059 ἔργον
473 1008 616 1058 ἀγαγεῖν
641 1004 704 1052 τὴν
721 1003 930 1050 δεσποτικὴν
946 1002 1076 1049 ταύτην

54 1067 270 1122 παραίνεσιν.
289 1069 404 1106 Τοῦτο
422 1067 490 1119 γάρ
517 1069 591 1105 ἐστι
620 1066 660 1104 τὸ
679 1068 830 1118 ἰατρεῖον
854 1068 922 1103 τῶν
943 1063 1075 1115 ἡμετέ-

1152 452 1341 504 possimus.
1364 451 1470 499 Quod
1484 451 1513 489 si
1532 452 1747 503 negligentes
1767 451 1954 499 fuerimus,
1971 461 2102 502 quanta

1151 514 1234 552 hinc
1261 513 1363 552 nobis
1390 513 1694 552 condemnationis
1714 527 1840 561 causa,
1870 513 1931 565 qui
1959 527 2040 551 cum
2063 528 2103 552 ea

1149 588 1228 625 qum
1242 583 1324 612 sunt
1342 574 1449 613 dictis
1463 574 1593 613 nostris
1607 574 1782 613 contraria
1795 574 1980 624 faciamus,
1996 574 2103 613 aude-

1149 649 1230 672 mus
1252 644 1380 674 temere
1389 637 1497 674 verba
1517 650 1663 687 precum
1678 636 1925 688 pronuntiare,
1938 645 1972 674 et
1990 637 2103 688 majo-

1149 696 1345 733 rem-nobis
1366 696 1452 748 ipsis
1479 695 1598 747 ignem
1629 706 1824 746 exstruere,
1853 697 2014 748 iramque
2034 698 2101 736 Dei

1147 756 1182 794 in
1202 770 1264 794 nos
1283 757 1507 808 provocare?
1534 756 1685 794 Gaudeo
1701 766 1735 794 et
1758 758 1871 802 laetor,
1888 758 1971 808 quia
1995 758 2102 797 video

1146 831 1209 855 vos
1227 827 1321 855 tanta
1339 818 1524 869 voluptate
1537 832 1614 868 qum
1628 817 1782 856 dicimus
1795 818 1934 867 audire,
1950 827 1984 857 et
1998 820 2101 871 plan-

1145 893 1186 916 su
1205 878 1388 917 ostendere
1403 893 1467 917 vos
1487 878 1628 917 studere
1649 888 1808 931 promtos
1823 893 1907 926 esse,
1922 889 1953 917 et
1974 881 2020 918 ad
2040 881 2100 919 ‹lo-

1144 940 1267 979 minici
1285 940 1411 979 moniti
1429 940 1723 993 adimpletionem
1738 949 1890 992 paratos,
1906 940 1990 978 Haec
2005 941 2100 978 enim

1143 1001 1346 1040 animarum
1369 1011 1570 1040 nostrarum
1593 1001 1771 1040 medicina
1791 1010 1856 1051 est,
1877 1001 1946 1039 hoc
1971 1001 2100 1039 vulne-

1144 1077 1224 1101 rum
1251 1072 1454 1102 nostrorum
1478 1063 1729 1116 pharmacum,
1755 1062 1833 1100 haec
1859 1063 1992 1115 optima
2024 1065 2100 1101 Deo

57 1146 121 1183 ρων
137 1131 274 1183 ψυχῶν,
295 1135 396 1168 τοῦτο
418 1129 602 1181 φάρμακον
622 1134 694 1172 τοῖς
712 1127 895 1181 ἡμετέροις
915 1127 1075 1180 τραύμα-
1097 1139 1121 1170 c
1144 1125 1286 1178 placens
1299 1125 1448 1175 via,hoc
1467 1124 1706 1163 certissimum
1722 1124 1849 1162 animae
1864 1124 1928 1162 Dei
1941 1125 2097 1163 amantis

54 1207 107 1229 σιν
124 1220 133 1236 ,
152 1191 238 1239 αὕτη
259 1191 385 1244 ἀρίστη
407 1191 481 1235 ὁδὸς
504 1193 565 1236 τῆς
592 1190 677 1243 πρὸς
696 1190 753 1228 τὸν
771 1190 860 1229 Θεὸν
881 1188 1074 1241 εὐαρεστή-

54 1269 140 1296 σεως
152 1283 162 1300 ,
178 1258 278 1291 τοῦτο
293 1252 456 1303 με’γιστον
482 1253 607 1302 δεῖγμα
629 1251 786 1304 φιλοθεόυ
810 1253 938 1304 ψυχῆς,
958 1250 998 1288 τὸ
1018 1249 1076 1288 διὰ

53 1314 109 1351 τὸν
125 1318 184 1352 τοῦ
201 1314 379 1352 Δεσπότου
399 1313 501 1364 νόμον
521 1313 637 1352 πάντα
659 1311 929 1364 καταδέχεσθαι,
947 1311 1007 1349 καὶ
1024 1310 1073 1361 μὴ

53 1374 284 1426 ὑποσύρεσθαι
307 1375 374 1413 ὑπὸ
402 1377 462 1420 τῆς
480 1377 548 1412 τῶν
575 1375 752 1425 λογισμῶν
778 1372 972 1421 ἀσθενείας,
995 1373 1075 1411 ἀλλ’

53 1435 243 1487 ἀνωτέρους
269 1435 421 1486 γίνεσθαι
441 1437 509 1472 τῶν
536 1438 674 1482 παθῶν,
705 1437 901 1478 ἐννοοῦντας
930 1433 992 1478 τὰς
1019 1435 1071 1486 ἐφ’

55 1496 205 1542 ἑκάστης
223 1496 356 1548 ἡμέρας
373 1495 467 1549 παρὰ
487 1499 547 1534 τοῦ
572 1498 664 1535 Θεοῦ
691 1498 738 1539 εἷς
756 1499 850 1546 ἡμᾶς
876 1495 1073 1549 εὐεργεσίας

51 1559 292 1609 γεγενημένας.
314 1558 384 1597 Καὶ
402 1557 563 1612 ’ὅσῳπερ
583 1558 623 1596 ἂν
652 1557 924 1609 ἐπιδειξώμεθα,
941 1557 1016 1596 οὐδὲ
1032 1557 1072 1596 τὸ

50 1618 240 1658 πολλοστὸν
259 1618 387 1671 φθάσαι
413 1619 516 1672 μέρος
532 1619 751 1667 δυνησόμεθα
771 1621 841 1657 τῶν
858 1635 896 1657 τε
916 1619 983 1667 ἤδη
1005 1635 1073 1657 πα-

52 1680 287 1732 ρασιεθέντων
318 1683 425 1731 ἡμῖν,
445 1683 514 1718 τῶν
532 1697 568 1718 τε
589 1680 668 1718 καθ’
692 1681 843 1728 ἑκάστην
863 1681 997 1734 ἡμέραν
1026 1683 1074 1725 εἷς

49 1744 143 1791 ἡμᾶς
167 1741 378 1793 γινομένων,
405 1741 464 1779 καὶ
487 1744 556 1780 τῶν
584 1742 864 1792 τεταμιευμένων
880 1747 966 1792 ἡμῖν
987 1744 1072 1793 ἀγα-

51 1803 131 1847 θῶν,
147 1803 176 1839 εἰ
195 1801 445 1852 βουληθείημεν
466 1804 513 1846 εἰς
527 1802 625 1854 ἔργον
643 1803 786 1854 ἀγαγεῖν
802 1803 847 1841 τὰ
862 1805 945 1855 παρ’
966 1806 1071 1841 αὐτοῦ

50 1862 349 1913 προστεταγμένα.
375 1862 551 1906 Ἕκαστος
570 1863 682 1901 τοίνυν
701 1864 855 1901 ἐντεῦθεν
876 1863 994 1912 ἐξιὼν,
1016 1863 1072 1916 ἔρ-

51 1938 110 1973 γον
129 1925 230 1959 τοῦτο
250 1923 475 1972 ποιησάσθω,
495 1924 554 1961 καὶ
578 1926 624 1967 ὡς
642 1924 699 1962 ἐπὶ
718 1925 889 1977 θησαυρὸν
909 1924 1071 1976 μέγιστον

56 1983 232 2021 σπευδέτω
246 2011 255 2029 ,
285 1985 344 2021 καὶ
372 1984 460 2035 μηδὲ
490 1984 530 2022 τὸ
563 1983 669 2036 τυχὸν
698 1985 960 2024 ἀναὸαλλέσθω.
997 1987 1071 2025 Κᾶν

50 2051 172 2094 καμεῖν
194 2045 252 2098 δέῃ
267 2076 276 2092 ,
294 2046 358 2084 κᾶν
377 2048 545 2093 ζητῆσαι,
563 2046 626 2083 κᾶν
646 2045 784 2097 μακρὰν
803 2046 879 2084 ὁδὸν
896 2049 1071 2097 ἀπελθεῖν,

49 2106 113 2143 κᾶν
133 2107 311 2145 δυσκολίαι
335 2106 423 2150 τινὲς
442 2100 525 2153 ὦσι,
544 2107 658 2145 πάντα
680 2112 790 2145 ταῦτα
810 2107 853 2144 τὰ
875 2107 1070 2159 κωλύματα

48 2167 237 2218 ἀνέλωμεν.
255 2167 356 2211 Ἑνὸς
384 2166 489 2217 μόνου
514 2166 711 2218 γινώμεθα,
731 2171 806 2212 πῶς
827 2168 866 2207 τὸ
884 2169 982 2221 παρὰ
1009 2174 1069 2208 τοῦ

48 2229 225 2267 Δεσπότου
258 2228 443 2280 ἐπιταχθὲν
475 2230 522 2272 εἷς
548 2228 646 2279 ἔργον
680 2230 821 2280 ἀγαγεῖν
854 2230 1068 2281 δυνηθῶμεν,

47 2290 106 2328 καὶ
124 2292 186 2336 τῆς
203 2292 360 2336 ὑπακοῆς
376 2290 433 2328 τὸν
455 2290 575 2341 μισθὸν
595 2289 821 2340 κομίσασθαι.
844 2290 906 2338 Μὴ
926 2290 994 2345 γὰρ
1007 2294 1069 2331 οὐκ

46 2345 122 2390 οἶδα
151 2351 204 2390 ὅτι
241 2351 328 2405 βαρὺ
364 2351 423 2390 καὶ
454 2352 605 2404 ἐπαχθὲς
637 2352 798 2404 φαίνεται
825 2353 865 2391 τὸ
894 2353 980 2406 πρὸς
1009 2355 1067 2393 τὸν

47 2414 230 2465 ἐχθρωδῶς
261 2413 476 2464 διακείμενον
505 2414 564 2452 καὶ
598 2414 775 2466 πολεμίως
815 2416 977 2454 ἀπελθεῖν
1008 2417 1068 2455 καὶ

48 2477 171 2520 στῆναι
205 2475 264 2513 καὶ
305 2475 553 2527 διαλεχθῆναι,
592 2475 682 2515 Ἀλλ’
716 2476 776 2515 ἐὰν
810 2477 976 2529 ἐννοήσῃς
1009 2483 1069 2517 τοῦ

48 2535 311 2587 ἐπαγγέλματος
336 2535 376 2574 τὸ
404 2535 560 2587 ἀξίωμα,
577 2536 637 2575 καὶ
655 2540 717 2584 τῆς
739 2539 890 2589 ἀμοιὸἢς
909 2539 948 2577 τὸ
967 2539 1070 2592 μέγε-

48 2600 122 2644 θος,
141 2597 200 2634 καὶ
219 2597 272 2634 ὅτι
291 2598 353 2634 οὐκ
371 2599 420 2640 εἷς
441 2599 588 2645 ἐκεῖνον,
606 2599 682 2637 ἀλλ’
703 2601 750 2642 εἷς
766 2598 804 2638 σὲ
821 2600 1005 2653 ἀνατρέχει
1025 2601 1070 2640 τὰ

46 2661 109 2705 τῆς
122 2657 338 2710 εὐεργεσίας,
356 2658 470 2696 πάντα
485 2674 539 2696 σοι
558 2663 669 2712 κοῦφα
687 2660 748 2698 καὶ
772 2659 873 2713 ῥᾴδια
896 2667 1068 2714 φανεῖται.

47 2720 80 2757 Τ
83 2723 171 2757 αῦτα
190 2719 302 2757 τοίνυν
323 2719 525 2773 στρέφοντες
539 2723 573 2759 ἐν
596 2726 667 2765 τοῖς
692 2723 873 2774 λογισμοῖς
890 2729 961 2768 τοῖς
975 2727 1067 2775 ἡμε-

47 2778 176 2831 τέροις,
194 2779 453 2833 περιγινώμεθα
470 2784 530 2828 τῆς
549 2781 749 2831 συνηθείας,
771 2783 831 2822 καὶ
851 2784 986 2822 εὐσείεῖ
1004 2787 1067 2824 λο-

47 2843 165 2892 γισμῷ
184 2844 253 2879 τῶν
273 2841 518 2894 ἐπιταγμάτων
543 2847 604 2881 τοῦ
624 2845 778 2897 Χριστοῦ
807 2846 992 2899 πληρωταὶ
1017 2863 1070 2898 γι-

48 2900 200 2951 νώμεθα,
220 2901 276 2940 ἵνα
291 2902 350 2940 καὶ
369 2905 438 2941 τῶν
452 2906 535 2957 παρ’
553 2906 656 2943 αὐτοῦ
673 2905 831 2957 ἀμοιὸῶν
851 2906 1068 2958 ἀξιωθῶμεν,

48 2962 168 3014 Δχάριτι
188 2963 247 3001 καὶ
266 2965 509 3017 φιλανθρωπίᾳ
530 2969 592 3012 τῆς
612 2969 714 3006 αὐτοῦ
738 2967 971 3020 ἀγαθότητος,
992 2971 1069 3020 μεθ’

48 3018 86 3061 οὗ
104 3026 154 3075 τῷ
182 3025 296 3076 Πατρὶ
323 3026 398 3075 ἅμα
420 3028 470 3078 τῷ
496 3026 584 3079 ἁγίῳ
602 3027 784 3078 Πνεύματι
804 3028 904 3078 δόξα,
930 3030 1070 3084 κράτος,

47 3084 155 3135 τιμὴ,
171 3089 229 3124 νῦν
248 3086 307 3124 καὶ
327 3086 393 3135 ἀεὶ,
422 3087 482 3125 καὶ
510 3090 558 3131 εἰς
580 3088 659 3133 τοὺς
677 3092 804 3134 αἰῶνας
825 3093 893 3129 τῶν
922 3090 1069 3131 αἰώνων.

50 3145 168 3196 Ἀμήν.

93 3287 105 3301 ·
129 3268 251 3319 [5ἒ1νί1.
270 3279 356 3322 conj.
374 3281 514 3326 ὅσαπερ]

1143 1186 1333 1236 indicium,
1350 1186 1529 1239 suscipere
1547 1186 1666 1225 omnia
1683 1194 1832 1238 propter
1844 1185 1959 1237 legem
1973 1187 2099 1224 Domi-

1142 1249 1194 1297 ni,
1222 1258 1256 1287 et
1285 1263 1305 1287 a
1336 1248 1594 1299 cogitationum
1620 1247 1828 1286 infirmitate
1856 1261 1925 1285 non
1951 1247 2099 1297 retrahi,

1141 1310 1205 1349 sed
1223 1310 1474 1349 affectionibus
1490 1310 1680 1363 imperare,
1697 1309 1817 1347 animo
1833 1323 1975 1347 versare
1993 1308 2098 1347 bene-

1140 1371 1221 1409 ficia
1241 1371 1342 1410 nobis
1361 1386 1382 1409 a
1397 1372 1473 1410 Deo
1490 1370 1650 1422 quotidie
1662 1370 1834 1408 exhibita.
1847 1369 1893 1408 Et
1907 1379 2098 1421 quantum-

1141 1433 1196 1472 vis
1227 1447 1410 1482 conemur,
1441 1433 1506 1471 vix
1533 1432 1719 1470 minimam
1750 1441 1888 1484 partem
1922 1445 2099 1484 exponere

1140 1494 1336 1547 poterimus
1363 1507 1487 1532 eorum
1514 1493 1573 1532 vel
1603 1507 1683 1544 quae
1711 1492 1799 1531 olim
1823 1493 1859 1531 in
1881 1506 1946 1531 nos
1969 1493 2097 1531 collata

1140 1565 1234 1605 sunt,
1255 1555 1313 1594 vel
1337 1569 1416 1607 quae
1445 1554 1607 1606 quotidie
1633 1553 1842 1606 accipimus,
1871 1554 1929 1592 vel
1953 1568 2031 1604 quae
2060 1553 2097 1592 in

1139 1618 1305 1655 futurum
1320 1617 1473 1670 reposita
1489 1625 1571 1655 sunt
1590 1616 1694 1664 bona,
1716 1615 1746 1653 si
1762 1614 1982 1653 voluerimus
1997 1629 2097 1653 man-

1141 1679 1225 1718 data
1243 1679 1390 1718 Domini
1409 1692 1514 1731 opere
1529 1678 1717 1730 complere.
1733 1677 1852 1728 Igitur
1866 1677 1952 1715 hinc
1963 1691 2096 1715 exenn-

1141 1751 1206 1791 tes,
1225 1740 1320 1779 istud
1335 1741 1370 1779 in
1390 1740 1517 1793 primis
1530 1738 1710 1791 agendum
1730 1739 1862 1790 quique
1878 1748 2094 1791 proponant,

1141 1812 1174 1841 et
1188 1802 1288 1853 quasi
1301 1802 1346 1840 ad
1357 1802 1564 1839 thesaurum
1578 1799 1779 1837 maximum
1793 1799 1970 1846 festinent,
1983 1813 2098 1850 neque

1142 1864 1198 1903 vel
1216 1862 1406 1901 minimum
1432 1862 1614 1899 differant.
1636 1859 1788 1897 Etiamsi
1815 1859 1938 1897 labore
1960 1859 2018 1897 vel
2035 1860 2093 1897 in-

1141 1925 1333 1976 quisitione
1347 1923 1404 1962 vel
1422 1923 1528 1974 longo
1547 1922 1671 1959 itinere
1684 1934 1774 1972 opus
1786 1920 1846 1970 sit,
1859 1920 1999 1958 etiamsi
2018 1934 2095 1958 mo-

1141 1987 1250 2025 lestiae
1264 1987 1385 2024 multae
1399 1985 1484 2033 sint,
1502 1985 1621 2022 omnia
1633 1984 1710 2022 haec
1723 1983 1923 2022 auferamus
1941 1981 2094 2034 impedi-

1141 2057 1272 2086 menta.
1295 2047 1411 2085 Unica
1430 2045 1531 2084 nobis
1557 2059 1643 2083 cura
1665 2045 1723 2094 sit,
1741 2042 1921 2096 quomodo
1945 2042 2093 2080 manda-

1139 2119 1216 2147 tum
1232 2108 1378 2146 Domini
1402 2106 1676 2158 adimpleamus,
1695 2113 1730 2143 et
1757 2102 1966 2141 obedientiae
1991 2102 2094 2140 nobis

1137 2171 1307 2209 afferatur
1320 2181 1464 2206 merces.
1481 2168 1579 2205 Num
1594 2167 1720 2217 ignoro
1734 2178 1843 2217 grave
1857 2172 1891 2201 et
1904 2163 2093 2201 molestum

1137 2229 1268 2279 videri,
1292 2228 1339 2267 ad
1361 2243 1443 2266 eum
1461 2227 1523 2279 qui
1547 2225 1726 2265 hostiliter
1745 2225 1781 2262 in
1805 2234 1839 2262 te
1866 2224 2015 2262 affectus
2035 2223 2093 2271 sit,

1137 2292 1248 2341 abire,
1264 2304 1418 2342 cumque
1436 2303 1476 2327 eo
1499 2297 1592 2327 stare
1607 2296 1640 2326 et
1658 2286 1756 2338 loqui
1775 2286 1793 2324 Ρ
1818 2288 1863 2324 At
1885 2286 1914 2324 si
1934 2284 2095 2323 mandati

1139 2352 1352 2406 cogitaveris
1379 2350 1591 2403 dignitatem
1613 2358 1647 2387 et
1672 2347 1846 2386 mercedis
1876 2345 2095 2398 magnitudi-

1139 2429 1232 2465 nem,
1253 2423 1287 2453 et
1300 2427 1371 2465 quo
1392 2421 1496 2466 pacto
1512 2424 1582 2449 non
1603 2411 1640 2449 in
1660 2409 1776 2458 illum,
1791 2407 1852 2447 sed
1868 2409 1904 2446 in
1920 2417 1954 2445 te
1972 2421 2095 2446 recur-

1140 2489 1220 2518 rant
1244 2478 1432 2526 beneficia,
1452 2476 1569 2516 omnia
1590 2475 1656 2514 tibi
1681 2474 1775 2513 levia
1797 2483 1829 2511 et
1854 2471 1971 2510 facilia
1991 2471 2093 2509 vide·

1139 2539 1285 2577 buntur.
1309 2537 1394 2574 Haec
1416 2536 1528 2587 igitur
1547 2535 1582 2572 in
1601 2533 1781 2571 mentibus
1799 2531 1929 2569 nostris
1950 2544 2096 2567 versan-

1140 2609 1206 2649 tes,
1239 2596 1532 2637 consuetudinem
1553 2603 1716 2633 nostram
1740 2592 1939 2639 vincamus,
1968 2590 2097 2642 piaque

1140 2670 1256 2699 mente
1272 2659 1451 2698 dominica
1464 2656 1630 2695 mandata
1645 2653 1906 2706 adimpleamus
1923 2667 1932 2701 ;
1948 2665 2020 2703 quo
2030 2660 2062 2688 et
2076 2666 2096 2688 a

1141 2723 1284 2761 Christo
1304 2718 1521 2759 remunerari
1535 2731 1734 2756 mereamur
1752 2714 1880 2766 gratia,
1902 2722 1934 2751 et
1956 2712 2096 2750 miseri-

1141 2784 1261 2823 cordia
1285 2781 1457 2820 bonitatis
1486 2781 1576 2832 ejus,
1600 2778 1747 2829 quicum
1773 2775 1883 2823 Patri,
1910 2783 1943 2812 et
1972 2783 2096 2812 sancto

1141 2844 1294 2898 Spiritui
1320 2843 1365 2881 sit
1393 2842 1521 2894 gloria,
1552 2838 1760 2891 imperium,
1786 2836 1912 2885 honor,
1941 2849 2036 2873 nunc
2062 2843 2095 2873 et

1141 2920 1294 2959 semper,
1313 2913 1346 2944 et
1365 2904 1401 2942 in
1416 2902 1545 2942 saecula
1565 2899 1790 2939 saeculorum.
1812 2900 1935 2935 Amen.

2117 335 2160 362 bis
2178 337 2250 363 sicut
2276 342 2305 365 et

2116 386 2166 403 nos
2179 378 2305 405 dimitti-

2118 427 2194 446 nius.
