2516 3791
321 173 412 220 580
743 189 780 219 s.

819 187 1005 219 JOANMS
1046 183 1290 215 CHRYSOST.
1329 181 1535 212 ARCHIEP.
1574 183 1934 214 CONSTANTINOP-

1612 264 1656 278 ’Vl
1725 269 1735 281 t

323 273 443 310 ficiam
465 271 561 323 quod
571 272 706 324 juravi.
724 270 837 309 Vides
852 270 917 307 Dei
929 265 1176 306 clementiam?
1195 266 1273 303 Non
1284 294 1331 318 502
1346 264 1408 310 τὴν
1440 264 1569 302 οἰκείαν
1603 281 1700 309 αςιαν
1722 269 1810 319 ορῶν
1839 266 2041 318 φθέγγεται·
2073 265 2162 304 ἀλλὰ
2193 265 2278 317 πρὸς
2306 263 2368 312 τὴν

164 342 228 370 Non
243 351 310 380 spe·
324 334 372 371 ad
390 334 573 386 propriam
593 333 803 384 dignitatem
822 329 1011 381 respiciens
1029 326 1198 376 loquitur,
1215 324 1275 362 sed
1297 332 1322 360 A
1347 325 1525 363 ἀσθένειαν
1541 326 1829 377 συγκαταὸαίνων
1847 326 1910 374 τὴν
1929 326 2115 379 ἡμετέραν.
2136 326 2282 372 Ἐπειδὴ
2301 326 2368 377 γὰρ

121 390 312 453 Ξξῖἱίωῑὲῗ
327 394 375 432 ad
392 404 546 433 nostram
568 408 642 431 sese
661 401 897 443 attemperans
915 388 1170 426 infirmitatem.
1184 387 1277 424 Nam

121 449 223 498 Dgus,
262 465 313 493 sed
327 456 410 507 quia
439 456 596 493 homines
626 455 698 491 fere
723 465 859 503 semper
885 450 945 487 illa
978 462 1082 501 opere
1111 447 1279 500 perficere

121 508 312 576 ἓῖἓῖῒέοζ·
327 515 490 563 student,
512 529 581 552 non
607 527 686 564 quae
711 511 920 563 simpliciter
952 509 1192 562 promiserunt
1215 509 1281 547 ali-

327 578 396 625 cui,
414 577 476 614 sed
507 591 585 626 quae
612 589 694 612 cum
717 575 920 626 juramento
942 572 1181 624 promiserunt
1202 587 1210 608 ι
1232 571 1279 609 si-

326 637 403 675 mili
425 636 532 674 modo
551 645 584 673 et
602 637 701 673 Deus
720 635 818 687 justo
838 634 978 686 plenam
1005 633 1115 671 fidem
1135 632 1278 681 faciens,

326 714 365 737 ea
385 713 463 749 quae
477 713 496 735 a
516 712 552 735 se
571 697 666 735 dicta
681 705 762 734 sunt
776 695 919 733 omnino
934 696 1053 733 futura
1073 709 1146 732 esse
1169 694 1278 732 dicit:

326 760 424 798 Scias
440 774 479 796 ea
497 773 575 810 quae
593 773 612 796 a
634 772 690 795 me
704 757 905 810 juramento
925 756 1065 793 firmata
1084 765 1178 804 sunt,
1197 770 1278 807 ope-

326 836 363 859 re
395 819 574 873 implenda
601 812 684 857 esse.
706 817 806 864 Quid
833 818 974 869 igitur?
1004 817 1141 868 inquies
1159 818 1281 855 :Deus

321 881 486 934 juravit?
505 890 538 918 et
567 895 629 932 per
652 894 758 931 quem
774 880 895 931 jurare
919 878 1065 930 potuit?
1084 877 1195 917 Vides
1213 878 1282 915 hoc

326 957 400 981 sese
412 942 458 980 ad
471 951 626 980 nostram
645 940 887 978 infirmitatem
899 938 1164 991 attemperantis
1183 952 1277 976 esse:

1344 387 1376 424 οἵ
1398 385 1574 439 ἄνθρωποι
1589 389 1635 430 ὡς
1657 387 1714 424 ἐπὶ
1732 388 1772 426 τὸ
1789 390 1947 426 πλεῖστον
1963 391 2077 426 ἐκεῖνα
2094 390 2141 431 εἷς
2161 387 2258 440 ἔργον
2273 387 2369 438 ἄγειν

1344 448 1606 495 σπουδάζουσιν,
1626 449 1691 500 οὐχ
1706 449 1794 500 ἅπερ
1815 449 1856 486 ἂν
1879 449 1998 492 ἁπλῶς
2020 448 2247 500 ὑπόσχωνταί
2265 463 2369 494 τισιν,

1346 509 1422 546 ἀλλ’
1446 508 1510 547 ὅσα
1545 509 1585 547 ἂν
1619 513 1693 560 μεθ’
1723 510 1826 562 ὅρκου
1860 509 2161 561 ἐπαγγέλλωνται·
2181 511 2239 548 τὸν
2269 510 2370 547 αὐτὸν

1346 568 1388 615 δὴ
1408 570 1535 623 τρόπον
1556 571 1616 609 καὶ
1645 574 1663 609 ὁ
1688 573 1757 609 τῶν
1779 571 1868 610 ὅλων
1890 571 1978 613 Θεὸς
1996 572 2225 622 πληροφορῶν
2241 569 2298 607 τὸν
2322 567 2372 606 δί-

1345 647 1456 679 καιον,
1484 631 1537 671 ὅτι
1567 632 1707 676 πάντως
1742 632 1839 671 ἔσται
1864 631 1909 670 τὰ
1938 633 2021 684 παρ’
2043 633 2147 669 αὐτοῦ
2181 630 2372 682 λεγόμενα,

1345 692 1447 745 φησίν
1464 708 1472 717 ·
1490 693 1561 731 ἴσθι
1584 693 1637 732 ὅτι
1676 693 1721 732 τὰ
1755 695 1838 747 παρ’
1859 696 1943 743 ἐμοῦ
1975 692 2167 743 ὀμνυθέντα
2195 693 2242 734 εἷς
2273 691 2372 742 ἔργον

1346 756 1497 806 ἀχθῆναι
1518 756 1578 793 δεῖ.
1600 754 1647 792 Τί
1663 749 1738 803 οὖν,
1759 754 1886 806 φησίν,
1905 757 1923 792 ὁ
1944 755 2032 796 Θεὸς
2049 753 2183 804 ὤμοσε,
2202 753 2263 790 καὶ
2282 750 2374 790 κατὰ

1345 815 1435 860 τίνος
1463 817 1592 866 ὀμόσαι
1617 815 1787 864 ἠδύνατο;
1805 815 1914 868 Ὁρᾷς
1938 815 1991 853 ὅτι
2013 815 2305 867 συγκαταὸάσεως
2332 807 2374 859 ῆν

1346 877 1386 915 τὸ
1419 876 1616 929 εἰρημένον·
1637 878 1699 924 τὴν
1733 877 1801 929 γὰρ
1835 876 2020 927 βεὸαίωσιν
2052 879 2115 922 τῆς
2151 875 2375 927 ὑποσχέσεως

1346 937 1447 991 ὅρκον
1469 939 1622 977 ἐκάλεσε.
1646 939 1717 977 Καὶ
1739 938 1877 986 στήσω,
1898 939 2004 990 φησὶ,
2027 939 2084 976 τὸν
2113 937 2214 991 ὅρκον
2235 953 2319 987 μου,
2339 936 2375 974 ὃν

326 1005 563 1042 firmationem
593 1001 838 1055 promissionis
860 1001 1001 1039 vocavit
1025 1002 1279 1053 juramentum.
1302 1013 1326 1043 Β
1346 999 1471 1051 ὤμοσα
1484 999 1648 1053 Ἀδραὰμ
1666 1002 1715 1052 τῷ
1745 999 1854 1052 πατρί
1878 1015 1950 1037 σου.
1973 993 2063 1037 Εἶτα
2089 998 2244 1036 διδάσκει
2274 997 2376 1035 αὐτὸν

328 1067 381 1103 Et
399 1074 586 1111 statuam,
598 1063 1001 1116 inquit‚juramentum
1022 1075 1162 1107 meum,
1179 1062 1286 1114 quod

320 1129 462 1179 jurans
476 1129 611 1179 juravi
628 1126 804 1162 Abrahoe
817 1127 922 1176 patri
942 1133 1018 1161 tuo.
1028 1123 1166 1161 Deinde
1179 1123 1284 1161 docet

329 1202 408 1225 eum
425 1203 501 1238 quae
520 1197 601 1225 sunt
615 1187 675 1224 illa
695 1201 773 1237 quae
798 1185 973 1238 promisit,
990 1195 1022 1223 et
1042 1185 1086 1223 de
1100 1185 1232 1236 quihus
1251 1185 1283 1222 ei

325 1249 473 1300 juravit.
489 1250 524 1285 4.
546 1250 599 1286 Et
622 1248 888 1299 multiplicabo
904 1261 1036 1284 semen
1058 1255 1165 1284 tuum
1183 1249 1282 1284 sicut

329 1308 463 1345 stellas
493 1308 591 1345 coeli.
615 1306 690 1343 Hoc
716 1310 809 1343 enim
839 1315 871 1343 et
896 1305 1105 1357 patriarcha:
1125 1305 1161 1342 in
1183 1305 1282 1357 prin-

133 1369 423 1421 Gen.22.17.cipio
449 1369 785 1407 dicebat:Tantum
816 1367 881 1404 erit
903 1381 1020 1405 semen
1050 1376 1164 1416 tuum,
1179 1375 1219 1403 ut
1251 1375 1284 1403 et

331 1429 440 1467 stellis
470 1438 503 1467 et
529 1443 642 1467 arenae
673 1428 888 1479 adsequetur.
906 1430 959 1465 Et
990 1429 1110 1474 dabo,
1153 1427 1284 1478 inquit,

330 1493 469 1529 semini
490 1499 554 1527 tuo
575 1499 718 1527 terram
741 1492 870 1535 islam,
895 1498 930 1526 et
952 1490 1224 1526 benedicentur
1242 1491 1284 1526 in

331 1552 474 1587 semine
507 1557 572 1586 tuo
612 1561 743 1585 omnes
771 1556 902 1599 gentes
939 1556 1062 1585 terroe.
1096 1548 1283 1598 Propterea

331 1608 580 1661 promissiones
612 1622 696 1658 quae
737 1607 791 1644 illi
829 1608 929 1644 faciae
966 1617 1058 1655 sunt,
1084 1608 1120 1644 in
1153 1617 1188 1645 te
1216 1607 1284 1644 im-

332 1669 449 1721 plebo,
467 1668 501 1705 5.
530 1668 589 1706 Eo
623 1669 727 1720 quod
755 1669 907 1705 audivit
938 1668 1146 1705 Abraham
1173 1677 1286 1719 pater

333 1739 422 1767 tuus
454 1743 589 1766 vocem
616 1742 760 1774 meam,
792 1737 828 1765 et
855 1729 1067 1765 custodivit
1096 1729 1286 1766 mandata

333 1805 432 1837 mea,
448 1799 484 1828 et
492 1790 795 1842 jzcstfficatiorzes
811 1802 928 1835 meas,
944 1798 980 1827 et
993 1790 1166 1841 legitima
1183 1804 1281 1827 mea.

334 1851 430 1890 Yide
462 1850 527 1888 Dei
555 1849 775 1902 sapientiam,
794 1849 973 1900 quomodo
1002 1850 1107 1901 erigit
1132 1860 1288 1888 mentem

330 1913 431 1964 justi,
451 1921 484 1949 et
506 1911 714 1949 alacriorem
730 1910 847 1948 reddit
864 1927 872 1947 :
888 1920 921 1948 et
940 1920 978 1948 ut
1002 1911 1114 1963 patris
1130 1911 1289 1949 imitator

335 1975 410 2023 siat,
427 1974 547 2012 efficit.
566 1976 658 2012 Nam
692 1973 719 2011 si
750 1973 824 2021 ille,
842 1973 969 2024 inquit,
990 1974 1072 2024 quia
1103 1988 1188 2011 meae
1207 1975 1289 2013 obe-

335 2034 427 2073 divit
439 2036 535 2083 voci,
545 2043 641 2072 tanta
655 2034 910 2086 pollicitatione
922 2034 1054 2085 dignus
1065 2035 1210 2073 habitus
1225 2043 1288 2084 est,

338 2105 370 2132 ct
385 2110 462 2132 cam
490 2105 635 2147 propter
663 2095 759 2132 illius
784 2095 954 2133 virtutem
977 2095 1011 2133 in
1035 2105 1081 2145 te,
1100 2097 1161 2147 qui
1183 2111 1228 2135 ex
1250 2111 1290 2134 eo

339 2165 443 2193 natus
466 2171 514 2203 es,
548 2170 627 2193 sum
648 2155 860 2206 impleturus
878 2171 885 2191 :
903 2157 930 2193 si
953 2157 1075 2209 etipse
1095 2157 1193 2195 illius
1211 2157 1292 2195 imi-

339 2226 430 2254 tator
444 2217 565 2261 sueris,
581 2225 614 2253 et
634 2216 756 2253 eadem
778 2230 846 2266 qna
866 2216 926 2253 ille
942 2217 1001 2254 via
1018 2217 1214 2266 incesseris,
1237 2231 1292 2255 co-

341 2278 412 2329 gita
428 2286 600 2328 quantum
620 2277 717 2328 apud
731 2291 785 2314 me
802 2277 1085 2314 benevolentiam
1104 2277 1294 2315 habiturus

342 2340 400 2388 εἰς,
415 2349 446 2377 et
466 2348 597 2389 quanta
617 2353 693 2376 mea
720 2353 803 2376 eura
822 2347 855 2375 te
873 2337 1086 2389 dignaturus
1108 2339 1185 2377 sim.
1201 2341 1293 2378 Nam

342 2401 369 2438 si
396 2401 452 2437 eui
476 2401 521 2439 ob
539 2400 684 2437 alterius
705 2400 874 2437 virtutem
888 2400 976 2437 hene
999 2400 1157 2437 futurum
1175 2408 1240 2449 est,
1265 2401 1294 2438 si

341 2471 373 2498 et
389 2462 464 2513 ipse
483 2462 616 2499 virtute
636 2460 808 2512 praeditus
822 2461 943 2509 fuerit,
957 2461 1070 2499 multo
1086 2462 1220 2513 majore
1238 2462 1294 2499 di-

342 2536 433 2573 gnus
447 2522 639 2560 habebitur
656 2537 750 2560 cura.
768 2521 867 2568 Quid
883 2531 1001 2559 autem
1017 2531 1067 2559 cst
1088 2538 1095 2558 t
1114 2524 1175 2560 Eo
1193 2525 1298 2575 quod

343 2585 509 2621 obedivit
540 2586 630 2621 voci
662 2598 773 2629 mese,
800 2591 837 2620 et
867 2583 1074 2621 custodivit
1105 2585 1295 2621 mandata

344 2659 442 2691 mea,
455 2654 490 2682 et
503 2653 695 2696 proeeepta
704 2658 801 2690 mea,
814 2652 850 2681 et
855 2645 1158 2696 justificationes
1171 2649 1295 2682 meas?

148 2726 219 2750 CM,
239 2730 283 2750 12,
301 2729 326 2750 ι,
344 2705 515 2743 Dicebam
531 2706 562 2743 ei
586 2721 594 2740 ι
616 2706 812 2757 Egredere
834 2705 882 2742 de
905 2713 1009 2742 terra
1033 2713 1100 2743 tua
1115 2713 1151 2743 et
1173 2707 1221 2743 de
1235 2720 1297 2743 co-

343 2769 528 2817 gnatione
551 2775 633 2813 tua,
654 2775 690 2803 et
712 2768 806 2804 veni
827 2768 868 2802 in
890 2774 1032 2804 terram
1054 2780 1173 2819 quam
1191 2780 1297 2804 mon-

345 2835 516 2865 stravero
544 2830 612 2864 tibi
631 2843 638 2864 :
658 2827 874 2878 reliquitque
894 2827 956 2864 illa
981 2841 1059 2878 quae
1082 2827 1117 2865 in
1133 2827 1298 2865 manibus

345 2897 497 2937 ‹·rant,et
516 2888 645 2925 incerta
661 2897 894 2940 persequutus
909 2897 973 2926 est.
994 2888 1040 2926 Et
1056 2902 1124 2926 non
1140 2888 1296 2926 fluctua-

348 2950 406 2986 bat
423 2963 532 3000 neque
547 2949 778 2986 cunctabatur
799 2964 806 2984 z
828 2949 889 2986 sed
906 2963 985 2986 cum
1001 2949 1097 2986 omni
1117 2949 1298 2987 alacritate

348 3009 553 3047 mandatum
571 3010 755 3062 implebat,
775 3019 806 3047 et
822 3010 1010 3048 obediebat
1020 3011 1098 3049 voci
1118 3025 1214 3049 meae.
1228 3012 1299 3049 Ite-
1318 3020 1341 3050 E

348 3086 426 3110 rum
445 3086 522 3122 quae
538 3085 642 3123 super
657 3081 819 3109 naturam
839 3081 920 3110 sunt
937 3072 968 3110 ei
983 3072 1144 3125 promisi,
1164 3081 1197 3110 et
1215 3086 1296 3110 cum

344 3134 417 3183 jam
431 3141 514 3169 aetas
528 3146 608 3169 eum
623 3147 642 3169 a
657 3146 717 3183 spe
729 3132 907 3184 dejiceret,
919 3147 960 3171 ac
976 3147 1088 3184 neque
1099 3133 1175 3185 ipse
1186 3147 1298 3184 neque

349 3202 459 3230 mater
479 3201 538 3230 tua
563 3193 788 3244 procreandae
819 3193 910 3245 proli
937 3193 1052 3231 idonei
1072 3202 1196 3242 essent,
1215 3207 1297 3231 cum

348 3253 485 3291 audiret
506 3267 525 3290 a
546 3267 601 3290 me
622 3267 736 3290 semen
758 3254 833 3304 ejus
852 3255 886 3291 in
913 3264 1049 3293 tantum
1069 3255 1142 3293 sore
1169 3268 1296 3307 propa-

1348 1061 1407 1099 καὶ
1429 1060 1506 1098 τίνα
1525 1060 1616 1099 ἐστὶν
1640 1060 1662 1098 ἃ
1681 1060 1854 1112 ὑπέσχετο
1866 1089 1875 1105 ,
1898 1060 1960 1098 καὶ
1976 1059 2057 1111 περὶ
2077 1059 2179 1096 τίνων
2196 1060 2291 1109 αὐτῷ
2311 1059 2379 1095 διε·-

1348 1120 1580 1160 ὅεὸαιώσατο.
1609 1121 1679 1159 Καὶ
1703 1123 1868 1167 πληθυνῶ
1893 1121 1932 1158 τὸ
1953 1120 2094 1173 σπέρμα
2122 1135 2200 1167 σου,
2223 1121 2269 1162 ὡς
2301 1117 2379 1162 τοὺς

1348 1183 1496 1235 ἀστέρας
1520 1187 1579 1221 τοῦ
1606 1185 1762 1234 οὐρανοῦ.
1781 1183 1894 1220 Τοῦτο
1913 1181 1979 1232 γὰρ
2005 1181 2064 1219 καὶ
2096 1183 2146 1232 τῷ
2172 1179 2376 1232 πατριάρχῃ

1351 1244 1479 1296 ἔλεγεν,
1517 1243 1568 1281 ὅτι
1595 1249 1754 1282 τοσοῦτον
1778 1243 1875 1281 ἔσται
1903 1243 1942 1281 τὸ
1964 1241 2107 1295 σπέρμα
2135 1257 2216 1289 σου,
2242 1244 2288 1283 ὣς
2319 1240 2379 1278 καὶ

1347 1311 1417 1348 τοῖς
1437 1305 1575 1357 ἄστροις
1597 1305 1655 1342 καὶ
1686 1308 1729 1357 τῇ
1744 1305 1854 1356 ἄμμῳ
1881 1306 2137 1356 παρισωθῆναι.
2158 1302 2229 1340 Καὶ
2259 1300 2378 1349 δώσω,

1350 1366 1465 1418 φησὶν,
1491 1369 1540 1418 τῷ
1569 1365 1746 1417 σπέρματί
1768 1381 1827 1403 σου
1853 1371 1968 1403 πᾶσαν
1989 1363 2052 1409 τὴν
2069 1367 2134 1415 γῆν
2153 1362 2303 1410 ταύτην,
2320 1362 2381 1401 καὶ

1350 1427 1678 1478 ἐνευλογηθῆσονται
1707 1429 1740 1464 ἐν
1759 1428 1809 1478 τῷ
1825 1425 2003 1477 σπέρματί
2026 1441 2086 1462 σου
2108 1424 2224 1462 πάντα
2238 1423 2282 1461 τὰ
2301 1423 2380 1470 ἔθνη

1350 1491 1413 1534 τῆς
1433 1491 1508 1539 γῆς.
1527 1487 1594 1525 Διὰ
1614 1492 1714 1526 τοῦτο
1735 1487 1770 1527 ,δὲ
1790 1487 1852 1530 τὰς
1875 1486 2081 1537 ὃπου-[θέσεις
2100 1485 2162 1528 τὰς
2187 1487 2234 1528 εἷς
2255 1488 2381 1523 ἐκεῖνον

1349 1548 1582 1599 γεγενημένας
1621 1551 1667 1592 εἷς
1701 1548 1738 1586 σὲ
1761 1546 1961 1599 πληρώσω,
1988 1546 2075 1584 Ἀνθ’
2106 1539 2153 1583 ὧν
2187 1545 2382 1592 ὑπήκουσεν

1319 1639 1329 1649 ,
1351 1608 1512 1660 Ἀῧραὰμ
1530 1612 1548 1646 ὃ
1567 1608 1686 1661 πατήρ
1705 1624 1764 1647 σου
1785 1611 1848 1654 τῆς
1881 1609 1968 1657 ἐμῆς
1999 1610 2136 1658 φωνῆς,
2157 1607 2217 1644 καὶ
2239 1605 2383 1658 ἐφύλαξε

1350 1668 1396 1707 τὰ
1415 1669 1672 1722 προστάγματά
1697 1685 1779 1719 μου,
1807 1668 1892 1705 ξικαὶ
1917 1666 1962 1704 τὰ
1980 1666 2205 1717 δικαιώματά
2224 1682 2308 1716 μου,
2322 1665 2383 1703 καὶ

1352 1729 1396 1767 τὰ
1428 1730 1562 1780 νόμιμά
1595 1746 1672 1780 μου.
1699 1728 1797 1780 “Opot
1823 1730 1914 1766 Θεοῦ
1934 1727 2068 1779 σοφίαν,
2101 1727 2196 1769 ὅπως
2225 1725 2384 1777 διεγείρει

1354 1793 1415 1828 τοῦ
1437 1789 1572 1828 δικαίου
1606 1790 1670 1836 τὴν
1702 1790 1870 1836 διάνοιαν,
1891 1789 1951 1827 καὶ
1971 1787 2228 1842 προθυμότερον
2246 1787 2384 1839 ἐργάζε-

1357 1868 1438 1898 ται,
1470 1851 1529 1889 καὶ
1565 1851 1825 1903 παρασκευάζει
1849 1849 2006 1901 μιμητὴν
2026 1855 2144 1888 τοῦτον
2174 1853 2234 1887 τοῦ
2261 1847 2386 1887 οἰκείου

1356 1913 1486 1965 πατρὸς
1507 1916 1737 1959 καταστῆναι.
1765 1914 1810 1950 Εἰ
1837 1912 1905 1964 γὰρ
1929 1914 2071 1959 ἐκεῖνος,
2104 1910 2242 1957 ἐπειδὴ,
2262 1910 2387 1962 φησὶν,

1357 1973 1535 2019 ὑπήκουσε
1569 1976 1632 2019 τῆς
1666 1975 1754 2024 ἐμῆς
1768 1976 1904 2024 φωνῆς,
1927 1971 2055 2018 ταύτης
2076 1969 2206 2018 ἠξιώθη
2228 1973 2290 2017 τῆς
2309 1973 2391 2008 ὑπο-

1359 2033 1514 2086 σχέσεως
1533 2064 1542 2081 ,
1576 2034 1636 2072 καὶ
1671 2034 1729 2072 διὰ
1760 2034 1823 2080 τὴν
1856 2033 1985 2072 ἐκείνου
2006 2031 2131 2085 ἀρετὴν
2152 2033 2199 2074 εἷς
2218 2030 2255 2069 σὲ
2278 2031 2336 2069 τὸν
2356 2029 2391 2074 ἐξ

1361 2098 1465 2133 αὐτοῦ
1484 2094 1649 2147 τεχθέντα
1669 2099 1779 2132 ταῦτα
1797 2096 1951 2148 πληροῦν
1974 2093 2109 2144 μέλλω·
2132 2095 2160 2131 εἷ
2180 2092 2240 2130 καὶ
2261 2091 2302 2130 σὺ
2325 2093 2390 2130 αι’)-

1358 2155 1415 2198 τὸς
1449 2155 1578 2194 ἐκείνου
1609 2155 1766 2202 ζηλωτὴς
1804 2154 2040 2202 κατασταίης,
2071 2154 2131 2191 καὶ
2165 2153 2228 2199 τὴν
2263 2153 2392 2191 ἐκείνου

1360 2216 1435 2254 ὁδὸν
1457 2215 1585 2262 ἔλθοις,
1606 2215 1765 2262 ἐννόησον
1783 2215 1866 2260 ὅσης
1882 2214 2091 2257 ἀπολαύσεις
2111 2216 2174 2260 τῆς
2202 2215 2286 2265 παρ’
2305 2216 2391 2264 ἐμοῦ

1362 2277 1512 2325 εὐνοίας,
1533 2278 1593 2315 καὶ
1622 2277 1734 2324 πόσης
1767 2277 1929 2330 προνοίας
1958 2276 2150 2327 ἀξιωθήσῃ.
2171 2275 2215 2314 Ὁ
2246 2275 2314 2328 γὰρ
2336 2275 2395 2313 διὰ

1361 2339 1424 2386 τὴν
1441 2339 1557 2392 ἑτέρου
1586 2339 1710 2392 ἀρετὴν
1733 2338 1867 2390 μέλλων
1898 2333 1933 2376 εὖ
1964 2338 2128 2390 πάιηέιν,
2148 2340 2178 2375 εἷ
2211 2337 2271 2375 καὶ
2293 2337 2394 2380 αὐτὸς

1364 2401 1522 2453 ἐνάρετος
1542 2400 1695 2452 γένοιτο,
1715 2402 1835 2450 πολλῷ
1855 2399 2011 2442 πλείονος
2043 2398 2273 2445 ἀξιωθήσεται
2291 2398 2394 2444 κηδε-

1365 2461 1496 2513 μονίας.
1534 2461 1581 2499 Τί
1619 2461 1656 2500 δέ
1683 2464 1790 2509 ἐστιν,
1812 2460 1899 2499 ’Ave’
1929 2454 1976 2498 ὧν
2010 2460 2184 2506 ὑπήκουσε
2216 2463 2279 2506 τῆς
2311 2461 2397 2509 ἐμῆς

1364 2527 1501 2575 φωνῆς,
1525 2523 1584 2561 καὶ
1605 2522 1750 2575 ἐφύλαξε
1769 2522 1814 2561 τὰ
1842 2521 2101 2575 προστάγματά
2124 2537 2209 2571 μου,
2242 2520 2301 2558 καὶ
2334 2519 2397 2563 τὰς

1365 2585 1503 2628 ἐντολάς
1534 2601 1598 2635 μου
1614 2614 1622 2629 ,
1649 2584 1710 2622 καὶ
1731 2583 1776 2622 τὰ
1801 2582 2025 2633 δικαιώματά
2047 2598 2132 2632 μου,
2153 2575 2262 2620 Εἶπον
2284 2583 2396 2632 αὐτῷ·

1365 2644 1507 2688 Ἔξελθε
1532 2648 1570 2683 ἐκ
1596 2648 1659 2691 τῆς
1685 2647 1749 2696 γῆς
1769 2660 1827 2682 σου
1851 2644 1911 2681 καὶ
1938 2645 1976 2680 ἐκ
2003 2645 2064 2688 τῆς
2087 2641 2286 2694 συγγενείας
2316 2657 2398 2688 σου,

1365 2705 1424 2743 καὶ
1443 2706 1540 2759 δεῦρο
1564 2707 1610 2749 εἷς
1629 2705 1692 2752 τὴν
1711 2708 1776 2756 γῆν
1796 2705 1837 2751 ἣν
1856 2704 1896 2741 ἄν
1917 2719 1970 2741 σοι
1990 2703 2089 2748 δείξω
2103 2719 2111 2726 ·
2133 2703 2192 2741 καὶ
2214 2702 2399 2740 κατέλειπε

1364 2766 1409 2805 τὰ
1424 2768 1458 2804 ἐν
1481 2767 1601 2820 χερσὶ,
1619 2767 1677 2804 καὶ
1694 2766 1738 2804 τὰ
1760 2767 1873 2812 ἄδηλα
1892 2765 2027 2803 ἐδίωκε.
2049 2765 2122 2803 Καὶ
2149 2767 2211 2803 οὐκ
2243 2763 2398 2803 ἐνεδοία-

1365 2845 1437 2875 σεν,
1457 2828 1533 2866 οὐδὲ
1558 2827 1768 2877 ἠμέλλησεν,
1787 2827 1876 2865 ἀλλὰ
1899 2826 1987 2876 μετὰ
2009 2826 2126 2872 πάσης
2146 2825 2341 2878 προθυμίας
2360 2824 2401 2863 τὸ

1365 2889 1542 2941 ἐπίταγμα
1575 2891 1719 2941 πληρῶν
1749 2887 1926 2933 ὑπήκουσε
1950 2889 2012 2933 τῆς
2032 2889 2120 2937 ἐμῆς
2140 2888 2266 2937 φωνῆς.
2284 2885 2400 2924 Πάλιν

1365 2949 1409 2988 τὰ
1432 2950 1519 3000 ὑπὲρ
1545 2949 1607 2995 τὴν
1623 2949 1722 3001 φύσιν
1745 2951 1838 3000 αὐτῷ
1864 2948 2141 3000 ἐπηγγειλάμην,
2162 2947 2222 2984 καὶ
2249 2945 2337 2996 μετὰ
2362 2945 2402 2984 τὸ

1364 3011 1428 3058 τὴν
1451 3010 1589 3058 ἡλικίαν
1612 3013 1871 3064 ἀπαγορεῦσαι,
1899 3010 1958 3048 καὶ
1995 3008 2122 3060 μηκέτι
2161 3007 2249 3057 μήτε
2286 3007 2401 3054 αὐτὸν,

1366 3072 1455 3123 μήτε
1476 3072 1538 3119 τὴν
1561 3070 1695 3124 μητέρα
1715 3071 1777 3118 τὴν
1801 3071 1863 3118 σὴν
1879 3070 1964 3123 πρὸς
1978 3068 2196 3116 τεκνογονίαν
2216 3067 2307 3119 ἔχειν
2325 3066 2402 3106 τινὰ

1366 3132 1645 3180 ἐπιτηδειότητα,
1673 3132 1807 3170 ἀκούων
1841 3134 1924 3183 παρ’
1955 3133 2039 3180 ἐμοῦ
2063 3129 2118 3168 ὅτι
2155 3130 2196 3168 τὸ
2234 3128 2268 3172 ἐξ
2299 3130 2403 3166 αὐτοῦ

1367 3193 1508 3246 σπέρμα
1530 3196 1576 3237 εἷς
1602 3198 1764 3233 τοσοῦτον
1787 3192 2040 3238 ἐκταθήσεται,
2058 3193 2105 3233 ὡς
2119 3196 2235 3229 πᾶσαν
2258 3190 2402 3241 πληρῶ-

1368 3271 1425 3292 σαι
1462 3255 1525 3301 τὴν
1557 3258 1644 3306 γῆν,
1672 3253 1747 3293 οὐδὲ
1778 3253 1856 3292 τότε
1880 3252 2092 3304 διεταράχθη
2122 3252 2179 3290 τὸν
2211 3249 2401 3302 λογισμὸν,

396 3388 405 3397 ν·
423 3373 519 3407 inibi.
540 3372 669 3407 addunt
687 3392 732 3408 και
752 3382 802 3413 τὰς
822 3382 940 3415 ἐντολάς
953 3393 1028 3420 po).
1047 3378 1137 3421 quod
1157 3379 1240 3413 infra
1259 3379 1407 3422 agnoscit
1424 3379 1457 3411 S.
1476 3376 1616 3420 Chrys.)

2465 0 2472 23 -
