2516 3791
701 163 740 193 ta·
779 162 880 193 CAP.
920 160 1079 193 xxxtlt.

124 262 152 298 εἰ
178 259 227 309 μὴ
257 259 318 302 τῆς
342 258 470 294 ἐκεῖθεν
491 254 696 306 συμμαχίας
715 253 730 274 ¹'
746 253 1004 305 ἀπολαύσωμεν
1017 281 1027 300 ,
1048 251 1144 291 οὐδὲν

124 319 288 372 ἰσχύομέν
304 333 388 356 ποτε
409 319 478 355 τῶν
499 315 645 354 δεόντων
669 319 908 368 κατορθῶσαι·
927 314 1018 353 οὕτω
1038 314 1144 353 πάλιν

122 384 151 419 εἰ
171 380 220 431 μὴ
246 380 290 417 τὰ
314 381 396 430 παρ’
416 381 548 416 ἑαυτῶν
573 377 844 428 εἰσενέγκωμεν,
863 378 901 415 οὐ
928 375 1145 427 δυνησόμεθα

122 443 183 487 τῆς
198 441 327 479 ἄνωθεν
345 439 524 483 ἀξιοῦσθαι
546 441 664 491 ῥοπῆς.
680 439 743 477 Διὸ
758 438 1008 489 σπουδάζωμεν
1028 435 1086 474 καὶ
1102 434 1146 473 τὰ

121 504 204 554 παρ’
226 504 357 539 ἑαυτῶν
386 500 578 553 εἰσφέρειν,
598 500 658 538 καὶ
683 499 748 547 τὴν
773 499 902 538 ἄνωθεν
935 495 1145 548 κηδεμονίαν

120 564 338 616 ἐφέλκεσθαι,
366 562 423 600 ἵνα
450 563 508 601 καὶ
537 564 576 600 ἐκ
600 564 662 608 τῆς
695 560 868 613 ἡμετέρας
892 559 1063 605 σπουδῆς,
1086 556 1146 595 καὶ

120 626 159 661 ἐκ
178 627 240 671 τῆς
268 629 327 662 τοῦ
352 626 445 663 Θεοῦ
468 622 728 676 φιλανθρωπίας
751 621 795 660 τὰ
819 625 882 668 τῆς
910 623 1036 673 ἀρετῆς
1060 622 1144 669 ἡμῖν

119 687 196 723 καθ’
219 685 369 733 ἑκάστην
401 685 535 737 ἡμέραν
558 683 786 730 ἐπιτείνηται,
807 683 866 721 καὶ
892 683 1024 727 πολλῆς
1052 682 1144 718 ἀπο-

119 745 306 797 λαύσωμεν
333 750 395 793 τῆς
425 747 554 785 ἄνωθεν
588 745 751 797 χάριτος·
777 738 818 790 ἧς
843 743 976 794 γένοιτο
1011 740 1147 784 πάντας

118 811 212 857 ἡμᾶς
230 809 408 859 ἐπιτυχεῖν
421 835 430 852 ,
447 807 568 859 χάριτι
584 805 643 844 καὶ
662 804 905 858 φιλανθρωπίᾳ
928 807 988 842 τοῦ
1015 801 1144 854 Κυρίου

119 871 219 918 ἡμῶν
248 867 364 915 Ἰησοῦ
392 870 566 919 Χριστοῦ,
587 867 662 917 μεθ’
689 861 727 904 οὗ
753 868 803 918 τῷ
833 863 966 916 Πατρὶ,
988 863 1064 914 ἅμα
1095 865 1145 915 τῷ

119 928 207 980 ἁγίῳ
235 929 419 980 Πνεύματι
444 928 536 975 δόξα,
556 927 693 980 κράτος,
710 926 810 978 τιμὴ,
827 931 884 966 νῦν
910 924 970 964 καὶ
999 925 1066 973 ἀεὶ,
1086 925 1145 963 καὶ

120 993 166 1034 εἷς
186 990 263 1034 τοὺς
279 992 406 1035 αἰῶνας
423 994 492 1029 τῶν
512 989 660 1029 αἰώνων.
682 989 807 1041 Ἀμήν.

501 1105 682 1143 omna
710 1102 772 1142 vO'.

123 1228 190 1266 Καὶ
219 1222 322 1274 ἦλθεν
336 1226 465 1265 Ἰακὼὸ
485 1231 498 1247 ⁰
511 1228 559 1270 εἷς
591 1225 721 1277 Σαλὴμ
743 1225 846 1264 πόλιν
875 1225 1044 1275 Σηκίμων
1058 1254 1068 1272 ,
1087 1227 1147 1265 καὶ

172 1288 346 1335 ἐκτήσατο
370 1289 434 1335 τὴν
459 1287 584 1339 μερίδα
612 1291 671 1325 τοῦ
702 1289 809 1339 ἀγροῦ
830 1285 927 1338 παρὰ
940 1285 1065 1339 Ἐμὼρ
1084 1292 1146 1326 τοῦ

172 1349 303 1401 πατρὸς
322 1348 446 1401 Συχὲμ
461 1348 583 1386 ἑκατὸν
604 1350 737 1399 ἀμνῶν,
754 1346 812 1386 καὶ
831 1346 978 1393 ἔστησεν
995 1348 1068 1385 ἐκεῖ
1083 1351 1146 1385 Ου-

171 1409 386 1461 σιαστήριον,
399 1409 457 1447 καὶ
476 1408 714 1447 ἐπεκαλέσατο
728 1408 787 1446 τὸν
802 1407 894 1447 Θεὸν
910 1412 970 1446 τοῦ
985 1408 1142 1461 Ἰσραὴλ.

204 1532 294 1571 ἴδετε
309 1531 390 1584 χθὲς
411 1531 470 1570 καὶ
488 1535 548 1570 τοῦ
568 1533 682 1570 κοινοῦ
699 1533 768 1569 τῶν
784 1529 948 1569 ἁπάντων
964 1531 1143 1571 Δεσπότου

116 1595 178 1645 τὴν
199 1594 485 1646 ὑπερὸάλλουσαν
509 1591 770 1646 φιλανθρωπίαν
784 1621 794 1640 ,
814 1592 873 1630 καὶ
887 1595 956 1630 τῶν
978 1595 1142 1643 μαθητῶν

117 1656 179 1703 τὴν
195 1655 398 1708 φιλοσοφίαν
411 1683 421 1701 ,
441 1654 500 1693 καὶ
513 1657 582 1692 τῶν
602 1653 780 1692 Ἰουδαίων
794 1652 858 1700 τὴν
875 1654 1141 1705 ἀγνωμοσύνην.

117 1719 239 1756 Εἴδετε
261 1717 333 1767 μεθ’
352 1716 434 1763 ὅσης
461 1713 680 1758 ἀνεξικακίας
701 1713 930 1764 ἐπεστόμισεν
948 1716 1060 1753 αὐτῶν
1079 1714 1143 1761 τὴν

117 1778 346 1830 ἀναίσχυντον
371 1776 518 1827 τόλμαν,
536 1775 599 1822 τὴν
627 1776 714 1827 ὑπὲρ
731 1779 801 1814 τῶν
822 1779 989 1826 μαθητῶν
1010 1777 1143 1815 ἀπολο-

116 1840 194 1890 γίαν
223 1838 446 1889 ποιούμενος,
463 1837 522 1875 καὶ
548 1835 680 1879 δεικνὺς
708 1836 762 1874 ὅτι
785 1836 882 1874 αὐτοὶ
904 1839 936 1875 οἱ
958 1836 1017 1875 τὸν
1036 1836 1143 1888 νόμον

116 1901 265 1938 ἐκδικεῖν
292 1899 482 1944 ἐθέλοντες,
502 1901 663 1950 ἀγνοοῦσι
684 1900 744 1935 τοῦ
767 1897 873 1948 νόμου
894 1897 934 1935 τὸ
963 1897 1142 1949 βούλημα,

116 1962 175 2000 καὶ
190 1961 244 2000 ὅτι
259 1965 321 2008 τῆς
340 1960 505 2008 ἀληθείας
525 1959 690 2012 φανείσης
707 1958 759 1997 ἔτι
776 1963 819 2011 τῇ
841 1966 923 2012 σκιᾷ
938 1963 1143 2012 παρακαθῆ-

117 2028 197 2062 σθαι
222 2023 357 2069 ἤθελον.
379 2021 502 2061 Εἴδετε
529 2024 602 2064 πῶς
629 2020 758 2058 ἄνωθεν
787 2020 845 2058 καὶ
876 2021 911 2065 ἐξ
939 2023 1051 2074 ἀρχῆς
1081 2021 1143 2065 τὰς

115 2084 378 2137 παρατηρήσεις
403 2081 549 2134 νομικὰς
574 2083 706 2119 ἀνελεῖν
734 2081 1143 2130 ἐσπούδαζε,.διδάσκων

117 2146 239 2189 αὐτοὺς
259 2146 312 2184 ὅτι
340 2148 401 2183 τοῦ
429 2144 528 2191 ἡλίου
553 2146 617 2190 τῆς
640 2143 862 2189 δικαιοσύνης
895 2143 1058 2196 φανέντος
1082 2146 1144 2182 οὐκ

114 2207 165 2245 ἔτι
193 2207 337 2245 δυνατὸν
360 2207 399 2245 τὸ
429 2208 607 2258 λυχνιαῖον
637 2207 786 2258 ἐνεργεῖν
815 2207 906 2258 φῶς·
927 2209 948 2252 ἡ
966 2206 1034 2259 γὰρ
1052 2206 1140 2258 αὐγὴ

114 2272 172 2307 τοῦ
202 2268 314 2320 φωτὸς
343 2271 402 2306 τοῦ
436 2269 583 2314 ἡλιακοῦ
622 2266 895 2320 προσὸάλλουσα
923 2268 1143 2320 ἀποκρύπτει

113 2329 234 2368 τούτου
254 2329 316 2377 τὴν
331 2329 468 2382 χρείαν.
489 2329 663 2379 Ἔμάθετε
682 2332 756 2373 πῶς
776 2329 919 2368 δυνατὸν
936 2329 990 2368 ἀεὶ
1010 2330 1142 2382 ἑορτά-

114 2393 198 2438 ζειν,
213 2391 271 2429 καὶ
292 2391 520 2443 ἀπηλλάχθαι
536 2394 598 2437 τῆς
611 2393 679 2429 τῶν
699 2393 830 2443 καιρῶν
850 2390 1141 2443 παρατηρήσεως.

114 2451 182 2489 Διὰ
210 2453 276 2503 γὰρ
302 2455 404 2489 τοῦτο
429 2451 641 2504 παρεγένετο
665 2454 683 2490 ὁ
706 2451 888 2499 Δεσπότης
913 2455 931 2490 ὃ
955 2451 1140 2504 ἡμέτερος,

114 2512 169 2550 ’ἵνα
190 2516 284 2563 ἡμᾶς
310 2512 528 2564 ἐλευθερώσῃ
554 2515 616 2559 τῆς
641 2516 710 2552 τῶν
734 2516 865 2565 καιρῶν
887 2514 1062 2566 ἀνάγκης,
1083 2514 1142 2552 καὶ

113 2574 367 2626 παρασκευάσῃ
398 2575 598 2627 ὑψηλότερα
630 2574 814 2621 πέτεσθαι,
848 2576 908 2614 καὶ
936 2578 971 2614 ἐν
1009 2577 1141 2629 οὐρανῷ

113 2635 231 2674 λοιπὸν
249 2635 341 2687 ἔχειν
361 2636 400 2674 τὸ
427 2636 635 2687 πολίτευμα,
656 2636 715 2674 καὶ
735 2635 936 2688 ἀνθρώπους
955 2636 1055 2680 ὄντας
1077 2636 1142 2684 τὴν

112 2699 180 2734 τῶν
214 2697 370 2747 ἀγγέλων
401 2701 584 2748 μιμεῖσθαι
618 2697 821 2745 πολιτείαν,
851 2697 911 2736 καὶ
944 2699 1142 2750 καταγελᾷν

114 2757 252 2795 πάντων
272 2761 339 2796 τῶν
356 2758 582 2810 ἀνθρωπίνων
602 2759 835 2811 πραγμάτων.
849 2759 946 2812 Φέρε
966 2759 1006 2806 δὴ
1024 2759 1142 2810 σήμε-

113 2835 191 2870 ρον,
209 2820 239 2856 εἷ
264 2820 376 2864 δοκεῖ,
405 2819 463 2857 ἐπὶ
487 2820 550 2867 τὴν
578 2820 782 2859 ἀκολουθίαν
807 2823 876 2859 τῶν
904 2819 1027 2874 πρῴην
1054 2823 1139 2872 ἡμῖν

112 2880 305 2932 εἰρημένων
326 2882 366 2918 ἐκ
391 2884 461 2919 τῶν
488 2886 548 2920 τοῦ
577 2881 748 2934 μακαρίου
770 2881 950 2926 Μωῦσέως
972 2883 1139 2935 ῥημάτων

110 2942 367 2989 ἐπανελθόντες,
382 2943 511 2980 ἐκεῖθεν
530 2944 613 2993 ὑμῖν
631 2945 846 2994 παραθῶμεν
863 2943 1031 2983 ἑστίασιν.
1043 2941 1140 2982 Ἴστε

153 3068 170 3091 b
186 3064 301 3108 [Coisl.
319 3067 540 3108 ἀπολαύσομεν,
558 3071 592 3097 et.
606 3063 704 3106 paulo
718 3063 803 3096 infra
819 3063 1049 3109 ιζσενέγκομεν.]

152 3128 165 3143 ⁰
183 3118 282 3152 savit.
303 3123 340 3156 εἰς
360 3122 444 3153 πόλιν
460 3125 605 3158 Σικήμων.
624 3116 781 3158 Quinque
796 3117 873 3149 Mss.
889 3123 928 3156 εἰς
943 3121 1028 3153 πόλιν
1045 3123 1123 3152 Σικί-

109 3187 185 3212 μων.
200 3170 362 3203 Morel.et
382 3169 582 3213 exemplaria
601 3179 658 3204 τῶν
675 3169 716 3204 Ο.
731 3177 767 3202 ut
784 3170 816 3202 in
832 3177 936 3203 textu.
953 3172 1049 3203 Hanc
1063 3170 1125 3204 ho-

111 3220 235 3253 miliam
254 3221 371 3254 habuit
387 3221 565 3264 postridie,
585 3229 621 3254 ut
644 3219 739 3254 initio
756 3222 814 3262 ait,
831 3233 930 3264 quam
947 3222 1046 3255 aliam
1063 3223 1124 3255 ha-

111 3272 240 3310 lnwrat,
257 3273 310 3305 ubi
330 3273 464 3306 Domini
480 3274 669 3313 clementia,
693 3280 726 3305 et
748 3271 987 3316 discipulorum
1013 3274 1123 3317 philo-

111 3324 226 3367 sophia
241 3323 469 3365 exhibebatur,
485 3325 676 3358 Judmorum
690 3327 838 3367 ingratus
853 3324 983 3358 animus
1003 3324 1118 3359 decla-

113 3376 258 3412 rabatur,
282 3378 505 3411 incusantium
519 3375 699 3420 discipulos
715 3387 801 3420 3qua
821 3375 863 3409 de
879 3388 913 3410 re
929 3378 1117 3412 incusarent

1118 158 1280 190 GENES.

2112 149 2133 174 Γ

2075 147 2170 212 On)

1214 241 1306 280 sidio
1330 242 1516 290 fruamur,
1540 241 1631 279 nihil
1660 255 1828 292 umquam
1860 255 2048 294 possumus
2080 256 2171 285 recte

1214 318 1316 356 agere
1337 319 1344 340 :
1367 303 1414 341 ita
1442 303 1507 341 nisi
1534 302 1631 354 quod
1657 312 1818 341 nostrum
1846 313 1895 341 est
1929 305 2168 356 attuli-rumis,

1320 157 1478 188 noMtL.
1519 158 1608 189 ΗΧ.

1216 379 1283 402 non
1328 364 1520 416 poterimus
1556 379 1747 416 supernum
1787 365 1964 403 auxilium
2001 366 2169 404 obtinere.

1216 427 1350 464 Demus
1374 419 1485 477 igitur
1517 441 1661 478 operam
1693 435 1729 463 ut
1758 436 1791 464 et
1818 436 1935 464 nostra
1966 428 2171 475 afferamus,

1219 495 1252 523 et
1272 500 1467 538 supernum
1495 487 1653 524 stworem
1678 487 1892 535 allii-ianuis,
1913 497 1951 525 ut
1975 497 2009 525 ct
2033 503 2077 526 ex
2106 503 2173 525 no-

1219 557 1291 586 stro
1307 547 1439 595 studio,
1455 558 1488 585 et
1503 563 1545 586 ex
1562 549 1626 586 Dei
1644 550 1862 600 benignitate
1880 551 2030 588 virtutes
2046 559 2172 588 nosti-cc

1218 609 1380 661 quotidie
1412 619 1589 659 crescant,
1613 611 1795 662 multaque
1827 627 1977 664 superna
2014 613 2174 650 fruamur

1219 671 1345 722 gratia.
1365 670 1471 717 Quod
1499 671 1601 708 nobis
1627 671 1793 709 omnihus
1815 673 2038 719 concedatur,
2059 673 2174 722 gratia

1218 740 1251 769 et
1279 731 1498 782 benignitate
1526 732 1671 770 Domini
1696 734 1805 771 nostri
1838 736 1919 773 Jesu
1949 735 2096 781 Christi,
2116 734 2174 772 cui

1217 806 1300 830 cum
1332 793 1436 830 Patre
1458 802 1490 831 et
1520 803 1641 832 sancto
1669 794 1805 846 Spiritu
1838 795 1882 833 sit
1907 795 2038 846 gloria,
2063 796 2173 848 impe-

1217 853 1324 902 rium,
1345 853 1472 897 honor,
1494 868 1588 892 nune
1612 864 1646 892 et
1667 869 1819 908 semper,
1842 866 1874 894 et
1897 856 1932 894 in
1959 857 2085 895 saecula
2106 872 2174 895 sa:-

1217 914 1391 953 culorum.
1411 917 1534 953 Amen.

1169 740 1193 769 C

1518 1110 1743 1149 HOMILIA.
1775 1111 1875 1150 LIX.

1218 1232 1267 1271 Et
1289 1233 1387 1273 venit
1408 1233 1568 1273 Jacobin
1588 1234 1707 1272 Salem
1731 1234 1913 1273 civitatem
1937 1235 2172 1286 Secimorum,

1272 1303 1305 1331 et
1324 1294 1410 1332 emit
1433 1304 1571 1346 partem
1592 1295 1670 1346 agri
1698 1295 1744 1333 ab
1770 1295 1882 1334 Emor
1903 1306 2001 1349 patre
2020 1298 2175 1350 Sychem

1272 1364 1413 1392 centum
1427 1355 1542 1405 agnis,
1561 1365 1594 1394 et
1613 1356 1724 1395 erexit
1741 1357 1791 1395 ibi
1808 1357 1931 1408 altare,
1948 1366 1981 1396 et
1996 1358 2177 1399 invocavit

1271 1416 1389 1454 Deum
1410 1416 1533 1454 Israe'l.

1273 1541 1308 1577 ’1.
1324 1540 1479 1580 Vidistis
1493 1540 1572 1578 heri
1585 1549 1619 1579 et
1632 1541 1742 1580 nostri
1759 1541 1920 1580 omnium
1934 1543 2079 1580 Domini
2097 1543 2175 1581 exi-

1215 1598 1324 1638 miam
1332 1600 1567 1650 elementiam,
1578 1610 1612 1638 et
1621 1601 1882 1654 discipulorum
1891 1601 2172 1654 philosophiam,

1217 1669 1250 1697 et
1269 1660 1477 1699 Judaeorum
1488 1661 1669 1713 ingratum
1686 1662 1858 1700 animum.
1872 1663 2028 1702 Vidistis
2043 1673 2175 1715 quanta

1217 1732 1298 1756 cum
1313 1720 1482 1771 patientia
1507 1735 1631 1758 eorum
1648 1721 1891 1774 impudentem
1905 1722 2091 1760 audaciam
2111 1724 2175 1762 ob-

1216 1787 1409 1816 mutescere
1423 1778 1550 1830 coegit,
1569 1793 1650 1817 cum
1667 1794 1750 1817 suos
1766 1789 1950 1818 excusaret
1964 1779 2174 1832 discipulos,

1215 1849 1413 1878 monstrans
1431 1840 1526 1892 ipsos
1549 1841 1610 1891 qui
1639 1841 1751 1893 legem
1777 1840 1962 1879 vindicare
1990 1841 2171 1891 volebant,

1214 1898 1303 1951 legis
1322 1900 1541 1938 voluntatem
1559 1900 1735 1953 ignorare,
1750 1910 1783 1938 et
1797 1901 1991 1939 irradiante
2013 1901 2175 1951 veritate,

1214 1960 1335 1999 adhuc
1359 1961 1496 1999 umbrae
1517 1961 1672 2000 assidere
1698 1963 1798 2000 velle.
1819 1962 1974 2002 Vidistis
1997 1964 2176 2014 quomodo

1211 2023 1289 2075 jam
1317 2022 1400 2061 inde
1418 2023 1464 2061 ab
1491 2023 1592 2062 initio
1613 2024 1876 2062 ohservationes
1895 2024 2024 2075 legales
2039 2025 2176 2063 auferre

1215 2083 1390 2131 studebat,
1401 2083 1531 2122 docens
1541 2098 1611 2134 eOS,
1623 2093 1747 2123 exorto
1761 2085 1834 2122 sole
1844 2085 2007 2137 justitiae,
2024 2085 2176 2124 lucernae

1215 2143 1337 2182 lumen
1356 2145 1536 2197 nihiljam
1550 2145 1689 2183 efficere
1708 2145 1949 2197 possezjubar
1969 2145 2062 2183 enim
2086 2146 2177 2184 sola-

1214 2205 1263 2243 ris
1279 2205 1430 2244 luminis
1444 2205 1542 2257 quod
1557 2206 1708 2256 accedit,
1721 2206 1788 2244 hoc
1809 2206 1909 2258 tegit,
1929 2216 1961 2244 et
1977 2206 2091 2245 videri
2108 2222 2176 2246 non

1167 2283 1190 2314 Ε
1216 2268 1314 2307 sinit.
1335 2268 1524 2307 Didicistis
1552 2267 1731 2320 quomodo
1751 2269 1920 2321 possibile
1943 2269 2003 2320 sit,
2022 2279 2061 2307 ut
2082 2270 2176 2307 seriae

1215 2339 1393 2383 perpetuae
1418 2339 1585 2382 agantur,
1611 2339 1645 2368 et
1663 2345 1682 2368 a
1701 2340 1902 2384 temporum
1930 2331 2177 2369 observatione

1213 2391 1418 2430 liberemur.
1439 2393 1532 2430 Nam
1549 2400 1692 2444 propter
1712 2391 1781 2430 hoc
1799 2391 1897 2430 venit
1917 2393 2093 2430 Dominus
2109 2406 2175 2429 no-

1214 2461 1298 2501 ster,
1312 2462 1352 2490 ut
1368 2467 1430 2491 nos
1447 2452 1616 2490 liberaret
1632 2466 1652 2489 a
1674 2461 1875 2505 temporum
1895 2453 2100 2491 necessitate
2117 2469 2125 2490 :
2141 2462 2176 2490 et

1214 2513 1381 2564 efficeret,
1394 2523 1433 2552 ut
1451 2513 1559 2551 altius
1575 2513 1808 2561 evolarcmus,
1821 2514 1939 2565 etjam
1954 2514 1988 2550 in
2008 2513 2092 2551 ezelo
2109 2514 2173 2552 ha-

1155 2603 1204 2628 530
1215 2575 1380 2613 beremus
1410 2574 1685 2626 municipatum,
1705 2583 1738 2611 et
1765 2588 1846 2611 cum
1872 2573 1991 2611 adhuc
2013 2574 2174 2613 homines

1167 2641 1193 2670 Α
1216 2651 1357 2686 sumus,
1373 2636 1583 2687 angelorum
1597 2635 1820 2672 imitaremur
1838 2634 1963 2682 vitam,
1978 2649 2018 2672 ac
2033 2649 2086 2672 res
2106 2635 2174 2673 hu-

1214 2711 1338 2735 manas
1353 2710 1474 2734 omnes
1490 2695 1733 2733 irrideremus.
1750 2698 1823 2746 Age
1839 2695 1998 2744 hodie,si
2013 2695 2170 2747 videtur,

1214 2758 1341 2797 seriem
1363 2757 1555 2796 verborum
1576 2756 1669 2794 beati
1690 2757 1801 2794 Mosis
1822 2766 2017 2808 sequentes,
2038 2772 2076 2796 ca
2095 2772 2174 2809 quse

1213 2819 1458 2872 superioribus
1481 2818 1608 2855 diebus
1631 2817 1724 2855 dicta
1742 2828 1951 2870 sequuntur,
1971 2828 2172 2867 tractemus,

1213 2890 1245 2919 et
1262 2881 1345 2919 inde
1358 2880 1460 2920 vobis
1476 2893 1696 2932 apponamus
1719 2880 1939 2919 convivium.
1953 2873 2065 2919 'Scitis
2078 2881 2174 2919 enim

1212 2956 1291 2993 nos,
1311 2955 1394 2980 cnm
1412 2940 1572 2979 rediisset
1587 2955 1633 2979 ex
1648 2941 1908 2994 Mesopotamia
1923 2942 2047 2988 Jacob,
2065 2952 2098 2981 et
2114 2957 2174 2981 oe-

1158 3063 1250 3097 haud
1266 3062 1401 3097 difficile
1423 3072 1472 3096 est.
1487 3064 1651 3105 augurari,
1671 3063 1762 3108 quod
1786 3064 1872 3098 same
1887 3064 2077 3099 laborantes
2093 3067 2173 3100 dum

1157 3129 1216 3161 per
1237 3125 1308 3150 sata
1333 3119 1514 3149 transirent
1533 3115 1695 3159 sabbato,
1714 3119 1820 3160 spicas
1841 3118 1999 3152 vellerent
2011 3129 2043 3153 et
2063 3132 2175 3153 come-

1159 3169 1289 3210 derent,
1308 3182 1406 3214 quam
1423 3168 1554 3202 vivendi
1573 3169 1796 3210 frugalitatem
1820 3170 1875 3204 hic
1897 3179 1930 3204 et
1952 3171 2022 3205 aliis
2040 3174 2071 3204 in
2095 3173 2175 3205 locis

1159 3221 1420 3266 Chrysostomus
1455 3219 1699 3263 philosophiam
1738 3230 1849 3255 vocat.
1878 3223 2069 3256 ,ludaeorum
2097 3236 2175 3257 vero

1159 3273 1334 3307 audaciam
1353 3275 1502 3306 coercuit
1524 3272 1688 3315 Chris-tus,
1716 3282 1754 3306 ut
1780 3274 1904 3307 ibidem
1931 3284 2044 3307 narrat
2066 3276 2174 3321 Chry-

1153 3334 1332 3359 sostomus.
1356 3324 1536 3358 nomiliam
1560 3337 1664 3368 porro
1681 3325 1735 3358 hic
1754 3335 1974 3360 memoratam
1991 3328 2175 3361 amisimu:.

2193 1265 2266 1292 Gen.
2289 1263 2340 1293 33.

2195 1304 2336 1334 18.—2o.
