2516 3791
901 210 956 240 DF.
993 210 1114 240 ΛΝΝΛ
1150 207 1296 238 SERMo
1334 208 1363 236 Ι.

111 302 232 340 ὅάλλει
248 300 292 338 τὰ
310 297 486 352 πρακτέα·
506 297 567 336 καὶ
587 294 650 344 τὴν
682 294 825 346 δύναμιν
850 296 974 344 αὐτοῦ,
994 294 1053 333 καὶ
1071 295 1134 340 τῆς

110 362 226 416 ψήφου
253 360 317 408 τὴν
348 359 462 413 κρίσιν
493 358 551 397 διὰ
578 360 649 396 τῶν
678 360 741 404 τ-’ἤς
771 357 883 409 ὅψεως
914 355 1133 409 πραγμάτων

109 421 436 473 καταλαμβάνομεν.
473 419 589 458 “Ox-ow
624 418 692 473 γὰρ
727 418 822 457 ἔνδον
861 420 1040 470 κατηγορῇ
1071 418 1135 461 τῆς

109 483 280 538 ἁμαρτίας
294 513 304 532 ,
325 488 448 535 συγχεῖ
466 481 529 529 τὴν
557 481 636 534 ὄψιν
664 479 808 529 ἔξωθεν,
835 479 895 518 καὶ
921 479 1054 525 πολλῆς
1072 480 1134 523 τῆς

109 545 257 596 ἀθυμίας
277 546 418 597 πληροῖ.
442 541 558 582 Πάλιν
585 540 720 595 ὠχροὺς
741 540 923 594 ἐργάζεται
951 539 1011 578 καὶ
1036 554 1134 591 περι-

109 607 212 654 δεεῖς,
228 605 311 645 ὅταν
334 605 392 645 ἐπί
408 621 476 643 τινι
509 607 578 642 τῶν
598 603 789 656 αἰσχίστων
818 603 976 653 ἁλῶμεν,
994 601 1054 640 καὶ
1071 604 1134 648 τῆς

108 670 223 721 φωνῆς
241 666 302 719 μὲν
318 668 381 706 οὐκ
399 665 585 717 ἀκούομεν,
601 663 659 703 διὰ
678 664 713 702 δὲ
731 667 794 711 τῆς
809 662 932 708 ἔξωθεν
947 662 1058 716 ὄψεως
1071 661 1133 709 τὴν
1160 659 1184 690 Ῑ)

109 730 202 768 ἔνδον
229 727 412 781 γινομένην
445 726 681 780 ἀγανάκτησιν
715 728 925 778 θεωροῦμεν.
963 723 1067 763 Μετὰ
1099 723 1135 762 δὲ

108 789 239 828 τούτων
255 792 323 828 τῶν
343 788 404 827 δύο
422 788 480 827 καὶ
504 787 619 840 τρίτον
650 789 734 838 ἡμῖν
765 786 976 825 διδάσκαλον
1001 784 1135 824 ἐδείκνυ

110 850 344 905 προστεθέντα
359 849 455 904 παρὰ
473 851 534 896 τῆς
562 851 623 886 τοῦ
642 850 735 887 Θεοῦ
753 847 962 899 κηδεμονίας
979 849 998 886 ὁ
1016 847 1136 897 λόγος,

110 913 226 952 οὐκέτι
246 913 393 965 ἄφωνον,
413 910 572 965 καθάπερ
596 908 673 953 τοὺς
691 909 898 963 προτέρους,
915 909 1005 949 ἀλλὰ
1023 909 1116 964 λόγῳ
1128 942 1137 959 ,

109 974 168 1013 καὶ
187 973 410 1026 παραινέσει,
430 972 490 1012 καὶ
505 971 685 1025 συμβουλῇ
707 971 917 1025 ῥυθμίζοντα
943 975 1045 1024 ἡμῶν
1073 972 1137 1020 τὴν

109 1033 265 1087 γνώμην.
300 1036 333 1075 Τ
337 1035 365 1078 ίς
392 1034 428 1074 δὲ
460 1028 558 1078 οὗτός
587 1035 706 1078 ἐστιν;
733 1032 778 1073 Ὁ
807 1033 1140 1086 συγκεκληρωμένος

110 1096 249 1150 ἑκάστῳ
266 1096 401 1149 πατήρ.
427 1095 496 1135 Διὰ
522 1095 589 1149 γὰρ
607 1100 710 1135 τοῦτο
742 1097 917 1149 φιλεῖσθαι
944 1096 1042 1150 παρὰ
1070 1099 1139 1135 τῶν

110 1159 348 1211 γεννησάντων
372 1162 466 1210 ἡμᾶς
485 1157 737 1197 κατεσκεύασεν
754 1160 772 1196 ὁ
791 1157 898 1206 Θεὸς,
914 1156 971 1196 ἵνα
989 1159 1139 1198 παιδευ-

110 1221 170 1264 τὰς
189 1221 326 1273 ἔχωμεν
343 1223 406 1266 τῆς
422 1222 564 1272 ἀρετῆς.
587 1221 640 1259 Οὐ
657 1219 726 1275 γὰρ
744 1220 784 1259 τὸ
803 1225 945 1272 σπεῖραι
964 1225 1057 1260 ποιεῖ
1072 1236 1141 1259 πα-

113 1282 197 1336 τέρα
218 1282 334 1334 μόνον,
351 1281 440 1321 ἀλλὰ
468 1281 508 1320 τὸ
527 1283 713 1322 παιδεῦσαι
739 1283 855 1325 καλῶς
868 1297 876 1305 ·
899 1281 976 1320 οὐδὲ
994 1282 1035 1321 τὸ
1050 1285 1139 1330 κυῆ-
1166 1291 1192 1322 Ε

112 1360 171 1383 σαι
203 1343 339 1396 μητέρα
366 1343 566 1396 ἐργάζεται,
584 1343 675 1382 ἀλλὰ
699 1344 739 1383 τὸ
771 1344 895 1396 θρέψαι
924 1345 1053 1388 καλῶς.
1072 1344 1142 1383 Καὶ

109 1406 164 1446 ὅτι
184 1405 285 1445 τοῦτο’
301 1407 394 1445 ἐστιν
411 1406 536 1453 ἀληθὲς
547 1436 557 1454 ,
571 1405 630 1444 καὶ
645 1407 712 1458 οὐχ
727 1409 749 1452 ἠ
765 1405 865 1458 φύσις
877 1433 887 1452 ,
901 1406 980 1445 ἀλλ’
996 1409 1018 1454 ἡ
1035 1405 1142 1458 ἀρετὴ

112 1472 205 1506 ποιεῖ
242 1466 414 1520 πατέρας,
443 1467 540 1505 αὐτοὶ
569 1467 885 1520 συνομολογήσαιεν
918 1467 958 1505 ἂν
987 1470 1074 1519 ἡμῖν
1112 1469 1144 1506 οἳ

113 1536 234 1581 γονεῖς.
277 1528 369 1574 Τοὺς
406 1531 488 1580 γοῦν
527 1528 621 1573 υἱοὺς
661 1527 739 1573 τοὺς
781 1530 914 1568 ἑαυτῶν
952 1529 1143 1577 πολλάκις,

113 1590 253 1630 ἐπειδὰν
271 1590 422 1643 φαύλους
451 1590 550 1630 ἴδωσι
576 1590 781 1642 γενομένους
794 1620 804 1639 ,
824 1589 884 1628 καὶ
910 1591 959 1635 εἷς
974 1590 1144 1643 πονηρίαν

117 1651 465 1705 ἀποσκιρτήσαντας,
487 1654 550 1698 τῆς
577 1650 777 1703 συγγενείας
806 1654 870 1698 τῆς
890 1653 1022 1690 ἑαυτῶν
1042 1650 1146 1691 ἐκκό-

117 1728 276 1760 πτουσιν,
311 1711 630 1766 ἀποκηρύττοντες,
666 1711 802 1766 ἑτέρους
839 1716 1018 1756 ποιοῦντες
1058 1712 1147 1756 υἱοὺς

116 1774 307 1825 οὐδαμόθεν
323 1775 439 1818 αὐτοῖς
452 1773 622 1818 πολλάκις
637 1773 890 1826 προσήκοντας.
912 1767 1003 1829 ’Ἆρά
1018 1790 1052 1813 τι
1070 1774 1147 1814 τού-

116 1851 177 1874 του
197 1838 321 1887 γενοιτ’
336 1836 376 1874 ἂν
398 1834 687 1889 παραδοξότερον,
703 1834 785 1875 ὅταν
805 1835 863 1880 οὒς
882 1835 945 1887 μὲν
960 1836 1147 1889 ἐγέννησαν

118 1896 349 1946 ἐκὸάλλωσιν,
377 1897 436 1941 οὓς
463 1897 498 1936 δὲ
530 1900 592 1936 οὐκ
622 1896 808 1949 ἐγέννησαν
829 1897 1036 1951 εἷσάγωσιν;

118 1959 239 2003 ἁπλῶς
272 1962 357 2010 ἡμῖν
385 1962 497 1997 ταῦτα
531 1958 684 2011 εἴρηται,
720 1961 797 1998 ἀλλ’
829 1958 886 1999 ἵνα
923 1959 1054 2013 μάθῃς,
1095 1961 1148 2000 ὅτι

117 2020 320 2073 προαίρεσις
352 2018 485 2073 φύσεως
512 2019 751 2074 δυνατωτέρα,
784 2020 844 2059 καὶ
893 2020 982 2068 αὕτη
1015 2024 1147 2073 μᾶλλον

118 2081 250 2128 ἐκείνης
280 2080 339 2119 καὶ
351 2080 444 2126 υἱοὺς
463 2080 523 2119 καὶ
541 2081 695 2135 πατέρας
711 2087 821 2120 ποιεῖν
835 2082 946 2121 εἴωθε.
962 2083 1033 2122 Καὶ
1047 2086 1149 2122 τοῦτο

120 2142 156 2180 δὲ
187 2144 250 2188 τῆς
269 2145 328 2181 τοῦ
346 2143 438 2182 Θεοῦ
467 2142 676 2193 κηδεμονίας
696 2142 794 2195 ἔργον
820 2143 974 2195 ἐγένετο,
991 2144 1032 2184 τὸ
1059 2145 1149 2196 μήτε

116 2202 267 2254 γυμνοὺς
285 2205 349 2250 τῆς
370 2204 520 2255 φυσικῆς
540 2203 724 2247 διαθέσεως
744 2205 881 2256 ἀφεῖναι
895 2205 1056 2257 γενέσθαι
1070 2205 1149 2250 τοὺς

116 2265 243 2308 παῖδας
259 2294 269 2312 ,
291 2264 379 2315 μήτε
394 2265 435 2304 τὸ
453 2271 522 2303 πᾶν
540 2265 726 2318 ἐπιτρέψαι
743 2265 850 2303 πάλιν
872 2265 998 2320 ἐκείνῃ.
1019 2268 1065 2306 Εἰ
1083 2267 1146 2319 μὲν

116 2326 184 2378 γὰρ
199 2327 280 2378 μηδ’
297 2325 386 2370 ὅλως
396 2325 540 2377 ἔμελλον
557 2327 668 2379 φιλεῖν
685 2325 764 2370 τοὺς
783 2329 916 2367 ἑαυτῶν
937 2327 1030 2373 υἱοὺς
1048 2331 1079 2368 οἱ
1094 2346 1148 2381 γο-

118 2393 186 2431 νεῑς
205 2386 339 2438 ἀνάγκη
358 2386 553 2439 κινούμενοι
569 2389 711 2440 φυσικῇ,
722 2389 799 2426 ἀλλ’
817 2388 886 2428 ἀπὸ
906 2391 975 2428 τῶν
997 2389 1147 2444 τρόπων,

119 2446 179 2485 καὶ
198 2450 266 2486 τῶν
299 2447 579 2501 κατορθωμάτων
600 2447 716 2499 μόνον,
735 2448 884 2494 πολλοὺς
902 2449 942 2489 ἂν
974 2444 1061 2495 εἶδες
1084 2451 1149 2496 ἔξω

119 2511 181 2555 τῆς
195 2508 359 2561 πατρῴας
372 2508 482 2552 οἷκίας
496 2508 696 2562 γινομένους
717 2509 776 2549 διὰ
789 2509 853 2559 τὴν
875 2512 1006 2552 οἰκείαν
1025 2515 1149 2566 ὀλιγω-

122 2569 210 2622 ρίαν,
230 2569 289 2608 καὶ
309 2569 550 2622 διασπώμενον
563 2573 666 2621 ἡμῶν
686 2571 726 2610 τὸ
734 2571 842 2624 γένος.
854 2573 970 2612 Πάλιν
983 2576 1013 2613 εἷ
1027 2574 1067 2614 τὸ
1080 2582 1149 2614 πᾶν

119 2630 287 2684 ἐπέτρεψε
304 2633 347 2683 τῇ
361 2631 536 2684 τυραννίδι
548 2634 611 2678 τῆς
629 2631 784 2685 φύσεως,
797 2633 856 2672 καὶ
876 2635 964 2685 μηδὲ
981 2635 1151 2691 πονηροὺς

119 2692 219 2735 ὄντας
239 2699 353 2743 μισεῖν
370 2695 517 2747 ἀφῆκεν,
538 2693 629 2733 ἀλλὰ
650 2693 710 2733 καὶ
729 2695 949 2748 ὖὸριζόμενοι
964 2698 1024 2736 καὶ
1041 2698 1150 2754 μυρία

120 2753 314 2805 πάσχοντες
334 2755 418 2806 παρ’
435 2757 549 2794 αὐτῶν
569 2756 600 2796 οῖ
619 2755 767 2809 πατέρες
798 2757 891 2796 δεινὰ
903 2788 914 2806 ,
934 2757 990 2797 διὰ
1005 2759 1069 2807 τὴν
1088 2763 1150 2807 τῆς

120 2813 252 2866 φύσεως
271 2814 423 2866 ἀνάγκην
441 2816 560 2868 ἔμενον
585 2817 833 2870 θεραπεύοντες
865 2819 1071 2872 ὑὸρίζοντας
1090 2821 1150 2860 καὶ

123 2877 416 2927 ἔμπαροινοῦντας
449 2878 564 2922 αὐτοῖς
589 2878 668 2924 τοὺς
688 2881 836 2929 παῖδας,
863 2883 910 2925 εἷς
929 2881 1078 2934 ἔσχατον
1110 2882 1149 2921 ἂν

122 2937 252 2981 κακίας
273 2938 313 2977 τὸ
338 2937 433 2990 γένος
459 2942 544 2989 ἡμῖν
571 2939 765 2983 ἐξώλισθεν.
783 2943 830 2981 Εἰ
862 2943 931 2996 γὰρ
958 2949 1016 2984 νῦν
1043 2947 1081 2984 οὗ
1112 2945 1151 2983 τὸ

122 3005 192 3036 πᾶν
213 2998 355 3051 ἔχοντες
373 3002 416 3052 τῇ
438 2999 539 3053 φύσει
558 3003 694 3054 θαρῥεῖν
714 3004 745 3043 οἱ
763 3004 906 3053 παῖδες,
926 3007 1003 3045 ἀλλ’
1024 3006 1152 3051 εἰδότες

122 3061 175 3099 ὅτι
194 3061 318 3100 πολλοὶ
331 3062 509 3114 γενόμενοι
528 3064 672 3115 φαῦλοι,
687 3064 747 3102 καὶ
771 3067 834 3112 τῆς
853 3066 964 3112 οἰκίας
976 3097 986 3117 ,
1009 3069 1070 3106 καὶ
1088 3071 1151 3116 τῆς

125 3121 242 3166 οὐσίας
261 3122 422 3167 ἐξέπεσον
435 3126 497 3170 τῆς
514 3127 703 3178 πατρικῆς,
719 3124 814 3177 ὅμως
827 3129 1005 3182 πολλαχοῦ
1017 3132 1068 3183 τῷ
1081 3133 1150 3169 τῶν

125 3182 252 3234 γονέων
272 3184 406 3237 φίλτρῳ
440 3187 644 3238 θαρροῦντες
671 3186 904 3239 ἐνυὸρίζουσιν
926 3192 973 3234 εἷς
990 3190 1068 3236 τοὺς
1094 3208 1151 3231 τε-

126 3243 264 3287 κόντας·
295 3247 324 3283 εἷ
345 3245 394 3296 μὴ
419 3245 660 3299 συνεχώρησεν
681 3248 793 3292 αὐτοῖς
819 3251 837 3286 ὁ
867 3250 957 3295 Θεὸς
974 3252 1035 3290 καὶ
1059 3256 1150 3304 ἀγα-

127 3311 277 3351 νακτεῖν,
303 3306 363 3358 καῖ
395 3307 584 3354 ἐπεξιέναι,
617 3308 677 3346 καὶ
707 3308 835 3354 κακοὺς
864 3313 1062 3364 γινομένους
1091 3316 1152 3353 ἐκ-

129 3365 268 3404 Zamam
293 3367 370 3411 τοὺς
389 3369 535 3415 παῖδας,
551 3373 617 3408 ποῦ
647 3370 814 3422 πονηρίας
832 3371 872 3409 ἂν
893 3372 1064 3423 ἔστησαν,
1085 3376 1153 3414 Διὰ

128 3431 236 3466 ταῦτα
257 3428 316 3467 καὶ
341 3431 383 3480 τῇ
404 3431 465 3475 τῆς
483 3430 617 3481 φύσεως
641 3430 776 3483 ἀνάγκῃ
791 3461 801 3480 ,
821 3433 882 3471 καὶ
901 3436 951 3486 τῷ
979 3438 1046 3474 τῶν
1067 3454 1151 3474 παι-

2066 191 2159 240 8ιὸ

1206 305 1262 336 cta
1276 307 1475 338 cernentem
1490 300 1537 339 ad
1551 301 1627 353 ejus
1642 300 1704 352 qui
1725 300 1839 353 ipsam
1862 299 2021 342 condidit
2038 303 2157 341 admi-

1208 361 1381 398 rationem
1406 359 1584 400 traducit:
1603 361 1817 400 conscientia
1840 375 1939 413 vero,
1960 377 2039 413 quae
2065 363 2160 402 intus

1207 419 1331 473 dictat,
1342 423 1461 462 omnia
1475 437 1552 474 qna:
1564 423 1724 462 facienda
1737 433 1818 464 sunt
1833 425 2003 477 suggerit,
2018 426 2162 478 ejusque

1209 479 1379 520 virtutem
1387 481 1607 534 etjudicium
1616 496 1661 521 ex
1671 483 1748 535 ipso
1758 497 1876 522 rerum
1886 492 2030 536 aspectu
2040 483 2163 535 depre-

1209 542 1412 582 hendimus.
1424 544 1522 583 Dum
1529 543 1623 583 enim
1632 543 1726 583 intus
1733 554 1916 598 peceatum
1925 554 2078 594 accusat,
2087 545 2163 583 vul-

1209 613 1288 643 tum
1298 605 1481 644 confundit
1489 606 1658 655 exterius,
1667 620 1708 645 ac
1718 607 1832 646 multo
1839 620 1989 647 moerorc
1999 608 2162 661 complet.

1211 667 1350 707 Rursus
1373 667 1528 721 pallidos
1552 667 1671 708 reddit
1700 678 1733 707 et
1760 668 1926 722 pavidos,
1953 684 2035 709 cum
2064 671 2100 709 in
2128 685 2164 708 re

1208 727 1328 780 aliqua
1354 730 1451 783 turpi
1480 730 1655 770 fuerimus
1685 729 1920 784 deprehensi;
1943 746 2067 772 vocem
2095 746 2163 771 non

1209 789 1389 840 audimus,
1405 789 1467 829 sed
1485 804 1548 842 per
1566 799 1753 829 externum
1774 800 1955 844 aspectum
1976 791 2166 843 ingenera-

1210 857 1284 890 tam
1313 851 1408 890 intus
1437 851 1717 903 indignationem
1748 852 2042 905 contemplamur.
2075 854 2167 892 Cum

1211 909 1269 949 his
1287 919 1406 949 autem
1438 909 1580 949 duobus
1609 910 1755 949 tertium
1779 924 1921 962 quoque
1945 910 2126 949 doctorem
2147 926 2168 949 a

1213 971 1280 1010 Dei
1296 971 1523 1025 providentia
1543 971 1650 1010 fuisse
1667 971 1877 1025 adjunctum
1891 973 2002 1012 oratio
2015 972 2167 1012 demon-

1213 1033 1364 1085 strabat,
1381 1047 1451 1072 non
1462 1035 1539 1087 jam
1561 1043 1702 1073 mutum
1715 1043 1754 1072 ut
1771 1034 1918 1087 priores,
1934 1034 1995 1074 sed
2015 1036 2075 1087 qui
2096 1049 2170 1074 ser-

1214 1108 1332 1146 mone,
1357 1095 1619 1146 admonitione,
1647 1095 1795 1135 consilio
1821 1096 1982 1134 animum
2010 1106 2171 1135 nostrum

1215 1166 1457 1210 componeret.
1474 1157 1566 1206 Quis
1585 1157 1645 1196 ille
1666 1172 1771 1211 porro
1790 1158 1868 1197 est?
1887 1158 1962 1206 Qui
1980 1158 2174 1196 attributus

1215 1227 1268 1258 est
1289 1218 1480 1271 unicuique
1503 1218 1660 1257 nascenti
1682 1228 1796 1272 pater.
1819 1219 1903 1258 Ideo
1924 1233 2074 1270 namque
2093 1219 2175 1259 fecit

1218 1281 1330 1332 Deus,
1348 1289 1422 1319 uta
1437 1280 1645 1334 parentibus
1658 1279 1906 1332 diligeremur,
1922 1289 1961 1319 ut
1977 1291 2174 1334 praecepto-

1217 1356 1272 1380 res
1288 1342 1434 1382 virtutis
1453 1341 1683 1381 haberemus.
1701 1342 1781 1381 Non
1797 1342 1891 1381 enim
1911 1342 2074 1396 genuisse
2092 1352 2174 1382 tan-

1218 1412 1295 1442 tum
1313 1412 1452 1456 patrem
1473 1403 1597 1453 efficit,
1616 1403 1679 1443 sed
1698 1412 1792 1443 recte
1819 1403 2013 1443 instituisse
2034 1420 2042 1442 ε
2064 1419 2176 1457 neque

1216 1464 1397 1518 peperisse
1427 1473 1579 1516 tantum,
1606 1464 1668 1504 sed
1703 1474 1797 1504 recte
1825 1464 1993 1506 educasse
2025 1477 2175 1506 matrem

1217 1525 1347 1565 reddit.
1375 1527 1490 1578 Atque
1516 1526 1586 1565 hoc
1610 1540 1738 1567 verum
1765 1540 1852 1578 esse,
1870 1541 1983 1580 neque
2011 1537 2175 1567 naturam

1218 1586 1282 1626 sed
1294 1587 1464 1627 vimitem
1477 1596 1595 1640 patres
1609 1588 1762 1640 efficere,
1777 1589 2041 1628 confitebuntur
2051 1604 2176 1642 paren<

1219 1657 1272 1687 tes
1287 1648 1367 1701 ipsi.
1388 1649 1480 1688 Sane
1499 1648 1645 1701 quidem
1665 1649 1760 1688 filios
1787 1663 1870 1688 suos
1894 1664 1986 1703 saepe
2005 1665 2087 1689 cum
2108 1651 2175 1690 de-

1220 1710 1380 1763 pravatis
1392 1710 1552 1750 moribus
1572 1725 1646 1750 esse
1664 1710 1835 1760 viderint,
1853 1720 1958 1763 atque
1977 1712 2014 1750 in
2037 1713 2175 1766 impro-

1219 1772 1369 1811 bitatem
1380 1772 1623 1825 degenerasse,
1639 1787 1685 1812 ex
1694 1787 1842 1812 suorum
1855 1773 1935 1813 illos
1947 1785 2179 1827 cognatorum

1221 1847 1370 1872 numero
1400 1834 1560 1887 ejiciunt,
1589 1833 1769 1884 abdicant,
1794 1834 1883 1874 alios
1911 1835 1980 1874 sibi
2007 1835 2180 1889 adoptant

1067 1901 1149 1952 Οὐχ
1173 1875 1210 1942 Δι’
1222 1894 1332 1947 filios,
1365 1895 1428 1946 qui
1457 1895 1556 1934 nulla
1589 1895 1659 1934 sibi
1685 1904 1785 1934 erant
1807 1896 2073 1948 propinquitate
2096 1911 2179 1936 con-

1218 1955 1345 2009 juncti.
1358 1957 1413 1994 An
1427 1969 1512 1996 vero
1526 1955 1723 2008 quidquam
1733 1955 1804 1995 hoc
1816 1957 1895 1995 fieri
1906 1966 2020 2010 potest
2033 1958 2179 1998 mirabi-

1221 2017 1304 2068 lius,
1312 2031 1421 2070 quam
1432 2026 1471 2055 ut
1481 2031 1568 2070 quos
1575 2027 1781 2070 genuerant,
1792 2018 1935 2071 ejiciant
1945 2034 2050 2072 :quos
2059 2029 2178 2059 autem

1221 2093 1289 2118 non
1301 2088 1510 2132 genuerunt,
1518 2079 1587 2118 sibi
1597 2079 1823 2119 adsciscant?
1834 2081 1865 2120 N
1868 2095 1913 2120 on
1925 2080 2001 2120 sine
2012 2095 2117 2120 causa
2126 2081 2178 2120 di·
2213 2081 2322 2131 ‚li—{stri
2336 2094 2383 2129 3¹-

1220 2149 1275 2180 cta
1288 2149 1369 2180 sunt
1379 2140 1456 2179 haec
1467 2154 1488 2179 a
1497 2140 1612 2191 nobis,
1621 2140 1728 2180 sedut
1737 2141 1828 2180 scias
1838 2142 2010 2195 majorem
2019 2156 2093 2181 esse
2102 2142 2177 2182 vim
2191 2125 2273 2199 Ῑζξζω
2288 2135 2383 2205 ᾙζῒζ

1221 2202 1325 2241 liberi
1345 2202 1487 2241 arbitrii
1508 2217 1617 2254 quam
1639 2212 1788 2254 naturae,
1802 2212 1908 2255 atque
1925 2204 2039 2256 ipsam
2059 2205 2178 2257 potius
2193 2215 2311 2237 natum.

1221 2278 1329 2316 quam
1359 2263 1460 2302 illam
1486 2272 1604 2316 patres
1632 2264 1770 2304 efficere
1795 2265 2031 2305 consuevisse.
2055 2266 2179 2305 Enim-

1222 2339 1307 2365 vero
1325 2324 1459 2364 divinae
1478 2325 1547 2364 hoc
1566 2338 1656 2378 opus
1667 2325 1736 2364 fuit
1748 2325 1998 2379 providentia),
2015 2336 2054 2365 ut
2069 2341 2181 2379 neque

1223 2386 1379 2425 naturali
1412 2386 1541 2425 affectu
1575 2386 1766 2426 destitutos
1790 2386 1923 2427 liberos
1949 2387 2178 2439 relinqueret,

1222 2462 1335 2500 neque
1364 2457 1480 2487 totum
1508 2462 1632 2487 rursus
1659 2448 1714 2486 illi
1743 2449 1988 2488 committeret.
2017 2450 2055 2488 Si
2086 2450 2179 2488 enim

1223 2510 1324 2549 nulla
1352 2510 1492 2564 penitus
1522 2509 1669 2562 impulsi
1694 2509 1900 2548 necessitate
1922 2519 2056 2548 naturae
2086 2510 2179 2549 filios

1225 2585 1307 2611 suos
1319 2580 1484 2624 parentes
1498 2570 1662 2609 dilecturi
1679 2570 1841 2621 fuissent,
1859 2569 1920 2609 sed
1939 2584 2080 2609 morum
2095 2586 2177 2624 pro-

1223 2633 1334 2672 bitate
1360 2641 1498 2671 tantum
1527 2641 1560 2670 et
1589 2640 1682 2670 recte
1709 2632 1884 2670 factorum
1910 2631 2028 2671 studio
2057 2633 2178 2682 ducti,

1224 2694 1355 2733 multos
1387 2693 1544 2747 paternis
1574 2692 1712 2732 aedibus
1751 2701 1892 2732 exactos
1920 2693 1967 2733 ob
1997 2694 2178 2747 ignaviam

1223 2769 1336 2805 suam,
1348 2764 1535 2806 totumque
1559 2768 1669 2806 genus
1684 2753 1882 2793 humanum
1899 2755 2031 2807 passim
2049 2755 2177 2794 distra-

1223 2825 1321 2855 ctum
1344 2830 1384 2854 ac
1405 2815 1621 2868 dissipatum
1644 2815 1809 2855 vidisses.
1831 2817 1870 2856 Si
1886 2832 2010 2856 rursus
2029 2832 2104 2856 rem
2128 2827 2179 2857 to-

1223 2886 1296 2916 tam
1311 2876 1495 2930 tyrannidi
1514 2886 1648 2915 naturae
1669 2877 1914 2928 commisisset,
1937 2887 1971 2917 et
1986 2869 2029 2917 ne
2044 2879 2177 2932 impro-

1224 2939 1288 2980 lzos
1313 2937 1461 2990 quidem
1490 2937 1573 2976 odio
1601 2938 1766 2990 prosequi
1794 2938 2023 2992 permisisset,
2046 2940 2108 2979 sed
2133 2940 2179 2978 ab

1224 2999 1296 3038 illis
1316 2998 1549 3039 contumelias
1562 3007 1595 3038 et
1616 2999 1803 3039 innumera
1829 3000 1922 3039 mala
1950 3002 2043 3054 passi
2064 3010 2179 3054 patres

1224 3071 1360 3101 naturae
1384 3061 1591 3100 necessitate
1607 3060 1766 3101 devincti
1784 3062 1870 3101 filiis
1886 3062 1922 3100 in
1942 3077 1978 3101 se
1999 3072 2179 3101 contume-

1224 3123 1323 3162 liosis
1343 3136 1384 3162 ae
1406 3121 1708 3162 debacchantibus
1723 3122 1878 3161 blandiri
1893 3138 1962 3162 non
1976 3131 2178 3171 cessassent,

1225 3184 1272 3222 ad
1294 3198 1474 3222 summum
1505 3183 1672 3234 nequitiae
1692 3184 1832 3222 culmen
1852 3199 1962 3237 genus
1981 3184 2178 3221 humanum

1226 3254 1435 3298 provectum
1455 3254 1554 3284 esset.
1569 3246 1661 3284 Nam
1677 3246 1705 3284 si
1723 3260 1815 3284 nunc
1834 3260 1915 3284 eum
1936 3246 2078 3283 omnino
2098 3259 2179 3283 con·
2215 3264 2285 3293 μὴ,
2300 3265 2380 3301 ΡΨ,

1229 3306 1337 3345 sidere
1348 3316 1482 3345 naun-:e
1496 3320 1564 3344 non
1578 3306 1713 3359 possint
1729 3307 1811 3355 filii,
1830 3306 1889 3344 sed
1907 3306 2035 3343 multos
2052 3305 2176 3355 sciant,
2193 3307 2365 3333 ²¹1«¹·⁶··¹¹¹¹¹¹·

1228 3382 1310 3407 eum
1339 3367 1522 3420 depravati
1550 3377 1677 3417 essent,
1700 3377 1732 3406 et
1752 3366 1858 3405 donno
1889 3376 1921 3404 et
1954 3367 2180 3405 stieultatibns
2195 3353 2383 3416 {ufmnu'

1231 3436 1385 3489 lmternis
1405 3435 1590 3481 excidisse,
1607 3449 1697 3486 sa‘pe
1721 3444 1832 3472 tamen
1854 3443 2041 3485 parentum
2061 3448 2181 3472 amore
