2483 3791
772 195 816 225 ix
853 195 954 226 car.
997 197 1046 226 u.
1087 195 1249 226 neuras.
1291 196 1446 226 nonus„
1487 197 1581 227 xvi.
2099 191 2183 249 147

133 280 169 317 ἐν
188 278 326 330 σώματι
339 278 566 332 τυγχάνοντες
581 277 625 317 τὰ
639 281 707 317 τῶν
718 279 891 330 σωμάτων
901 282 966 332 οὐχ
978 279 1159 331 ὑπέμενον·
1234 280 1270 318 in
1288 293 1435 333 corpore
1453 280 1546 319 nihil
1557 281 1737 334 corporale
1752 283 1898 321 tulerint
1913 299 1920 320 :
1944 297 2055 336 neque
2074 295 2163 324 tecto
2175 318 2185 335 ,

133 340 210 379 οὔτε
239 341 306 393 γὰρ
335 340 480 392 στέγης,
496 340 573 380 οὔτε
601 339 726 393 ὀρόφου
739 372 749 389 ,
779 341 857 380 οὔτε
878 341 1061 392 ιιἱματίου,
1083 341 1161 380 οὔτε
1234 354 1347 392 neque
1361 351 1471 390 veste,
1491 356 1606 393 neque
1620 341 1690 380 alio
1701 342 1763 380 tali
1776 343 2058 396 opushabentcs.
2075 347 2186 385 Porro

133 402 240 441 ἄλλου
258 402 390 445 οὐδενὸς
408 403 476 440 τῶν
497 401 662 440 τοιούτων
679 402 824 442 ἐδέοντο.
848 402 918 442 Καὶ
938 404 1003 455 οὐχ
1021 403 1141 447 ἁπλῶς
1153 433 1162 451 ,
1184 414 1208 444 Ε
1233 401 1550 455 divinaScriptura
1559 416 1628 441 non
1639 403 1891 456 simpliciteret
1906 404 2039 456 absque
2052 406 2187 445 ratione

133 462 210 501 οὐδὲ
239 465 315 516 εἰκῇ
341 468 441 502 τοῦτο
468 465 552 514 ἡμῖν
577 463 826 515 ἐπεσημήνατο
856 467 878 511 ἡ
910 464 983 502 θεία
1019 464 1162 517 Γραφὴ,
1235 463 1301 502 hoc
1326 463 1428 502 nobis
1447 464 1681 515 significavit,
1698 464 1761 503 sed
1781 474 1820 504 ut
1841 479 1922 504 cum
1950 465 2186 506 didicerimus

132 525 210 564 ἀλλ’
230 525 287 564 ἵνα
314 525 480 577 μαθόντες
506 524 569 572 τὴν
590 525 721 564 ἄλυπον
742 528 855 564 αὐτῶν
874 525 1005 572 ταύτην
1037 526 1162 576 διαγω-
1234 525 1345 563 vitam
1364 525 1508 564 illorum
1531 525 1683 564 tristitia:
1709 525 1914 578 dolorisque
1942 537 2136 580 expertem,
2153 538 2187 566 et

132 586 215 639 γὴν,
247 587 307 626 καὶ
339 588 397 626 τὸν
418 587 589 627 ἀνώδυνον
612 587 707 639 βίον,
727 588 787 627 καὶ
814 587 878 636 τὴν
895 587 1096 639 ἀγγελικὴν,
1116 590 1163 631 ὡς
1233 586 1433 638 angelicum
1464 585 1654 637 quemdam
1683 595 1828 636 statum,
1847 597 1886 625 ut
1915 587 1963 626 ita
1990 588 2124 640 dicam,
2153 599 2187 626 et

133 651 255 694 εἰπεῖν,
274 649 502 696 κατάστασιν,
523 648 662 688 ἐπειδὰν
693 649 820 700 ἴδωμεν
841 648 929 700 μετὰ
958 650 1069 686 ταῦτα
1088 648 1162 685 τού·
1235 655 1354 698 postea
1377 647 1573 684 viderimus
1600 661 1658 685 cos
1677 648 1844 686 omnibus
1868 648 1942 688 illis
1968 649 2128 701 destitui,
2153 661 2189 690 et

133 726 202 748 των
223 711 387 750 ἁπάντων
410 711 560 763 ἐρήμους
582 709 704 754 αὐτοὺς
731 709 953 762 γενομένους,
975 707 1035 747 καὶ
1056 708 1163 746 καθά·
1234 707 1337 757 quasi
1356 722 1375 745 e
1390 708 1529 758 magnis
1547 707 1686 746 divitiis
1703 709 1737 747 in
1755 719 1951 748 extremam
1968 711 2126 765 inopiam
2140 728 2190 752 rc-

133 787 201 825 περ
228 772 324 811 θάπὸ
343 773 476 819 πολλῆς
500 770 651 810 πλούτου
670 769 872 823 περιουσίας
900 772 948 813 εἰς
973 768 1162 822 ἐλαχίστην
1175 802 1222 827 12¹⁴
1234 766 1327 818 digi,
1341 768 1503 820 ipsorum
1519 768 1746 819 negligenti-¹1:
1766 779 1882 807 totum
1903 771 2000 821 quod
2017 773 2059 811 fit
2074 773 2190 812 ascri-

132 832 254 870 πενίαν
282 831 573 885 κατενεχθέντας,
605 834 649 883 τῇ
685 831 838 883 ῥᾳθυμίᾳ
877 831 989 869 αὐτῶν
1024 831 1064 869 τὸ
1093 837 1162 868 πᾶν
1186 840 1209 868 Α
1236 828 1375 867 bamus.
1391 830 1518 880 Operae
1538 829 1695 880 pretium
1714 838 1832 868 autem
1847 831 1936 869 lecta
1951 832 2028 884 ipsa
2052 834 2189 874 audire.

133 892 394 946 ἐπιγράψωμεν.
431 893 632 944 Ἀναγκαῖον
662 891 698 930 δὲ
729 895 875 930 ἀκοῦσαι
910 894 979 930 τῶν
1007 893 1164 943 ἀνεγνω-
1237 890 1342 939 Nam,
1363 899 1402 928 ut
1434 889 1530 928 dixit
1555 890 1678 929 beatus
1697 892 1826 940 Moses,
1852 892 1950 943 quod
1967 893 2055 931 nudi
2075 905 2188 945 erant,

133 952 282 1005 σμένων.
317 953 438 992 Εἰπὼν
454 953 522 1006 γὰρ
541 956 559 991 6
579 953 749 1006 μακάριος
775 955 948 1000 Μωϋσῆς,
968 953 1021 992 ὅτι
1041 952 1164 1004 γυμνοὶ
1236 960 1269 989 ct
1286 965 1355 989 non
1371 952 1626 990 erubescebant
1645 955 1772 1003 (neque
1786 953 1882 991 enim
1896 953 2055 993 sciebant
2075 969 2112 994 se
2125 970 2191 995 nu-

133 1010 236 1064 ἧσαν,
252 1015 311 1054 καὶ
331 1018 394 1054 οὐκ
414 1015 604 1069 ᾐσχύνοντο
629 1015 730 1064 (οὐδὲ
762 1015 830 1068 γὰρ
857 1015 998 1064 ᾔδεισαν
1020 1014 1074 1053 ὅτι
1100 1031 1164 1066 γυ-
1236 1012 1301 1052 dos
1326 1028 1412 1059 esse,
1445 1013 1535 1051 mira
1563 1013 1677 1066 gloria
1706 1014 1788 1052 illos
1814 1015 1983 1054 vestiente
2011 1025 2044 1054 et
2078 1018 2192 1069 magis

135 1077 214 1127 μνοὶ
246 1071 358 1124 ἦσαν,
388 1080 451 1124 τῆς
487 1076 586 1123 δόξης
613 1080 676 1124 τῆς
708 1076 841 1129 ἀφάτου
873 1076 1165 1128 περιστελλούσης
1237 1090 1346 1127 quam
1376 1076 1473 1113 ullus
1500 1075 1650 1113 vestitus
1686 1077 1858 1126 ornanteN,
1886 1077 2016 1128 inquit,
2048 1080 2084 1117 1.
2108 1079 2193 1118 Ser·
2211 1095 2332 1124 Confi,

135 1137 275 1185 αὐτοὺς,
309 1138 368 1176 καὶ
402 1139 530 1183 παντὸς
556 1138 696 1189 ἱματίου
717 1140 847 1189 μᾶλλον
867 1137 990 1181 αὐτοὺς
1011 1138 1164 1189 κοσμού-
1234 1151 1330 1189 pens
1345 1146 1474 1175 autem
1491 1146 1573 1175 erat
1590 1138 1915 1189 prudentissimus
1935 1142 2109 1177 omnium
2130 1143 2194 1180 be-

135 1216 199 1247 ο-ης
214 1204 241 1247 >,
270 1199 390 1252 φησὶν,
408 1199 454 1238 Ὁ
471 1199 507 1238 δὲ
524 1200 599 1252 ὄφις
615 1194 656 1246 ἦν
673 1198 934 1251 φρονιμώτατος
950 1202 1020 1237 τῶν
1036 1200 1165 1251 θηρίων
1237 1200 1417 1246 sciarzmz,
1458 1210 1543 1249 qzcoe
1578 1210 1692 1249 super
1718 1206 1875 1245 terram,
1914 1211 2013 1250 quas
2033 1201 2194 1251 fecerat

135 1261 276 1299 πάντων
292 1263 360 1298 τῶν
379 1261 437 1299 ἐπὶ
456 1264 519 1308 τῆς
547 1263 628 1313 γῆς,
649 1255 697 1298 ὧν
719 1260 860 1307 ἐποίησε
881 1260 1008 1314 Κύριος
1027 1263 1045 1298 6
1060 1261 1164 1305 Θεός.
1238 1259 1433 1296 Dominus
1463 1259 1582 1296 Deus.
1611 1259 1664 1296 Et
1696 1258 1797 1296 dixit
1823 1272 1978 1311 serpens
2008 1260 2162 1298 mulieri
2182 1277 2193 1298 .·

137 1321 207 1360 Καὶ
233 1315 326 1360 εἶπεν
346 1325 376 1361 ὁ,
388 1322 463 1374 ὄφις
478 1324 522 1373 τῇ
541 1321 697 1373 γυναικί·
719 1321 753 1359 τί
772 1322 824 1359 ὅτι
851 1315 944 1360 εἶπεν
961 1325 980 1359 6
1000 1322 1106 1369 Θεὸς,
1129 1324 1168 1360 οὐ
1244 1320 1349 1370 Quid
1363 1319 1469 1371 quod
1483 1319 1584 1357 dixit
1595 1320 1716 1368 Deus,
1730 1320 1790 1357 Ne
1804 1320 2016 1359 comedatis
2028 1335 2075 1359 ex
2090 1326 2198 1360 omni

137 1383 186 1433 μὴ
204 1384 336 1436 φάγητε
353 1384 422 1422 ἀπὸ
453 1384 582 1428 παντὸς
611 1383 710 1428 ξύλου
736 1388 796 1422 τοῦ
822 1383 1168 1436 παραδείσου;“ορα
1240 1382 1346 1433 ligno
1377 1382 1482 1433 quod
1515 1389 1572 1419 est
1600 1384 1642 1418 in
1674 1382 1893 1433 paradiso?
1922 1382 2019 1421 Vide
2047 1383 2197 1436 maligni

135 1449 287 1498 πονηροῦ
307 1444 468 1495 δαίμονος
489 1445 696 1496 βασκανίαν,
723 1445 784 1482 καὶ
803 1444 1024 1484 πολύπλοκον
1045 1461 1166 1498 μηχα-
1238 1442 1412 1480 daemonis
1441 1442 1691 1492 invidentiam,
1719 1451 1753 1480 et
1788 1443 2006 1496 multiplices
2039 1444 2195 1483 technas.

135 1505 208 1553 νήν.
244 1506 390 1554 Ἐπειδὴ
406 1506 473 1559 γὰρ
494 1501 581 1545 εἶδεν
595 1509 629 1545 ἐν
646 1510 690 1558 τῇ
720 1505 888 1544 ἀνωτάτω
906 1508 1016 1557 ἶ’τιμῇ
1037 1507 1169 1559 τυγχά-
1191 1510 1212 1540 Β
1240 1503 1542 1556 Quandoquidem
1576 1503 1682 1542 scivit
1709 1503 1894 1542 hominem
1932 1505 2126 1543 formatum
2160 1505 2198 1544 in

134 1581 237 1604 νοντα
254 1567 312 1605 τὸν
329 1567 629 1620 δημιουργηθέντα
643 1568 906 1621 ἅνθρωπον,καὶ
924 1567 1020 1606 οὐδὲν
1041 1567 1166 1620 σχεδὸν
1239 1579 1380 1604 summo
1415 1579 1490 1604 esse
1530 1564 1684 1614 honore,
1718 1574 1753 1603 et
1793 1565 2058 1618 propemodum
2104 1566 2199 1604 nihil

134 1628 278 1666 ἔλαττον
299 1628 424 1681 ἔχοντα
450 1631 519 1666 τῶν
546 1629 718 1681 ἀγγέλων,
746 1630 908 1683 καθάπερ
941 1629 1000 1667 καὶ
1019 1633 1037 1669 6
1055 1629 1169 1680 μακά-
1239 1627 1357 1665 minus
1371 1627 1504 1665 habere
1523 1626 1659 1678 angelis
1677 1626 1779 1679 ipsis,
1804 1626 1898 1665 sicut
1918 1636 1952 1665 et
1976 1627 2102 1666 beatus
2125 1629 2198 1666 Da-

136 1705 207 1742 ριος
225 1690 337 1728 Δαυίδ
351 1706 470 1743 φησιν,
500 1691 731 1735 Ἤλάττωσας
758 1691 860 1730 αὐτὸν
886 1691 1000 1745 βραχύ
1019 1708 1054 1730 τι
1085 1697 1169 1745 παρ’
1239 1688 1305 1726 vid
1320 1687 1455 1738 inquit:
1473 1690 1657 1726 ,Minuisti
1672 1701 1760 1725 eum
1776 1688 1898 1739 paulo
1921 1691 2049 1727 minus
2062 1691 2112 1726 ab
2126 1703 2197 1727 an·
2212 1699 2302 1727 Psal.
2321 1699 2350 1730 8.
2367 1697 2400 1729 6.

135 1750 321 1802 ἀγγέλους·
343 1751 404 1789 καὶ
421 1755 523 1790 τοῦτο
549 1751 584 1791 δὲ
607 1753 690 1791 αὐτὸ
719 1752 759 1790 τὸ
785 1752 908 1805 Βραχὺ
921 1756 943 1799 ἡ
967 1756 1029 1799 τῆς
1047 1768 1169 1805 παρα-
1237 1749 1334 1801 gelis
1347 1765 1358 1784 :
1371 1758 1477 1799 atquc
1487 1749 1556 1787 hoc
1572 1749 1691 1801 ipsum
1702 1749 1831 1786 Paulo
1845 1752 1971 1788 minus
1989 1750 2196 1789 inobedien-

134 1814 217 1858 κοῆς
249 1811 404 1865 ἁμαρτία
443 1813 627 1865 εἰσήγαγε·
665 1813 754 1865 μετὰ
788 1813 856 1865 γὰρ
891 1814 954 1860 τὴν
985 1814 1168 1865 παρακοὴ»,
1238 1809 1298 1847 tiae
1314 1819 1500 1861 peccatum
1530 1809 1744 1858 introduxit5
1774 1823 1858 1847 nam
1883 1819 1965 1862 post
1983 1812 2196 1863 praevarica—

134 1876 234 1910 τοῦτο
253 1872 438 1923 ἐφθέγξατο
467 1876 484 1910 6
511 1875 712 1926 προφήτης·
743 1878 832 1927 ὁρῶν
858 1874 974 1912 τοίνυν
995 1873 1167 1925 1’ἄγγελον
1237 1870 1370 1909 tionem
1385 1871 1636 1922 hocloquutus
1646 1871 1900 1923 estpropheta:
1918 1871 2066 1910 videbat
2082 1872 2196 1924 igitur

135 1932 286 1982 ἐπίγειον
308 1933 365 1970 ἐπὶ
385 1937 449 1984 γῆς
465 1934 702 1987 τυγχάνοντα,
725 1937 786 1974 καὶ
805 1936 872 1974 ὑπὸ
891 1938 953 1982 τῆς
977 1936 1168 1987 βασκανίας
1239 1945 1344 1983 super
1362 1940 1493 1969 terram
1521 1931 1691 1983 angelum
1708 1940 1924 1980 terrestrem,
1952 1941 1984 1970 et
2011 1947 2031 1970 a
2051 1947 2115 1972 sua
2140 1948 2196 1972 ro-

136 1993 324 2044 τηκόμενος
338 1997 356 2032 6
371 1995 567 2047 ἀρχέκακος
597 1997 745 2048 δαίμων,
766 1997 886 2044 ἐπειδὴ
905 1998 1005 2041 αὐτὸς
1038 1999 1073 2035 ἐν
1092 2003 1169 2042 ταῖς
1237 1991 1391 2031 debatur
1411 1992 1551 2030 invidia
1574 1992 1714 2030 daemon
1734 1992 1913 2030 malorum
1935 2002 2080 2032 auctor:
2102 2009 2193 2046 quo-

136 2052 208 2090 ἅνω
227 2053 394 2103 δυνάμεσι
417 2056 526 2093 τελῶν
538 2085 547 2103 ,
565 2055 622 2094 διὰ
640 2056 838 2108 μοχθηρίαν
852 2056 1088 2109 προαιρέσεως
1106 2057 1166 2095 καὶ
1237 2053 1335 2090 niam
1348 2067 1430 2091 cum
1454 2054 1528 2105 ipse
1547 2054 1638 2091 inter
1665 2066 1834 2105 supernas
1858 2053 2010 2092 virtutes
2032 2064 2133 2105 esset,
2161 2066 2195 2095 et

136 2112 260 2156 κακίας
279 2114 475 2166 ὓπερὸολὴν
496 2117 536 2153 ἐκ
557 2121 618 2155 τοῦ
633 2117 740 2169 ὕψους
758 2116 890 2156 ἐκείνου
908 2117 1031 2170 ἐῤῥίφη
1050 2117 1166 2163 κάτω,
1236 2114 1282 2152 ob
1303 2114 1498 2153 voluntatis
1517 2128 1590 2152 suae
1609 2113 1819 2165 nequitiam,
1841 2123 1875 2152 ct
1894 2116 2073 2166 ingentem
2093 2117 2195 2155 mali-

134 2175 247 2225 πολλῇ
280 2173 451 2227 κέχρηται
481 2179 523 2226 τῇ
553 2181 720 2230 μηχανῇ,
739 2177 833 2217 ὥστε
863 2180 926 2224 τῆς
947 2177 1079 2221 εὐνοίας
1105 2182 1166 2216 τοῦ
1235 2175 1336 2224 tiam,
1369 2189 1389 2213 e
1415 2189 1555 2213 summo
1587 2175 1674 2213 caelo
1704 2175 1884 2228 projectus
1911 2176 2034 2225 fuerit,
2063 2191 2193 2230 magna

133 2236 225 2273 Θεοῦ
242 2236 551 2288 ἀποστερῆσαιτὸν
572 2238 766 2291 ἄνθρωπον,
778 2239 838 2278 καὶ
859 2238 1046 2290 ἀγνώμονα
1061 2237 1164 2277 αὐτὸν
1185 2245 1209 2276 C
1237 2251 1322 2276 usus
1352 2246 1403 2276 est
1424 2237 1701 2285 machinatione,
1730 2246 1770 2275 ut
1796 2246 1830 2275 et
1860 2236 2045 2276 hominem
2077 2239 2191 2290 gratia

133 2295 421 2348 ἀπεργασάμενος
453 2301 636 2350 γυμνῶσαι
663 2303 732 2339 τῶν
751 2301 924 2340 τοσούτων
941 2301 1080 2351 ἀγαθῶν
1095 2303 1165 2339 τῶν
1235 2299 1304 2338 Dei
1320 2299 1475 2353 privare,
1503 2307 1538 2337 et
1559 2299 1740 2350 ingratum
1769 2298 1917 2347 sactum,
1950 2299 2058 2338 tantis
2088 2300 2191 2339 bonis

132 2357 190 2396 διὰ
206 2357 270 2404 τὴν
289 2363 348 2397 τοῦ
361 2360 454 2398 Θεοῦ
471 2362 734 2415 φιλανθρωπίαν
750 2362 1041 2417 παρασχεθέντων
1057 2364 1163 2416 αὐτῷ.
1233 2375 1298 2414 per
1325 2361 1488 2399 divinam
1523 2360 1719 2398 honitatem
1748 2359 1817 2412 ipsi
1847 2360 2023 2399 concessis
2055 2361 2191 2401 nudare

134 2419 203 2457 Καὶ
222 2418 256 2456 τί
274 2426 382 2468 ποιεῖ,
402 2421 527 2474 Εὗρὼν
545 2422 585 2461 τὸ
606 2423 724 2478 θηρίον
747 2429 866 2474 τοῦτο,
883 2425 942 2464 τὸν
962 2425 1038 2477 ὄφιν
1053 2423 1164 2476 λέγω,
1233 2432 1362 2476 posset.
1383 2422 1431 2461 Et
1449 2421 1539 2474 quid
1556 2422 1666 2460 fecit?
1684 2422 1836 2460 Invento
1856 2422 2003 2461 animali
2018 2422 2098 2472 hoc,
2116 2438 2189 2462 ser-

133 2479 178 2518 τὰ
196 2479 288 2519 ἄλλα
318 2481 422 2535 θηρία
451 2487 495 2534 τῇ
520 2485 684 2537 φρονήσει
709 2489 860 2525 νικῶντα
875 2517 885 2536 ‚
912 2487 1072 2541 καθάπερ
1104 2487 1164 2526 καὶ
1233 2493 1374 2537 pentem
1390 2483 1483 2532 dico,
1504 2483 1566 2534 qui
1579 2492 1703 2521 caetera
1716 2482 1913 2521 calliditate
1932 2497 1995 2520 sua
2006 2483 2187 2533 vincebat,

133 2543 156 2604 ᾗ
183 2542 352 2594 μακάριος
377 2545 534 2591 Μωῦσῆς
559 2547 799 2599 ἐμαρτύρησεν
824 2547 932 2587 εἰπὼν
940 2577 950 2596 ,
971 2547 1015 2586 Ὁ
1033 2548 1069 2586 δὲ
1088 2548 1164 2602 ὄφις
1233 2546 1325 2585 sicut
1340 2555 1373 2584 et
1390 2547 1508 2583 Moses
1525 2553 1672 2582 testatus
1692 2553 1758 2593 est,
1781 2557 1864 2581 cum
1876 2543 1986 2593 dixit,
2000 2545 2102 2582 Erat
2117 2558 2187 2583 au·

133 2605 175 2649 ῆν
206 2604 466 2667 φρονιμώτατος
499 2608 640 2647 πάντων
669 2611 737 2647 τῶν
757 2609 887 2662 θηρίων
916 2613 985 2648 τῶν
1015 2610 1074 2649 ἐπὶ
1099 2615 1162 2658 τῆς
1235 2617 1311 2646 tem
1324 2620 1478 2659 serpens
1495 2606 1822 2658 prudentissimus
1853 2607 2025 2642 omnium
2048 2607 2187 2643 bestia—

132 2667 213 2714 γῆς,
226 2668 275 2704 ὢν
293 2666 436 2714 ἐποίησε
460 2668 586 2724 Κύριος
604 2673 622 2709 6
640 2671 748 2715 Θεός·
761 2671 873 2724 τούτῳ
889 2671 1009 2726 ὥσπερ
1023 2673 1161 2726 ὀργάνῳ
1232 2683 1320 2707 rum
1339 2682 1425 2720 quae
1440 2680 1554 2718 super·
1575 2674 1732 2715 terram,
1759 2678 1856 2716 quas
1865 2666 1970 2717 fecit
1990 2666 2186 2705 Dominus

131 2727 200 2765 τινὶ
213 2732 263 2780 ‘y-
266 2728 435 2781 ρώμενος,
452 2731 496 2770 δι’
512 2733 616 2772 αὐτοῦ
628 2733 668 2772 τὸ
684 2734 864 2774 ἄπλαστον
878 2735 938 2773 χαὶ
954 2735 1160 2774 ἀσθενέα-τε-
1231 2731 1361 2769 Deus:
1381 2742 1422 2766 eo
1438 2727 1538 2779 quasi
1567 2727 1803 2764 instrumento
1824 2724 1980 2776 quodam
2006 2739 2092 2764 usus
2116 2736 2183 2773 est,

135 2802 191 2839 ρον
208 2793 349 2839 σκεῦος,
378 2791 442 2839 τὴν
470 2800 619 2845 γυναῖκα
645 2795 760 2848 λέγω,
784 2795 841 2834 διὰ
870 2800 934 2844 τῆς
954 2796 1094 2848 ὁμιλίας
1113 2799 1162 2841 εἷς
1231 2807 1296 2846 per
1313 2789 1411 2843 quod
1431 2789 1631 2837 mulierem,
1646 2796 1768 2840 utpote
1798 2785 1998 2839 simplicius
2023 2797 2058 2826 et
2080 2787 2186 2827 infir-

134 2848 198 2895 τὴν
220 2852 343 2890 ἑαυτοῦ
363 2853 501 2902 ἀπάτην
534 2857 749 2896 ἐκκαλεῖται.
776 2858 848 2897 Καὶ
874 2852 968 2908 εἷπε,
989 2859 1113 2912 φησὶν,
1141 2863 1160 2898 ὁ
1230 2854 1325 2892 mius
1340 2866 1416 2900 vas,
1436 2850 1534 2889 illius
1555 2847 1797 2888 familiaritate
1815 2847 1852 2885 in
1868 2861 2024 2887 errorem
2036 2849 2184 2888 etdece-

135 2909 211 2961 ὄφις
227 2915 271 2963 τῇ
298 2914 446 2964 γυναικί.
472 2917 640 2970 Λογίζου,
659 2919 838 2972 ἀγαπητὲ,
860 2921 901 2958 ἐκ
925 2920 1070 2970 τούτου,
1085 2923 1161 2965 πῶς
1180 2935 1207 2965 1)
1230 2919 1389 2973 ptionem
1409 2923 1627 2970 provocaret.
1650 2915 1704 2952 Et
1728 2913 1844 2960 dixit,
1870 2912 2001 2964 inquit,
2028 2927 2184 2967 serpens

135 2970 232 3008 οὐδὲν
253 2967 296 3019 ἦν
321 2975 356 3012 ἐν
375 2977 570 3028 προοιμίοις
588 2979 734 3033 φοὸερὸν
760 2983 830 3021 τῶν
849 2981 978 3034 θηρίων
999 2984 1069 3020 τῶν
1098 2998 1160 3034 γε-
1233 2982 1399 3020 mulieri.
1423 2977 1516 3017 Hinc
1540 2975 1666 3027 collige
1690 2974 1736 3012 ab
1757 2974 1860 3034 initio
1891 2975 2028 3014 nullam
2055 2976 2186 3014 bestia·

134 3033 349 3084 γενημένων,
369 3035 448 3075 οὔτε
465 3041 514 3092 τῷ
529 3041 650 3093 ἀνδρὶ,
666 3041 744 3081 οὕτε
759 3045 802 3095 τῇ
817 3043 974 3095 γυναικὶ,
990 3042 1080 3082 ἀλλὰ
1095 3043 1159 3091 τὴν
1233 3056 1315 3081 rum
1329 3041 1463 3088 virum,
1484 3037 1542 3076 vel
1571 3035 1760 3074 mulierem
1778 3035 1964 3090 terruisse,
1984 3035 2046 3073 sed
2069 3035 2185 3073 domi-

136 3094 313 3148 ὑποταγὴν
331 3097 391 3136 καὶ
418 3098 481 3147 τὴν
514 3100 718 3142 δεσποτείαν
747 3103 993 3157 ἐπεγίνωσκον,
1010 3104 1071 3144 καὶ
1091 3121 1161 3144 κα-
1234 3104 1335 3142 nium
1355 3111 1390 3140 et
1415 3097 1671 3151 subjectionem
1697 3097 1896 3148 agnovisse,
1923 3106 1956 3135 et
1975 3097 2067 3135 sicut
2090 3111 2185 3135 nunc

181 3218 198 3243 ἃ
213 3217 277 3251 Alii
291 3223 430 3262 ἱματίων.
1226 3228 1243 3251 b
1258 3226 1382 3259 Omnes
1404 3227 1529 3265 ἄγγελον
1553 3226 1678 3265 ἐπίγειον
1702 3226 1750 3256 ἐπὶ
1776 3229 1844 3263 γῆς,
1868 3228 1987 3264 praeter
2011 3221 2125 3255 Morel.
2154 3224 2188 3257 in

181 3277 194 3290 ‘
208 3272 265 3304 sic
277 3270 414 3314 quidam
428 3271 611 3308 Mss.bene-
623 3276 730 3310 Savil.
749 3284 808 3313 ἀπὸ
824 3281 936 3314 πολλοῦ
950 3283 1079 3316 πλουτου
1097 3285 1146 3315 καὶ
1180 3290 1247 3324 quo
1270 3283 1394 3319 ἐπίγειον
1415 3273 1521 3308 deest.

139 3330 316 3368 περιουσίας.
334 3323 448 3356 Mor-el.
462 3332 523 3361 ἀπὸ
538 3332 651 3363 πολλοῦ
666 3333 796 3365 πλούτου
811 3338 990 3378 mpwuuiu.
1226 3341 1238 3354 ι·
1257 3329 1314 3361 Alii
1330 3333 1529 3373 χρησάμενος-

183 3386 196 3401 a
212 3374 347 3410 Coislin.
367 3385 440 3420 τιμῇ
456 3384 631 3420 τιμηθέντα.

1949 3435 1959 3459 1
1978 3436 2006 3459 Ι.
