<?xml version="1.0" encoding="UTF-8"?>
<!DOCTYPE html PUBLIC "-//W3C//DTD XHTML 1.0 Transitional//EN"
    "http://www.w3.org/TR/xhtml1/DTD/xhtml1-transitional.dtd">
<html xmlns="http://www.w3.org/1999/xhtml" xml:lang="en" lang="en">
 <head>
  <title>
</title>
<meta http-equiv="Content-Type" content="text/html;charset=utf-8" />
  <meta name='ocr-system' content='tesseract 3.04.00' />
  <meta name='ocr-capabilities' content='ocr_page ocr_carea ocr_par ocr_line ocrx_word'/>
</head>
<body>
  <div class='ocr_page' id='page_1' title='image "./operaomniaquaeex04johnuoft/operaomniaquaeex04johnuoft_0483.png"; bbox 0 0 2516 3791; ppageno 0'>
   <div class='ocr_carea' id='block_1_1' title="bbox 720 202 1054 232">
    <p class='ocr_par' dir='ltr' id='par_1_1' title="bbox 720 202 1054 232">
     <span class='ocr_line' id='line_1_1' title="bbox 720 202 1054 232; baseline 0.003 -1"><span class='ocrx_word' id='word_1_1' title='bbox 720 202 761 231; x_wconf 72' lang='grc' dir='ltr'>ΙΝ</span> <span class='ocrx_word' id='word_1_2' title='bbox 802 203 903 232; x_wconf 66' lang='lat' dir='ltr'><strong>CM).</strong></span> <span class='ocrx_word' id='word_1_3' title='bbox 943 202 1054 232; x_wconf 74' lang='lat' dir='ltr'><strong>xvii.</strong></span> 
     </span>
    </p>
   </div>
   <div class='ocr_carea' id='block_1_2' title="bbox 160 284 1192 582">
    <p class='ocr_par' dir='ltr' id='par_1_2' title="bbox 160 284 1192 582">
     <span class='ocr_line' id='line_1_2' title="bbox 164 284 1189 341; baseline -0.006 -13"><span class='ocrx_word' id='word_1_4' title='bbox 164 291 207 329; x_wconf 85' lang='grc' dir='ltr'>τὰ</span> <span class='ocrx_word' id='word_1_5' title='bbox 226 288 316 341; x_wconf 83' lang='grc' dir='ltr'>μέλη</span> <span class='ocrx_word' id='word_1_6' title='bbox 331 285 598 337; x_wconf 84' lang='grc' dir='ltr'>διαλελυμένου,</span> <span class='ocrx_word' id='word_1_7' title='bbox 617 284 676 323; x_wconf 80' lang='grc' dir='ltr'>καὶ</span> <span class='ocrx_word' id='word_1_8' title='bbox 695 287 772 324; x_wconf 88' lang='grc' dir='ltr'>καθ’</span> <span class='ocrx_word' id='word_1_9' title='bbox 798 284 947 331; x_wconf 85' lang='grc' dir='ltr'>ἑκάστην</span> <span class='ocrx_word' id='word_1_10' title='bbox 967 284 1102 337; x_wconf 82' lang='grc' dir='ltr'>ἡμέραν</span> <span class='ocrx_word' id='word_1_11' title='bbox 1125 284 1189 331; x_wconf 79' lang='grc' dir='ltr'>τὴν</span> 
     </span>
     <span class='ocr_line' id='line_1_3' title="bbox 161 345 1192 399; baseline -0.004 -11"><span class='ocrx_word' id='word_1_12' title='bbox 161 348 327 396; x_wconf 81' lang='grc' dir='ltr'>τελευτὴν</span> <span class='ocrx_word' id='word_1_13' title='bbox 348 346 606 399; x_wconf 85' lang='grc' dir='ltr'>φανταζομένου</span> <span class='ocrx_word' id='word_1_14' title='bbox 621 374 631 392; x_wconf 90' lang='grc'>,</span> <span class='ocrx_word' id='word_1_15' title='bbox 651 346 709 384; x_wconf 76' lang='grc' dir='ltr'>ἐπὶ</span> <span class='ocrx_word' id='word_1_16' title='bbox 729 350 891 385; x_wconf 79' lang='grc' dir='ltr'>τοσοῦτον</span> <span class='ocrx_word' id='word_1_17' title='bbox 920 345 1128 390; x_wconf 77' lang='grc' dir='ltr'>αὐξάνεσθαι</span> <span class='ocrx_word' id='word_1_18' title='bbox 1151 345 1192 384; x_wconf 80' lang='grc' dir='ltr'>τὸ</span> 
     </span>
     <span class='ocr_line' id='line_1_4' title="bbox 162 406 1188 462; baseline -0.004 -14"><span class='ocrx_word' id='word_1_19' title='bbox 162 409 303 462; x_wconf 85' lang='grc' dir='ltr'>σπέρμα</span> <span class='ocrx_word' id='word_1_20' title='bbox 319 408 508 459; x_wconf 83' lang='grc' dir='ltr'>ἐσήμανεν,</span> <span class='ocrx_word' id='word_1_21' title='bbox 529 410 576 451; x_wconf 84' lang='grc' dir='ltr'>ὡς</span> <span class='ocrx_word' id='word_1_22' title='bbox 590 407 649 446; x_wconf 72' lang='grc' dir='ltr'>καὶ</span> <span class='ocrx_word' id='word_1_23' title='bbox 667 409 714 451; x_wconf 86' lang='grc' dir='ltr'>εἶς</span> <span class='ocrx_word' id='word_1_24' title='bbox 729 407 809 453; x_wconf 88' lang='grc' dir='ltr'>ἔθνη</span> <span class='ocrx_word' id='word_1_25' title='bbox 828 407 942 445; x_wconf 80' lang='grc' dir='ltr'>πολλὰ</span> <span class='ocrx_word' id='word_1_26' title='bbox 960 406 1166 458; x_wconf 86' lang='grc' dir='ltr'>γενήσεσθαι</span> <span class='ocrx_word' id='word_1_27' title='bbox 1181 422 1188 431; x_wconf 85' lang='grc'><em>·</em></span> 
     </span>
     <span class='ocr_line' id='line_1_5' title="bbox 162 468 1189 521; baseline -0.005 -11"><span class='ocrx_word' id='word_1_28' title='bbox 162 471 221 510; x_wconf 72' lang='grc' dir='ltr'>καὶ</span> <span class='ocrx_word' id='word_1_29' title='bbox 234 472 272 509; x_wconf 86' lang='grc' dir='ltr'>οὐ</span> <span class='ocrx_word' id='word_1_30' title='bbox 291 474 393 509; x_wconf 76' lang='grc' dir='ltr'>τοῦτο</span> <span class='ocrx_word' id='word_1_31' title='bbox 409 469 528 521; x_wconf 88' lang='grc' dir='ltr'>μόνον,</span> <span class='ocrx_word' id='word_1_32' title='bbox 545 469 636 508; x_wconf 80' lang='grc' dir='ltr'>ἀλλὰ</span> <span class='ocrx_word' id='word_1_33' title='bbox 654 469 722 507; x_wconf 79' lang='grc' dir='ltr'>Καὶ</span> <span class='ocrx_word' id='word_1_34' title='bbox 746 471 900 520; x_wconf 85' lang='grc' dir='ltr'>βασιλεῖς</span> <span class='ocrx_word' id='word_1_35' title='bbox 911 497 920 512; x_wconf 90' lang='grc'>,</span> <span class='ocrx_word' id='word_1_36' title='bbox 937 468 1054 521; x_wconf 73' lang='grc' dir='ltr'>φησὶν,</span> <span class='ocrx_word' id='word_1_37' title='bbox 1070 470 1109 506; x_wconf 85' lang='grc' dir='ltr'>ἐκ</span> <span class='ocrx_word' id='word_1_38' title='bbox 1128 471 1189 507; x_wconf 78' lang='grc' dir='ltr'>σοῦ</span> 
     </span>
     <span class='ocr_line' id='line_1_6' title="bbox 160 525 1189 582; baseline -0.004 -11"><span class='ocrx_word' id='word_1_39' title='bbox 160 532 409 577; x_wconf 80' lang='grc' dir='ltr'>ἐξελεύσονται.</span> <span class='ocrx_word' id='word_1_40' title='bbox 428 525 528 574; x_wconf 68' lang='grc' dir='ltr'>Εἶδες</span> <span class='ocrx_word' id='word_1_41' title='bbox 547 531 707 570; x_wconf 79' lang='grc' dir='ltr'>ἐπίτασιν</span> <span class='ocrx_word' id='word_1_42' title='bbox 727 530 955 582; x_wconf 80' lang='grc' dir='ltr'>ἑπαγγελίας;</span> <span class='ocrx_word' id='word_1_43' title='bbox 976 529 1122 573; x_wconf 79' lang='grc' dir='ltr'>Αὖξανῶ</span> <span class='ocrx_word' id='word_1_44' title='bbox 1137 544 1189 574; x_wconf 90' lang='grc' dir='ltr'>σε,</span> 
     </span>
    </p>
   </div>
   <div class='ocr_carea' id='block_1_3' title="bbox 1094 200 1257 232">
    <p class='ocr_par' dir='ltr' id='par_1_3' title="bbox 1094 200 1257 232">
     <span class='ocr_line' id='line_1_7' title="bbox 1094 200 1257 232; baseline -0.012 0"><span class='ocrx_word' id='word_1_45' title='bbox 1094 200 1257 232; x_wconf 77' lang='lat' dir='ltr'><strong>GENES.</strong></span> 
     </span>
    </p>
   </div>
   <div class='ocr_carea' id='block_1_4' title="bbox 1298 188 2214 247">
    <p class='ocr_par' dir='ltr' id='par_1_4' title="bbox 1298 188 2214 247">
     <span class='ocr_line' id='line_1_8' title="bbox 1298 188 2214 247; baseline 0.003 -17"><span class='ocrx_word' id='word_1_46' title='bbox 1298 200 1454 230; x_wconf 67' lang='lat' dir='ltr'><strong>nomn„</strong></span> <span class='ocrx_word' id='word_1_47' title='bbox 1494 201 1650 230; x_wconf 72' lang='lat' dir='ltr'><strong>xxxix.</strong></span> <span class='ocrx_word' id='word_1_48' title='bbox 2121 188 2214 247; x_wconf 62' lang='lat' dir='ltr'>4ss3</span> 
     </span>
    </p>
   </div>
   <div class='ocr_carea' id='block_1_5' title="bbox 1262 282 2217 580">
    <p class='ocr_par' dir='ltr' id='par_1_5' title="bbox 1262 282 2217 580">
     <span class='ocr_line' id='line_1_9' title="bbox 1263 282 2214 335; baseline 0.002 -13"><span class='ocrx_word' id='word_1_49' title='bbox 1263 284 1393 332; x_wconf 70' lang='lat' dir='ltr'><strong>exiret5</strong></span> <span class='ocrx_word' id='word_1_50' title='bbox 1420 296 1532 334; x_wconf 90' lang='lat' dir='ltr'><strong>neque</strong></span> <span class='ocrx_word' id='word_1_51' title='bbox 1559 282 1596 320; x_wconf 90' lang='lat' dir='ltr'>id</span> <span class='ocrx_word' id='word_1_52' title='bbox 1620 282 1762 331; x_wconf 87' lang='lat' dir='ltr'><strong>solum,</strong></span> <span class='ocrx_word' id='word_1_53' title='bbox 1788 282 1850 321; x_wconf 81' lang='lat' dir='ltr'>sed</span> <span class='ocrx_word' id='word_1_54' title='bbox 1876 284 1983 321; x_wconf 79' lang='lat' dir='ltr'><strong>ctiam</strong></span> <span class='ocrx_word' id='word_1_55' title='bbox 2006 299 2103 335; x_wconf 78' lang='lat' dir='ltr'><strong>reges</strong></span> <span class='ocrx_word' id='word_1_56' title='bbox 2117 300 2214 324; x_wconf 73' lang='lat' dir='ltr'><strong>exeo</strong></span> 
     </span>
     <span class='ocr_line' id='line_1_10' title="bbox 1262 342 2215 396; baseline 0.002 -14"><span class='ocrx_word' id='word_1_57' title='bbox 1262 343 1521 396; x_wconf 80' lang='lat' dir='ltr'><strong>egrederentur.</strong></span> <span class='ocrx_word' id='word_1_58' title='bbox 1538 343 1673 383; x_wconf 81' lang='lat' dir='ltr'><strong>Vidisti</strong></span> <span class='ocrx_word' id='word_1_59' title='bbox 1685 342 1930 396; x_wconf 78' lang='lat' dir='ltr'><strong>promissionis</strong></span> <span class='ocrx_word' id='word_1_60' title='bbox 1943 343 2215 384; x_wconf 69' lang='lat' dir='ltr'><strong>incrementum?</strong></span> 
     </span>
     <span class='ocr_line' id='line_1_11' title="bbox 1263 404 2214 455; baseline 0 -11"><span class='ocrx_word' id='word_1_61' title='bbox 1263 408 1428 444; x_wconf 79' lang='lat' dir='ltr'><strong><em>Faciam</em></strong></span> <span class='ocrx_word' id='word_1_62' title='bbox 1447 414 1674 451; x_wconf 64' lang='lat' dir='ltr'><strong>recrescere,</strong></span> <span class='ocrx_word' id='word_1_63' title='bbox 1696 404 1823 455; x_wconf 87' lang='lat' dir='ltr'><strong>inquit,</strong></span> <span class='ocrx_word' id='word_1_64' title='bbox 1834 404 1969 454; x_wconf 81' lang='lat' dir='ltr'><strong>valde,</strong></span> <span class='ocrx_word' id='word_1_65' title='bbox 1984 406 2116 443; x_wconf 83' lang='lat' dir='ltr'><strong>valde.</strong></span> <span class='ocrx_word' id='word_1_66' title='bbox 2134 408 2214 445; x_wconf 54' lang='lat' dir='ltr'><strong>Dm</strong></span> 
     </span>
     <span class='ocr_line' id='line_1_12' title="bbox 1263 465 2217 519; baseline 0.002 -15"><span class='ocrx_word' id='word_1_67' title='bbox 1263 467 1491 519; x_wconf 84' lang='lat' dir='ltr'><strong>plicationem</strong></span> <span class='ocrx_word' id='word_1_68' title='bbox 1515 466 1625 519; x_wconf 79' lang='lat' dir='ltr'><strong>liujus</strong></span> <span class='ocrx_word' id='word_1_69' title='bbox 1643 465 1806 505; x_wconf 87' lang='lat' dir='ltr'><strong>adverbii</strong></span> <span class='ocrx_word' id='word_1_70' title='bbox 1833 480 1901 505; x_wconf 91' lang='lat' dir='ltr'><strong>uon</strong></span> <span class='ocrx_word' id='word_1_71' title='bbox 1921 467 2051 504; x_wconf 81' lang='lat' dir='ltr'><strong>frustra</strong></span> <span class='ocrx_word' id='word_1_72' title='bbox 2068 467 2217 519; x_wconf 86' lang='lat' dir='ltr'><strong>adjecit,</strong></span> 
     </span>
     <span class='ocr_line' id='line_1_13' title="bbox 1262 527 2217 580; baseline 0.002 -15"><span class='ocrx_word' id='word_1_73' title='bbox 1262 528 1322 566; x_wconf 86' lang='lat' dir='ltr'>scd</span> <span class='ocrx_word' id='word_1_74' title='bbox 1343 539 1381 567; x_wconf 92' lang='lat' dir='ltr'>ut</span> <span class='ocrx_word' id='word_1_75' title='bbox 1406 528 1583 580; x_wconf 83' lang='lat' dir='ltr'><strong>significet</strong></span> <span class='ocrx_word' id='word_1_76' title='bbox 1604 542 1649 566; x_wconf 84' lang='lat' dir='ltr'>ex</span> <span class='ocrx_word' id='word_1_77' title='bbox 1665 529 1764 580; x_wconf 88' lang='lat' dir='ltr'><strong>justo</strong></span> <span class='ocrx_word' id='word_1_78' title='bbox 1791 528 1918 567; x_wconf 82' lang='lat' dir='ltr'><strong>miram</strong></span> <span class='ocrx_word' id='word_1_79' title='bbox 1952 527 2217 567; x_wconf 76' lang='lat' dir='ltr'><strong>multitudinem</strong></span> 
     </span>
    </p>
   </div>
   <div class='ocr_carea' id='block_1_6' title="bbox 161 589 2215 648">
    <p class='ocr_par' dir='ltr' id='par_1_6' title="bbox 161 589 2215 648">
     <span class='ocr_line' id='line_1_14' title="bbox 161 589 2215 648; baseline -0 -17"><span class='ocrx_word' id='word_1_80' title='bbox 161 594 267 646; x_wconf 79' lang='grc' dir='ltr'>φησὶ,</span> <span class='ocrx_word' id='word_1_81' title='bbox 287 593 419 646; x_wconf 64' lang='grc' dir='ltr'>σφόδρα</span> <span class='ocrx_word' id='word_1_82' title='bbox 435 622 445 641; x_wconf 86' lang='grc'>,</span> <span class='ocrx_word' id='word_1_83' title='bbox 477 593 623 646; x_wconf 71' lang='grc' dir='ltr'>σφόδρα.</span> <span class='ocrx_word' id='word_1_84' title='bbox 655 594 737 645; x_wconf 74' lang='grc' dir='ltr'>Οὐχ</span> <span class='ocrx_word' id='word_1_85' title='bbox 764 593 885 635; x_wconf 83' lang='grc' dir='ltr'>ἁπλῶς</span> <span class='ocrx_word' id='word_1_86' title='bbox 914 591 973 629; x_wconf 85' lang='grc' dir='ltr'>τὸν</span> <span class='ocrx_word' id='word_1_87' title='bbox 999 591 1188 629; x_wconf 86' lang='grc' dir='ltr'>διπλασια-</span> <span class='ocrx_word' id='word_1_88' title='bbox 1204 589 1475 648; x_wconf 64' lang='lat' dir='ltr'><strong>400exeundam.</strong></span> <span class='ocrx_word' id='word_1_89' title='bbox 1491 591 1671 637; x_wconf 82' lang='lat' dir='ltr'><strong>Quoniam</strong></span> <span class='ocrx_word' id='word_1_90' title='bbox 1684 591 1795 641; x_wconf 80' lang='lat' dir='ltr'><strong>igitur</strong></span> <span class='ocrx_word' id='word_1_91' title='bbox 1810 605 1871 643; x_wconf 87' lang='lat' dir='ltr'>per</span> <span class='ocrx_word' id='word_1_92' title='bbox 1888 590 2050 628; x_wconf 82' lang='lat' dir='ltr'><strong>elementi</strong></span> <span class='ocrx_word' id='word_1_93' title='bbox 2066 590 2215 630; x_wconf 79' lang='lat' dir='ltr'><strong>additio-</strong></span> 
     </span>
    </p>
   </div>
   <div class='ocr_carea' id='block_1_7' title="bbox 158 651 1198 3280">
    <p class='ocr_par' dir='ltr' id='par_1_7' title="bbox 158 651 1198 2422">
     <span class='ocr_line' id='line_1_15' title="bbox 161 651 1190 706; baseline -0.006 -12"><span class='ocrx_word' id='word_1_94' title='bbox 161 656 250 706; x_wconf 82' lang='grc' dir='ltr'>σμὸν</span> <span class='ocrx_word' id='word_1_95' title='bbox 265 655 447 703; x_wconf 83' lang='grc' dir='ltr'>ἐπέθηκεν,</span> <span class='ocrx_word' id='word_1_96' title='bbox 468 656 544 693; x_wconf 85' lang='grc' dir='ltr'>ἀλλ’</span> <span class='ocrx_word' id='word_1_97' title='bbox 572 654 627 694; x_wconf 77' lang='grc' dir='ltr'>ἵνα</span> <span class='ocrx_word' id='word_1_98' title='bbox 646 654 788 706; x_wconf 83' lang='grc' dir='ltr'>σημάνῃ</span> <span class='ocrx_word' id='word_1_99' title='bbox 809 656 858 705; x_wconf 78' lang='grc' dir='ltr'>τῷ</span> <span class='ocrx_word' id='word_1_100' title='bbox 879 652 1002 705; x_wconf 84' lang='grc' dir='ltr'>δικαίῳ</span> <span class='ocrx_word' id='word_1_101' title='bbox 1021 655 1082 690; x_wconf 77' lang='grc' dir='ltr'>τοῦ</span> <span class='ocrx_word' id='word_1_102' title='bbox 1102 651 1190 698; x_wconf 85' lang='grc' dir='ltr'>πλή-</span> 
     </span>
     <span class='ocr_line' id='line_1_16' title="bbox 161 714 1191 769; baseline -0.006 -13"><span class='ocrx_word' id='word_1_103' title='bbox 161 721 239 762; x_wconf 89' lang='grc' dir='ltr'>θους</span> <span class='ocrx_word' id='word_1_104' title='bbox 259 717 322 764; x_wconf 71' lang='grc' dir='ltr'>τὴν</span> <span class='ocrx_word' id='word_1_105' title='bbox 346 717 553 769; x_wconf 70' lang='grc' dir='ltr'>ὓπερὸολήν.</span> <span class='ocrx_word' id='word_1_106' title='bbox 575 716 721 762; x_wconf 79' lang='grc' dir='ltr'>Ἐπειδὴ</span> <span class='ocrx_word' id='word_1_107' title='bbox 737 715 804 767; x_wconf 78' lang='grc' dir='ltr'>γὰρ</span> <span class='ocrx_word' id='word_1_108' title='bbox 828 714 884 752; x_wconf 75' lang='grc' dir='ltr'>διὰ</span> <span class='ocrx_word' id='word_1_109' title='bbox 917 717 979 760; x_wconf 79' lang='grc' dir='ltr'>τῆς</span> <span class='ocrx_word' id='word_1_110' title='bbox 1007 717 1068 751; x_wconf 74' lang='grc' dir='ltr'>τοῦ</span> <span class='ocrx_word' id='word_1_111' title='bbox 1093 728 1191 751; x_wconf 70' lang='grc' dir='ltr'>στοι-</span> 
     </span>
     <span class='ocr_line' id='line_1_17' title="bbox 161 774 1191 831; baseline -0.007 -13"><span class='ocrx_word' id='word_1_112' title='bbox 161 779 258 831; x_wconf 75' lang='grc' dir='ltr'>χείου</span> <span class='ocrx_word' id='word_1_113' title='bbox 268 779 470 831; x_wconf 79' lang='grc' dir='ltr'>προσθήκης</span> <span class='ocrx_word' id='word_1_114' title='bbox 481 807 490 824; x_wconf 90' lang='grc'>,</span> <span class='ocrx_word' id='word_1_115' title='bbox 504 778 661 829; x_wconf 86' lang='grc' dir='ltr'>καθάπερ</span> <span class='ocrx_word' id='word_1_116' title='bbox 671 779 706 815; x_wconf 86' lang='grc' dir='ltr'>ἐν</span> <span class='ocrx_word' id='word_1_117' title='bbox 720 777 832 827; x_wconf 71' lang='grc' dir='ltr'>στήλῃ</span> <span class='ocrx_word' id='word_1_118' title='bbox 845 775 932 821; x_wconf 80' lang='grc' dir='ltr'>τινὶ,</span> <span class='ocrx_word' id='word_1_119' title='bbox 946 774 1191 819; x_wconf 80' lang='grc' dir='ltr'>ἀνεξάλειπτον</span> 
     </span>
     <span class='ocr_line' id='line_1_18' title="bbox 162 834 1192 891; baseline -0.004 -15"><span class='ocrx_word' id='word_1_120' title='bbox 162 841 257 891; x_wconf 81' lang='grc' dir='ltr'>αὐτῷ</span> <span class='ocrx_word' id='word_1_121' title='bbox 274 842 336 885; x_wconf 78' lang='grc' dir='ltr'>τῆς</span> <span class='ocrx_word' id='word_1_122' title='bbox 356 838 580 890; x_wconf 76' lang='grc' dir='ltr'>ὑποσχέσεως</span> <span class='ocrx_word' id='word_1_123' title='bbox 595 838 660 884; x_wconf 79' lang='grc' dir='ltr'>τὴν</span> <span class='ocrx_word' id='word_1_124' title='bbox 678 837 889 888; x_wconf 82' lang='grc' dir='ltr'>ἐπαγγελίαν</span> <span class='ocrx_word' id='word_1_125' title='bbox 904 835 1082 888; x_wconf 75' lang='grc' dir='ltr'>ἐπέγραψε</span> <span class='ocrx_word' id='word_1_126' title='bbox 1096 865 1106 883; x_wconf 86' lang='grc'>,</span> <span class='ocrx_word' id='word_1_127' title='bbox 1124 834 1192 872; x_wconf 89' lang='grc' dir='ltr'>πά-</span> 
     </span>
     <span class='ocr_line' id='line_1_19' title="bbox 161 896 1193 952; baseline -0.004 -14"><span class='ocrx_word' id='word_1_128' title='bbox 161 901 214 937; x_wconf 86' lang='grc' dir='ltr'>λιν</span> <span class='ocrx_word' id='word_1_129' title='bbox 241 900 346 952; x_wconf 76' lang='grc' dir='ltr'>φησί·</span> <span class='ocrx_word' id='word_1_130' title='bbox 376 900 446 938; x_wconf 76' lang='grc' dir='ltr'>Καὶ</span> <span class='ocrx_word' id='word_1_131' title='bbox 475 900 595 946; x_wconf 80' lang='grc' dir='ltr'>στήσω</span> <span class='ocrx_word' id='word_1_132' title='bbox 619 899 682 946; x_wconf 71' lang='grc' dir='ltr'>τὴν</span> <span class='ocrx_word' id='word_1_133' title='bbox 711 898 880 945; x_wconf 76' lang='grc' dir='ltr'>διαθήκην</span> <span class='ocrx_word' id='word_1_134' title='bbox 907 914 972 949; x_wconf 90' lang='grc' dir='ltr'>μου</span> <span class='ocrx_word' id='word_1_135' title='bbox 1001 896 1066 935; x_wconf 82' lang='grc' dir='ltr'>ἀνὰ</span> <span class='ocrx_word' id='word_1_136' title='bbox 1087 897 1193 948; x_wconf 82' lang='grc' dir='ltr'>μέσον</span> 
     </span>
     <span class='ocr_line' id='line_1_20' title="bbox 161 959 1194 1012; baseline -0.004 -12"><span class='ocrx_word' id='word_1_137' title='bbox 161 964 243 1009; x_wconf 80' lang='grc' dir='ltr'>σοῦ,</span> <span class='ocrx_word' id='word_1_138' title='bbox 258 961 317 999; x_wconf 79' lang='grc' dir='ltr'>καὶ</span> <span class='ocrx_word' id='word_1_139' title='bbox 340 961 406 1000; x_wconf 83' lang='grc' dir='ltr'>ἀνὰ</span> <span class='ocrx_word' id='word_1_140' title='bbox 433 960 538 1012; x_wconf 79' lang='grc' dir='ltr'>μέσον</span> <span class='ocrx_word' id='word_1_141' title='bbox 567 963 626 998; x_wconf 78' lang='grc' dir='ltr'>τοῦ</span> <span class='ocrx_word' id='word_1_142' title='bbox 659 959 861 1011; x_wconf 81' lang='grc' dir='ltr'>σπέρματός</span> <span class='ocrx_word' id='word_1_143' title='bbox 884 975 944 997; x_wconf 93' lang='grc' dir='ltr'>σου</span> <span class='ocrx_word' id='word_1_144' title='bbox 978 959 1068 1009; x_wconf 83' lang='grc' dir='ltr'>μετὰ</span> <span class='ocrx_word' id='word_1_145' title='bbox 1088 960 1125 997; x_wconf 83' lang='grc' dir='ltr'>σὲ</span> <span class='ocrx_word' id='word_1_146' title='bbox 1146 960 1194 1002; x_wconf 88' lang='grc' dir='ltr'>εἷς</span> 
     </span>
     <span class='ocr_line' id='line_1_21' title="bbox 161 1015 1194 1075; baseline -0.002 -15"><span class='ocrx_word' id='word_1_147' title='bbox 161 1015 227 1066; x_wconf 73' lang='grc' dir='ltr'>τὰςΙ</span> <span class='ocrx_word' id='word_1_148' title='bbox 252 1022 371 1075; x_wconf 83' lang='grc' dir='ltr'>γενεὰς</span> <span class='ocrx_word' id='word_1_149' title='bbox 403 1025 530 1068; x_wconf 79' lang='grc' dir='ltr'>αὐτῶν,</span> <span class='ocrx_word' id='word_1_150' title='bbox 556 1024 603 1066; x_wconf 82' lang='grc' dir='ltr'>εἷς</span> <span class='ocrx_word' id='word_1_151' title='bbox 640 1021 810 1068; x_wconf 90' lang='grc' dir='ltr'>διαθήκην</span> <span class='ocrx_word' id='word_1_152' title='bbox 838 1020 989 1068; x_wconf 82' lang='grc' dir='ltr'>αἰώνιον,</span> <span class='ocrx_word' id='word_1_153' title='bbox 1011 1015 1099 1059; x_wconf 68' lang='grc' dir='ltr'>εἶναί</span> <span class='ocrx_word' id='word_1_154' title='bbox 1133 1036 1194 1059; x_wconf 92' lang='grc' dir='ltr'>σου</span> 
     </span>
     <span class='ocr_line' id='line_1_22' title="bbox 161 1082 1196 1137; baseline -0.002 -14"><span class='ocrx_word' id='word_1_155' title='bbox 161 1085 262 1129; x_wconf 78' lang='grc' dir='ltr'>Θεός.</span> <span class='ocrx_word' id='word_1_156' title='bbox 287 1087 341 1124; x_wconf 83' lang='grc' dir='ltr'>Οὐ</span> <span class='ocrx_word' id='word_1_157' title='bbox 363 1084 466 1136; x_wconf 87' lang='grc' dir='ltr'>μόνον</span> <span class='ocrx_word' id='word_1_158' title='bbox 498 1085 578 1137; x_wconf 80' lang='grc' dir='ltr'>περὶ</span> <span class='ocrx_word' id='word_1_159' title='bbox 604 1084 642 1123; x_wconf 82' lang='grc' dir='ltr'>σὲ</span> <span class='ocrx_word' id='word_1_160' title='bbox 656 1114 664 1130; x_wconf 93' lang='grc'>,</span> <span class='ocrx_word' id='word_1_161' title='bbox 683 1084 766 1136; x_wconf 72' lang='grc' dir='ltr'>φησὶ</span> <span class='ocrx_word' id='word_1_162' title='bbox 782 1115 791 1132; x_wconf 83' lang='grc'>,</span> <span class='ocrx_word' id='word_1_163' title='bbox 810 1083 944 1131; x_wconf 77' lang='grc' dir='ltr'>πολλὴν</span> <span class='ocrx_word' id='word_1_164' title='bbox 979 1082 1196 1134; x_wconf 81' lang='grc' dir='ltr'>ἐπιδείξομαι</span> 
     </span>
     <span class='ocr_line' id='line_1_23' title="bbox 161 1143 1196 1198; baseline -0.002 -14"><span class='ocrx_word' id='word_1_165' title='bbox 161 1147 225 1193; x_wconf 75' lang='grc' dir='ltr'>τὴν</span> <span class='ocrx_word' id='word_1_166' title='bbox 247 1146 471 1198; x_wconf 83' lang='grc' dir='ltr'>κηδεμονίαν,</span> <span class='ocrx_word' id='word_1_167' title='bbox 490 1146 582 1184; x_wconf 84' lang='grc' dir='ltr'>ἀλλὰ</span> <span class='ocrx_word' id='word_1_168' title='bbox 600 1145 660 1184; x_wconf 83' lang='grc' dir='ltr'>καὶ</span> <span class='ocrx_word' id='word_1_169' title='bbox 685 1146 732 1189; x_wconf 82' lang='grc' dir='ltr'>εἷς</span> <span class='ocrx_word' id='word_1_170' title='bbox 752 1145 790 1183; x_wconf 87' lang='grc' dir='ltr'>τὸ</span> <span class='ocrx_word' id='word_1_171' title='bbox 812 1145 955 1197; x_wconf 87' lang='grc' dir='ltr'>σπέρμα</span> <span class='ocrx_word' id='word_1_172' title='bbox 981 1144 1021 1182; x_wconf 86' lang='grc' dir='ltr'>τὸ</span> <span class='ocrx_word' id='word_1_173' title='bbox 1041 1144 1112 1191; x_wconf 83' lang='grc' dir='ltr'>σὸν,</span> <span class='ocrx_word' id='word_1_174' title='bbox 1137 1143 1196 1182; x_wconf 81' lang='grc' dir='ltr'>καὶ</span> 
     </span>
     <span class='ocr_line' id='line_1_24' title="bbox 161 1206 1194 1259; baseline -0.003 -13"><span class='ocrx_word' id='word_1_175' title='bbox 161 1207 250 1259; x_wconf 81' lang='grc' dir='ltr'>μετὰ</span> <span class='ocrx_word' id='word_1_176' title='bbox 278 1208 342 1255; x_wconf 78' lang='grc' dir='ltr'>τὴν</span> <span class='ocrx_word' id='word_1_177' title='bbox 375 1207 439 1255; x_wconf 81' lang='grc' dir='ltr'>σὴν</span> <span class='ocrx_word' id='word_1_178' title='bbox 470 1207 595 1252; x_wconf 81' lang='grc' dir='ltr'>ἔξοδον.</span> <span class='ocrx_word' id='word_1_179' title='bbox 614 1206 711 1259; x_wconf 69' lang='grc' dir='ltr'>υΟρα</span> <span class='ocrx_word' id='word_1_180' title='bbox 730 1209 805 1250; x_wconf 82' lang='grc' dir='ltr'>πῶς</span> <span class='ocrx_word' id='word_1_181' title='bbox 834 1208 1029 1245; x_wconf 85' lang='grc' dir='ltr'>ἀνακτᾶται</span> <span class='ocrx_word' id='word_1_182' title='bbox 1047 1208 1108 1244; x_wconf 81' lang='grc' dir='ltr'>τοῦ</span> <span class='ocrx_word' id='word_1_183' title='bbox 1141 1206 1194 1243; x_wconf 87' lang='grc' dir='ltr'>δι-</span> 
     </span>
     <span class='ocr_line' id='line_1_25' title="bbox 163 1265 1196 1320; baseline -0.003 -14"><span class='ocrx_word' id='word_1_184' title='bbox 163 1268 263 1306; x_wconf 86' lang='grc' dir='ltr'>καίου</span> <span class='ocrx_word' id='word_1_185' title='bbox 281 1267 344 1314; x_wconf 76' lang='grc' dir='ltr'>τὴν</span> <span class='ocrx_word' id='word_1_186' title='bbox 375 1267 491 1320; x_wconf 73' lang='grc' dir='ltr'>ψυχὴν</span> <span class='ocrx_word' id='word_1_187' title='bbox 522 1265 797 1318; x_wconf 55' lang='grc' dir='ltr'>ὑπισχνούμενος</span> <span class='ocrx_word' id='word_1_188' title='bbox 830 1267 946 1319; x_wconf 73' lang='grc' dir='ltr'>αὐτῷ,</span> <span class='ocrx_word' id='word_1_189' title='bbox 967 1265 1021 1304; x_wconf 81' lang='grc' dir='ltr'>ὅτι</span> <span class='ocrx_word' id='word_1_190' title='bbox 1053 1265 1113 1304; x_wconf 69' lang='grc' dir='ltr'>καὶ</span> <span class='ocrx_word' id='word_1_191' title='bbox 1145 1267 1196 1318; x_wconf 82' lang='grc' dir='ltr'>τῷ</span> 
     </span>
     <span class='ocr_line' id='line_1_26' title="bbox 162 1325 1197 1380; baseline -0.003 -13"><span class='ocrx_word' id='word_1_192' title='bbox 162 1328 340 1380; x_wconf 82' lang='grc' dir='ltr'>σπέρματι</span> <span class='ocrx_word' id='word_1_193' title='bbox 372 1330 476 1366; x_wconf 81' lang='grc' dir='ltr'>αὐτοῦ</span> <span class='ocrx_word' id='word_1_194' title='bbox 499 1327 632 1374; x_wconf 78' lang='grc' dir='ltr'>πολλὴν</span> <span class='ocrx_word' id='word_1_195' title='bbox 659 1326 800 1378; x_wconf 85' lang='grc' dir='ltr'>παρέξει</span> <span class='ocrx_word' id='word_1_196' title='bbox 821 1325 886 1373; x_wconf 85' lang='grc' dir='ltr'>τὴν</span> <span class='ocrx_word' id='word_1_197' title='bbox 920 1326 1097 1379; x_wconf 87' lang='grc' dir='ltr'>πρόνοιαν.</span> <span class='ocrx_word' id='word_1_198' title='bbox 1126 1325 1197 1364; x_wconf 80' lang='grc' dir='ltr'>Καὶ</span> 
     </span>
     <span class='ocr_line' id='line_1_27' title="bbox 162 1381 1198 1441; baseline -0.002 -14"><span class='ocrx_word' id='word_1_199' title='bbox 162 1389 214 1433; x_wconf 85' lang='grc' dir='ltr'>τίς</span> <span class='ocrx_word' id='word_1_200' title='bbox 232 1393 254 1436; x_wconf 86' lang='grc' dir='ltr'>ἡ</span> <span class='ocrx_word' id='word_1_201' title='bbox 277 1389 422 1440; x_wconf 83' lang='grc' dir='ltr'>δύναμις</span> <span class='ocrx_word' id='word_1_202' title='bbox 440 1391 502 1435; x_wconf 70' lang='grc' dir='ltr'>τῆς</span> <span class='ocrx_word' id='word_1_203' title='bbox 531 1387 718 1435; x_wconf 83' lang='grc' dir='ltr'>διαθήκης;</span> <span class='ocrx_word' id='word_1_204' title='bbox 736 1387 849 1426; x_wconf 68' lang='lat' dir='ltr'><strong>“stem</strong></span> <span class='ocrx_word' id='word_1_205' title='bbox 875 1381 962 1426; x_wconf 67' lang='grc' dir='ltr'>εἶναί</span> <span class='ocrx_word' id='word_1_206' title='bbox 994 1403 1055 1426; x_wconf 94' lang='grc' dir='ltr'>σου</span> <span class='ocrx_word' id='word_1_207' title='bbox 1084 1386 1198 1441; x_wconf 69' lang='grc' dir='ltr'>Θεὸς,</span> 
     </span>
     <span class='ocr_line' id='line_1_28' title="bbox 162 1447 1196 1503; baseline -0.003 -14"><span class='ocrx_word' id='word_1_208' title='bbox 162 1451 265 1503; x_wconf 75' lang='grc' dir='ltr'>φησὶ,</span> <span class='ocrx_word' id='word_1_209' title='bbox 288 1450 348 1488; x_wconf 76' lang='grc' dir='ltr'>καὶ</span> <span class='ocrx_word' id='word_1_210' title='bbox 384 1454 443 1488; x_wconf 81' lang='grc' dir='ltr'>τοῦ</span> <span class='ocrx_word' id='word_1_211' title='bbox 474 1449 674 1501; x_wconf 81' lang='grc' dir='ltr'>σπέρματός</span> <span class='ocrx_word' id='word_1_212' title='bbox 705 1464 764 1487; x_wconf 90' lang='grc' dir='ltr'>σου</span> <span class='ocrx_word' id='word_1_213' title='bbox 793 1449 882 1500; x_wconf 84' lang='grc' dir='ltr'>μετὰ</span> <span class='ocrx_word' id='word_1_214' title='bbox 913 1448 964 1488; x_wconf 86' lang='grc' dir='ltr'>σε’.</span> <span class='ocrx_word' id='word_1_215' title='bbox 986 1450 1101 1487; x_wconf 80' lang='grc' dir='ltr'>Τοῦτο</span> <span class='ocrx_word' id='word_1_216' title='bbox 1127 1447 1196 1501; x_wconf 85' lang='grc' dir='ltr'>γάρ</span> 
     </span>
     <span class='ocr_line' id='line_1_29' title="bbox 161 1509 1196 1563; baseline -0.002 -13"><span class='ocrx_word' id='word_1_217' title='bbox 161 1527 216 1551; x_wconf 89' lang='grc' dir='ltr'>σοι</span> <span class='ocrx_word' id='word_1_218' title='bbox 246 1512 345 1550; x_wconf 87' lang='grc' dir='ltr'>ἔσται</span> <span class='ocrx_word' id='word_1_219' title='bbox 371 1510 410 1549; x_wconf 86' lang='grc' dir='ltr'>τὸ</span> <span class='ocrx_word' id='word_1_220' title='bbox 435 1510 624 1563; x_wconf 78' lang='grc' dir='ltr'>κεφάλαιον</span> <span class='ocrx_word' id='word_1_221' title='bbox 652 1511 722 1548; x_wconf 81' lang='grc' dir='ltr'>τῶν</span> <span class='ocrx_word' id='word_1_222' title='bbox 749 1512 901 1561; x_wconf 77' lang='grc' dir='ltr'>ἀγαθῶν,</span> <span class='ocrx_word' id='word_1_223' title='bbox 919 1510 974 1549; x_wconf 89' lang='grc' dir='ltr'>σοί</span> <span class='ocrx_word' id='word_1_224' title='bbox 998 1525 1035 1548; x_wconf 91' lang='grc' dir='ltr'>τε</span> <span class='ocrx_word' id='word_1_225' title='bbox 1058 1509 1117 1548; x_wconf 85' lang='grc' dir='ltr'>καὶ</span> <span class='ocrx_word' id='word_1_226' title='bbox 1146 1512 1196 1563; x_wconf 87' lang='grc' dir='ltr'>τῷ</span> 
     </span>
     <span class='ocr_line' id='line_1_30' title="bbox 161 1570 1194 1624; baseline -0.002 -13"><span class='ocrx_word' id='word_1_227' title='bbox 161 1572 339 1624; x_wconf 84' lang='grc' dir='ltr'>σπέρματί</span> <span class='ocrx_word' id='word_1_228' title='bbox 370 1588 443 1611; x_wconf 90' lang='grc' dir='ltr'>σου.</span> <span class='ocrx_word' id='word_1_229' title='bbox 461 1571 531 1611; x_wconf 79' lang='grc' dir='ltr'>Καὶ</span> <span class='ocrx_word' id='word_1_230' title='bbox 560 1571 662 1610; x_wconf 82' lang='grc' dir='ltr'>δώσω</span> <span class='ocrx_word' id='word_1_231' title='bbox 691 1587 746 1610; x_wconf 92' lang='grc' dir='ltr'>σοι</span> <span class='ocrx_word' id='word_1_232' title='bbox 772 1571 832 1610; x_wconf 82' lang='grc' dir='ltr'>καὶ</span> <span class='ocrx_word' id='word_1_233' title='bbox 853 1574 903 1624; x_wconf 84' lang='grc' dir='ltr'>τῷ</span> <span class='ocrx_word' id='word_1_234' title='bbox 928 1570 1106 1624; x_wconf 81' lang='grc' dir='ltr'>σπέρματί</span> <span class='ocrx_word' id='word_1_235' title='bbox 1134 1587 1194 1611; x_wconf 91' lang='grc' dir='ltr'>σου</span> 
     </span>
     <span class='ocr_line' id='line_1_31' title="bbox 162 1633 1195 1686; baseline -0.003 -13"><span class='ocrx_word' id='word_1_236' title='bbox 162 1634 251 1686; x_wconf 85' lang='grc' dir='ltr'>μετὰ</span> <span class='ocrx_word' id='word_1_237' title='bbox 278 1634 316 1672; x_wconf 82' lang='grc' dir='ltr'>σὲ</span> <span class='ocrx_word' id='word_1_238' title='bbox 340 1634 403 1681; x_wconf 85' lang='grc' dir='ltr'>τὴν</span> <span class='ocrx_word' id='word_1_239' title='bbox 426 1636 506 1686; x_wconf 80' lang='grc' dir='ltr'>γῆν,</span> <span class='ocrx_word' id='word_1_240' title='bbox 524 1633 566 1680; x_wconf 85' lang='grc' dir='ltr'>ἣν</span> <span class='ocrx_word' id='word_1_241' title='bbox 581 1639 777 1686; x_wconf 86' lang='grc' dir='ltr'>παροικεῖς,</span> <span class='ocrx_word' id='word_1_242' title='bbox 797 1640 912 1672; x_wconf 83' lang='grc' dir='ltr'>πᾶσαν</span> <span class='ocrx_word' id='word_1_243' title='bbox 936 1633 1000 1680; x_wconf 84' lang='grc' dir='ltr'>τὴν</span> <span class='ocrx_word' id='word_1_244' title='bbox 1025 1635 1091 1685; x_wconf 73' lang='grc' dir='ltr'>γῆν</span> <span class='ocrx_word' id='word_1_245' title='bbox 1116 1634 1195 1671; x_wconf 89' lang='grc' dir='ltr'>Χα-</span> 
     </span>
     <span class='ocr_line' id='line_1_32' title="bbox 160 1694 1194 1748; baseline 0 -15"><span class='ocrx_word' id='word_1_246' title='bbox 160 1696 264 1743; x_wconf 81' lang='grc' dir='ltr'>ναὰν,</span> <span class='ocrx_word' id='word_1_247' title='bbox 287 1697 335 1740; x_wconf 88' lang='grc' dir='ltr'>εἷς</span> <span class='ocrx_word' id='word_1_248' title='bbox 354 1695 565 1748; x_wconf 74' lang='grc' dir='ltr'>κατάσχεσιν</span> <span class='ocrx_word' id='word_1_249' title='bbox 592 1694 750 1733; x_wconf 82' lang='grc' dir='ltr'>αἰώνιον·</span> <span class='ocrx_word' id='word_1_250' title='bbox 768 1695 827 1734; x_wconf 80' lang='grc' dir='ltr'>καὶ</span> <span class='ocrx_word' id='word_1_251' title='bbox 856 1694 945 1738; x_wconf 80' lang='grc' dir='ltr'>Θεὸς</span> <span class='ocrx_word' id='word_1_252' title='bbox 974 1695 1100 1745; x_wconf 88' lang='grc' dir='ltr'>ἔσομαι</span> <span class='ocrx_word' id='word_1_253' title='bbox 1127 1697 1194 1733; x_wconf 83' lang='grc' dir='ltr'>αὖ-</span> 
     </span>
     <span class='ocr_line' id='line_1_33' title="bbox 160 1755 1196 1808; baseline -0.001 -13"><span class='ocrx_word' id='word_1_254' title='bbox 160 1760 243 1798; x_wconf 79' lang='grc' dir='ltr'>τῶν.</span> <span class='ocrx_word' id='word_1_255' title='bbox 259 1757 328 1795; x_wconf 79' lang='grc' dir='ltr'>Διὰ</span> <span class='ocrx_word' id='word_1_256' title='bbox 353 1756 416 1803; x_wconf 80' lang='grc' dir='ltr'>τὴν</span> <span class='ocrx_word' id='word_1_257' title='bbox 433 1756 498 1803; x_wconf 81' lang='grc' dir='ltr'>σὴν</span> <span class='ocrx_word' id='word_1_258' title='bbox 521 1755 648 1808; x_wconf 84' lang='grc' dir='ltr'>ἀρετὴν</span> <span class='ocrx_word' id='word_1_259' title='bbox 671 1756 731 1794; x_wconf 84' lang='grc' dir='ltr'>καὶ</span> <span class='ocrx_word' id='word_1_260' title='bbox 757 1758 789 1795; x_wconf 79' lang='grc' dir='ltr'>οἱ</span> <span class='ocrx_word' id='word_1_261' title='bbox 809 1756 943 1807; x_wconf 88' lang='grc' dir='ltr'>ἔκγονοι</span> <span class='ocrx_word' id='word_1_262' title='bbox 961 1758 991 1794; x_wconf 81' lang='grc' dir='ltr'>οἱ</span> <span class='ocrx_word' id='word_1_263' title='bbox 1025 1756 1079 1793; x_wconf 84' lang='grc' dir='ltr'>σοὶ</span> <span class='ocrx_word' id='word_1_264' title='bbox 1104 1759 1196 1794; x_wconf 83' lang='grc' dir='ltr'>ἀπο-</span> 
     </span>
     <span class='ocr_line' id='line_1_34' title="bbox 161 1817 1195 1870; baseline -0.002 -13"><span class='ocrx_word' id='word_1_265' title='bbox 161 1819 330 1858; x_wconf 85' lang='grc' dir='ltr'>λαύσουσι</span> <span class='ocrx_word' id='word_1_266' title='bbox 357 1820 420 1864; x_wconf 76' lang='grc' dir='ltr'>τῆς</span> <span class='ocrx_word' id='word_1_267' title='bbox 451 1819 539 1868; x_wconf 77' lang='grc' dir='ltr'>ε’μῆς</span> <span class='ocrx_word' id='word_1_268' title='bbox 578 1817 762 1870; x_wconf 87' lang='grc' dir='ltr'>προνοίας,</span> <span class='ocrx_word' id='word_1_269' title='bbox 789 1817 848 1855; x_wconf 74' lang='grc' dir='ltr'>καὶ</span> <span class='ocrx_word' id='word_1_270' title='bbox 879 1817 980 1856; x_wconf 84' lang='grc' dir='ltr'>δώσω</span> <span class='ocrx_word' id='word_1_271' title='bbox 1006 1819 1122 1860; x_wconf 83' lang='grc' dir='ltr'>αὐτοῖς</span> <span class='ocrx_word' id='word_1_272' title='bbox 1148 1819 1195 1861; x_wconf 87' lang='grc' dir='ltr'>εἷς</span> 
     </span>
     <span class='ocr_line' id='line_1_35' title="bbox 162 1877 1195 1933; baseline -0.003 -15"><span class='ocrx_word' id='word_1_273' title='bbox 162 1880 376 1933; x_wconf 81' lang='grc' dir='ltr'>κατάσχεσιν</span> <span class='ocrx_word' id='word_1_274' title='bbox 416 1878 553 1917; x_wconf 81' lang='grc' dir='ltr'>αἰώνιον</span> <span class='ocrx_word' id='word_1_275' title='bbox 588 1878 652 1925; x_wconf 82' lang='grc' dir='ltr'>τὴν</span> <span class='ocrx_word' id='word_1_276' title='bbox 679 1880 744 1930; x_wconf 75' lang='grc' dir='ltr'>γῆν</span> <span class='ocrx_word' id='word_1_277' title='bbox 769 1877 926 1927; x_wconf 78' lang='grc' dir='ltr'>Χαναὰν,</span> <span class='ocrx_word' id='word_1_278' title='bbox 945 1878 1042 1916; x_wconf 60' lang='grc' dir='ltr'>’Καὶ</span> <span class='ocrx_word' id='word_1_279' title='bbox 1069 1878 1195 1929; x_wconf 84' lang='grc' dir='ltr'>ἔσομαι</span> 
     </span>
     <span class='ocr_line' id='line_1_36' title="bbox 161 1939 1195 1990; baseline -0.002 -10"><span class='ocrx_word' id='word_1_280' title='bbox 161 1944 275 1980; x_wconf 78' lang='grc' dir='ltr'>αὐτῶν</span> <span class='ocrx_word' id='word_1_281' title='bbox 304 1941 406 1984; x_wconf 81' lang='grc' dir='ltr'>Θεός.</span> <span class='ocrx_word' id='word_1_282' title='bbox 430 1940 478 1978; x_wconf 90' lang='grc' dir='ltr'>Τί</span> <span class='ocrx_word' id='word_1_283' title='bbox 504 1941 591 1987; x_wconf 85' lang='grc' dir='ltr'>ἐστι,</span> <span class='ocrx_word' id='word_1_284' title='bbox 609 1939 679 1978; x_wconf 83' lang='grc' dir='ltr'>Καὶ</span> <span class='ocrx_word' id='word_1_285' title='bbox 704 1939 830 1990; x_wconf 87' lang='grc' dir='ltr'>ἔσομαι</span> <span class='ocrx_word' id='word_1_286' title='bbox 847 1941 960 1978; x_wconf 83' lang='grc' dir='ltr'>αὐτῶν</span> <span class='ocrx_word' id='word_1_287' title='bbox 975 1940 1082 1987; x_wconf 73' lang='grc' dir='ltr'>Θεός,</span> <span class='ocrx_word' id='word_1_288' title='bbox 1104 1940 1195 1978; x_wconf 85' lang='grc' dir='ltr'>Ἀντὶ</span> 
     </span>
     <span class='ocr_line' id='line_1_37' title="bbox 161 2001 1195 2052; baseline -0.002 -11"><span class='ocrx_word' id='word_1_289' title='bbox 161 2006 246 2052; x_wconf 81' lang='grc' dir='ltr'>τοῦ,</span> <span class='ocrx_word' id='word_1_290' title='bbox 275 2001 408 2049; x_wconf 83' lang='grc' dir='ltr'>πολλὴν</span> <span class='ocrx_word' id='word_1_291' title='bbox 441 2001 659 2052; x_wconf 84' lang='grc' dir='ltr'>ἐπιδείξομαι</span> <span class='ocrx_word' id='word_1_292' title='bbox 693 2001 758 2048; x_wconf 83' lang='grc' dir='ltr'>τὴν</span> <span class='ocrx_word' id='word_1_293' title='bbox 789 2001 1026 2052; x_wconf 84' lang='grc' dir='ltr'>κηδεμονίαν,</span> <span class='ocrx_word' id='word_1_294' title='bbox 1060 2001 1195 2049; x_wconf 83' lang='grc' dir='ltr'>πολλὴν</span> 
     </span>
     <span class='ocr_line' id='line_1_38' title="bbox 160 2062 1194 2117; baseline -0.001 -15"><span class='ocrx_word' id='word_1_295' title='bbox 160 2065 224 2111; x_wconf 83' lang='grc' dir='ltr'>τὴν</span> <span class='ocrx_word' id='word_1_296' title='bbox 240 2063 418 2117; x_wconf 86' lang='grc' dir='ltr'>πρόνοιαν,</span> <span class='ocrx_word' id='word_1_297' title='bbox 439 2064 474 2101; x_wconf 84' lang='grc' dir='ltr'>ἐν</span> <span class='ocrx_word' id='word_1_298' title='bbox 495 2063 626 2101; x_wconf 87' lang='grc' dir='ltr'>ἅπασιν</span> <span class='ocrx_word' id='word_1_299' title='bbox 655 2065 770 2107; x_wconf 81' lang='grc' dir='ltr'>αὐτοῖς</span> <span class='ocrx_word' id='word_1_300' title='bbox 794 2062 857 2110; x_wconf 89' lang='grc' dir='ltr'>τὴν</span> <span class='ocrx_word' id='word_1_301' title='bbox 882 2065 965 2115; x_wconf 90' lang='grc' dir='ltr'>παρ’</span> <span class='ocrx_word' id='word_1_302' title='bbox 988 2064 1074 2114; x_wconf 75' lang='grc' dir='ltr'>ἐμοῦ</span> <span class='ocrx_word' id='word_1_303' title='bbox 1102 2079 1194 2114; x_wconf 89' lang='grc' dir='ltr'>συμ-</span> 
     </span>
     <span class='ocr_line' id='line_1_39' title="bbox 162 2122 1193 2177; baseline -0.001 -15"><span class='ocrx_word' id='word_1_304' title='bbox 162 2125 294 2177; x_wconf 71' lang='grc' dir='ltr'>μαχίαν</span> <span class='ocrx_word' id='word_1_305' title='bbox 321 2123 535 2176; x_wconf 84' lang='grc' dir='ltr'>παρέξομαι·</span> <span class='ocrx_word' id='word_1_306' title='bbox 558 2123 661 2174; x_wconf 89' lang='grc' dir='ltr'>μόνον</span> <span class='ocrx_word' id='word_1_307' title='bbox 687 2122 738 2162; x_wconf 84' lang='grc' dir='ltr'>Σὺ</span> <span class='ocrx_word' id='word_1_308' title='bbox 764 2123 829 2171; x_wconf 77' lang='grc' dir='ltr'>τὴν</span> <span class='ocrx_word' id='word_1_309' title='bbox 849 2122 1018 2170; x_wconf 83' lang='grc' dir='ltr'>διαθήκην</span> <span class='ocrx_word' id='word_1_310' title='bbox 1035 2139 1101 2174; x_wconf 89' lang='grc' dir='ltr'>μου</span> <span class='ocrx_word' id='word_1_311' title='bbox 1115 2125 1193 2162; x_wconf 88' lang='grc' dir='ltr'>δια-</span> 
     </span>
     <span class='ocr_line' id='line_1_40' title="bbox 158 2183 1194 2238; baseline -0.001 -14"><span class='ocrx_word' id='word_1_312' title='bbox 158 2186 326 2238; x_wconf 86' lang='grc' dir='ltr'>τήρησον,</span> <span class='ocrx_word' id='word_1_313' title='bbox 358 2185 400 2224; x_wconf 81' lang='grc' dir='ltr'>σὺ</span> <span class='ocrx_word' id='word_1_314' title='bbox 432 2184 492 2223; x_wconf 85' lang='grc' dir='ltr'>καὶ</span> <span class='ocrx_word' id='word_1_315' title='bbox 520 2184 560 2222; x_wconf 84' lang='grc' dir='ltr'>τὸ</span> <span class='ocrx_word' id='word_1_316' title='bbox 596 2185 739 2237; x_wconf 86' lang='grc' dir='ltr'>σπέρμα</span> <span class='ocrx_word' id='word_1_317' title='bbox 765 2198 826 2223; x_wconf 84' lang='grc' dir='ltr'>σου</span> <span class='ocrx_word' id='word_1_318' title='bbox 855 2183 946 2235; x_wconf 83' lang='grc' dir='ltr'>μετὰ</span> <span class='ocrx_word' id='word_1_319' title='bbox 981 2183 1020 2222; x_wconf 83' lang='grc' dir='ltr'>σὲ</span> <span class='ocrx_word' id='word_1_320' title='bbox 1057 2187 1105 2228; x_wconf 87' lang='grc' dir='ltr'>εἷς</span> <span class='ocrx_word' id='word_1_321' title='bbox 1132 2184 1194 2229; x_wconf 86' lang='grc' dir='ltr'>τὰς</span> 
     </span>
     <span class='ocr_line' id='line_1_41' title="bbox 159 2244 1192 2298; baseline -0.001 -13"><span class='ocrx_word' id='word_1_322' title='bbox 159 2247 278 2298; x_wconf 83' lang='grc' dir='ltr'>γενεὰς</span> <span class='ocrx_word' id='word_1_323' title='bbox 299 2248 426 2285; x_wconf 80' lang='grc' dir='ltr'>αὐτῶν.</span> <span class='ocrx_word' id='word_1_324' title='bbox 450 2244 562 2284; x_wconf 79' lang='grc' dir='ltr'>Οὐδὲν</span> <span class='ocrx_word' id='word_1_325' title='bbox 588 2245 705 2298; x_wconf 77' lang='grc' dir='ltr'>ἕτερον</span> <span class='ocrx_word' id='word_1_326' title='bbox 733 2247 818 2297; x_wconf 91' lang='grc' dir='ltr'>παρ’</span> <span class='ocrx_word' id='word_1_327' title='bbox 846 2247 943 2296; x_wconf 78' lang='grc' dir='ltr'>ὑμῶν</span> <span class='ocrx_word' id='word_1_328' title='bbox 968 2247 1144 2294; x_wconf 84' lang='grc' dir='ltr'>ἐπιζητῶ,</span> <span class='ocrx_word' id='word_1_329' title='bbox 1170 2245 1192 2292; x_wconf 84' lang='grc' dir='ltr'>ἢ</span> 
     </span>
     <span class='ocr_line' id='line_1_42' title="bbox 158 2305 1195 2358; baseline -0.003 -11"><span class='ocrx_word' id='word_1_330' title='bbox 158 2308 222 2355; x_wconf 80' lang='grc' dir='ltr'>τὴν</span> <span class='ocrx_word' id='word_1_331' title='bbox 254 2307 411 2354; x_wconf 83' lang='grc' dir='ltr'>ὑπακοὴν</span> <span class='ocrx_word' id='word_1_332' title='bbox 448 2306 508 2345; x_wconf 78' lang='grc' dir='ltr'>καὶ</span> <span class='ocrx_word' id='word_1_333' title='bbox 534 2306 599 2354; x_wconf 79' lang='grc' dir='ltr'>τὴν</span> <span class='ocrx_word' id='word_1_334' title='bbox 628 2306 916 2358; x_wconf 82' lang='grc' dir='ltr'>εὐγνωμοσύνην,</span> <span class='ocrx_word' id='word_1_335' title='bbox 940 2305 1039 2358; x_wconf 85' lang='grc' dir='ltr'>κάγὼ</span> <span class='ocrx_word' id='word_1_336' title='bbox 1076 2306 1195 2345; x_wconf 85' lang='grc' dir='ltr'>πάντα</span> 
     </span>
     <span class='ocr_line' id='line_1_43' title="bbox 160 2367 758 2422; baseline -0.003 -15"><span class='ocrx_word' id='word_1_337' title='bbox 160 2369 249 2422; x_wconf 88' lang='grc' dir='ltr'>ἅπερ</span> <span class='ocrx_word' id='word_1_338' title='bbox 267 2369 474 2422; x_wconf 44' lang='grc' dir='ltr'>ὑπεσχόμην</span> <span class='ocrx_word' id='word_1_339' title='bbox 493 2370 540 2412; x_wconf 86' lang='grc' dir='ltr'>εἷς</span> <span class='ocrx_word' id='word_1_340' title='bbox 558 2368 656 2421; x_wconf 84' lang='grc' dir='ltr'>ἔργον</span> <span class='ocrx_word' id='word_1_341' title='bbox 672 2367 758 2412; x_wconf 83' lang='grc' dir='ltr'>ἄξω.</span> 
     </span>
    </p>

    <p class='ocr_par' dir='ltr' id='par_1_8' title="bbox 161 2425 1194 3280">
     <span class='ocr_line' id='line_1_44' title="bbox 213 2425 1193 2482; baseline 0 -13"><span class='ocrx_word' id='word_1_342' title='bbox 213 2425 304 2470; x_wconf 69' lang='grc' dir='ltr'>Εἶτα</span> <span class='ocrx_word' id='word_1_343' title='bbox 321 2431 442 2469; x_wconf 87' lang='grc' dir='ltr'>λοιπὸν</span> <span class='ocrx_word' id='word_1_344' title='bbox 457 2430 664 2482; x_wconf 87' lang='grc' dir='ltr'>βουλόμενος</span> <span class='ocrx_word' id='word_1_345' title='bbox 682 2429 965 2476; x_wconf 82' lang='grc' dir='ltr'>ἷδιοποιήσασθαι</span> <span class='ocrx_word' id='word_1_346' title='bbox 982 2427 1062 2474; x_wconf 76' lang='grc' dir='ltr'>τοὺς</span> <span class='ocrx_word' id='word_1_347' title='bbox 1080 2428 1116 2475; x_wconf 83' lang='grc' dir='ltr'>ἐξ</span> <span class='ocrx_word' id='word_1_348' title='bbox 1133 2432 1193 2469; x_wconf 84' lang='grc' dir='ltr'>αὖ·</span> 
     </span>
     <span class='ocr_line' id='line_1_45' title="bbox 161 2490 1194 2544; baseline 0.001 -15"><span class='ocrx_word' id='word_1_349' title='bbox 161 2495 220 2530; x_wconf 82' lang='grc' dir='ltr'>τοῦ</span> <span class='ocrx_word' id='word_1_350' title='bbox 240 2490 482 2542; x_wconf 83' lang='grc' dir='ltr'>τικτομένους,</span> <span class='ocrx_word' id='word_1_351' title='bbox 501 2492 561 2530; x_wconf 86' lang='grc' dir='ltr'>καὶ</span> <span class='ocrx_word' id='word_1_352' title='bbox 578 2493 702 2530; x_wconf 85' lang='grc' dir='ltr'>οἰκεῖον</span> <span class='ocrx_word' id='word_1_353' title='bbox 719 2493 841 2530; x_wconf 78' lang='grc' dir='ltr'>ἑαυτοῦ</span> <span class='ocrx_word' id='word_1_354' title='bbox 861 2491 919 2530; x_wconf 83' lang='grc' dir='ltr'>τὸν</span> <span class='ocrx_word' id='word_1_355' title='bbox 939 2490 1023 2529; x_wconf 84' lang='grc' dir='ltr'>λαὸν</span> <span class='ocrx_word' id='word_1_356' title='bbox 1043 2491 1194 2544; x_wconf 86' lang='grc' dir='ltr'>ἀπεργά-</span> 
     </span>
     <span class='ocr_line' id='line_1_46' title="bbox 162 2551 1191 2605; baseline -0.001 -13"><span class='ocrx_word' id='word_1_357' title='bbox 162 2552 384 2600; x_wconf 83' lang='grc' dir='ltr'>σασθαι,καὶ</span> <span class='ocrx_word' id='word_1_358' title='bbox 414 2553 471 2590; x_wconf 82' lang='grc' dir='ltr'>ἵνα</span> <span class='ocrx_word' id='word_1_359' title='bbox 498 2553 619 2591; x_wconf 84' lang='grc' dir='ltr'>λοιπὸν</span> <span class='ocrx_word' id='word_1_360' title='bbox 645 2553 685 2591; x_wconf 86' lang='grc' dir='ltr'>τὸ</span> <span class='ocrx_word' id='word_1_361' title='bbox 716 2553 848 2598; x_wconf 70' lang='grc' dir='ltr'>πλῆθος</span> <span class='ocrx_word' id='word_1_362' title='bbox 878 2551 1115 2603; x_wconf 84' lang='grc' dir='ltr'>ἐκτεινόμενον</span> <span class='ocrx_word' id='word_1_363' title='bbox 1141 2552 1191 2605; x_wconf 85' lang='grc' dir='ltr'>μὴ</span> 
     </span>
     <span class='ocr_line' id='line_1_47' title="bbox 161 2608 1192 2667; baseline -0.001 -14"><span class='ocrx_word' id='word_1_364' title='bbox 161 2614 482 2665; x_wconf 82' lang='grc' dir='ltr'>συναναμιγνύηται</span> <span class='ocrx_word' id='word_1_365' title='bbox 505 2619 577 2658; x_wconf 88' lang='grc' dir='ltr'>τοῖς</span> <span class='ocrx_word' id='word_1_366' title='bbox 602 2613 732 2652; x_wconf 86' lang='grc' dir='ltr'>ἔθνεσιν</span> <span class='ocrx_word' id='word_1_367' title='bbox 761 2613 921 2663; x_wconf 81' lang='grc' dir='ltr'>ἐκείνοις,</span> <span class='ocrx_word' id='word_1_368' title='bbox 952 2608 1001 2652; x_wconf 65' lang='grc' dir='ltr'>ὧν</span> <span class='ocrx_word' id='word_1_369' title='bbox 1032 2614 1096 2662; x_wconf 84' lang='grc' dir='ltr'>τὴν</span> <span class='ocrx_word' id='word_1_370' title='bbox 1125 2617 1192 2667; x_wconf 74' lang='grc' dir='ltr'>γῆν</span> 
     </span>
     <span class='ocr_line' id='line_1_48' title="bbox 162 2674 1191 2727; baseline 0 -13"><span class='ocrx_word' id='word_1_371' title='bbox 162 2675 308 2727; x_wconf 87' lang='grc' dir='ltr'>ἔμελλον</span> <span class='ocrx_word' id='word_1_372' title='bbox 319 2676 561 2727; x_wconf 86' lang='grc' dir='ltr'>κληρονομεῖν,</span> <span class='ocrx_word' id='word_1_373' title='bbox 578 2675 692 2716; x_wconf 80' lang='grc' dir='ltr'>ἄλλως</span> <span class='ocrx_word' id='word_1_374' title='bbox 709 2674 744 2713; x_wconf 86' lang='grc' dir='ltr'>δὲ</span> <span class='ocrx_word' id='word_1_375' title='bbox 761 2674 821 2714; x_wconf 75' lang='grc' dir='ltr'>καὶ</span> <span class='ocrx_word' id='word_1_376' title='bbox 836 2674 956 2723; x_wconf 83' lang='grc' dir='ltr'>ἐπειδὴ</span> <span class='ocrx_word' id='word_1_377' title='bbox 979 2675 1069 2727; x_wconf 80' lang='grc' dir='ltr'>μετὰ</span> <span class='ocrx_word' id='word_1_378' title='bbox 1079 2680 1191 2714; x_wconf 81' lang='grc' dir='ltr'>ταῦτα</span> 
     </span>
     <span class='ocr_line' id='line_1_49' title="bbox 162 2735 1189 2789; baseline 0.002 -16"><span class='ocrx_word' id='word_1_379' title='bbox 162 2736 306 2786; x_wconf 84' lang='grc' dir='ltr'>ἔμελλον</span> <span class='ocrx_word' id='word_1_380' title='bbox 336 2735 426 2773; x_wconf 85' lang='grc' dir='ltr'>κατὰ</span> <span class='ocrx_word' id='word_1_381' title='bbox 457 2735 520 2784; x_wconf 81' lang='grc' dir='ltr'>τὴν</span> <span class='ocrx_word' id='word_1_382' title='bbox 555 2737 659 2775; x_wconf 78' lang='grc' dir='ltr'>αὐτοῦ</span> <span class='ocrx_word' id='word_1_383' title='bbox 692 2736 885 2789; x_wconf 75' lang='grc' dir='ltr'>πρόῤῥησιν</span> <span class='ocrx_word' id='word_1_384' title='bbox 910 2736 1096 2788; x_wconf 78' lang='grc' dir='ltr'>ὑπομένειν</span> <span class='ocrx_word' id='word_1_385' title='bbox 1126 2736 1189 2785; x_wconf 78' lang='grc' dir='ltr'>τὴν</span> 
     </span>
     <span class='ocr_line' id='line_1_50' title="bbox 162 2796 1192 2851; baseline 0.003 -18"><span class='ocrx_word' id='word_1_386' title='bbox 162 2797 197 2849; x_wconf 81' lang='grc' dir='ltr'>ἐν</span> <span class='ocrx_word' id='word_1_387' title='bbox 218 2796 386 2849; x_wconf 77' lang='grc' dir='ltr'>Αἰγύπτῳ</span> <span class='ocrx_word' id='word_1_388' title='bbox 407 2797 576 2844; x_wconf 85' lang='grc' dir='ltr'>δουλείαν,</span> <span class='ocrx_word' id='word_1_389' title='bbox 594 2797 650 2836; x_wconf 81' lang='grc' dir='ltr'>ἵνα</span> <span class='ocrx_word' id='word_1_390' title='bbox 675 2797 724 2849; x_wconf 89' lang='grc' dir='ltr'>μὴ</span> <span class='ocrx_word' id='word_1_391' title='bbox 747 2798 806 2836; x_wconf 85' lang='grc' dir='ltr'>καὶ</span> <span class='ocrx_word' id='word_1_392' title='bbox 827 2799 864 2836; x_wconf 86' lang='grc' dir='ltr'>ἐν</span> <span class='ocrx_word' id='word_1_393' title='bbox 894 2799 983 2851; x_wconf 83' lang='grc' dir='ltr'>αὐτῇ</span> <span class='ocrx_word' id='word_1_394' title='bbox 1010 2797 1192 2850; x_wconf 85' lang='grc' dir='ltr'>γενόμενοι</span> 
     </span>
     <span class='ocr_line' id='line_1_51' title="bbox 164 2858 1189 2913; baseline 0.004 -19"><span class='ocrx_word' id='word_1_395' title='bbox 164 2861 430 2910; x_wconf 70' lang='grc' dir='ltr'>συναναφυρῶσι</span> <span class='ocrx_word' id='word_1_396' title='bbox 449 2864 520 2902; x_wconf 87' lang='grc' dir='ltr'>τοῖς</span> <span class='ocrx_word' id='word_1_397' title='bbox 548 2858 659 2898; x_wconf 85' lang='grc' dir='ltr'>ἔθνεσι</span> <span class='ocrx_word' id='word_1_398' title='bbox 677 2866 749 2903; x_wconf 82' lang='grc' dir='ltr'>τοῖς</span> <span class='ocrx_word' id='word_1_399' title='bbox 768 2861 804 2898; x_wconf 89' lang='grc' dir='ltr'>ἐν</span> <span class='ocrx_word' id='word_1_400' title='bbox 826 2859 1016 2913; x_wconf 84' lang='grc' dir='ltr'>Αἰγύπτῳ,</span> <span class='ocrx_word' id='word_1_401' title='bbox 1041 2859 1189 2911; x_wconf 86' lang='grc' dir='ltr'>σημείου</span> 
     </span>
     <span class='ocr_line' id='line_1_52' title="bbox 163 2917 1189 2973; baseline 0.004 -18"><span class='ocrx_word' id='word_1_402' title='bbox 163 2918 267 2970; x_wconf 77' lang='grc' dir='ltr'>χάριν</span> <span class='ocrx_word' id='word_1_403' title='bbox 297 2917 361 2966; x_wconf 75' lang='grc' dir='ltr'>τὴν</span> <span class='ocrx_word' id='word_1_404' title='bbox 387 2919 581 2971; x_wconf 84' lang='grc' dir='ltr'>περιτομὴν</span> <span class='ocrx_word' id='word_1_405' title='bbox 614 2922 664 2972; x_wconf 85' lang='grc' dir='ltr'>τῷ</span> <span class='ocrx_word' id='word_1_406' title='bbox 695 2921 817 2973; x_wconf 83' lang='grc' dir='ltr'>δικαίῳ</span> <span class='ocrx_word' id='word_1_407' title='bbox 855 2921 1099 2967; x_wconf 81' lang='grc' dir='ltr'>διατάττεται,</span> <span class='ocrx_word' id='word_1_408' title='bbox 1129 2921 1189 2959; x_wconf 89' lang='grc' dir='ltr'>καί</span> 
     </span>
     <span class='ocr_line' id='line_1_53' title="bbox 164 2979 1189 3034; baseline 0.002 -16"><span class='ocrx_word' id='word_1_409' title='bbox 164 2994 286 3031; x_wconf 79' lang='grc' dir='ltr'>φησιν·</span> <span class='ocrx_word' id='word_1_410' title='bbox 309 2979 407 3026; x_wconf 60' lang='grc' dir='ltr'>Αὕτη</span> <span class='ocrx_word' id='word_1_411' title='bbox 438 2983 459 3026; x_wconf 86' lang='grc' dir='ltr'>ἡ</span> <span class='ocrx_word' id='word_1_412' title='bbox 481 2979 675 3028; x_wconf 63' lang='grc' dir='ltr'>ι’διειιθήκ-η,</span> <span class='ocrx_word' id='word_1_413' title='bbox 691 2982 733 3028; x_wconf 81' lang='grc' dir='ltr'>ἣν</span> <span class='ocrx_word' id='word_1_414' title='bbox 755 2982 978 3033; x_wconf 74' lang='grc' dir='ltr'>διατηρήσεις</span> <span class='ocrx_word' id='word_1_415' title='bbox 998 2981 1064 3020; x_wconf 82' lang='grc' dir='ltr'>ἀνὰ</span> <span class='ocrx_word' id='word_1_416' title='bbox 1084 2982 1189 3034; x_wconf 88' lang='grc' dir='ltr'>μέσον</span> 
     </span>
     <span class='ocr_line' id='line_1_54' title="bbox 165 3041 1191 3096; baseline 0.004 -18"><span class='ocrx_word' id='word_1_417' title='bbox 165 3042 249 3090; x_wconf 78' lang='grc' dir='ltr'>ἐμοῦ</span> <span class='ocrx_word' id='word_1_418' title='bbox 278 3041 337 3079; x_wconf 80' lang='grc' dir='ltr'>καὶ</span> <span class='ocrx_word' id='word_1_419' title='bbox 356 3043 465 3091; x_wconf 80' lang='grc' dir='ltr'>ὑμῶν,</span> <span class='ocrx_word' id='word_1_420' title='bbox 486 3042 544 3079; x_wconf 81' lang='grc' dir='ltr'>καὶ</span> <span class='ocrx_word' id='word_1_421' title='bbox 576 3041 642 3080; x_wconf 76' lang='grc' dir='ltr'>ἀνὰ</span> <span class='ocrx_word' id='word_1_422' title='bbox 671 3042 774 3093; x_wconf 83' lang='grc' dir='ltr'>μέσον</span> <span class='ocrx_word' id='word_1_423' title='bbox 807 3047 867 3081; x_wconf 80' lang='grc' dir='ltr'>τοῦ</span> <span class='ocrx_word' id='word_1_424' title='bbox 899 3043 1099 3096; x_wconf 79' lang='grc' dir='ltr'>σπέρματός</span> <span class='ocrx_word' id='word_1_425' title='bbox 1129 3059 1191 3083; x_wconf 91' lang='grc' dir='ltr'>σου</span> 
     </span>
     <span class='ocr_line' id='line_1_55' title="bbox 167 3102 1191 3158; baseline 0.005 -18"><span class='ocrx_word' id='word_1_426' title='bbox 167 3103 256 3153; x_wconf 79' lang='grc' dir='ltr'>μετὰ</span> <span class='ocrx_word' id='word_1_427' title='bbox 273 3102 311 3141; x_wconf 80' lang='grc' dir='ltr'>σὲ</span> <span class='ocrx_word' id='word_1_428' title='bbox 329 3106 374 3147; x_wconf 87' lang='grc' dir='ltr'>εἰς</span> <span class='ocrx_word' id='word_1_429' title='bbox 400 3103 462 3148; x_wconf 81' lang='grc' dir='ltr'>τὰς</span> <span class='ocrx_word' id='word_1_430' title='bbox 482 3103 601 3155; x_wconf 80' lang='grc' dir='ltr'>γενεὰς</span> <span class='ocrx_word' id='word_1_431' title='bbox 619 3105 745 3143; x_wconf 78' lang='grc' dir='ltr'>αὐτῶν.</span> <span class='ocrx_word' id='word_1_432' title='bbox 766 3106 1078 3158; x_wconf 86' lang='grc' dir='ltr'>Περιτμηθήσεται</span> <span class='ocrx_word' id='word_1_433' title='bbox 1093 3108 1191 3157; x_wconf 81' lang='grc' dir='ltr'>ὑμῶν</span> 
     </span>
     <span class='ocr_line' id='line_1_56' title="bbox 167 3164 1191 3219; baseline 0.007 -20"><span class='ocrx_word' id='word_1_434' title='bbox 167 3169 235 3200; x_wconf 76' lang='grc' dir='ltr'>πᾶν</span> <span class='ocrx_word' id='word_1_435' title='bbox 250 3164 441 3215; x_wconf 83' lang='grc' dir='ltr'>ἀρσενικόν.</span> <span class='ocrx_word' id='word_1_436' title='bbox 460 3165 771 3216; x_wconf 73' lang='grc' dir='ltr'>Περιτμηθήσεσθε</span> <span class='ocrx_word' id='word_1_437' title='bbox 790 3166 852 3213; x_wconf 68' lang='grc' dir='ltr'>τὴν</span> <span class='ocrx_word' id='word_1_438' title='bbox 870 3167 984 3219; x_wconf 83' lang='grc' dir='ltr'>σάρκα</span> <span class='ocrx_word' id='word_1_439' title='bbox 1002 3169 1064 3214; x_wconf 70' lang='grc' dir='ltr'>τῆς</span> <span class='ocrx_word' id='word_1_440' title='bbox 1083 3169 1191 3219; x_wconf 80' lang='grc' dir='ltr'>ἀκρο-</span> 
     </span>
     <span class='ocr_line' id='line_1_57' title="bbox 168 3220 1192 3280; baseline 0.006 -19"><span class='ocrx_word' id='word_1_441' title='bbox 168 3223 310 3268; x_wconf 66' lang='lat' dir='ltr'><strong>Coctia&lt;</strong></span> <span class='ocrx_word' id='word_1_442' title='bbox 326 3227 434 3275; x_wconf 77' lang='grc' dir='ltr'>ὑμῶν.</span> <span class='ocrx_word' id='word_1_443' title='bbox 456 3220 544 3265; x_wconf 74' lang='grc' dir='ltr'>Εἶτα</span> <span class='ocrx_word' id='word_1_444' title='bbox 568 3226 624 3264; x_wconf 84' lang='grc' dir='ltr'>ἵνα</span> <span class='ocrx_word' id='word_1_445' title='bbox 645 3228 764 3280; x_wconf 73' lang='grc' dir='ltr'>διδάξῃ</span> <span class='ocrx_word' id='word_1_446' title='bbox 781 3228 959 3272; x_wconf 82' lang='grc' dir='ltr'>κάκείνους</span> <span class='ocrx_word' id='word_1_447' title='bbox 980 3229 1040 3267; x_wconf 75' lang='grc' dir='ltr'>καὶ</span> <span class='ocrx_word' id='word_1_448' title='bbox 1058 3229 1192 3272; x_wconf 84' lang='grc' dir='ltr'>πάντας</span> 
     </span>
    </p>
   </div>
   <div class='ocr_carea' id='block_1_8' title="bbox 214 3348 1175 3448">
    <p class='ocr_par' dir='ltr' id='par_1_9' title="bbox 214 3348 1175 3448">
     <span class='ocr_line' id='line_1_58' title="bbox 214 3348 1008 3394; baseline 0.009 -15"><span class='ocrx_word' id='word_1_449' title='bbox 214 3360 225 3372; x_wconf 61' lang='lat'>&gt;¹</span> <span class='ocrx_word' id='word_1_450' title='bbox 254 3348 290 3380; x_wconf 88' lang='lat' dir='ltr'><strong>lu</strong></span> <span class='ocrx_word' id='word_1_451' title='bbox 310 3348 421 3381; x_wconf 81' lang='lat' dir='ltr'><strong>Bibliis</strong></span> <span class='ocrx_word' id='word_1_452' title='bbox 437 3349 552 3390; x_wconf 57' lang='lat' dir='ltr'><strong>legitur</strong></span> <span class='ocrx_word' id='word_1_453' title='bbox 569 3358 617 3385; x_wconf 64' lang='grc' dir='ltr'>καὶ</span> <span class='ocrx_word' id='word_1_454' title='bbox 636 3356 740 3394; x_wconf 56' lang='grc' dir='ltr'>ἕπομαι</span> <span class='ocrx_word' id='word_1_455' title='bbox 759 3356 854 3391; x_wconf 63' lang='grc' dir='ltr'>αὐτοῖς</span> <span class='ocrx_word' id='word_1_456' title='bbox 873 3358 907 3391; x_wconf 77' lang='grc' dir='ltr'>εἰς</span> <span class='ocrx_word' id='word_1_457' title='bbox 923 3361 1008 3388; x_wconf 75' lang='grc' dir='ltr'>Θεὸν.</span> 
     </span>
     <span class='ocr_line' id='line_1_59' title="bbox 217 3403 1175 3448; baseline 0.004 -15"><span class='ocrx_word' id='word_1_458' title='bbox 217 3403 229 3423; x_wconf 65' lang='lat'>¹*</span> <span class='ocrx_word' id='word_1_459' title='bbox 260 3407 381 3438; x_wconf 56' lang='lat' dir='ltr'>moin,</span> <span class='ocrx_word' id='word_1_460' title='bbox 393 3428 399 3436; x_wconf 76' lang='grc'>,</span> <span class='ocrx_word' id='word_1_461' title='bbox 416 3410 638 3435; x_wconf 69' lang='lat' dir='ltr'><strong>cestuum-ntum</strong></span> <span class='ocrx_word' id='word_1_462' title='bbox 651 3431 655 3438; x_wconf 82' lang='grc'><em>.</em></span> <span class='ocrx_word' id='word_1_463' title='bbox 669 3403 701 3436; x_wconf 86' lang='lat' dir='ltr'><strong>id</strong></span> <span class='ocrx_word' id='word_1_464' title='bbox 720 3413 763 3436; x_wconf 76' lang='lat' dir='ltr'>est</span> <span class='ocrx_word' id='word_1_465' title='bbox 785 3404 847 3436; x_wconf 73' lang='lat' dir='ltr'><strong>lune</strong></span> <span class='ocrx_word' id='word_1_466' title='bbox 862 3404 935 3438; x_wconf 78' lang='lat' dir='ltr'><strong>lucu</strong></span> <span class='ocrx_word' id='word_1_467' title='bbox 946 3432 952 3440; x_wconf 83' lang='lat'>.</span> <span class='ocrx_word' id='word_1_468' title='bbox 964 3414 1100 3448; x_wconf 74' lang='lat' dir='ltr'><strong>pactum</strong></span> <span class='ocrx_word' id='word_1_469' title='bbox 1112 3409 1175 3447; x_wconf 78' lang='lat' dir='ltr'><strong>sue-</strong></span> 
     </span>
    </p>
   </div>
   <div class='ocr_carea' id='block_1_9' title="bbox 1215 650 2225 2312">
    <p class='ocr_par' dir='ltr' id='par_1_10' title="bbox 1215 650 2225 1438">
     <span class='ocr_line' id='line_1_60' title="bbox 1215 650 2218 702; baseline 0.001 -13"><span class='ocrx_word' id='word_1_470' title='bbox 1215 660 1238 689; x_wconf 83' lang='grc' dir='ltr'>Α</span> <span class='ocrx_word' id='word_1_471' title='bbox 1264 664 1364 698; x_wconf 86' lang='lat' dir='ltr'><strong>nem,</strong></span> <span class='ocrx_word' id='word_1_472' title='bbox 1393 650 1496 701; x_wconf 80' lang='lat' dir='ltr'><strong>quasi</strong></span> <span class='ocrx_word' id='word_1_473' title='bbox 1526 651 1561 688; x_wconf 91' lang='lat' dir='ltr'>in</span> <span class='ocrx_word' id='word_1_474' title='bbox 1592 651 1754 689; x_wconf 85' lang='lat' dir='ltr'><strong>columna</strong></span> <span class='ocrx_word' id='word_1_475' title='bbox 1787 651 1940 702; x_wconf 76' lang='lat' dir='ltr'><strong>quadam</strong></span> <span class='ocrx_word' id='word_1_476' title='bbox 1953 682 1963 701; x_wconf 84' lang='lat'>‚</span> <span class='ocrx_word' id='word_1_477' title='bbox 1994 651 2218 691; x_wconf 85' lang='lat' dir='ltr'><strong>indelebilem</strong></span> 
     </span>
     <span class='ocr_line' id='line_1_61' title="bbox 1264 710 2220 764; baseline 0.004 -16"><span class='ocrx_word' id='word_1_478' title='bbox 1264 710 1535 763; x_wconf 85' lang='lat' dir='ltr'><strong>promissionem</strong></span> <span class='ocrx_word' id='word_1_479' title='bbox 1546 711 1578 749; x_wconf 90' lang='lat' dir='ltr'>ci</span> <span class='ocrx_word' id='word_1_480' title='bbox 1598 711 1802 764; x_wconf 82' lang='lat' dir='ltr'><strong>inscripsit,</strong></span> <span class='ocrx_word' id='word_1_481' title='bbox 1830 713 1958 750; x_wconf 87' lang='lat' dir='ltr'><strong>iterum</strong></span> <span class='ocrx_word' id='word_1_482' title='bbox 1981 712 2092 750; x_wconf 85' lang='lat' dir='ltr'><strong>dicit:</strong></span> <span class='ocrx_word' id='word_1_483' title='bbox 2112 715 2148 751; x_wconf 84' lang='lat'>7.</span> <span class='ocrx_word' id='word_1_484' title='bbox 2169 715 2220 752; x_wconf 80' lang='lat' dir='ltr'><strong>Et</strong></span> 
     </span>
     <span class='ocr_line' id='line_1_62' title="bbox 1264 777 2223 821; baseline 0.004 -12"><span class='ocrx_word' id='word_1_485' title='bbox 1264 779 1433 810; x_wconf 79' lang='lat' dir='ltr'><strong>statuam</strong></span> <span class='ocrx_word' id='word_1_486' title='bbox 1448 781 1718 811; x_wconf 77' lang='lat' dir='ltr'><strong>testamentum</strong></span> <span class='ocrx_word' id='word_1_487' title='bbox 1731 788 1854 811; x_wconf 83' lang='lat' dir='ltr'><strong>meum</strong></span> <span class='ocrx_word' id='word_1_488' title='bbox 1870 777 1970 812; x_wconf 79' lang='lat' dir='ltr'><strong>inter</strong></span> <span class='ocrx_word' id='word_1_489' title='bbox 1990 784 2026 811; x_wconf 81' lang='lat' dir='ltr'>te</span> <span class='ocrx_word' id='word_1_490' title='bbox 2038 805 2046 821; x_wconf 90' lang='lat'>‚</span> <span class='ocrx_word' id='word_1_491' title='bbox 2068 784 2103 813; x_wconf 80' lang='lat' dir='ltr'><strong>ct</strong></span> <span class='ocrx_word' id='word_1_492' title='bbox 2125 779 2223 814; x_wconf 77' lang='lat' dir='ltr'><strong>inter</strong></span> 
     </span>
     <span class='ocr_line' id='line_1_63' title="bbox 1263 834 2219 886; baseline 0.005 -16"><span class='ocrx_word' id='word_1_493' title='bbox 1263 845 1393 871; x_wconf 83' lang='lat' dir='ltr'><strong>semen</strong></span> <span class='ocrx_word' id='word_1_494' title='bbox 1410 841 1516 871; x_wconf 78' lang='lat' dir='ltr'><strong>tuum</strong></span> <span class='ocrx_word' id='word_1_495' title='bbox 1537 841 1623 884; x_wconf 79' lang='lat' dir='ltr'><strong>post</strong></span> <span class='ocrx_word' id='word_1_496' title='bbox 1648 842 1682 870; x_wconf 81' lang='lat' dir='ltr'><strong>le</strong></span> <span class='ocrx_word' id='word_1_497' title='bbox 1703 834 1745 869; x_wconf 86' lang='lat' dir='ltr'><strong>in</strong></span> <span class='ocrx_word' id='word_1_498' title='bbox 1776 838 2039 883; x_wconf 65' lang='lat' dir='ltr'>generationes</span> <span class='ocrx_word' id='word_1_499' title='bbox 2064 852 2191 875; x_wconf 79' lang='lat' dir='ltr'><strong>eorum</strong></span> <span class='ocrx_word' id='word_1_500' title='bbox 2211 869 2219 886; x_wconf 87' lang='lat'><em>,</em></span> 
     </span>
     <span class='ocr_line' id='line_1_64' title="bbox 1265 895 2221 945; baseline 0.006 -14"><span class='ocrx_word' id='word_1_501' title='bbox 1265 896 1306 932; x_wconf 86' lang='lat' dir='ltr'><strong>in</strong></span> <span class='ocrx_word' id='word_1_502' title='bbox 1325 902 1596 933; x_wconf 81' lang='lat' dir='ltr'><strong>testamentum</strong></span> <span class='ocrx_word' id='word_1_503' title='bbox 1627 895 1921 945; x_wconf 81' lang='lat' dir='ltr'><strong>sempiternum,</strong></span> <span class='ocrx_word' id='word_1_504' title='bbox 1955 905 1995 934; x_wconf 78' lang='lat' dir='ltr'><strong>ut</strong></span> <span class='ocrx_word' id='word_1_505' title='bbox 2023 900 2094 934; x_wconf 82' lang='lat' dir='ltr'><strong>sim</strong></span> <span class='ocrx_word' id='word_1_506' title='bbox 2117 900 2221 937; x_wconf 75' lang='lat' dir='ltr'><strong>Deus</strong></span> 
     </span>
     <span class='ocr_line' id='line_1_65' title="bbox 1268 955 2219 1011; baseline 0.002 -17"><span class='ocrx_word' id='word_1_507' title='bbox 1268 965 1368 994; x_wconf 75' lang='lat' dir='ltr'><strong>[ltus.</strong></span> <span class='ocrx_word' id='word_1_508' title='bbox 1385 957 1465 995; x_wconf 90' lang='lat' dir='ltr'>Non</span> <span class='ocrx_word' id='word_1_509' title='bbox 1484 956 1599 994; x_wconf 92' lang='lat' dir='ltr'><strong>solum</strong></span> <span class='ocrx_word' id='word_1_510' title='bbox 1615 969 1698 1008; x_wconf 77' lang='lat' dir='ltr'><strong>erga</strong></span> <span class='ocrx_word' id='word_1_511' title='bbox 1718 964 1751 993; x_wconf 89' lang='lat' dir='ltr'>te</span> <span class='ocrx_word' id='word_1_512' title='bbox 1763 969 1928 1006; x_wconf 78' lang='lat' dir='ltr'><strong>magnam</strong></span> <span class='ocrx_word' id='word_1_513' title='bbox 1938 955 2219 1011; x_wconf 76' lang='lat' dir='ltr'><strong>declarabopro-</strong></span> 
     </span>
     <span class='ocr_line' id='line_1_66' title="bbox 1267 1017 2223 1068; baseline 0.003 -12"><span class='ocrx_word' id='word_1_514' title='bbox 1267 1017 1462 1056; x_wconf 84' lang='lat' dir='ltr'><strong>videntiam</strong></span> <span class='ocrx_word' id='word_1_515' title='bbox 1481 1027 1515 1057; x_wconf 85' lang='lat' dir='ltr'>et</span> <span class='ocrx_word' id='word_1_516' title='bbox 1530 1032 1674 1068; x_wconf 84' lang='lat' dir='ltr'><strong>curam,</strong></span> <span class='ocrx_word' id='word_1_517' title='bbox 1690 1018 1751 1056; x_wconf 89' lang='lat' dir='ltr'>sed</span> <span class='ocrx_word' id='word_1_518' title='bbox 1769 1026 1802 1055; x_wconf 89' lang='lat' dir='ltr'>et</span> <span class='ocrx_word' id='word_1_519' title='bbox 1823 1031 1904 1068; x_wconf 83' lang='lat' dir='ltr'><strong>erga</strong></span> <span class='ocrx_word' id='word_1_520' title='bbox 1920 1032 2035 1056; x_wconf 87' lang='lat' dir='ltr'><strong>semen</strong></span> <span class='ocrx_word' id='word_1_521' title='bbox 2055 1028 2174 1067; x_wconf 84' lang='lat' dir='ltr'><strong>tuum,</strong></span> <span class='ocrx_word' id='word_1_522' title='bbox 2190 1030 2223 1059; x_wconf 89' lang='lat' dir='ltr'>et</span> 
     </span>
     <span class='ocr_line' id='line_1_67' title="bbox 1267 1078 2223 1131; baseline 0.005 -17"><span class='ocrx_word' id='word_1_523' title='bbox 1267 1088 1346 1131; x_wconf 88' lang='lat' dir='ltr'><strong>post</strong></span> <span class='ocrx_word' id='word_1_524' title='bbox 1373 1088 1471 1117; x_wconf 80' lang='lat' dir='ltr'><strong>tuam</strong></span> <span class='ocrx_word' id='word_1_525' title='bbox 1490 1088 1652 1118; x_wconf 88' lang='lat' dir='ltr'><strong>mortem.</strong></span> <span class='ocrx_word' id='word_1_526' title='bbox 1674 1078 1769 1119; x_wconf 57' lang='lat' dir='ltr'><strong>Vide</strong></span> <span class='ocrx_word' id='word_1_527' title='bbox 1787 1078 1965 1129; x_wconf 86' lang='lat' dir='ltr'><strong>quomodo</strong></span> <span class='ocrx_word' id='word_1_528' title='bbox 1989 1090 2116 1118; x_wconf 87' lang='lat' dir='ltr'><strong>recreet</strong></span> <span class='ocrx_word' id='word_1_529' title='bbox 2144 1082 2223 1119; x_wconf 82' lang='lat' dir='ltr'><strong>ani-</strong></span> 
     </span>
     <span class='ocr_line' id='line_1_68' title="bbox 1268 1140 2223 1195; baseline 0.003 -18"><span class='ocrx_word' id='word_1_530' title='bbox 1268 1140 1485 1192; x_wconf 84' lang='lat' dir='ltr'><strong>mamjusti‚</strong></span> <span class='ocrx_word' id='word_1_531' title='bbox 1501 1140 1711 1193; x_wconf 86' lang='lat' dir='ltr'><strong>promittens</strong></span> <span class='ocrx_word' id='word_1_532' title='bbox 1724 1140 1754 1178; x_wconf 90' lang='lat' dir='ltr'>ei</span> <span class='ocrx_word' id='word_1_533' title='bbox 1770 1155 1806 1179; x_wconf 89' lang='lat' dir='ltr'><strong>sc</strong></span> <span class='ocrx_word' id='word_1_534' title='bbox 1828 1141 1972 1179; x_wconf 76' lang='lat' dir='ltr'><strong>seminis</strong></span> <span class='ocrx_word' id='word_1_535' title='bbox 1992 1157 2131 1193; x_wconf 82' lang='lat' dir='ltr'><strong>quoquc</strong></span> <span class='ocrx_word' id='word_1_536' title='bbox 2148 1145 2223 1195; x_wconf 70' lang='lat' dir='ltr'><strong>ejus</strong></span> 
     </span>
     <span class='ocr_line' id='line_1_69' title="bbox 1268 1201 2223 1254; baseline 0.005 -15"><span class='ocrx_word' id='word_1_537' title='bbox 1268 1201 1419 1240; x_wconf 83' lang='lat' dir='ltr'><strong>multam</strong></span> <span class='ocrx_word' id='word_1_538' title='bbox 1440 1215 1562 1240; x_wconf 86' lang='lat' dir='ltr'><strong>curam</strong></span> <span class='ocrx_word' id='word_1_539' title='bbox 1582 1202 1802 1240; x_wconf 82' lang='lat' dir='ltr'><strong>habiturum.</strong></span> <span class='ocrx_word' id='word_1_540' title='bbox 1826 1202 1872 1241; x_wconf 82' lang='lat' dir='ltr'><strong>Et</strong></span> <span class='ocrx_word' id='word_1_541' title='bbox 1886 1218 1966 1254; x_wconf 79' lang='lat' dir='ltr'><strong>quae</strong></span> <span class='ocrx_word' id='word_1_542' title='bbox 1990 1205 2102 1244; x_wconf 77' lang='lat' dir='ltr'><strong>virtus</strong></span> <span class='ocrx_word' id='word_1_543' title='bbox 2120 1216 2223 1246; x_wconf 72' lang='lat' dir='ltr'><strong>testa-</strong></span> 
     </span>
     <span class='ocr_line' id='line_1_70' title="bbox 1267 1263 2225 1315; baseline 0.007 -14"><span class='ocrx_word' id='word_1_544' title='bbox 1267 1263 1404 1301; x_wconf 77' lang='lat' dir='ltr'><strong>menti?</strong></span> <span class='ocrx_word' id='word_1_545' title='bbox 1418 1265 1469 1302; x_wconf 81' lang='lat' dir='ltr'>Ut</span> <span class='ocrx_word' id='word_1_546' title='bbox 1480 1266 1552 1302; x_wconf 86' lang='lat' dir='ltr'>sim</span> <span class='ocrx_word' id='word_1_547' title='bbox 1564 1266 1670 1302; x_wconf 79' lang='lat' dir='ltr'><strong>Deus</strong></span> <span class='ocrx_word' id='word_1_548' title='bbox 1685 1274 1786 1310; x_wconf 79' lang='lat' dir='ltr'><strong>tuus,</strong></span> <span class='ocrx_word' id='word_1_549' title='bbox 1801 1264 1930 1315; x_wconf 76' lang='lat' dir='ltr'><strong>inquit,</strong></span> <span class='ocrx_word' id='word_1_550' title='bbox 1945 1275 1980 1304; x_wconf 83' lang='lat' dir='ltr'>et</span> <span class='ocrx_word' id='word_1_551' title='bbox 1994 1270 2149 1307; x_wconf 78' lang='lat' dir='ltr'><strong>seminis</strong></span> <span class='ocrx_word' id='word_1_552' title='bbox 2169 1273 2225 1307; x_wconf 80' lang='grc' dir='ltr'>ιιιί</span> 
     </span>
     <span class='ocr_line' id='line_1_71' title="bbox 1265 1325 2223 1376; baseline 0.006 -14"><span class='ocrx_word' id='word_1_553' title='bbox 1265 1334 1351 1376; x_wconf 82' lang='lat' dir='ltr'><strong>post</strong></span> <span class='ocrx_word' id='word_1_554' title='bbox 1381 1334 1427 1364; x_wconf 81' lang='lat' dir='ltr'>te.</span> <span class='ocrx_word' id='word_1_555' title='bbox 1458 1325 1536 1364; x_wconf 87' lang='lat' dir='ltr'>Hoc</span> <span class='ocrx_word' id='word_1_556' title='bbox 1576 1325 1671 1364; x_wconf 87' lang='lat' dir='ltr'><strong>enim</strong></span> <span class='ocrx_word' id='word_1_557' title='bbox 1702 1325 1770 1364; x_wconf 88' lang='lat' dir='ltr'><strong>erit</strong></span> <span class='ocrx_word' id='word_1_558' title='bbox 1813 1326 1878 1364; x_wconf 84' lang='lat' dir='ltr'><strong>tibi</strong></span> <span class='ocrx_word' id='word_1_559' title='bbox 1921 1337 1954 1366; x_wconf 89' lang='lat' dir='ltr'>et</span> <span class='ocrx_word' id='word_1_560' title='bbox 1993 1330 2116 1367; x_wconf 81' lang='lat' dir='ltr'><strong>semini</strong></span> <span class='ocrx_word' id='word_1_561' title='bbox 2164 1340 2223 1368; x_wconf 87' lang='lat' dir='ltr'>tuo</span> 
     </span>
     <span class='ocr_line' id='line_1_72' title="bbox 1268 1386 2224 1438; baseline 0.004 -15"><span class='ocrx_word' id='word_1_562' title='bbox 1268 1395 1376 1438; x_wconf 86' lang='lat' dir='ltr'><strong>eaput</strong></span> <span class='ocrx_word' id='word_1_563' title='bbox 1391 1386 1579 1424; x_wconf 89' lang='lat' dir='ltr'><strong>honorum.</strong></span> <span class='ocrx_word' id='word_1_564' title='bbox 1597 1387 1633 1426; x_wconf 81' lang='lat'>8.</span> <span class='ocrx_word' id='word_1_565' title='bbox 1656 1388 1710 1425; x_wconf 87' lang='lat' dir='ltr'><strong>Et</strong></span> <span class='ocrx_word' id='word_1_566' title='bbox 1728 1389 1829 1426; x_wconf 82' lang='lat' dir='ltr'>dabo</span> <span class='ocrx_word' id='word_1_567' title='bbox 1850 1391 1920 1427; x_wconf 80' lang='lat' dir='ltr'><strong>libi</strong></span> <span class='ocrx_word' id='word_1_568' title='bbox 1947 1398 1983 1427; x_wconf 83' lang='lat' dir='ltr'>et</span> <span class='ocrx_word' id='word_1_569' title='bbox 2002 1394 2139 1429; x_wconf 81' lang='lat' dir='ltr'><strong>semini</strong></span> <span class='ocrx_word' id='word_1_570' title='bbox 2160 1401 2224 1430; x_wconf 79' lang='grc' dir='ltr'>ιιιω</span> 
     </span>
    </p>

    <p class='ocr_par' dir='ltr' id='par_1_11' title="bbox 1222 1451 2225 2125">
     <span class='ocr_line' id='line_1_73' title="bbox 1222 1451 2224 1504; baseline 0.003 -16"><span class='ocrx_word' id='word_1_571' title='bbox 1222 1458 1244 1488; x_wconf 81' lang='grc' dir='ltr'><strong>Β</strong></span> <span class='ocrx_word' id='word_1_572' title='bbox 1265 1458 1350 1499; x_wconf 83' lang='lat' dir='ltr'><strong>post</strong></span> <span class='ocrx_word' id='word_1_573' title='bbox 1371 1456 1408 1486; x_wconf 84' lang='lat' dir='ltr'>te</span> <span class='ocrx_word' id='word_1_574' title='bbox 1437 1458 1580 1488; x_wconf 85' lang='lat' dir='ltr'><strong>terram</strong></span> <span class='ocrx_word' id='word_1_575' title='bbox 1598 1451 1641 1487; x_wconf 85' lang='lat' dir='ltr'><strong>in</strong></span> <span class='ocrx_word' id='word_1_576' title='bbox 1661 1463 1740 1503; x_wconf 83' lang='lat' dir='ltr'><strong>qua</strong></span> <span class='ocrx_word' id='word_1_577' title='bbox 1750 1453 1973 1504; x_wconf 83' lang='lat' dir='ltr'><strong>peregrinus</strong></span> <span class='ocrx_word' id='word_1_578' title='bbox 1989 1466 2027 1490; x_wconf 82' lang='lat' dir='ltr'>es</span> <span class='ocrx_word' id='word_1_579' title='bbox 2038 1482 2050 1503; x_wconf 81' lang='grc'>,</span> <span class='ocrx_word' id='word_1_580' title='bbox 2074 1467 2224 1491; x_wconf 79' lang='lat' dir='ltr'><strong>omnem</strong></span> 
     </span>
     <span class='ocr_line' id='line_1_74' title="bbox 1267 1511 2223 1566; baseline 0.006 -18"><span class='ocrx_word' id='word_1_581' title='bbox 1267 1519 1410 1548; x_wconf 79' lang='lat' dir='ltr'><strong>terram</strong></span> <span class='ocrx_word' id='word_1_582' title='bbox 1430 1511 1643 1561; x_wconf 80' lang='lat' dir='ltr'><strong>chanaan,</strong></span> <span class='ocrx_word' id='word_1_583' title='bbox 1665 1514 1706 1548; x_wconf 84' lang='lat' dir='ltr'><strong>in</strong></span> <span class='ocrx_word' id='word_1_584' title='bbox 1722 1515 2002 1564; x_wconf 79' lang='lat' dir='ltr'><strong>possessionem</strong></span> <span class='ocrx_word' id='word_1_585' title='bbox 2028 1517 2223 1566; x_wconf 82' lang='lat' dir='ltr'><strong>sempiter-</strong></span> 
     </span>
     <span class='ocr_line' id='line_1_75' title="bbox 1268 1574 2224 1627; baseline 0.005 -18"><span class='ocrx_word' id='word_1_586' title='bbox 1268 1586 1376 1618; x_wconf 85' lang='lat' dir='ltr'><strong>nam;</strong></span> <span class='ocrx_word' id='word_1_587' title='bbox 1392 1582 1429 1611; x_wconf 79' lang='lat' dir='ltr'>et</span> <span class='ocrx_word' id='word_1_588' title='bbox 1444 1586 1508 1610; x_wconf 84' lang='lat' dir='ltr'>ero</span> <span class='ocrx_word' id='word_1_589' title='bbox 1521 1587 1654 1611; x_wconf 86' lang='lat' dir='ltr'><strong>eorum</strong></span> <span class='ocrx_word' id='word_1_590' title='bbox 1668 1574 1786 1612; x_wconf 77' lang='lat' dir='ltr'><strong>Deus.</strong></span> <span class='ocrx_word' id='word_1_591' title='bbox 1806 1574 1954 1626; x_wconf 81' lang='lat' dir='ltr'><strong>Propter</strong></span> <span class='ocrx_word' id='word_1_592' title='bbox 1969 1584 2085 1625; x_wconf 83' lang='lat' dir='ltr'><strong>tuam,</strong></span> <span class='ocrx_word' id='word_1_593' title='bbox 2098 1576 2224 1627; x_wconf 81' lang='lat' dir='ltr'><strong>inquit,</strong></span> 
     </span>
     <span class='ocr_line' id='line_1_76' title="bbox 1267 1631 2225 1690; baseline 0.003 -18"><span class='ocrx_word' id='word_1_594' title='bbox 1267 1631 1437 1672; x_wconf 69' lang='lat' dir='ltr'><strong>virtutem</strong></span> <span class='ocrx_word' id='word_1_595' title='bbox 1450 1634 1580 1686; x_wconf 87' lang='lat' dir='ltr'><strong>posteri</strong></span> <span class='ocrx_word' id='word_1_596' title='bbox 1600 1649 1740 1686; x_wconf 87' lang='lat' dir='ltr'><strong>quoque</strong></span> <span class='ocrx_word' id='word_1_597' title='bbox 1759 1634 1810 1673; x_wconf 86' lang='lat' dir='ltr'>tui</span> <span class='ocrx_word' id='word_1_598' title='bbox 1832 1649 1910 1673; x_wconf 81' lang='lat' dir='ltr'>mea</span> <span class='ocrx_word' id='word_1_599' title='bbox 1929 1637 2093 1675; x_wconf 83' lang='lat' dir='ltr'><strong>fruentur</strong></span> <span class='ocrx_word' id='word_1_600' title='bbox 2105 1639 2225 1690; x_wconf 77' lang='lat' dir='ltr'><strong>provi-</strong></span> 
     </span>
     <span class='ocr_line' id='line_1_77' title="bbox 1267 1694 2221 1749; baseline 0.003 -16"><span class='ocrx_word' id='word_1_601' title='bbox 1267 1694 1403 1745; x_wconf 88' lang='lat' dir='ltr'><strong>dentia,</strong></span> <span class='ocrx_word' id='word_1_602' title='bbox 1419 1705 1452 1734; x_wconf 91' lang='lat' dir='ltr'><strong>ct</strong></span> <span class='ocrx_word' id='word_1_603' title='bbox 1466 1695 1561 1734; x_wconf 78' lang='lat' dir='ltr'><strong>dabo</strong></span> <span class='ocrx_word' id='word_1_604' title='bbox 1581 1696 1679 1734; x_wconf 90' lang='lat' dir='ltr'><strong>eisin</strong></span> <span class='ocrx_word' id='word_1_605' title='bbox 1690 1697 1945 1749; x_wconf 88' lang='lat' dir='ltr'><strong>possessionem</strong></span> <span class='ocrx_word' id='word_1_606' title='bbox 1961 1700 2127 1736; x_wconf 62' lang='lat' dir='ltr'><strong>aeternam</strong></span> <span class='ocrx_word' id='word_1_607' title='bbox 2149 1709 2221 1738; x_wconf 86' lang='lat' dir='ltr'><strong>ter—</strong></span> 
     </span>
     <span class='ocr_line' id='line_1_78' title="bbox 1266 1761 2224 1812; baseline 0.003 -13"><span class='ocrx_word' id='word_1_608' title='bbox 1266 1775 1343 1799; x_wconf 89' lang='lat' dir='ltr'>ram</span> <span class='ocrx_word' id='word_1_609' title='bbox 1364 1761 1545 1810; x_wconf 82' lang='lat' dir='ltr'><strong>Chanaan,</strong></span> <span class='ocrx_word' id='word_1_610' title='bbox 1559 1763 1613 1800; x_wconf 80' lang='lat' dir='ltr'>Et</span> <span class='ocrx_word' id='word_1_611' title='bbox 1627 1775 1691 1800; x_wconf 88' lang='lat' dir='ltr'>ero</span> <span class='ocrx_word' id='word_1_612' title='bbox 1707 1775 1836 1800; x_wconf 85' lang='lat' dir='ltr'><strong>eorum</strong></span> <span class='ocrx_word' id='word_1_613' title='bbox 1848 1764 1967 1801; x_wconf 80' lang='lat' dir='ltr'><strong>Deus.</strong></span> <span class='ocrx_word' id='word_1_614' title='bbox 1988 1764 2084 1810; x_wconf 83' lang='lat' dir='ltr'><strong>Quid</strong></span> <span class='ocrx_word' id='word_1_615' title='bbox 2098 1774 2161 1812; x_wconf 80' lang='lat' dir='ltr'><strong>cst,</strong></span> <span class='ocrx_word' id='word_1_616' title='bbox 2173 1767 2224 1803; x_wconf 81' lang='lat' dir='ltr'><strong>Et</strong></span> 
     </span>
     <span class='ocr_line' id='line_1_79' title="bbox 1265 1823 2220 1871; baseline 0.003 -9"><span class='ocrx_word' id='word_1_617' title='bbox 1265 1837 1330 1862; x_wconf 88' lang='lat' dir='ltr'>ero</span> <span class='ocrx_word' id='word_1_618' title='bbox 1346 1838 1478 1863; x_wconf 86' lang='lat' dir='ltr'><strong>eorum</strong></span> <span class='ocrx_word' id='word_1_619' title='bbox 1499 1825 1605 1862; x_wconf 82' lang='lat' dir='ltr'><strong>Deus</strong></span> <span class='ocrx_word' id='word_1_620' title='bbox 1618 1827 1635 1860; x_wconf 84' lang='lat'><em>?</em></span> <span class='ocrx_word' id='word_1_621' title='bbox 1651 1823 1728 1862; x_wconf 89' lang='lat' dir='ltr'>Hoc</span> <span class='ocrx_word' id='word_1_622' title='bbox 1747 1832 1797 1861; x_wconf 90' lang='lat' dir='ltr'>est</span> <span class='ocrx_word' id='word_1_623' title='bbox 1814 1854 1824 1871; x_wconf 90' lang='lat'>‚</span> <span class='ocrx_word' id='word_1_624' title='bbox 1854 1825 2007 1863; x_wconf 83' lang='lat' dir='ltr'><strong>Multam</strong></span> <span class='ocrx_word' id='word_1_625' title='bbox 2028 1841 2083 1864; x_wconf 90' lang='lat' dir='ltr'>me</span> <span class='ocrx_word' id='word_1_626' title='bbox 2098 1841 2220 1865; x_wconf 85' lang='lat' dir='ltr'><strong>eorum</strong></span> 
     </span>
     <span class='ocr_line' id='line_1_80' title="bbox 1267 1887 2223 1940; baseline 0.007 -15"><span class='ocrx_word' id='word_1_627' title='bbox 1267 1901 1389 1926; x_wconf 88' lang='lat' dir='ltr'><strong>curam</strong></span> <span class='ocrx_word' id='word_1_628' title='bbox 1417 1897 1450 1926; x_wconf 91' lang='lat' dir='ltr'>et</span> <span class='ocrx_word' id='word_1_629' title='bbox 1480 1887 1743 1940; x_wconf 81' lang='lat' dir='ltr'><strong>providentiam</strong></span> <span class='ocrx_word' id='word_1_630' title='bbox 1779 1888 1911 1927; x_wconf 81' lang='lat' dir='ltr'><strong>habere</strong></span> <span class='ocrx_word' id='word_1_631' title='bbox 1942 1891 2123 1929; x_wconf 81' lang='lat' dir='ltr'><strong>ostendam</strong></span> <span class='ocrx_word' id='word_1_632' title='bbox 2137 1923 2146 1940; x_wconf 90' lang='lat'><strong><em>‚</em></strong></span> <span class='ocrx_word' id='word_1_633' title='bbox 2189 1902 2223 1932; x_wconf 88' lang='lat' dir='ltr'>et</span> 
     </span>
     <span class='ocr_line' id='line_1_81' title="bbox 1267 1949 2224 2003; baseline 0.005 -15"><span class='ocrx_word' id='word_1_634' title='bbox 1267 1964 1386 1988; x_wconf 90' lang='lat' dir='ltr'><strong>meum</strong></span> <span class='ocrx_word' id='word_1_635' title='bbox 1397 1950 1432 1988; x_wconf 92' lang='lat' dir='ltr'>in</span> <span class='ocrx_word' id='word_1_636' title='bbox 1447 1951 1613 1989; x_wconf 88' lang='lat' dir='ltr'><strong>omnibus</strong></span> <span class='ocrx_word' id='word_1_637' title='bbox 1627 1949 1827 1989; x_wconf 86' lang='lat' dir='ltr'><strong>subsidium</strong></span> <span class='ocrx_word' id='word_1_638' title='bbox 1844 1951 1917 1989; x_wconf 89' lang='lat' dir='ltr'><strong>illis</strong></span> <span class='ocrx_word' id='word_1_639' title='bbox 1932 1953 2224 2003; x_wconf 74' lang='lat' dir='ltr'><strong>pra-stabo.Tan-</strong></span> 
     </span>
     <span class='ocr_line' id='line_1_82' title="bbox 1266 2013 2223 2064; baseline 0.006 -16"><span class='ocrx_word' id='word_1_640' title='bbox 1266 2020 1344 2050; x_wconf 88' lang='lat' dir='ltr'>tum</span> <span class='ocrx_word' id='word_1_641' title='bbox 1367 2013 1403 2050; x_wconf 88' lang='lat'>9.</span> <span class='ocrx_word' id='word_1_642' title='bbox 1440 2014 1473 2051; x_wconf 94' lang='lat' dir='ltr'><em>T</em></span> <span class='ocrx_word' id='word_1_643' title='bbox 1471 2029 1496 2052; x_wconf 89' lang='grc' dir='ltr'>ιι</span> <span class='ocrx_word' id='word_1_644' title='bbox 1518 2020 1788 2051; x_wconf 78' lang='lat' dir='ltr'><strong>testamentum</strong></span> <span class='ocrx_word' id='word_1_645' title='bbox 1820 2026 1945 2051; x_wconf 81' lang='lat' dir='ltr'><strong>meum</strong></span> <span class='ocrx_word' id='word_1_646' title='bbox 1976 2016 2161 2064; x_wconf 69' lang='lat' dir='ltr'><strong>observa,</strong></span> <span class='ocrx_word' id='word_1_647' title='bbox 2187 2026 2223 2054; x_wconf 83' lang='lat' dir='ltr'>cl</span> 
     </span>
     <span class='ocr_line' id='line_1_83' title="bbox 1264 2075 2220 2125; baseline 0.004 -15"><span class='ocrx_word' id='word_1_648' title='bbox 1264 2086 1393 2112; x_wconf 84' lang='lat' dir='ltr'><strong>semen</strong></span> <span class='ocrx_word' id='word_1_649' title='bbox 1410 2082 1518 2112; x_wconf 83' lang='lat' dir='ltr'><strong>tuum</strong></span> <span class='ocrx_word' id='word_1_650' title='bbox 1528 2082 1614 2125; x_wconf 80' lang='lat' dir='ltr'><strong>post</strong></span> <span class='ocrx_word' id='word_1_651' title='bbox 1633 2081 1669 2111; x_wconf 81' lang='lat' dir='ltr'>te</span> <span class='ocrx_word' id='word_1_652' title='bbox 1686 2075 1727 2110; x_wconf 87' lang='lat' dir='ltr'><strong>in</strong></span> <span class='ocrx_word' id='word_1_653' title='bbox 1740 2076 2054 2125; x_wconf 78' lang='lat' dir='ltr'><strong>generationibus</strong></span> <span class='ocrx_word' id='word_1_654' title='bbox 2080 2090 2220 2114; x_wconf 83' lang='lat' dir='ltr'><strong>eorum.</strong></span> 
     </span>
    </p>

    <p class='ocr_par' dir='ltr' id='par_1_12' title="bbox 1219 2127 2223 2312">
     <span class='ocr_line' id='line_1_84' title="bbox 1219 2127 2223 2185; baseline 0.003 -13"><span class='ocrx_word' id='word_1_655' title='bbox 1219 2127 1243 2158; x_wconf 83' lang='lat' dir='ltr'>C</span> <span class='ocrx_word' id='word_1_656' title='bbox 1265 2134 1369 2173; x_wconf 87' lang='lat' dir='ltr'><strong>Nihil</strong></span> <span class='ocrx_word' id='word_1_657' title='bbox 1393 2134 1494 2173; x_wconf 82' lang='lat' dir='ltr'><strong>aliud</strong></span> <span class='ocrx_word' id='word_1_658' title='bbox 1509 2149 1530 2172; x_wconf 86' lang='lat' dir='ltr'><strong>a</strong></span> <span class='ocrx_word' id='word_1_659' title='bbox 1548 2134 1652 2174; x_wconf 81' lang='lat' dir='ltr'><strong>vobis</strong></span> <span class='ocrx_word' id='word_1_660' title='bbox 1670 2134 1835 2184; x_wconf 79' lang='lat' dir='ltr'><strong>requiro,</strong></span> <span class='ocrx_word' id='word_1_661' title='bbox 1861 2148 1971 2185; x_wconf 83' lang='lat' dir='ltr'><strong>quam</strong></span> <span class='ocrx_word' id='word_1_662' title='bbox 1985 2135 2223 2175; x_wconf 81' lang='lat' dir='ltr'><strong>obedientiam</strong></span> 
     </span>
     <span class='ocr_line' id='line_1_85' title="bbox 1264 2196 2223 2252; baseline 0.005 -18"><span class='ocrx_word' id='word_1_663' title='bbox 1264 2205 1452 2248; x_wconf 84' lang='lat' dir='ltr'><strong>gratumve</strong></span> <span class='ocrx_word' id='word_1_664' title='bbox 1464 2197 1637 2246; x_wconf 83' lang='lat' dir='ltr'><strong>animum,</strong></span> <span class='ocrx_word' id='word_1_665' title='bbox 1650 2205 1684 2235; x_wconf 92' lang='lat' dir='ltr'>et</span> <span class='ocrx_word' id='word_1_666' title='bbox 1696 2209 1762 2248; x_wconf 87' lang='lat' dir='ltr'>ego</span> <span class='ocrx_word' id='word_1_667' title='bbox 1772 2196 1891 2235; x_wconf 88' lang='lat' dir='ltr'><strong>omnia</strong></span> <span class='ocrx_word' id='word_1_668' title='bbox 1904 2211 2136 2250; x_wconf 86' lang='lat' dir='ltr'><strong>quaecumque</strong></span> <span class='ocrx_word' id='word_1_669' title='bbox 2147 2201 2223 2252; x_wconf 93' lang='lat' dir='ltr'><strong>pol-</strong></span> 
     </span>
     <span class='ocr_line' id='line_1_86' title="bbox 1262 2257 1816 2312; baseline 0 -16"><span class='ocrx_word' id='word_1_670' title='bbox 1262 2258 1384 2298; x_wconf 88' lang='lat' dir='ltr'><strong>licitus</strong></span> <span class='ocrx_word' id='word_1_671' title='bbox 1400 2272 1480 2298; x_wconf 91' lang='lat' dir='ltr'>sum</span> <span class='ocrx_word' id='word_1_672' title='bbox 1496 2272 1603 2312; x_wconf 87' lang='lat' dir='ltr'><strong>opere</strong></span> <span class='ocrx_word' id='word_1_673' title='bbox 1619 2257 1816 2311; x_wconf 87' lang='lat' dir='ltr'><strong>complebo.</strong></span> 
     </span>
    </p>
   </div>
   <div class='ocr_carea' id='block_1_10' title="bbox 1261 2416 2223 3211">
    <p class='ocr_par' dir='ltr' id='par_1_13' title="bbox 1261 2416 2223 3211">
     <span class='ocr_line' id='line_1_87' title="bbox 1314 2416 2223 2473; baseline 0.002 -16"><span class='ocrx_word' id='word_1_674' title='bbox 1314 2419 1353 2457; x_wconf 71' lang='grc'>4.</span> <span class='ocrx_word' id='word_1_675' title='bbox 1375 2419 1526 2471; x_wconf 89' lang='lat' dir='ltr'><strong>Insuper</strong></span> <span class='ocrx_word' id='word_1_676' title='bbox 1543 2416 1667 2458; x_wconf 87' lang='lat' dir='ltr'><strong>volens</strong></span> <span class='ocrx_word' id='word_1_677' title='bbox 1698 2432 1756 2458; x_wconf 88' lang='lat' dir='ltr'>eos</span> <span class='ocrx_word' id='word_1_678' title='bbox 1791 2418 1853 2470; x_wconf 83' lang='lat' dir='ltr'><strong>qui</strong></span> <span class='ocrx_word' id='word_1_679' title='bbox 1879 2433 1926 2458; x_wconf 78' lang='lat' dir='ltr'>ex</span> <span class='ocrx_word' id='word_1_680' title='bbox 1957 2420 2033 2473; x_wconf 89' lang='lat' dir='ltr'><strong>ipso</strong></span> <span class='ocrx_word' id='word_1_681' title='bbox 2053 2420 2223 2459; x_wconf 83' lang='lat' dir='ltr'><strong>nascituri</strong></span> 
     </span>
     <span class='ocr_line' id='line_1_88' title="bbox 1263 2479 2222 2534; baseline 0.001 -15"><span class='ocrx_word' id='word_1_682' title='bbox 1263 2489 1382 2531; x_wconf 82' lang='lat' dir='ltr'><strong>erant,</strong></span> <span class='ocrx_word' id='word_1_683' title='bbox 1414 2479 1633 2533; x_wconf 78' lang='lat' dir='ltr'><strong>peculiarem</strong></span> <span class='ocrx_word' id='word_1_684' title='bbox 1665 2495 1771 2520; x_wconf 90' lang='lat' dir='ltr'><strong>suum</strong></span> <span class='ocrx_word' id='word_1_685' title='bbox 1808 2481 1921 2519; x_wconf 82' lang='lat' dir='ltr'><strong>facere</strong></span> <span class='ocrx_word' id='word_1_686' title='bbox 1953 2481 2127 2534; x_wconf 85' lang='lat' dir='ltr'><strong>populum</strong></span> <span class='ocrx_word' id='word_1_687' title='bbox 2145 2498 2153 2519; x_wconf 92' lang='lat'><strong>:</strong></span> <span class='ocrx_word' id='word_1_688' title='bbox 2183 2492 2222 2520; x_wconf 87' lang='lat' dir='ltr'>ut</span> 
     </span>
     <span class='ocr_line' id='line_1_89' title="bbox 1262 2541 2221 2595; baseline 0.002 -15"><span class='ocrx_word' id='word_1_689' title='bbox 1262 2551 1406 2595; x_wconf 83' lang='lat' dir='ltr'><strong>postea,</strong></span> <span class='ocrx_word' id='word_1_690' title='bbox 1442 2554 1524 2579; x_wconf 87' lang='lat' dir='ltr'>cum</span> <span class='ocrx_word' id='word_1_691' title='bbox 1545 2541 1741 2580; x_wconf 87' lang='lat' dir='ltr'><strong>multitudo</strong></span> <span class='ocrx_word' id='word_1_692' title='bbox 1773 2551 2050 2594; x_wconf 75' lang='lat' dir='ltr'><strong>propagaretur,</strong></span> <span class='ocrx_word' id='word_1_693' title='bbox 2080 2557 2149 2581; x_wconf 89' lang='lat' dir='ltr'>non</span> <span class='ocrx_word' id='word_1_694' title='bbox 2185 2558 2221 2582; x_wconf 89' lang='lat' dir='ltr'><strong>sc</strong></span> 
     </span>
     <span class='ocr_line' id='line_1_90' title="bbox 1263 2602 2219 2656; baseline 0.002 -16"><span class='ocrx_word' id='word_1_695' title='bbox 1263 2603 1428 2655; x_wconf 86' lang='lat' dir='ltr'><strong>gentibus</strong></span> <span class='ocrx_word' id='word_1_696' title='bbox 1456 2602 1546 2651; x_wconf 83' lang='lat' dir='ltr'><strong>illis,</strong></span> <span class='ocrx_word' id='word_1_697' title='bbox 1565 2617 1719 2653; x_wconf 77' lang='lat' dir='ltr'><strong>quarum</strong></span> <span class='ocrx_word' id='word_1_698' title='bbox 1740 2602 1973 2641; x_wconf 81' lang='lat' dir='ltr'><strong>hereditatem</strong></span> <span class='ocrx_word' id='word_1_699' title='bbox 2005 2613 2219 2656; x_wconf 80' lang='lat' dir='ltr'><strong>occupatura</strong></span> 
     </span>
     <span class='ocr_line' id='line_1_91' title="bbox 1261 2664 2219 2716; baseline 0.001 -13"><span class='ocrx_word' id='word_1_700' title='bbox 1261 2674 1352 2714; x_wconf 86' lang='lat' dir='ltr'><strong>erat,</strong></span> <span class='ocrx_word' id='word_1_701' title='bbox 1373 2664 1636 2702; x_wconf 87' lang='lat' dir='ltr'><strong>commisceret:</strong></span> <span class='ocrx_word' id='word_1_702' title='bbox 1670 2664 1900 2716; x_wconf 78' lang='lat' dir='ltr'><strong>insuperque,</strong></span> <span class='ocrx_word' id='word_1_703' title='bbox 1923 2664 2007 2715; x_wconf 85' lang='lat' dir='ltr'><strong>quia</strong></span> <span class='ocrx_word' id='word_1_704' title='bbox 2024 2665 2219 2704; x_wconf 89' lang='lat' dir='ltr'><strong>secundum</strong></span> 
     </span>
     <span class='ocr_line' id='line_1_92' title="bbox 1261 2724 2218 2779; baseline 0.001 -15"><span class='ocrx_word' id='word_1_705' title='bbox 1261 2725 1530 2779; x_wconf 66' lang='lat' dir='ltr'><strong>praedictionem</strong></span> <span class='ocrx_word' id='word_1_706' title='bbox 1551 2739 1651 2763; x_wconf 84' lang='lat' dir='ltr'><strong>suam</strong></span> <span class='ocrx_word' id='word_1_707' title='bbox 1678 2724 1715 2762; x_wconf 92' lang='lat' dir='ltr'>in</span> <span class='ocrx_word' id='word_1_708' title='bbox 1731 2725 1891 2777; x_wconf 83' lang='lat' dir='ltr'><strong>AEgypto</strong></span> <span class='ocrx_word' id='word_1_709' title='bbox 1912 2725 2078 2764; x_wconf 76' lang='lat' dir='ltr'><strong>servituri</strong></span> <span class='ocrx_word' id='word_1_710' title='bbox 2096 2737 2218 2777; x_wconf 78' lang='lat' dir='ltr'><strong>erant3</strong></span> 
     </span>
     <span class='ocr_line' id='line_1_93' title="bbox 1262 2785 2219 2840; baseline 0.002 -15"><span class='ocrx_word' id='word_1_711' title='bbox 1262 2796 1301 2825; x_wconf 89' lang='lat' dir='ltr'>ut</span> <span class='ocrx_word' id='word_1_712' title='bbox 1315 2800 1359 2825; x_wconf 91' lang='lat' dir='ltr'>ne</span> <span class='ocrx_word' id='word_1_713' title='bbox 1376 2785 1540 2838; x_wconf 86' lang='lat' dir='ltr'><strong>gentibus</strong></span> <span class='ocrx_word' id='word_1_714' title='bbox 1556 2785 1865 2824; x_wconf 86' lang='lat' dir='ltr'><strong>commiscerentur</strong></span> <span class='ocrx_word' id='word_1_715' title='bbox 1885 2785 1920 2823; x_wconf 92' lang='lat' dir='ltr'>in</span> <span class='ocrx_word' id='word_1_716' title='bbox 1935 2785 2093 2840; x_wconf 83' lang='lat' dir='ltr'><strong>AEgypto</strong></span> <span class='ocrx_word' id='word_1_717' title='bbox 2104 2818 2116 2839; x_wconf 86' lang='lat'><em>‚</em></span> <span class='ocrx_word' id='word_1_718' title='bbox 2147 2788 2219 2827; x_wconf 90' lang='lat' dir='ltr'><strong>cir-</strong></span> 
     </span>
     <span class='ocr_line' id='line_1_94' title="bbox 1263 2845 2217 2902; baseline 0.002 -16"><span class='ocrx_word' id='word_1_719' title='bbox 1263 2847 1532 2896; x_wconf 86' lang='lat' dir='ltr'><strong>cumcisionem,</strong></span> <span class='ocrx_word' id='word_1_720' title='bbox 1561 2846 1655 2899; x_wconf 84' lang='lat' dir='ltr'><strong>signi</strong></span> <span class='ocrx_word' id='word_1_721' title='bbox 1668 2845 1795 2898; x_wconf 83' lang='lat' dir='ltr'><strong>gratia,</strong></span> <span class='ocrx_word' id='word_1_722' title='bbox 1810 2847 1910 2898; x_wconf 89' lang='lat' dir='ltr'><strong>justo</strong></span> <span class='ocrx_word' id='word_1_723' title='bbox 1930 2848 2093 2902; x_wconf 83' lang='lat' dir='ltr'><strong>praecipit</strong></span> <span class='ocrx_word' id='word_1_724' title='bbox 2111 2850 2217 2888; x_wconf 91' lang='lat' dir='ltr'><strong>etin-</strong></span> 
     </span>
     <span class='ocr_line' id='line_1_95' title="bbox 1261 2909 2218 2961; baseline 0.002 -14"><span class='ocrx_word' id='word_1_725' title='bbox 1261 2909 1361 2961; x_wconf 86' lang='lat' dir='ltr'><strong>quit:</strong></span> <span class='ocrx_word' id='word_1_726' title='bbox 1379 2909 1440 2947; x_wconf 88' lang='grc'>10.</span> <span class='ocrx_word' id='word_1_727' title='bbox 1459 2910 1547 2946; x_wconf 82' lang='lat' dir='ltr'>Hoc</span> <span class='ocrx_word' id='word_1_728' title='bbox 1565 2915 1622 2946; x_wconf 84' lang='lat' dir='ltr'>est</span> <span class='ocrx_word' id='word_1_729' title='bbox 1643 2914 1914 2945; x_wconf 82' lang='lat' dir='ltr'><strong>testamentum</strong></span> <span class='ocrx_word' id='word_1_730' title='bbox 1925 2911 2032 2960; x_wconf 78' lang='lat' dir='ltr'><strong>qaod</strong></span> <span class='ocrx_word' id='word_1_731' title='bbox 2051 2912 2218 2950; x_wconf 68' lang='lat' dir='ltr'><strong>servabis</strong></span> 
     </span>
     <span class='ocr_line' id='line_1_96' title="bbox 1262 2971 2218 3023; baseline 0.001 -14"><span class='ocrx_word' id='word_1_732' title='bbox 1262 2973 1367 3009; x_wconf 84' lang='lat' dir='ltr'><strong>inter</strong></span> <span class='ocrx_word' id='word_1_733' title='bbox 1382 2985 1441 3009; x_wconf 86' lang='lat' dir='ltr'>me</span> <span class='ocrx_word' id='word_1_734' title='bbox 1457 2978 1495 3009; x_wconf 73' lang='lat' dir='ltr'>et</span> <span class='ocrx_word' id='word_1_735' title='bbox 1517 2983 1582 3009; x_wconf 81' lang='grc' dir='ltr'>νος</span> <span class='ocrx_word' id='word_1_736' title='bbox 1595 2999 1608 3020; x_wconf 83' lang='grc'>,</span> <span class='ocrx_word' id='word_1_737' title='bbox 1627 2977 1666 3006; x_wconf 84' lang='lat' dir='ltr'>et</span> <span class='ocrx_word' id='word_1_738' title='bbox 1682 2971 1784 3008; x_wconf 83' lang='lat' dir='ltr'><strong>inter</strong></span> <span class='ocrx_word' id='word_1_739' title='bbox 1797 2983 1925 3008; x_wconf 84' lang='lat' dir='ltr'><strong>semen</strong></span> <span class='ocrx_word' id='word_1_740' title='bbox 1948 2979 2056 3010; x_wconf 80' lang='lat' dir='ltr'><strong>tuum</strong></span> <span class='ocrx_word' id='word_1_741' title='bbox 2084 2981 2169 3023; x_wconf 76' lang='lat' dir='ltr'><strong>post</strong></span> <span class='ocrx_word' id='word_1_742' title='bbox 2185 2982 2218 3011; x_wconf 80' lang='lat' dir='ltr'>te.</span> 
     </span>
     <span class='ocr_line' id='line_1_97' title="bbox 1262 3030 2218 3085; baseline -0.001 -14"><span class='ocrx_word' id='word_1_743' title='bbox 1262 3036 1305 3071; x_wconf 84' lang='lat' dir='ltr'><strong>in</strong></span> <span class='ocrx_word' id='word_1_744' title='bbox 1320 3033 1631 3085; x_wconf 80' lang='lat' dir='ltr'><strong>generationibus</strong></span> <span class='ocrx_word' id='word_1_745' title='bbox 1651 3030 1821 3069; x_wconf 85' lang='lat' dir='ltr'><strong>illorum.</strong></span> <span class='ocrx_word' id='word_1_746' title='bbox 1845 3032 2152 3072; x_wconf 80' lang='lat' dir='ltr'><strong>Circumcidetur</strong></span> <span class='ocrx_word' id='word_1_747' title='bbox 2177 3037 2218 3071; x_wconf 84' lang='lat' dir='ltr'><strong>in</strong></span> 
     </span>
     <span class='ocr_line' id='line_1_98' title="bbox 1266 3091 2218 3133; baseline -0.001 0"><span class='ocrx_word' id='word_1_748' title='bbox 1266 3097 1371 3133; x_wconf 78' lang='lat' dir='ltr'><strong>vobis</strong></span> <span class='ocrx_word' id='word_1_749' title='bbox 1396 3107 1511 3131; x_wconf 89' lang='lat' dir='ltr'><strong>omne</strong></span> <span class='ocrx_word' id='word_1_750' title='bbox 1536 3091 1808 3130; x_wconf 77' lang='lat' dir='ltr'><strong>mascuh&#39;num.</strong></span> <span class='ocrx_word' id='word_1_751' title='bbox 1837 3094 1898 3130; x_wconf 84' lang='grc'>11.</span> <span class='ocrx_word' id='word_1_752' title='bbox 1928 3094 2218 3133; x_wconf 74' lang='lat' dir='ltr'><strong>circumcidetis</strong></span> 
     </span>
     <span class='ocr_line' id='line_1_99' title="bbox 1263 3158 2216 3211; baseline -0.001 -13"><span class='ocrx_word' id='word_1_753' title='bbox 1263 3173 1418 3198; x_wconf 85' lang='lat' dir='ltr'><strong>carnem</strong></span> <span class='ocrx_word' id='word_1_754' title='bbox 1430 3159 1613 3211; x_wconf 80' lang='lat' dir='ltr'><strong>proepntii</strong></span> <span class='ocrx_word' id='word_1_755' title='bbox 1627 3159 1761 3196; x_wconf 83' lang='lat' dir='ltr'><strong>vestri.</strong></span> <span class='ocrx_word' id='word_1_756' title='bbox 1771 3158 1910 3197; x_wconf 87' lang='lat' dir='ltr'><strong>Deinde</strong></span> <span class='ocrx_word' id='word_1_757' title='bbox 1931 3168 1968 3196; x_wconf 93' lang='lat' dir='ltr'>ut</span> <span class='ocrx_word' id='word_1_758' title='bbox 1987 3159 2112 3198; x_wconf 85' lang='lat' dir='ltr'><strong>doceat</strong></span> <span class='ocrx_word' id='word_1_759' title='bbox 2127 3169 2160 3198; x_wconf 85' lang='lat' dir='ltr'>et</span> <span class='ocrx_word' id='word_1_760' title='bbox 2174 3160 2216 3197; x_wconf 85' lang='lat' dir='ltr'>il-</span> 
     </span>
    </p>
   </div>
   <div class='ocr_carea' id='block_1_11' title="bbox 1264 3225 2217 3279">
    <p class='ocr_par' dir='ltr' id='par_1_14' title="bbox 1264 3225 2217 3279">
     <span class='ocr_line' id='line_1_100' title="bbox 1264 3225 2217 3279; baseline 0.001 -14"><span class='ocrx_word' id='word_1_761' title='bbox 1264 3228 1316 3265; x_wconf 84' lang='lat' dir='ltr'><strong>los</strong></span> <span class='ocrx_word' id='word_1_762' title='bbox 1335 3235 1369 3264; x_wconf 92' lang='lat' dir='ltr'>et</span> <span class='ocrx_word' id='word_1_763' title='bbox 1396 3239 1516 3264; x_wconf 89' lang='lat' dir='ltr'><strong>omncs</strong></span> <span class='ocrx_word' id='word_1_764' title='bbox 1531 3238 1617 3275; x_wconf 83' lang='lat' dir='ltr'><strong>nos,</strong></span> <span class='ocrx_word' id='word_1_765' title='bbox 1644 3238 1754 3276; x_wconf 87' lang='lat' dir='ltr'><strong>quare</strong></span> <span class='ocrx_word' id='word_1_766' title='bbox 1782 3225 1848 3264; x_wconf 89' lang='lat' dir='ltr'>hoc</span> <span class='ocrx_word' id='word_1_767' title='bbox 1869 3228 2092 3279; x_wconf 65' lang='lat' dir='ltr'><strong>praeceperit,</strong></span> <span class='ocrx_word' id='word_1_768' title='bbox 2122 3237 2152 3266; x_wconf 82' lang='lat' dir='ltr'>et</span> <span class='ocrx_word' id='word_1_769' title='bbox 2182 3243 2217 3266; x_wconf 80' lang='lat' dir='ltr'><strong>sc</strong></span> 
     </span>
    </p>
   </div>
   <div class='ocr_carea' id='block_1_12' title="bbox 1215 2871 1240 2901">
    <p class='ocr_par' dir='ltr' id='par_1_15' title="bbox 1215 2871 1240 2901">
     <span class='ocr_line' id='line_1_101' title="bbox 1215 2871 1240 2901; baseline 0 0"><span class='ocrx_word' id='word_1_770' title='bbox 1215 2871 1240 2901; x_wconf 92' lang='lat' dir='ltr'>D</span> 
     </span>
    </p>
   </div>
   <div class='ocr_carea' id='block_1_13' title="bbox 1210 3350 2126 3396">
    <p class='ocr_par' dir='ltr' id='par_1_16' title="bbox 1210 3350 2126 3396">
     <span class='ocr_line' id='line_1_102' title="bbox 1210 3350 2126 3396; baseline 0.002 -13"><span class='ocrx_word' id='word_1_771' title='bbox 1210 3354 1283 3394; x_wconf 67' lang='lat' dir='ltr'><strong>alm,</strong></span> <span class='ocrx_word' id='word_1_772' title='bbox 1301 3353 1392 3395; x_wconf 85' lang='lat' dir='ltr'><strong>cujus</strong></span> <span class='ocrx_word' id='word_1_773' title='bbox 1408 3352 1536 3395; x_wconf 79' lang='lat' dir='ltr'><strong>signum</strong></span> <span class='ocrx_word' id='word_1_774' title='bbox 1551 3359 1584 3384; x_wconf 84' lang='lat' dir='ltr'>et</span> <span class='ocrx_word' id='word_1_775' title='bbox 1599 3350 1789 3396; x_wconf 83' lang='lat' dir='ltr'><strong>symbolum</strong></span> <span class='ocrx_word' id='word_1_776' title='bbox 1814 3361 1884 3384; x_wconf 74' lang='lat' dir='ltr'><strong>erat</strong></span> <span class='ocrx_word' id='word_1_777' title='bbox 1902 3354 2126 3385; x_wconf 70' lang='lat' dir='ltr'><strong>Circumcisio.</strong></span> 
     </span>
    </p>
   </div>
  </div>
 </body>
</html>
