2483 3791
709 193 749 222 lx
789 193 890 223 CAP.
929 192 991 222 ΙΙΙ.

105 282 181 320 τιᾶς
199 279 467 330 προσκυνεῖσθαι
486 274 719 322 καταξιῶσαι,
738 279 840 326 ἡμεῖς
867 275 903 313 δὲ
922 274 966 313 τὰ
987 274 1124 312 ἐναντία

104 337 214 389 τούτῳ
246 338 459 388 ἀνταμεῖψαι
487 338 525 374 οὗ
557 336 834 388 κατῃδέσθημεν,
853 335 944 375 ἀλλὰ
979 336 1038 374 καὶ
1063 334 1125 382 τὴν

104 397 274 436 ἀθάνατον
294 396 423 449 ψυχὴν,
438 397 485 439 ὡς
504 395 545 434 ἄν
564 412 615 439 τις
636 396 748 444 εἴποι,
765 400 807 449 τῇ
826 396 931 449 σαρκὶ
949 398 1126 449 προσκολ-

103 457 272 505 λήσαντες
285 487 295 506 ,
316 458 436 508 γήϊνον
456 456 564 503 αὐτὴν
589 457 648 494 καὶ
668 458 791 509 νεκρὰν
808 459 868 497 καὶ
901 458 1126 512 ἀνενέργητον

103 518 262 571 γενέσθαι
274 517 601 568 κατεσκευάσαμεν;
620 518 696 565 Μὴ,
715 521 912 571 παρακαλῶ
924 550 934 568 ,
951 519 999 570 μὴ
1020 518 1127 563 οὕτως

104 577 304 630 ἀγνώμονες
318 570 413 630 ῶμεν
437 577 518 630 περὶ
533 577 591 616 τὸν
612 583 762 617 τοσαῦτα
778 582 872 630 ἡμᾶς
891 579 1125 632 εὐηργετηκό-

103 655 148 678 τα
163 670 173 688 ,
194 639 286 678 ἀλλὰ
303 645 374 683 τοῖς
405 641 507 678 αὐτοῦ
529 638 645 689 νόμοις
677 640 860 691 ἑπόμενοι,
881 639 926 679 τὰ
959 642 1052 692 αὐτῷ
1072 641 1127 678 δο-

103 705 232 740 κοῦντα
257 700 316 739 καὶ
347 700 516 752 εὖάρεστα
536 700 618 738 ὄντα
647 701 964 755 διαπραττώμεθα,
993 701 1050 738 ἵνα
1069 701 1127 739 καὶ

103 765 173 802 τῶν
185 762 334 801 αἰωνίων
348 765 487 814 ἀγαθῶν
500 761 610 806 ἀξίους
625 766 718 813 ἡμᾶς
734 762 894 815 ἀναδείξῃ
911 777 920 786 ·
937 756 984 800 ῶν
996 761 1128 814 γένοιτο

103 823 239 866 πάντας
255 827 350 873 ἡμᾶς
370 822 577 870 ἀξιωθῆναι,
592 823 713 876 χάριτι
733 823 792 862 καὶ
810 822 1053 875 φιλανθρωπίᾳ
1067 826 1127 861 τοῦ

105 883 235 936 Κυρίου
266 884 367 934 ἡμῶν
396 882 512 930 Ἰησοῦ
541 884 693 934 Χριστοῦ
705 911 714 928 ,
735 883 811 934 μεθ’
846 876 884 921 οὗ
916 885 966 935 τῷ
993 882 1127 934 Πατρὶ,

104 944 180 995 ἅμα
200 946 250 996 τῷ
266 944 355 997 ἁγίῳ
374 943 556 995 Πνεύματι
578 944 675 989 δόξα,
693 944 818 997 κράτος
830 974 839 991 ,
860 942 969 995 τιμὴ,
988 947 1046 982 νῦν
1068 943 1128 980 καὶ

104 1005 158 1044 ἀεὶ
171 1035 182 1053 ,
203 1004 263 1043 καὶ
282 1007 331 1049 εἷς
344 1004 423 1048 τοὺς
440 1006 566 1048 αἰῶνας
584 1008 653 1043 τῶν
669 1004 816 1044 αἰώνων.
836 1003 956 1056 Ἀμήν.

489 1139 665 1177 omma
698 1137 754 1185 ιη’.

106 1261 179 1300 Καὶ
206 1261 370 1300 ἐκάλεσεν
389 1261 502 1312 Ἀδὰμ
532 1262 571 1300 τὸ
601 1262 711 1313 ὄνομα
739 1264 801 1308 τῆς
831 1262 992 1313 γυναικὸς
1024 1263 1129 1300 αὐτοῦ

158 1324 178 1342 *
195 1321 297 1371 Ζωὴ,
313 1321 367 1361 ὅτι
390 1322 477 1368 αὕτη
499 1322 615 1373 μήτηρ
634 1322 774 1360 πάντων
797 1323 866 1360 τῶν
888 1321 1039 1366 ζώντων.
1059 1322 1130 1360 Καὶ

159 1382 302 1430 ἐποίησε
325 1382 450 1436 Κύριος
474 1386 491 1421 ὃ
510 1383 600 1426 Θεὸς
629 1385 679 1435 τῷ
696 1382 807 1433 Ἀδὰμ
837 1382 898 1420 καὶ
928 1385 972 1434 τῇ
992 1382 1130 1433 γυναικὶ

158 1446 265 1482 αὐτοῦ
282 1447 433 1496 χιτῶνας
460 1443 704 1497 δερματίνους,
730 1443 790 1482 καὶ
809 1443 965 1482 ἐνέδυσεν
993 1443 1129 1486 αὐτούς.

159 1505 230 1544 Καὶ
259 1499 354 1544 εἶπεν
384 1507 402 1543 ὁ
428 1505 532 1549 Θεός·
554 1503 625 1543 ἰδοὺ
646 1503 755 1555 Ἀδὰμ
773 1503 910 1556 γέγονεν
934 1507 994 1557 ὡς
1031 1498 1078 1548 εἷς
1097 1503 1130 1549 ἐξ

139 1576 144 1581 ”
161 1569 279 1617 ἡμῶν.

159 1680 283 1720 Εἴδετε
298 1680 378 1732 χθὲς
401 1681 563 1718 δικαστοῦ
581 1679 864 1732 φιλανθρωπίαν;
884 1679 994 1718 εἴδετε
1013 1679 1129 1724 ἐξέτα-

105 1758 160 1781 σιν
177 1741 392 1794 ἀγαθότητος
410 1741 602 1792 γέμουσαν,
620 1741 728 1779 εἴδετε
743 1743 921 1794 τιμωριῶν
944 1741 1129 1793 διαφοράν,

105 1807 181 1848 πῶς
201 1803 264 1855 μὲν
292 1807 310 1842 ὃ
335 1803 392 1841 διὰ
410 1806 472 1849 τῆς
493 1802 630 1849 ἀπάτης
654 1802 884 1846 ὑποσκελίσας
906 1803 1130 1855 ἐτιμωρήθη,

105 1869 181 1908 πῶς
209 1865 244 1904 δὲ
278 1868 300 1911 ἡ
331 1871 401 1908 τοῖς
430 1865 728 1902 ὑποσκελισθεῖσιν
756 1866 950 1915 ἐπαχθεῖσα
978 1863 1131 1917 τιμωρία

105 1925 240 1972 πολλὴν
271 1926 422 1964 δείκνυσι
441 1925 504 1971 τὴν
528 1928 587 1963 τοῦ
607 1926 700 1963 Θεοῦ
718 1924 1000 1978 φιλανθρωπίαν,
1024 1924 1132 1963 εἴδετε

104 1986 216 2033 πόσης
231 1990 316 2037 ἡμῖν
334 1986 502 2039 ὠφελείας
518 1985 654 2037 γέγονεν
674 1985 835 2028 ὑπόθεσις
849 1985 889 2023 τὸ
908 1988 1132 2038 παραστῆναι

105 2049 155 2099 τῷ
176 2046 410 2100 δικαστηρίῳ,
430 2046 490 2085 καὶ
515 2047 598 2084 ἰδεῖν
617 2045 711 2088 ὅπως
736 2045 985 2098 προεχώρησεν
1010 2049 1030 2091 ἡ
1059 2045 1131 2090 ἐξέ-

105 2124 223 2155 τασις;
256 2107 441 2160 Ἔγνωμεν
460 2107 548 2160 γὰρ,
568 2106 657 2145 ὅσων
686 2122 725 2144 τε
751 2106 811 2144 καὶ
830 2105 961 2153 ἡλίκων
991 2109 1130 2156 ἀγαθῶν

105 2169 248 2212 ἑαυτοὺς
267 2168 509 2220 ἀπεστέρησαν
532 2167 553 2206 ὅ
571 2183 608 2204 τε
633 2167 745 2217 Ἀδὰμ
758 2195 768 2213 ,
782 2166 805 2213 ἥ
819 2183 858 2205 τε
872 2166 950 2205 Εὔα
963 2196 973 2214 ,
995 2167 1052 2205 διὰ
1067 2171 1129 2215 τῆς

105 2230 340 2283 παραὸάσεως
358 2231 421 2275 τῆς
441 2228 597 2276 δοθείσης
630 2231 791 2276 ἐντολῆς,
810 2228 1049 2279 γυμνωθέντες
1067 2233 1130 2277 τῆς

104 2291 206 2338 δόξης
226 2291 360 2338 ἐκείνης
379 2294 442 2337 τῆς
462 2290 615 2342 ἀφάτου,
643 2290 703 2327 καὶ
728 2293 791 2336 τῆς
823 2291 913 2337 ζωῆς
939 2292 1002 2336 τῆς
1033 2291 1129 2329 οὐδὲν

105 2353 249 2392 ἔλαττον
266 2352 412 2404 *σχεδὸν
440 2351 588 2403 ἐχούσης
605 2353 674 2388 τῶν
706 2349 875 2402 ἀγγέλων.
896 2349 1046 2401 Εἴδομεν
1065 2351 1129 2398 τὴν

105 2413 327 2459 ἀνεξικακίαν
346 2417 406 2452 τοῦ
427 2412 605 2451 Δεσπότου
617 2442 627 2459 ,
647 2411 898 2462 ἐπαιδεύθημεν
922 2412 1001 2451 δ’σον
1020 2413 1127 2452 κακόν

106 2477 181 2514 ἐστι
215 2474 386 2526 ῥᾳθυμία,
403 2474 463 2512 καὶ
489 2472 583 2515 ὅπως
612 2472 672 2510 καὶ
700 2475 768 2510 τῶν
801 2472 868 2518 ἤδη
893 2474 1128 2526 ὑπηργμένων

106 2538 246 2587 ἀγαθῶν
266 2533 415 2585 γυμνοὺς
435 2534 494 2573 καὶ
513 2534 663 2587 ἐρήμους
681 2537 774 2584 ἡμᾶς
799 2533 1000 2586 ἐργάζεται,
1016 2535 1075 2574 καὶ
1092 2538 1126 2574 ἐν

106 2597 219 2647 πολλῇ
236 2594 422 2642 καθίστησι
438 2597 480 2646 τῇ
499 2593 660 2646 αἰσχύνῃ.
682 2594 762 2642 Διὸ,
780 2596 996 2647 παρακαλῶ,
1012 2596 1129 2649 νήφω-

107 2673 185 2708 μεν,
205 2656 265 2695 καὶ
283 2656 326 2694 τὰ
351 2655 489 2694 ἐκείνων
513 2653 690 2705 πτώματα
717 2658 802 2706 ἡμῖν
821 2656 972 2706 γενέσθω
990 2657 1129 2711 φάρμα-

107 2734 168 2766 κα,
192 2718 253 2756 καὶ
271 2721 293 2764 ἡ
314 2716 454 2756 ἐκείνων
483 2715 636 2770 ῥᾳθυμία
653 2719 738 2766 ἡμῖν
768 2715 919 2768 γενέσθω
939 2718 1130 2771 ἀσφαλείας

105 2778 267 2821 ὑπόθεσις
285 2792 292 2801 ·
313 2776 433 2824 ἐπειδὴ
455 2777 515 2815 καὶ
531 2776 656 2827 μείζων
684 2781 706 2824 ἡ
731 2777 885 2830 τιμωρία
913 2784 984 2822 τοῖς
1016 2781 1065 2823 εἷς
1090 2779 1130 2817 τὸ

107 2839 185 2886 ἑξῆς
204 2838 248 2876 τὰ
268 2838 356 2876 αὐτὰ
386 2837 665 2888 πλημμελοῦσιν,
684 2837 754 2887 ὅσῳ
773 2838 863 2888 μηδὲ
891 2844 963 2884 τοῖς
991 2840 1130 2879 ὑποδεί-

107 2915 218 2950 γμασι
251 2897 523 2950 σωφρονέστεροι
559 2897 719 2948 γενέσθαι
751 2899 1009 2947 ἠὸουλήθησαν.
1038 2899 1131 2939 Οὐδὲ

106 2960 175 3012 γὰρ
194 2963 225 2998 οἱ
245 2959 336 3011 μετὰ
354 2964 463 2997 ταῦτα
486 2958 532 2997 τὰ
561 2959 649 2998 αὐτὰ
668 2966 738 3003 τοῖς
767 2960 947 3014 προτέροις
967 2962 1132 3015 ἁμαρτά-

108 3037 222 3064 νοντες
252 3020 315 3067 τὴν
344 3019 453 3070 αὐτὴν
482 3019 750 3073 εἰσπράττονται
778 3022 890 3068 δίκην.
923 3022 994 3062 Καὶ
1031 3026 1133 3061 τοῦτο

109 3081 288 3133 συντόμως
303 3083 424 3131 μαθεῖν
451 3079 581 3124 ἔξεστιν
612 3081 683 3120 ἀπὸ
705 3085 765 3121 τοῦ
795 3087 901 3134 σοφοῦ
923 3084 1133 3123 διδασκάλου

107 3147 170 3192 τῆς
183 3143 388 3195 οἰκουμένης
400 3174 409 3192 ,
420 3147 479 3182 τοῦ
495 3144 669 3197 μακαρίου
681 3145 825 3185 Παύλου
837 3162 882 3198 φη
888 3147 927 3198 μὶ
936 3177 946 3196 ,
957 3147 1116 3199 λέγοντος
1125 3164 1133 3173 ·

1030 189 1194 222 ΟΕΝΕΞ.

1233 191 1394 222 uomit„
1435 190 1561 221 xviii.

2063 193 2146 238 ¹77

1202 273 1254 311 illi
1275 273 1470 311 retribuere
1487 286 1555 310 non
1575 271 1836 320 erubescamus,
1859 272 1919 310 sed
1937 281 1970 309 et
2002 272 2151 310 immor—

1201 334 1309 373 talem
1325 334 1496 383 animam,
1522 332 1623 384 quasi
1646 331 1778 370 dixerit
1799 332 1892 383 quis,
1913 332 2009 370 carni
2029 334 2153 384 agglu-

1205 395 1364 444 tinatam,
1376 403 1551 433 terrenam
1578 403 1612 432 et
1630 402 1807 432 mortuam
1821 423 1830 441 ‚
1850 402 1883 431 et
1902 393 1994 432 nihil
2014 394 2151 445 operari

1201 456 1389 504 valentem,
1418 454 1568 494 evadere
1598 455 1793 493 curemus?
1824 453 1994 503 Obsecro,
2030 468 2073 491 ne
2103 454 2153 491 sic

1201 517 1278 564 fiat,
1296 531 1338 555 ne
1355 517 1405 555 sic
1420 516 1550 568 ingrati
1564 516 1676 555 simus
1694 529 1777 568 erga
1795 524 1935 554 tantum
1956 515 2154 553 benefacto-

1202 592 1277 616 rem
1307 588 1469 616 nostrum
1492 594 1499 614 ε
1525 577 1588 615 sed
1606 577 1705 615 illius
1723 576 1908 629 praeceptis
1932 575 2151 623 obedientes,

1202 653 1280 690 quae
1298 639 1367 691 ipsi
1388 648 1486 691 grata
1507 647 1636 677 suntet
1652 637 1863 690 probantur,
1884 651 2070 690 operemur
2088 652 2094 671 ε
2118 646 2153 673 ut

1203 709 1236 736 et
1265 714 1328 737 nos
1362 700 1502 738 aetcrnis
1521 699 1624 737 bonis
1653 698 1781 750 dignos
1802 698 1960 736 efficiat:
1983 712 2060 748 quae
2091 712 2155 735 nos

1203 774 1324 798 omncs
1343 761 1480 811 assequi
1510 760 1713 810 contingat,
1733 760 1847 810 gratia
1881 769 1915 797 et
1938 759 2157 810 benignitate

1204 821 1350 859 Domini
1371 821 1482 859 nostri
1510 822 1595 860 Jesu
1628 820 1784 870 Christi,
1807 820 1864 857 cui
1895 834 1977 857 cum
1998 820 2102 857 Patre
2123 830 2157 857 et

1202 882 1341 934 Spiritu
1381 891 1501 920 sancto
1541 881 1586 920 sit
1620 881 1759 933 gloria,
1785 881 1922 929 honor,
1944 880 2155 933 imperium,

1203 957 1298 983 nunc
1311 952 1345 982 et
1361 957 1512 996 semper,
1526 952 1560 981 et
1577 943 1613 981 in
1631 942 1759 981 saecula
1779 941 2004 979 saeculorum.
2031 945 2152 979 Amen.

1486 1142 1699 1182 HOMILIA
1729 1141 1868 1182 XVllI.

1207 1267 1254 1304 Et
1267 1265 1531 1305 vocavitAdam
1546 1280 1674 1305 nomen
1692 1267 1816 1305 uxoris
1831 1281 1903 1306 sum
1921 1269 2060 1320 Vitam,
2077 1271 2160 1321 quia
2177 1282 2252 1309 Gen.
2268 1280 2296 1309 3.
2310 1290 2358 1309 ει).

1260 1327 1338 1380 ipsa
1358 1336 1410 1365 est
1440 1336 1553 1365 mater
1583 1328 1745 1366 omnium
1779 1328 1990 1369 viventium.
2006 1330 2053 1368 Et
2079 1332 2162 1370 fecit
2174 1333 2266 1352 ‘²²'

1261 1387 1437 1426 Dominus
1455 1388 1555 1426 Deus
1575 1387 1660 1426 Adae
1673 1397 1707 1426 et
1721 1389 1826 1427 uxori
1841 1391 1916 1442 ejus
1935 1391 2072 1429 tunicas
2091 1393 2162 1444 pcl-

1261 1448 1369 1486 liceas
1383 1457 1417 1487 et
1430 1448 1548 1487 induit
1561 1449 1655 1487 illos.
1673 1450 1720 1488 Et
1733 1451 1782 1489 ait
1795 1452 1892 1490 Deus
1914 1469 1920 1489 τ
1940 1452 2032 1491 Ecce
2044 1453 2159 1493 Adam

1260 1508 1375 1549 factus
1388 1519 1440 1549 est
1457 1510 1550 1548 sicut
1568 1524 1660 1549 unus
1674 1525 1720 1550 ex
1738 1512 1851 1551 nobis.

1260 1682 1296 1717 1.
1322 1680 1480 1719 Vidistis
1499 1681 1577 1719 heri
1596 1680 1737 1721 Judicis
1758 1683 2043 1736 benignitatem?
2063 1686 2160 1726 vidi-

1206 1741 1269 1779 stis
1290 1755 1440 1779 examen
1457 1741 1616 1780 bonitate
1643 1743 1842 1781 refertum?
1863 1744 2005 1784 vidistis
2023 1749 2162 1800 suppli=

1207 1802 1344 1840 ciorum
1371 1802 1644 1842 diversitatem?
1667 1804 1846 1855 quomodo
1865 1807 2012 1858 punitus
2031 1808 2078 1847 sit
2097 1809 2160 1848 do-

1206 1863 1302 1901 losus
1330 1863 1392 1901 ille
1408 1864 1668 1916 supplantator,
1684 1866 1860 1916 quomodo
1877 1869 1983 1906 etiam
2005 1869 2162 1923 deceptis

1207 1938 1311 1976 poena
1321 1924 1367 1962 sit
1386 1924 1536 1975 inflicta,
1555 1939 1632 1976 quae
1652 1940 1818 1978 magnam
1834 1928 1901 1966 Dei
1915 1943 1989 1981 prae
2008 1944 2044 1968 se
2056 1931 2161 1969 ferret

1206 1985 1491 2037 benignitatem?
1511 1986 1656 2025 vidistis
1674 1987 1853 2037 quomodo
1874 1989 1976 2028 nobis
2004 2004 2160 2030 commo—

1205 2046 1334 2085 dorum
1353 2048 1490 2086 occasio
1505 2047 1585 2096 fuit,
1601 2048 1763 2087 assistere
1776 2049 1962 2098 tribunali,
1983 2061 2018 2089 et
2036 2053 2160 2091 videre

1204 2108 1384 2159 quomodo
1422 2109 1630 2160 processerit
1672 2123 1819 2147 examen
1852 2111 1869 2148 Ξ)
1916 2113 2159 2164 Cognovimus

1203 2170 1298 2208 enim
1316 2199 1326 2218 ,
1345 2169 1488 2220 quantis
1507 2169 1640 2221 seipsos
1660 2169 1762 2209 bonis
1781 2171 1939 2211 mandati
1964 2183 2158 2225 transgres-

1204 2230 1300 2269 sione
1320 2230 1498 2282 privarint
1517 2230 1634 2268 Adam
1652 2240 1686 2269 et
1704 2231 1797 2278 Eva,
1817 2233 1943 2271 nudati
1962 2235 2075 2286 gloria
2094 2236 2157 2274 illa

1204 2291 1394 2341 ineffabili,
1425 2299 1460 2329 et
1477 2291 1552 2330 vita
1574 2305 1644 2330 non
1663 2291 1829 2332 inferiore
1849 2309 1959 2345 quam
1985 2297 2155 2349 angelica.

1204 2352 1376 2393 Vidimus
1403 2353 1613 2405 patientiam
1633 2354 1800 2403 Domini,
1817 2355 2010 2396 didicimus
2044 2373 2157 2410 quan-

1204 2424 1282 2453 tum
1294 2414 1430 2452 malum
1444 2414 1489 2452 sit
1507 2414 1658 2462 desidia,
1676 2416 1855 2466 quomodo
1871 2427 1903 2456 et
1923 2421 2155 2471 praesentibus

1204 2475 1344 2529 spoliet,
1357 2485 1392 2514 et
1406 2489 1534 2527 magna
1546 2475 1741 2527 ignominia
1759 2478 1904 2517 afficiat.
1924 2480 2077 2529 Idcirco,
2093 2483 2154 2520 ob-

1203 2551 1315 2588 secro,
1341 2537 1451 2576 sobrii
1469 2537 1593 2587 simus,
1616 2537 1775 2588 fiantque
1805 2539 1907 2578 nobis
1926 2541 2070 2580 illorum
2102 2544 2156 2581 la-

1204 2612 1288 2652 psus
1317 2597 1473 2636 remedia
1489 2627 1500 2647 ,
1536 2606 1570 2636 et
1609 2597 1755 2637 illorum
1786 2600 1925 2639 desidia
1958 2605 2156 2643 securitatis

1204 2675 1335 2699 causa:
1361 2658 1651 2710 quandoquidem
1670 2661 1783 2711 major
1815 2675 1918 2713 poena
1950 2673 2000 2700 est
2033 2679 2155 2704 eorum

1203 2722 1264 2773 qui
1284 2730 1363 2774 post
1375 2721 1456 2758 illos
1475 2728 1634 2772 peccant,
1649 2729 1683 2757 et
1702 2735 1742 2758 eo
1763 2722 1878 2773 major
1905 2724 2002 2774 quod
2030 2739 2154 2765 exem-

1204 2783 1275 2835 plis
1293 2780 1480 2820 emendare
1500 2795 1536 2819 se
1566 2780 1692 2818 nolint.
1722 2782 1801 2819 Non
1832 2783 1926 2821 enim
1953 2785 2015 2835 qui
2034 2797 2154 2840 postea

1204 2843 1327 2881 eadem
1346 2849 1491 2895 peccant
1517 2855 1595 2892 quae
1619 2841 1741 2893 primi,
1771 2842 1806 2881 in
1834 2845 1996 2884 eamdem
2015 2862 2155 2900 poenam

1205 2905 1372 2944 incident.
1391 2903 1434 2942 Id
1453 2902 1549 2955 quod
1569 2902 1726 2941 breviter
1743 2903 1788 2941 ab
1818 2905 1916 2944 orbis
1939 2906 2083 2947 doctore
2102 2925 2158 2948 sa-

1205 2965 1440 3019 pientissimo,
1461 2964 1564 3001 beato
1587 2963 1698 3001 Paulo
1717 2963 1876 3015 inquam,
1911 2967 2048 3007 discere
2073 2985 2157 3023 pos-

1207 3040 1344 3075 sumus,
1360 3025 1421 3076 qui
1441 3023 1553 3061 dicit:
1582 3024 1822 3077 Quicumque
1837 3030 1940 3065 enim
1968 3033 2054 3068 sine
2079 3033 2159 3084 lege
2175 3047 2198 3074 ῃ
2226 3054 2287 3072 „m
2314 3053 2318 3068 ι
2339 3054 2356 3069 ·.

1205 3093 1475 3139 peccaverunt,
1507 3087 1590 3122 sine
1621 3085 1704 3137 lege
1729 3088 1848 3124 etiam
1880 3092 2062 3139 peribunt
2087 3107 2098 3127 .·
2123 3102 2158 3130 et

1208 3150 1440 3201 quicumque
1472 3148 1514 3182 ἰη
1544 3145 1628 3197 lege
1641 3158 1913 3197 peccaverunt,
1938 3165 2007 3201 per
2040 3153 2160 3205 Iegem

153 3252 169 3267 ⁸
187 3249 194 3293 Ι
213 3249 315 3283 Savil.
333 3249 429 3281 addit
444 3253 521 3288 Εὕα,
540 3254 613 3295 ὅπερ
636 3255 696 3284 ἐστὶ
723 3257 783 3291 ςωή
809 3258 892 3283 cett.
909 3252 952 3284 Et
966 3252 1013 3284 sic
1030 3252 1115 3285 infra
1157 3252 1227 3285 bus.
1254 3250 1344 3283 Infra
1361 3255 1479 3292 ἀγαθῶν
1496 3257 1568 3292 post
1586 3254 1781 3297 ὑπηργμένων
1796 3252 1888 3287 deest
1915 3257 1946 3288 in
1965 3257 2091 3298 Moror,
2107 3260 2163 3293 scd

107 3304 143 3335 S.
161 3301 281 3344 Chrys.
305 3301 388 3333 Cum
406 3300 525 3334 Montf.
538 3302 750 3334 consentiunt
765 3302 828 3344 υ’.]

154 3364 166 3378 ²
183 3357 287 3396 Σχεέόν
304 3351 395 3384 deest
409 3353 441 3384 in
460 3353 574 3384 Morcl.
589 3351 646 3385 sed
664 3352 806 3385 habetur
823 3355 856 3386 in
870 3356 998 3388 caeteris
1015 3357 1123 3388 omni-

325 3411 422 3434 ’[οΜ.
461 3411 513 3434 ιν.

1157 3312 1273 3337 cmtera
1298 3302 1495 3343 exemplaria
1513 3303 1572 3336 sic.

1965 3417 1973 3440 Ι
1999 3421 2008 3440 i
