2516 3791
82 1598 198 1626 Moram
219 1609 269 1627 ex-

83 1640 217 1670 hortatio.

301 154 394 216 296
719 171 757 200 S.
795 172 979 202 JOANNJS
1015 172 1254 202 CHRYSOST.

294 262 352 289 tur
371 252 401 289 si
423 250 498 290 haec
525 253 741 304 cogitemus,
760 267 973 304 operamque
1001 253 1126 291 demus
1152 262 1190 290 ut
1209 262 1242 290 et

294 328 360 365 pro
375 313 501 365 primis
514 314 587 351 suis
601 313 705 351 donis
719 313 850 363 gratias
865 314 1054 350 offeramus
1071 312 1240 358 Domino,

293 383 327 411 et
337 389 402 426 pro
418 374 548 412 futuris
562 374 614 411 sic
626 388 689 411 nos
706 387 961 425 praeparemus,
977 382 1016 410 ut
1033 387 1103 410 non
1122 372 1244 411 videa-

293 447 374 471 mur
394 434 533 484 indigni
555 435 630 484 ejus
649 433 843 478 beneficiis,
866 432 986 469 statim
1009 432 1123 470 vitam
1142 447 1242 484 egre-

294 496 389 545 giam
408 495 605 540 instituere,
627 502 660 529 et
688 492 830 529 malitiae
857 493 1059 544 periculum
1087 494 1242 545 effugere

292 556 499 607 poterimus.
527 552 785 590 Beneficiorum
805 554 900 591 enim
926 555 1095 592 memoria
1115 554 1240 594 idonea

291 617 392 653 nobis
410 624 460 652 cst
479 614 647 665 magistra
669 613 715 651 ad
733 613 846 652 vitam
874 615 1007 653 virtute
1033 615 1236 667 praeditam,

289 690 356 713 non
378 676 495 713 sinens
512 689 575 713 nos
594 676 632 713 in
650 684 828 727 torporem
847 675 1133 728 ohlivionemque
1151 677 1240 715 inei-

288 736 382 784 dere,
402 746 435 774 et
454 736 502 774 ad
524 736 660 774 malum
680 736 870 774 declinare.
889 739 992 775 Mens
1008 737 1102 775 enim
1122 738 1238 776 sobria

289 807 322 834 ct
343 798 515 849 vigilans,
533 811 603 835 non
623 797 739 835 solum
766 812 847 836 cum
876 798 1026 836 feliciter
1046 813 1102 836 res
1118 813 1239 838 succe*⁴

289 858 393 907 dunt,
415 858 476 895 sed
496 859 601 895 etiam
637 857 778 908 quando
797 868 925 910 praeter
943 860 1149 897 sententiam
1177 874 1240 898 no-

287 928 397 956 stram
416 919 563 957 adversa
583 919 765 967 eveniunt,
786 933 856 956 non
877 919 996 956 minus
1011 920 1144 970 gratias
1153 921 1239 971 agit,

287 980 471 1029 nihiloque
486 994 530 1017 ex
558 993 679 1016 remim
699 978 951 1016 vicissitudine
971 979 1153 1018 remissior
1171 980 1235 1018 fit:

288 1040 348 1077 sed
378 1040 492 1091 magis
515 1040 716 1087 roboratur,
736 1049 769 1077 et
791 1040 1009 1078 ineffabilem
1029 1041 1095 1078 Dei
1115 1042 1238 1093 provi—

287 1102 442 1139 dentiam
460 1101 670 1149 considerat,
686 1101 747 1152 qui
764 1115 844 1139 eum
861 1102 906 1139 sit
918 1101 1019 1139 dives
1035 1111 1069 1139 et
1081 1103 1236 1155 sapiens,

287 1163 390 1199 etiam
411 1176 474 1214 per
492 1177 546 1199 res
565 1162 747 1211 adversas,
768 1162 934 1213 quamvis
954 1163 1021 1200 hoc
1042 1163 1239 1216 intelligere

288 1237 357 1260 non
379 1223 566 1274 possimus,
588 1237 688 1261 suam
705 1222 887 1262 declarare
906 1233 1019 1276 potest
1045 1225 1238 1277 providen-

286 1293 385 1321 tiam.

337 1589 374 1626 G.
394 1588 512 1638 Igitur
537 1590 588 1626 sic
610 1598 643 1627 et
664 1603 728 1628 nos
751 1591 871 1628 omnia
904 1600 1021 1630 nostra
1047 1593 1232 1644 faciamus,

286 1657 321 1686 ut
334 1649 640 1700 qualitercumque
657 1650 794 1699 cadant,
809 1652 956 1690 unicum
970 1662 1129 1691 nostrum
1146 1668 1236 1706 opus

282 1709 327 1746 sit
347 1709 513 1746 continuo
531 1724 596 1762 pro
616 1711 688 1748 illis
703 1713 833 1762 gratias
861 1727 975 1764 agere.
1000 1715 1150 1766 Propter
1168 1716 1235 1754 hoc

281 1770 376 1806 onim
396 1770 585 1808 rationales
605 1772 687 1809 facti
708 1786 842 1822 sumus,
864 1783 898 1811 et
922 1788 941 1811 a
961 1774 1078 1812 brutis
1098 1775 1235 1815 differi-

282 1845 374 1880 mus,
393 1840 433 1868 ut
448 1831 652 1882 laudemus,
676 1833 906 1879 celebremus,
923 1835 1235 1890 glorificemusju—

282 1891 372 1941 giter
393 1892 588 1930 Dominum
608 1894 768 1931 omnium
782 1894 1012 1934 conditorem.
1034 1897 1234 1951 Eapropter

281 1960 314 1988 rt
336 1952 491 1990 animam
521 1954 624 1992 nobis
650 1954 856 2007 inspiravit,
877 1965 910 1994 et
937 1957 1099 2008 linguam
1117 1959 1230 2011 dedit,

281 2021 320 2048 nt
338 2013 414 2064 ejus
434 2013 468 2050 in
492 2028 555 2051 nos
581 2014 754 2052 beneficia
773 2030 877 2054 sensu
895 2018 1144 2071 percipientes,
1166 2020 1233 2059 do-

280 2074 431 2111 minium
454 2088 698 2125 agnoscamus,
715 2085 749 2114 et
766 2091 827 2115 nos
846 2088 964 2129 gratos
987 2080 1232 2130 exhibeamus,

280 2148 321 2171 ac
342 2149 406 2186 pro
425 2136 567 2173 viribus
590 2137 745 2174 Domino
762 2139 893 2188 gratias
910 2153 1069 2190 agamus.
1091 2143 1183 2180 Nam
1203 2146 1231 2181 si

1295 174 1320 202 A
1330 174 1486 203 RCfflEP
1495 193 1504 202 .
1543 173 1880 203 CONSTAN-Tlxop
1890 192 1900 201 .

1315 254 1374 291 καὶ
1390 254 1552 292 οὐδέποτε
1569 253 1718 292 παύεται
1741 254 1785 293 τὰ
1806 256 1933 292 ἐκεῖθεν
1961 254 2102 304 νάματα
2121 257 2164 306 τῇ
2184 257 2252 292 τῶν
2270 255 2336 291 ἀν-

1315 313 1461 366 θρώπων
1482 314 1582 365 φύσει
1599 314 1811 367 προχέουσα.
1831 316 1889 353 Ἂν
1908 315 2022 353 τοίνυν
2050 319 2160 353 ταῦτα
2190 313 2337 366 λογιζώ-

1317 377 1423 422 μεθα,
1438 373 1498 412 καὶ
1518 375 1765 425 σπουδάζωμεν
1781 375 1841 413 καὶ
1858 375 1945 426 ὑπὲρ
1958 378 2026 412 τῶν
2046 376 2250 427 φθασάντων
2274 375 2338 417 τὰς

1316 435 1540 488 εὐχαριστίας
1566 435 1748 489 ἀναφέρειν
1772 438 1822 487 τῷ
1852 435 2033 487 Δεσπότῃ,
2065 437 2125 474 καὶ
2155 436 2244 489 ὑπὲρ
2267 439 2337 473 τῶν

1315 497 1391 543 ἑξῆς
1410 497 1581 541 τοιούτους
1611 496 1752 541 ἑαυτοὺς
1767 497 2049 544 κατασκευάζειν,
2071 497 2160 536 ὥστε
2183 498 2231 548 μὴ
2255 500 2339 535 ἀνα-

1315 557 1404 602 ξίους
1424 560 1574 607 φανῆναι
1602 559 1671 595 τῶν
1701 559 1786 611 παρ’
1815 559 1920 595 αὐτοῦ
1948 559 2165 608 εὐεργεσιῶν,
2195 557 2338 604 δυνησό-

1316 623 1403 668 μεθα
1429 619 1488 657 καὶ
1516 618 1693 657 πολιτείαν
1725 617 1870 670 ἀρίστην
1899 617 2154 671 ἐπιδείξασθαι,
2185 617 2244 655 καὶ
2277 620 2340 663 τ’ἧς

1314 679 1439 724 κακίας
1471 679 1534 727 τὴν
1555 686 1688 731 Δπεῖραν
1721 680 1912 731 διαφυγεῖν,
1943 677 1988 715 ‘H
2018 677 2086 729 γὰρ
2120 677 2243 728 μνήμη
2269 680 2339 716 τῶν

1315 742 1518 793 εὐεργεσιῶν
1551 741 1653 786 ἱκανὴ
1685 739 1891 782 διδάσκαλος
1918 741 2004 788 ἡμῖν
2036 738 2135 777 ἔσται
2166 742 2228 785 τῆς
2260 741 2340 776 κατ’

1314 802 1440 853 ἀρετὴν
1457 801 1647 848 πολιτείας,
1669 803 1732 839 οὐκ
1750 799 1890 853 ἀφιεῖσα
1909 815 1994 838 ποτε
2014 801 2061 843 εἷς
2083 799 2254 851 ῥᾳθυμίαν
2275 801 2338 850 ἐμ·

1313 862 1482 907 πεσὸντας
1508 863 1568 900 καὶ
1593 863 1715 909 λήθην,
1735 861 1820 913 πρὸς
1844 860 1908 907 τὴν
1930 861 2056 899 κακίαν
2087 861 2339 911 αὐτομολῆσαι.

1263 931 1287 960 D
1314 922 1359 960 ‘H
1379 923 1448 975 γὰρ
1469 923 1625 975 νῆφουσα
1643 922 1703 960 καὶ
1723 924 1932 974 ἐγρηγορυῖα
1954 920 2048 973 ψυχὴ
2078 923 2116 959 οὐ
2137 921 2215 958 τότε
2235 921 2338 970 μόνον

1313 982 1455 1021 ἐπειδὰν
1472 983 1564 1021 κατὰ
1586 986 1662 1034 ῥοῦν
1683 982 1834 1034 φέρηται
1850 981 1895 1019 τὰ
1922 981 2134 1034 πράγματα,
2161 983 2338 1032 εὐγνωμο-

1313 1043 1417 1090 σύνην
1438 1043 1696 1090 ἐπιδείκνυται,
1712 1042 1802 1081 ἀλλὰ
1816 1042 1880 1080 κᾶν
1900 1042 2038 1080 ἐναντία
2055 1059 2106 1086 τις
2119 1042 2338 1094 πραγμάτων

1312 1105 1518 1156 περίστασις
1535 1104 1831 1156 παρακολουθήσῃ
1843 1133 1852 1150 ,
1872 1103 1931 1140 καὶ
1949 1103 2026 1140 τότε
2043 1102 2105 1150 τὴν
2130 1102 2208 1148 ἴσην
2234 1105 2339 1155 εὐχα-

1314 1165 1448 1216 ριστίαν
1482 1165 1665 1217 ἀναφέρει,
1702 1163 1797 1202 οὐδὲν
1833 1163 1901 1201 ἀπὸ
1927 1165 1989 1209 τῆς
2021 1166 2089 1200 τῶν
2120 1164 2339 1214 πραγμάτων

1313 1227 1512 1276 μεταὸολῆς
1531 1225 1771 1278 χαυνουμένη,
1791 1224 1882 1263 ἀλλὰ
1908 1223 2020 1275 ταύτῃ
2052 1225 2184 1273 μᾶλλον
2202 1239 2340 1275 νευρου-

1313 1286 1400 1336 μένη
1416 1316 1425 1333 ,
1446 1287 1506 1325 καὶ
1521 1286 1585 1333 τὴν
1607 1287 1737 1338 ἄφατον
1761 1288 1821 1323 τοῦ
1841 1287 1932 1324 Θεοῦ
1958 1284 2168 1335 κηδεμονίαν
2198 1286 2338 1336 λογιζο-

1314 1349 1399 1398 μένη
1412 1379 1421 1397 ,
1441 1349 1500 1387 καὶ
1519 1351 1565 1391 ὡς
1585 1348 1730 1400 εὔπορος
1748 1347 1795 1385 ὢν
1815 1347 1873 1385 καὶ
1894 1346 2091 1397 εὐμήχανος
2111 1345 2255 1383 δύναται
2278 1346 2339 1383 καὶ

1314 1411 1355 1447 δι’
1389 1410 1553 1448 ἐναντίων
1589 1409 1820 1462 πραγμάτων,
1854 1410 1882 1445 εἷ
1909 1407 1968 1446 καὶ
1996 1411 2099 1458 ἡμεῖς
2125 1407 2189 1454 τὴν
2209 1407 2339 1461 ἄκριὸἧ

1312 1471 1510 1523 κατάληψιν
1530 1470 1578 1521 μὴ
1599 1470 1776 1522 ἰσχύωμεν
1794 1470 1954 1516 συνιδεῖν,
1970 1467 2033 1515 τὴν
2055 1471 2176 1506 ἑαυτοῦ
2191 1469 2341 1518 κηδεμο-

1312 1531 1386 1569 νίαν
1407 1531 1655 1575 ἐπιδείξασθαι.

1260 1608 1284 1638 Ε
1365 1592 1471 1631 Οὕτω
1486 1592 1599 1630 τοίνυν
1628 1592 1766 1630 ἅπαντα
1786 1591 1830 1629 τὰ
1861 1593 1937 1629 καθ’
1961 1594 2054 1641 ἡμᾶς
2083 1594 2336 1642 παραχωροῦν-

1310 1670 1365 1697 τες
1378 1685 1388 1701 ,
1403 1654 1497 1698 ὅπως
1514 1653 1554 1691 ἂν
1577 1653 1726 1706 φέρηται
1743 1652 1788 1690 τὰ
1816 1652 2010 1705 πράγματα
2023 1681 2032 1698 ,
2053 1655 2155 1701 ἡμεῖς
2173 1651 2208 1688 ἓν
2234 1651 2339 1702 μόνον

1311 1715 1410 1766 ἔργον
1432 1714 1586 1766 ἔχωμεν,
1608 1714 1648 1751 τὸ
1673 1715 1839 1760 διηνεκῶς
1872 1715 1965 1764 αὐτῷ
1997 1713 2214 1764 εὐχαριστεῖν
2249 1712 2338 1764 ὑπὲρ

1310 1775 1486 1813 ἁπάντων.
1509 1774 1578 1813 Διὰ
1593 1774 1662 1826 γὰρ
1678 1779 1779 1812 τοῦτο
1793 1773 1928 1824 λογικοί
1943 1788 2033 1816 τινες
2051 1773 2255 1823 γεγόναμεν,
2277 1775 2338 1812 καὶ

1309 1836 1418 1887 ταύτῃ
1448 1838 1517 1873 τῶν
1551 1836 1685 1887 ἀλόγων
1716 1834 1961 1883 διεστήκαμεν,
1989 1833 2045 1870 ἵνα
2074 1832 2136 1876 τὰς
2167 1834 2339 1885 εὐφημίας

1309 1897 1368 1935 καὶ
1385 1896 1464 1941 τοὺς
1483 1897 1608 1947 ὕμνους
1626 1896 1686 1934 καὶ
1702 1898 1871 1942 διηνεκεῖς
1895 1894 2090 1946 δοξολογίας
2109 1895 2337 1947 ἀναφέρωμεν

1310 1961 1360 2010 τῷ
1381 1962 1449 1997 τῶν
1469 1958 1559 1997 ὅλων
1581 1959 1796 2009 δημιουργῷ.
1816 1956 1885 1995 Διὰ
1908 1961 2008 1995 τοῦτο
2038 1955 2097 1994 καὶ
2113 1955 2228 2008 ψυχὴν
2250 1960 2335 2007 ἡμῖν

1311 2019 1516 2066 ἐνέπνευσε,
1543 2020 1602 2057 καὶ
1633 2021 1795 2071 γλῶσσαν
1827 2017 2038 2070 ἐχαρίσατο,
2065 2017 2124 2055 ἵνα
2148 2021 2217 2056 τῶν
2249 2021 2334 2071 παρ’

1309 2081 1414 2118 αὐτοῦ
1436 2083 1482 2124 εἷς
1502 2085 1596 2131 ἡμᾶς
1628 2082 1830 2131 εὐεργεσιῶν
1862 2081 1910 2121 εἷς
1937 2078 2098 2124 αἴσθησιν
2128 2078 2334 2130 ἐρχόμενοι,

1309 2141 1370 2178 καὶ
1384 2140 1449 2187 τὴν
1467 2141 1668 2178 δεσποτείαν
1700 2140 1999 2190 ἐπιγινώσκωμεν,
2033 2139 2093 2177 καὶ
2122 2139 2184 2185 τὴν
2208 2142 2334 2190 εὐγνω-

281 2195 454 2244 homines,
480 2196 612 2246 quibus
640 2196 762 2234 eadem
790 2207 840 2236 est
872 2209 997 2238 natura
1028 2203 1229 2251 nobiscum,
1245 2235 1292 2261 2⁵4
1310 2202 1460 2252 μοσύνην
1490 2201 1763 2252 ἐπιδειξώμεθα,
1782 2201 1841 2239 καὶ
1862 2201 1924 2247 τὴν
1945 2200 2038 2238 κατὰ
2063 2200 2209 2245 δύναμιν
2229 2202 2333 2252 εὐχα-

281 2270 360 2293 cum
376 2271 528 2308 parvum
544 2257 735 2308 aliquando
756 2273 796 2296 ac
813 2259 885 2297 vile
898 2261 1003 2299 nobis
1017 2263 1230 2303 heneficium
1257 2273 1281 2299 A
1308 2263 1443 2314 ριστίαν
1473 2262 1699 2315 ἀναφέρωμεν
1719 2265 1769 2315 τῷ
1796 2261 1973 2311 Δεσπότῃ.
2002 2263 2046 2299 Εἰ
2064 2260 2132 2313 γὰρ
2156 2261 2331 2314 ἅνθρωποι

281 2317 525 2367 praestiterint,
550 2318 697 2370 exigunt
722 2333 741 2356 a
764 2320 867 2358 nobis
897 2322 1092 2372 gratiarum
1120 2326 1230 2364 actio-

281 2390 376 2426 nem,
393 2392 459 2415 non
476 2378 572 2429 quod
589 2389 748 2417 nostrum
765 2391 888 2419 curent
901 2392 1042 2433 gratum
1057 2385 1228 2435 animum,

281 2437 340 2475 sed
361 2447 399 2475 ut
423 2438 490 2491 ipsi
511 2439 592 2477 inde
611 2440 819 2479 celebriores
842 2443 930 2480 fiant
946 2455 1095 2495 :quanto
1116 2449 1229 2500 magis

280 2498 317 2536 id
331 2499 431 2537 nobis
445 2500 647 2538 faciendum
667 2501 701 2539 in
722 2502 766 2540 iis
785 2517 864 2553 quae
883 2518 900 2541 a
921 2506 996 2543 Deo
1011 2508 1226 2559 accepimus,

278 2560 339 2610 qui
361 2560 427 2598 hoc
443 2561 559 2598 solum
580 2562 625 2599 ob
643 2571 798 2600 nostram
820 2564 1009 2603 utilitatem
1029 2568 1109 2606 vult
1127 2569 1228 2608 fieri?

279 2621 369 2657 Nam
384 2621 475 2658 sicut
495 2635 575 2659 cum
598 2623 687 2673 grati
707 2637 830 2661 sumus
852 2624 1071 2675 hominibus,
1087 2629 1147 2679 qui
1168 2645 1230 2669 no-

278 2680 333 2717 his
354 2681 620 2730 benefecerunt,
652 2683 735 2721 illos
767 2684 933 2724 clariores
952 2687 1136 2727 reddimus
1154 2707 1161 2727 :
1180 2691 1227 2730 ita

278 2742 358 2779 etsi
379 2742 413 2780 in
445 2743 639 2793 benignum
671 2746 788 2784 Deum
820 2747 993 2786 fuerimus
1020 2750 1134 2800 grati,
1165 2766 1226 2791 nos

278 2802 371 2854 ipsos
392 2803 604 2842 illustriores
627 2806 793 2855 sacimus;
813 2808 980 2859 quoniam
1007 2825 1076 2848 non
1098 2821 1136 2850 ut
1164 2828 1225 2852 no-

278 2873 347 2900 stra
365 2864 598 2903 celebratione
614 2880 703 2918 opus
718 2867 863 2918 habens,
876 2869 942 2908 hoc
959 2871 1035 2909 lieri
1055 2873 1151 2911 vult:
1164 2875 1225 2913 sed

279 2933 315 2961 ut
341 2924 517 2975 quidquid
538 2925 574 2962 id
599 2927 688 2964 lucri
715 2937 781 2977 est,
801 2929 928 2967 iterum
949 2931 995 2969 ad
1012 2945 1074 2970 nos
1090 2933 1222 2978 redeat.

274 2995 307 3023 et
335 2985 462 3036 dignos
486 2986 656 3024 faciamus
685 3002 746 3026 nos
775 2989 868 3041 ipsos
896 2992 1092 3043 majoribus
1109 2982 1222 3033 subsiss

274 3047 354 3084 diis.
373 3047 547 3092 Quamvis
564 3057 680 3085 autem
701 3063 768 3087 non
791 3052 966 3102 possimus
986 3053 1023 3092 id
1038 3054 1162 3104 tacere,
1185 3066 1221 3095 ut

273 3107 424 3157 ‹lignum
442 3117 492 3144 est
508 3125 514 3143 :
532 3108 591 3158 qui
610 3109 702 3147 enim
720 3110 784 3149 boc
805 3113 880 3150 lieri
901 3124 1028 3165 posset,
1051 3130 1131 3154 cum
1151 3127 1221 3156 tam

271 3168 389 3219 fragili
404 3178 536 3206 natura!
552 3169 687 3219 alligati
703 3171 880 3211 si1nus?ci
896 3175 985 3224 quid
999 3175 1079 3214 dico
1096 3177 1219 3216 hnma-

271 3243 351 3265 nam
370 3229 562 3266 naturam?
584 3230 705 3280 Neque
726 3231 808 3283 ipsa·
826 3234 1052 3287 incorporem,
1077 3248 1109 3275 et
1127 3239 1220 3277 invi-

269 3289 390 3326 sibiles
415 3289 583 3337 virtutes,
610 3299 640 3327 et
664 3292 926 3343 principatuset
953 3308 1139 3348 potestates
1155 3330 1163 3342 ,
1187 3310 1219 3338 vt

270 3349 486 3395 Cherubim,
508 3361 539 3389 et
560 3352 746 3404 Seraphim
764 3383 772 3401 ,
796 3363 832 3392 ut
853 3355 1003 3407 (lignum
1029 3369 1099 3410 cst,
1131 3361 1218 3399 cclc-

1306 2327 1336 2362 οἱ
1355 2327 1417 2371 τῆς
1437 2327 1542 2371 αὐτῆς
1566 2327 1651 2375 ’ἡμῖν
1672 2324 1804 2376 φύσεως
1823 2327 2064 2366 κοινωνοῦντες
2077 2353 2086 2370 ,
2108 2323 2235 2374 μικράν
2254 2339 2332 2361 τινα

1304 2386 1473 2428 πολλάκις
1491 2386 1550 2424 καὶ
1573 2387 1691 2431 εὐτελῆ
1719 2386 1767 2428 εἷς
1791 2388 1885 2434 ἡμᾶς
1910 2383 2107 2435 εὐεργεσίαν
2132 2383 2330 2433 καταθέμε·

1305 2462 1355 2484 νοι
1368 2477 1377 2493 ,
1392 2449 1577 2485 ἀπαιτοῦσι
1593 2446 1656 2493 τὴν
1677 2445 1764 2498 ὑπὲρ
1783 2440 1831 2483 ὧν
1845 2445 2067 2495 πεπόνθαμεν
2090 2444 2330 2497 εὐχαριστίαν,

1304 2510 1342 2546 οὐ
1362 2508 1417 2546 διὰ
1435 2507 1498 2554 τὴν
1524 2507 1698 2560 ἡμετέραν
1724 2506 2000 2559 εὐγνωμοσύνην,
2018 2506 2085 2544 ἀλλ
2106 2504 2162 2542 ἵνα
2182 2505 2239 2543 καὶ
2262 2508 2328 2544 αὐ-

1302 2569 1355 2606 τοὶ
1383 2571 1534 2607 ἐντεῦθεν
1555 2569 1793 2620 λαμπρότεροι
1813 2567 2022 2620 φαίνωνται·
2042 2568 2162 2618 πολλῷ
2190 2568 2325 2617 μᾶλλον

1303 2629 1361 2666 ἐπὶ
1378 2635 1438 2669 τοῦ
1467 2630 1710 2683 φιλανθρώπου
1730 2632 1822 2669 Θεοῦ
1840 2633 1939 2668 τοῦτο
1958 2627 2068 2666 πλείω
2096 2633 2207 2666 ποιεῖν
2232 2632 2327 2677 ἡμᾶς

1303 2690 1392 2742 χρὴ,
1421 2695 1480 2729 τῶ
1515 2692 1571 2728 διὰ
1600 2690 1664 2737 τὴν
1692 2690 1868 2743 ἡμετέραν
1901 2689 2071 2741 ὠφέλειαν
2096 2687 2198 2738 μόνον
2224 2693 2327 2728 τοῦτο

1302 2755 1455 2802 γίνεσθαι
1475 2752 1696 2803 βουλομένου.
1710 2751 1850 2802 ”Ωσπερ
1873 2750 1941 2802 γὰρ
1960 2750 2018 2788 ἐπὶ
2044 2751 2112 2787 τῶν
2135 2748 2326 2801 ἀνθρώπων

1302 2817 1322 2858 ἡ
1346 2814 1510 2864 γινομένη
1530 2814 1733 2866 εὐχαριστία
1762 2815 1808 2856 εἷς
1827 2811 1904 2855 τοὺς
1934 2810 2218 2862 εὐεργετηκότας,
2237 2812 2325 2849 ἐκεί-

1300 2891 1375 2918 νους
1398 2875 1661 2928 λαμπροτέρους
1689 2875 1890 2927 ἐργάζεται,
1910 2872 2019 2914 οὕτως
2048 2872 2105 2910 ἐπὶ
2123 2875 2183 2909 τοῦ
2206 2874 2324 2924 φιλαν-

1299 2935 1437 2986 Ορώπου
1459 2940 1550 2974 (θεοῦ
1569 2936 1650 2974 ὅταν
1681 2941 1780 2974 τοῦτο
1803 2937 1972 2985 ποιῶμεν,
2002 2932 2143 2976 ἑαυτοὺς
2159 2933 2323 2984 λαμπρο-

1249 3009 1270 3039 n
1298 2996 1415 3048 τέρους
1439 2999 1723 3049 ἀπεργαζόμεθα·
1753 2995 1874 3042 ἐπειδὴ
1904 2995 1980 3046 οὐχὶ
2015 2995 2078 3038 τῆς
2106 2996 2188 3044 παρ’
2221 2996 2323 3043 ἡμῶν

1298 3056 1456 3105 δεόμενος
1473 3056 1645 3107 εὐφημίας
1669 3059 1769 3094 τοῦτο
1788 3055 1949 3105 βούλεται
1969 3053 2145 3104 γίνεσθαι,
2167 3053 2244 3089 ἀλλ’
2265 3051 2322 3089 ἵνα

1297 3119 1400 3156 πάλιν
1417 3120 1463 3160 εἰς
1479 3123 1574 3168 ἡμᾶς
1595 3120 1742 3169 περιστῇ
1758 3118 1797 3155 τὸ
1815 3116 1950 3167 κέρδος,
1973 3113 2033 3152 καὶ
2053 3113 2206 3163 μείζονος
2228 3129 2320 3163 cup.-

1297 3178 1425 3230 μαχίας
1444 3178 1585 3222 ἑαυτοὺς
1606 3178 1718 3222 ἀξίους
1742 3176 2031 3226 καταστήσωμεν.
2049 3176 2091 3213 Εἰ
2107 3175 2174 3225 γὰρ
2193 3174 2252 3212 καὶ
2270 3175 2318 3225 μὴ

1295 3241 1468 3289 δυνάμεθα
1484 3242 1559 3276 κατ’
1580 3239 1675 3283 ἀξίαν
1691 3238 1774 3277 ποτὲ
1791 3243 1890 3276 τοῦτο
1905 3239 2050 3282 ποιῆσαι
2065 3251 2071 3258 ·
2089 3238 2162 3278 πῶς
2177 3235 2256 3287 γὰρ,
2266 3251 2317 3273 το-

1294 3301 1402 3350 ταύτῃ
1427 3301 1581 3352 ἀσθενείᾳ
1603 3299 1735 3352 φύσεως
1751 3298 1988 3348 συνδεδεμένοι
2002 3314 2010 3344 3
2026 3297 2128 3335 καὶτί
2143 3296 2234 3348 λέγω
2253 3297 2315 3341 τὴν

1294 3362 1511 3414 άνῡριιπτίνην
1534 3362 1653 3413 φύσινς
1675 3363 1749 3400 ἀλλ’
1774 3360 1848 3400 οὐδὲ
1875 3360 1974 3398 αὐταὶ
1998 3363 2029 3397 αἱ
2052 3359 2231 3408 ἀσώματμ
2256 3359 2312 3395 καὶ
