2483 3791
666 156 710 186 IN
746 157 848 187 CAP.
891 158 938 187 11.

69 246 131 290 τῆς
155 242 335 286 συνουσίας
365 241 521 294 γέγονεν·
548 240 623 280 ἐπεὶ
644 241 766 294 μέχρις
786 241 916 282 ἐκείνου
934 242 1093 294 καθάπερ

70 304 209 356 ἄγγελοι
227 303 318 342 οὕτω
338 304 507 356 διῃτῶντο
534 303 568 340 ἐν
601 305 652 354 τῷ
685 303 908 357 παραδείσῳ,
935 306 999 356 οὐχ
1027 302 1095 342 ὑπὸ

67 365 252 416 ἐπιθυμίας
271 364 495 417 φλεγόμενοι,
516 366 580 416 οὐχ
601 363 669 402 ὑπὸ
700 364 827 418 ἑτέρων
849 367 968 404 παθῶν
989 366 1094 404 πολι-

68 425 270 478 ορκούμενοι
282 455 292 473 ,
310 428 347 464 οὖ
366 432 442 469 ταῖς
471 425 639 477 ἀνάγκαις
660 428 720 472 τῆς
753 425 889 478 φύσεως
908 425 1094 476 ὑποκείμε-

66 501 138 533 νοι,
155 486 245 525 ἀλλὰ
265 486 310 525 δι’
328 486 410 525 ὅλου
431 486 602 539 ἄφθαρτοι
620 486 814 530 κτισθέντες
829 487 889 525 καὶ
909 487 1093 534 ἀθάνατοι,

66 546 192 600 ὅπουγε
229 548 306 587 οὐδὲ
342 551 405 595 τῆς
439 551 508 586 τῶν
542 547 692 597 ἱματων
725 549 914 602 περιίολῆς
947 548 1093 587 ἐδέοντο.

65 601 182 647 Ἦσαν
202 609 293 662 γὰρ,
314 609 434 661 φησὶν,
452 611 482 648 οἱ
503 608 561 648 δύο
579 608 721 661 γυμνοὶ,
737 625 798 647 και
817 613 878 648 οὐκ
890 609 1092 662 τογύνοντο.

64 668 157 708 θῦδὲ
159 687 214 708 πω
237 670 306 723 γὰρ
328 674 389 716 τῆς
410 671 527 722 ἁμαρτ
516 670 584 713 ίας
604 670 924 717 ’ὑπεισελθούσης,
952 669 1011 707 καὶ
1031 671 1093 715 τῆς

63 734 323 783 παρακοης,τῇ
353 732 482 769 ἄνωθεν
511 735 602 778 ἦσαν
627 730 707 783 δόξῃ
729 730 982 783 ἠμφιεσμένοι,
1001 731 1043 768 δι’
1075 729 1092 768 ὃ

63 791 139 829 οὐδὲ
161 791 374 844 ᾐσχύνοντο,
395 791 521 843 μετὰ
503 807 537 830 οε
553 792 616 838 τὴν
638 791 840 845 παράὸασιν
857 794 919 837 τῆς
936 792 1090 837 ἐντολῆς,

62 850 139 891 τότε
176 852 236 890 καὶ
267 856 288 899 ἡ
321 852 469 905 αἰσχύνη
501 853 705 900 ἐπεισῆλθε,
738 852 796 891 καὶ
824 855 846 899 ἡ
875 854 1007 903 γνῶσις
1029 854 1090 898 τῆς

62 911 286 964 γυμνότητος.
308 913 420 951 Πόθεν
440 906 512 961 οὖν,
529 912 606 951 εἰπέ
627 929 708 963 μοι,
720 916 832 951 ταῦτα
850 914 944 965 αὐτῷ
961 913 1091 959 ἐπῆλθε

63 970 319 1026 ι’φθέγγεσθαη
351 973 373 1019 ἢ
407 974 510 1020 δῆλον
535 973 588 1011 ὅτι
618 977 837 1027 προφητικοῧ
873 973 1092 1026 χαρίσματος

64 1033 220 1086 μετέχων
239 1034 306 1085 πρὸ
325 1035 388 1080 τῆς
402 1037 604 1086 παρακοῆς,
619 1033 759 1072 ἅπαντα
779 1037 891 1072 ταῦτα
909 1033 1002 1087 ἑώρα
1021 1039 1092 1077 τοῖς

62 1100 309 1145 πνευματικοῖς
337 1097 544 1149 ὀφθαλμοῖςς
578 1096 703 1133 Ταῦτα
729 1095 764 1134 δὲ
792 1096 859 1147 οὐχ
887 1095 1007 1139 ἁπλῶς
1033 1099 1091 1134 νῦν

63 1155 204 1206 μηνύω,
220 1157 295 1194 ἀλλ’
314 1155 371 1194 ἵνα
391 1159 544 1195 ἐντεῦθεν
560 1156 628 1203 ἤδη
647 1156 707 1194 καὶ
725 1155 788 1203 τὴν
805 1155 1090 1210 ὑπερὸάλλουσαν

62 1219 122 1254 τοῦ
157 1218 250 1256 Θεοῦ
282 1217 544 1270 φιλανθρωπίαν
577 1218 826 1269 καταμάθητε,
845 1218 886 1265 ἣν
918 1217 999 1270 περὶ
1034 1217 1092 1256 τὸν

29 1321 36 1325 .
64 1277 248 1330 ἄνθρωπον
277 1278 476 1323 ἐπεδείξατο
505 1279 688 1329 ἀγγελικὸν
709 1281 802 1331 αὐτῷ
824 1278 897 1333 βίον
924 1277 960 1322 ἐξ
981 1280 1094 1331 ἀρχῆς

61 1339 320 1390 χαρισάμενος,
339 1343 353 1360 ⁶
366 1340 425 1377 καὶ
440 1339 565 1391 μυρίας
585 1341 632 1382 εἷς
650 1340 749 1378 αὐτὸν
764 1340 963 1391 εὐεργεσίας
977 1356 1092 1392 παρα·
1111 1353 1136 1383 Ε

63 1398 224 1449 θέμενος,
249 1400 309 1437 καὶ
337 1399 426 1451 μετὰ
451 1403 519 1438 τῶν
550 1400 664 1438 ἄλλων
689 1400 853 1439 ἁπάντων
873 1400 934 1438 καὶ
952 1416 1089 1453 προφη-

63 1464 159 1498 τικοῧ
179 1460 397 1513 χαρίσματος
418 1461 520 1499 αὐτὸν
549 1460 718 1510 ἀξιώσας,
739 1463 798 1500 καὶ
827 1465 886 1500 τοῦ
907 1460 1090 1512 ἀνθρώπου

62 1520 99 1559 δὲ
122 1521 186 1568 τὴν
207 1522 296 1572 μετὰ
327 1523 498 1566 τοσαύτας
518 1523 718 1574 εὐεργεσίας
750 1522 920 1576 ῥᾳθυμίαν
945 1522 1090 1570 ἰδόντες,

62 1582 191 1633 μηκέτι
219 1583 276 1623 ἐπὶ
303 1585 360 1623 τὸν
385 1585 476 1623 Θεὸν
512 1584 575 1632 τὴν
610 1584 724 1623 αἰτίαν
765 1585 963 1637 μετάγητε,
999 1584 1090 1622 ἀλλὰ

60 1643 172 1698 τούτῳ
200 1645 240 1684 τὸ
261 1652 329 1684 πᾶν
360 1646 556 1697 λογίζησθε.
586 1647 672 1684 Αὖτ
663 1663 697 1690 ος
725 1645 793 1698 γὰρ
813 1649 926 1698 ἑαυτῳ
949 1645 1089 1683 πάντων

62 1705 170 1750 αἴτιος
189 1706 307 1758 γέγονε
326 1710 394 1746 τῶν
415 1709 548 1754 κακῶν,
569 1723 616 1750 ως
640 1723 700 1745 και
722 1707 811 1758 μετὰ
830 1711 942 1745 ταῦτα
971 1706 1090 1758 μαθή-

61 1769 178 1813 σεσθε,
199 1767 258 1805 καὶ
278 1771 339 1814 τῆς
358 1767 566 1811 ἐκπτώσεως
584 1770 652 1806 τῶν
671 1767 844 1807 τοσούτων
871 1771 1009 1819 ἀγαθῶν
1029 1768 1089 1807 καὶ

60 1829 123 1874 τῆς
163 1829 376 1877 καταδίκης,
408 1831 451 1876 ἣν
491 1829 549 1867 διὰ
576 1829 640 1876 τὴν
675 1829 859 1882 παρακοὴν
890 1830 1087 1880 ὑπέμεινεν.

60 1887 174 1928 Ὀταν
200 1890 268 1942 γὰρ
291 1891 442 1937 ἐννοήσω
475 1894 537 1937 τῆς
559 1891 734 1942 διαγωγῆς
765 1893 868 1929 αὐτοῦ
888 1891 952 1938 τὴν
980 1890 1088 1929 κατά-

60 1965 194 1998 στασιν,
218 1951 260 1997 ἣν
282 1955 299 1990 ὃ
318 1951 501 1999 Δεσπότης
521 1953 616 2004 αὐτῷ
636 1951 846 2004 ἐχαρίσατο,
877 1950 968 1989 οὕτω
990 1953 1088 2004 δαψι-

59 2010 129 2054 λεῖς
148 2013 195 2055 εἰς
211 2012 314 2050 αὐτὸν
329 2011 525 2063 εὐεργεσίας
554 2012 815 2063 ἐπιδειξάμενος
828 2028 836 2036 ·
864 2012 925 2051 καὶ
948 2016 1086 2065 πρῶτον

59 2070 134 2119 μὲν,
168 2071 242 2118 ὅτι,
263 2074 321 2110 καὶ
350 2074 418 2124 πρὸ
445 2076 508 2119 τῆς
537 2072 552 2092 ‘¹
568 2075 672 2110 αὐτοῦ
706 2073 946 2122 διαπλάσεως,
967 2078 1086 2112 τοῦτον

56 2132 134 2169 ὅλον
163 2135 225 2178 τῆς
254 2132 400 2176 κτίσεως
433 2133 564 2184 κόσμον
599 2134 642 2170 δι’
666 2135 769 2172 αὐτὸν
800 2134 1006 2187 παρήγαγε,
1027 2134 1087 2173 καὶ
1108 2143 1134 2170 Α

55 2191 134 2230 τότε
166 2193 266 2231 αὐτὸν
301 2193 588 2245 ἐδημιούργησεν,
613 2209 666 2231 ινα
697 2194 880 2245 γενόμενος
904 2195 1084 2248 ἀπολαύσῃ

54 2251 194 2290 πάντων
213 2255 281 2290 τῶν
313 2253 523 2306 ὁρωμένων·
544 2258 619 2292 εἶτα
650 2255 708 2293 τὸν
743 2255 953 2308 παράδεισον
987 2256 1086 2308 γενέ-

55 2315 135 2351 σθαι
153 2313 370 2366 προστάξας,
391 2317 464 2353 ἐκεῖ
493 2315 596 2354 αὐτὸν
626 2316 865 2356 ἐνδιαιτᾶσθαι
890 2318 1083 2366 ἐὸουλήθη,

0 2418 1 2425 ¹
52 2374 208 2426 χωρίσας
233 2378 301 2414 τῶν
339 2376 475 2428 ἀλόγων
508 2376 623 2423 ζώων,
644 2377 706 2416 καὶ
735 2377 875 2417 πάντων
908 2379 1002 2432 αὐτῷ
1019 2379 1084 2427 τὴν

53 2434 210 2479 ἐξουσίαν
244 2437 420 2483 δεδωκὼς,
452 2438 610 2491 καθάπερ
639 2439 810 2487 δεσπότην
840 2439 918 2478 τινὰ
951 2441 1085 2486 δούλοις

0 2485 1 2543 j
53 2496 113 2534 καὶ
157 2497 325 2545 ὑπηκόοις
351 2499 396 2537 τὰ
428 2498 586 2550 ὀνόματα
615 2503 724 2539 θεῖναι
753 2508 860 2541 πᾶσιν
896 2503 1081 2548 ἐπέταξεν·

52 2551 128 2596 εἶτα
147 2559 268 2607 ἐπειδὴ
296 2560 398 2610 μόνος
423 2560 470 2599 ὧν
499 2562 609 2601 ἐδεῖτό
640 2578 731 2607 τινος
757 2566 821 2609 τῆς
852 2565 959 2612 αὐτῆς
989 2568 1081 2618 αὐτῷ

51 2623 294 2664 κοινωνοῦντος
321 2620 440 2665 οὐσίας
469 2624 616 2673 βοηθοῦ,
636 2623 715 2663 οὐδὲ
742 2628 844 2664 τοῦτο
875 2642 944 2664 πα
930 2626 1080 2678 ι,ε’λιπεν,

52 2681 142 2720 ἀλλὰ
169 2681 231 2729 τὴν
252 2689 401 2733 γυναῖκα
420 2684 650 2738 παραγαγὼν,
669 2688 748 2725 καθ’
781 2687 818 2726 ὃν
847 2687 947 2732 αὐτὸς
979 2688 1079 2727 {Cou-

50 2741 140 2789 λήθη
172 2758 314 2796 τροπον,
349 2745 558 2797 ἐνεχείρισεν
592 2749 688 2785 αὐτῶ
720 2748 864 2797 ταύτην,
896 2749 956 2787 καὶ
988 2749 1078 2799 μετὰ

49 2802 180 2842 τούτων
201 2803 365 2843 ἁπάντων
390 2806 449 2844 καὶ
469 2808 683 2860 προφητείας
704 2811 800 2862 αὐτῷ
824 2809 989 2862 ειἀξίωμα
1007 2826 1078 2863 χα-

51 2862 256 2913 ρισάμενος·
277 2865 336 2903 καὶ
355 2867 446 2917 μετὰ
467 2867 530 2912 τὰς
556 2869 708 2921 ἅφάτους
725 2870 854 2916 ταύτας
880 2871 1078 2924 εὐεργεσίας

49 2937 108 2960 και
127 2924 168 2962 τὸ
182 2924 407 2976 κεφάλαιον(
389 2927 553 2967 απάντων
574 2930 796 2982 ἐδωρήσατο,
813 2931 954 2970 πάντων
975 2932 1076 2971 αὐτὸν

48 2984 282 3037 ἔλευθερωσας
300 2989 370 3025 τῶν
391 2993 452 3027 τοῦ
484 2988 647 3040 σώματος
677 2992 888 3046 φροντίδων,
907 2993 967 3032 καὶ
986 2993 1078 3043 μήτε

48 3044 198 3095 ἱματίων
215 3048 404 3099 περιίολης
414 3078 425 3098 ,
443 3049 535 3099 μήτε
552 3051 673 3103 ἑτέρας
696 3053 788 3097 τινὸς
808 3054 929 3106 χρείας
945 3055 1080 3093 δεῖσθαι

980 155 1143 188 omns.
1184 156 1340 186 11011110.
1379 156 1458 189 xv.
2034 168 2043 194 1
2059 153 2116 209 λβ

1167 240 1298 279 tionem
1317 241 1407 280 suit:
1437 256 1519 280 nam
1542 257 1653 294 nsque
1675 244 1723 282 ad
1749 245 1848 283 illam
1873 249 1975 297 quasi
2001 252 2118 299 angeli

1163 301 1400 342 versabantur
1414 302 1449 340 in
1463 303 1646 356 paradiso,
1663 319 1730 342 non
1746 307 2041 358 concupiscentiis
2054 311 2118 349 ssa-

1165 372 1318 415 grantes‚
1338 378 1407 402 non
1429 365 1475 403 ab
1495 365 1577 403 aliis
1590 366 1838 405 affectionibus
1858 367 2026 415 infestati,
2050 384 2117 409 non

1165 433 1299 462 naturae
1311 426 1748 476 necessitatibusobnoxii,
1764 428 1823 466 sed
1837 443 1981 481 prorsus
2004 431 2119 468 incor—

1162 485 1354 536 ruptibiles
1366 496 1400 524 et
1418 487 1633 527 immortales
1649 489 1797 533 conditi,
1813 504 1924 540 neque
1937 491 1993 529 vel
2010 492 2119 530 vcsti—

1165 555 1365 585 mentorum
1378 549 1509 587 ainictu
1529 551 1577 588 ibi
1591 551 1760 602 egebant:
1780 552 1844 590 25.
1858 554 1986 590 Erant
2001 557 2118 602 em'm‚

1165 605 1295 657 inquit,
1333 612 1446 647 ambo
1481 613 1595 657 nudi,
1645 620 1680 649 et
1717 626 1794 649 non
1831 615 2117 653 erubescebant.

1166 666 1312 706 l’eecato
1334 670 1428 707 enirn
1459 681 1493 708 et
1521 673 1813 723 prwvaricatione
1836 673 1993 712 nonduin
2023 690 2118 727 prm—

1163 736 1270 774 sente,
1291 728 1416 779 gloria,
1433 745 1511 781 quae
1524 746 1675 783 superne
1696 743 1851 780 venerat,
1873 735 1991 772 vestiti
2008 746 2119 785 erant,

1162 795 1196 824 et
1215 787 1294 826 ideo
1317 804 1385 828 non
1408 792 1676 841 erubescebant3
1699 803 1778 846 post
1804 797 2119 845 transgressionem

1162 857 1281 887 autem
1302 852 1486 904 przrcepti,
1502 853 1715 904 introgressa
1734 864 1786 892 est
1805 864 1837 892 et
1861 856 2117 904 erubescentia,

1161 918 1195 947 et
1214 910 1386 950 nuditatis
1399 913 1547 964 agnitio.
1566 914 1671 953 Unde
1692 915 1816 966 igitur,
1840 915 1911 965 dic,
1927 931 2062 967 quaeso,
2082 919 2118 957 in

1162 981 1278 1010 mente
1290 972 1428 1023 habuit,
1449 984 1488 1013 ut
1504 975 1581 1013 haec
1601 975 1763 1014 diceret?
1780 991 1898 1014 annon
1927 978 2045 1030 palam
2069 990 2120 1018 est

1161 1045 1243 1070 eum
1265 1035 1484 1087 propheticae
1512 1037 1636 1089 gratim
1656 1037 1883 1090 participem,
1905 1039 2024 1077 omnia
2043 1039 2120 1078 haec

1162 1094 1414 1146 spiritualibus
1425 1097 1558 1136 vidisse
1572 1098 1715 1137 oculis?
1734 1098 1819 1136 11ωο
1837 1112 1932 1136 1111110
1948 1114 2016 1137 non
2031 1100 2119 1139 abs—

1163 1167 1232 1204 que
1250 1155 1387 1194 ratione
1405 1156 1499 1207 dico,
1520 1157 1584 1196 sed
1604 1167 1644 1196 ut
1671 1157 1777 1196 etiam
1799 1157 1884 1196 hinc
1910 1158 2119 1198 immensam

1162 1215 1230 1253 Dei
1249 1216 1508 1269 benignitatem
1523 1218 1682 1268 discatis,
1698 1234 1805 1270 quam
1821 1219 1978 1258 humano
1999 1221 2118 1272 generi

1163 1276 1342 1326 exhibuit,
1358 1278 1441 1317 data
1462 1279 1515 1318 illi
1535 1281 1581 1318 ab
1599 1280 1701 1318 initio
1725 1281 1799 1319 vita
1823 1281 1994 1332 angelica,
2016 1291 2049 1319 et
2065 1282 2118 1319 in-

1163 1338 1320 1376 numeris
1335 1339 1370 1376 in
1391 1340 1494 1378 illum
1510 1341 1651 1380 collatis
1667 1341 1864 1388 beneficiis,
1882 1356 1922 1379 ac
1943 1356 2022 1380 cum
2038 1342 2120 1380 aliis

1162 1399 1328 1438 omnibus
1344 1401 1452 1438 etiam
1470 1402 1677 1455 prophetica
1688 1402 1861 1454 dignitate
1877 1417 2058 1440 concessa:
2080 1413 2120 1440 ut

1162 1473 1243 1498 cum
1260 1460 1426 1501 videritis
1447 1463 1629 1502 hominem
1654 1473 1734 1516 post
1759 1472 1810 1501 tot
1834 1464 2005 1502 beneficia
2025 1464 2120 1502 desi-

1159 1519 1243 1559 dem
1262 1536 1351 1574 esse,
1381 1524 1525 1577 eulpam
1559 1525 1596 1563 in
1617 1527 1734 1563 Deum
1761 1539 1806 1563 ne
1832 1525 2119 1577 rejeceritis,sed

1159 1581 1229 1634 ipsi
1269 1592 1384 1622 totum
1425 1585 1621 1638 imputetis.
1660 1587 1739 1638 Ipse
1771 1585 1866 1624 enim
1903 1586 2119 1639 sibimetipsi

1159 1643 1321 1682 omnium
1351 1646 1529 1684 malorum
1558 1656 1682 1685 auctor
1706 1647 1788 1697 fuit,
1820 1647 1918 1697 quod
1942 1657 1975 1685 01
1996 1656 2118 1699 postea

1159 1703 1317 1756 discetis,
1335 1715 1412 1744 tum
1442 1707 1580 1745 scilicet*
1594 1707 1693 1758 quod
1715 1707 1824 1745 tantis
1844 1708 1947 1745 bonis
1972 1707 2118 1747 excide—

1158 1765 1206 1802 rit
1218 1795 1230 1816 ,
1248 1775 1325 1804 tum
1339 1766 1436 1818 quod
1448 1768 1493 1805 ob
1510 1768 1841 1820 praevaricationem
1855 1768 2116 1808 condemnatus

1158 1826 1218 1864 sit.
1236 1828 1329 1865 Nam
1349 1842 1431 1866 cnm
1463 1829 1579 1881 cogito
1604 1830 1689 1869 vitae
1716 1831 1815 1868 illius
1843 1838 1987 1879 statum,
2010 1845 2117 1881 quem

1158 1886 1212 1925 illi
1229 1889 1406 1927 Dominus
1418 1889 1530 1939 dedit,
1550 1900 1624 1929 tam
1653 1892 1848 1929 multifaria
1863 1891 1898 1928 in
1915 1892 2034 1944 ipsum
2049 1893 2117 1931 be-

1160 1949 1287 1987 neficia
1313 1951 1546 2001 cumuland03
1571 1961 1604 1990 et
1630 1953 1789 2005 primum
1815 1952 1977 2004 quidem,
2005 1954 2116 2004 quod,

1157 2019 1238 2048 ante
1257 2010 1371 2063 ipsius
1399 2013 1668 2063 formationem,
1694 2023 1840 2066 propter
1860 2014 1979 2066 ipsum
2000 2024 2115 2054 totum

1157 2071 1253 2109 1111110
1275 2073 1451 2111 mundum
1474 2083 1507 2112 et
1530 2084 1709 2113 creaturas
1737 2074 1914 2125 condidit,
1935 2085 1969 2113 et
1994 2085 2116 2127 postea

1159 2132 1279 2184 ipsum
1304 2134 1487 2185 formavit,
1510 2144 1549 2173 111
1579 2136 1693 2173 factus
1722 2136 1927 2175 visibilibus
1948 2137 2116 2175 omnibus

1155 2195 1356 2244 frueretur,
1378 2195 1460 2233 dein
1484 2196 1582 2247 quod
1604 2205 1644 2234 ut
1657 2197 1766 2249 jussit
1791 2211 1864 2235 esse
1889 2197 2113 2250 paradisum,

1155 2255 1192 2293 in
1210 2255 1274 2293 illo
1288 2256 1409 2294 statim
1423 2256 1543 2309 ipsum
1558 2256 1673 2296 vitam
1687 2271 1790 2309 agere
1800 2257 1930 2309 voluit,
1947 2258 2115 2297 animalia

1154 2315 1261 2354 bruta
1277 2317 1398 2355 abillo
1414 2318 1605 2370 separavit,
1625 2327 1659 2356 et
1674 2317 1837 2356 omnium
1868 2319 1923 2356 illi
1937 2319 2037 2357 dedit
2055 2333 2114 2372 po-

1155 2385 1332 2429 testatem,
1355 2379 1457 2430 quasi
1478 2378 1665 2416 dominum
1686 2379 1798 2418 servis
1814 2388 1848 2417 et
1871 2379 2026 2418 subditis
2052 2395 2115 2419 no-

1154 2438 1251 2477 mina
1268 2439 1449 2492 imponere
1463 2439 1636 2492 jubendo,
1656 2448 1777 2492 postea
1800 2453 1897 2488 vero,
1918 2440 2002 2491 quia
2018 2441 2114 2479 solus

1154 2509 1242 2549 erat,
1257 2514 1340 2538 cum
1362 2500 1538 2552 indigeret
1557 2500 1678 2552 aliquo
1700 2500 1880 2552 adjutore,
1896 2501 1957 2551 qui
1977 2510 2113 2540 naturae

1154 2562 1232 2614 ejus
1249 2562 1429 2614 particeps
1442 2571 1545 2612 esset,
1567 2576 1680 2613 neque
1699 2561 1768 2599 hoc
1787 2562 1922 2609 omisit,
1949 2561 2010 2599 sed
2028 2576 2112 2614 pro-

1154 2623 1262 2661 ducta
1283 2624 1431 2661 muliere
1449 2622 1554 2660 modo
1575 2637 1645 2673 quo
1664 2622 1734 2660 sibi
1752 2622 1900 2674 placuit,
1923 2623 2022 2660 illam
2041 2623 2109 2675 ipsi

1152 2685 1189 2723 in
1209 2699 1335 2723 manus
1355 2683 1589 2727 concredidit,
1611 2697 1651 2721 ac
1663 2693 1790 2735 praeter
1804 2683 1880 2720 brec
1895 2683 2013 2721 omnia
2028 2698 2111 2736 pro-

1154 2747 1284 2799 phetiae
1301 2759 1444 2796 quoquc
1457 2745 1632 2796 dignitate
1645 2745 1749 2782 illum
1766 2744 1968 2795 insignivit,
1985 2753 2016 2783 et
2033 2756 2110 2797 post

1152 2809 1325 2846 immensa
1342 2807 1404 2844 illa
1418 2806 1590 2844 benelicia
1607 2815 1714 2858 caput
1737 2806 1843 2843 etiarn
1853 2806 2015 2844 omnium
2038 2806 2109 2844 do-

1153 2869 1253 2908 navit
1275 2868 1344 2918 illi,
1368 2877 1406 2905 ut
1425 2868 1470 2905 ab
1487 2866 1653 2904 omnibus
1674 2867 1769 2904 curis
1797 2875 1829 2904 et
1854 2866 2110 2906 sollicitudini-

1151 2931 1221 2968 bus
1249 2928 1409 2982 corporis
1441 2928 1531 2965 liber
1559 2936 1661 2977 esset,
1697 2941 1811 2978 neque
1843 2927 1927 2965 ullis
1956 2929 2109 2967 vestium

1153 2990 1387 3038 indumentis,
1424 3002 1537 3039 neque
1566 2987 1637 3025 alio
1670 2987 1791 3038 aliquo
1820 2987 1978 3040 indigere
2003 2989 2108 3028 illum

1154 3051 1331 3105 pei-misit,
1353 3049 1431 3100 sed,
1448 3058 1486 3087 111
1504 3048 1599 3099 dixi,
1619 3048 1719 3099 quasi
1729 3049 1896 3100 angelum
1907 3059 2108 3089 terrestrem

89 3176 102 3192 ¹
117 3167 220 3202 Savil‘.
239 3177 272 3201 et
297 3169 435 3213 quidam
457 3172 534 3205 Mss.
560 3178 794 3214 ἐπεισελθούσης.
811 3175 928 3210 Morel.
949 3185 981 3208 01
1004 3175 1058 3209 alii
1095 3175 1157 3209 lius
1173 3187 1212 3208 ex
1229 3175 1420 3218 conjectura
1441 3171 1503 3215 legi
1520 3183 1614 3214 posse
1631 3179 1728 3214 putat
1750 3180 2055 3219 παρακαταθέμενος,
2075 3184 2104 3207 et

47 3221 283 3259 ὑπεισελθοὺσης.

94 3272 110 3296 b
126 3271 243 3304 Morel.
261 3279 366 3319 φᾶς’-[γε
370 3279 453 3315 σθαι,
466 3275 522 3310 alii
539 3274 730 3322 ,φθέγξασθαι

90 3332 102 3346 ²
120 3322 176 3355 Sic
189 3323 253 3356 Sax'
258 3323 292 3356 ll.
308 3333 342 3357 el.
357 3325 454 3358 multi
466 3328 543 3360 MSS.
564 3330 605 3360 At
622 3328 929 3382 ΜοΓ81.κκιμυρ1’]ς
952 3337 990 3368 εἷς
1008 3347 1057 3364 αυ-

47 3380 98 3408 τὸν
123 3379 238 3421 εᾶεργε,
228 3381 288 3415 ·t':‹‚·
313 3384 520 3421 ποιησάμενος
536 3380 628 3414 Unus
648 3386 696 3415 καὶ
716 3387 827 3426 μυρία,-
847 3387 942 3427 αὐτῷ.
965 3383 1059 3416 Saxi-

1094 3229 1222 3261 Boisius
1237 3231 1450 3268 καταθέμενος.

1141 3280 1156 3305 d
1171 3277 1308 3312 Coislin.
1329 3282 1420 3310 αᾷτοῦ
1435 3279 1641 3320 δημιουργίας,
1658 3281 1774 3310 τοῦτον.

1137 3342 1149 3356 ·
1167 3329 1304 3364 Coislin.
1325 3334 1443 3371 ἀξίωμα
1460 3333 1623 3371 ἐχαρίσατο
1640 3333 1700 3361 καὶ.
