2516 3791
797 175 842 205 IN
880 170 1074 204 GENEsm
1113 169 1261 200 SERMO
1300 170 1383 199 vlt.
2023 155 2113 219 785

69 271 123 310 Τὰ
155 270 221 321 γὰρ
253 265 346 305 κακὰ
379 264 506 307 πάντες
528 262 671 313 οἴδαμεν
700 259 760 298 καὶ
781 258 862 310 πρὶν
893 258 915 304 ἢ
947 255 1099 309 πρᾶξαι,

69 330 277 382 σαφέστερον
307 327 343 366 δὲ
368 325 588 378 μανθάνομεν
616 321 705 373 μετὰ
722 321 763 359 τὸ
791 319 947 373 πρᾶξαι·
978 318 1098 367 πολλῷ

70 391 104 430 δὲ
137 389 358 443 σαφέστερον,
375 386 460 426 ὅταν
488 383 729 435 κολαζώμεΟα.
746 380 852 421 Οὕτω
883 380 943 418 καὶ
964 383 982 419 ὁ
1007 378 1097 418 Κάϊν
1119 383 1146 414 D

70 452 143 504 ᾔδει
161 451 223 502 μὲν
255 450 308 489 ὅτι
327 449 434 487 κακὸν
459 451 482 494 ἡ
512 443 761 498 ἀδελφοκτονία
781 443 840 482 καὶ
860 442 929 495 πρὸ
955 441 1095 481 τούτου·

71 512 177 564 ἔμαθε
193 510 228 550 δὲ
245 511 386 563 ὕστερον
408 509 465 548 διὰ
483 511 545 556 τῆς
573 507 747 548 κολάσεως
769 504 998 557 σαφέστερον·
1024 502 1100 541 ἐπεὶ

70 574 129 613 καὶ
147 577 248 625 ἡμεῖς
273 572 412 623 οἴδαμεν
444 569 495 610 ὅτι
516 568 621 608 καλὸν
649 572 670 616 ἡ
699 567 831 620 ὑγίεια,
860 565 919 605 καὶ
937 563 1098 618 φορτικὸν

70 640 92 683 ἡ
113 635 208 679 νόσος
227 635 286 673 καὶ
313 634 381 688 πρὸ
401 635 463 680 τῆς
487 631 630 685 πείρας·
657 631 776 682 πολλῷ
795 628 830 667 δὲ
853 629 997 680 μᾶλλον,
1016 625 1098 665 ὅταν

72 699 119 740 εἷς
139 696 203 743 τὴν
228 696 326 735 νόσον
353 694 583 747 ἐμπέσωμεν,
610 690 815 744 ἀμφοτέρων
843 689 905 737 τὴν
931 686 1098 741 διαφορὰν

71 756 297 810 γινώσκομεν.

128 1434 198 1474 Τὸν
233 1433 333 1472 αὐτὸν
359 1431 401 1480 δὴ
429 1430 554 1484 τρόπον
577 1430 636 1470 καὶ
662 1432 680 1468 ὁ
710 1428 822 1481 Ἀδὰμ
847 1429 924 1482 ᾔδει
961 1429 1023 1482 μὲν
1050 1429 1103 1469 ὅτι

78 1497 182 1535 καλὸν
207 1499 229 1543 ἡ
251 1493 411 1543 ὑπακοὴ,
432 1493 492 1532 καὶ
515 1492 623 1531 κακὸν
649 1494 671 1538 ἡ
704 1491 887 1545 παρακοή·
905 1491 1047 1544 ὕστερον
1068 1491 1105 1531 δὲ

77 1555 286 1609 σαφέστερον
305 1555 448 1608 ἔμαθεν,
475 1553 534 1594 ὅτε
560 1557 620 1592 τοῦ
660 1552 759 1599 ξύλου
794 1553 1005 1606 γευσάμενος
1036 1553 1106 1598 εἶξε-

76 1617 190 1666 ἷῖλήθη
212 1623 272 1657 τοῦ
286 1617 516 1672 παραδείσου,
537 1616 672 1663 καὶτῆς
690 1615 949 1668 μακαριότητος
974 1615 1107 1662 ἐκείνης
1129 1627 1153 1657 Ε

77 1675 248 1720 ἐξέπεσεν.
270 1675 374 1714 Ἐπεὶ
400 1669 456 1714 οὖν
484 1676 531 1718 εἷς
557 1673 730 1727 τιμωρίαν
750 1674 922 1723 ἐνέπεσεν,
941 1674 1016 1724 ὅτι,
1046 1679 1106 1713 τοῦ

78 1739 170 1776 Θεοῦ
198 1736 438 1784 κωλύσαντος,
469 1735 634 1788 ἐγεύσατο
658 1739 718 1774 τοῦ
751 1735 849 1780 ξύλου
865 1766 875 1784 ,
903 1741 926 1784 ἡ
954 1736 1109 1791 τιμωρία

78 1798 180 1837 αὐτὸν
200 1798 408 1851 σαφέστερον
422 1797 604 1836 ἐπαίδευσε
624 1796 682 1836 διὰ
700 1799 762 1844 τῆς
777 1797 916 1851 πείρας,
943 1798 1023 1838 ὅσον
1039 1815 1108 1837 κα-

78 1860 137 1898 κὸν
151 1862 244 1900 Θεοῦ
269 1858 492 1912 παρακούειν,
509 1858 569 1897 καὶ
592 1857 670 1897 ὅσον
692 1858 878 1898 ὑπακούειν
905 1859 1010 1899 καλόν
1025 1876 1032 1884 ·
1053 1860 1110 1900 διὰ

78 1927 178 1961 τοῦτο
191 1922 344 1975 γνωστὸν
360 1923 469 1960 καλοῦ
495 1920 554 1960 καὶ
581 1924 734 1975 πονηροῦ
761 1922 802 1961 τὸ
820 1921 915 1966 ξύλον
936 1925 1108 1963 καλεῖται.

80 1983 150 2023 Καὶ
180 1983 271 2027 τίνος
298 1983 427 2031 ἕνεκεν,
456 1985 486 2022 εἰ
517 1981 566 2034 μὴ
593 1981 680 2030 ain-h
699 1986 720 2030 ἡ
739 1981 837 2036 φύσις
857 1987 917 2022 τοῦ
933 1982 1030 2028 ξύλου
1045 1983 1108 2032 τὴν

80 2047 206 2096 γνῶσιν
239 2038 312 2097 εἶχε
333 2048 393 2083 τοῦ
415 2046 522 2083 καλοῦ
545 2045 605 2082 καὶ
624 2048 684 2083 τοῦ
702 2047 855 2097 πονηροῦ
868 2075 878 2093 ,
901 2045 979 2083 ἀλλ’
995 2048 1034 2084 ἐκ
1047 2049 1110 2093 τῆς

81 2105 252 2160 τιμωρίας
272 2108 335 2152 τῆς
361 2105 419 2144 διὰ
441 2105 505 2153 τὴν
524 2105 709 2160 παρακοὴν
724 2105 786 2155 τὴν
807 2105 865 2145 ἐπὶ
877 2110 927 2161 τῷ
945 2106 1033 2162 ξύλῳ
1049 2125 1111 2147 σα-

80 2167 242 2220 φέστερον
269 2171 370 2206 τοῦτο
399 2166 526 2218 ἔμαθεν
543 2171 560 2206 ὁ
589 2167 794 2221 ἅνθρωπος,
817 2169 970 2220 γνωστὸν
1003 2170 1111 2209 καλοῦ

80 2228 140 2267 καὶ
163 2233 315 2282 πονηροῦ
338 2228 379 2267 τὸ
401 2228 496 2273 ξύλον
522 2229 701 2276 καλεῖται;
716 2228 802 2268 εὈτι
829 2230 902 2274 ἔθος
920 2234 963 2280 τῆ
985 2232 1109 2284 Γραφῇ

80 2296 202 2340 τοῦτο,
225 2290 365 2329 ἐπειδὰν
392 2290 432 2329 τὸ
468 2297 617 2344 πρᾶγμα
632 2290 797 2343 γένηται,
818 2291 840 2338 ἢ
861 2294 896 2331 ἐν
915 2292 1034 2338 τόποις
1047 2322 1056 2340 ,
1087 2293 1109 2339 ἢ
1122 2330 1170 2354 678

82 2355 115 2391 ἐν
138 2359 282 2405 καιροῖς,
313 2352 382 2391 ἀπὸ
404 2355 472 2390 τῶν
492 2351 710 2405 πραγμάτων
729 2353 849 2392 καλεῖν
868 2353 928 2392 καὶ
947 2353 1026 2399 τοὺς
1053 2354 1111 2394 τό·
1134 2367 1160 2396 A

82 2430 165 2458 πους
191 2414 251 2452 καὶ
279 2413 356 2458 τοὺς
381 2413 532 2466 καιρούς.
566 2414 638 2452 Καὶ
664 2413 722 2454 ἵνα
744 2414 954 2468 σαφέστερον
967 2416 1111 2469 γένηται

83 2475 122 2514 τὸ
145 2475 351 2527 λεγόμενον,
378 2475 436 2513 ἐπὶ
463 2475 716 2527 ὓποδείγματος
748 2479 828 2527 ὑμῖν
847 2481 949 2516 τοῦτο
973 2479 1110 2527 ποιήσω

83 2537 240 2590 φανερόν.
262 2535 307 2575 Ὁ
334 2534 458 2575 Ἰσαάκ
488 2551 573 2574 ποτε
603 2536 736 2590 φρέατα
763 2536 894 2591 ὤρυξε·
918 2544 1029 2578 ταῦτα
1065 2540 1110 2580 τὰ

82 2598 215 2651 φρέατα
231 2597 463 2651 ἐπεχείρησαν
493 2598 524 2637 οἱ
553 2597 703 2650 γείτονες
723 2599 937 2653 διαφθεῖραι·
955 2604 1109 2641 ἐντεῦθεν

82 2660 215 2712 ἐγένετό
244 2677 296 2704 τις
316 2659 506 2712 ἀπέχθεια,
532 2659 592 2697 καί
608 2659 752 2699 ἐκάλεσε
773 2661 813 2700 τὸ
832 2662 942 2717 φρέαρ
960 2663 1087 2716 ἔχθραν
1100 2680 1109 2689 ·

83 2723 144 2760 οὐκ
164 2721 282 2768 ἐπειδὴ
302 2721 385 2760 αὐτὸ
400 2721 441 2760 τὸ
459 2720 568 2774 φρέαρ
583 2721 776 2774 ἤχθρανεν,
794 2724 872 2762 ἀλλ’
894 2725 1012 2773 ἐπειδὴ
1029 2725 1110 2780 περὶ

84 2783 167 2821 αὐτὸ
189 2786 212 2830 ἡ
238 2782 346 2836 ἔχθρα
371 2781 521 2835 γέγονεν.
549 2782 653 2822 Οὕτω
679 2783 740 2822 καὶ
768 2784 808 2823 τὸ
835 2783 933 2829 ξύλον
957 2787 1108 2838 γνωστὸν

84 2845 192 2882 καλοῦ
217 2843 276 2881 καὶ
300 2848 451 2896 πονηροῦ
475 2845 655 2892 καλεῖται,
681 2846 743 2883 οὐκ
768 2845 888 2893 ἐπειδὴ
922 2848 1007 2886 αὐτὸ
1038 2842 1111 2901 εἶχε

84 2909 230 2957 γνῶσιν,
251 2907 326 2944 ἀλλ’
355 2904 476 2952 ἐπειδὴ
492 2905 572 2958 περὶ
595 2904 678 2944 αὐτὸ
696 2906 832 2958 ἐγένετο
853 2911 871 2947 ὁ
893 2909 1035 2962 ἔλεγχός
1048 2912 1111 2956 τῆς

84 2965 242 3018 γνώσεως
264 2969 324 3004 τοῦ
351 2967 458 3005 καλοῦ
493 2965 633 3005 καὶτοῦ
665 2972 828 3021 πονηροῦ.
858 2970 972 3009 Πάλιν
1002 2969 1110 3023 ὤρυξε
1135 2983 1158 3013 Β

82 3027 224 3081 φρέαρὸ
253 3026 436 3080 Ἀδραὰμ,
464 3027 709 3067 ἐπεῧούλευσεν
735 3031 754 3067 ὁ
785 3030 973 3085 Ἀὃιμέλεχ
986 3048 994 3056 ·
1029 3049 1111 3072 συν-

83 3089 207 3135 ῆλθον,
235 3087 430 3127 κατέλυσαν
446 3087 508 3136 τὴν
525 3088 651 3142 ἔχθραν
663 3119 672 3137 ,
691 3089 751 3127 καὶ
767 3089 888 3143 ὅρκους
907 3093 1021 3137 δόντες
1046 3095 1108 3132 ἆλ-

84 3148 228 3197 λῆλους,
244 3149 412 3188 ἐκάλεσαν
438 3150 478 3189 τὸ
508 3150 618 3204 φρέαρ
643 3153 752 3189 ἐκεῖνο
779 3153 888 3207 φρέαρ
905 3154 1030 3206 ὅρκου·
1050 3156 1111 3194 οὐκ

85 3209 203 3256 ἐπειδὴ
224 3210 263 3248 τὸ
281 3210 391 3264 φρέαρ
411 3210 564 3262 ὤμοσεν,
586 3213 663 3250 ἀλλ’
681 3213 800 3261 ἐπειδὴ
824 3213 905 3266 περὶ
928 3216 968 3254 τὸ
999 3215 1111 3269 φρέαρ

85 3273 102 3308 ὁ
121 3269 219 3321 ὅρκος
243 3270 386 3322 ἐγένετο.
406 3271 515 3325 Ὁρᾷς
545 3273 620 3316 πῶς
649 3273 727 3325 οὐχὶ
755 3277 823 3312 τῶν
842 3275 1060 3328 πραγμάτων
1080 3280 1112 3316 οἱ

83 3327 184 3366 τόποι
206 3328 308 3368 αἴτιοι
337 3330 510 3383 γίνονται,
544 3333 573 3370 εἰ
600 3331 660 3370 καὶ
692 3335 760 3370 τῶν
781 3334 998 3386 πραγμάτων
1022 3342 1106 3385 λαμ-

85 3389 226 3429 Cim-ms:
247 3390 291 3430 τὰ
311 3392 488 3443 ὃνόματα;
516 3393 585 3433 Καὶ
614 3393 682 3445 γὰρ
709 3394 821 3442 πολλὴ
843 3396 976 3447 ἀνάγκη
997 3413 1109 3449 παρα-

1168 253 1280 306 probe
1299 262 1438 303 nosset,
1462 253 1510 292 ad
1526 252 1593 292 hoc
1612 254 1749 291 facinus
1767 253 1978 306 prorupisse.
1994 255 2026 292 U
2032 264 2044 291 t
2058 255 2125 305 igi·

1167 322 1226 352 tur
1253 315 1319 353 iste
1340 324 1503 365 noverat,
1521 324 1712 366 antequam
1731 314 1967 366 experiretur,
1995 315 2127 352 caedem

1167 390 1240 414 csse
1259 391 1334 415 rem
1352 378 1498 428 malam;
1523 387 1642 430 postea
1662 391 1746 416 vcro
1773 375 1902 414 didicit
1929 376 2034 414 etiam
2056 391 2127 413 ma-

1167 437 1352 487 nifestius,
1385 453 1468 477 cum
1509 453 1649 491 poenam
1690 437 1859 476 sustinuit
1891 436 2126 487 audivitque,

1170 500 1337 539 Gemens
1353 514 1401 538 ac
1418 509 1584 539 tremens
1600 502 1674 538 eris
1703 513 1817 552 super
1837 507 1981 537 terram
1998 513 2009 533 :
2027 497 2078 535 sic
2095 507 2129 536 et
2147 510 2220 537 Gan.
2231 508 2260 548 4.
2280 518 2325 539 12.

1167 561 1271 600 istius
1286 571 1398 615 pater,
1428 571 1621 613 antequam
1641 561 1771 611 ederet,
1794 560 1880 598 boui
1900 574 1941 598 ac
1963 559 2046 598 mali
2071 573 2129 597 co·
2326 553 2331 558 ⁴

1166 622 1326 676 gnitioue
1344 623 1524 676 pollebat,
1552 623 1692 662 tametsi
1719 636 1788 660 non
1809 622 1858 660 ita
1886 621 2068 669 evidenti,
2089 635 2130 658 ac

1166 698 1249 722 cum
1268 684 1314 723 de
1340 685 1439 737 ligno
1464 683 1686 723 comedisset.
1703 683 1830 722 Dicam
1846 682 2012 735 apertius.
2034 681 2130 720 Mala
2166 691 2240 718 Mala
2267 702 2330 718 me-

1165 745 1298 785 scimus
1317 746 1572 796 omncs,etiam
1586 754 1775 796 antequam
1788 745 1849 783 illa
1864 753 2106 798 perpetremus
2113 759 2124 794 5
2144 732 2207 802 κζ’,
2247 735 2333 811 ἰ’,ζζὲἶ

1165 807 1386 846 manifestius
1406 822 1491 847 vero
1507 822 1546 846 ca
1562 807 1751 857 discimus,
1766 816 1954 860 postquam
1976 806 2036 844 illa
2052 820 2128 858 per·
2143 797 2230 854 quasin
2300 827 2331 842 ω

1165 869 1401 923 peti-avimus,
1433 884 1475 908 ac
1503 869 1616 908 multo
1638 869 1745 908 ctiam
1777 868 2016 917 manifestius,
2047 859 2325 928 cumfifgl'f'f‘w*

1168 931 1358 985 punimur.
1381 931 1443 969 Sic
1465 931 1574 970 etiam
1596 932 1687 970 Ca'in
1712 930 1845 969 sciebat
1864 929 2008 982 quidem
2028 937 2130 968 antea

1167 993 1301 1032 caedcm
1322 993 1515 1031 fraternam
1542 993 1679 1031 malum
1706 1006 1781 1031 esse
1803 1007 1810 1029 :
1831 1001 1952 1044 postca
1967 1005 2053 1030 vero
2073 990 2131 1030 di-

1167 1056 1255 1095 dicit
1274 1055 1476 1096 evidentius
1491 1085 1502 1105 ,
1520 1070 1602 1094 cum
1628 1055 1807 1108 supplicio
1835 1054 2030 1092 mulctatus
2049 1061 2100 1092 cst
2121 1068 2129 1088 :

1169 1133 1232 1158 nos
1248 1118 1344 1157 enim
1366 1131 1508 1169 quoque
1526 1116 1714 1155 sanitatem
1733 1130 1808 1154 rem
1826 1115 1960 1154 bonam
1975 1127 2049 1153 esse
2064 1127 2129 1152 110-

1169 1180 1308 1231 vimus,
1340 1188 1374 1218 ct
1403 1178 1653 1231 aegritudinem
1683 1191 1760 1216 rem
1790 1177 1995 1225 molestam,
2029 1183 2132 1214 ante-

1170 1255 1279 1293 quam
1309 1240 1404 1280 illud
1438 1239 1667 1292 experiamur
1696 1254 1705 1275 :
1731 1238 1847 1276 multo
1874 1251 1960 1277 vero
1987 1235 2130 1287 certius,

1170 1318 1252 1342 cum
1266 1303 1302 1341 in
1321 1302 1489 1341 morbum
1509 1300 1764 1354 inciderimus,
1785 1299 1972 1351 utriusque
1991 1299 2042 1338 rei
2060 1298 2133 1337 ‹lis-

1170 1365 1306 1404 crimen
1326 1364 1569 1417 agnoscimus.

1224 1428 1260 1465 5.
1292 1426 1429 1465 Eadem
1462 1426 1635 1465 nimirum
1670 1425 1806 1464 ratione
1842 1432 1990 1464 noverat
2026 1424 2134 1462 etiam

1171 1488 1332 1527 Adamus
1351 1488 1594 1528 obedientiam
1621 1501 1698 1526 rem
1722 1487 1855 1525 honam
1885 1500 1977 1536 esse,
2010 1486 2134 1527 inobe-

1173 1551 1346 1590 dientiam
1375 1565 1460 1590 vero
1488 1550 1622 1588 malam
1651 1565 1659 1585 ε
1693 1548 1862 1601 deinceps
1893 1562 1977 1586 vero
2007 1547 2135 1586 didicit

1175 1611 1398 1661 evidentius,
1423 1626 1505 1650 cum
1527 1611 1626 1662 ligno
1655 1619 1797 1662 gustato
1819 1624 1838 1648 e
1861 1608 2028 1662 paradiso
2065 1610 2134 1662 eje-

1175 1682 1253 1712 ctus
1272 1683 1337 1723 est,
1359 1682 1392 1711 et
1424 1673 1471 1711 ab
1501 1672 1563 1710 illa
1583 1671 1717 1710 excidit
1746 1671 1927 1709 felicitate.
1951 1672 2044 1709 Cum
2071 1671 2137 1723 igi-

1175 1744 1235 1773 tur
1255 1734 1292 1772 in
1323 1749 1466 1788 poenam
1498 1733 1702 1781 incurrerit,
1732 1732 1848 1784 quod,
1877 1733 1953 1771 Deo
1977 1740 2137 1781 vetante,

1176 1796 1316 1849 lignum
1350 1795 1560 1848 degustarst,
1583 1794 1805 1834 manifestius
1828 1808 1911 1832 eum
1942 1808 2004 1846 per
2031 1808 2138 1847 expe-

1177 1858 1343 1898 rientiam
1373 1872 1477 1912 poena
1507 1857 1649 1909 docuit,
1679 1858 1755 1895 Deo
1786 1870 1857 1894 non
1893 1856 2140 1909 obtemperare

1178 1920 1326 1968 malum,
1352 1929 1388 1959 at
1419 1920 1663 1973 obtemperare
1689 1919 1824 1957 bonum
1847 1932 1946 1956 esse:
1977 1928 2139 1971 propter-

1177 1996 1216 2021 ea
1236 1982 1378 2035 lignum
1397 1982 1551 2021 scientia:
1570 1981 1654 2020 boni
1670 1995 1711 2019 ac
1724 1980 1810 2018 mali
1829 1988 1990 2018 vocatur.
2009 1979 2054 2018 Et
2068 1994 2139 2032 qua

1177 2043 1223 2083 de
1255 2059 1381 2095 causa,
1411 2045 1443 2083 si
1473 2058 1543 2083 non
1573 2043 1649 2097 ipsa
1676 2042 1767 2095 ligni
1793 2051 1921 2080 natura
1956 2041 2141 2080 scientiam

1178 2106 1307 2145 habuit
1340 2106 1426 2145 boni
1455 2115 1489 2145 et
1510 2105 1612 2155 mali,
1643 2104 1706 2143 sed
1733 2119 1778 2143 ex
1805 2104 1883 2156 ipsa
1918 2117 2022 2156 poena
2050 2117 2141 2156 pro-

1178 2177 1258 2221 pter
1277 2167 1557 2206 inobedientiam
1571 2167 1618 2205 ob
1633 2165 1864 2218 degustatum
1882 2165 2022 2217 lignum
2042 2163 2143 2202 illata

1178 2230 1401 2268 manifestius
1426 2229 1495 2267 hoc
1513 2227 1644 2267 didicit
1668 2227 1791 2277 homo,
1822 2227 1964 2279 lignum
1986 2226 2144 2265 scientiae

1179 2291 1265 2330 boni
1285 2304 1327 2329 ac
1344 2289 1433 2328 mali
1451 2288 1630 2329 vocatur?
1645 2288 1753 2335 Quod
1778 2288 1950 2326 nimirum
1969 2287 2029 2325 hic
2048 2287 2142 2326 Scri-

1180 2362 1294 2406 pturae
1317 2365 1394 2389 mos
1418 2351 1489 2401 sit,
1511 2349 1575 2389 ubi
1602 2364 1657 2388 res
1688 2349 1869 2402 quaepiam
1897 2349 1934 2387 iu
1963 2348 2050 2386 locis
2082 2357 2143 2386 aut

1181 2413 1406 2466 temporibus
1427 2411 1645 2464 quibusdam
1679 2411 1864 2461 acciderit,
1888 2425 1907 2448 a
1934 2410 2039 2448 rebus
2070 2409 2144 2447 illis

1183 2485 1218 2514 et
1237 2475 1315 2514 loca
1334 2484 1368 2513 ct
1387 2484 1548 2527 tempora
1570 2487 1713 2513 vocare.
1736 2471 1808 2511 Sed
1831 2481 1870 2510 ut
1888 2471 2022 2509 clarius
2047 2470 2144 2522 quod

1177 2537 1260 2576 dieo
1275 2538 1353 2586 fiat,
1379 2535 1473 2575 illud
1491 2535 1656 2587 exemplo
1675 2533 1780 2573 vobis
1797 2533 1998 2571 illustrabo.
2016 2533 2145 2570 Putcos

1178 2598 1372 2651 aliquando
1391 2596 1481 2635 fodit
1501 2597 1599 2634 Isaac
1617 2611 1625 2632 ε
1645 2595 1712 2633 bos
1741 2604 1859 2632 autem
1882 2603 2009 2647 puteos
2033 2594 2145 2632 vicini

1179 2661 1362 2700 destruere
1390 2673 1472 2697 cum
1501 2656 1658 2709 aggressi
1694 2665 1829 2706 essent,
1866 2655 1948 2694 inde
1981 2655 2146 2694 simultas

1179 2721 1346 2774 quaedam
1361 2729 1412 2759 est
1431 2728 1519 2769 orta,
1535 2728 1568 2757 et
1583 2718 1727 2757 vocavit
1742 2727 1892 2771 puteum
1906 2717 2119 2756 Inimicitias
2135 2733 2142 2755 :
2163 2730 2236 2758 Gen.
2254 2730 2302 2757 26.

1180 2797 1252 2821 non
1271 2781 1371 2834 quod
1387 2790 1516 2834 puteus
1535 2779 1742 2818 inimicitias
1762 2789 1953 2827 exerceret,
1971 2779 2032 2818 scd
2049 2778 2143 2831 quod
2159 2779 2208 2799 ²¹·

1181 2845 1271 2884 circa
1295 2844 1399 2882 illum
1428 2841 1624 2880 iniinicitiae
1648 2850 1780 2879 exortae
1799 2851 1926 2880 essent.
1947 2841 2008 2880 Sic
2027 2851 2061 2880 et
2099 2842 2144 2880 li-

1182 2920 1293 2957 gnum
1311 2904 1464 2943 scientiae
1484 2903 1568 2952 boni
1600 2911 1634 2941 et
1655 2902 1741 2940 mali
1760 2911 1927 2953 vocatur,
1948 2917 2016 2941 non
2047 2903 2145 2954 quod

1182 2969 1301 3021 ipsum
1329 2966 1474 3005 scicntia
1508 2965 1673 3018 polleret,
1707 2963 1769 3002 sed
1801 2964 1899 3015 quod
1926 2965 2018 3004 circa
2052 2965 2143 3003 illud

1183 3031 1273 3068 sacta
1293 3037 1381 3067 055οῑ
1399 3027 1553 3065 scientiae
1572 3026 1657 3064 boni
1672 3040 1714 3064 ac
1729 3026 1814 3063 mali
1828 3026 2035 3065 declaratio.
2051 3028 2143 3064 Rur-

1183 3105 1242 3130 sus
1264 3098 1411 3143 puteum
1428 3088 1521 3126 fodit
1538 3087 1890 3135 Abraban1,insidias
1905 3088 2045 3140 paravit
2058 3087 2142 3125 Abi-
2161 3105 2273 3132 (icam
2295 3102 2340 3132 3,,

1183 3151 1319 3191 melech
1346 3167 1353 3188 :
1378 3158 1632 3199 convenerunt,
1656 3148 1863 3187 inimicitias
1885 3149 2139 3201 deposuerunt,
2156 3145 2206 3173 3²·

1183 3228 1224 3252 ac
1244 3212 1402 3266 praestito
1421 3220 1547 3249 mutuo
1564 3211 1769 3263 juramento
1789 3221 1938 3264 puteum
1962 3211 2063 3248 illum
2078 3213 2142 3249 Ju-

1185 3274 1333 3313 ramcnti
1354 3282 1503 3326 puteum
1523 3272 1771 3325 appellarunt5
1792 3286 1860 3310 non
1880 3271 2142 3321 quodjurasset

1185 3345 1325 3389 puteus,
1337 3334 1401 3373 sed
1419 3332 1515 3385 quod
1529 3333 1621 3371 eirca
1635 3343 1783 3386 puteum
1795 3333 2036 3385 juramentum
2051 3347 2140 3384 przie-

1186 3406 1309 3435 sutum
1326 3404 1427 3434 essct.
1448 3394 1561 3434 Vides
1581 3394 1654 3433 loca
1679 3409 1746 3432 uon
1765 3393 1840 3432 [ieri
1862 3407 1983 3431 causas
2005 3407 2137 3439 rerum,
