2566 3791
726 255 768 286 ΙΝ
805 253 906 286 cm.
945 254 990 285 V.
1029 252 1191 284 GENES.
1230 251 1386 282 noant..
1423 254 1517 283 ΧΧΙ.

97 343 286 395 ὁμότροπον
307 342 357 393 τῷ
377 338 615 393 γεγεννηκότι,
636 338 714 382 τοὺς
744 338 867 382 αὐτοὺς
896 340 959 385 τῆς
987 339 1112 390 ἀρετῆς

96 406 320 457 χαρακτῆρας
349 401 584 449 διασώζονται,
613 400 676 448 τὴν
704 400 821 439 εἰκόνα
845 401 908 448 τὴν
937 398 1111 451 πατρικὴν

95 464 152 502 διὰ
174 466 242 502 τῶν
260 463 368 517 ἔργων
395 461 593 509 δεικνύντα,
621 460 905 500 ἀνακαλέσασθαι
924 460 1111 511 δυνάμενον

94 524 150 563 διὰ
176 527 238 570 τῆς
261 525 390 567 οἰκείας
408 525 533 576 ἀρετῆς
548 527 608 562 τοῦ
629 522 864 576 προλαόόντος
889 522 929 560 τὸ
947 521 1112 572 πλημμέ-

92 586 200 635 λημα.
220 584 314 624 Οὐδὲ
327 584 394 636 γὰρ
408 584 489 637 περὶ
510 585 722 634 σωματικῶν
742 582 978 636 χαρακτήρων
994 584 1112 620 ἐνταῦ-

91 649 134 684 θα
166 649 250 697 ἡμῖν
284 645 482 698 διαλέγεται
510 649 531 692 ἡ
569 645 691 698 Γραφὴ
720 646 889 696 λέγουσα,
923 642 1025 682 Κατὰ
1047 642 1111 689 τὴν

92 706 185 746 ἰδέαν
204 710 322 754 αὐτοῦ,
346 707 405 746 καὶ
433 706 524 746 κατὰ
546 706 608 754 τὴν
627 706 743 745 εἰκόνα
770 708 873 744 αὐτοῦ
892 721 899 729 ·
916 704 1008 744 ἀλλὰ
1030 703 1111 755 περὶ

90 771 152 814 τῆς
170 769 206 806 ἓν
221 772 264 820 τῇ
279 771 376 820 ψυχῇ
396 768 655 815 καταστάσεως,
670 767 726 804 ἵνα
746 766 928 817 μάθωμεν,
946 765 1000 804 δ’τι
1015 758 1112 809 οὗτος

89 831 152 867 οὐκ
170 829 268 868 ἔσται
288 834 453 872 τοιοῦτος.
470 829 533 866 Διὸ
551 829 611 866 καὶ
623 832 645 874 ἡ
662 827 780 878 μήτ-ηρ
794 827 856 874 τὴν
874 825 1110 878 προσηγορίαν

87 892 246 929 ἐπιθεῖσα
260 893 310 942 τῷ
324 889 422 928 παιδὶ
437 891 513 940 μετ’
529 887 754 941 εὐχαριστίας
771 887 904 935 ταύτην
920 886 1110 936 ἐπιτίθησι,

87 950 146 989 καὶ
165 951 204 989 οὐ
221 954 263 1003 τῇ
283 950 403 1002 φύσει,
422 949 499 988 οὐδὲ
526 952 576 1002 τῷ
596 948 689 1001 τόκῳ
717 948 891 1000 λογίζεται
919 948 960 986 τὸ
986 948 1108 1002 τεχθὲν

87 1011 240 1057 παιδίον,
257 1010 348 1050 ἀλλὰ
362 1014 404 1062 τῇ
424 1014 485 1049 τοῦ
505 1013 598 1050 Θεοῦ
613 1010 770 1061 δυνάμει.
790 1009 929 1057 Ἑκείνη
955 1009 1024 1062 γὰρ
1049 1009 1109 1048 καὶ

86 1072 148 1120 τὴν
168 1073 268 1125 φύσιν
283 1072 435 1125 διήγειρε
455 1072 541 1126 πρὸς
554 1072 613 1110 τὸν
631 1072 747 1120 τόκον,
765 1071 826 1110 καί
845 1087 950 1124 φησιν
964 1087 971 1095 ·
991 1071 1109 1111 Ἐπω-

86 1135 218 1186 νόμασε
232 1134 271 1172 τὸ
288 1135 397 1185 ὄνομα
418 1135 522 1173 αὐτοῦ
538 1134 613 1181 Σὴθ
629 1134 777 1186 λέγουσα
793 1149 800 1157 ·
817 1133 1024 1181 ἐξανέστησε
1041 1135 1109 1188 γάρ

84 1211 147 1246 μοι
164 1198 183 1233 ὁ
201 1195 292 1238 Θεὸς
321 1195 462 1249 σπέρμα
484 1194 598 1247 ἕτερον
619 1195 696 1233 ἀντὶ
727 1194 849 1243 Ἀδελ,
867 1195 904 1234 ὃν
926 1194 1108 1234 ἀπέκτεινε

87 1256 188 1295 Κάῖν.
210 1256 306 1309 ςὈρα
335 1260 395 1294 τοῦ
423 1256 577 1308 ῥήματος
596 1256 659 1303 τὴν
683 1256 877 1308 ἀκρίὸειαν.
903 1257 980 1295 Οὐκ
1001 1250 1109 1306 εἶπεν,

87 1317 195 1357 ἔδωκέ
215 1333 275 1368 μοι
287 1320 305 1356 ὁ
325 1317 429 1365 Θεὸς,
449 1319 526 1356 ἀλλ’
543 1317 777 1366 Ἐξανέστησέ
793 1334 864 1368 μοι.

86 1380 247 1432 ἀμυδρῶς
260 1379 304 1418 τὰ
315 1379 483 1432 προοίμια
497 1382 560 1426 τῆς
575 1379 800 1422 ἀναστάσεως
813 1380 965 1418 ἐντεῦθεν
983 1379 1111 1418 δείκνυ-

882 1318 1017 1357 Σκόπει
1034 1321 1110 1362 πῶς

86 1456 145 1478 ται
160 1440 227 1487 ἤδη
249 1440 304 1478 διὰ
319 1445 379 1480 τοῦ
396 1440 560 1492 ῥήματος.
577 1439 638 1483 Ὡς
656 1439 724 1492 γὰρ
742 1439 782 1478 ἂν
803 1440 894 1478 εἴποι
912 1456 964 1484 τις
980 1439 1109 1491 ἔλεγεν·

86 1502 164 1540 ἀντὶ
179 1505 239 1539 τοῦ
257 1501 422 1545 πεσόντος
438 1501 607 1548 ἀνέστησέ
621 1517 679 1552 μοι
691 1506 822 1540 τοῦτον.
834 1502 878 1540 Εἰ
893 1501 952 1540 καὶ
969 1504 1110 1549 ἐκεῖνος,

85 1562 190 1614 φησὶν
206 1592 215 1609 ,
228 1562 320 1600 ‘'b-tto
343 1566 406 1610 τῆς
435 1563 624 1615 ἀδελφικῆς
642 1562 754 1606 δεξιᾶς
773 1565 818 1607 εἷς
836 1562 900 1610 τὴν
924 1566 990 1615 γῆν
1007 1563 1109 1602 κατέ-

86 1639 192 1671 πεσε,
211 1624 274 1662 ’καὶ
306 1627 365 1662 τοῦ
395 1623 543 1662 θανάτου
572 1629 695 1675 πεῖραν
721 1622 864 1672 ἔλαὸεν,
884 1624 965 1662 ἀλλ’
995 1627 1016 1670 ἡ
1047 1629 1108 1663 τοῦ

84 1687 178 1723 θεοῦ
211 1685 356 1736 δύναμις
392 1685 468 1723 ἀντὶ
504 1689 564 1724 τοῦ
599 1684 766 1730 πεσόντος
801 1689 922 1724 τοῦτον
958 1684 1108 1739 ἤγειρεν.

87 1746 233 1793 Ἐπειδὴ
252 1746 320 1799 γὰρ
334 1746 470 1786 οὐδέπω
486 1747 607 1800 καιρὸς
626 1741 668 1793 ἧν
688 1749 752 1793 τῆς
774 1746 996 1791 ἀναστάσεως
1008 1777 1018 1795 ,
1032 1747 1110 1800 οὐχὶ

86 1808 144 1846 τὸν
170 1808 321 1847 πεσόντα
344 1807 500 1860 ἤγειρεν,
530 1807 606 1846 ἀλλ’
637 1807 754 1860 ἕτερον
783 1810 857 1847 ἀντ’
887 1807 1038 1846 ἐκείνου·
1058 1809 1110 1846 διὸ

87 1869 146 1907 καὶ
160 1869 246 1916 αὐτή
266 1884 369 1920 φησιν
383 1884 391 1891 ·
406 1868 637 1914 Ἐξανέστησε
652 1869 720 1922 γάρ
736 1885 797 1920 μοι
821 1872 839 1908 ὁ
862 1869 952 1912 Θεὸς
967 1869 1110 1920 σπέρμα

88 1930 203 1982 ἕτερον
223 1930 299 1968 ἀντὶ
319 1928 445 1980 Ἅβελ,
466 1930 502 1968 ὃν
525 1930 707 1968 ἀπέκτεινε
733 1931 835 1968 Κάϊν.
856 1924 958 1973 Εἶδες
978 1932 1109 1982 εὐγνω-

90 1990 244 2041 μοσύνην
274 1990 454 2043 γυναικός,
490 1984 575 2033 εἶδες
615 1990 876 2043 φιλανθρωπίαν
911 1991 1111 2039 Δεσπότου,

88 2056 162 2096 πῶς
178 2057 324 2104 ταχεῖαν
344 2054 458 2094 αὐτοῖς
473 2051 536 2097 τὴν
555 2052 780 2104 παραμυθίαν
801 2053 986 2101 ἐπενόησε,
1012 2055 1045 2091 Τ
1048 2053 1110 2092 αύ-

88 2129 150 2159 την
169 2113 359 2164 μιμώμεθα
380 2113 543 2159 ἅπαντες,
563 2114 622 2152 καὶ
641 2115 681 2152 τὸ
696 2121 765 2153 πᾶν
782 2118 825 2166 τῇ
842 2115 972 2152 ἄνωθεν
989 2114 1110 2167 χάριτι

87 2174 315 2225 λογιζώμεθα.
343 2176 386 2213 Εἰ
404 2174 471 2226 γὰρ
487 2174 546 2212 καὶ
565 2177 586 2220 ἡ
606 2174 705 2227 φύσις
729 2175 932 2227 ἐργάζεται,
954 2177 1033 2214 ἀλλ’
1048 2176 1110 2214 οὐκ

85 2236 195 2289 οἰκεία
215 2235 374 2287 δυνάμει,
400 2235 490 2274 ἀλλὰ
508 2237 557 2287 τῷ
580 2235 828 2287 προστάγματι
856 2239 916 2274 τοῦ
938 2237 1107 2289 δημιουρ-

85 2297 254 2349 γήσαντος
273 2296 412 2335 εἴκουσα
428 2312 436 2319 ·
456 2295 471 2316 ¹³
482 2296 541 2335 καὶ
559 2297 735 2347 μηδέποτε
752 2297 971 2349 ἀλγείτωσαν
990 2305 1108 2350 γυναῖ-

84 2374 142 2401 κες
154 2387 164 2404 ,
185 2357 324 2395 ἐπειδὰν
343 2356 391 2407 μὴ
410 2358 594 2406 τίκτωσιν,
621 2357 712 2397 ἀλλὰ
736 2357 881 2410 γνώμην
900 2359 1106 2412 εὐχάριστον

85 2418 365 2468 ἐπιδεικνύμεναι
384 2419 442 2456 ε’πὶ
454 2419 512 2456 τὸν
532 2423 595 2466 τῆς
616 2419 750 2470 φύσεως
766 2422 976 2474 δημιουργὸν
998 2437 1108 2461 κατα-

86 2479 318 2532 φευγέτωσαν,
337 2479 397 2517 καὶ
413 2481 496 2532 παρ’
518 2480 648 2519 ἐκείνου
670 2481 875 2521 αἷτείτωσαν
891 2487 951 2522 τοῦ
965 2485 1026 2530 τῆς
1047 2483 1107 2536 φύ-

86 2557 172 2584 σεως
187 2540 376 2587 Δεσπότου,
392 2541 452 2580 καὶ
471 2541 560 2592 μήτε
578 2545 621 2594 τῇ
638 2543 801 2595 συνουσίᾳ
822 2546 891 2581 τῶν
905 2545 1106 2584 συνοικούν-

85 2618 168 2649 των,
196 2602 284 2652 μήτε
305 2602 412 2655 ἑτέρῳ
437 2603 504 2640 τινὶ
534 2603 788 2654 λογιζέσθωσαν
803 2604 866 2652 τὴν
883 2609 952 2644 τῶν
971 2607 1106 2646 παίδων

85 2663 207 2715 γονὴν,
223 2663 313 2702 ἀλλὰ
325 2666 375 2715 τῷ
393 2664 595 2718 δημιουργῷ
609 2668 678 2703 τῶν
699 2665 788 2704 ὅλων
805 2669 855 2719 τῷ
876 2667 935 2705 καὶ
952 2668 1022 2706 ἀπὸ
1048 2674 1107 2708 τοῦ

86 2725 135 2776 μὴ
155 2727 249 2769 ὄντος
262 2726 310 2768 εἷς
327 2725 368 2764 τὸ
384 2719 471 2763 εἶναι
487 2726 728 2779 παραγαγόντι
742 2727 804 2775 τὴν
820 2727 918 2780 φύσιν
933 2728 996 2776 τὴν
1018 2734 1108 2781 ἡμε-

84 2785 204 2837 τέραν,
226 2786 285 2824 καὶ
305 2787 526 2838 χωλεύουσαν
554 2787 659 2826 πάλιν
676 2789 883 2841 ςδιορθῶσαι
905 2790 1106 2845 δυναμένῳ·

86 2847 160 2885 ἐπεὶ
175 2847 235 2884 καὶ
260 2846 346 2894 αὕτη
374 2847 436 2894 τὴν
465 2852 524 2887 τοῦ
549 2849 693 2894 πένθους
718 2850 879 2890 ὑπόθεσιν
911 2853 1107 2904 δοξολογίας

86 2907 245 2958 ἀφορμὴν
261 2908 466 2957 ἐποιήσατο,
487 2909 547 2947 καὶ
565 2913 615 2962 τῷ
639 2912 801 2964 Δεσπότῃ
821 2912 860 2950 τὸ
875 2920 944 2952 πᾶν
968 2915 1105 2965 λογίζεσ-

86 2982 143 3004 ται
163 2967 324 3019 λέγουσα,
341 2968 574 3016 Ἐξανέστησέ
590 2987 649 3021 μοι
665 2975 683 3010 ὁ
707 2973 796 3016 Θεὸς
826 2974 967 3026 σπέρμα
991 2975 1106 3029 ἕτερον

86 3028 162 3065 ἀντὶ
184 3027 299 3076 Ἀὅελ,
325 3029 360 3067 ὃν
385 3030 565 3069 ἀπέκτεινε
593 3032 693 3072 Κάϊν.
722 3032 831 3088 Ὁρᾷς
846 3038 921 3079 πῶς
946 3039 984 3074 οὐ
1003 3037 1106 3086 μόνον

85 3091 146 3127 οὐκ
170 3089 415 3142 ἐδυσιέρανεν,
434 3091 509 3130 οὐδὲ
528 3092 716 3145 ἐφθέγξατό
735 3101 769 3133 τι
795 3097 950 3150 λυπηρὸν
966 3100 1020 3145 (οὐ
1038 3098 1105 3151 γὰρ

86 3150 127 3186 ἂν
145 3150 337 3202 παρέλιπεν
350 3155 372 3199 ἡ
396 3152 470 3190 θεία
486 3151 610 3206 Γραφὴ
623 3184 633 3202 ,
655 3154 686 3193 εἴ
702 3156 742 3206 γε’
757 3172 792 3194 τι
813 3153 966 3196 mirso-:ov
988 3159 1106 3211 εἴρητο

87 3213 168 3261 παρ’
199 3213 337 3260 αὐτῆς),
367 3212 456 3251 ἀλλὰ
481 3213 646 3262 γενναίως
672 3209 860 3268 ἐνεγκοῦσα
887 3219 928 3257 τὸ
955 3221 1107 3271 συμὸὰν,

88 3271 230 3322 ταχείας
256 3271 410 3316 ἀξιοῦται
435 3275 498 3319 τῆς
524 3275 760 3327 παραμυθίας,
785 3278 844 3316 καὶ
871 3279 1015 3319 πλείονα
1041 3281 1104 3329 τὴν

133 3404 145 3418 ³
162 3395 217 3426 Sic:
232 3395 334 3428 savit.
350 3404 381 3429 et
396 3409 509 3430 omnes
525 3399 602 3432 sere.
621 3401 734 3436 Morcl.
754 3407 813 3437 ἀπ’)
830 3413 880 3442 τῆς
895 3407 1000 3451 ὰὸιὶρ.

135 3447 150 3471 Ι’
167 3447 173 3490 ᾗ
188 3447 288 3481 Saul.
307 3456 492 3485 ἀκουέτωσαν
513 3467 588 3493 722„
609 3459 658 3487 καὶ
672 3458 745 3498 μὴν).
765 3460 846 3499 ἰαὶ-1.,
867 3459 974 3502 ἐπιδ]

1117 2890 1165 2915 185

2048 257 2135 302 217

1185 337 1353 374 cundum
1372 338 1581 389 imaginem
1600 349 1726 386 suam,
1758 336 1824 375 boc
1844 345 1909 386 cst,
1934 338 2137 377 corumdem

1187 411 1343 446 morum,
1360 398 1493 449 quibus
1513 398 1574 436 illc
1592 398 1653 450 qui
1673 407 1841 450 genuerat
1860 428 1870 446 ,
1888 407 1922 436 et
1942 399 2002 450 qui
2019 414 2136 436 serva·

1186 468 1238 497 ret
1262 459 1403 498 cosdem
1438 459 1580 499 virtutis
1605 460 1836 508 characteres,
1862 459 1922 512 qui
1958 469 2139 513 paternam

1186 520 1378 572 imaginem
1411 521 1578 574 operibus
1597 521 1825 574 exprimeret,
1847 531 1881 560 et
1901 520 1963 573 qui
1979 536 2042 560 sua
2066 522 2141 560 vir—

1186 590 1261 619 tute
1297 582 1426 634 prioris
1453 592 1638 635 peccatum
1672 597 1835 636 reparare
1862 583 1984 636 possit.
2017 584 2142 635 Neque

1184 642 1278 680 enim
1304 642 1350 681 de
1366 644 1608 696 corporalibus
1627 645 1850 683 lineamentis
1869 654 1901 683 et
1918 645 2143 684 characteri-

1184 703 1251 741 bus
1267 703 1453 756 Scriptura
1471 705 1574 743 nobis
1591 705 1778 754 disserens,
1793 706 1902 745 dicit:
1922 707 2140 746 Secundum

1184 767 1346 816 speciem
1361 779 1486 812 suam,
1509 775 1546 804 et
1559 768 1771 805 secundum
1787 771 1996 820 imaginem
2009 783 2137 808 suam:

1183 824 1245 862 sed
1261 824 1306 863 de
1327 834 1420 863 statu
1436 826 1576 874 animm,
1592 835 1631 864 ut
1643 826 1926 866 discamushunc
1947 844 2014 867 non
2032 831 2139 868 talem

1183 899 1256 924 esse
1277 886 1454 924 futurum.
1473 886 1558 925 Ideo
1586 895 1619 925 et
1635 896 1748 925 mater
1766 902 1893 926 nomen
1918 889 1994 927 filio
2019 890 2138 942 impo-

1182 961 1280 996 nens,
1303 961 1384 986 cum
1414 948 1610 1000 gratiarum
1630 947 1767 987 actione
1795 949 1863 988 hoc
1884 963 2010 988 nomen
2047 950 2140 989 indi-

1181 1009 1236 1048 dit
1257 1018 1310 1047 :et
1330 1022 1444 1060 neque
1459 1017 1607 1059 naturae,
1628 1023 1739 1060 neque
1752 1010 1871 1062 partui
1887 1010 2060 1049 adscribit
2076 1026 2140 1049 na-

1181 1080 1259 1109 tum
1274 1085 1440 1123 puerum,
1466 1071 1526 1109 sed
1543 1071 1610 1109 Dei
1628 1070 1767 1109 virtuti.
1782 1071 1847 1110 Illa
1869 1072 1963 1110 enim
1976 1082 2139 1111 naturam

1181 1131 1387 1171 fecundavit
1417 1131 1462 1170 ad
1491 1141 1647 1184 partum,
1667 1141 1701 1170 et
1729 1132 1808 1171 ait:
1839 1134 2138 1186 Cognominam't
2156 1145 2340 1184 Gen.4.25,

1183 1207 1323 1231 nomen
1343 1193 1451 1231 illius
1479 1193 1584 1240 Seth,
1607 1194 1739 1232 dicens
1769 1209 1780 1230 :
1807 1195 2008 1233 Excitavit
2036 1199 2140 1234 enim

1182 1256 1279 1293 mibi
1294 1256 1403 1293 Deus
1418 1268 1549 1293 semen
1563 1255 1677 1293 aliud
1681 1269 1752 1307 pro
1766 1255 1887 1304 Abel,
1911 1270 2023 1308 quem
2042 1261 2141 1296 occi-

1182 1317 1240 1354 dit
1261 1317 1374 1354 Cain.
1397 1314 1493 1355 Vide
1514 1315 1618 1354 verbi
1644 1316 1883 1368 diligentiam.
1903 1319 1982 1356 Non
2016 1317 2110 1357 dixit
2131 1335 2139 1356 :

1182 1377 1291 1416 Dedit
1307 1376 1398 1415 mihi
1415 1378 1528 1415 Deus:
1550 1377 1627 1428 sed,
1646 1379 1849 1417 Excitavit
1861 1381 1968 1417 mihi.
1989 1379 2141 1419 Attende

1180 1438 1363 1491 quomodo
1382 1438 1532 1478 obscure
1543 1439 1647 1477 nobis
1661 1438 1729 1478 hoc
1745 1439 1856 1478 verbo
1872 1440 2141 1479 resurrectionis

1181 1499 1329 1539 exordia
1351 1500 1412 1538 hic
1436 1500 1604 1540 ostendit.
1632 1502 1683 1539 Ita
1701 1500 1796 1539 enim
1826 1501 2036 1553 loquebatur
2051 1516 2092 1540 ac
2109 1502 2139 1539 si

1181 1562 1262 1614 quis
1284 1561 1418 1601 diceret
1439 1562 1533 1600 :Pro
1549 1576 1591 1600 eo
1612 1562 1676 1613 qui
1692 1562 1834 1612 cecidit,
1851 1563 2023 1602 excitavit
2048 1563 2139 1601 mihi

1181 1623 1291 1662 hunc.
1314 1623 1543 1675 Quamquam
1566 1623 1641 1673 ille,
1664 1623 1792 1675 inquit,
1807 1624 1844 1662 in
1866 1633 1998 1663 terram
2013 1625 2139 1663 dextra

1181 1685 1300 1723 fratris
1313 1699 1499 1738 percussus
1518 1685 1660 1734 cecidit,
1676 1694 1710 1724 et
1728 1689 1853 1724 mortis
1866 1687 2069 1739 periculum
2087 1688 2141 1726 se-

1181 1747 1241 1796 cit,
1260 1756 1378 1785 tamen
1398 1746 1467 1785 Dei
1482 1746 1601 1785 virtus
1616 1761 1683 1799 pro
1704 1761 1793 1786 caeso
1807 1747 1905 1786 hunc
1924 1748 2015 1786 mihi
2031 1749 2140 1787 susci-

1181 1808 1284 1847 tavit.
1308 1808 1378 1847 Sed
1397 1808 1479 1859 quia
1493 1807 1652 1846 nondum
1662 1818 1800 1861 tempus
1820 1818 1894 1847 erat
1912 1811 2140 1849 resurrectio-

1181 1869 1250 1920 nis,
1269 1883 1338 1907 non
1353 1878 1535 1907 mortuum
1548 1869 1748 1919 suscitavit,
1768 1869 1828 1907 sed
1844 1869 1955 1907 alium
1973 1885 2039 1923 pro
2056 1872 2136 1909 illo:

1181 1930 1412 1982 quamobrem
1428 1930 1550 1982 etipsa
1567 1929 1663 1968 dixit
1675 1946 1683 1967 ε
1695 1931 1905 1970 Suscitavit
1919 1933 2016 1970 mihi
2030 1934 2137 1972 Deus

1182 2005 1310 2029 semen
1335 1992 1448 2029 atiud
1475 2005 1545 2043 pro
1575 1991 1695 2039 Abel,
1730 2006 1843 2044 quem
1863 1985 2003 2031 occidit
2023 1995 2136 2033 Cain.

1181 2051 1320 2090 Vidisti
1339 2061 1480 2103 gratum
1499 2051 1661 2090 mulieris
1688 2052 1875 2091 animum?
1895 2053 2020 2092 vidisti
2038 2054 2137 2093 beni-

1181 2113 1350 2165 gnitatem
1358 2113 1503 2152 Domini
1513 2113 1530 2151 ἶ)
1541 2113 1721 2165 quomodo
1728 2114 1958 2152 acceleratam
1971 2114 2044 2154 illis
2057 2129 2137 2154 con-

1181 2175 1388 2213 solationem
1411 2174 1654 2227 excogitavit?
1675 2175 1776 2213 Hanc
1796 2175 1980 2214 imitemur
1999 2191 2134 2225 omncs,

1180 2246 1214 2275 et
1228 2246 1343 2275 totum
1362 2250 1523 2289 supernae
1549 2235 1670 2287 gratiae
1695 2236 1910 2275 tribuamus.
1930 2238 2023 2276 Nam
2056 2239 2138 2278 licet

1179 2307 1304 2336 natura
1316 2307 1493 2350 operetur,
1515 2312 1585 2335 non
1599 2307 1713 2336 tamen
1723 2312 1785 2336 sua
1805 2298 1952 2350 virtute,
1969 2299 2032 2338 sed
2048 2316 2138 2353 prze-

1179 2369 1280 2413 cepto
1293 2360 1407 2408 illius,
1427 2360 1491 2411 qui
1520 2359 1636 2413 ipsam
1653 2360 1747 2408 fecit,
1768 2359 1936 2399 obediens
1958 2373 2136 2414 operatur.

1179 2421 1226 2460 Et
1249 2435 1446 2472 numquam
1472 2420 1615 2459 doleant
1644 2420 1812 2459 mulieres
1828 2421 1972 2473 quando
1992 2436 2061 2461 non
2076 2439 2138 2476 pa-

1177 2485 1276 2523 riunt
1293 2514 1303 2533 ,
1337 2483 1400 2522 sed
1427 2492 1569 2535 gratum
1583 2482 1745 2521 animum
1764 2497 1836 2535 prae
1854 2498 1890 2522 se
1907 2485 2071 2533 ferentes,
2092 2485 2138 2523 ad

1178 2555 1314 2585 naturae
1331 2545 1510 2598 Opificem
1529 2544 1735 2596 confugiant
1753 2559 1763 2593 ;
1784 2553 1818 2582 'et
1849 2545 1894 2582 ab
1916 2545 1979 2584 illo
2000 2555 2134 2597 petant,

1179 2608 1243 2659 qui
1271 2617 1404 2646 naturae
1424 2605 1600 2644 Dominus
1635 2614 1686 2643 est
1703 2621 1713 2655 ;
1733 2615 1766 2643 et
1792 2620 1904 2657 neque
1943 2608 2136 2659 conjugum

1178 2668 1524 2721 congressui,ncque
1535 2666 1637 2705 alteri
1652 2666 1809 2719 cuipiam
1824 2667 1873 2704 rei
1895 2667 2054 2705 filiorum
2070 2668 2139 2706 im-
2173 2663 2181 2668 .

1178 2740 1304 2784 putent
1314 2729 1590 2781 generationem,
1605 2727 1667 2765 sed
1684 2727 1870 2765 Conditori
1885 2728 2062 2778 omnium,
2073 2729 2137 2780 qui

1178 2807 1224 2830 ex
1243 2791 1357 2830 nihilo
1371 2799 1536 2828 naturam
1556 2797 1711 2826 nostram
1736 2787 1909 2840 produxit
1928 2798 1966 2827 ut
1983 2799 2087 2835 esset,
2103 2799 2138 2828 et

1179 2852 1439 2891 claudicantem
1473 2849 1649 2899 corrigere
1679 2858 1793 2901 potest
1814 2865 1821 2885 :
1844 2849 2137 2901 quandoquidem

1180 2924 1213 2953 et
1228 2914 1292 2952 ista
1309 2927 1354 2951 ex
1370 2911 1552 2950 occasione
1568 2910 1685 2947 luctus
1704 2911 1780 2947 Deo
1794 2910 1945 2961 gloriam
1962 2912 2136 2950 referendi

1179 2975 1306 3014 sumsit
1327 2982 1576 3025 argumentum
1593 3000 1603 3018 ,
1630 2979 1663 3008 ct
1683 2971 1973 3014 Dominototum
1992 2973 2134 3022 tribuit,

1179 3037 1302 3075 dicens
1318 3052 1325 3072 :
1339 3035 1539 3073 Eoecitavit
1563 3033 1658 3068 mihi
1672 3033 1781 3070 Deus
1794 3046 1923 3070 semen
1942 3034 2056 3071 aliud
2064 3050 2135 3086 pro

1183 3097 1302 3142 Abel,
1318 3108 1430 3148 quem
1451 3092 1588 3130 occidit
1609 3092 1722 3129 Cain.
1738 3091 1852 3130 Vides
1868 3093 2048 3143 quomodo
2065 3108 2134 3131 non

1180 3158 1296 3197 solum
1327 3170 1395 3193 nou
1417 3152 1592 3205 gravatim
1618 3152 1716 3204 tulit,
1741 3167 1853 3205 neque
1878 3155 1976 3192 triste
1996 3155 2136 3206 aliquid

1181 3220 1327 3270 loquuta
1357 3225 1408 3255 cst
1445 3218 1456 3262 (
1475 3229 1544 3252 nou
1568 3214 1664 3252 enim
1697 3215 1978 3266 praetcrmisissct
2011 3215 2134 3254 diviua

1183 3280 1382 3332 Scriptura,
1402 3274 1841 3327 siquidemtalequiddam
1854 3277 1900 3315 ab
1917 3277 1977 3314 illa
1998 3277 2135 3315 dit-tum

1170 3416 1181 3429 c
1198 3407 1279 3437 'l'rcs
1298 3404 1612 3446 §lss.‹]:01205·17m')2‹·
