2516 3791
703 243 743 272 IN
783 243 885 272 CXP.

144 344 198 366 σιν
220 328 323 366 αὐτοῦ
360 329 421 374 τῆς
452 324 671 376 ἀποδημίας,
707 324 830 371 ἱκανὴν
851 318 956 363 οὖσαν
992 323 1098 368 δεῖξαι
1130 323 1169 361 τὸ

142 387 298 442 φιλόθεον
331 390 435 426 αὐτοῦ
466 390 528 434 τῆς
558 385 723 438 γνώμης·
749 385 820 424 ἰδοὺ
851 385 918 439 γὰρ
950 386 1061 432 πόσην
1092 385 1169 423 ὁδὸν

143 449 342 497 στέλλεται,
360 448 452 487 ὥστε
477 448 540 495 τὴν
567 447 801 500 προσκύνησιν
820 448 1009 485 ἀποδοῦναι
1028 449 1078 499 τῷ
1097 449 1168 484 Δε-

142 510 268 562 σπότῃ.
282 510 365 548 Ἔτι
388 509 457 562 γὰρ
487 508 640 559 ἐνόμιζον
664 511 698 547 ἐν
719 508 768 546 ἑνὶ
788 507 885 560 τόπῳ
905 509 1169 559 συγκεκλεῖσθαι

142 571 207 618 τὴν
226 571 402 623 λατρείαν,
423 571 481 609 καὶ
505 571 561 610 διὰ
588 573 690 609 τοῦτο
703 568 836 615 πολλὴν
853 569 930 607 ὁδὸν
946 567 1170 619 στελλόμενοι

145 635 216 671 ἐκεῖ
244 632 306 676 τὰς
335 632 436 684 εὐχὰς
473 632 658 684 ἀνέφερον·
689 630 746 668 διά
775 645 828 668 τοι
856 633 958 668 τοῦτο
989 629 1048 667 καὶ
1075 622 1172 672 οὗτος

145 695 372 749 παρεγένετο,
384 695 464 733 ἔνθα
478 698 496 733 ὁ
511 695 590 739 ναὸς
605 689 648 741 ῆν
661 693 719 731 καὶ
738 697 759 739 ἡ
779 691 923 743 λατρεία
938 695 960 738 ἡ
977 691 1151 738 Ἰουδαϊκὴ
1162 722 1172 739 ,

144 758 200 795 ἵνα
215 757 280 804 τὴν
298 757 534 811 προσκύνησιν
553 756 672 807 ἀποδῷ
692 757 742 806 τῷ
772 753 948 804 Δεσπότῃ.
967 752 1038 791 Καὶ
1052 752 1171 800 ἐπειδὴ

148 819 330 871 ἐπλήρωσε
361 819 400 857 τὸ
429 817 660 867 ποθούμενον,
681 815 930 867 Ἱ“ποστρέφων
943 845 952 862 ,
974 814 1059 866 φησὶ
1075 845 1084 862 ,
1114 814 1173 852 καὶ

147 880 339 930 καθήμενος
358 879 414 917 ἐπὶ
431 881 490 916 τοῦ
509 879 664 929 ἅρματος
684 876 787 914 αὐτοῦ
821 875 1064 926 ἀνεγίνωσκεν.

203 996 291 1041 Εἶτα
308 1000 451 1045 ἐπιστὰς
470 1004 488 1038 ὁ
509 999 689 1043 Φίλιππός
706 1015 790 1052 φησι
827 999 912 1053 πρὸς
942 998 1067 1038 αὐτόν·
1086 991 1175 1051 Ἆρά

147 1080 185 1117 γε
206 1063 385 1115 γινώσκεις
416 1063 438 1101 ἃ
468 1060 737 1114 ἀναγινώσκεις
768 1055 865 1103 Ιίῖδες
893 1060 1008 1113 ψυχὴν
1027 1076 1175 1113 μεμερι-

149 1121 348 1173 μνηζιένην,
369 1123 432 1160 οὐκ
463 1122 592 1159 εἰδυῖαν
613 1119 674 1171 μὲν
699 1120 743 1158 τὰ
773 1119 978 1170 ἐγκείμενα.
1005 1119 1174 1171 ἐχομένην

148 1185 184 1223 δὲ
203 1188 266 1231 τῆς
285 1182 532 1234 ἀναγνώσεως,
549 1181 609 1220 καὶ
629 1184 802 1219 ποθοῦσαν
820 1182 998 1232 ἐπιτυχεῖν
1016 1184 1076 1218 τοῦ
1095 1181 1176 1227 ὁδη-

148 1249 285 1292 γοῦντος
307 1243 538 1289 διδασκάλου;
557 1241 627 1280 Καὶ
645 1241 714 1293 γὰρ
736 1241 858 1284 εὐθέως
879 1244 896 1280 ὁ
913 1241 1104 1286 ἀπόστολος
1119 1240 1177 1279 διὰ

148 1308 210 1351 τῆς
233 1305 433 1358 ἐρωτήσεως
462 1303 622 1356 διεγείρει
656 1304 760 1341 αὗτοῦ
791 1302 848 1340 τὸν
874 1301 994 1340 πόθον·
1025 1302 1078 1340 ὅτι
1109 1301 1177 1356 γὰρ

150 1366 242 1410 ἄξιος
263 1361 304 1413 ῆν
321 1371 439 1417 τυχεῖν
459 1369 518 1403 τοῦ
547 1365 753 1414 ὁδηγοῦντος
785 1362 871 1415 πρὸς
887 1360 952 1408 τὴν
972 1365 1042 1400 τῶν
1059 1365 1176 1413 ἐγκει-

150 1427 263 1477 μένων
292 1425 502 1472 κατανόησιν
518 1455 527 1473 ,
565 1424 653 1471 αὐτὴ
686 1427 708 1470 ἡ
742 1422 925 1475 ἀπόκρισις
954 1429 1014 1462 τοῦ
1055 1424 1177 1475 ἀνδρὸς

150 1489 258 1535 δηλοῖ.
289 1489 361 1526 Τοῦ
393 1486 460 1538 γὰρ
483 1484 678 1524 ἀποστόλου
701 1484 857 1529 εἰπόντος
869 1514 880 1534 ,
898 1478 989 1538 Ἆρά
1008 1501 1047 1537 γε
1067 1485 1177 1538 γινώ-

149 1564 259 1596 σκεις;
279 1549 339 1586 καὶ
366 1549 456 1598 μετὰ
486 1549 643 1591 εὐτελοῦς
661 1547 844 1600 σχήματος
864 1549 1087 1600 προσιόντος,
1116 1551 1178 1587 οὐκ

148 1609 397 1662 ἐδυσχέρανεν,
426 1612 488 1648 οὐκ
509 1608 776 1660 ἠγανάκτησεν,
805 1610 868 1647 οὐκ
898 1609 1056 1660 ἐνόμισεν
1081 1609 1175 1661 ὑδρί-

148 1674 227 1709 σθαι
243 1700 252 1718 ,
271 1671 290 1710 ὃ
307 1670 429 1710 πολλοὶ
446 1673 514 1708 τῶν
533 1669 687 1717 ἀνοήτων
705 1669 904 1722 πάσχουσι,
924 1671 984 1708 καὶ
1008 1671 1178 1714 πολλάκις

149 1735 327 1782 αἱροῦνται
346 1732 380 1769 ἐν
401 1732 551 1778 διηνεκεῖ
570 1730 692 1782 ἀγνοίᾳ
711 1730 909 1782 τυγχάνειν,
930 1731 1178 1782 αἰσχυνόμενοι

147 1792 210 1838 τὴν
228 1792 369 1843 ἄγνοιαν
385 1794 617 1843 ὁμολογῆσαι,
641 1792 700 1829 καὶ
731 1791 829 1843 παρὰ
862 1794 931 1830 τῶν
952 1792 1088 1837 διδάξαι
1120 1795 1179 1831 δυ-

147 1853 306 1903 ναμένων
327 1857 461 1904 μαθεῖν.
479 1852 571 1891 Ἀλλ’
591 1846 688 1896 οὗτος
723 1853 819 1892 οὐδὲν
838 1853 968 1891 τούτων
984 1852 1152 1892 πέπονθεν
1168 1870 1175 1877 ·

149 1914 240 1952 ἀλλὰ
260 1914 349 1964 μετὰ
373 1914 490 1960 πάσης
512 1913 698 1956 ἐπιεικείας
718 1913 778 1951 καὶ
808 1913 990 1958 εὖλαδείας
1009 1913 1072 1961 τὴν
1093 1915 1178 1954 ἀπό-

150 1991 265 2027 κρισιν
282 1981 455 2023 ποιεῖται,
475 1974 608 2019 δεικνὺς
638 1977 742 2014 αὐτοῦ
763 1977 826 2021 τῆς
854 1977 970 2026 ψυχῆς
987 1975 1051 2023 τὴν
1074 1976 1179 2014 κατά·

149 2052 286 2084 στασιν,
305 2036 365 2074 καί
384 2052 488 2088 φησι·
511 2038 595 2080 Πῶς
620 2035 688 2089 γὰρ
708 2036 747 2074 ἂν
768 2035 958 2087 δυναίμην,
976 2036 1035 2075 ἐὰν
1058 2037 1106 2087 μή
1127 2053 1178 2080 τις

149 2098 305 2149 ὁδηγήσῃ
327 2113 391 2148 με;
410 2097 479 2135 Καὶ
505 2100 543 2136 οὐ
564 2096 667 2148 μόνον
687 2097 899 2149 ἀπεκρίνατο
921 2096 982 2148 μὲν
1002 2099 1079 2148 μετ’
1098 2098 1179 2135 ἐπι-

150 2159 293 2205 εικείας,
326 2158 531 2209 παρέδραμε
566 2157 620 2205 δὲ,
654 2157 744 2196 ἀλλὰ
783 2160 914 2209 μᾶλλον
943 2160 1011 2196 τῶν
1043 2158 1178 2196 οἰκείων

148 2218 286 2270 τρόπων
307 2218 562 2269 ἐνδεικνύμενος
582 2222 668 2267 ἡμῖν
686 2218 748 2265 τὴν
770 2218 914 2270 ἀρετὴν,
935 2224 1046 2258 ταῦτα
1073 2218 1179 2258 εἰπὼν

149 2279 387 2334 παρεκάλεσεν
407 2283 424 2317 ὃ
437 2279 625 2328 δυνάστης,
641 2283 659 2317 ὃ
677 2280 853 2332 βάρῧαρος
868 2309 878 2327 ,
897 2283 915 2319 ὁ
930 2282 985 2319 ἐπ’
1000 2280 1180 2333 ὀχήματος

149 2341 334 2394 φερόμενος
350 2341 407 2379 τὸν
431 2343 553 2387 εὐτελῆ
574 2340 796 2393 φαινόμενον,
818 2341 876 2380 τὸν
898 2341 967 2380 ἀπὸ
987 2345 1048 2389 τῆς
1071 2343 1179 2389 ἐσθῆ-

150 2417 206 2445 τος
242 2401 562 2455 εὐκαταφρόνητον,
595 2402 773 2440 ἀναὸάντα
804 2401 947 2441 καθίσαι
981 2401 1043 2442 σὺν
1072 2404 1180 2456 αὐτῷ.

152 2456 252 2506 Εἶδες
281 2464 396 2515 ψυχῆς
433 2462 650 2515 προθυμίαν,
678 2457 764 2507 εἶδες
789 2463 970 2508 εὐλαὸείας
999 2464 1180 2513 ἐπίτασιν,

152 2517 237 2566 εἶδες
259 2523 436 2577 βαρίάρου
451 2523 595 2575 γνώμην
616 2524 773 2577 φιλόθεον
786 2554 796 2571 ,
810 2528 885 2569 πῶς
904 2524 1056 2577 ἐπλήρου
1072 2529 1182 2564 ἐκεῖνο

150 2586 190 2622 τὸ
211 2585 307 2636 παρὰ
334 2588 439 2638 σοφοῦ
459 2601 551 2629 τινος
579 2586 761 2638 εἰρημένον
775 2603 782 2610 ·
804 2586 890 2625 Ἔὰν
913 2586 990 2638 ἴδῃς
1025 2587 1180 2636 συνετὸν,

151 2646 284 2698 ὅρθριζε
300 2646 385 2699 πρὸς
401 2645 501 2684 αὐτὸν
516 2676 526 2694 ,
541 2647 600 2684 καὶ
625 2646 780 2698 βαθμοὺς
807 2650 918 2700 θυρῶν
939 2649 1044 2686 αὐτοῦ
1061 2651 1180 2701 ἐκτρι-

152 2707 243 2746 Εέτω
261 2711 279 2745 ὁ
298 2711 383 2751 ποῦς
404 2723 483 2756 σου,
506 2701 606 2751 Εἶδες
635 2711 710 2752 πῶς
730 2707 873 2753 δικαίως
906 2711 944 2747 οὐ
976 2708 1179 2761 περιώφθη;

153 2762 238 2812 εἶδες
265 2772 339 2813 πῶς
372 2768 515 2813 δικαίως
547 2769 731 2816 ἀπήλαυσε
761 2774 823 2817 τῆς
849 2770 977 2809 ἄνωθεν
1001 2771 1180 2824 προνοίας;

153 2823 238 2873 εἶδες
257 2833 331 2873 πῶς
349 2829 446 2868 οὐδὲν
468 2830 604 2870 ἐνέλιπε
635 2834 703 2870 τῶν
724 2831 931 2884 ὀφειλόντων
964 2836 1047 2886 παρ’
1074 2837 1178 2872 αὐτοῦ

154 2891 407 2941 εἰσενεχθῆναι,
427 2890 496 2929 Διὰ
521 2896 620 2930 τοῦτο
646 2892 766 2930 λοιπὸν
793 2892 970 2945 ἐπιτυχὼν
989 2899 1048 2932 τοῦ
1081 2895 1180 2933 διδα-

153 2951 283 2990 σκάλου
296 2982 306 2998 ,
324 2951 495 3002 ἐμάνθανε
514 2952 603 3003 μετὰ
618 2953 796 3005 ἀκριὸείας
811 2954 871 2992 καὶ
883 2957 952 2993 τῶν
967 2955 1179 3007 ἐγκειμένων

153 3011 216 3058 τὴν
237 3011 397 3062 δύναμιν,
414 3012 472 3050 καὶ
492 3012 677 3065 ἐφωτίζετο
695 3013 758 3061 τὴν
778 3014 943 3052 διάνοιαν.
962 3014 1074 3054 Ἴδετε
1099 3017 1179 3055 ὅσον

154 3073 246 3112 ἐστὶν
263 3073 389 3124 ἀγαθὸν
403 3073 442 3111 τὸ
461 3073 550 3124 μετὰ
568 3077 746 3126 προσοχῆς
764 3074 823 3113 καὶ
844 3077 998 3122 σπουδῆς
1016 3076 1079 3124 τὴν
1096 3078 1180 3116 ἀνά-

154 3149 280 3185 γνωσιν
299 3138 472 3173 ποιεῖσθαι
491 3138 560 3174 τῶν
579 3135 679 3173 θείων
704 3137 872 3188 spuet-313
892 3136 960 3176 Διὰ
986 3137 1055 3191 γὰρ
1080 3143 1180 3177 τοῦτο

156 3194 216 3232 καὶ
233 3194 296 3241 τὴν
318 3194 409 3233 κατὰ
424 3196 482 3234 τὸν
503 3196 678 3249 βάρὲαρον
693 3200 812 3235 τοῦτον
832 3197 985 3250 ἱστορίαν
1007 3201 1053 3243 εἰς
1074 3198 1180 3249 μέσον

157 3258 237 3305 ὑμῖν
271 3255 471 3308 παρήγαγον
488 3287 497 3305 ,
534 3256 589 3294 ἵνα
624 3257 673 3307 μὴ
712 3259 998 3310 ἐπαισχυνθῶμεν
1032 3261 1182 3303 ἅπαντες

926 242 1000 272 xlv
1012 260 1021 270 .
1060 239 1221 270 Gumis.

1261 239 1417 269 uouit..
1457 241 1601 271 xxxv.
2104 231 2190 288 [μιν]

1241 325 1284 359 in
1300 324 1534 362 Jerusalem.
1554 322 1651 364 Vide
1670 323 1776 361 etiam
1798 323 2093 375 peregrinationis
2113 340 2195 362 cau-

1241 398 1328 433 sam,
1349 383 1510 423 idoneam
1534 399 1614 436 quae
1636 384 1745 423 animi
1764 384 1877 437 ipsius
1904 384 2068 436 pictatem
2085 384 2197 422 decla-

1240 454 1316 482 ret:
1337 445 1497 498 expende
1524 447 1619 484 enim
1646 455 1819 497 quantum
1846 445 1982 483 itineris
2006 445 2197 498 susceperit

1242 514 1279 542 ut
1304 506 1499 544 Dominum
1519 508 1697 545 adoraret.
1718 507 1822 544 Tunc
1842 505 1937 544 enim
1959 505 2078 544 adhuc
2095 505 2197 543 divi—

1195 573 1217 602 Β
1242 579 1327 603 num
1357 566 1495 604 cultum
1523 567 1789 606 arbitrabantur
1812 581 1881 605 uno
1906 567 1983 605 loco
2005 566 2195 615 concludi,

1242 624 1390 675 ideoque
1414 626 1522 677 longo
1549 636 1689 678 peracto
1709 628 1847 675 itinere,
1874 627 1949 666 illic
1968 641 2052 666 suas
2079 641 2199 680 preces

1241 684 1462 722 fundebant:
1484 696 1670 738 propterca
1691 696 1725 725 et
1745 687 1808 726 iste
1819 702 1859 725 eo
1876 697 2018 727 venerat
2034 688 2094 725 ubi
2112 696 2198 725 tem-

1241 744 1343 796 plum
1376 755 1450 784 erat
1482 755 1521 785 et
1553 747 1671 784 cultus
1681 747 1867 796 Judzzicus,
1896 758 1933 786 ut
1957 748 2199 786 adorationem

1243 805 1397 844 Domino
1412 807 1642 858 persolveret.
1664 806 1709 845 Et
1725 816 1952 859 posteaquam
1969 809 2063 859 quod
2080 810 2198 861 cupie-

1244 866 1305 904 bat
1326 866 1557 919 implevissct,
1578 869 1801 915 Revertens,
1822 868 1948 919 inquit,
1967 879 2002 907 et
2029 873 2069 906 in
2087 884 2200 907 curru

1245 941 1313 966 sno
1329 929 1467 968 sedens
1488 929 1652 981 legebat.

1299 999 1335 1034 2.
1353 995 1492 1035 Deinde
1509 1011 1590 1035 cum
1607 996 1809 1036 accessisset
1827 997 2030 1050 Philippus,
2049 998 2145 1036 dixit
2159 998 2204 1036 ad

1247 1056 1374 1095 illum:
1399 1060 1576 1098 Putasne
1607 1059 1796 1111 intelligis
1827 1073 1913 1111 quoe
1943 1060 2038 1111 legis
2054 1065 2070 1097 Ρ
2097 1060 2206 1100 Vides
2223 1063 2404 1094 A11-8-30-

1247 1118 1408 1157 animum
1424 1119 1635 1172 diligentem
1649 1134 1690 1158 ac
1705 1120 1916 1170 sollicitum,
1936 1120 2078 1159 lectioni
2098 1122 2206 1160 etiam

1248 1176 1318 1228 illi,
1340 1192 1448 1229 quam
1468 1192 1537 1217 non
1553 1178 1780 1230 intelligeret,
1798 1177 2077 1228 incumbentem,
2097 1188 2130 1217 et
2143 1179 2207 1217 do-

1249 1246 1380 1276 ctorem
1411 1238 1474 1289 qui
1494 1239 1615 1291 ipsum
1641 1238 1830 1276 instrueret
1853 1237 2122 1288 requirentem?
2138 1239 2207 1277 Et-

1201 1315 1226 1346 ρ
1248 1298 1342 1336 enim
1353 1299 1536 1351 apostolus
1551 1299 1672 1338 statim
1693 1312 1755 1352 per
1777 1298 2089 1350 interrogationem
2112 1301 2209 1338 illius

1248 1351 1380 1399 excitat
1402 1361 1570 1400 affectum
1583 1377 1594 1411 ;
1619 1360 1716 1412 quod
1745 1361 1840 1400 enim
1864 1361 1996 1413 dignus
2015 1372 2115 1411 esset,
2149 1363 2209 1413 qui

1249 1422 1406 1460 doctoris
1424 1436 1530 1474 opera
1550 1422 1586 1460 in
1613 1422 1764 1461 lectione
1792 1422 2055 1461 reconditorum
2078 1423 2210 1461 intelli-

1247 1482 1404 1534 gentiam
1418 1492 1705 1534 consequeretur,
1721 1483 1798 1536 ipsa
1814 1482 1882 1522 viri
1897 1484 2076 1536 responsio
2089 1483 2210 1522 decla-

1247 1553 1314 1583 rat.
1336 1545 1427 1582 Cum
1447 1543 1543 1582 enim
1562 1545 1745 1596 apostolus
1768 1543 1933 1596 dixisset,
1954 1546 2132 1583 Putasne
2151 1548 2208 1582 in-

1250 1606 1392 1657 telligis
1408 1609 1424 1642 Ρ
1445 1614 1612 1656 vesteque
1631 1605 1696 1643 vili
1726 1604 1876 1643 indutus
1895 1606 2093 1644 accessisset
2110 1622 2118 1642 :
2140 1621 2207 1644 non

2272 1555 2412 1583 Nonnulli

2224 1603 2325 1634 ριιΙειιιῑ
2337 1598 2413 1623 liunt:

2241 1639 2413 1674 Philippum

1249 1680 1341 1718 aegre
1360 1666 1445 1704 tulit
1471 1680 1535 1704 nec
1564 1665 1772 1717 indignatus
1795 1675 1859 1715 est,
1888 1681 2002 1717 neque
2024 1681 2059 1705 se
2086 1677 2208 1705 contu·
2249 1679 2414 1717 apostolum

1249 1727 1356 1765 melia
1375 1727 1471 1765 affici
1491 1727 1725 1776 existimavit,
1748 1726 1845 1778 quod
1866 1727 2046 1780 plerisque
2067 1728 2208 1766 insulsis
2224 1721 2333 1752 sume·
2364 1720 2414 1746 ³¹³³

2291 1772 2414 1789 nullu-'ro

1249 1787 1396 1837 accidit,
1429 1787 1491 1839 qui
1510 1802 1604 1840 saepe
1634 1788 1774 1826 malunt
1799 1788 1835 1826 in
1870 1798 2042 1841 perpetua
2073 1790 2208 1828 versari
2226 1806 2323 1844 plures
2351 1803 2416 1830 di..-

1249 1850 1464 1901 ignorantia,
1494 1849 1578 1900 quia
1599 1849 1710 1902 pudet
1736 1849 1816 1888 illos
1845 1850 2084 1901 ignorantiam
2109 1865 2211 1889 suam
2226 1855 2331 1874 ⁶⁰¹¹u¹¹¹
2345 1845 2416 1872 ⁰¹⁵⁵·

2225 1898 2254 1916 SR
2297 1896 2394 1915 ΕΞΞΕΥΘ
2402 1901 2411 1906 -

1250 1911 1424 1959 confiteri,
1445 1920 1478 1949 et
1498 1911 1544 1948 ab
1559 1910 1603 1948 iis
1621 1909 1758 1949 discere
1778 1910 1841 1962 qui
1859 1910 1984 1949 docere
2002 1912 2152 1950 valeant.
2167 1915 2211 1950 At
2226 1935 2301 1957 rant.

1203 1989 1227 2018 D
1250 1972 1336 2011 huic.
1351 1972 1442 2010 nihil
1461 1972 1532 2010 tale
1552 1971 1672 2010 evenit
1683 1988 1694 2022 ,ι
1712 1971 1773 2010 sed
1791 1986 1872 2010 cum
1890 1973 2164 2012 mansuetudine
2178 1983 2211 2012 et

1250 2034 1381 2086 pietate
1408 2032 1612 2085 respondet,
1639 2032 1751 2070 animi
1776 2033 1830 2071 sui
1852 2042 1984 2072 statum
2008 2033 2211 2083 declarans,

1252 2095 1372 2145 aitque
1387 2109 1394 2130 ε
1411 2094 1613 2144 Quomodo
1620 2095 1778 2145 possim,
1792 2096 1869 2132 nisi
1882 2097 1967 2146 quis
1983 2097 2211 2134 mihioslen-
2227 2107 2306 2136 [lna.
2319 2119 2346 2135 v.
2360 2109 2412 2139 31.

1251 2157 1380 2194 derit?
1396 2169 1460 2193 nec
1479 2163 1618 2192 tantum
1635 2163 1817 2193 mansuete
1832 2155 2027 2207 respondit,
2037 2170 2078 2193 ac
2092 2166 2211 2209 postea

1252 2215 1406 2264 transiit,
1421 2214 1483 2253 sed
1498 2229 1622 2253 rursus
1641 2229 1782 2253 morum
1795 2228 1943 2254 suorum
1960 2217 2130 2255 virtutem
2149 2233 2211 2257 no·

1251 2276 1309 2314 bis
1323 2275 1591 2326 demonstrans',
1623 2275 1691 2313 ista
1721 2275 1893 2326 loquutus
1925 2278 2113 2329 praefectus
2127 2279 2209 2330 ille,

1251 2337 1441 2383 barbarus,
1459 2351 1566 2375 curru
1578 2345 1713 2386 vectus,
1728 2350 1810 2375 eum
1827 2337 1889 2388 qui
1907 2338 1990 2377 vilis
2005 2339 2208 2389 videbatur,

1252 2408 1286 2438 ct
1301 2413 1348 2437 ex
1364 2398 1495 2438 vestitu
1513 2397 1803 2447 contemnendus,
1825 2399 1965 2451 rogavit
1986 2409 2024 2437 ut
2042 2402 2210 2440 ascende-

1252 2469 1319 2508 ret,
1344 2475 1386 2498 ac
1406 2474 1527 2498 secum
1547 2459 1695 2498 sederet.
1712 2459 1825 2499 Vides
1851 2460 1962 2498 animi
1981 2461 2120 2500 fervens
2137 2472 2211 2501 stu-

1252 2522 1380 2560 dium?
1402 2521 1503 2561 vides
1524 2521 1627 2574 pium
1650 2520 1796 2558 barbari
1821 2522 2003 2572 animum,
2031 2524 2209 2574 quomodo

1253 2582 1424 2636 sapientis
1442 2581 1631 2634 cujusdam
1655 2581 1792 2619 dictum
1811 2581 1902 2619 illud
1921 2582 2125 2635 impleverit
2146 2585 2209 2624 :Si
2223 2589 2409 2622 Est-laam.

1205 2659 1230 2688 Ε
1252 2645 1399 2682 videris
1406 2646 1538 2681 virum
1543 2643 1788 2694 prudentem,
1802 2656 1918 2680 mane
1924 2657 2036 2695 surge
2045 2646 2202 2692 adeum,

1252 2714 1290 2743 et
1309 2705 1456 2757 gradus
1479 2706 1665 2742 ostiorum
1687 2703 1794 2740 illius
1823 2704 1973 2741 deterat
1999 2719 2065 2756 pes
2088 2714 2176 2745 tuus
2191 2712 2208 2744 P

1251 2766 1365 2807 Vides
1385 2766 1448 2816 qui
1476 2764 1603 2802 merito
1631 2776 1701 2801 non
1723 2763 1769 2801 sit
1793 2763 2002 2816 neglectus?
2022 2766 2123 2805 vides
2144 2769 2206 2818 qui

1251 2824 1376 2862 merito
1395 2836 1583 2875 supernam
1601 2821 1647 2859 sit
1660 2831 1897 2872 consequutus
1914 2824 2177 2875 providentiam
2188 2828 2206 2865 ἶ)

1250 2884 1352 2924 vides
1369 2893 1406 2921 ut
1424 2883 1515 2921 nihil
1531 2882 1687 2920 omiserit
1705 2895 1828 2920 eorum
1843 2897 1919 2934 qua:
1934 2885 1980 2922 ab
1996 2885 2074 2937 ipso
2087 2887 2205 2932 all-'orsi

1253 2941 1512 2981 conveniebat?
1534 2941 1724 2992 Propterea
1746 2939 1912 2993 deinceps
1932 2941 2113 2982 doctorem
2144 2961 2206 2984 na·

1253 3013 1344 3049 ctus,
1366 3016 1488 3040 eorum
1508 3000 1583 3039 vim
1604 3014 1682 3051 quae
1709 3001 1887 3053 proposita
1918 3014 2017 3042 erant
2045 3017 2208 3045 accurate

1252 3063 1421 3110 discebat,
1442 3071 1476 3100 et
1494 3062 1614 3100 aninlo
1632 3061 1918 3103 illuminabatur.
1933 3065 2076 3105 Videtis
2095 3082 2207 3118 quau-

1254 3136 1330 3164 tum
1345 3126 1390 3163 sit
1406 3122 1582 3162 commodi
1597 3131 1727 3161 attente
1742 3132 1775 3161 et
1789 3124 1948 3163 studiose
1956 3125 2100 3165 divinas
2113 3130 2209 3167 Scri-

1256 3197 1376 3240 pturas
1389 3185 1530 3238 legere?
1545 3186 1733 3236 Propterea
1745 3185 1838 3223 enim
1852 3195 1885 3223 et
1895 3187 1987 3225 hanc
1999 3188 2043 3226 de
2056 3190 2207 3228 barbaro

1255 3244 1441 3283 historiam
1457 3243 1491 3280 in
1508 3241 1667 3280 medium
1681 3243 1782 3282 vobis
1793 3244 1962 3296 produxi,
1976 3256 2011 3284 ut
2029 3262 2070 3285 ne
2083 3264 2205 3299 quem-

159 3316 310 3361 ζηλωταὶ
341 3315 500 3367 γενέσθαι
528 3321 587 3355 τοῦ
611 3318 795 3367 Αἰθίοπος,
825 3322 885 3357 τοῦ
917 3320 1079 3372 εὐνούχου
1094 3351 1102 3367 v
1123 3326 1182 3360 τοῦ
1197 3349 1243 3372 ³52
1258 3320 1363 3357 quam
1379 3313 1536 3342 nostrum
1554 3302 1683 3355 pudeat
1699 3303 1910 3344 imitatorem
1928 3308 2003 3345 fieri
2017 3309 2207 3362 AEtliinpis,

161 3375 248 3425 μηδὲ
266 3379 299 3414 ἐν
318 3378 497 3431 ὁδοιπορίᾳ
520 3381 580 3424 τῆς
604 3378 827 3428 ἂνχγνόηᾶυς
846 3381 1063 3430 ἀμελῶντῡς,
1085 3380 1181 3419 ‘lm—
1212 3385 1234 3413 Λ
1260 3372 1426 3416 runnu-lii,
1443 3372 1520 3423 ejus
1540 3370 1601 3422 qui
1619 3385 1661 3408 ne
1676 3371 1709 3409 iu
1730 3371 1852 3410 itinere
1869 3374 2013 3424 quidem
2031 3377 2208 3415 lectionem

160 3439 212 3480 νος
245 3437 311 3489 γὰρ
333 3441 428 3481 οὗτος
459 3442 476 3476 ὁ
511 3439 684 3491 θάρῖἱαρος
723 3440 852 3479 ἅπασιν
875 3445 958 3490 ἡμῖν
980 3441 1185 3486 διδάσκαλος

1263 3439 1471 3492 neglexerit.
1499 3438 1652 3477 Idoneus
1671 3440 1764 3478 enim
1795 3450 1842 3478 est
1869 3442 2040 3480 barbarus
2065 3444 2127 3482 ist<-
2149 3448 2209 3495 qui
