2516 3791
623 252 627 255 ι
680 214 721 244 ix
762 216 864 246 mr.
905 217 1001 246 xvi.

494 367 672 405 ΟΜΙΑΙΑ
704 369 768 405 Ms-

108 487 256 526 ’Ἡνίκα
276 487 312 525 δὲ
333 487 470 539 ἐγένετο
489 492 507 527 ὁ
525 488 664 542 Ἄδραμ
682 491 908 538 ἐννενήκοντα
929 492 1027 530 ἐννέα
1039 494 1138 541 ἐτῶν,

437 550 535 602 ὤφθη
556 552 652 603 αὐτῷ
666 554 684 589 ὁ
703 552 808 596 Θεός.

161 675 302 722 Εἴδετε,
322 676 516 726 ἀγαπητοὶ,
535 678 609 719 πῶς
636 675 734 714 οὐδὲν
753 675 859 728 ἀργὸν
883 678 953 714 τῶν
981 675 1078 727 παρὰ
1096 678 1139 726 τῇ

107 735 181 788 θεία
206 738 330 790 Γραφῇ
349 736 541 787 κειμένων;
558 737 667 775 εἴδετε
693 736 775 789 χθὲς
802 738 877 780 πῶς
904 739 948 775 τὰ
966 736 1057 774 κατὰ
1076 734 1140 782 τὴν

106 796 215 850 Ἅγαρ
231 799 278 841 εἰς
299 797 404 849 μέσον
423 797 706 850 παραγαγόντες,
729 797 789 835 καὶ
809 796 873 843 τὴν
901 796 1033 843 ταύτης
1051 799 1137 835 ἀνα·

1042 217 1127 246 (istm
1137 217 1160 246 Ε

1165 217 1202 247 S.
1245 217 1401 247 nomn..
1443 219 1598 248 ΧΧΧΙΧ.

2077 213 2094 266 ..x

2106 225 2128 251 v·
2109 209 2127 219 ι

2136 226 2159 270 *A

1486 371 1692 410 llOMlLIA
1724 371 1899 412 XXXIX.

1212 493 1365 539 Quando
1391 504 1509 533 autem
1529 496 1643 533 sactus
1664 506 1715 534 est
1735 496 1868 535 Abram
1888 498 2076 548 nonaginta
2103 511 2164 537 no—
2184 511 2255 537 (len.
2278 520 2308 550 ¹7
2342 519 2366 538 t.

1266 569 1344 592 vein
1365 570 1552 603 annorum,
1569 557 1734 610 apluiruit
1749 557 1778 596 ci
1801 560 1906 597 Deus.

1267 675 1300 710 1.
1339 676 1502 725 Vidistis,
1533 677 1771 729 dilectissimi,
1799 681 1979 731 quomodo
2010 681 2101 720 nihil
2120 683 2166 720 sit

1210 733 1320 771 otiose
1357 735 1392 772 in
1427 736 1551 775 divina
1585 740 1770 792 Scriptura
1804 743 1990 793 positum?
2024 742 2166 782 vidistis

1209 804 1384 844 quantum
1400 796 1566 835 utilitatis
1581 798 1657 837 lieri
1672 802 1904 852 percepimus,
1916 818 1997 841 cum
2011 804 2055 843 de
2072 806 2165 856 Agar

104 858 278 910 χώρησιν,
307 858 442 905 πολλὴν
473 857 644 910 ὠφέλειαν
673 859 803 895 ἐκεῖθεν
831 857 1136 909 ἐκαρπωσάμεθα,
1160 863 1185 894 E
1209 856 1342 894 ancilla
1364 857 1518 909 fugitiva
1547 859 1826 900 dissereremus?
1845 863 2046 902 Didicimus
2070 865 2164 904 enim

105 919 308 969 Ἐμάθομεν
337 917 406 970 γὰρ
435 920 496 955 τοῦ
526 916 748 969 πατριάρχου
779 916 844 964 τὴν
868 916 1003 965 πολλὴν
1023 916 1134 956 ἐπιεί-

103 995 217 1028 κειαν,
237 981 301 1025 τῆς
323 978 549 1031 σωφροσύνης
567 979 631 1026 τὴν
651 978 864 1030 ὑπερόολὴν,
885 978 950 1025 τὴν
971 980 1076 1027 αἰδῶ,
1093 979 1136 1026 ἣν

84 1034 91 1044 ⁵
104 1040 271 1091 ἀπένειμε
287 1042 330 1092 τῇ
352 1040 474 1093 Σάρᾳ,
495 1040 559 1089 τὴν
577 1040 664 1093 πρὸς
681 1041 790 1087 αὖτῆν
814 1040 976 1091 ὁμόνοιαν
994 1040 1135 1079 πάντων

103 1101 294 1153 ἡγούμενος
307 1101 579 1155 προτιμοτέραν.
602 1101 753 1152 Εἷδομεν
764 1105 824 1139 τοῦ
844 1104 937 1141 Θεοῦ
957 1101 1022 1149 τὴν
1043 1102 1136 1154 ἄφα-

103 1178 161 1202 τον
181 1163 455 1216 φιλανθρωπίαν,
476 1163 570 1206 ὅπως
590 1163 646 1201 διὰ
658 1162 722 1210 τὴν
743 1166 790 1207 εἰς
806 1163 864 1202 τὸν
878 1162 1010 1202 δίκαιον
1027 1163 1134 1214 τιμὴν

103 1227 141 1262 οὐ
158 1225 260 1275 μόνον
273 1224 472 1277 ἐπανήγαγε
483 1224 546 1271 τὴν
560 1224 667 1276 Ἅγαρ
679 1225 769 1263 κατὰ
782 1224 846 1271 τὴν
857 1225 987 1278 ἔρημον
997 1227 1134 1263 πλανω·

104 1286 225 1337 μένην,
242 1287 301 1324 καὶ
323 1286 380 1324 διὰ
395 1286 452 1324 τὸν
470 1288 534 1331 τῆς
547 1285 732 1332 δεσποίνης
748 1285 854 1338 φόὸον
868 1286 1133 1339 ἀποδράσασαν,

103 1348 194 1386 ἀλλὰ
223 1348 282 1386 καὶ
302 1350 362 1386 τοῦ
384 1347 537 1397 Ἰσμαὴλ
556 1347 614 1385 τὸν
641 1346 743 1386 τόκον
772 1347 981 1400 ἐχαρίσατο,
999 1348 1133 1395 πολλὴν

102 1410 257 1448 ἐντεῦθεν
277 1411 326 1461 τῷ
344 1408 468 1461 δικαίῳ
488 1407 551 1455 τὴν
571 1408 796 1460 παραμυθίαν
816 1411 981 1456 ἐπινοῶν,
996 1410 1055 1449 καὶ
1072 1413 1134 1458 τῆς

1207 917 1419 970 patriarchae
1454 919 1658 971 lenitatem,
1691 923 1861 961 eximiam
1896 925 2161 975 continentiam,

1207 980 1442 1018 reverentiam
1461 996 1567 1033 quam
1584 996 1665 1035 erga
1682 984 1807 1023 Saram
1823 985 2004 1035 exhibuit,
2023 996 2056 1025 et
2073 1002 2163 1038 quo-

1207 1041 1313 1080 modo
1343 1043 1570 1082 concordiam
1590 1045 1694 1084 bonis
1721 1047 1889 1085 omnibus
1910 1048 2165 1100 praefercndani

1205 1101 1360 1141 duxerit.
1380 1102 1548 1143 Vidimus
1566 1106 1632 1144 Dei
1648 1107 1866 1146 ineffabilem
1895 1108 2165 1160 benignitatem,
2216 1118 2221 1123 ”

1205 1164 1384 1215 quomodo
1400 1173 1433 1204 et
1450 1165 1485 1204 in
1504 1166 1674 1207 honorem
1687 1170 1776 1221 justi
1794 1183 1863 1208 non
1883 1171 2002 1209 solum
2021 1171 2167 1210 reduxit

1206 1227 1315 1276 Agar,
1335 1240 1413 1278 quoe
1434 1226 1469 1265 in
1492 1228 1686 1268 solitudine
1705 1230 1859 1279 errabat,
1882 1240 1915 1269 et
1933 1231 1980 1269 ob
2000 1232 2164 1272 timorem

1203 1285 1358 1324 dominae
1388 1289 1586 1341 aufugerat,
1613 1291 1675 1330 sed
1699 1301 1732 1329 et
1763 1292 1794 1330 ci
1814 1293 2000 1332 Ismaelem
2030 1295 2166 1347 prolem

1202 1346 1316 1397 dedit,
1341 1348 1424 1388 inde
1442 1351 1538 1403 justo
1561 1366 1731 1405 magnum
1753 1354 1922 1392 solatium
1941 1356 2162 1407 excogitans,

1203 1418 1380 1462 tantaeque
1411 1411 1591 1464 patientia:
1623 1414 1802 1454 mercedes
1828 1415 1858 1454 ei
1878 1416 2087 1454 retribuens.
2115 1417 2162 1454 Et

102 1469 275 1516 τοσαύτης
294 1473 469 1519 ὑπομονῆς
487 1469 672 1513 ἀποδιδοὺς
691 1471 787 1524 αὐτῷ
802 1469 864 1515 τὰς
883 1471 1045 1522 ἀμοιὸάς.
1063 1473 1133 1511 Καὶ
1147 1508 1194 1534 395
1204 1480 1392 1524 postquam
1423 1482 1526 1512 natus
1551 1484 1603 1513 est
1632 1476 1771 1525 Ismael,
1802 1477 1925 1515 volens
1954 1492 2016 1516 nos
2040 1477 2167 1516 docere

103 1530 223 1578 ἐπειδὴ
246 1530 371 1583 ἐτέχθη
393 1534 410 1569 ὁ
430 1530 600 1582 Ἰσμαὴλ,
623 1530 821 1582 βουλομένη
840 1532 978 1578 διδάξαι
1001 1537 1095 1586 ἡμᾶς
1110 1537 1132 1581 ἦ
1159 1546 1184 1575 Α
1206 1533 1391 1586 Scriptura
1421 1543 1562 1588 tempus
1590 1537 1817 1590 patriarchae,
1851 1539 1956 1577 etiam
1980 1554 2170 1597 numerum

102 1591 177 1630 θεία
195 1593 222 1630 Γ
227 1591 319 1645 ραφὴ
340 1592 398 1630 τὸν
419 1592 544 1644 χρόνον
562 1595 622 1630 τοῦ
636 1592 856 1646 πατριάρχου
868 1594 1029 1640 ,καὶτῶν
1049 1597 1134 1634 ἐτῶν
1206 1608 1384 1633 annorum
1403 1596 1506 1635 nobis
1524 1596 1726 1650 designavit
1744 1598 1866 1638 dicens
1884 1616 1891 1636 :
1915 1602 1975 1639 16.
2001 1598 2168 1652 Quando
2187 1611 2262 1649 Cap,
2302 1613 2345 1638 ιιῑ.

101 1652 160 1691 τὸν
181 1655 326 1706 ἀριθμὸν
355 1658 440 1706 ἡμῖν
469 1654 718 1705 ἐπεσημήνατο
751 1657 918 1706 εἰποῦσα,
938 1657 992 1696 ὅτι
1009 1658 1137 1697 Ἡνίκα

102 1714 230 1767 ἐτέχθη
251 1718 269 1753 ὅ
290 1715 462 1767 Ἰσμαὴλ,
483 1717 570 1753 ἐτῶν
601 1717 851 1768 ὀγδοηκονταὲξ
878 1713 920 1766 ἦν
949 1722 966 1757 ὁ
985 1718 1136 1772 Ἄδραμ.

101 1775 252 1827 Ἴδωμεν
280 1776 314 1815 δὲ
343 1776 465 1815 λοιπὸν
486 1777 529 1815 τὰ
549 1779 717 1826 ἐντεῦθεν,
737 1777 793 1816 ἵνα
810 1779 870 1817 καὶ
900 1782 939 1818 ἐκ
964 1783 1034 1818 τῶν
1059 1780 1138 1827 ἑξῆς

105 1838 270 1890 μάθωμεν
287 1839 392 1877 πάλιν
410 1839 469 1877 καὶ
485 1843 545 1876 τοῖὶ
558 1838 693 1877 δικαίου
712 1838 777 1886 τὴν
788 1840 923 1887 πολλὴν
943 1841 1136 1892 ὑπομονὴν,

102 1899 162 1938 καὶ
195 1903 255 1938 τοῦ
288 1899 468 1938 Δεσπότου
503 1899 565 1946 τὴν
600 1899 731 1952 ἄφατον
762 1900 820 1939 καὶ
849 1901 1136 1954 ὑπερῧάλλουσαν

101 1961 380 2013 φιλανθρωπίαν.
417 1960 596 2012 Εἰσόμεθα
635 1961 671 2000 δὲ
707 1961 797 2012 μετὰ
836 1963 1040 2014 ἀκριὸείας,
1077 1964 1137 2002 ἐὰν

80 2034 83 2038 ·
100 2022 207 2060 πάλιν
227 2022 306 2066 τοὺς
324 2022 469 2074 χρόνους
488 2025 550 2069 τ’ἧς
572 2025 661 2068 ζωῆς
686 2025 746 2060 τοῦ
767 2022 901 2061 δικαίου
921 2029 1137 2076 καταμαθεῖν

101 2084 316 2134 δυνηθῶμεν,
336 2083 395 2121 καὶ
415 2083 509 2126 ὅπως
536 2085 554 2121 ὁ
580 2083 708 2135 ἀγαθὸς
729 2083 818 2127 Θεὸς
850 2083 894 2122 τὰ
928 2086 1008 2124 κατἹ
1034 2086 1137 2125 αὐτὸν

100 2144 294 2196 ᾠκονόμει,
315 2147 392 2183 καθ’
415 2144 562 2183 ἕκαστον
582 2145 703 2196 καιρὸν
722 2145 869 2197 δοκιμὴν
888 2149 948 2185 τοῦ
968 2146 1054 2185 ἰδίου
1077 2151 1137 2186 θε-

102 2205 270 2256 ράποντος
283 2204 488 2255 λαμὸάνων,
499 2205 557 2242 καὶ
574 2205 613 2243 τὸ
629 2205 783 2258 θεοφιλὲς
800 2207 904 2246 αὐτοῦ
918 2209 979 2254 τῆς
993 2207 1136 2259 γνώμης

99 2267 340 2305 ἐκκαλύπτων.
361 2266 473 2310 Αὐτὸς
493 2265 556 2317 μὲν
574 2266 641 2319 γὰρ
657 2267 808 2320 προῄδει
823 2270 943 2321 σαφῶς
961 2273 1022 2307 τοῦ
1048 2270 1133 2309 ἰδίου

99 2328 234 2367 οἰκέτου
252 2328 315 2376 τὴν
336 2326 617 2379 εὐγνωμοσύνην,
636 2328 696 2367 καὶ
722 2331 786 2376 τῆς
814 2332 931 2383 ψυχῆς
959 2332 1063 2369 αὐτοῦ
1094 2331 1134 2370 τὸ

98 2389 433 2437 κάλλος-ἠπίστατο,
450 2389 508 2427 καὶ
533 2389 590 2427 τὸν
620 2390 840 2443 μαργαρίτην
873 2392 1027 2445 ἀκριὸῶς
1057 2392 1132 2445 ἐγί-

98 2466 247 2489 νωσκεν·
267 2451 345 2489 ἀλλ’
362 2449 482 2497 ἐπειδὴ
505 2450 668 2489 ἐὸούλετο
688 2452 747 2490 καὶ
767 2459 856 2491 πᾶσι
871 2458 943 2498 τοῖς
961 2454 1038 2492 τότε
1057 2470 1131 2493 πα-

99 2515 196 2563 ροῧσι
215 2512 411 2558 κατάδηλον
431 2511 532 2550 αὐτὸν
550 2512 791 2560 ποιῆσαι,·“ι’να
805 2514 864 2552 καὶ
884 2517 932 2559 εἷς
955 2514 1018 2559 τὰς
1043 2517 1132 2567 μετὰ

96 2575 208 2610 ταῦτα
226 2572 346 2624 γενεὰς
378 2575 400 2619 ἡ
431 2576 490 2610 τοῦ
529 2573 663 2612 δικαίου
691 2574 799 2627 ἀρετὴ
833 2576 919 2629 πρὸς
949 2578 1052 2623 ζῆλον
1073 2576 1134 2615 καὶ

98 2633 248 2684 μίμησιν
270 2634 461 2686 ἐφέλκηται
475 2632 553 2678 τοὺς
569 2635 820 2686 βουλομένους,
842 2637 898 2676 διὰ
919 2641 1022 2677 τοῦτο
1039 2638 1131 2677 κατὰ

98 2695 222 2748 μικρὸν
242 2694 454 2733 ἐκκαλύπτει
474 2694 532 2733 τὸν
558 2697 708 2734 πλοῦτον
729 2700 792 2744 τῆς
811 2703 872 2737 τοῦ
892 2699 1026 2738 δικαίου
1044 2699 1132 2752 γνώ-

97 2773 166 2806 μης
177 2786 186 2804 ,
203 2755 260 2794 ἵνα
275 2757 523 2808 παιδευώμεθα
540 2758 599 2796 καὶ
613 2761 716 2809 ἡμεῖς
736 2760 913 2809 μηδέποτε
936 2761 1130 2800 διαπιστεῖν

95 2822 171 2860 ταῖς
198 2820 259 2855 τοῦ
279 2819 380 2865 ,Θεοῦ
402 2818 625 2869 ἐπαγγελίαις
641 2835 648 2842 ·
666 2820 755 2870 μηδὲ
780 2821 1018 2874 δυσχεραίνειν
1044 2824 1130 2876 πρὸς

94 2878 158 2925 τὴν
179 2878 367 2925 ἀναὸολῆν,
397 2879 488 2917 ἀλλὰ
520 2880 653 2929 μᾶλλον
683 2883 752 2919 τῶν
778 2882 964 2934 ὁρωμένων
981 2882 1129 2922 καὶτῶν

95 2941 129 2978 ἐν
166 2939 267 2992 χερσὶ
299 2946 369 2984 τοῖς
403 2940 453 2991 μὴ
494 2941 724 2991 βλεπομένοις
754 2945 906 2996 θαρῤεῖν,
937 2944 1079 2984 ἐπειδὰν
1111 2949 1129 2984 ὁ

93 3001 234 3040 πάντων
248 3001 431 3048 Δεσπότης
448 3001 649 3054 ὑπόσχηται
661 3019 668 3026 ·
685 3003 745 3041 καὶ
761 3004 890 3044 εἰδέναι
907 3007 954 3050 ὡς
973 3010 1038 3059 οὐχ
1056 3002 1127 3046 οἶόν

93 3062 132 3101 τέ
150 3079 235 3102 ποτε
255 3065 432 3102 διαπεσεῖν
458 3063 502 3101 τὰ
527 3064 624 3115 παρὰ
651 3068 710 3102 τοῦ
731 3068 824 3105 Θεοῦ
845 3068 1125 3120 ἕπαγγελθέντα·

93 3124 184 3162 ἀλλὰ
228 3125 292 3163 κᾶν
333 3124 458 3178 χρόνου
492 3126 623 3163 πολλοῦ
658 3127 950 3179 παραδραμόντος
981 3131 1122 3170 ἐναντία

92 3192 167 3229 ταῖς
186 3190 245 3224 τοῦ
271 3188 364 3225 Θεοῦ
395 3186 608 3239 ὑποσχέσεσι
634 3187 801 3238 γένηται,
828 3191 918 3240 μηδὲ
943 3191 1034 3231 οὕτω
1061 3210 1126 3232 σα-

91 3247 252 3286 λεύεσθαι
270 3248 328 3286 τὸν
341 3248 524 3299 λογισμὸν,
545 3249 622 3286 ἀλλ’
645 3250 772 3288 εἰδέναι
791 3254 850 3288 τοῦ
870 3253 1123 3306 ἐπαγγειλαμέ-

1209 1665 1326 1694 natus
1353 1666 1409 1696 est
1435 1660 1582 1698 Jsmael
1594 1690 1603 1708 ,
1636 1674 1830 1699 annorum
1865 1666 2062 1715 octoginta
2099 1678 2167 1703 sez-

1207 1727 1291 1756 erat
1311 1719 1478 1758 Abram.
1507 1720 1706 1761 Videamus
1730 1732 1847 1762 autem
1868 1733 1901 1763 et
1922 1725 1990 1763 hoc
2018 1726 2106 1776 loco,
2131 1726 2168 1764 id

1207 1778 1304 1829 quod
1326 1789 1359 1818 et
1378 1795 1423 1818 ex
1440 1782 1668 1833 sequentibus
1686 1783 1863 1823 discemus
1880 1815 1890 1835 ,
1912 1785 2086 1838 insignem
2106 1802 2168 1839 pa—

1207 1840 1368 1879 tientiam
1383 1842 1487 1895 justi,
1504 1852 1537 1881 et
1556 1843 1772 1883 ineffabilem
1791 1855 1895 1898 atque
1914 1847 2090 1886 eximiam
2106 1848 2168 1886 bc·

1208 1901 1417 1953 nignitatem
1433 1904 1590 1943 Domini.
1608 1906 1770 1945 Sciemus
1783 1916 1903 1946 autem
1923 1917 2073 1960 utraque
2093 1910 2169 1948 evi-

1206 1962 1344 2013 denter,
1367 1964 1394 2002 si
1418 1965 1545 2004 iterum
1567 1976 1730 2020 tempora
1758 1969 1840 2007 vitae
1865 1970 1953 2022 justi
1984 1970 2165 2010 addisceie

1206 2025 1424 2076 poterimus:
1446 2035 1479 2065 et
1498 2027 1676 2078 quomodo
1696 2027 1812 2067 bonus
1839 2031 1938 2068 Deus
1958 2045 2037 2081 quae
2059 2031 2104 2069 ad
2130 2046 2167 2070 se

1208 2086 1357 2124 attinent
1373 2087 1471 2125 omni
1492 2096 1653 2141 tempore
1673 2089 1865 2142 dispenset,
1888 2091 2042 2143 probans
2061 2106 2167 2130 suum

1208 2146 1399 2199 famulum,
1429 2158 1462 2186 et
1490 2149 1588 2201 piam
1612 2150 1688 2202 ejus
1710 2160 1864 2190 mentem
1882 2150 2059 2204 detegens
2086 2155 2166 2206 Ipse

1160 2224 1183 2255 B
1207 2208 1303 2247 enim
1325 2209 1419 2247 clare
1449 2211 1655 2263 praesciebat
1678 2212 1805 2250 famuli
1831 2213 1886 2251 sui
1915 2223 2055 2265 gratum
2081 2215 2164 2253 aui-

1207 2284 1320 2319 mum,
1333 2265 1468 2308 'animae
1487 2272 1564 2324 ejus
1578 2272 1899 2324 pulchritudinem,
1916 2275 2163 2327 margaritam-

1205 2346 1275 2383 que
1292 2331 1386 2370 hanc
1409 2332 1592 2372 evidenter
1611 2335 1823 2387 agnoscebat
1839 2352 1846 2372 :
1869 2336 1930 2375 sed
1946 2338 2029 2388 quia
2047 2338 2163 2377 voluit

1204 2393 1368 2432 omnibus
1381 2402 1467 2432 tunc
1479 2396 1712 2448 praesentibus
1732 2412 1814 2436 eum
1833 2407 1957 2437 notum
1975 2399 2101 2449 facere,
2122 2410 2162 2439 ut

1203 2464 1236 2493 et
1254 2455 1511 2508 posterioribus
1526 2457 1667 2497 saeculis
1687 2458 1764 2511 ipsa
1775 2459 1865 2512 justi
1884 2460 1999 2498 virtus
2015 2461 2060 2498 ad
2075 2462 2158 2500 imi-

1201 2517 1370 2556 tationem
1391 2531 1433 2556 ac
1451 2517 1565 2556 zelum
1586 2533 1644 2557 eos
1665 2520 1726 2571 qui
1747 2521 1909 2559 aemulari
1925 2522 2057 2560 vellent
2073 2537 2159 2575 pro—

1200 2585 1343 2617 vocaret
1364 2593 1371 2614 :
1389 2576 1522 2615 idcirco
1553 2578 1729 2630 paulatim
1763 2588 1916 2616 mentem
1956 2580 2045 2631 justi
2084 2589 2158 2618 tam

1202 2638 1408 2691 opulentam
1426 2638 1528 2676 nobis
1543 2637 1691 2690 detegit,
1716 2647 1755 2676 ut
1773 2638 1953 2678 discamus
1970 2649 2003 2678 et
2020 2655 2083 2679 nos
2099 2640 2155 2679 di-

1201 2699 1296 2738 vinis
1317 2698 1615 2752 promissionibus
1634 2713 1703 2737 non
1731 2699 1908 2749 diffidere,
1933 2715 2046 2752 neque
2063 2701 2156 2740 dila·

1202 2759 1334 2798 tionem
1352 2759 1529 2810 gravatim
1548 2759 1652 2807 serre,
1670 2759 1730 2798 sed
1747 2761 1917 2812 majorem
1936 2776 2034 2814 spem
2051 2763 2085 2800 in
2105 2763 2156 2801 in-

1200 2821 1406 2859 visibilibus
1420 2834 1529 2871 quam
1546 2820 1580 2858 in
1601 2820 1807 2860 visibilibus
1821 2836 1964 2874 ponere,
1986 2838 2063 2875 quae
2083 2826 2156 2863 Do-

1201 2881 1320 2920 minus
1340 2881 1499 2920 omnium
1523 2882 1723 2933 promiserit
1747 2892 1804 2921 :et
1822 2883 1976 2922 sciamus
1992 2899 2061 2924 non
2082 2900 2155 2925 esse

1152 2954 1176 2984 c
1200 2943 1370 2996 possibile
1394 2952 1433 2980 ut
1465 2957 1635 2994 umquam
1667 2943 1833 2982 excidant
1860 2946 2035 2998 promissa
2054 2942 2153 2996 Ἠοῖ,

1200 3004 1259 3043 sed
1281 3013 1313 3042 et
1333 3003 1360 3041 si
1389 3003 1495 3055 longo
1512 3013 1590 3055 post
1611 3012 1768 3056 tempore
1781 3005 1944 3044 eveniant
1963 3007 2081 3058 aliqua
2099 3008 2155 3046 di-

1198 3065 1292 3103 vinis
1310 3064 1495 3117 promissis
1513 3063 1668 3113 diversa,
1688 3079 1731 3103 ne
1751 3076 1936 3119 propterea
1963 3083 2063 3108 mens
2082 3079 2157 3108 tur-

1197 3127 1316 3175 betur,
1334 3125 1394 3163 sed
1408 3139 1662 3176 cognoscamus
1674 3126 1750 3179 ejus
1766 3128 1827 3178 qui
1841 3129 2001 3180 promisit
2017 3131 2152 3183 sapien-

1198 3187 1283 3225 tiam
1303 3197 1336 3225 et
1359 3186 1527 3224 invictam
1550 3186 1739 3226 virtutem:
1760 3196 1794 3226 et
1812 3203 1892 3228 eum
1911 3191 2152 3241 quandocum-

1197 3269 1267 3305 que
1281 3253 1446 3303 volucrit,
1459 3267 1563 3306 opere
1575 3268 1653 3305 quae
1664 3254 1735 3297 sibi
1746 3256 1875 3308 placita
1885 3268 1966 3297 sunt
1978 3262 2153 3313 comple-rt¹

135 3380 147 3393 '³
174 3370 251 3401 1150ss
268 3371 313 3401 '¹1³
331 3369 545 3403 “nuntiamus
569 3373 600 3404 3¹¹
627 3371 740 3406 Blbl’l'ls
759 3386 766 3405 '-
794 3373 920 3418 ἐγένετο
945 3381 975 3412 δὲ
1003 3374 1105 3425 λ’ὅραμ
1126 3386 1198 3414 ἐτῑκι
1217 3385 1401 3417 ἐννενήκοντα
1420 3383 1516 3413 ἐννέα·
1538 3384 1584 3412 καὶ
1603 3384 1684 3426 03qu
1703 3384 1804 3426 Κύριος
1821 3391 1860 3426 τῷ
1880 3379 1996 3428 Reputo..

306 3448 384 3471 ‘1⁴0in
393 3464 398 3470 .
424 3449 462 3471 tv
471 3464 476 3471 .

1948 3448 1990 3483 3·
