2516 3791
650 179 692 208 IN
730 179 835 209 CAP.
878 179 975 210 XVI.

76 263 138 311 τὴν
155 261 370 308 δεσποτείαν,
386 263 463 300 ἀλλ’
479 263 640 313 ὁμολογεῖ
658 262 747 314 μετὰ
761 262 927 309 ἀληθείας
941 262 1100 309 ἅπαντα,

75 326 154 363 Οὐκ
178 323 266 371 ἔστι,
288 323 405 375 φησὶν,
433 323 612 375 ἄνθρωπος
637 326 655 361 ὁ
677 323 944 374 πυνθανόμενος,
960 322 1017 361 ἵνα
1044 323 1101 360 δυ-

75 388 168 432 νηθῶ
186 384 512 437 παρακρούσασθαι.
540 383 738 437 Προλαὸὼν
762 384 823 422 καὶ
839 384 903 432 τὴν
924 399 1101 438 προσηγο-

75 445 150 500 ρίαν
181 439 256 483 ein-s
287 444 351 492 τὴν
377 444 490 495 ἐμὴν,
521 445 580 484 καὶ
613 448 676 492 τῆς
710 444 894 492 δεσποίνης
924 445 1100 495 ἐμνήσθη·

73 506 244 559 προσήκει
266 505 378 544 τοίνυν
400 506 491 557 κάμὲ
513 505 602 557 μετὰ
622 506 787 553 ἀληθείας
812 506 951 544 ἅπαντα
974 507 1098 543 εἰπεῖν.

73 566 157 605 Ἀπὸ
184 566 399 619 προσώπου,
431 567 540 619 φησὶ,
565 567 685 619 Σάρας
712 569 774 613 τ’ἧς
800 566 921 619 κυρίας
948 583 1012 617 μου
1032 564 1100 617 ἐγὼ

73 627 333 680 ἀποδιδράσκω.
385 627 483 680 εὈρα
514 631 588 672 πῶς
619 630 826 680 ἀνεπαχθῶς
857 627 920 674 τὴν
957 625 1098 677 μνήμην

72 688 276 734 ἐποιήσατο.
300 690 353 727 Οὐ
368 688 436 742 γὰρ
456 681 550 726 εἶπεν
563 719 571 733 ,
591 687 645 726 ὅτι
662 688 756 726 δεινοί
777 703 821 738 με
839 687 995 734 διέθηκεν
1011 701 1018 709 ·
1037 687 1099 723 οὐκ

72 743 181 795 εἶπεν,
201 748 255 787 ὅτι
275 749 436 788 ἐκάκωσέ
450 765 507 800 με,
527 749 586 787 καὶ
603 749 660 787 διὰ
676 749 716 787 τὸ
732 748 781 799 μὴ
798 747 915 800 φέρειν
933 746 997 793 τὴν
1013 747 1099 784 πολ-

71 809 135 856 λὴν
169 810 360 862 ἐποίχθειαν
392 812 440 852 εἰς
472 809 582 861 φυγὴν
612 809 791 860 ἐτράπην·
816 808 912 846 οὐδὲν
933 806 1099 859 δυσχερὲς

71 869 277 922 ἐφθέγξατο,
306 870 396 908 ἀλλὰ
416 869 519 920 μόνον
535 872 662 915 ἑαυτῆς
681 868 922 921 κατηγόρησεν
942 869 988 911 ὡς
1008 868 1097 906 ἀπο-

70 931 260 983 δρασάσης.
283 925 383 974 Εἶδες
404 932 510 975 αὖτ’ῆς
528 928 593 976 τὴν
611 929 897 980 εὐγνωμοσύνην,
914 928 1011 980 ‘'0th
1027 927 1098 965 πά·-

69 993 124 1029 λιν
147 991 191 1030 τὰ
210 990 308 1044 παρὰ
327 995 386 1030 τοῦ
408 989 556 1041 ἀγγέλου
576 989 744 1042 εἰρημένα
757 989 842 1042 πρὸς
863 989 985 1036 αὐτήν.
1008 982 1098 1027 Eine

69 1051 104 1090 δὲ
129 1054 217 1104 αὐτῇ
238 1056 256 1091 ὁ
287 1052 433 1104 ἄγγελος
461 1051 590 1105 Κυρίου
608 1067 615 1074 ·
649 1051 893 1103 ἀποστράςρηθι
920 1050 1007 1102 πρὸς
1033 1049 1096 1097 τὴν

68 1112 191 1167 κυρίαν
217 1128 298 1161 σου,
325 1113 385 1151 καὶ
414 1112 650 1160 ταπεινώθητι
672 1113 738 1151 ὑπὸ
757 1111 820 1155 τὰς
837 1117 957 1164 χεῖρας
977 1112 1096 1158 αὐτῆς.

68 1175 164 1226 Πρὸς
192 1174 255 1225 μὲν
281 1175 322 1213 τὸ
342 1177 450 1212 εἰπεῖν
463 1205 473 1222 ,
499 1173 584 1212 Ἀπὸ
601 1173 792 1225 προσώπου
809 1177 872 1220 τῆς
890 1172 1011 1226 κυρίας
1033 1190 1098 1225 μου

68 1235 341 1287 ἀποδιδράσκω,
371 1235 500 1287 φησὶν,
533 1235 809 1288 Ἀποστροίφηθι,
839 1234 1025 1283 ἐποίνελθε,
1046 1234 1095 1286 μὴ

67 1296 280 1347 ἀγνωμόνως
296 1296 452 1334 διάκεισο
469 1297 550 1349 περὶ
566 1295 629 1342 τὴν
648 1296 803 1335 τοσαῦτά
819 1312 857 1335 σε
871 1296 1097 1350 εὐεργετήσα-

68 1373 145 1396 σαν.
180 1351 293 1403 Εἶτα,
330 1357 450 1404 ἐπειδὴ
485 1357 520 1401 ἐξ
550 1358 751 1402 ἀλαζονείας
785 1357 845 1396 καὶ
875 1357 1097 1411 φρονήματος

67 1419 200 1470 ὑψηλοῦ
229 1419 314 1468 πρὸς
344 1418 450 1470 ὀργὴν
481 1418 633 1470 διήγειρε
657 1418 721 1465 τὴν
745 1421 870 1464 ἑαυτῆς
898 1418 1096 1467 δέσποιναν,

67 1478 172 1531 φησί·
194 1479 265 1518 Καὶ
284 1478 522 1526 ταπεινώθητι
541 1480 608 1518 ὑπὸ
628 1479 690 1524 τὰς
709 1486 831 1532 χεῖρας
853 1482 982 1528 αὐτῆς,
1008 1483 1094 1520 ὓπο-

66 1540 194 1578 τάττου
218 1542 305 1592 αὐτῇ
323 1556 330 1564 ·
352 1545 452 1579 τοῦτο
475 1540 542 1592 γάρ
562 1555 615 1578 σοι
635 1541 818 1579 λυσιτελεῖ.
855 1540 1092 1592 Ἐπιγίνωσκε
1103 1578 1134 1602 39

66 1600 129 1648 τὴν
150 1601 323 1649 δουλείαν,
348 1601 396 1653 μὴ
418 1602 533 1653 ἀγνόει
553 1601 615 1649 τὴν
637 1600 851 1649 δεσποτείαν,
873 1601 980 1652 μηδὲν
999 1603 1093 1654 ὑψη-

65 1662 124 1700 λὸν
142 1662 259 1715 φρόνει
275 1694 284 1711 ,
305 1663 354 1714 μὴ
370 1663 414 1701 τὰ
434 1662 520 1715 ὑπὲρ
542 1664 673 1710 σαυτὴν
694 1662 867 1715 φαντάζου
881 1679 889 1686 ·
905 1662 1094 1701 Ταπεινώ-

65 1727 144 1771 θητι
172 1724 240 1763 ὑπὸ
265 1723 328 1768 τὰς
356 1731 479 1777 χεῖρας
509 1726 640 1772 αὐτῆς,
671 1723 806 1770 πολλὴν
838 1723 1007 1768 ἐπίδειξαι
1030 1724 1095 1772 τὴν

63 1784 254 1835 ὑποταγήν.
284 1785 429 1829 Ἱκανῶς
460 1787 566 1832 αὐτῆς
592 1784 654 1832 τὴν
672 1784 789 1837 ψυχὴν
809 1784 1031 1836 κατεμάλαξε
1049 1785 1094 1823 τὰ

62 1844 161 1898 παρὰ
189 1848 250 1883 τοῦ
278 1846 428 1897 ἀγγέλου
454 1846 642 1899 εἰρημένα,
675 1845 896 1884 κατέστειλεν
922 1848 1027 1893 αὐτῆς
1054 1845 1095 1884 τὸ

60 1906 225 1959 φρόνημα
239 1938 249 1955 ,
274 1907 489 1960 ἐχαλίνωσεν
505 1910 612 1954 αὐτῆς
629 1907 687 1946 τὸν
709 1907 839 1958 θυμὸν,
860 1907 993 1955 πολλὴν
1016 1910 1092 1960 εἷρ-

61 1967 194 2018 γάσατο
213 1968 369 2019 γαλήνην
391 1970 425 2006 ἐν
444 1974 516 2012 τοῖς
530 1970 725 2020 λογισμοῖς.

115 2022 205 2067 Εἶτα
219 2028 273 2066 ἵνα
290 2028 340 2080 μὴ
355 2029 483 2081 νομίσῃ
501 2030 622 2074 ἁπλῶς
637 2029 696 2067 καὶ
712 2032 788 2082 εἰκῇ
804 2030 976 2078 τοσαύτης
989 2027 1092 2077 ἠξιῶ-

59 2093 140 2128 σθαι
161 2089 348 2142 προνοίας,
380 2091 469 2128 ἀλλὰ
502 2090 596 2142 μάθῃ
629 2089 681 2128 ὅτι
713 2090 770 2130 διὰ
800 2092 839 2130 τὸ
868 2096 928 2130 τοῦ
954 2091 1088 2130 δικαίου

58 2151 202 2204 σπέρμα
222 2151 394 2198 τοσαύτης
413 2151 584 2190 ἀπολαύει
604 2154 666 2198 τῆς
685 2152 908 2203 κηδεμονίας,
927 2151 992 2206 ὅρα
1013 2155 1088 2196 πῶς

59 2213 166 2259 αὐτὴν
182 2216 455 2265 παραμυθεῖται,
474 2213 534 2250 καὶ
552 2212 734 2260 ἀνίστησιν
753 2216 860 2260 αὐτῆς
874 2213 939 2261 τὴν
955 2213 1086 2266 ψυχὴν,

58 2273 118 2312 καὶ
146 2275 320 2327 ἀρκοῦσαν
351 2276 438 2322 αὖθι]
467 2274 649 2326 χαρίζεται
681 2274 746 2321 τὴν
773 2274 1000 2327 παράκλησιν
1031 2276 1087 2315 διὰ

55 2338 124 2374 τῶν
147 2335 391 2387 ἐπαγομένων..
420 2335 490 2374 Καὶ
516 2329 611 2374 εἶπεν
632 2337 721 2388 αὐτῇ
738 2339 756 2375 ὃ
774 2336 921 2388 ἄγγελος
935 2336 1063 2389 Κυρίου
1078 2353 1085 2360 ·

56 2395 242 2442 πληθύνων
261 2397 427 2442 πληθυνῶ
445 2395 486 2433 τὸ
504 2395 648 2449 σπέρμα
669 2411 729 2435 σου
747 2427 756 2444 ,
774 2397 835 2435 καὶ
855 2400 916 2435 οὐκ
938 2399 1086 2449 ἀριθμη-

57 2456 202 2504 θήσεται
223 2457 316 2494 ῧάπὸ
333 2460 392 2494 τοῦ
412 2456 575 2503 πλήθους.
598 2457 668 2496 Καὶ
686 2457 787 2496 τοῦτό
802 2473 869 2507 σοι,
885 2457 983 2510 φησὶ,
1000 2474 1086 2511 προ-

55 2517 148 2570 λέγω
162 2547 171 2565 ,
210 2517 263 2556 ὅτι
291 2522 451 2556 τοσοῦτον
481 2516 580 2555 ἔσται
598 2518 638 2556 τὸ
657 2519 800 2571 σπέρμα
821 2534 881 2557 σου
897 2550 906 2567 ,
931 2522 977 2563 ὡς
996 2519 1084 2571 μηδὲ

56 2581 196 2632 ἀριθμῷ
216 2578 491 2617 ὓποῧάλλεσθαι.
522 2579 585 2626 Μὴ
603 2579 717 2618 τοίνυν
739 2580 889 2632 ἀθύμει,
911 2581 1000 2632 μηδὲ
1016 2598 1083 2621 κα-

55 2640 209 2678 τάπιπτε
223 2671 232 2688 ,
254 2639 342 2690 μηδὲ
364 2639 538 2692 ταράττου
558 2646 628 2683 τοῖς
643 2641 836 2691 λογισμοῖς,
857 2641 948 2679 ἀλλὰ
966 2648 1082 2681 πᾶσαν

56 2700 224 2746 ἐπίδειξαι
252 2701 316 2748 τὴν
338 2702 531 2752 ὑπο-σαγήν.
573 2701 661 2740 Ἰδοὺ
682 2701 750 2755 γὰρ
770 2704 805 2740 ἐν
827 2703 953 2758 γαστρὶ
975 2703 1080 2756 ἔχεις,

55 2762 115 2800 καὶ
133 2762 214 2813 τέξῃ
233 2762 325 2810 υἱὸν,
344 2761 405 2800 καὶ
426 2761 586 2806 καλέσεις
607 2762 646 2801 τὸ
665 2763 773 2814 ὄνομα
791 2765 895 2802 αὐτοῦ
917 2765 1081 2816 Ἰσμαήλ.

54 2822 123 2861 Διὰ
141 2822 208 2874 γὰρ
227 2822 329 2860 τοῦτό
348 2839 422 2869 σοι,
444 2823 542 2875 φησὶ,
562 2823 622 2861 καὶ
638 2823 696 2862 τὸν
716 2824 817 2863 τόκον
834 2825 1008 2877 προλέγω,
1024 2827 1085 2865 καὶ

53 2884 92 2922 τὸ
114 2884 224 2935 ὄνομα
246 2883 314 2929 ἤδη
335 2884 516 2935 ἐπιτίθημι
538 2887 588 2938 τῷ
607 2885 706 2923 παιδὶ
724 2887 775 2938 τῷ
795 2886 1004 2940 τικτομένῳ,
1025 2887 1081 2926 ἴνα

51 2944 196 2984 πλείονα
218 2943 282 2991 τὴν
311 2945 550 2998 πληροφορίαν
584 2944 778 2996 δεξαμένη,
808 2946 899 2985 οὕτω
931 2948 1081 3001 ποιήσῃς

50 3005 114 3052 τὴν
129 3006 310 3054 ἐπάνοδον,
321 3006 383 3044 καὶ
397 3006 441 3044 τὰ
455 3007 522 3052 ἤδη
534 3007 751 3057 ἐπταισμένα
767 3007 958 3061 διορθώσῃς
970 3025 977 3032 ·
996 3009 1080 3050 εὈτι

52 3067 246 3115 ἐπήκουσε,
268 3067 374 3119 φησὶ,
402 3067 528 3119 Κύριος
547 3071 590 3120 τῇ
613 3068 822 3107 ταπεινώσει
841 3085 914 3108 σου.
935 3070 1080 3110 Ἐντεῦ-

54 3131 110 3166 θεν
133 3128 361 3178 μανθάνωμεν
382 3128 462 3166 ὅσον
478 3131 546 3166 τῶν
565 3128 713 3181 θλίψεων
729 3129 769 3168 τὸ
788 3130 920 3183 κέρδος,
937 3130 1001 3179 ὅση
1018 3136 1080 3180 τῆς

52 3196 232 3240 συμφορᾶς
246 3192 268 3236 ἡ
289 3189 452 3241 ὠφέλεια.
476 3189 622 3236 Ἐπειδὴ
643 3188 711 3242 γὰρ
731 3190 946 3243 ἀνεχιῖῳησε,
959 3192 1020 3231 καὶ
1034 3193 1079 3231 τὰ

53 3251 115 3295 τ’ἧς
133 3249 254 3295 ὀδύνης
275 3249 406 3296 ηὐξήθη
419 3279 429 3297 ,
453 3250 513 3288 καὶ
532 3249 665 3297 πολλὴν
687 3250 818 3299 ὑπέστη
839 3255 908 3291 τῶν
928 3253 1076 3306 θλίψεων

101 3379 113 3392 ²
140 3368 180 3399 ln
199 3365 309 3398 Bihliis
326 3369 380 3400 ὑπὸ
398 3372 448 3400 τοῦ
463 3369 602 3405 πλήθους.

1015 177 1176 208 GENES.

1217 176 1374 208 nomn.
1414 177 1608 208 xxxvm.
2038 169 2130 228 453

1174 262 1289 298 minoe
1300 274 1393 298 meoe
1402 273 1470 312 ego
1470 259 1704 313 sugi0.Vide
1717 261 1897 311 quomodo
1907 262 1994 301 citra
2005 264 2130 304 odium

1123 333 1150 364 ι)
1174 321 1335 359 meminit
1350 321 1516 360 dominae.
1534 322 1612 360 Non
1627 321 1735 368 dixit,
1747 323 1807 360 Me
1820 323 1970 361 afflixit:
1987 338 2056 362 non
2073 326 2130 364 di-

1173 382 1240 427 xit,
1261 384 1322 420 Me
1341 382 1433 421 male
1453 382 1655 432 mulctavit,
1675 396 1744 421 non
1767 397 1912 435 possum
1934 385 2026 422 serre
2046 400 2128 424 mo-

1173 442 1311 481 lestiam
1332 444 1422 496 ejus,
1445 453 1478 481 et
1498 443 1577 482 ideo
1597 444 1719 495 sugam
1740 444 1802 482 inii
1821 460 1829 481 τ
1852 444 1943 482 nihil
1964 459 2130 498 asperum

1172 503 1319 554 loquuta
1339 514 1404 554 est,
1424 504 1483 542 sed
1504 505 1619 543 solum
1639 505 1792 557 seipsam
1809 514 1846 543 ut
1861 505 2051 557 fugitivam
2064 521 2129 545 ac-

1173 564 1468 602 cnsavitNidisfi
1489 565 1564 616 ejus
1583 565 1821 617 probitatem?
1842 566 1937 605 Vide
1954 566 2045 618 quid
2064 567 2129 605 ite-

1172 637 1251 660 rum
1271 624 1418 674 angelus
1438 625 1467 662 ei
1488 624 1594 662 dixit.
1615 627 1651 663 9.
1670 628 1783 665 Dixit
1804 636 1934 665 autem
1954 630 1990 665 ei
2009 642 2127 680 ange-

1173 684 1233 721 lus
1251 685 1412 722 Domini
1424 701 1434 720 :
1452 687 1654 724 Revertcre
1670 689 1724 725 ad
1738 689 1938 727 dominam
1955 699 2074 738 tuam,
2089 699 2127 729 et

1171 744 1382 782 humiliare
1396 747 1466 782 sub
1487 748 1666 784 manibus
1685 749 1780 798 ejus.
1803 748 1854 786 Ad
1871 749 1939 786 hoc
1961 750 2123 802 quidem,

1171 804 1265 854 quod
1277 804 1371 843 dixit
1381 821 1388 841 :
1398 805 1556 859 Asacie
1569 807 1736 844 dominae
1749 822 1842 846 meoe
1852 810 1976 861 fagia,
1993 811 2123 861 inquit,

1170 867 1387 914 Revertere,
1405 875 1439 904 et
1451 880 1494 904 ne
1508 866 1558 905 sis
1572 867 1708 919 ingrata
1720 881 1802 919 erga
1815 867 1997 907 dominam
2013 879 2124 921 tuam,

1170 941 1249 977 quae
1268 926 1312 965 de
1329 937 1361 966 te
1381 937 1453 965 tam
1473 927 1561 966 bene
1579 928 1705 966 merita
1719 938 1781 967 est.
1800 929 1949 975 Deinde,
1979 930 2062 981 quia
2081 946 2126 970 ex

1119 999 1142 1029 Ε
1170 988 1262 1025 fastu
1280 997 1314 1026 et
1329 989 1496 1041 snperbia
1515 989 1642 1027 mentis
1657 989 1838 1028 dominam
1859 1004 1961 1028 suam
1981 992 2016 1029 in
2037 991 2128 1030 iram

1169 1049 1401 1097 excitaverat,
1425 1050 1555 1101 inquit,
1569 1052 1622 1088 Et
1639 1052 1848 1089 humiliare
1864 1054 1933 1090 sub
1949 1055 2128 1091 manibus

1169 1113 1267 1163 ejus,
1296 1111 1453 1164 subjecta
1479 1120 1551 1150 esto
1577 1111 1630 1150 ei:
1657 1112 1725 1150 hoc
1744 1111 1838 1151 enim
1865 1112 1930 1150 tibi
1952 1112 2124 1165 proderit.

1169 1174 1330 1223 Agnosce
1344 1173 1565 1222 servitutem,
1588 1186 1631 1210 ne
1644 1172 1784 1224 ignores
1800 1171 2016 1222 dominium,
2038 1174 2129 1212 nihil

1168 1232 1323 1271 sublime
1342 1233 1471 1286 sapito,
1494 1247 1538 1271 ne
1550 1233 1630 1285 plus
1646 1233 1692 1271 de
1718 1242 1753 1271 te
1767 1247 1876 1284 quam
1890 1243 2026 1286 oportet
2046 1249 2127 1273 sen-

1167 1293 1236 1332 tias
1257 1310 1265 1331 :
1291 1297 1516 1334 Humiliare
1536 1298 1606 1334 sub
1636 1297 1817 1334 manibus
1841 1298 1938 1348 ejus,
1962 1310 2129 1348 magnam

1168 1368 1240 1406 prae
1260 1364 1293 1393 te
1315 1356 1367 1393 fer
1389 1356 1641 1394 ohedIentiam.
1662 1355 1757 1395 Satis
1781 1358 1857 1408 ejus
1881 1357 2038 1395 animam
2060 1357 2128 1395 de-

1168 1417 1362 1455 mulserant
1380 1417 1498 1470 angeli
1513 1417 1624 1465 dicta,
1642 1426 1748 1468 atque
1762 1418 1837 1470 ejus
1850 1418 2016 1470 spiritum
2029 1432 2129 1456 com-

1168 1488 1384 1529 presserant,
1408 1480 1494 1517 satis
1527 1479 1753 1518 srenaverant
1780 1480 1856 1532 ejus
1888 1478 2127 1528 iracundiam,

1136 1578 1150 1593 .,
1167 1539 1323 1578 multam
1336 1540 1372 1578 in
1395 1541 1671 1593 cogitationibus
1690 1539 1913 1579 serenitatem
1928 1540 2096 1579 fecerant.

1115 1615 1141 1644 A

1218 2031 1257 2068 6.
1280 2027 1419 2067 Deinde
1438 2042 1482 2067 ne
1500 2037 1601 2082 putet
1619 2036 1747 2068 temere
1757 2037 1792 2067 et
1811 2029 1945 2080 absque
1963 2043 2067 2069 causa
2087 2045 2125 2070 se

1162 2088 1371 2142 hujusmodi
1388 2089 1613 2142 providentia
1627 2088 1812 2141 dignatam
1825 2103 1914 2138 esse,
1931 2090 1994 2128 sed
2010 2089 2124 2129 discat

1160 2165 1197 2189 se
1215 2160 1362 2204 propter
1381 2163 1498 2188 semen
1511 2149 1602 2202 justi
1624 2158 1761 2188 tantam
1772 2150 2057 2188 benevolentiam
2068 2164 2124 2189 as-

1158 2220 1344 2263 sequutam
1363 2224 1452 2261 esse,
1469 2210 1556 2249 vide
1571 2210 1755 2261 quomodo
1770 2224 1848 2249 eam
1861 2211 2076 2260 consolatur,
2091 2220 2125 2249 et

1158 2281 1314 2311 mentem
1339 2273 1414 2324 ejus
1435 2271 1553 2322 erigit,
1578 2280 1613 2309 et
1635 2271 1912 2310 consolationem
1940 2271 2016 2321 (lat,
2042 2286 2123 2323 quae

1109 2348 1132 2378 Β
1157 2333 1301 2372 abunde
1314 2333 1484 2382 sufficiat,
1497 2346 1578 2370 cum
1594 2332 1644 2370 ita
1659 2332 1864 2385 subjungit:
1881 2334 1943 2371 10.
1955 2334 2008 2371 Et
2021 2334 2124 2371 dixit

1157 2399 1193 2434 ei
1207 2396 1370 2448 angelus
1380 2395 1541 2433 Domini
1546 2410 1556 2430 .·
1566 2395 1616 2431 M
1614 2394 1841 2446 ultiplicans
1851 2394 2123 2446 multiplicabo

1157 2470 1289 2496 semen
1310 2465 1431 2503 tuum,
1450 2464 1488 2493 et
1505 2469 1586 2507 prae
1608 2454 1860 2493 multitudine
1882 2469 1959 2492 non
1982 2469 2120 2493 nume-—

1156 2520 1322 2556 rabitur.
1335 2516 1383 2555 Et
1396 2515 1476 2563 tibi,
1496 2515 1627 2566 inquit,
1645 2515 1800 2568 praedico
1816 2524 1956 2553 tantum
1973 2515 2046 2553 fore
2059 2529 2118 2553 se-

1156 2592 1236 2617 men
1256 2587 1371 2626 tuum,
1397 2587 1438 2615 ut
1457 2590 1568 2627 neque
1589 2590 1736 2614 numero
1755 2576 1949 2629 subjaceat.
1972 2577 2026 2614 Ne
2044 2575 2118 2627 igi-

1155 2649 1214 2678 tur
1230 2649 1353 2678 moesta
1373 2638 1433 2687 sis,
1454 2651 1567 2688 neque
1588 2636 1811 2683 succumbas,
1831 2650 1944 2687 neque
1964 2636 2117 2674 turberis

1154 2701 1287 2750 animo,
1297 2699 1357 2738 sed
1367 2713 1439 2752 prae¹
1454 2698 1549 2736 teser
1562 2711 1703 2735 omnem
1716 2695 1987 2734 obedientiamA
2001 2698 2015 2733 1
2027 2726 2033 2734 .
2043 2697 2116 2735 Ec-

1155 2777 1198 2801 ce
1212 2764 1314 2800 enim
1332 2769 1482 2798 uterum
1502 2761 1617 2811 geris,
1637 2766 1673 2795 et
1684 2760 1813 2809 paries
1823 2757 1971 2809 filium,
1988 2765 2025 2794 et
2045 2770 2117 2794 vo-

1155 2826 1262 2862 cabis
1283 2836 1422 2860 nomcn
1436 2823 1518 2873 ejus
1537 2819 1693 2857 Ismael.
1715 2817 1812 2867 Ideo,
1833 2818 1961 2869 inquit,
1979 2827 2012 2856 et
2029 2832 2113 2870 par-

1154 2894 1232 2922 tum
1253 2882 1320 2921 tibi
1346 2880 1515 2934 praedico,
1538 2888 1574 2918 et
1593 2892 1718 2917 nomen
1743 2879 1819 2930 jam
1839 2878 1983 2931 impono
2004 2892 2115 2930 puero

1152 2947 1215 2997 qui
1231 2953 1408 2993 nascetur,
1422 2951 1461 2980 ut
1476 2956 1513 2980 re
1525 2940 1654 2979 certius
1668 2949 1863 2992 comperta,
1875 2940 1926 2978 sic
1936 2940 2114 2992 regredia-

1103 3019 1127 3049 C
1154 3009 1214 3057 ris,
1234 3016 1268 3045 et
1298 3003 1462 3044 emendes
1482 3001 1580 3053 quod
1607 3001 1815 3052 deliquisti:
1840 3002 1943 3052 Quia
1961 3002 2113 3040 audivit

1153 3071 1346 3108 Dominus
1367 3065 1628 3104 humilitatem
1648 3070 1770 3100 tuam.
1792 3061 1886 3100 Hinc
1904 3061 2108 3110 discamus,
2162 3081 2316 3120 Quantum

1153 3139 1326 3182 quantum
1343 3127 1388 3165 sit
1404 3126 1439 3163 in
1456 3123 1712 3162 afflictionibus
1726 3122 1880 3169 lucrum,
1900 3132 2031 3174 quanta
2051 3138 2110 3161 ca·
2125 3135 2313 3191 ruffflssnm-

1151 3189 1321 3229 lamitatis
1340 3186 1486 3224 utilitas.
1508 3185 1700 3235 Postquam
1715 3184 1809 3224 enim
1826 3184 1978 3233 secessit,
1995 3193 2028 3222 et
2045 3184 2110 3223 do-

1152 3253 1205 3292 lor
1221 3259 1345 3289 auctus
1358 3257 1423 3295 est,
1441 3245 1634 3297 multisque
1647 3244 1866 3298 circumdata
1882 3254 1932 3284 est
1945 3245 2107 3284 afflictio-

2123 3216 2217 3236 crum.
