2516 3791
870 173 915 202 IN
956 172 1155 202 GEmEsuu

136 266 156 308 ἡ
177 259 361 313 ὑπερὸολή.
379 257 472 308 Ἀγει
493 256 604 294 τοίνυν
626 257 726 294 αὐτὸν
748 256 794 298 εἰς
817 255 983 314 τὸομέσον
1006 258 1068 302 τῆς
1093 254 1161 293 πό-

133 324 235 366 λεως,
261 313 333 358 εἶτα
363 319 461 357 καλεῖ
490 317 546 355 τὸν
582 318 691 367 δῆμον
717 317 876 365 ἅπαντα,
896 318 956 355 καὶ
980 317 1074 368 λέγει
1098 315 1161 362 τὴν

131 381 340 434 κατηγορίαν
356 383 405 419 ·οἱ
424 379 459 418 δὲ
478 380 656 423 ἀκούοντες
676 380 822 428 πάντες,
834 380 976 424 ἕκαστος
986 379 1080 418 λίθον
1094 380 1160 416 λα-

129 442 213 489 ὅὼν,
233 441 323 481 οὕτω
349 441 515 493 βάλλουσι
533 441 590 480 τὸν
610 442 842 494 πατραλοίαν.
864 443 918 480 Οὐ
934 440 1002 494 γὰρ
1019 440 1061 487 δὴ
1082 443 1161 502 θεα-

127 501 188 545 τὰς
205 501 305 552 μόνον
337 505 399 549 τῆς
424 502 597 555 τιμωρίας
611 533 620 549 ,
641 502 731 541 ἀλλὰ
751 503 812 541 καὶ
837 501 1045 555 αὐτουργοὺς
1070 503 1159 538 εἰναι

128 562 287 614 βούλεται
302 566 319 602 ὁ
333 563 523 614 νομοθέτης
536 593 545 610 ,
567 563 622 602 ἵνα
639 565 687 608 εἰς
705 563 768 611 τὴν
784 564 895 608 δεξιὰν
918 565 1061 606 ἕκαστος
1076 561 1157 601 ἰδὼν

125 623 187 671 τὴν
210 626 350 673 ἑαυτοῦ,
374 627 416 664 δι’
441 620 481 672 ’ἧς
511 626 567 664 τὸν
595 625 688 664 λίθον
716 625 776 663 καὶ
804 624 904 669 αὐτὸς
929 624 1033 664 ἔὸαλε
1066 624 1157 662 κατὰ

122 689 184 732 τῆς
203 691 262 726 τοῦ
286 687 499 741 πατραλοίου
530 690 698 740 κεφαλῆς,
719 689 834 729 ἱκανὸν
852 687 1044 737 ὑπόμνημα
1071 687 1157 738 πρὸς

123 747 304 799 διόρθωσιν
323 749 401 801 ἔχῃ.
430 750 482 788 Οὖ
510 749 611 799 μόνον
631 748 666 787 δὲ
692 753 809 798 τοῦτο,
835 749 926 787 ἀλλὰ
951 748 1011 787 καὶ
1040 749 1155 802 ἕτερον

122 810 206 859 ἡμῖν
227 813 245 848 ὁ
269 810 456 860 νομοθέτης
483 809 691 856 αἰνίττεται,
711 810 765 850 ὅτι
781 814 799 850 ὃ
813 809 891 855 τοὺς
909 809 1031 862 γονέας
1053 810 1154 864 ὑδρί-

120 873 188 915 ζων
224 873 285 909 οὐκ
315 871 464 916 ἐκείνους
497 871 645 920 ἠδίκηκε
673 872 794 925 μόνον,
823 872 914 911 ἀλλὰ
942 873 1002 912 καὶ
1021 873 1154 918 πάντας

120 931 328 984 ἀνθρώπους.
351 932 419 971 Διὰ
447 937 549 972 τοῦτο
575 934 709 980 πάντας
727 935 786 973 ἐπὶ
808 934 871 982 τὴν
891 934 1074 974 κοινωνίαν
1091 937 1152 981 τῆς

118 992 287 1046 τιμωρίας
309 996 429 1043 καλεῖ,
447 996 605 1050 καθάπερ
624 996 853 1051 ὓὲρισμένους
884 996 1061 1043 ἅπαντας,
1091 995 1152 1034 καὶ

118 1056 227 1105 δῆμον
247 1059 333 1107 ὁμοῦ
357 1057 415 1095 καὶ
440 1058 540 1096 πόλιν
562 1059 780 1111 περιίστησιν
798 1058 955 1105 ἅπασαν,
976 1056 1150 1096 παιδεύων

117 1117 177 1154 καὶ
193 1116 270 1160 τοὺς
289 1117 386 1156 οὐδὲν
404 1117 547 1171 ἔχοντας
576 1119 797 1173 κοινὸνξπρὸς
822 1119 899 1162 τοὺς
918 1119 1149 1170 ’ἠδικημένους

117 1177 174 1215 ἐπὶ
197 1184 350 1230 γονεῦσιν
369 1180 605 1232 ὑδριζομένοις
628 1183 848 1233 ἀγανακτεῖν,
867 1182 914 1224 ὡς
942 1182 1006 1226 τῆς
1030 1183 1149 1227 κοινῆς

115 1239 247 1291 φύσεως
269 1241 515 1294 ὑδριζομένης,
535 1244 594 1282 καὶ
615 1243 672 1282 τὸν
689 1246 843 1282 τοιοῦτον
869 1243 1064 1294 ἄνθρωπον,
1079 1241 1149 1280 ὥσ-

113 1317 179 1354 περ
195 1304 314 1352 λοιμόν
331 1319 408 1341 τινα
424 1303 483 1342 καὶ
505 1304 621 1352 κοινὴν
641 1304 752 1353 νόσον,
775 1304 824 1356 μὴ
846 1306 908 1350 τῆς
930 1303 1064 1346 πόλεως
1086 1302 1148 1353 μό-

111 1379 182 1411 νον,
205 1364 295 1402 ἀλλὰ
315 1364 375 1402 καὶ
400 1370 459 1404 τοῦ
482 1366 593 1418 φωτὸς
609 1365 813 1404 ἀπελαύνειν
830 1369 948 1405 αὐτοῦ.
971 1364 1146 1416 Πολέμιος

1160 1406 1206 1432 664

1193 170 1340 201 SERMO
1378 172 1440 201 ιν.
2102 169 2191 233 709

1189 257 1212 287 Ι)
1235 254 1324 292 mori
1348 255 1567 307 parricidam
1582 258 1702 310 jubet,
1724 273 1835 311 neque
1855 261 2042 314 abreptum
2060 279 2076 300 a
2091 267 2191 317 judi—

1234 315 1288 352 cio
1310 329 1373 368 per
1399 317 1517 356 forum
1542 333 1561 355 a
1588 318 1775 358 lictoribus
1798 321 1924 371 educi,
1953 336 2067 374 neque
2090 336 2190 364 extra

1233 375 1411 415 civitatem
1430 379 1544 431 capite
1557 381 1714 418 truncari
1734 397 1741 417 :
1763 382 1824 420 sed
1840 383 1875 420 in
1893 383 2049 422 mediam
2065 386 2190 425 civita—

1231 444 1302 474 tem
1322 437 1469 477 deducit
1491 439 1609 492 ipsum
1635 451 1752 494 pater,
1774 453 1808 481 et
1824 444 1958 496 absque
1973 446 2042 483 alia
2065 448 2192 497 quavis

1230 498 1439 550 probatione
1459 500 1547 538 sides
1564 501 1616 539 illi
1637 503 1790 542 habetur
1805 520 1812 541 :
1828 519 1868 543 ac
1885 506 2010 543 merito
2031 507 2189 558 quidem.

1230 560 1324 598 Nam
1352 560 1412 611 qui
1441 562 1610 614 pecunias
1636 573 1667 601 ct
1692 579 1839 618 corpora
1869 576 1902 605 et
1922 567 2019 605 aliud
2044 568 2191 618 quidvis

1229 635 1294 674 pro
1322 622 1399 661 filio
1432 623 1583 662 libenter
1608 624 1852 678 impenderet,
1887 643 2081 680 numquam
2114 631 2191 683 ejus

1229 683 1330 722 fieret
1347 694 1546 736 accusator,
1566 686 1632 724 nisi
1655 701 1792 726 summa
1811 689 1856 727 ab
1876 690 1937 728 illo
1954 692 2084 744 injuria
2101 702 2189 731 esset

1229 745 1389 784 affectus.
1407 746 1564 785 Deducit
1580 747 1692 800 igitur
1711 749 1815 787 illum
1836 750 1870 788 in
1888 751 2048 790 medium
2062 753 2188 792 civita-

1181 814 1205 844 E
1229 806 1295 854 tis,
1319 807 1449 847 deinde
1464 810 1599 862 populo
1622 809 1794 850 advocato
1818 814 2080 853 accusationem
2100 830 2184 869 pro-

1227 870 1368 909 nuntiat
1386 887 1394 908 :
1416 872 1477 923 qui
1492 886 1578 911 vero
1593 872 1770 921 audiunt,
1788 875 1920 928 singuli
1937 887 2077 930 arrepto
2094 879 2185 932 lapi-

1224 930 1270 970 de
1288 933 1508 985 parricidam
1523 935 1628 974 illum
1647 937 1864 989 percutiunt.
1885 940 1964 977 Non
1985 941 2077 979 enim
2099 956 2183 994 spe-

1223 1003 1374 1034 ctatores
1402 1005 1542 1036 tantum
1564 998 1758 1051 supplicii,
1780 1000 1843 1038 sed
1872 1001 1979 1039 etiam
2002 1003 2185 1044 ministros

1222 1068 1280 1094 eos
1302 1071 1376 1096 esse
1393 1059 1470 1097 vult
1489 1059 1692 1111 legislator,
1720 1070 1759 1099 ut
1775 1075 1855 1100 cum
1877 1062 2061 1103 dexteram
2081 1080 2182 1104 suam

1220 1117 1370 1169 quisque
1404 1121 1646 1173 conspexerit,
1683 1136 1752 1173 qua
1784 1122 1943 1176 lapidem
1972 1135 2005 1163 et
2041 1127 2116 1179 ipse
2144 1128 2179 1166 in

1218 1180 1409 1232 parricidae
1423 1191 1529 1235 caput
1545 1183 1712 1236 projecit,
1729 1183 1797 1222 hac
1810 1185 2002 1224 sufficienti
2016 1186 2178 1227 admoni-

1218 1240 1314 1280 tione
1333 1242 1526 1282 instructus
1545 1243 1590 1281 ad
1615 1244 1797 1284 meliorem
1817 1246 1957 1299 frugem
1979 1260 2176 1289 revocetur.

1218 1304 1341 1354 Neque
1359 1318 1444 1343 vero
1467 1303 1506 1342 id
1524 1305 1641 1343 solum
1653 1336 1664 1355 ‚
1686 1305 1748 1344 sed
1766 1317 1800 1346 et
1819 1308 1921 1347 aliud
1941 1310 2043 1349 nobis
2065 1311 2180 1352 innuit

1216 1363 1420 1416 legislator,
1436 1379 1516 1404 eum
1534 1365 1706 1405 nimirum
1720 1397 1729 1415 ,
1745 1368 1808 1419 qui
1822 1372 2035 1410 contumelia
2053 1388 2179 1425 paren-

110 1425 178 1480 γὰρ
193 1428 212 1464 ὁ
232 1430 382 1470 τοιοῦτος
403 1426 462 1464 καὶ
490 1427 602 1471 κοινὸς
623 1427 788 1466 ἁπάντων
807 1427 899 1466 ἐστὶν
921 1427 1060 1481 ἐχθρὸς,
1085 1427 1145 1466 καὶ
1170 1445 1194 1473 A
1217 1435 1268 1464 tes
1283 1427 1464 1478 affecerit,
1488 1441 1558 1466 non
1577 1427 1660 1466 illos
1679 1438 1836 1481 tantum,
1856 1431 1919 1471 sed
1932 1434 2038 1472 etiam
2058 1449 2180 1475 omnes

110 1493 171 1527 τοῦ
189 1489 282 1527 Θεοῦ
299 1518 308 1536 ,
329 1488 388 1526 καὶ
409 1491 472 1535 τῆς
488 1488 653 1542 ἶφύσεως,
673 1489 815 1529 καὶτῶν
835 1490 964 1542 νόμων,
989 1490 1050 1530 καὶ
1082 1493 1145 1537 τῆς

110 1551 227 1595 κοινῆς
252 1549 416 1588 ἁπάντων
444 1554 546 1602 ἡμῶν
567 1553 669 1598 ζωῆς.
692 1551 762 1590 Διὰ
779 1551 886 1604 ξτοῧτο
910 1552 1045 1597 πάντας
1069 1568 1145 1592 συν-

109 1611 322 1664 εφάπτεσθαι
341 1612 472 1651 κελεύει
490 1616 552 1660 τῆς
569 1618 705 1667 σφαγῆς
716 1644 726 1661 ,
738 1614 857 1667 ὥσπερ
869 1613 948 1653 τινὰ
963 1616 1143 1668 καθαρμὸν

107 1672 170 1716 τῆς
200 1671 334 1715 πόλεως
354 1671 591 1724 ἐργαζόμενος.
616 1673 741 1712 Πολλὰ
760 1676 841 1725 ὑμῖν
868 1673 981 1726 ἀγαθὰ
996 1674 1144 1726 γένοιτο,

109 1731 162 1770 ὅτι
182 1731 271 1782 μετὰ
297 1733 466 1780 τοσαύτης
484 1735 609 1781 ἡδονῆς
635 1733 715 1778 τοὺς
743 1735 903 1787 περὶτοῦ
928 1736 1142 1790 πατραλοίου

107 1792 228 1845 λόγους
249 1793 428 1843 ἐδέξασθε,
451 1794 509 1833 καὶ
537 1795 614 1834 ἀντὶ
639 1797 708 1834 τῶν
731 1797 834 1836 λίθων
850 1802 927 1841 ταῖς
950 1799 1047 1848 βοαῖς
1076 1800 1137 1836 αὐ«

107 1855 166 1893 τὸν
183 1854 367 1894 ἐὸάλλετε·
395 1857 583 1910 τεκμήριον
603 1857 671 1911 γὰρ
696 1859 797 1897 τοῦτό
817 1861 892 1898 ἐστι
917 1864 978 1899 τοῦ
1004 1861 1138 1910 πολλὴν

107 1915 187 1968 περὶ
221 1916 279 1955 τὸν
307 1919 430 1956 ἑαυτοῦ
453 1918 590 1970 πατέρα
623 1918 769 1958 ἕκαστον
787 1922 885 1971 ὑμῶν
911 1920 975 1968 τὴν
1005 1920 1137 1961 εὔνοιαν

108 1977 352 2030 ἐπιδεδεῖχθαι.
373 1978 443 2017 Καὶ
462 1979 530 2033 γὰρ
547 1979 626 2019 τότε
644 1980 723 2026 τοὺς
741 1982 865 2034 νόμους
885 1983 1040 2034 μάλιστα
1059 1988 1137 2023 θαυ-

109 2038 228 2088 μάζειν
260 2038 430 2090 εἰώθαμεν
454 2039 532 2084 τοὺς
564 2040 609 2079 τὰ
632 2043 874 2095 ἁμαρτήματα
906 2046 1137 2095 κολάζοντας,

106 2099 188 2137 ὅταν
223 2099 271 2151 μὴ
299 2100 489 2146 συνειδότες
527 2105 660 2148 ἑαυτοῖς
688 2105 733 2144 τὰ
763 2106 1004 2159 ἁμαρτήματα
1029 2100 1136 2160 ὦμεν.

105 2159 217 2214 Ὑπὲρ
243 2162 284 2208 δὴ
308 2162 437 2201 τούτων
468 2163 963 2220 ἇπάντωνῖεὖχαριστήσωμεν
984 2169 1046 2222 Ξτῷ
1074 2187 1134 2224 φι-

104 2222 298 2274 λανθρώπῳ
316 2225 398 2277 Θεῷ
417 2227 467 2277 τῷ
487 2226 669 2279 κηδομένῳ
681 2231 743 2275 τῆς
759 2231 849 2276 ζωῆς
868 2233 930 2278 τῆς
941 2232 1135 2285 ἡμετέρας,

103 2283 164 2321 καὶ
190 2290 390 2336 προνοοῦντι
421 2287 569 2339 γονέων,
594 2288 653 2327 καὶ
672 2290 806 2329 παίδων
827 2292 1059 2344 φροντίζοντι,
1074 2296 1134 2334 καὶ

103 2344 218 2384 πάντα
249 2346 337 2399 ὑπὲρ
368 2350 430 2394 τῆς
461 2350 636 2404 ἡμετέρας
671 2353 908 2406 οἰκονομοῦντι
946 2358 1132 2412 σωτηρίας.

107 2409 209 2458 Αὐτῷ
228 2407 295 2459 γὰρ
313 2409 439 2461 πρέπει
461 2411 560 2460 δόξα,
586 2413 695 2464 τιμὴ,
724 2416 783 2454 καὶ
806 2417 1041 2471 προσκύνησις
1069 2419 1131 2460 σὺν

105 2469 154 2518 τῷ
174 2468 317 2522 ἀνάρχῳ
341 2471 480 2524 Πατρί,
499 2473 559 2512 καὶ
585 2477 635 2528 τῷ
666 2477 755 2529 ἁγίῳ
774 2478 957 2530 Πνεύματι
970 2511 980 2529 ,
998 2486 1054 2521 νῦν
1072 2483 1133 2522 καὶ

105 2528 176 2574 ἀεὶ,
198 2530 255 2567 καὶ
277 2533 323 2575 εἰς
341 2532 418 2577 τοὺς
441 2537 569 2580 αἰῶνας
590 2540 658 2577 τῶν
681 2538 826 2580 αἰώνων.
848 2541 968 2594 Ἀμήν.

1215 1486 1378 1526 homines
1399 1486 1542 1526 laesisse.
1566 1489 1757 1542 Propterea
1777 1501 1923 1531 cunctos
1944 1494 1989 1532 ad
2009 1496 2177 1548 supplicii

1215 1548 1434 1588 consortium
1462 1559 1586 1598 vocat,
1607 1550 1708 1601 quasi
1730 1554 1945 1592 contumelia
1972 1555 2103 1594 fuerint
2124 1558 2176 1595 af-

1213 1613 1294 1652 fecti
1318 1629 1453 1663 omnes,
1469 1629 1509 1653 ac
1529 1616 1707 1669 populum
1722 1617 1830 1656 simul
1857 1628 1890 1658 et
1910 1630 2022 1659 totam
2044 1636 2174 1662 convo-

1213 1685 1268 1715 cat
1293 1676 1495 1728 civitatem‚
1523 1687 1563 1715 ut
1589 1678 1734 1729 doceat,
1762 1694 1820 1719 eos
1841 1682 1973 1733 quibus
2001 1685 2092 1723 nihil
2123 1695 2175 1725 est

1213 1752 1402 1778 commune
1421 1754 1503 1778 cum
1529 1739 1603 1778 illis
1630 1740 1691 1791 qui
1715 1741 1833 1780 affecti
1854 1753 1935 1782 sunt
1958 1745 2108 1798 injuria,
2137 1748 2173 1786 in

1212 1813 1271 1838 eos
1295 1799 1542 1853 indignatione
1569 1803 1806 1853 commoveri,
1833 1805 1895 1855 qui
1925 1808 2172 1848 contumeliosi

1209 1861 1344 1900 fuerint
1376 1862 1413 1901 in
1442 1871 1624 1916 parentes,
1661 1872 1845 1916 tamquam
1879 1867 1915 1906 in
1947 1883 2173 1910 communem

1208 1930 1372 1959 naturam
1391 1921 1538 1961 cadente
1555 1922 1708 1975 injuria,
1733 1933 1843 1976 utque
1862 1927 1972 1966 talem
1990 1928 2172 1969 hominem

1208 1982 1309 2035 quasi
1324 1993 1458 2036 pestem
1476 1983 1672 2036 quamdam
1688 1999 1983 2041 communemque
2004 1991 2172 2030 morbum

1208 2059 1277 2084 non
1294 2059 1339 2084 ex
1356 2045 1446 2084 urhe
1465 2046 1601 2097 solum,
1621 2047 1684 2086 sed
1699 2062 1744 2086 ex
1760 2048 1838 2101 ipsa
1853 2065 1997 2104 quoque
2016 2053 2090 2091 vita
2105 2054 2135 2106 ej
2142 2054 2171 2091 i-

1207 2104 1316 2143 ciant.
1339 2105 1459 2144 Hostis
1478 2105 1574 2144 enim
1589 2115 1641 2146 est
1659 2107 1717 2147 vir
1736 2109 1933 2162 ejusmodi,
1956 2121 1989 2150 et
2009 2112 2171 2151 omnium

1161 2181 1184 2212 B
1207 2167 1406 2206 eommunis
1435 2168 1603 2207 inimicus
1616 2198 1627 2217 ‚
1659 2169 1748 2218 Dei,
1780 2181 1933 2222 naturae,
1965 2173 2105 2226 legum,
2138 2184 2171 2213 et

1205 2229 1369 2268 omnium
1376 2238 1537 2268 nostrum
1547 2229 1763 2270 viventium.
1780 2232 1920 2272 Idcirco
1932 2234 2041 2273 simul
2050 2250 2171 2275 omnes

1204 2289 1353 2343 aggredi
1373 2290 1507 2330 caedem
1522 2291 1646 2344 jubet,
1662 2302 1702 2332 ut
1717 2294 1958 2346 expiationem
1974 2297 2169 2348 quamdam

1203 2351 1368 2405 perficiat
1384 2353 1554 2392 civitatis.
1576 2352 1695 2392 Multa
1711 2355 1814 2394 vobis
1834 2355 1926 2395 bona
1946 2359 2168 2411 contingant,

1202 2412 1299 2465 quod
1310 2422 1407 2452 tanta
1419 2428 1502 2452 eum
1517 2413 1704 2467 voluptate
1712 2414 1758 2453 de
1772 2417 1954 2469 parricida
1968 2433 2167 2459 sermonem

1201 2475 1412 2529 exceperitis
1424 2506 1435 2526 ‚
1453 2490 1495 2514 ae
1513 2475 1679 2529 lapidum
1701 2476 1779 2516 loeo
1793 2479 1945 2518 vocibus
1965 2481 2070 2519 illum
2086 2497 2166 2535 pcr-

1201 2537 1404 2576 cusseritis:
1424 2537 1493 2575 hoc
1512 2537 1607 2575 enim
1628 2536 1802 2576 indicium
1822 2539 1974 2591 ingentis
1996 2551 2046 2579 est
2062 2542 2165 2581 bene-

1199 2598 1386 2648 volentiae‚
1410 2612 1480 2648 qua
1495 2606 1634 2649 patrem
1653 2611 1759 2635 suum
1784 2608 1943 2638 vestrum
1970 2602 2164 2653 unusquis-

1199 2673 1270 2711 que
1294 2657 1553 2710 complectitur.
1584 2658 1690 2696 Tunc
1719 2658 1815 2696 enim
1844 2661 2024 2714 praecipue
2050 2663 2164 2715 leges,

1199 2735 1277 2772 quae
1306 2719 1437 2758 delicta
1466 2718 1672 2766 vindicant,
1707 2717 1856 2759 laudare
1884 2724 2162 2771 consuevimus,

1198 2796 1279 2821 cum
1295 2780 1508 2819 delictorum
1526 2780 1595 2833 ipsi
1611 2780 1715 2819 nobis
1734 2781 1882 2821 minime
1902 2785 2032 2824 conscii
2053 2787 2163 2825 fueri-

1197 2857 1290 2882 mus.
1310 2845 1380 2882 Pro
1401 2843 1458 2881 his
1478 2842 1589 2894 igitur
1610 2841 1778 2881 omnibus
1798 2844 1962 2885 clementi
1982 2849 2058 2887 Deo
2078 2864 2161 2902 gra-

1199 2903 1266 2941 tias
1291 2916 1458 2954 agamus,
1485 2901 1547 2953 qui
1568 2901 1654 2939 vitae
1679 2910 1808 2940 nostrae
1825 2917 1949 2943 curam
1969 2907 2080 2958 gerit,
2100 2908 2162 2960 qui

1201 2964 1409 3017 parentibus
1424 2962 1608 3016 providet,
1624 2962 1685 3013 qui
1705 2961 1750 3000 de
1765 2963 1888 3004 liberis
1903 2977 1954 3005 est
1968 2968 2161 3016 sollicitus,

1200 3036 1232 3065 ct
1248 3039 1311 3078 pro
1327 3035 1445 3064 nostra
1466 3024 1578 3063 salute
1594 3033 1720 3062 cuncta
1736 3023 1909 3078 disponit.
1927 3029 2050 3082 Ipsum
2066 3032 2160 3070 enini

1201 3088 1300 3126 dccet
1313 3087 1425 3138 gloria
1436 3117 1446 3135 ‚
1461 3086 1576 3124 honor
1588 3115 1598 3135 ,
1619 3094 1652 3123 et
1668 3085 1831 3126 adoratio
1844 3117 1854 3136 ,
1872 3103 1942 3128 una
1961 3105 2042 3130 cum
2058 3094 2161 3131 Pati-c

1199 3146 1366 3199 principii
1396 3154 1541 3199 experte
1554 3175 1566 3195 ‚
1599 3159 1638 3183 ac
1668 3154 1789 3184 sancto
1820 3146 1980 3199 Spiritu,
2006 3165 2097 3189 nunc
2127 3163 2156 3189 ct

1201 3221 1352 3259 semper,
1372 3217 1403 3245 et
1426 3208 1459 3246 in
1480 3206 1608 3245 saecula
1628 3206 1851 3245 saeculorum.
1876 3211 1997 3247 Amen.

2236 1133 2295 1161 Cur
2318 1145 2383 1172 pnr-

2194 1176 2291 1203 ricidae
2306 1176 2382 1213 lapi-

2194 1217 2284 1254 pidati
2311 1220 2380 1247 siut.
