2483 3791
696 170 738 200 ΙΝ
777 171 877 202 (ἶΛΡ.
918 172 964 201 Η.

96 253 266 292 εὐτέλειαν
283 252 560 305 κατηνέχθησαν.
582 255 628 291 Οἱ
642 254 710 307 πρὸ
729 255 849 294 τούτου
873 255 1029 308 καθάπερ
1046 255 1119 294 ἐπί-

94 331 181 367 γειοι
201 315 343 366 ἄγγελοι
369 315 560 366 διάγοντες,
577 314 642 362 τὴν
662 316 731 354 ἀπὸ
746 318 814 354 τῶν
831 317 968 369 φύλλων
986 317 1119 363 σκέπην

96 380 230 419 ἑαυτοῖς
247 379 438 415 ἐπινοοῦσι.
463 376 640 415 Τοσοῧτόν
652 379 744 416 ἐστιν
756 378 913 433 ἁμαρτία
929 378 1048 417 κακόν.
1065 380 1118 417 Οὐ

96 438 197 489 μόνον
219 437 286 490 γὰρ
305 441 368 483 τῆς
384 437 513 476 ἄνωθεν
536 438 667 482 εὐνοίας
684 442 780 490 ἡμᾶς
800 439 987 492 ἀφίστησιν
1001 470 1010 486 ,
1029 440 1120 479 ἀλλὰ

94 499 153 538 καὶ
174 502 221 543 εἷς
237 498 370 546 πολλὴν
386 502 479 550 ἡμᾶς
498 499 665 552 αἰσχύνην
684 501 742 538 καὶ
756 502 990 549 ταπεινότητα
1008 501 1119 539 κατοί-

91 576 157 612 γει,
182 560 241 598 καὶ
258 562 326 597 τῶν
347 560 414 607 ἤδη
435 561 667 613 ὑπηργμένων
690 563 827 614 ἀγαθῶν
848 567 862 582 ⁰
878 562 1120 615 ἀποστερήσα-

92 637 149 669 σα,
166 628 283 660 πᾶσαν
295 623 396 672 ἡμῶν
417 623 616 674 ἀφαιρεῖται
632 622 695 669 τὴν
712 623 927 677 παρρησίαν.
955 623 1046 661 Ἀλλ’
1062 622 1119 660 ἵνα

93 682 143 732 μὴ
159 684 202 720 δι’
221 681 302 721 ὅλου
323 683 527 734 σκυθρωπὸν
545 685 702 735 ποιῶμεν
717 684 776 722 τὸν
792 684 907 735 λόγον,
923 683 986 729 τὴν
1005 685 1119 735 ἁμαρ-

92 746 168 783 τίαν
183 744 482 798 περιστρέφοντες,
503 744 566 792 τὴν
587 746 658 784 ἀπὸ
676 748 738 792 τ’ῆς
756 750 816 784 τοῦ
833 746 932 791 ξύλου
956 745 1119 797 βρώσεως

92 806 152 844 καὶ
167 808 228 852 τῆς
254 808 436 857 παρακοῆς
459 806 726 854 καταλαὸούσης
739 806 797 844 τὸν
815 807 1008 858 ἄνθρωπον,
1025 805 1119 859 φέρε,

92 870 122 906 εἷ
151 869 255 916 δοκεῖ,
284 869 353 907 ἀπὸ
367 873 428 906 τοῦ
445 867 544 912 ξύλου
563 867 686 906 τούτου
694 869 760 921 ,ἐφ’
781 867 896 920 ἕτερον
916 867 1119 920 μεταγάγω-

93 945 154 978 μεν
180 928 238 966 τὸν
259 928 374 980 λόγον,
397 928 466 966 ἀπὸ
486 934 546 968 τοῦ
567 928 665 973 ξύλου
677 929 797 968 τούτου
814 928 872 967 ἐπὶ
888 930 928 968 τὸ
944 928 1041 973 ξύλον
1057 931 1117 968 τοῦ

92 994 242 1043 σταυροῦ
262 1019 271 1036 ,
314 989 373 1028 καὶ
403 989 530 1041 ἴδωμεν
556 990 633 1028 τίνα
663 990 726 1041 μὲν
750 995 852 1029 τοῦτο
880 991 1045 1042 εἰσήγαγε
1074 989 1119 1028 τὰ

92 1051 200 1100 κακὰ,
226 1051 304 1090 τίνα
330 1051 365 1090 δὲ
389 1053 501 1091 ἐκεῖνο
525 1052 753 1105 προεξένησεν
768 1053 812 1091 τὰ
831 1052 966 1104 ἀγαθά·
986 1053 1118 1104 μᾶλλον

93 1111 128 1150 δὲ
149 1113 225 1152 οὐδὲ
243 1112 282 1150 τὸ
300 1111 397 1157 ξύλον
421 1114 585 1166 εἰσήγαγε
602 1113 644 1151 τὰ
661 1114 768 1162 κακὰ,
787 1116 864 1153 ἀλλ’
879 1117 901 1161 ἡ
918 1113 1120 1166 προαίρεσις

90 1177 113 1220 ἡ
141 1174 293 1226 ῥᾴθυμος
317 1175 376 1213 καὶ
400 1178 421 1221 ἡ
446 1175 718 1228 καταφρόνησις,
733 1175 776 1221 ἣν
793 1174 874 1227 περὶ
895 1175 957 1223 τὴν
975 1175 1118 1223 ἐντολὴν

91 1235 301 1280 ἐπεδείξατο.
337 1234 474 1274 Ἐκεῖνο
503 1236 543 1274 τὸ
576 1235 673 1280 ξύλον
696 1236 842 1283 θάνατον
863 1235 1117 1289 ᾱέπεισήγαγε·

92 1295 182 1346 μετὰ
205 1296 272 1350 γὰρ
289 1295 352 1343 τὴν
374 1296 573 1349 παράὸασιν
591 1301 608 1335 ὁ
622 1297 767 1342 Θάνατος
781 1299 986 1345 ἐπεισῆλθεν
999 1314 1006 1322 ·
1028 1298 1119 1338 ἀλλὰ

92 1361 192 1396 τοῦτο
220 1357 283 1404 τὴν
316 1358 507 1396 ἀθανασίαν
539 1358 746 1411 ἐχαρίσατο·
778 1361 888 1398 ἐκεῖνο
903 1359 1117 1413 παραδείσου

96 1418 248 1467 ἐξέὸαλε,
276 1423 378 1458 τοῦτο
405 1421 452 1463 εἷς
482 1419 644 1473 οὐρανοὺς
669 1424 764 1471 ἡμᾶς
786 1421 977 1473 ἀνήγαγεν·
1008 1424 1118 1460 ἐκεῖνο

92 1480 149 1519 διὰ
175 1479 256 1531 μίαν
282 1480 483 1533 παράὸασιν
506 1480 657 1534 τοσαύτῃ
678 1482 832 1536 τιμωρίᾳ
851 1482 1037 1522 ὑπεύθυνον
1060 1483 1118 1522 τὸν

92 1541 202 1593 Ἀδὰμ
231 1542 437 1589 κατέστησε,
462 1548 563 1582 τοῦτο
584 1542 629 1581 τὰ
657 1543 763 1596 μυρία
783 1547 884 1595 ἡμῶν
905 1544 1030 1596 φορτία
1048 1547 1118 1583 τῶν

91 1604 356 1658 ἁμαρτημάτων
380 1609 395 1624 ⁰
410 1604 581 1657 ἀφανίσαν
598 1636 608 1653 ,
639 1605 702 1652 τὴν
736 1605 822 1660 πρὸς
847 1607 906 1646 τὸν
934 1607 1117 1654 Δεσπότην

99 1668 201 1717 ἡμῶν
221 1665 419 1718 παρρησίαν
445 1665 652 1718 δεδώρηται.
679 1668 800 1706 Εἴδετε
819 1667 919 1712 ξύλου
939 1668 998 1706 καὶ
1018 1668 1118 1712 ξύλου

91 1728 280 1780 διαφοράν,
299 1728 406 1766 εἴδετε
427 1727 588 1767 διαὲόλου
608 1729 833 1782 κακουργίαν,
857 1730 917 1768 καὶ
936 1729 1119 1782 ἀνθρώπου

95 1789 276 1841 ῥαθυμίαν,
291 1788 349 1826 καὶ
361 1788 538 1827 Δεσπότου
553 1789 828 1841 φιλανθρωπίαν,
839 1792 1118 1843 Καθοπλίσωμεν

91 1849 221 1895 τοίνυν,
238 1851 434 1902 παρακαλῶ
453 1850 516 1895 τὴν
538 1849 708 1903 ὑμετέραν
729 1851 886 1901 ἀγάπην,
910 1851 1051 1895 ἑαυτοὺς
1069 1854 1119 1904 τῷ

92 1909 190 1962 ὅπλῳ
205 1914 264 1948 τοῦ
283 1912 450 1954 ζωοποιοῧ
472 1910 594 1949 τούτου
615 1910 729 1959 ξύλου,
749 1912 809 1949 καὶ
828 1912 1059 1965 νεκρώσωμεν
1076 1912 1120 1951 τὰ

92 1971 294 2023 ψυχορθόρα
331 1971 424 2016 πάθη
456 1974 499 2023 τῇ
525 1971 646 2010 τούτου
674 1972 839 2023 δυνάμει,
870 1973 984 2018 καθὼς
1014 1974 1075 2012 καὶ
1102 1978 1120 2014 ὃ

94 2032 285 2076 ἀπόστολος
318 2033 456 2076 Παῦλος
485 2033 575 2070 οὕτω
602 2032 678 2076 πώς
702 2049 805 2086 φησιν
820 2050 827 2057 ·
845 2037 891 2073 Οἱ
908 2035 943 2074 δὲ
958 2039 1017 2073 τοῦ
1036 2037 1120 2089 Χρι-

92 2097 189 2141 στοῦ,
205 2092 269 2140 τὴν
300 2092 413 2143 σάρκα
435 2092 661 2145 ἐσταύρωσαν
686 2093 747 2132 σὺν
766 2100 837 2138 τοῖς
855 2096 1042 2147 παθήμασι
1059 2096 1119 2135 καὶ

92 2160 168 2197 ταῖς
183 2153 394 2204 ἐπιθυμίαις.
413 2152 463 2191 οΟ
481 2152 517 2191 δὲ
535 2153 629 2204 λέγει
644 2154 798 2192 τοιοῦτόν
819 2158 911 2194 ἐστιν
926 2172 933 2179 ·
950 2159 980 2194 οἳ
994 2158 1119 2200 ὂλικῶς

91 2214 296 2257 ’Ἰάναθέντες
317 2213 461 2257 ἑαυτοὺς
479 2216 529 2266 τῷ
550 2215 693 2267 Χριστῷ
706 2244 716 2262 ,
739 2216 984 2267 ἀπενέκρωσαν
1000 2224 1116 2257 πᾶσαν

91 2274 275 2325 ἐπιθυμίαν
304 2275 435 2312 ἄτοπον
470 2275 714 2326 ἐπιγινομένην
746 2280 790 2328 τῇ
811 2277 935 2330 σαρκὶ,
969 2279 1054 2331 πρὸς
1078 2279 1117 2318 τὸ

89 2335 311 2385 λυμήνασθαι
331 2336 446 2379 πάσας
467 2335 528 2378 τὰς
547 2339 610 2383 τῆς
626 2339 743 2390 ψυχῆς
758 2338 944 2392 ἐνεργείας.
972 2339 1117 2384 Τούτοις

90 2391 149 2434 οἶν
163 2396 228 2436 καὶ
255 2401 358 2446 ἡμεῖς
390 2399 726 2442 κατακολουθοῦντες
742 2429 751 2446 ,
786 2400 998 2452 ἀνενέργητα
1015 2404 1116 2452 ἡμῶν

92 2457 409 2509 κατασκευάσωμεν
429 2458 473 2496 τὰ
494 2458 583 2509 μέλη
603 2460 688 2512 πρὸς
709 2460 772 2508 τὴν
792 2461 978 2514 τυραννίδα
997 2463 1060 2510 τὴν
1078 2465 1118 2501 ἐκ

97 2518 300 2565 διαὸολικῆς
318 2519 491 2570 ἐνεργείας
514 2523 599 2572 ἡμῖν
618 2522 914 2574 ἐπανισταμένην,
931 2523 988 2562 ἰ’να
1003 2524 1064 2563 καὶ
1082 2527 1117 2563 ἐν

89 2581 139 2631 τῷ
162 2579 309 2631 παρόντι
335 2580 400 2633 βίῳ
420 2581 607 2635 ἀταράχως
625 2583 890 2635 διαπλεύσωμεν
908 2585 948 2624 τὸ
967 2587 1118 2631 ζαλῶδες

89 2644 191 2680 τοῦτο
218 2641 279 2680 καὶ
304 2643 520 2682 ἐπικίνδυνον
541 2643 714 2696 πέλαγος,
734 2645 794 2683 καὶ
812 2644 886 2690 ”sic
905 2646 985 2690 τοὺς
1003 2649 1118 2699 γαλη-

90 2702 165 2745 νοὺς
186 2702 331 2754 λιμένας
346 2704 627 2751 καταντήσαντες
644 2708 706 2752 τῆς
723 2710 782 2745 τοῦ
800 2708 895 2746 Θεοῦ
914 2709 1114 2761 φιλανθρω-

88 2764 191 2813 πίας,
224 2767 400 2817 ἐπιτυχεῖν
421 2766 622 2818 ἀξιωθῶμεν
648 2770 717 2806 τῶν
734 2769 1005 2822 ἐπηγγελμένων
1025 2772 1116 2822 ἀγα-

89 2829 156 2864 θῶν
181 2833 251 2870 τοῖς
272 2830 454 2879 ἀγαπῶσιν
478 2830 593 2877 αὐτὸν,
614 2831 650 2868 ἐν
670 2831 814 2884 Χριστῷ
834 2832 949 2880 Ἰησοῦ
967 2835 1017 2883 τῷ
1038 2835 1114 2872 Κυ--

92 2887 156 2939 ρίῳ
184 2891 305 2938 ἡμῶν,
335 2883 363 2941 ᾧ
389 2892 411 2934 ἠ
444 2889 524 2934 δόξα
558 2890 618 2930 σὺν
648 2895 698 2943 τῷ
731 2893 847 2945 Πατρὶ
876 2893 1006 2947 καὶτῷ
1026 2895 1115 2948 ἁγίῳ

88 2948 284 2999 Πνεύματι,
302 2952 360 2987 νῦν
375 2950 434 2988 καὶ
447 2950 500 2988 ἀεὶ
515 2952 575 2990 καὶ
591 2955 640 2996 εἷς
651 2953 730 2998 τοὺς
746 2956 872 2998 αἰῶνας
888 2959 957 2994 τῶν
967 2955 1114 2995 αἰώνων.

90 3011 124 3047 Ἀ
131 3009 200 3059 μήν
209 3039 216 3047 .

132 3146 144 3160 ‘³
160 3137 243 3170 Tres
268 3138 344 3170 Mss.
364 3147 541 3184 στερήσασα.

131 3188 147 3212 ⁴¹
165 3189 317 3232 Quinque
333 3191 410 3224 Mss.
430 3197 576 3234 εἰσήγαγε.

132 3246 142 3259 ⁰
160 3238 256 3272 colb.
276 3253 356 3274 tinus
374 3249 508 3288 ὴςάνωε,

1003 170 1165 201 Gumis.

1130 2131 1178 2156 133

2089 164 2113 193 Γ

2060 183 2143 230 1ὰ7

1189 255 1306 293 solum
1332 257 1427 294 enim
1450 271 1512 295 nos
1540 273 1560 295 a
1580 271 1730 311 superna
1753 259 1996 301 benevolentia
2013 263 2146 303 alienos

1191 316 1290 365 facit,
1310 316 1372 355 sed
1399 327 1432 356 et
1464 317 1511 356 ad
1539 319 1694 358 multum
1720 320 1894 373 pudorem
1916 332 1949 360 et
1970 324 2146 363 vilitatem

1190 377 1336 416 deducit
1355 394 1361 414 :
1379 388 1413 417 et
1432 394 1513 418 cum
1533 395 1596 419 nos
1616 382 1734 434 privat
1756 383 1857 421 lionis
1882 386 2048 437 quaejam
2068 401 2148 438 pos-

1189 438 1407 485 sidebamus,
1434 456 1576 480 omnem
1595 442 1700 481 etiam
1730 444 1900 484 fiduciam
1921 447 2047 485 aufert.
2077 445 2148 485 Sed

1191 514 1233 538 ne
1247 516 1388 539 sursum
1399 502 1639 555 deorsumque
1652 506 1825 544 versando
1842 517 2040 559 peccatum,
2052 507 2150 560 quod

1190 576 1252 613 per
1270 576 1369 600 esum
1392 563 1479 615 ligni
1500 574 1533 602 et
1554 565 1829 605 inobedientiam
1856 568 2036 607 hominem
2053 569 2150 621 dejc-

1189 622 1253 669 eit,
1272 623 1470 662 luctuosior
1487 626 1616 665 evadat
1634 629 1746 665 oratio
1761 645 1769 665 :
1784 643 1870 679 age,
1891 630 1921 668 si
1949 630 2079 683 placet,
2103 631 2150 669 ab

1189 681 1256 720 hoc
1270 683 1368 735 ligno
1381 685 1427 722 ad
1446 686 1558 736 aliud,
1573 702 1697 741 nempe
1713 690 1760 728 ad
1776 691 1916 742 lignum
1933 693 2061 743 crucis,
2076 707 2149 731 ser-

1189 756 1329 782 monem
1359 755 1555 795 vertamus,
1582 757 1616 785 et
1636 749 1823 788 videamus
1853 766 2018 802 quamam
2055 754 2148 792 mala

1188 802 1281 841 illud
1299 804 1435 852 intulit,
1453 815 1486 844 et
1505 822 1584 858 quae
1604 808 1697 846 bona
1720 810 1815 847 istud
1832 813 2059 863 eonciliavit3
2077 815 2150 853 imo

1189 877 1258 901 non
1281 864 1423 917 lignum
1455 868 1576 906 attulit
1608 869 1716 918 mala,
1741 870 1804 909 sed
1831 872 1996 911 voluntas
2015 875 2149 926 segnis,

1189 933 1222 962 et
1251 935 1448 965 contemtus
1477 929 1656 982 praecepti.
1691 931 1847 982 Lignum
1880 933 1973 972 illud
2001 944 2151 974 mortem

1188 985 1391 1026 introduxit
1409 1005 1417 1025 :
1435 1003 1518 1027 nam
1536 1000 1615 1044 post
1629 992 1957 1044 praevaricationem
1977 1009 2072 1034 mors
2095 997 2150 1035 in-

1188 1048 1312 1100 travit,
1334 1049 1395 1088 sed
1422 1050 1521 1090 istud
1552 1052 1857 1093 immortalitatem
1882 1055 2052 1107 largitum
2071 1067 2149 1108 est;

1188 1109 1281 1148 illud
1296 1125 1315 1149 e
1332 1112 1502 1164 paradiso
1529 1114 1645 1166 ejecit,
1670 1115 1767 1153 istud
1786 1115 1821 1154 in
1842 1117 1944 1155 caelos
1961 1132 2024 1157 nos
2044 1119 2150 1157 redu-

1188 1172 1243 1209 xit
1253 1187 1264 1222 5
1281 1172 1377 1212 illud
1402 1185 1549 1228 propter
1578 1190 1687 1214 unam
1714 1180 2029 1230 transgressionem
2063 1182 2151 1220 tanti

1188 1234 1359 1286 supplicii
1387 1250 1490 1275 reum
1516 1237 1632 1276 Adam
1650 1238 1755 1288 fecit,
1780 1239 1877 1279 istud
1903 1256 1966 1279 nos
1984 1242 2152 1295 plurimis

1188 1304 1416 1347 peecatorum
1433 1298 1584 1337 sarcinis
1603 1300 1825 1349 exoneravit,
1846 1301 2087 1355 fiduciamque
2105 1305 2152 1343 ad

1189 1357 1387 1396 Dominum
1413 1359 1515 1398 nobis
1541 1361 1892 1402 concessit.Vidistis
1907 1364 1996 1416 ligni
2013 1375 2046 1403 et
2061 1366 2151 1418 ligni

1189 1417 1453 1461 differentiam?
1461 1421 1603 1460 vidistis
1610 1422 1748 1461 diaboli
1759 1423 2152 1476 malignitatem,h0mi-

1189 1479 1245 1517 nis
1262 1490 1463 1533 peccatum,
1484 1492 1517 1521 et
1536 1484 1685 1522 Domini
1704 1485 2152 1527 misericordiammrme-

1189 1554 1270 1578 mus
1291 1541 1412 1593 itaque
1428 1557 1491 1582 nos
1512 1544 1624 1598 ipsos,
1646 1545 1807 1594 obsecro,
1830 1547 2019 1599 carissimi,
2042 1549 2152 1588 armis

1188 1599 1278 1651 ligni
1294 1600 1404 1654 hujus
1421 1603 1579 1653 vivifici,
1607 1605 1788 1657 ipsiusque
1815 1607 1950 1646 virtute
1968 1609 2149 1661 pernicio-

1140 1680 1164 1710 Ε
1189 1674 1245 1699 sos
1263 1662 1383 1701 animo
1412 1665 1560 1704 affectus
1588 1666 1863 1716 mortificemus;
1887 1669 1940 1707 uti
1959 1679 1993 1707 et
2010 1680 2153 1723 aposto-

1142 1722 1244 1760 ⁴‘'lus
1264 1724 1397 1763 Paulus
1426 1726 1483 1764 his
1511 1727 1632 1765 verbis
1663 1738 1807 1766 monet:
1827 1732 1903 1780 Qui
1930 1745 2025 1769 vero
2061 1740 2152 1770 sunt
2170 1744 2353 1784 Gal-&24

1192 1785 1349 1831 Christi,
1367 1800 1526 1824 carnem
1542 1789 1819 1841 crucifixerunt
1834 1804 1922 1828 cum
1936 1793 2152 1844 affectibus

1190 1853 1227 1882 et
1246 1849 1577 1898 concupiscentiis.
1599 1848 1708 1895 Quod
1736 1859 1858 1888 autem
1885 1851 1988 1901 dicit,
2012 1862 2063 1891 est
2084 1853 2151 1891 hu-

1183 1905 1343 1957 jusmodi
1360 1923 1368 1943 :
1385 1908 1459 1956 Qui
1483 1923 1520 1946 sc
1537 1917 1628 1947 totos
1662 1910 1805 1949 Christo
1837 1911 2064 1963 dedicarunt,
2087 1914 2150 1952 ab-

1188 1966 1333 2006 surdam
1361 1983 1502 2008 omnem
1533 1971 1856 2024 concupiscentiam
1888 1974 2152 2014 mortificarunt

1187 2027 1224 2064 in
1244 2042 1348 2067 carne
1381 2030 1579 2081 subortam,
1599 2041 1638 2070 ut
1657 2047 1777 2071 omnes
1800 2033 1911 2071 animi
1941 2046 2150 2088 corrumpat

1188 2090 1420 2141 operationes.
1450 2092 1525 2130 Hos
1547 2093 1660 2144 igitur
1678 2102 1711 2131 et
1730 2108 1794 2132 nos
1822 2095 2016 2146 imitantes,
2036 2111 2149 2135 mem-

1142 2170 1167 2198 Α
1188 2149 1253 2188 bra
1264 2157 1383 2190 n‘ostra
1396 2152 1443 2190 ad
1457 2153 1594 2192 bellum
1607 2153 1825 2193 instruamus
1841 2155 2013 2196 adversus
2027 2165 2150 2209 tyran-

1187 2211 1309 2250 nidem
1328 2227 1374 2251 ex
1391 2213 1570 2253 diabolica
1590 2217 1795 2268 operatione
1814 2218 1849 2255 in
1879 2232 1942 2256 nos
1962 2219 2150 2272 insurgen-

1187 2283 1274 2322 tem,
1291 2284 1331 2313 ut
1355 2276 1442 2314 etin
1465 2278 1629 2329 praesenti
1657 2279 1730 2317 vita
1758 2280 2009 2319 turbulentum
2031 2281 2100 2320 hoc
2118 2293 2152 2321 et

1187 2336 1429 2387 periculosum
1458 2352 1555 2377 mare
1587 2339 1762 2392 intrepide
1795 2341 2030 2393 trajiciamus,
2051 2343 2152 2381 etad

1187 2395 1320 2435 divinae
1350 2397 1582 2450 benignitati5
1619 2400 1831 2451 tranquillos
1861 2411 1986 2454 portus
2026 2416 2151 2455 perve-

1186 2457 1335 2505 nientes,
1358 2459 1452 2499 bona
1473 2461 1593 2499 Deum
1611 2460 1847 2513 diligentibus
1869 2464 2042 2515 promissa
2063 2479 2150 2502 con·-

1187 2518 1287 2569 sequi
1304 2519 1502 2568 valeamus,
1520 2521 1557 2559 in
1575 2521 1719 2560 Christo
1734 2524 1818 2561 Jesu
1839 2523 1995 2562 Domino
2012 2534 2148 2571 nostro,

1189 2580 1246 2618 cui
1264 2581 1377 2632 gloria
1399 2596 1481 2622 cum
1499 2584 1604 2621 Patre
1623 2593 1656 2621 et
1677 2593 1799 2622 sancto
1828 2585 1982 2637 Spiritu,
2004 2598 2098 2623 nunc
2115 2594 2149 2627 ct

1189 2655 1338 2695 semper,
1354 2652 1387 2680 et
1405 2643 1440 2682 in
1463 2644 1590 2682 saecula
1607 2644 1828 2684 saeculorum.
1861 2648 1985 2685 Amen.

1204 172 1360 202 nonis..
1401 172 1494 204 xvh

1140 2912 1162 2941 B

1163 3157 1172 3170 ·
1192 3147 1264 3178 Duo
1285 3146 1358 3178 uss.
1378 3151 1588 3184 ἀναθῄσαντες.

1178 3200 1193 3220 ¹·
1211 3197 1360 3231 (lothen.
1381 3205 1418 3236 εἰ,-
1442 3202 1508 3236 τνζς
1529 3201 1637 3236 :saio-as
1658 3202 1788 3242 λιμένας.
1806 3200 1908 3235 ὃωίῐ.
1928 3203 2048 3240 εῂὃίνὶυς
2065 3211 2096 3235 ct
2112 3203 2143 3235 in

1135 3263 1238 3293 marg.
1260 3255 1416 3288 εὖῦιεινοᾶς.
