2433 3775
763 182 803 210 ΙΝ
842 180 942 210 (ἶΑΡ.
989 179 1016 209 Ι.

109 268 167 306 καὶ
179 266 242 313 τὴν
258 266 337 319 περὶ
351 265 428 310 τοὺς
441 265 591 312 πένητας
605 264 786 318 δαψίλειαν
798 262 1134 315 ι’ἐπιδεικνυώμεθα,

109 329 236 372 εἰδότες
256 327 319 375 ὅση
342 331 405 375 τῆς
423 327 502 382 περὶ
518 326 658 371 τούτους
673 326 859 379 θεραπείας
877 329 962 377 ἡμῖν
981 325 1136 364 κείσεται

107 393 128 437 ἡ
152 390 393 432 ἀνταπόδοσις.
408 388 453 427 ‘O
472 388 539 440 γὰρ
556 390 680 433 ἐλεῶν,
699 387 797 441 φησὶ,
812 386 972 439 πτωχὸν,
989 386 1136 431 δανείζει

107 452 203 503 Θεῷ.
224 449 319 502 οὈρα
339 449 472 489 δανείου
492 448 590 502 φύσιν
611 448 706 497 ξένην
728 449 787 487 καὶ
802 447 1008 502 παράδοξον.
1030 446 1134 486 Ἕτε-

109 512 166 563 ρός
182 513 275 550 ἐστιν
294 514 312 549 ὁ
330 511 536 563 λαμὸάνων,
554 510 613 549 καὶ
633 511 748 563 ἕτερος
768 514 786 549 ὁ
801 513 851 563 τῷ
871 510 994 562 δανείῳ
1013 509 1135 550 ἑαυτὸν

108 573 291 612 ὑπεύθυνον
312 573 496 617 καθιστάς·
511 572 571 611 καὶ
587 575 625 611 οὐ
650 576 752 611 τοῦτο
773 572 888 624 μόνον,
905 573 983 609 ἀλλ’
1003 571 1057 610 ὅτι
1077 572 1136 610 ἐπὶ

108 634 228 674 τούτου
250 638 310 673 τοῦ
327 634 461 674 δανείου
476 636 539 673 οὐκ
555 634 647 673 ἔστιν
663 633 910 686 ἀγνωμοσύνην
930 633 1135 681 ὑποστῆναι,

109 696 186 736 οὐδὲ
209 697 328 749 ἑτέραν
346 696 424 735 τινὰ
440 696 581 747 ζημίαν.
596 695 689 734 Οὐδὲ
702 695 787 747 γὰρ,
803 693 959 746 καθάπερ
976 695 1136 743 ἐνταῦθα,

108 758 301 804 ἑκατοστὴν
324 757 427 808 μόνον
446 760 689 808 *“ὑπισχνεῖται
709 755 850 800 δώσειν,
879 753 971 792 ἀλλὰ
995 756 1137 793 ἑκατον-

107 817 324 856 ταπλασίονα
351 820 420 855 τῶν
453 816 660 867 διδομένων,
685 815 744 853 καὶ
772 814 849 853 οὐδὲ
879 814 984 866 μέχρι
1016 814 1136 853 τούτου

105 878 266 924 ἵσταται,
293 877 383 915 ἀλλὰ
400 881 511 915 ταῦτα
531 876 594 927 μὲν
615 877 649 913 ἐν
668 877 719 926 τῷ
746 874 914 928 παρόντι,
935 874 995 912 καὶ
1023 877 1059 913 ἐν
1085 877 1135 927 τῷ

106 938 269 990 μέλλοντι
289 937 324 977 δὲ
342 937 433 985 ζωὴν
451 936 601 976 αἰώνιον.
627 936 697 975 Καὶ
721 936 777 975 ἐπὶ
800 935 863 987 μὲν
883 941 943 974 τοῦ
965 936 1135 990 παρόντος

107 999 181 1051 βίου
199 1000 231 1038 εἴ
246 1017 297 1044 τις
313 1002 398 1050 ἡμῖν
415 998 588 1050 ὑπέσχετο
608 997 816 1036 διπλασίονα
837 998 939 1048 μόνον
956 1000 1025 1036 τῶν
1045 998 1135 1036 διδο-

105 1061 218 1112 μένων
247 1060 303 1114 ὑφ’
331 1063 432 1111 ἡμῶν
466 1064 679 1113 παρασχεῖν,
702 1058 888 1110 προθύμως
919 1057 959 1096 ἂν
991 1058 1133 1097 ἅπασαν

102 1125 204 1174 ἡμῶν
223 1122 286 1169 τὴν
305 1120 450 1175 ὕπαρξιν
467 1120 722 1175 προσηκάμεθα
734 1151 743 1168 ,
760 1119 845 1159 ὅπου
865 1119 976 1167 πολλὴ
997 1120 1133 1159 πολλά-

102 1200 156 1228 κις
182 1188 203 1231 ἡ
230 1183 485 1235 ἀγνωμοσύνη,
517 1183 646 1221 πολλαὶ
673 1185 741 1221 τῶν
770 1181 1068 1220 πλεονεκτούντων
1098 1185 1133 1221 αἱ

101 1244 304 1299 ὑπερὸολαί.
325 1244 394 1283 Καὶ
414 1244 481 1296 γὰρ
503 1244 563 1282 καὶ
590 1246 658 1282 τῶν
683 1243 815 1295 σφόδρα
837 1242 990 1294 γνησίων
1010 1243 1133 1282 πολλοὶ

101 1306 177 1345 οὐδὲ
197 1305 280 1344 αὐτὸ
300 1305 340 1344 τὸ
363 1304 538 1344 δανεισθὲν
556 1310 626 1347 τοῖς
643 1303 810 1342 δεδωκόσι
828 1304 1027 1357 παρέσχον,
1043 1303 1065 1351 ἢ
1087 1304 1132 1342 δι’

103 1366 352 1421 ἀγνωμοσύνην
386 1369 488 1405 τοῦτο
521 1365 788 1416 ὑπομείναντες,
819 1363 842 1411 ἢ
869 1364 929 1403 καὶ
960 1364 1129 1409 πολλάκις

101 1430 169 1468 ὑπὸ
187 1428 308 1472 πενίας
324 1426 545 1470 κωλυθέντες.
566 1425 652 1465 Ἐπὶ
669 1425 704 1464 δὲ
725 1429 784 1464 τοῦ
801 1428 868 1463 τῶν
884 1425 1049 1464 ἁπάντων
1067 1429 1130 1464 Δε-

102 1489 230 1529 σπότου
255 1488 352 1528 οὐδὲν
378 1487 509 1527 τούτων
535 1487 608 1527 ἐστὶ
635 1487 860 1539 λογίσασθαι,
887 1487 978 1526 ἀλλὰ
1003 1487 1062 1525 καὶ
1092 1486 1130 1525 τὸ

101 1552 232 1590 δάνειον
253 1550 417 1605 ἀκέραιον
439 1549 554 1601 μένει,
578 1550 638 1588 καὶ
665 1549 752 1602 ὑπὲρ
774 1551 843 1588 τῶν
863 1548 1131 1600 καταὸαλλομέ-

102 1629 167 1652 νων
184 1611 529 1652 ἑκατονταπλασίονα
553 1616 751 1666 παρασχεῖν
771 1615 994 1663 ὑπισχνεῖται
1012 1609 1030 1631 ‘¹
1042 1611 1131 1662 μετὰ

99 1679 212 1722 τοῦτο,
232 1673 291 1712 καὶ
310 1673 373 1721 τὴν
390 1675 426 1711 ἐν
440 1676 491 1726 τῷ
512 1673 674 1725 μέλλοντι
695 1673 785 1720 ζωὴν
805 1676 890 1724 ἡμῖν
916 1672 1128 1724 ταμιεύεται.

100 1738 132 1776 Τ
137 1736 165 1780 ίς
179 1730 237 1774 οῧν
255 1740 341 1788 ἡμῖν
357 1735 478 1774 λοιπὸν
500 1735 672 1788 ἀπολογία
696 1735 856 1773 λείπεται
876 1734 924 1786 μὴ
941 1734 1130 1774 σπεύδουσι

99 1797 159 1836 καὶ
182 1797 416 1850 ἐπειγομένοις
446 1796 523 1836 ἀντὶ
544 1800 613 1835 τῶν
635 1796 761 1849 ὀλίγων
787 1796 1131 1835 ἑκατονταπλασίονα

86 1860 218 1913 νλαὸεἱν
230 1889 240 1908 ,
257 1859 317 1898 καὶ
337 1859 413 1897 ἀντὶ
429 1862 499 1898 τῶν
514 1858 698 1911 παρόντων
713 1858 758 1897 τὰ
776 1858 960 1909 μέλλοντα,
978 1858 1037 1896 καὶ
1054 1858 1131 1896 ἀντὶ

100 1925 168 1960 τῶν
191 1921 416 1974 προσκαίρων
441 1920 486 1958 τὰ
512 1920 654 1968 αἰώνια,
683 1921 759 1958 ἀλλ’
786 1919 897 1966 ἡδέως
924 1919 1043 1972 θύραις
1071 1919 1130 1957 καὶ

102 1985 244 2035 μοχλοῖς
266 1982 527 2020 ἐναποκλείουσι
547 1981 590 2019 τὰ
611 1981 798 2033 χρήματα,
820 1981 879 2018 καὶ
902 1983 940 2019 οὐ
963 1980 1131 2032 βουλομέ-

99 2060 169 2087 νοις
186 2043 274 2082 αὐτὰ
296 2047 354 2081 νῦν
383 2041 552 2095 προέσθαι
570 2048 642 2085 τοῖς
667 2042 842 2093 δεομένοις
863 2041 908 2080 τὰ
933 2042 1052 2084 ἁπλῶς
1071 2040 1130 2079 καὶ

101 2107 176 2155 εἰκῇ
205 2104 372 2155 κείμενα,
400 2103 458 2141 ἵνα
489 2106 524 2141 ἐν
549 2105 599 2154 τῷ
633 2103 795 2153 μέλλοντι
823 2105 924 2140 αἰῶνι
953 2105 1017 2148 τῆς
1041 2103 1127 2154 παρ’

100 2168 212 2204 αὐτῶν
229 2164 444 2217 προστασίας
464 2163 719 2214 ἀπολαύσωμεν
733 2180 742 2210 ;
766 2164 946 2210 Ποιήσατε
960 2162 1029 2215 γὰρ
1047 2166 1128 2214 ὑμῖν

97 2226 216 2278 φίλους
234 2229 272 2264 ἐκ
297 2229 357 2264 τοῦ
380 2231 534 2277 μαμωνᾶ
548 2226 612 2270 τῆς
635 2223 789 2272 ἀδικίας,
818 2223 892 2272 ἵνα,
912 2223 996 2263 ὅταν
1015 2223 1128 2263 ἐκλεί-

96 2303 197 2336 πητε,
219 2286 384 2332 δέξωνται
407 2289 498 2337 ὑμᾶς
518 2288 565 2329 εἷς
583 2285 646 2329 τὰς
665 2285 823 2345 αἰωνίους
844 2287 956 2323 αὐτῶν
983 2284 1126 2332 σκηνάς.

95 2351 165 2388 Καὶ
191 2343 280 2398 οἶδα,
301 2348 355 2387 ὅτι
373 2349 495 2387 πολλοὶ
516 2350 554 2386 οὐ
574 2347 677 2399 μόνον
696 2351 734 2386 οὐ
753 2347 956 2400 προσίενται
975 2346 1020 2385 τὰ
1038 2349 1123 2398 παρ’

94 2412 196 2462 ἡμῶν
216 2410 403 2463 λεγόμενα,
425 2410 516 2449 ἀλλὰ
542 2409 603 2448 καὶ
631 2411 678 2453 ὡς
700 2408 808 2462 λῆρόν
833 2425 910 2447 τινα
933 2408 994 2446 καὶ
1020 2411 1126 2459 μῦθον

95 2472 289 2518 ἀκούοντες,
301 2474 361 2510 οοὐ
374 2472 587 2524 προσέχουσι
601 2476 672 2516 τοῖς
689 2470 874 2523 ἡμετέροις
891 2470 1018 2522 λόγοις.
1033 2470 1125 2508 Ἀλλ’

96 2532 164 2585 ἐγὼ
181 2533 242 2571 καὶ
262 2532 319 2571 διὰ
340 2536 442 2570 τοῦτο
472 2533 658 2584 δάκνομαι,
678 2532 736 2571 καὶ
757 2533 951 2584 ὀδυνῶμαι,
970 2531 1023 2571 ὅτι
1049 2531 1127 2570 οὔτε

95 2597 163 2632 τῶν
184 2594 405 2647 πραγμάτων
433 2598 454 2641 ἡ
485 2600 590 2648 πεῖρα
603 2625 612 2642 ,
636 2594 715 2632 οὔτε
736 2597 757 2640 ἡ
777 2593 929 2640 τοσαύτη
950 2598 1009 2632 τοῦ
1034 2596 1127 2633 Θεοῦ

95 2655 301 2708 ὑπόσχεσις,
318 2656 396 2695 οὔτε
419 2659 437 2694 ὁ
456 2655 559 2708 φόῧος
577 2658 646 2694 τῶν
668 2655 886 2706 μελλόντων,
904 2654 982 2694 οὔτε
1000 2658 1035 2694 αἱ
1048 2656 1125 2693 καθ’

95 2717 246 2765 ἑκάστην
263 2718 398 2769 ἡμέραν
420 2720 504 2770 παρ’
520 2720 621 2768 ἡμῶν
638 2717 860 2770 παραινέσεις
875 2718 944 2754 τῶν
963 2716 1125 2755 τοιούτων

95 2778 300 2818 καθικέσθαι
320 2777 331 2799 ¹
343 2778 580 2826 ἠδυνήθησαν,
600 2779 659 2817 καὶ
679 2781 717 2818 οὗ
735 2777 917 2829 παύσομαι
939 2778 1016 2816 οὐδὲ
1034 2777 1125 2817 οὕτω

94 2842 156 2886 τῆς
175 2839 339 2887 τοιαύτης
359 2840 571 2891 συμὸουλῆς,
596 2839 718 2893 μέχρις
747 2838 786 2876 ἂν
813 2842 858 2891 τῇ
886 2841 999 2892 πολλῇ
1023 2855 1124 2878 συνε-

94 2899 175 2952 χείᾳ
193 2901 436 2953 περιγενέσθαι
454 2902 602 2948 δυνηθῶ,
620 2901 680 2940 καὶ
701 2903 748 2945 εἷς
766 2902 870 2953 ν’ἧψιν
891 2900 1014 2944 αὐτοὺς
1037 2903 1124 2952 ἀγα-

93 2968 166 3013 γεῖν
177 2993 187 3011 ,
204 2963 262 3000 καὶ
277 2964 317 3000 ἐκ
335 2967 395 3001 τοῦ
421 2963 529 3015 κάρου
547 2963 606 3002 καὶ
623 2966 686 3010 τῆς
710 2965 818 3014 μέθης
830 2994 840 3012 ,
854 2964 896 3011 ἣν
912 2966 934 3010 ἡ
951 2965 1018 3002 τῶν
1035 2979 1124 3017 χρη-

1057 178 1218 209 emtis.

1155 945 1178 975 C

1156 1624 1180 1653 D

1258 179 1413 210 nomm.
1454 182 1516 211 111.

2099 182 2122 210 2
2134 182 2155 228 7

1200 262 1352 300 aliarum
1368 263 1545 302 virtutum
1557 272 1658 314 ,tum
1683 262 1906 301 liberalitatis
1928 263 1964 300 in
1991 277 2160 316 pauperes

1200 324 1377 376 specimen
1397 324 1631 364 exhibeamus
1667 340 1674 361 :
1713 324 1860 362 scientes
1889 333 2020 375 quanta
2057 325 2160 363 nobis

1201 399 1334 423 merces
1360 386 1406 424 ob
1428 400 1551 424 curam
1583 385 1656 424 illis
1683 384 1883 424 exhibitam
1913 385 2066 436 reposita
2098 386 2156 422 sit.

1203 448 1307 495 Nam,
1332 451 1408 499 Qui
1427 451 1642 496 miseretur,
1661 447 1727 497 ait,
1749 449 1925 500 pauperi,
1934 448 2161 500 soeneratur
2176 454 2269 483 Ρι-ον.
2302 464 2346 495 ¹9·

1202 510 1298 547 Deo.
1316 510 1413 550 Vide
1432 525 1547 549 usurae
1567 524 1685 549 raram
1704 517 1884 557 naturam,
1908 516 1941 546 et
1961 506 2161 545 admirabi-
2180 503 2224 531 ¹7·

1202 570 1282 608 lein.
1301 573 1401 610 Alius
1421 572 1548 623 estqui
1567 571 1712 625 accipit,
1730 579 1764 609 et
1788 569 1882 608 alius
1899 568 1962 620 qui
1982 583 2019 607 se
2037 568 2159 607 dando

1202 633 1326 670 finiiori
1353 633 1550 671 obnoxium
1570 633 1681 683 saeit;
1712 646 1826 683 neque
1844 631 1913 669 hoc
1939 630 2057 668 solum
2075 643 2159 682 spe-

1202 693 1385 742 ctandum,
1406 693 1468 731 scd
1489 694 1596 731 etiam
1620 693 1716 744 quod
1739 693 1774 731 in
1801 692 1870 730 hoc
1895 705 2011 730 usurae
2036 704 2163 743 genere

1203 767 1316 803 neque
1349 754 1527 805 ingratum
1562 754 1738 801 animum,
1768 767 1881 804 neque
1914 753 2028 790 ullum
2060 751 2162 791 aliud

1201 813 1374 851 damnum
1393 815 1635 866 experiamur.
1656 816 1780 865 Neque
1798 814 1908 863 enim,
1928 813 2163 864 quemadmo-

1201 873 1290 912 dum
1310 874 1383 924 hic,
1409 875 1637 913 centesimam
1654 875 1771 913 solum
1789 874 1980 926 promittit,
2000 874 2061 912 sed
2081 889 2161 913 cen-

1202 936 1302 988 tuplo
1314 936 1417 988 plura
1431 936 1537 986 datis,
1555 950 1618 975 nec
1638 936 1755 974 solum
1772 935 1939 987 centuplo
1957 935 2078 987 plura,
2102 935 2164 975 sed.

1202 996 1276 1035 haec
1303 997 1436 1035 dantur
1463 997 1498 1035 in
1528 997 1693 1050 praesenti
1722 996 1809 1045 vita,
1832 995 1868 1033 in
1901 996 2023 1034 futuro
2045 1005 2164 1035 autem

1201 1057 1275 1097 vita
1288 1067 1431 1096 aeterna.
1455 1058 1503 1096 Et
1524 1058 1558 1096 in
1582 1057 1749 1111 praesenti
1768 1056 1915 1108 quidem
1930 1057 2020 1107 vita,
2038 1057 2067 1095 si
2082 1057 2163 1108 quis

1202 1119 1304 1157 nobis
1318 1120 1435 1158 solum
1456 1119 1616 1173 duplicia
1636 1119 1864 1172 polliceretur
1884 1132 1948 1171 pro
1969 1118 2012 1157 iis
2041 1133 2120 1170 quae
2142 1134 2162 1158 a

1202 1181 1458 1228 nobisdantur‚
1472 1181 1586 1234 parati
1606 1194 1761 1219 essemus
1774 1179 1828 1217 illi
1844 1193 1985 1217 omnem
2003 1188 2162 1219 nostram

1200 1241 1438 1280 substantiam
1457 1242 1599 1293 offerre,
1615 1241 1755 1280 tametsi
1785 1254 1877 1293 sche
1905 1241 2011 1278 multi
2031 1240 2162 1292 ingrati

1200 1304 1285 1355 sint,
1303 1304 1496 1355 multaeque
1515 1304 1586 1342 sint
1604 1318 1796 1343 avarorum
1826 1302 1980 1341 fraudes.
2015 1302 2162 1341 Etenim

1200 1365 1348 1419 plurimi
1369 1365 1432 1416 qui
1455 1366 1558 1418 probi
1589 1365 1780 1415 habentur,
1811 1363 1976 1403 debitum
2002 1378 2071 1402 non
2091 1364 2162 1402 sol-

1200 1436 1305 1474 vunt,
1342 1428 1399 1466 vel
1428 1427 1526 1478 quod
1546 1427 1676 1479 ingrati
1710 1426 1793 1475 sint,
1822 1425 1880 1464 vel
1914 1439 2008 1478 saepe
2039 1425 2161 1478 inopia

1201 1489 1426 1541 prohibente.
1438 1489 1541 1527 Circa
1554 1488 1752 1527 Dominum
1761 1496 1880 1526 autem
1892 1487 2056 1525 omnium
2066 1486 2160 1525 nihil

1200 1549 1409 1602 hujusmodi
1423 1550 1691 1604 suspicandum,
1712 1550 1772 1589 sed
1793 1558 1826 1587 et
1841 1548 2003 1601 capitalis
2019 1563 2161 1589 summa

1200 1611 1236 1649 in
1257 1621 1334 1650 tuto
1354 1621 1417 1661 cst,
1437 1621 1470 1651 et
1488 1612 1696 1665 centuplum
1723 1611 1782 1650 hic
1801 1611 2025 1664 promittitur
2042 1610 2161 1649 danti-

1199 1673 1279 1723 bus,
1294 1682 1327 1712 et
1340 1674 1377 1712 in
1397 1674 1561 1712 futurum
1575 1674 1649 1714 vita
1666 1683 1795 1712 aeterna
1823 1673 1926 1711 nobis
1945 1683 2158 1712 reservatur.

1201 1735 1288 1782 Quae
1317 1735 1430 1788 igitur
1450 1735 1553 1774 nobis
1587 1735 1745 1774 defensio
1772 1735 1850 1783 erit,
1881 1734 1911 1773 si
1943 1735 2160 1787 negligentes

1199 1797 1396 1845 fuerimus,
1431 1807 1464 1836 et
1482 1812 1553 1836 non
1575 1796 1862 1836 festinaverimus
1893 1797 2057 1849 centupla
2092 1812 2159 1850 pro

1199 1858 1323 1910 paucis
1346 1858 1518 1910 accipere,
1538 1867 1572 1896 et
1602 1872 1668 1910 pro
1697 1857 1932 1910 praesentibus
1963 1858 2099 1907 futura,
2125 1867 2160 1896 et

1198 1933 1264 1971 pro
1283 1919 1540 1971 temporalibus
1561 1928 1712 1967 aeterna3
1733 1918 1795 1956 sed
1824 1919 1968 1971 placide
1989 1919 2159 1971 pecunias

1194 1980 1315 2032 januis
1333 1989 1367 2018 ct
1385 1980 1548 2019 vectibus
1573 1979 1835 2027 incluserimus,
1861 1988 1895 2017 et
1914 1979 2158 2031 indigentibus

1200 2055 1269 2079 non
1288 2041 1563 2094 expenderimus
1590 2055 1630 2079 ea
1655 2054 1733 2092 quae
1765 2040 1816 2078 ibi
1841 2040 1941 2078 nullo
1962 2056 2028 2079 usu
2048 2050 2081 2079 et
2101 2049 2157 2080 te-

1202 2116 1298 2140 mere
1311 2103 1439 2154 jacent,
1455 2102 1542 2153 utssin
1560 2102 1682 2140 futuro
1701 2101 1830 2139 saeculo
1850 2115 1973 2139 eorum
1996 2102 2157 2141 subsidia

1201 2163 1454 2202 inveniamus?
1470 2165 1622 2211 Facite,
1647 2163 1780 2213 inquit,
1810 2165 1923 2201 vobis
1945 2166 2092 2203 amicos
2110 2180 2157 2203 ex
2171 2168 2245 2197 Lac.
2267 2167 2312 2198 16-
2328 2178 2360 2208 9-

1201 2239 1425 2263 mammona
1447 2227 1666 2277 iniquitatis
1689 2240 1700 2261 .·
1721 2233 1762 2263 ut
1792 2239 1881 2263 cum
1912 2226 2154 2278 defeceritis,

1199 2289 1389 2339 recipiant
1420 2300 1491 2324 vos
1521 2289 1563 2324 in
1585 2295 1732 2324 aeterna
1761 2287 2030 2324 tabernacula.
2061 2287 2156 2336 Scio,

1199 2348 1331 2386 multos
1350 2362 1419 2386 non
1435 2347 1543 2386 modo
1556 2361 1625 2385 non
1641 2346 1854 2401 adstipulari
1872 2347 1930 2397 iis,
1954 2361 2034 2398 quae
2053 2362 2072 2385 a
2089 2362 2158 2386 no-

1199 2409 1256 2448 bis
1269 2424 1363 2448 nunc
1387 2418 1469 2448 sunt
1488 2409 1594 2459 dicta,
1609 2408 1670 2447 sed
1692 2409 1798 2447 etiam
1814 2423 1853 2447 ea
1873 2417 1911 2446 ut
1930 2408 2100 2447 delirium
2124 2419 2157 2448 et

1198 2471 1356 2510 fabulam
1390 2470 1587 2521 audientes,
1608 2470 1728 2509 verbis
1748 2470 1876 2509 nostris
1904 2470 2052 2508 minime
2083 2485 2158 2510 esse

1199 2542 1360 2571 attentos.
1378 2532 1484 2572 Unde
1499 2545 1563 2583 ego
1583 2531 1724 2570 crucior
1748 2540 1781 2570 et
1795 2531 1912 2579 doleo,
1930 2530 2025 2581 quod
2043 2545 2157 2582 neque

1199 2608 1319 2632 rerum
1342 2593 1572 2646 experientia,
1596 2607 1708 2644 neque
1735 2601 1839 2631 tantae
1858 2591 1925 2630 Dei
1950 2593 2155 2644 promissio-

1199 2668 1274 2705 nes,
1291 2668 1402 2705 neque
1433 2653 1541 2691 timor
1566 2652 1786 2700 futurorum,
1807 2665 1922 2702 neque
1937 2651 2156 2702 quotidianae

1199 2715 1461 2754 admonitiones
1480 2723 1608 2752 nestrae
1629 2713 1726 2766 apud
1743 2714 1829 2751 tales
1856 2712 2054 2764 quidquam
2074 2727 2156 2765 pro-

1199 2777 1331 2815 ficiant.
1354 2778 1432 2815 Non
1470 2784 1586 2812 tamen
1610 2774 1768 2820 cessabo,
1800 2773 1908 2811 etiam
1931 2773 1992 2822 sic,
2012 2774 2058 2811 ab
2089 2774 2161 2818 hoe

1197 2837 1316 2876 dando
1332 2837 1492 2883 consilio,
1510 2835 1622 2873 donec
1642 2849 1700 2873 eos
1725 2834 1920 2885 frequentia
1938 2835 2156 2873 monitorum

1198 2908 1394 2952 superatos,
1422 2906 1572 2935 attentos
1588 2905 1694 2946 atque
1725 2895 1918 2947 vigilantes
1946 2895 2154 2944 reddidero,

1197 2970 1304 3012 atque
1321 2974 1366 2998 ex
1383 2958 1530 3011 crapula
1545 2955 1767 3005 etebrietate,
1778 2970 1886 3007 quam
1898 2955 1933 2994 in
1950 2956 2157 2994 obtenebra-

1144 3076 1222 3112 ζωὴν
1236 3074 1307 3112 ἡμῖν
1323 3070 1512 3111 ταμιεύεται.
1529 3063 1645 3097 Mon-el.
1658 3069 1740 3107 μετὰ
1756 3069 1809 3099 τοῦ
1824 3069 1874 3099 καὶ
1896 3070 1951 3103 τὴν
1971 3069 2000 3098 ἐν
2022 3073 2064 3108 τῷ
2080 3069 2141 3107 μέλ

1144 3128 1224 3156 aon-1
1247 3127 1324 3162 ζωὴν
1349 3125 1419 3163 ἡμῖν
1440 3120 1675 3158 ἐνταμιεύεσθαι.
1691 3116 1789 3159 [Mox
1805 3116 1908 3156 Saxil.
1928 3118 1960 3148 in
1978 3124 2069 3148 textu
2086 3122 2156 3150 αἰω-

1143 3186 1209 3216 νια,
1225 3181 1255 3208 c).-
1272 3178 1302 3211 ἡ.
1318 3177 1345 3206 θ.
1362 3187 1390 3206 κ.
1407 3188 1442 3214 μ.
1460 3173 1688 3213 ἐνκποκλειόμεν
1704 3169 1752 3213 (in
1770 3181 1875 3214 marg.
1895 3168 2047 3212 κλείομεν)
2060 3184 2089 3203 τ.
2111 3185 2158 3213 χ.,

1143 3231 1174 3261 οὐ
1191 3229 1366 3271 βουλόμενοι
1384 3223 1464 3264 ete]

139 3071 155 3095 b
171 3068 320 3102 Colbert.
339 3077 373 3102 et
388 3069 524 3103 Coislin.
542 3074 774 3115 ἐπιδεικνύμεθα.

134 3132 147 3146 ‘²
163 3123 245 3165 Reg.
267 3129 300 3154 et.
322 3121 460 3168 Coislin7
479 3126 660 3166 ὑπισχνεῖται
685 3127 773 3158 δόσιν.
796 3122 858 3155 Alii
884 3125 994 3157 δώσειν4
1014 3121 1104 3155 Ibid.

94 3176 268 3212 ἑκατοστήν.
292 3173 393 3206 Savil.
412 3187 420 3206 :
440 3173 591 3207 «Alludit
616 3173 660 3207 ad
684 3186 788 3207 usurae
811 3174 922 3218 genus}
934 3173 1108 3207 usitatissi—

96 3237 185 3257 mum
213 3226 327 3267 priscis
354 3226 578 3269 temporibus,
595 3226 687 3270 quod
713 3228 891 3259 centesima
917 3225 1104 3269 dicebatur,

96 3275 186 3318 quod
211 3285 345 3310 centum
370 3278 537 3312 mensibus
554 3287 678 3312 sortem
695 3287 852 3322 sequar-et.
873 3294 888 3310 »
904 3277 987 3312 Vide
1009 3280 1108 3312 Tomi
1189 3285 1200 3298 ⁶
1218 3279 1297 3320 fleg.
1320 3287 1402 3307 unus
1419 3279 1452 3308 o>
1477 3279 1665 3318 προσέχουσι-
1681 3271 1819 3306 coislin.
1836 3277 1913 3307 οὕτω
1929 3276 2156 3319 προσδέχονται.

98 3329 190 3370 hujus
207 3328 301 3361 Praef.
321 3331 338 3375 §
355 3332 392 3363 V.
1189 3332 1202 3355 t·
1219 3331 1342 3361 Omnes
1365 3328 1440 3358 uss.
1460 3333 1493 3357 et
1522 3323 1625 3358 Savit.
1656 3327 1796 3363 ἠδυνήθη.
1822 3324 1938 3357 Morel.
1967 3326 2159 3366 ἠδυνήθησαν,

142 3382 157 3405 d
176 3380 275 3413 Saxil.
297 3390 328 3414 et
346 3394 399 3415 sex
418 3384 494 3418 Mss.
519 3391 600 3426 μετὰ.
619 3391 703 3419 τοῦτο
731 3390 778 3419 καὶ
796 3391 848 3424 τὴν
867 3391 894 3420 ἐν
912 3394 953 3428 τῷ
971 3390 1111 3427 frimam
1147 3391 1179 3415 ct
1196 3384 1241 3415 ita
1261 3378 1501 3414 restituendum
1517 3388 1555 3409 ex
1569 3378 1758 3420 conjectura
1777 3384 1872 3409 notat
1889 3376 2040 3410 Sat-ilius.
