2516 3791
675 240 715 270 lx
754 240 856 270 ΟΠ).

86 323 335 376 ἔξηνέχθησαν,
355 321 460 361 πάλιν
488 324 555 360 τῶν
584 323 696 360 αὐτῶν
722 322 876 374 εἴχοντο,
906 322 965 361 καὶ
990 324 1039 365 εἰς
1073 322 1112 361 τὸ

83 385 171 437 ἱερὸν
191 382 433 436 ἀφικνούμενοι
461 382 520 422 τὸν
539 385 602 429 τῆς
633 383 859 428 διδασκαλίας
888 383 990 435 λόγον
1009 383 1110 422 κατέ-

83 445 209 492 ὅαλον,
227 443 472 496 σαγηνεύοντες
489 443 533 483 τὰ
552 443 670 490 πλήθη
691 446 738 487 εἷς
756 443 820 491 τὴν
837 444 1031 483 εὐσέὸειαν·
1052 444 1111 482 καὶ

81 504 186 544 πάλιν
204 505 455 557 κατεχόμενοι,
483 506 520 543 οὐ
537 504 640 555 μόνον
661 505 737 543 οὐδὲ
759 508 911 544 ἐντεῦθεν
928 504 1110 557 ὀκνηρότε-

84 582 137 619 ροι
151 566 320 618 ἐγίνοντο,
341 565 431 604 ἀλλὰ
451 566 512 604 καὶ
526 565 669 604 πλείονα
686 565 749 612 τὴν
766 566 963 619 παῤῥησίαν
979 565 1110 604 ἐπεδεί-

82 642 224 676 κνυντο,
247 630 281 666 ἐν
306 626 402 679 μέσῳ
423 626 632 678 μαινομένου
651 626 762 677 δήμου
791 627 850 664 καὶ
870 625 947 669 τοὺς
970 626 1109 668 ὀδόντας

896 240 958 270 lx.
998 238 1153 269 GENEs.

2119 231 2143 250 ·.⁷

2133 251 2143 272 )

1193 238 1347 269 nomi„
1388 239 1548 269 xxviii.
2054 230 2110 274 52

1186 321 1289 372 tenti„
1306 335 1375 360 non
1405 322 1519 361 solum
1549 336 1618 361 non
1638 323 1816 374 segniores
1841 323 1921 361 iude
1943 325 2024 362 sacti
2046 337 2142 370 suni,

1186 382 1248 421 sed
1272 392 1306 421 et
1325 384 1497 435 majorem
1527 383 1728 422 libertatem
1749 399 1822 437 prae
1853 399 1889 422 se
1910 385 2081 436 tulerunt,
2108 388 2142 424 in

1186 443 1305 482 medio
1333 444 1542 483 insanientis
1560 445 1685 498 populi
1712 455 1746 484 ct
1764 446 1934 484 dentibus
1964 447 2146 485 frementis

1185 514 1327 553 stantes,
1348 521 1388 543 ac
1407 506 1578 557 dicentes,
1605 509 1770 546 Obedire
1790 517 1936 560 oportet
1954 510 2039 546 Deo
2061 523 2143 547 ma-
2165 525 2208 552 ts„
2231 536 2257 551 v.
2277 534 2324 564 ⁷9·

1182 568 1241 616 Εἰς
1261 581 1378 618 qaam
1400 569 1633 606 hominibus.
1659 568 1795 608 Vidisti
1816 569 1991 607 libertatis
2010 570 2148 621 magni-

1184 625 1376 665 tudinem?
1406 628 1530 666 vidisti
1573 630 1758 668 illiteratos
1797 631 1993 684 piscatores
2028 641 2148 670 conte-

83 687 256 740 τρίζοντος
275 691 420 731 ἑστῶτες
436 689 494 726 καὶ
522 687 699 738 λέγοντες,
717 688 928 740 Πειθαρχεῖν
947 687 998 725 δεῖ
1026 688 1109 738 Θεῷ
1119 711 1167 735 277
1185 700 1304 724 innerc
1318 697 1367 726 tot
1382 689 1536 727 furentes
1556 692 1718 742 populos,
1731 693 1819 729 etad
1840 692 1951 730 credes
1964 707 2004 730 ac
2019 702 2148 730 macta-

85 751 219 800 μᾶλλον
240 748 261 795 ἢ
288 748 492 800 ἀνθρώποις.
511 742 611 791 Εἶδες
633 747 830 800 παῤῥησίας
846 746 1008 799 μέγεθος,
1025 740 1110 790 εἶδες
1133 749 1156 777 Α
1183 747 1296 785 tiones
1310 750 1478 801 paratos?
1491 752 1535 787 At
1551 759 1602 796 tu,
1617 751 1760 799 dilecte,
1775 752 1922 790 audieus
1936 752 2009 791 licec
2028 754 2147 791 omnia

84 810 162 854 τοὺς
177 810 332 857 ἰδιώτας,
353 809 431 853 τοὺς
458 809 566 852 ἁλιεῖς
596 811 838 862 ὑπερορῶντας
855 807 1029 846 τοσούτων
1051 807 1110 853 δή·

87 887 162 922 μων
179 870 417 921 μαινομένων,
437 870 498 908 καὶ
519 870 605 921 πρὸς
623 868 742 921 φόνους
766 869 826 906 καὶ
852 869 987 921 σφαγὰς
1019 869 1110 907 ἑτοί-

87 947 180 982 μων;
197 931 302 970 Ἀλλὰ
323 930 364 970 σὺ
388 935 497 969 ταῦτα
527 929 679 977 ἀκούων,
701 929 878 981 ἀγαπητὲ,
900 929 948 980 μὴ
977 930 1110 974 τούτοις

84 994 220 1045 λογίζου
236 993 279 1032 τὰ
297 994 482 1045 γινόμενα,
497 992 588 1031 ἀλλὰ
607 995 650 1044 τῇ
674 991 802 1030 ἄνωθεν
828 991 948 1046 χάριτι
967 995 1009 1044 τῇ
1038 1007 1110 1030 νευ-

86 1055 187 1108 ροῦσῃ
204 1055 264 1094 καὶ
280 1054 467 1107 ἀλειφούσῃ
489 1056 603 1092 αὐτῶν
621 1053 684 1100 τὴν
699 1054 907 1107 προθυμίαν.
929 1053 1032 1092 Ἐπεὶ
1051 1053 1111 1092 καὶ

85 1117 186 1160 αὐτὸς
205 1110 301 1160 οὗτος
317 1119 334 1154 6
352 1116 521 1168 μακάριος
538 1114 672 1167 Πέτρος
684 1144 694 1161 ,
722 1114 826 1162 ἡνίκα
842 1116 900 1154 τὸν
920 1118 959 1154 ἐκ
978 1115 1111 1160 κοιλίας

86 1177 216 1231 μητρὸς
254 1176 453 1230 χωλεύοντα
490 1178 602 1228 ὄρθιον
641 1176 905 1222 ἀποκατέστησε
920 1207 930 1223 ,
970 1176 1110 1215 πάντων

85 1238 376 1290 ἐκπληττομένων
396 1238 455 1276 καὶ
485 1236 732 1287 θαυμαζόντων
753 1236 896 1285 αὐτοὺς,
917 1237 1110 1276 ἐπιδεικνύ-

88 1315 188 1350 μενος
205 1299 268 1346 τὴν
288 1299 419 1338 οἰκείαν
441 1297 706 1350 εὐγνωμοσύνην
740 1298 863 1350 φησίν·
897 1297 1054 1351 Ἄνδρες,
1078 1298 1112 1336 τί

87 1361 257 1405 ἀτενίζετε
277 1365 381 1412 ἡμῖν,
401 1363 448 1404 ὡς
473 1359 543 1413 ἰδία
564 1359 709 1410 δυνάμει
729 1357 752 1405 ἢ
778 1359 936 1412 εὐσεὸείᾳ
961 1376 1113 1407 πεποιη-

86 1423 165 1461 κόσι
200 1427 260 1462 τοῦ
295 1428 497 1476 περιπατεῖν
527 1422 650 1469 αὐτόν;
683 1421 786 1465 Τίνος
815 1420 952 1468 ἕνεκεν,
986 1421 1113 1474 φησὶν,

86 1483 176 1523 οὕτω
195 1485 438 1536 κατεπλάγητε
469 1483 528 1521 καὶ
555 1481 838 1535 ἐκπεπληγμένοι
871 1481 947 1521 ἐστὲ
981 1481 1038 1521 ἐπὶ
1064 1484 1114 1534 τῷ

85 1545 262 1596 γεγονότι;
282 1544 342 1592 Μὴ
362 1543 430 1596 γὰρ
451 1548 553 1595 ἡμεῖς
568 1545 671 1595 ἔσμεν
688 1545 720 1581 οἱ
738 1547 840 1582 τοῦτο
861 1543 1112 1596 ἐργασάμενοι,

84 1606 108 1653 ἢ
145 1605 214 1658 ἰδία
244 1606 390 1655 δυνάμει
417 1607 503 1659 πρὸς
532 1606 663 1657 ὑγίειαν
692 1605 794 1644 αὐτὸν
817 1605 1115 1658 ἐπαναγαγόντες,

86 1667 146 1705 καὶ
182 1667 331 1718 βαδίζειν
359 1668 709 1719 παρασκευάσαντες,
739 1666 787 1704 Τί
820 1670 905 1718 ἡμῖν
927 1666 1115 1714 ἀτενίζετε;

85 1727 198 1767 Οὐδὲν
213 1728 318 1766 πλέον
339 1733 441 1779 ἡμεῖς
460 1728 732 1780 εἰσηνέγκαμεν,
748 1727 771 1775 ἢ
798 1728 851 1767 ὅτι
873 1728 936 1776 τὴν
951 1730 1114 1780 γλῶτταν

86 1789 310 1841 ἐδανείσαμεν
325 1805 334 1813 ·
365 1792 382 1828 6
403 1789 438 1828 δὲ
472 1789 512 1828 τὸ
532 1796 601 1828 πᾶν
624 1790 875 1843 ἐργασάμενος,
899 1793 916 1828 6
934 1789 1117 1836 Δεσπότης

87 1850 162 1889 ἐστὶ
188 1850 246 1888 καί
266 1851 472 1903 δημιουργὸς
499 1853 560 1896 τῆς
595 1851 740 1902 φύσεως.
770 1850 925 1895 Ἐκεῖνος
953 1850 998 1889 ‘O
1025 1851 1115 1894 Θεὸς

87 1910 249 1962 Ἀδραὲιμ
285 1911 345 1948 καὶ
372 1911 496 1950 Ἰσαὰκ
526 1911 585 1949 καὶ
611 1910 766 1959 ’laxi-23,
802 1910 860 1954 οὒς
894 1911 1117 1965 πατριάρχας

88 1971 340 2024 ἐπιγράφεσθε,
376 1973 504 2016 ἐκεῖνος
534 1972 602 2011 6Ον
624 1975 724 2024 ὑμεῖς
757 1972 1028 2026 παραδεδώκατε
1057 1974 1116 2011 καὶ

86 2032 284 2083 ἠρνήσασθε
305 2033 396 2071 κατὰ
423 2034 608 2087 πρόσωπον
630 2033 803 2079 Πιλάτου,
825 2034 1004 2086 κρίναντος
1022 2034 1114 2072 ε’κεί-

88 2108 146 2130 νου
167 2093 346 2132 ἀπολύειν·
370 2094 496 2138 ἐκεῖνός
516 2096 609 2134 ἔστιν
624 2097 642 2133 6
660 2098 772 2133 ταῦτα
799 2095 1034 2148 ἐργασάμενος
1051 2111 1058 2118 ·
1078 2097 1114 2134 ὃν

87 2153 230 2204 Ἳ“μεῖς,
249 2155 306 2193 τὸν
328 2155 424 2206 ἅγιον
446 2155 504 2193 καὶ
539 2155 686 2203 δίκαιον,
707 2155 924 2207 ἠρνήσασθε,
944 2156 1004 2194 καὶ
1022 2156 1115 2207 ᾐτή-

88 2217 192 2253 σασθε
211 2215 318 2268 ἄνδρα
337 2215 441 2267 φονέα
462 2218 674 2269 χαρισθῆναι
704 2219 804 2267 ὑμῖν,
824 2217 882 2255 τὸν
899 2215 934 2255 δὲ
960 2216 1114 2270 ἀρχηγὸν

86 2278 148 2322 ἰι-’ῆς
177 2278 266 2322 ζωῆς
287 2276 531 2329 κατεκρίνατε,
547 2277 584 2316 ὃν
599 2280 617 2314 6
636 2277 725 2320 Θεὸς
751 2277 887 2330 ἤγειρεν
905 2279 944 2316 ἐκ
963 2280 1113 2330 νεκρῶν,

86 2331 126 2374 οὗ
144 2339 245 2387 ἡμεῖς
273 2337 446 2390 μάρτυρές
462 2340 579 2388 ἐσμεν.
596 2338 666 2377 Καὶ
685 2338 742 2376 ε’πὶ
760 2341 805 2390 τῇ
821 2338 938 2377 πίστει
959 2342 1020 2377 τοῦ
1043 2339 1114 2377 ὀνό-

88 2413 195 2447 ματος
225 2400 327 2437 αὐτοῦ
359 2403 492 2445 τοῦτον,
516 2399 551 2438 ὃν
582 2403 741 2452 θεωρεῖτε
760 2399 820 2438 καὶ
851 2399 986 2448 οἴδατε,
1013 2403 1115 2439 ε’στε-

90 2457 196 2509 ρέωσε
213 2459 252 2497 τὸ
270 2459 378 2509 ὄνομα
393 2461 497 2498 αὐτοῦ
508 2475 515 2482 ·
536 2459 626 2506 καὶὴ
642 2459 758 2504 πίστις
772 2464 794 2507 ἡ
810 2461 852 2498 δι’
869 2462 971 2500 αὐτοῦ
988 2461 1114 2500 ἔδωκεν

89 2521 182 2571 αὐτῷ
202 2518 264 2567 τὴν
285 2520 492 2573 ὁλοκληρίαν
514 2520 681 2560 ἀπέναντι
706 2522 847 2561 πάντων
867 2524 980 2574 ὑμῶν.

141 2585 263 2633 Πολλὴ
284 2590 344 2634 τῆς
375 2587 575 2640 παρρησίας
604 2592 626 2635 ἡ
663 2588 860 2641 ὑπερέολή·
892 2589 1028 2642 μεγάλη
1056 2590 1116 2629 καὶ

88 2646 217 2699 ἄφατός
234 2650 297 2694 τῆς
325 2647 454 2686 ἀνωθεν
470 2651 584 2692 αὐτοῖς
609 2649 888 2703 παρασχεθείσης
920 2651 1065 2703 χάριτος
1089 2656 1111 2700 ἡ

89 2707 251 2758 δύναμις·
284 2709 482 2761 σαφεστάτη
508 2712 570 2756 τῆς
595 2711 817 2755 ἀναστάσεως
843 2714 864 2758 ἡ
898 2711 1110 2760 ἀπόδειξις-ἡ

88 2772 147 2806 τοῦ
160 2768 331 2820 μακαρίου
349 2768 469 2808 τούτου
493 2770 672 2823 παρρησία
687 2771 814 2823 γένοιτ’
833 2772 888 2811 ἄν.
916 2771 964 2810 Τι’
981 2771 1050 2824 γὰρ
1071 2772 1111 2811 ἂν

87 2828 206 2867 τούτου
243 2832 356 2879 μεῖζον
394 2837 537 2881 σημεῖον
566 2833 807 2880 ἐπιζητήσειεν
827 2833 867 2872 ἄν
895 2849 947 2878 τις
971 2834 1111 2882 λαὸεῖν,

87 2893 101 2909 ⁸
116 2889 198 2928 ὅταν
220 2893 238 2928 6
254 2891 320 2944 πρὸ
345 2894 404 2930 τοῦ
427 2897 575 2943 σταυροῦ
590 2893 650 2932 καὶ
665 2893 771 2946 κόρης
789 2895 946 2938 εὐτελοῦς
963 2894 1110 2942 ἀπειλὴν

89 2950 138 3000 μὴ
158 2951 312 2998 δυνηθεὶς
340 2954 508 3004 ἐνεγκεῖν,
532 2957 591 2992 νῦν
621 2954 712 2994 οὕτω
742 2955 1032 3001 κατεξανίσταται
1051 2960 1112 2994 τοῦ

87 3014 154 3049 τῶν
174 3011 350 3051 Ἰουδαίων
373 3014 499 3065 δήμου,
515 3014 575 3052 καὶ
590 3015 740 3068 τοσαύτῃ
758 3017 940 3070 παρῤησίᾳ
952 3017 1012 3055 καὶ
1026 3017 1112 3069 πρὸς

86 3075 246 3112 τοσοῦτον
266 3075 412 3122 πλῆθος,
435 3075 536 3125 μόνος
555 3075 602 3114 ὢν
614 3107 624 3124 ,
639 3076 748 3121 οὕτως
763 3077 922 3122 ἀτάκτως
944 3079 1110 3130 μεμηνὸς,

89 3134 338 3183 ἐπαποδύεται,
358 3136 417 3174 καὶ
437 3140 580 3176 τοιαῦτα
606 3138 808 3191 φθέγγεται,
837 3139 858 3177 ἃ
887 3139 950 3187 τὴν
984 3140 1111 3191 μανίαν

89 3195 200 3233 αὐτῶν
212 3197 269 3234 ἐπὶ
286 3199 402 3236 πλεῖον
419 3198 598 3251 διεγείρειν
619 3200 761 3239 δύναται
771 3217 782 3249 ;
800 3194 920 3249 Εἶδες,
936 3202 1109 3253 ἀγαπητὲ,

134 3328 147 3343 ²
171 3317 312 3352 Savilius
337 3333 343 3351 :

1137 2163 1162 2196 C

1137 2845 1162 2875 D

1184 821 1228 845 ne
1249 808 1367 846 tribue
1382 809 1465 859 iltis,
1477 810 1540 848 sed
1558 809 1692 849 (livium
1706 812 1844 862 gratim,
1861 827 1939 862 quoe
1955 814 2147 851 confirma·

1182 868 1244 906 bat
1275 878 1308 907 et
1339 869 1537 908 instruebat
1569 871 1715 909 illorum
1740 872 1973 910 alacritatem.
1990 874 2083 920 Quia
2115 885 2146 911 et

1184 930 1246 968 ille
1260 930 1385 968 heatus
1396 931 1537 982 Petrus,
1557 947 1638 970 cum
1659 947 1704 971 cx
1720 942 1819 971 utero
1838 934 1965 971 matris
1980 934 2146 972 claudum

1184 1000 1319 1030 rectum
1335 993 1480 1043 faceret,
1497 995 1665 1033 omnibus
1684 995 2018 1047 obstupescentibus
2034 1005 2066 1033 et
2086 996 2148 1033 ad-

1183 1053 1414 1103 mirantibus,
1431 1064 1574 1106 gratum
1592 1056 1668 1108 ipse
1687 1057 1848 1094 animum
1868 1056 2069 1108 declarans,
2093 1058 2148 1095 in-

1183 1114 1285 1165 quit:
1311 1117 1406 1162 Viri,
1427 1118 1524 1168 quid
1543 1131 1612 1155 nos
1627 1120 1853 1165 intuemini,
1874 1121 1990 1170 quasi
2013 1129 2147 1158 nostra
2165 1129 2234 1156 Aa.
2250 1128 2278 1157 3.
2302 1137 2350 1156 ιι.

1181 1179 1360 1227 potentia
1387 1178 1456 1216 vel
1473 1181 1619 1230 pietate
1640 1180 1849 1231 fecerimus
1875 1180 1988 1218 illum
2015 1183 2147 1220 ambu-

1185 1237 1269 1275 lare
1281 1241 1298 1274 P
1312 1239 1446 1286 Quare,
1463 1239 1593 1290 inquit,
1616 1240 1667 1278 sic
1685 1240 1953 1293 obstupescitis,
1975 1251 2009 1279 et
2028 1251 2147 1295 stupe-

1184 1298 1268 1336 facti
1284 1299 1368 1337 cstis
1382 1300 1417 1338 in
1432 1300 1500 1339 liae
1515 1301 1578 1339 re?
1590 1302 1687 1340 Num
1701 1316 1764 1341 nos
1778 1317 1903 1341 sumus
1917 1303 1984 1341 hoc
1999 1305 2148 1356 operati,

1184 1359 1239 1397 vel
1260 1360 1406 1413 propria
1425 1360 1560 1400 virtute
1587 1362 1826 1402 incolumitati
1854 1364 1959 1402 illum
1986 1365 2147 1403 restitui-

1186 1433 1278 1468 mus,
1313 1430 1347 1459 et
1376 1423 1561 1461 ambulare
1592 1424 1767 1463 fecimus?
1787 1427 1892 1477 Quid
1920 1440 1987 1464 nos
2018 1429 2147 1464 intue-

1188 1483 1314 1519 mini?
1327 1482 1430 1521 Nibil
1443 1484 1602 1537 amplius
1621 1500 1684 1524 nos
1700 1487 1900 1537 attulimus,
1922 1502 2030 1538 quam
2051 1488 2148 1539 quod

1186 1542 1350 1595 linguam
1386 1554 1544 1584 nostram
1577 1547 1900 1586 commodavimus.
1923 1549 1996 1597 Qui
2027 1559 2146 1587 autem

1189 1603 1308 1641 omnia
1326 1605 1423 1656 fecit,
1442 1607 1620 1646 Dominus
1638 1618 1702 1657 est,
1721 1618 1754 1647 et
1772 1609 1833 1647 ille
1852 1619 1986 1647 natura?
2009 1610 2143 1648 Condi-

1189 1673 1260 1714 tor,
1271 1666 1378 1704 Deus
1389 1667 1432 1704 A
1436 1669 1615 1716 braham,
1630 1672 1759 1717 Isaac,
1779 1680 1815 1708 et
1823 1672 1962 1718 Jacob,
1978 1686 2066 1722 quos
2082 1687 2144 1725 pa-
2165 1687 2243 1713 lma,
2257 1696 2283 1712 v.
2304 1685 2337 1714 ι3

1189 1724 1363 1764 triarchas
1381 1728 1540 1767 censetis.
1553 1729 1622 1768 Ille
1633 1731 1753 1781 Quem
1766 1745 1838 1769 vos
1855 1733 2087 1779 tradidistis,
2110 1743 2147 1771 et
2162 1727 2255 1755 “¹⁶-

1191 1790 1360 1839 negastis
1381 1802 1513 1827 coram
1530 1792 1636 1841 facie
1657 1792 1782 1830 Pilati
1792 1794 2014 1845 judicantis
2034 1795 2147 1833 illum

1190 1847 1463 1888 dimittendum
1485 1867 1496 1886 :
1519 1851 1580 1890 ille
1598 1861 1649 1890 est
1669 1853 1731 1904 qui
1751 1854 1869 1892 omnia
1890 1864 2056 1906 operatus
2080 1865 2145 1902 est,

1189 1923 1294 1960 quem
1311 1911 1385 1948 Vos
1404 1921 1582 1950 sanctum
1601 1922 1637 1951 et
1650 1915 1802 1967 justum
1821 1918 2005 1967 negastis,
2025 1925 2062 1954 et
2080 1932 2146 1969 pe-

1190 1972 1306 2009 tiistis
1320 1974 1451 2010 virum
1467 1974 1702 2012 homicidam
1720 1978 1833 2014 ‘vobis
1850 1978 1956 2014 tradi
1972 1993 1979 2013 :
1998 1981 2146 2029 princi—

1186 2045 1273 2083 pem
1293 2041 1422 2070 autem
1451 2037 1546 2073 vitoe
1564 2037 1868 2087 condemnastis,
1905 2053 2018 2091 quem
2039 2041 2148 2078 Deus

1189 2095 1376 2131 excitavit
1399 2108 1424 2132 a
1444 2099 1620 2143 mortuis,
1644 2100 1753 2150 cujus
1774 2112 1844 2136 nos
1870 2107 1984 2137 testes
2003 2114 2145 2139 sumus.

1191 2152 1244 2188 Et
1258 2153 1299 2188 in
1310 2152 1400 2203 side
1419 2156 1587 2192 nominis
1606 2155 1728 2201 illius,
1750 2157 1852 2194 hunc
1871 2171 1983 2208 quem
2002 2159 2147 2197 videtis

1189 2219 1227 2249 et
1256 2215 1390 2259 nostis,
1419 2214 1605 2252 solidavit
1638 2229 1778 2253 nomen
1813 2218 1935 2267 illius,
1967 2226 2004 2255 et
2028 2218 2142 2269 fides,

1189 2285 1275 2324 quoe
1287 2287 1357 2324 per
1371 2275 1495 2325 ipsum
1512 2283 1583 2325 est,
1602 2277 1708 2314 dedit
1727 2278 1819 2316 huic
1837 2280 2146 2318 incolumitatem

1189 2346 1321 2372 coram
1338 2337 1519 2374 omnibus
1538 2339 1661 2376 vobis.

1240 2590 1279 2628 6.
1303 2591 1435 2642 Magna
1455 2591 1559 2629 liberi
1579 2592 1688 2645 hujus
1706 2596 1878 2633 sermonis
1903 2599 2110 2638 excellentia
2129 2617 2137 2648 ;

1187 2649 1310 2702 ingens
1328 2660 1361 2689 et
1378 2652 1570 2690 ineffabilis
1587 2653 1643 2691 vis
1664 2655 1787 2705 gratim
1808 2671 1958 2709 superne
1974 2660 2046 2698 illis
2063 2661 2139 2700 col-

1186 2711 1287 2762 latae,
1305 2712 1588 2752 manifestissima
1605 2717 1873 2755 resurrectionis
1886 2718 2140 2761 demonstratio

1184 2772 1279 2810 beati
1295 2773 1393 2811 illius
1408 2773 1443 2811 in
1460 2773 1611 2816 dicendo
1629 2776 1773 2815 libertas
1789 2779 1906 2818 fuerit.
1922 2780 2030 2827 Quod
2046 2783 2138 2823 enim

1186 2835 1300 2886 majus
1318 2834 1530 2872 miraculum
1549 2835 1610 2873 illo
1624 2837 1704 2887 quis
1720 2850 1906 2891 quaereret,
1931 2856 2010 2880 cum
2032 2843 2061 2882 is
2076 2846 2139 2896 qui
2160 2844 2169 2849 ”

1185 2904 1266 2933 ante
1293 2910 1435 2933 crucem
1461 2895 1567 2934 etiam
1590 2897 1736 2949 abjectae
1766 2901 1896 2951 puellae
1918 2903 2032 2942 minas
2050 2906 2139 2944 serre

1186 2971 1257 2996 non
1277 2958 1390 3010 potuit
1403 2988 1412 3006 ,
1433 2972 1527 2995 nunc
1544 2957 1591 2996 ad
1610 2973 1691 2997 eum
1711 2961 1860 3000 modum
1879 2963 2052 3004 adversus
2073 2968 2138 3005 Ju-

1186 3019 1344 3057 daeorum
1359 3019 1532 3071 populum
1548 3018 1715 3071 insurgit,
1734 3030 1903 3075 tantaque
1922 3025 2068 3076 fiducia,
2083 3043 2138 3066 so-

1186 3080 1242 3118 lus
1263 3095 1345 3118 cum
1363 3088 1464 3126 essct,
1491 3089 1612 3118 contra
1630 3090 1784 3132 tantam,
1804 3093 1946 3137 tamque
1965 3088 2138 3127 furentem

1187 3140 1455 3179 multitudinem
1474 3149 1541 3178 stat
1559 3140 1744 3191 adversus,
1759 3153 1792 3183 et
1810 3145 1972 3198 loquitur
1987 3163 2066 3199 quae
2087 3150 2140 3188 in-

1186 3201 1322 3240 saniam
1342 3201 1485 3239 illorum
1505 3201 1620 3253 magis
1639 3216 1848 3257 exasperare
1863 3218 1992 3259 queant
2005 3211 2139 3250 Pvidi-

373 3334 388 3351 α
403 3327 453 3363 El,
471 3327 539 3362 ὅτε,
559 3327 676 3363 ἐπειδὴ.
699 3335 775 3356 cum
804 3323 1006 3364 indicativo,
1032 3331 1094 3365 ἐάν,
1133 3334 1196 3366 tur,
1212 3332 1241 3357 et
1265 3323 1337 3357 aliis
1362 3323 1525 3367 plerisque
1543 3323 1632 3368 apud
1649 3325 1928 3372 Clirysostomum
1948 3350 1952 3366 :
1973 3334 2035 3367 nisi
2050 3334 2141 3368 dica-

89 3375 174 3411 ὅταν,
192 3374 318 3412 laniatu,
338 3381 460 3405 rectam
486 3377 712 3418 grammaticen
736 3375 881 3416 regulam
907 3377 1076 3420 sequendo
1088 3404 1095 3417 ‚
1133 3389 1204 3409 mus
1218 3388 1332 3409 omues
1347 3375 1478 3409 codices
1495 3388 1562 3410 esse
1579 3379 1747 3412 vitiosos.»

89 3423 223 3455 nuituis}
239 3435 313 3456 cum
333 3424 565 3468 subjunctivo:
583 3427 673 3471 quod
692 3427 755 3460 boc
771 3427 846 3461 loco
862 3439 927 3461 non
944 3428 1095 3462 observa-

1897 3497 1956 3520 2¹2.
