2433 3775
253 159 331 189 XVI
1170 156 1414 186 PRAEFATIO.

388 437 448 473 De
465 433 790 486 μεσοπεντηκοστῇ,
811 443 894 482 quoe
911 440 991 465 vox
1007 438 1208 478 perperam
1240 427 1444 475 irrepserat
1468 426 1508 460 in
1523 423 1743 463 Sermonem
1770 430 1948 478 quintum
1965 429 2012 466 de
2030 428 2165 466 Anna.

307 560 349 597 In
363 558 528 596 concione
543 554 664 606 quinta
681 551 726 589 de
742 553 842 588 Anna
856 549 905 587 ait
920 547 1028 601 paulo
1043 555 1122 600 post
1138 546 1282 584 initium
1296 545 1586 599 Cbrysostomus,
1602 547 1646 585 Εἰ
1667 546 1735 599 γὰρ
1758 548 1816 586 καὶ
1830 552 1853 595 ἡ
1875 550 2093 598 πεντηκοστὴ
2109 552 2298 604 παρῆλθεν,

257 619 332 656 ἀλλ’
355 621 376 664 ἡ
394 615 494 668 ἑορτὴ
511 617 548 652 οὐ
568 614 725 665 παρῆλθε
746 627 756 648 .·
775 613 864 650 Etsi
884 613 987 649 enim
1004 611 1234 648 Pentecoste
1247 609 1448 660 praeteriit,
1466 608 1622 660 festum
1639 615 1770 645 tamen
1791 622 1869 645 non
1887 613 2086 660 praeteriit.
2101 611 2155 647 Ita
2169 610 2302 648 habent

253 680 385 716 Fronto
406 678 561 714 Ducaeus
579 683 610 712 et
633 673 804 722 Savilius,
827 672 875 710 ita
896 673 985 711 Mss.
1016 685 1138 710 omnes
1160 670 1306 708 habent.
1338 670 1477 707 Verum
1501 668 1633 720 ⁴pagiua
1666 668 1840 719 sequenti,
1862 684 1941 721 quae
1963 683 2055 707 nunc
2073 679 2124 708 est
2141 671 2233 719 741,
2255 671 2299 719 B,

251 741 403 777 Ducaeus
428 746 464 775 et
497 736 655 775 Savilius
683 734 734 773 sic
763 733 962 782 ediderant,
985 732 1126 784 “ssenep
1149 731 1216 784 γὰρ
1240 733 1303 776 τῆς
1332 733 1658 781 μεσοπεντηκοστῆς
1692 730 1870 783 παρούσης
1893 731 2036 783 ἄκαιρον
2069 726 2126 780 ἦν,
2156 731 2302 784 ἀφέντας

250 799 362 851 λέγειν
392 798 473 851 περὶ
499 800 568 836 τῶν
594 795 760 835 δοθέντων
780 799 864 845 ἡμῖν
885 796 961 832 κατ’
987 797 1114 833 ἐκεῖνον
1143 792 1200 830 τὸν
1219 791 1339 844 καιρὸν
1362 793 1513 842 ἀγαθῶν,
1538 794 1602 838 τ’ἦς
1621 791 1824 835 ἀκολουθίας
1850 795 1912 838 τῆς
1939 793 2110 846 προτέρας
2134 793 2275 845 ἔχεσθαι
2294 809 2301 815 .

252 860 343 899 οὕτω
361 865 421 899 νῦν
440 863 503 907 τῆς
532 860 860 910 μεσοπεντηκοστῆς
878 854 1136 908 παρελθούσης,
1159 857 1205 898 εἷς
1234 853 1354 905 καιρὸν
1382 852 1446 899 τὴν
1477 851 1680 891 ἀκολουθίαν
1704 855 1767 899 τῆς
1792 853 1944 905 ἱστορίας
1970 854 2223 905 ἀναληψόμεθα
2244 854 2301 893 ἐπὶ

251 925 314 969 τῆς
332 922 423 961 κατὰ
453 921 516 968 τὴν
536 920 658 960 Ἄνναν
679 918 873 961 ὑποθέσεως
895 917 1076 969 ἓχόμενοιε
1102 915 1435 966 Quemadmodum
1455 916 1559 952 enim
1578 916 1620 951 in
1643 915 1970 965 Mesopentecoste
1993 917 2303 966 intempestivum

248 984 389 1036 fuisset
400 1013 411 1033 ,
425 985 567 1021 omissa
588 979 860 1033 beneficiorum
876 992 945 1031 per
961 979 1003 1015 id
1018 986 1165 1029 tempus
1177 979 1218 1014 in
1234 989 1302 1015 nos
1321 975 1556 1014 collatorum
1574 978 1950 1022 commemoratione,
1972 978 2165 1027 inceptum
2183 983 2304 1013 antea

252 1053 475 1083 contextum
500 1046 730 1082 continuare
756 1057 766 1076 .·
795 1043 851 1078 ita
878 1053 980 1077 nunc
1006 1047 1148 1076 exacta
1170 1039 1510 1087 Mesopentecoste,
1540 1044 1750 1087 opportune
1783 1037 1989 1074 historiam
2012 1050 2300 1088 prosequemur,

250 1108 458 1157 pristinum
477 1105 524 1142 de
543 1104 669 1142 Anna
697 1108 968 1154 argumentum
990 1099 1208 1136 tractaturi.
1237 1097 1310 1144 Qui
1328 1096 1426 1134 locus
1451 1095 1587 1135 mirum
1615 1105 1789 1146 quantum
1805 1097 1841 1134 ἡ.
1865 1097 1911 1134 cl.
1939 1097 2214 1135 Tillemontium
2232 1087 2304 1135 toi·-

253 1167 316 1215 sit3
337 1175 371 1204 et
384 1167 468 1218 jure
499 1165 644 1217 quidem
664 1181 672 1202 ι
695 1178 778 1202 nam
796 1177 858 1200 cur
870 1192 880 1212 ,
900 1170 1089 1214 postquam
1118 1158 1221 1196 initio
1245 1159 1472 1195 Pentecosten
1494 1164 1534 1193 ut
1552 1155 1629 1207 jam
1650 1156 1866 1207 praeteritam
1891 1166 2242 1206 commemoraverat,
2265 1156 2305 1194 id

253 1227 299 1266 de
337 1228 460 1266 eadem
484 1227 693 1266 solennitate
720 1226 867 1276 loquens
904 1231 1064 1261 exactam
1094 1222 1420 1272 Mesopentecosten
1448 1225 1564 1267 vocet,
1589 1230 1645 1253 ‚ac
1678 1216 1706 1254 si
1741 1216 1838 1255 idem
1873 1226 1987 1255 essent
2017 1217 2235 1265 πεντηκοστὴ
2271 1227 2306 1256 et

253 1288 561 1340 μεσοπεντηκοστή
571 1288 589 1325 ,⁹
603 1287 717 1339 Igitur
731 1288 821 1324 Mss.
840 1284 1002 1322 omnium
1017 1281 1226 1320 auctoritate
1242 1278 1338 1328 fulti,
1353 1278 1508 1315 duorum
1527 1276 1695 1316 videlicet
1711 1277 1904 1328 Regiorum
1918 1287 1952 1315 et
1966 1278 2072 1316 unius
2088 1278 2300 1328 Colbertini,

252 1363 342 1401 quos
355 1350 448 1388 solos
461 1349 654 1387 habuimus
678 1345 920 1394 conferendos,
954 1341 1280 1395 μεσοπεντηκοστήν
1296 1340 1333 1378 in
1351 1339 1590 1386 πεντηκοστήν
1617 1339 1846 1378 mutavimus.
1867 1341 2169 1392 Mesopentecoste
2186 1349 2305 1379 autem

253 1409 448 1450 hebdomas
475 1420 571 1460 erat,
591 1423 668 1461 quae
695 1408 888 1461 incipiebat
917 1405 1004 1444 feria
1026 1413 1152 1456 quarta
1171 1402 1330 1452 Paschae,
1352 1411 1386 1439 et
1404 1400 1586 1439 desinebat
1610 1400 1698 1438 feria
1719 1409 1844 1451 quarta
1858 1400 2094 1439 hebdomadis
2111 1401 2304 1452 sequentis,

252 1486 333 1523 quae
347 1481 422 1510 erat
434 1471 559 1523 vigilia
575 1470 807 1509 Ascensionis.
825 1467 1080 1507 celebrabatur
1099 1473 1217 1503 autem
1238 1464 1274 1501 in
1289 1463 1462 1501 honorem
1482 1475 1692 1513 magnarum
1711 1460 1865 1498 duarum
1886 1461 2305 1513 fest1vitatum,.Pascha-

253 1533 300 1571 tis
320 1533 455 1570 scilicet
469 1541 502 1571 et
516 1533 751 1580 Pentecostes,
766 1530 918 1581 ideoque
934 1529 970 1566 in
984 1526 1102 1566 medio
1120 1526 1308 1564 ambarum
1325 1524 1451 1577 posita,
1468 1532 1635 1574 utrasque
1653 1523 1755 1574 quasi
1772 1522 1977 1574 colligabat,
1999 1523 2115 1574 inquit
2132 1524 2303 1576 Synaxa—

255 1595 363 1632 rium.
401 1594 482 1641 Qua
515 1593 560 1632 de
586 1608 623 1632 re
655 1593 760 1646 plura
795 1591 877 1631 vide
911 1588 1009 1642 apud
1046 1589 1202 1627 Leonem
1235 1586 1408 1624 Allatium
1448 1584 1493 1623 dc
1533 1585 1732 1624 Dominicis
1766 1593 1798 1622 ct
1841 1584 2131 1624 hebdomadibus
2164 1586 2304 1624 Graeco-

257 1670 339 1694 rum
352 1671 388 1709 p.
408 1656 526 1694 1459.

309 1718 412 1757 Circa
427 1717 601 1756 Homilias
615 1716 660 1757 de
679 1714 819 1755 Davide
832 1723 864 1753 et
880 1713 985 1753 Sa'ule
1005 1711 1089 1751 satis
1105 1719 1186 1749 sunt
1200 1724 1253 1761 ea,
1271 1723 1348 1760 quae
1370 1708 1406 1746 in
1426 1708 1566 1747 Monito
1580 1707 1668 1760 ipsis
1681 1707 1864 1759 praemisso
1878 1706 2002 1759 paucis
2020 1705 2196 1745 diximus.
