2433 3775
2161 139 2169 155 t

205 165 266 194 xil
1098 166 1326 198 PRAEFATIO
1336 189 1345 198 .

204 249 291 287 vita
308 247 549 300 manuscripta
562 246 767 287 S.Danielis
786 246 927 299 Stylitae
944 262 951 283 :
967 245 1104 299 Ἡμέρα
1129 247 1191 298 μὲν
1210 243 1251 295 ἦν
1272 249 1375 301 κυρία
1388 251 1456 286 τῶν
1475 251 1638 303 ἡμερῶν,
1659 251 1739 289 dies
1753 258 1834 289 erat
1853 252 2012 289 domina
2027 251 2189 300 dierum,
2205 251 2243 290 id

203 319 255 348 est
274 309 371 347 haud
389 309 499 347 dubie
513 309 658 347 Pascha.

258 371 372 409 Horas
385 380 505 408 autem
523 371 674 422 majores
692 378 725 407 et
746 369 898 407 minores
910 368 1105 406 necessario
1123 378 1259 407 veteres
1276 368 1530 419 admittebant,
1544 371 1606 420 qui
1621 371 1719 410 diem
1735 372 1773 410 in
1791 371 1983 411 duodecim
1997 381 2031 410 et
2049 381 2187 410 noctem
2206 372 2242 410 in

204 433 353 472 totidem
371 442 488 485 partes
506 446 566 470 seu
583 432 688 469 horas
707 430 901 469 diviserant
915 445 927 480 5
950 427 1044 466 unde
1057 429 1269 480 sequebatur
1286 443 1343 467 eas
1357 429 1520 481 hyberno
1533 439 1690 483 tempore
1709 433 1877 485 minores,
1890 433 2012 473 aestivo
2029 442 2148 472 autem
2169 446 2244 471 ma?

199 496 295 547 jores
311 509 404 544 esse;
424 493 519 532 unde
537 491 713 532 Martialis
729 491 756 529 l.
780 493 842 540 12,
862 490 988 542 Epigr.
1006 491 1045 540 1,
1064 490 1190 528 horam
1217 489 1379 529 aestivam
1400 489 1452 530 sic
1471 501 1736 542 commemorat,

531 616 624 646 Hora
638 624 698 646 nec
713 613 824 646 aestiva
838 620 899 653 est,
912 623 972 646 nec
991 610 1050 645 tibi
1067 619 1138 645 tota
1156 610 1253 655 perit.

204 719 384 772 Virgilius
402 728 544 768 autem,

531 832 607 865 Jam
624 843 690 864 nox
704 831 872 876 hybernas
889 830 940 864 bis
956 830 1100 876 quinque
1114 841 1286 877 peregerat
1302 833 1413 865 horas.

196 966 205 972 ·
253 947 361 988 Unde
381 956 513 999 pateat,
543 961 651 998 quam
670 946 825 985 incertus
843 960 1020 997 quamque
1044 946 1219 985 instabilis
1238 956 1327 985 esset
1345 947 1615 1000 clepsydramm
1635 960 1733 995 usus,
1753 960 1836 984 cum
1853 946 1978 985 eadem
2003 946 2080 1000 ipsa
2099 947 2246 1000 clepsy-

200 1009 266 1047 dra
282 1009 348 1047 vix
361 1008 408 1046 ad
426 1022 558 1060 paucos
576 1007 652 1046 dies
670 1017 790 1060 posset
803 1017 996 1058 utcumque
1008 1008 1105 1045 horae
1125 1008 1282 1059 spatium
1297 1007 1466 1046 indicare.
1482 1008 1542 1047 Sic
1556 1007 1809 1059 intelligendus
1828 1007 1946 1059 itaque
1961 1017 2012 1046 est
2028 1008 2245 1060 Chrysosto-

202 1085 281 1108 mus
301 1083 384 1108 cum
399 1069 464 1119 ait,
483 1069 517 1107 in
533 1067 759 1106 hebdomada
775 1069 908 1120 majore
926 1068 1090 1119 loquens,
1110 1082 1184 1105 csse
1207 1068 1285 1107 dies
1299 1069 1362 1119 qui
1390 1070 1495 1107 horas
1513 1070 1664 1121 majores
1681 1069 1870 1117 haberent,
1893 1083 2000 1119 quam
2018 1069 2044 1106 ii
2060 1069 2096 1106 in
2112 1068 2245 1119 quibus

203 1141 287 1169 tunc
307 1129 597 1180 concionabatur,
614 1129 710 1181 quod
736 1128 894 1181 idipsum
912 1137 986 1166 erat
1007 1142 1047 1167 ac
1069 1127 1099 1166 si
1119 1127 1284 1180 dixisset,
1303 1129 1446 1167 ineunte
1473 1143 1558 1168 vere
1571 1129 1753 1168 breviores
1769 1144 1841 1168 esse
1860 1129 1933 1168 diei
1952 1130 2068 1179 horas,
2082 1143 2190 1181 quam
2208 1129 2243 1167 in

200 1201 331 1231 aestate.

253 1254 357 1292 Circa
374 1253 560 1291 Sermones
575 1265 703 1290 novem
721 1251 802 1289 illos
820 1251 856 1289 in
873 1250 1054 1300 Genesim,
1077 1250 1138 1302 qui
1152 1250 1350 1289 secundum
1370 1250 1555 1302 sexaginta
1578 1260 1710 1302 septem
1725 1250 1892 1289 homilias
1915 1250 1951 1288 in
1973 1250 2040 1288 hoc
2058 1252 2174 1289 Tomo
2185 1250 2243 1289 lo—

201 1323 337 1363 cantur,
357 1314 441 1352 satis
462 1313 622 1352 diximus
641 1312 678 1350 in
697 1312 836 1351 Monito
852 1322 932 1350 ante
946 1312 1026 1350 illos
1041 1327 1218 1351 sermones
1232 1312 1359 1365 posito,
1375 1312 1526 1363 itemque
1544 1311 1582 1349 in
1600 1311 1739 1350 Monito
1757 1311 1853 1362 quod
1870 1325 1960 1350 nono
1979 1311 2133 1350 sermoni
2151 1325 2244 1363 prae-

201 1385 367 1413 mittitur.

1152 1480 1177 1530 §
1207 1480 1291 1519 VII.

425 1619 487 1655 De
506 1625 672 1667 tempore
692 1627 766 1667 quo
788 1614 912 1652 habiti
927 1621 1016 1651 sunt
1031 1611 1230 1651 Sermones
1246 1615 1288 1650 in
1310 1611 1475 1651 Annam
1494 1611 1640 1664 aliique
1661 1613 1730 1650 hos
1742 1613 2012 1664 praecedentes.

253 1760 330 1801 Usu
344 1766 377 1796 ct
391 1755 608 1809 experientia
628 1763 847 1807 compertum
862 1763 914 1791 est
932 1767 977 1791 ex
988 1752 1157 1790 diuturna
1173 1753 1379 1792 tractatione
1393 1767 1485 1806 saepe
1495 1752 1635 1804 aliquid
1648 1753 1782 1791 notitiae
1795 1753 1974 1803 accedere,
1986 1761 2019 1791 et
2034 1767 2113 1804 quae
2129 1754 2248 1806 primo

198 1827 386 1871 conspectu
415 1831 484 1855 non
501 1816 789 1869 percipiebantur
801 1844 812 1864 ,
829 1813 1048 1865 frequentius
1074 1813 1222 1865 repetita
1250 1814 1506 1866 perquisitione
1525 1813 1669 1852 tandem
1690 1814 1874 1867 explorata
1903 1813 2061 1853 evadere.
2081 1813 2124 1851 Id
2144 1814 2246 1852 nobis

198 1879 330 1919 accidit
360 1878 446 1916 dum
465 1878 650 1915 Sermones
668 1876 705 1913 in
735 1876 874 1912 Annam
889 1874 1088 1912 accuratius
1105 1883 1338 1913 tractaremus
1355 1890 1362 1911 ε
1384 1875 1420 1912 in
1439 1875 1512 1913 illis
1531 1875 1625 1913 enim
1639 1876 1807 1928 temporis
1828 1875 1993 1926 quaedam
2013 1884 2105 1913 notae
2124 1889 2246 1914 occur-

199 1950 294 1991 runt,
313 1954 390 1992 quae
407 1953 477 1977 non
495 1938 542 1976 ad
560 1938 720 1990 ipsorum
737 1936 859 1986 modo,
880 1935 941 1974 sed
961 1935 1068 1973 etiam
1084 1935 1131 1973 ad
1149 1935 1304 1973 aliorum
1319 1949 1395 1985 quae
1410 1945 1658 1988 praecesserant
1677 1936 1839 1974 ordinem
1867 1935 2154 1974 constituendum
2174 1950 2243 1988 op—

198 2013 358 2056 portunae
375 2011 467 2040 sunt.
479 2002 534 2038 De
550 2000 594 2037 iis
606 1998 751 2050 quidem
765 1998 988 2049 aliquantum
1004 1997 1237 2035 disseruimus
1252 1996 1287 2034 in
1301 1997 1439 2035 Monito
1453 1997 1501 2034 ad
1513 1999 1700 2036 Sermones
1716 1997 1753 2035 in
1767 2000 1920 2047 Annam,
1933 2007 1966 2035 et
1982 1996 2150 2035 nonnulla
2167 2011 2246 2048 qnae

199 2065 235 2101 in
249 2062 394 2102 secundi
413 2060 520 2098 Tomi
535 2059 745 2097 Praefatione
761 2072 842 2096 cum
857 2058 1090 2096 Tillemontio
1105 2072 1204 2095 secus
1220 2071 1464 2109 posueramu5‚
1475 2058 1662 2095 emendare
1687 2058 1804 2095 conati
1823 2072 1960 2095 sumus.
1975 2059 2114 2096 Verum
2126 2071 2181 2095 res
2191 2066 2243 2095 est

199 2123 344 2177 majoris
363 2121 546 2167 momenti,
567 2133 678 2170 quam
695 2128 734 2156 ut
755 2118 879 2171 paucis
893 2118 1003 2170 possit
1018 2117 1136 2155 verbis
1151 2117 1338 2155 declarari.
1355 2116 1410 2154 Ad
1423 2118 1498 2157 haec.
1513 2131 1594 2155 vero
1608 2126 1703 2155 tanta
1722 2127 1774 2156 est
1790 2118 2025 2166 Tillemontii,
2039 2132 2146 2168 quem
2161 2127 2246 2156 tunc

198 2185 339 2236 sequuti
359 2197 480 2221 sumus
492 2212 502 2230 ,
519 2180 616 2234 apud
634 2194 698 2218 nos
716 2180 909 2218 auctoritas
926 2210 934 2227 ‚
956 2188 995 2216 ut
1014 2179 1152 2216 nonnisi
1171 2178 1433 2217 accuratissima
1451 2178 1632 2230 praemissa
1653 2193 1773 2216 rerum
1789 2179 2042 2231 perquisitione
2060 2179 2105 2217 ab
2119 2193 2159 2217 eo
2177 2178 2244 2216 dc-

197 2247 344 2285 heamus
360 2253 394 2282 et
408 2258 427 2282 a
444 2251 563 2281 nostra
579 2241 714 2295 pariter
734 2241 883 2293 pristina
899 2239 1068 2278 sententia
1084 2239 1276 2278 discedere.
1286 2240 1403 2277 Locus
1421 2239 1481 2277 ille
1491 2240 1739 2292 Chrysostomi
1754 2239 1848 2278 unde
1878 2254 1984 2279 verus
1999 2249 2032 2277 ct
2044 2249 2242 2307 temporum

196 2317 230 2347 et
249 2307 457 2346 concionum
473 2303 561 2342 ordo
591 2300 883 2354 deprehenditur,
903 2309 955 2339 est
974 2300 1009 2337 in
1032 2300 1200 2338 Sermone
1217 2299 1331 2352 primo
1349 2300 1394 2338 de
1413 2302 1535 2349 Anna,
1557 2300 1618 2338 ubi
1645 2301 1752 2352 paulo
1773 2310 1853 2353 post
1880 2301 2024 2339 initium
2044 2301 2105 2339 ille
2123 2316 2151 2338 5·
2155 2315 2173 2339 c
2192 2302 2244 2339 lo-

195 2369 347 2420 quitur:
372 2367 476 2417 ‘lust
467 2381 494 2408 ς
517 2381 577 2415 μεν
605 2362 709 2417 γὰρ’
697 2379 776 2406 ισως
803 2361 1066 2409 ἐπιλέλησθε,
1048 2361 1104 2398 οιὰ
1123 2377 1162 2399 το
1194 2360 1320 2411 μεταξυ
1347 2361 1479 2405 πολλὰς
1503 2330 1710 2437 γῑεγενῆσθαι
1739 2361 1904 2406 διαλέξεις
1934 2365 2040 2412 ἡμῖν,
2070 2362 2131 2399 καὶ
2156 2361 2244 2416 ὑπὲρ

198 2429 324 2482 ἑτέρων
348 2427 578 2481 πραγμάτων.
601 2425 671 2465 Και
690 2424 758 2477 γὰρ
778 2423 934 2466 ἐλθόντος
952 2427 1010 2461 τοῦ
1031 2423 1161 2476 πατρὸς
1181 2423 1251 2460 ἀπὸ
1268 2439 1330 2469 της
1353 2428 1488 2493 μακρᾶς
1514 2422 1732 2472 ἀποδημίας,
1751 2425 1938 2474 ἀναγκαῖον
1957 2426 1999 2469 ἠν
2025 2423 2070 2460 τὰ
2094 2421 2185 2460 κατὰ
2206 2423 2246 2461 τὸ

200 2490 396 2543 στρατόπεσ
383 2491 435 2527 ζον
458 2487 643 2538 συμὸάντα
672 2487 810 2524 ἅπαντα
828 2486 856 2522 εἶ
859 2490 955 2533 πεῖν,
974 2485 1033 2522 καὶ
1055 2484 1143 2534 μετὰ
1162 2487 1272 2522 ταῦτα
1301 2500 1386 2535 προς
1411 2482 1591 2530 ι’“’““,».·Ι))ν,νας
1610 2484 1868 2530 ἀποτείνεσΟαι,
1899 2482 1990 2522 ωσι-ε
2016 2483 2151 2526 τούτους
2176 2483 2246 2522 ἀπὸ

199 2556 260 2599 τ’7ς
292 2566 470 2603 συνιῦορας
502 2548 656 2600 βελτίους
685 2545 907 2598 γενομένους,
937 2561 997 2583 και
1021 2544 1105 2596 πρὸς
1133 2548 1226 2595 ἡμᾶς
1261 2547 1299 2582 ἐκ
1328 2547 1390 2589 τῆς
1417 2543 1629 2591 εΕλλτ,νικ’7,·ς
1656 2544 1960 2594 αὐτομολήσαντας
1989 2544 2138 2592 πλάνης,
2168 2546 2244 2594 μετ’

198 2612 377 2665 ἀκριὲείας
414 2611 578 2662 ῥιζῶσαι,
598 2625 658 2647 και
688 2607 822 2652 διδάξαι
850 2605 920 2645 οἵου
953 2604 1015 2657 μὲν
1047 2606 1202 2651 dannot
1193 2620 1303 2656 ντσαν
1332 2603 1492 2652 σκότους,
1517 2605 1623 2657 οἵῳ
1605 2605 1641 2643 οὲ
1671 2605 1912 2656 προσέσραμον
1945 2604 2108 2650 ἀληθείας
2142 2604 2242 2655 φωτί.

199 2676 285 2713 Μετ’
308 2675 417 2711 ἐκεῖνο
434 2671 506 2709 ’ταὶ
511 2687 553 2718 ιν
570 2668 734 2712 πολλὰς
719 2667 854 2719 ημέρας
864 2669 927 2712 τ’ῆς
942 2668 1010 2704 τῶν
1028 2665 1214 2718 μαρτύρων
1235 2666 1324 2703 ἀπε)
1318 2663 1483 2715 αύσαμεν
1501 2665 1747 2718 πανηγύρεως,
1771 2681 1832 2703 και
1851 2665 1993 2718 ἄκαιρον
2012 2668 2054 2710 ἠν
2070 2666 2105 2702 ἐν
2124 2664 2244 2716 τάφοις

200 2749 416 2787 μαρτυρων,
399 2733 651 2784 διατρίὸοντας,
669 2745 737 2768 των
757 2734 826 2773 τοῖς
844 2729 993 2780 μάρτυσι
1006 2727 1207 2781 πρεπόντων
1226 2725 1408 2777 ἐγκωμίων
1431 2725 1595 2777 ἀμοίρους
1615 2728 1789 2764 ἀπελθεῖν.
1805 2727 1930 2763 Ταυτα
1945 2726 1988 2763 τὰ
2007 2724 2163 2776 ἐγκώμια
2179 2727 2244 2763 διε-

198 2797 253 2840 δέ
238 2797 319 2834 ἶοιτο
343 2794 414 2832 τοι)
419 2811 446 2831 ιν
468 2811 490 2840 r,
520 2816 539 2830 A
515 2809 596 2847 περι
615 2795 684 2830 τῶν
700 2791 811 2845 ὅρκων
830 2789 1042 2843 παραίνεσις.
1064 2788 1211 2835 Ἐπειδὴ
1231 2787 1298 2839 γὰρ
1311 2786 1373 2833 τὴν
1395 2786 1574 2837 o’zfpmxt'w
1595 2787 1732 2826 ἅπασαν
1752 2803 1814 2833 της
1838 2786 1922 2825 m‘k
1911 2803 1972 2830 -ως
1998 2786 2045 2823 εἷο
2049 2801 2131 2836 ομεν
2161 2803 2241 2824 επι-

198 2858 324 2902 ὃᾶσαν,
357 2854 466 2893 {Coo}
459 2855 609 2904 ·r„0·r31.31‚
643 2855 756 2895 αὐτοῖς
790 2852 903 2896 δόντες
933 2850 1052 2903 ἐφόδια
1081 2855 1208 2896 ταῦτα,
1238 2848 1344 2892 ου’τως
1373 2847 1495 2889 αὐτους
1523 2850 1606 2886 ἐκπε
1593 2847 1701 2900 ἕτεραι
1733 2850 1816 2899 παρ’
1852 2864 1952 2898 ημων
1983 2848 2149 2890 ἅπαντας.
2170 2847 2244 2886 Hoc

199 2927 250 2955 est
271 2933 278 2953 :
308 2918 380 2953 Vos
400 2916 687 2966 enim-sortasse
706 2927 837 2951 eorum
864 2915 955 2951 estis
980 2912 1104 2958 obliti,
1133 2925 1176 2948 eo
1197 2910 1300 2962 quod
1327 2909 1467 2946 multos
1487 2911 1638 2946 interea
1655 2923 1860 2956 sermones,
1882 2918 1915 2946 et
1936 2910 1982 2945 cle
2006 2909 2095 2946 aliis
2114 2911 2239 2955 rebus,

200 2992 267 3016 nos
288 2978 548 3015 habuerimus.
572 2976 674 3012 Nam
690 2988 839 3012 reverso
853 2988 877 3011 a
899 2973 1111 3025 longinqua
1129 2973 1439 3023 peregrinatione
1451 2979 1562 3021 patre
1582 2979 1726 3015 nostro,
1748 2971 2096 3021 necessariumsuit
2111 2972 2243 3006 omnia

200 3050 514 3080 commemorare,
531 3050 615 3086 qum
645 3038 686 3072 in
708 3038 894 3073 comitatu
927 3034 1174 3072 acciderant:
1191 3046 1238 3070 ac
1255 3032 1392 3069 deinde
1423 3045 1509 3069 cum
1527 3031 1736 3082 gentilibus
1754 3032 1963 3081 disputare,
1983 3038 2023 3067 ut
2039 3031 2107 3067 hos
2121 3033 2160 3066 vi
2173 3043 2240 3067 ca—

200 3101 390 3138 lamitatis
405 3098 458 3134 ml
474 3097 665 3134 meliorem
674 3098 834 3149 frugem
848 3103 1065 3140 revocatos,
1086 3096 1165 3146 qui,
1183 3094 1331 3131 deserto
1346 3093 1549 3144 gentilium
1567 3105 1707 3138 errore,
1728 3105 1808 3129 sese
1824 3092 1878 3128 ad
1894 3104 1961 3128 nos
1978 3090 2238 3133 contulerant,

196 3176 266 3213 pro
282 3160 392 3198 virili
406 3158 736 3210 confirmaremus,
751 3171 797 3195 ac
815 3159 1049 3200 doceremus,
1063 3156 1221 3208 quantis
1236 3156 1399 3192 tenebris
1421 3154 1586 3198 liberati,
1608 3153 1661 3189 ad
1678 3161 1827 3189 tantam
1843 3152 1964 3189 lucem
1982 3153 2160 3188 veritatis
2173 3165 2238 3187 uc-

198 3225 418 3261 curt-issent.
437 3222 529 3258 Post
562 3220 635 3256 illa
656 3233 807 3257 rursum
833 3220 964 3257 multis
984 3219 1116 3256 diebus
1138 3224 1354 3264 marorum
1367 3215 1590 3266 festivitate
1614 3215 1726 3264 potiti
1758 3226 1901 3255 sumus,
1927 3226 2048 3263 neque
2080 3215 2241 3262 tempori

197 3282 575 3333 eonvenienssuisset
593 3294 654 3317 eos
676 3283 742 3330 qui
762 3283 803 3316 in
818 3279 999 3331 sepulcris
1018 3287 1236 3327 martyrum
1255 3284 1518 3318 venarentur,
1538 3289 1667 3312 earum
1702 3275 1860 3312 laudum
1885 3288 1969 3324 quoe
2002 3282 2121 3321 marty
2136 3274 2239 3310 ribus

196 3347 396 3383 debentur,
414 3350 581 3379 ιιι-501485
607 3341 812 3378 discedere.
838 3341 1022 3379 Successit
1044 3341 1102 3378 his
1124 3340 1176 3377 ad
1195 3338 1462 3377 abstinendum
1483 3351 1504 3373 ιι
1524 3338 1754 3387 juramentis
1775 3336 2003 3373 cohortatio.
2024 3335 2117 3372 Cum
2140 3336 2242 3372 enim
