2516 3791
705 205 747 235 {N
784 204 886 235 CAP.
925 202 1081 235 XXXIV.
1121 202 1284 234 GENES.
1324 204 1480 236 Romu..
1521 205 1610 237 ΗΧ.

130 293 268 344 ὀλέθρου
287 290 447 333 ὑπόθεσις
473 288 624 341 γίνεται;
641 288 745 327 Ἀλλὰ
764 288 930 340 πρότερον
949 287 1152 338 ἀκούσωμεν

129 352 173 392 τὰ
190 350 286 404 παρὰ
302 355 359 389 τοῦ
376 348 500 401 Ἐμὼρ
527 350 613 402 πρὸς
633 348 756 393 αὐτοὺς
776 350 965 401 λεγόμενα,
982 348 1041 387 καὶ
1062 347 1151 400 μετὰ

128 416 237 451 ταῦτα
259 410 391 450 εἴσεσθε
419 411 487 448 τῶν
509 411 669 463 ἀδελφῶν
687 414 751 457 τῆς
772 410 895 453 Δείνας
921 409 985 456 τὴν
1000 423 1150 462 πανουρ-

126 473 216 524 γίαν,
234 471 293 510 καὶ
317 471 410 515 ὅπως
427 472 610 518 ἐκδικῆσαι
628 470 674 510 τὰ
689 473 738 514 εἷς
752 471 815 518 τὴν
835 471 988 525 ἀδελφὴν
1005 484 1150 522 γεγενη-

127 533 213 585 μένα
241 533 395 579 σπουδὴν
414 533 635 579 ἐποιήσαντο.
656 533 725 572 Καὶ
754 533 924 579 ἐλάλησε,
945 531 1070 585 φησὶν,
1093 531 1149 568 αὖ·

124 601 194 638 τοῖς
215 594 337 647 Ἐμὼρ
360 594 471 645 λέγων
485 610 492 617 ·
512 595 636 647 Συχὲμ
663 597 682 633 6
700 594 771 638 υἱός
804 610 870 645 μου
898 593 1078 646 προείλετο
1104 594 1147 644 τῇ
1172 605 1195 635 Ε

123 657 220 709 ψυχῇ
247 656 310 703 τὴν
337 655 510 708 θυγατέρα
535 658 644 708 ὑμῶν.
662 655 759 708 “Opta
785 659 859 699 πῶς
885 655 952 702 ἤδη
981 655 1040 693 τὸν
1058 652 1149 705 μέλ-

124 717 229 755 λοντα
261 717 527 769 καταλήψεσθαι
557 717 659 755 αὐτὸν
689 717 830 768 ὄλεθρον
858 715 994 766 μηνύει.
1022 714 1152 767 Προεί-

125 779 226 821 λετο.
254 779 354 831 φησὶ,
384 781 428 828 τῇ
451 780 572 831 ψυχῇ,
602 778 678 816 ἀντὶ
701 781 784 823 τοῦ,
808 776 872 824 τὴν
899 776 1017 829 ψυχὴν
1047 777 1150 814 αὐτοῦ

126 839 288 883 ἐξέδωκεν
306 839 394 891 ὑπὲρ
406 841 467 885 τῆς
485 839 651 891 θυγατρὸς
661 841 772 890 ὑμῶν.
788 839 943 882 Ἐκεῖνος
959 838 1021 889 μὲν
1037 839 1149 890 ἔλεγε,

124 902 189 947 τὴν
209 901 393 952 ἐπιθυμίαν
416 901 518 938 αὐτοῦ
536 901 600 947 τὴν
621 901 677 939 ἐπὶ
699 900 762 948 τὴν
780 901 886 952 κόρην
904 901 1040 946 δηλῶν·
1060 899 1152 950 μετὰ

126 961 240 1015 βραχὺ
261 962 297 1000 δὲ
319 961 522 1012 ἐμάνθανεν,
538 962 592 1000 ὅτι
608 965 670 1008 τ’ἧς
691 961 866 1005 ἀπωλείας
880 961 938 999 καὶ
953 963 1075 998 ἑαυτοῦ
1093 961 1152 999 καὶ

122 1023 264 1061 πάντων
283 1026 353 1061 τῶν
379 1023 496 1062 αὐτόθι
520 1027 624 1061 τοῦτο
643 1022 741 1060 ἔσται
769 1023 944 1065 ὑπόθεσις.
961 1022 1065 1060 Ἐπεὶ
1092 1015 1151 1060 οὖν

122 1084 240 1136 φησὶν,
258 1083 367 1128 οὕτως
394 1083 572 1123 ἐκκαίεται
589 1086 652 1130 τῆς
673 1084 779 1136 κόρης
792 1112 802 1128 ,
822 1084 910 1122 Δότε
930 1083 1038 1130 αὐτὴν
1058 1086 1151 1136 αὐτῷ

123 1150 289 1196 γυναῖκα,
318 1145 377 1183 καὶ
405 1144 710 1197 ἐπιγαμὸρεύσατε
738 1149 834 1196 ἡμῖν.
856 1145 931 1188 Τὰς
959 1144 1152 1197 θυγατέρας

124 1208 221 1257 ὑμῶν
237 1206 313 1244 δότε
330 1209 414 1257 ἡμῖν
427 1223 435 1230 ·
454 1207 512 1244 καὶ
533 1207 594 1250 τὰς
611 1207 801 1259 θυγατέρας
817 1209 919 1258 ἡμῶν
936 1206 1062 1245 λάὸετε
1080 1213 1152 1250 τοῖς

127 1268 213 1310 υἱοῖς
242 1269 354 1318 ὑμῶν,
379 1267 438 1306 καὶ
462 1270 496 1306 ἐν
522 1272 607 1318 ἡμῖν
631 1273 840 1306 κατοικεῖτε.
865 1267 934 1306 Καὶ
954 1267 1026 1306 ἰδοὺ
1061 1271 1082 1314 ἡ
1107 1270 1152 1319 γῆ

123 1328 273 1366 πλατεῖα
298 1328 450 1366 ἐναντίον
481 1331 592 1379 ὑμῶν,
609 1334 805 1367 κατοικεῖτε
833 1329 893 1366 καὶ
917 1328 1152 1380 ἐμπορεύεσθε

2084 195 2176 242 (363

1223 295 1258 324 et
1269 296 1388 340 postea
1404 288 1523 327 scietis
1534 289 1685 327 fratrum
1704 288 1808 327 Dinae
1827 290 2034 340 versutiam,
2047 302 2179 344 etquo—

1223 347 1331 387 modo
1355 348 1537 388 vindicare
1554 349 1769 388 studuerunt
1784 350 1953 403 injuriam
1972 353 2082 391 sorori
2103 355 2181 392 ina-

1223 417 1309 447 tam.
1321 410 1359 448 8.
1377 411 1429 448 Et
1447 411 1629 463 loquutus
1645 420 1700 450 est
1716 415 1770 450 eis
1789 413 1912 450 Emm-
1930 414 2060 452 dicens
2074 430 2084 450 .·
2099 416 2177 463 Sy-

1220 472 1331 509 chem
1356 473 1474 525 silius
1512 488 1619 512 meus
1653 474 1850 526 proeelegit
1883 478 2018 513 anima
2041 477 2180 528 filiam

1220 542 1407 572 vestram.
1433 534 1530 574 Vide
1554 535 1735 586 quomodo
1751 536 1828 589 jam
1848 537 2039 589 praesignat
2060 539 2179 590 perni-

1220 594 1309 632 ciem
1317 609 1354 632 se
1363 596 1708 648 comprcliensuram.
1718 599 1921 650 Praeelegit
1933 599 2040 646 enim,
2051 599 2180 650 inquit,

1221 658 1357 693 anima
1369 671 1380 692 .·
1391 656 1457 694 lioc
1470 666 1536 705 est,
1556 658 1720 696 Animam
1736 672 1836 696 suam
1847 660 2012 711 exposuit
2027 675 2091 712 pro
2107 661 2180 700 filia

1222 726 1350 754 vestra.
1363 717 1429 756 Ille
1443 718 1588 769 quidem
1606 718 1748 756 dicebat
1758 720 2082 772 concupiscentiam
2093 722 2180 773 ejus,

1221 792 1330 828 quam
1355 792 1437 830 erga
1464 779 1620 832 puellam
1640 779 1795 818 habebat
1812 796 1819 816 :
1836 781 1944 833 paulo
1964 791 2042 833 post
2061 791 2181 820 autem

1221 838 1361 887 didicit,
1375 839 1468 878 banc
1489 855 1573 889 suae,
1593 850 1626 879 et
1643 841 1802 879 omnium
1822 842 1882 893 qui
1904 842 1952 879 ibi
1973 852 2084 885 erant,
2103 858 2181 895 pcr-

1221 895 1370 935 ditionis
1391 898 1464 936 sore
1482 899 1714 937 occasionem.
1735 900 1829 946 Quia
1851 900 1962 951 igitur
1983 901 2043 939 illc
2063 902 2180 954 virgi-

1222 970 1302 994 nem
1316 957 1366 995 sic
1384 956 1581 1010 deperibat,
1596 960 1714 1004 Date,
1730 958 1857 1010 inquit,
1868 961 1984 997 istam
2004 960 2066 997 illi
2086 974 2181 998 uxo·

1221 1033 1316 1065 rem,
1335 1020 1371 1057 9.
1387 1028 1424 1057 et
1440 1020 1681 1074 affinitatem
1710 1022 1930 1058 contraliite
1946 1023 2144 1059 nobiscum
2166 1038 2177 1057 :

1210 1080 1328 1132 filias
1347 1090 1500 1120 vestras
1516 1083 1608 1120 date
1627 1084 1750 1129 nobis,
1767 1091 1802 1120 et
1809 1083 1927 1135 filias
1948 1092 2102 1120 nostras
2116 1097 2184 1121 ac-

1221 1143 1449 1195 cipitefiliis
1471 1146 1628 1193 vestris,
1645 1145 1708 1181 10.
1723 1153 1759 1182 et
1779 1146 1882 1181 inter
1901 1157 1969 1181 nos
1987 1145 2178 1180 habitate.

1222 1204 1275 1241 Et
1296 1217 1383 1242 ecce
1404 1212 1508 1242 terra
1526 1205 1610 1242 lata
1627 1213 1683 1243 cst
1703 1218 1836 1242 coram
1856 1206 1984 1253 vobis,
2004 1205 2184 1242 habitate

1221 1273 1259 1302 et
1285 1268 1539 1317 negotiamini
1562 1269 1605 1303 in
1629 1280 1690 1313 ea,
1723 1274 1759 1304 et
1784 1269 1827 1303 in
1851 1279 1899 1303 ea
1920 1268 2181 1317 possessiones

1222 1326 1372 1364 habete.
1388 1326 1484 1366 Vide
1496 1336 1646 1379 patrem,
1657 1335 1827 1378 quantam
1839 1336 1985 1379 propter
2001 1326 2069 1364 filii
2082 1341 2181 1364 amo-

123 1390 178 1426 ἐπ’
197 1390 314 1436 αὐτῆς,
334 1390 393 1428 καὶ
423 1389 600 1436 κτήσασθε
627 1392 662 1428 ἐν
687 1392 776 1440 αὐτῇ
784 1419 792 1426 .
810 1389 907 1442 ιὍρα
933 1389 992 1427 τὸν
1013 1389 1151 1441 πατέρα
1160 1413 1208 1438 57³
1222 1398 1296 1422 rem
1314 1385 1421 1424 hahet
1437 1399 1518 1437 erga
1539 1386 1743 1438 peregrinos
1762 1386 2029 1437 benignitatem,
2045 1396 2078 1424 et
2094 1401 2182 1437 quo·

123 1449 181 1487 διὰ
205 1449 268 1497 τὴν
296 1451 375 1503 περὶ
402 1450 460 1489 τὸν
488 1452 598 1489 παῖδα
629 1450 872 1503 φιλοστοργίαν
893 1451 977 1496 ὅσην
998 1456 1151 1489 ποιεῖται

123 1510 210 1563 πρὸς
225 1510 304 1555 τοὺς
329 1510 442 1556 ξένους
458 1511 521 1559 τὴν
543 1511 818 1565 φιλοφροσύνην,
836 1511 894 1549 καὶ
913 1511 1006 1554 ὅπως
1027 1511 1151 1555 αὐτοὺς

123 1571 378 1624 ἐφελκῦσασθαι
410 1573 594 1624 βούλεται,
608 1575 725 1620 πάσης
745 1575 860 1618 αὐτοῖς
874 1576 937 1620 τῆς
955 1571 1074 1625 χώρας
1087 1573 1150 1620 τὴν

123 1633 277 1678 ἐξουσίαν
309 1634 433 1678 διδούς.
454 1634 524 1673 Καὶ
549 1638 660 1672 ταῦτα
691 1634 754 1686 μὲν
771 1638 789 1673 6
806 1634 945 1686 πατήρ·
966 1637 984 1672 ὁ
1004 1634 1040 1672 δὲ
1068 1640 1151 1678 παῖς

122 1695 333 1745 θεασάμενος
358 1700 418 1734 τοῦ
446 1696 575 1747 πατρὸς
601 1695 664 1743 τὴν
689 1697 770 1748 περὶ
791 1695 893 1734 αὐτὸν
923 1696 1149 1746 κηδεμονίαν,

124 1756 183 1794 καὶ
203 1757 295 1800 ὅπως
307 1756 423 1794 πάντα
442 1762 553 1795 ποιεῖν
575 1757 712 1808 ἕτοιμος
726 1752 782 1804 ἧν,
803 1756 894 1794 ὥστε
913 1759 1008 1808 αὐτῷ
1030 1759 1077 1800 εἷς
1094 1756 1150 1806 ἔρ-

122 1833 183 1868 γον
215 1819 356 1869 ἀγαγεῖν
385 1818 424 1856 τὸ
456 1818 693 1865 σπουδασθὲν,
723 1817 932 1870 προστίθησι
966 1817 1026 1855 καὶ
1063 1820 1146 1870 παρ’

123 1881 266 1925 ἑαυτοῦ,
287 1879 346 1916 καί
367 1895 451 1931 φησι
467 1881 518 1930 τῷ
537 1878 668 1917 ’lame'
691 1879 750 1917 καὶ
774 1879 859 1931 πρὸς
879 1877 958 1923 τοὺς
981 1878 1150 1931 ἀδελφοὺς

122 1942 185 1986 τῆς
210 1941 334 1991 κόρης·
366 1939 512 1992 Εῧροιμι
533 1941 637 1992 χάριν
668 1940 819 1979 ε’ναντίον
847 1942 958 1990 ὑμῶν,
976 1941 1035 1978 καὶ
1054 1941 1072 1978 ὃ
1089 1940 1148 1979 ἐὰν

122 2001 242 2048 εἴπητε
255 2032 264 2048 ,
285 2000 455 2051 δώσομεν.
479 2001 686 2047 Πληθύνατε
704 2001 768 2049 τὴν
790 2001 939 2054 φερνὴν,
959 2002 1018 2039 καὶ
1046 2000 1149 2040 δώσω

121 2065 198 2101 καθ’
219 2062 241 2101 ὅ
258 2078 292 2100 τι
312 2063 352 2100 ἂν
377 2062 500 2109 εἴπητέ
531 2078 608 2113 μοι,
629 2063 687 2100 καὶ
713 2061 844 2101 δώσετέ
870 2077 928 2112 μοι
952 2061 1015 2109 τὴν
1039 2063 1149 2100 παῖδα

120 2123 251 2170 ταύτην
277 2125 326 2166 εἷς
354 2129 514 2174 γυναῖκα.
544 2118 643 2167 Εἶδες
669 2123 729 2161 καὶ
754 2123 811 2161 τὸν
840 2122 978 2175 πατέρα
1001 2122 1058 2160 διὰ
1083 2122 1147 2170 τὴν

120 2185 200 2235 περὶ
229 2184 287 2222 τον
315 2185 423 2222 παῖδα
445 2184 654 2235 κηδεμονίαν
680 2183 814 2231 πολλὴν
840 2184 904 2231 τὴν
923 2183 1146 2235 παράκλησιν

119 2246 337 2296 ποιούμενον,
357 2246 415 2284 καὶ
437 2247 495 2284 τὸν
519 2247 594 2284 νέον
613 2246 760 2297 ἑτοίμως
781 2246 920 2284 ἅπαντα
939 2245 1145 2298 προϊέμενον

117 2307 204 2358 ὑπὲρ
215 2311 274 2345 τοῦ
288 2310 350 2354 τῆς
366 2307 471 2360 κόρης
488 2311 665 2360 ἐπιτυχεῖν
679 2323 689 2355 ;

172 2369 287 2406 Τοῦτο
305 2367 386 2420 γὰρ,
404 2373 506 2408 τοῦτο
533 2369 572 2406 τὸ
597 2369 750 2421 ὀλέθριον
769 2368 879 2412 πάθος
899 2367 1016 2406 πάντα
1034 2367 1146 2407 πείθει

118 2429 176 2467 τὸν
200 2430 328 2467 ἁλόντα
359 2430 625 2477 καταδέξασθαι,
642 2431 765 2482 μέχρις
790 2430 831 2468 ἂν
854 2429 956 2468 αὐτὸν
975 2431 1024 2473 εἷς
1041 2429 1144 2468 αὐτὸν

120 2489 234 2541 ἀγάγῃ
262 2494 322 2528 τοῦ
349 2490 430 2543 ᾅδου
461 2490 518 2528 τὸν
546 2490 718 2542 πυθμένα.
747 2491 816 2529 Καὶ
842 2490 904 2528 θέα
934 2506 1012 2541 μοι·
1037 2493 1056 2528 6
1081 2490 1144 2541 μὲν

118 2551 317 2603 πρεσὸύτης
344 2550 473 2590 ’laxam
497 2555 602 2590 ’τοῦτα
624 2551 882 2605 ἀκούωνισιγᾷ,
910 2552 970 2590 καὶ
998 2551 1062 2599 τὴν
1090 2554 1145 2590 οἷ-

118 2611 215 2649 κείαν
246 2612 432 2650 ἐπιείκειαν
458 2613 670 2663 μιμούμενος
695 2614 791 2652 οὐδὲν
816 2613 1024 2666 φθέγγεται,
1055 2612 1146 2652 ἀλλὰ

117 2671 238 2724 πράως
264 2674 359 2725 φέρει
375 2673 439 2721 τὴν
460 2676 509 2717 εἷς
526 2673 589 2720 τὴν
609 2673 782 2726 θυγατέρα
801 2673 1037 2726 γεγενημένην
1057 2672 1144 2720 ἐπή-

122 2748 226 2784 ρειαν.
244 2735 290 2772 Οἱ
319 2734 354 2772 δὲ
380 2735 446 2773 υἱοὶ
463 2734 593 2773 Ἰακὼὸ
621 2729 734 2782 εἶπαν,
755 2735 853 2788 φησὶ,
872 2738 922 2788 τῷ
941 2735 1068 2787 Συχὲμ
1083 2735 1143 2773 καὶ

119 2793 243 2847 Ἐμὼρ
269 2797 318 2847 τῷ
343 2796 451 2849 πατρὶ
477 2798 582 2834 αὐτοῦ
617 2797 705 2847 μετὰ
734 2797 853 2845 δόλου,
875 2797 934 2835 καὶ
965 2796 1142 2843 ἐλάλησαν

120 2857 254 2900 αὐτοῖς,
277 2855 330 2893 ὅτι
356 2857 527 2906 ἐμόλυναν
546 2863 560 2878 ²
576 2858 640 2904 τὴν
670 2858 823 2911 ἀδελφὴν
847 2860 975 2898 αὐτῶν.
1008 2858 1142 2897 Σκόπει

118 2931 178 2964 μοι
190 2915 246 2953 διὰ
265 2915 329 2962 τὴν
342 2921 402 2954 τοῦ
418 2916 490 2960 ἑνὸς
509 2918 670 2968 λαγνείαν
689 2921 765 2962 πῶς
781 2919 932 2963 ἅπαντες
951 2920 983 2957 οἱ
998 2918 1062 2966 τὴν
1075 2919 1142 2957 πό-

116 2977 170 3013 λιν
200 2978 372 3021 οἰκοῦντες
400 2978 678 3016 συναπολαύουσι
710 2981 780 3016 τῶν
816 2983 945 3018 κακῶν.
970 2980 1140 3032 Καθάπερ

115 3036 184 3088 γὰρ
200 3044 312 3089 πυρᾶς
342 3038 550 3090 ἀναφθείσης
578 3038 637 3076 καὶ
659 3042 691 3077 οἱ
712 3039 860 3087 πλησίον
883 3042 1055 3084 οἰκοῦντες
1080 3046 1140 3079 τοῦ

117 3098 272 3135 κινδύνου
301 3099 505 3151 μετέχουσι,
526 3102 586 3137 τοῦ
616 3100 723 3151 πυρὸς
757 3101 896 3139 ἅπαντα
928 3101 1136 3153 ἐπινεμομέ-

117 3173 191 3196 νου·
210 3159 268 3196 τὸν
295 3161 396 3198 αὐτὸν
425 3160 465 3207 δὴ
482 3161 610 3213 τρόπον
639 3162 698 3199 καὶ
715 3166 772 3200 νῦν
789 3165 812 3208 ἡ
832 3167 892 3201 τοῦ
910 3163 987 3202 νέου
1007 3164 1138 3202 ἀκολα-

118 3217 176 3255 σία
198 3221 236 3256 οὐ
264 3220 367 3269 μόνον
393 3221 451 3259 τὸν
477 3221 624 3273 πατέρα,
644 3221 735 3259 ἀλλὰ
754 3223 813 3261 καὶ
830 3223 963 3267 πάντας
978 3223 1057 3268 τοὺς
1074 3226 1137 3270 τῆς

116 3279 249 3323 πόλεως
269 3281 377 3331 ἄρδην
397 3282 557 3333 ἠφάνισε.
577 3284 611 3321 Τ
614 3283 625 3320 ί
645 3277 702 3321 οὖν
725 3286 757 3322 οἱ
776 3286 897 3329 παῖδες
913 3289 974 3325 τοῦ
989 3285 1136 3332 Ἰακώὸ;

1172 1451 1198 1480 Λ
1222 1445 1328 1484 modo
1351 1460 1410 1485 eos
1435 1447 1624 1485 conciliare
1647 1447 1716 1485 sibi
1738 1447 1830 1495 vult,
1851 1447 1933 1485 data
1956 1447 2006 1485 eis
2030 1447 2064 1485 in
2082 1447 2181 1486 omni

1220 1506 1364 1557 regione
1382 1521 1444 1544 sua
1463 1515 1644 1559 potestate.
1659 1506 1707 1544 Et
1719 1506 1797 1544 haec
1809 1506 1957 1557 quidem
1971 1507 2042 1558 egit
2057 1516 2156 1559 pater
2172 1523 2180 1544 :

1220 1566 1320 1604 filius
1341 1575 1462 1604 autem
1483 1566 1568 1617 quia
1589 1565 1684 1604 vidit
1708 1566 1822 1618 patris
1841 1580 1923 1618 erga
1945 1581 1982 1605 se
2001 1566 2177 1619 studium,

1221 1636 1254 1664 et
1267 1627 1449 1678 quomodo
1463 1627 1582 1666 omnia
1594 1628 1708 1665 facere
1718 1637 1864 1680 paratus
1880 1628 1998 1675 suerit,
2008 1637 2046 1665 ut
2058 1628 2181 1680 imple·

1221 1696 1319 1724 retur
1337 1686 1437 1737 quod
1458 1686 1636 1739 cupiebat,
1658 1686 1782 1739 adjicit
1800 1687 1898 1738 quod
1914 1701 2019 1725 suum
2038 1696 2104 1736 est,
2121 1687 2180 1725 di-

1221 1747 1338 1798 citque
1352 1747 1398 1786 ad
1413 1747 1525 1787 Jacob
1543 1756 1577 1785 et
1593 1747 1638 1785 ad
1659 1748 1786 1786 fratres
1804 1747 1933 1800 puellae
1952 1764 1960 1784 :
1977 1749 2040 1786 11.
2063 1750 2179 1786 Inve-

1221 1811 1329 1846 niam
1357 1812 1528 1861 gratiam
1569 1823 1702 1847 coram
1735 1811 1872 1855 vobis,
1911 1818 1949 1847 et
1987 1810 2181 1862 quidquid

1219 1871 1408 1917 dixeritis,
1431 1872 1624 1909 dabimus.
1649 1873 1714 1910 12.
1739 1872 2006 1923 fflultiplicate
2031 1872 2175 1920 dotem,

1220 1940 1257 1969 et
1279 1933 1382 1969 dabo
1395 1933 1606 1986 secundum
1619 1933 1724 1984 quod
1741 1933 1917 1970 dixeritis
1934 1933 2043 1979 mihi,
2061 1941 2097 1970 et
2113 1933 2180 1970 da·

1221 1994 1310 2030 bitis
1332 1994 1429 2030 milii
1451 1993 1628 2045 puellam
1657 1994 1760 2031 hanc
1783 1996 1826 2030 in
1850 2007 2024 2031 uxorem.
2041 1993 2178 2032 Vidisti

1219 2061 1357 2105 patrem
1369 2063 1514 2106 propter
1534 2053 1695 2091 studium
1714 2063 1748 2092 et
1767 2068 1889 2092 curam
1912 2054 1948 2091 in
1967 2053 2086 2091 filium
2106 2054 2176 2091 ob-

1219 2113 1304 2152 nixe
1323 2114 1475 2166 precari,
1481 2115 1722 2166 juvenemque
1737 2123 1876 2167 promte
1890 2114 2011 2153 omnia
2026 2114 2177 2167 promit-

1170 2202 1193 2232 Β
1219 2182 1303 2222 tere,
1325 2183 1365 2212 ut
1384 2174 1503 2227 puella
1524 2169 1726 2227 potii-etur?

1270 2370 1308 2407 5.
1339 2368 1423 2407 Haec
1440 2369 1549 2418 enim,
1566 2369 1645 2408 haec
1665 2369 1864 2422 perniciosa
1890 2369 2031 2409 affectio
2056 2371 2176 2409 omnia

1217 2430 1442 2483 suscipienda
1466 2430 1617 2468 libidine
1639 2430 1817 2468 diffluenti
1838 2431 2042 2482 persuadet,
2063 2431 2175 2470 donce

1216 2491 1253 2529 in
1273 2491 1400 2529 inferni
1424 2491 1645 2543 profundum
1669 2489 1788 2529 ducat.
1806 2490 1852 2528 Et
1875 2491 1973 2541 vide,
1999 2492 2143 2530 obsecro
2167 2508 2175 2528 :

1215 2552 1333 2591 senior
1344 2551 1490 2603 quidem
1503 2551 1615 2590 Jacob
1633 2551 1708 2588 haec
1722 2551 1871 2588 audiens
1887 2552 2020 2599 silet,ct
2034 2567 2098 2603 pro
2110 2567 2173 2590 sua

1214 2612 1488 2651 mansuetudine
1511 2611 1603 2649 nihil
1630 2611 1787 2662 loquitur
1804 2627 1812 2647 :
1827 2611 1887 2648 sed
1910 2612 1983 2649 vim
2010 2612 2094 2650 filiae
2121 2614 2174 2651 sa-

1215 2683 1308 2712 etam
1330 2674 1505 2726 patienter
1519 2673 1596 2709 fert.
1624 2673 1685 2709 15.
1705 2672 1803 2708 Filii
1821 2680 1952 2709 autem
1971 2674 2097 2710 Jacob
2114 2675 2174 2711 di-

1213 2744 1355 2774 xerunt
1370 2735 1537 2783 Sychem
1559 2742 1593 2771 et
1611 2734 1734 2771 Emor
1746 2735 1853 2784 patri
1866 2735 1948 2785 ejus
1969 2735 2114 2781 dolose,
2135 2745 2173 2774 et

1216 2798 1367 2850 loquuti
1380 2804 1469 2834 sunt
1483 2795 1576 2839 illis,
1593 2794 1698 2846 quod
1710 2796 2001 2846 coinquinat-int
2022 2796 2172 2833 Dinam

1165 2873 1188 2903 c
1213 2872 1381 2896 sororem
1397 2870 1522 2894 suam.
1546 2853 1737 2892 Considera
1755 2854 1814 2892 hic
1829 2855 2009 2906 quomodo
2027 2866 2172 2909 propter

1213 2920 1319 2957 unius
1331 2915 1641 2970 intemperantiam
1649 2915 1804 2954 universi
1815 2917 1995 2955 civitatem
2006 2917 2170 2957 habitan-

1212 2989 1264 3017 tes
1274 2992 1460 3032 poenarum
1474 2975 1558 3014 socii
1572 2976 1672 3013 siant.
1684 2975 1785 3013 Sicut
1797 2975 1892 3013 enim
1904 2990 2048 3015 accensa
2065 2991 2168 3030 pyra,

1212 3041 1273 3092 qui
1292 3054 1403 3093 prope
1420 3037 1582 3076 habitant
1596 3036 1746 3090 periculi
1765 3046 1846 3074 sunt
1869 3037 2169 3091 participeS‚ig11e

1212 3101 1330 3140 onmia
1350 3099 1559 3152 depascente
1580 3113 1588 3134 ε
1609 3096 1732 3135 eodem
1752 3096 1859 3136 modo
1878 3107 1911 3136 et
1934 3113 2028 3137 nunc
2052 3099 2166 3137 adole-

1211 3160 1339 3199 scentis
1360 3156 1630 3210 intemperantia
1651 3170 1720 3194 non
1743 3155 1858 3194 solum
1874 3166 2026 3209 patrem,
2047 3158 2109 3196 sed
2131 3167 2164 3195 et

1211 3235 1332 3260 omncs
1346 3219 1446 3257 urbis
1457 3219 1552 3257 cives
1563 3217 1670 3255 simul
1681 3216 1848 3270 perdidit.
1858 3218 1955 3265 Quid
1973 3219 2082 3270 igitur
2098 3219 2162 3255 filii

1210 3282 1345 3323 Jacob?
1359 3280 1488 3320 Dolose
1502 3279 1553 3319 eis
1572 3277 1840 3332 responderunt.
1862 3279 2020 3330 Dignum
2034 3289 2082 3317 cst
2098 3293 2161 3316 au—

159 3432 172 3446 ·
190 3421 287 3463 [nihl.
304 3431 336 3455 et
352 3422 451 3456 Coisl.
471 3422 599 3457 addunt
614 3434 724 3467 Δεῖ-ην,
751 3425 842 3470 quod
861 3427 1018 3471 expressit
1033 3427 1230 3471 lutei-pres]
