2433 3775
742 174 797 205 IN*
823 174 923 206 CAP.
964 171 994 202 1.

85 266 224 307 ἐκείνων
253 263 297 303 τὰ
325 261 449 302 παιδία
471 260 727 313 λαμὸάνοντες,
755 258 798 296 τὰ
821 256 1017 309 τελειότερα
1041 256 1108 293 τῶν

86 325 304 379 μαθημάτων
334 325 448 367 αὐτοῖς
477 324 661 375 ἐνηχοῦσι·
702 320 760 359 τὸν
786 319 888 358 αὐτὸν
916 317 958 364 δὴ
983 315 1111 369 τρόπον

86 388 145 427 καὶ
163 391 181 426 ὁ
203 386 375 440 μακάριος
393 387 540 432 Μωσῆς,
559 382 619 421 καὶ
639 384 656 421 ὁ
677 385 746 421 τῶν
766 382 870 420 ἐθνῶν
892 379 1113 424 διδάσκαλος,

85 450 145 488 καὶ
165 453 185 488 ὁ
205 451 268 495 τῆς
295 449 441 501 βροντῆς
460 445 532 489 υἱὸς
551 443 802 490 πεποιήκασιν.
840 441 885 481 ‘O
907 440 968 492 μὲν
988 439 1056 492 γὰρ
1077 441 1116 477 ἐκ

85 509 279 564 προοιμίων
299 506 516 563 παραλαὸὼν
532 506 594 553 τὴν
611 504 713 558 φύσιν
729 503 792 550 τὴν
816 501 1052 556 ἀνθρωπίνην,
1071 498 1116 537 τὰ

84 574 209 624 πρῶτα
235 575 393 622 στοιχεῖα
411 568 489 613 τοὺς
511 567 698 611 ἀκούοντας
719 565 942 605 ἐπαίδευσεν·
965 557 1059 601 οὗτοι
1079 559 1113 599 δὲ

86 632 183 687 παρὰ
199 630 358 675 Μωσέως
377 628 663 682 3’παραλαὸόντες
676 659 686 676 ,
712 625 832 666 λοιπὸν
857 624 901 663 τὰ
919 622 1115 675 τελειότερα

87 692 332 748 παρεδίδοσαν.
365 691 464 734 Τέως
477 685 536 730 οὖν
551 689 724 740 ἐμάθομεν
743 689 806 733 τῆς
821 684 1116 736 συγκαταὸάσεως

87 753 150 800 τὴν
171 753 304 798 αἰτίαν,
334 751 394 789 καὶ
414 749 467 788 ὅτι
486 749 670 799 Πνεύματι
689 746 920 799 φθεγγόμενος
939 742 1115 789 καταλλή-

86 817 155 857 λως
173 818 243 855 τοῖς
265 810 471 859 ἀκούουσιν,
499 809 639 847 ἅπαντα
671 807 840 852 ἐξετίθετο
855 837 864 854 ,
889 806 1005 848 πάσας
1028 807 1115 855 ὁμοῦ

85 873 147 916 τὰς
171 873 270 919 δίκην
295 870 454 916 ζιζανίων
471 869 704 922 ἐπιφυομένας
725 868 874 921 αἱρέσεις
893 870 936 918 τῇ
959 867 1115 911 Ἰἶκκλη-

86 935 146 987 σία
163 933 318 972 κάτωθεν
333 934 499 970 ἀνασπῶν
520 930 578 969 διὰ
587 934 647 969 τοῦ
666 932 775 968 εἰπεῖν
788 945 795 953 ·
813 930 874 967 Ἐν
887 930 980 982 ἀρχῇ
996 925 1115 973 ἐποίη-

88 1011 145 1034 σεν
163 997 182 1034 ὁ
199 995 288 1038 Θεὸς
309 993 366 1032 τὸν
386 993 531 1044 οὐρανὸν
555 992 613 1030 καὶ
631 991 694 1039 τὴν
716 994 793 1042 γῆν.
818 989 891 1029 Κᾶν
907 989 976 1043 γὰρ
999 991 1114 1027 Μανι-

86 1063 185 1109 χαῖος
217 1055 392 1109 προσέλθῃ
423 1054 534 1106 λέγων
565 1053 628 1100 τὴν
658 1052 742 1100 ὕλην
762 1051 1006 1104 προϋπάρχειν
1019 1064 1031 1098 ,·
1053 1048 1117 1087 κᾶν

88 1118 281 1171 Μαρκίων,
309 1116 373 1154 κᾶν
403 1117 656 1161 Οὐαλεντῖνος,
689 1114 752 1152 κᾶν
778 1113 961 1160 Ἑλλήνιον
981 1113 1116 1158 παῖδες,

87 1179 164 1231 λέγε
195 1177 304 1232 “’πρὸς
336 1176 457 1220 αὐτούς
470 1192 478 1200 ·
512 1176 574 1214 Ἑν
604 1177 695 1229 ἀρχῇ
728 1175 890 1222 ἐποίησεν
917 1177 935 1212 ὃ
949 1174 1040 1216 Θεὸς
1061 1173 1118 1212 τὸν

87 1239 230 1293 οὐρανὸν
256 1238 317 1277 καὶ
345 1238 409 1284 τὴν
438 1240 515 1289 γῆν.
551 1237 643 1275 Ἀλλ’
675 1239 712 1274 οὐ
737 1235 892 1275 πιστεύει
917 1239 959 1288 τῇ
981 1237 1117 1287 Γραφῇ.

87 1299 346 1351 Ἀποστροίφηθι
358 1297 478 1336 λοιπὸν
498 1298 600 1336 αὐτὸν
615 1299 662 1340 ὡς
679 1298 886 1347 μαινόμενον
904 1297 963 1335 καὶ
980 1295 1118 1342 ἐξεστη-

88 1360 188 1402 κότα.
225 1359 270 1398 Ὁ
288 1359 355 1411 γὰρ
375 1361 424 1411 τῷ
444 1358 646 1411 δημιουργῷ
663 1361 733 1396 τῶν
751 1357 842 1397 ὅλων
866 1361 1048 1405 ἀπιστῶν,
1071 1359 1117 1400 ὡς

88 1422 147 1460 καὶ
162 1421 285 1473 ψεῦδος
307 1423 371 1466 τῆς
389 1419 554 1467 ἀληθείας
573 1418 861 1471 καταγινώσκων,
880 1420 981 1464 ποίας
998 1418 1038 1456 ἂν
1057 1418 1118 1457 τύ-

86 1498 145 1535 χοι
174 1480 383 1533 συγγνώμης
412 1480 499 1519 ποτέ
509 1497 518 1528 ;
545 1480 800 1532 Πεπλασμένον
834 1480 972 1533 ἔχουσιν
993 1483 1118 1520 ἐκεῖνοι

89 1545 151 1583 ετὸ
179 1547 328 1596 χρῶμα,
355 1543 416 1581 καὶ
446 1542 634 1585 ἐπιεικείας
666 1541 853 1596 πρόσωπον
879 1542 1118 1593 ὑποδυόμενοι,

89 1606 300 1658 κρύπτουσιν
318 1608 352 1644 ἐν
370 1608 413 1656 τῇ
431 1606 515 1659 δορᾷ
534 1610 594 1644 τοῦ
612 1604 789 1658 προὸάτου
802 1605 861 1643 τὸν
876 1604 992 1643 λύκον.
1012 1604 1119 1644 Ἀλλὰ

94 1669 136 1707 σὺ
159 1667 207 1720 μὴ
237 1670 442 1720 ἀπατηθῇς,
472 1666 563 1705 ἀλλὰ
587 1667 647 1705 καὶ
675 1666 719 1704 δι’
741 1666 824 1704 αὐτὸ
842 1670 946 1705 τοῦτο
965 1667 1120 1718 μάλιστα

92 1729 240 1781 μίσησον
262 1729 363 1767 αὐτὸν
379 1759 388 1775 ,
412 1727 467 1767 ὅτι
482 1729 580 1783 >>πρὸς
605 1727 668 1780 μὲν
690 1727 728 1767 σὲ
752 1728 810 1766 τὸν
832 1727 1018 1779 ὁμόδουλον
1039 1729 1120 1766 ἐπι-

90 1791 220 1829 είκειαν
246 1789 491 1843 ὑποκρίνεται,
511 1790 597 1843 πρὸς
617 1789 653 1828 δὲ
672 1790 729 1829 τὸν
748 1793 816 1828 τῶν
839 1791 928 1828 ὅλων
949 1789 966 1810 ‘¹
979 1790 1118 1829 Δεσπό-

91 1868 155 1899 την
177 1853 270 1892 Θεὸν
289 1853 347 1890 τὸν
370 1851 524 1902 πόλεμον
543 1851 655 1904 ἤρατο
669 1880 678 1897 ,
711 1851 770 1889 καὶ
790 1851 880 1889 κατὰ
913 1855 975 1899 τῆς
999 1854 1122 1890 ἑαυτοῦ

93 1913 268 1967 σωτηρίας
292 1913 428 1967 τρέχων
457 1914 520 1951 οὐκ
543 1912 756 1951 αἰσθάνεται.
785 1912 910 1964 ἹΙμεῖς
929 1913 963 1951 δὲ
980 1916 1042 1959 τῆς
1062 1913 1122 1951 πέ-

93 1990 176 2026 τρας
196 1973 360 2026 ἐχώμεθα
381 1976 444 2020 τῆς
464 1975 647 2026 ἀῤῥαγοῧς,
664 1973 794 2019 καὶέπὶ
808 1973 872 2020 τὴν
888 1975 1000 2028 ἀρχὴν
1017 1975 1121 2013 πάλιν

95 2035 353 2086 ἐπανέλθωμεν.
373 2035 433 2072 Ἐν
459 2036 551 2086 ἀρχῇ
577 2034 737 2081 ἐποίησεν
759 2037 776 2072 ὁ
797 2035 886 2078 Θεὸς
905 2035 962 2073 τὸν
980 2035 1121 2088 οὐρανὸν

95 2096 155 2134 καὶ
174 2095 236 2143 τὴν
254 2099 335 2146 γῆν.
366 2094 462 2148 σΟρα
484 2095 543 2132 καὶ
562 2094 598 2138 ἐξ
617 2097 721 2134 αὐτοῦ
742 2101 801 2135 τοῦ
820 2099 881 2142 τῆς
897 2096 1122 2148 δημιουργίας

94 2156 222 2210 τρόπου
238 2155 301 2202 τὴν
321 2155 414 2193 θείαν
435 2154 537 2207 φύσιν
558 2155 837 2207 διαλάμπουσαν,
852 2160 899 2200 ὡς
915 2157 1123 2200 ἀπεναντίας

95 2221 137 2270 τῇ
168 2216 366 2269 ἀνθρωπίνῃ
400 2216 566 2270 συνηθείᾳ
597 2217 660 2264 τὴν
695 2217 922 2271 δημιουργίαν
958 2225 1123 2267 ποιεῖται,

94 2278 262 2332 πρότερον
284 2279 342 2317 τὸν
362 2278 505 2331 οὐρανὸν
526 2278 652 2328 τείνας,
672 2279 732 2318 καὶ
752 2280 830 2319 τότε
850 2280 913 2327 τὴν
933 2283 1023 2332 ιζγῆν
1042 2283 1125 2319 ὓπο-

96 2340 282 2393 στορέσας·
304 2340 472 2394 πρότερον
500 2341 560 2378 τὸν
588 2341 734 2394 ὄροφον,
762 2342 822 2380 καὶ
840 2342 919 2380 τότε
937 2343 996 2381 τὸν
1020 2342 1124 2394 θεμέ-

95 2403 181 2440 λιον.
209 2401 274 2445 Τίς
294 2395 386 2450 εἶδε,
412 2401 465 2446 τίς
488 2403 660 2451 ἤκουσεν;
682 2403 768 2442 Ἐπὶ
801 2403 864 2455 μὲν
893 2404 961 2457 γὰρ
983 2407 1046 2451 τῆς
1064 2407 1125 2443 ἀν-

96 2463 271 2515 θρωπίνης
302 2463 529 2516 δημιουργίας
553 2466 615 2502 οὐκ
646 2464 687 2502 ἂν
706 2469 808 2504 τοῦτο
826 2465 950 2517 γένοιτ’
970 2466 1010 2504 ἄν
1026 2481 1124 2504 ποτε·

96 2525 178 2563 ὅταν
203 2524 239 2564 δὲ
268 2529 286 2564 ὁ
313 2525 402 2568 Θεὸς
423 2525 547 2575 κελεύῃ
561 2557 570 2574 ,
596 2526 714 2565 πάντα
735 2529 785 2579 τῷ
807 2527 1004 2579 βουλήματι
1022 2529 1126 2566 αὐτοῦ

97 2586 182 2624 εἴκει
201 2586 260 2625 καὶ
279 2593 497 2641 παραχωρεῖ.
534 2587 596 2634 Μὴ
616 2587 728 2626 τοίνυν
747 2588 952 2642 ἀνθρωπίνῳ
967 2591 1126 2642 λογισμῷ

97 2647 142 2686 τὰ
155 2651 215 2686 τοῦ
230 2650 322 2688 Θεοῦ
341 2648 426 2700 ἔργα
444 2648 767 2700 περιεργαζώμεθα,
782 2651 859 2688 ἀλλ’
878 2652 916 2688 ἐκ
931 2654 1000 2689 τῶν
1018 2650 1126 2703 ἔργων

97 2709 344 2762 ὁδηγούμενοι,
365 2710 604 2761 θαυμάζωμεν
617 2710 675 2748 τὸν
695 2711 870 2764 τεχνίτην.
905 2713 937 2750 Τ
941 2711 963 2750 ὰ
982 2711 1049 2764 γὰρ
1069 2711 1128 2751 ἀό-

101 2785 189 2822 ρατα
205 2772 323 2819 αὐτοῦ,
340 2770 458 2823 φησὶν,
473 2771 543 2810 ἀπὸ
557 2771 701 2817 κτίσεως
717 2772 850 2824 κόσμου
866 2780 937 2818 τοῖς
952 2773 1127 2825 ποιήμασι

99 2831 270 2882 νοούμενα
288 2835 492 2885 καθορᾶται.

150 3200 162 3215 “
177 3190 284 3224 Colb.
303 3203 386 3224 unus
403 3196 551 3232 λαθὸντες.

147 3242 165 3266 ¹2
189 3244 237 3275 De
247 3243 621 3284 indemnitate—ionis
635 3245 844 3279 etValentini
857 3248 1013 3291 opinione
1027 3249 1116 3281 circa

109 3292 224 3325 mundi
241 3294 422 3337 primordia
440 3297 514 3330 xide
530 3296 756 3342 Epiphanium
779 3298 822 3332 ad
847 3299 1003 3345 singulos.
1024 3300 1114 3335 Ibid.

109 3346 154 3377 eir
171 3345 308 3378 coislin.
326 3356 360 3380 ct
374 3348 476 3381 Savil.
494 3349 555 3382 Alii
574 3362 650 3383 vcro
668 3357 740 3398 πρὸς
758 3356 856 3386 αὖτέ-,ι-

186 3396 320 3429 Coi3lin.
341 3405 373 3432 τό
392 3410 488 3443 σῶμα.

1034 169 1196 201 GENES.

2112 150 2131 164 μ..

1238 167 1394 198 nomn„
1436 167 1482 196 ll.
2081 166 2133 195 l')

1185 250 1398 290 mendantur
1415 249 1616 294 erudiendi,
1640 250 1753 303 prima
1785 250 1929 289 tradunt
1953 251 2136 297 clementa,

1183 326 1272 364 quos
1290 325 1420 364 pueros
1437 310 1501 362 qui
1515 311 1562 348 ab
1577 310 1650 348 illis
1662 319 1781 363 postea
1799 310 2011 363 suscipiunt,
2026 311 2138 348 subli-

1187 376 1361 415 mioribus
1384 384 1419 414 et
1442 375 1713 428 perfectioribus
1733 374 1909 412 doctrinis
1947 374 2137 412 imbuunt:

1186 439 1233 476 ita
1253 447 1286 476 et
1301 438 1426 476 beatus
1445 439 1578 487 Moses,
1599 446 1632 475 et
1647 435 1772 474 doctor
1788 436 1961 488 gentium,
1984 450 2024 474 ac
2046 436 2142 473 lilius

1187 500 1335 538 tonitrui
1353 499 1522 538 fecerunt.
1544 500 1635 537 Nam
1654 500 1773 537 Moses
1794 497 1939 549 quidem
1961 512 2042 535 cum
2062 497 2141 549 pri-

1136 592 1166 616 n
1187 576 1266 599 mus
1278 561 1438 600 omnium
1455 560 1710 599 instituendam
1726 559 1935 612 suscepisset
1949 559 2144 597 humanam

1141 630 1167 659 A
1190 632 1364 671 naturam,
1403 622 1526 660 docuit
1569 621 1750 660 auditores
1788 621 1902 674 prima
1941 621 2112 659 elementa
2135 636 2142 655 :

1187 686 1339 722 Joannes
1353 692 1470 720 autem
1492 692 1525 721 et
1553 684 1684 721 Paulus
1709 683 1752 720 iis
1771 697 1859 733 quos
1875 698 1893 720 a
1916 685 2017 721 Mose
2047 695 2146 719 accc·

1187 753 1324 796 perant,
1341 753 1461 796 postea
1496 744 1705 795 perfectiora
1727 743 1917 781 tradidere.
1939 745 2054 794 Igitur
2068 744 2144 795 jam

1186 804 1398 854 didicimus,
1423 818 1533 854 quare
1559 804 1607 841 ita
1635 817 1671 841 se
1701 804 1987 855 attemperaverit
2007 803 2053 841 ad
2083 818 2144 842 no-

1186 875 1296 904 stram
1312 865 1536 914 tenuitatem,
1555 874 1588 902 et
1608 878 1689 902 eum
1708 864 1847 916 Spiritu
1864 873 1984 902 saneto
2002 865 2145 914 loquen-

1188 936 1271 976 tem,
1286 936 1391 980 prout
1406 925 1632 964 auditoribus
1652 926 1885 976 congruebat,
1905 925 2022 963 omnia
2037 939 2146 977 expo-

1187 989 1299 1027 suisse
1317 1004 1324 1025 :
1345 987 1524 1038 simulque
1555 986 1617 1025 ille
1635 1001 1757 1025 omnes
1777 987 1939 1033 liaereses,
1956 1001 2036 1037 quae
2057 986 2147 1024 sieut

1188 1050 1318 1088 zizania
1348 1049 1580 1102 pullulaturae
1603 1057 1701 1086 erant
1732 1048 1767 1086 in
1798 1047 1970 1094 Ecclesia,
1990 1048 2148 1086 eradicat

1188 1126 1251 1165 per
1270 1111 1338 1149 hoc
1357 1110 1453 1162 quod
1486 1110 1599 1148 dicit:
1623 1113 1672 1147 In
1702 1112 1894 1162 principio
1908 1111 2014 1163 fecit
2039 1112 2147 1149 Deus

1189 1173 1325 1212 caelum
1345 1182 1381 1212 et
1415 1181 1571 1211 terram.
1612 1171 1714 1210 Unde
1737 1171 1764 1209 si
1786 1172 2009 1209 Manichaeus
2032 1172 2079 1210 ad
2114 1181 2147 1209 te

1189 1234 1397 1284 accesserit,
1436 1234 1558 1272 dicens
1597 1233 1782 1271 materiam
1822 1234 2046 1285 praeexistere
2068 1264 2077 1281 ,
2118 1235 2144 1272 si

1190 1296 1367 1345 Marcion,
1400 1296 1429 1334 si
1454 1295 1681 1343 Valentinus,
1702 1295 1730 1332 si
1760 1295 1922 1345 gentiles,
1953 1295 2012 1333 die
2046 1296 2144 1333 illis:

1189 1359 1238 1395 In
1250 1360 1443 1410 principio
1451 1359 1557 1411 fecit
1573 1358 1681 1395 Deus
1695 1357 1831 1394 ecelum
1846 1366 1882 1394 et
1896 1366 2053 1395 terram.
2075 1357 2147 1396 Sed

1189 1419 1290 1471 quid,
1309 1420 1336 1458 si
1359 1433 1428 1457 non
1448 1418 1563 1457 credit
1591 1418 1652 1456 ille
1670 1419 1866 1471 Scripturae
1879 1419 1897 1456 ἱ)
1921 1420 1978 1456 Tu
1999 1419 2147 1472 posthac

1189 1480 1308 1532 ipsum
1327 1480 1513 1529 averseris,
1529 1480 1629 1519 velut
1648 1479 1887 1518 furibundum
1903 1489 1936 1518 et
1957 1490 2073 1519 mente
2089 1496 2148 1519 ca-

1190 1550 1307 1593 ptum.
1332 1542 1425 1580 Nam
1444 1541 1506 1592 qui
1527 1541 1688 1580 omnium
1720 1541 1853 1594 Opifici
1880 1555 1950 1579 non
1970 1542 2098 1587 credit,
2116 1553 2150 1581 et

1190 1603 1378 1641 veritatem
1393 1602 1569 1641 mendacii
1584 1603 1719 1654 arguit,
1735 1617 1987 1654 quamnquam
2000 1603 2150 1655 dignan-

1190 1662 1258 1701 dus
1289 1672 1340 1701 cst
1358 1663 1492 1701 venia?
1511 1663 1627 1701 Habet
1646 1663 1706 1700 ille
1728 1663 1886 1703 sucatum
1914 1664 2068 1701 colorem
2086 1695 2095 1713 ,
2118 1674 2151 1703 et

1190 1734 1458 1763 mansuetorum
1496 1738 1663 1777 personas
1704 1724 1823 1762 induit
1842 1755 1851 1771 ,
1889 1725 2045 1777 tegitque
2083 1727 2151 1764 sub

1192 1786 1302 1824 ovilla
1322 1786 1415 1839 pelle
1444 1787 1585 1838 lupum.
1609 1785 1681 1824 Sed
1710 1794 1748 1823 tu
1781 1800 1824 1823 ne
1845 1785 2052 1838 decipiaris,
2079 1787 2151 1825 imo

1194 1849 1260 1886 hac
1292 1848 1368 1900 ipsa
1394 1847 1441 1886 de
1467 1862 1572 1886 causa
1607 1847 1712 1885 illum
1741 1847 1854 1898 magis
1874 1862 2021 1886 exosum
2041 1849 2149 1894 habe,

1193 1909 1290 1960 quod
1305 1908 1616 1947 mansuetudinem
1632 1908 1779 1959 quidem
1793 1922 1875 1960 erga
1889 1918 1921 1946 te
1939 1923 2151 1948 conservum

1194 1970 1352 2020 simulet,
1379 1979 1500 2008 contra
1522 1969 1719 2008 Dominum
1748 1979 1866 2008 autem
1900 1971 2151 2010 universorum

1196 2033 1313 2069 Deum
1331 2031 1467 2069 bellum
1487 2039 1598 2082 gerat,
1622 2039 1655 2068 et
1681 2044 1794 2082 neque
1825 2031 1981 2083 seipsum
2002 2033 2152 2071 salutem

1197 2107 1297 2131 suam
1316 2092 1466 2145 prodere
1484 2091 1757 2130 animadvertat.
1784 2093 1964 2131 Caeterum
1990 2108 2052 2131 nos
2088 2095 2150 2132 fir-

1196 2168 1293 2191 mam
1306 2163 1486 2192 teneamus
1501 2162 1657 2206 petram,
1676 2153 1768 2191 etad
1785 2154 2007 2207 principium
2023 2155 2152 2194 iterum

1196 2216 1442 2268 regrediamur
1465 2232 1471 2253 :
1495 2219 1544 2253 In
1558 2219 1752 2268 principio
1767 2218 1870 2270 fecit
1883 2218 1990 2255 Deus
2014 2219 2153 2256 ccelum

1197 2288 1234 2317 et
1256 2288 1413 2317 terram.
1434 2278 1586 2316 Attende
1600 2292 1706 2324 nunc,
1725 2278 1902 2330 quomodo
1916 2293 1961 2317 ex
1980 2280 2058 2332 ipso
2077 2281 2152 2333 opi-

1197 2340 1271 2378 ficii
1303 2339 1410 2378 modo
1441 2339 1576 2378 divinae
1605 2348 1739 2377 naturae
1768 2339 1925 2391 dignitas
1954 2341 2151 2387 enitescat3

1197 2400 1377 2452 quomodo
1396 2402 1493 2439 Deus
1507 2409 1637 2454 praeter
1657 2400 1856 2438 humanum
1875 2415 2025 2452 morem,
2049 2416 2153 2441 suum

1196 2463 1383 2516 perficiens
1414 2462 1623 2510 aedificium,
1655 2461 1755 2514 prius
1788 2463 1914 2501 crolum
1949 2464 2154 2513 extendat,

1198 2534 1318 2577 postea
1330 2534 1363 2563 et
1371 2533 1498 2562 terram
1508 2523 1707 2562 substernat
1718 2535 1840 2576 sprius
1849 2539 1891 2562 eu
1896 2534 1988 2565 lmen
1994 2556 2005 2575 ,
2015 2539 2047 2563 et
2061 2535 2154 2578 post-

1198 2600 1237 2624 ea
1270 2585 1553 2624 fundamentum.
1573 2585 1664 2632 Quis
1691 2585 1761 2624 tale
1794 2586 1882 2636 quid
1913 2586 2039 2625 vidit?
2075 2587 2155 2638 quis

1199 2647 1367 2687 audivit?
1390 2649 1430 2686 In
1455 2646 1643 2684 hominum
1676 2661 1759 2684 sane
1779 2648 1946 2699 operibus
1972 2648 2065 2686 nibil
2088 2649 2156 2687 tale.

1200 2723 1372 2761 umquam
1407 2708 1514 2746 suerit
1543 2723 1551 2744 :
1589 2707 1649 2745 sed
1674 2707 1822 2759 jubente
1850 2709 1940 2759 Deo,
1976 2710 2156 2748 voluntati

1199 2771 1276 2823 ejus
1293 2779 1417 2823 parent
1432 2778 1466 2807 et
1486 2768 1616 2808 cedunt
1643 2768 1774 2806 omnia.
1792 2769 1845 2807 Ne
1860 2769 1970 2821 igitur
1989 2771 2162 2817 humanis*

1200 2831 1400 2869 rationibus
1429 2830 1556 2868 divina
1581 2843 1687 2882 opera
1722 2829 1898 2869 curiosius
1917 2833 2154 2882 excutiamus,

1200 2892 1263 2931 sed
1282 2907 1329 2931 ex
1353 2892 1520 2946 operibus
1553 2890 1776 2939 manuducti,
1793 2891 2015 2932 admiremur
2036 2896 2155 2933 artifi—

1200 2968 1290 2993 cem.
1309 2955 1414 2992 Nam
1431 2953 1647 2991 invisibilia
1663 2954 1758 3005 ejus,
1779 2952 1911 3005 inquit,
1934 2970 1982 2994 ex
1997 2960 2157 2995 creatio-

1202 3031 1249 3054 ne
1264 3017 1414 3063 mundi,
1434 3017 1525 3053 dum
1537 3029 1607 3066 per
1625 3028 1742 3066 opera
1765 3017 2053 3070 intelliguntur,
2070 3034 2158 3072 per-

1205 3079 1397 3116 videntur.

1151 2783 1176 2813 D

1195 3197 1208 3217 ²¹
1231 3196 1287 3230 Sic
1300 3194 1401 3229 Savil.
1422 3201 1528 3236 recte,
1545 3195 1576 3226 in
1594 3194 1708 3229 Morel.
1728 3198 1872 3234 δεππὸτην
1888 3201 1967 3231 ὅλον.
1984 3197 2058 3230 Mss.
2078 3208 2160 3240 pene

1151 3259 1266 3282 omnes
1283 3249 1388 3281 nostri
1406 3250 1549 3285 δεσπότην
1562 3246 1677 3288 &umbi
1700 3253 1731 3282 ὄν
1748 3259 1787 3281 ex
1803 3258 1829 3283 Θ
1840 3258 1862 3283 :x-
1876 3254 1940 3284 θεὸν
1956 3247 2080 3281 sactum
2097 3259 2159 3284 cst.

1151 3302 1225 3334 Duo
1244 3307 1355 3333 tamen
1375 3297 1516 3332 Codices
1532 3303 1608 3334 θεὸν.

1173 3371 1177 3374 -
1195 3360 1205 3373 ⁶
1230 3350 1367 3384 Coislin.
1388 3361 1439 3394 fis)
1459 3353 1691 3397 bxo7rspso'mz;.

2175 1178 2308 1205 Manu-tm
2319 1189 2350 1204 ιιι

2162 1221 2240 1247 Mai-‹-

2178 1262 2351 1289 Valvnuwn

2216 1304 2231 1330 d
2239 1316 2278 1329 ‹‹‹‹‹
2284 1305 2353 1331 baut

2196 1353 2281 1372 maio-1
2293 1347 2348 1372 iani

2247 1223 2304 1250 iou.
2323 1227 2350 1247 ΓΙ

2163 1393 2226 1414 ante
2271 1397 2353 1413 erea-

2163 1437 2223 1457 tuin
2265 1439 2352 1455 ninii-

2163 1472 2232 1499 dum
2258 1473 2351 1498 exsti-

2165 1520 2241 1542 [isse.

2171 2968 2256 3000 Rom.
2275 2977 2356 3000 ἵκεο.
