2483 3791
150 291 213 320 Via:
240 292 339 318 diver-

146 341 205 400 ffei
231 333 338 400 Ἷζὲξὲἶ
350 340 413 378 ciae
428 339 475 378 ad
489 341 605 379 Deum
615 341 733 393 januae
747 340 878 393 aperiri
891 349 1051 393 possunt,
1066 339 1179 378 multo
1189 340 1300 391 majo-

149 413 274 442 volentia
288 425 334 444 ac-
350 415 405 440 res
423 416 529 452 quam
549 401 712 440 ciborum
729 401 953 440 abstinentia.
968 401 1083 451 Igitur
1101 400 1163 450 qui
1180 400 1301 437 cibum

149 462 289 491 quiritur.

351 181 411 227 88
767 197 805 227 s.

404 283 441 318 Ξ.
461 279 553 318 Sunt
567 280 676 330 enim,
699 289 786 321 suut,
795 280 951 333 profecto
967 279 1035 319 vice
1054 279 1185 330 quibus
1204 278 1301 317 fidu-

349 463 478 515 accipit
493 472 525 500 et
542 463 704 514 jejunare
720 476 790 500 non
805 462 912 510 valet,
927 461 1118 511 largiorem
1132 460 1193 498 det
1207 460 1300 497 elee-

348 538 549 576 mosynam,
578 523 768 561 ferventior
791 522 837 560 sit
864 522 900 559 in
934 521 1111 572 precibus,
1128 521 1299 572 majorem

347 584 474 622 habeat
493 584 711 622 alacritatem
726 583 762 620 in
778 581 966 620 audiendis
984 581 1119 619 divinis
1134 581 1296 632 eloquiis,

346 646 383 683 in
401 645 533 696 quibus
556 644 713 696 eorporis
741 643 930 681 infirmitas
956 642 1048 680 nihil
1068 642 1208 681 obstare
1227 656 1297 695 po-

344 715 412 744 test
427 721 435 742 :
456 705 610 743 inimicis
625 704 884 754 reconcilietur,
901 717 1005 742 omne
1023 703 1148 741 odium
1163 713 1198 742 et
1215 704 1296 743 vin-

343 766 449 805 dictae
461 765 691 819 cupiditatem
703 780 746 804 ex
759 764 878 803 animo
890 764 1058 802 eliminet.
1069 764 1106 803 Si
1119 764 1196 803 haec
1208 765 1297 804 fece-

343 828 405 878 rit,
414 827 924 880 verumjejunavitjejunium,
938 826 1063 878 quoda
1073 827 1176 866 nobis
1185 828 1296 880 potis-

342 888 474 926 simum
493 889 653 942 exposcit
671 888 857 927 Dominus.
876 890 1066 941 Propterea
1089 889 1184 927 enim
1203 890 1296 928 hanc

343 963 362 987 a
379 949 468 987 cibis
481 949 731 988 abstinentiam
749 949 913 987 adhiberi
930 948 1107 1001 praecipit,
1129 959 1169 987 ut
1186 951 1295 989 refre-

341 1019 462 1048 nantes
479 1010 595 1048 carnis
610 1010 790 1059 lascivias,
808 1024 884 1047 eam
901 1009 1149 1059 obsequentem
1166 1010 1294 1049 redda-

339 1084 418 1109 mus
432 1071 477 1108 ad
490 1070 656 1109 mandata
667 1071 732 1108 Dei
749 1069 943 1121 implenda.
960 1069 1067 1117 Quod
1081 1070 1111 1106 si
1127 1070 1173 1107 ob
1191 1071 1293 1109 insir-

338 1133 498 1170 mitatem
517 1133 674 1184 corporis
691 1131 892 1170 subsidium
907 1130 988 1180 hoc,
1007 1130 1103 1181 quod
1114 1131 1294 1182 jejunium

336 1203 479 1246 praestat
498 1193 614 1243 uobis,
631 1193 799 1230 adhibere
815 1191 997 1238 nolumus,
1017 1200 1050 1229 et
1067 1191 1214 1229 desidiae
1231 1191 1293 1230 de-

335 1254 482 1292 ditiores
502 1268 625 1292 sumus
638 1284 647 1301 ‚
669 1253 828 1291 maxima
843 1252 946 1290 nobis
966 1252 1052 1304 ipsis
1071 1251 1199 1290 damna
1217 1252 1291 1291 im-

335 1315 525 1367 prudentes
540 1315 735 1353 afferimus.
758 1315 851 1352 Nam
869 1315 899 1353 si
914 1315 1108 1369 jejunium,
1131 1314 1292 1352 absenti-

333 1376 431 1414 tibus
453 1375 532 1415 aliis
558 1376 738 1429 praedictis
757 1376 946 1429 operibus,
966 1375 1060 1414 nihil
1079 1375 1182 1414 nohis
1207 1391 1290 1428 pro-

333 1436 426 1488 dest,
448 1439 562 1476 multo
584 1438 710 1491 magis,
729 1438 760 1477 si
780 1452 862 1476 cum
874 1437 1004 1490 jejunii
1024 1437 1218 1490 pharmaco
1237 1439 1289 1476 uti

334 1512 401 1536 non
423 1499 611 1551 possimus,
628 1499 829 1551 graviorem
847 1498 1099 1551 negligentiam
1115 1499 1288 1537 exhibue-

333 1560 457 1598 rimus.
477 1560 563 1600 Haec
579 1569 698 1599 autem
719 1575 800 1599 eum
821 1575 841 1598 a
862 1561 965 1599 nobis
981 1559 1192 1609 didiceritis,
1208 1574 1287 1599 ora-

333 1636 413 1659 mus
433 1637 513 1672 vos,
538 1622 601 1673 qui
614 1622 777 1674 jejunare
797 1622 936 1670 valetis,
955 1630 996 1659 ut
1014 1621 1082 1673 ipsi
1111 1629 1284 1672 quantum

333 1682 506 1735 poteritis,
517 1682 649 1721 bonam
663 1691 696 1720 et
707 1681 928 1720 laudabilem
944 1682 1037 1719 hanc
1053 1690 1209 1719 vestram
1224 1696 1287 1720 au—

243 1771 245 1774 .
296 1781 302 1787 ,
334 1744 444 1795 geatis
451 1744 684 1795 diligentiam.
699 1745 853 1794 Quanto
862 1743 955 1791 enim
967 1751 1148 1781 externus
1159 1753 1288 1782 noster

335 1806 448 1842 homo
463 1809 732 1858 corrumpitur,
747 1814 857 1843 tanto
871 1808 1045 1843 internus
1063 1813 1284 1842 renovatur.

333 1866 515 1918 Jejunium
537 1867 632 1904 enim
655 1880 783 1918 corpus
801 1866 1008 1918 comprimit
1023 1895 1033 1913 ‚
1059 1874 1093 1902 et
1120 1865 1287 1904 lascivias

332 1927 552 1966 inordinatas
576 1928 746 1975 refrenat,
767 1927 924 1965 animam
951 1935 1071 1964 autem
1100 1926 1285 1965 clariorem

331 1989 455 2038 efficit,
473 1989 540 2026 alis
558 1988 704 2027 instruit
721 1997 756 2026 et
774 1988 964 2026 sublimem
983 1987 1170 2039 levemque
1184 1988 1282 2026 facit.

332 2050 472 2087 Fratres
500 2063 640 2101 quoque
669 2059 834 2099 vestros,
860 2058 1033 2100 quotquot
1055 2048 1101 2086 ob
1128 2048 1286 2101 corporis

331 2110 572 2148 valetudinem
587 2111 750 2163 jejunare
765 2119 954 2161 nequeunt,
973 2109 1223 2158 exhortemini,
1243 2123 1286 2147 ne

331 2170 555 2222 spiritualem
571 2170 664 2208 hanc
679 2184 838 2208 mensam
856 2169 1071 2220 relinquant,
1091 2179 1125 2207 et
1143 2169 1188 2207 ad
1204 2170 1286 2208 illos

331 2232 456 2269 referte
470 2246 548 2282 quae
575 2245 595 2269 a
614 2231 716 2269 nobis
745 2230 956 2277 didiceritis,
979 2231 1175 2269 indicantes
1203 2245 1286 2269 eum

332 2292 394 2343 qui
409 2292 588 2330 moderate
606 2291 760 2330 comedit
775 2300 807 2330 et
818 2291 910 2330 bibit
926 2306 995 2330 non
1012 2291 1202 2343 indignum
1217 2292 1286 2331 hoc

333 2353 510 2391 auditorio
529 2368 616 2404 esse,
638 2353 700 2392 sed
727 2367 810 2392 eum
830 2353 892 2405 qui
913 2352 1012 2391 deses
1031 2362 1065 2391 et
1090 2353 1285 2393 dissolutus

132 2419 223 2449 Rom.
239 2421 318 2458 146.
334 2414 390 2452 sit.
421 2415 469 2452 Et
488 2415 597 2453 dicite
623 2415 673 2453 eis
700 2415 936 2467 apostolicum
953 2414 1021 2453 hoc
1041 2413 1178 2454 dictum
1193 2431 1204 2452 .·
1230 2418 1285 2454 Et

334 2479 402 2527 (sui
431 2478 657 2524 manducat,
681 2478 852 2514 Domino
882 2476 1094 2514 manducat
1116 2492 1127 2512 .-
1153 2485 1190 2514 et
1217 2480 1286 2530 qui

333 2552 411 2574 non
439 2539 669 2585 manducat,
695 2539 864 2575 Domino
895 2551 974 2574 non
1001 2538 1226 2584 manducat,
1245 2547 1283 2577 et

328 2601 476 2649 gratias
491 2601 571 2651 agit
585 2600 683 2636 Deo.
701 2598 818 2651 Igitur
831 2598 892 2649 qui
903 2598 1052 2650 jejunat,
1064 2599 1196 2650 gratias
1210 2599 1284 2651 agit

329 2660 498 2710 Domino,
519 2659 580 2711 qui
598 2659 692 2698 vires
713 2660 745 2697 ei
763 2659 890 2698 tribuit
907 2659 952 2697 ad
970 2659 1133 2698 ferendos
1155 2661 1283 2713 jejunii

328 2720 492 2758 labores:
516 2731 547 2758 et
568 2721 630 2771 qui
649 2720 862 2771 inanducat,
886 2721 1015 2759 iterum
1046 2721 1178 2773 gratias
1208 2722 1283 2774 agit

328 2783 416 2829 Deo,
431 2782 512 2832 quia
530 2782 567 2819 id
586 2782 677 2820 nihil
697 2783 814 2834 ipsum
831 2782 958 2820 laedere
976 2791 1104 2835 potest,
1121 2797 1192 2833 quo
1210 2783 1282 2820 mi·

327 2857 393 2880 nus
412 2843 538 2880 animm
557 2844 706 2882 salutem
727 2853 819 2895 agat,
845 2843 952 2882 modo
970 2843 1068 2882 velit.
1090 2844 1162 2881 Tot
1186 2844 1282 2882 enim

324 2905 426 2942 nohis
454 2905 531 2941 vias
564 2905 706 2956 paravit
735 2905 910 2955 benignus
929 2906 1049 2954 Deus,
1069 2913 1157 2956 quot
1178 2919 1280 2943 enar-

322 2980 400 3003 rare
430 2980 496 3002 non
530 2980 729 3017 possumus,
752 2981 814 3018 per
844 2980 948 3017 quas,
975 2966 1005 3004 si
1033 2966 1276 3017 voluerimus,

843 197 1026 228 JOANNIS
1061 195 1313 227 CHRYSOST.
1351 197 1558 228 ARcfflEP.
1596 197 1953 230 CONSTANTINOP.

1425 280 1505 318 Εἰσὶ
1526 280 1613 332 γὰρ,
1640 280 1726 318 εἰσὶν
1747 282 1841 319 θὸδοὶ
1861 284 1982 334 πολλῷ
2004 281 2137 333 μείζους
2164 283 2227 328 τῆς
2259 284 2399 334 ἀποχῆς

1371 343 1440 378 τῶν
1459 340 1669 391 βρωμάτων,
1688 345 1724 380 αἳ
1744 343 1930 394 δυνάμεναι
1945 343 2006 386 τὰς
2021 343 2126 395 θύρας
2143 346 2228 394 ἡμῖν
2247 342 2397 394 ἀνοίγειν

1370 403 1432 446 τῆς
1459 400 1655 454 παρρησίας
1679 404 1741 447 τῆς
1768 403 1855 456 πρὸς
1878 404 1936 442 τὸν
1955 403 2058 443 Θεόν.
2077 403 2122 442 ‘O
2141 405 2270 455 τροφῆς
2285 403 2398 441 τοίνυν

1372 461 1671 512 μεταλαμῧάνων,
1699 462 1759 501 καὶ
1789 465 1963 510 νηστεύειν
1987 465 2036 516 μὴ
2064 465 2270 515 δυνάμενος,
2290 465 2397 516 δαψι-

1369 522 1536 576 λεστέραν
1556 521 1620 570 τὴν
1647 523 1882 574 ἐλεημοσύνην
1899 525 2168 573 ἐπιδεικνύσθω,
2199 524 2304 577 εὐχὰς
2337 526 2396 563 ἐκ·

1368 589 1494 632 τενεῖς,
1514 583 1576 631 τὴν
1596 584 1793 636 προθυμίαν
1814 586 2065 637 ἐπιτεταμένην
2081 587 2192 638 ἐχέτω
2213 585 2320 638 1)περ“ι
2332 584 2398 632 τὴν

1369 644 1535 698 ἀκρόασιν
1568 647 1637 683 τῶν
1670 644 1768 683 θείων
1801 646 1926 697 λογίων
1939 662 1948 670 ·
1984 648 2131 685 ἐνταῦθα
2158 646 2255 686 οὐδὲν
2281 650 2302 693 ἡ
2336 651 2399 685 τοῦ

1368 704 1530 756 σώματος
1548 706 1706 744 ἀσθένεια
1719 706 1884 757 ἐμπόδιον
1903 710 1988 758 ἡμῖν
2003 707 2136 759 γίνεται
2147 723 2155 731 ·
2176 714 2246 750 τοῖς
2261 710 2397 760 ἐχθροῖς

1366 767 1680 818 καταλλαττέσθω,
1702 774 1818 808 πᾶσαν
1856 770 2088 820 μνησικακίαν
2123 768 2303 823 ἐξοριζέτω
2333 771 2396 816 τῆς

1367 831 1489 867 ἑαυτοῦ
1523 830 1649 881 ψυχῆς.
1677 827 1737 868 Ἂν
1759 834 1868 869 ταῦτα
1896 835 2084 885 κατορθοῦν
2106 830 2294 882 βούληται,
2329 830 2395 879 τὴν

1367 892 1480 937 ἀληθῆ
1498 890 1658 936 νηστείαν
1686 890 1903 937 ἐπεδείξατο,
1929 892 1989 930 καὶ
2007 893 2048 940 ἣν
2070 895 2224 944 μάλιστα
2251 893 2394 932 πάντων

1367 951 1507 988 ἀπαιτεῖ
1525 953 1608 1003 παρ’
1629 953 1761 1001 ἡμῶνὸ
1781 951 1972 999 Δεσπότης.
1985 953 2090 991 Ἐπεὶ
2104 954 2166 992 καὶ
2180 951 2310 1000 ταύτην
2329 952 2395 999 τὴν

1366 1010 1504 1063 ἀποχὴν
1530 1014 1599 1050 τῶν
1623 1012 1820 1064 βρωμάτων
1841 1013 1898 1052 διὰ
1923 1018 2024 1052 τοῦτο
2056 1015 2190 1053 κελεύει
2216 1014 2394 1067 γίνεσθαι,

1365 1069 1421 1107 ἵνα
1439 1073 1663 1123 χαλινοῦντες
1688 1072 1735 1110 τὰ
1755 1074 1978 1126 σκιρτήματα
2008 1079 2070 1122 τῆς
2094 1076 2241 1128 σαρκὸς,
2258 1074 2394 1121 εὐήνιον

1366 1131 1472 1179 αὐτὴν
1486 1132 1712 1184 ἐργαζώμεθα
1731 1134 1816 1185 πρὸς
1831 1135 1896 1181 τὴν
1913 1139 1981 1173 τῶν
2000 1138 2146 1175 ἐντολῶν
2159 1137 2396 1189 ἐκπλήρωσιν.

1364 1194 1409 1231 Εἰ
1442 1193 1478 1231 δὲ
1500 1194 1686 1245 μέλλοιμεν
1703 1195 1791 1246 μηδὲ
1811 1195 1873 1243 τὴν
1891 1197 1960 1235 ἀπὸ
1975 1201 2042 1244 τῆς,
2058 1198 2216 1244 νηστείας
2233 1198 2396 1249 βοήθειαν

1365 1257 1500 1299 ἑαυτοῖς
1521 1256 1708 1308 προσάγειν
1728 1255 1784 1295 διὰ
1815 1256 1879 1303 τὴν
1910 1261 1970 1296 τοῦ
1999 1257 2160 1309 σώματος
2196 1258 2389 1307 ἀσθένειαν,

1364 1315 1422 1353 καὶ
1441 1316 1585 1355 πλείονα
1612 1316 1675 1364 τὴν
1697 1317 1868 1369 ῥαθυμίαν
1884 1317 2159 1367 ἐπιδείκνυσθαι,
2179 1319 2396 1371 λανθάνομεν

1363 1376 1506 1421 ἑαυτοὺς
1539 1377 1584 1416 τὰ
1610 1377 1759 1429 μέγιστα
1786 1378 2022 1430 ζημιούμενοι.
2054 1381 2099 1418 Εἰ
2128 1380 2195 1432 γὰρ
2221 1381 2281 1418 καὶ
2303 1380 2393 1431 μετὰ

1362 1438 1524 1485 νηστείας
1548 1442 1570 1485 ἦ
1599 1443 1667 1478 τῶν
1697 1439 1958 1491 προειρημένων
1978 1441 2261 1492 κατορθωμάτων
2282 1440 2392 1480 ἔλλει-

1361 1502 1418 1552 ψις
1445 1501 1542 1539 οὐδὲν
1564 1505 1658 1551 ἡμᾶς
1686 1500 1838 1548 ὀνίνησι,
1869 1503 1989 1552 πολλῷ
2011 1503 2142 1551 μᾶλλον
2172 1504 2202 1540 εἷ
2231 1501 2320 1552 μηδὲ
2340 1505 2392 1555 τῷ

1360 1561 1536 1613 φαρμάκῳ
1549 1565 1611 1608 τῆς
1629 1561 1789 1608 νηστείας
1807 1561 2008 1614 χρήσασθαι
2028 1562 2233 1612 δυνάμενοι,
2246 1563 2392 1601 πλείονα

1360 1621 1424 1669 τὴν
1458 1622 1629 1675 ῥαθυμίαν
1664 1627 1679 1644 ⁰
1692 1622 1945 1673 ἐπιδειξόμεθα.
1983 1624 2107 1660 Ταῦτα
2144 1623 2186 1670 δὴ
2225 1624 2392 1674 μαθόντες

1359 1686 1442 1735 παρ’
1476 1687 1577 1734 ἡμῶν
1593 1714 1602 1731 ,
1634 1685 1830 1736 παρακαλῶ
1844 1713 1853 1730 ,
1897 1686 1928 1721 οἷ
1967 1683 2144 1729 νηστεύειν
2182 1683 2391 1735 δυνάμενοι,

1359 1745 1458 1783 αὐτοί
1472 1761 1510 1783 τε
1527 1745 1606 1783 καθ’
1625 1746 1703 1783 ὅσον
1724 1739 1792 1782 οἶόν
1807 1761 1845 1782 τε
1865 1743 2051 1783 ἐπιτείνετε
2079 1746 2177 1795 ὑμῶν
2195 1744 2258 1792 τὴν
2276 1745 2391 1792 καλὴν

1358 1805 1486 1853 ταύτην
1509 1806 1569 1844 καὶ
1601 1806 1786 1852 ἐπαινετὴν
1818 1805 2031 1858 προθυμίαν.
2049 1805 2152 1858 εὈσῳ
2176 1806 2244 1858 γὰρ
2275 1809 2293 1843 ὁ
2323 1805 2390 1850 ἔξω

1357 1868 1458 1916 ἡμῶν
1480 1867 1658 1920 ἅνθρωπος
1679 1866 1930 1919 διαφθείρεται,
1950 1871 2111 1905 τοσοῦτον
2125 1870 2142 1904 ὃ
2159 1867 2228 1904 ἔσω
2242 1869 2388 1904 ἀνακαι-

1357 1931 1486 1965 νοῦται.
1503 1926 1549 1966 ‘fl
1567 1927 1636 1981 γὰρ
1655 1927 1799 1974 νηστεία
1817 1928 1857 1966 τὸ
1877 1927 1938 1978 μὲν
1957 1930 2061 1978 σῶμα
2092 1926 2308 1975 κατατείνει,
2327 1927 2390 1965 καὶ

1356 1989 1494 2039 χαλινοῖ
1511 1988 1556 2026 τὰ
1576 1989 1710 2027 ἄτακτα
1741 1989 1987 2042 σκιρτήματα,
2006 1988 2070 2035 τὴν
2093 1987 2128 2027 δὲ
2152 1987 2268 2040 ψυχὴν
2288 1989 2389 2025 διαυ-

1355 2049 1522 2101 γεστέραν
1551 2050 1753 2102 ἐργάζεται,
1775 2049 1835 2088 καὶ
1863 2056 2006 2101 πτεροῖ,
2029 2049 2088 2088 καὶ
2123 2048 2308 2101 μετάρσιον
2328 2047 2389 2087 καὶ

1356 2109 1486 2161 κούφην
1507 2117 1611 2149 ποιεῖ.
1631 2111 1702 2149 Καὶ
1722 2109 1800 2153 τοὺς
1820 2109 1986 2162 ἀδελφοὺς
2013 2110 2047 2148 δὲ
2068 2109 2146 2152 τοὺς
2179 2109 2387 2162 ὑμετέρους,

1356 2168 1430 2208 ὅσοι
1450 2171 1506 2207 διὰ
1528 2170 1732 2220 σωματικὴν
1749 2169 1927 2208 ἀσθένειαν
1947 2169 2122 2216 νηστεύειν
2143 2171 2181 2207 οὗ
2203 2169 2387 2216 δύνανται,

1356 2231 1592 2283 προτρέπεσθε
1624 2231 1672 2281 μὴ
1712 2231 2018 2281 ἀπολιμπάνεσθαι
2052 2233 2115 2276 τῆς
2147 2233 2389 2281 πνευματικῆς

1356 2292 1484 2338 ταύτης
1516 2295 1665 2344 τροφῆς,
1699 2292 1917 2335 διδάσκοντες
1956 2289 2101 2338 αὐτοὺς,
2133 2290 2193 2328 καὶ
2223 2290 2268 2329 τὰ
2301 2294 2385 2343 παρ’

1356 2356 1457 2404 ἡμῶν
1475 2356 1590 2396 αὐτοῖς
1610 2352 1938 2404 διαπορθμεύοντες,
1956 2352 2015 2390 καὶ
2034 2351 2267 2398 ιιδεικνύντες,
2289 2351 2343 2390 ὅτι
2369 2356 2388 2392 ὁ

1356 2415 1474 2467 φαγὼν
1494 2415 1552 2453 καὶ
1566 2415 1654 2453 πιὼν
1670 2414 1818 2467 μετρίως
1839 2416 1899 2452 οὐκ
1919 2413 2055 2457 ἀνάξιός
2083 2416 2156 2452 ἐστι
2178 2413 2308 2459 ταύτης
2323 2416 2387 2458 τῆς

1356 2477 1573 2529 ἀκροάσεως,
1604 2475 1682 2514 ἀλλ’
1702 2479 1719 2514 ὃ
1749 2475 1899 2527 ῥᾴθυμος
1930 2474 1988 2512 καὶ
2022 2474 2280 2526 διακεχυμένος.
2314 2475 2389 2512 Καὶ

1354 2536 1472 2589 λέγετε
1496 2537 1582 2589 πρὸς
1604 2536 1724 2580 αὐτοὺς
1749 2536 1810 2574 καὶ
1838 2536 1878 2574 τὸ
1914 2535 2144 2574 ἀποστολικὸν
2163 2535 2298 2587 λόγιον,
2332 2535 2388 2574 ὅτι

1353 2598 1424 2637 Καὶ
1452 2601 1469 2636 ὁ
1489 2598 1610 2637 ἐσθίων
1631 2598 1748 2650 Κυρίῳ
1767 2597 1891 2644 ἐσθίει,
1918 2597 1978 2635 καὶ
2005 2601 2023 2635 ὃ
2053 2597 2100 2648 μὴ
2121 2596 2242 2636 ἐσθίων
2264 2596 2386 2649 Κυρίῳ

1353 2661 1416 2696 οὐκ
1431 2658 1554 2705 ἐσθίει,
1582 2659 1642 2696 καὶ
1668 2661 1870 2711 εὐχαριστεῖ
1888 2660 1938 2710 τῷ
1957 2660 2054 2710 Θεῷ.
2074 2658 2145 2696 Καὶ
2170 2660 2188 2695 ὁ
2208 2657 2383 2705 νηστεύων

1352 2720 1463 2758 τοίνυν
1481 2722 1676 2773 εὐχαριστεῖ
1699 2723 1746 2772 τῷ
1764 2722 1867 2772 Θεῷ,
1885 2719 1938 2758 ὅτι
1958 2719 2102 2769 δύναμιν
2122 2719 2203 2770 {trs-5
2229 2718 2383 2769 δυναμέ-

1352 2797 1413 2827 νην
1446 2785 1620 2834 ἀντισγῦεῐν
1652 2781 1738 2833 πρὸς
1758 2780 1815 2819 τὸν
1840 2779 1942 2818 πόνον
1964 2782 2027 2825 τῆς
2059 2779 2223 2827 νηστείας
2239 2794 2246 2802 ·
2280 2779 2339 2816 καὶ
2363 2779 2384 2816 ὁ

1353 2842 1473 2880 ἐσθίων
1496 2843 1604 2881 πάλιν
1628 2845 1828 2895 εὐχαριστεῖ
1849 2844 1899 2894 τῷ
1929 2843 2034 2894 Θεῷ,
2059 2840 2112 2878 ὅτι
2148 2841 2244 2878 οὐδὲν
2278 2840 2382 2878 αὐτὸν

1351 2908 1450 2942 τοῦτο
1469 2904 1690 2954 λυμήνασθαι
1711 2903 1854 2940 δύναται
1873 2903 1959 2954 πρὸς
1977 2902 2040 2948 τὴν
2070 2905 2132 2948 τῆς
2158 2903 2273 2954 ψυχῆς
2306 2917 2381 2940 σω-

1350 2964 1491 3017 τηρίαν,
1517 2964 1574 3003 ἐὰν
1594 2964 1688 3016 θέλῃ.
1708 2964 1892 3008 Τοσαύτας
1922 2964 1990 3016 γὰρ
2019 2968 2104 3014 ἡμῖν
2133 2962 2231 3006 ὁδοὺς
2261 2962 2381 3013 ἔτεμεν

322 3041 495 3063 suminam
530 3025 700 3063 fiduciam
727 3028 865 3078 assequi
896 3027 992 3064 licet.
1015 3026 1099 3065 Haec
1130 3035 1276 3079 propter
1298 3034 1322 3064 E
1348 3029 1365 3064 ὁ
1394 3027 1636 3078 φιλάνθρωπος
1663 3025 1771 3073 Θεὸς,
1791 3025 1873 3069 ὅσας
1904 3025 1981 3064 οὖῖὲ
2015 3027 2123 3064 εἰπεῖν
2143 3028 2235 3073 ἐστι,
2267 3024 2313 3062 δι’
2331 3017 2380 3062 ὧν

320 3087 480 3124 absentes
499 3086 635 3124 dixisse
652 3086 697 3123 sit
713 3087 810 3134 satis,
832 3096 870 3124 ut
890 3087 1036 3125 tollatur
1055 3087 1104 3126 eis
1123 3087 1272 3140 pudoris

358 3230 370 3242 ¹·
388 3218 443 3250 Sic
460 3216 560 3250 Savil.
580 3224 613 3248 ct,
625 3217 701 3250 Mss.
717 3216 830 3249 Morel.
850 3229 927 3251 xero
946 3222 1005 3253 ὁδοὶ
1021 3221 1131 3253 πολλαὶ
1145 3225 1275 3262 μείζους.

356 3272 372 3294 ¹¹
389 3269 490 3303 Savil.
511 3274 583 3316 πρὸς
598 3276 652 3308 τὴν
669 3276 820 3313 ἀκρόασιν.

1348 3087 1488 3126 δυνατόν
1511 3090 1602 3126 ἐστιν
1635 3090 1748 3138 ἡμᾶς,
1772 3086 1830 3125 ἐὰν
1864 3086 2089 3138 βουλώμεθα,
2115 3090 2177 3133 τῆς
2210 3084 2379 3124 ἀνωτάτω

1401 3217 1417 3242 d
1437 3218 1517 3260 neg.
1535 3229 1617 3250 unus
1645 3221 1800 3253 δεικνύντες
1828 3221 1940 3255 ταύτης
1969 3226 2020 3256 τῇ·
2042 3222 2210 3262 ἀκρσιῖσεως
2235 3220 2325 3254 airis
2341 3221 2375 3251 τὲ

1355 3275 1514 3314 &peston-2,
1525 3276 1573 3304 καὶ
1591 3273 1683 3312 λέγειν
1697 3276 1770 3316 πρὸς
1785 3273 1887 3308 αὐτοὺς
1900 3274 1948 3303 καί
1964 3277 2008 3304 τό.
2021 3267 2122 3301 Savil.
2137 3270 2166 3300 in
2187 3279 2291 3311 marg.
2307 3273 2375 3302 ὅσον

353 3333 364 3345 ¹·
385 3323 456 3354 Duo
482 3322 557 3355 Mss.
585 3324 807 3363 ἐπεδειξαμεθκ.
843 3321 931 3353 lufru
954 3321 1091 3356 coislin.
1116 3328 1163 3358 καὶ
1188 3329 1321 3358 ἐπαενον-
1358 3333 1408 3362 τῆς
1429 3330 1596 3368 ἀκροάσεως
1620 3328 1654 3356 τὸ
1671 3327 1838 3366 ὠρέλιμον,
1855 3328 1914 3356 καὶ.
1935 3320 2034 3355 Savil.
2057 3321 2088 3354 in
2114 3329 2204 3354 textu
2226 3326 2270 3355 ὅτι
2288 3325 2340 3364 οὐχ
2358 3326 2372 3355 ὸ

307 3390 409 3415 piam.

1357 3392 1466 3421 ,rasni-s,
1485 3383 1548 3408 etc.
1567 3383 1601 3407 ut
1619 3373 1734 3407 Morcl.
