2516 3791
156 286 261 315 [Cor.
281 285 326 315 15.

150 329 204 356 31.

154 370 234 397 [bid.
249 379 335 400 v-xo.

156 1259 185 1279 ι.
202 1249 272 1278 Cor.
289 1250 319 1287 4.

156 2472 227 2500 Gen.
247 2469 277 2500 8.
296 2478 321 2498 Ι.

358 180 447 239 284
805 195 843 225 s.

353 278 554 330 condignae
570 279 769 328 passiones
788 278 901 328 hujus
918 277 1097 326 temporis
1120 274 1175 311 ad
1192 273 1304 323 futu-

354 349 440 373 ram
462 335 629 386 gloriam
655 348 740 386 quoe
758 334 994 372 revelabitur
1014 335 1056 370 in
1076 333 1185 368 nobis
1199 360 1210 376 ,
1241 329 1304 379 qui

353 396 443 434 alias
464 395 574 443 dicit,
599 395 778 444 Quotidie
797 396 951 439 morior,
974 401 1008 429 et
1027 405 1172 438 rursus,
1207 391 1305 428 Plus

355 459 530 495 omnihus
550 455 728 492 laboravi
742 468 753 488 .·
770 451 857 502 quid
878 465 941 489 nos
963 451 1143 500 dicemus,
1167 451 1228 502 qui
1245 464 1306 490 ne-

354 531 422 567 que
440 516 626 566 vulgarem
644 513 802 550 laborem
819 526 883 564 pro
898 512 1032 551 virtute
1050 512 1229 565 suscipere
1241 526 1305 551 vo-

352 578 490 624 lumus,
517 574 577 612 sed
606 573 791 611 remissam
816 573 928 612 vitam
953 583 1149 623 sectamur,
1178 583 1212 611 et
1238 574 1307 612 hoc

354 650 464 673 unum
483 648 671 684 cavemus,
694 648 738 672 ne
768 634 857 685 quid
889 634 988 673 triste
1018 635 1121 673 nobis
1147 634 1305 684 accidat,

352 696 516 747 quamvis
536 696 690 734 sciamus
711 709 782 733 non
811 709 885 733 esse
910 695 1065 748 possible
1090 695 1192 734 aliter
1211 710 1305 734 asse-

352 756 416 807 qui
447 755 674 794 beatudinem
701 755 890 806 caelestem,
922 756 990 794 nisi
1025 771 1088 809 per
1118 765 1306 808 praesentes

353 817 562 856 afflictiones
585 816 632 854 ad
652 831 730 855 eam
749 817 851 869 prius
876 817 1106 855 anhelemus?
1131 817 1306 856 Afflictio-

354 892 414 917 nes
430 879 523 916 enim
540 877 576 915 id
591 877 693 916 nobis
707 877 908 924 conciliant,
927 887 967 915 ut
980 880 1055 916 Deo
1073 878 1165 929 grati
1177 878 1287 916 simus
1294 893 1305 927 ;

352 949 385 978 et
404 939 463 977 hic
478 938 534 978 vel
550 953 677 991 parum
704 938 886 985 laborare,
914 939 990 976 illic
1013 939 1114 976 nobis
1139 953 1306 989 magnam

352 999 523 1038 fiduciam
542 1000 696 1052 praebet‚
718 999 912 1037 dummodo
933 999 1084 1038 velimus
1109 999 1305 1037 secundum

354 1060 543 1099 consilium
564 1060 661 1098 illius
682 1060 841 1112 magistri
868 1060 965 1098 orbis
987 1059 1182 1097 ambulare.
1212 1060 1304 1097 Con-

355 1121 488 1170 sidera,
509 1120 657 1169 dilecte,
674 1122 755 1159 licet
776 1120 888 1158 tristia
914 1120 984 1158 sint
1012 1134 1090 1171 quae
1120 1120 1306 1170 accidunt,

355 1196 428 1221 esse
444 1192 559 1220 tamen
576 1191 795 1235 temporanea
809 1198 816 1218 :
832 1182 926 1219 bona
940 1195 1023 1221 vero
1036 1196 1115 1232 quae
1137 1181 1210 1219 illic
1223 1195 1306 1219 sus-

355 1242 492 1294 cepturi
509 1257 643 1290 suniuS,
663 1242 877 1280 immortalia
898 1257 972 1280 esse
991 1251 1024 1279 et
1042 1251 1185 1279 aeterna.
1214 1243 1307 1292 Quoe

355 1306 458 1342 enim
475 1305 673 1349 videntur,
694 1303 825 1353 inquit,
841 1304 1069 1355 temporalia
1087 1311 1175 1340 sunt
1193 1318 1203 1339 .·
1222 1317 1308 1355 quae

354 1373 484 1402 autem
511 1379 588 1401 non
614 1366 812 1411 videntur,
834 1373 992 1402 (eterna.
1027 1365 1056 1401 F
1059 1378 1197 1401 eramus
1226 1378 1309 1415 ergo

353 1424 491 1462 sortiter
508 1424 584 1462 haee
604 1424 825 1476 temporalia,
841 1439 954 1474 neque
973 1424 1184 1462 desistamus
1198 1439 1218 1461 a
1234 1424 1308 1463 vir-

354 1494 471 1523 tutum
490 1485 633 1535 studiis,
659 1495 698 1523 ut
718 1485 856 1523 aeternis
875 1495 907 1523 et
927 1500 1064 1537 semper
1083 1485 1309 1523 manentibus

355 1545 458 1583 bonis
476 1546 637 1583 fruamur
654 1561 662 1582 :
678 1560 756 1596 quae
772 1545 875 1583 nobis
890 1546 1056 1583 omnibus
1072 1544 1310 1583 concedantur

355 1606 468 1657 gratia
481 1616 513 1644 et
528 1606 768 1643 misericordia
783 1606 926 1643 Domini
940 1606 1051 1644 nostri
1064 1608 1085 1646 J
1088 1621 1146 1644 esu
1159 1605 1306 1656 Christi,

356 1679 437 1702 cum
453 1680 525 1716 quo
545 1666 664 1715 Patri,
683 1666 791 1703 simul
807 1674 840 1702 ct
859 1666 1009 1717 Spiritui
1029 1676 1149 1705 sancto
1171 1666 1215 1704 sit
1233 1667 1311 1718 glo-

356 1725 421 1773 ria,
444 1726 651 1777 imperium,
668 1726 792 1775 honor,
809 1740 903 1767 nunc
922 1735 956 1765 et
971 1740 1123 1779 semper,
1139 1736 1173 1765 et
1190 1728 1225 1765 iu
1242 1741 1310 1765 sae-

357 1786 435 1823 cula
459 1786 686 1824 saeculorum.
711 1789 836 1825 Amen.

881 192 1065 225 JOANNIS

643 2357 851 2395 HOMILIA
883 2355 1020 2395 xxvi.

358 2462 405 2500 Et
424 2460 627 2499 reeordatus
646 2468 696 2498 est
723 2461 818 2497 Deus
839 2460 925 2507 Noe,
943 2467 975 2495 et
993 2457 1152 2495 omnium
1177 2457 1305 2495 bestia-

410 2536 490 2560 rum
509 2530 542 2559 et
561 2521 721 2559 oxnnium
737 2521 1000 2571 jumentorum,
1020 2527 1052 2556 et
1067 2518 1224 2556 omnium
1244 2534 1307 2557 vo-

411 2585 585 2632 latilium,
612 2593 645 2621 et
674 2583 833 2620 omnium
864 2583 1045 2634 reptilium
1079 2597 1309 2633 quoecuinquc

409 2655 508 2683 erant
528 2659 608 2682 cuin
629 2645 691 2681 illo
711 2644 746 2681 in
763 2658 856 2681 area.
880 2645 928 2681 Et
948 2642 1100 2680 adduxit
1122 2644 1217 2680 Deus
1236 2643 1305 2695 spi-

410 2706 520 2743 ritum
537 2720 643 2757 super
661 2714 808 2753 terram,
828 2713 862 2741 et
879 2703 1028 2742 cessavit
1045 2718 1148 2754 aqua.

413 2830 447 2863 1.
473 2829 602 2876 Magna
624 2836 657 2863 et
676 2826 865 2863 ineffabilis
876 2826 941 2863 Dei
959 2825 1172 2876 benignitaS,
1195 2827 1308 2864 excel—

359 2890 503 2938 lensque
533 2889 608 2939 ejus
630 2887 770 2925 bonitas
794 2902 838 2924 ex
864 2889 939 2939 jain
969 2888 1067 2925 lectis
1086 2888 1304 2936 ostenditur,

358 2964 464 3000 quain
492 2963 559 2986 non
586 2949 701 2985 solum
739 2962 820 2999 erga
855 2949 1024 2986 rationale
1056 2949 1123 2986 lioc
1157 2949 1306 2995 animal,

360 3011 537 3047 hominem
551 3009 648 3057 dico,
667 3008 726 3046 sed
742 3018 775 3046 et
794 3024 874 3059 erga
896 3010 1083 3046 brutorum
1100 3010 1306 3048 animalium

357 3080 519 3111 naturam
556 3070 768 3107 declaravit,
814 3073 903 3108 Nan}
940 3085 1021 3107 euin
1058 3071 1217 3107 oninium
1263 3071 1305 3109 sit

1100 189 1339 221 CHRYSOST·

1377 188 1402 218 A
1409 188 1567 219 RCHIEP
1574 207 1584 218 .
1622 189 1706 220 CON
1712 189 1959 222 STANTINOP
1967 211 1976 221 .

1380 271 1420 308 τὸ
1442 270 1586 322 μέγεθος
1605 265 1646 317 ἧς
1665 273 1898 312 ἀπολαύουσιν
1925 276 1958 313 οἱ
1986 273 2048 322 τὴν
2070 272 2196 327 ἀρετὴν
2222 273 2399 326 μεταδιώ-

1380 347 1517 379 κοντες,
1538 334 1585 375 ὣς
1597 339 1695 385 νικᾷν
1715 333 1821 381 αὐτὴν
1841 334 1974 383 πάντα,
1991 334 2125 388 ὅσαπερ
2143 336 2184 374 ἄν
2203 351 2256 379 τις
2274 334 2401 373 ἐπιδεί-

1382 391 1504 437 ξασθαι
1520 393 1646 445 δυνηθῇ
1661 409 1669 417 ·
1683 393 1748 432 κᾶν
1761 394 1828 446 γὰρ
1840 397 1887 439 εἷς
1897 397 2003 443 αὐτὴν
2019 395 2082 443 τὴν
2097 396 2249 450 κορυφὴν
2263 397 2378 448 φθάσῃ
2391 426 2400 443 ,

1382 452 1441 491 καὶ
1460 452 1551 491 οὕτω
1575 453 1746 492 λείπεται.
1773 456 1807 492 T
1811 454 1821 491 ί
1848 455 1917 506 γὰρ
1941 460 2101 494 τοσοῦτον
2121 458 2300 508 ἄνθρωπος
2319 459 2400 496 ἐπι-

1382 513 1558 558 δείξασθαι
1580 512 1744 559 δύναται,
1773 516 1820 558 ὡς
1839 514 1987 558 ἐπαξίως
2006 518 2156 563 ἀθλῆσαι
2175 520 2237 563 τῆς
2255 522 2315 555 τοῦ
2329 517 2400 554 Δε-

1381 574 1509 613 σπότου
1540 574 1759 626 φιλοτιμίας,
1789 576 1834 612 Εἰ
1869 573 1904 613 δὲ
1935 576 2077 619 Παῦλος
2104 580 2122 614 ὁ
2152 581 2312 620 τοσοῦτος
2342 576 2401 614 καὶ

1381 637 1582 682 τηλικοῦτος
1601 635 1732 686 ἔλεγεν,
1759 637 1836 673 Οὐκ
1859 633 1939 679 ἄξια
1965 635 2011 674 τὰ
2029 636 2223 687 παθήματα
2256 640 2316 674 τοῦ
2344 641 2402 675 νῦν

1380 700 1503 749 καιροῦ
1524 697 1610 749 πρὸς
1637 695 1702 742 τὴν
1734 695 1928 747 μέλλουσαν
1959 696 2059 741 δόξαν
2096 697 2404 736 ἀποκαλύπτεσθαι

1381 760 1428 801 εἷς
1455 762 1570 809 ἡμᾶς,
1597 761 1614 796 ὁ
1639 757 1762 809 λέγων,
1794 756 1884 795 Καθ’
1916 756 2052 811 ἡμέραν
2086 757 2315 807 ἀποθνήσκω,
2343 758 2403 796 καὶ

1379 819 1498 864 πάλιν,
1518 819 1772 872 Περισσότερον
1793 818 1934 856 πάντων
1962 818 2153 857 ἐκοπίασα·
2172 819 2206 856 τί
2230 818 2270 857 ἂν
2295 818 2403 858 εἴποι-

1382 896 1444 931 μεν
1464 883 1584 930 ἡμεῖς,
1612 882 1643 917 οἱ
1674 879 1763 929 μηδὲ
1781 880 1838 917 τὸν
1858 879 2010 931 τυχόντα
2039 879 2196 930 κάματον
2226 879 2312 932 ὑπὲρ
2340 883 2404 927 τῆς

1381 943 1506 992 ἀρετῆς
1527 939 1756 984 ἀναδέξασθαι
1777 939 2000 991 βουλόμενοι,
2026 941 2102 978 ἀλλ’
2126 940 2179 978 ἀεὶ
2199 940 2262 987 τὴν
2285 940 2402 978 ἄνεσιν

1322 1036 1370 1061 21³3
1384 1000 1674 1050 μεταδιώκοντες,
1695 1000 1755 1038 καὶ
1777 1004 1878 1037 τοῦτο
1895 1004 2203 1052 περισκοποῦντες,
2225 1001 2317 1044 ὅπως
2338 1017 2404 1052 μη-

1333 1074 1358 1102 Α
1383 1061 1504 1111 δεμίαν
1540 1067 1663 1113 πεῖραν
1699 1060 1863 1111 λάὲωμεν
1891 1063 1960 1098 τῶν
1989 1062 2169 1113 λυπηρῶν,
2201 1061 2261 1099 καὶ
2292 1065 2404 1100 ταῦτα

1383 1121 1530 1167 εἰδότες,
1552 1120 1604 1159 ὅτι
1626 1121 1691 1172 οὐχ
1709 1116 1777 1159 οἶόν
1796 1136 1834 1158 τε
1859 1121 1984 1172 ἑτέρως
2002 1123 2063 1166 τῆς
2083 1124 2154 1159 ἐκεῖ
2179 1127 2298 1173 τυχεῖν
2322 1121 2404 1160 ἀνέ-
2439 1124 2442 1125 ’

1382 1197 1469 1225 σεως
1483 1211 1493 1228 ,
1527 1181 1575 1232 μὴ
1605 1181 1773 1234 πρότερον
1798 1182 1946 1219 ἐνταῦθα
1968 1182 2026 1220 τὸν
2048 1181 2105 1220 διὰ
2122 1183 2208 1227 ξιτῆς
2228 1182 2404 1228 ἀθλήσεως

1381 1241 1601 1288 ποθήσαντας
1622 1242 1712 1292 βίονς
1741 1243 1787 1279 Αἱ
1806 1241 1874 1293 γὰρ
1893 1242 2024 1294 θλίψεις
2047 1237 2151 1280 αῧται
2170 1241 2327 1293 πρόξενοι
2348 1242 2403 1294 γί-

1383 1318 1497 1341 νονται
1519 1305 1580 1348 τῆς
1605 1302 1691 1354 πρὸς
1711 1301 1768 1339 τὸν
1793 1303 1884 1341 Θεὸν
1905 1302 2181 1355 εὖαρεστήσεως,
2199 1304 2259 1342 καὶ
2285 1303 2325 1342 τὸ
2349 1319 2406 1353 μι-

1382 1364 1464 1414 κρὸν
1491 1365 1639 1401 ἐνταῦθα
1664 1363 1809 1414 κάμνειν
1832 1364 1965 1410 πολλὴν
1992 1367 2077 1414 ἡμῖν
2113 1365 2185 1402 ἐκεῖ
2215 1363 2278 1411 τὴν
2316 1366 2404 1416 παῤ*

1387 1423 1509 1477 ῥησίαν
1539 1424 1741 1477 χαρίζεται,
1774 1424 1876 1474 μόνον
1905 1425 1964 1462 ἐὰν
1995 1424 2201 1476 βουλώμεθα
2225 1424 2316 1462 κατὰ
2340 1424 2403 1473 τὴν

1385 1484 1564 1536 συμὸολὴν
1598 1484 1721 1523 τούτου
1760 1489 1820 1524 τοῦ
1853 1488 1915 1531 τ’ῆς
1958 1485 2163 1536 οἰκουμένης
2197 1486 2405 1524 διδασκάλου

1383 1546 1603 1598 πορεύεσθαι.
1638 1546 1789 1593 Ἔννόει,
1823 1546 2003 1597 ἀγαπητὲ,
2037 1546 2090 1584 ὅτι
2117 1545 2181 1584 κᾶν
2214 1541 2404 1598 λυπηρὰῇ

1383 1608 1426 1645 τὰ
1453 1607 1697 1658 συμπίπτοντα
1712 1636 1722 1652 ,
1745 1607 1835 1646 ἀλλὰ
1858 1608 2056 1659 πρόσκαιρα
2073 1623 2080 1631 ·
2102 1607 2147 1645 τὰ
2177 1607 2294 1659 μέντοι
2333 1611 2405 1646 ἐκεῖ

1383 1668 1607 1719 διαδεξόμενα
1631 1672 1724 1719 ἡμᾶς
1747 1669 1880 1720 ἀγαθὰ,
1903 1669 2060 1707 ἀθάνατα
2093 1669 2152 1707 καὶ
2181 1668 2316 1707 αἰώνια.
2346 1669 2403 1708 Τὰ

1382 1729 1448 1781 γὰρ
1471 1729 1692 1780 βλεπόμενα,
1714 1730 1818 1782 φησὶ,
1839 1730 2037 1783 πρόσκαιρα
2052 1759 2062 1778 ,
2082 1729 2126 1767 τὰ
2146 1731 2181 1768 δὲ
2205 1731 2253 1781 μὴ
2276 1730 2403 1781 βλεπό-

1383 1806 1469 1840 μενα
1483 1819 1492 1836 ,
1508 1789 1642 1828 αἰώνια.
1662 1789 1885 1841 Ἐνέγκωμεν
1904 1790 2015 1829 τοίνυν
2040 1791 2205 1843 γενναίως
2223 1791 2268 1829 τὰ
2288 1791 2401 1843 πρόσ-

1381 1866 1508 1903 καιρα,
1534 1850 1593 1888 καὶ
1627 1850 1675 1901 μὴ
1705 1851 1945 1902 ἀποκάμωμεν
1971 1852 2057 1903 πρὸς
2085 1851 2163 1895 τοὺς
2189 1855 2251 1898 τῆς
2275 1855 2401 1903 ἀρετῆς

1380 1911 1523 1959 πόνους,
1542 1911 1599 1949 ἵνα
1624 1916 1692 1950 τῶν
1721 1912 1867 1950 αἰωνίων
1890 1913 2157 1963 ἀπολαύσωμεν,
2176 1913 2236 1952 καὶ
2258 1913 2312 1951 ἀεὶ
2337 1929 2402 1964 με-

1379 1973 1506 2011 νόντων
1527 1976 1666 2023 ἀγαθῶν
1681 1989 1689 1997 ·
1722 1968 1769 2011 ὧν
1788 1973 1920 2025 γένοιτο
1939 1975 2073 2018 πάντας
2096 1978 2191 2024 ἡμᾶς
2210 1976 2401 2026 ἐπιτυχεῖν,

1379 2034 1498 2085 χάριτι
1534 2034 1592 2071 καὶ
1623 2033 1864 2085 φιλανθρωπία
1896 2037 1955 2072 τοῦ
1987 2034 2115 2086 Κυρίου
2151 2037 2252 2085 ἡμῶν
2287 2036 2402 2082 Ἰησοῦ

1381 2096 1408 2132 Χ
1417 2099 1548 2146 ριστοῧ,
1573 2129 1579 2144 γ

1574 2094 1648 2132 μεθ’
1671 2089 1708 2133 οὗ
1728 2098 1777 2147 τῷ
1798 2095 1915 2147 Πατρὶ
1930 2126 1938 2142 ,
1962 2095 2035 2144 ἅμα
2053 2097 2102 2147 τῷ
2127 2095 2215 2149 ἁγίῳ
2235 2095 2403 2146 Πνεύμα-

1378 2170 1411 2191 τι
1427 2154 1525 2201 δόξα,
1545 2155 1668 2207 κράτος
1685 2185 1694 2202 ,
1710 2155 1796 2206 τιμὴ
1815 2187 1824 2203 ,
1841 2161 1896 2194 νῦν
1913 2156 1972 2194 καὶ
1988 2156 2066 2203 ἀεὶ,
2084 2157 2143 2195 καὶ
2164 2159 2211 2201 εἷς
2225 2156 2303 2200 τοὺς
2319 2159 2402 2195 αἰῶ-

1379 2231 1438 2258 νας
1460 2218 1527 2253 τῶν
1549 2216 1695 2254 αἰώνων.
1720 2216 1840 2267 Ἀμήν.

1755 2357 1933 2394 ΟΜΙᾹΙΑ
1963 2356 2029 2402 κς’.

1381 2461 1449 2499 Καὶ
1469 2461 1624 2511 ἐμνήσθη
1645 2464 1661 2499 ὁ
1685 2462 1774 2504 Θεὸς
1797 2467 1856 2500 τοῦ
1884 2465 1963 2501 ’Νῶε
1978 2492 1988 2510 ,
2009 2462 2067 2500 καὶ
2086 2463 2226 2501 πάντων
2246 2465 2314 2501 τῶν
2335 2467 2401 2511 Θη-

1436 2522 1528 2575 ρίων,
1546 2523 1603 2560 καὶ
1617 2522 1755 2560 πάντων
1771 2526 1839 2561 τῶν
1860 2526 2012 2571 κτηνῶν,
2031 2524 2090 2561 καὶ
2105 2523 2244 2561 πάντων
2258 2528 2326 2563 τῶν
2343 2541 2402 2562 πε-

1433 2587 1565 2630 τεινῶν,
1600 2583 1659 2621 καὶ
1688 2583 1829 2621 πάντων
1859 2586 1928 2621 τῶν
1956 2586 2126 2636 ἑρπετῶν,
2154 2584 2220 2623 ὅσα
2251 2580 2294 2628 ἦν
2326 2587 2402 2635 μετ’

1434 2645 1535 2682 αὐτοῦ
1550 2645 1583 2681 ἐν
1598 2647 1640 2693 τῇ
1660 2645 1812 2696 mem—„qm
1835 2645 1903 2682 Καὶ
1926 2644 2101 2696 ἐπήγαγεν
2119 2647 2137 2682 ὁ
2155 2646 2245 2689 Θεὸς
2264 2650 2401 2696 πνεῦμα

1433 2704 1489 2741 ἐπὶ
1506 2704 1568 2750 τὴν
1590 2707 1666 2756 γῆν,
1688 2705 1746 2742 καὶ
1763 2705 1914 2742 ἐκόπασε
1934 2705 1973 2743 τὸ
1993 2704 2097 2757 ὕδωρ.

1434 2828 1580 2880 Μεγάλη
1609 2828 1668 2866 καὶ
1708 2828 1838 2879 &pa-tog
1874 2830 1908 2866 ἐν
1934 2834 2005 2871 τοῖς
2029 2828 2227 2881 πρόσφατον
2248 2831 2401 2881 ἀναγνω-

1380 2893 1489 2927 σθεῖσι
1519 2889 1695 2926 δείκνυται
1714 2892 1735 2934 ἡ
1756 2893 1816 2926 τοῦ
1847 2892 1938 2928 Θεοῦ
1968 2890 2232 2941 φιλανθρωπία,
2261 2891 2320 2928 καὶ
2340 2893 2402 2937 τῆς

1381 2951 1592 3001 ἁγαθότητος
1613 2951 1714 2987 αὐτοῦ
1743 2953 1764 2995 ἡ
1792 2949 1987 3001 ὑπερὸολὴ,
2007 2951 2048 2996 ἢν
2075 2952 2112 2988 οὐ
2140 2950 2243 3000 μόνον
2263 2952 2343 3003 περὶ
2362 2952 2402 2990 τὸ

1379 3012 1514 3062 λογικὸν
1537 3016 1638 3048 τοῦτο
1659 3013 1745 3054 ζῶον
1763 3011 2011 3058 ἐπιδείκνυται,
2026 3012 2083 3049 τὸν
2101 3012 2279 3063 ἄνθρωπον
2297 3012 2401 3064 λέγω,

1380 3073 1469 3110 ἀλλὰ
1488 3072 1546 3109 καὶ
1565 3072 1643 3122 περὶ
1656 3071 1719 3117 τὴν
1736 3075 1804 3108 τῶν
1824 3071 1958 3122 ἀλόγων
1975 3071 2071 3114 ζώων
2092 3072 2204 3123 φύσιν.
2222 3074 2401 3125 Δημιουρ-

358 3132 547 3179 Conditor,
577 3144 658 3180 erga
695 3131 836 3178 omnia,
869 3145 946 3180 ‹111ae
982 3145 1001 3168 a
1038 3146 1073 3168 se
1109 3141 1191 3169 sunt
1222 3147 1306 3170 eon-
1330 3152 1355 3181 ῃ
1379 3134 1437 3184 γὸς
1463 3133 1531 3185 γὰρ
1558 3136 1625 3170 τῶν
1661 3132 1822 3170 ἁπάντων
1845 3133 2040 3184 τυγχάνων,
2063 3135 2111 3176 εἰς
2131 3133 2245 3171 πάντα
2272 3135 2315 3173 τὰ
2343 3137 2400 3173 ὑπ’

357 3192 449 3241 dita,
467 3207 566 3229 snam
586 3191 738 3228 ostendit
754 3192 946 3229 bonitatem
963 3207 970 3228 x
991 3206 1052 3243 per
1068 3193 1184 3230 omnia
1206 3194 1307 3232 uoltis

358 3262 478 3290 notum
499 3252 649 3300 faciens,
674 3261 841 3302 quantam
869 3253 1013 3290 humani
1032 3253 1168 3305 generis
1184 3268 1305 3292 euram

399 3379 410 3391 ¹¹
437 3367 494 3399 Alii
515 3377 562 3405 τῆς
582 3372 701 3409 witam?-
720 3372 907 3404 ποῃιζςιῐντ-ῖς-

1379 3197 1482 3233 αὐτοῦ
1516 3193 1814 3244 δημιουργηθέντα
1845 3192 1907 3239 τὴν
1938 3193 2068 3231 οἰκείαν
2099 3194 2244 3231 ἐκτείνει
2272 3194 2400 3245 ἀγαθό-

1384 3271 1488 3302 τητα,
1509 3254 1564 3291 διὰ
1585 3255 1722 3292 πάντων
1747 3256 1830 3304 ἡμῖν
1846 3254 2101 3305 ἐνδεικνύμενος
2118 3285 2125 3303 ,
2143 3255 2227 3302 ὅσην
2251 3262 2399 3294 ποιεῖται
