<?xml version="1.0" encoding="UTF-8"?>
<!DOCTYPE html PUBLIC "-//W3C//DTD XHTML 1.0 Transitional//EN"
    "http://www.w3.org/TR/xhtml1/DTD/xhtml1-transitional.dtd">
<html xmlns="http://www.w3.org/1999/xhtml" xml:lang="en" lang="en">
 <head>
  <title>
</title>
<meta http-equiv="Content-Type" content="text/html;charset=utf-8" />
  <meta name='ocr-system' content='tesseract 3.04.00' />
  <meta name='ocr-capabilities' content='ocr_page ocr_carea ocr_par ocr_line ocrx_word'/>
</head>
<body>
  <div class='ocr_page' id='page_1' title='image "./operaomniaquaeex04johnuoft/operaomniaquaeex04johnuoft_0547.png"; bbox 0 0 2516 3791; ppageno 0'>
   <div class='ocr_carea' id='block_1_1' title="bbox 744 233 2181 295">
    <p class='ocr_par' dir='ltr' id='par_1_1' title="bbox 744 233 2181 295">
     <span class='ocr_line' id='line_1_1' title="bbox 744 233 2181 295; baseline 0.006 -32"><span class='ocrx_word' id='word_1_1' title='bbox 744 233 787 263; x_wconf 78' lang='grc' dir='ltr'>ιΝ</span> <span class='ocrx_word' id='word_1_2' title='bbox 826 233 922 264; x_wconf 65' lang='lat' dir='ltr'>cap.</span> <span class='ocrx_word' id='word_1_3' title='bbox 955 235 1033 265; x_wconf 82' lang='lat' dir='ltr'>xx.</span> <span class='ocrx_word' id='word_1_4' title='bbox 1072 234 1232 267; x_wconf 62' lang='lat' dir='ltr'>cumas.</span> <span class='ocrx_word' id='word_1_5' title='bbox 1273 236 1438 267; x_wconf 63' lang='lat' dir='ltr'>uouit„</span> <span class='ocrx_word' id='word_1_6' title='bbox 1477 237 1607 268; x_wconf 45' lang='lat' dir='ltr'>xrvs</span> <span class='ocrx_word' id='word_1_7' title='bbox 2094 233 2181 295; x_wconf 82' lang='lat'>527</span> 
     </span>
    </p>
   </div>
   <div class='ocr_carea' id='block_1_2' title="bbox 137 314 2194 1357">
    <p class='ocr_par' dir='ltr' id='par_1_2' title="bbox 137 314 2194 1357">
     <span class='ocr_line' id='line_1_2' title="bbox 141 314 2185 374; baseline 0.009 -22"><span class='ocrx_word' id='word_1_8' title='bbox 141 314 368 367; x_wconf 83' lang='grc' dir='ltr'>παρατιθέναι</span> <span class='ocrx_word' id='word_1_9' title='bbox 395 315 589 360; x_wconf 87' lang='grc' dir='ltr'>σπουδάζω.</span> <span class='ocrx_word' id='word_1_10' title='bbox 628 317 674 355; x_wconf 84' lang='grc' dir='ltr'><strong>Ἥ</strong></span> <span class='ocrx_word' id='word_1_11' title='bbox 706 315 774 369; x_wconf 77' lang='grc' dir='ltr'>γὰρ</span> <span class='ocrx_word' id='word_1_12' title='bbox 806 318 1039 369; x_wconf 83' lang='grc' dir='ltr'>ἐπιτεταμένη</span> <span class='ocrx_word' id='word_1_13' title='bbox 1067 321 1164 370; x_wconf 80' lang='grc' dir='ltr'>ὑμῶν</span> <span class='ocrx_word' id='word_1_14' title='bbox 1188 323 1212 353; x_wconf 89' lang='lat' dir='ltr'>C</span> <span class='ocrx_word' id='word_1_15' title='bbox 1236 319 1399 359; x_wconf 85' lang='lat' dir='ltr'>ciborum</span> <span class='ocrx_word' id='word_1_16' title='bbox 1440 320 1631 359; x_wconf 82' lang='lat' dir='ltr'>immodica</span> <span class='ocrx_word' id='word_1_17' title='bbox 1661 323 1861 374; x_wconf 84' lang='lat' dir='ltr'>appetentia</span> <span class='ocrx_word' id='word_1_18' title='bbox 1894 338 2021 364; x_wconf 77' lang='lat' dir='ltr'>mensoe</span> <span class='ocrx_word' id='word_1_19' title='bbox 2061 341 2185 369; x_wconf 75' lang='lat' dir='ltr'>nostra:</span> 
     </span>
     <span class='ocr_line' id='line_1_3' title="bbox 141 375 2186 445; baseline 0.009 -33"><span class='ocrx_word' id='word_1_20' title='bbox 141 375 248 428; x_wconf 87' lang='grc' dir='ltr'>ὄρεξις</span> <span class='ocrx_word' id='word_1_21' title='bbox 267 375 486 428; x_wconf 85' lang='grc' dir='ltr'>ἀποκρύπτει</span> <span class='ocrx_word' id='word_1_22' title='bbox 504 379 565 423; x_wconf 90' lang='grc' dir='ltr'>τῆς</span> <span class='ocrx_word' id='word_1_23' title='bbox 579 377 752 428; x_wconf 80' lang='grc' dir='ltr'>τραπέζης</span> <span class='ocrx_word' id='word_1_24' title='bbox 768 378 832 425; x_wconf 81' lang='grc' dir='ltr'>τὴν</span> <span class='ocrx_word' id='word_1_25' title='bbox 848 380 1034 425; x_wconf 86' lang='grc' dir='ltr'>εὐτέλειαν,</span> <span class='ocrx_word' id='word_1_26' title='bbox 1049 380 1107 418; x_wconf 71' lang='grc' dir='ltr'>καὶ</span> <span class='ocrx_word' id='word_1_27' title='bbox 1121 379 1165 418; x_wconf 82' lang='grc' dir='ltr'>τὰ</span> <span class='ocrx_word' id='word_1_28' title='bbox 1235 382 1409 420; x_wconf 89' lang='lat' dir='ltr'>vilitatem</span> <span class='ocrx_word' id='word_1_29' title='bbox 1429 383 1576 434; x_wconf 80' lang='lat' dir='ltr'>obtegit,</span> <span class='ocrx_word' id='word_1_30' title='bbox 1594 398 1775 436; x_wconf 87' lang='lat' dir='ltr'>parvaque</span> <span class='ocrx_word' id='word_1_31' title='bbox 1789 385 1873 423; x_wconf 85' lang='lat' dir='ltr'>facit</span> <span class='ocrx_word' id='word_1_32' title='bbox 1888 396 1924 424; x_wconf 90' lang='lat' dir='ltr'>ut</span> <span class='ocrx_word' id='word_1_33' title='bbox 1937 402 2063 440; x_wconf 85' lang='lat' dir='ltr'>magna</span> <span class='ocrx_word' id='word_1_34' title='bbox 2077 406 2186 445; x_wconf 86' lang='lat' dir='ltr'>appa-</span> 
     </span>
     <span class='ocr_line' id='line_1_4' title="bbox 141 435 2188 496; baseline 0.009 -23"><span class='ocrx_word' id='word_1_35' title='bbox 141 435 251 487; x_wconf 86' lang='grc' dir='ltr'>μικρὰ</span> <span class='ocrx_word' id='word_1_36' title='bbox 273 435 410 488; x_wconf 85' lang='grc' dir='ltr'>μεγάλα</span> <span class='ocrx_word' id='word_1_37' title='bbox 440 443 532 475; x_wconf 84' lang='grc' dir='ltr'>ποιεῖ</span> <span class='ocrx_word' id='word_1_38' title='bbox 561 438 754 490; x_wconf 80' lang='grc' dir='ltr'>φαίνεσθαι.</span> <span class='ocrx_word' id='word_1_39' title='bbox 783 441 898 479; x_wconf 85' lang='grc' dir='ltr'>Τοῦτο</span> <span class='ocrx_word' id='word_1_40' title='bbox 928 441 987 479; x_wconf 74' lang='grc' dir='ltr'>καὶ</span> <span class='ocrx_word' id='word_1_41' title='bbox 1019 440 1164 479; x_wconf 80' lang='grc' dir='ltr'>ἐπὶτῶν</span> <span class='ocrx_word' id='word_1_42' title='bbox 1236 453 1353 482; x_wconf 86' lang='lat' dir='ltr'>reant:</span> <span class='ocrx_word' id='word_1_43' title='bbox 1370 444 1404 482; x_wconf 90' lang='lat' dir='ltr'>id</span> <span class='ocrx_word' id='word_1_44' title='bbox 1424 444 1520 496; x_wconf 86' lang='lat' dir='ltr'>quod</span> <span class='ocrx_word' id='word_1_45' title='bbox 1548 453 1581 483; x_wconf 88' lang='lat' dir='ltr'>et</span> <span class='ocrx_word' id='word_1_46' title='bbox 1608 445 1892 486; x_wconf 82' lang='lat' dir='ltr'>insensibilibus</span> <span class='ocrx_word' id='word_1_47' title='bbox 1912 448 2042 488; x_wconf 85' lang='lat' dir='ltr'>eduliis</span> <span class='ocrx_word' id='word_1_48' title='bbox 2067 453 2188 491; x_wconf 84' lang='lat' dir='ltr'>videre</span> 
     </span>
     <span class='ocr_line' id='line_1_5' title="bbox 141 497 2189 564; baseline 0.008 -28"><span class='ocrx_word' id='word_1_49' title='bbox 141 499 314 544; x_wconf 74' lang='grc' dir='ltr'>αἰσθητῶν</span> <span class='ocrx_word' id='word_1_50' title='bbox 333 497 536 549; x_wconf 79' lang='grc' dir='ltr'>ἐδεσμάτων</span> <span class='ocrx_word' id='word_1_51' title='bbox 555 498 650 538; x_wconf 73' lang='grc' dir='ltr'>ἐστὶν</span> <span class='ocrx_word' id='word_1_52' title='bbox 670 499 916 553; x_wconf 76' lang='grc' dir='ltr'>ἶδεῖν.“Ωο-περ</span> <span class='ocrx_word' id='word_1_53' title='bbox 936 501 1004 554; x_wconf 87' lang='grc' dir='ltr'>γὰρ</span> <span class='ocrx_word' id='word_1_54' title='bbox 1022 504 1040 540; x_wconf 85' lang='grc' dir='ltr'>ὁ</span> <span class='ocrx_word' id='word_1_55' title='bbox 1059 517 1163 539; x_wconf 84' lang='grc' dir='ltr'>κεκο-</span> <span class='ocrx_word' id='word_1_56' title='bbox 1236 503 1328 542; x_wconf 80' lang='lat' dir='ltr'>licet.</span> <span class='ocrx_word' id='word_1_57' title='bbox 1346 505 1439 542; x_wconf 85' lang='lat' dir='ltr'>Nam</span> <span class='ocrx_word' id='word_1_58' title='bbox 1459 508 1550 543; x_wconf 82' lang='lat' dir='ltr'>sicut</span> <span class='ocrx_word' id='word_1_59' title='bbox 1567 520 1647 544; x_wconf 88' lang='lat' dir='ltr'>cum</span> <span class='ocrx_word' id='word_1_60' title='bbox 1664 506 1806 545; x_wconf 89' lang='lat' dir='ltr'>satiatos</span> <span class='ocrx_word' id='word_1_61' title='bbox 1821 508 1902 559; x_wconf 89' lang='lat' dir='ltr'>quis</span> <span class='ocrx_word' id='word_1_62' title='bbox 1919 510 2054 564; x_wconf 80' lang='lat' dir='ltr'>excipit</span> <span class='ocrx_word' id='word_1_63' title='bbox 2070 514 2189 551; x_wconf 73' lang='lat' dir='ltr'>convi-</span> 
     </span>
     <span class='ocr_line' id='line_1_6' title="bbox 141 559 2191 624; baseline 0.007 -27"><span class='ocrx_word' id='word_1_64' title='bbox 141 559 326 613; x_wconf 90' lang='grc' dir='ltr'>ρεσμένους</span> <span class='ocrx_word' id='word_1_65' title='bbox 350 559 470 598; x_wconf 64' lang='grc' dir='ltr'>λαὸὼν</span> <span class='ocrx_word' id='word_1_66' title='bbox 496 560 574 604; x_wconf 78' lang='grc' dir='ltr'>τοὺς</span> <span class='ocrx_word' id='word_1_67' title='bbox 603 561 812 613; x_wconf 81' lang='grc' dir='ltr'>δαιτυμόνας</span> <span class='ocrx_word' id='word_1_68' title='bbox 826 591 835 609; x_wconf 92' lang='grc'>,</span> <span class='ocrx_word' id='word_1_69' title='bbox 854 563 919 600; x_wconf 86' lang='grc' dir='ltr'>κᾶν</span> <span class='ocrx_word' id='word_1_70' title='bbox 947 562 1082 614; x_wconf 87' lang='grc' dir='ltr'>μεγάλα</span> <span class='ocrx_word' id='word_1_71' title='bbox 1105 563 1164 600; x_wconf 85' lang='grc' dir='ltr'>καὶ</span> <span class='ocrx_word' id='word_1_72' title='bbox 1236 578 1310 611; x_wconf 78' lang='lat' dir='ltr'>vas,</span> <span class='ocrx_word' id='word_1_73' title='bbox 1324 564 1405 603; x_wconf 87' lang='lat' dir='ltr'>licet</span> <span class='ocrx_word' id='word_1_74' title='bbox 1420 579 1546 617; x_wconf 88' lang='lat' dir='ltr'>magna</span> <span class='ocrx_word' id='word_1_75' title='bbox 1563 576 1813 619; x_wconf 88' lang='lat' dir='ltr'>sumtuosaquc</span> <span class='ocrx_word' id='word_1_76' title='bbox 1827 580 1982 622; x_wconf 86' lang='lat' dir='ltr'>apponat</span> <span class='ocrx_word' id='word_1_77' title='bbox 1994 572 2191 624; x_wconf 87' lang='lat' dir='ltr'>fercula,il-</span> 
     </span>
     <span class='ocr_line' id='line_1_7' title="bbox 139 621 2191 686; baseline 0.008 -28"><span class='ocrx_word' id='word_1_78' title='bbox 139 622 314 668; x_wconf 78' lang='grc' dir='ltr'>πολυτελῆ</span> <span class='ocrx_word' id='word_1_79' title='bbox 342 625 482 674; x_wconf 85' lang='grc' dir='ltr'>παραθῇ</span> <span class='ocrx_word' id='word_1_80' title='bbox 507 621 552 660; x_wconf 84' lang='grc' dir='ltr'>τὰ</span> <span class='ocrx_word' id='word_1_81' title='bbox 580 622 774 674; x_wconf 81' lang='grc' dir='ltr'>ἐδέσματα,</span> <span class='ocrx_word' id='word_1_82' title='bbox 804 626 822 661; x_wconf 83' lang='grc' dir='ltr'>ὁ</span> <span class='ocrx_word' id='word_1_83' title='bbox 850 625 920 662; x_wconf 83' lang='grc' dir='ltr'>τῶν</span> <span class='ocrx_word' id='word_1_84' title='bbox 942 623 1162 674; x_wconf 80' lang='grc' dir='ltr'>ἑστιωμένων</span> <span class='ocrx_word' id='word_1_85' title='bbox 1236 624 1353 662; x_wconf 87' lang='lat' dir='ltr'>lorum</span> <span class='ocrx_word' id='word_1_86' title='bbox 1366 625 1527 664; x_wconf 79' lang='lat' dir='ltr'>satietate</span> <span class='ocrx_word' id='word_1_87' title='bbox 1539 627 1967 681; x_wconf 85' lang='lat' dir='ltr'>minuiturappositorum</span> <span class='ocrx_word' id='word_1_88' title='bbox 1982 633 2143 686; x_wconf 77' lang='lat' dir='ltr'>lautitia3</span> <span class='ocrx_word' id='word_1_89' title='bbox 2159 645 2191 674; x_wconf 85' lang='lat' dir='ltr'>et</span> 
     </span>
     <span class='ocr_line' id='line_1_8' title="bbox 138 682 2191 744; baseline 0.007 -24"><span class='ocrx_word' id='word_1_90' title='bbox 138 687 152 704; x_wconf 47' lang='grc' dir='ltr'>Ε</span> <span class='ocrx_word' id='word_1_91' title='bbox 166 682 265 735; x_wconf 87' lang='grc' dir='ltr'>κόρος</span> <span class='ocrx_word' id='word_1_92' title='bbox 287 682 521 734; x_wconf 77' lang='grc' dir='ltr'>ὑποτέμνεται</span> <span class='ocrx_word' id='word_1_93' title='bbox 542 686 610 721; x_wconf 80' lang='grc' dir='ltr'>τῶν</span> <span class='ocrx_word' id='word_1_94' title='bbox 634 684 900 736; x_wconf 78' lang='grc' dir='ltr'>παρατεθέντων</span> <span class='ocrx_word' id='word_1_95' title='bbox 926 683 990 730; x_wconf 79' lang='grc' dir='ltr'>τὴν</span> <span class='ocrx_word' id='word_1_96' title='bbox 1013 684 1163 722; x_wconf 87' lang='grc' dir='ltr'>πολυτέ-</span> <span class='ocrx_word' id='word_1_97' title='bbox 1237 699 1364 736; x_wconf 87' lang='lat' dir='ltr'>magna</span> <span class='ocrx_word' id='word_1_98' title='bbox 1385 699 1651 738; x_wconf 78' lang='lat' dir='ltr'>nonnumquam</span> <span class='ocrx_word' id='word_1_99' title='bbox 1674 690 1807 727; x_wconf 88' lang='lat' dir='ltr'>nullius</span> <span class='ocrx_word' id='word_1_100' title='bbox 1826 691 1992 732; x_wconf 85' lang='lat' dir='ltr'>videntur</span> <span class='ocrx_word' id='word_1_101' title='bbox 2008 697 2191 744; x_wconf 81' lang='lat' dir='ltr'>momenti,</span> 
     </span>
     <span class='ocr_line' id='line_1_9' title="bbox 142 743 2192 799; baseline 0.002 -17"><span class='ocrx_word' id='word_1_102' title='bbox 142 746 240 782; x_wconf 92' lang='grc' dir='ltr'>λειαν</span> <span class='ocrx_word' id='word_1_103' title='bbox 254 775 262 791; x_wconf 92' lang='grc'>,</span> <span class='ocrx_word' id='word_1_104' title='bbox 283 744 342 782; x_wconf 82' lang='grc' dir='ltr'>καὶ</span> <span class='ocrx_word' id='word_1_105' title='bbox 368 743 412 782; x_wconf 86' lang='grc' dir='ltr'>τὰ</span> <span class='ocrx_word' id='word_1_106' title='bbox 433 743 569 796; x_wconf 89' lang='grc' dir='ltr'>μεγάλα</span> <span class='ocrx_word' id='word_1_107' title='bbox 588 744 757 788; x_wconf 84' lang='grc' dir='ltr'>πολλάκις</span> <span class='ocrx_word' id='word_1_108' title='bbox 790 745 924 788; x_wconf 86' lang='grc' dir='ltr'>οὐδενὸς</span> <span class='ocrx_word' id='word_1_109' title='bbox 958 744 1037 788; x_wconf 83' lang='grc' dir='ltr'>ἄξια</span> <span class='ocrx_word' id='word_1_110' title='bbox 1061 745 1163 796; x_wconf 85' lang='grc' dir='ltr'>λόγου</span> <span class='ocrx_word' id='word_1_111' title='bbox 1236 760 1277 784; x_wconf 92' lang='lat' dir='ltr'>co</span> <span class='ocrx_word' id='word_1_112' title='bbox 1296 746 1393 796; x_wconf 90' lang='lat' dir='ltr'>quod</span> <span class='ocrx_word' id='word_1_113' title='bbox 1413 747 1572 786; x_wconf 59' lang='lat' dir='ltr'>convivae</span> <span class='ocrx_word' id='word_1_114' title='bbox 1595 748 1729 799; x_wconf 87' lang='lat' dir='ltr'>absque</span> <span class='ocrx_word' id='word_1_115' title='bbox 1745 750 1870 789; x_wconf 88' lang='lat' dir='ltr'>edendi</span> <span class='ocrx_word' id='word_1_116' title='bbox 1891 754 2062 794; x_wconf 80' lang='lat' dir='ltr'>aviditate</span> <span class='ocrx_word' id='word_1_117' title='bbox 2084 757 2192 796; x_wconf 80' lang='lat' dir='ltr'>adve-</span> 
     </span>
     <span class='ocr_line' id='line_1_10' title="bbox 141 805 2192 870; baseline 0.007 -27"><span class='ocrx_word' id='word_1_118' title='bbox 141 805 317 857; x_wconf 80' lang='grc' dir='ltr'>φαίνεται,</span> <span class='ocrx_word' id='word_1_119' title='bbox 334 805 389 843; x_wconf 82' lang='grc' dir='ltr'>διὰ</span> <span class='ocrx_word' id='word_1_120' title='bbox 407 805 447 843; x_wconf 88' lang='grc' dir='ltr'>τὸ</span> <span class='ocrx_word' id='word_1_121' title='bbox 472 805 520 856; x_wconf 83' lang='grc' dir='ltr'>μὴ</span> <span class='ocrx_word' id='word_1_122' title='bbox 544 805 620 855; x_wconf 88' lang='grc' dir='ltr'>μεθ’</span> <span class='ocrx_word' id='word_1_123' title='bbox 641 805 768 851; x_wconf 87' lang='grc' dir='ltr'>ἡδονῆς</span> <span class='ocrx_word' id='word_1_124' title='bbox 793 805 1028 856; x_wconf 68' lang='grc' dir='ltr'>προσδάλλειν</span> <span class='ocrx_word' id='word_1_125' title='bbox 1050 807 1165 848; x_wconf 88' lang='grc' dir='ltr'>αὐτοῖς</span> <span class='ocrx_word' id='word_1_126' title='bbox 1239 816 1365 844; x_wconf 89' lang='lat' dir='ltr'>uerunt</span> <span class='ocrx_word' id='word_1_127' title='bbox 1381 823 1388 843; x_wconf 94' lang='lat'>:</span> <span class='ocrx_word' id='word_1_128' title='bbox 1404 807 1451 845; x_wconf 90' lang='lat' dir='ltr'>ita</span> <span class='ocrx_word' id='word_1_129' title='bbox 1469 817 1590 846; x_wconf 87' lang='lat' dir='ltr'>contra</span> <span class='ocrx_word' id='word_1_130' title='bbox 1610 809 1637 846; x_wconf 87' lang='lat' dir='ltr'>si</span> <span class='ocrx_word' id='word_1_131' title='bbox 1659 809 1738 860; x_wconf 89' lang='lat' dir='ltr'>quis</span> <span class='ocrx_word' id='word_1_132' title='bbox 1765 812 1944 851; x_wconf 82' lang='lat' dir='ltr'>famelicos</span> <span class='ocrx_word' id='word_1_133' title='bbox 1973 817 2140 870; x_wconf 82' lang='lat' dir='ltr'>suscipiat</span> <span class='ocrx_word' id='word_1_134' title='bbox 2160 828 2192 856; x_wconf 87' lang='lat' dir='ltr'>et</span> 
     </span>
     <span class='ocr_line' id='line_1_11' title="bbox 140 865 2191 928; baseline 0.007 -24"><span class='ocrx_word' id='word_1_135' title='bbox 140 865 220 910; x_wconf 80' lang='grc' dir='ltr'>τοὺς</span> <span class='ocrx_word' id='word_1_136' title='bbox 237 866 469 917; x_wconf 81' lang='grc' dir='ltr'>ἑστιωμένους</span> <span class='ocrx_word' id='word_1_137' title='bbox 482 882 489 890; x_wconf 92' lang='grc'>·</span> <span class='ocrx_word' id='word_1_138' title='bbox 508 866 617 909; x_wconf 80' lang='grc' dir='ltr'>οὕτως</span> <span class='ocrx_word' id='word_1_139' title='bbox 631 869 649 904; x_wconf 86' lang='grc' dir='ltr'>ὁ</span> <span class='ocrx_word' id='word_1_140' title='bbox 663 869 854 909; x_wconf 84' lang='grc' dir='ltr'>πεινῶντας</span> <span class='ocrx_word' id='word_1_141' title='bbox 867 867 926 903; x_wconf 83' lang='grc' dir='ltr'>καὶ</span> <span class='ocrx_word' id='word_1_142' title='bbox 943 865 1053 918; x_wconf 82' lang='grc' dir='ltr'>ὄρεξιν</span> <span class='ocrx_word' id='word_1_143' title='bbox 1070 866 1166 919; x_wconf 74' lang='grc' dir='ltr'>ἔχον·</span> <span class='ocrx_word' id='word_1_144' title='bbox 1237 867 1444 919; x_wconf 77' lang='lat' dir='ltr'>esurientes,</span> <span class='ocrx_word' id='word_1_145' title='bbox 1469 869 1549 906; x_wconf 89' lang='lat' dir='ltr'>licet</span> <span class='ocrx_word' id='word_1_146' title='bbox 1570 869 1642 906; x_wconf 89' lang='lat' dir='ltr'>illis</span> <span class='ocrx_word' id='word_1_147' title='bbox 1663 878 1802 908; x_wconf 88' lang='lat' dir='ltr'>tenuem</span> <span class='ocrx_word' id='word_1_148' title='bbox 1823 885 1995 925; x_wconf 80' lang='lat' dir='ltr'>proponat</span> <span class='ocrx_word' id='word_1_149' title='bbox 2014 891 2171 917; x_wconf 88' lang='lat' dir='ltr'>mensam</span> <span class='ocrx_word' id='word_1_150' title='bbox 2182 910 2191 928; x_wconf 92' lang='lat'>,</span> 
     </span>
     <span class='ocr_line' id='line_1_12' title="bbox 138 926 2194 986; baseline 0.007 -22"><span class='ocrx_word' id='word_1_151' title='bbox 138 943 200 970; x_wconf 87' lang='grc' dir='ltr'>τας</span> <span class='ocrx_word' id='word_1_152' title='bbox 227 926 443 978; x_wconf 73' lang='grc' dir='ltr'>παραλαὸὼν</span> <span class='ocrx_word' id='word_1_153' title='bbox 469 926 548 970; x_wconf 79' lang='grc' dir='ltr'>τοὺς</span> <span class='ocrx_word' id='word_1_154' title='bbox 575 929 757 965; x_wconf 78' lang='grc' dir='ltr'>ἑστιᾶσθαι</span> <span class='ocrx_word' id='word_1_155' title='bbox 784 926 996 977; x_wconf 87' lang='grc' dir='ltr'>μέλλοντας,</span> <span class='ocrx_word' id='word_1_156' title='bbox 1015 927 1080 966; x_wconf 80' lang='grc' dir='ltr'>κᾶν</span> <span class='ocrx_word' id='word_1_157' title='bbox 1115 931 1167 966; x_wconf 84' lang='grc' dir='ltr'>εὐ·</span> <span class='ocrx_word' id='word_1_158' title='bbox 1239 927 1425 980; x_wconf 87' lang='lat' dir='ltr'>splendida</span> <span class='ocrx_word' id='word_1_159' title='bbox 1444 939 1561 968; x_wconf 89' lang='lat' dir='ltr'>tamen</span> <span class='ocrx_word' id='word_1_160' title='bbox 1584 930 1644 968; x_wconf 90' lang='lat' dir='ltr'>illa</span> <span class='ocrx_word' id='word_1_161' title='bbox 1674 933 1859 984; x_wconf 78' lang='lat' dir='ltr'>apparebit</span> <span class='ocrx_word' id='word_1_162' title='bbox 1878 936 2058 986; x_wconf 81' lang='lat' dir='ltr'>convivis,</span> <span class='ocrx_word' id='word_1_163' title='bbox 2083 941 2194 978; x_wconf 84' lang='lat' dir='ltr'>multa</span> 
     </span>
     <span class='ocr_line' id='line_1_13' title="bbox 138 986 2194 1047; baseline 0.007 -22"><span class='ocrx_word' id='word_1_164' title='bbox 138 988 224 1034; x_wconf 83' lang='grc' dir='ltr'>τελῆ</span> <span class='ocrx_word' id='word_1_165' title='bbox 244 988 387 1039; x_wconf 86' lang='grc' dir='ltr'>παραθῇ</span> <span class='ocrx_word' id='word_1_166' title='bbox 408 986 471 1034; x_wconf 82' lang='grc' dir='ltr'>τὴν</span> <span class='ocrx_word' id='word_1_167' title='bbox 491 986 683 1039; x_wconf 83' lang='grc' dir='ltr'>τράπεζαν,</span> <span class='ocrx_word' id='word_1_168' title='bbox 715 988 851 1040; x_wconf 83' lang='grc' dir='ltr'>μεγάλη</span> <span class='ocrx_word' id='word_1_169' title='bbox 871 989 957 1036; x_wconf 82' lang='grc' dir='ltr'>αὐτὴ</span> <span class='ocrx_word' id='word_1_170' title='bbox 988 995 1166 1041; x_wconf 81' lang='grc' dir='ltr'>φανεῖται,</span> <span class='ocrx_word' id='word_1_171' title='bbox 1192 1003 1217 1032; x_wconf 87' lang='lat'>1)</span> <span class='ocrx_word' id='word_1_172' title='bbox 1240 1003 1322 1028; x_wconf 90' lang='lat' dir='ltr'>cum</span> <span class='ocrx_word' id='word_1_173' title='bbox 1335 990 1518 1043; x_wconf 79' lang='lat' dir='ltr'>voluptate</span> <span class='ocrx_word' id='word_1_174' title='bbox 1531 1000 1636 1043; x_wconf 88' lang='lat' dir='ltr'>atque</span> <span class='ocrx_word' id='word_1_175' title='bbox 1651 992 1822 1032; x_wconf 84' lang='lat' dir='ltr'>aviditate</span> <span class='ocrx_word' id='word_1_176' title='bbox 1834 997 1995 1047; x_wconf 86' lang='lat' dir='ltr'>apposita</span> <span class='ocrx_word' id='word_1_177' title='bbox 2010 1001 2194 1039; x_wconf 89' lang='lat' dir='ltr'>comeden-</span> 
     </span>
     <span class='ocr_line' id='line_1_14' title="bbox 138 1047 2194 1107; baseline 0.007 -20"><span class='ocrx_word' id='word_1_178' title='bbox 138 1051 202 1095; x_wconf 88' lang='grc' dir='ltr'>τῆς</span> <span class='ocrx_word' id='word_1_179' title='bbox 219 1047 415 1100; x_wconf 78' lang='grc' dir='ltr'>προθυμίας</span> <span class='ocrx_word' id='word_1_180' title='bbox 432 1050 502 1086; x_wconf 83' lang='grc' dir='ltr'>τῶν</span> <span class='ocrx_word' id='word_1_181' title='bbox 531 1049 750 1100; x_wconf 83' lang='grc' dir='ltr'>ἑστιωμένων</span> <span class='ocrx_word' id='word_1_182' title='bbox 771 1049 860 1100; x_wconf 81' lang='grc' dir='ltr'>μετὰ</span> <span class='ocrx_word' id='word_1_183' title='bbox 888 1051 1022 1097; x_wconf 85' lang='grc' dir='ltr'>πολλῆς</span> <span class='ocrx_word' id='word_1_184' title='bbox 1040 1052 1168 1099; x_wconf 80' lang='grc' dir='ltr'>ἡδονῆς</span> <span class='ocrx_word' id='word_1_185' title='bbox 1239 1050 1347 1089; x_wconf 85' lang='lat' dir='ltr'>tibus.</span> <span class='ocrx_word' id='word_1_186' title='bbox 1371 1052 1430 1090; x_wconf 83' lang='lat' dir='ltr'>Sic</span> <span class='ocrx_word' id='word_1_187' title='bbox 1455 1061 1488 1090; x_wconf 89' lang='lat' dir='ltr'>et</span> <span class='ocrx_word' id='word_1_188' title='bbox 1509 1067 1571 1091; x_wconf 88' lang='lat' dir='ltr'>nos</span> <span class='ocrx_word' id='word_1_189' title='bbox 1592 1053 1680 1091; x_wconf 90' lang='lat' dir='ltr'>bene</span> <span class='ocrx_word' id='word_1_190' title='bbox 1701 1054 1849 1093; x_wconf 83' lang='lat' dir='ltr'>fidentes</span> <span class='ocrx_word' id='word_1_191' title='bbox 1878 1057 2054 1107; x_wconf 74' lang='lat' dir='ltr'>spirituali</span> <span class='ocrx_word' id='word_1_192' title='bbox 2076 1071 2194 1101; x_wconf 87' lang='lat' dir='ltr'>vestro</span> 
     </span>
     <span class='ocr_line' id='line_1_15' title="bbox 138 1109 2194 1168; baseline 0.007 -21"><span class='ocrx_word' id='word_1_193' title='bbox 138 1109 466 1147; x_wconf 86' lang='grc' dir='ltr'>καταναλισκόντων</span> <span class='ocrx_word' id='word_1_194' title='bbox 501 1109 546 1147; x_wconf 78' lang='grc' dir='ltr'>τὰ</span> <span class='ocrx_word' id='word_1_195' title='bbox 571 1109 847 1163; x_wconf 87' lang='grc' dir='ltr'>παρατιθέμενα.</span> <span class='ocrx_word' id='word_1_196' title='bbox 873 1111 944 1150; x_wconf 85' lang='grc' dir='ltr'>Τὸν</span> <span class='ocrx_word' id='word_1_197' title='bbox 985 1113 1087 1151; x_wconf 83' lang='grc' dir='ltr'>αὐτὸν</span> <span class='ocrx_word' id='word_1_198' title='bbox 1124 1113 1165 1161; x_wconf 87' lang='grc' dir='ltr'>δὴ</span> <span class='ocrx_word' id='word_1_199' title='bbox 1239 1113 1425 1165; x_wconf 86' lang='lat' dir='ltr'>appetitui,</span> <span class='ocrx_word' id='word_1_200' title='bbox 1443 1128 1511 1152; x_wconf 93' lang='lat' dir='ltr'>non</span> <span class='ocrx_word' id='word_1_201' title='bbox 1527 1128 1719 1165; x_wconf 81' lang='lat' dir='ltr'>gravamur</span> <span class='ocrx_word' id='word_1_202' title='bbox 1730 1130 1923 1168; x_wconf 83' lang='lat' dir='ltr'>pauperem</span> <span class='ocrx_word' id='word_1_203' title='bbox 1934 1127 1968 1156; x_wconf 87' lang='lat' dir='ltr'>et</span> <span class='ocrx_word' id='word_1_204' title='bbox 1981 1120 2087 1159; x_wconf 82' lang='lat' dir='ltr'>vilem</span> <span class='ocrx_word' id='word_1_205' title='bbox 2102 1122 2194 1161; x_wconf 85' lang='lat' dir='ltr'>hanc</span> 
     </span>
     <span class='ocr_line' id='line_1_16' title="bbox 138 1169 2194 1232; baseline 0.006 -24"><span class='ocrx_word' id='word_1_206' title='bbox 138 1170 271 1222; x_wconf 85' lang='grc' dir='ltr'>τρόπον</span> <span class='ocrx_word' id='word_1_207' title='bbox 290 1169 349 1208; x_wconf 74' lang='grc' dir='ltr'>καὶ</span> <span class='ocrx_word' id='word_1_208' title='bbox 368 1173 471 1222; x_wconf 85' lang='grc' dir='ltr'>ἡμεῖς</span> <span class='ocrx_word' id='word_1_209' title='bbox 485 1173 689 1224; x_wconf 75' lang='grc' dir='ltr'>θαρροῦντες</span> <span class='ocrx_word' id='word_1_210' title='bbox 705 1174 802 1222; x_wconf 82' lang='grc' dir='ltr'>ὑμῶν</span> <span class='ocrx_word' id='word_1_211' title='bbox 820 1175 864 1225; x_wconf 83' lang='grc' dir='ltr'>τῆ</span> <span class='ocrx_word' id='word_1_212' title='bbox 882 1173 992 1226; x_wconf 81' lang='grc' dir='ltr'>ὀρέξει</span> <span class='ocrx_word' id='word_1_213' title='bbox 1010 1177 1053 1226; x_wconf 80' lang='grc' dir='ltr'>τῇ</span> <span class='ocrx_word' id='word_1_214' title='bbox 1064 1190 1167 1212; x_wconf 88' lang='grc' dir='ltr'>πνευ-</span> <span class='ocrx_word' id='word_1_215' title='bbox 1238 1188 1395 1212; x_wconf 84' lang='lat' dir='ltr'>mensam</span> <span class='ocrx_word' id='word_1_216' title='bbox 1415 1184 1538 1214; x_wconf 74' lang='lat' dir='ltr'>vestrm</span> <span class='ocrx_word' id='word_1_217' title='bbox 1559 1175 1697 1214; x_wconf 88' lang='lat' dir='ltr'>caritati</span> <span class='ocrx_word' id='word_1_218' title='bbox 1711 1176 1852 1215; x_wconf 84' lang='lat' dir='ltr'>assidue</span> <span class='ocrx_word' id='word_1_219' title='bbox 1867 1192 2053 1232; x_wconf 85' lang='lat' dir='ltr'>apponere.</span> <span class='ocrx_word' id='word_1_220' title='bbox 2072 1182 2146 1221; x_wconf 86' lang='lat' dir='ltr'>Hoc</span> <span class='ocrx_word' id='word_1_221' title='bbox 2161 1193 2194 1221; x_wconf 89' lang='lat' dir='ltr'>et</span> 
     </span>
     <span class='ocr_line' id='line_1_17' title="bbox 139 1233 2190 1287; baseline 0.007 -18"><span class='ocrx_word' id='word_1_222' title='bbox 139 1235 272 1285; x_wconf 83' lang='grc' dir='ltr'>ματικῆ</span> <span class='ocrx_word' id='word_1_223' title='bbox 293 1235 354 1271; x_wconf 90' lang='grc' dir='ltr'>οὐκ</span> <span class='ocrx_word' id='word_1_224' title='bbox 368 1235 548 1284; x_wconf 86' lang='grc' dir='ltr'>ὀκνοῦμεν,</span> <span class='ocrx_word' id='word_1_225' title='bbox 562 1233 626 1270; x_wconf 79' lang='grc' dir='ltr'>κᾶν</span> <span class='ocrx_word' id='word_1_226' title='bbox 647 1235 767 1281; x_wconf 78' lang='grc' dir='ltr'>εὐτελῆ</span> <span class='ocrx_word' id='word_1_227' title='bbox 787 1234 846 1272; x_wconf 87' lang='grc' dir='ltr'>καὶ</span> <span class='ocrx_word' id='word_1_228' title='bbox 864 1235 1012 1287; x_wconf 77' lang='grc' dir='ltr'>πτωχὴν</span> <span class='ocrx_word' id='word_1_229' title='bbox 1029 1235 1167 1287; x_wconf 71' lang='grc' dir='ltr'>ἔχοντες</span> <span class='ocrx_word' id='word_1_230' title='bbox 1237 1234 1376 1287; x_wconf 87' lang='lat' dir='ltr'>sapiens</span> <span class='ocrx_word' id='word_1_231' title='bbox 1395 1236 1543 1286; x_wconf 88' lang='lat' dir='ltr'>quidam</span> <span class='ocrx_word' id='word_1_232' title='bbox 1563 1235 1703 1275; x_wconf 77' lang='lat' dir='ltr'>dicebat</span> <span class='ocrx_word' id='word_1_233' title='bbox 1717 1239 1880 1277; x_wconf 82' lang='lat' dir='ltr'>:Melius</span> <span class='ocrx_word' id='word_1_234' title='bbox 1899 1250 1955 1278; x_wconf 81' lang='lat' dir='ltr'>est</span> <span class='ocrx_word' id='word_1_235' title='bbox 1974 1246 2190 1283; x_wconf 76' lang='lat' dir='ltr'>convivium</span> 
     </span>
     <span class='ocr_line' id='line_1_18' title="bbox 137 1294 2193 1357; baseline 0.006 -26"><span class='ocrx_word' id='word_1_236' title='bbox 137 1294 330 1346; x_wconf 88' lang='grc' dir='ltr'>τράπεζαν,</span> <span class='ocrx_word' id='word_1_237' title='bbox 351 1294 481 1341; x_wconf 87' lang='grc' dir='ltr'>ταύτην</span> <span class='ocrx_word' id='word_1_238' title='bbox 507 1295 737 1348; x_wconf 86' lang='grc' dir='ltr'>παρατιθέναι</span> <span class='ocrx_word' id='word_1_239' title='bbox 765 1298 920 1348; x_wconf 78' lang='grc' dir='ltr'>συνεχῶς</span> <span class='ocrx_word' id='word_1_240' title='bbox 943 1299 985 1349; x_wconf 84' lang='grc' dir='ltr'>τῇ</span> <span class='ocrx_word' id='word_1_241' title='bbox 1011 1297 1165 1351; x_wconf 75' lang='grc' dir='ltr'>ὑμετέρᾳ</span> <span class='ocrx_word' id='word_1_242' title='bbox 1237 1297 1384 1334; x_wconf 81' lang='lat' dir='ltr'>olerum</span> <span class='ocrx_word' id='word_1_243' title='bbox 1404 1311 1491 1335; x_wconf 86' lang='lat' dir='ltr'>cum</span> <span class='ocrx_word' id='word_1_244' title='bbox 1520 1301 1696 1346; x_wconf 82' lang='lat' dir='ltr'>caritate,</span> <span class='ocrx_word' id='word_1_245' title='bbox 1722 1314 1841 1352; x_wconf 85' lang='lat' dir='ltr'>quam</span> <span class='ocrx_word' id='word_1_246' title='bbox 1861 1303 1927 1339; x_wconf 82' lang='lat' dir='ltr'>bos</span> <span class='ocrx_word' id='word_1_247' title='bbox 1947 1303 1995 1340; x_wconf 86' lang='lat' dir='ltr'>de</span> <span class='ocrx_word' id='word_1_248' title='bbox 2010 1310 2193 1357; x_wconf 82' lang='lat' dir='ltr'>proesepio</span> 
     </span>
    </p>
   </div>
   <div class='ocr_carea' id='block_1_3' title="bbox 137 1355 2197 1410">
    <p class='ocr_par' dir='ltr' id='par_1_3' title="bbox 137 1355 2197 1410">
     <span class='ocr_line' id='line_1_19' title="bbox 137 1355 2197 1410; baseline 0.006 -17"><span class='ocrx_word' id='word_1_249' title='bbox 137 1355 271 1406; x_wconf 77' lang='grc' dir='ltr'>ἀγάπῃ.</span> <span class='ocrx_word' id='word_1_250' title='bbox 288 1357 403 1394; x_wconf 87' lang='grc' dir='ltr'>Τοῦτο</span> <span class='ocrx_word' id='word_1_251' title='bbox 427 1356 487 1394; x_wconf 87' lang='grc' dir='ltr'>καὶ</span> <span class='ocrx_word' id='word_1_252' title='bbox 512 1356 616 1409; x_wconf 72' lang='grc' dir='ltr'>σοφός</span> <span class='ocrx_word' id='word_1_253' title='bbox 635 1372 688 1400; x_wconf 88' lang='grc' dir='ltr'>τις</span> <span class='ocrx_word' id='word_1_254' title='bbox 715 1357 834 1409; x_wconf 85' lang='grc' dir='ltr'>ἔλεγε·</span> <span class='ocrx_word' id='word_1_255' title='bbox 864 1358 1045 1410; x_wconf 84' lang='grc' dir='ltr'>Κρείσσων</span> <span class='ocrx_word' id='word_1_256' title='bbox 1076 1358 1165 1403; x_wconf 86' lang='grc' dir='ltr'>ξενι-</span> <span class='ocrx_word' id='word_1_257' title='bbox 1236 1369 1324 1395; x_wconf 79' lang='lat' dir='ltr'>cum</span> <span class='ocrx_word' id='word_1_258' title='bbox 1356 1359 1551 1409; x_wconf 56' lang='lat' dir='ltr'>odia-quo</span> <span class='ocrx_word' id='word_1_259' title='bbox 1585 1358 1706 1409; x_wconf 89' lang='lat' dir='ltr'>docet,</span> <span class='ocrx_word' id='word_1_260' title='bbox 1735 1360 1917 1400; x_wconf 87' lang='lat' dir='ltr'>caritatem</span> <span class='ocrx_word' id='word_1_261' title='bbox 1949 1363 2052 1402; x_wconf 89' lang='lat' dir='ltr'>aliter</span> <span class='ocrx_word' id='word_1_262' title='bbox 2076 1365 2197 1405; x_wconf 86' lang='lat' dir='ltr'>videre</span> 
     </span>
    </p>
   </div>
   <div class='ocr_carea' id='block_1_4' title="bbox 135 1416 2196 1904">
    <p class='ocr_par' dir='ltr' id='par_1_4' title="bbox 135 1416 2196 1904">
     <span class='ocr_line' id='line_1_20' title="bbox 137 1416 2194 1477; baseline 0.004 -22"><span class='ocrx_word' id='word_1_263' title='bbox 137 1416 222 1467; x_wconf 83' lang='grc' dir='ltr'>σμὸς</span> <span class='ocrx_word' id='word_1_264' title='bbox 241 1416 403 1469; x_wconf 73' lang='grc' dir='ltr'>λαχάνιον</span> <span class='ocrx_word' id='word_1_265' title='bbox 422 1417 510 1468; x_wconf 84' lang='grc' dir='ltr'>μετὰ</span> <span class='ocrx_word' id='word_1_266' title='bbox 527 1417 684 1469; x_wconf 81' lang='grc' dir='ltr'>ἀγάπης,</span> <span class='ocrx_word' id='word_1_267' title='bbox 700 1417 722 1464; x_wconf 83' lang='grc' dir='ltr'>ἢ</span> <span class='ocrx_word' id='word_1_268' title='bbox 744 1421 825 1470; x_wconf 87' lang='grc' dir='ltr'>βοῦς</span> <span class='ocrx_word' id='word_1_269' title='bbox 842 1419 912 1457; x_wconf 79' lang='grc' dir='ltr'>ἀπὸ</span> <span class='ocrx_word' id='word_1_270' title='bbox 929 1419 1061 1471; x_wconf 70' lang='grc' dir='ltr'>φάτνης</span> <span class='ocrx_word' id='word_1_271' title='bbox 1075 1419 1164 1470; x_wconf 86' lang='grc' dir='ltr'>μετὰ</span> <span class='ocrx_word' id='word_1_272' title='bbox 1235 1419 1411 1471; x_wconf 86' lang='lat' dir='ltr'>apposita,</span> <span class='ocrx_word' id='word_1_273' title='bbox 1431 1420 1599 1472; x_wconf 88' lang='lat' dir='ltr'>illiusque</span> <span class='ocrx_word' id='word_1_274' title='bbox 1618 1421 1732 1459; x_wconf 90' lang='lat' dir='ltr'>oculis</span> <span class='ocrx_word' id='word_1_275' title='bbox 1751 1421 1839 1460; x_wconf 81' lang='lat' dir='ltr'>vilia</span> <span class='ocrx_word' id='word_1_276' title='bbox 1858 1438 2028 1476; x_wconf 85' lang='lat' dir='ltr'>apparere</span> <span class='ocrx_word' id='word_1_277' title='bbox 2057 1439 2095 1463; x_wconf 87' lang='lat' dir='ltr'>ea</span> <span class='ocrx_word' id='word_1_278' title='bbox 2116 1441 2194 1477; x_wconf 69' lang='lat' dir='ltr'>qua:</span> 
     </span>
     <span class='ocr_line' id='line_1_21' title="bbox 136 1477 2195 1538; baseline 0.005 -24"><span class='ocrx_word' id='word_1_279' title='bbox 136 1477 262 1530; x_wconf 75' lang='grc' dir='ltr'>ἔχθρας</span> <span class='ocrx_word' id='word_1_280' title='bbox 275 1492 282 1500; x_wconf 95' lang='grc'>·</span> <span class='ocrx_word' id='word_1_281' title='bbox 305 1477 436 1521; x_wconf 84' lang='grc' dir='ltr'>δεικνὺς</span> <span class='ocrx_word' id='word_1_282' title='bbox 457 1477 510 1516; x_wconf 73' lang='grc' dir='ltr'>ὅτι</span> <span class='ocrx_word' id='word_1_283' title='bbox 529 1481 550 1524; x_wconf 83' lang='grc' dir='ltr'>ἡ</span> <span class='ocrx_word' id='word_1_284' title='bbox 581 1478 702 1530; x_wconf 86' lang='grc' dir='ltr'>ἀγάπη</span> <span class='ocrx_word' id='word_1_285' title='bbox 725 1479 852 1531; x_wconf 82' lang='grc' dir='ltr'>ἑτέρως</span> <span class='ocrx_word' id='word_1_286' title='bbox 878 1483 943 1532; x_wconf 81' lang='grc' dir='ltr'>ὁρᾷ</span> <span class='ocrx_word' id='word_1_287' title='bbox 968 1479 1012 1519; x_wconf 89' lang='grc' dir='ltr'>τὰ</span> <span class='ocrx_word' id='word_1_288' title='bbox 1042 1497 1161 1534; x_wconf 85' lang='grc' dir='ltr'>παρα-</span> <span class='ocrx_word' id='word_1_289' title='bbox 1236 1489 1417 1518; x_wconf 83' lang='lat' dir='ltr'>sumtuosa</span> <span class='ocrx_word' id='word_1_290' title='bbox 1437 1490 1532 1529; x_wconf 86' lang='lat' dir='ltr'>sunt,</span> <span class='ocrx_word' id='word_1_291' title='bbox 1551 1490 1584 1519; x_wconf 87' lang='lat' dir='ltr'>et</span> <span class='ocrx_word' id='word_1_292' title='bbox 1598 1495 1708 1534; x_wconf 84' lang='lat' dir='ltr'>parva</span> <span class='ocrx_word' id='word_1_293' title='bbox 1721 1496 1800 1533; x_wconf 85' lang='lat' dir='ltr'>quae</span> <span class='ocrx_word' id='word_1_294' title='bbox 1816 1497 1956 1536; x_wconf 90' lang='lat' dir='ltr'>magna.</span> <span class='ocrx_word' id='word_1_295' title='bbox 1972 1485 2070 1532; x_wconf 89' lang='lat' dir='ltr'>Quid</span> <span class='ocrx_word' id='word_1_296' title='bbox 2086 1487 2195 1538; x_wconf 89' lang='lat' dir='ltr'>igitur</span> 
     </span>
     <span class='ocr_line' id='line_1_22' title="bbox 138 1535 2196 1599; baseline 0.006 -25"><span class='ocrx_word' id='word_1_297' title='bbox 138 1535 322 1586; x_wconf 86' lang='grc' dir='ltr'>τιθέμενα,</span> <span class='ocrx_word' id='word_1_298' title='bbox 353 1535 412 1575; x_wconf 79' lang='grc' dir='ltr'>καὶ</span> <span class='ocrx_word' id='word_1_299' title='bbox 443 1542 514 1580; x_wconf 90' lang='grc' dir='ltr'>τοῖς</span> <span class='ocrx_word' id='word_1_300' title='bbox 533 1536 667 1584; x_wconf 82' lang='grc' dir='ltr'>ἐκείνης</span> <span class='ocrx_word' id='word_1_301' title='bbox 689 1539 881 1590; x_wconf 75' lang='grc' dir='ltr'>ὀφθαλμοῖς</span> <span class='ocrx_word' id='word_1_302' title='bbox 900 1539 960 1576; x_wconf 85' lang='grc' dir='ltr'>καὶ</span> <span class='ocrx_word' id='word_1_303' title='bbox 979 1539 1023 1577; x_wconf 85' lang='grc' dir='ltr'>τὰ</span> <span class='ocrx_word' id='word_1_304' title='bbox 1038 1540 1161 1587; x_wconf 77' lang='grc' dir='ltr'>εὐτελῆ</span> <span class='ocrx_word' id='word_1_305' title='bbox 1234 1540 1374 1580; x_wconf 89' lang='lat' dir='ltr'>beatius</span> <span class='ocrx_word' id='word_1_306' title='bbox 1405 1542 1508 1580; x_wconf 91' lang='lat' dir='ltr'>nobis</span> <span class='ocrx_word' id='word_1_307' title='bbox 1541 1543 1603 1593; x_wconf 90' lang='lat' dir='ltr'>qui</span> <span class='ocrx_word' id='word_1_308' title='bbox 1630 1542 1726 1595; x_wconf 89' lang='lat' dir='ltr'>apud</span> <span class='ocrx_word' id='word_1_309' title='bbox 1749 1553 1799 1582; x_wconf 89' lang='lat' dir='ltr'>tot</span> <span class='ocrx_word' id='word_1_310' title='bbox 1828 1544 2026 1596; x_wconf 81' lang='lat' dir='ltr'>auditores,</span> <span class='ocrx_word' id='word_1_311' title='bbox 2054 1556 2196 1599; x_wconf 86' lang='lat' dir='ltr'>tamque</span> 
     </span>
     <span class='ocr_line' id='line_1_23' title="bbox 136 1596 2193 1658; baseline 0.006 -24"><span class='ocrx_word' id='word_1_312' title='bbox 136 1598 311 1643; x_wconf 75' lang='grc' dir='ltr'>πολυτελῆ</span> <span class='ocrx_word' id='word_1_313' title='bbox 332 1597 527 1646; x_wconf 83' lang='grc' dir='ltr'>δείκνυται,</span> <span class='ocrx_word' id='word_1_314' title='bbox 551 1599 610 1636; x_wconf 84' lang='grc' dir='ltr'>καὶ</span> <span class='ocrx_word' id='word_1_315' title='bbox 642 1599 686 1636; x_wconf 85' lang='grc' dir='ltr'>τὰ</span> <span class='ocrx_word' id='word_1_316' title='bbox 724 1600 834 1652; x_wconf 84' lang='grc' dir='ltr'>μικρὰ</span> <span class='ocrx_word' id='word_1_317' title='bbox 860 1601 1009 1652; x_wconf 88' lang='grc' dir='ltr'>μεγάλα.</span> <span class='ocrx_word' id='word_1_318' title='bbox 1025 1601 1073 1640; x_wconf 89' lang='grc' dir='ltr'>Τί</span> <span class='ocrx_word' id='word_1_319' title='bbox 1104 1596 1161 1641; x_wconf 69' lang='grc' dir='ltr'>οὐν</span> <span class='ocrx_word' id='word_1_320' title='bbox 1186 1616 1211 1646; x_wconf 83' lang='lat' dir='ltr'>E</span> <span class='ocrx_word' id='word_1_321' title='bbox 1234 1602 1385 1641; x_wconf 84' lang='lat' dir='ltr'>ferventi</span> <span class='ocrx_word' id='word_1_322' title='bbox 1398 1612 1431 1641; x_wconf 89' lang='lat' dir='ltr'>et</span> <span class='ocrx_word' id='word_1_323' title='bbox 1447 1603 1598 1641; x_wconf 81' lang='lat' dir='ltr'>sollicita</span> <span class='ocrx_word' id='word_1_324' title='bbox 1613 1605 1759 1643; x_wconf 87' lang='lat' dir='ltr'>caritate</span> <span class='ocrx_word' id='word_1_325' title='bbox 1774 1605 1941 1658; x_wconf 64' lang='lat' dir='ltr'>praeditos</span> <span class='ocrx_word' id='word_1_326' title='bbox 1961 1607 2193 1647; x_wconf 66' lang='lat' dir='ltr'>disserimus?</span> 
     </span>
     <span class='ocr_line' id='line_1_24' title="bbox 136 1659 2191 1717; baseline 0.005 -21"><span class='ocrx_word' id='word_1_327' title='bbox 136 1659 178 1696; x_wconf 78' lang='grc' dir='ltr'>ἂν</span> <span class='ocrx_word' id='word_1_328' title='bbox 197 1659 252 1705; x_wconf 89' lang='grc' dir='ltr'>εἴη</span> <span class='ocrx_word' id='word_1_329' title='bbox 272 1660 567 1712; x_wconf 82' lang='grc' dir='ltr'>μακαριστότερον</span> <span class='ocrx_word' id='word_1_330' title='bbox 593 1663 694 1711; x_wconf 86' lang='grc' dir='ltr'>ἡμῶν</span> <span class='ocrx_word' id='word_1_331' title='bbox 722 1662 781 1700; x_wconf 84' lang='grc' dir='ltr'>ἐπὶ</span> <span class='ocrx_word' id='word_1_332' title='bbox 800 1661 1000 1701; x_wconf 70' lang='grc' dir='ltr'>ιιτοσούτων</span> <span class='ocrx_word' id='word_1_333' title='bbox 1034 1666 1162 1715; x_wconf 82' lang='grc' dir='ltr'>ἀκροα-</span> <span class='ocrx_word' id='word_1_334' title='bbox 1237 1662 1339 1700; x_wconf 90' lang='lat' dir='ltr'>Nihil</span> <span class='ocrx_word' id='word_1_335' title='bbox 1357 1664 1451 1701; x_wconf 90' lang='lat' dir='ltr'>enim</span> <span class='ocrx_word' id='word_1_336' title='bbox 1467 1673 1648 1716; x_wconf 80' lang='lat' dir='ltr'>tantopere</span> <span class='ocrx_word' id='word_1_337' title='bbox 1663 1664 1795 1703; x_wconf 88' lang='lat' dir='ltr'>dicenti</span> <span class='ocrx_word' id='word_1_338' title='bbox 1814 1668 2050 1705; x_wconf 87' lang='lat' dir='ltr'>necessarium</span> <span class='ocrx_word' id='word_1_339' title='bbox 2067 1679 2117 1706; x_wconf 79' lang='lat' dir='ltr'>est</span> <span class='ocrx_word' id='word_1_340' title='bbox 2127 1700 2136 1717; x_wconf 93' lang='lat'>,</span> <span class='ocrx_word' id='word_1_341' title='bbox 2154 1680 2191 1708; x_wconf 92' lang='lat' dir='ltr'>ut</span> 
     </span>
     <span class='ocr_line' id='line_1_25' title="bbox 135 1722 2193 1778; baseline 0.006 -21"><span class='ocrx_word' id='word_1_342' title='bbox 135 1724 205 1759; x_wconf 80' lang='grc' dir='ltr'>τῶν</span> <span class='ocrx_word' id='word_1_343' title='bbox 234 1722 501 1773; x_wconf 79' lang='grc' dir='ltr'>διαλεγομένων,</span> <span class='ocrx_word' id='word_1_344' title='bbox 527 1722 618 1760; x_wconf 81' lang='grc' dir='ltr'>οὕτω</span> <span class='ocrx_word' id='word_1_345' title='bbox 642 1722 774 1774; x_wconf 88' lang='grc' dir='ltr'>θερμὴν</span> <span class='ocrx_word' id='word_1_346' title='bbox 804 1722 865 1761; x_wconf 79' lang='grc' dir='ltr'>καὶ</span> <span class='ocrx_word' id='word_1_347' title='bbox 890 1723 1162 1776; x_wconf 85' lang='grc' dir='ltr'>διεγηγερμένην</span> <span class='ocrx_word' id='word_1_348' title='bbox 1237 1723 1408 1762; x_wconf 86' lang='lat' dir='ltr'>auditoris</span> <span class='ocrx_word' id='word_1_349' title='bbox 1423 1724 1680 1764; x_wconf 75' lang='lat' dir='ltr'>benevolentia.</span> <span class='ocrx_word' id='word_1_350' title='bbox 1693 1726 1992 1778; x_wconf 85' lang='lat' dir='ltr'>Quandoquidem</span> <span class='ocrx_word' id='word_1_351' title='bbox 2006 1743 2086 1767; x_wconf 89' lang='lat' dir='ltr'>cum</span> <span class='ocrx_word' id='word_1_352' title='bbox 2097 1730 2193 1769; x_wconf 75' lang='lat' dir='ltr'>videt</span> 
     </span>
     <span class='ocr_line' id='line_1_26' title="bbox 137 1783 2193 1843; baseline 0.004 -21"><span class='ocrx_word' id='word_1_353' title='bbox 137 1783 362 1834; x_wconf 77' lang='grc' dir='ltr'>κεκτημένων</span> <span class='ocrx_word' id='word_1_354' title='bbox 383 1783 546 1835; x_wconf 84' lang='grc' dir='ltr'>ἀγάπην;</span> <span class='ocrx_word' id='word_1_355' title='bbox 565 1783 717 1827; x_wconf 76' lang='grc' dir='ltr'>Οὐδενὸς</span> <span class='ocrx_word' id='word_1_356' title='bbox 734 1784 801 1836; x_wconf 86' lang='grc' dir='ltr'>γὰρ</span> <span class='ocrx_word' id='word_1_357' title='bbox 823 1783 914 1822; x_wconf 79' lang='grc' dir='ltr'>οὕτω</span> <span class='ocrx_word' id='word_1_358' title='bbox 938 1784 1093 1834; x_wconf 81' lang='grc' dir='ltr'>μάλιστα</span> <span class='ocrx_word' id='word_1_359' title='bbox 1113 1786 1163 1824; x_wconf 89' lang='grc' dir='ltr'>δεῖ</span> <span class='ocrx_word' id='word_1_360' title='bbox 1236 1785 1416 1823; x_wconf 80' lang='lat' dir='ltr'>auditores</span> <span class='ocrx_word' id='word_1_361' title='bbox 1435 1786 1571 1825; x_wconf 73' lang='lat' dir='ltr'>fervere</span> <span class='ocrx_word' id='word_1_362' title='bbox 1590 1785 1767 1825; x_wconf 86' lang='lat' dir='ltr'>desiderio</span> <span class='ocrx_word' id='word_1_363' title='bbox 1780 1818 1791 1837; x_wconf 92' lang='lat'>,</span> <span class='ocrx_word' id='word_1_364' title='bbox 1812 1788 1976 1827; x_wconf 80' lang='lat' dir='ltr'>firmatur</span> <span class='ocrx_word' id='word_1_365' title='bbox 1991 1799 2024 1827; x_wconf 90' lang='lat' dir='ltr'>et</span> <span class='ocrx_word' id='word_1_366' title='bbox 2052 1791 2139 1843; x_wconf 71' lang='lat' dir='ltr'>ipse,</span> <span class='ocrx_word' id='word_1_367' title='bbox 2160 1802 2193 1832; x_wconf 85' lang='lat' dir='ltr'>et</span> 
     </span>
     <span class='ocr_line' id='line_1_27' title="bbox 136 1845 2192 1904; baseline 0.005 -22"><span class='ocrx_word' id='word_1_368' title='bbox 136 1848 186 1898; x_wconf 84' lang='grc' dir='ltr'>τῷ</span> <span class='ocrx_word' id='word_1_369' title='bbox 202 1845 339 1896; x_wconf 86' lang='grc' dir='ltr'>λέγοντι</span> <span class='ocrx_word' id='word_1_370' title='bbox 353 1874 363 1892; x_wconf 89' lang='grc'>,</span> <span class='ocrx_word' id='word_1_371' title='bbox 379 1847 426 1889; x_wconf 81' lang='grc' dir='ltr'>ὡς</span> <span class='ocrx_word' id='word_1_372' title='bbox 446 1845 576 1888; x_wconf 77' lang='grc' dir='ltr'>εὐνοίας</span> <span class='ocrx_word' id='word_1_373' title='bbox 595 1847 781 1897; x_wconf 80' lang='grc' dir='ltr'>ἀκροατοῦ.</span> <span class='ocrx_word' id='word_1_374' title='bbox 806 1845 918 1884; x_wconf 70' lang='grc' dir='ltr'>ςὈταν</span> <span class='ocrx_word' id='word_1_375' title='bbox 938 1845 1006 1898; x_wconf 81' lang='grc' dir='ltr'>γὰρ</span> <span class='ocrx_word' id='word_1_376' title='bbox 1024 1846 1081 1898; x_wconf 82' lang='grc' dir='ltr'>ἴδῃ</span> <span class='ocrx_word' id='word_1_377' title='bbox 1099 1846 1162 1894; x_wconf 78' lang='grc' dir='ltr'>τὴν</span> <span class='ocrx_word' id='word_1_378' title='bbox 1236 1860 1406 1897; x_wconf 88' lang='lat' dir='ltr'>magnum</span> <span class='ocrx_word' id='word_1_379' title='bbox 1421 1861 1514 1900; x_wconf 72' lang='lat' dir='ltr'>saepe</span> <span class='ocrx_word' id='word_1_380' title='bbox 1528 1848 1648 1898; x_wconf 87' lang='lat' dir='ltr'>robur,</span> <span class='ocrx_word' id='word_1_381' title='bbox 1660 1858 1698 1886; x_wconf 91' lang='lat' dir='ltr'>ut</span> <span class='ocrx_word' id='word_1_382' title='bbox 1714 1849 1763 1886; x_wconf 89' lang='lat' dir='ltr'>ita</span> <span class='ocrx_word' id='word_1_383' title='bbox 1778 1849 1910 1897; x_wconf 85' lang='lat' dir='ltr'>dicam,</span> <span class='ocrx_word' id='word_1_384' title='bbox 1925 1851 2066 1904; x_wconf 79' lang='lat' dir='ltr'>accipit,</span> <span class='ocrx_word' id='word_1_385' title='bbox 2080 1853 2192 1892; x_wconf 88' lang='lat' dir='ltr'>sciens</span> 
     </span>
    </p>
   </div>
   <div class='ocr_carea' id='block_1_5' title="bbox 136 1905 2194 2089">
    <p class='ocr_par' dir='ltr' id='par_1_5' title="bbox 136 1905 2194 2089">
     <span class='ocr_line' id='line_1_28' title="bbox 138 1905 2193 1966; baseline 0.004 -22"><span class='ocrx_word' id='word_1_386' title='bbox 138 1906 334 1958; x_wconf 88' lang='grc' dir='ltr'>προθυμίαν</span> <span class='ocrx_word' id='word_1_387' title='bbox 354 1905 496 1950; x_wconf 85' lang='grc' dir='ltr'>ζέουσαν</span> <span class='ocrx_word' id='word_1_388' title='bbox 515 1909 583 1944; x_wconf 82' lang='grc' dir='ltr'>τῶν</span> <span class='ocrx_word' id='word_1_389' title='bbox 606 1909 800 1958; x_wconf 78' lang='grc' dir='ltr'>ἀκροατῶν,</span> <span class='ocrx_word' id='word_1_390' title='bbox 820 1910 1001 1958; x_wconf 82' lang='grc' dir='ltr'>νευροῦται</span> <span class='ocrx_word' id='word_1_391' title='bbox 1019 1907 1077 1945; x_wconf 79' lang='grc' dir='ltr'>καὶ</span> <span class='ocrx_word' id='word_1_392' title='bbox 1097 1909 1162 1946; x_wconf 84' lang='grc' dir='ltr'>αὐ-</span> <span class='ocrx_word' id='word_1_393' title='bbox 1235 1917 1367 1958; x_wconf 87' lang='lat' dir='ltr'>quanto</span> <span class='ocrx_word' id='word_1_394' title='bbox 1389 1909 1661 1947; x_wconf 88' lang='lat' dir='ltr'>sumtuosiorcm</span> <span class='ocrx_word' id='word_1_395' title='bbox 1684 1923 1840 1948; x_wconf 88' lang='lat' dir='ltr'>mensam</span> <span class='ocrx_word' id='word_1_396' title='bbox 1861 1911 2083 1963; x_wconf 86' lang='lat' dir='ltr'>spiritualem</span> <span class='ocrx_word' id='word_1_397' title='bbox 2112 1929 2193 1966; x_wconf 88' lang='lat' dir='ltr'>pro-</span> 
     </span>
     <span class='ocr_line' id='line_1_29' title="bbox 136 1965 2189 2024; baseline 0.004 -19"><span class='ocrx_word' id='word_1_398' title='bbox 136 1967 192 2011; x_wconf 75' lang='grc' dir='ltr'>τὸς</span> <span class='ocrx_word' id='word_1_399' title='bbox 204 1997 212 2013; x_wconf 92' lang='grc'>,</span> <span class='ocrx_word' id='word_1_400' title='bbox 234 1967 293 2005; x_wconf 78' lang='grc' dir='ltr'>καὶ</span> <span class='ocrx_word' id='word_1_401' title='bbox 307 1967 454 2016; x_wconf 70' lang='grc' dir='ltr'>πολλὴν,</span> <span class='ocrx_word' id='word_1_402' title='bbox 471 1970 518 2011; x_wconf 86' lang='grc' dir='ltr'>ὡς</span> <span class='ocrx_word' id='word_1_403' title='bbox 536 1969 658 2014; x_wconf 88' lang='grc' dir='ltr'>εἰπεῖν,</span> <span class='ocrx_word' id='word_1_404' title='bbox 677 1967 741 2014; x_wconf 78' lang='grc' dir='ltr'>τὴν</span> <span class='ocrx_word' id='word_1_405' title='bbox 758 1965 860 2019; x_wconf 76' lang='grc' dir='ltr'>ἰσχὺν</span> <span class='ocrx_word' id='word_1_406' title='bbox 878 1967 1162 2019; x_wconf 65' lang='grc' dir='ltr'>προσλαμὸάνει,</span> <span class='ocrx_word' id='word_1_407' title='bbox 1236 1968 1354 2020; x_wconf 88' lang='lat' dir='ltr'>ponit,</span> <span class='ocrx_word' id='word_1_408' title='bbox 1389 1977 1487 2008; x_wconf 85' lang='lat' dir='ltr'>tanto</span> <span class='ocrx_word' id='word_1_409' title='bbox 1530 1971 1700 2022; x_wconf 89' lang='lat' dir='ltr'>majorem</span> <span class='ocrx_word' id='word_1_410' title='bbox 1738 1971 1806 2008; x_wconf 88' lang='lat' dir='ltr'>sibi</span> <span class='ocrx_word' id='word_1_411' title='bbox 1841 1972 1979 2024; x_wconf 88' lang='lat' dir='ltr'>copiam</span> <span class='ocrx_word' id='word_1_412' title='bbox 2012 1975 2189 2014; x_wconf 84' lang='lat' dir='ltr'>accedere.</span> 
     </span>
     <span class='ocr_line' id='line_1_30' title="bbox 136 2028 2194 2089; baseline 0.004 -22"><span class='ocrx_word' id='word_1_413' title='bbox 136 2028 234 2073; x_wconf 76' lang='grc' dir='ltr'>εἰδὼς</span> <span class='ocrx_word' id='word_1_414' title='bbox 247 2028 300 2067; x_wconf 81' lang='grc' dir='ltr'>ὅτι</span> <span class='ocrx_word' id='word_1_415' title='bbox 318 2029 389 2082; x_wconf 75' lang='grc' dir='ltr'>ὅσῳ</span> <span class='ocrx_word' id='word_1_416' title='bbox 405 2028 445 2066; x_wconf 79' lang='grc' dir='ltr'>ἂν</span> <span class='ocrx_word' id='word_1_417' title='bbox 465 2029 610 2066; x_wconf 90' lang='grc' dir='ltr'>πλείονα</span> <span class='ocrx_word' id='word_1_418' title='bbox 634 2030 776 2080; x_wconf 81' lang='grc' dir='ltr'>παραθῇ</span> <span class='ocrx_word' id='word_1_419' title='bbox 793 2028 856 2075; x_wconf 65' lang='grc' dir='ltr'>τὴν</span> <span class='ocrx_word' id='word_1_420' title='bbox 878 2028 1054 2080; x_wconf 85' lang='grc' dir='ltr'>τράπεζαν</span> <span class='ocrx_word' id='word_1_421' title='bbox 1073 2030 1159 2067; x_wconf 89' lang='grc' dir='ltr'>ταύ-</span> <span class='ocrx_word' id='word_1_422' title='bbox 1236 2030 1345 2068; x_wconf 88' lang='lat' dir='ltr'>Secus</span> <span class='ocrx_word' id='word_1_423' title='bbox 1366 2029 1459 2067; x_wconf 91' lang='lat' dir='ltr'>enim</span> <span class='ocrx_word' id='word_1_424' title='bbox 1493 2044 1529 2068; x_wconf 89' lang='lat' dir='ltr'>se</span> <span class='ocrx_word' id='word_1_425' title='bbox 1556 2031 1687 2069; x_wconf 88' lang='lat' dir='ltr'>habent</span> <span class='ocrx_word' id='word_1_426' title='bbox 1717 2032 1898 2070; x_wconf 85' lang='lat' dir='ltr'>sensibilia</span> <span class='ocrx_word' id='word_1_427' title='bbox 1913 2063 1923 2082; x_wconf 87' lang='lat'>,</span> <span class='ocrx_word' id='word_1_428' title='bbox 1949 2049 2056 2085; x_wconf 87' lang='lat' dir='ltr'>quam</span> <span class='ocrx_word' id='word_1_429' title='bbox 2087 2037 2194 2089; x_wconf 87' lang='lat' dir='ltr'>spiri-</span> 
     </span>
    </p>
   </div>
   <div class='ocr_carea' id='block_1_6' title="bbox 131 2088 2194 2695">
    <p class='ocr_par' dir='ltr' id='par_1_6' title="bbox 131 2088 2194 2695">
     <span class='ocr_line' id='line_1_31' title="bbox 135 2088 2194 2149; baseline 0.004 -22"><span class='ocrx_word' id='word_1_430' title='bbox 135 2106 198 2137; x_wconf 87' lang='grc' dir='ltr'>την</span> <span class='ocrx_word' id='word_1_431' title='bbox 215 2089 278 2137; x_wconf 89' lang='grc' dir='ltr'>τὴν</span> <span class='ocrx_word' id='word_1_432' title='bbox 293 2089 549 2141; x_wconf 82' lang='grc' dir='ltr'>πνευματικὴν,</span> <span class='ocrx_word' id='word_1_433' title='bbox 568 2090 723 2142; x_wconf 87' lang='grc' dir='ltr'>τοσούτῳ</span> <span class='ocrx_word' id='word_1_434' title='bbox 742 2088 786 2128; x_wconf 88' lang='grc' dir='ltr'>τὰ</span> <span class='ocrx_word' id='word_1_435' title='bbox 801 2093 864 2137; x_wconf 75' lang='grc' dir='ltr'>τῆς</span> <span class='ocrx_word' id='word_1_436' title='bbox 883 2090 1045 2142; x_wconf 83' lang='grc' dir='ltr'>εὐπορίας</span> <span class='ocrx_word' id='word_1_437' title='bbox 1065 2092 1160 2144; x_wconf 79' lang='grc' dir='ltr'>αὐτῷ</span> <span class='ocrx_word' id='word_1_438' title='bbox 1174 2122 1222 2147; x_wconf 64' lang='lat'>457</span> <span class='ocrx_word' id='word_1_439' title='bbox 1237 2091 1358 2128; x_wconf 88' lang='lat' dir='ltr'>tualia.</span> <span class='ocrx_word' id='word_1_440' title='bbox 1379 2091 1460 2129; x_wconf 89' lang='lat' dir='ltr'>Illic</span> <span class='ocrx_word' id='word_1_441' title='bbox 1478 2091 1573 2129; x_wconf 89' lang='lat' dir='ltr'>enim</span> <span class='ocrx_word' id='word_1_442' title='bbox 1595 2105 1723 2130; x_wconf 79' lang='lat' dir='ltr'>mensae</span> <span class='ocrx_word' id='word_1_443' title='bbox 1741 2093 1887 2145; x_wconf 88' lang='lat' dir='ltr'>largitas</span> <span class='ocrx_word' id='word_1_444' title='bbox 1906 2105 2064 2134; x_wconf 89' lang='lat' dir='ltr'>sumtum</span> <span class='ocrx_word' id='word_1_445' title='bbox 2084 2098 2194 2149; x_wconf 78' lang='lat' dir='ltr'>parit,</span> 
     </span>
     <span class='ocr_line' id='line_1_32' title="bbox 136 2150 2190 2209; baseline 0.003 -21"><span class='ocrx_word' id='word_1_446' title='bbox 136 2151 292 2196; x_wconf 83' lang='grc' dir='ltr'>αὔξεται.</span> <span class='ocrx_word' id='word_1_447' title='bbox 316 2151 390 2190; x_wconf 83' lang='grc' dir='ltr'>Ἀπ’</span> <span class='ocrx_word' id='word_1_448' title='bbox 419 2150 576 2194; x_wconf 86' lang='grc' dir='ltr'>ἐναντίας</span> <span class='ocrx_word' id='word_1_449' title='bbox 594 2150 662 2203; x_wconf 84' lang='grc' dir='ltr'>γὰρ</span> <span class='ocrx_word' id='word_1_450' title='bbox 687 2155 758 2194; x_wconf 88' lang='grc' dir='ltr'>τοῖς</span> <span class='ocrx_word' id='word_1_451' title='bbox 787 2153 964 2197; x_wconf 85' lang='grc' dir='ltr'>αἰσθητοῖς</span> <span class='ocrx_word' id='word_1_452' title='bbox 985 2150 1030 2188; x_wconf 87' lang='grc' dir='ltr'>τὰ</span> <span class='ocrx_word' id='word_1_453' title='bbox 1051 2167 1158 2189; x_wconf 90' lang='grc' dir='ltr'>πνευ-</span> <span class='ocrx_word' id='word_1_454' title='bbox 1186 2158 1211 2187; x_wconf 81' lang='grc' dir='ltr'>Α</span> <span class='ocrx_word' id='word_1_455' title='bbox 1235 2160 1268 2189; x_wconf 88' lang='lat' dir='ltr'>et</span> <span class='ocrx_word' id='word_1_456' title='bbox 1284 2151 1490 2190; x_wconf 72' lang='lat' dir='ltr'>convivium</span> <span class='ocrx_word' id='word_1_457' title='bbox 1508 2152 1711 2190; x_wconf 84' lang='lat' dir='ltr'>exhibentis</span> <span class='ocrx_word' id='word_1_458' title='bbox 1729 2153 1911 2192; x_wconf 88' lang='lat' dir='ltr'>imminuit</span> <span class='ocrx_word' id='word_1_459' title='bbox 1930 2156 2190 2209; x_wconf 68' lang='lat' dir='ltr'>substantiam,</span> 
     </span>
     <span class='ocr_line' id='line_1_33' title="bbox 135 2211 2193 2270; baseline 0.003 -21"><span class='ocrx_word' id='word_1_460' title='bbox 135 2212 281 2263; x_wconf 88' lang='grc' dir='ltr'>ματικά.</span> <span class='ocrx_word' id='word_1_461' title='bbox 305 2213 403 2251; x_wconf 86' lang='grc' dir='ltr'>Ἐκεῖ</span> <span class='ocrx_word' id='word_1_462' title='bbox 424 2211 486 2263; x_wconf 84' lang='grc' dir='ltr'>μὲν</span> <span class='ocrx_word' id='word_1_463' title='bbox 505 2215 527 2259; x_wconf 83' lang='grc' dir='ltr'>ἡ</span> <span class='ocrx_word' id='word_1_464' title='bbox 548 2212 712 2264; x_wconf 80' lang='grc' dir='ltr'>δαψίλεια</span> <span class='ocrx_word' id='word_1_465' title='bbox 731 2214 793 2258; x_wconf 85' lang='grc' dir='ltr'>τῆς</span> <span class='ocrx_word' id='word_1_466' title='bbox 808 2211 982 2264; x_wconf 87' lang='grc' dir='ltr'>τραπέζης</span> <span class='ocrx_word' id='word_1_467' title='bbox 1001 2212 1160 2260; x_wconf 85' lang='grc' dir='ltr'>δαπάνην</span> <span class='ocrx_word' id='word_1_468' title='bbox 1235 2211 1296 2250; x_wconf 87' lang='lat' dir='ltr'>bic</span> <span class='ocrx_word' id='word_1_469' title='bbox 1309 2221 1429 2250; x_wconf 86' lang='lat' dir='ltr'>autem</span> <span class='ocrx_word' id='word_1_470' title='bbox 1442 2212 1586 2250; x_wconf 88' lang='lat' dir='ltr'>omnino</span> <span class='ocrx_word' id='word_1_471' title='bbox 1607 2212 1721 2262; x_wconf 87' lang='lat' dir='ltr'>aliter,</span> <span class='ocrx_word' id='word_1_472' title='bbox 1737 2223 1870 2264; x_wconf 89' lang='lat' dir='ltr'>quanto</span> <span class='ocrx_word' id='word_1_473' title='bbox 1883 2215 2005 2267; x_wconf 86' lang='lat' dir='ltr'>plures</span> <span class='ocrx_word' id='word_1_474' title='bbox 2019 2227 2098 2255; x_wconf 90' lang='lat' dir='ltr'>sunt</span> <span class='ocrx_word' id='word_1_475' title='bbox 2112 2233 2193 2270; x_wconf 87' lang='lat' dir='ltr'>par-</span> 
     </span>
     <span class='ocr_line' id='line_1_34' title="bbox 133 2272 2191 2326; baseline 0.003 -16"><span class='ocrx_word' id='word_1_476' title='bbox 133 2272 335 2325; x_wconf 86' lang='grc' dir='ltr'>ἐργάζεται,</span> <span class='ocrx_word' id='word_1_477' title='bbox 355 2273 414 2312; x_wconf 83' lang='grc' dir='ltr'>καὶ</span> <span class='ocrx_word' id='word_1_478' title='bbox 442 2273 506 2320; x_wconf 84' lang='grc' dir='ltr'>τὴν</span> <span class='ocrx_word' id='word_1_479' title='bbox 529 2272 648 2311; x_wconf 86' lang='grc' dir='ltr'>οὐσίαν</span> <span class='ocrx_word' id='word_1_480' title='bbox 677 2274 816 2311; x_wconf 83' lang='grc' dir='ltr'>ἐλαττοῖ</span> <span class='ocrx_word' id='word_1_481' title='bbox 846 2277 907 2311; x_wconf 89' lang='grc' dir='ltr'>τοῦ</span> <span class='ocrx_word' id='word_1_482' title='bbox 939 2273 1160 2324; x_wconf 83' lang='grc' dir='ltr'>ἑστιάτορος·</span> <span class='ocrx_word' id='word_1_483' title='bbox 1234 2273 1374 2326; x_wconf 85' lang='lat' dir='ltr'>ticipes,</span> <span class='ocrx_word' id='word_1_484' title='bbox 1405 2283 1503 2312; x_wconf 90' lang='lat' dir='ltr'>tanto</span> <span class='ocrx_word' id='word_1_485' title='bbox 1535 2274 1616 2326; x_wconf 87' lang='lat' dir='ltr'>plus</span> <span class='ocrx_word' id='word_1_486' title='bbox 1640 2274 1837 2313; x_wconf 87' lang='lat' dir='ltr'>substantia</span> <span class='ocrx_word' id='word_1_487' title='bbox 1866 2286 1983 2315; x_wconf 84' lang='lat' dir='ltr'>nostra</span> <span class='ocrx_word' id='word_1_488' title='bbox 2014 2280 2191 2318; x_wconf 74' lang='lat' dir='ltr'>accrescit.</span> 
     </span>
     <span class='ocr_line' id='line_1_35' title="bbox 133 2327 2192 2388; baseline 0.003 -17"><span class='ocrx_word' id='word_1_489' title='bbox 133 2335 281 2372; x_wconf 86' lang='grc' dir='ltr'>ἐνταῦθα</span> <span class='ocrx_word' id='word_1_490' title='bbox 308 2334 345 2372; x_wconf 77' lang='grc' dir='ltr'>δὲ</span> <span class='ocrx_word' id='word_1_491' title='bbox 378 2335 471 2373; x_wconf 87' lang='grc' dir='ltr'>ἅπαν</span> <span class='ocrx_word' id='word_1_492' title='bbox 505 2333 717 2380; x_wconf 84' lang='grc' dir='ltr'>τούναντίον,</span> <span class='ocrx_word' id='word_1_493' title='bbox 735 2333 806 2386; x_wconf 76' lang='grc' dir='ltr'>ὅσῳ</span> <span class='ocrx_word' id='word_1_494' title='bbox 841 2332 882 2372; x_wconf 84' lang='grc' dir='ltr'>ἂν</span> <span class='ocrx_word' id='word_1_495' title='bbox 909 2334 1050 2378; x_wconf 88' lang='grc' dir='ltr'>πλείους</span> <span class='ocrx_word' id='word_1_496' title='bbox 1075 2327 1161 2373; x_wconf 70' lang='grc' dir='ltr'>ὦσιν</span> <span class='ocrx_word' id='word_1_497' title='bbox 1235 2336 1358 2387; x_wconf 88' lang='lat' dir='ltr'>Neque</span> <span class='ocrx_word' id='word_1_498' title='bbox 1370 2334 1464 2373; x_wconf 91' lang='lat' dir='ltr'>enim</span> <span class='ocrx_word' id='word_1_499' title='bbox 1478 2344 1596 2373; x_wconf 86' lang='lat' dir='ltr'>nostra</span> <span class='ocrx_word' id='word_1_500' title='bbox 1606 2334 1774 2385; x_wconf 71' lang='lat' dir='ltr'>dicimus,</span> <span class='ocrx_word' id='word_1_501' title='bbox 1786 2336 1846 2375; x_wconf 90' lang='lat' dir='ltr'>sed</span> <span class='ocrx_word' id='word_1_502' title='bbox 1856 2339 2026 2388; x_wconf 83' lang='lat' dir='ltr'>eaquaein</span> <span class='ocrx_word' id='word_1_503' title='bbox 2039 2349 2192 2378; x_wconf 71' lang='lat' dir='ltr'>vestram</span> 
     </span>
     <span class='ocr_line' id='line_1_36' title="bbox 131 2394 2192 2454; baseline 0.003 -20"><span class='ocrx_word' id='word_1_504' title='bbox 131 2398 163 2435; x_wconf 79' lang='grc' dir='ltr'>οἱ</span> <span class='ocrx_word' id='word_1_505' title='bbox 185 2396 412 2449; x_wconf 81' lang='grc' dir='ltr'>μετέχοντες,</span> <span class='ocrx_word' id='word_1_506' title='bbox 431 2395 587 2448; x_wconf 85' lang='grc' dir='ltr'>τοσούτῳ</span> <span class='ocrx_word' id='word_1_507' title='bbox 613 2394 755 2439; x_wconf 82' lang='grc' dir='ltr'>αὔξεται</span> <span class='ocrx_word' id='word_1_508' title='bbox 782 2398 868 2444; x_wconf 86' lang='grc' dir='ltr'>ἡμῖν</span> <span class='ocrx_word' id='word_1_509' title='bbox 897 2395 943 2433; x_wconf 82' lang='grc' dir='ltr'>τὰ</span> <span class='ocrx_word' id='word_1_510' title='bbox 968 2399 1030 2442; x_wconf 79' lang='grc' dir='ltr'>τῆς</span> <span class='ocrx_word' id='word_1_511' title='bbox 1058 2411 1160 2447; x_wconf 89' lang='grc' dir='ltr'>περι-</span> <span class='ocrx_word' id='word_1_512' title='bbox 1235 2396 1424 2435; x_wconf 84' lang='lat' dir='ltr'>utilitatem</span> <span class='ocrx_word' id='word_1_513' title='bbox 1440 2396 1507 2434; x_wconf 88' lang='lat' dir='ltr'>Dei</span> <span class='ocrx_word' id='word_1_514' title='bbox 1523 2397 1636 2448; x_wconf 89' lang='lat' dir='ltr'>gratia</span> <span class='ocrx_word' id='word_1_515' title='bbox 1649 2411 1713 2449; x_wconf 89' lang='lat' dir='ltr'>per</span> <span class='ocrx_word' id='word_1_516' title='bbox 1722 2411 1823 2436; x_wconf 90' lang='lat' dir='ltr'>suam</span> <span class='ocrx_word' id='word_1_517' title='bbox 1839 2398 2096 2451; x_wconf 80' lang='lat' dir='ltr'>benignitatem</span> <span class='ocrx_word' id='word_1_518' title='bbox 2108 2416 2192 2454; x_wconf 84' lang='lat' dir='ltr'>sup-</span> 
     </span>
     <span class='ocr_line' id='line_1_37' title="bbox 132 2456 2191 2511; baseline 0.003 -16"><span class='ocrx_word' id='word_1_519' title='bbox 132 2457 264 2501; x_wconf 89' lang='grc' dir='ltr'>ουσίας.</span> <span class='ocrx_word' id='word_1_520' title='bbox 284 2456 378 2497; x_wconf 82' lang='grc' dir='ltr'>Οὐδὲ</span> <span class='ocrx_word' id='word_1_521' title='bbox 396 2456 463 2509; x_wconf 80' lang='grc' dir='ltr'>γὰρ</span> <span class='ocrx_word' id='word_1_522' title='bbox 480 2457 525 2496; x_wconf 79' lang='grc' dir='ltr'>τὰ</span> <span class='ocrx_word' id='word_1_523' title='bbox 543 2456 698 2509; x_wconf 85' lang='grc' dir='ltr'>ἡμέτερα</span> <span class='ocrx_word' id='word_1_524' title='bbox 727 2456 889 2508; x_wconf 89' lang='grc' dir='ltr'>λέγομεν,</span> <span class='ocrx_word' id='word_1_525' title='bbox 909 2458 986 2495; x_wconf 79' lang='grc' dir='ltr'>ἀλλ’</span> <span class='ocrx_word' id='word_1_526' title='bbox 1008 2457 1098 2509; x_wconf 86' lang='grc' dir='ltr'>ἅπερ</span> <span class='ocrx_word' id='word_1_527' title='bbox 1119 2457 1158 2495; x_wconf 81' lang='grc' dir='ltr'>ἂν</span> <span class='ocrx_word' id='word_1_528' title='bbox 1232 2457 1380 2511; x_wconf 88' lang='lat' dir='ltr'>peditat.</span> <span class='ocrx_word' id='word_1_529' title='bbox 1400 2459 1473 2509; x_wconf 89' lang='lat' dir='ltr'>Age</span> <span class='ocrx_word' id='word_1_530' title='bbox 1494 2458 1618 2509; x_wconf 85' lang='lat' dir='ltr'>igitur,</span> <span class='ocrx_word' id='word_1_531' title='bbox 1636 2458 1720 2509; x_wconf 87' lang='lat' dir='ltr'>quia</span> <span class='ocrx_word' id='word_1_532' title='bbox 1737 2472 1819 2497; x_wconf 93' lang='lat' dir='ltr'>eum</span> <span class='ocrx_word' id='word_1_533' title='bbox 1839 2469 1934 2498; x_wconf 86' lang='lat' dir='ltr'>tanta</span> <span class='ocrx_word' id='word_1_534' title='bbox 1955 2461 2138 2500; x_wconf 84' lang='lat' dir='ltr'>alacritate</span> <span class='ocrx_word' id='word_1_535' title='bbox 2159 2473 2191 2502; x_wconf 87' lang='lat' dir='ltr'>et</span> 
     </span>
     <span class='ocr_line' id='line_1_38' title="bbox 133 2518 2191 2574; baseline 0.002 -17"><span class='ocrx_word' id='word_1_536' title='bbox 133 2523 155 2565; x_wconf 88' lang='grc' dir='ltr'>ἡ</span> <span class='ocrx_word' id='word_1_537' title='bbox 178 2523 238 2557; x_wconf 89' lang='grc' dir='ltr'>τοῦ</span> <span class='ocrx_word' id='word_1_538' title='bbox 258 2521 351 2558; x_wconf 83' lang='grc' dir='ltr'>Θεοῦ</span> <span class='ocrx_word' id='word_1_539' title='bbox 373 2519 477 2571; x_wconf 75' lang='grc' dir='ltr'>χάρις</span> <span class='ocrx_word' id='word_1_540' title='bbox 501 2519 557 2557; x_wconf 79' lang='grc' dir='ltr'>διὰ</span> <span class='ocrx_word' id='word_1_541' title='bbox 581 2518 645 2566; x_wconf 84' lang='grc' dir='ltr'>τὴν</span> <span class='ocrx_word' id='word_1_542' title='bbox 661 2518 791 2556; x_wconf 88' lang='grc' dir='ltr'>οἰκείαν</span> <span class='ocrx_word' id='word_1_543' title='bbox 812 2518 1074 2571; x_wconf 78' lang='grc' dir='ltr'>φιλανθρωπίαν</span> <span class='ocrx_word' id='word_1_544' title='bbox 1101 2519 1160 2557; x_wconf 86' lang='grc' dir='ltr'>καὶ</span> <span class='ocrx_word' id='word_1_545' title='bbox 1233 2528 1330 2557; x_wconf 87' lang='lat' dir='ltr'>tanta</span> <span class='ocrx_word' id='word_1_546' title='bbox 1343 2519 1469 2557; x_wconf 87' lang='lat' dir='ltr'>laetitia</span> <span class='ocrx_word' id='word_1_547' title='bbox 1482 2518 1527 2556; x_wconf 85' lang='lat' dir='ltr'>ad</span> <span class='ocrx_word' id='word_1_548' title='bbox 1543 2518 1763 2557; x_wconf 88' lang='lat' dir='ltr'>audiendum</span> <span class='ocrx_word' id='word_1_549' title='bbox 1779 2519 1958 2570; x_wconf 78' lang='lat' dir='ltr'>acceditis,</span> <span class='ocrx_word' id='word_1_550' title='bbox 1976 2521 2105 2560; x_wconf 84' lang='lat' dir='ltr'>iterum</span> <span class='ocrx_word' id='word_1_551' title='bbox 2115 2524 2191 2574; x_wconf 82' lang='lat' dir='ltr'>jam</span> 
     </span>
     <span class='ocr_line' id='line_1_39' title="bbox 132 2573 2191 2633; baseline 0.001 -15"><span class='ocrx_word' id='word_1_552' title='bbox 132 2581 196 2628; x_wconf 83' lang='grc' dir='ltr'>τὴν</span> <span class='ocrx_word' id='word_1_553' title='bbox 219 2581 390 2633; x_wconf 80' lang='grc' dir='ltr'>ὑμετέραν</span> <span class='ocrx_word' id='word_1_554' title='bbox 413 2579 602 2631; x_wconf 76' lang='grc' dir='ltr'>οἰκοδομὴν</span> <span class='ocrx_word' id='word_1_555' title='bbox 615 2579 815 2632; x_wconf 76' lang='grc' dir='ltr'>χορηγῆσῃ.</span> <span class='ocrx_word' id='word_1_556' title='bbox 829 2579 925 2633; x_wconf 84' lang='grc' dir='ltr'>Φέρε</span> <span class='ocrx_word' id='word_1_557' title='bbox 945 2573 1019 2626; x_wconf 63' lang='grc' dir='ltr'>οὖν,</span> <span class='ocrx_word' id='word_1_558' title='bbox 1038 2580 1159 2629; x_wconf 82' lang='grc' dir='ltr'>ἐπειδὴ</span> <span class='ocrx_word' id='word_1_559' title='bbox 1233 2580 1323 2619; x_wconf 89' lang='lat' dir='ltr'>lecta</span> <span class='ocrx_word' id='word_1_560' title='bbox 1342 2579 1570 2631; x_wconf 83' lang='lat' dir='ltr'>indagemus,</span> <span class='ocrx_word' id='word_1_561' title='bbox 1591 2589 1623 2617; x_wconf 89' lang='lat' dir='ltr'>et</span> <span class='ocrx_word' id='word_1_562' title='bbox 1642 2579 1739 2630; x_wconf 89' lang='lat' dir='ltr'>quod</span> <span class='ocrx_word' id='word_1_563' title='bbox 1758 2580 1840 2618; x_wconf 92' lang='lat' dir='ltr'>inde</span> <span class='ocrx_word' id='word_1_564' title='bbox 1858 2582 2020 2632; x_wconf 72' lang='lat' dir='ltr'>provenit</span> <span class='ocrx_word' id='word_1_565' title='bbox 2051 2582 2191 2621; x_wconf 88' lang='lat' dir='ltr'>lucrum</span> 
     </span>
     <span class='ocr_line' id='line_1_40' title="bbox 134 2641 2191 2695; baseline 0.001 -16"><span class='ocrx_word' id='word_1_566' title='bbox 134 2641 224 2692; x_wconf 82' lang='grc' dir='ltr'>μετὰ</span> <span class='ocrx_word' id='word_1_567' title='bbox 250 2641 422 2688; x_wconf 81' lang='grc' dir='ltr'>τοσαύτης</span> <span class='ocrx_word' id='word_1_568' title='bbox 447 2642 573 2688; x_wconf 83' lang='grc' dir='ltr'>ἡδονῆς</span> <span class='ocrx_word' id='word_1_569' title='bbox 604 2641 665 2680; x_wconf 84' lang='grc' dir='ltr'>καὶ</span> <span class='ocrx_word' id='word_1_570' title='bbox 695 2641 889 2694; x_wconf 89' lang='grc' dir='ltr'>προθυμίας</span> <span class='ocrx_word' id='word_1_571' title='bbox 919 2644 962 2693; x_wconf 81' lang='grc' dir='ltr'>τῆ</span> <span class='ocrx_word' id='word_1_572' title='bbox 994 2641 1161 2693; x_wconf 84' lang='grc' dir='ltr'>ἀκροάσει</span> <span class='ocrx_word' id='word_1_573' title='bbox 1234 2642 1585 2695; x_wconf 73' lang='lat' dir='ltr'>percipiamusNam</span> <span class='ocrx_word' id='word_1_574' title='bbox 1597 2641 1692 2691; x_wconf 84' lang='lat' dir='ltr'>quia,</span> <span class='ocrx_word' id='word_1_575' title='bbox 1706 2641 1900 2679; x_wconf 87' lang='lat' dir='ltr'>secundum</span> <span class='ocrx_word' id='word_1_576' title='bbox 1916 2644 2191 2693; x_wconf 85' lang='lat' dir='ltr'>magnamillam</span> 
     </span>
    </p>
   </div>
   <div class='ocr_carea' id='block_1_7' title="bbox 2208 1264 2372 1343">
    <p class='ocr_par' dir='ltr' id='par_1_7' title="bbox 2208 1264 2372 1343">
     <span class='ocr_line' id='line_1_41' title="bbox 2208 1264 2372 1294; baseline 0.006 -4"><span class='ocrx_word' id='word_1_577' title='bbox 2208 1264 2299 1291; x_wconf 78' lang='lat' dir='ltr'>Prov.</span> <span class='ocrx_word' id='word_1_578' title='bbox 2328 1265 2372 1294; x_wconf 62' lang='lat' dir='ltr'>tsi.</span> 
     </span>
     <span class='ocr_line' id='line_1_42' title="bbox 2213 1313 2258 1343; baseline 0.022 -11"><span class='ocrx_word' id='word_1_579' title='bbox 2213 1313 2258 1343; x_wconf 81' lang='lat'>¹7·</span> 
     </span>
    </p>
   </div>
   <div class='ocr_carea' id='block_1_8' title="bbox 2209 1627 2399 1780">
    <p class='ocr_par' dir='ltr' id='par_1_8' title="bbox 2209 1627 2399 1780">
     <span class='ocr_line' id='line_1_43' title="bbox 2247 1627 2398 1655; baseline 0.007 -1"><span class='ocrx_word' id='word_1_580' title='bbox 2247 1627 2398 1655; x_wconf 78' lang='lat' dir='ltr'>Auditoris</span> 
     </span>
     <span class='ocr_line' id='line_1_44' title="bbox 2209 1669 2399 1696; baseline 0.005 -1"><span class='ocrx_word' id='word_1_581' title='bbox 2209 1669 2367 1696; x_wconf 74' lang='lat' dir='ltr'>benerolen</span> <span class='ocrx_word' id='word_1_582' title='bbox 2385 1685 2399 1690; x_wconf 89' lang='lat'>-</span> 
     </span>
     <span class='ocr_line' id='line_1_45' title="bbox 2209 1713 2397 1738; baseline 0.005 -1"><span class='ocrx_word' id='word_1_583' title='bbox 2209 1713 2246 1738; x_wconf 78' lang='lat' dir='ltr'>tia</span> <span class='ocrx_word' id='word_1_584' title='bbox 2270 1720 2397 1738; x_wconf 76' lang='lat' dir='ltr'>necessa-</span> 
     </span>
     <span class='ocr_line' id='line_1_46' title="bbox 2210 1754 2262 1780; baseline -0.019 0"><span class='ocrx_word' id='word_1_585' title='bbox 2210 1754 2262 1780; x_wconf 78' lang='lat' dir='ltr'>ria.</span> 
     </span>
    </p>
   </div>
   <div class='ocr_carea' id='block_1_9' title="bbox 133 2700 2380 2756">
    <p class='ocr_par' dir='ltr' id='par_1_9' title="bbox 133 2700 2380 2756">
     <span class='ocr_line' id='line_1_47' title="bbox 133 2700 2380 2756; baseline 0 -15"><span class='ocrx_word' id='word_1_586' title='bbox 133 2703 396 2755; x_wconf 70' lang='grc' dir='ltr'>προσὸάλλετε,</span> <span class='ocrx_word' id='word_1_587' title='bbox 423 2703 530 2741; x_wconf 81' lang='grc' dir='ltr'>πάλιν</span> <span class='ocrx_word' id='word_1_588' title='bbox 549 2706 619 2742; x_wconf 80' lang='grc' dir='ltr'>τῶν</span> <span class='ocrx_word' id='word_1_589' title='bbox 655 2703 867 2756; x_wconf 73' lang='grc' dir='ltr'>προσφάτως</span> <span class='ocrx_word' id='word_1_590' title='bbox 899 2706 985 2754; x_wconf 87' lang='grc' dir='ltr'>ἡμῖν</span> <span class='ocrx_word' id='word_1_591' title='bbox 1008 2704 1161 2755; x_wconf 86' lang='grc' dir='ltr'>ἀναγνω-</span> <span class='ocrx_word' id='word_1_592' title='bbox 1234 2703 1517 2741; x_wconf 76' lang='lat' dir='ltr'>exhortationem</span> <span class='ocrx_word' id='word_1_593' title='bbox 1535 2701 1669 2739; x_wconf 85' lang='lat' dir='ltr'>Christi</span> <span class='ocrx_word' id='word_1_594' title='bbox 1679 2700 1839 2750; x_wconf 85' lang='lat' dir='ltr'>dicentis,</span> <span class='ocrx_word' id='word_1_595' title='bbox 1851 2703 2087 2743; x_wconf 81' lang='lat' dir='ltr'>Scrutamini</span> <span class='ocrx_word' id='word_1_596' title='bbox 2096 2707 2191 2745; x_wconf 87' lang='lat' dir='ltr'>Scri·</span> <span class='ocrx_word' id='word_1_597' title='bbox 2204 2714 2380 2755; x_wconf 74' lang='lat' dir='ltr'>J0un.5.39</span> 
     </span>
    </p>
   </div>
   <div class='ocr_carea' id='block_1_10' title="bbox 134 2763 2190 3187">
    <p class='ocr_par' dir='ltr' id='par_1_10' title="bbox 134 2763 2190 3187">
     <span class='ocr_line' id='line_1_48' title="bbox 134 2763 2186 2818; baseline 0.001 -15"><span class='ocrx_word' id='word_1_598' title='bbox 134 2765 284 2803; x_wconf 85' lang='grc' dir='ltr'>σθέντων</span> <span class='ocrx_word' id='word_1_599' title='bbox 310 2765 450 2816; x_wconf 87' lang='grc' dir='ltr'>ἔρευναν</span> <span class='ocrx_word' id='word_1_600' title='bbox 475 2765 694 2815; x_wconf 79' lang='grc' dir='ltr'>ποιήσωμεν,</span> <span class='ocrx_word' id='word_1_601' title='bbox 715 2765 773 2803; x_wconf 82' lang='grc' dir='ltr'>καὶ</span> <span class='ocrx_word' id='word_1_602' title='bbox 795 2764 835 2802; x_wconf 87' lang='grc' dir='ltr'>τὸ</span> <span class='ocrx_word' id='word_1_603' title='bbox 864 2765 1020 2802; x_wconf 84' lang='grc' dir='ltr'>ἐντεῦθεν</span> <span class='ocrx_word' id='word_1_604' title='bbox 1040 2764 1161 2816; x_wconf 83' lang='grc' dir='ltr'>κέρδος</span> <span class='ocrx_word' id='word_1_605' title='bbox 1231 2775 1381 2818; x_wconf 79' lang='lat' dir='ltr'>pturas,</span> <span class='ocrx_word' id='word_1_606' title='bbox 1413 2765 1598 2801; x_wconf 84' lang='lat' dir='ltr'>thesaurus</span> <span class='ocrx_word' id='word_1_607' title='bbox 1619 2776 1769 2814; x_wconf 86' lang='lat' dir='ltr'>magnus</span> <span class='ocrx_word' id='word_1_608' title='bbox 1785 2763 1821 2800; x_wconf 91' lang='lat' dir='ltr'>in</span> <span class='ocrx_word' id='word_1_609' title='bbox 1844 2764 2040 2817; x_wconf 89' lang='lat' dir='ltr'>Scripturis</span> <span class='ocrx_word' id='word_1_610' title='bbox 2059 2777 2109 2805; x_wconf 85' lang='lat' dir='ltr'>est</span> <span class='ocrx_word' id='word_1_611' title='bbox 2132 2782 2186 2805; x_wconf 92' lang='lat' dir='ltr'>re-</span> 
     </span>
     <span class='ocr_line' id='line_1_49' title="bbox 134 2823 2190 2879; baseline 0.002 -16"><span class='ocrx_word' id='word_1_612' title='bbox 134 2826 416 2878; x_wconf 80' lang='grc' dir='ltr'>καρπωσώμεθα.</span> <span class='ocrx_word' id='word_1_613' title='bbox 437 2825 586 2873; x_wconf 80' lang='grc' dir='ltr'>Ἐπειδὴ</span> <span class='ocrx_word' id='word_1_614' title='bbox 605 2825 673 2879; x_wconf 86' lang='grc' dir='ltr'>γὰρ</span> <span class='ocrx_word' id='word_1_615' title='bbox 700 2825 792 2864; x_wconf 81' lang='grc' dir='ltr'>κατὰ</span> <span class='ocrx_word' id='word_1_616' title='bbox 810 2825 874 2874; x_wconf 85' lang='grc' dir='ltr'>τὴν</span> <span class='ocrx_word' id='word_1_617' title='bbox 903 2825 1060 2877; x_wconf 89' lang='grc' dir='ltr'>μεγάλην</span> <span class='ocrx_word' id='word_1_618' title='bbox 1088 2842 1160 2865; x_wconf 83' lang='grc' dir='ltr'>πα-</span> <span class='ocrx_word' id='word_1_619' title='bbox 1235 2826 1409 2873; x_wconf 76' lang='lat' dir='ltr'>conditus,</span> <span class='ocrx_word' id='word_1_620' title='bbox 1422 2834 1454 2863; x_wconf 85' lang='lat' dir='ltr'>et</span> <span class='ocrx_word' id='word_1_621' title='bbox 1468 2825 1503 2862; x_wconf 90' lang='lat' dir='ltr'>in</span> <span class='ocrx_word' id='word_1_622' title='bbox 1518 2823 1694 2877; x_wconf 84' lang='lat' dir='ltr'>profundo</span> <span class='ocrx_word' id='word_1_623' title='bbox 1710 2824 1794 2862; x_wconf 87' lang='lat' dir='ltr'>latet</span> <span class='ocrx_word' id='word_1_624' title='bbox 1807 2824 1960 2864; x_wconf 65' lang='lat' dir='ltr'>{idcirco</span> <span class='ocrx_word' id='word_1_625' title='bbox 1975 2829 2190 2868; x_wconf 88' lang='lat' dir='ltr'>scrutatione</span> 
     </span>
     <span class='ocr_line' id='line_1_50' title="bbox 136 2884 2190 2951; baseline 0.002 -27"><span class='ocrx_word' id='word_1_626' title='bbox 136 2887 286 2939; x_wconf 80' lang='grc' dir='ltr'>ραίνεσιν</span> <span class='ocrx_word' id='word_1_627' title='bbox 301 2891 361 2926; x_wconf 89' lang='grc' dir='ltr'>τοῦ</span> <span class='ocrx_word' id='word_1_628' title='bbox 382 2888 537 2940; x_wconf 89' lang='grc' dir='ltr'>Χριστοῦ</span> <span class='ocrx_word' id='word_1_629' title='bbox 557 2887 739 2939; x_wconf 89' lang='grc' dir='ltr'>λέγοντος,</span> <span class='ocrx_word' id='word_1_630' title='bbox 756 2887 946 2940; x_wconf 84' lang='grc' dir='ltr'>Ἐρευνᾶτε</span> <span class='ocrx_word' id='word_1_631' title='bbox 963 2886 1025 2930; x_wconf 79' lang='grc' dir='ltr'>τὰς</span> <span class='ocrx_word' id='word_1_632' title='bbox 1042 2889 1162 2940; x_wconf 71' lang='grc' dir='ltr'>ειΓρα-</span> <span class='ocrx_word' id='word_1_633' title='bbox 1185 2899 1207 2928; x_wconf 85' lang='grc' dir='ltr'><strong>Β</strong></span> <span class='ocrx_word' id='word_1_634' title='bbox 1234 2901 1338 2940; x_wconf 85' lang='lat' dir='ltr'>opus,</span> <span class='ocrx_word' id='word_1_635' title='bbox 1360 2895 1398 2924; x_wconf 89' lang='lat' dir='ltr'>ut</span> <span class='ocrx_word' id='word_1_636' title='bbox 1420 2900 1501 2923; x_wconf 90' lang='lat' dir='ltr'>cum</span> <span class='ocrx_word' id='word_1_637' title='bbox 1517 2884 1751 2922; x_wconf 87' lang='lat' dir='ltr'>didicerimus</span> <span class='ocrx_word' id='word_1_638' title='bbox 1764 2885 1933 2925; x_wconf 82' lang='lat' dir='ltr'>virtutem</span> <span class='ocrx_word' id='word_1_639' title='bbox 1953 2889 2086 2951; x_wconf 47' lang='lat' dir='ltr'>quae-in</span> <span class='ocrx_word' id='word_1_640' title='bbox 2109 2905 2190 2942; x_wconf 91' lang='lat' dir='ltr'>pro-</span> 
     </span>
     <span class='ocr_line' id='line_1_51' title="bbox 135 2945 2189 3002; baseline 0.001 -15"><span class='ocrx_word' id='word_1_641' title='bbox 135 2950 222 3002; x_wconf 69' lang='grc' dir='ltr'>φὰς,</span> <span class='ocrx_word' id='word_1_642' title='bbox 245 2949 417 3001; x_wconf 87' lang='grc' dir='ltr'>θησαυρός</span> <span class='ocrx_word' id='word_1_643' title='bbox 446 2951 520 2987; x_wconf 88' lang='grc' dir='ltr'>ἐστι</span> <span class='ocrx_word' id='word_1_644' title='bbox 547 2949 656 2993; x_wconf 79' lang='grc' dir='ltr'>πολὺς</span> <span class='ocrx_word' id='word_1_645' title='bbox 674 2949 942 3001; x_wconf 88' lang='grc' dir='ltr'>ἐναποκείμενος</span> <span class='ocrx_word' id='word_1_646' title='bbox 967 2954 1045 2993; x_wconf 88' lang='grc' dir='ltr'>ταῖς</span> <span class='ocrx_word' id='word_1_647' title='bbox 1069 2951 1161 3002; x_wconf 87' lang='grc' dir='ltr'>Γρα-</span> <span class='ocrx_word' id='word_1_648' title='bbox 1236 2948 1344 2986; x_wconf 87' lang='lat' dir='ltr'>fundo</span> <span class='ocrx_word' id='word_1_649' title='bbox 1372 2947 1509 2985; x_wconf 88' lang='lat' dir='ltr'>occulta</span> <span class='ocrx_word' id='word_1_650' title='bbox 1536 2954 1602 2996; x_wconf 86' lang='lat' dir='ltr'>est,</span> <span class='ocrx_word' id='word_1_651' title='bbox 1623 2945 1774 2984; x_wconf 90' lang='lat' dir='ltr'>multam</span> <span class='ocrx_word' id='word_1_652' title='bbox 1801 2946 1883 2985; x_wconf 90' lang='lat' dir='ltr'>inde</span> <span class='ocrx_word' id='word_1_653' title='bbox 1909 2949 2100 2989; x_wconf 88' lang='lat' dir='ltr'>utilitatem</span> <span class='ocrx_word' id='word_1_654' title='bbox 2129 2951 2189 2990; x_wconf 90' lang='lat' dir='ltr'>de-</span> 
     </span>
     <span class='ocr_line' id='line_1_52' title="bbox 135 3007 2188 3064; baseline 0.001 -15"><span class='ocrx_word' id='word_1_655' title='bbox 135 3018 214 3064; x_wconf 76' lang='grc' dir='ltr'>φαῖς</span> <span class='ocrx_word' id='word_1_656' title='bbox 227 3040 236 3058; x_wconf 93' lang='grc'>,</span> <span class='ocrx_word' id='word_1_657' title='bbox 252 3011 312 3049; x_wconf 77' lang='grc' dir='ltr'>καὶ</span> <span class='ocrx_word' id='word_1_658' title='bbox 328 3012 362 3049; x_wconf 83' lang='grc' dir='ltr'>ἐν</span> <span class='ocrx_word' id='word_1_659' title='bbox 374 3013 424 3062; x_wconf 85' lang='grc' dir='ltr'>τῷ</span> <span class='ocrx_word' id='word_1_660' title='bbox 445 3010 544 3061; x_wconf 80' lang='grc' dir='ltr'>βάθει</span> <span class='ocrx_word' id='word_1_661' title='bbox 558 3010 798 3062; x_wconf 86' lang='grc' dir='ltr'>κρυπτόμενος</span> <span class='ocrx_word' id='word_1_662' title='bbox 810 3039 820 3056; x_wconf 91' lang='grc'>,</span> <span class='ocrx_word' id='word_1_663' title='bbox 835 3011 893 3049; x_wconf 86' lang='grc' dir='ltr'>διὰ</span> <span class='ocrx_word' id='word_1_664' title='bbox 907 3013 1009 3049; x_wconf 88' lang='grc' dir='ltr'>τοῦτο</span> <span class='ocrx_word' id='word_1_665' title='bbox 1022 3009 1161 3063; x_wconf 79' lang='grc' dir='ltr'>ἐρεύνης</span> <span class='ocrx_word' id='word_1_666' title='bbox 1234 3024 1376 3063; x_wconf 84' lang='lat' dir='ltr'>cerpere</span> <span class='ocrx_word' id='word_1_667' title='bbox 1406 3022 1589 3060; x_wconf 85' lang='lat' dir='ltr'>queamus.</span> <span class='ocrx_word' id='word_1_668' title='bbox 1625 3007 1767 3045; x_wconf 82' lang='lat' dir='ltr'>Etenim</span> <span class='ocrx_word' id='word_1_669' title='bbox 1794 3018 1981 3061; x_wconf 86' lang='lat' dir='ltr'>propterea</span> <span class='ocrx_word' id='word_1_670' title='bbox 2007 3012 2188 3064; x_wconf 88' lang='lat' dir='ltr'>justorum</span> 
     </span>
     <span class='ocr_line' id='line_1_53' title="bbox 134 3069 2188 3125; baseline 0.001 -15"><span class='ocrx_word' id='word_1_671' title='bbox 134 3072 240 3125; x_wconf 73' lang='grc' dir='ltr'>χρεία</span> <span class='ocrx_word' id='word_1_672' title='bbox 253 3104 262 3121; x_wconf 89' lang='grc'>,</span> <span class='ocrx_word' id='word_1_673' title='bbox 282 3072 336 3110; x_wconf 82' lang='grc' dir='ltr'>ἵνα</span> <span class='ocrx_word' id='word_1_674' title='bbox 353 3071 416 3119; x_wconf 83' lang='grc' dir='ltr'>τὴν</span> <span class='ocrx_word' id='word_1_675' title='bbox 436 3071 582 3123; x_wconf 85' lang='grc' dir='ltr'>δύναμιν</span> <span class='ocrx_word' id='word_1_676' title='bbox 603 3070 666 3118; x_wconf 82' lang='grc' dir='ltr'>τὴν</span> <span class='ocrx_word' id='word_1_677' title='bbox 679 3073 714 3109; x_wconf 83' lang='grc' dir='ltr'>ἐν</span> <span class='ocrx_word' id='word_1_678' title='bbox 729 3074 778 3123; x_wconf 78' lang='grc' dir='ltr'>τῷ</span> <span class='ocrx_word' id='word_1_679' title='bbox 797 3071 896 3123; x_wconf 83' lang='grc' dir='ltr'>βάθει</span> <span class='ocrx_word' id='word_1_680' title='bbox 915 3071 1160 3124; x_wconf 86' lang='grc' dir='ltr'>κρυπτομένην</span> <span class='ocrx_word' id='word_1_681' title='bbox 1232 3073 1394 3110; x_wconf 90' lang='lat' dir='ltr'>omnium</span> <span class='ocrx_word' id='word_1_682' title='bbox 1420 3071 1584 3119; x_wconf 85' lang='lat' dir='ltr'>virtutes,</span> <span class='ocrx_word' id='word_1_683' title='bbox 1611 3069 1770 3122; x_wconf 84' lang='lat' dir='ltr'>Spiritus</span> <span class='ocrx_word' id='word_1_684' title='bbox 1797 3072 1908 3110; x_wconf 89' lang='lat' dir='ltr'>sancti</span> <span class='ocrx_word' id='word_1_685' title='bbox 1931 3074 2045 3124; x_wconf 85' lang='lat' dir='ltr'>gratia</span> <span class='ocrx_word' id='word_1_686' title='bbox 2065 3084 2098 3112; x_wconf 91' lang='lat' dir='ltr'>et</span> <span class='ocrx_word' id='word_1_687' title='bbox 2116 3075 2188 3114; x_wconf 82' lang='lat' dir='ltr'>dis-</span> 
     </span>
     <span class='ocr_line' id='line_1_54' title="bbox 136 3131 2188 3187; baseline 0.001 -14"><span class='ocrx_word' id='word_1_688' title='bbox 136 3135 415 3186; x_wconf 87' lang='grc' dir='ltr'>καταμαθόντες,</span> <span class='ocrx_word' id='word_1_689' title='bbox 435 3133 570 3181; x_wconf 78' lang='grc' dir='ltr'>πολλὴν</span> <span class='ocrx_word' id='word_1_690' title='bbox 593 3134 724 3172; x_wconf 85' lang='grc' dir='ltr'>ἐκεῖθεν</span> <span class='ocrx_word' id='word_1_691' title='bbox 752 3132 816 3179; x_wconf 78' lang='grc' dir='ltr'>τὴν</span> <span class='ocrx_word' id='word_1_692' title='bbox 846 3134 1017 3185; x_wconf 82' lang='grc' dir='ltr'>ὠφέλειαν</span> <span class='ocrx_word' id='word_1_693' title='bbox 1048 3136 1159 3186; x_wconf 77' lang='grc' dir='ltr'>εὑρεῖν</span> <span class='ocrx_word' id='word_1_694' title='bbox 1231 3134 1450 3187; x_wconf 86' lang='lat' dir='ltr'>pensatione,</span> <span class='ocrx_word' id='word_1_695' title='bbox 1483 3132 1519 3170; x_wconf 92' lang='lat' dir='ltr'>in</span> <span class='ocrx_word' id='word_1_696' title='bbox 1547 3131 1743 3184; x_wconf 85' lang='lat' dir='ltr'>Scripturis</span> <span class='ocrx_word' id='word_1_697' title='bbox 1774 3142 1856 3171; x_wconf 91' lang='lat' dir='ltr'>sunt</span> <span class='ocrx_word' id='word_1_698' title='bbox 1884 3134 2042 3183; x_wconf 86' lang='lat' dir='ltr'>traditae,</span> <span class='ocrx_word' id='word_1_699' title='bbox 2065 3145 2103 3174; x_wconf 90' lang='lat' dir='ltr'>ut</span> <span class='ocrx_word' id='word_1_700' title='bbox 2126 3151 2188 3175; x_wconf 86' lang='lat' dir='ltr'>nos</span> 
     </span>
    </p>
   </div>
   <div class='ocr_carea' id='block_1_11' title="bbox 137 3262 2189 3454">
    <p class='ocr_par' dir='ltr' id='par_1_11' title="bbox 137 3262 2189 3454">
     <span class='ocr_line' id='line_1_55' title="bbox 181 3262 1723 3310; baseline 0 -12"><span class='ocrx_word' id='word_1_701' title='bbox 181 3275 194 3290; x_wconf 63' lang='grc' dir='ltr'>θ</span> <span class='ocrx_word' id='word_1_702' title='bbox 215 3264 319 3299; x_wconf 81' lang='lat' dir='ltr'>Savil.</span> <span class='ocrx_word' id='word_1_703' title='bbox 346 3273 380 3298; x_wconf 86' lang='lat' dir='ltr'>et.</span> <span class='ocrx_word' id='word_1_704' title='bbox 397 3263 539 3309; x_wconf 65' lang='lat' dir='ltr'>quidam</span> <span class='ocrx_word' id='word_1_705' title='bbox 565 3265 643 3297; x_wconf 85' lang='lat' dir='ltr'>MSS.</span> <span class='ocrx_word' id='word_1_706' title='bbox 665 3272 751 3310; x_wconf 69' lang='grc' dir='ltr'>κόρος</span> <span class='ocrx_word' id='word_1_707' title='bbox 769 3269 955 3308; x_wconf 72' lang='grc' dir='ltr'>λυμαίνεται.</span> <span class='ocrx_word' id='word_1_708' title='bbox 982 3264 1096 3297; x_wconf 75' lang='lat' dir='ltr'>Morel.</span> <span class='ocrx_word' id='word_1_709' title='bbox 1115 3271 1149 3296; x_wconf 83' lang='lat' dir='ltr'>et</span> <span class='ocrx_word' id='word_1_710' title='bbox 1227 3264 1244 3289; x_wconf 76' lang='lat' dir='ltr'>d</span> <span class='ocrx_word' id='word_1_711' title='bbox 1262 3262 1322 3296; x_wconf 81' lang='lat' dir='ltr'>Alii</span> <span class='ocrx_word' id='word_1_712' title='bbox 1340 3267 1486 3298; x_wconf 74' lang='grc' dir='ltr'>τοσούτων</span> <span class='ocrx_word' id='word_1_713' title='bbox 1506 3268 1628 3305; x_wconf 74' lang='grc' dir='ltr'>γνησίων</span> <span class='ocrx_word' id='word_1_714' title='bbox 1645 3266 1723 3301; x_wconf 80' lang='grc' dir='ltr'>διαλ.</span> 
     </span>
     <span class='ocr_line' id='line_1_56' title="bbox 138 3313 2189 3365; baseline 0 -13"><span class='ocrx_word' id='word_1_715' title='bbox 138 3316 192 3349; x_wconf 72' lang='lat' dir='ltr'>alii</span> <span class='ocrx_word' id='word_1_716' title='bbox 209 3325 294 3362; x_wconf 80' lang='grc' dir='ltr'>κόρος</span> <span class='ocrx_word' id='word_1_717' title='bbox 317 3321 529 3362; x_wconf 75' lang='grc' dir='ltr'>ὑποτέμνεται.</span> <span class='ocrx_word' id='word_1_718' title='bbox 559 3316 718 3349; x_wconf 55' lang='lat' dir='ltr'>San-ilium</span> <span class='ocrx_word' id='word_1_719' title='bbox 738 3316 817 3349; x_wconf 81' lang='lat' dir='ltr'>item</span> <span class='ocrx_word' id='word_1_720' title='bbox 845 3324 879 3349; x_wconf 80' lang='lat' dir='ltr'>et</span> <span class='ocrx_word' id='word_1_721' title='bbox 902 3317 979 3350; x_wconf 82' lang='lat' dir='ltr'>Mss.</span> <span class='ocrx_word' id='word_1_722' title='bbox 1005 3316 1148 3350; x_wconf 83' lang='lat' dir='ltr'>Codices</span> <span class='ocrx_word' id='word_1_723' title='bbox 1226 3327 1238 3341; x_wconf 61' lang='grc' dir='ltr'>τ·</span> <span class='ocrx_word' id='word_1_724' title='bbox 1257 3315 1359 3349; x_wconf 87' lang='lat' dir='ltr'>Savil.</span> <span class='ocrx_word' id='word_1_725' title='bbox 1387 3323 1415 3347; x_wconf 86' lang='lat' dir='ltr'>et</span> <span class='ocrx_word' id='word_1_726' title='bbox 1435 3313 1572 3358; x_wconf 82' lang='lat' dir='ltr'>quidam</span> <span class='ocrx_word' id='word_1_727' title='bbox 1595 3316 1671 3349; x_wconf 82' lang='lat' dir='ltr'>Mss.</span> <span class='ocrx_word' id='word_1_728' title='bbox 1692 3323 1817 3362; x_wconf 59' lang='lat' dir='ltr'>ypupo&#39;s·</span> <span class='ocrx_word' id='word_1_729' title='bbox 1847 3320 1944 3355; x_wconf 65' lang='grc' dir='ltr'>ἐπειδὴ</span> <span class='ocrx_word' id='word_1_730' title='bbox 1974 3325 2020 3352; x_wconf 53' lang='grc' dir='ltr'>καὶ</span> <span class='ocrx_word' id='word_1_731' title='bbox 2048 3326 2189 3365; x_wconf 41' lang='lat' dir='ltr'>ommim,-</span> 
     </span>
     <span class='ocr_line' id='line_1_57' title="bbox 137 3369 1953 3414; baseline 0.001 -13"><span class='ocrx_word' id='word_1_732' title='bbox 137 3370 305 3412; x_wconf 75' lang='lat' dir='ltr'>sequimur</span> <span class='ocrx_word' id='word_1_733' title='bbox 321 3369 419 3413; x_wconf 74' lang='lat' dir='ltr'>infra,</span> <span class='ocrx_word' id='word_1_734' title='bbox 438 3371 493 3404; x_wconf 77' lang='lat' dir='ltr'>ubi</span> <span class='ocrx_word' id='word_1_735' title='bbox 510 3369 600 3414; x_wconf 82' lang='lat' dir='ltr'>apud</span> <span class='ocrx_word' id='word_1_736' title='bbox 620 3369 790 3403; x_wconf 83' lang='lat' dir='ltr'>Morellum</span> <span class='ocrx_word' id='word_1_737' title='bbox 805 3369 904 3403; x_wconf 83' lang='lat' dir='ltr'>series</span> <span class='ocrx_word' id='word_1_738' title='bbox 922 3369 1147 3404; x_wconf 81' lang='lat' dir='ltr'>interturbata</span> <span class='ocrx_word' id='word_1_739' title='bbox 1183 3374 1242 3403; x_wconf 69' lang='grc' dir='ltr'>ἐπε</span> <span class='ocrx_word' id='word_1_740' title='bbox 1260 3371 1350 3406; x_wconf 62' lang='grc' dir='ltr'>ποὲὐς</span> <span class='ocrx_word' id='word_1_741' title='bbox 1367 3372 1589 3410; x_wconf 66' lang='grc' dir='ltr'>ἐνιεποκείμενος</span> <span class='ocrx_word' id='word_1_742' title='bbox 1605 3374 1653 3402; x_wconf 73' lang='grc' dir='ltr'>καὶ</span> <span class='ocrx_word' id='word_1_743' title='bbox 1670 3374 1698 3402; x_wconf 72' lang='grc' dir='ltr'>ἐν</span> <span class='ocrx_word' id='word_1_744' title='bbox 1715 3378 1756 3412; x_wconf 76' lang='grc' dir='ltr'>τῷ</span> <span class='ocrx_word' id='word_1_745' title='bbox 1773 3374 1870 3411; x_wconf 71' lang='grc' dir='ltr'>βάθει.</span> <span class='ocrx_word' id='word_1_746' title='bbox 1891 3377 1953 3403; x_wconf 75' lang='lat' dir='ltr'>etc.</span> 
     </span>
     <span class='ocr_line' id='line_1_58' title="bbox 137 3429 221 3454; baseline 0.012 -1"><span class='ocrx_word' id='word_1_747' title='bbox 137 3429 221 3454; x_wconf 82' lang='lat' dir='ltr'>crat.</span> 
     </span>
    </p>
   </div>
  </div>
 </body>
</html>
