2516 3791
154 993 217 1021 Non
235 999 295 1020 tan-

110 1041 170 1062 tum
210 1035 296 1069 perfi-

113 1078 205 1104 cimus
246 1086 298 1112 per

109 1118 179 1144 alios
212 1126 296 1143 oran-

109 1164 175 1192 tes„
205 1168 297 1194 quau-

110 1206 170 1225 tum
183 1209 234 1236 per
247 1208 296 1225 nos

109 1242 198 1277 ipsos.

111 1475 182 1504 Luc.
202 1483 248 1503 11.
267 1474 297 1504 8.

322 102 412 147 522

318 209 436 237 autem
452 213 513 252 per
523 199 682 252 primum
693 209 727 237 et
737 200 933 238 secundum
944 211 1151 250 responsum
1164 196 1264 246 quasi

316 260 496 311 abigebat,
511 269 546 297 et
566 275 643 298 eam
657 275 735 311 quae
757 275 839 298 cum
854 269 950 298 tanto
967 259 1158 296 advenerat
1171 256 1263 294 desi-

316 320 416 359 derio
437 330 471 358 et
485 321 634 371 fervore,
653 322 858 373 repellebat.
880 323 1017 358 Verum
1035 333 1054 355 a
1078 319 1148 355 fine
1167 318 1264 355 disee

316 381 382 419 Dei
408 381 619 429 bonitatem3
644 395 725 418 eum
743 394 869 431 nempe
891 380 1068 417 volentem
1091 392 1169 415 cam
1191 379 1263 416 cla-

314 442 443 480 riorem
470 442 631 486 reddere,
665 450 761 481 tanta
793 439 964 477 dilatione
998 438 1106 476 fuisse
1140 454 1258 477 usum.

314 503 455 540 Etenim
482 502 512 538 si
535 500 654 538 statim
683 500 876 545 annuisset,
904 499 1173 537 nescivissemus
1199 514 1262 536 nos

314 562 471 599 mulieris
483 560 667 598 virtutem:
685 560 769 609 quia
781 569 899 597 autem
912 559 1262 612 parumperdistulit‚

312 631 344 659 et
359 620 501 659 Domini
514 619 746 671 cognovimus
761 620 979 658 ineffabilem
992 620 1261 668 humanitatem,

312 693 343 721 et
365 683 463 720 illius
486 680 595 719 fidem
615 681 798 720 eximiam.

363 915 400 952 4.
429 916 559 954 Totam
579 925 698 954 autem
720 917 811 955 hanc
832 916 1019 955 historiam
1042 916 1078 953 in
1102 915 1263 953 medium

310 976 435 1014 afferre
457 977 568 1015 coacti
589 992 724 1026 sumus,
748 986 788 1015 ut
809 977 987 1015 discamus
1009 991 1071 1014 nos
1094 990 1163 1014 non
1185 984 1262 1013 tan-

311 1045 387 1074 tum
403 1038 569 1089 perficere
580 1053 643 1090 per
656 1037 743 1077 alios
755 1047 906 1088 orantes,
920 1047 1092 1089 quantum
1104 1051 1167 1089 per
1183 1051 1263 1075 nos-

312 1096 418 1148 ipsos,
432 1098 462 1135 si
476 1098 621 1148 quidem
641 1113 723 1136 cum
741 1098 850 1137 alacri
865 1108 898 1136 et
920 1098 1025 1149 vigili
1037 1107 1152 1135 mente
1165 1112 1262 1136 acee—

312 1157 449 1195 damus.
478 1158 670 1197 Enimvero
691 1159 755 1197 illa
776 1169 810 1197 et
828 1158 1021 1211 discipulos
1042 1159 1175 1196 habens
1196 1174 1262 1211 pro

311 1234 347 1257 se
381 1229 531 1268 orantes,
566 1220 658 1258 nihil
690 1221 853 1273 profecit,
888 1220 999 1258 donee
1034 1220 1109 1272 ipsa
1142 1234 1205 1272 per
1227 1234 1263 1257 se

311 1294 462 1332 praesens
486 1290 520 1319 et
537 1296 762 1333 perseverans
781 1281 1003 1319 clementiam
1026 1280 1172 1319 Domini
1193 1280 1263 1319 sihi

313 1341 528 1380 conciliaret.
542 1344 655 1393 Atque
667 1343 836 1396 parabola
854 1343 915 1380 illa
932 1341 1036 1380 amici
1055 1342 1262 1394 intempesta

313 1412 414 1440 nocte
446 1403 632 1447 venientis,
664 1413 697 1441 et
734 1413 803 1441 tres
833 1418 940 1456 panes
971 1403 1135 1456 petentis,
1168 1402 1264 1441 idem

313 1462 432 1515 ipsum
446 1463 659 1501 subindicat.
679 1465 781 1502 ZVam
805 1467 969 1510 etiamsi,
995 1466 1140 1502 amicus
1161 1464 1263 1511 licet,

314 1537 393 1560 non
406 1537 503 1561 exau
510 1525 606 1568 diat,
617 1533 790 1561 attamen
804 1525 872 1561 vel
879 1533 1031 1575 propter
1040 1527 1264 1575 importuni-

313 1591 427 1620 tatem
449 1592 576 1635 surget
596 1593 631 1621 ετ
648 1586 682 1620 ei
701 1585 822 1621 dabit.
843 1585 966 1634 Itaque
981 1598 1063 1621 cum
1078 1584 1264 1623 videamus

312 1642 528 1680 ineffabilem
535 1644 757 1682 clementiam
764 1644 906 1682 Domini
924 1645 1046 1695 nostri,
1057 1645 1265 1684 accedamus

312 1703 359 1741 ad
377 1717 471 1750 eum,
491 1703 692 1750 declaratis,
716 1713 749 1742 et
769 1704 869 1755 quasi
887 1714 967 1742 ante
988 1703 1264 1743 oculos‘nostros

312 1761 503 1814 propositis
532 1762 717 1814 speciatim
751 1764 902 1815 singulis
937 1764 1090 1816 peccatis
1121 1765 1264 1813 nostris,

313 1821 419 1859 ctiam
430 1836 496 1874 pro
507 1823 695 1874 praeteritis
708 1824 848 1861 veniam
858 1833 1034 1876 petamus,
1043 1824 1130 1862 utin
1146 1826 1265 1863 futuro

315 1882 440 1933 majori
452 1881 640 1934 diligentia
655 1882 828 1931 viventes,
852 1884 1052 1921 uberiorem
1067 1885 1142 1936 ejus
1161 1885 1266 1922 bene-

315 1942 508 1980 volentiam
523 1957 764 1993 assequamur.
781 1945 919 1983 Verum
931 1944 1128 1992 redeamus,
1146 1945 1175 1982 si
1189 1945 1268 1997 pla-

316 2009 383 2048 cet,
412 2000 459 2038 ad
479 2001 640 2039 lectionis
664 2001 803 2039 seriem.
831 2002 1095 2040 50.Ascendit
1118 2011 1263 2048 aulem,

318 2059 453 2110 inquit,
477 2062 548 2098 Lot
578 2064 619 2097 in
646 2061 785 2113 Segor,
809 2070 845 2099 et
873 2064 971 2100 sedit
994 2065 1034 2099 in
1064 2072 1209 2111 monte,
1234 2071 1269 2100 et

323 2121 407 2158 duoe
419 2121 514 2172 filice
528 2123 609 2172 ejus
629 2136 712 2159 cum
731 2136 787 2159 eo.
807 2123 1027 2161 Timuerunt
1040 2126 1138 2161 enim
1154 2126 1268 2161 habi-

325 2189 406 2218 tare
422 2183 461 2218 in
481 2181 622 2233 Seg0r‚·
644 2191 679 2220 et
701 2184 894 2221 habitavit
915 2186 958 2220 ιή
972 2185 1155 2236 spelunca
1177 2187 1269 2236 ipse,

323 2251 360 2279 et
382 2242 468 2279 duce
484 2242 578 2290 filice
596 2244 677 2294 ejus
696 2257 783 2281 eum
807 2258 863 2281 eo.
890 2245 1012 2283 Justus
1038 2243 1272 2282 invalescente

322 2301 439 2339 adhuc
460 2302 598 2351 timore,
623 2317 726 2353 quem
754 2313 960 2356 conceperat
979 2319 998 2341 a
1028 2305 1133 2357 plaga
1158 2306 1267 2344 Sodo-

323 2362 420 2399 mitis
444 2362 600 2412 inducta‚
622 2365 747 2415 procul
769 2364 857 2413 abit,
877 2374 910 2402 et
930 2365 966 2403 in
987 2375 1118 2413 monte,
1142 2366 1270 2417 inquit,

322 2422 460 2460 habitat
476 2437 558 2460 cum
577 2424 720 2462 filiabus
740 2425 812 2463 suis
829 2441 836 2461 :
855 2426 937 2463 etin
952 2426 1143 2465 solitudine
1159 2438 1192 2465 et
1210 2443 1271 2466 va-

323 2483 440 2521 stitate
464 2493 621 2522 extrema
658 2495 779 2538 postea
819 2486 887 2524 suit
927 2501 1009 2525 cum
1042 2487 1199 2537 filiabus,
1234 2490 1269 2528 in

324 2553 441 2581 monte
455 2544 574 2582 sedem
591 2546 736 2584 habens.
761 2549 802 2585 5¹
818 2578 824 2584 .
841 2549 951 2585 Dixit
972 2557 1114 2597 autem,
1137 2549 1269 2600 inquit,

326 2608 450 2656 major
468 2615 563 2644 natu
583 2608 635 2644 ad
646 2610 838 2659 juniorem
852 2625 860 2645 :
873 2611 994 2647 Pater
1010 2619 1136 2648 noster
1150 2624 1268 2649 senex

324 2673 393 2711 est,
403 2675 440 2703 et
454 2668 585 2705 nullus
599 2677 780 2719 estsuper
795 2677 936 2707 terram
951 2673 1018 2721 qui
1032 2672 1273 2722 ingrediatur

325 2726 378 2762 ad
389 2740 469 2769 nos,
484 2729 598 2777 juxta
607 2742 748 2766 morem
757 2733 826 2767 uni
830 2744 944 2769 versoe
957 2740 1079 2776 terrea,
1089 2733 1268 2781 5⁹2.szss

324 2794 361 2823 et
377 2795 550 2836 potemus
570 2798 718 2839 patrem
742 2799 912 2830 nostrum
932 2794 1038 2843 vino,
1055 2802 1091 2831 et
1107 2794 1271 2832 dormia-

326 2860 408 2885 mus
437 2861 524 2885 cum
549 2863 603 2898 eo,
635 2858 672 2887 et
697 2854 903 2891 excitemus
929 2866 1057 2892 semen
1088 2867 1137 2892 ex
1163 2863 1272 2906 patre

327 2909 561 2947 nostraCum
574 2912 767 2949 reverentia
779 2922 812 2950 et
825 2913 950 2953 timore
962 2915 1074 2952 multo
1085 2914 1271 2953 audiamus

324 2969 608 3021 ea,dilecti‚quae
625 2972 658 3009 in
679 2972 1013 3026 dixinisScripturis
1027 2975 1269 3022 continentum

325 3043 392 3067 non
415 3030 509 3067 enim
530 3040 656 3069 temere
683 3042 716 3070 et
736 3035 868 3085 absque
891 3050 993 3074 eausa
1019 3037 1150 3089 scripta
1171 3046 1266 3087 sunt,

322 3095 382 3133 sed
410 3097 527 3134 omnia
559 3098 692 3136 utiliter
717 3109 749 3137 et
776 3115 794 3138 e
817 3116 854 3140 re
881 3112 1012 3153 nostra,
1038 3103 1174 3141 etiamsi
1207 3117 1268 3141 nos

321 3164 483 3214 quaedam
502 3166 715 3217 ignoremus.
734 3170 810 3207 Non
831 3171 925 3209 enim
944 3171 1061 3210 omnia
1081 3186 1267 3224 possumus

725 117 763 146 S.
801 116 984 147 JOANMS
1021 114 1265 146 CHRYSOST.
1304 114 1508 144 ARCfflEP.
1547 113 1907 144 ΕΟΝΞΤΑΝἸῚΝΟΡ.

1335 195 1502 247 πρότερον
1532 195 1595 245 μὲν
1616 194 1693 232 οὐδὲ
1712 195 1931 247 ἀποκρίσεως
1955 194 2116 239 ἀξιοῦντα
2144 196 2184 235 τὸ
2200 196 2359 248 γύναιον,

1337 254 1426 305 μετὰ
1453 254 1488 292 δὲ
1513 259 1624 293 ταῦτα
1654 254 1714 293 καὶ
1743 255 1801 293 διὰ
1827 258 1890 301 τῆς
1915 255 2103 308 προτέρας,
2127 256 2187 294 καὶ
2216 257 2274 295 διὰ
2297 261 2361 304 τῆς

1336 312 1496 364 δευτέρας
1532 313 1747 366 ἀποκρίσεως
1789 314 1971 366 μονονουχὶ
2011 314 2271 362 ἀπελαύνοντα,
2300 315 2360 353 καὶ

1335 371 1398 418 τὴν
1440 371 1530 421 μετὰ
1568 372 1733 410 τοσούτου
1774 372 1880 410 πόθου
1919 375 2180 425 προσελθοῦσαν
2224 377 2357 413 ἀποσο-

1335 431 1480 478 6οῧντα,
1506 431 1597 470 Ἀλλ’
1627 434 1668 470 ἐκ
1704 435 1764 470 τοῦ
1798 433 1918 476 τέλους
1955 433 2139 484 κατάμαθε
2169 437 2229 472 τοῦ
2267 436 2359 473 Θεοῦ

1333 492 1396 539 τὴν
1427 492 1626 543 ἀγαθότητα
1642 521 1651 538 ,
1682 492 1735 530 ὅτι
1771 493 1978 544 βουλόμενος
2022 493 2130 539 αὐτὴν
2170 509 2362 545 περιφανε-

1335 553 1459 605 στέραν
1479 553 1706 605 ἐργάσασθαι,
1729 553 1785 591 διὰ
1810 557 1912 591 τοῦτο
1931 556 1974 605 τῇ
2001 553 2224 607 μακροθυμία
2251 554 2361 606 ἐχρή-

1334 628 1431 652 σατο.
1457 615 1500 652 Εἰ
1525 613 1588 664 μὲν
1613 613 1679 666 γὰρ
1713 613 1837 657 εὐθέως
1858 613 2060 660 ἐπένευσεν,
2086 617 2147 652 οὐκ
2178 613 2218 652 ἂν
2251 615 2360 665 ἔγνω-

1337 690 1398 724 μεν
1418 678 1520 724 ἡμεῖς
1538 677 1600 720 τῆς
1614 675 1775 725 γυναικὸς
1790 674 1853 721 τὴν
1869 673 1999 726 ἀρετήν
2011 690 2019 698 ·
2039 673 2158 720 ἐπειδὴ
2181 674 2217 712 δὲ
2237 674 2360 726 μικρὸν

1337 734 1567 784 ἀνεὸάλλετο,
1591 735 1649 773 καὶ
1669 739 1728 772 τοῦ
1758 734 1939 773 Δεσπότου
1960 735 2117 786 ἔγνωμεν
2145 734 2206 781 τὴν
2229 735 2360 787 ἄφατον

1335 796 1611 848 φιλανθρωπίαν,
1636 796 1807 843 ’κάκείνης
1839 795 1904 842 τὴν
1936 795 2055 834 πίστιν
2088 794 2150 842 τὴν
2183 795 2363 847 tmpest-

1340 856 1483 894 λουσαν.

1388 916 1531 964 Ταύτην
1562 918 1596 955 δὲ
1625 923 1741 956 πᾶσαν
1758 916 1822 963 τὴν
1850 916 2004 969 ἱστορίαν
2033 919 2080 960 εἷς
2115 918 2220 967 μέσον
2242 932 2359 968 παρα-

1334 982 1452 1027 γαγεῖν
1487 977 1772 1028 ἠναγκάσθημεν,
1801 977 1857 1014 ἵνα
1880 978 2059 1028 μάθωμεν,
2090 976 2144 1014 ὅτι
2175 979 2241 1028 οὐχ
2269 975 2359 1015 οὕτω

1335 1038 1378 1075 δι’
1399 1037 1524 1089 ἑτέρων
1544 1040 1827 1090 παρακαλοῦντες
1847 1039 2007 1088 ἀνύομεν,
2027 1040 2073 1080 ὡς
2092 1038 2194 1075 αὐτοὶ
2211 1039 2254 1074 δι’
2275 1040 2359 1075 ἑαυ-

1333 1100 1414 1147 τῶν,
1435 1099 1576 1136 ἐπειδὰν
1610 1098 1700 1149 μετὰ
1731 1099 1944 1150 θερμότητος
1976 1098 2180 1150 προσίωμεν
2208 1097 2267 1136 καὶ
2288 1099 2358 1136 διε-

1334 1159 1552 1212 γηγερμένης
1575 1159 1740 1203 διανοίας.
1761 1159 1851 1198 Ἰδοὺ
1871 1160 1937 1212 γὰρ
1965 1159 2052 1206 αῧτη
2087 1159 2147 1197 καὶ
2179 1159 2258 1202 τοὺς
2289 1175 2358 1209 μα-

1334 1222 1440 1269 θητὰς
1469 1221 1598 1274 ἔχουσα
1624 1222 1711 1274 ὑπὲρ
1734 1224 1840 1268 αὐτῆς
1870 1221 2088 1264 ἱκετεύοντας
2120 1221 2217 1259 οὐδὲν
2254 1221 2360 1259 πλέον

1334 1282 1457 1321 ἀνύσαι
1478 1283 1653 1331 ἠδυνήθη,
1671 1283 1794 1335 μέχρις
1820 1283 1876 1322 ὅτε
1911 1282 1999 1329 αὐτὴ
2021 1284 2064 1320 δι’
2092 1284 2217 1328 ἑαυτῆς
2246 1298 2362 1334 παρα--

1336 1343 1483 1394 μείνασα
1500 1344 1563 1391 τὴν
1577 1345 1839 1397 φιλανθρωπίαν
1853 1343 2080 1382 ἐπεσπάσατο
2092 1347 2154 1381 τοῦ
2168 1343 2360 1382 Δεσπότου-

1335 1404 1405 1443 Καὶ
1425 1408 1445 1451 ἡ
1467 1404 1650 1457 παραδολὴ
1670 1404 1705 1443 δὲ
1725 1405 1842 1452 ἐκείνη
1878 1405 1937 1442 τοῦ
1970 1404 2068 1456 φίλου
2089 1409 2149 1442 τοῦ
2178 1403 2267 1456 ἀωρὶ
2299 1406 2362 1450 τῆς

1334 1466 1454 1510 νυκτὸς
1473 1466 1779 1521 παραγενομένου,
1802 1467 1860 1505 καὶ
1890 1465 1968 1510 τοὺς
1995 1471 2086 1517 τρεῖς
2105 1467 2229 1518 ἄρτους
2256 1466 2361 1512 αἰτή-

1337 1542 1480 1574 σαντος,
1498 1528 1537 1566 τὸ
1557 1529 1641 1567 αὐτὸ
1657 1528 1858 1567 αἰνίττεται.
1882 1529 1926 1566 Εἰ
1941 1526 2008 1578 γὰρ
2024 1526 2082 1564 καὶ
2100 1526 2148 1577 μὴ
2174 1526 2230 1564 διὰ
2248 1527 2288 1565 τὸ
2307 1525 2361 1578 φί-

1336 1590 1394 1631 λος
1425 1582 1529 1627 αὖτοῧ
1556 1583 1656 1637 εἶναι,
1684 1589 1801 1640 φησὶν,
1832 1588 2023 1626 ὑπακούσει
2056 1589 2163 1639 αὐτῷ,
2193 1587 2250 1626 διὰ
2279 1591 2360 1638 γοῦν

1337 1649 1400 1695 τὴν
1424 1650 1600 1687 ἀναίδειαν
1623 1653 1727 1687 αὐτοῦ
1754 1649 1906 1691 ἀναστὰς
1935 1649 2051 1686 δώσει.
2078 1647 2219 1690 Είδότες
2247 1647 2360 1686 τοίνυν

1337 1709 1400 1756 τὴν
1429 1709 1559 1761 ἄφατον
1587 1708 1848 1761 φιλανθρωπίαν
1871 1713 1931 1747 τοῦ
1957 1707 2130 1758 ἡμετέρου
2160 1707 2362 1753 Δεσπότου,

1335 1769 1537 1821 προσίωμεν
1566 1772 1675 1822 αὐτῷ,
1694 1769 1898 1817 δεικνύντες,
1912 1768 1970 1806 καὶ
1996 1768 2179 1821 μονονουχὶ
2199 1767 2267 1819 πρὸ
2292 1771 2361 1807 τῶν

1337 1831 1524 1882 ὀφθαλμῶν
1550 1833 1619 1868 τῶν
1638 1830 1817 1882 ἡμετέρων
1838 1829 2055 1882 προτιθέντες
2072 1831 2150 1867 κατ’
2174 1823 2260 1872 εἶδος
2276 1828 2361 1866 Ena*

1339 1907 1417 1930 στον
1438 1894 1505 1930 τῶν
1524 1895 1609 1943 ἡμῖν
1633 1891 2003 1942 πεπλημμελημένων,
2023 1890 2082 1929 καὶ
2104 1890 2166 1937 τὴν
2189 1889 2276 1942 ὑπὲρ
2296 1892 2366 1928 τῶν

1339 1952 1580 2005 παρελθόντων
1613 1953 1837 2005 συγχώρησιν
1857 1955 2072 1998 δαῖτοῧντες,
2088 1951 2144 1989 ἵνα
2168 1951 2227 1990 καὶ
2250 1953 2298 1994 εἷς
2327 1951 2367 1988 τὸ

1341 2014 1417 2060 ἑξῆς
1432 2014 1565 2061 πολλὴν
1582 2014 1646 2061 τὴν
1664 2014 1848 2066 ἀκρίὸειαν
1859 2013 2128 2064 ἐπιδειξάμενοι,
2143 2013 2287 2051 πλείονα
2301 2011 2368 2059 τὴν

1341 2076 1424 2127 παρ’
1445 2076 1549 2113 αὐτοῦ
1575 2075 1707 2112 εὔνοιαν
1735 2074 2026 2124 ἐπισπασώμεθα.
2052 2073 2145 2113 Ἀλλ’
2167 2072 2367 2112 ἐπανέλθω·

1344 2151 1420 2185 μεν,
1441 2137 1470 2173 εἰ
1490 2136 1600 2183 δοκεῖ,
1619 2135 1676 2172 ἐπὶ
1696 2134 1759 2181 τὴν
1780 2134 1985 2172 ἀκολουθίαν
2005 2137 2064 2171 τοῦ
2082 2133 2366 2186 ἀναγνώσματος.

1342 2195 1463 2241 ’Avia-q
1489 2195 1537 2240 δὲ,
1557 2195 1653 2247 φησὶ,
1671 2195 1755 2233 Λὼτ
1786 2198 1832 2238 εἷς
1854 2194 1997 2246 Σηγὼρ,
2011 2195 2071 2232 καὶ
2092 2195 2245 2240 ἐκάθητο
2264 2196 2299 2232 ἐν
2316 2197 2367 2246 τῷ

1343 2257 1426 2308 ὄρει,
1445 2256 1503 2294 καὶ
1531 2258 1567 2293 αἱ
1592 2256 1651 2294 δύο
1671 2256 1854 2307 θυγατέρες
1874 2257 1979 2293 αὐτοῦ
1997 2257 2071 2305 μετ’
2091 2256 2218 2293 αὐτοῦ·
2238 2254 2366 2306 {apogr}-

1344 2320 1452 2362 θησαν
1469 2317 1536 2369 γὰρ
1553 2319 1693 2363 οἰκῆσαι
1708 2318 1741 2354 ἐν
1762 2315 1890 2367 Σηγώρ
1905 2332 1912 2339 ·
1927 2315 1987 2353 καὶ
2005 2315 2141 2366 ᾤκησεν
2157 2317 2192 2353 ἐν
2210 2318 2258 2367 τῷ
2276 2331 2366 2362 σπη·

1343 2378 1431 2430 λαίῳ
1449 2378 1561 2425 αὐτὸς,
1579 2378 1637 2416 καὶ
1662 2380 1696 2415 αἱ
1716 2377 1774 2416 δύο
1793 2378 1978 2430 θυγατέρες
2008 2378 2112 2415 αὐτοῦ
2144 2378 2219 2427 μετ’
2246 2378 2366 2415 αὐτοῦ.

1343 2440 1610 2489 Ἐνακμοίζοντα
1629 2438 1719 2490 ἔχων
1742 2438 1793 2477 ἔτι
1818 2439 1874 2476 τὸν
1896 2438 2000 2491 φόὸον
2027 2441 2090 2484 τῆς
2112 2437 2282 2489 τιμωρίας
2304 2439 2366 2484 τῆς

1343 2500 1555 2551 ἐπαχθείσης
1576 2505 1646 2543 τοῖς
1665 2499 1756 2538 κατὰ
1774 2499 1818 2537 τὰ
1839 2499 2004 2550 Σόδομα,
2019 2499 2195 2552 πόρρωθεν
2227 2498 2364 2537 ἄπεισιν

1344 2564 1361 2598 ὁ
1381 2561 1527 2609 δίκαιος,
1545 2562 1604 2600 καὶ
1629 2564 1676 2605 εἰς
1690 2563 1730 2600 τὸ
1752 2562 1847 2613 ὄρος,
1867 2561 1974 2613 φησὶ,
2000 2565 2154 2599 κατοικεῖ
2175 2559 2264 2610 μετὰ
2294 2562 2364 2598 τῶν

1345 2623 1552 2674 θυγατέρων,
1573 2623 1631 2660 καὶ
1651 2625 1684 2661 ἐν
1705 2622 1836 2674 ἐρημίᾳ
1852 2622 1984 2674 ἐσχάτῃ
2004 2621 2063 2659 καὶ
2083 2620 2364 2672 μονώσειλοιπὸν

1344 2683 1512 2735 ἐτύγχανε
1531 2684 1619 2735 μετὰ
1638 2686 1706 2721 τῶν
1725 2684 1784 2721 δύο
1810 2683 2008 2735 θυγατέρων
2030 2684 2064 2720 ἐν
2084 2685 2132 2734 τῷ
2152 2682 2224 2734 ὄρει
2243 2697 2363 2720 κατοι-

1344 2746 1425 2782 κῶν.
1452 2739 1541 2783 Eine
1561 2745 1616 2793 δὲ,
1636 2744 1753 2796 φησὶν,
1767 2747 1789 2791 ἡ
1814 2743 2034 2795 πρεσὸυτέρα
2052 2742 2137 2794 πρὸς
2165 2741 2227 2788 τὴν
2245 2743 2365 2780 νεωτέ-

1346 2822 1426 2857 ραν·
1446 2809 1464 2844 ὃ
1491 2807 1609 2858 πατὴρ
1636 2809 1736 2856 ἡμῶν
1772 2805 2028 2857 πρεσὸύτερος,
2044 2804 2103 2842 καὶ
2136 2803 2247 2848 οὐδείς
2271 2805 2364 2842 ἐστιν

1344 2866 1402 2904 ἐπὶ
1418 2870 1478 2913 τῆς
1496 2871 1558 2918 γῆς
1570 2896 1579 2913 ,
1599 2866 1633 2910 ὃς
1654 2865 1888 2904 εἰσελεύσεται
1911 2865 1996 2918 πρὸς
2021 2869 2135 2916 ἡμᾶς,
2154 2867 2200 2908 ὡς
2218 2863 2366 2910 καθήκει

1343 2926 1440 2979 παίσῃ
1459 2930 1500 2978 τῇ
1514 2930 1572 2979 γῇ.
1594 2930 1702 2979 Δεῦρο
1713 2955 1722 2972 ,
1738 2927 1797 2965 καὶ
1813 2927 2015 2977 ποτίσωμεν
2028 2925 2086 2963 τὸν
2105 2925 2241 2977 πατέρα
2259 2927 2362 2975 ἡμῶν

1297 2995 1319 3024 E
1344 2981 1445 3034 οἶνον,
1459 2989 1517 3026 καὶ
1529 2990 1752 3038 κοιμηθῶμεν
1770 2991 1844 3038 μετ’
1862 2989 1966 3025 αὐτοῦ
1978 3015 1987 3033 ,
2000 2986 2059 3039 καὶ
2075 2985 2363 3034 ἐξαναστήσωμεν

1343 3050 1483 3100 σπέρμα
1503 3051 1542 3086 ἐκ
1558 3052 1617 3087 τοῦ
1638 3049 1766 3100 πατρὸς
1786 3050 1900 3098 ἡμῶν.
1922 3049 2011 3085 Μετ’
2028 3045 2210 3089 εὐλαὸείας
2226 3045 2285 3083 καὶ
2303 3044 2365 3097 φό-

1342 3109 1402 3147 Εου
1423 3111 1552 3148 πολλοῦ
1573 3109 1766 3159 ἀκούωμεν,
1783 3107 1979 3160 ἀγαπητοὶ,
1999 3109 2067 3145 τῶν
2096 3108 2131 3144 ἐν
2152 3112 2227 3149 ταῖς
2256 3105 2363 3148 θείαις

1334 3173 1486 3223 Γραφαῐς
1514 3172 1705 3221 κειμένων·
1723 3169 1819 3208 οὐδὲν
1850 3168 1916 3219 γὰρ
1949 3169 2069 3211 ἁπλῶς
2098 3167 2157 3206 καὶ
2189 3169 2264 3219 εἰκῇ
2295 3165 2359 3217 γε’-

361 3297 373 3311 ¹·
386 3287 488 3320 Savil.
514 3296 546 3321 et
567 3289 691 3333 aliquot
709 3291 783 3323 Mss.
809 3298 967 3334 αἰτοῦντες,
996 3301 1034 3333 εἰς
1052 3301 1086 3330 τὸ
1113 3299 1177 3336 ἑξῆς
1206 3299 1319 3334 πολλὴν
1336 3299 1389 3334 τὴν
1407 3297 1556 3336 ἀκρὶἒειαν
1574 3297 1798 3335 ἐπιδειξώμεθα,
1817 3296 1862 3326 ἵνα
1879 3295 1927 3325 καὶ
1948 3294 2081 3326 πλείονα.
