2516 3791
272 203 362 268 706
675 217 714 247 s.
751 212 938 247 maurus
972 206 1214 241 cnnrsos‘r.

271 307 328 342 „vit
347 319 358 339 .-
385 301 665 340 Undevenistis
679 297 859 337 PSimulat
869 291 1113 334 omnimodam
1126 288 1224 340 igno-

271 365 439 413 rantiam,
455 371 494 400 ut
507 361 626 400 omnia
639 360 829 411 diligenter
839 357 884 394 ab
900 355 949 392 eis
958 353 1093 391 discere
1105 357 1222 401 queat.

272 424 507 464 Desiderabat
523 423 617 461 enim
636 421 724 459 scire
735 432 813 469 quae
829 416 876 454 ad
894 424 1034 468 patrem
1048 422 1081 450 et
1093 411 1139 450 ad
1153 411 1224 449 fra—

274 497 364 525 trem
383 485 599 538 spectabant.

327 550 364 585 52.
387 546 433 583 Et
454 545 613 597 primum
627 539 753 592 quaerit
773 552 816 577 ex
839 551 910 589 qua
929 535 1072 587 regione
1091 534 1173 581 sint,
1193 540 1227 571 et

276 609 401 647 dicunt
433 620 476 643 ex
506 605 675 641 Chanaan
709 615 745 639 se
766 599 903 639 venisse
915 607 954 635 ut
984 603 1139 634 emerent
1152 594 1227 631 fru-

275 678 404 708 menta.
428 665 558 713 Famis,
580 663 766 714 inquiunt,
788 659 976 698 necessitas
996 658 1031 695 in
1052 670 1155 694 causa
1178 663 1228 692 est

277 743 384 781 quare
405 727 445 765 id
463 726 599 764 itineris
624 723 853 769 confecimus,
879 730 911 759 et
933 728 1119 773 propterea
1148 716 1229 754 reli-

277 792 342 830 ctis
356 789 513 843 propriis
527 788 600 825 huc
614 785 834 826 venimus.9.
848 785 901 821 Et
913 781 1136 820 recordatus
1156 786 1226 825 est,

276 853 407 903 inquit,
425 851 570 901 Joseph
584 850 820 886 somniorum
849 858 933 897 quoe
951 846 1030 895 ipse
1054 842 1226 878 viderat.

279 916 321 952 In
341 922 495 951 mentem
515 917 688 949 venerunt
703 907 733 945 ei
755 906 904 953 somnia,
929 913 962 942 et
976 902 1123 942 videbat
1150 914 1231 939 eve-

277 976 354 1014 nire
376 989 429 1022 ea,
454 972 603 1022 ideoque
639 969 781 1009 volebat
815 967 1003 1018 diligenter
1027 963 1146 1002 omnia
1177 961 1233 999 di-

280 1051 387 1083 scere,
407 1045 441 1074 et
461 1047 591 1086 magna
611 1046 693 1069 cum
729 1029 933 1067 austeritate
957 1026 1006 1064 eis
1034 1023 1234 1076 respondet,

281 1114 320 1137 ac
334 1098 424 1136 dicit
438 1113 445 1133 ε
460 1095 741 1147 Exploratores
753 1093 857 1137 estis,
871 1097 907 1127 et
922 1089 976 1126 ad
987 1087 1238 1124 consideran-

284 1162 337 1199 da
358 1160 525 1210 vestigia
545 1165 655 1194 terrae
669 1154 847 1191 venistis.
874 1151 956 1189 Non
981 1157 1087 1197 recta,
1104 1147 1235 1198 inquit,

284 1229 401 1259 mente
415 1217 619 1256 advenistis.
647 1213 834 1255 Videmini
864 1221 938 1250 arte
956 1219 989 1248 et
1019 1208 1240 1260 malignitate

287 1281 445 1333 quadam
453 1280 524 1316 huc
538 1277 699 1330 profecti.
720 1275 780 1313 Illi
794 1283 911 1312 autem
931 1271 1031 1310 anxii
1044 1270 1213 1310 dixerunt
1230 1285 1238 1306 :

288 1346 350 1382 10.
368 1345 470 1390 Νοη,
497 1342 666 1378 domine.
696 1337 746 1375 Et
778 1335 817 1374 id
840 1334 939 1386 quod
966 1333 1100 1371 discere
1118 1331 1242 1370 stude—

287 1405 348 1443 bat
377 1402 525 1454 Joscph,
557 1400 626 1439 hoc
660 1413 680 1436 a
718 1396 916 1448 semetipsis
938 1394 1081 1443 docent,
1120 1402 1153 1431 et
1186 1392 1241 1430 di-

288 1475 374 1504 cunt
396 1481 403 1502 :
425 1465 532 1503 Servi
553 1465 608 1500 tui
641 1462 836 1505 venimus,
857 1466 897 1495 ut
918 1469 1090 1494 emamus
1118 1468 1239 1492 escas.

290 1530 332 1565 11
348 1559 354 1565 .
372 1529 512 1565 Omnes
522 1525 609 1577 filii
621 1535 752 1561 sumus
771 1522 884 1558 unius
901 1521 993 1564 viri,
1011 1520 1101 1569 paci
1102 1516 1169 1567 fici
1181 1530 1244 1554 su-

291 1602 388 1634 mus,
409 1601 486 1624 uon
496 1584 692 1623 suntservi
707 1583 762 1618 tui
773 1579 1051 1631 exploratores.
1064 1575 1247 1614 Adhucde

290 1648 413 1701 seipsis
433 1655 571 1684 tantum
587 1643 760 1681 rationem
778 1639 984 1687 reddebant,
1021 1646 1055 1675 et
1092 1651 1164 1689 prae
1192 1636 1242 1674 ti-

290 1724 388 1748 more
403 1707 542 1746 attoniti
558 1714 685 1751 mente,
695 1701 855 1740 nondum
869 1714 947 1751 quae
963 1699 1008 1737 ad
1020 1698 1150 1750 Joseph
1165 1712 1244 1750 per-

292 1772 461 1818 tinebant,
481 1768 646 1806 dixerant
669 1781 676 1801 :
696 1764 777 1802 ideo
802 1763 863 1800 ille
890 1773 1119 1814 perseverans
1145 1758 1246 1797 dice-

292 1835 352 1872 bat
370 1849 377 1869 ε
403 1834 466 1870 12.
498 1832 602 1878 Νοη,
619 1828 687 1866 sed
701 1827 865 1864 venistis
886 1833 926 1862 ut
946 1824 1114 1874 vestigia
1135 1830 1245 1858 terroe

1254 201 1439 233 ARCHIEP
1448 221 1457 231 .
1495 198 1838 230 CONSTANTINOP
1846 219 1855 229 .

1293 285 1434 336 δυνηθῇ.
1461 282 1654 334 Ἐπεθύμει
1679 282 1748 336 γὰρ
1771 284 1900 334 γνῶναι
1924 281 1969 321 τὰ
1989 282 2078 321 κατὰ
2102 283 2159 322 τὸν
2178 283 2315 337 πατέρα

1293 344 1352 383 καὶ
1371 344 1416 382 τὰ
1434 342 1527 382 κατὰ
1545 343 1604 382 τὸν
1627 342 1785 396 ἀδελφόν.

1349 524 1419 562 Καὶ
1438 522 1525 568 τέως
1554 522 1617 574 μὲν
1633 522 1842 562 πυνθάνεται
1859 524 1898 561 ἐκ
1912 523 2013 567 ποίας
2039 523 2157 575 χώρας
2183 524 2320 576 τυγγά-

1296 603 1405 634 νουσι,
1430 586 1490 624 καί
1513 601 1616 638 φασιν
1633 588 1672 624 ἐκ
1684 589 1746 632 τῆς
1759 585 1903 623 Χαναὰν
1916 587 2025 623 ἐλθεῖν
2041 586 2212 638 ἀγοράσαι
2233 569 2324 637 βρώ-

1299 664 1405 700 ματα.
1414 647 1459 686 ‘H
1470 652 1530 686 τοῦ
1546 648 1664 698 λιμοῦ,
1675 645 1790 699 φασὶν,
1803 647 1943 698 ἀνάγκη·
1953 649 2015 692 τῆς
2026 646 2222 700 ὁδοιπορίας
2231 650 2325 698 ἡμᾶς

1297 709 1426 757 ταύτης
1446 709 1658 761 ἀνασχέσθαι
1678 707 1868 755 πεποίηκε,
1892 707 1952 745 καὶ
1979 707 2036 745 διὰ
2056 710 2158 745 τοῦτο
2177 709 2326 745 καταλι-

1298 771 1420 815 πόντες
1440 770 1485 809 τὰ
1505 772 1617 808 οἰκεῖα
1634 772 1781 808 ἐνταῦθα
1802 768 2102 821 παραγεγόναμεν.
2126 767 2196 806 Καὶ
2221 766 2324 818 ἐμνή-

1300 836 1378 878 σθη,
1400 832 1519 884 φησὶν,
1534 830 1665 883 Ἰωσὴφ
1680 832 1748 868 τῶν
1770 829 1951 877 ἐνυπνίων,
1970 823 2017 867 ὧν
2035 823 2120 868 εἶδεν
2140 827 2250 872 αὐτός.
2266 829 2330 871 Εἷς

1254 903 1278 932 Ε
1301 893 1432 932 ἔννοιαν
1457 892 1564 931 ἐλθὼν
1584 895 1652 930 τῶν
1672 890 1870 944 ὀνειράτων,
1903 891 1963 929 καὶ
1980 891 2088 944 εὑρὼν
2109 890 2172 937 τὴν
2188 890 2330 928 ἔκὸασιν

1303 956 1351 998 εἷς
1404 953 1521 1007 ἔργον1
1548 955 1753 1000 ἐληλυθυῖαν
1769 984 1778 1000 ,
1819 952 1978 991 {omnmo
2021 951 2110 1003 μετὰ
2154 950 2333 1002 ἀκριὸείας

1304 1016 1442 1054 ἅπαντα
1464 1019 1596 1066 μαθεῖν.
1620 1015 1683 1053 Διὸ
1701 1014 1760 1051 καὶ
1785 1014 1875 1065 μετὰ
1887 1016 2018 1060 πολλῆς
2036 1014 2150 1056 αὐτοῖς
2166 1015 2228 1057 τῆς
2244 1027 2332 1064 σφο-

1307 1075 1470 1128 δρότητος
1487 1075 1610 1118 εὐθέως
1629 1074 1855 1127 ἀποκρίνεται
1869 1105 1878 1122 ,
1897 1075 1957 1112 καί
1976 1089 2060 1125 φησι
2075 1103 2083 1112 .
2108 1071 2335 1112 Κατάσκοποί

1307 1140 1404 1185 ἐστε,
1432 1137 1492 1176 καὶ
1519 1140 1734 1183 κατανοῆσαι
1762 1136 1808 1175 τὰ
1827 1136 1907 1188 ἴχνη
1930 1138 1993 1181 τῆς
2020 1139 2085 1185 γῆς
2113 1134 2236 1181 ἥκατε.
2258 1135 2338 1186 Οὐχ

1309 1200 1417 1249 ὑγιεῖ,
1444 1197 1550 1250 φησὶ,
1576 1196 1699 1249 γνώμῃ
1728 1198 2002 1249 παραγεγόνατε.
2037 1196 2199 1235 Ἐοίκατε
2231 1194 2337 1247 τέχνη

1308 1259 1376 1297 τινὶ
1396 1259 1455 1298 καὶ
1481 1258 1675 1312 κακουργία
1694 1257 1757 1305 τὴν
1782 1261 1929 1297 ἐνταῦθα
1955 1258 2068 1310 ἄφιξιν
2096 1255 2338 1303 πεποιηκέναι.

1310 1323 1357 1360 Οἳ
1384 1321 1420 1360 δὲ
1443 1320 1623 1373 ἐναγώνιοι
1645 1319 1823 1372 γενόμενοί
1847 1335 1971 1372 φασιν·
1998 1319 2111 1372 Οὐχὶ,
2137 1318 2245 1371 κύριε.
2271 1316 2342 1355 Καὶ

1312 1382 1397 1435 ὅπερ
1415 1386 1536 1434 μαθεῖν
1553 1382 1760 1426 ἐσπούδαζεν
1775 1385 1792 1420 ὁ
1806 1381 1950 1434 Ἰωσὴφ,
1969 1385 2072 1419 τοῦτο
2090 1380 2222 1419 οἴκοθεν
2240 1379 2342 1417 αὐτὸν

1314 1444 1536 1491 διδάσκουσι,
1557 1443 1616 1482 καί
1633 1459 1735 1495 φασιν
1753 1459 1760 1466 ·
1782 1445 1830 1481 Οἱ
1849 1442 1970 1486 παῖδές
1985 1458 2045 1480 σου
2064 1442 2214 1492 ἤλθομεν
2233 1439 2341 1494 πρία-

1313 1510 1394 1544 σθαι
1428 1505 1612 1558 βρώματα.
1642 1505 1779 1548 Πάντες
1813 1505 1916 1555 ἐσμὲν
1949 1504 2016 1542 υἱοὶ
2041 1503 2113 1546 ἑνὸς
2141 1501 2344 1554 ἀνθριῖ)που,

1315 1566 1480 1621 εἶρηνικοί
1501 1569 1617 1617 ε’σμεν,
1644 1567 1706 1604 οὐκ
1730 1565 1816 1604 εἰσὶν
1833 1568 1864 1603 οἱ
1886 1564 2007 1607 παῖδές
2027 1580 2090 1602 σου
2110 1563 2344 1602 κατάσκοποι.

1313 1628 1396 1667 Ἔτι
1418 1627 1498 1679 περὶ
1519 1630 1648 1665 ἑαυτῶν
1673 1627 1775 1677 μόνον
1796 1625 2090 1676 ἀπολογούμενοι,
2116 1625 2177 1663 καὶ
2195 1623 2264 1661 ὑπὸ
2289 1627 2350 1660 τοῦ

1317 1689 1423 1742 φόὸου
1454 1686 1739 1732 κατασεισθέντες
1771 1686 1834 1733 τὴν
1863 1686 2030 1731 διάνοιαν,
2064 1684 2200 1723 οὐδέπω
2234 1683 2278 1722 τὰ
2301 1686 2352 1736 τῷ

1318 1749 1451 1802 Ἰωσὴφ
1474 1749 1740 1799 σπουδαζόμενα
1759 1748 1932 1801 εἰρήκασι.
1956 1747 2020 1786 Διὸ
2047 1746 2195 1797 ἐπέμενε
2212 1744 2325 1797 λέγων
2341 1760 2350 1768 ·

1259 1850 1306 1874 610
1318 1811 1423 1863 Οὐχὶ,
1441 1810 1530 1849 ἀλλὰ
1546 1809 1590 1847 τὰ
1613 1809 1694 1862 ἴχνη
1713 1811 1776 1854 τῆς
1797 1812 1861 1860 γῆς
1880 1809 2003 1855 ἤλθετε
2023 1809 2118 1846 ἰδεῖν.
2146 1809 2346 1860 Περιττῶς,

294 1895 514 1948 erploretis.
534 1891 775 1943 Supervaeue,
804 1885 932 1937 inquit,
961 1884 1037 1922 haec
1051 1882 1141 1920 mihi
1156 1882 1247 1920 dici·
1271 1888 1293 1917 Α
1312 1872 1423 1925 φησὶ,
1444 1871 1553 1910 ταῦτά
1579 1886 1639 1922 μοι
1661 1870 1780 1922 λέγετε
1793 1885 1801 1893 ·
1827 1870 1887 1908 καὶ
1900 1869 1968 1923 γὰρ
1989 1869 2070 1908 αὐτὸ
2089 1869 2129 1908 τὸ
2145 1872 2268 1921 σχῆμα
2286 1870 2349 1915 τῆς

295 1957 341 1995 tis
360 1972 368 1993 :
391 1954 522 1993 etenim
538 1952 597 1991 vel
616 1951 694 2003 ipsa
728 1948 903 1987 adventus
937 1945 1048 1985 vestri
1079 1944 1170 1982 ratio
1189 1943 1248 1982 de-

300 2017 466 2065 claravit,
486 2028 551 2053 vos
561 2012 655 2051 malo
671 2009 827 2062 quodam
845 2007 1026 2061 proposito
1045 2015 1160 2045 motos
1177 2006 1250 2043 huc

296 2079 446 2118 venisse.
461 2075 522 2114 Illi
537 2083 655 2113 autem
670 2071 872 2110 necessitate
897 2067 1020 2118 coacti,
1035 2076 1068 2105 et
1092 2067 1250 2106 volentes

298 2155 379 2179 cum
393 2139 440 2176 ad
452 2134 735 2175 misericordiam
751 2133 890 2170 flectere
900 2130 1024 2168 dicunt
1039 2145 1046 2165 ε
1064 2130 1126 2166 15.
1143 2130 1251 2166 Duo—

300 2204 424 2240 decim
438 2212 568 2238 sumus
587 2198 731 2247 fratres
742 2196 842 2232 servi
859 2195 926 2230 tui.
942 2194 974 2230 O
989 2191 1181 2229 verborum
1191 2189 1252 2227 de-

305 2259 521 2315 ceptionem!
554 2257 674 2295 Etiam
709 2269 790 2292 eum
832 2267 938 2303 quem
974 2251 1253 2303 negotiatoribus

304 2321 553 2368 vendiderant,
588 2318 624 2355 in
662 2328 808 2353 numero
851 2326 914 2350 suo
948 2320 1125 2349 recensent
1153 2326 1160 2347 :
1192 2324 1255 2348 nec

304 2384 427 2422 dicunt
471 2398 478 2418 :
515 2377 714 2418 Duodecim
752 2375 899 2422 suimus,
931 2372 1003 2421 sed,
1041 2373 1256 2410 Duodecim

305 2459 436 2485 sumus
458 2444 626 2496 fratres,
663 2447 701 2476 et
735 2450 820 2475 ecce
855 2437 993 2487 junior
1030 2446 1116 2471 cum
1145 2441 1258 2485 patre

308 2516 449 2546 nostro.
487 2505 563 2542 Hoc
588 2502 683 2540 enim
716 2507 790 2538 erat
819 2496 917 2548 quod
953 2495 1042 2534 scire
1075 2495 1258 2547 cupiebat,

308 2584 395 2607 num
420 2577 453 2605 et
480 2567 626 2604 fratrem
654 2560 819 2600 similiter
842 2557 1063 2596 afflixissent.
1094 2557 1146 2594 Et
1173 2569 1261 2593 ecce

304 2634 440 2685 junior
457 2643 544 2667 cum
557 2634 670 2679 patre
706 2630 860 2669 nostr03
882 2619 984 2657 alius
1018 2626 1149 2655 autem
1184 2630 1262 2653 non

311 2699 492 2744 superest.
534 2689 608 2726 Nec
628 2685 753 2724 dicunt
781 2696 856 2720 rem
878 2679 1075 2727 manifeste,
1097 2677 1159 2717 sed
1184 2687 1262 2716 tan-

312 2761 402 2795 tum,
421 2752 512 2788 Non
525 2753 707 2799 superest.
731 2742 791 2780 Ex
817 2741 886 2778 hoc
902 2753 985 2777 cum
1012 2737 1263 2789 suspicaretur,

313 2827 356 2850 ne
378 2813 466 2849 forte
495 2818 529 2848 et
563 2804 748 2859 Benjamin
781 2801 890 2841 simili
917 2799 1023 2838 modo
1054 2798 1264 2847 affecissent,

318 2875 380 2912 124.
397 2874 483 2910 Hoc
507 2879 578 2916 est,
607 2867 739 2918 inquit,
755 2864 859 2917 quod
884 2863 969 2900 dixi
988 2863 1114 2906 vohis,
1162 2860 1268 2912 quod

317 2935 579 2986 exploratores
593 2931 687 2967 sitis.
702 2929 767 2967 15.
785 2927 1046 2978 Nequaquam
1058 2923 1149 2959 hinc
1165 2923 1268 2959 enim

319 2998 486 3043 ewibitis,
501 3003 696 3046 quousque
711 2990 841 3041 frater
856 2994 984 3024 vester
990 2985 1127 3037 junior
1145 2996 1267 3020 vene-

321 3062 370 3096 rit
391 3060 478 3095 huc.
500 3054 609 3091 Illum
634 3050 754 3088 videre
772 3049 871 3096 volo3
893 3046 998 3099 cupio
1031 3043 1154 3084 videre
1188 3057 1270 3081 eum

321 3121 383 3172 qui
399 3134 444 3157 ex
459 3117 582 3156 eodem
600 3124 698 3152 utero
714 3120 817 3149 natus
838 3119 889 3148 est
914 3125 921 3145 :
940 3107 1100 3160 suspicor
1114 3105 1208 3143 enim
1225 3118 1270 3142 ex

322 3182 377 3219 his
394 3194 471 3232 quae
499 3176 670 3215 adversus
701 3187 758 3211 me
789 3171 924 3221 egistiS,
946 3177 1097 3207 mentem
1117 3175 1270 3205 vestram

322 3245 476 3281 fraterno
513 3238 595 3276 odio
630 3236 801 3273 laborare.
833 3232 873 3271 Si
905 3230 1015 3281 igitur
1053 3228 1176 3277 vultis,
1208 3228 1269 3265 16.

324 3306 471 3343 Mittite
491 3313 610 3339 unum
629 3311 676 3335 ez·
693 3296 819 3343 vobis,
837 3302 871 3330 et
890 3293 1070 3330 adducite
1088 3303 1194 3327 eum.-
1210 3301 1272 3326 vos

324 3375 441 3403 :uitem
481 3368 619 3400 manete
657 3357 692 3395 in
725 3369 874 3399 carcere,
898 3353 1009 3391 donec
1034 3351 1095 3389 ille
1126 3349 1273 3389 venerit.

324 3426 389 3463 luo
408 3425 501 3462 enim
518 3435 597 3459 cum
613 3417 811 3462 advenerit,
831 3415 972 3453 docebit
999 3427 1084 3451 num
1109 3426 1190 3451 vera
1206 3411 1275 3449 sint

1321 1932 1512 1987 παρουσίας
1532 1934 1630 1984 ὑμῶν
1652 1931 1835 1980 δείκνυσιν,
1856 1931 1908 1970 ὅτι
1934 1930 2128 1984 κακουργία
2156 1930 2224 1968 τινὶ
2254 1928 2348 1982 χρώ-

1323 2010 1420 2046 μενοι
1440 1997 1586 2033 ἐνταῦθα
1609 1993 1886 2045 παραγεγόνατε.
1906 1995 1953 2032 Οἱ
1974 1992 2009 2030 δὲ
2034 1991 2177 2038 ὑπὸτῆς
2197 1991 2350 2042 ἀνάγκης

1323 2057 1430 2102 αὐτῆς
1447 2054 1746 2106 συνελαυνόμενοι,
1761 2055 1819 2092 καὶ
1833 2053 2034 2106 βουλόμενοι
2053 2055 2099 2096 εἷς
2114 2046 2227 2091 οἶκτον
2248 2051 2350 2090 αὐτὸν

1323 2117 1534 2169 ἐπικάμψαι,
1549 2116 1644 2168 φασί·
1659 2115 1806 2154 Δώδεκά
1823 2118 1926 2166 ε’σμεν
1938 2117 1969 2153 οἱ
1981 2114 2102 2158 παῖδές
2118 2129 2178 2152 σου
2197 2111 2352 2165 ἀδελφοί.

1323 2176 1372 2216 ’Ὼ
1388 2182 1450 2225 τῆς
1468 2180 1536 2215 τῶν
1560 2176 1725 2229 ῥημάτων
1749 2177 1898 2223 ἀπάτης.
1927 2176 1998 2215 Καὶ
2019 2176 2077 2214 τὸν
2099 2181 2170 2218 τοῖς
2188 2174 2353 2227 ἐμπόροις

1324 2241 1410 2290 παρ’
1435 2241 1548 2276 αὐτῶν
1569 2237 1804 2290 διαπραθέντα
1821 2240 1870 2290 τῷ
1886 2239 2024 2290 ἀριθμῷ
2043 2238 2212 2288 συνῆψαν·
2234 2235 2294 2273 καὶ
2315 2237 2353 2273 οὗ

1325 2299 1484 2350 λέγουσι,
1502 2298 1637 2336 δώδεκα
1657 2294 1757 2349 ἦμεν,
1776 2297 1878 2344 ἀλλὰ,
1900 2297 2047 2336 Δώδεκά
2062 2300 2165 2348 ἐσμεν
2189 2296 2352 2349 ἀδελφοί·

1327 2361 1386 2398 καὶ
1411 2359 1490 2423 teob
1519 2364 1536 2399 ὁ
1559 2359 1726 2412 νεώτερος
1749 2359 1837 2411 μετὰ
1855 2365 1915 2398 τοῦ
1942 2359 2074 2412 πατρὸς
2102 2362 2215 2409 ἡμῶν.
2243 2361 2357 2397 Τοῦτο

1327 2421 1395 2475 γὰρ
1410 2426 1452 2468 ἠν
1473 2423 1566 2474 αὐτῷ
1589 2421 1628 2459 τὸ
1645 2421 1921 2471 σπουδαζόμενον
1941 2423 2084 2471 γνῶναι,
2104 2422 2134 2458 εἷ
2156 2418 2204 2470 μὴ
2223 2419 2282 2457 καὶ
2299 2419 2357 2457 τὸν

1330 2484 1475 2535 ἀδελφὸν
1514 2483 1560 2522 τὰ
1601 2482 1689 2521 αὐτὰ
1721 2482 1988 2521 διατεθείκασιν.
2021 2481 2111 2520 Ἰδοὺ
2145 2484 2163 2519 ὁ
2195 2480 2359 2532 νεώτερος

1333 2544 1421 2595 μετὰ
1439 2549 1500 2583 τοῦ
1520 2543 1651 2596 πατρὸς
1669 2547 1788 2593 ἡμῶν·
1809 2548 1826 2582 ὃ
1843 2543 1877 2582 δὲ
1892 2543 2010 2596 ἕτερος
2029 2545 2095 2595 οὐχ
2109 2541 2272 2594 ὑπάρχει.
2289 2541 2360 2580 Καὶ

1287 2611 1307 2641 Β
1332 2608 1369 2644 οὐ
1385 2605 1523 2658 λέγουσι
1539 2604 1601 2652 τὴν
1622 2604 1734 2642 αἰτίαν
1753 2608 1883 2658 σαφῶς,
1899 2606 1975 2643 ἀλλ’
1992 2605 2112 2646 ἁπλῶς
2124 2634 2135 2651 ,
2151 2605 2231 2654 Οὐχ
2248 2602 2361 2656 ὑπάρ-

1333 2689 1402 2725 χει.
1427 2673 1494 2711 Ἐκ
1519 2671 1638 2711 τούτου
1672 2675 1720 2715 εἷς
1747 2672 1898 2724 ὑποψίαν
1919 2671 2044 2717 ἐλθὼν,
2067 2670 2203 2721 μήποτε
2229 2670 2289 2709 καὶ
2315 2673 2362 2714 εἷς

1333 2740 1391 2778 τὸν
1409 2739 1575 2790 Βενιαμὶν
1589 2738 1634 2777 τὰ
1649 2738 1752 2789 ὅμοια
1770 2738 1988 2792 εἰργάσαντο,
2006 2738 2109 2790 φησί·
2128 2736 2243 2776 Τοῦτό
2257 2739 2362 2785 ἐστιν,

1336 2806 1354 2845 ὃ
1374 2805 1496 2859 εἴρηκα
1513 2807 1608 2856 ὑμῖν,
1624 2804 1677 2843 ὅτι
1693 2804 1911 2843 κατάσκοποί
1926 2807 2015 2843 ἐστε.
2037 2807 2090 2844 Οὐ
2109 2803 2176 2857 γὰρ
2196 2803 2245 2855 μὴ
2266 2803 2362 2848 ἐξέλ-

1337 2876 1419 2920 θητε
1454 2874 1618 2918 ἐντεῦθεν,
1651 2871 1714 2914 ἕως
1746 2865 1784 2908 οὗ
1812 2874 1829 2910 ὃ
1857 2871 2002 2924 ἀδελφὸς
2039 2873 2136 2922 ὑμῶν
2159 2873 2176 2908 ὁ
2201 2870 2365 2922 νεώτερος

1338 2939 1421 2992 ἔλθῃ
1434 2933 1513 2977 ὧδε.
1525 2938 1680 2976 Ἐκεῖνον
1693 2938 1776 2975 ἰδεῖν
1803 2936 1989 2988 βούλομαι·
2004 2939 2161 2987 ἐπιθυμῶ
2177 2937 2366 2975 θεάσασθαι

1340 3007 1397 3046 τὸν
1426 3006 1488 3050 τὰς
1523 3005 1628 3050 αὐτάς
1649 3020 1707 3054 μοι
1727 3003 1880 3044 λύσαντα
1909 3007 2054 3048 ὠδῖνας·
2089 3007 2273 3056 ὑφορῶμαι
2299 3003 2366 3056 γὰρ

1342 3075 1439 3124 ὑμῶν
1468 3075 1507 3112 ἐκ
1536 3075 1606 3110 τῶν
1637 3073 1713 3109 κατ’
1749 3069 1812 3121 ἐμὲ
1840 3070 2033 3122 γενομένων
2064 3069 2127 3117 τὴν
2157 3069 2367 3122 μισάδελφον

1343 3141 1498 3193 γνώμην.
1532 3142 1577 3179 Εἰ
1605 3139 1718 3178 τοίνυν
1747 3138 1932 3190 βούλεσθε,
1966 3137 2211 3176 Ἀποστείλατε
2243 3136 2303 3175 ἕνα
2333 3135 2369 3180 ἐξ

1345 3212 1454 3260 ὑμῶν,
1471 3208 1530 3246 καὶ
1547 3207 1694 3259 ἀγάγετε
1716 3205 1818 3244 αὐτόν
1830 3222 1837 3229 ·
1856 3209 1954 3256 ὑμεῖς
1971 3205 2007 3243 δὲ
2027 3207 2151 3243 οἰκεῖτε
2172 3204 2210 3242 τὸ
2230 3204 2371 3254 δεσμω-

1299 3286 1322 3317 C
1345 3277 1476 3330 τήριον,
1510 3275 1571 3317 ἕως
1600 3274 1639 3312 ἂν
1670 3277 1797 3317 ἐκεῖνος
1829 3273 2079 3325 παραγίνηται.
2121 3271 2275 3315 Ἐκεῖνος
2305 3270 2373 3322 γὰρ

1347 3340 1596 3394 παραγεγονὼς
1617 3340 1763 3388 διδάξει,
1784 3341 1813 3378 εἷ
1835 3340 1948 3386 ἀληθῆ
1974 3338 2017 3376 τὰ
2042 3340 2124 3390 παρ’
2146 3339 2242 3388 ὑμῶν
2273 3335 2372 3387 λεγό·

1349 3426 1448 3460 μενα,
1477 3409 1535 3447 καὶ
1556 3406 1779 3460 ἐλευθερώσει
1809 3409 1898 3456 ὑμᾶς
1922 3405 2037 3453 πάσης
2063 3404 2224 3456 ὑποψίας.
2245 3402 2371 3454 Εἰγὰρ
