2516 3791
338 152 428 199 ’792
734 152 769 181 S.
806 151 998 182 JOANNtS
1034 149 1283 180 CHRYSOST.

334 232 379 270 de
403 231 520 270 medio
542 231 710 270 caelorum
733 233 874 283 fastigio
896 232 1013 270 radios
1041 231 1192 280 emittit,
1210 245 1287 269 cor-

335 307 421 345 pora
447 293 622 341 illustrat,
648 302 687 330 ut
711 307 756 330 ex
783 292 899 330 medio
931 305 994 329 suo
1022 291 1149 328 throno
1179 290 1288 329 facies

334 367 487 410 paternae
507 357 663 395 caritatis
680 356 842 394 emittens
854 355 985 405 radjos‚
998 355 1135 393 animas
1153 363 1288 394 nostras

333 418 524 456 illuminat.
550 417 659 464 Quod
673 431 754 454 cum
774 417 848 468 ipse
867 429 1006 467 quoque
1033 414 1144 468 probe
1160 424 1288 466 nosset,

333 494 403 518 non
440 478 542 516 nobis
569 477 665 516 solus
701 476 858 527 advenit,
895 476 958 515 sed
991 485 1025 514 et
1054 476 1287 516 luminarium

334 550 425 578 coetu
441 539 627 577 comitatus
645 537 797 590 appulit,
818 546 858 575 ut
879 537 946 575 lux
972 537 1074 575 nobis
1111 537 1287 590 copiosior

333 600 530 650 affulgeret.
549 600 631 646 Quo
665 598 707 635 fit
742 606 781 635 ut
808 597 912 637 nobis
932 598 1072 636 laetetur
1087 598 1234 636 ecclesia
1253 606 1287 636 et

333 660 512 698 exsultent
531 672 666 711 greges,
689 672 823 709 nosque
841 658 969 711 majori
990 672 1073 696 cum
1104 658 1287 697 alacritate

333 734 531 759 sermonem
566 719 804 757 instituamus.
839 718 914 757 [bi
960 718 1055 757 enim
1100 727 1286 771 pastorum

333 796 524 820 concursus
539 790 603 831 est,
625 780 700 818 illic
721 788 753 818 et
780 780 904 819 ovium
939 788 990 818 cst
1018 780 1198 818 securitas.
1231 782 1285 818 Ita

1324 150 1536 181 ARCIHFP.
1577 152 1947 185 CONSTANTINOP.

1355 234 1394 270 ἐκ
1439 231 1548 282 μέσης
1576 236 1645 271 τῶν
1673 236 1826 286 οὐρανῶν
1859 253 1921 283 της
1960 253 2111 289 κορυφης
2147 237 2208 282 τὰς
2242 239 2381 282 ἀκτῖνας

1355 292 1486 344 ἀφιεὶς,
1509 294 1735 345 καταλάμπει
1761 295 1806 333 τὰ
1834 313 2004 347 σώματα,
2035 301 2083 342 ὥς
2111 298 2188 349 ὅγις
2208 303 2382 350 πατρικῆς

1354 349 1597 403 φιλοστοργίας
1625 353 1767 396 ἀκτῖνας
1792 355 1933 406 ἀφιεῖσα
1958 356 1998 394 ἐκ
2024 355 2130 407 μέσου
2154 359 2214 395 τοῦ
2241 357 2383 409 θρόνου,

1354 411 1563 461 καταυγάζει
1581 410 1642 455 τὰς
1659 412 1867 465 ἡμετέρας*
1851 415 1976 466 φυγάς.
1999 415 2118 468 “On-ep
2133 421 2190 454 οὐν
2206 432 2266 454 και
2285 417 2385 462 αὐτὸς

1353 471 1511 519 συνιδὼν,
1525 472 1603 524 οὐχὶ
1629 472 1730 523 μόνος
1749 477 1834 525 ἡμῖν
1850 475 2106 527 παραγέγονεν,
2123 477 2213 516 ἀλλὰ
2232 476 2292 515 καὶ
2308 493 2384 529 φω-

1353 547 1490 585 στηρων
1506 533 1609 586 χορὸν
1625 532 1716 585 ἔχων
1729 529 1830 586 ἦλθε
1825 538 1898 574 μεθ’
1915 538 2055 584 ἑαυτοῦ,
2071 535 2162 575 ὥστε
2176 538 2278 576 πλέον
2292 538 2385 588 γενέ-

1352 596 1433 631 σθαι
1454 593 1494 631 τὸ
1515 597 1597 646 φῶς.
1619 595 1682 632 Διὸ
1695 610 1756 632 και
1770 597 1793 640 ᾗ
1815 596 2017 642 ἔκκλησία’
2000 613 2034 647 7,(
2033 603 2086 635 ιῖν
2102 597 2311 648 ἀγάλλεται,
2326 599 2386 636 καὶ

1352 661 1478 707 σκιρτᾷ
1498 655 1542 693 τὰ
1560 655 1727 707 ποίμνια,
1745 656 1805 694 καὶ
1830 660 1932 707 ἡμεῖς
1955 657 2045 708 μετὰ
2073 657 2229 702 πλείονος
2255 662 2384 710 προθυ-

1353 715 1434 765 μίας
1451 718 1520 753 τῶν
1539 715 1651 769 λόγων
1671 716 1868 767 ἁπτόμεθα.
1888 715 2007 756 εὈπου
2027 717 2096 771 γὰρ
2118 719 2293 771 συνδρομὴ
2309 734 2386 757 ποι-

1352 775 1479 826 μένων,
1503 779 1574 816 ἐκεῖ
1595 777 1655 815 καὶ
1684 777 1870 830 προδάτων
1889 778 2073 830 ἀσφάλεια.
2098 777 2202 817 Οὕτω
2223 780 2282 817 καὶ
2302 785 2386 819 ναῦ-

333 852 447 880 nautae
470 842 650 892 laetantur,
666 855 748 879 cum
764 841 882 893 plures
907 841 979 878 illis
993 840 1124 878 adsunt
1154 841 1284 892 guber·
1305 841 1329 870 Ε
1349 851 1408 875 ται
1429 837 1614 890 χαίρουσι,
1634 839 1854 890 κυὸερνητῶν
1876 841 1992 883 αὐτοῖς
2023 839 2204 892 παρόντων
2224 840 2363 879 πῦλλῶν
2376 856 2383 865 ·

333 912 496 941 natores:
518 902 606 940 dum
622 902 718 940 enim
737 902 846 939 maris
865 901 1106 952 tranquillitas
1133 910 1166 939 et
1193 903 1284 940 aeris

333 972 383 1001 est
402 963 582 1010 serenitas,
604 962 929 1014 gubernaculorum
951 961 1111 999 subsidio
1128 961 1286 1000 laborem

333 1025 405 1063 illis
430 1023 672 1076 remigationis
698 1023 828 1072 levant,
845 1031 878 1061 et
898 1022 987 1060 dum
1008 1037 1105 1061 mare
1120 1022 1286 1075 procellis

333 1086 500 1138 agitatur,
521 1094 594 1123 arte
611 1099 651 1123 ac
669 1085 899 1123 multitudine
913 1098 1100 1137 operarum
1119 1084 1285 1136 praelium

334 1147 512 1185 undarum
526 1147 662 1185 sedant.
686 1146 823 1185 Idcirco
847 1160 910 1185 nos
941 1147 1049 1184 etiam
1069 1145 1286 1185 confidenter

331 1207 483 1246 docendi
498 1222 601 1246 causa
615 1223 669 1246 501
671 1222 809 1246 monem
824 1207 1066 1260 aggredimur,
1075 1216 1108 1245 et
1124 1207 1286 1259 ipsorum

334 1269 497 1321 precibus
514 1278 638 1306 cuncta
656 1268 925 1307 committimus.
945 1270 995 1307 Ut
1009 1277 1128 1306 autem
1146 1268 1286 1307 facilius

332 1344 374 1367 ac
406 1329 606 1368 dilucidius
627 1344 705 1380 quoe
739 1329 894 1367 audietis
917 1329 1099 1382 percipere
1124 1329 1283 1381 possitis,

332 1404 453 1429 eorum
469 1405 547 1443 quae
563 1390 666 1430 vobis
684 1390 847 1428 hesterno
866 1391 925 1428 die
943 1390 1037 1428 dicta
1051 1399 1134 1428 sunt
1152 1405 1284 1429 memo-

332 1452 424 1490 riam
442 1453 564 1504 paucis
583 1451 842 1490 refricabimus.
860 1452 948 1490 Dixi
966 1452 1160 1501 hominem,
1185 1462 1283 1490 ante-

331 1527 439 1563 quam
453 1512 498 1550 de
518 1513 616 1564 ligno
636 1511 847 1561 comeder,et
866 1512 1002 1550 bonum
1017 1527 1057 1550 ac
1071 1513 1207 1550 malum
1222 1527 1282 1551 no-

1291 1548 1338 1572 684

1349 898 1408 936 καὶ
1424 898 1492 951 γὰρ
1511 899 1665 951 γαλήνης
1687 898 1793 946 οὔσης
1811 899 1872 937 καὶ
1893 900 2060 952 νηνεμίας
2072 931 2082 949 ,
2100 901 2158 939 τὸν
2179 904 2242 948 τῆς
2261 917 2384 949 κωπη-

1347 958 1472 1002 λασίας
1499 959 1602 1008 πόνον
1631 962 1746 1003 αὐτοῖς
1769 961 2027 1013 ἐπικουφίζουσι
2057 960 2114 999 δια
2138 964 2207 1000 τῶν
2236 961 2384 1000 οἰάκων·

1349 1037 1409 1059 και
1430 1023 1493 1068 τῆς
1516 1021 1692 1068 θαλασσης
1718 1022 1992 1073 στασιαζούσης,
2023 1039 2066 1074 τῃ
2104 1024 2212 1076 τέχνῃ
2250 1039 2311 1061 και
2339 1026 2383 1074 τῇ

1349 1082 1553 1136 πολυχειρία
1586 1082 1650 1128 τὴν
1675 1084 1744 1120 τῶν
1774 1083 1908 1121 ὓδατων
1937 1084 2214 1123 καταστέλλουσι
2248 1084 2382 1136 μάχην.

1350 1143 1418 1182 Διὰ
1449 1148 1550 1182 τοῦτο
1571 1143 1631 1181 καὶ
1653 1147 1755 1194 ἡμεῖς
1772 1146 1996 1197 θαρροῦντες,
2017 1146 2074 1185 τὸν
2101 1145 2202 1198 λόγον
2223 1149 2271 1189 εἷς
2291 1147 2385 1184 διδα-

1351 1205 1498 1243 σκαλίαν
1519 1205 1758 1259 προτείνομεν,
1778 1212 1854 1250 ταῖς
1870 1208 1988 1259 εὐχαῖς
2008 1210 2120 1246 αὐτῶν
2136 1208 2177 1246 τὸ
2200 1214 2270 1246 πᾶν
2291 1209 2386 1260 ἐπιῤ-

1352 1266 1523 1318 ῥίψαντες.
1551 1266 1666 1304 ζ’.Ωστε
1702 1266 1738 1305 δὲ
1774 1267 2028 1320 εὖμαθεστέραν
2066 1268 2125 1306 κα).
2164 1268 2380 1321 σαφεστέραν

1351 1329 1432 1377 ὑμῖν
1451 1325 1609 1378 γενέσθαι
1636 1326 1700 1374 τὴν
1721 1327 1902 1380 ἀκρόασιν,
1929 1329 1990 1366 καὶ
2006 1331 2074 1366 τῶν
2090 1327 2171 1380 χθὲς
2183 1331 2265 1380 ὑμῖν
2291 1330 2385 1380 εἰρη-

1351 1386 1464 1437 μένων
1491 1387 1748 1438 ἀναμνήσωμεν
1774 1391 1809 1427 ἐν
1839 1391 1977 1442 βραχεῖ.
2004 1383 2114 1427 Εἶπον
2143 1389 2197 1427 ὅτι
2224 1389 2293 1441 πρὸ
2322 1392 2385 1435 τῆς

1350 1463 1408 1486 του
1432 1447 1528 1492 ξύλου
1558 1448 1721 1502 βρώσεως
1746 1449 1823 1501 ᾔδει
1851 1449 1890 1487 τὸ
1916 1449 2022 1488 καλὸν
2047 1465 2107 1488 και
2131 1451 2171 1488 τὸ
2197 1449 2347 1502 πονηρὸν
2367 1451 2386 1486 ὁ

1351 1509 1549 1561 ἄνθρωπος,
1580 1510 1673 1548 καὶ
1660 1510 1714 1549 ότι
1737 1513 1774 1549 οὐ
1800 1510 1888 1562 μετὰ
1913 1510 1976 1557 τὴν
1997 1527 2032 1562 γε
2039 1527 2112 1550 υσιν
2128 1511 2256 1558 ταύτην
2281 1510 2386 1549 ἔλαὲε

329 1574 586 1624 11550,110<1110
621 1582 810 1626 postquam
841 1582 1034 1624 gustasset,
1052 1573 1145 1611 hanc
1176 1574 1281 1612 illum
1304 1584 1329 1613 Α
1349 1570 1411 1616 τὴν
1433 1573 1575 1620 γνῶσιν
1606 1573 1719 1609 Εἶπον
1738 1571 1828 1615 τίνος
1859 1571 1973 1610 ἕνεκεν
1994 1570 2090 1615 ξύὶον
2112 1587 2264 1624 γνωστον
2279 1573 2388 1610 κα)ου’

329 1635 513 1672 scientiam
550 1634 721 1687 adeptum
753 1648 836 1672 esse.
857 1633 961 1685 Dixi,
996 1647 1106 1685 quate
1142 1635 1282 1687 lignum

329 1696 482 1733 scientiae
501 1695 632 1734 boniet
653 1694 739 1733 mali
760 1695 949 1744 diceretur,
970 1704 1004 1733 et
1023 1709 1093 1746 quo
1111 1705 1213 1748 pacto
1225 1710 1281 1734 so-

328 1756 397 1795 leat
413 1757 614 1809 Scriptura,
635 1766 825 1809 postquam
852 1756 946 1794 circa
967 1765 1105 1809 tempus
1134 1757 1282 1808 aliquod

328 1819 491 1857 locumve
511 1832 564 1856 res
595 1817 773 1870 quaepiam
799 1817 966 1867 evenerit,
985 1817 1031 1854 ab
1059 1817 1121 1855 illa
1141 1832 1178 1855 re
1208 1818 1279 1856 du-

328 1889 425 1918 ctum
442 1880 518 1917 loco
538 1879 595 1917 vel
617 1878 767 1931 tempori
800 1892 927 1916 nomen
955 1878 1112 1916 tribuere
1136 1895 1142 1915 :
1167 1893 1280 1931 operae

328 1941 482 1993 pretium
498 1940 605 1979 hodie
620 1941 727 1978 fuerit
745 1940 863 1992 ipsum
889 1939 1099 1977 mandatum
1118 1940 1279 1992 recitare,

330 2004 430 2055 cujus
446 2003 646 2040 interventu
681 2001 817 2040 arboris
854 2001 953 2039 illius
976 2011 1027 2040 est
1054 2015 1134 2040 esus
1158 2001 1282 2054 prohi-

132 2074 207 2101 Gen.
226 2083 242 2101 2
270 2072 316 2103 16.
329 2064 437 2102 bitus.
459 2063 651 2110 Quodnam
682 2063 792 2115 igitur
808 2062 903 2100 illud
916 2072 966 2100 est
983 2061 1000 2099 Ρ
1019 2065 1073 2101 Et
1101 2065 1283 2115 praecepit

329 2125 523 2162 Dominus
539 2126 646 2162 Deus
659 2124 795 2161 Adam
809 2125 939 2162 dicens
950 2139 961 2159 .·
976 2125 1041 2161 Ex
1056 2127 1161 2161 omni
1178 2125 1282 2175 ligno

330 2187 435 2237 quod
464 2194 519 2223 est
551 2188 592 2222 in
605 2185 793 2236 paradiso
809 2198 898 2222 esca
925 2185 1113 2222 comedes.
1148 2184 1281 2222 Divina

329 2246 388 2284 lex
409 2254 472 2295 cst,
502 2259 629 2284 verum
659 2244 897 2282 attendamus.
924 2245 962 2283 Si
997 2244 1093 2282 enim
1120 2245 1282 2282 homines

328 2306 415 2345 dum
432 2307 546 2359 regias
575 2307 699 2358 legunt
733 2306 863 2355 literas,
881 2306 1088 2344 universum
1108 2316 1282 2358 spectato·

328 2383 409 2407 rum
437 2377 566 2406 coetum
597 2368 724 2419 jubent
757 2381 997 2418 consurgere:
1028 2367 1142 2404 multo
1169 2367 1282 2419 magis

329 2443 391 2468 nos
410 2429 468 2481 qui
489 2443 559 2484 non
578 2429 779 2477 hominum,
799 2427 858 2466 sed
880 2427 946 2465 Dei
965 2428 1059 2479 leges
1081 2428 1205 2466 lecturi
1225 2443 1282 2466 su-

328 2504 422 2539 mus,
446 2490 583 2527 animos
606 2498 745 2542 oportet
766 2488 913 2540 erigere,
933 2497 1038 2539 atque
1059 2489 1102 2527 iis
1124 2503 1201 2539 quae
1224 2488 1281 2526 di-

329 2561 457 2590 cuntur
491 2550 683 2589 attendere.
706 2550 788 2588 Scio
808 2550 999 2588 nonnullos
1028 2550 1283 2602 Legislatorem

328 2628 504 2663 accusare,
524 2627 565 2651 ae
583 2613 697 2663 legem
719 2626 861 2650 causam
890 2611 1011 2664 lapsus
1039 2626 1112 2650 0550
1147 2611 1278 2651 dicere.

159 2688 201 2715 An
220 2688 264 2715 lvx
282 2694 315 2715 «ιι
331 2675 409 2713 Α·(].1
412 2689 508 2713 ersus
536 2675 604 2712 1100
624 2674 735 2725 igitur
754 2673 912 2726 primum
935 2686 992 2711 001
995 2673 1143 2711 tandum
1158 2683 1221 2723 est,
1242 2687 1283 2712 ac

129 2741 194 2796 ‘³¹¹
188 2741 210 2755 ³
249 2741 280 2767 [¹¹
280 2741 316 2756 ς·
330 2737 436 2774 1011115
465 2736 550 2788 ipsis
578 2733 848 2783 ostendendum,
876 2748 945 2772 non
983 2733 1081 2785 quod
1102 2735 1284 2772 hominem

129 2781 196 2798 ca..
330 2796 584 2843 odiohabeiet,
613 2805 674 2833 aut
705 2805 869 2833 naturam
898 2805 1057 2833 nostram
1088 2796 1284 2848 ignominia

331 2867 450 2895 notare
473 2857 589 2906 vellet,
611 2856 672 2894 sed
691 2855 786 2907 quod
815 2866 949 2894 amaret
981 2857 1128 2909 ejusque
1161 2871 1283 2895 curam

330 2927 478 2970 gereret,
500 2918 612 2970 legem
631 2917 780 2955 dedisse.
800 2919 850 2955 L't
869 2917 964 2955 enim
980 2917 1095 2955 discas
1112 2917 1147 2955 in
1162 2918 1281 2956 subsi-

329 2979 431 3016 dium
460 2979 561 3016 nobis
591 2993 666 3016 eam
695 2978 815 3016 datam
842 2993 928 3028 esse,
964 2978 1049 3016 audi
1079 2978 1166 3029 quid
1187 2978 1284 3017 dicat

134 3041 440 3078 1.»·ιιι’.8.2(1.15ῖ1135
461 3056 468 3077 :
495 3042 633 3091 Legem
668 3043 770 3077 enim
790 3043 831 3078 in
852 3041 1045 3078 auxilium
1079 3040 1198 3078 dedit.
1237 3043 1282 3079 At

333 3102 394 3152 qui
411 3102 492 3139 odio
521 3101 759 3153 prosc-(pium,
783 3116 850 3139 non
872 3102 937 3139 sert
960 3101 1151 3139 auxilium.
1188 3103 1284 3140 Rur-

132 3177 220 3206 1’‹01‚
250 3178 392 3209 1.53.sus
424 3162 637 3202 vociferatur
667 3162 836 3213 propheta
872 3177 880 3198 ε
916 3164 1095 3201 Lucerna
1122 3164 1283 3215 pedihus

136 3219 203 3248 ¹⁴²3·
333 3227 425 3262 meis
440 3225 603 3261 verbum
625 3231 745 3268 tuum,
773 3232 807 3260 et
838 3223 968 3260 lumen
994 3227 1139 3262 semilis
1172 3227 1278 3262 meis.

333 3288 376 3322 „tt
394 3285 456 3335 qui
483 3285 567 3323 odio
597 3283 836 3337 prosequitur,
856 3284 1016 3323 tenebras
1051 3286 1192 3323 lucerna
1213 3299 1281 3323 uon

331 3352 489 3399 discutit,
508 3366 569 3391 nec
596 3360 770 3390 errantem
790 3366 870 3389 cuni
901 3352 978 3390 lucc
1008 3351 1164 3392 deducit.
1182 3353 1279 3391 Salo-

1350 1630 1409 1669 καὶ
1428 1646 1580 1683 πονηρου
1599 1631 1762 1684 ἐλέγετο,
1783 1649 1843 1671 και
1869 1635 1943 1676 πῶς
1964 1633 2037 1677 ἔθος
2058 1636 2102 1684 τῇ
2124 1635 2152 1672 l
2156 1637 2246 1686 ραφῇ
2259 1663 2269 1680 ,
2286 1635 2386 1672 ἕπει·

1351 1692 1412 1730 δάν
1441 1708 1476 1729 τι
1499 1698 1649 1745 πρᾶγμα
1663 1693 1782 1746 συμὸῇ
1804 1694 1886 1747 περὶ
1908 1693 2015 1733 τόπον
2035 1693 2057 1740 ἢ
2073 1695 2193 1747 καιρὸν
2209 1724 2219 1742 ,
2235 1694 2305 1732 ἀπὸ
2324 1699 2384 1733 τοῦ

1350 1768 1554 1805 πραγματος
1584 1754 1763 1805 ὀνομάζειν
1785 1770 1845 1793 και
1864 1754 1921 1793 τὸν
1946 1754 2054 1794 τόπον
2082 1755 2142 1793 καὶ
2170 1755 2229 1793 τὸν
2252 1755 2385 1809 καιρόν.

1350 1814 1515 1867 Σήμερον
1538 1814 1728 1868 ἀναγκαῖον
1762 1815 1869 1863 αὐτὴν
1901 1817 2098 1867 ἀναγνῶναι
2127 1815 2188 1863 τὴν
2223 1815 2385 1864 ἐντολὴν,

1351 1877 1394 1913 οι’
1416 1880 1456 1923 ἧς
1485 1878 1636 1916 ἐκώλυσε
1661 1880 1721 1915 τοῦ
1753 1876 1852 1922 ξύλου
1873 1893 1936 1924 την
1962 1880 2103 1929 βρῶσιν.
2124 1877 2190 1921 Τίς
2212 1881 2271 1915 οὖν
2293 1880 2386 1916 ἐστιν

1352 1937 1460 1986 αὕτη,
1483 1939 1553 1977 Και
1580 1938 1774 1977 ἐνετείλατο
1804 1938 1929 1991 Κύριος
1949 1942 1967 1976 ὁ
1988 1939 2078 1982 Θεος
2100 1941 2150 1976 τῶ
2176 1938 2305 1989 Ἀδὰμ,
2326 1938 2384 1977 λε’·

1350 2015 1420 2050 γων
1435 2015 1442 2023 ·
1469 2001 1539 2039 ἀπὸ
1557 2001 1686 2044 παντὸς
1706 1999 1805 2045 ξύλου
1820 2004 1880 2039 τοῦ
1904 2002 1938 2038 ἐν
1957 2003 2007 2053 τῷ
2032 1999 2236 2055 παραδείσῳ
2258 1999 2386 2053 βρώσει

1350 2061 1457 2113 φάγῃ.
1482 2065 1584 2106 Θεῖος
1600 2066 1618 2101 ὁ
1634 2063 1758 2114 νόμος,
1780 2062 1872 2100 ἀλλὰ
1893 2077 2139 2114 προσεγωμεν.
2168 2063 2212 2100 Ei
2238 2062 2305 2116 γὰρ
2321 2065 2387 2113 βα-

1349 2124 1467 2162 σιλικα
1490 2124 1782 2176 ἀναγινώσκοντες
1802 2123 1996 2176 γράμματα
2019 2123 2212 2175 ἄνθρωποι,
2240 2123 2386 2170 ὁλόκὶη-

1352 2200 1408 2236 ρον
1439 2186 1603 2224 ἀνιστωσι
1629 2185 1788 2238 θέατρον·
1811 2186 1932 2235 πολὶῳ
1959 2186 2090 2234 μᾶλλον
2113 2187 2207 2234 ἡμᾶς
2237 2186 2299 2222 οὐκ
2325 2186 2385 2221 ἀν-

1303 2253 1326 2282 Β
1351 2246 1519 2299 θρώπων,
1544 2247 1635 2285 ἀλλὰ
1662 2249 1753 2285 Θεου
1774 2246 1899 2297 νόμους
1923 2244 2172 2321 ἀναγινώσκειν
2195 2245 2385 2296 μεΛλοντας

1351 2307 1591 2346 ὃιανίστασθαι
1610 2306 1680 2359 ’χρὴ
1701 2324 1744 2358 τῃ
1776 2307 1929 2359 διανοία,
1950 2322 2008 2344 και
2029 2305 2214 2359 προσέχειν
2234 2313 2305 2350 τοῖς
2332 2308 2387 2344 λε·

1350 2368 1519 2441 γομένοις.
1545 2362 1678 2406 Οἰέα
1657 2384 1710 2406 οτι
1729 2367 1962 2420 κατηγοροῦσί
1987 2382 2078 2411 τινες
2094 2382 2154 2405 του
2179 2366 2384 2418 νομοθέτου,

1352 2445 1412 2467 και
1432 2446 1489 2467 τον
1509 2429 1613 2480 νόμον
1637 2429 1745 2468 αἴτιον
1766 2429 1855 2466 εἶναί
1875 2444 1960 2481 φασι
1988 2432 2048 2467 τοῦ
2084 2427 2385 2482 παραπτώματος.

1353 2491 1447 2542 Προς
1476 2494 1575 2529 τοῦτο
1602 2493 1659 2529 οὖν
1680 2489 1815 2542 ἀνάγκη
1837 2493 1962 2536 στῆναι
1983 2489 2172 2543 πρότερον,
2195 2505 2254 2527 και
2281 2488 2388 2533 δεῖξαι

1354 2551 1411 2590 διὰ
1432 2554 1501 2589 τῶν
1526 2551 1744 2604 πραγμάτων
1766 2552 1898 2598 αὐτῶν,
1931 2550 1984 2589 ὅτι
2006 2550 2084 2601 οὐχὶ
2104 2553 2217 2600 μισῶν
2241 2549 2300 2588 τὸν
2322 2550 2386 2588 ἄν-

1354 2616 1502 2664 θρωπον,
1520 2612 1596 2651 οὐδὲ
1627 2613 1767 2664 ὑδρίσαι
1789 2611 1996 2663 βουλόμενος
2018 2611 2080 2657 τὴν
2102 2610 2203 2662 φύσιν
2220 2609 2284 2656 τὴν
2300 2614 2386 2661 ἦμε-

1352 2673 1469 2725 τέραν,
1501 2673 1590 2712 ἀλλὰ
1621 2676 1728 2725 φιλῶν
1758 2671 1817 2711 καὶ
1850 2671 2060 2723 κηδόμενος,
2090 2671 2148 2710 τὸν
2175 2671 2277 2722 νόμον
2303 2671 2386 2710 ἔδω-

1354 2750 1424 2772 κεν.
1452 2733 1538 2773 ζὈτι
1567 2734 1635 2786 γὰρ
1662 2736 1710 2777 εἷς
1743 2732 1949 2784 συμμαχίαν
1983 2735 2068 2783 ἡμῖν
2108 2733 2210 2771 αὐτὸν
2242 2732 2387 2780 ἔδωκεν,

1356 2797 1504 2834 ἄκουσον
1533 2795 1567 2832 τί
1598 2811 1701 2847 φησιν
1720 2792 1889 2838 ἹΙσαίας·
1920 2793 2038 2845 Νόμον
2065 2794 2132 2847 γὰρ
2153 2796 2200 2837 εἷς
2224 2794 2386 2845 βοήθειαν

1356 2859 1497 2897 ἔδωκεν.
1520 2857 1566 2895 ‘O
1596 2856 1631 2895 δὲ
1658 2859 1789 2907 μισῶν,
1812 2857 1850 2894 οὐ
1884 2858 2012 2907 βοηθεῖ.
2040 2855 2153 2894 Πάλιν
2170 2858 2188 2893 ὃ
2208 2855 2388 2908 προφήτης

1357 2924 1438 2973 βοᾷ·
1461 2919 1593 2972 Λύχνος
1609 2924 1679 2962 τοῖς
1701 2918 1783 2957 ποσί
1800 2934 1864 2969 μου
1885 2921 1902 2956 ὁ
1921 2916 2025 2968 νόμος
2045 2933 2106 2956 σου
2119 2947 2128 2965 ,
2145 2917 2204 2956 καὶ
2228 2920 2298 2969 φῶς
2312 2923 2389 2960 ταῖς

1319 2989 1328 2997 ,
1403 2983 1410 2995 Ι
1602 2980 1610 2991 ‹
1670 2980 1700 3002 *E
1792 2981 1813 2989 a·
1901 2981 1910 2991 κ
1966 2978 1974 2991 r
2061 2979 2070 2991 x
2157 2978 2164 2990 r
2258 2978 2273 2990 'x
2293 2977 2302 2993 1
2329 2993 2348 3001 ‚-
2367 2981 2389 2990 η

1306 2990 1330 3019 (ι
1355 2982 1486 3036 τριὸοις
1509 2997 1585 3032 μου.
1614 2983 1646 3019 O
1667 2995 1702 3019 οε
1725 2996 1849 3031 μισων,
1878 2993 1915 3017 ου
1934 2981 2008 3017 λυει
2038 2995 2078 3017 το
2102 2993 2222 3022 σκοτος
2254 2992 2311 3015 οια
2336 2993 2389 3015 ιου

1354 3044 1502 3096 λύχνου,
1528 3043 1602 3080 οὐδὲ
1624 3044 1740 3091 ὁδηγεῖ
1766 3040 1854 3092 μετὰ
1887 3040 1997 3092 φωτὸς
2020 3039 2077 3077 τὀν
2107 3037 2387 3088 πεπλανημένον.

1355 3106 1469 3143 Πάλιν
1497 3107 1514 3142 ὁ
1545 3105 1730 3154 Σοὶουιων·
1756 3102 1888 3154 Λύχνος
1909 3099 2028 3146 ἐντοὶὴ
2055 3099 2180 3150 νόμου,
2207 3115 2267 3136 και
2293 3114 2388 3148 φως,

1354 3183 1412 3204 και
1433 3165 1521 3212 ζωὴ,
1546 3181 1605 3203 και
1624 3163 1857 3216 ἔλεγχος,και
1875 3161 2028 3200 παιδεία.
2045 3161 2136 3199 Ἰοου
2156 3159 2388 3212 οὐγιβοήθεια

1354 3227 1469 3280 μόνον,
1497 3227 1572 3265 oss:
1604 3226 1728 3278 λύχνος
1760 3226 1883 3275 μόνον,
1908 3224 1998 3262 ἀλὶὰ
2029 3239 2088 3261 και
2111 3225 2182 3274 φῶς
2213 3237 2272 3258 και
2293 3220 2386 3266 ζωη·

1352 3293 1464 3328 ταῦτα
1481 3289 1515 3327 δὲ
1531 3291 1593 3326 οὐκ
1611 3287 1682 3326 ἔστι
1701 3289 1901 3337 μισοῦντος,
1920 3284 1996 3323 οὐδὲ
2021 3283 2191 3322 ἀπολέσαι
2214 3280 2386 3333 βουλομέ-

1355 3367 1412 3390 νου
1425 3380 1434 3397 ,
1447 3350 1535 3388 ἀλλὰ
1551 3356 1653 3401 χεῖρα
1668 3348 1845 3400 ὀρέγοντος
1862 3347 1919 3384 καὶ
1933 3347 2187 3387 διανιστῶντος.
2206 3342 2273 3380 Διὰ
2287 3346 2385 3380 τοῦτο
