2483 3791
679 192 721 221 ΙΝ
758 191 859 222 CAP.
901 190 949 220 ll.

60 276 134 322 εἶτα
161 279 279 320 λοιπὸν
309 279 462 318 ἐντεῦθεν
489 276 602 315 ἐκεῖνα
631 277 678 319 εἰς
711 275 814 326 μέσον
847 274 946 326 ἄγει,
966 268 1012 314 ὧν
1046 276 1077 313 ol

57 339 330 395 ψευδαπόστολοι
358 338 454 377 οὐδὲν
481 330 569 383 ἦσαν
603 334 887 386 ἐπιδεδειγμένοι.
904 335 987 377 Πῶς
1010 332 1078 385 γὰρ

56 405 86 441 οἱ
102 401 161 440 καὶ
173 403 216 452 τῇ
238 398 382 451 ἀληθεία
397 399 628 449 πολεμοῦντες
640 427 650 445 ,
664 395 750 449 πρὸς
769 395 808 434 τὸ
822 394 1011 446 ἐμποδίσαι
1028 395 1078 446 τῷ

55 461 254 516 κηρύγματι
271 463 333 507 τῆς
352 458 526 503 senectia<
546 458 662 496 πάντα
686 455 998 508 διαπραττόμενοι,
1019 453 1079 493 καὶ

55 524 123 562 τῶν
154 522 391 574 ἀφελεστέρων
423 519 485 564 τὰς
511 518 662 562 διανοίας
680 515 998 570 παρασαλεύοντες;
1018 517 1080 555 Ei-

56 583 130 623 πὼν
147 582 272 631 τοίνυν,
286 581 399 635 “Υπὲρ
421 579 511 633 ἐγὼ,
530 582 782 632 ἀπαριθμεῖται
800 576 920 616 λοιπὸν
947 576 991 625 τᾲ
1017 579 1080 623 τῆς

57 644 215 698 ἀνδρείας
234 644 337 681 αὐτοῦ
365 640 640 695 κατορθώματα,
658 639 718 678 καί
739 653 862 691 φησιν·
878 637 939 676 Ἐν
959 636 1080 680 κόποις

56 705 322 757 περισσοτέρως,
336 706 369 743 ἐν
388 705 540 754 πληγαῖς
556 699 856 753 ὑπερὸαλλόντως,
867 699 901 736 ἐν
918 696 1078 740 θανάτοις

57 762 235 805 πολλάκις.
250 761 297 801 Τί
312 761 445 813 λέγεις;
461 760 570 799 Ξένον
588 775 622 797 τι
638 758 699 797 καὶ
721 755 914 810 παράδοξόν
943 757 1017 794 ἐστι
1039 756 1078 794 τὸ

57 823 154 876 παρὰ
178 827 238 861 σοῦ
269 822 466 874 λεγόμενον.
492 820 597 859 Ἔστι
631 819 699 873 γὰρ
731 817 900 860 πολλάκις
930 817 1076 855 θάνατον

56 885 239 935 ὑπομεῖναι
254 899 263 928 ;
284 882 373 927 Ναὶ,
389 880 506 933 φησὶν,
524 881 554 919 εἷ
571 879 630 918 καὶ
648 879 696 930 μὴ
718 881 760 931 τῇ
781 877 905 930 πείρᾳ,
927 877 1018 916 ἀλλὰ
1032 881 1076 931 τῇ

54 943 176 996 γνώμῃ
189 958 197 966 ·
214 942 386 982 διδάσκων
402 943 497 992 ἡμᾶς
507 969 517 987 ,
528 940 581 978 ὅτι
595 939 762 983 τοιούτοις
777 939 942 986 διηνεκῶς
955 938 1078 977 ἑαυτὸν

53 1003 220 1047 κινδύνοις
240 1002 388 1048 ἐξεδίδου
410 1000 466 1039 διὰ
487 1001 528 1039 τὸ
553 1000 718 1053 κήρυγμα
734 1005 805 1044 τοῖς
821 999 966 1038 θάνατον
984 1002 1076 1053 αὐτῷ

51 1065 240 1114 τίκτουσιν,
257 1064 336 1103 ἀλλ’
366 1067 388 1110 ἡ
419 1066 478 1102 τοῦ
492 1065 584 1103 Θεοῦ
606 1063 709 1115 χάρις
734 1064 768 1101 ἐν
808 1063 923 1105 αὐτοῖς
959 1061 1078 1113 μέσοις

51 1133 122 1172 τοῖς
151 1125 319 1169 κινδύνοις
347 1124 404 1164 τὸν
437 1122 592 1172 ἀθλητὴν
620 1123 857 1176 διεφύλαττεν,
883 1121 974 1161 ὥστε
1007 1129 1078 1168 τοῖς

52 1187 345 1241 μαθητευομένοις
390 1185 523 1234 πολλὴν
559 1184 715 1238 γίνεσθαι
752 1187 835 1238 παρ’
877 1187 982 1223 αὐτοῦ
1012 1184 1076 1233 τὴν

51 1251 233 1304 ὠφέλειαν.
264 1251 327 1289 Ἐν
354 1248 533 1297 θανάτοις,
561 1247 673 1301 φησὶ,
694 1247 879 1291 πολλάκις·
910 1247 976 1286 ὑπὸ
991 1247 1076 1287 Ἰου-

51 1311 156 1351 δαίων
184 1310 348 1354 πεντάκις
380 1310 641 1362 τεσσαράκοντα
680 1308 778 1364 παρὰ
817 1309 900 1359 μίαν
934 1308 1074 1358 ἔλαὸον,

50 1374 124 1426 τρὶς
145 1371 387 1426 ἐῤῥαὸδίσθην,
406 1371 500 1416 ἅπαξ
517 1371 704 1417 ἐλιθάσθην
717 1401 727 1420 ,
753 1371 828 1424 τρὶς
853 1371 1076 1425 ἐναυάγησα,

49 1435 268 1487 νυχθήμερον
283 1435 319 1472 ἐν
333 1436 382 1486 τῷ
399 1435 493 1486 βυθῷ
505 1432 701 1481 πεποίηκα,
715 1434 926 1486 ὁδοιπορίαις
945 1435 1076 1473 πολλά·

49 1512 104 1540 κις
116 1526 127 1544 ,
141 1494 309 1538 κινδύνοις
338 1497 519 1545 ποταμῶν,
544 1493 713 1538 κινδύνοις
732 1495 884 1547 λῃστῶν,
907 1495 1076 1541 κινδύνοις

50 1559 90 1596 ἐκ
104 1556 240 1609 γένους,
258 1555 427 1600 κινδύνοις
444 1555 478 1600 ἐξ
501 1558 618 1603 ἐθνῶν,
636 1555 805 1600 κινδύνοις
824 1558 858 1595 ἐν
878 1557 1073 1609 ψευδαδέλ-

49 1633 143 1671 φοις,
158 1617 326 1661 κινδύνοις
343 1618 377 1655 ἐν
393 1616 548 1664 πόλεσιν,
567 1617 736 1661 κινδύνοις
754 1622 768 1639 ⁰
784 1621 818 1657 ἐν
832 1619 962 1673 ἐρημίᾳ
974 1650 984 1668 ,
1001 1636 1074 1658 κιν-

49 1678 159 1723 δύνοις
181 1680 215 1717 ἐν
239 1677 413 1730 θαλάσσῃ.
436 1678 499 1726 Μὴ
518 1680 639 1722 ἁπλῶς
661 1679 956 1733 παρατρέχωμεν,
981 1683 1074 1733 ἀγα-

47 1741 170 1791 πητοὶ,
189 1740 233 1780 τὰ
256 1740 443 1792 εἰρημένα·
465 1740 610 1780 ἕκαστον
626 1741 693 1794 γὰρ
714 1742 848 1780 τούτων
873 1745 952 1782 καθ’
972 1744 1076 1784 ἑαυτὸ

48 1801 151 1853 μόνον
179 1801 329 1854 πέλαγος
362 1804 447 1852 ἡμῖν
480 1802 701 1841 ὑποδείκνυσι
727 1806 946 1856 πειρασμῶν.
981 1805 1075 1844 Οὐδὲ

47 1862 114 1918 γὰρ
130 1865 250 1908 ἁπλῶς
269 1863 467 1917 ὁδοιπορίαν
486 1863 568 1914 μίαν
587 1858 681 1902 εἶπεν
692 1879 700 1887 ·
714 1864 805 1912 ἀλλ’,
817 1864 1075 1918 Ὁδοιπορίαις,

47 1925 156 1978 φησὶ,
173 1925 344 1968 πολλάκις
356 1940 363 1948 ·
381 1925 457 1964 οὐδὲ
486 1925 642 1964 κίνδυνον
670 1929 853 1976 ποταμῶν,
874 1927 963 1966 ἀλλὰ
982 1930 1075 1967 πολ-

46 1985 127 2031 λοὺς
143 1987 202 2025 καὶ
219 1985 401 2039 διαφόρους
419 1986 613 2033 κινδύνους,
627 1987 687 2026 καὶ
702 1987 817 2026 πάντα
837 1987 926 2038 μετὰ
942 1991 1075 2037 πολλῆς

46 2051 110 2094 τῆς
140 2048 334 2100 ὑπερὸολῆς
368 2047 543 2098 ὑπέμεινε.
566 2048 636 2086 Καὶ
664 2047 755 2099 μετὰ
789 2052 902 2087 ταῦτα
934 2049 1073 2089 ἅπαντα

46 2109 152 2147 πάλιν
168 2108 292 2161 φησίν·
312 2107 374 2147 Ἐν
409 2107 508 2161 κόπῳ
537 2108 598 2146 καὶ
630 2108 772 2161 μόχθῳ,
800 2111 834 2147 ἐν
866 2110 1072 2163 ἀγρυπνίαις

44 2168 232 2216 πολλάκις,
252 2170 286 2206 ἐν
303 2169 397 2221 λιμῷ
416 2168 476 2206 καὶ
494 2168 585 2221 δίψει
598 2199 610 2217 ,
629 2170 665 2206 ἐν
683 2169 859 2216 νηστείαις
881 2170 1071 2220 πολλάκις,

44 2231 80 2267 ἐν
98 2229 204 2282 ψύχει
216 2229 276 2268 καὶ
294 2229 484 2280 γυμνότητι
495 2259 505 2277 ,
522 2229 631 2282 χωρὶς
647 2232 716 2268 τῶν
740 2231 926 2283 παρεκτός.

95 2290 193 2343 “Opa
211 2290 318 2329 πάλιν
339 2291 424 2330 ἄλλο
447 2291 599 2343 πέλαγος
617 2294 701 2343 ἡμῖν
721 2295 929 2345 πειρασμῶν
947 2296 961 2313 ·”
973 2295 1071 2332 ἀνοι-

43 2351 200 2404 γόμενον.
226 2351 346 2391 Εἰπὼν
365 2352 434 2406 γὰρ
448 2382 458 2401 ,
480 2352 596 2404 Χωρὶς
609 2356 679 2391 τῶν
708 2353 901 2406 παρεκτὸς,
926 2353 1070 2407 ᾐνίξατο

42 2412 97 2451 ὅτι
113 2412 158 2452 τὰ
188 2413 469 2466 παραλειφθέντα
488 2413 633 2452 πλείονα
652 2412 743 2457 εἰκὸς
775 2407 864 2452 εἶναι
882 2417 951 2454 τῶν
973 2417 1070 2468 εἰρη-

45 2473 171 2524 μένων.
182 2474 252 2513 Καὶ
266 2473 341 2514 οὐδὲ
361 2474 466 2527 μέκρι
482 2474 602 2514 τούτου
617 2475 701 2522 ἔστη
716 2505 727 2524 ,
745 2474 836 2514 ἀλλὰ
850 2475 956 2515 πάλιν
974 2479 1069 2528 ἡμᾶς

44 2535 198 2574 διδάσκει
222 2534 284 2580 τὰς
320 2535 584 2584 ἐπισυστάσεις,
615 2536 676 2575 καὶ
700 2536 763 2581 τὰς
795 2537 993 2590 συστροφὰς
1028 2538 1068 2584 ἃς

44 2595 238 2647 ὑπέμεινεν,
260 2596 350 2636 οὕτω
379 2597 509 2650 λέγων·
532 2597 579 2636 Ἥ
603 2597 833 2642 ἐπισύστασίς
850 2614 916 2650 μου
938 2603 960 2647 ἡ
988 2602 1067 2639 καθ’

42 2656 191 2709 ἡμέραν,
223 2660 245 2704 ἡ
279 2657 432 2711 μέριμνα
466 2661 589 2697 πασῶν
620 2662 689 2698 τῶν
717 2659 952 2707 Ἔκκλησιῶν.
976 2661 1065 2701 Ἰδοὺ

42 2717 148 2756 πάλιν
166 2718 226 2756 καὶ
258 2723 358 2758 τοῦτο
386 2719 503 2758 ἱκανὸν
532 2718 787 2773 Ι’κατόρθωμα,
816 2723 845 2759 εἷ
875 2721 935 2760 καὶ
961 2721 1064 2773 μόνον

40 2778 225 2832 τυγχάνει,
242 2782 289 2824 εἰς
307 2779 413 2828 αὐτὴν
434 2781 535 2820 αὐτὸν
554 2783 732 2834 ἐναγαγεῖν
749 2781 812 2830 τὴν
831 2782 942 2835 ἄκραν
961 2798 1065 2836 κορυ-

41 2839 107 2891 φὴν
126 2843 189 2887 τῆς
207 2843 350 2894 ἀρετῆς·
367 2841 411 2881 Ἡ
434 2842 608 2897 μέριμνα,
629 2843 734 2895 φησὶ,
753 2847 876 2883 πασῶν
894 2847 963 2883 τῶν
981 2846 1064 2883 Ἐκ-

40 2901 206 2949 κλησιῶν,
221 2901 299 2954 οὐχὶ
319 2909 420 2953 μιᾶς,
440 2903 500 2941 καὶ
518 2903 576 2942 δύο
588 2935 598 2950 ,
618 2904 678 2942 καὶ
696 2906 814 2957 τριῶν,
836 2905 926 2944 ἀλλὰ
940 2909 1064 2945 πασῶν

38 2962 106 2999 τῶν
121 2961 211 3000 κατὰ
228 2961 292 3009 τὴν
311 2963 527 3014 οἰκουμένην.
545 2963 662 3013 ‘'Oe-qv
681 2965 750 3019 γὰρ
770 2965 868 3013 ἥλιος
885 2966 1062 3019 διατρέχει

37 3023 102 3072 γῆν
121 3021 183 3067 τὰς
197 3024 326 3068 οἰκείας
345 3026 487 3069 ἀκτῖνας
506 3025 637 3079 ἀφιεὶς,
663 3026 834 3074 τοσαύτην
854 3027 914 3066 καὶ
946 3031 964 3066 ὃ
994 3044 1062 3078 μα-

36 3082 155 3135 κάριος
184 3078 282 3128 οὗτος
307 3079 379 3137 εἶχε
407 3084 471 3132 τὴν
503 3087 673 3139 μέριμναν
701 3088 761 3126 καὶ
789 3087 852 3135 τὴν
881 3088 1060 3140 φροντίδα.

38 3137 137 3188 Εἶδες
153 3145 284 3191 πλάτος
301 3147 435 3198 ψυχῆς,
456 3141 543 3191 εἶδες
568 3147 719 3192 διανοίας
753 3148 913 3200 μέγεθος;
930 3148 1000 3188 Καὶ
1020 3149 1061 3188 τὸ

77 3285 89 3299 ⁶
107 3274 161 3308 Sic
177 3287 292 3309 omnes
307 3285 424 3320 praeter
442 3278 556 3312 Morel.
575 3281 632 3324 qui
648 3279 750 3312 habet
766 3285 796 3314 ἐν
811 3285 961 3326 ἐρημίαις.

989 189 1151 222 GENES.
1189 189 1345 220 Romu„
1386 189 1446 219 ΧΙ.

2017 194 2099 237 107

1151 271 1340 321 Quomodo
1357 271 1451 311 enim
1463 270 1710 310 exhibuissent
1728 271 1791 322 qui
1823 271 2008 311 veritatem
2029 274 2100 312 im—

1151 332 1372 385 pugnabant,
1395 339 1429 369 et
1447 329 1539 368 nihil
1553 344 1620 368 non
1639 329 1791 381 agebant
1808 339 1845 368 ut
1857 331 2102 382 praedicationi

1150 392 1334 445 religionis
1351 391 1577 440 obsisterent,
1603 404 1645 429 ac
1679 399 1812 428 mentes
1843 391 2103 444 simpliciorum

1151 453 1421 494 subverterent?
1444 452 1560 505 Igitur
1576 462 1614 491 ut
1625 452 1734 500 dixit,
1743 452 1843 491 Plus
1861 466 1944 505 ego,
1961 467 2106 492 enume-

1151 525 1205 555 rat
1226 525 1347 571 postea
1373 514 1594 554 fortitudinis
1620 529 1693 554 snae
1721 514 1891 567 praeclara
1921 530 2042 568 opera,
2072 527 2106 556 et

1151 577 1269 629 inquit
1285 593 1294 615 :
1310 580 1361 617 In
1377 577 1576 617 laboribus
1589 578 1782 630 plurimis,
1795 579 1837 614 in
1847 576 1976 630 plagis
1989 592 2106 630 supra

1152 640 1322 686 modum,
1344 642 1386 678 in
1401 640 1841 692 mortibus-frequenter.
1860 638 1960 686 Quid
1982 638 2106 678 dicis?

1150 700 1378 752 Stupendum
1401 710 1433 738 et
1446 700 1658 738 admirabile
1675 709 1726 738 est
1746 699 1841 751 quod
1867 715 1887 738 a
1904 709 1938 739 te
1953 700 2102 740 dicitur.

1151 760 1260 798 Estne
1280 761 1374 799 enim
1390 761 1573 813 possibile,
1605 770 1644 799 ut
1670 761 1752 811 quis
1781 776 1873 813 saepe
1903 762 2105 802 moriatur?

1151 819 1285 870 Etiam,
1301 821 1434 871 inquit,
1453 821 1618 872 quamvis
1639 835 1708 859 non
1733 824 1858 860 mortis
1870 824 2103 874 experientia,

1104 886 1128 914 D
1147 891 1302 920 attamen
1324 882 1499 921 moriendi
1519 881 1701 934 proposito
1722 882 1874 921 :docens
1889 897 1963 932 nos,
1979 885 2102 922 subin-

1147 941 1193 982 de
1205 957 1242 981 se
1257 943 1303 982 ol)
1318 943 1607 996 praedicationem
1638 943 1764 982 mortis
1797 943 1954 996 pericula
1987 944 2103 983 adiis—

1148 1019 1197 1054 se,
1214 1005 1276 1044 sed
1291 1006 1356 1044 Dei
1372 1005 1488 1058 gratia
1511 1005 1546 1043 in
1575 1004 1703 1043 mediis
1729 1005 1896 1058 periculis
1929 1005 2103 1046 athletam

1147 1076 1343 1113 servatum,
1359 1081 1432 1118 quo
1468 1066 1657 1119 discipulis
1691 1065 1806 1118 magis
1828 1066 2022 1118 prodesset.
2054 1070 2102 1106 In

1149 1131 1350 1175 monibus,
1365 1127 1496 1179 inquit,
1514 1129 1744 1180 frequenter
1757 1143 1768 1164 .·
1783 1141 1810 1166 ιι
1828 1128 1859 1166 J
1858 1128 1977 1165 udaeis
1992 1131 2103 1181 quin-

1149 1192 1256 1243 quies
1275 1190 1540 1242 quadraginta
1556 1190 1698 1242 plagas
1712 1203 1792 1227 una
1811 1192 1938 1228 minus
1954 1193 2099 1243 accepi.

1149 1259 1208 1290 ter
1225 1254 1348 1304 virgis
1367 1264 1489 1290 eoesus
1521 1265 1622 1299 sum,
1649 1251 1769 1290 semel
1800 1251 2013 1302 lapidatus,
2047 1261 2104 1290 ter

1149 1313 1402 1365 naufragium
1413 1313 1508 1364 feci,
1532 1321 1683 1351 noctem
1699 1326 1748 1350 ae
1764 1312 1866 1349 diem
1883 1314 1924 1349 in
1937 1313 2101 1365 prosun-

1147 1374 1197 1411 do
1209 1375 1268 1426 egi
1275 1391 1289 1418 ;
1303 1375 1345 1410 in
1356 1375 1558 1412 itineribus
1570 1386 1683 1426 saepe,
1691 1373 1875 1425 perieulis
1871 1372 2102 1426 fluminum,

1143 1435 1329 1487 periculis
1346 1435 1558 1483 latronum,
1574 1435 1758 1487 periculis
1774 1449 1821 1472 ez·
1839 1449 1990 1487 genere,
2002 1437 2102 1486 peri-

1146 1496 1244 1534 culis
1255 1497 1502 1548 exgentibus,
1515 1496 1699 1548 periculis
1709 1496 2101 1549 exsalsisfiutribus,

1099 1567 1124 1599 Ε
1143 1557 1326 1608 periculis
1341 1558 1383 1595 in
1401 1559 1639 1604 civitatibus,
1655 1558 1838 1609 periculis
1858 1561 1899 1595 in
1917 1558 2100 1596 solitudi-

1146 1632 1208 1666 ne,
1223 1619 1408 1671 periculis
1433 1621 1477 1656 in
1503 1621 1617 1658 mari.
1637 1620 1690 1658 Ne
1712 1619 1924 1672 simpliciter
1948 1628 2100 1672 praeter-

1144 1693 1267 1718 eamus
1278 1679 1353 1718 haec
1366 1679 1477 1729 dicta,
1493 1679 1616 1718 dilecti
1636 1696 1644 1717 :
1663 1694 1746 1718 nam
1765 1679 1952 1732 quodlibet
1972 1681 2101 1719 horum

1144 1755 1207 1794 per
1219 1755 1256 1780 se
1269 1741 1387 1780 solum
1405 1741 1553 1794 pelagus
1569 1741 1720 1792 aliquod
1735 1742 1973 1780 tentationum
2000 1742 2103 1781 nobis

1145 1801 1310 1840 ostendit.
1334 1803 1417 1841 Non
1429 1803 1526 1840 enim
1544 1802 1757 1855 simpliciter
1774 1803 1841 1841 iter
1858 1818 1970 1842 unum
1985 1803 2099 1842 dixit:

1144 1862 1220 1912 scd,
1237 1865 1288 1901 In
1303 1866 1506 1902 itineribus
1515 1877 1615 1916 soepe
1629 1879 1640 1899 :
1653 1877 1764 1915 neque
1776 1878 1888 1902 unum
1900 1864 2100 1917 periculum

1145 1922 1179 1961 in
1196 1923 1332 1975 fluviis,
1348 1923 1410 1962 sed
1421 1924 1534 1962 multa
1564 1933 1599 1962 et
1613 1924 1731 1972 varia3
1762 1934 1796 1964 et
1812 1926 1932 1963 omnia
1963 1924 2100 1977 ingenti

1144 1984 1355 2023 fortitudine
1374 1984 1470 2022 tulit.
1493 1985 1540 2023 Et
1556 1994 1636 2038 post
1650 1985 1726 2024 haec
1747 1987 1867 2025 omnia
1886 1987 2017 2026 iterum
2042 1987 2100 2025 in·

1097 2028 1221 2097 {equit
1240 2049 1314 2084 :In
1337 2047 1469 2085 labore
1489 2055 1526 2085 et
1547 2061 1736 2094 aerumna,
1752 2050 1794 2086 in
1813 2050 1963 2100 vigIIiis
1982 2063 2095 2101 saepe,

1142 2109 1185 2144 in
1197 2107 1309 2158 fame
1323 2115 1359 2145 et
1379 2109 1460 2156 siti,
1486 2109 1527 2144 in
1532 2109 1698 2159 jejuniis
1713 2121 1826 2161 nepe,
1846 2111 2046 2163 infrigere
2061 2120 2098 2149 et

1147 2167 1340 2214 nuditate,
1358 2174 1503 2218 praeter
1519 2167 1594 2205 illa
1623 2181 1709 2220 quce
1720 2170 1958 2208 extrinsecus
1995 2178 2098 2211 sunt.

1196 2290 1234 2328 7.
1250 2288 1347 2328 Vide
1375 2290 1507 2328 iterum
1545 2290 1648 2330 aliud
1684 2291 1833 2345 pelagus
1862 2293 2098 2335 tentationum

1141 2350 1244 2389 nobis
1263 2351 1406 2404 aperiri.
1423 2352 1473 2390 Ut
1492 2351 1588 2390 enim
1602 2352 1710 2403 dixit,
1725 2355 1878 2393 Praeter
1907 2356 1982 2395 illa
2010 2372 2098 2410 quoe

1141 2415 1380 2451 extrinsecus
1395 2421 1500 2460 sunt,
1523 2413 1720 2453 insinuavit
1734 2418 1969 2468 prsetermissa
1992 2419 2095 2471 plura

1140 2487 1227 2524 esse,
1239 2488 1348 2526 quam
1366 2487 1447 2525 quae
1463 2473 1560 2512 dicta
1573 2484 1669 2513 sunt.
1689 2477 1812 2528 Neque
1828 2477 1885 2516 his
1910 2488 2095 2518 contentus

1138 2535 1220 2585 fuit,
1235 2549 1362 2574 verum
1378 2549 1440 2573 nos
1455 2534 1558 2573 docet
1571 2550 1755 2588 pressuras
1773 2546 1806 2576 et
1818 2539 2094 2591 conspirationes

1140 2610 1228 2648 quas
1241 2595 1426 2646 sustinuit,
1443 2595 1494 2634 sic
1516 2595 1638 2634 dicens
1655 2612 1663 2633 :
1681 2599 1881 2636 Instantia
1900 2613 1986 2637 mea
1999 2613 2094 2652 quo·

1139 2659 1307 2705 tidiana,
1344 2658 1568 2696 sollicitudo
1605 2661 1776 2696 omnium
1795 2660 2092 2707 ‚Ecclesiarum.

1139 2719 1232 2758 Ecce
1244 2719 1313 2757 hoc
1330 2717 1466 2757 bonum
1486 2732 1577 2770 opus
1595 2719 1652 2758 vel
1666 2719 1811 2758 unicum
1833 2722 2015 2761 sufficiens
2028 2733 2092 2774 est,

2119 1085 2145 1104 2.
2165 1077 2234 1106 Cur.
2256 1089 2301 1106 ιι.

2119 1121 2280 1157 24.-’,Τι.

2115 2067 2159 2096 lh.
2185 2079 2199 2094 v
2229 2078 2278 2106 ²7-

2113 2108 2162 2138 28.

2131 2541 2210 2569 Pauli
2224 2552 2298 2569 :rru-

2110 2593 2182 2611 ninm
2199 2585 2295 2611 varim.

1092 2787 1115 2817 B
1138 2790 1177 2818 ut
1192 2794 1354 2819 summus
1368 2779 1437 2832 ipsi
1454 2779 1631 2817 virtutum
1643 2794 1736 2832 apex
1751 2781 1932 2822 tribuatur
1952 2799 1961 2820 ε
1976 2784 2092 2823 Solli-
2141 2793 2149 2798 “

1137 2843 1282 2890 cicade,
1318 2840 1450 2892 inquit,
1483 2842 1656 2878 omnium
1697 2843 1990 2892 Ecclesiarum,
2021 2859 2090 2884 non

1137 2903 1254 2953 unius,
1278 2903 1334 2941 vel
1373 2901 1543 2948 duarum,
1579 2902 1635 2939 vel
1679 2902 1812 2953 trium,
1833 2904 1894 2943 sed
1929 2907 2090 2946 omnium

1136 2980 1214 3017 quae
1228 2965 1263 3003 in
1279 2973 1351 3003 toto
1375 2964 1475 3002 orbe.
1495 2964 1587 3001 Nam
1607 2974 1777 3015 quantam
1799 2975 1930 3006 terram
1951 2969 2004 3007 sol
2033 2985 2089 3008 ra-

1133 3025 1204 3064 diis
1223 3025 1296 3064 suis
1315 3025 1486 3073 illustrat,
1510 3033 1644 3062 tantam
1664 3039 1788 3064 curam
1816 3037 1850 3066 et
1873 3030 2086 3069 sollicitudi—

1133 3102 1213 3126 nem
1233 3086 1360 3125 habuit
1380 3085 1524 3141 Paulus.
1547 3085 1684 3125 Vidisti
1699 3087 1930 3137 latitudinem
1950 3092 2087 3130 animi?

1133 3148 1256 3187 vidisti
1275 3147 1403 3186 mentis
1419 3145 1729 3198 magnitudinem?
1742 3151 1823 3190 Jam
1851 3151 1947 3203 quod
1963 3153 2068 3192 subse
2079 3178 2087 3183 -

1121 3282 1137 3305 b
1156 3280 1235 3324 ch,
1255 3288 1357 3318 uuus,
1374 3276 1512 3309 Coislin.
1532 3285 1565 3310 et
1589 3278 1692 3313 Savll.
1715 3287 1900 3327 κατόρθωμα
1925 3289 1973 3318 καὶ
1998 3292 2087 3327 ,uiae-a

81 3338 93 3350 ³
112 3326 226 3365 Saxil..
244 3329 379 3365 Colsliu.
398 3338 430 3364 cl
459 3331 513 3365 alii
542 3331 618 3364 MSS-
640 3339 902 3378 ποῳανοψόμενον.
926 3333 1037 3367 Mot'cl.
1078 3340 1232 3376 τυχχάνου,
1252 3337 1289 3369 εἷς
1307 3335 1397 3369 αὐτὴν
1416 3338 1482 3371 ‘2702
1503 3329 1559 3371 (fll-
1580 3331 1700 3376 ἀνάγον)
1715 3340 1767 3372 τὴν
1784 3342 1891 3378 ἄκρα-ι.

36 3385 158 3421 dvo-751⁴
165 3394 233 3413 ἔνο-ι.
