2516 3791
647 218 689 248 ΙΝ
727 218 828 248 (ΖΑΡ.
869 196 1050 247 xxxvii.
1088 215 1250 246 GENES.
1289 214 1451 246 HOMH..
1494 216 1585 246 LX!-

89 312 199 350 λῶσαι
218 308 275 346 τὸν
291 305 431 359 τρόπον,
446 301 491 341 ἵν’
510 302 601 340 οὕτω
618 301 679 341 καὶ
694 301 794 340 αὐτοὶ
806 301 866 339 τὸν
883 299 1020 352 πατέρα
1035 301 1110 338 ἐπι-

88 371 311 415 σπάσωνται,
341 369 444 404 τοῦτο
462 363 524 414 μὲν
541 362 617 402 οὐδὲ
634 365 682 406 εἷς
705 362 837 401 ἔννοιαν
855 359 1109 412 λαμὸάνουσιν,

87 431 175 472 ἀλλὰ
199 429 310 469 κοινὸν
331 433 430 479 μῖσος
450 425 531 478 περ).
553 425 610 463 τὸν
637 424 705 463 ὑπὸ
725 427 785 461 τοῦ
809 422 940 475 πατρὸς
965 420 1109 473 ἀγαπώ-
1134 429 1158 459 D

87 508 187 545 μενον
200 490 450 530 ἐπεδείκνυντο.
468 487 538 527 Καὶ
556 488 681 525 ἐκεῖνοι
697 485 775 536 μὲν,
790 485 950 538 καθάπερ
964 484 1110 522 ἐκπολε-

86 553 271 606 μούμενοι,
303 550 394 590 οὕτω
422 549 660 588 λανθάνουσαν
688 547 815 585 ἔσωθεν
848 545 912 592 τὴν
939 543 1108 596 πονηρίαν

83 613 258 656 τίκτοντες
272 642 282 659 ,
313 610 408 650 οὐδὲν
441 610 610 662 εἰρηνικὸν
640 609 736 660 αὐτῷ
767 606 960 658 διελέγοντο
976 635 986 653 ,
1020 604 1110 643 ἀλλὰ

85 673 173 726 μετὰ
200 673 300 712 δόλου
330 671 602 723 προσεφέροντο·
629 673 647 708 ὁ
665 668 701 708 δὲ
721 667 912 720 θαυμάσιος
929 660 1027 710 οὗτος
1046 664 1109 713 τὴν

83 734 272 787 ἀδελφικὴν
291 733 423 772 εὔνοιαν
446 732 530 784 πρὸς
558 729 680 774 αὐτοὺς
705 729 894 774 ἀποσώζων
907 758 918 776 ,
935 727 994 765 καὶ
1013 725 1110 765 οὐδὲν

84 795 309 845 ὑπιδόμενος,
330 794 390 832 ἅτε
407 793 449 840 δὴ
467 795 514 836 ὡς
534 793 694 843 ἀδελφοῖς
715 789 864 843 ἐθάῤῥει,
885 787 945 827 καὶ
965 787 1009 826 τὰ
1030 788 1108 826 καθ’

85 856 205 894 ἑαυτὸν
224 855 364 894 ἅπαντα
384 852 570 892 ἀνετίθετο.

136 918 251 955 Τοῦτο
263 916 304 954 τὸ
318 916 426 959 πάθος
441 914 501 952 καὶ
521 912 556 957 ἐξ
572 911 756 966 ἀρχῆς’τὸν
772 910 862 950 Κάϊν
879 912 926 954 εἷς
941 909 1000 948 τὸν
1015 908 1108 947 κατὰ

81 978 141 1014 τοῦ
162 977 307 1027 ἀδελφοῦ
329 973 429 1027 φόνον
450 975 604 1025 ὁρμῆσαι
622 970 877 1024 παρεσκεύασε.
909 970 979 1008 Καὶ
1001 968 1108 1007 καθά·

81 1052 148 1090 περ
171 1030 265 1074 οὗτοι
297 1034 354 1073 διὰ
375 1034 438 1082 τὴν
471 1033 603 1072 εὔνοιαν
622 1037 682 1071 τοῦ
699 1032 830 1084 πατρὸς
843 1061 854 1078 ,
883 1030 925 1077 ἣν
950 1031 1030 1083 περὶ
1049 1030 1107 1069 τὸν

81 1097 192 1135 παῖδα
211 1095 443 1143 ἐπεδείκνυτο,
463 1100 576 1146 μισεῖν
597 1093 698 1132 αὐτὸν
718 1093 1032 1145 παρεσκευάζοντο,
1049 1092 1108 1130 καὶ
1133 1101 1157 1132 E

80 1157 247 1206 πολεμεῖν
265 1154 466 1207 ἐπεχείρουν
481 1183 490 1201 ,
518 1152 577 1191 καὶ
597 1153 672 1190 καθ’
692 1151 845 1197 ἑκάστην
863 1150 1000 1203 ἡμέραν
1021 1150 1109 1188 ὤδι-

81 1232 137 1254 νον
157 1216 220 1264 τὴν
239 1219 317 1254 κατ’
340 1218 443 1254 αὐτοῦ
459 1213 595 1266 σφαγήν
609 1228 616 1236 ·
637 1213 696 1251 τὸν
713 1213 814 1251 αὐτὸν
835 1212 877 1259 δὴ
896 1211 1023 1264 τρόπον
1045 1214 1110 1250 κά-

966 1277 988 1285 Ν
1019 1273 1061 1285 ’ΚΝ

81 1283 192 1321 κεῖνος
219 1277 430 1327 θεασάμενος
461 1275 516 1314 ὅτι
548 1273 593 1312 τὰ
621 1273 719 1326 παρὰ
746 1278 806 1312 τοῦ
840 1274 988 1325 ἀδελφου
1015 1283 1111 1324 οωρα

83 1341 216 1390 μᾶλλον
242 1338 347 1377 δεκτὰ
367 1337 527 1389 γέγονεν,
548 1338 597 1379 εἷς
615 1336 673 1374 τὸν
695 1334 787 1373 κατὰ
802 1338 862 1374 τοῦ
882 1335 1031 1386 ἀδελφοῦ
1050 1333 1110 1386 φό-

2048 202 2139 266 077

1183 306 1360 350 oporteret
1373 298 1455 337 illos
1471 297 1605 336 imitari
1619 297 1766 336 fratrem
1776 327 1787 347 ,
1800 305 1834 335 et
1848 298 2010 336 aemulari
2028 313 2142 338 mores

1183 359 1277 411 ejus,
1310 368 1350 397 ut
1375 358 1426 397 sic
1462 369 1495 397 et
1518 359 1589 412 ipsi
1617 368 1755 413 patrem
1788 359 1857 397 sibi
1886 359 2114 398 conciliarent
2131 391 2140 407 ,

1183 434 1226 458 nc
1245 420 1313 458 hoc
1333 420 1480 471 quidem
1496 421 1569 458 illis
1597 421 1633 459 in
1653 429 1806 458 mentem
1826 420 1945 469 venit,
1967 420 2027 458 sed
2045 435 2141 459 com-

1184 481 1284 518 muni
1300 481 1384 519 odio
1398 481 1515 519 filium
1535 495 1554 518 a
1572 491 1671 534 patre
1689 480 1861 519 dilectum
1881 481 2142 533 prosequeban-

1184 551 1255 580 tur.
1270 541 1316 580 Et
1331 542 1383 580 illi
1400 541 1560 592 quidem,
1573 543 1673 594 quasi
1689 543 1807 581 hostes
1817 542 2017 591 sacti,intus
2030 542 2141 580 laten-

1184 611 1253 641 tem
1265 602 1440 640 malitiam
1454 603 1643 655 parientes,
1656 603 1747 641 nihil
1761 603 1908 656 pacifice
1923 604 1967 651 ei,
1981 603 2044 642 sed
2058 618 2141 642 cum

1182 662 1265 700 dolo
1295 663 1534 714 loquebantur
1556 679 1564 700 ε
1588 663 1648 701 ille
1666 673 1785 702 autem
1809 664 2035 702 admirabilis
2061 665 2138 702 sra-

1182 733 1318 762 tcrnam
1332 725 1616 763 benevolentiam
1632 738 1714 763 cum
1731 725 1780 763 eis
1794 739 1957 772 servans,
1978 725 2140 776 nihilque

1183 785 1378 839 suspicans,
1397 795 1436 823 ut
1451 786 1625 824 fratribus
1636 786 1725 824 benc
1735 786 1861 836 fidens,
1874 786 1992 824 omnia
2008 801 2087 838 quse
2102 786 2137 824 in

1182 860 1218 884 se
1234 856 1334 885 erant
1354 847 1518 885 faciebat.

1234 910 1270 945 9.
1290 907 1360 946 Hic
1377 907 1525 946 morbus
1543 908 1589 945 ab
1619 907 1720 946 initio
1743 917 1777 946 et
1796 907 1886 946 Ca'i‘n
1899 937 1909 957 ,
1935 916 1974 945 ut
1991 908 2135 946 fratrem
2185 911 2257 939 Cain
2275 915 2340 961 pri-

2151 963 2214 982 mus
2236 964 2271 982 ex
2293 966 2342 983 ln·

2150 997 2218 1024 vido
2246 996 2344 1024 homi-

1180 967 1375 1019 oecideret,
1397 968 1561 1007 armavit.
1577 968 1625 1007 Et
1644 968 1734 1007 sicut
1747 968 1805 1007 isti
1821 978 1966 1021 propter
1985 968 2136 1007 benevo-

1180 1029 1326 1068 lentiam
1339 1030 1462 1083 patris,
1477 1045 1584 1082 quam
1597 1044 1680 1082 erga
1694 1030 1811 1068 filium
1821 1029 2038 1078 declarabat,
2053 1029 2136 1069 odio
2151 1039 2227 1067 cida.

1182 1091 1286 1129 illum
1313 1091 1636 1144 prosequebantur,
1655 1101 1688 1130 et
1708 1092 1920 1144 impugnare
1939 1090 2138 1129 molieban-

1182 1162 1253 1202 tur,
1294 1162 1329 1191 et
1364 1153 1527 1204 quotidie
1557 1154 1670 1206 ipsius
1702 1152 1835 1191 caedem
1866 1152 2111 1205 parturiebant
2127 1168 2135 1188 ε

1182 1214 1305 1253 eodem
1333 1228 1416 1253 sane
1435 1214 1543 1253 modo
1561 1224 1596 1253 et
1623 1215 1704 1263 ille,
1725 1223 1766 1251 ut
1785 1213 1880 1251 vidit
1907 1212 2027 1250 fratris
2044 1212 2138 1251 dona

1182 1276 1258 1314 Deo
1276 1276 1393 1328 magis
1417 1285 1561 1328 accepta
1580 1275 1705 1325 fuisse,
1729 1274 1777 1313 ad
1797 1288 1879 1312 eum
1901 1273 2135 1313 occidendum

1182 1346 1398 1389 provocatus
1415 1346 1481 1388 est,
1500 1346 1534 1375 et
1552 1337 1683 1388 inquit,
1701 1337 1963 1389 Egrediamur
1980 1339 2022 1374 in
2034 1350 2138 1374 cam·
2155 1347 2231 1375 Gen.
2243 1344 2273 1385 4.
2287 1343 2318 1375 8.

80 1415 136 1438 νον
163 1400 324 1447 ἐκινήθη,
350 1398 410 1437 καί
435 1413 539 1451 φησιν
553 1427 563 1445 ,
594 1396 814 1448 Ἐξέλθωμεν
843 1397 892 1440 εἰς
918 1395 958 1434 τὸ
978 1393 1108 1433 πεδίον.
1121 1429 1168 1454 585
1180 1410 1287 1448 pum.
1310 1397 1424 1437 Vides
1438 1397 1534 1435 hunc
1549 1397 1654 1436 etiam
1671 1397 1765 1435 nihil
1777 1398 2011 1450 suspicatum,
2028 1398 2138 1435 confi-

79 1460 188 1513 Ὁρᾷς
221 1460 280 1499 καὶ
309 1463 430 1498 τοῦτον
456 1458 564 1510 μηδὲν
595 1456 838 1511 ὑφορώμενον,
876 1457 954 1495 ἀλλ’
982 1450 1038 1493 οἶα
1066 1455 1107 1503 δὴ
1133 1466 1159 1495 Α
1182 1458 1277 1496 disse
1306 1458 1428 1507 fratri,
1451 1467 1485 1497 et
1509 1459 1638 1497 exiisse
1663 1473 1704 1497 ac
1723 1468 1850 1512 praeter
1873 1458 1983 1496 animi
2003 1468 2139 1497 senten-

83 1523 220 1575 ἀδελφῷ
241 1520 445 1572 πειθόμενον
462 1550 472 1568 ,
498 1518 701 1563 κατεξιόντα
719 1517 779 1557 καὶ
798 1523 812 1539 ³
825 1517 1000 1570 πάρεργον
1017 1517 1110 1568 γινό-

81 1599 183 1635 μενον
199 1586 262 1630 τῆς
282 1588 411 1634 μιαρᾶς
430 1581 562 1627 ἐκείνης
582 1580 710 1626 δεξιᾶς;
730 1579 836 1618 Οὕτω
855 1578 897 1626 δὴ
916 1578 977 1616 καὶ
992 1582 1009 1616 ὁ
1026 1582 1108 1617 θαυ-

80 1644 204 1696 μάσιος
234 1643 385 1696 Ἰωσὴφ,
413 1645 474 1681 οὐκ
503 1641 601 1685 εἰδὼς
631 1641 694 1688 τὴν
721 1640 833 1688 κακὴν
859 1644 927 1678 τῶν
949 1640 1107 1692 ἀδελφῶν

78 1706 260 1756 ὁμόνοιαν,
276 1707 323 1747 ὡς
343 1705 503 1756 ἀδελφοῖς
526 1702 762 1755 προσεφέρετο
775 1733 784 1750 ,
803 1701 863 1740 καὶ
885 1701 929 1739 τὰ
949 1700 1107 1749 ἐνύπνια,

78 1767 169 1818 ἅπερ
197 1769 292 1818 αὐτῷ
323 1768 341 1803 ὁ
368 1766 457 1808 Θεὸς
486 1764 737 1811 ἀπεκάλυπτε,
776 1762 988 1815 προμηνύων
1015 1764 1110 1816 αὐτῷ

78 1827 142 1875 τὴν
158 1828 383 1880 περιφάνειαν
398 1829 433 1865 ἐν
453 1821 645 1877 ἦγίνεσθαι
664 1824 790 1876 ἔμελλε
805 1855 814 1872 ,
833 1824 894 1862 καὶ
913 1826 982 1861 τῶν
1003 1825 1107 1862 ἀδελ-

78 1893 150 1942 φῶν
178 1890 241 1936 τὴν
271 1888 451 1940 ὑποταγὴν
485 1889 532 1929 εἷς
561 1886 664 1936 μέσον
690 1885 879 1938 προετίθει.
921 1887 1110 1924 Ένυπνια-

78 1950 170 1994 σθεὶς
202 1949 288 2002 γὰρ,
320 1949 450 2001 φησὶν,
487 1947 644 1986 ἐνύπνιον
682 1947 876 1997 ἀπήγγειλε
904 1953 975 1989 τοῖς
1008 1946 1109 1984 ἀδελ-

77 2015 153 2062 φοῖς
188 2010 312 2056 αὐτοῦ,
351 2008 408 2046 καὶ
441 2001 534 2046 εἶπεν
565 2007 698 2050 αὐτοῖς·
737 2006 912 2045 ἀκούσατέ
947 2022 1012 2057 μου
1048 2009 1108 2044 τοῦ

76 2070 236 2109 ἐνυπνίου
252 2069 386 2108 τούτου.
403 2068 525 2123 ”ῼμην
550 2071 645 2118 ἡμᾶς
665 2068 845 2119 δεσμεύειν
866 2069 1053 2120 δράγματα
1073 2070 1108 2106 ἐν

77 2131 176 2183 μέσῳ
205 2133 255 2183 τῷ
287 2130 415 2182 πεδίῳ,
443 2130 502 2167 καὶ
531 2129 658 2175 ἀνέστη
690 2130 730 2167 τὸ
762 2130 845 2180 ε’μὸν
878 2129 1019 2182 δράγμα
1047 2129 1107 2167 καὶ

76 2191 264 2244 ἀνωρθώθη
278 2207 285 2214 ·
306 2190 587 2243 περιστραφέντα
611 2189 646 2228 δὲ
675 2189 719 2227 τὰ
741 2191 894 2242 ὑμέτερα
920 2190 1106 2243 δράγματα

74 2252 336 2303 προσεκύνησαν
360 2253 401 2290 τὸ
433 2252 515 2302 ἐμὸν
544 2251 698 2303 δράγμα.
745 2244 860 2289 Εἶπαν
888 2250 924 2288 δὲ
947 2251 1041 2304 αὐτῷ
1073 2253 1106 2289 οἱ

74 2313 236 2365 ἀδελφοί·
259 2312 307 2363 μὴ
330 2312 523 2364 βασιλεύων
546 2311 766 2363 βασιλεύσεις
787 2311 842 2364 ἐφ’
857 2315 974 2362 ἡμᾶς,
1000 2311 1022 2357 ἢ
1046 2327 1105 2350 κυ-

75 2373 196 2425 ριεύων
228 2373 420 2426 κυριεύσεις
443 2376 568 2424 ἡμῶν;
600 2373 670 2411 Καὶ
689 2373 898 2424 προσέθεντο
917 2372 969 2411 ἔτι
988 2380 1103 2422 μισεῖν

74 2434 176 2472 αὐτὸν
200 2433 315 2471 ἕνεκεν
337 2437 404 2471 τῶν
439 2433 605 2472 ἐνυπνίων
635 2434 736 2471 αὐτοῦ
762 2433 910 2471 καὶτῶν
934 2433 1101 2485 ῥημάτων

73 2495 188 2533 αὐτοῦ.
206 2495 273 2533 Διὰ
283 2499 384 2533 τοῦτο
398 2495 458 2533 καὶ
470 2494 643 2547 προέλαὲε
656 2495 716 2533 καὶ
731 2495 912 2534 ἐδίδασκεν
925 2500 1033 2547 ἡμᾶς,
1047 2495 1100 2534 ὅτι

73 2555 202 2594 ἄνωθεν
224 2555 263 2593 τὸ
281 2562 380 2606 μῖσος
402 2555 442 2593 τὸ
461 2556 546 2608 πρὸς
564 2556 666 2594 αὐτὸν
688 2555 949 2603 ἐπεδείκνυντο,
973 2556 1030 2595 ἵνα
1051 2556 1100 2607 μὴ

72 2616 271 2667 νομίσωμεν
293 2619 446 2655 ἐντεῦθεν
466 2616 580 2668 ἀρχὴν
607 2615 728 2660 αὐτοὺς
749 2617 926 2670 εἰληφέναι
944 2621 1003 2655 τοῦ
1021 2619 1100 2656 κατ’

71 2676 174 2714 αὐτὸν
201 2676 369 2728 πολέμου.
418 2678 639 2729 Προσέθεντο
665 2677 733 2731 γὰρ
754 2678 805 2716 ἔτι
841 2685 955 2730 μισεῖν
984 2679 1100 2728 αὐτὸν,

72 2737 150 2775 ἀντὶ
175 2741 256 2784 τοῦ,
286 2740 406 2790 πολλῷ
441 2738 546 2776 πλέον
580 2737 725 2785 ηὔξανον
753 2740 794 2778 τὸ
819 2746 918 2790 μῖσος
948 2740 1008 2779 καὶ
1036 2740 1101 2788 τὴν

71 2797 201 2850 ἔχθραν
230 2799 294 2845 τὴν
327 2799 405 2837 κατ’
426 2801 542 2838 αὐτοῦ.
574 2800 643 2838 Καὶ
659 2799 723 2852 ὅρα
742 2803 805 2847 τῆς
823 2802 1020 2854 πηρώσεως
1037 2801 1100 2849 τὴν

70 2858 286 2910 ὑπερὸολήν·
318 2859 414 2897 αὐτοὶ
441 2860 481 2897 τὸ
510 2860 593 2912 ὄναρ
626 2861 871 2913 διακρίνουσιν.
905 2862 996 2900 Οὐδὲ
1033 2862 1100 2914 γάρ

71 2920 162 2958 ἐστιν
189 2921 296 2958 εἰπεῖν
312 2950 321 2967 ,
347 2919 401 2958 ὅτι
422 2921 465 2958 δι’
488 2921 629 2971 ἄγνοιαν
650 2925 719 2960 τῶν
741 2922 939 2973 μελλόντων
959 2923 1100 2962 ἔσεσθαι

1183 1519 1271 1558 tiam
1293 1520 1328 1558 in
1350 1519 1522 1558 nefariam
1549 1520 1651 1558 illam
1676 1520 1841 1559 dextram
1871 1519 2140 1560 incidisse?Sic

1182 1596 1264 1620 sane
1282 1590 1316 1620 et
1333 1581 1560 1621 admirabilis
1575 1582 1707 1635 Joseph
1727 1582 1884 1621 nesciens
1903 1583 2039 1620 malum
2064 1583 2137 1620 fra-

1180 1652 1278 1681 trum
1290 1657 1436 1681 suorum
1448 1658 1670 1693 consensum,
1685 1652 1866 1694 tamquam
1878 1657 1958 1681 cum
1969 1644 2139 1682 fratribus

1183 1718 1263 1742 cum
1272 1705 1321 1742 eis
1331 1704 1554 1755 loquebatur,
1565 1713 1597 1742 et
1605 1705 1780 1742 insomnia
1789 1704 1864 1756 ipsa
1875 1718 1953 1755 quae
1961 1704 2028 1742 sibi
2043 1706 2138 1743 Deus

1182 1765 1404 1803 revelaverat
1420 1795 1429 1813 ,
1450 1765 1700 1817 praesignaudo
1715 1765 1866 1816 gloriam
1882 1765 1950 1803 sibi
1967 1765 2138 1803 obventu-

1183 1840 1258 1864 ram
1269 1836 1301 1865 et
1308 1827 1462 1864 fratrum
1471 1827 1741 1879 subjectionem,
1752 1827 1788 1864 in
1796 1826 1955 1864 medium
1966 1842 2138 1880 propone-

1182 1888 1255 1926 bat.
1267 1891 1302 1927 5.
1315 1890 1345 1927 C
1347 1903 1412 1926 um
1423 1889 1517 1926 enim
1528 1891 1772 1935 somniasset,
1791 1891 1997 1937 somnium,
2010 1888 2138 1940 inquit,

1182 1953 1435 1989 annuntiavit
1457 1951 1661 2003 fratribus
1687 1952 1766 1988 suis
1780 1980 1793 1996 ,
1816 1952 1853 1988 6.
1872 1958 1907 1988 et
1931 1951 2030 1988 dixit
2050 1953 2104 1989 eis
2126 1966 2136 1986 :

1182 2011 1333 2049 Audite
1365 2014 1558 2050 somnium
1587 2012 1659 2049 hoc
1696 2025 1834 2049 meum.
1866 2012 1904 2048 7.
1942 2012 2140 2049 Putabam

1182 2087 1252 2111 nos
1269 2073 1490 2124 manipulos
1513 2073 1634 2124 ligare
1655 2075 1697 2109 in
1716 2073 1842 2110 medio
1861 2086 1978 2124 agro,
2001 2081 2037 2109 et
2056 2086 2139 2110 sur-

1180 2137 1281 2172 rexit
1295 2134 1518 2186 manipulus
1536 2147 1655 2180 meus,
1673 2143 1711 2172 et
1724 2143 1871 2171 erectus
1885 2142 1939 2171 est
1954 2149 1965 2169 .·
1977 2137 2141 2171 circum-

1182 2203 1328 2233 stantes
1351 2203 1482 2232 autem
1513 2194 1706 2246 manipuli
1726 2197 1849 2232 vestri
1877 2195 2140 2232 adoraverunt

1181 2252 1425 2304 manipulum
1440 2266 1582 2289 meum.
1601 2252 1640 2290 8,
1657 2253 1855 2290 Dixerunt
1871 2261 2000 2290 autem
2014 2257 2049 2291 ei
2045 2255 2141 2307 sra-

1180 2322 1256 2351 tres
1277 2328 1288 2349 .·
1304 2314 1410 2351 qum
1427 2327 1596 2366 regnans
1615 2316 1798 2366 regnabis
1824 2328 1939 2366 super
1958 2328 2045 2361 nos,
2071 2323 2141 2353 aut

1178 2376 1387 2413 dominans
1419 2376 1685 2413 dominaberis
1705 2377 1853 2413 nostri?
1874 2377 1929 2413 Et
1954 2389 2140 2427 apposue-

1177 2445 1269 2475 runt
1279 2437 1410 2475 adhuc
1424 2450 1511 2475 eum
1523 2438 1611 2474 odio
1622 2439 1805 2489 prosequi
1815 2446 1972 2489 propter
1987 2440 2140 2475 somnia

1177 2508 1213 2538 et
1246 2501 1370 2538 verba
1389 2513 1473 2537 sua.
1504 2499 1695 2550 Propterea
1714 2498 1816 2550 prius
1843 2513 1985 2549 quoque
2016 2498 2140 2536 docuit

1176 2561 1257 2600 illos
1271 2560 1396 2600 odjum
1409 2573 1493 2611 erga
1506 2573 1589 2597 eum
1604 2569 1706 2597 antea
1719 2558 1941 2602 exhibuisse,
1960 2567 1998 2595 ut
2014 2573 2056 2596 ne
2069 2573 2138 2610 pu-

1177 2631 1292 2660 temus
1320 2635 1378 2659 eos
1407 2620 1492 2658 hinc
1519 2620 1688 2657 sumsisse
1715 2619 1788 2657 odii
1819 2619 1877 2656 sui
1909 2628 2030 2656 contra
2056 2633 2138 2656 eum

1175 2684 1378 2723 exordium.
1405 2681 1448 2719 A
1447 2689 1682 2733 pposuerunt
1697 2680 1792 2718 enim
1808 2681 1936 2717 adhuc
1948 2694 2033 2718 eum
2048 2681 2137 2718 odio

1173 2746 1374 2798 prosequi:
1402 2742 1470 2780 hoc
1483 2751 1546 2788 est,
1561 2741 1674 2778 multo
1690 2740 1804 2791 magis
1817 2740 1995 2791 augebant
2012 2740 2137 2779 odium

1175 2816 1209 2844 et
1231 2804 1442 2843 inimicitias
1464 2811 1585 2840 contra
1611 2815 1705 2839 eum.
1726 2801 1774 2838 Et
1797 2800 1881 2838 vide
1906 2801 2034 2839 miram
2055 2801 2135 2840 illo-

1175 2882 1255 2905 rum
1279 2865 1475 2904 caecitatem
1499 2879 1506 2899 :
1531 2863 1597 2915 ipsi
1617 2862 1711 2901 enim
1728 2862 1908 2900 somnium
1938 2871 2134 2916 exponunt.

1174 2931 1254 2968 Non
1269 2928 1364 2966 enim
1380 2935 1431 2964 est
1448 2924 1656 2973 dicendum,
1664 2938 1723 2961 eos
1736 2933 1883 2976 propter
1895 2924 2136 2976 ignorantiam

69 2985 230 3037 ἐφθόνουν
253 2989 330 3025 κατ’
362 2989 476 3025 αὐτοῦ·
505 2988 595 3025 ἀλλὰ
621 2989 786 3039 μαθόντες
813 2991 852 3028 ἐκ
864 2992 933 3028 τῶν
956 2989 1097 3042 ὄνειρά-
1123 2999 1146 3029 C
1173 3004 1316 3038 eorum,
1337 3002 1416 3039 quae
1427 2988 1547 3025 sutura
1563 2984 1876 3030 erant,invidiam
1893 2985 2041 3037 gessisse
2053 3000 2135 3024 con-

67 3066 135 3089 των
163 3052 208 3090 τὰ
227 3053 376 3104 ἐσόμενα
392 3083 402 3102 ,
431 3053 636 3107 προσθήκην
655 3059 715 3093 τοῦ
738 3055 860 3105 μίσους
879 3056 1095 3108 εἰργάζοντο.

1173 3062 1226 3091 tra
1249 3065 1332 3089 eum
1347 3065 1358 3100 3
1384 3048 1449 3087 sed
1469 3056 1508 3085 ut
1528 3047 1649 3084 sutura
1667 3060 1713 3084 ex
1733 3046 1881 3085 somniis
1900 3046 2134 3095 didicerunt,

109 3197 124 3213 ι
147 3196 302 3234 Πάριργον
317 3199 473 3233 ympno-1
483 3199 536 3230 τῆς
551 3199 664 3236 μιαγωῖς
682 3197 789 3230 ἐκείνης
805 3194 911 3232 δεξιᾶς.
931 3191 1077 3236 Insignis
1107 3199 1228 3236 proeter
1254 3188 1549 3232 exspectationem.
1577 3185 1697 3228 Itaque
1713 3183 1820 3217 caedes
1846 3183 1956 3216 Abelis
1984 3191 2136 3231 πάρεργα,

66 3238 250 3273 admodum
267 3241 423 3285 loquendi
441 3243 547 3275 forma
559 3269 567 3283 ‚
595 3245 677 3276 mira
695 3245 839 3276 oratoris
856 3243 989 3276 licentia
1003 3269 1014 3286 ‚
1028 3244 1079 3277 di·
1113 3241 1205 3275 Abeli
1224 3241 1304 3279 fuit,
1321 3239 1398 3282 quia
1415 3236 1507 3270 aliud
1523 3248 1639 3279 agens,
1658 3233 1750 3268 aliud
1767 3238 1918 3280 cogitans
1932 3263 1940 3277 ,
1970 3234 2061 3267 aliud
2078 3248 2135 3267 ex-

66 3290 154 3324 citur
183 3291 262 3324 Abel
286 3300 436 3340 πάρεργον
462 3295 560 3327 fuisse
577 3294 710 3328 nefariae
735 3307 852 3327 manus
865 3295 972 3328 Caini.
985 3293 1080 3342 ἑργον
1114 3302 1267 3337 spectans
1282 3290 1466 3325 trucidatus
1479 3296 1528 3321 est
1539 3315 1546 3329 ,
1562 3299 1630 3321 non
1645 3289 1723 3321 item
1739 3288 1844 3320 Caino
1860 3289 1916 3330 qui
1942 3287 2056 3319 nefarii
2073 3286 2115 3319 Ιιιι

66 3340 118 3376 cst
133 3344 168 3374 id
191 3345 282 3387 quod
304 3347 469 3389 agendum
500 3349 690 3391 suscipitur,
708 3354 859 3394 πάρεργον
883 3360 966 3392 opus
991 3347 1084 3392 quod
1111 3347 1203 3390 jusce
1215 3343 1346 3378 sceleris
1360 3352 1458 3375 causa
1475 3341 1508 3374 in
1525 3351 1681 3384 campum
1698 3338 1869 3382 profectus
1883 3346 1944 3371 est.

67 3395 165 3427 aliud
183 3399 300 3440 agenti
325 3399 467 3441 osse-rtur
489 3399 749 3442 exsequendam,
779 3408 812 3432 et
840 3408 878 3432 ut
903 3398 1082 3443 plurimum
