2566 3791
388 192 480 240 206

386 294 509 342 istum,
525 291 597 336 dic,
614 291 774 342 obsecro,
789 290 833 328 ad
851 290 958 328 talem
982 289 1235 328 confessionem
1261 287 1346 326 ade·

385 355 463 407 git?
478 355 610 394 Nullus
627 354 720 392 alius
739 367 848 405 quam
869 352 1097 399 conscientia,
1116 351 1344 401 incorruptus

387 418 448 456 ille
459 417 587 469 judex.
605 416 702 465 Quia
717 415 811 453 enim
822 429 868 453 ex
883 413 1019 451 desidia
1033 413 1068 449 in
1085 419 1268 463 peccatum
1283 408 1345 447 de-

389 479 602 526 clinaverat,
631 487 666 515 et
700 477 814 515 scelus
845 488 950 527 opere
978 473 1171 525 perfecerat
1194 486 1201 506 z
1225 469 1345 508 statim

391 540 587 578 insurrexit
616 537 846 583 conscientia,
864 535 1075 583 inclamans,
1094 542 1200 583 atque
1228 540 1344 570 osten-

386 600 472 638 dens
498 608 725 652 peecatorum
749 595 1047 648 magnitudinem,
1064 603 1099 632 et
1122 593 1267 644 quantis
1292 607 1345 631 se-

386 662 505 713 ipsum
526 661 640 713 poenis
659 658 858 697 obnoxium
876 655 1102 695 reddidisset.
1121 656 1175 693 lta
1194 655 1290 694 enim
1309 669 1345 694 se

385 725 493 763 habet
512 732 708 776 peccatum,
728 732 769 761 ut
792 722 1003 775 priusquam
1035 720 1110 769 fiat,
1127 729 1162 758 et
1185 719 1231 758 ad
1254 733 1345 772 opus

385 785 583 839 perveniat,
602 785 807 823 obtenebret
823 793 858 822 et
870 783 1026 835 decipiat
1044 791 1198 820 mentem
1220 797 1228 818 :
1248 790 1345 834 post-

385 862 494 899 quam
532 856 651 885 autem
683 853 968 884 consummatum
1001 842 1120 891 fuerit,
1160 842 1345 880 manifeste

386 924 489 948 suam
509 909 612 947 nobis
640 907 899 946 absurditatem
923 906 1079 959 proferat
1099 913 1131 942 et
1151 903 1314 943 ostendat
1334 919 1342 941 :

386 971 436 1008 sic
459 971 582 1009 brevis
611 970 675 1008 illa
706 978 739 1007 et
761 967 917 1006 absurda
945 967 1111 1019 voluptas
1135 965 1345 1003 continuum

385 1032 497 1070 menti
518 1031 678 1069 dolorem
698 1029 836 1079 inserit,
858 1027 1151 1078 conscientiaeque
1172 1026 1343 1065 fiduciam

384 1093 514 1143 aufert,
536 1101 641 1144 atque
662 1092 766 1129 illum
792 1090 854 1141 qui
880 1088 1110 1127 succubuerit
1138 1087 1344 1125 confusione
1357 1111 1404 1136 175

385 1153 581 1206 perfundit.
602 1153 783 1204 Benignus
805 1151 900 1189 enim
920 1152 1017 1188 Deus
1039 1147 1256 1202 ejuscemodi
1276 1162 1342 1186 no-
1369 1152 1395 1178 A

385 1215 442 1253 bis
463 1224 703 1253 accusatorem
731 1213 890 1251 assistere
914 1211 1050 1260 voluit,
1066 1210 1127 1261 qui
1148 1224 1345 1261 numquam

385 1277 555 1328 quiescat,
584 1276 646 1314 sed
667 1274 905 1313 indesinenter
932 1272 994 1309 ille
1021 1271 1253 1322 congrediens
1274 1271 1346 1310 cla-

386 1347 473 1387 met,
496 1347 530 1376 et
551 1352 695 1390 poenam
715 1336 835 1387 exigat
863 1333 1090 1372 delictorum.
1110 1333 1158 1371 Et
1177 1333 1245 1370 hoc
1265 1332 1346 1383 quis

386 1399 518 1439 viderit
532 1399 717 1437 manifeste
735 1412 780 1436 ex
798 1396 899 1435 factis
917 1395 1016 1448 ipsis.
1035 1397 1217 1434 Scortator
1232 1394 1343 1444 enim,

386 1462 444 1500 vel
461 1461 614 1510 adulter,
628 1461 687 1499 vel
703 1460 762 1511 qui
782 1457 885 1497 aliud
903 1458 973 1495 tale
991 1456 1166 1508 quiddam
1186 1456 1344 1506 admisit,

387 1523 494 1560 etiam
507 1523 537 1561 si
549 1537 670 1560 omnes
690 1522 798 1560 latere
812 1529 931 1571 queat,
949 1532 1146 1569 numquam
1166 1526 1282 1555 tamen
1295 1518 1345 1556 sic

388 1585 425 1622 in
443 1583 701 1636 tranquillitate
715 1582 828 1630 vivit3
853 1581 914 1619 sed
934 1580 1069 1617 liabens
1095 1593 1212 1617 aerem
1240 1579 1344 1617 illum

389 1656 630 1684 accusatorem
646 1643 865 1697 suspiciones
878 1644 991 1687 timet,
1000 1641 1147 1679 umbras
1160 1640 1345 1689 tremiscit,

387 1717 420 1745 et
442 1722 499 1746 eos
520 1707 583 1758 qui
600 1706 732 1744 conscii
759 1714 853 1754 sunt,
873 1713 906 1741 et
925 1703 988 1754 qui
1016 1717 1086 1740 non
1103 1711 1204 1751 sunt3
1222 1716 1348 1754 perpe-

391 1778 522 1819 tuaque
548 1769 585 1806 in
613 1767 732 1805 animo
754 1767 830 1818 ejus
848 1772 1037 1816 tempestas
1059 1772 1122 1811 est,
1139 1772 1173 1800 et
1192 1763 1348 1815 recipro-

391 1840 508 1868 cantes
531 1844 572 1867 ac
602 1828 773 1867 contrarii
796 1827 937 1865 fluctus.
969 1826 1121 1877 Insuper
1149 1839 1263 1875 neque
1290 1838 1348 1862 so-

388 1906 493 1930 mnus
508 1891 539 1929 ei
558 1890 692 1937 suavis,
710 1889 771 1927 scd
788 1898 922 1926 terrore
941 1895 974 1924 et
989 1885 1180 1923 formidine
1194 1885 1322 1937 plenus
1339 1901 1347 1922 ε

389 1968 502 2004 neque
517 1953 616 1991 cibus
630 1951 853 2004 voluptatem
866 1949 1014 2002 praebet,
1023 1961 1135 1999 neque
1148 1947 1350 1985 amicorum

389 2014 567 2066 colloquia
586 2015 694 2052 talem
719 2012 933 2061 refocillare,
954 2009 1014 2048 vel
1039 2009 1190 2047 liberare
1217 2008 1263 2046 ab
1287 2023 1350 2047 ur-

389 2087 492 2130 gente
519 2077 697 2116 anxietate
725 2084 874 2128 possunt
894 2089 902 2111 :
926 2072 988 2111 sed
1013 2072 1115 2124 quasi
1146 2071 1349 2110 carnificem

391 2140 678 2191 circumgestarct
714 2152 750 2176 se
783 2136 1020 2175 lancinantem
1051 2143 1085 2172 et
1109 2133 1349 2185 flagellantem

390 2202 572 2251 continuo,
594 2200 643 2238 ita
673 2207 751 2251 post
780 2196 981 2235 absurdum
1005 2194 1099 2233 illud
1122 2194 1260 2232 facinus
1286 2194 1349 2231 ob-

392 2262 571 2310 ambulat,
599 2260 699 2298 nullo
721 2258 883 2307 conscio,
913 2257 1088 2295 sustinens
1111 2254 1351 2292 intolerabiles

393 2337 516 2375 poenas
541 2323 634 2369 illas,
652 2330 686 2358 et
699 2319 816 2373 judex
842 2317 897 2355 sui
923 2317 1036 2370 ipsius
1058 2317 1173 2354 factus
1192 2324 1226 2352 et
1248 2328 1351 2352 accu-

835 207 854 237 S
865 227 874 237 .
911 205 1090 237 ΙΟᾹΝΝΙΞ
1125 204 1348 236 CIIRYSOST
1357 225 1366 235 .

227 2393 381 2422 (tousessio
396 2394 502 2424 sator.
522 2386 687 2422 Attamen
707 2381 768 2432 qui
788 2380 864 2417 haec
883 2379 979 2427 fecit,
1000 2377 1030 2415 si
1049 2377 1217 2425 volucrit,
1233 2385 1273 2414 ut
1289 2375 1351 2414 de-

185 2442 379 2473 ¹'‘'⁰⁰‘'¹‘’¹‘²¹¹¹¹'
396 2456 462 2497 cet,
482 2446 534 2484 uti
556 2442 776 2484 conscientiae
804 2441 1022 2493 adjumento,
1042 2448 1076 2477 et
1097 2438 1143 2476 ad
1165 2437 1353 2475 consessio-

395 2522 477 2546 nem
516 2506 716 2547 facinorum
758 2502 943 2551 festinare,
974 2510 1008 2539 et
1039 2500 1142 2538 uleus
1170 2498 1353 2537 ostendere

395 2569 546 2617 medico,
566 2567 628 2619 qui
656 2575 754 2605 curet
782 2575 816 2604 et
838 2578 906 2602 non
935 2563 1146 2615 exprobret,
1173 2571 1279 2612 atque
1306 2562 1353 2599 ab

395 2632 458 2670 illo
478 2630 635 2669 remedia
655 2628 827 2681 accipere,
846 2640 887 2664 ac
906 2625 972 2663 soli
989 2625 1021 2663 ei
1039 2624 1150 2675 loqui,
1165 2623 1264 2662 nullo
1283 2624 1353 2661 alio

394 2693 547 2742 conscio,
568 2701 601 2730 et
628 2690 745 2729 omnia
771 2689 889 2727 dicere
915 2702 997 2725 cum
1017 2685 1218 2737 diligentia,
1251 2685 1354 2723 facile

394 2764 536 2807 peccata
554 2767 616 2791 sua
637 2750 854 2790 emendabit.
879 2747 1060 2787 Confessio
1079 2746 1172 2785 enim
1191 2755 1354 2799 peccato-

394 2831 476 2854 rum
496 2815 642 2853 abolitio
662 2814 768 2852 etiam
789 2821 839 2850 cst
860 2811 1086 2849 delictorum.
1109 2807 1218 2857 Quod
1236 2807 1264 2845 si
1286 2809 1354 2846 La—

393 2878 496 2916 mech
516 2877 575 2914 ille
594 2876 666 2914 suis
686 2874 900 2913 mulieribus
916 2872 1029 2910 caedes
1051 2886 1070 2909 a
1093 2884 1129 2909 se
1148 2869 1355 2908 commissas

395 2938 557 2987 detegere
580 2946 614 2975 et
640 2936 799 2974 confiteri
834 2949 903 2972 non
929 2933 1073 2985 refugit,
1094 2932 1191 2983 quali
1222 2931 1356 2968 erimus

395 2999 499 3036 venia
519 2997 635 3049 digni,
658 2997 686 3034 si
707 2997 737 3034 ci
759 2996 819 3047 qui
839 2995 958 3033 onmia
979 3003 1096 3032 nostra
1116 3001 1279 3031 accurate
1294 3006 1355 3029 uo-

396 3061 445 3098 vit
479 3059 632 3105 delicta,
669 3057 831 3096 conliteri
860 3065 1005 3109 peccata
1033 3054 1228 3093 nolumus?
1256 3054 1354 3091 Num

395 3123 479 3174 qaia
516 3121 672 3170 ignorat,
698 3120 833 3157 (list-cre
864 3119 969 3156 vult?
1003 3118 1238 3168 Nequaquam
1270 3115 1354 3166 quia

397 3190 548 3237 ignorat,
565 3185 817 3223 consessionem
832 3199 851 3221 a
869 3183 971 3221 uobis
987 3181 1149 3233 requirit,
1161 3180 1223 3231 qui
1238 3179 1356 3218 omnia

398 3250 462 3288 scit
476 3257 665 3299 autequam
682 3247 767 3283 liant
787 3262 794 3282 z
813 3244 874 3283 scd
889 3245 1012 3282 volens
1028 3257 1090 3297 per
1104 3242 1357 3281 consessionem

398 3324 459 3347 uos
480 3322 620 3359 quoque
651 3316 875 3358 pcccatorum
899 3305 1030 3342 liabcrc
1054 3317 1208 3351 sensum,
1226 3311 1259 3339 ct
1280 3315 1358 3351 gra-

402 3381 473 3408 tuui
507 3384 587 3419 erga
614 3384 647 3405 sc
668 3367 849 3404 ostendere
868 3366 1039 3403 auiuiuui.
1064 3366 1157 3403 Num
1193 3377 1275 3415 opes
1293 3362 1361 3400 ali-

398 3448 476 3483 quar
515 3432 573 3469 liic.
600 3439 678 3467 suut
707 3428 973 3481 expendenda?
1001 3442 1085 3465 uum
1116 3426 1262 3477 longum
1294 3424 1360 3462 iter

1406 205 1609 235 Ancumt’.
1649 205 1999 236 CONSTANTINOP-

1422 287 1591 333 τοσαύτην
1620 286 1866 338 ἐξομολόγησιν
1900 288 2109 341 κατήπειγεν
2120 305 2130 337 ;
2165 288 2287 333 Οὐδεὶς
2317 287 2444 340 ἕτερος,

1422 348 1502 386 ἀλλ’
1520 347 1542 394 ἢ
1562 348 1601 386 τὸ
1618 348 1769 392 συνειδὸς
1784 349 1843 387 καὶ
1858 353 1877 388 ὃ
1891 350 2060 396 δικαστὴς
2074 353 2200 394 ἐκεῖνος
2211 354 2229 388 ὃ
2245 349 2444 393 ἀδέκαστος.

1423 408 1570 455 Ἐπειδὴ
1591 408 1659 461 γὰρ
1685 411 1732 452 εἷς
1751 410 1922 463 ῥᾳθυμίαν
1945 411 2134 455 ἀποκλίνας
2154 413 2201 455 εἷς
2220 411 2318 464 ἔργον
2335 411 2445 462 ἤγαγε

1421 469 1484 517 τὴν
1504 470 1616 517 κακὴν
1637 471 1854 525 ἐπιχείρησιν
1871 501 1880 518 ,
1906 473 2032 517 εὐθέως
2050 473 2282 521 κατεξανέστη
2300 473 2340 511 τὸ
2368 489 2446 511 συν-

1421 531 1509 575 ειδὸς
1527 532 1732 580 καταδοῶν,
1764 532 1824 571 καὶ
1842 532 1996 572 δεικνύον
2015 534 2075 572 καὶ
2090 538 2158 573 τῶν
2174 533 2444 588 ἁμαρτηθέντιι)ν

1419 592 1460 630 τὸ
1491 591 1657 644 μέγεθος,
1687 592 1746 632 καὶ
1773 593 1870 637 ὅσαις
1895 593 2082 647 τιμωρίαις
2114 596 2234 634 ἑαυτὸν
2258 594 2444 634 ὑπεύθυνον

1421 653 1618 705 εἰργάσατο.
1652 657 1816 694 Τοιοῦτον
1832 654 1900 706 γὰρ
1915 658 1937 701 ἡ
1955 655 2111 709 ἁμαρτία
2125 671 2132 679 ·
2160 656 2242 708 πρὶν
2258 655 2280 702 ἢ
2300 656 2360 707 μὲν
2378 655 2445 707 γὰρ

1419 719 1659 768 παραχθῆναι,
1674 715 1732 754 καὶ
1749 717 1796 758 εἷς
1811 715 1908 768 ἔργον
1925 717 2048 761 ἐλθεῖν,
2063 723 2181 755 σκοτοῖ
2195 717 2252 756 τὸν
2263 717 2444 768 λογισμὸν,

1420 777 1480 814 καὶ
1500 780 1620 829 ἀπατᾷ
1637 777 1701 825 τὴν
1718 776 1888 815 διάνοιαν·
1913 777 2000 816 ἐπὰν
2018 777 2054 816 δὲ
2074 779 2263 828 τελειωθῇ,
2286 777 2364 816 τότε
2383 778 2445 824 δή·

1419 838 1484 885 λην
1511 842 1595 889 ἡμῖν
1616 838 1680 891 τὴν
1703 840 1809 885 αὐτῇς
1831 837 1977 878 ἀτοπίαν
1997 839 2201 888 καθίστησι,
2231 839 2292 878 καὶ
2307 843 2328 886 ἡ
2352 842 2444 892 βρα-

1418 906 1500 952 χεῑα
1519 901 1634 948 ἐκείνη
1651 901 1710 939 καὶ
1724 901 1851 944 ἄτοπος
1866 899 1972 948 ἡδονὴ
1983 901 2124 948 διηνεκῆ
2139 901 2202 948 τὴν
2218 900 2342 947 ὀδύνην
2358 905 2442 952 ἡμῖν

1419 962 1596 1011 ἐντίθησι,
1625 963 1685 1002 καὶ
1704 968 1763 1002 τοῦ
1786 963 1980 1006 συνειδότος
2001 966 2203 1015 ἀφαιρεῖται
2221 963 2285 1011 τὴν
2307 966 2445 1017 παρρη-

1419 1023 1511 1072 σίαν,
1531 1024 1591 1063 καὶ
1611 1024 1758 1077 αἰσχύνῃ
1779 1024 1986 1076 περιὸάλλει
2005 1025 2064 1064 τὸν
2084 1026 2224 1065 ἁλόντα.
2246 1025 2291 1064 Ὁ
2306 1025 2375 1079 γὰρ
2391 1042 2448 1078 φι-

1418 1085 1621 1138 λάνθρωπος
1653 1086 1836 1133 Δεσπότης
1870 1090 2025 1125 τοιοῦτον
2053 1091 2138 1138 ἡμῖν
2164 1089 2222 1126 τὸν
2251 1089 2445 1142 κατήγορον

1418 1153 1538 1187 τοῦτον
1567 1147 1778 1196 ἐπέστησεν,
1810 1151 1857 1192 ὡς
1876 1148 2051 1198 μηδέποτε
2071 1151 2227 1201 ἠρεμεῖν,
2247 1152 2324 1188 ἀλλ’
2345 1152 2444 1188 ἀδια-

1417 1210 1568 1253 λείπτως
1601 1209 1747 1248 συνόντα
1765 1209 1942 1262 καταῧοᾷν
1955 1239 1964 1257 ,
1986 1210 2045 1248 καὶ
2079 1210 2178 1256 δίκην
2199 1214 2359 1249 ἀπαιτεῖν
2377 1214 2446 1249 τῶν

1417 1270 1789 1322 πεπλημμελημένων.
1812 1270 1883 1309 Καὶ
1914 1274 2017 1309 τοῦτο
2037 1270 2078 1309 ἄν
2103 1287 2156 1315 τις
2176 1271 2244 1310 ἴδοι
2266 1275 2385 1324 σαφῶς
2413 1271 2447 1315 ἐξ

1421 1336 1532 1373 αὐτῶν
1550 1337 1620 1372 τῶν
1640 1332 1871 1387 πραγμάτων.
1898 1331 1942 1371 Ὁ
1959 1332 2027 1385 γὰρ
2042 1332 2180 1385 πόρνος,
2195 1332 2217 1379 ἢ
2234 1337 2252 1372 ὁ
2273 1334 2407 1386 μοιχὸς,
2424 1333 2446 1380 ἢ

1420 1399 1438 1434 ὁ
1462 1395 1578 1448 ἕτερόν
1596 1411 1630 1434 τι
1647 1399 1800 1434 τοιοῦτον
1826 1394 2052 1447 εἰργασμένος
2064 1423 2073 1440 ,
2092 1395 2156 1433 κᾶν
2174 1394 2307 1438 πάντας
2329 1397 2446 1434 λαθεῖν

1421 1458 1564 1508 δυνηθῇ,
1583 1455 1661 1495 οὐδὲ
1681 1455 1790 1500 οὕτως
1805 1457 1841 1493 ἐν
1859 1454 1992 1508 ἠρεμία
2011 1455 2137 1507 διάγει,
2160 1455 2240 1495 ἀλλ’
2260 1456 2350 1509 ἔχων
2370 1460 2450 1494 τοῦ-

1419 1534 1476 1557 τον
1502 1518 1561 1556 τὸν
1582 1516 1728 1570 σφοδρὸν
1743 1516 1939 1569 κατήγορον
1954 1516 2017 1561 τὰς
2035 1517 2186 1570 ὑποψίας
2204 1518 2359 1564 δέδοικε,
2386 1518 2448 1562 τὰς

1422 1579 1522 1623 σκιὰς
1542 1579 1682 1632 τρέμει,
1698 1579 1776 1623 τοὺς
1792 1579 1945 1626 εἰδότας,
1967 1577 2045 1622 τοὺς
2060 1580 2122 1617 οὐκ
2138 1579 2284 1625 εἰδότας,
2303 1581 2447 1628 διηνεκῇ

1421 1644 1580 1694 χειμῶνα
1601 1641 1692 1693 ἔχων
1717 1643 1752 1679 ἐν
1782 1642 1878 1692 ψυχῇ
1898 1640 1958 1678 καὶ
1977 1640 2120 1690 κύματα
2144 1641 2341 1688 ἐπάλληλα.
2378 1642 2450 1680 Καὶ

1422 1704 1500 1742 οὔτε
1526 1703 1631 1747 ὕπνος
1649 1704 1699 1754 τῷ
1719 1701 1865 1754 τοιούτῳ
1883 1700 1988 1749 ἡδὺς,
2013 1701 2104 1740 ἀλλὰ
2124 1702 2229 1754 φόὸου
2249 1703 2307 1741 καὶ
2329 1703 2450 1754 δειμά-

1423 1781 1493 1804 των
1518 1763 1795 1818 πεπληρωμένος
1811 1779 1818 1785 ·
1843 1763 1922 1801 οὔτε
1940 1762 2050 1816 τροφὴ
2069 1763 2194 1810 ἡδονὴν
2215 1763 2356 1816 ἔχουσα,
2373 1764 2451 1803 οὔτε

2426 1826 2448 1872 ἢ

1423 1825 1571 1870 διάλεξις
1590 1826 1698 1878 φίλων
1719 1825 1776 1862 τὸν
1792 1829 1944 1862 τοιοῦτον
1967 1831 2175 1876 μεταγαγεῖν
2205 1826 2400 1872 δυνήσεται,

1425 1886 1626 1931 ἀπαλλάξαι
1650 1890 1710 1924 τοῦ
1736 1888 1868 1936 ἀγῶνος
1888 1889 1949 1922 τοῦ
1972 1885 2191 1935 ἐπικειμένου
2206 1901 2213 1908 ·
2233 1887 2325 1924 ἀλλὰ
2342 1888 2450 1925 καθά-

1411 1966 1491 2002 περ
1526 1948 1651 2000 δήμιον
1680 1946 1876 2000 περιφέρων
1908 1944 2162 1990 καταξαίνοντα
2182 1948 2283 1986 αὐτὸν
2304 1948 2364 1986 καὶ
2386 1964 2452 1999 μα-

1426 2011 1586 2055 στίζοντα
1626 2010 1804 2057 διηνεκῶς,
1840 2007 1931 2049 οὕτω
1965 2007 2054 2058 μετὰ
2081 2007 2144 2054 τὴν
2174 2008 2304 2047 ἄτοπον
2326 2008 2452 2063 πρᾶξιν

1425 2071 1559 2119 ἐκείνην
1580 2071 1831 2123 περιέρχεται,
1851 2069 1988 2113 οὐδενὸς
2010 2069 2138 2113 εἰδότος
2152 2100 2162 2118 ,
2177 2070 2238 2114 τὰς
2259 2071 2453 2124 ἀφορήτους

1426 2137 1559 2180 ἐκείνας
1581 2136 1753 2187 τιμωρίας
1771 2133 1912 2186 ὑπέχων
1924 2164 1934 2182 ,
1952 2133 2012 2172 καὶ
2032 2134 2199 2181 δικαστὴς
2218 2137 2343 2174 ἑαυτοῦ
2357 2134 2451 2186 γινό-

1427 2220 1527 2255 μενος
1545 2203 1605 2241 καὶ
1622 2202 1827 2254 κατήγορος.
1860 2200 1953 2239 Ἀλλ’
1978 2203 1996 2238 ὁ
2016 2205 2126 2239 ταῦτα
2151 2202 2378 2254 εἰργασμένος
2393 2201 2452 2240 ἐὰν

1429 2273 1580 2322 βουληθῇ
1608 2273 1655 2313 εἷς
1685 2269 1758 2307 δέον
1790 2267 1990 2320 χρήσασθαι
2022 2271 2065 2319 τῇ
2086 2268 2156 2307 ἀπὸ
2182 2274 2242 2308 τοῦ
2262 2269 2452 2313 συνειδότος

1428 2337 1583 2391 βοηθείᾳ,
1597 2337 1657 2376 καὶ
1676 2336 1733 2375 ἐπὶ
1754 2336 1816 2383 τὴν
1841 2334 2087 2388 ἐξομολόγησιν
2104 2339 2172 2374 τῶν
2195 2338 2453 2389 πεπραγμένων

1429 2408 1654 2459 ἐπειχθῇναι,
1673 2404 1733 2444 καὶ
1755 2406 1804 2456 τῷ
1831 2406 1939 2457 ἰατρῷ
1957 2403 2063 2449 δεῖξαι
2085 2404 2124 2442 τὸ
2150 2404 2261 2452 ἕλκος,
2285 2408 2334 2457 τῷ
2351 2409 2453 2458 θερα-

1429 2473 1569 2513 πεύοντι
1589 2473 1647 2512 καὶ
1672 2472 1720 2524 μὴ
1748 2472 1957 2519 ὀνειδίζοντι,
1975 2471 2035 2510 καὶ
2051 2470 2095 2510 τὰ
2110 2471 2195 2524 παρ’
2212 2472 2342 2510 ἐκείνου
2360 2472 2453 2526 (ράρκ

1432 2557 1529 2592 μακα
1548 2539 1723 2586 δέξασθαι,
1744 2539 1803 2579 καὶ
1826 2537 1927 2590 μόνος
1944 2539 2038 2590 αὐτῷ
2055 2538 2293 2590 διαλεχθῇναι,
2310 2539 2456 2589 μηδενὸς

1430 2610 1577 2657 εἰδότος,
1598 2608 1658 2648 καὶ
1676 2607 1793 2646 πάντα
1821 2609 1928 2645 εἰπεῖν
1961 2605 2050 2657 μετὰ
2079 2606 2282 2660 ἀκριὸείας,
2310 2613 2456 2659 ταχεῖαν

1430 2678 1614 2724 ποιήσεται
1641 2675 1702 2723 τὴν
1732 2675 1912 2728 διόρθωσιν
1938 2676 2006 2713 τῶν
2031 2675 2286 2725 ἐπταισμένων.
2315 2673 2360 2712 Ἡ
2387 2673 2455 2726 γὰρ

1429 2745 1598 2797 ὁμολογία
1624 2746 1692 2782 τῶν
1722 2742 1981 2797 ἡμαρτημένων
2009 2742 2203 2793 ἀφανισμὸς
2231 2742 2365 2794 γίνεται
2386 2744 2455 2779 τῶν

1429 2811 1760 2864 πλημμελημάτων.
1780 2812 1823 2849 Ei
1842 2810 1910 2867 γὰρ
1927 2809 1968 2858 δὴ
1988 2809 2150 2861 ὑΑάμεχ
2169 2802 2266 2853 οὗτος
2280 2814 2356 2852 ταῖς
2371 2811 2454 2847 ἑαυ-

1429 2887 1489 2920 τοῦ
1516 2880 1647 2931 γυναιξὶ
1679 2878 1758 2923 τοὺς
1780 2878 1864 2931 παρ’
1885 2879 1988 2916 αὐτοῦ
2013 2877 2215 2929 γενομένους
2239 2876 2360 2928 φόνους
2382 2876 2456 2921 ἐξα-

1431 2953 1592 3001 γορεῦσαι
1611 2948 1648 2985 οὐ
1668 2945 1910 3000 παρῃτήσατο,
1930 2945 2031 2988 ποίας
2049 2944 2088 2981 ἂν
2108 2944 2229 2995 εἴημεν
2248 2944 2458 2997 συγγνώμης

1439 3017 1470 3031 vr
1583 3019 1604 3027 συ
1669 3016 1676 3028 t

1432 3034 1531 3062 αςιοι,
1558 3034 1608 3069 τῳ
1628 3031 1743 3054 παντα
1773 3013 1861 3065 μετὰ
1890 3013 2070 3066 ἀκριὸείας
2093 3013 2198 3052 εἰδότι
2229 3012 2273 3051 τὰ
2303 3012 2457 3065 ἡμέτερα

1431 3085 1724 3136 πλημμελήματα
1753 3082 1800 3133 μὴ
1821 3081 2024 3132 βουλόμενοι
2049 3079 2263 3132 ἐξαγορεύειν
2281 3079 2324 3118 τὰ
2340 3083 2457 3131 ἦμαρ*

1431 3152 1589 3203 τημένα;
1620 3151 1680 3198 Μὴ
1714 3150 1781 3202 γὰρ
1815 3148 1935 3195 ἐπειδὴ
1958 3151 2095 3199 ἀγνοεῖ,
2124 3151 2244 3197 μαθεῖν
2278 3147 2459 3198 βούλεται,

1433 3223 1508 3259 Οὐκ
1529 3218 1648 3266 ἐπειδὴ
1670 3221 1807 3270 ἀγνοεῖ,
1827 3215 1890 3262 τὴν
1910 3214 1994 3267 παρ’
2018 3217 2118 3264 ἡμῶν
2133 3213 2319 3266 ὁμολογίαν
2340 3215 2459 3261 ἐπιζηκ

1433 3295 1484 3326 τεῖ
1508 3291 1525 3325 ὅ
1542 3287 1656 3325 πάντα
1673 3285 1770 3328 εἰδὼς
1787 3284 1868 3337 πρὶν
1887 3282 2052 3335 γενέσεως
2074 3283 2200 3325 αὐτῶν,
2225 3281 2314 3319 ἀλλὰ
2340 3282 2462 3333 βουλόμ

1436 3371 1536 3406 μενος
1557 3357 1650 3403 ἡμᾶς
1673 3355 1757 3403 ὁμοῦ
1777 3351 1836 3388 καὶ
1857 3350 2016 3395 αἴσθησιν
2035 3348 2154 3388 λαβεῖν
2175 3350 2243 3385 τῶν
2264 3346 2459 3398 ἐπταισμέ-

1434 3439 1499 3462 νων
1529 3421 1584 3460 διὰ
1614 3423 1677 3466 τῆς
1705 3418 1902 3476 ὁμολογίας,
1933 3417 1991 3461 καὶ
2019 3415 2081 3469 τὴν
2108 3414 2370 3466 εὐγνωμοσύνην
2397 3412 2460 3460 τὴν
