2516 3791
712 254 755 283 ΙΝ
791 254 889 283 cu).
925 253 1004 283 XV.
1043 251 1204 282 GENES.
1244 251 1401 282 Romu„
1438 251 1600 283 xxxw.

130 336 346 385 ἠκολούθει),
364 337 442 374 Οὐκ
470 335 619 388 ἐχώρει,
633 336 752 387 φησὶν,
769 336 890 379 αὐτοὺς
909 339 931 382 ἡ
960 338 1004 387 γῆ
1027 349 1151 374 κατοι-

129 402 201 434 κεῖν
219 396 294 446 ἅμα
310 426 319 443 ,
337 395 391 434 ὅτι
413 391 456 443 ἦν
479 395 525 434 τὰ
544 395 750 449 ὑπάρχοντα
773 398 886 435 αὐτῶν
916 396 1053 435 πολλά·
1077 395 1153 434 ὅθεν

129 456 190 495 καὶ
206 456 304 508 μάχη
332 456 458 502 συνέὸη
485 456 645 508 γενέσθαι
665 456 793 506 μεταξὺ
814 460 884 494 τῶν
898 456 1073 507 ποιμένων
1093 460 1153 494 τοῦ

130 515 214 555 Λὼτ
241 517 375 555 καὶτοῦ
396 515 548 568 Ἀδραμ.
568 516 660 555 Ἀλλ’
688 519 707 554 ὁ
739 516 870 560 δίκαιος
897 511 994 559 οὗτος
1022 516 1155 559 δεικνὺς

2089 243 2180 299 423

1225 334 1384 372 rediisset
1398 333 1444 372 ab
1458 334 1629 387 AEgypto,
1647 335 1870 386 multamque
1883 337 2079 388 possideret
2099 339 2181 376 sub-

1224 395 1391 432 stantiam
1409 398 1421 442 (
1436 409 1499 433 nec
1514 396 1590 448 ipse
1602 395 1715 444 solus,
1732 395 1793 434 sed
1807 396 1928 435 fratris
1948 397 2046 436 filius
2064 411 2185 449 seque-

1225 455 1370 503 batur),
1389 457 1480 494 Non
1498 458 1688 508 capiebat,
1707 457 1908 508 inquit,eos
1927 467 2032 496 terra
2049 467 2090 496 ut
2110 460 2182 496 ha·
2199 467 2272 493 Cen.
2293 466 2337 494 13.
2350 467 2380 496 6.

1228 517 1395 553 hilarent
1424 517 1555 566 simul,
1581 517 1664 568 quia
1694 518 1825 556 multas
1856 519 2042 557 facultates
2067 519 2181 557 habc-

129 580 235 616 αὐτοῦ
255 578 295 616 τὸ
319 577 449 631 ἥμερον
471 581 534 624 τῆς
551 580 667 630 ψυχῆς
688 578 748 615 καὶ
779 580 844 624 τῆς
862 577 1066 630 φιλοσοφίας
1090 577 1154 623 τὴν
1177 585 1202 615 C
1226 574 1313 612 bant
1336 591 1344 611 :
1368 576 1462 613 unde
1482 585 1516 614 ct
1541 576 1619 614 rixa
1645 587 1720 616 orta
1745 588 1795 616 est
1825 578 1916 617 inter
1938 588 2094 632 pastores
2116 580 2184 618 Lot

129 637 340 689 ὑπερὸολὴν,
357 638 507 682 καλέσας
532 639 590 677 τὸν
610 638 712 685 Λὼτ,
728 638 814 690 φησὶ
835 638 922 690 πρὸς
947 637 1048 675 αὐτόν
1065 653 1072 660 ·
1094 638 1155 685 Μὴ

129 697 221 736 ἔστω
237 697 337 751 μάχη
358 698 424 736 ἀνα
442 698 547 750 μέσον
563 700 649 748 ἐμοῦ
676 698 736 736 καὶ
755 702 836 744 σοῦ,
856 697 916 735 καὶ
939 700 1009 735 τῶν
1029 697 1157 748 ποιμέ-

128 775 198 798 νων
214 774 280 810 μου
299 759 359 798 καὶ
376 762 446 797 τῶν
461 759 637 810 ποιμένων
654 773 715 798 σου
727 789 737 806 ,
755 758 811 797 ὅτι
823 759 1000 811 ἄνθρωποι
1015 758 1157 809 ἀδελφοὶ

129 823 231 872 ἡμεῖς
245 823 349 872 ἐσμεν
360 836 367 844 ·
384 821 569 872 μονονουχὶ
584 819 695 870 λέγων
709 819 795 870 πρὸς
810 818 914 857 αὐτόν
928 834 936 842 ·
953 818 1050 856 οὐδὲν
1066 818 1158 870 εἰρή-

128 896 190 928 νης
206 881 279 920 ἴσον
292 896 301 904 ·
320 881 417 919 οὐδὲν
435 879 646 931 φιλονεικίας
667 879 869 931 βαρύτερον.
884 876 951 916 Ἵν’
967 872 1024 916 οὖν
1041 884 1157 916 πᾶσαν

1226 644 1260 673 et
1276 636 1421 674 Abram.
1442 637 1547 674 Tunc
1563 637 1682 688 justus
1703 639 1829 677 animm
1845 653 1918 678 suae
1939 640 2183 678 mansuetudi-

1227 709 1308 733 nem
1324 705 1357 733 et
1376 695 1582 747 praeclaram
1602 697 1809 747 patientiam
1829 709 2041 747 monstram,
2059 709 2184 740 vocato

1230 756 1297 794 Lot
1315 755 1411 794 dixit
1434 771 1442 792 ι
1465 757 1525 794 Νε
1540 759 1590 794 sit
1610 760 1698 795 rixa
1714 761 1816 797 inter
1831 774 1892 798 me
1909 770 1946 799 et
1963 770 2012 807 te,
2031 771 2067 800 et
2083 765 2185 800 inter
2199 770 2277 798 Ihm.
2291 780 2316 796 ν,
2332 767 2362 798 8.

1226 825 1403 868 pastores
1415 829 1518 854 meos
1538 825 1574 854 et
1589 826 1765 869 pastores
1785 827 1886 865 tuos,
1904 824 1997 872 qnia
2011 823 2183 861 homines

1217 878 1374 930 fratres
1399 890 1530 914 sumus
1559 891 1629 929 nos
1638 893 1653 922 ;
1674 878 1774 928 quasi
1800 878 1956 918 diceret:
1975 882 2076 919 Nihil
2100 897 2185 934 pace

130 941 250 993 μάχης
282 941 444 980 ὑπόθεσιν
478 940 635 979 ἐκποδὼν
662 940 910 991 ποιησώμεθα,
937 941 1016 978 ἑλοῦ
1048 940 1090 987 ἣν
1118 940 1158 978 ἂν

131 1002 304 1052 βουληθῇς
326 1000 470 1053 χώραν·
491 1001 664 1039 κατάλιπε
692 1000 729 1039 δέ
760 1016 819 1051 μοι
847 999 911 1048 τὴν
935 1000 1158 1051 λειπομένην,

133 1060 222 1114 ὑπὲρ
238 1064 297 1099 τοῦ
322 1060 439 1107 πάσης
463 1065 560 1111 ἡμᾶς
580 1060 691 1112 ἔριδος
723 1060 784 1098 καὶ
820 1060 1030 1112 φιλονεικίας
1063 1061 1160 1105 ἐκτὸς

130 1122 304 1173 γενέσθαι.
323 1115 424 1164 Εἶδες
443 1122 565 1173 ἀνδρὸς
588 1121 738 1174 ἀρετήν;
763 1121 1007 1175 Παρεχώρησε
1025 1125 1075 1174 τῷ
1094 1122 1161 1175 νέῳ

131 1185 200 1221 τῶν
219 1181 399 1234 πρωτείων
422 1181 486 1228 τὴν
514 1182 675 1233 ἐκλογὴν,
695 1181 754 1220 καὶ
785 1182 922 1235 ἔστερξε
949 1182 1011 1230 τὴν
1032 1184 1161 1235 φαυλο-

131 1243 241 1290 τάτην
258 1242 391 1295 χώραν.
413 1245 504 1281 Ἀλλ’
519 1242 584 1296 ὅρα
605 1243 712 1281 πάλιν
735 1243 854 1290 ἐπειδὴ
875 1243 920 1281 τὰ
938 1243 1023 1296 παρ’
1040 1246 1162 1283 ἑαυτοῦ

133 1303 350 1350 ἐπεδείξατο,
367 1303 478 1350 πόσης
493 1303 661 1342 ἀπολαύει
678 1307 739 1350 τῆς
756 1304 918 1354 ἀμοιὸἧς.
937 1304 1075 1347 Εὐθέως
1093 1304 1162 1358 γὰρ
1183 1321 1208 1351 1)

132 1367 192 1402 τοῦ
223 1366 407 1415 χωρισμοῦ
427 1363 635 1415 γενομένου,
665 1364 750 1415 φησὶ
785 1364 872 1417 πρὸς
904 1366 1005 1403 αὐτὸν
1032 1369 1050 1403 ὁ
1074 1366 1163 1410 Θεὸς

134 1423 225 1475 μετὰ
256 1422 296 1461 τὸ
327 1424 602 1475 διαχωρισθῆναι
621 1423 680 1461 τὸν
706 1423 790 1462 Λώτ
802 1439 810 1448 ·
843 1424 1057 1477 Ἀναὸλέψας
1091 1431 1164 1469 τοῖς

133 1485 323 1537 ὀφθαλμοῖς
343 1499 404 1521 σου
426 1483 477 1521 ἴδε
497 1490 614 1522 πᾶσαν
626 1484 689 1531 τὴν
706 1488 771 1536 γ’ἧν
785 1484 819 1529 ἐξ
839 1485 1004 1537 ἑκατέρου
1023 1490 1083 1524 τοῦ
1101 1487 1163 1538 με’-

137 1560 236 1598 ρους,
258 1543 312 1582 ὅτι
331 1551 462 1592 πᾶσαν,
482 1544 524 1590 ἣν
541 1543 582 1582 σὺ
599 1548 699 1598 δρᾷς,
712 1546 766 1584 σοὶ
792 1545 894 1584 δώσω
914 1546 1020 1594 αὐτὴν
1040 1548 1099 1586 καὶ
1112 1550 1162 1601 τῷ

133 1605 312 1657 σπέρματί
326 1620 388 1643 σου
408 1604 473 1648 ἕως
488 1607 623 1650 αἰῶνος.
644 1606 777 1645 Σκόπει
795 1607 908 1655 πόσης
927 1608 1083 1652 ἀξιοῦται
1101 1613 1164 1656 τῆς

133 1665 334 1718 φιλοτιμίας
364 1665 422 1704 διὰ
439 1664 502 1711 τὴν
535 1668 867 1720 ταπεινοφροσύνην,
895 1669 938 1715 ἣν
965 1668 1164 1713 ἐπεδείξατο

132 1725 218 1777 πρὸς
236 1724 295 1763 τὸν
316 1726 521 1778 ἀδελφιδοῦν
538 1742 546 1750 ·
561 1727 622 1765 καὶ
642 1728 746 1772 αὐτὸς
765 1728 827 1779 μὲν
845 1732 978 1781 μικρῶν
995 1745 1164 1782 παραχω-

1230 937 1476 990 praestanti1153
1493 937 1585 975 nihil
1600 939 1821 977 contentione
1833 939 2040 980 damnosius
2056 952 2089 980 et
2105 957 2184 995 gra-

1230 997 1325 1036 vius.
1338 1000 1389 1037 Ut
1407 998 1518 1050 igitur
1532 999 1678 1037 emedio
1694 1000 1863 1039 tollamus
1881 1016 2023 1040 omnem
2044 1004 2184 1042 rixandi

1232 1058 1432 1108 materiam,
1445 1059 1536 1111 elige
1557 1074 1666 1110 quam
1688 1060 1847 1099 volueris
1866 1063 2059 1114 regionem,
2079 1073 2112 1102 et
2131 1079 2188 1102 re-

1231 1119 1368 1170 liquam
1391 1120 1480 1157 mihi
1501 1120 1675 1171 relinque,
1698 1130 1738 1159 ut
1758 1135 1777 1159 a
1798 1122 1917 1160 litium
1939 1132 1973 1161 et
1991 1124 2186 1163 contentio-

1233 1194 1320 1218 num
1337 1180 1498 1219 molestia
1511 1181 1624 1219 simus
1633 1181 1752 1221 alieni.
1764 1182 1900 1221 Vidisti
1911 1184 1984 1221 viri
1994 1184 2190 1223 virtutem?

1234 1242 1347 1280 Cessit
1361 1242 1498 1294 juniori
1518 1242 1701 1294 potiorum
1718 1244 1900 1295 electione,
1920 1245 1995 1297 ipse
2008 1255 2192 1284 contentus

1233 1301 1360 1340 viliore
1377 1311 1482 1342 terra.
1497 1303 1570 1341 Sed
1585 1303 1668 1341 vide
1682 1304 1742 1343 hic
1755 1304 1863 1343 etiam
1876 1315 2046 1356 quantam
2062 1321 2194 1345 merce-

1232 1361 1316 1399 dem
1335 1371 1460 1401 nactus
1481 1362 1527 1401 sit
1545 1377 1610 1415 pro
1630 1363 1675 1402 iis
1691 1364 1766 1403 suis
1785 1365 1926 1405 officiis.
1946 1367 2076 1405 Statim
2097 1368 2192 1405 enim

1234 1423 1454 1474 separatione
1471 1437 1490 1461 a
1509 1424 1578 1461 Lot
1597 1424 1703 1474 facta,
1725 1425 1774 1463 ait
1794 1425 1849 1463 illi
1867 1427 1964 1465 Deus
1984 1442 1992 1463 ε
2011 1428 2192 1466 Elevatis
2206 1442 2283 1470 lbtd.
2298 1452 2325 1469 v.
2346 1440 2391 1481 14.

1235 1480 1357 1518 oculis
1374 1485 1450 1518 ταῖς
1468 1482 1562 1518 vide
1580 1495 1733 1520 omnem
1749 1492 1892 1522 terram
1907 1487 1956 1522 ab
1975 1489 2080 1523 omni
2092 1501 2192 1538 par·—

1234 1548 1271 1578 te
1286 1556 1296 1576 .·
1313 1543 1408 1592 qula
1423 1554 1576 1579 omnem
1596 1551 1755 1593 terram,
1777 1558 1895 1596 quam
1912 1554 1954 1582 tu
1972 1547 2096 1592 vides,
2121 1549 2192 1584 tibi

1233 1602 1335 1639 dabo
1351 1609 1389 1639 et
1402 1605 1542 1640 semini
1560 1611 1626 1641 tuo
1645 1617 1766 1656 usque
1786 1607 1829 1642 in
1846 1606 2044 1644 saeculum.
2065 1607 2191 1644 Consi·
2223 1618 2269 1646 01.
2292 1619 2394 1646 mode-

1232 1661 1318 1700 dera
1337 1663 1481 1713 quantis
1496 1663 1678 1702 beneficiis
1694 1665 1819 1704 merito
1834 1666 1992 1704 afficitur
2006 1667 2053 1705 ob
2067 1666 2192 1705 mode·
2202 1662 2286 1687 ΨΜ
2302 1661 2393 1687 Abu·

1234 1722 1354 1772 stiam,
1375 1737 1482 1774 quam
1502 1738 1584 1776 erga
1613 1725 1733 1764 fratris
1760 1726 1877 1764 filium
1907 1726 2102 1766 declaravit
2125 1743 2132 1764 :
2156 1737 2189 1766 et
2204 1702 2274 1769 iiiums
2301 1701 2393 1769 'alesaci-

135 1786 263 1838 ρήσας,
285 1786 373 1824 πολὺ
397 1787 562 1837 μειζόνων
580 1787 712 1836 ἠξιώθη
727 1817 736 1834 ,
755 1791 884 1834 ἐκεῖνος
910 1790 946 1829 δὲ
979 1796 1052 1835 τοῖς
1073 1807 1164 1844 πρω-

134 1847 238 1890 τείοις
262 1847 505 1895 ἐπιπηδήσας,
526 1850 602 1899 μετ’
635 1851 673 1888 οὗ
694 1849 783 1889 πολὺ
812 1852 860 1894 εἷς
888 1851 1062 1895 κινδύνους
1093 1852 1166 1890 ἐνέ-

134 1924 262 1947 πιπτε·
288 1907 347 1947 καὶ
371 1909 409 1947 οὐ
441 1908 544 1959 μόνον
577 1909 672 1949 οὐδὲν
709 1910 876 1949 ἀπώνατο
907 1913 970 1957 τῆς
999 1914 1164 1963 ἐκλογῆς,

135 1969 227 2007 ἀλλὰ
245 1970 305 2007 καὶ
327 1970 552 2021 αἰχμάλωτος
571 1972 631 2009 καὶ
651 1971 765 2016 ἄοικος
787 1972 847 2010 καὶ
867 1972 1024 2016 ἀνέστιος
1043 1973 1165 2025 ἀθρόον

135 2029 288 2081 ἐγίνετο,
308 2031 370 2068 καὶ
395 2031 439 2068 δι’
469 2032 584 2069 αὐτῶν
614 2035 683 2070 τῶν
715 2031 933 2085 πραγμάτων
964 2034 1165 2073 ἐδιδάσκετο
1186 2046 1211 2077 Ε

133 2091 194 2129 καὶ
212 2095 272 2129 τοῦ
293 2090 428 2129 δικαίου
457 2091 521 2138 τὴν
547 2093 835 2144 ὑπερὸοίλλουσαν
862 2093 1005 2146 ἀρετὴν,
1023 2095 1082 2133 καὶ
1102 2097 1164 2133 αὖ·

133 2151 195 2196 τὸς
214 2150 417 2190 ἐπαιδεύετο
437 2153 558 2190 λοιπὸν
579 2153 686 2204 μηδὲν
703 2153 856 2193 τοιοῦτόν
881 2170 966 2193 ποτε
993 2156 1163 2207 διαπράτ-

135 2216 268 2250 τεσθαι.
290 2212 437 2259 Ἐπειδὴ
466 2212 534 2266 γὰρ
551 2213 616 2259 τὴν
634 2215 670 2252 ἐν
690 2214 861 2265 Σοδόμοις
879 2215 1014 2262 οἴκησιν
1041 2216 1163 2263 ἐποιή-

133 2288 219 2311 σατο
237 2276 255 2311 ὁ
276 2271 378 2319 Λὼτ,
397 2273 521 2317 εὐθέως
548 2274 701 2325 πόλεμος
730 2276 957 2328 ἀνεῤῥιπίσθη
988 2276 1162 2328 χαλεπὸς,

132 2333 192 2372 καὶ
212 2334 243 2370 οἱ
261 2336 330 2371 τῶν
347 2333 626 2384 προσοικούντων
653 2337 760 2373 ἐθνῶν
784 2339 939 2387 βασιλεῖς
961 2337 1164 2382 ἐπιστάντες

135 2394 223 2445 μετὰ
241 2395 373 2441 πολλῆς
388 2397 449 2440 τῆς
465 2395 644 2445 δυνάμεως
669 2403 786 2436 πᾶσαν
813 2397 877 2445 τὴν
901 2397 1024 2450 χώραν
1052 2399 1161 2453 ἄρδην

134 2453 340 2502 ἀπώλεσαν,
358 2453 438 2498 τοὺς
456 2455 622 2507 γίγαντας
651 2457 847 2505 ἀνελόντες,
867 2458 927 2496 καὶ
953 2457 1032 2502 τοὺς
1049 2458 1162 2510 Ἀμα-

133 2514 280 2560 ληκίτας
299 2514 545 2565 ἀπωσάμενοι,
564 2517 625 2555 καὶ
642 2517 701 2556 τὸν
719 2521 788 2556 τῶν
816 2518 985 2570 Σοδόμων
1016 2520 1164 2571 βασιλέα

133 2575 193 2613 καὶ
215 2575 399 2628 Γομόῤῥας
421 2578 468 2620 εἷς
486 2576 596 2628 φυγὴν
618 2581 796 2629 τραπῆναι
812 2579 1092 2632 παρεσκεύασαν,
1105 2581 1165 2620 καὶ

133 2642 250 2674 πᾶσαν
286 2635 457 2688 κατέσχον
491 2636 557 2683 τὴν
589 2638 737 2690 ὀρεινὴν,
756 2639 817 2677 καὶ
856 2639 920 2687 τὴν
962 2640 1070 2680 ἵππον
1105 2645 1165 2681 τοῦ

136 2696 309 2746 βασιλέως
323 2697 492 2748 Σοδόμων
513 2698 744 2743 ἀναλαὸόντες
755 2730 765 2748 ,
783 2700 842 2738 καὶ
858 2701 916 2739 τὸν
932 2701 1016 2740 Λὼτ
1034 2704 1168 2754 αἰχμα-

136 2755 370 2800 λωτεύσαντες
387 2757 448 2795 καὶ
466 2757 529 2802 τὰς
555 2765 722 2810 γυναῖκας
742 2760 831 2810 μετὰ
850 2761 968 2809 πάσης
986 2766 1048 2810 τῆς
1073 2766 1167 2802 ἀπο-

139 2818 286 2862 σκευῆς,
305 2816 413 2862 οὕτως
441 2818 653 2870 ἐπανῄεσαν.

137 2936 198 2976 καὶ
217 2936 274 2974 τὸν
297 2937 381 2975 Λὼτ
398 2942 461 2985 τῆς
479 2940 726 2991 αἰχμαλωσίας
745 2945 976 2996 ἐλευθερῶσαι
995 2945 1167 2996 βουλόμε-

137 3013 214 3045 νος,
230 2997 292 3035 καὶ
309 2998 369 3036 τὸν
382 3015 433 3037 πα
441 3000 607 3052 εριάρχην
619 3003 910 3056 περιφανέστερον
931 3006 1170 3057 ἐργάσασθαι,

140 3057 303 3109 διεγείρει
328 3058 386 3097 τὸν
407 3059 540 3097 δίκαιον
562 3061 649 3112 πρὸς
677 3062 862 3115 ἀντίληψιν
886 3069 948 3103 τοῦ
974 3067 1171 3117 ἀδελφιδοῦ.

141 3117 344 3168 Πυθόμενος
369 3118 438 3170 γὰρ
453 3119 492 3157 τὸ
516 3121 655 3171 γεγονὸς
672 3149 682 3167 ,
704 3122 794 3172 μετὰ
813 3125 884 3160 τῶν
903 3125 1088 3176 οἰκογενῶν
1110 3129 1174 3179 ὁρ-

145 3177 264 3228 μήσας
290 3178 347 3215 ἐπὶ
378 3177 459 3221 τοὺς
487 3181 643 3230 βασιλεῖς
675 3181 844 3229 ἐκείνους,
870 3183 993 3228 αὐτούς
1021 3201 1060 3223 τε
1088 3185 1176 3236 μετὰ

145 3238 279 3282 πολλῆς
298 3238 457 3282 εὐκολίας
477 3239 650 3289 ἐπάταξε,
669 3241 730 3279 καὶ
751 3242 809 3280 τὸν
831 3242 933 3291 Λὼτ,
956 3244 1094 3289 καὶτὰς
1120 3263 1178 3298 γυ-

147 3303 290 3345 ναῖκας,
309 3298 370 3335 καὶ
397 3298 461 3346 τὴν
480 3298 587 3339 ἵππον
607 3308 725 3340 πᾶσαν
751 3308 812 3342 τοῦ
844 3305 1016 3355 βασιλέως
1043 3307 1179 3354 ἐπανή-

148 3371 258 3407 γαγε,
293 3358 442 3411 λαμπρὰ
476 3359 521 3397 τὰ
547 3361 701 3412 τρόπαια
725 3364 983 3414 ἐργασάμενος,
1011 3366 1071 3404 καὶ
1093 3373 1182 3405 πᾶσι

155 3417 354 3463 κατάδηλον
386 3422 496 3458 ποιῶν
518 3420 582 3468 τὴν
602 3421 683 3474 περὶ
704 3423 806 3462 αὐτὸν
832 3429 892 3463 τοῦ
910 3427 1004 3465 Θεοῦ
1036 3427 1183 3476 εὔνοιαν,

1234 1783 1311 1835 ipse
1329 1784 1474 1834 quidem
1490 1794 1529 1822 ut
1544 1785 1666 1837 parvis
1682 1787 1798 1835 cessit,
1820 1788 1934 1826 multo
1954 1789 2088 1841 majora
2101 1803 2189 1828 con-
2205 1790 2262 1810 '‘¹‘'

1235 1853 1405 1894 sequutus
1432 1854 1483 1883 est
1500 1861 1508 1882 :
1525 1845 1587 1884 ille
1612 1855 1731 1885 autem
1762 1847 1826 1898 qui
1855 1848 2030 1900 potiorem
2052 1859 2191 1901 partem

1235 1903 1427 1957 delegerat,
1444 1920 1513 1944 non
1540 1907 1654 1945 multo
1676 1917 1756 1960 post
1780 1908 1816 1946 in
1843 1909 2005 1960 pericula
2028 1910 2156 1948 incidit
2178 1926 2186 1947 :

1237 1974 1270 2004 et
1281 1979 1350 2004 non
1367 1967 1485 2005 solum
1500 1967 1592 2005 nihil
1607 1968 1785 2006 commodi
1799 1969 1844 2007 ab
1857 1969 2025 2008 electione
2037 1971 2187 2023 accepit,

1236 2027 1295 2066 sod
1310 2037 1344 2066 et
1361 2028 1523 2080 captivus
1536 2037 1570 2067 et
1587 2028 1695 2068 domo
1713 2039 1822 2080 atque
1835 2030 1914 2068 foco
1926 2039 2068 2083 repente
2082 2031 2191 2069 simul

1234 2088 1398 2140 privatus
1417 2097 1491 2139 est,
1510 2089 1688 2140 rebusque
1714 2090 1802 2141 ipsis
1827 2089 1955 2128 didicit
1979 2104 2088 2141 quam
2110 2091 2188 2128 exi-

1234 2149 1307 2186 mia
1333 2148 1448 2187 virtus
1474 2149 1578 2201 justi,
1597 2158 1631 2187 et
1656 2149 1732 2201 ipse
1755 2149 1900 2188 edoctus
1929 2159 1981 2188 est
2009 2164 2053 2188 ne
2071 2159 2192 2202 postea

1233 2209 1321 2260 quid
1335 2223 1506 2259 umquam
1522 2209 1591 2247 tale
1605 2218 1804 2250 attentaret.
1817 2212 1909 2249 Nam
1925 2221 2113 2263 postquam
2127 2213 2192 2251 So-

1233 2267 1351 2307 domis
1367 2269 1531 2307 habitare
1545 2269 1665 2322 coepit,
1680 2270 1801 2308 statim
1814 2271 2010 2310 excitatum
2021 2281 2071 2310 est
2083 2286 2194 2323 grave

1232 2329 1386 2379 bellum,
1404 2339 1438 2368 et
1456 2329 1660 2368 vicinarum
1688 2331 1846 2382 gentium
1867 2345 1967 2384 reges
1985 2332 2193 2371 insurrexe-

1234 2400 1319 2429 runt
1332 2400 1366 2429 et
1381 2405 1522 2429 omnem
1534 2391 1716 2443 regionem
1735 2392 1844 2430 simul
1859 2392 2068 2445 depopulati
2087 2402 2192 2442 sunt;

1236 2451 1511 2503 gigantibusque
1539 2451 1666 2490 occisis
1677 2481 1687 2501 ,
1713 2461 1746 2490 et
1779 2452 1986 2490 Amalecitis
2018 2453 2193 2505 expulsis,

1236 2512 1345 2550 etiam
1360 2511 1599 2550 Sodomorum
1614 2526 1733 2564 regem
1746 2522 1779 2551 et
1795 2513 2005 2552 Gomorrhae
2019 2513 2055 2551 in
2072 2514 2195 2564 fugam

1237 2581 1419 2611 verterunt
1437 2602 1448 2621 ,
1468 2573 1644 2611 montanis
1659 2573 1825 2611 omnibus
1839 2574 2033 2626 occupatis,
2047 2583 2080 2612 et
2094 2575 2194 2625 equi-

1238 2641 1315 2670 tatu
1333 2632 1427 2684 regis
1446 2632 1687 2671 Sodomorum
1711 2642 1834 2672 avecto
1856 2647 1925 2671 una
1945 2647 2027 2671 cum
2046 2635 2114 2672 Lot
2133 2648 2196 2671 ea-

1238 2693 1354 2746 ptivo,
1363 2693 1590 2744 mulieribus,
1599 2693 1835 2745 omnibusque
1847 2694 2007 2744 sarcinis,
2019 2695 2194 2734 abierunt.

193 2875 287 2914 ’An'
305 2876 371 2930 ὅρα
399 2878 506 2917 πάλιν
524 2881 618 2918 Θεοῦ
646 2881 856 2931 κηδεμονίαν
886 2884 1032 2931 πολλήν.
1052 2885 1167 2937 ιΟμοῦ
1181 2856 1229 2921 διῦὶὀ

1295 2886 1332 2924 5.
1361 2884 1433 2924 Sed
1453 2883 1537 2923 vide
1556 2883 1687 2922 iterum
1709 2883 1886 2936 ingentem
1906 2885 1974 2924 Dei
1999 2886 2200 2938 providen-

1243 2947 1340 2985 tiam.
1365 2946 1500 2986 Volens
1529 2947 1624 2983 enim
1656 2945 1763 2983 simut
1792 2954 1826 2984 et
1852 2947 1920 2985 Lot
1951 2961 1971 2985 a
1995 2948 2203 3000 captivitate

1243 3008 1399 3046 liberum
1427 3005 1587 3052 reddere,
1608 3014 1642 3043 et
1664 3005 1879 3057 patriarchae
1908 3006 2058 3058 gloriam
2089 3008 2204 3059 magis

1246 3069 1443 3116 illustrare,
1458 3066 1591 3104 excitat
1608 3066 1749 3117 justum
1768 3075 1809 3104 ut
1825 3067 1945 3105 fratris
1964 3067 2041 3105 filio
2063 3082 2205 3106 succur-

1249 3137 1315 3166 rat.
1329 3129 1422 3166 Nam
1438 3135 1478 3163 ut
1493 3125 1624 3163 didicit
1639 3139 1719 3175 quae
1735 3126 1825 3164 sacta
1843 3136 1954 3175 erant,
1972 3141 2054 3165 cum
2075 3142 2207 3166 verna-

1252 3188 1343 3226 culis
1362 3187 1434 3224 snis
1454 3186 1589 3238 impetu
1608 3186 1703 3223 facto
1722 3186 1758 3224 in
1778 3200 1878 3238 reges
1897 3187 1990 3237 illos,
2009 3188 2090 3226 illos
2107 3189 2210 3226 facilc

1254 3247 1480 3301 profligavit,
1506 3255 1540 3284 et
1574 3248 1641 3284 Lot
1666 3255 1774 3298 atque
1798 3248 1984 3297 mulieres,
2008 3258 2039 3287 et
2071 3264 2212 3287 omnem

1255 3308 1452 3359 equitatum
1472 3306 1564 3356 regis
1583 3306 1728 3345 reduxit
1748 3322 1755 3343 ε
1779 3307 1910 3358 quibus
1929 3317 2002 3346 tam
2021 3309 2126 3347 claris
2145 3310 2213 3346 tri-

1258 3367 1417 3419 umphis,
1437 3366 1604 3404 omnibus
1637 3367 1811 3418 patefacta
1843 3377 1895 3405 est
1926 3368 2047 3420 ingens
2071 3369 2135 3406 Dei
2155 3383 2214 3406 er-

1260 3442 1301 3479 ga
1327 3428 1430 3466 illum
1461 3427 1720 3473 benevolentia,
1740 3436 1773 3465 et
1805 3428 1922 3479 ipsum
1953 3442 2020 3466 non
2048 3436 2113 3466 sua'
2140 3444 2212 3466 vn·-
