2433 3775
768 227 811 256 IN
848 227 951 257 CAl’.
994 227 1024 257 l.

119 308 276 358 σκότους,
307 308 368 347 καὶ
400 309 441 348 τὸ
467 308 530 360 μὲν
562 308 626 356 τὴν
659 311 723 355 τῆς
746 308 882 361 ἡμέρας
907 309 1145 364 προσηγορίαν

118 369 246 418 ἔλαὸε,
275 370 316 408 τὸ
343 369 380 408 δὲ
406 369 472 417 τὴν
501 371 565 416 τῆς
589 369 711 413 νυκτὸς
740 370 898 414 ἐδέξατο·
929 371 1037 410 πάλιν
1051 375 1147 421 ἡμᾶς

118 429 254 475 διδάξαι
273 431 456 482 βούλεται,
476 431 529 470 ὅτι
551 429 672 483 ὥσπερ
694 431 734 470 τὸ
755 432 878 476 σκότος
897 433 999 471 διεῖλε
1016 432 1056 471 τὸ
1076 435 1147 484 φῶς

117 490 347 544 παραγαγὼν,
380 491 439 530 καὶ
470 491 609 544 ἑκάστῳ
641 491 704 539 τὴν
728 493 946 546 ἁρμόζουσαν
965 509 1143 547 προσηγο·

119 552 194 606 ρίαν
213 552 393 601 ἐπέθηκεν,
409 553 498 593 οὕτω
519 553 579 592 καὶ
589 554 628 593 τὸ
646 555 777 602 πλῆθος
794 557 864 593 τῶν
883 556 1018 593 ὑδάτων
1039 570 1146 607 προσ-

115 613 273 666 τάγματι
290 616 428 669 διαιρεῖ.

171 676 243 715 Καὶ
271 676 336 730 ὅρα
359 677 505 728 δύναμιν
526 676 679 729 ἄφατον,
707 676 767 715 καὶ
793 676 910 715 πάντα
929 674 1143 727 ἀνθρώπινον

114 738 282 789 λογισμὸν
303 737 593 790 ὑπερὸαίνουσαν.
625 737 768 776 Κελεύει
790 737 858 789 γὰρ
877 737 994 788 μόνον,
1020 736 1080 774 καὶ
1104 737 1143 775 τὸ

117 798 180 850 μὲν
207 799 430 851 επαράγεται
455 802 524 837 τῶν
556 798 752 850 στοιχείων,
783 798 823 836 τὸ
852 797 888 836 δὲ
921 803 1142 850 παραχιιῳεῖ.

114 859 186 900 Καὶ
204 854 302 909 εἶπε,
328 860 433 913 φησὶν
449 889 458 907 ,
490 863 508 898 ὁ
535 859 626 904 Θεὸς
642 890 651 906 ,
682 859 864 912 γενηθήτω
893 859 1075 911 στερέωμα
1107 861 1142 898 ἐν

116 920 213 975 μέσῳ
244 925 304 960 τοῦ
331 920 455 966 ὕδατος
473 952 482 969 ,
523 921 582 960 καὶ
607 920 696 960 ἔστω
726 920 933 974 διαχωρίζον
967 920 1142 972 ἀναμέσον

114 982 238 1028 ὕδατος
257 982 317 1022 καὶ
333 982 468 1027 ὕδατος.
489 983 537 1022 Τί
553 985 640 1031 ἐστι,
656 983 842 1030 Γενηθήτω
857 981 1063 1034 στερέωμα,
1079 981 1141 1026 Ὡς

115 1043 156 1082 ἂν
186 1043 276 1083 εἴποι
299 1060 351 1088 τις
377 1043 517 1097 γλώττῃ
540 1043 762 1097 ἀνθρωπίνῃ,
784 1043 914 1096 τειχίον
934 1059 968 1081 τι
987 1043 1047 1081 καὶ
1067 1044 1142 1082 διά-

114 1120 260 1158 φραγμα
277 1106 430 1159 διαιροῦν
447 1106 597 1157 μεταξὺ,
620 1106 679 1144 καὶ
698 1106 880 1160 χωρισμὸν
898 1105 1140 1159 ἐργαζόμενον.

113 1165 184 1204 Καὶ
211 1166 268 1204 ἵνα
298 1166 414 1219 μάθῃς
439 1166 505 1213 τὴν
524 1165 658 1213 πολλὴν
680 1165 839 1212 ὑπακοὴν
853 1167 924 1203 τῶν
944 1164 1140 1217 στοιχείων,

112 1226 171 1265 καὶ
201 1227 265 1275 τὴν
306 1227 596 1282 ὑπερὸάλλουσαν
638 1226 784 1278 δύναμιν
815 1229 876 1265 τοῦ
914 1227 1140 1278 δημιουργοῦ,

113 1288 199 1340 φησί
215 1305 222 1312 ·
252 1289 322 1327 Καὶ
345 1288 481 1341 ἐγένετο
501 1288 619 1332 οὕτως.
648 1282 738 1327 Eine
759 1287 876 1337 μόνον,
899 1287 959 1325 καὶ
978 1286 1018 1324 τὸ
1040 1285 1139 1338 ἔργον

111 1349 341 1397 ἠκολούθησε.
358 1350 427 1389 Καὶ
444 1349 599 1397 ἐποίησε,
616 1349 732 1402 φησὶν,
749 1352 767 1387 ὁ
782 1348 873 1391 Θεὸς
887 1347 926 1385 τὸ
941 1347 1138 1400 στερέωμα,

111 1411 172 1449 καὶ
201 1410 405 1464 διεχώρισεν
437 1415 455 1451 ὁ
480 1412 570 1455 Θεὸς
600 1410 775 1462 ἀναμέσον
804 1413 864 1448 τοῦ
888 1409 1033 1455 ὕδατος,
1059 1403 1138 1456 δῆν

111 1473 277 1512 ὑποκάτω
298 1478 358 1513 τοῦ
379 1472 639 1526 στερεώματος,
659 1472 719 1510 καὶ
736 1470 911 1522 ἀναμέσον
932 1473 989 1509 τοῦ
1014 1469 1139 1514 ὕδατος

111 1539 172 1574 τοῦ
192 1536 310 1574 ἐπάνω
331 1539 390 1575 τοῦ
416 1534 669 1588 στερεώματος.
700 1533 916 1585 Γενομένου,
945 1532 1048 1584 φησὶ,
1077 1536 1137 1571 τοῦ

111 1596 372 1649 στερεώματος,
401 1597 446 1636 τὰ
475 1596 537 1648 μὲν
564 1599 634 1635 τῶν
653 1596 788 1634 ὑδάτων
817 1592 1028 1648 προσέταξεν
1047 1593 1139 1632 ὅὺπὸ

111 1661 171 1696 τοῦ
191 1659 432 1712 στερεώματος
459 1658 645 1711 φέρεσθαι,
675 1657 720 1696 τὰ
749 1655 785 1694 δὲ
811 1655 900 1708 ὑπὲρ
920 1658 989 1694 τῶν
1018 1653 1138 1693 νώτων

112 1713 200 1757 εἶναι
227 1725 287 1759 τοῦ
315 1719 568 1774 στερεώματος.
595 1719 701 1758 Ἀλλὰ
727 1718 762 1756 τί
788 1717 829 1756 ἄν
849 1733 901 1762 τις
925 1717 1015 1755 εἴποι
1035 1720 1137 1755 τοῦτο

111 1774 200 1819 εἶναι
225 1782 265 1821 τὸ
288 1782 489 1836 στερέωμα,
512 1781 634 1833 ε’Υδωρ
650 1779 826 1831 πεπηγὸς,
855 1779 934 1817 ἀλλ’
955 1777 1042 1830 ἀέρα
1059 1778 1137 1816 τινὰ

111 1844 437 1896 συνεστραμμένον,
466 1845 543 1882 ἀλλ’
579 1843 700 1894 ἑτέραν
719 1840 797 1880 τινὰ
824 1840 966 1888 οὐσίαν,
997 1841 1076 1878 Οὐκ
1096 1839 1137 1877 ἄν

111 1919 163 1948 τις
191 1905 311 1947 ἁπλῶς
335 1908 405 1943 τῶν
439 1898 474 1942 εῧ
502 1904 718 1957 φρονούντων
737 1901 1004 1955 διισχυρίσαιτο.
1030 1900 1137 1939 Ἀλλὰ

110 1965 282 2016 προσήκει
305 1967 418 2016 πολλῇ
439 1968 482 2016 τῇ
513 1963 756 2015 εὐγνωμοσύνῃ
777 1962 1014 2016 κεχρημένους
1033 1962 1137 2014 δέχε-

111 2029 191 2064 σθαι
210 2025 254 2064 τὰ
272 2026 465 2078 λεγόμενα,
482 2025 541 2063 καὶ
561 2026 610 2076 μὴ
628 2025 824 2078 περαιτέρω
843 2027 905 2070 τῆς
925 2024 1052 2067 οἰκείας
1072 2024 1136 2076 φύ-

110 2102 196 2131 σεως
211 2087 482 2139 ὑπερόαίνοντας
502 2088 739 2139 διερευνᾶσθαι
757 2085 801 2123 τὰ
821 2085 908 2137 ὑπὲρ
923 2088 1029 2136 ἡμᾶς,
1044 2084 1136 2123 ἀλλὰ

106 2152 207 2187 τοῦτο
237 2149 339 2198 μόνον
366 2147 491 2186 εἰδέναι
522 2147 582 2186 καὶ
607 2147 768 2199 κατέχειν
799 2145 884 2198 παρ’
903 2149 1058 2193 ἑαυτοῖς,
1080 2146 1134 2185 ὅτι

106 2212 156 2262 τῷ
175 2208 422 2262 προστάγματι
436 2211 496 2246 τοῦ
513 2207 692 2246 Δεσπότου
707 2207 875 2260 παρήχθη
894 2207 934 2246 τὸ
952 2207 1135 2261 στερέωμα

104 2271 162 2310 τὸν
182 2270 361 2324 χωρισμὸν
386 2273 455 2308 τῶν
480 2270 616 2308 ὑδάτων
644 2269 898 2322 ἐργαζόμενον,
920 2269 979 2308 καὶ
1005 2270 1048 2308 τὰ
1071 2269 1134 2321 μὲν

105 2333 202 2371 κάτω
219 2332 387 2386 κατέχον,
412 2331 457 2370 τὰ
475 2331 512 2370 δὲ
528 2332 600 2371 ἄνω
619 2332 778 2385 μετέωρα
799 2331 888 2384 ὑπὲρ
906 2335 975 2370 τῶν
995 2331 1133 2370 οἰκείων

103 2395 221 2433 νώτων
241 2394 356 2447 φέρειν
376 2393 582 2445 δυνάμενον.
606 2394 677 2433 Καὶ
698 2394 854 2440 ἐκάλεσε,
870 2393 989 2446 φησὶν,
1010 2396 1028 2432 ὃ
1044 2394 1133 2438 Θεὸς

103 2456 143 2495 τὸ
162 2456 347 2509 στερέωμα
365 2455 522 2508 οὐρανόν.
552 2454 651 2508 σΟρα
671 2458 746 2499 πῶς
771 2459 814 2506 τῇ
837 2457 924 2508 αὐτῇ
947 2456 1134 2509 ἀκολουθίᾳ

104 2518 164 2557 καὶ
183 2521 242 2556 νῦν
264 2518 440 2571 ἐχρήσατο
458 2521 481 2564 ἡ
500 2517 575 2556 θεία
591 2516 730 2570 Γραφῆ.
757 2517 928 2570 Καθάπερ
945 2511 1020 2556 εἷπε
1038 2519 1132 2571 χθὲς,

104 2580 292 2628 Γενηθήτω
311 2583 405 2634 φῶς,
427 2580 486 2618 καὶ
507 2579 596 2632 μετὰ
615 2580 655 2618 τὸ
678 2583 923 2632 παραχθῆναι,
943 2580 1021 2619 τότε
1043 2581 1131 2628 ἐπή·

102 2657 230 2694 γαγεν,
258 2641 380 2681 Ἔστω
408 2641 614 2694 διαχωρίζον
641 2640 815 2692 ἀναμέσον
834 2644 894 2679 τοῦ
914 2641 1043 2694 φωτὸς,
1072 2643 1132 2680 καὶ

101 2703 276 2756 ἅναμέσον
308 2708 368 2743 τοῦ
395 2703 562 2752 σκότους,
592 2704 651 2742 καὶ
683 2701 792 2748 οὕτως
823 2702 863 2741 τὸ
895 2705 967 2756 φῶς
994 2704 1130 2757 ἡμέραν

101 2765 286 2805 ἐκάλεσεν·
317 2765 408 2804 οὕτω
432 2765 492 2804 καὶ
518 2764 671 2818 σήμερον
705 2758 800 2803 εἷπε·
828 2764 1018 2812 Γενηθήτω
1050 2781 1132 2803 στε-

104 2825 224 2878 ρέωμα
246 2829 280 2865 ἐν
312 2826 409 2879 μέσῳ
438 2830 499 2865 τοῦ
526 2826 663 2870 ὕδατος.
699 2820 791 2865 Εἶτα
817 2826 976 2879 καθάπερ
995 2826 1053 2866 ἐπὶ
1068 2830 1128 2865 τοῦ

101 2888 233 2939 φωτὸς,
265 2887 356 2926 οὕτω
385 2888 446 2926 καὶ
472 2890 620 2928 ἐνταῦθα
639 2887 791 2933 ἐδίδαξεν
808 2892 904 2938 ἡμᾶς
920 2887 985 2935 τὴν
1003 2888 1127 2941 χρείαν

99 2951 159 2987 τοῦ
176 2948 431 3000 στερεώματος,
448 2948 564 2988 εὨστε
588 2950 828 3003 διαχωρίζειν,
846 2950 974 3003 φησὶν,
994 2950 1128 3001 ἀναμέ-

99 3025 158 3049 σον
177 3009 299 3054 ὕδατος
317 3010 377 3048 καὶ
393 3009 527 3053 ὕδατος.
557 3011 628 3050 Καὶ
639 3011 697 3051 ὅτε
713 3013 818 3050 αὐτοῦ
835 3011 898 3059 τὴν
915 3011 1036 3065 χρείαν
1057 3027 1127 3064 φα-

97 3071 199 3124 νερὰν
230 3074 314 3122 ἡμῖν
343 3071 562 3121 κατέστησε,
588 3072 668 3112 τότε
692 3073 850 3125 καθάπερ
879 3075 929 3125 τῷ
951 3073 1039 3126 φωτὶ
1060 3073 1123 3121 τὴν

97 3133 286 3184 ὀνομασίαν
305 3133 538 3186 προσέθηκεν,
563 3134 654 3173 οὕτω
672 3135 733 3173 καὶ
752 3137 802 3188 τῷ
822 3134 1042 3188 στερεώματι
1059 3134 1123 3183 τὴν

96 3195 332 3247 προσηγορίαν
353 3195 534 3243 ἐπέθηκεν.
576 3196 646 3235 Καὶ
666 3197 809 3236 ἐκάλεσε
823 3225 832 3243 ,
858 3196 961 3249 φησὶ,
985 3196 1024 3234 τὸ
1044 3213 1122 3236 στε-

100 3253 219 3306 ρέωμα
237 3257 394 3308 οὐρανὸν,
416 3261 516 3296 τοῦτο
535 3258 573 3296 τὸ
592 3258 779 3310 δρώμενον.
813 3259 884 3298 Καὶ
905 3261 979 3303 πῶς
992 3289 1001 3306 ,
1022 3259 1120 3311 φησὶ,

97 3315 186 3359 τινὲς
206 3317 388 3366 βούλόνται
406 3318 521 3371 λέγειν
539 3320 687 3365 πολλοὺς
704 3320 867 3373 οὐρανοὺς
884 3323 1091 3372 γεγενῆσθαι
1108 3339 1116 3367 ;

141 3432 151 3445 ⁶
172 3421 263 3454 Unus
285 3428 490 3467 παραγίνεται.

1065 226 1229 257 GENES.

1269 225 1426 256 noant„
1467 228 1529 257 ιν.
2115 220 2166 263 51

1217 307 1305 346 ctis:
1327 308 1456 347 iterum
1471 323 1534 347 nos
1545 309 1672 348 docere
1684 310 1775 359 vult,
1795 325 1891 358 cum,
1910 312 2001 349 sicut
2015 314 2177 353 tenebras

1217 370 1397 422 separavit
1425 369 1601 423 producta
1629 370 1718 417 luce,
1741 380 1775 410 et
1793 371 1954 423 utrisque
1976 385 2175 423 congruum

1218 430 1435 470 vocabulum
1451 431 1595 480 indidit,
1619 431 1667 470 ita
1698 441 1732 471 ct
1759 433 2028 472 multitudinem
2059 449 2171 486 aqua—

1218 505 1300 530 rum
1319 501 1496 546 praecepto
1511 507 1708 546 segregare.

1270 675 1307 712 5.
1333 674 1380 713 Et
1397 675 1480 714 vide
1491 677 1708 715 ineffabilem
1716 678 1926 730 potentiam,
1941 691 2020 729 quae
2036 693 2178 718 omnem

1218 733 1411 776 humanam
1433 737 1575 776 excedit
1604 739 1791 777 rationem.
1816 741 1909 777 Nam
1928 740 2045 778 solum
2059 741 2176 792 jubet,

1216 804 1250 834 et
1269 797 1405 835 accedit
1424 798 1525 836 aliud
1546 800 1817 849 elementorum,
1847 810 1879 838 et
1899 801 1998 838 aliud
2020 802 2174 841 decedit.

1216 858 1491 911 Dixitque,ait,
1508 861 1632 898 Deus:
1647 862 2041 913 Fiatfi7·1na1nenturn
2051 866 2091 899 in
2103 878 2179 901 me-

1215 919 1280 955 dio
1301 932 1429 971 aquae,
1452 929 1487 958 et
1507 923 1556 958 sit
1581 922 1822 973 distinguens
1843 925 1946 959 inter
1977 937 2122 974 aquam
2143 933 2181 962 et

1215 983 1410 1033 aquan
1417 981 1476 1020 uid
1484 984 1968 1036 est,Fiatfirmamentum?
1977 984 2089 1030 Quasi
2100 985 2182 1035 quis

1214 1040 1705 1096 dicathumanalinguazFiat
1714 1045 1830 1098 paries
1837 1045 1985 1097 quidam
1997 1055 2030 1084 et
2039 1056 2181 1099 septum

1215 1101 1251 1140 in
1267 1103 1385 1142 medio
1393 1104 1561 1144 dividens
1572 1115 1605 1143 et
1616 1107 1874 1158 separationem
1891 1107 2126 1146 inducens.Et
2141 1117 2180 1146 ut

1215 1163 1332 1203 discas
1349 1180 1517 1218 magnam
1535 1167 1790 1205 elementorum
1806 1167 2179 1216 obedientiam,excel-

1213 1225 1415 1278 lentemquc
1444 1228 1615 1267 virtutem
1646 1229 1811 1282 Opificis,
1839 1229 1887 1267 ait
1910 1245 1918 1266 2
1944 1232 1998 1268 Et
2014 1232 2179 1283 factum

1213 1297 1269 1327 est
1283 1291 1352 1326 ita.
1379 1289 1485 1328 Dixit
1507 1290 1638 1340 solum,
1661 1299 1694 1329 et
1715 1304 1805 1344 opus
1825 1300 2043 1342 sequuntum
2063 1300 2125 1329 est.
2142 1294 2177 1329 7.

1214 1351 1267 1388 Et
1295 1352 1406 1403 fecit,
1435 1351 1497 1400 ait,
1520 1353 1628 1390 Deus
1639 1353 1956 1406 firmamentum,
1980 1361 2018 1390 et
2044 1354 2177 1391 divisit

1212 1412 1320 1450 Deus
1333 1415 1435 1450 inter
1447 1427 1606 1465 aquam,
1629 1428 1715 1467 quoe
1726 1423 1809 1452 erat
1827 1414 2172 1466 subfirmameneo,

1212 1481 1249 1510 et
1262 1475 1365 1511 inter
1375 1488 1536 1526 aquam,
1552 1489 1641 1527 qzcoe
1652 1484 1735 1513 erat
1747 1476 2175 1528 superfirmamentum.

1158 1568 1189 1592 25
1211 1534 1320 1572 Facto
1338 1534 1578 1586 firmamento,
1598 1536 1729 1587 inquit,
1747 1536 1854 1589 jussit
1873 1551 1983 1588 aquas
1999 1537 2088 1575 alias
2104 1537 2173 1575 suh

1165 1604 1189 1634 Α
1211 1595 1477 1634 firmamentum
1508 1597 1608 1642 ferri,
1632 1597 1719 1635 alias
1747 1606 1866 1636 autem
1897 1613 2006 1651 supra
2025 1597 2174 1636 dorsum

1211 1670 1284 1695 esse
1299 1657 1528 1696 firmamenti.
1549 1657 1619 1696 Sed
1639 1658 1728 1710 quid
1752 1658 1897 1697 tandem
1917 1674 1991 1697 csse
2011 1658 2173 1698 dicemus

1165 986 1189 1017 E

1209 1718 1278 1757 hoc
1320 1719 1588 1758 firmamentum
1605 1720 1622 1757 Ρ
1658 1722 1844 1772 Aquamne
1877 1720 2076 1769 densatam,
2115 1721 2169 1759 vel
2182 1735 2372 1766 Firmamen-

1209 1794 1326 1818 aerem
1337 1780 1528 1831 quemdam
1547 1781 1794 1830 convolutum,
1810 1782 1869 1820 vel
1883 1783 1992 1820 aliam
2007 1782 2169 1820 substan-
2181 1784 2244 1807 ‘¹¹¹¹‘

1209 1901 1268 1939 rit.
1284 1903 1435 1954 Oportet
1446 1903 1542 1940 enim
1555 1917 1684 1954 magna
1701 1902 1871 1942 modestia
1887 1912 1919 1941 et
1934 1913 2035 1955 grato
2048 1905 2169 1942 animo

1209 1976 1248 2000 ea
1267 1977 1346 2014 quae
1367 1963 1539 2002 dicuntur
1566 1978 1586 2002 a
1609 1965 1712 2003 nobis
1739 1964 1871 2017 accipi,
1907 1974 1940 2003 et
1973 1979 2041 2003 non
2077 1966 2170 2005 ultra

1208 2033 1372 2062 naturam
1389 2034 1545 2063 nostram
1561 2025 1743 2078 progredi,
1758 2035 1791 2064 et
1804 2026 1955 2064 scrutari
1970 2040 2047 2077 quae
2062 2041 2170 2080 supra

1208 2098 1271 2124 nos
1289 2095 1392 2135 sunt;
1418 2086 1482 2124 sed
1514 2087 1582 2124 hoc
1603 2087 1721 2125 solum
1752 2087 1843 2125 seire
1871 2096 1903 2125 et
1932 2096 2051 2126 tenere
2070 2089 2170 2141 apud

1207 2159 1284 2194 nos,
1315 2155 1493 2199 praecepto
1526 2147 1673 2185 Domini
1702 2148 1919 2200 productum
1946 2163 2020 2187 esse
2043 2149 2169 2187 firma-

1206 2217 1379 2257 mentum,
1397 2207 1433 2246 in
1454 2208 1711 2261 separationem
1728 2224 1917 2261 aquarum,
1938 2210 2037 2261 quod
2054 2211 2169 2250 valeat

1205 2269 1293 2307 alias
1307 2270 1374 2308 sub
1390 2283 1426 2308 se
1441 2270 1636 2320 continere,
1651 2270 1738 2308 alias
1758 2285 1843 2310 vero
1856 2285 1999 2309 sursum
2016 2271 2051 2309 in
2062 2271 2168 2311 dorso

1205 2345 1269 2370 suo
1294 2333 1386 2370 ferre
1405 2331 1589 2370 sublimes.
1619 2333 1657 2371 8.
1686 2333 1740 2370 Et
1759 2335 1932 2379 vocavit,
1964 2333 2027 2382 ait,
2059 2335 2167 2372 Deus

1155 2403 1181 2435 Β
1193 2393 1496 2446 firmamentum
1525 2393 1675 2431 coelum.
1711 2393 1808 2432 Vide
1837 2393 2017 2445 quomodo
2040 2394 2165 2433 eadem

1204 2455 1452 2507 consequentia
1483 2455 1590 2493 etiam
1622 2468 1715 2493 nunc
1734 2455 1858 2494 divina
1893 2456 2081 2508 Scriptura
2101 2472 2165 2495 usa

1203 2527 1266 2556 est.
1283 2519 1375 2556 Nam
1394 2517 1485 2556 sicut
1495 2517 1590 2555 dixit
1604 2516 1696 2567 heri,
1714 2519 1754 2556 F
1753 2521 1809 2556 iat
1819 2519 1900 2564 lux,
1919 2527 1952 2555 et
1971 2527 2162 2570 postquam

1203 2578 1375 2631 producta
1401 2579 1483 2629 fuit,
1516 2587 1600 2616 tunc
1626 2579 1778 2631 subjecit
1801 2580 1886 2618 :Sit
1920 2580 2164 2632 distinguens

1203 2644 1305 2679 inter
1318 2643 1443 2679 lucem
1455 2649 1491 2678 et
1503 2642 1606 2677 inter
1614 2642 1805 2687 tenebras,
1819 2649 1853 2677 et
1868 2639 1919 2677 sic
1936 2640 2053 2678 lucem
2063 2640 2162 2679 diem

1202 2703 1347 2741 vocavit
1365 2719 1372 2739 τ
1394 2702 1442 2740 ita
1455 2711 1486 2739 et
1500 2701 1608 2739 hodie
1622 2701 1718 2739 dixit
1736 2716 1743 2738 :
1759 2703 1853 2739 Fiat
1859 2701 2162 2754 firmamentum

1201 2767 1243 2802 in
1256 2765 1380 2803 medio
1400 2777 1525 2816 aquoe.
1557 2762 1650 2800 Dein
1667 2762 1758 2800 sicut
1777 2761 1822 2799 de
1840 2762 1918 2800 luce
1937 2762 2091 2813 dixerat,
2111 2764 2161 2817 ita

1201 2826 1308 2864 ethic
1327 2826 1451 2864 docuit
1467 2839 1529 2862 nos
1544 2838 1650 2861 usum
1670 2823 1899 2873 firmamenti,
1926 2826 1976 2863 Ut
1990 2826 2158 2875 dividat,

1202 2888 1264 2937 ait,
1278 2891 1381 2925 inter
1394 2900 1539 2939 aquam
1555 2894 1591 2923 et
1608 2899 1765 2938 aquam.
1788 2884 1835 2922 Et
1856 2894 2045 2937 postquam
2063 2886 2160 2925 hunc

1202 2950 1279 3002 ejus
1293 2963 1399 2987 usum
1413 2946 1621 2993 declaravit,
1643 2955 1729 2984 tunc
1747 2946 1837 2985 sicut
1856 2946 1928 2985 luci
1949 2961 2077 2985 nomen
2097 2948 2159 2986 de-

1201 3010 1267 3059 dit,
1283 3011 1332 3048 ita
1349 3019 1381 3048 ct
1403 3010 1626 3046 firmamento
1644 3021 1750 3045 suum
1767 3021 1895 3046 nomen
1916 3007 2157 3061 imposuit.Ec

1202 3075 1375 3118 vocavit,
1399 3071 1773 3122 ait‚firmamentum
1803 3070 1957 3115 coelum,
1975 3069 2040 3108 lioc
2060 3070 2157 3120 quod

1198 3135 1343 3174 videtur
1376 3142 1408 3170 et
1446 3129 1636 3182 quomodo,
1669 3130 1824 3182 inquies,
1862 3131 1990 3168 volunt
2025 3131 2153 3182 aliqui,

1198 3197 1308 3235 factos
1341 3193 1472 3232 multos
1509 3191 1640 3229 calos?
1661 3205 1729 3230 non
1759 3205 1804 3230 ex
1825 3191 1950 3230 divina
1971 3192 2155 3244 Scriptura

1197 3258 1264 3296 hoc
1282 3256 1497 3300 didicerunt,
1520 3252 1578 3291 scd
1599 3268 1643 3291 ex
1664 3254 1737 3291 suis
1766 3254 1961 3292 ratiociniis
1981 3254 2049 3292 lioc.
2066 3255 2156 3292 insc-

1197 3328 1290 3358 runt.
1311 3318 1441 3356 Beatus
1463 3325 1581 3353 autem
1601 3316 1719 3353 Moses
1731 3316 1821 3354 nihil
1844 3316 1899 3353 his
1919 3316 2075 3368 amplius
2093 3316 2153 3353 do

1148 3148 1171 3178 C

1187 3438 1198 3449 ἐ·
1217 3426 1350 3467 Septem
1370 3423 1443 3455 3135.
1463 3430 1496 3455 et
1511 3422 1600 3455 Savil
1629 3426 1684 3458 ὑπὸ
1703 3430 1735 3457 τὸ
1752 3430 1906 3466 στερέωμα
1926 3429 2073 3467 ρερετ9,,ς.

2300 1781 2371 1817 quid

1227 1840 1234 1847 .
1633 1842 1639 1849 .
2182 1827 2230 1852 sit.
2241 1831 2290 1848 vix
2305 1832 2373 1849 scin

1209 1841 1323 1878 nam?
1342 1843 1455 1880 Nemo
1473 1842 1705 1894 prudentlum
1715 1842 1782 1881 hoc
1797 1852 1928 1881 temere
1942 1857 2168 1882 asseverave·
2180 1868 2287 1900 {³⁰¹0st
