2566 3791
331 236 417 297 103
757 252 795 280 S.
836 251 1024 281 JOANMS
1060 250 1300 280 CHRYSOST.
1339 250 1547 280 ARCHIEP.
1586 249 1947 282 CONSTANTINOP.

323 333 398 372 lure
418 334 466 371 ita
489 334 581 371 sieri.
602 335 722 385 Neque
741 334 835 371 enim
851 334 971 371 licebit
991 333 1119 383 cuique
1142 333 1273 370 volenti

324 403 358 432 te
371 394 542 443 occidere,
557 395 618 433 scd
637 409 682 433 ex
697 394 922 432 diuturniore
937 394 1012 432 vita
1033 403 1091 431 tua
1110 401 1141 430 et
1161 394 1274 443 major

323 455 333 492 i
339 455 406 493 ndo
421 455 489 494 tibi
501 455 692 504 dolorerit,
703 465 736 492 et
750 454 947 504 relinquam
962 463 995 491 tc
1011 453 1158 505 posteris
1172 465 1275 503 gene-

323 517 523 556 rationibus
550 517 778 568 magistrum‚
800 524 838 552 ut
867 515 919 552 tui
942 514 1183 566 spectaculum
1203 514 1275 552 illis

324 579 370 616 sit
389 577 586 617 admonitio
601 587 633 616 et
647 577 849 627 castigatio,
866 576 1058 628 nullusque
1071 577 1277 629 exemplum

324 649 427 678 tuum
441 648 619 690 sequatur.
638 639 674 677 E
678 647 692 676 t
708 639 807 676 dixit
824 639 1018 677 Dominus
1033 639 1139 677 Deus
1159 654 1166 675 τ
1185 640 1276 676 Non

323 704 389 738 sic.
407 702 542 739 Omnis
553 703 620 752 qui
627 700 811 738 occiderit
831 701 1095 751 Cain,septem
1107 700 1275 739 ultiones

323 762 456 799 solvet.
473 761 648 799 Fortassis
662 761 774 799 multa
787 770 870 799 sunt
882 774 961 812 quae
968 759 1062 811 dixi,
1079 769 1112 799 et
1123 760 1274 799 multam

323 823 461 875 corpori
480 822 679 861 molestiam
698 822 895 860 attulimus.
919 821 991 860 Sed
1009 821 1096 873 quid
1113 822 1240 860 faciam
1256 822 1274 860 3»

323 883 417 930 Quia
427 883 740 923 videovestramin
753 882 934 921 audiendo
948 882 1168 933 aviditatem,
1181 893 1214 922 et
1223 883 1275 922 in-

322 959 407 995 gens
425 945 657 993 desiderium,
676 944 815 995 reliqua
825 944 931 983 etiam
946 958 1147 997 persequar,
1164 954 1197 984 et
1213 960 1276 997 pro

321 1007 462 1045 viribus
476 1006 563 1044 meis
579 1006 848 1059 interpretabor.
867 1005 968 1054 Quid
987 1015 1049 1054 est,
1057 1006 1206 1057 Septem
1221 1008 1277 1044 ul-

323 1071 445 1106 tiones
463 1068 585 1106 solvet
604 1073 620 1104 Ρ
641 1067 713 1106 Sed
735 1067 864 1105 iterum
882 1081 1005 1105 vereor
1034 1080 1077 1105 ne
1098 1064 1276 1105 dictorum

323 1128 555 1166 multitudine
579 1128 787 1167 memoriam
820 1142 942 1166 eorum
977 1141 1054 1178 quae
1075 1127 1171 1166 dicta
1195 1137 1277 1167 sunt

323 1190 487 1239 obruam,
508 1199 540 1228 et
566 1189 690 1228 videar
707 1189 809 1228 vobis
839 1188 1025 1227 fastidium
1042 1189 1169 1227 afferre
1187 1205 1194 1225 :
1216 1188 1276 1227 sed

323 1252 353 1289 si
374 1265 442 1289 non
457 1251 673 1303 fatigamini,
693 1251 875 1299 sustinete,
889 1259 921 1289 et
938 1250 1006 1289 hoc
1017 1250 1180 1289 absoluto
1193 1264 1276 1289 con-

323 1321 440 1361 textu,
459 1326 657 1351 sermonem
670 1312 846 1350 finiemus.
867 1313 920 1350 Et
939 1312 1038 1350 dixit
1053 1312 1114 1350 illi
1136 1313 1274 1350 Domi—

324 1388 396 1412 nus
404 1375 510 1412 Deus
524 1389 534 1410 .·
548 1375 643 1412 Non
657 1376 723 1412 sie.
740 1375 874 1413 Omnis
890 1375 957 1425 qui
970 1373 1152 1411 occiderit
1164 1374 1276 1423 Cain,

321 1439 459 1487 septies
497 1436 665 1473 ultiones
686 1435 819 1474 solvet.
850 1436 904 1473 Et
929 1437 1058 1486 posuit
1085 1436 1277 1473 Dominus

321 1498 430 1535 Deus
447 1500 600 1550 signum
613 1500 654 1534 in
673 1497 787 1544 Cain,
805 1511 853 1535 ne
869 1499 993 1535 omnis
1007 1499 1074 1548 qui
1089 1499 1278 1534 inveniret

322 1559 435 1596 illum
455 1559 659 1597 occideret.
683 1557 758 1596 Hoc
785 1557 951 1607 timuisti,
969 1557 1099 1608 inquit,
1121 1571 1164 1595 ne
1185 1557 1278 1596 occi-

323 1619 473 1658 derere.o
493 1619 641 1658 Confide
653 1650 662 1667 ‚
684 1619 752 1658 hoc
788 1634 858 1657 non
889 1619 967 1657 erit.
998 1621 1089 1657 Nam
1118 1618 1279 1670 quisquis

324 1680 392 1719 hoc
404 1681 519 1719 facere
533 1681 780 1730 attentaverit,
799 1680 987 1733 septupliei
1000 1694 1112 1733 poenae
1125 1695 1161 1719 se
1175 1681 1279 1720 saciet

325 1742 521 1781 obnoxium
536 1758 543 1778 :
561 1751 594 1780 et
609 1741 742 1780 idcirco
752 1741 969 1793 signumtibi
981 1742 1140 1794 impono,
1154 1751 1194 1780 ut
1202 1743 1279 1780 nul-

325 1804 381 1841 lus
413 1803 580 1855 ignorans
602 1803 786 1841 interfecto
803 1811 852 1852 te,
877 1802 990 1855 poenis
1009 1802 1083 1840 illis
1109 1817 1146 1841 se
1164 1804 1277 1842 ohno-

327 1863 428 1901 xium
447 1864 565 1902 faciat.

379 1931 415 1970 5.
435 1930 505 1969 Sed
534 1945 600 1983 par
616 1940 668 1969 est
693 1940 733 1969 ut
766 1929 987 1969 manifestius
1019 1945 1083 1970 vos
1121 1931 1278 1981 doceam,

328 1991 505 2043 quomodo
526 1992 588 2043 qui
608 1992 696 2030 Cain
716 1990 848 2030 occidit
858 2000 989 2045 septem
1000 2006 1187 2045 poenarum
1200 2008 1281 2032 reus

328 2054 470 2094 sit.Vos
488 2068 624 2106 precor,
634 2053 817 2093 attendite.
835 2055 930 2092 Nam
939 2053 969 2092 si
980 2068 1087 2105 nunc,
1104 2055 1194 2094 sicut
1204 2056 1280 2094 etin

328 2114 572 2167 superioribus
587 2115 715 2154 diebus
730 2128 822 2167 saepe
833 2115 1102 2154 caritativestrae
1110 2116 1280 2167 diximus,

329 2190 410 2213 cum
434 2176 563 2228 jejunii
593 2185 734 2228 tempus
762 2183 830 2223 est,
859 2184 892 2212 et
910 2184 1008 2213 tanta
1025 2177 1283 2226 tranquillitate

329 2237 498 2285 fruimur,
519 2246 552 2275 et
568 2236 710 2275 liberati
729 2250 852 2274 sumus
871 2250 889 2274 a
913 2235 1186 2288 cogitationibus
1206 2252 1281 2289 quae

1288 800 1336 825 ¹168

1351 332 1549 384 βουλομένῳ
1573 348 1611 370 σε
1643 334 1774 371 ἀνελεῖν
1788 363 1798 381 ,
1819 332 1909 373 ἀλλὰ
1924 335 1967 386 τῇ
1988 333 2185 386 παρατάσει
2204 336 2266 381 τ’ἥς
2282 337 2372 382 ζωῆς

1349 395 1410 439 τῆς
1443 397 1505 440 σῆς
1527 393 1586 432 καὶ
1611 394 1664 432 σοὶ
1692 393 1836 434 πλείονα
1857 394 1918 441 τὴν
1938 395 2060 442 ὀδύνην
2077 395 2293 447 ἐργάσομαι,
2312 396 2373 433 καὶ

1349 454 1557 493 διδάσκαλον
1580 454 1781 508 καταλείψω
1806 462 1882 500 ταῖς
1895 459 1942 500 εἷς
1957 456 1997 495 τὸ
2015 456 2092 503 ἑξῆς
2110 464 2253 509 γενεαῖς,
2274 456 2330 495 ἵνα
2349 461 2372 503 ἡ

1350 516 1393 564 σὴ
1416 516 1477 554 θέα
1505 517 1746 569 σωφρονισμὸς
1772 519 1887 560 αὐτοῖς
1905 517 2068 567 γένηται,
2087 522 2101 539 ‘²
2114 518 2173 556 καὶ
2191 519 2313 569 μηδεὶς
2327 522 2371 570 τῇ

1348 582 1391 630 σῇ
1422 577 1545 630 γνώμῃ
1567 577 1869 630 κατακολουθήσῃ.
1903 578 1973 617 Καὶ
1992 573 2067 616 εἷπε
2088 578 2215 632 Κύριος
2235 583 2253 618 6
2271 580 2372 624 Θεός·

1348 643 1412 694 οὐχ
1429 640 1531 679 οὕτω.
1572 642 1648 685 Πᾶς
1667 643 1685 679 6
1706 640 1913 682 ἀποκτείνας
1930 639 2019 678 Κάϊν
2037 639 2126 678 ἑπτὰ
2144 640 2373 691 ἐκδικούμενα

1347 702 1558 755 παραλύσει.
1593 704 1626 740 T
1629 701 1702 754 άχα
1721 699 1836 739 πολλὰ
1853 700 1899 739 τὰ
1919 700 2098 754 εἰρημένα,
2119 701 2179 740 καὶ
2201 701 2308 740 πολὺν
2322 705 2375 754 τῷ

1347 764 1485 816 σώματι
1505 764 1562 803 τὸν
1580 763 1738 814 κάματον
1758 762 2050 816 προεξενήσαμεν.
2077 763 2182 803 Ἀλλὰ
2200 763 2236 802 τί
2254 763 2376 811 πάθω,

1347 827 1465 880 “Ορῶν
1494 827 1562 878 γὰρ
1583 827 1681 876 ὑμῶν
1711 824 1774 872 τὴν
1801 824 1985 877 φιληκοΐαν
2007 825 2067 864 καὶ
2093 825 2296 877 ἀκμάζοντα
2315 825 2374 863 τὸν

1349 889 1453 928 πόθον
1481 885 1786 938 ἐπιδεικνυμένην,
1824 885 1994 938 βούλομαι
2021 886 2081 924 καὶ
2101 892 2173 931 τοῖς
2199 886 2375 939 λειψάνοις

1349 949 1539 994 ἐπεξελθεῖν
1553 979 1562 997 ,
1585 949 1644 987 καὶ
1672 947 1763 987 κατὰ
1791 947 1934 998 δύναμιν
1954 947 2017 995 τὴν
2040 947 2128 999 ἐμὴν
2150 950 2373 1001 ἑρμηνεῦσαι.

1349 1012 1397 1050 Τί
1426 1013 1498 1050 ἔστι
1522 1011 1584 1058 τὸ,
1619 1010 1736 1048 Ἑπτὰ
1763 1009 1992 1061 ἐκδικούμενα
2016 1009 2233 1063 παραλύσει;
2268 1009 2374 1048 Ἀλλὰ

1349 1072 1454 1111 πάλιν
1476 1071 1615 1109 δέδοικα
1638 1070 1687 1121 μὴ
1709 1073 1759 1123 τῷ
1778 1070 1903 1118 πλήθει
1921 1073 1992 1108 τῶν
2009 1070 2205 1123 λεγομένων
2230 1071 2289 1109 καὶ
2309 1069 2375 1118 τὴν

1351 1133 1493 1185 μνήμην
1512 1131 1780 1184 καταχώσωμεν
1799 1133 1868 1169 τῶν
1886 1131 2092 1185 εἰρημένων,
2113 1131 2199 1170 “nod
2224 1147 2376 1185 προσκο-

1349 1201 1418 1247 ρεῖς
1432 1198 1512 1246 ὑμῖν
1529 1192 1789 1244 νομισθείημεν.
1822 1191 1916 1230 Ἀλλ>
1934 1193 1963 1230 εἷ
1979 1192 2027 1242 μὴ
2047 1192 2271 1243 ἀπεκάμετε,
2291 1193 2375 1231 ἀνά-

1350 1259 1475 1310 σχεσθε
1491 1286 1500 1304 ,
1533 1255 1592 1294 καὶ
1621 1254 1842 1299 διαλύσαντες
1858 1255 1898 1293 τὸ
1912 1253 2140 1306 προκείμενον
2155 1254 2246 1293 οὕτω
2263 1269 2375 1293 κατα·

1350 1319 1529 1370 παύσομεν
1549 1318 1608 1356 τὸν
1631 1316 1744 1368 λόγον.
1774 1315 1845 1355 Καὶ
1872 1309 1966 1354 εἶπεν
1985 1316 2080 1369 αὓτῷ
2096 1315 2223 1369 Κύριος
2240 1319 2258 1354 6
2273 1315 2376 1359 Θεός·

1351 1382 1418 1434 οὔχ
1436 1380 1538 1420 οὕτω.
1574 1382 1654 1424 Πᾶς
1672 1382 1690 1417 6
1707 1377 1913 1421 ἀποκτείνας
1929 1376 2018 1416 Κάῖν
2039 1377 2129 1416 ἑπτὰ
2148 1377 2379 1429 ε’κδικούμενα

1350 1441 1557 1494 παραλύσει.
1573 1441 1644 1480 Καὶ
1661 1440 1756 1479 ἔθετο
1772 1440 1898 1492 Κύριος
1915 1443 1933 1478 6
1946 1439 2035 1484 Θεὸς
2049 1444 2192 1490 σημεῖον
2207 1442 2257 1491 τῷ
2272 1439 2376 1486 Κάϊν,

1350 1508 1409 1542 τοῦ
1436 1503 1484 1554 μὴ
1513 1504 1646 1542 ἀνελεῖν
1675 1502 1777 1541 αὐτὸν
1806 1501 1922 1540 πάντα
1949 1500 2008 1540 τὸν
2033 1501 2238 1553 εὑρίσκοντα
2260 1501 2376 1541 αὐτόν.

1351 1567 1466 1604 Τοῦτο
1486 1564 1663 1613 δέδοικας,
1680 1563 1765 1616 φησὶ
1776 1594 1787 1610 ,
1808 1567 1868 1602 τοῦ
1889 1562 1938 1614 μὴ
1964 1564 2182 1615 ἐναιρεθῆναι
2197 1579 2208 1612 ;
2226 1563 2376 1617 Θάρσει,-

1350 1627 1403 1666 ὅτι
1423 1629 1485 1665 οὐκ
1504 1626 1602 1665 ἔσται
1620 1630 1731 1664 τοῦτο.
1752 1624 1823 1664 Καὶ
1841 1624 1909 1676 γὰρ
1924 1627 1942 1663 6
1955 1627 2057 1663 τοῦτο
2067 1624 2270 1671 πεποιηκὼς
2286 1624 2375 1663 ἑπτὰ

1351 1687 1536 1741 τιμωρίαις
1555 1687 1675 1726 ἑαυτὸν
1691 1686 1876 1725 ὑπεύθυνον
1891 1684 2123 1732 καταστήσει·
2140 1685 2197 1724 διά
2209 1701 2262 1724 τοι
2275 1690 2378 1725 τοῦτο

1351 1751 1410 1789 καὶ
1430 1755 1574 1800 σημεῖον
1595 1746 1777 1799 ε’πιτίθημί
1797 1763 1863 1796 σοι,
1883 1746 1973 1785 ὥστε
1991 1747 2124 1798 μηδένα
2144 1747 2377 1799 ἀγνοήσαντα,

1351 1813 1411 1851 καὶ
1439 1811 1605 1850 ἀνελόντα
1638 1825 1698 1858 σε,
1728 1809 1915 1847 ὑπεύθυνον
1949 1808 2070 1847 ἑαυτὸν
2098 1815 2173 1854 ταῖς
2199 1809 2376 1854 τοιαύταις

1352 1874 1537 1927 τιμωρίαις
1557 1874 1791 1918 καταστῆσαι.

1404 1935 1509 1976 Ἀλλὰ
1542 1934 1754 1987 σαφέστερον
1792 1934 1883 1983 ὑμᾶς
1915 1930 2086 1984 προσήκει
2119 1931 2272 1981 διδάξαι,
2302 1935 2377 1976 πῶς

1351 1997 1442 2036 ἑπτὰ
1453 1995 1640 2049 τιμωρίαις
1660 1993 1844 2037 ὑπεύθυνος
1863 1993 1996 2045 γίνεται
2012 1995 2030 2031 6
2049 1994 2108 2032 τὸν
2126 1993 2216 2032 Κάϊν
2231 1994 2374 2033 ἀνελών.

1352 2058 1458 2098 Ἀλλὰ
1483 2057 1675 2109 προσέχετε
1689 2084 1698 2101 ,
1717 2057 1926 2107 παρακαλῶ.
1957 2056 2003 2094 Ei
2019 2054 2088 2106 γὰρ
2108 2054 2157 2106 μὴ
2176 2058 2251 2104 νῦν,
2269 2055 2378 2095 καθά-

1351 2134 1416 2170 περ
1432 2121 1466 2156 ἐν
1479 2123 1553 2160 ταῖς
1566 2115 1825 2168 προλαὸούσαις
1838 2114 1988 2167 ἡμέραις
2001 2114 2191 2167 εἰρήκαμεν
2207 2116 2377 2162 πολλάκις

1351 2181 1436 2232 πρὸς
1454 2179 1518 2225 τὴν
1539 2176 1711 2230 ὑμετέραν
1729 2175 1869 2224 ἀγάπην
1882 2205 1893 2224 ,
1913 2175 1969 2214 ὅτε
1984 2176 2146 2222 νηστείας
2165 2178 2296 2229 καιρὸς,
2315 2179 2376 2217 καὶ

1352 2241 1523 2287 τοσαύτης
1554 2238 1707 2291 γαλήνης
1737 2236 1957 2287 ἀπολαύομεν
1974 2266 1984 2283 ,
2015 2237 2075 2274 καὶ
2110 2239 2375 2290 ἀπηλλαγμένοι

329 2306 483 2336 mentem
496 2306 653 2336 nostram
667 2296 969 2349 perturbant,non
981 2311 1118 2335 summa
1133 2297 1286 2350 diligen·
1307 2311 1330 2341 c
1352 2306 1419 2341 τῶν
1446 2303 1625 2353 λογισμῶν
1646 2302 1714 2337 τῶν
1732 2297 1975 2351 ταραττόντων
1994 2300 2095 2349 ἡμῶν
2122 2298 2187 2344 τὴν
2207 2298 2373 2347 διάνοιαν,

330 2360 381 2398 tia
397 2359 618 2398 addiscimus
635 2373 716 2410 quae
736 2358 771 2396 in
793 2357 927 2396 divinis
950 2358 1146 2411 Scripturis
1175 2360 1286 2398 conti-

331 2431 460 2459 nentur
471 2451 481 2470 ,
491 2419 635 2472 quando
647 2434 684 2458 ea
693 2419 771 2458 aliis
779 2419 999 2472 temporibus
1011 2420 1147 2458 discere
1155 2422 1285 2473 poteri-

330 2483 437 2521 mus?
453 2482 539 2521 Ideo
560 2497 636 2530 oro,
657 2491 690 2520 et
708 2495 834 2534 precor
847 2511 859 2531 ,
878 2490 912 2519 et
933 2481 1112 2534 supplicO,
1134 2491 1166 2520 et
1185 2484 1286 2534 quasi

331 2558 444 2594 genua
462 2552 576 2582 vestra
593 2542 774 2594 contingo,
786 2542 916 2580 intenta
934 2552 1049 2580 mente
1065 2543 1120 2581 his
1141 2557 1218 2594 quae
1231 2544 1286 2582 di-

332 2614 460 2643 cuntur
477 2603 732 2651 auscultemus,
765 2612 805 2641 ut
830 2603 948 2642 fructu
975 2603 1096 2655 aliquo
1113 2604 1225 2643 nobili
1253 2616 1287 2644 et

331 2666 513 2719 praecipuo
546 2674 687 2718 accepto
705 2695 714 2714 ‚
747 2665 896 2704 domum
929 2674 1046 2717 postea
1083 2666 1283 2706 redeamus.

129 2741 244 2777 sewen,
273 2742 319 2769 ul·
332 2727 432 2774 Quid
449 2728 559 2780 igitur
585 2736 650 2777 est,
679 2727 828 2779 Septem
856 2727 1021 2766 ultiones
1037 2729 1188 2766 solvet?
1208 2730 1286 2768 Pri-

131 2789 225 2810 tiones

130 2825 222 2851 Caum
239 2828 317 2862 quw?

136 2934 160 2953 ι.

129 2967 160 2995 5.

289 2786 317 2810 ³¹¹
334 2803 431 2827 mum
448 2788 595 2839 quidem
613 2787 834 2840 septenarius
851 2802 1020 2827 numerus
1050 2788 1095 2827 de
1123 2789 1285 2828 multitu-

335 2850 420 2888 dine
440 2849 571 2887 dicitur
588 2849 623 2887 in
644 2850 767 2888 divina
786 2850 971 2902 Scriptura
991 2866 998 2887 :
1020 2849 1056 2888 id
1077 2851 1171 2902 quod
1194 2867 1287 2905 saepe

179 2927 295 2962 laga,
335 2912 368 2949 in
389 2911 584 2963 Scripturis
608 2912 776 2957 occurrit,
808 2920 859 2961 ut,
878 2911 1026 2950 Sterilis
1050 2916 1196 2964 peperit
1227 2928 1286 2953 se-

330 2981 433 3024 ptem
454 2988 463 3007 :
481 2981 513 3009 et
527 2971 670 3009 similia.
688 2972 893 3024 Conjectarc
908 2981 1025 3010 autem
1036 2972 1096 3011 hic
1107 2973 1189 3012 licet
1203 2988 1284 3027 pec-

333 3034 400 3072 cati
430 3032 725 3085 magnitudinem,
746 3043 778 3071 ct
797 3034 914 3085 ipsum
935 3047 1004 3072 non
1022 3047 1132 3072 unum
1159 3049 1283 3087 pccca-

333 3106 406 3134 tum
430 3095 662 3140 commisisse,
687 3095 744 3133 sed
773 3104 920 3147 septem,
949 3108 1101 3146 quorum
1129 3096 1283 3147 quodvis

333 3171 394 3209 pci-
413 3171 449 3194 se
483 3169 608 3205 magna
636 3169 735 3206 poena
758 3155 940 3193 luendum.
962 3156 1078 3209 Igitur
1106 3157 1282 3209 quomodo

334 3219 407 3256 lioec
445 3216 739 3255 numerabimus?
773 3217 933 3254 Primum
972 3217 1108 3256 invidet
1150 3219 1250 3257 fratri
1272 3250 1280 3264 ‚

331 3280 426 3332 quod
450 3282 523 3318 Deo
545 3279 589 3316 sit
610 3287 752 3328 gratus:
776 3278 871 3328 quod
897 3278 924 3315 si
952 3278 1066 3317 solum
1096 3279 1277 3326 adfuisset,

372 3414 383 3426 r
402 3405 553 3442 Quattuor
568 3402 645 3435 les,
665 3409 694 3431 rt
713 3399 812 3432 smil.
829 3406 874 3433 ta}
892 3404 992 3443 μηδεὶς
1009 3407 1039 3440 ἐξ
1056 3405 1149 3436 abram
1166 3409 1228 3445 τῖς.

376 3467 383 3480 ¹
403 3456 492 3487 l'nus
511 3459 557 3487 καὶ
578 3459 739 3498 πμνορής
755 3456 819 3493 ὑμῖν
838 3467 975 3494 γένωμαι-

1307 3041 1329 3069 Ι)

1352 2363 1396 2401 r&
1423 2366 1457 2402 ἐν
1488 2369 1564 2406 ταῖς
1585 2361 1691 2406 θείαις
1718 2361 1877 2412 Γραφαῖς
1895 2358 2080 2410 ἐγκείμενα
2100 2359 2375 2413 κατανοήσωμεν

1353 2423 1441 2476 μετὰ
1461 2421 1660 2476 ἀκριίῗείας,
1688 2420 1773 2459 πότε
1801 2417 2018 2470 δυνησόμεθα
2046 2422 2158 2457 ταῦτα
2188 2423 2309 2471 μαθεῖν
2339 2423 2374 2459 ἐν

1352 2483 1459 2535 ἑτέρῳ
1478 2483 1612 2535 καιρῷ;
1644 2479 1708 2518 Διὸ
1727 2479 1936 2531 παρακαλῶ,
1963 2477 2023 2516 καὶ
2043 2477 2183 2529 δέομαι,
2201 2478 2260 2517 καὶ
2277 2481 2375 2518 ἀντι-

1353 2545 1468 2592 ὅολῶ,
1496 2541 1678 2594 μονονουχὶ
1709 2540 1768 2579 καὶ
1795 2543 1863 2578 τῶν
1893 2538 2047 2592 γονάτων
2075 2542 2172 2590 ὑμῶν
2197 2539 2374 2578 καθάπτο-

1353 2619 1428 2655 μαι,
1464 2601 1552 2652 μετὰ
1590 2599 1843 2650 συντεταμένης
1881 2598 2033 2642 διανοίας
2075 2603 2146 2641 τοῖς
2177 2598 2376 2650 λεγομένοις

1351 2663 1582 2717 προσέχιι)μεν
1592 2691 1601 2709 ,
1625 2661 1681 2700 ἵνα
1697 2658 1971 2713 καρπωσάμενοί
1988 2676 2022 2698 τι
2037 2664 2191 2711 γενναῖον
2212 2659 2271 2697 καὶ
2286 2661 2375 2711 ὑψη-

1352 2726 1431 2772 λὸν,
1462 2724 1569 2767 οὕτως
1601 2723 1717 2762 οἴκαδε
1756 2721 2013 2772 ἐπανέλθωμεν.
2059 2719 2106 2759 Τί
2133 2714 2191 2758 οὖν
2221 2722 2295 2759 ἐστι
2322 2720 2373 2769 τὸ,

1353 2786 1468 2825 Ἑπτὰ
1498 2785 1726 2835 ἐκδικούμενα
1758 2782 1952 2835 παραλύσει
1962 2798 1973 2831 3
2007 2783 2154 2836 Πρῶτον
2178 2782 2240 2834 μὲν
2261 2786 2280 2821 6
2305 2785 2373 2822 τῶν

1353 2848 1442 2886 ἑπτὰ
1476 2846 1618 2899 ἀριθμὸς
1653 2846 1711 2885 ἐπὶ
1743 2845 1895 2891 πλήθους
1923 2843 2141 2895 λαμὲάνεται
2171 2845 2205 2882 ἐν
2228 2847 2270 2897 τῇ
2300 2845 2375 2899 θεία

1352 2911 1490 2962 Γραφῇ,
1514 2909 1572 2946 καὶ
1592 2913 1691 2946 τοῦτο
1718 2908 1897 2958 πολλαχοῦ
1921 2905 2012 2958 εὕροι
2034 2921 2086 2950 τις
2104 2905 2144 2944 ἂν
2161 2905 2275 2945 ιὀὕτω
2298 2907 2374 2946 κεί-

1354 2986 1453 3022 μενον
1470 3001 1478 3018 ,
1500 2973 1545 3014 ὡς
1570 2970 1629 3017 τὸ,
1656 2968 1786 3020 Στείρα
1799 2967 1915 3006 ἔτεκεν
1932 2967 2034 3015 ἑπτὰ,
2054 2967 2113 3005 καὶ
2131 2966 2197 3006 ὅσα
2211 2971 2369 3007 τοιαῦτα.

1353 3031 1551 3070 Αἰνίττεται
1577 3029 1612 3067 δὲ
1631 3033 1715 3080 ἡμῖν
1737 3030 1885 3066 ἐνταῦθα
1901 3031 1960 3066 τοῦ
1975 3028 2202 3079 τολμήματος
2221 3029 2261 3068 τὸ
2277 3029 2374 3081 μέγε-

1352 3098 1420 3139 θος,
1439 3093 1497 3130 καὶ
1513 3092 1566 3130 ὅτι
1590 3094 1655 3144 οὐχ
1678 3090 1713 3128 ἕν
1736 3092 1808 3128 ἐστι
1824 3090 1864 3128 τὸ
1883 3088 2077 3140 ἁμάρτημα
2090 3089 2130 3127 τὸ
2146 3089 2230 3141 παρ’
2244 3090 2372 3129 ἐκείνου

1351 3156 1498 3207 γεγονὸς,
1534 3154 1612 3192 ἀλλ’
1639 3152 1728 3191 ἑπτὰ
1757 3151 2010 3205 ἁμαρτήματα,
2042 3150 2100 3188 καὶ
2136 3151 2292 3202 μεγάλην
2319 3155 2370 3205 ἐφ’

1352 3218 1487 3270 ἑκάστῳ
1516 3215 1747 3268 ἁμαρτήματι
1765 3214 1828 3261 τὴν
1847 3213 2019 3265 τιμωρίαν
2035 3213 2179 3266 ὤφειλεν
2193 3217 2370 3267 ὑποσχεῖν.

1353 3283 1433 3323 Πῶς
1448 3274 1504 3318 οἶν
1521 3278 1608 3316 αὐτὰ
1625 3275 1960 3329 ἀπαριθμησόμεθα;
1977 3275 2021 3314 Εἰ
2038 3278 2137 3314 τοῦτο
2150 3276 2372 3327 λογισόμεθα,

1411 3399 1426 3422 1,
1446 3398 1524 3438 [leg.
1545 3408 1644 3431 unus.
1664 3394 1812 3428 (iolla-rt.
1831 3406 1912 3428 imus
1930 3402 1960 3428 ct
1977 3393 2078 3428 Saxil.
2098 3395 2188 3432 οὕτως
2205 3398 2369 3438 εἰρημένον.

1367 3450 1453 3482 Alius
1469 3454 1556 3487 εἴτως
1574 3454 1815 3493 immin-‚stenw-
