2483 3791
727 225 768 255 ΙΝ
805 226 906 255 (mv.

125 312 227 367 ’ᾘδει
263 311 316 350 ὅτι
351 310 630 363 διανοιγήσονται
668 312 766 362 ὑμῶν
799 312 830 349 οἱ
861 308 1056 362 ὀφθαλμοὶ,
1093 306 1154 345 καὶ

126 373 244 412 ἔσεσθε
264 375 311 418 ὡς
339 373 430 421 θεοὶ,
450 371 678 424 γινώσκοντες
698 371 803 410 καλὸν
825 371 884 410 καὶ
913 370 1077 422 πονηρὸν,
1108 370 1152 420 τῇ

126 434 241 474 ἐλπίδι
260 438 323 481 τῆς
342 433 492 478 ἷσοθεΐας
523 433 760 486 ι’φυσηθεῖοίιι,
797 431 934 484 μεγάλα
966 426 1008 478 ἦν
1033 430 1153 469 λοιπὸν

126 496 382 549 φανταζομένη.
401 497 558 534 Τοιαῦτα
582 495 648 548 γὰρ
666 494 711 533 τὰ
733 494 829 545 παρὰ
847 496 907 531 τοῦ
928 495 1051 545 ἐχθροῦ
1080 508 1154 542 μη-

125 557 335 610 χανήματα·
366 556 448 596 ὅταν
473 559 520 601 εἰς
539 556 627 595 πολὺ
649 557 732 610 ὕψος
753 555 810 594 διὰ
827 557 890 600 τῆς
911 554 1050 600 ἀπάτης
1069 555 1153 591 ἀνα-

126 619 236 671 γάγῃ,
258 618 298 657 τὸ
323 622 514 666 τηνικαῦτα
534 620 580 662 εἷς
599 617 656 656 τὸν
685 617 792 669 βαθὺν
816 615 970 668 κρημνὸν
995 614 1153 664 κατάγει.

126 681 379 718 Φαντασθεῖσα
398 679 466 732 γὰρ
487 678 636 718 ἰσοθεῖαν
653 679 712 717 ἐπὶ
733 677 797 725 τὴν
818 677 1015 729 μετάληψιν
1035 675 1154 713 ἔσπευ-

128 743 178 789 δε,
196 741 255 780 καὶ
277 743 347 780 ἐκεῖ
362 742 482 780 λοιπὸν
500 740 608 778 ἔτεινε
628 741 689 778 καὶ
715 744 730 760 ⁰
742 740 802 778 τὸν
824 737 990 788 λογισμὸν
1011 736 1070 774 καὶ
1089 736 1152 782 τὴν

128 803 294 849 διάνοιαν,
326 802 386 840 καὶ
413 801 510 840 οὐδὲν
540 801 654 854 ἕτερον
683 799 930 853 περιεσκόπει,
948 797 971 844 ἢ
990 798 1065 841 πῶς
1089 796 1153 843 τὴν

127 863 253 901 κύλικα
283 862 412 915 ἐκπίῃ,
438 862 503 909 τὴν
530 862 628 914 παρὰ
651 866 712 900 τοῦ
731 865 884 913 πονηροῦ
904 859 1066 910 δαίμονος
1095 874 1156 896 κε-

129 929 326 977 ρασθεῐσαν.
342 924 444 963 Μετὰ
461 924 528 976 γὰρ
545 923 584 962 τὸ
600 922 760 968 δέξασθαι
780 923 838 961 τὸν
855 921 1009 974 ὀλέθριον
1027 923 1154 959 ἐκεῖνον

128 986 179 1024 ἰὸν
199 985 256 1024 διὰ
271 990 332 1034 τῆς
350 986 551 1037 συμὸουλῆς
567 989 626 1024 τοῦ
641 985 769 1036 ὄφεως,
794 983 851 1022 ῗνα
870 982 983 1034 μάθῃς
1002 983 1055 1021 ὅτι
1075 982 1156 1034 περὶ

126 1048 256 1088 τούτων
275 1049 338 1097 τὴν
362 1048 514 1096 σπουδὴν
542 1042 648 1100 εἶχεν,
668 1046 772 1085 ἄκουε
787 1048 848 1092 τῆς
870 1047 1011 1098 Γραφῆς
1028 1044 1156 1096 λεγού-

126 1126 210 1158 σης·
231 1110 301 1149 Καὶ
319 1105 406 1148 εἶδεν
426 1113 448 1157 ἡ
467 1108 552 1162 γυνὴ
573 1110 626 1147 ὅτι
645 1107 752 1147 καλὸν
770 1108 810 1146 τὸ
827 1106 924 1151 ξύλον
945 1108 992 1149 εἷς
1013 1108 1156 1158 βρῶσιν,

128 1173 188 1210 καὶ
207 1172 260 1211 ὅτι
283 1171 428 1224 ἀρεστὸν
444 1177 514 1215 τοῖς
529 1171 720 1223 ὀφθαλμοῖς
737 1170 834 1216 ἰδεῖν,
852 1167 912 1207 καὶ
931 1167 1058 1220 ὡραῖόν
1082 1169 1157 1206 ἔστι

127 1238 188 1272 τοῦ
206 1237 443 1281 κατανοῆσαι·
466 1232 526 1271 καὶ
549 1231 672 1271 ἔλαὸεν
693 1231 764 1270 ἀπὸ
785 1233 845 1268 τοῦ
871 1232 1007 1283 καρποῦ
1028 1230 1132 1267 αὐτοῦ
1146 1259 1156 1278 ‚

129 1295 190 1333 καὶ
209 1294 346 1347 ἔφαγεν.
366 1295 520 1343 Ἀληθῶς
539 1293 750 1347 Φθείρουσιν
768 1291 836 1339 ἤθη
855 1290 996 1344 χρηστὰ
1023 1289 1158 1341 ὁμιλίαι

129 1356 249 1395 κακαί.
278 1356 347 1395 Διὰ
373 1356 407 1394 τί
424 1356 492 1409 γὰρ
510 1355 580 1407 πρὸ
611 1357 674 1400 τῆς
692 1354 894 1404 συμέουλῆς
914 1356 975 1391 τοῦ
1006 1355 1159 1404 πονηροῦ

130 1416 292 1469 δαίμονος
311 1417 442 1456 ἐκείνου
473 1416 582 1468 μηδὲν
603 1420 756 1455 τοιοῦτον
777 1413 884 1452 ἔπαθε
897 1444 907 1462 ,
930 1413 1019 1465 μηδὲ
1049 1428 1158 1451 κατε-

129 1477 233 1525 νόησε
261 1479 301 1517 τὸ
328 1477 438 1527 ξύλον,
465 1477 553 1530 μηδὲ
585 1471 671 1516 εἶδεν
700 1478 805 1515 αὐτοῦ
836 1475 902 1522 τὴν
936 1475 1157 1527 ὡραιότητα;

129 1538 277 1587 Ἐπειδὴ
294 1540 457 1578 ἐδεδοίκει
480 1544 539 1578 τοῦ
558 1541 652 1578 Θεοῦ
669 1538 732 1586 τὴν
754 1537 911 1585 ἐντολὴν,
931 1537 992 1576 καὶ
1010 1536 1050 1575 τὸ
1071 1536 1159 1589 με’λ-

129 1603 187 1640 λον
208 1601 382 1652 ε’πιτίμιον
413 1601 552 1640 ἔσεσθαι
573 1602 614 1639 ἐκ
646 1603 708 1647 τῆς
732 1600 980 1652 μεταλήψεως·
1012 1598 1086 1636 νυνὶ
1122 1597 1159 1636 δὲ

129 1662 249 1710 ἐπειδὴ
279 1662 445 1710 ἠπατήθη
475 1661 573 1716 παρὰ
600 1665 661 1700 τοῦ
689 1663 842 1714 πονηροῦ
876 1661 996 1714 θηρίου
1019 1660 1159 1710 τούτου,

129 1724 182 1762 ὅτι
205 1726 243 1763 οὐ
261 1723 364 1775 μόνον
385 1728 487 1763 τοῦτο
505 1724 709 1769 πείσονται,
730 1722 821 1762 ἀλλὰ
837 1722 896 1760 καὶ
916 1721 1043 1761 ἷσόθεοι
1065 1721 1160 1761 ἔσον-

128 1801 208 1834 ται,
222 1785 300 1824 τότε
319 1785 439 1824 λοιπὸν
455 1789 477 1832 ἡ
498 1785 595 1828 ἐλπὶς
613 1788 676 1831 τ’ἧς
691 1783 911 1835 ὑποσχέσεως
930 1784 988 1822 ἐπὶ
1006 1782 1070 1830 τὴν
1099 1798 1160 1834 με-

130 1847 280 1899 τάληψιν
294 1847 400 1893 αὐτὴν
416 1846 649 1899 παρώρμησε,
661 1845 719 1883 καὶ
733 1846 797 1883 οὐκ
807 1844 1031 1896 ἀνασχομένη
1045 1850 1160 1894 μεῖναι

131 1907 268 1945 ἐπὶτῶν
280 1907 414 1945 οἰκείων
426 1906 529 1958 ὅρων,
546 1906 637 1945 ἀλλὰ
647 1906 706 1944 τὸν
718 1905 841 1958 ἐχθρὸν
853 1905 911 1943 καὶ
921 1904 1087 1956 πολέμιον
1099 1907 1162 1951 τῆς

131 1968 309 2020 σωτηρίας
323 1971 386 2015 τῆς
396 1967 572 2021 ἡμετέρας
587 1966 866 2021 ἀξιοπιστότερον
882 1960 970 2005 εἶναι
987 1965 1162 2017 νομίσασα

129 2033 199 2068 τῶν
218 2029 314 2082 παρὰ
329 2035 389 2068 τοῦ
408 2031 501 2069 Θεοῦ
526 2029 705 2083 ῥημάτων,
727 2030 898 2080 ἐμάνθανε
914 2027 971 2066 διὰ
989 2031 1050 2075 τῆς
1077 2027 1160 2066 πεί-

132 2107 194 2143 ρας
214 2093 322 2137 αὐτῆς
349 2093 425 2142 μετ’
447 2093 484 2128 οὐ
504 2090 592 2129 πολὺ
619 2092 681 2136 τῆς
700 2089 899 2140 συμὸουλῆς
924 2089 965 2127 τὸ
993 2089 1159 2142 ὀλέθριον,

129 2153 190 2190 καὶ
214 2151 277 2199 τὴν
297 2154 337 2190 ἐκ
355 2154 419 2197 τῆς
449 2150 680 2203 μεταλήψεως
707 2149 1006 2202 καταληψομένην
1034 2149 1160 2194 αὐτοὺς

129 2213 321 2267 συμφοράν.
337 2214 474 2252 ’ἰδοῦσα
492 2212 575 2265 γὰρ,
606 2212 724 2266 φησὶν,
739 2212 794 2252 ὅτι
813 2211 919 2250 καλὸν
934 2211 974 2250 τὸ
995 2210 1092 2256 ξύλον
1110 2213 1158 2256 εἷς

129 2277 260 2328 βρῶσιν
278 2275 339 2313 καὶ
364 2281 435 2318 τοῖς
453 2276 643 2328 ὀφθαλμοῖς
663 2274 807 2327 ἀρεστὸν
828 2274 926 2320 ἰδεῖν,
948 2272 1008 2312 καὶ
1027 2273 1155 2325 ὡραῖόν

127 2338 203 2374 ἐστι
226 2341 286 2376 τοῦ
306 2339 542 2384 κατανοῆσαι,
567 2335 783 2389 λογισαμένη
800 2335 886 2388 πρὸς
903 2334 1044 2384 ἑαυτὴν,
1070 2334 1156 2379 ἴσως

127 2399 168 2436 ἐκ
188 2400 250 2444 τῆς
268 2397 367 2450 παρὰ
384 2401 444 2437 τοῦ
467 2397 628 2436 διαὸόλου
646 2397 806 2444 ἀπάτης,
828 2396 870 2443 ἣν
890 2396 948 2435 διὰ
967 2401 1027 2436 τοῦ
1045 2397 1154 2450 ὄφεως

128 2461 216 2511 αὐτῇ
238 2459 477 2512 προσήγαγεν·
498 2458 554 2497 ἀεὶ
571 2459 630 2497 καὶ
651 2460 697 2503 εἷς
716 2461 846 2511 βρῶσιν
866 2459 971 2497 καλὸν
986 2459 1026 2498 τὸ
1043 2458 1152 2507 ξύλον,

128 2521 188 2559 καὶ
210 2520 289 2565 τοὺς
305 2520 502 2574 ὀφθαλμοὺς
520 2520 610 2559 οὕτω
624 2520 764 2572 τέρπειν
782 2519 938 2566 δύναται,
951 2519 1010 2558 καὶ
1026 2520 1152 2573 ὡραιό-

126 2598 190 2630 της
215 2582 268 2626 τίς
295 2584 388 2621 ἐστιν
417 2582 545 2636 ἄφατος
574 2585 608 2621 ἐν
641 2584 757 2634 αὐτῷ,
785 2581 936 2635 παρέχει
956 2581 991 2620 δὲ
1012 2585 1098 2633 ἡμῖν
1128 2585 1150 2629 ἡ

126 2644 248 2683 τούτου
274 2644 467 2697 μετάληψις
494 2644 554 2683 καὶ
577 2643 640 2691 τὴν
668 2643 837 2682 ἀνωτάτω
864 2643 985 2694 τιμὴν,
1008 2644 1067 2682 καὶ
1086 2642 1151 2691 τὴν

126 2705 234 2753 αὐτὴν
263 2705 359 2751 ἀξίαν
385 2708 436 2758 τῷ
462 2706 662 2758 δημιουργῷ
693 2704 827 2756 ἕξομεν,
855 2704 946 2748 τίνος
971 2703 1086 2742 ἕνεκεν
1111 2707 1150 2743 οὗ

126 2768 399 2820 μεταληψόμεθα
417 2767 559 2815 τούτους

126 2889 188 2927 καὶ
207 2889 357 2942 ὑπέσυρε
377 2889 435 2927 τὸν
459 2890 640 2941 λογισμὸν,
665 2889 725 2928 καὶ
749 2889 989 2941 παρεσκεύασε
1010 2889 1150 2939 μείζονα

125 2953 189 2997 τῆς
207 2950 336 2993 οἰκείας
356 2949 452 2994 ἀξίας
473 2954 666 3002 φρονῆσαι,
682 2949 739 2988 ἵνα
758 2955 872 2994 κεναῖς
891 2949 1009 2988 ἐλπίσι
1027 2964 1150 3001 φυσω-

127 3011 214 3062 μένη
228 3010 358 3063 ἐκπέσῃ
371 3010 429 3048 καὶ
442 3013 510 3049 τῶν
524 3010 591 3059 ἤδη
606 3011 919 3064 παρασχεθέντωη
934 3011 1003 3050 Καὶ
1021 3010 1125 3049 ἔλαὸε
1138 3041 1149 3059 ,

126 3073 244 3124 φησὶν,
264 3072 333 3111 ἀπὸ
347 3075 406 3110 τοῦ
426 3075 562 3124 καρποῦ
590 3075 715 3121 αὐτοῦ,
738 3073 797 3112 καὶ
817 3073 942 3126 ἔφαγε·
961 3073 1020 3111 καὶ
1041 3072 1149 3110 ἔδωκε

127 3134 188 3173 καὶ
211 3138 261 3188 τῷ
286 3134 385 3186 ἀνδρὶ
407 3136 512 3180 αὐτῆς
528 3163 538 3182 ,
561 3134 620 3172 καὶ
640 3134 784 3187 ἔφαγον·
815 3135 874 3172 καὶ
901 3134 1149 3186 διηνοίχθησαν

128 3197 240 3234 αὐτῶν
268 3198 299 3234 οἱ
329 3195 523 3248 ὀφθαλμοὶ,
542 3195 601 3233 καὶ
620 3194 787 3248 ἔγνωσαν,
814 3196 866 3234 ὅτι
891 3194 1016 3247 γυμνοὶ
1046 3189 1150 3242 ἦσαν.

170 3320 188 3345 b
203 3319 284 3363 Reg.
300 3330 384 3352 unus
408 3326 444 3351 et
458 3318 560 3352 Savil.
579 3325 737 3366 ςυςηθεῖσπ
749 3325 821 3365 πρὸς
834 3323 956 3363 μεγάλα
973 3323 1084 3354 λοιπόν.

127 3371 188 3405 Alii
207 3377 362 3417 ῗυσηθὲὶσα
376 3377 425 3405 καὶ
441 3375 573 3413 μεγάλα.

172 3431 184 3444 ”
199 3422 334 3457 Coisfin.
352 3428 401 3457 τὸν
423 3426 622 3467 διαλογισμὸν.
645 3423 737 3456 Infra
754 3422 902 3456 Colbert.
923 3435 1004 3457 unus
1024 3425 1129 3466 δαίμο-

947 223 996 254 11.
1035 220 1197 253 GENES.

179 2823 280 2872 Εἶδες
293 2831 368 2872 πῶς
389 2828 496 2875 αὐτὴν
512 2828 739 2881 αἰχμάλωτον
758 2831 776 2866 ὃ
789 2827 949 2870 διάὸολος
967 2825 1149 2878 ἀπήγαγε,
1161 2803 1208 2871 ἷξε

1237 221 1400 252 uomit..
1440 221 1536 252 xvi.
2091 209 2167 255 151

1225 305 1385 358 ipsorum
1419 304 1628 358 aperiendos
1640 334 1650 354 ‚
1684 317 1813 355 eosque
1842 305 1934 344 sicut
1966 305 2049 344 deos
2082 309 2156 345 sore
2168 339 2177 354 ‚

1226 367 1374 406 scientes
1396 367 1533 406 bonum
1554 375 1587 405 et
1611 366 1746 404 malum
1764 383 1772 403 :
1790 366 1960 417 aequanda
1978 366 2179 407 divinitatis

1226 443 1288 481 spe
1306 429 1441 478 inflata,
1460 441 1588 480 magna
1607 427 1773 480 quaedam
1802 442 1920 467 secum
1942 428 2175 481 concipiebat.

1227 490 1334 529 Tales
1371 490 1465 529 enim
1506 498 1590 528 sunt
1626 488 1905 527 machinationes
1949 489 2102 540 inimici,
2140 500 2180 528 ut

1229 551 1373 603 quando
1392 567 1455 604 per
1473 551 1763 603 deceptionernin
1784 550 1939 589 sublime
1953 550 2180 601 subduxerit,

1228 611 1373 649 tandem
1395 620 1430 649 ct
1452 611 1486 649 in
1506 610 1726 663 profundum
1750 625 1814 663 per
1840 625 1994 664 praeceps
2020 612 2178 664 dejiciat.

1228 672 1346 724 Igitur
1364 681 1404 710 ut
1422 672 1595 722 :rqualem
1606 686 1642 709 sc
1658 672 1732 709 sore
1753 673 1827 710 Deo
1846 672 2041 723 imaginata
2057 681 2121 721 est,
2132 673 2182 711 ad

1228 747 1329 771 esum
1342 732 1560 785 properavit,
1581 741 1615 770 et
1634 732 1721 769 illuc
1749 741 1869 784 postea
1893 733 1975 771 fixit
1991 742 2025 772 et
2043 733 2183 785 cogita-

1228 794 1362 832 tionem
1384 803 1418 831 et
1445 802 1600 831 mentem
1623 808 1631 828 :
1651 802 1685 830 et
1704 793 1796 830 nihil
1817 793 1916 831 aliud
1937 795 2184 834 considerabat

1231 869 1339 906 quam
1351 863 1390 892 ut
1409 853 1557 892 calicem
1568 868 1588 891 a
1604 853 1759 905 maligno
1775 852 1936 893 daemone
1948 864 2183 908 temperatum

1230 925 1401 969 epotaret.
1425 916 1519 954 Nam
1536 914 1633 966 qnod
1651 923 1794 967 accepto
1814 915 2012 968 pernicioso
2031 917 2094 955 illo
2113 933 2186 956 ser-

1231 978 1369 1032 pentini
1383 977 1522 1016 consilii
1541 990 1698 1026 veneno,
1712 976 1783 1014 tale
1802 976 1871 1029 ipsi
1887 977 2047 1016 studium
2066 979 2185 1027 suerit,

1231 1039 1318 1077 audi
1337 1039 1563 1092 Scripturam
1576 1037 1752 1076 dicentem
1775 1053 1784 1075 :
1802 1040 1838 1077 6.
1855 1040 2023 1079 Ecvidit
2049 1041 2188 1079 mulier

1232 1101 1338 1153 quod
1352 1103 1495 1139 bonum
1510 1108 1609 1139 esset
1627 1100 1775 1152 lignum
1796 1100 1851 1138 ad
1870 1102 2119 1149 vescendum,
2151 1112 2187 1141 ec

1229 1171 1386 1215 gratum
1396 1162 1519 1200 oculis
1531 1162 1586 1199 ad
1596 1161 1824 1209 videndum,
1830 1162 2124 1215 formosumque
2135 1164 2189 1202 acl

1231 1224 1577 1275 contemplandum
1590 1238 1601 1260 :
1611 1231 1648 1262 et
1661 1225 1810 1274 accepit
1825 1223 1873 1260 de
1874 1224 2019 1276 fructu
2032 1224 2140 1262 illius
2151 1233 2190 1262 et

1232 1285 1509 1326 comedit.Vere
1522 1285 1782 1336 Corrumpunt
1794 1285 1913 1323 bonos
1929 1298 2053 1323 mores
2068 1285 2190 1323 collo-

1233 1349 1328 1400 quia
1347 1360 1487 1398 prava.
1509 1345 1631 1392 Quare
1652 1345 1747 1383 enim
1767 1358 1836 1383 non
1863 1354 1945 1383 ante
1968 1345 2189 1386 diabolicum

1233 1407 1423 1447 consilium
1440 1407 1495 1445 illi
1513 1407 1584 1445 tale
1602 1406 1689 1459 quid
1707 1406 1744 1445 in
1758 1416 1913 1445 mentem
1931 1408 2043 1458 venit,
2064 1422 2128 1447 nec
2143 1409 2191 1447 li-

1233 1483 1345 1522 gnum
1360 1469 1429 1508 hoc
1445 1468 1699 1520 consideravit,
1714 1482 1778 1507 nee
1795 1469 1870 1521 ejus
1885 1468 2191 1521 pulchritudinem

1233 1529 1352 1570 vidit?
1371 1530 1466 1577 Quia
1491 1529 1639 1568 timebat
1665 1528 1874 1568 mandatum
1903 1529 1986 1581 Dei,
2010 1539 2043 1568 et
2063 1531 2190 1570 subsc—

1233 1601 1432 1643 quuturum
1448 1606 1493 1630 ex
1511 1605 1572 1630 esu
1589 1591 1808 1643 supplicium
1825 1607 1833 1628 :
1849 1604 1943 1629 nunc
1961 1600 2080 1630 autem
2094 1601 2191 1645 post-

1234 1668 1343 1705 quam
1362 1668 1382 1692 a
1400 1653 1494 1691 mala
1512 1653 1581 1691 hac
1601 1653 1713 1691 bestia
1733 1651 1880 1705 decepta
1899 1661 1966 1704 est,
1985 1653 2035 1691 ita
2057 1662 2097 1692 ut
2116 1668 2191 1692 cre-

1232 1714 1332 1753 deret
1350 1729 1420 1754 non
1440 1714 1556 1754 solum
1575 1714 1670 1753 nihil
1686 1713 1810 1752 damni
1830 1714 1914 1753 hine
1932 1729 2112 1767 passuros,
2127 1716 2192 1754 scd

1232 1785 1267 1814 et
1292 1778 1370 1815 Deo
1398 1776 1548 1827 aequales
1575 1789 1650 1814 esse
1681 1776 1845 1823 futuros,
1865 1785 1950 1814 tune
1978 1776 2078 1814 illam
2112 1791 2192 1829 spes

1232 1836 1479 1889 promissionis
1490 1837 1535 1875 ad
1545 1836 1761 1875 sumendum
1772 1837 1894 1875 eibum
1906 1837 2053 1889 impulit
2062 1853 2070 1874 τ
2079 1852 2192 1889 neque

1234 1897 1327 1936 intra
1350 1912 1432 1936 suos
1447 1897 1578 1936 limites
1598 1906 1775 1945 contenta,
1795 1897 1858 1936 sed
1881 1897 2026 1936 inimico
2045 1907 2079 1936 et
2096 1898 2190 1937 hosti

1235 1959 1360 1997 salutis
1377 1968 1505 1998 nostrae
1518 1959 1691 2011 majorem
1706 1958 1816 1996 fidem
1831 1958 1980 2008 habens,
1991 1974 2099 2011 quam
2110 1974 2191 1999 ver-

1233 2019 1290 2058 bis
1309 2020 1378 2058 Dei
1399 2036 1407 2057 z
1428 2020 1646 2073 experientia
1663 2034 1725 2058 sua
1745 2033 1815 2057 non
1834 2020 1949 2058 multo
1963 2030 2044 2073 post
2058 2020 2190 2061 didicit

1233 2082 1373 2120 consilii
1388 2081 1594 2135 perniciem,
1610 2090 1644 2119 et
1663 2089 1796 2131 quanta
1814 2080 1999 2120 calamitas
2017 2082 2111 2135 ipsos
2126 2082 2188 2122 de-

1231 2143 1451 2195 prehensura
1478 2151 1578 2181 esset.
1599 2143 1694 2181 Nam
1725 2143 1778 2180 Ut
1803 2143 1919 2192 vidit,
1932 2142 2064 2194 inquit,
2084 2147 2189 2197 quod

1231 2205 1380 2257 lignum
1398 2213 1497 2243 esset
1522 2207 1663 2242 bonum
1682 2204 1737 2242 ad
1754 2205 2005 2253 vescendum,
2026 2214 2063 2243 et
2083 2209 2190 2260 quod

1229 2266 1352 2304 oczth's
1368 2275 1524 2318 gratum
1541 2266 1596 2304 ad
1612 2265 1844 2314 videndum,
1860 2266 2122 2318 etformosum
2133 2269 2189 2306 ad

1229 2328 1586 2380 contemplandum,
1601 2325 1771 2378 cogitavit
1787 2340 1918 2375 seeum,
1938 2327 2028 2366 forte
2042 2342 2084 2366 ex
2105 2328 2184 2366 dia-

1227 2389 1302 2428 boli
1316 2389 1538 2442 deceptione,
1560 2402 1667 2439 quam
1685 2401 1749 2440 per
1767 2396 1963 2440 serpentem
1985 2388 2046 2427 ille
2058 2390 2183 2427 affere—

1225 2451 1287 2490 bat
1307 2467 1315 2488 :
1337 2450 1377 2490 Si
1397 2459 1431 2489 et
1451 2449 1498 2488 ad
1516 2447 1731 2488 vescendum
1747 2448 1883 2487 bonum
1903 2458 1954 2487 est
1972 2449 2126 2501 lignum,
2148 2460 2182 2489 et

1225 2513 1256 2552 si
1275 2521 1415 2551 tantum
1432 2511 1553 2550 oeulos
1573 2510 1751 2548 oblectare
1765 2519 1894 2562 potest,
1913 2520 1948 2549 et
1966 2511 2178 2564 pulchritu-

1225 2574 1308 2613 dine
1320 2573 1513 2627 praeditum
1528 2581 1579 2610 est
1591 2571 1780 2619 ineffabili,
1792 2571 1822 2609 si
1838 2571 1943 2610 etiam
1959 2573 2034 2623 ejus
2048 2573 2178 2611 sumtio

1224 2649 1407 2675 summum
1422 2633 1524 2672 nobis
1538 2631 1713 2685 praebebit
1724 2632 1906 2679 honorem,
1917 2641 1950 2670 et
1965 2632 2177 2672 habebimus

1223 2697 1386 2737 eamdem
1403 2709 1512 2747 quam
1534 2693 1707 2733 Conditor
1728 2692 1954 2745 dignitatem,
1976 2708 2087 2745 quare
2106 2694 2176 2735 rion

1223 2768 1442 2796 sumeremus
1461 2753 1506 2791 de
1525 2752 1592 2790 eo?

1275 2825 1312 2863 4.
1342 2821 1481 2863 Vidisti
1498 2819 1678 2872 quomodo
1697 2819 1798 2858 illam
1812 2819 1978 2859 diabolus
1994 2821 2173 2875 captivam

1220 2885 1341 2936 duxit,
1355 2893 1387 2923 et
1399 2882 1522 2921 allexit
1538 2880 1766 2920 ratiocinium
1776 2881 1865 2933 ejus,
1875 2881 2027 2934 fecitque
2040 2892 2078 2921 ut
2093 2898 2172 2935 quae

1221 2961 1330 3000 snpra
1344 2959 1446 2984 suam
1460 2942 1671 2994 dignitatem
1693 2950 1791 2979 erant
1801 2956 1922 2995 sapere
1934 2943 2172 2995 auderet,quo

1219 3009 1343 3047 inflata
1371 3020 1432 3059 spe
1451 3018 1557 3053 vana,
1579 3003 1626 3040 ab
1645 3002 1702 3041 his
1727 3017 1865 3054 quoque
1891 3018 1969 3055 quae
1995 3005 2065 3057 ipsi
2088 3019 2172 3044 con-

1219 3085 1317 3110 cessa
1349 3077 1449 3107 erant
1479 3064 1685 3104 excideret?
1703 3065 1758 3103 Et
1785 3068 1934 3117 accepit
1961 3067 2008 3104 de
2039 3067 2173 3117 fructu

1221 3133 1343 3177 illius,
1368 3139 1405 3168 et
1430 3128 1595 3168 comedit
1613 3142 1624 3163 .·
1642 3134 1679 3164 et
1695 3126 1800 3164 dedit
1836 3129 1953 3165 etiam
1978 3130 2067 3165 viro
2085 3142 2168 3174 5110,

1221 3202 1258 3232 et
1277 3190 1524 3230 comederunt
1542 3203 1551 3224 :
1568 3187 1605 3225 7.
1623 3195 1659 3225 et
1682 3189 1808 3238 aperti
1835 3196 1925 3226 sunt
1959 3189 2061 3226 oculi
2083 3189 2171 3226 illo-

1165 3333 1210 3356 νος
1226 3319 1471 3361 κάτειμι-(σθεῖσαν
1484 3319 1577 3356 μετά.

1209 3370 1222 3388 d
1239 3373 1274 3402 132
1294 3367 1387 3398 deest
1409 3366 1443 3397 iu
1466 3362 1665 3407 quibusdam
1681 3362 1774 3406 Mss.3
1792 3363 1935 3408 itemque
1958 3371 2071 3411 ἄρκτος
2087 3364 2171 3398 infra

1164 3433 1180 3453 a
1199 3419 1396 3463 quibusdam
1413 3414 1518 3448 abest.

2207 1287 2390 1318 1.Cor.15.

2204 1331 2255 1361 33.
