<?xml version="1.0" encoding="UTF-8"?>
<!DOCTYPE html PUBLIC "-//W3C//DTD XHTML 1.0 Transitional//EN"
    "http://www.w3.org/TR/xhtml1/DTD/xhtml1-transitional.dtd">
<html xmlns="http://www.w3.org/1999/xhtml" xml:lang="en" lang="en">
 <head>
  <title>
</title>
<meta http-equiv="Content-Type" content="text/html;charset=utf-8" />
  <meta name='ocr-system' content='tesseract 3.04.00' />
  <meta name='ocr-capabilities' content='ocr_page ocr_carea ocr_par ocr_line ocrx_word'/>
</head>
<body>
  <div class='ocr_page' id='page_1' title='image "./operaomniaquaeex04johnuoft/operaomniaquaeex04johnuoft_0690.png"; bbox 0 0 2516 3791; ppageno 0'>
   <div class='ocr_carea' id='block_1_1' title="bbox 264 137 356 199">
    <p class='ocr_par' dir='ltr' id='par_1_1' title="bbox 264 137 356 199">
     <span class='ocr_line' id='line_1_1' title="bbox 264 137 356 199; baseline 0.033 -20"><span class='ocrx_word' id='word_1_1' title='bbox 264 137 356 199; x_wconf 74' lang='lat'>670</span> 
     </span>
    </p>
   </div>
   <div class='ocr_carea' id='block_1_2' title="bbox 262 228 1214 709">
    <p class='ocr_par' dir='ltr' id='par_1_2' title="bbox 262 228 1214 709">
     <span class='ocr_line' id='line_1_2' title="bbox 263 228 1212 284; baseline -0.002 -14"><span class='ocrx_word' id='word_1_2' title='bbox 263 248 331 284; x_wconf 88' lang='lat' dir='ltr'>quc</span> <span class='ocrx_word' id='word_1_3' title='bbox 342 235 506 272; x_wconf 86' lang='lat' dir='ltr'>futurum</span> <span class='ocrx_word' id='word_1_4' title='bbox 521 248 605 283; x_wconf 87' lang='lat' dir='ltr'>esse,</span> <span class='ocrx_word' id='word_1_5' title='bbox 620 243 659 272; x_wconf 86' lang='lat' dir='ltr'>ut</span> <span class='ocrx_word' id='word_1_6' title='bbox 671 249 741 273; x_wconf 93' lang='lat' dir='ltr'>non</span> <span class='ocrx_word' id='word_1_7' title='bbox 756 235 873 273; x_wconf 90' lang='lat' dir='ltr'>solum</span> <span class='ocrx_word' id='word_1_8' title='bbox 886 248 956 272; x_wconf 90' lang='lat' dir='ltr'>non</span> <span class='ocrx_word' id='word_1_9' title='bbox 969 231 1132 277; x_wconf 85' lang='lat' dir='ltr'>delearis,</span> <span class='ocrx_word' id='word_1_10' title='bbox 1149 228 1212 277; x_wconf 70' lang='lat' dir='ltr'>sed</span> 
     </span>
     <span class='ocr_line' id='line_1_3' title="bbox 262 289 1211 333; baseline -0.004 -2"><span class='ocrx_word' id='word_1_11' title='bbox 262 303 294 331; x_wconf 89' lang='lat' dir='ltr'>et</span> <span class='ocrx_word' id='word_1_12' title='bbox 302 303 341 332; x_wconf 91' lang='lat' dir='ltr'>tu</span> <span class='ocrx_word' id='word_1_13' title='bbox 352 303 385 332; x_wconf 89' lang='lat' dir='ltr'>et</span> <span class='ocrx_word' id='word_1_14' title='bbox 395 308 512 332; x_wconf 87' lang='lat' dir='ltr'>semen</span> <span class='ocrx_word' id='word_1_15' title='bbox 520 303 624 332; x_wconf 89' lang='lat' dir='ltr'>tuum</span> <span class='ocrx_word' id='word_1_16' title='bbox 631 309 770 333; x_wconf 86' lang='lat' dir='ltr'>omnem</span> <span class='ocrx_word' id='word_1_17' title='bbox 781 304 911 332; x_wconf 89' lang='lat' dir='ltr'>terram</span> <span class='ocrx_word' id='word_1_18' title='bbox 922 294 1014 330; x_wconf 88' lang='lat' dir='ltr'>hanc</span> <span class='ocrx_word' id='word_1_19' title='bbox 1024 292 1060 329; x_wconf 92' lang='lat' dir='ltr'>in</span> <span class='ocrx_word' id='word_1_20' title='bbox 1071 289 1211 328; x_wconf 86' lang='lat' dir='ltr'>heredi-</span> 
     </span>
     <span class='ocr_line' id='line_1_4' title="bbox 262 349 1210 407; baseline -0.006 -14"><span class='ocrx_word' id='word_1_21' title='bbox 262 363 371 393; x_wconf 82' lang='lat' dir='ltr'><strong>tatem</strong></span> <span class='ocrx_word' id='word_1_22' title='bbox 379 355 573 407; x_wconf 81' lang='lat' dir='ltr'>accipiatis.</span> <span class='ocrx_word' id='word_1_23' title='bbox 587 355 634 393; x_wconf 84' lang='lat' dir='ltr'>Et</span> <span class='ocrx_word' id='word_1_24' title='bbox 650 356 752 393; x_wconf 86' lang='lat' dir='ltr'>factis</span> <span class='ocrx_word' id='word_1_25' title='bbox 767 355 798 392; x_wconf 90' lang='lat' dir='ltr'>ei</span> <span class='ocrx_word' id='word_1_26' title='bbox 814 352 1109 406; x_wconf 84' lang='lat' dir='ltr'>promissionibus</span> <span class='ocrx_word' id='word_1_27' title='bbox 1122 349 1210 398; x_wconf 88' lang='lat' dir='ltr'>istis,</span> 
     </span>
     <span class='ocr_line' id='line_1_5' title="bbox 265 411 1210 461; baseline -0.005 -8"><span class='ocrx_word' id='word_1_28' title='bbox 265 417 326 453; x_wconf 76' lang='lat'>15.</span> <span class='ocrx_word' id='word_1_29' title='bbox 342 416 535 454; x_wconf 80' lang='lat' dir='ltr'>Ascendit</span> <span class='ocrx_word' id='word_1_30' title='bbox 556 417 662 453; x_wconf 85' lang='lat' dir='ltr'>Deus</span> <span class='ocrx_word' id='word_1_31' title='bbox 679 417 728 452; x_wconf 86' lang='lat' dir='ltr'>ab</span> <span class='ocrx_word' id='word_1_32' title='bbox 743 427 800 461; x_wconf 87' lang='lat' dir='ltr'>eo,</span> <span class='ocrx_word' id='word_1_33' title='bbox 819 428 866 451; x_wconf 72' lang='lat' dir='ltr'>ex</span> <span class='ocrx_word' id='word_1_34' title='bbox 889 414 972 451; x_wconf 85' lang='lat' dir='ltr'>loco</span> <span class='ocrx_word' id='word_1_35' title='bbox 994 414 1059 450; x_wconf 84' lang='lat' dir='ltr'>ubi</span> <span class='ocrx_word' id='word_1_36' title='bbox 1079 419 1136 450; x_wconf 84' lang='lat' dir='ltr'>est</span> <span class='ocrx_word' id='word_1_37' title='bbox 1155 411 1210 448; x_wconf 89' lang='lat' dir='ltr'>lo-</span> 
     </span>
     <span class='ocr_line' id='line_1_6' title="bbox 263 474 1212 528; baseline -0.004 -14"><span class='ocrx_word' id='word_1_38' title='bbox 263 485 407 528; x_wconf 82' lang='lat' dir='ltr'>quutus</span> <span class='ocrx_word' id='word_1_39' title='bbox 421 490 507 514; x_wconf 86' lang='lat' dir='ltr'>cum</span> <span class='ocrx_word' id='word_1_40' title='bbox 520 476 603 513; x_wconf 83' lang='lat' dir='ltr'>illo.</span> <span class='ocrx_word' id='word_1_41' title='bbox 625 474 722 513; x_wconf 83' lang='lat' dir='ltr'>Vide</span> <span class='ocrx_word' id='word_1_42' title='bbox 733 483 907 525; x_wconf 89' lang='lat' dir='ltr'>quantum</span> <span class='ocrx_word' id='word_1_43' title='bbox 924 481 1158 525; x_wconf 82' lang='lat' dir='ltr'><strong>attemperant</strong></span> <span class='ocrx_word' id='word_1_44' title='bbox 1176 486 1212 510; x_wconf 88' lang='lat' dir='ltr'>se</span> 
     </span>
     <span class='ocr_line' id='line_1_7' title="bbox 263 533 1211 587; baseline -0.003 -13"><span class='ocrx_word' id='word_1_45' title='bbox 263 545 388 574; x_wconf 81' lang='lat' dir='ltr'>nostrae</span> <span class='ocrx_word' id='word_1_46' title='bbox 407 535 604 573; x_wconf 81' lang='lat' dir='ltr'>infirmitati</span> <span class='ocrx_word' id='word_1_47' title='bbox 618 535 750 573; x_wconf 85' lang='lat' dir='ltr'>divinae</span> <span class='ocrx_word' id='word_1_48' title='bbox 768 535 960 587; x_wconf 84' lang='lat' dir='ltr'>Scripturae</span> <span class='ocrx_word' id='word_1_49' title='bbox 978 534 1098 574; x_wconf 83' lang='lat' dir='ltr'>verba.</span> <span class='ocrx_word' id='word_1_50' title='bbox 1119 533 1211 572; x_wconf 86' lang='lat' dir='ltr'>Ad-</span> 
     </span>
     <span class='ocr_line' id='line_1_8' title="bbox 263 595 1213 647; baseline -0.002 -12"><span class='ocrx_word' id='word_1_51' title='bbox 263 598 410 635; x_wconf 80' lang='lat' dir='ltr'>scendit</span> <span class='ocrx_word' id='word_1_52' title='bbox 429 599 544 643; x_wconf 82' lang='lat' dir='ltr'>enim,</span> <span class='ocrx_word' id='word_1_53' title='bbox 563 596 690 647; x_wconf 81' lang='lat' dir='ltr'>inquit,</span> <span class='ocrx_word' id='word_1_54' title='bbox 707 598 813 635; x_wconf 83' lang='lat' dir='ltr'>Deus</span> <span class='ocrx_word' id='word_1_55' title='bbox 833 599 882 634; x_wconf 88' lang='lat' dir='ltr'>ab</span> <span class='ocrx_word' id='word_1_56' title='bbox 898 610 942 634; x_wconf 86' lang='lat' dir='ltr'>eo</span> <span class='ocrx_word' id='word_1_57' title='bbox 958 612 969 633; x_wconf 91' lang='grc'>.·</span> <span class='ocrx_word' id='word_1_58' title='bbox 988 609 1058 634; x_wconf 90' lang='lat' dir='ltr'>non</span> <span class='ocrx_word' id='word_1_59' title='bbox 1078 605 1117 633; x_wconf 91' lang='lat' dir='ltr'>ut</span> <span class='ocrx_word' id='word_1_60' title='bbox 1135 595 1213 634; x_wconf 81' lang='lat' dir='ltr'>loco</span> 
     </span>
     <span class='ocr_line' id='line_1_9' title="bbox 263 655 1214 709; baseline -0.001 -15"><span class='ocrx_word' id='word_1_61' title='bbox 263 655 425 694; x_wconf 78' lang='lat' dir='ltr'>concludi</span> <span class='ocrx_word' id='word_1_62' title='bbox 436 656 678 695; x_wconf 81' lang='lat' dir='ltr'>existimemus</span> <span class='ocrx_word' id='word_1_63' title='bbox 691 658 819 705; x_wconf 89' lang='lat' dir='ltr'>Deum,</span> <span class='ocrx_word' id='word_1_64' title='bbox 833 656 894 695; x_wconf 88' lang='lat' dir='ltr'>sed</span> <span class='ocrx_word' id='word_1_65' title='bbox 906 666 944 695; x_wconf 86' lang='lat' dir='ltr'>ut</span> <span class='ocrx_word' id='word_1_66' title='bbox 957 671 1018 709; x_wconf 89' lang='lat' dir='ltr'>per</span> <span class='ocrx_word' id='word_1_67' title='bbox 1026 656 1096 695; x_wconf 88' lang='lat' dir='ltr'>hoc</span> <span class='ocrx_word' id='word_1_68' title='bbox 1108 656 1214 694; x_wconf 78' lang='lat' dir='ltr'>etiam</span> 
     </span>
    </p>
   </div>
   <div class='ocr_carea' id='block_1_3' title="bbox 263 717 1261 770">
    <p class='ocr_par' dir='ltr' id='par_1_3' title="bbox 263 717 1261 770">
     <span class='ocr_line' id='line_1_10' title="bbox 263 717 1261 770; baseline -0.001 -15"><span class='ocrx_word' id='word_1_69' title='bbox 263 718 338 769; x_wconf 86' lang='lat' dir='ltr'>ejus</span> <span class='ocrx_word' id='word_1_70' title='bbox 359 717 575 754; x_wconf 80' lang='lat' dir='ltr'>ineffabilem</span> <span class='ocrx_word' id='word_1_71' title='bbox 594 717 772 756; x_wconf 88' lang='lat' dir='ltr'>discamus</span> <span class='ocrx_word' id='word_1_72' title='bbox 789 718 1011 756; x_wconf 87' lang='lat' dir='ltr'>clementiam</span> <span class='ocrx_word' id='word_1_73' title='bbox 1030 734 1037 754; x_wconf 74' lang='grc' dir='ltr'><strong><em>ε</em></strong></span> <span class='ocrx_word' id='word_1_74' title='bbox 1057 717 1214 770; x_wconf 85' lang='lat' dir='ltr'>Spiritus</span> <span class='ocrx_word' id='word_1_75' title='bbox 1238 730 1261 759; x_wconf 78' lang='grc' dir='ltr'>Ε</span> 
     </span>
    </p>
   </div>
   <div class='ocr_carea' id='block_1_4' title="bbox 264 778 1215 829">
    <p class='ocr_par' dir='ltr' id='par_1_4' title="bbox 264 778 1215 829">
     <span class='ocr_line' id='line_1_11' title="bbox 264 778 1215 829; baseline -0.001 -12"><span class='ocrx_word' id='word_1_76' title='bbox 264 779 356 817; x_wconf 88' lang='lat' dir='ltr'>enim</span> <span class='ocrx_word' id='word_1_77' title='bbox 373 778 485 829; x_wconf 80' lang='lat' dir='ltr'>gratia</span> <span class='ocrx_word' id='word_1_78' title='bbox 497 793 532 816; x_wconf 88' lang='lat' dir='ltr'>se</span> <span class='ocrx_word' id='word_1_79' title='bbox 544 779 591 816; x_wconf 86' lang='lat' dir='ltr'>ad</span> <span class='ocrx_word' id='word_1_80' title='bbox 603 778 846 817; x_wconf 84' lang='lat' dir='ltr'>infirmitatem</span> <span class='ocrx_word' id='word_1_81' title='bbox 857 789 1014 817; x_wconf 87' lang='lat' dir='ltr'>nostram</span> <span class='ocrx_word' id='word_1_82' title='bbox 1026 779 1215 817; x_wconf 79' lang='lat' dir='ltr'>demittens</span> 
     </span>
    </p>
   </div>
   <div class='ocr_carea' id='block_1_5' title="bbox 73 839 1214 889">
    <p class='ocr_par' dir='ltr' id='par_1_5' title="bbox 73 839 1214 889">
     <span class='ocr_line' id='line_1_12' title="bbox 73 839 1214 889; baseline -0.002 -10"><span class='ocrx_word' id='word_1_83' title='bbox 73 839 385 885; x_wconf 69' lang='lat' dir='ltr'>Descendereomnla</span> <span class='ocrx_word' id='word_1_84' title='bbox 402 853 544 876; x_wconf 87' lang='lat' dir='ltr'>narrare</span> <span class='ocrx_word' id='word_1_85' title='bbox 563 839 659 877; x_wconf 84' lang='lat' dir='ltr'>solet.</span> <span class='ocrx_word' id='word_1_86' title='bbox 681 840 901 878; x_wconf 84' lang='lat' dir='ltr'>Descendere</span> <span class='ocrx_word' id='word_1_87' title='bbox 920 841 1026 889; x_wconf 84' lang='lat' dir='ltr'>enim,</span> <span class='ocrx_word' id='word_1_88' title='bbox 1047 849 1080 878; x_wconf 87' lang='lat' dir='ltr'>et</span> <span class='ocrx_word' id='word_1_89' title='bbox 1094 853 1214 877; x_wconf 89' lang='lat' dir='ltr'>ascen-</span> 
     </span>
    </p>
   </div>
   <div class='ocr_carea' id='block_1_6' title="bbox 67 900 1215 968">
    <p class='ocr_par' dir='ltr' id='par_1_6' title="bbox 67 900 1215 968">
     <span class='ocr_line' id='line_1_13' title="bbox 67 900 1215 968; baseline -0.002 -29"><span class='ocrx_word' id='word_1_90' title='bbox 67 941 105 968; x_wconf 81' lang='lat' dir='ltr'>de</span> <span class='ocrx_word' id='word_1_91' title='bbox 125 951 139 967; x_wconf 61' lang='lat' dir='ltr'>e</span> <span class='ocrx_word' id='word_1_92' title='bbox 158 909 254 967; x_wconf 50' lang='grc' dir='ltr'>Ξῗῐῖῗξ-</span> <span class='ocrx_word' id='word_1_93' title='bbox 267 901 360 945; x_wconf 86' lang='lat' dir='ltr'>dcre‚</span> <span class='ocrx_word' id='word_1_94' title='bbox 379 900 568 951; x_wconf 82' lang='lat' dir='ltr'>indignum</span> <span class='ocrx_word' id='word_1_95' title='bbox 593 902 667 938; x_wconf 92' lang='lat' dir='ltr'>Deo</span> <span class='ocrx_word' id='word_1_96' title='bbox 688 910 753 949; x_wconf 78' lang='lat' dir='ltr'>est;</span> <span class='ocrx_word' id='word_1_97' title='bbox 770 901 831 939; x_wconf 89' lang='lat' dir='ltr'>sed</span> <span class='ocrx_word' id='word_1_98' title='bbox 846 902 929 952; x_wconf 89' lang='lat' dir='ltr'>quia</span> <span class='ocrx_word' id='word_1_99' title='bbox 946 901 1144 938; x_wconf 79' lang='lat' dir='ltr'>maximum</span> <span class='ocrx_word' id='word_1_100' title='bbox 1163 908 1215 938; x_wconf 88' lang='lat' dir='ltr'>est</span> 
     </span>
     <span class='ocr_line' id='line_1_14' title="bbox 110 952 276 967; baseline 0 -1"><span class='ocrx_word' id='word_1_101' title='bbox 110 952 122 966; x_wconf 81' lang='grc' dir='ltr'><strong>Γ</strong></span> <span class='ocrx_word' id='word_1_102' title='bbox 209 957 216 967; x_wconf 69' lang='grc' dir='ltr'>ι</span> <span class='ocrx_word' id='word_1_103' title='bbox 231 952 251 967; x_wconf 85' lang='grc' dir='ltr'>Ι·</span> <span class='ocrx_word' id='word_1_104' title='bbox 270 961 276 966; x_wconf 87' lang='grc'>.</span> 
     </span>
    </p>
   </div>
   <div class='ocr_carea' id='block_1_7' title="bbox 67 981 251 1017">
    <p class='ocr_par' dir='ltr' id='par_1_7' title="bbox 67 981 251 1017">
     <span class='ocr_line' id='line_1_15' title="bbox 67 981 251 1017; baseline 0.011 -10"><span class='ocrx_word' id='word_1_105' title='bbox 67 991 153 1017; x_wconf 75' lang='lat' dir='ltr'>gnum</span> <span class='ocrx_word' id='word_1_106' title='bbox 177 981 251 1009; x_wconf 82' lang='lat' dir='ltr'>Deo.</span> 
     </span>
    </p>
   </div>
   <div class='ocr_carea' id='block_1_8' title="bbox 265 959 1213 1301">
    <p class='ocr_par' dir='ltr' id='par_1_8' title="bbox 265 959 1213 1301">
     <span class='ocr_line' id='line_1_16' title="bbox 267 959 1211 1011; baseline -0.001 -14"><span class='ocrx_word' id='word_1_107' title='bbox 267 959 457 997; x_wconf 73' lang='lat' dir='ltr'>meffabilis</span> <span class='ocrx_word' id='word_1_108' title='bbox 476 960 551 1010; x_wconf 81' lang='lat' dir='ltr'>ejus</span> <span class='ocrx_word' id='word_1_109' title='bbox 571 959 765 997; x_wconf 73' lang='lat' dir='ltr'>clementiae</span> <span class='ocrx_word' id='word_1_110' title='bbox 790 960 980 1003; x_wconf 84' lang='lat' dir='ltr'>indicium,</span> <span class='ocrx_word' id='word_1_111' title='bbox 1006 959 1102 1010; x_wconf 92' lang='lat' dir='ltr'>quod</span> <span class='ocrx_word' id='word_1_112' title='bbox 1131 973 1211 1011; x_wconf 89' lang='lat' dir='ltr'>pro-</span> 
     </span>
     <span class='ocr_line' id='line_1_17' title="bbox 266 1018 1213 1072; baseline 0.001 -17"><span class='ocrx_word' id='word_1_113' title='bbox 266 1030 344 1072; x_wconf 78' lang='lat' dir='ltr'>pter</span> <span class='ocrx_word' id='word_1_114' title='bbox 362 1029 516 1058; x_wconf 88' lang='lat' dir='ltr'>nostram</span> <span class='ocrx_word' id='word_1_115' title='bbox 536 1020 771 1057; x_wconf 90' lang='lat' dir='ltr'>cruditionem</span> <span class='ocrx_word' id='word_1_116' title='bbox 792 1020 925 1058; x_wconf 87' lang='lat' dir='ltr'>talibus</span> <span class='ocrx_word' id='word_1_117' title='bbox 945 1020 997 1057; x_wconf 88' lang='lat' dir='ltr'>uti</span> <span class='ocrx_word' id='word_1_118' title='bbox 1016 1019 1135 1057; x_wconf 82' lang='lat' dir='ltr'>verbis</span> <span class='ocrx_word' id='word_1_119' title='bbox 1157 1018 1213 1056; x_wconf 88' lang='lat' dir='ltr'>di-</span> 
     </span>
     <span class='ocr_line' id='line_1_18' title="bbox 265 1080 1213 1133; baseline -0.002 -14"><span class='ocrx_word' id='word_1_120' title='bbox 265 1091 406 1132; x_wconf 79' lang='lat' dir='ltr'>gnetur,</span> <span class='ocrx_word' id='word_1_121' title='bbox 437 1090 621 1133; x_wconf 81' lang='lat' dir='ltr'>propterea</span> <span class='ocrx_word' id='word_1_122' title='bbox 643 1081 809 1118; x_wconf 91' lang='lat' dir='ltr'>humanis</span> <span class='ocrx_word' id='word_1_123' title='bbox 839 1080 1057 1119; x_wconf 82' lang='lat' dir='ltr'>dictionibus</span> <span class='ocrx_word' id='word_1_124' title='bbox 1087 1080 1213 1128; x_wconf 87' lang='lat' dir='ltr'>utitur,</span> 
     </span>
     <span class='ocr_line' id='line_1_19' title="bbox 265 1141 1213 1194; baseline 0 -16"><span class='ocrx_word' id='word_1_125' title='bbox 265 1142 346 1192; x_wconf 86' lang='lat' dir='ltr'>quia</span> <span class='ocrx_word' id='word_1_126' title='bbox 381 1142 538 1192; x_wconf 87' lang='lat' dir='ltr'>alioquin</span> <span class='ocrx_word' id='word_1_127' title='bbox 565 1141 785 1194; x_wconf 86' lang='lat' dir='ltr'>impossibile</span> <span class='ocrx_word' id='word_1_128' title='bbox 812 1151 886 1180; x_wconf 89' lang='lat' dir='ltr'>erat</span> <span class='ocrx_word' id='word_1_129' title='bbox 912 1142 1086 1179; x_wconf 88' lang='lat' dir='ltr'>humanas</span> <span class='ocrx_word' id='word_1_130' title='bbox 1111 1155 1213 1179; x_wconf 89' lang='lat' dir='ltr'>aures</span> 
     </span>
     <span class='ocr_line' id='line_1_20' title="bbox 265 1201 1213 1253; baseline 0.001 -15"><span class='ocrx_word' id='word_1_131' title='bbox 265 1203 354 1240; x_wconf 86' lang='lat' dir='ltr'>ferre</span> <span class='ocrx_word' id='word_1_132' title='bbox 365 1203 556 1240; x_wconf 79' lang='lat' dir='ltr'>verborum</span> <span class='ocrx_word' id='word_1_133' title='bbox 566 1202 831 1250; x_wconf 84' lang='lat' dir='ltr'>sublimitatem,</span> <span class='ocrx_word' id='word_1_134' title='bbox 845 1202 875 1241; x_wconf 88' lang='lat' dir='ltr'>si</span> <span class='ocrx_word' id='word_1_135' title='bbox 887 1201 1083 1241; x_wconf 89' lang='lat' dir='ltr'>secundum</span> <span class='ocrx_word' id='word_1_136' title='bbox 1095 1201 1213 1253; x_wconf 81' lang='lat' dir='ltr'>digni-</span> 
     </span>
     <span class='ocr_line' id='line_1_21' title="bbox 265 1263 793 1301; baseline 0 0"><span class='ocrx_word' id='word_1_137' title='bbox 265 1273 372 1301; x_wconf 83' lang='lat' dir='ltr'>tatem</span> <span class='ocrx_word' id='word_1_138' title='bbox 392 1264 537 1301; x_wconf 90' lang='lat' dir='ltr'>Domini</span> <span class='ocrx_word' id='word_1_139' title='bbox 557 1263 651 1301; x_wconf 90' lang='lat' dir='ltr'>dicta</span> <span class='ocrx_word' id='word_1_140' title='bbox 669 1273 793 1301; x_wconf 80' lang='lat' dir='ltr'>essent.</span> 
     </span>
    </p>
   </div>
   <div class='ocr_carea' id='block_1_9' title="bbox 682 148 1869 184">
    <p class='ocr_par' dir='ltr' id='par_1_9' title="bbox 682 148 1869 184">
     <span class='ocr_line' id='line_1_22' title="bbox 682 148 1869 184; baseline -0.003 -1"><span class='ocrx_word' id='word_1_141' title='bbox 682 154 719 183; x_wconf 83' lang='lat' dir='ltr'>S.</span> <span class='ocrx_word' id='word_1_142' title='bbox 757 153 944 184; x_wconf 68' lang='lat' dir='ltr'>JOANNIS</span> <span class='ocrx_word' id='word_1_143' title='bbox 980 150 1222 182; x_wconf 82' lang='lat' dir='ltr'>CHRYSOST.</span> <span class='ocrx_word' id='word_1_144' title='bbox 1262 148 1468 177; x_wconf 81' lang='lat' dir='ltr'><strong>ARCHIEP.</strong></span> <span class='ocrx_word' id='word_1_145' title='bbox 1507 148 1869 179; x_wconf 77' lang='lat' dir='ltr'><strong>CONSTANTINOP-</strong></span> 
     </span>
    </p>
   </div>
   <div class='ocr_carea' id='block_1_10' title="bbox 1282 222 2311 1377">
    <p class='ocr_par' dir='ltr' id='par_1_10' title="bbox 1282 222 2311 1377">
     <span class='ocr_line' id='line_1_23' title="bbox 1285 222 2305 282; baseline 0.005 -16"><span class='ocrx_word' id='word_1_146' title='bbox 1285 228 1403 276; x_wconf 81' lang='grc' dir='ltr'>ἐπειδὴ</span> <span class='ocrx_word' id='word_1_147' title='bbox 1431 222 1544 277; x_wconf 66' lang='grc' dir='ltr'>εἶπες,</span> <span class='ocrx_word' id='word_1_148' title='bbox 1572 230 1747 281; x_wconf 86' lang='grc' dir='ltr'>ὂλιγοστός</span> <span class='ocrx_word' id='word_1_149' title='bbox 1765 233 1858 282; x_wconf 79' lang='grc' dir='ltr'>εἶμι,</span> <span class='ocrx_word' id='word_1_150' title='bbox 1886 230 2039 282; x_wconf 79' lang='grc' dir='ltr'>μάνθανε</span> <span class='ocrx_word' id='word_1_151' title='bbox 2056 231 2108 270; x_wconf 79' lang='grc' dir='ltr'>ὅτι</span> <span class='ocrx_word' id='word_1_152' title='bbox 2125 233 2183 271; x_wconf 81' lang='grc' dir='ltr'>καὶ</span> <span class='ocrx_word' id='word_1_153' title='bbox 2202 233 2305 280; x_wconf 79' lang='grc' dir='ltr'>αῧξη-</span> 
     </span>
     <span class='ocr_line' id='line_1_24' title="bbox 1285 288 2308 345; baseline 0.007 -19"><span class='ocrx_word' id='word_1_154' title='bbox 1285 289 1394 340; x_wconf 78' lang='grc' dir='ltr'>θήσῃ,</span> <span class='ocrx_word' id='word_1_155' title='bbox 1414 288 1474 327; x_wconf 77' lang='grc' dir='ltr'>καὶ</span> <span class='ocrx_word' id='word_1_156' title='bbox 1494 290 1776 337; x_wconf 75' lang='grc' dir='ltr'>πληθυνθήσεταί</span> <span class='ocrx_word' id='word_1_157' title='bbox 1795 307 1855 330; x_wconf 91' lang='grc' dir='ltr'>σου</span> <span class='ocrx_word' id='word_1_158' title='bbox 1873 290 1912 330; x_wconf 85' lang='grc' dir='ltr'>τὸ</span> <span class='ocrx_word' id='word_1_159' title='bbox 1939 293 2101 345; x_wconf 83' lang='grc' dir='ltr'>σπέρμα,</span> <span class='ocrx_word' id='word_1_160' title='bbox 2121 294 2180 332; x_wconf 82' lang='grc' dir='ltr'>καὶ</span> <span class='ocrx_word' id='word_1_161' title='bbox 2199 294 2308 337; x_wconf 76' lang='grc' dir='ltr'>οὕτως</span> 
     </span>
     <span class='ocr_line' id='line_1_25' title="bbox 1284 349 2305 405; baseline 0.006 -18"><span class='ocrx_word' id='word_1_162' title='bbox 1284 350 1382 388; x_wconf 85' lang='grc' dir='ltr'>ἔσται</span> <span class='ocrx_word' id='word_1_163' title='bbox 1398 349 1565 398; x_wconf 82' lang='grc' dir='ltr'>ἐπίδοξον,</span> <span class='ocrx_word' id='word_1_164' title='bbox 1586 353 1632 394; x_wconf 79' lang='grc' dir='ltr'>ὡς</span> <span class='ocrx_word' id='word_1_165' title='bbox 1651 352 1853 404; x_wconf 83' lang='grc' dir='ltr'>συναγωγὰς</span> <span class='ocrx_word' id='word_1_166' title='bbox 1871 355 1976 392; x_wconf 79' lang='grc' dir='ltr'>ἐθνῶν</span> <span class='ocrx_word' id='word_1_167' title='bbox 1994 355 2054 392; x_wconf 80' lang='grc' dir='ltr'>καὶ</span> <span class='ocrx_word' id='word_1_168' title='bbox 2076 356 2230 405; x_wconf 80' lang='grc' dir='ltr'>βασιλεῖς</span> <span class='ocrx_word' id='word_1_169' title='bbox 2250 355 2305 400; x_wconf 56' lang='grc' dir='ltr'>θέξ</span> 
     </span>
     <span class='ocr_line' id='line_1_26' title="bbox 1285 411 2308 468; baseline 0.003 -19"><span class='ocrx_word' id='word_1_170' title='bbox 1285 412 1395 449; x_wconf 76' lang='grc' dir='ltr'>αὐτῶν</span> <span class='ocrx_word' id='word_1_171' title='bbox 1421 411 1595 463; x_wconf 81' lang='grc' dir='ltr'>γενέσθαι·</span> <span class='ocrx_word' id='word_1_172' title='bbox 1619 412 1678 450; x_wconf 81' lang='grc' dir='ltr'>καὶ</span> <span class='ocrx_word' id='word_1_173' title='bbox 1707 414 1744 451; x_wconf 83' lang='grc' dir='ltr'>οὖ</span> <span class='ocrx_word' id='word_1_174' title='bbox 1766 412 1866 463; x_wconf 84' lang='grc' dir='ltr'>μόνον</span> <span class='ocrx_word' id='word_1_175' title='bbox 1896 416 1958 452; x_wconf 79' lang='grc' dir='ltr'>οὐκ</span> <span class='ocrx_word' id='word_1_176' title='bbox 1987 415 2195 468; x_wconf 66' lang='grc' dir='ltr'>ἐκτριὲήσῃ,</span> <span class='ocrx_word' id='word_1_177' title='bbox 2217 415 2308 454; x_wconf 85' lang='grc' dir='ltr'>ἀλλὰ</span> 
     </span>
     <span class='ocr_line' id='line_1_27' title="bbox 1286 472 2308 526; baseline 0.003 -16"><span class='ocrx_word' id='word_1_178' title='bbox 1286 472 1326 510; x_wconf 72' lang='grc' dir='ltr'>σὺ</span> <span class='ocrx_word' id='word_1_179' title='bbox 1363 472 1422 510; x_wconf 82' lang='grc' dir='ltr'>καὶ</span> <span class='ocrx_word' id='word_1_180' title='bbox 1458 473 1497 510; x_wconf 82' lang='grc' dir='ltr'>τὸ</span> <span class='ocrx_word' id='word_1_181' title='bbox 1533 472 1674 525; x_wconf 81' lang='grc' dir='ltr'>σπέρμα</span> <span class='ocrx_word' id='word_1_182' title='bbox 1706 473 1746 510; x_wconf 80' lang='grc' dir='ltr'>τὸ</span> <span class='ocrx_word' id='word_1_183' title='bbox 1774 474 1832 512; x_wconf 84' lang='grc' dir='ltr'>σὸν</span> <span class='ocrx_word' id='word_1_184' title='bbox 1864 480 1979 512; x_wconf 82' lang='grc' dir='ltr'>πᾶσαν</span> <span class='ocrx_word' id='word_1_185' title='bbox 2005 474 2067 521; x_wconf 80' lang='grc' dir='ltr'>τὴν</span> <span class='ocrx_word' id='word_1_186' title='bbox 2090 478 2155 526; x_wconf 73' lang='grc' dir='ltr'>γῆν</span> <span class='ocrx_word' id='word_1_187' title='bbox 2176 475 2308 523; x_wconf 85' lang='grc' dir='ltr'>ταύτην</span> 
     </span>
     <span class='ocr_line' id='line_1_28' title="bbox 1285 533 2308 587; baseline 0.002 -16"><span class='ocrx_word' id='word_1_188' title='bbox 1285 534 1551 586; x_wconf 74' lang='grc' dir='ltr'>κληρονομήσει.</span> <span class='ocrx_word' id='word_1_189' title='bbox 1574 534 1645 572; x_wconf 79' lang='grc' dir='ltr'>Καὶ</span> <span class='ocrx_word' id='word_1_190' title='bbox 1659 533 1788 577; x_wconf 87' lang='grc' dir='ltr'>ταύτας</span> <span class='ocrx_word' id='word_1_191' title='bbox 1805 534 1889 586; x_wconf 81' lang='grc' dir='ltr'>πρὸς</span> <span class='ocrx_word' id='word_1_192' title='bbox 1909 535 2012 573; x_wconf 81' lang='grc' dir='ltr'>αὐτὸν</span> <span class='ocrx_word' id='word_1_193' title='bbox 2026 535 2088 578; x_wconf 80' lang='grc' dir='ltr'>τὰς</span> <span class='ocrx_word' id='word_1_194' title='bbox 2103 536 2308 587; x_wconf 66' lang='grc' dir='ltr'>ὑποσχέσεις</span> 
     </span>
     <span class='ocr_line' id='line_1_29' title="bbox 1282 593 2307 647; baseline -0.001 -14"><span class='ocrx_word' id='word_1_195' title='bbox 1282 595 1525 645; x_wconf 82' lang='grc' dir='ltr'>ποιησάμενος,</span> <span class='ocrx_word' id='word_1_196' title='bbox 1549 593 1669 641; x_wconf 68' lang='grc' dir='ltr'>Ἀνέὸη</span> <span class='ocrx_word' id='word_1_197' title='bbox 1687 596 1704 631; x_wconf 84' lang='grc' dir='ltr'>ὅ</span> <span class='ocrx_word' id='word_1_198' title='bbox 1719 594 1808 637; x_wconf 77' lang='grc' dir='ltr'>Θεὸς</span> <span class='ocrx_word' id='word_1_199' title='bbox 1826 596 1886 632; x_wconf 83' lang='grc' dir='ltr'>ἀπ’</span> <span class='ocrx_word' id='word_1_200' title='bbox 1905 597 2031 640; x_wconf 78' lang='grc' dir='ltr'>αὐτοῦ,</span> <span class='ocrx_word' id='word_1_201' title='bbox 2048 595 2167 647; x_wconf 75' lang='grc' dir='ltr'>φησὶν,</span> <span class='ocrx_word' id='word_1_202' title='bbox 2189 597 2228 633; x_wconf 80' lang='grc' dir='ltr'>ἐκ</span> <span class='ocrx_word' id='word_1_203' title='bbox 2247 599 2307 634; x_wconf 78' lang='grc' dir='ltr'>τοῦ</span> 
     </span>
     <span class='ocr_line' id='line_1_30' title="bbox 1283 650 2308 709; baseline 0 -15"><span class='ocrx_word' id='word_1_204' title='bbox 1283 654 1401 702; x_wconf 81' lang='grc' dir='ltr'>τόπου,</span> <span class='ocrx_word' id='word_1_205' title='bbox 1422 650 1459 695; x_wconf 72' lang='grc' dir='ltr'>οῧ</span> <span class='ocrx_word' id='word_1_206' title='bbox 1487 656 1636 702; x_wconf 84' lang='grc' dir='ltr'>ἐλάλησε</span> <span class='ocrx_word' id='word_1_207' title='bbox 1666 656 1740 706; x_wconf 89' lang='grc' dir='ltr'>μετ’</span> <span class='ocrx_word' id='word_1_208' title='bbox 1760 657 1874 694; x_wconf 70' lang='grc' dir='ltr'>αὐτοῦ.</span> <span class='ocrx_word' id='word_1_209' title='bbox 1892 655 1989 709; x_wconf 75' lang='grc' dir='ltr'>”Ορ”α</span> <span class='ocrx_word' id='word_1_210' title='bbox 2018 655 2110 702; x_wconf 85' lang='grc' dir='ltr'>πόση</span> <span class='ocrx_word' id='word_1_211' title='bbox 2135 661 2156 703; x_wconf 83' lang='grc' dir='ltr'>ἡ</span> <span class='ocrx_word' id='word_1_212' title='bbox 2181 672 2308 709; x_wconf 85' lang='grc' dir='ltr'>συγκα-</span> 
     </span>
     <span class='ocr_line' id='line_1_31' title="bbox 1284 715 2311 769; baseline 0 -15"><span class='ocrx_word' id='word_1_213' title='bbox 1284 715 1430 759; x_wconf 62' lang='grc' dir='ltr'>τάὸασις</span> <span class='ocrx_word' id='word_1_214' title='bbox 1450 720 1518 754; x_wconf 78' lang='grc' dir='ltr'>τῶν</span> <span class='ocrx_word' id='word_1_215' title='bbox 1546 716 1670 760; x_wconf 81' lang='grc' dir='ltr'>λέξεων</span> <span class='ocrx_word' id='word_1_216' title='bbox 1692 720 1753 763; x_wconf 63' lang='grc' dir='ltr'>’τῆς</span> <span class='ocrx_word' id='word_1_217' title='bbox 1775 716 1867 760; x_wconf 90' lang='grc' dir='ltr'>θείας</span> <span class='ocrx_word' id='word_1_218' title='bbox 1890 718 2043 769; x_wconf 69' lang='grc' dir='ltr'>Γραφῆς.</span> <span class='ocrx_word' id='word_1_219' title='bbox 2074 716 2218 763; x_wconf 71' lang='grc' dir='ltr'>Ἀνέὸη,</span> <span class='ocrx_word' id='word_1_220' title='bbox 2244 733 2311 768; x_wconf 81' lang='grc' dir='ltr'>φη-</span> 
     </span>
     <span class='ocr_line' id='line_1_32' title="bbox 1285 777 2310 829; baseline 0 -13"><span class='ocrx_word' id='word_1_221' title='bbox 1285 777 1350 824; x_wconf 77' lang='grc' dir='ltr'>σὶν,</span> <span class='ocrx_word' id='word_1_222' title='bbox 1367 781 1384 816; x_wconf 85' lang='grc' dir='ltr'>ὃ</span> <span class='ocrx_word' id='word_1_223' title='bbox 1404 778 1494 822; x_wconf 75' lang='grc' dir='ltr'>Θεὸς</span> <span class='ocrx_word' id='word_1_224' title='bbox 1515 780 1575 817; x_wconf 86' lang='grc' dir='ltr'>ἀπ’</span> <span class='ocrx_word' id='word_1_225' title='bbox 1594 780 1697 816; x_wconf 77' lang='grc' dir='ltr'>αὐτοῦ</span> <span class='ocrx_word' id='word_1_226' title='bbox 1711 794 1718 801; x_wconf 93' lang='grc'><em>·</em></span> <span class='ocrx_word' id='word_1_227' title='bbox 1738 779 1803 829; x_wconf 71' lang='grc' dir='ltr'>οὐχ</span> <span class='ocrx_word' id='word_1_228' title='bbox 1826 777 1883 816; x_wconf 80' lang='grc' dir='ltr'>ἵνα</span> <span class='ocrx_word' id='word_1_229' title='bbox 1913 778 1972 816; x_wconf 79' lang='grc' dir='ltr'>καὶ</span> <span class='ocrx_word' id='word_1_230' title='bbox 1988 779 2022 815; x_wconf 77' lang='grc' dir='ltr'>ἐν</span> <span class='ocrx_word' id='word_1_231' title='bbox 2043 778 2139 829; x_wconf 81' lang='grc' dir='ltr'>τόπῳ</span> <span class='ocrx_word' id='word_1_232' title='bbox 2156 777 2310 828; x_wconf 89' lang='grc' dir='ltr'>νομίσω-</span> 
     </span>
     <span class='ocr_line' id='line_1_33' title="bbox 1286 838 2311 891; baseline 0 -15"><span class='ocrx_word' id='word_1_233' title='bbox 1286 854 1347 888; x_wconf 82' lang='grc' dir='ltr'>μεν</span> <span class='ocrx_word' id='word_1_234' title='bbox 1367 840 1647 891; x_wconf 79' lang='grc' dir='ltr'>περικεκλεῖσθαι</span> <span class='ocrx_word' id='word_1_235' title='bbox 1668 839 1707 877; x_wconf 80' lang='grc' dir='ltr'>τὸ</span> <span class='ocrx_word' id='word_1_236' title='bbox 1726 840 1843 886; x_wconf 86' lang='grc' dir='ltr'>Θεῖον,</span> <span class='ocrx_word' id='word_1_237' title='bbox 1865 839 1942 875; x_wconf 82' lang='grc' dir='ltr'>ἀλλ’</span> <span class='ocrx_word' id='word_1_238' title='bbox 1962 838 2019 876; x_wconf 80' lang='grc' dir='ltr'>ἵνα</span> <span class='ocrx_word' id='word_1_239' title='bbox 2040 838 2099 876; x_wconf 81' lang='grc' dir='ltr'>καὶ</span> <span class='ocrx_word' id='word_1_240' title='bbox 2118 838 2175 876; x_wconf 79' lang='grc' dir='ltr'>διὰ</span> <span class='ocrx_word' id='word_1_241' title='bbox 2190 838 2311 878; x_wconf 83' lang='grc' dir='ltr'>τούτου</span> 
     </span>
     <span class='ocr_line' id='line_1_34' title="bbox 1285 898 2309 952; baseline 0 -15"><span class='ocrx_word' id='word_1_242' title='bbox 1285 898 1451 949; x_wconf 82' lang='grc' dir='ltr'>μάθωμεν</span> <span class='ocrx_word' id='word_1_243' title='bbox 1483 901 1589 938; x_wconf 74' lang='grc' dir='ltr'>αὐτοῦ</span> <span class='ocrx_word' id='word_1_244' title='bbox 1613 899 1676 946; x_wconf 73' lang='grc' dir='ltr'>τὴν</span> <span class='ocrx_word' id='word_1_245' title='bbox 1713 899 1844 951; x_wconf 73' lang='grc' dir='ltr'>ἄφατον</span> <span class='ocrx_word' id='word_1_246' title='bbox 1880 899 2153 952; x_wconf 70' lang='grc' dir='ltr'>φιλανθρωπίαν,</span> <span class='ocrx_word' id='word_1_247' title='bbox 2183 899 2235 937; x_wconf 77' lang='grc' dir='ltr'>ὅτι</span> <span class='ocrx_word' id='word_1_248' title='bbox 2266 902 2309 950; x_wconf 74' lang='grc' dir='ltr'>τῇ</span> 
     </span>
     <span class='ocr_line' id='line_1_35' title="bbox 1284 959 2310 1013; baseline 0 -16"><span class='ocrx_word' id='word_1_249' title='bbox 1284 960 1483 1013; x_wconf 80' lang='grc' dir='ltr'>ἀνθρωπίνῃ</span> <span class='ocrx_word' id='word_1_250' title='bbox 1514 960 1674 1012; x_wconf 71' lang='grc' dir='ltr'>ἀσθενείᾳ</span> <span class='ocrx_word' id='word_1_251' title='bbox 1706 960 2034 1012; x_wconf 67' lang='grc' dir='ltr'>συγκαταῧαίνουσα</span> <span class='ocrx_word' id='word_1_252' title='bbox 2061 964 2083 1006; x_wconf 79' lang='grc' dir='ltr'>ἡ</span> <span class='ocrx_word' id='word_1_253' title='bbox 2116 964 2175 998; x_wconf 68' lang='grc' dir='ltr'>τοῦ</span> <span class='ocrx_word' id='word_1_254' title='bbox 2197 959 2310 998; x_wconf 82' lang='grc' dir='ltr'>Πνεύ-</span> 
     </span>
     <span class='ocr_line' id='line_1_36' title="bbox 1285 1020 2309 1073; baseline 0 -15"><span class='ocrx_word' id='word_1_255' title='bbox 1285 1037 1392 1071; x_wconf 87' lang='grc' dir='ltr'>ματος</span> <span class='ocrx_word' id='word_1_256' title='bbox 1409 1021 1531 1073; x_wconf 77' lang='grc' dir='ltr'>χάρις,</span> <span class='ocrx_word' id='word_1_257' title='bbox 1547 1020 1653 1064; x_wconf 77' lang='grc' dir='ltr'>οὕτως</span> <span class='ocrx_word' id='word_1_258' title='bbox 1673 1021 1813 1059; x_wconf 86' lang='grc' dir='ltr'>ἅπαντα</span> <span class='ocrx_word' id='word_1_259' title='bbox 1829 1022 2014 1071; x_wconf 84' lang='grc' dir='ltr'>διηγεῖται.</span> <span class='ocrx_word' id='word_1_260' title='bbox 2029 1022 2082 1059; x_wconf 86' lang='grc' dir='ltr'>Τὸ</span> <span class='ocrx_word' id='word_1_261' title='bbox 2095 1021 2162 1072; x_wconf 82' lang='grc' dir='ltr'>γὰρ</span> <span class='ocrx_word' id='word_1_262' title='bbox 2173 1051 2182 1067; x_wconf 91' lang='grc'>,</span> <span class='ocrx_word' id='word_1_263' title='bbox 2201 1021 2309 1067; x_wconf 71' lang='grc' dir='ltr'>ἀνέὸη</span> 
     </span>
     <span class='ocr_line' id='line_1_37' title="bbox 1283 1081 2310 1132; baseline 0 -12"><span class='ocrx_word' id='word_1_264' title='bbox 1283 1082 1342 1119; x_wconf 80' lang='grc' dir='ltr'>καὶ</span> <span class='ocrx_word' id='word_1_265' title='bbox 1366 1082 1496 1129; x_wconf 68' lang='grc' dir='ltr'>κατέδη</span> <span class='ocrx_word' id='word_1_266' title='bbox 1509 1113 1519 1130; x_wconf 89' lang='grc'>,</span> <span class='ocrx_word' id='word_1_267' title='bbox 1544 1082 1680 1126; x_wconf 83' lang='grc' dir='ltr'>ἀνάξιον</span> <span class='ocrx_word' id='word_1_268' title='bbox 1701 1083 1815 1120; x_wconf 78' lang='grc' dir='ltr'>Θεοῦ·</span> <span class='ocrx_word' id='word_1_269' title='bbox 1838 1083 1913 1119; x_wconf 84' lang='grc' dir='ltr'>ἀλλ’</span> <span class='ocrx_word' id='word_1_270' title='bbox 1941 1081 2060 1128; x_wconf 76' lang='grc' dir='ltr'>ἐπειδὴ</span> <span class='ocrx_word' id='word_1_271' title='bbox 2076 1086 2185 1119; x_wconf 75' lang='grc' dir='ltr'>’τοῦτο</span> <span class='ocrx_word' id='word_1_272' title='bbox 2206 1081 2310 1132; x_wconf 89' lang='grc' dir='ltr'>μάλι-</span> 
     </span>
     <span class='ocr_line' id='line_1_38' title="bbox 1284 1142 2310 1195; baseline 0 -15"><span class='ocrx_word' id='word_1_273' title='bbox 1284 1159 1349 1180; x_wconf 91' lang='grc' dir='ltr'>στα</span> <span class='ocrx_word' id='word_1_274' title='bbox 1383 1143 1569 1195; x_wconf 72' lang='grc' dir='ltr'>τεκμήριον</span> <span class='ocrx_word' id='word_1_275' title='bbox 1588 1147 1650 1189; x_wconf 74' lang='grc' dir='ltr'>τῆς</span> <span class='ocrx_word' id='word_1_276' title='bbox 1676 1143 1809 1195; x_wconf 71' lang='grc' dir='ltr'>ἀφάτου</span> <span class='ocrx_word' id='word_1_277' title='bbox 1837 1145 1938 1180; x_wconf 80' lang='grc' dir='ltr'>αὐτοῦ</span> <span class='ocrx_word' id='word_1_278' title='bbox 1974 1142 2252 1195; x_wconf 70' lang='grc' dir='ltr'>φιλανθρωπίας,</span> <span class='ocrx_word' id='word_1_279' title='bbox 2271 1142 2310 1181; x_wconf 86' lang='grc' dir='ltr'>τὸ</span> 
     </span>
     <span class='ocr_line' id='line_1_39' title="bbox 1285 1203 2310 1257; baseline 0 -16"><span class='ocrx_word' id='word_1_280' title='bbox 1285 1203 1341 1242; x_wconf 83' lang='grc' dir='ltr'>διὰ</span> <span class='ocrx_word' id='word_1_281' title='bbox 1367 1204 1430 1250; x_wconf 83' lang='grc' dir='ltr'>τὴν</span> <span class='ocrx_word' id='word_1_282' title='bbox 1462 1203 1635 1257; x_wconf 83' lang='grc' dir='ltr'>ἡμετέραν</span> <span class='ocrx_word' id='word_1_283' title='bbox 1665 1203 1891 1241; x_wconf 76' lang='grc' dir='ltr'>διδασκαλίαν</span> <span class='ocrx_word' id='word_1_284' title='bbox 1924 1203 1983 1241; x_wconf 82' lang='grc' dir='ltr'>καὶ</span> <span class='ocrx_word' id='word_1_285' title='bbox 2015 1205 2076 1248; x_wconf 68' lang='grc' dir='ltr'>τῆς</span> <span class='ocrx_word' id='word_1_286' title='bbox 2108 1203 2310 1255; x_wconf 77' lang='grc' dir='ltr'>παχύτητος</span> 
     </span>
     <span class='ocr_line' id='line_1_40' title="bbox 1284 1263 2308 1317; baseline -0.001 -14"><span class='ocrx_word' id='word_1_287' title='bbox 1284 1268 1352 1303; x_wconf 80' lang='grc' dir='ltr'>τῶν</span> <span class='ocrx_word' id='word_1_288' title='bbox 1373 1265 1536 1303; x_wconf 82' lang='grc' dir='ltr'>τοιούτων</span> <span class='ocrx_word' id='word_1_289' title='bbox 1559 1265 1724 1317; x_wconf 82' lang='grc' dir='ltr'>ῥημάτων</span> <span class='ocrx_word' id='word_1_290' title='bbox 1743 1263 1951 1316; x_wconf 67' lang='grc' dir='ltr'>ἀνέχεσθαι,</span> <span class='ocrx_word' id='word_1_291' title='bbox 1973 1264 2030 1302; x_wconf 78' lang='grc' dir='ltr'>διὰ</span> <span class='ocrx_word' id='word_1_292' title='bbox 2049 1269 2149 1303; x_wconf 76' lang='grc' dir='ltr'>τοῦτο</span> <span class='ocrx_word' id='word_1_293' title='bbox 2171 1266 2308 1316; x_wconf 87' lang='grc' dir='ltr'>ἀνθρω-</span> 
     </span>
     <span class='ocr_line' id='line_1_41' title="bbox 1285 1320 2309 1377; baseline 0 -14"><span class='ocrx_word' id='word_1_294' title='bbox 1285 1326 1399 1370; x_wconf 89' lang='grc' dir='ltr'>πίναις</span> <span class='ocrx_word' id='word_1_295' title='bbox 1419 1326 1532 1371; x_wconf 80' lang='grc' dir='ltr'>λέξεσι</span> <span class='ocrx_word' id='word_1_296' title='bbox 1553 1325 1745 1377; x_wconf 75' lang='grc' dir='ltr'>κέχρηται,</span> <span class='ocrx_word' id='word_1_297' title='bbox 1766 1325 1884 1371; x_wconf 77' lang='grc' dir='ltr'>ἐπειδὴ</span> <span class='ocrx_word' id='word_1_298' title='bbox 1906 1325 1981 1364; x_wconf 73' lang='grc' dir='ltr'>οὐδὲ</span> <span class='ocrx_word' id='word_1_299' title='bbox 2001 1325 2144 1364; x_wconf 74' lang='grc' dir='ltr'>δυνατὸν</span> <span class='ocrx_word' id='word_1_300' title='bbox 2174 1320 2216 1373; x_wconf 72' lang='grc' dir='ltr'>’ἦν</span> <span class='ocrx_word' id='word_1_301' title='bbox 2238 1326 2309 1364; x_wconf 80' lang='grc' dir='ltr'>ἑτέ-</span> 
     </span>
    </p>
   </div>
   <div class='ocr_carea' id='block_1_11' title="bbox 1226 1386 2309 1443">
    <p class='ocr_par' dir='ltr' id='par_1_11' title="bbox 1226 1386 2309 1443">
     <span class='ocr_line' id='line_1_42' title="bbox 1226 1386 2309 1443; baseline 0 -19"><span class='ocrx_word' id='word_1_302' title='bbox 1226 1419 1272 1443; x_wconf 78' lang='lat'>579</span> <span class='ocrx_word' id='word_1_303' title='bbox 1287 1403 1352 1440; x_wconf 88' lang='grc' dir='ltr'>ρως</span> <span class='ocrx_word' id='word_1_304' title='bbox 1371 1387 1432 1434; x_wconf 77' lang='grc' dir='ltr'>τὴν</span> <span class='ocrx_word' id='word_1_305' title='bbox 1455 1387 1562 1432; x_wconf 75' lang='grc' dir='ltr'>ἀκοὴν</span> <span class='ocrx_word' id='word_1_306' title='bbox 1582 1386 1644 1433; x_wconf 85' lang='grc' dir='ltr'>τὴν</span> <span class='ocrx_word' id='word_1_307' title='bbox 1666 1386 1885 1439; x_wconf 81' lang='grc' dir='ltr'>ἀνθρωπίνην</span> <span class='ocrx_word' id='word_1_308' title='bbox 1905 1389 2054 1433; x_wconf 79' lang='grc' dir='ltr'>ἐνεγκεῖν</span> <span class='ocrx_word' id='word_1_309' title='bbox 2075 1389 2142 1424; x_wconf 86' lang='grc' dir='ltr'>τῶν</span> <span class='ocrx_word' id='word_1_310' title='bbox 2163 1387 2309 1438; x_wconf 81' lang='grc' dir='ltr'>λεγομέ-</span> 
     </span>
    </p>
   </div>
   <div class='ocr_carea' id='block_1_12' title="bbox 1238 1446 2307 1499">
    <p class='ocr_par' dir='ltr' id='par_1_12' title="bbox 1238 1446 2307 1499">
     <span class='ocr_line' id='line_1_43' title="bbox 1238 1446 2307 1499; baseline 0.001 -15"><span class='ocrx_word' id='word_1_311' title='bbox 1238 1457 1260 1485; x_wconf 86' lang='grc' dir='ltr'>Α</span> <span class='ocrx_word' id='word_1_312' title='bbox 1286 1464 1352 1486; x_wconf 87' lang='grc' dir='ltr'>νων</span> <span class='ocrx_word' id='word_1_313' title='bbox 1380 1449 1420 1486; x_wconf 79' lang='grc' dir='ltr'>τὸ</span> <span class='ocrx_word' id='word_1_314' title='bbox 1443 1447 1543 1499; x_wconf 77' lang='grc' dir='ltr'>ὕψος,</span> <span class='ocrx_word' id='word_1_315' title='bbox 1573 1449 1601 1485; x_wconf 88' lang='grc' dir='ltr'>εἷ</span> <span class='ocrx_word' id='word_1_316' title='bbox 1630 1448 1714 1498; x_wconf 83' lang='grc' dir='ltr'>πρὸς</span> <span class='ocrx_word' id='word_1_317' title='bbox 1745 1447 1809 1494; x_wconf 69' lang='grc' dir='ltr'>τὴν</span> <span class='ocrx_word' id='word_1_318' title='bbox 1829 1446 1927 1490; x_wconf 83' lang='grc' dir='ltr'>ἀξίαν</span> <span class='ocrx_word' id='word_1_319' title='bbox 1946 1451 2004 1485; x_wconf 72' lang='grc' dir='ltr'>τοῦ</span> <span class='ocrx_word' id='word_1_320' title='bbox 2023 1446 2201 1486; x_wconf 72' lang='grc' dir='ltr'>Δεσπότου</span> <span class='ocrx_word' id='word_1_321' title='bbox 2223 1451 2307 1498; x_wconf 81' lang='grc' dir='ltr'>ἡμῖν</span> 
     </span>
    </p>
   </div>
   <div class='ocr_carea' id='block_1_13' title="bbox 249 1569 1255 3080">
    <p class='ocr_par' dir='ltr' id='par_1_13' title="bbox 249 1569 1255 3080">
     <span class='ocr_line' id='line_1_44' title="bbox 312 1569 1212 1620; baseline 0.001 -15"><span class='ocrx_word' id='word_1_322' title='bbox 312 1572 347 1606; x_wconf 65' lang='grc'>9.</span> <span class='ocrx_word' id='word_1_323' title='bbox 378 1569 483 1616; x_wconf 84' lang='lat' dir='ltr'>Quod</span> <span class='ocrx_word' id='word_1_324' title='bbox 502 1570 706 1620; x_wconf 77' lang='lat' dir='ltr'>cogitantes,</span> <span class='ocrx_word' id='word_1_325' title='bbox 726 1583 922 1619; x_wconf 82' lang='lat' dir='ltr'>numquam</span> <span class='ocrx_word' id='word_1_326' title='bbox 947 1569 984 1607; x_wconf 90' lang='lat' dir='ltr'>in</span> <span class='ocrx_word' id='word_1_327' title='bbox 1009 1569 1212 1607; x_wconf 86' lang='lat' dir='ltr'>humilitate</span> 
     </span>
     <span class='ocr_line' id='line_1_45' title="bbox 260 1629 1212 1682; baseline 0.001 -16"><span class='ocrx_word' id='word_1_328' title='bbox 260 1629 451 1668; x_wconf 72' lang='lat' dir='ltr'>verborum</span> <span class='ocrx_word' id='word_1_329' title='bbox 482 1630 691 1678; x_wconf 84' lang='lat' dir='ltr'>haereamus,</span> <span class='ocrx_word' id='word_1_330' title='bbox 719 1630 779 1668; x_wconf 85' lang='lat' dir='ltr'>sed</span> <span class='ocrx_word' id='word_1_331' title='bbox 798 1640 831 1668; x_wconf 87' lang='lat' dir='ltr'>et</span> <span class='ocrx_word' id='word_1_332' title='bbox 848 1639 994 1682; x_wconf 85' lang='lat' dir='ltr'>propter</span> <span class='ocrx_word' id='word_1_333' title='bbox 1011 1629 1079 1668; x_wconf 76' lang='lat' dir='ltr'>hoe,</span> <span class='ocrx_word' id='word_1_334' title='bbox 1098 1629 1212 1667; x_wconf 89' lang='lat' dir='ltr'>admi-</span> 
     </span>
     <span class='ocr_line' id='line_1_46' title="bbox 259 1690 1212 1742; baseline 0 -14"><span class='ocrx_word' id='word_1_335' title='bbox 259 1705 377 1728; x_wconf 82' lang='lat' dir='ltr'>remur</span> <span class='ocrx_word' id='word_1_336' title='bbox 395 1691 613 1728; x_wconf 80' lang='lat' dir='ltr'>ineffabilem</span> <span class='ocrx_word' id='word_1_337' title='bbox 643 1691 718 1742; x_wconf 90' lang='lat' dir='ltr'>ejus</span> <span class='ocrx_word' id='word_1_338' title='bbox 744 1690 961 1739; x_wconf 86' lang='lat' dir='ltr'>bonitatem,</span> <span class='ocrx_word' id='word_1_339' title='bbox 981 1690 1080 1741; x_wconf 86' lang='lat' dir='ltr'>quod</span> <span class='ocrx_word' id='word_1_340' title='bbox 1099 1704 1212 1741; x_wconf 87' lang='lat' dir='ltr'>neque</span> 
     </span>
     <span class='ocr_line' id='line_1_47' title="bbox 259 1751 1212 1804; baseline 0.001 -16"><span class='ocrx_word' id='word_1_341' title='bbox 259 1753 303 1789; x_wconf 83' lang='lat' dir='ltr'>ab</span> <span class='ocrx_word' id='word_1_342' title='bbox 323 1752 388 1790; x_wconf 92' lang='lat' dir='ltr'>hac</span> <span class='ocrx_word' id='word_1_343' title='bbox 408 1751 607 1790; x_wconf 83' lang='lat' dir='ltr'>humilitate</span> <span class='ocrx_word' id='word_1_344' title='bbox 625 1752 814 1790; x_wconf 86' lang='lat' dir='ltr'>abhorreat</span> <span class='ocrx_word' id='word_1_345' title='bbox 831 1761 973 1804; x_wconf 85' lang='lat' dir='ltr'>propter</span> <span class='ocrx_word' id='word_1_346' title='bbox 986 1751 1212 1789; x_wconf 88' lang='lat' dir='ltr'>imbecillita-</span> 
     </span>
     <span class='ocr_line' id='line_1_48' title="bbox 258 1812 1211 1864; baseline 0.002 -15"><span class='ocrx_word' id='word_1_347' title='bbox 258 1822 327 1850; x_wconf 85' lang='lat' dir='ltr'>tem</span> <span class='ocrx_word' id='word_1_348' title='bbox 341 1823 474 1850; x_wconf 83' lang='lat' dir='ltr'>naturae</span> <span class='ocrx_word' id='word_1_349' title='bbox 484 1822 625 1851; x_wconf 81' lang='lat' dir='ltr'>nostrae.</span> <span class='ocrx_word' id='word_1_350' title='bbox 640 1812 712 1851; x_wconf 88' lang='lat' dir='ltr'>Sed</span> <span class='ocrx_word' id='word_1_351' title='bbox 726 1812 810 1850; x_wconf 84' lang='lat' dir='ltr'>vide</span> <span class='ocrx_word' id='word_1_352' title='bbox 816 1813 955 1864; x_wconf 87' lang='lat' dir='ltr'>justum</span> <span class='ocrx_word' id='word_1_353' title='bbox 967 1813 1071 1850; x_wconf 89' lang='lat' dir='ltr'>illum</span> <span class='ocrx_word' id='word_1_354' title='bbox 1083 1813 1211 1851; x_wconf 80' lang='lat' dir='ltr'>iterum</span> 
     </span>
     <span class='ocr_line' id='line_1_49' title="bbox 257 1873 1211 1925; baseline 0.002 -15"><span class='ocrx_word' id='word_1_355' title='bbox 257 1874 346 1921; x_wconf 69' lang='lat' dir='ltr'>grati</span> <span class='ocrx_word' id='word_1_356' title='bbox 362 1874 471 1911; x_wconf 86' lang='lat' dir='ltr'>animi</span> <span class='ocrx_word' id='word_1_357' title='bbox 493 1874 594 1925; x_wconf 82' lang='lat' dir='ltr'>signa</span> <span class='ocrx_word' id='word_1_358' title='bbox 615 1873 771 1912; x_wconf 81' lang='lat' dir='ltr'>dantem.</span> <span class='ocrx_word' id='word_1_359' title='bbox 790 1874 854 1910; x_wconf 66' lang='grc'>14.</span> <span class='ocrx_word' id='word_1_360' title='bbox 873 1875 1014 1911; x_wconf 76' lang='lat' dir='ltr'>Erexit</span> <span class='ocrx_word' id='word_1_361' title='bbox 1030 1873 1136 1923; x_wconf 87' lang='lat' dir='ltr'>enim,</span> <span class='ocrx_word' id='word_1_362' title='bbox 1156 1875 1211 1912; x_wconf 92' lang='lat' dir='ltr'>in-</span> 
     </span>
     <span class='ocr_line' id='line_1_50' title="bbox 257 1935 1211 1987; baseline 0.002 -16"><span class='ocrx_word' id='word_1_363' title='bbox 257 1935 344 1984; x_wconf 86' lang='lat' dir='ltr'>quit,</span> <span class='ocrx_word' id='word_1_364' title='bbox 363 1936 487 1972; x_wconf 81' lang='lat' dir='ltr'>Jacob</span> <span class='ocrx_word' id='word_1_365' title='bbox 508 1935 730 1972; x_wconf 85' lang='lat' dir='ltr'>columnam</span> <span class='ocrx_word' id='word_1_366' title='bbox 757 1935 952 1987; x_wconf 80' lang='lat' dir='ltr'>lapideam</span> <span class='ocrx_word' id='word_1_367' title='bbox 983 1938 1025 1972; x_wconf 85' lang='lat' dir='ltr'>in</span> <span class='ocrx_word' id='word_1_368' title='bbox 1048 1936 1145 1981; x_wconf 87' lang='lat' dir='ltr'>loco,</span> <span class='ocrx_word' id='word_1_369' title='bbox 1169 1938 1211 1973; x_wconf 86' lang='lat' dir='ltr'>in</span> 
     </span>
     <span class='ocr_line' id='line_1_51' title="bbox 257 1997 1211 2048; baseline 0.004 -17"><span class='ocrx_word' id='word_1_370' title='bbox 257 2010 332 2047; x_wconf 80' lang='lat' dir='ltr'>quo</span> <span class='ocrx_word' id='word_1_371' title='bbox 360 1997 540 2048; x_wconf 77' lang='lat' dir='ltr'>loquutus</span> <span class='ocrx_word' id='word_1_372' title='bbox 560 2005 614 2034; x_wconf 80' lang='lat' dir='ltr'>est</span> <span class='ocrx_word' id='word_1_373' title='bbox 634 2010 721 2033; x_wconf 82' lang='lat' dir='ltr'>cum</span> <span class='ocrx_word' id='word_1_374' title='bbox 745 2010 789 2033; x_wconf 89' lang='lat' dir='ltr'>eo</span> <span class='ocrx_word' id='word_1_375' title='bbox 810 1997 932 2042; x_wconf 78' lang='lat' dir='ltr'>Deus,</span> <span class='ocrx_word' id='word_1_376' title='bbox 959 2005 995 2034; x_wconf 82' lang='lat' dir='ltr'>et</span> <span class='ocrx_word' id='word_1_377' title='bbox 1016 1998 1151 2040; x_wconf 72' lang='lat' dir='ltr'>libavit</span> <span class='ocrx_word' id='word_1_378' title='bbox 1175 2000 1211 2035; x_wconf 80' lang='lat' dir='ltr'>ei</span> 
     </span>
     <span class='ocr_line' id='line_1_52' title="bbox 257 2057 1210 2109; baseline 0.002 -16"><span class='ocrx_word' id='word_1_379' title='bbox 257 2058 497 2101; x_wconf 80' lang='lat' dir='ltr'>libationem,</span> <span class='ocrx_word' id='word_1_380' title='bbox 514 2065 549 2093; x_wconf 78' lang='lat' dir='ltr'>et</span> <span class='ocrx_word' id='word_1_381' title='bbox 565 2058 781 2109; x_wconf 70' lang='lat' dir='ltr'>superfudit</span> <span class='ocrx_word' id='word_1_382' title='bbox 795 2057 935 2103; x_wconf 87' lang='lat' dir='ltr'>oleum,</span> <span class='ocrx_word' id='word_1_383' title='bbox 955 2057 1019 2095; x_wconf 70' lang='lat'>15.</span> <span class='ocrx_word' id='word_1_384' title='bbox 1039 2066 1076 2094; x_wconf 79' lang='lat' dir='ltr'>et</span> <span class='ocrx_word' id='word_1_385' title='bbox 1090 2071 1210 2095; x_wconf 78' lang='lat' dir='ltr'>voca-</span> 
     </span>
     <span class='ocr_line' id='line_1_53' title="bbox 259 2117 1255 2168; baseline 0.004 -16"><span class='ocrx_word' id='word_1_386' title='bbox 259 2119 310 2154; x_wconf 67' lang='lat' dir='ltr'>vit</span> <span class='ocrx_word' id='word_1_387' title='bbox 337 2131 475 2154; x_wconf 82' lang='lat' dir='ltr'>nomen</span> <span class='ocrx_word' id='word_1_388' title='bbox 496 2117 570 2153; x_wconf 87' lang='lat' dir='ltr'>loci</span> <span class='ocrx_word' id='word_1_389' title='bbox 589 2119 630 2153; x_wconf 83' lang='lat' dir='ltr'>in</span> <span class='ocrx_word' id='word_1_390' title='bbox 656 2130 731 2168; x_wconf 83' lang='lat' dir='ltr'>quo</span> <span class='ocrx_word' id='word_1_391' title='bbox 758 2117 940 2168; x_wconf 80' lang='lat' dir='ltr'>loquutus</span> <span class='ocrx_word' id='word_1_392' title='bbox 962 2126 1017 2155; x_wconf 85' lang='lat' dir='ltr'>est</span> <span class='ocrx_word' id='word_1_393' title='bbox 1043 2132 1129 2155; x_wconf 84' lang='lat' dir='ltr'>cum</span> <span class='ocrx_word' id='word_1_394' title='bbox 1149 2133 1205 2165; x_wconf 78' lang='grc' dir='ltr'>εο,</span> <span class='ocrx_word' id='word_1_395' title='bbox 1235 2133 1255 2162; x_wconf 79' lang='grc' dir='ltr'><strong>Β</strong></span> 
     </span>
     <span class='ocr_line' id='line_1_54' title="bbox 255 2177 1211 2227; baseline 0 -12"><span class='ocrx_word' id='word_1_396' title='bbox 255 2179 419 2215; x_wconf 77' lang='lat' dir='ltr'>Boethel.</span> <span class='ocrx_word' id='word_1_397' title='bbox 439 2177 642 2224; x_wconf 80' lang='lat' dir='ltr'>Considera,</span> <span class='ocrx_word' id='word_1_398' title='bbox 662 2191 737 2225; x_wconf 76' lang='lat'>01¹0,</span> <span class='ocrx_word' id='word_1_399' title='bbox 758 2177 936 2227; x_wconf 89' lang='lat' dir='ltr'>quomodo</span> <span class='ocrx_word' id='word_1_400' title='bbox 955 2177 991 2214; x_wconf 87' lang='lat' dir='ltr'>in</span> <span class='ocrx_word' id='word_1_401' title='bbox 1006 2177 1211 2216; x_wconf 87' lang='lat' dir='ltr'>nominihus</span> 
     </span>
     <span class='ocr_line' id='line_1_55' title="bbox 256 2237 1209 2276; baseline 0.001 -1"><span class='ocrx_word' id='word_1_402' title='bbox 256 2239 413 2275; x_wconf 82' lang='lat' dir='ltr'>locorum</span> <span class='ocrx_word' id='word_1_403' title='bbox 442 2237 648 2274; x_wconf 85' lang='lat' dir='ltr'>memoriam</span> <span class='ocrx_word' id='word_1_404' title='bbox 678 2237 916 2274; x_wconf 88' lang='lat' dir='ltr'>immortalem</span> <span class='ocrx_word' id='word_1_405' title='bbox 953 2237 1209 2276; x_wconf 86' lang='lat' dir='ltr'>beneficiorum</span> 
     </span>
     <span class='ocr_line' id='line_1_56' title="bbox 255 2297 1208 2350; baseline 0 -14"><span class='ocrx_word' id='word_1_406' title='bbox 255 2307 413 2350; x_wconf 79' lang='lat' dir='ltr'>reponat,</span> <span class='ocrx_word' id='word_1_407' title='bbox 436 2307 475 2335; x_wconf 92' lang='lat' dir='ltr'>ut</span> <span class='ocrx_word' id='word_1_408' title='bbox 495 2307 528 2335; x_wconf 88' lang='lat' dir='ltr'>ct</span> <span class='ocrx_word' id='word_1_409' title='bbox 550 2297 697 2349; x_wconf 86' lang='lat' dir='ltr'>posteris</span> <span class='ocrx_word' id='word_1_410' title='bbox 725 2297 907 2334; x_wconf 86' lang='lat' dir='ltr'>manifesta</span> <span class='ocrx_word' id='word_1_411' title='bbox 931 2297 993 2335; x_wconf 86' lang='lat' dir='ltr'>fiat</span> <span class='ocrx_word' id='word_1_412' title='bbox 1014 2298 1116 2347; x_wconf 87' lang='lat' dir='ltr'>visio,</span> <span class='ocrx_word' id='word_1_413' title='bbox 1139 2314 1208 2349; x_wconf 87' lang='lat' dir='ltr'>qua</span> 
     </span>
     <span class='ocr_line' id='line_1_57' title="bbox 250 2358 1209 2411; baseline 0.004 -17"><span class='ocrx_word' id='word_1_414' title='bbox 250 2360 369 2411; x_wconf 84' lang='lat' dir='ltr'>justus</span> <span class='ocrx_word' id='word_1_415' title='bbox 396 2359 445 2396; x_wconf 88' lang='lat' dir='ltr'>ibi</span> <span class='ocrx_word' id='word_1_416' title='bbox 475 2358 642 2410; x_wconf 78' lang='lat' dir='ltr'>dignatus</span> <span class='ocrx_word' id='word_1_417' title='bbox 665 2358 746 2396; x_wconf 83' lang='lat' dir='ltr'>fuit.</span> <span class='ocrx_word' id='word_1_418' title='bbox 768 2359 829 2395; x_wconf 84' lang='grc'>16.</span> <span class='ocrx_word' id='word_1_419' title='bbox 848 2359 901 2395; x_wconf 82' lang='lat' dir='ltr'>Et</span> <span class='ocrx_word' id='word_1_420' title='bbox 915 2360 1124 2411; x_wconf 81' lang='lat' dir='ltr'>profectus,</span> <span class='ocrx_word' id='word_1_421' title='bbox 1155 2360 1209 2398; x_wconf 91' lang='lat' dir='ltr'>in-</span> 
     </span>
     <span class='ocr_line' id='line_1_58' title="bbox 255 2419 1208 2470; baseline 0.003 -15"><span class='ocrx_word' id='word_1_422' title='bbox 255 2420 343 2469; x_wconf 82' lang='lat' dir='ltr'>quit,</span> <span class='ocrx_word' id='word_1_423' title='bbox 360 2421 484 2457; x_wconf 86' lang='lat' dir='ltr'>Jacob</span> <span class='ocrx_word' id='word_1_424' title='bbox 516 2420 605 2470; x_wconf 60' lang='lat' dir='ltr'>fixit</span> <span class='ocrx_word' id='word_1_425' title='bbox 636 2419 932 2456; x_wconf 80' lang='lat' dir='ltr'>tabernaculum</span> <span class='ocrx_word' id='word_1_426' title='bbox 961 2432 1072 2456; x_wconf 85' lang='lat' dir='ltr'>suum</span> <span class='ocrx_word' id='word_1_427' title='bbox 1104 2420 1208 2458; x_wconf 82' lang='lat' dir='ltr'>ultra</span> 
     </span>
     <span class='ocr_line' id='line_1_59' title="bbox 257 2479 1209 2532; baseline 0.001 -14"><span class='ocrx_word' id='word_1_428' title='bbox 257 2491 397 2518; x_wconf 78' lang='lat' dir='ltr'>turrem</span> <span class='ocrx_word' id='word_1_429' title='bbox 416 2482 559 2519; x_wconf 79' lang='lat' dir='ltr'>Gacler.</span> <span class='ocrx_word' id='word_1_430' title='bbox 578 2479 740 2518; x_wconf 85' lang='lat' dir='ltr'>Ulterius</span> <span class='ocrx_word' id='word_1_431' title='bbox 763 2479 891 2516; x_wconf 87' lang='lat' dir='ltr'>iterum</span> <span class='ocrx_word' id='word_1_432' title='bbox 918 2479 1075 2531; x_wconf 84' lang='lat' dir='ltr'>procedit</span> <span class='ocrx_word' id='word_1_433' title='bbox 1091 2481 1209 2532; x_wconf 83' lang='lat' dir='ltr'>justus</span> 
     </span>
     <span class='ocr_line' id='line_1_60' title="bbox 258 2539 1209 2594; baseline 0.001 -17"><span class='ocrx_word' id='word_1_434' title='bbox 258 2542 425 2579; x_wconf 63' lang='lat' dir='ltr'>anhelans</span> <span class='ocrx_word' id='word_1_435' title='bbox 444 2541 620 2594; x_wconf 82' lang='lat' dir='ltr'>paulatim</span> <span class='ocrx_word' id='word_1_436' title='bbox 639 2539 760 2577; x_wconf 71' lang='lat' dir='ltr'>venire</span> <span class='ocrx_word' id='word_1_437' title='bbox 778 2539 823 2577; x_wconf 87' lang='lat' dir='ltr'>ad</span> <span class='ocrx_word' id='word_1_438' title='bbox 848 2539 967 2577; x_wconf 87' lang='lat' dir='ltr'>locum</span> <span class='ocrx_word' id='word_1_439' title='bbox 993 2540 1055 2577; x_wconf 89' lang='lat' dir='ltr'>ubi</span> <span class='ocrx_word' id='word_1_440' title='bbox 1072 2540 1209 2578; x_wconf 86' lang='lat' dir='ltr'>habita-</span> 
     </span>
     <span class='ocr_line' id='line_1_61' title="bbox 255 2602 1209 2654; baseline -0.001 -14"><span class='ocrx_word' id='word_1_441' title='bbox 255 2604 316 2641; x_wconf 78' lang='lat' dir='ltr'>bat</span> <span class='ocrx_word' id='word_1_442' title='bbox 334 2606 446 2642; x_wconf 84' lang='lat' dir='ltr'>Isaac.</span> <span class='ocrx_word' id='word_1_443' title='bbox 474 2602 623 2649; x_wconf 81' lang='lat' dir='ltr'>Deinde,</span> <span class='ocrx_word' id='word_1_444' title='bbox 645 2602 776 2652; x_wconf 86' lang='lat' dir='ltr'>inquit,</span> <span class='ocrx_word' id='word_1_445' title='bbox 813 2602 980 2652; x_wconf 83' lang='lat' dir='ltr'>Quando</span> <span class='ocrx_word' id='word_1_446' title='bbox 1005 2605 1209 2654; x_wconf 81' lang='lat' dir='ltr'>appropin-</span> 
     </span>
     <span class='ocr_line' id='line_1_62' title="bbox 255 2663 1207 2716; baseline -0.001 -16"><span class='ocrx_word' id='word_1_447' title='bbox 255 2669 385 2716; x_wconf 69' lang='lat' dir='ltr'>quavit</span> <span class='ocrx_word' id='word_1_448' title='bbox 403 2674 442 2702; x_wconf 85' lang='lat' dir='ltr'>ut</span> <span class='ocrx_word' id='word_1_449' title='bbox 462 2668 622 2702; x_wconf 80' lang='lat' dir='ltr'>intraret</span> <span class='ocrx_word' id='word_1_450' title='bbox 643 2665 684 2699; x_wconf 84' lang='lat' dir='ltr'>in</span> <span class='ocrx_word' id='word_1_451' title='bbox 698 2663 894 2714; x_wconf 82' lang='lat' dir='ltr'>Ephrata,</span> <span class='ocrx_word' id='word_1_452' title='bbox 919 2663 1068 2699; x_wconf 80' lang='lat' dir='ltr'>Rachel</span> <span class='ocrx_word' id='word_1_453' title='bbox 1099 2663 1207 2700; x_wconf 86' lang='lat' dir='ltr'>labo-</span> 
     </span>
     <span class='ocr_line' id='line_1_63' title="bbox 253 2723 1209 2776; baseline -0.002 -14"><span class='ocrx_word' id='word_1_454' title='bbox 253 2728 367 2763; x_wconf 78' lang='lat' dir='ltr'>rabat</span> <span class='ocrx_word' id='word_1_455' title='bbox 387 2729 427 2762; x_wconf 81' lang='lat' dir='ltr'>in</span> <span class='ocrx_word' id='word_1_456' title='bbox 444 2733 571 2776; x_wconf 81' lang='lat' dir='ltr'>partu.</span> <span class='ocrx_word' id='word_1_457' title='bbox 591 2725 654 2760; x_wconf 70' lang='lat'>17.</span> <span class='ocrx_word' id='word_1_458' title='bbox 678 2723 900 2775; x_wconf 78' lang='lat' dir='ltr'>Etsactum</span> <span class='ocrx_word' id='word_1_459' title='bbox 919 2731 975 2760; x_wconf 83' lang='lat' dir='ltr'>est</span> <span class='ocrx_word' id='word_1_460' title='bbox 993 2736 1080 2760; x_wconf 85' lang='lat' dir='ltr'>eum</span> <span class='ocrx_word' id='word_1_461' title='bbox 1101 2724 1209 2776; x_wconf 69' lang='lat' dir='ltr'>disfi-</span> 
     </span>
     <span class='ocr_line' id='line_1_64' title="bbox 252 2783 1207 2838; baseline -0.003 -15"><span class='ocrx_word' id='word_1_462' title='bbox 252 2788 375 2825; x_wconf 62' lang='lat' dir='ltr'>culter</span> <span class='ocrx_word' id='word_1_463' title='bbox 396 2794 562 2838; x_wconf 75' lang='lat' dir='ltr'>pareret,</span> <span class='ocrx_word' id='word_1_464' title='bbox 597 2786 693 2821; x_wconf 53' lang='lat' dir='ltr'>clarit</span> <span class='ocrx_word' id='word_1_465' title='bbox 722 2786 757 2820; x_wconf 83' lang='lat' dir='ltr'>ei</span> <span class='ocrx_word' id='word_1_466' title='bbox 785 2786 982 2830; x_wconf 51' lang='lat' dir='ltr'>obstetrix)</span> <span class='ocrx_word' id='word_1_467' title='bbox 1012 2783 1175 2835; x_wconf 84' lang='lat' dir='ltr'>Confide</span> <span class='ocrx_word' id='word_1_468' title='bbox 1196 2801 1207 2820; x_wconf 87' lang='lat'>.-</span> 
     </span>
     <span class='ocr_line' id='line_1_65' title="bbox 252 2844 1252 2897; baseline -0.004 -11"><span class='ocrx_word' id='word_1_469' title='bbox 252 2852 391 2886; x_wconf 71' lang='lat' dir='ltr'>etenim</span> <span class='ocrx_word' id='word_1_470' title='bbox 413 2849 474 2884; x_wconf 62' lang='lat' dir='ltr'>laic</span> <span class='ocrx_word' id='word_1_471' title='bbox 490 2849 558 2883; x_wconf 75' lang='lat' dir='ltr'>tibi</span> <span class='ocrx_word' id='word_1_472' title='bbox 576 2845 767 2897; x_wconf 76' lang='lat' dir='ltr'>estfilius.</span> <span class='ocrx_word' id='word_1_473' title='bbox 786 2845 838 2882; x_wconf 88' lang='lat' dir='ltr'>Ne</span> <span class='ocrx_word' id='word_1_474' title='bbox 858 2844 905 2882; x_wconf 89' lang='lat' dir='ltr'>sis</span> <span class='ocrx_word' id='word_1_475' title='bbox 925 2844 1044 2893; x_wconf 81' lang='lat' dir='ltr'>anxia,</span> <span class='ocrx_word' id='word_1_476' title='bbox 1063 2845 1178 2895; x_wconf 89' lang='lat' dir='ltr'>inquit</span> <span class='ocrx_word' id='word_1_477' title='bbox 1197 2862 1205 2882; x_wconf 92' lang='lat'><strong>:</strong></span> <span class='ocrx_word' id='word_1_478' title='bbox 1230 2859 1252 2889; x_wconf 87' lang='lat' dir='ltr'>c</span> 
     </span>
     <span class='ocr_line' id='line_1_66' title="bbox 251 2904 1204 2960; baseline 0 -16"><span class='ocrx_word' id='word_1_479' title='bbox 251 2909 363 2960; x_wconf 72' lang='lat' dir='ltr'>paries</span> <span class='ocrx_word' id='word_1_480' title='bbox 378 2908 469 2946; x_wconf 84' lang='lat' dir='ltr'>enim</span> <span class='ocrx_word' id='word_1_481' title='bbox 489 2906 616 2943; x_wconf 78' lang='lat' dir='ltr'>lilium.</span> <span class='ocrx_word' id='word_1_482' title='bbox 632 2906 722 2942; x_wconf 84' lang='lat' dir='ltr'>Nam</span> <span class='ocrx_word' id='word_1_483' title='bbox 739 2904 819 2942; x_wconf 86' lang='lat' dir='ltr'>lieet</span> <span class='ocrx_word' id='word_1_484' title='bbox 832 2913 865 2942; x_wconf 90' lang='lat' dir='ltr'>te</span> <span class='ocrx_word' id='word_1_485' title='bbox 880 2904 1037 2943; x_wconf 81' lang='lat' dir='ltr'>crucient</span> <span class='ocrx_word' id='word_1_486' title='bbox 1051 2904 1204 2956; x_wconf 88' lang='lat' dir='ltr'>dolores,</span> 
     </span>
     <span class='ocr_line' id='line_1_67' title="bbox 249 2965 1203 3007; baseline -0.003 0"><span class='ocrx_word' id='word_1_487' title='bbox 249 2979 489 3007; x_wconf 60' lang='lat' dir='ltr'>verumtamen</span> <span class='ocrx_word' id='word_1_488' title='bbox 522 2966 670 3004; x_wconf 79' lang='lat' dir='ltr'>habebis</span> <span class='ocrx_word' id='word_1_489' title='bbox 706 2965 834 3003; x_wconf 83' lang='lat' dir='ltr'>filium.</span> <span class='ocrx_word' id='word_1_490' title='bbox 864 2965 924 3003; x_wconf 83' lang='grc'>18.</span> <span class='ocrx_word' id='word_1_491' title='bbox 954 2968 1121 3004; x_wconf 79' lang='lat' dir='ltr'>Factum</span> <span class='ocrx_word' id='word_1_492' title='bbox 1147 2976 1203 3005; x_wconf 81' lang='lat' dir='ltr'>est</span> 
     </span>
     <span class='ocr_line' id='line_1_68' title="bbox 249 3027 1196 3080; baseline -0.005 -11"><span class='ocrx_word' id='word_1_493' title='bbox 249 3041 391 3075; x_wconf 74' lang='lat' dir='ltr'>autem,</span> <span class='ocrx_word' id='word_1_494' title='bbox 407 3029 533 3080; x_wconf 79' lang='lat' dir='ltr'>inquit,</span> <span class='ocrx_word' id='word_1_495' title='bbox 552 3042 638 3065; x_wconf 79' lang='lat' dir='ltr'>cum</span> <span class='ocrx_word' id='word_1_496' title='bbox 655 3027 858 3064; x_wconf 63' lang='lat' dir='ltr'>achalm—et</span> <span class='ocrx_word' id='word_1_497' title='bbox 873 3029 1050 3064; x_wconf 82' lang='lat' dir='ltr'>animam·</span> <span class='ocrx_word' id='word_1_498' title='bbox 1069 3041 1196 3074; x_wconf 80' lang='lat' dir='ltr'>suam,</span> 
     </span>
    </p>
   </div>
   <div class='ocr_carea' id='block_1_14' title="bbox 249 3095 1197 3146">
    <p class='ocr_par' dir='ltr' id='par_1_14' title="bbox 249 3095 1197 3146">
     <span class='ocr_line' id='line_1_69' title="bbox 249 3095 1197 3146; baseline -0.005 -9"><span class='ocrx_word' id='word_1_499' title='bbox 249 3101 483 3137; x_wconf 73' lang='lat' dir='ltr'>moriebatur</span> <span class='ocrx_word' id='word_1_500' title='bbox 493 3099 606 3139; x_wconf 77' lang='lat' dir='ltr'>euim,</span> <span class='ocrx_word' id='word_1_501' title='bbox 619 3097 774 3132; x_wconf 71' lang='lat' dir='ltr'>vocavit</span> <span class='ocrx_word' id='word_1_502' title='bbox 789 3109 925 3132; x_wconf 85' lang='lat' dir='ltr'>nomen</span> <span class='ocrx_word' id='word_1_503' title='bbox 934 3097 1057 3146; x_wconf 85' lang='lat' dir='ltr'>pueri,</span> <span class='ocrx_word' id='word_1_504' title='bbox 1071 3095 1197 3133; x_wconf 82' lang='lat' dir='ltr'>Filius</span> 
     </span>
    </p>
   </div>
   <div class='ocr_carea' id='block_1_15' title="bbox 245 3199 1251 3399">
    <p class='ocr_par' dir='ltr' id='par_1_15' title="bbox 289 3199 775 3246">
     <span class='ocr_line' id='line_1_70' title="bbox 289 3199 775 3246; baseline -0.008 -10"><span class='ocrx_word' id='word_1_505' title='bbox 289 3213 298 3224; x_wconf 80' lang='lat'><em>‘</em></span> <span class='ocrx_word' id='word_1_506' title='bbox 317 3202 430 3246; x_wconf 63' lang='lat' dir='ltr'>[Coisl.</span> <span class='ocrx_word' id='word_1_507' title='bbox 447 3199 585 3233; x_wconf 78' lang='lat' dir='ltr'>omittit.</span> <span class='ocrx_word' id='word_1_508' title='bbox 602 3205 633 3239; x_wconf 75' lang='grc' dir='ltr'>ἐξ</span> <span class='ocrx_word' id='word_1_509' title='bbox 652 3201 775 3241; x_wconf 48' lang='lat' dir='ltr'>aaran]</span> 
     </span>
    </p>

    <p class='ocr_par' dir='ltr' id='par_1_16' title="bbox 245 3250 1251 3399">
     <span class='ocr_line' id='line_1_71' title="bbox 287 3250 1251 3297; baseline -0.002 -9"><span class='ocrx_word' id='word_1_510' title='bbox 287 3269 299 3282; x_wconf 56' lang='grc' dir='ltr'>ι·</span> <span class='ocrx_word' id='word_1_511' title='bbox 319 3259 357 3288; x_wconf 83' lang='lat' dir='ltr'>ln</span> <span class='ocrx_word' id='word_1_512' title='bbox 381 3254 526 3287; x_wconf 80' lang='lat' dir='ltr'>editione</span> <span class='ocrx_word' id='word_1_513' title='bbox 549 3263 606 3286; x_wconf 66' lang='grc' dir='ltr'>τῶν</span> <span class='ocrx_word' id='word_1_514' title='bbox 621 3252 661 3283; x_wconf 92' lang='grc' dir='ltr'>Ο.</span> <span class='ocrx_word' id='word_1_515' title='bbox 684 3250 800 3293; x_wconf 72' lang='lat' dir='ltr'>legitur·</span> <span class='ocrx_word' id='word_1_516' title='bbox 819 3256 902 3289; x_wconf 57' lang='grc' dir='ltr'>ἡνίκα</span> <span class='ocrx_word' id='word_1_517' title='bbox 920 3258 1035 3293; x_wconf 59' lang='grc' dir='ltr'>ἤγγισεν</span> <span class='ocrx_word' id='word_1_518' title='bbox 1052 3257 1089 3291; x_wconf 75' lang='grc' dir='ltr'>εἰς</span> <span class='ocrx_word' id='word_1_519' title='bbox 1106 3255 1251 3297; x_wconf 70' lang='grc' dir='ltr'>Χαδραθά</span> 
     </span>
     <span class='ocr_line' id='line_1_72' title="bbox 247 3302 1251 3348; baseline -0.008 -5"><span class='ocrx_word' id='word_1_520' title='bbox 247 3316 297 3343; x_wconf 67' lang='grc' dir='ltr'>τοῦ</span> <span class='ocrx_word' id='word_1_521' title='bbox 321 3313 413 3342; x_wconf 60' lang='lat' dir='ltr'>{mit-u</span> <span class='ocrx_word' id='word_1_522' title='bbox 437 3311 475 3344; x_wconf 73' lang='lat' dir='ltr'>si,-</span> <span class='ocrx_word' id='word_1_523' title='bbox 493 3312 545 3342; x_wconf 64' lang='grc' dir='ltr'>τὴν</span> <span class='ocrx_word' id='word_1_524' title='bbox 578 3303 723 3348; x_wconf 56' lang='grc' dir='ltr'>ᾗρραθᾶ;</span> <span class='ocrx_word' id='word_1_525' title='bbox 746 3302 826 3333; x_wconf 70' lang='lat' dir='ltr'>Cum</span> <span class='ocrx_word' id='word_1_526' title='bbox 851 3306 1134 3346; x_wconf 69' lang='lat' dir='ltr'>appropinquavit</span> <span class='ocrx_word' id='word_1_527' title='bbox 1161 3303 1251 3335; x_wconf 79' lang='lat' dir='ltr'>Cha-</span> 
     </span>
     <span class='ocr_line' id='line_1_73' title="bbox 245 3354 1250 3399; baseline -0.005 -7"><span class='ocrx_word' id='word_1_528' title='bbox 245 3360 375 3399; x_wconf 63' lang='lat' dir='ltr'>brath«,</span> <span class='ocrx_word' id='word_1_529' title='bbox 397 3367 429 3391; x_wconf 83' lang='lat' dir='ltr'>ul</span> <span class='ocrx_word' id='word_1_530' title='bbox 447 3364 581 3390; x_wconf 68' lang='lat' dir='ltr'>mirare!</span> <span class='ocrx_word' id='word_1_531' title='bbox 609 3358 641 3386; x_wconf 82' lang='lat' dir='ltr'>in</span> <span class='ocrx_word' id='word_1_532' title='bbox 667 3354 854 3397; x_wconf 64' lang='lat' dir='ltr'>I‘Tpluuthu,</span> <span class='ocrx_word' id='word_1_533' title='bbox 888 3356 981 3388; x_wconf 71' lang='lat' dir='ltr'>lianc</span> <span class='ocrx_word' id='word_1_534' title='bbox 999 3364 1108 3388; x_wconf 76' lang='lat' dir='ltr'>autem</span> <span class='ocrx_word' id='word_1_535' title='bbox 1137 3367 1250 3389; x_wconf 77' lang='lat' dir='ltr'>vocem</span> 
     </span>
    </p>
   </div>
   <div class='ocr_carea' id='block_1_16' title="bbox 1272 3030 2300 3143">
    <p class='ocr_par' dir='ltr' id='par_1_17' title="bbox 1272 3030 2300 3143">
     <span class='ocr_line' id='line_1_74' title="bbox 1274 3030 1521 3083; baseline -0.004 -13"><span class='ocrx_word' id='word_1_536' title='bbox 1274 3035 1401 3079; x_wconf 86' lang='grc' dir='ltr'>θνησκε</span> <span class='ocrx_word' id='word_1_537' title='bbox 1432 3030 1521 3083; x_wconf 80' lang='grc' dir='ltr'>γὰρ,</span> 
     </span>
     <span class='ocr_line' id='line_1_75' title="bbox 1272 3090 2300 3143; baseline -0.004 -12"><span class='ocrx_word' id='word_1_538' title='bbox 1272 3094 1393 3139; x_wconf 78' lang='grc' dir='ltr'>ὀδύνης</span> <span class='ocrx_word' id='word_1_539' title='bbox 1415 3108 1480 3143; x_wconf 85' lang='grc' dir='ltr'>μου</span> <span class='ocrx_word' id='word_1_540' title='bbox 1494 3108 1502 3115; x_wconf 90' lang='grc'><em>·</em></span> <span class='ocrx_word' id='word_1_541' title='bbox 1520 3095 1537 3130; x_wconf 83' lang='grc' dir='ltr'><strong><em>ὃ</em></strong></span> <span class='ocrx_word' id='word_1_542' title='bbox 1554 3091 1589 3129; x_wconf 80' lang='grc' dir='ltr'>δὲ</span> <span class='ocrx_word' id='word_1_543' title='bbox 1610 3091 1727 3143; x_wconf 79' lang='grc' dir='ltr'>πατὴρ</span> <span class='ocrx_word' id='word_1_544' title='bbox 1753 3093 1855 3130; x_wconf 76' lang='grc' dir='ltr'>αὐτοῦ</span> <span class='ocrx_word' id='word_1_545' title='bbox 1876 3090 2038 3128; x_wconf 79' lang='grc' dir='ltr'>ἐκάλεσεν</span> <span class='ocrx_word' id='word_1_546' title='bbox 2055 3090 2157 3128; x_wconf 85' lang='grc' dir='ltr'>αὐτὸν</span> <span class='ocrx_word' id='word_1_547' title='bbox 2178 3091 2300 3127; x_wconf 79' lang='grc' dir='ltr'>Βενια-</span> 
     </span>
    </p>
   </div>
   <div class='ocr_carea' id='block_1_17' title="bbox 1277 1508 2312 3079">
    <p class='ocr_par' dir='ltr' id='par_1_18' title="bbox 1285 1508 1471 1560">
     <span class='ocr_line' id='line_1_76' title="bbox 1285 1508 1471 1560; baseline 0 -14"><span class='ocrx_word' id='word_1_548' title='bbox 1285 1508 1471 1560; x_wconf 79' lang='grc' dir='ltr'>διελέγετο.</span> 
     </span>
    </p>

    <p class='ocr_par' dir='ltr' id='par_1_19' title="bbox 1277 1568 2312 3079">
     <span class='ocr_line' id='line_1_77' title="bbox 1335 1568 2308 1621; baseline 0 -14"><span class='ocrx_word' id='word_1_549' title='bbox 1335 1568 1453 1621; x_wconf 66' lang='grc' dir='ltr'>ςὈπερ</span> <span class='ocrx_word' id='word_1_550' title='bbox 1468 1572 1670 1617; x_wconf 79' lang='grc' dir='ltr'>ἐννοοῦντες,</span> <span class='ocrx_word' id='word_1_551' title='bbox 1686 1568 1860 1619; x_wconf 82' lang='grc' dir='ltr'>μηδέποτε</span> <span class='ocrx_word' id='word_1_552' title='bbox 1873 1570 1916 1619; x_wconf 71' lang='grc' dir='ltr'>τῇ</span> <span class='ocrx_word' id='word_1_553' title='bbox 1936 1568 2163 1613; x_wconf 79' lang='grc' dir='ltr'>ταπεινότητι</span> <span class='ocrx_word' id='word_1_554' title='bbox 2175 1571 2243 1606; x_wconf 80' lang='grc' dir='ltr'>τῶν</span> <span class='ocrx_word' id='word_1_555' title='bbox 2254 1568 2308 1607; x_wconf 82' lang='grc' dir='ltr'>λέ·</span> 
     </span>
     <span class='ocr_line' id='line_1_78' title="bbox 1285 1628 2308 1681; baseline -0.001 -15"><span class='ocrx_word' id='word_1_556' title='bbox 1285 1629 1367 1673; x_wconf 83' lang='grc' dir='ltr'>ξεων</span> <span class='ocrx_word' id='word_1_557' title='bbox 1384 1630 1665 1681; x_wconf 77' lang='grc' dir='ltr'>ἐναπομένωμεν,</span> <span class='ocrx_word' id='word_1_558' title='bbox 1688 1629 1777 1668; x_wconf 83' lang='grc' dir='ltr'>ἀλλὰ</span> <span class='ocrx_word' id='word_1_559' title='bbox 1797 1629 1857 1667; x_wconf 78' lang='grc' dir='ltr'>καὶ</span> <span class='ocrx_word' id='word_1_560' title='bbox 1876 1628 1934 1667; x_wconf 84' lang='grc' dir='ltr'>διὰ</span> <span class='ocrx_word' id='word_1_561' title='bbox 1959 1631 2061 1666; x_wconf 70' lang='grc' dir='ltr'>τοῦτο</span> <span class='ocrx_word' id='word_1_562' title='bbox 2078 1628 2308 1679; x_wconf 86' lang='grc' dir='ltr'>θαυμάζωμεν</span> 
     </span>
     <span class='ocr_line' id='line_1_79' title="bbox 1284 1688 2310 1743; baseline -0.002 -14"><span class='ocrx_word' id='word_1_563' title='bbox 1284 1693 1386 1730; x_wconf 74' lang='grc' dir='ltr'>αὐτοῦ</span> <span class='ocrx_word' id='word_1_564' title='bbox 1405 1691 1468 1738; x_wconf 76' lang='grc' dir='ltr'>τὴν</span> <span class='ocrx_word' id='word_1_565' title='bbox 1491 1692 1622 1743; x_wconf 73' lang='grc' dir='ltr'>ἄφατον</span> <span class='ocrx_word' id='word_1_566' title='bbox 1644 1690 1845 1742; x_wconf 85' lang='grc' dir='ltr'>ἀγαθότητα</span> <span class='ocrx_word' id='word_1_567' title='bbox 1860 1718 1869 1735; x_wconf 89' lang='grc'>,</span> <span class='ocrx_word' id='word_1_568' title='bbox 1888 1690 1942 1728; x_wconf 75' lang='grc' dir='ltr'>ὅτι</span> <span class='ocrx_word' id='word_1_569' title='bbox 1961 1688 2112 1740; x_wconf 71' lang='grc' dir='ltr'>τοσαύτη</span> <span class='ocrx_word' id='word_1_570' title='bbox 2135 1705 2310 1740; x_wconf 87' lang='grc' dir='ltr'>συγκατα-</span> 
     </span>
     <span class='ocr_line' id='line_1_80' title="bbox 1283 1750 2311 1806; baseline -0.003 -15"><span class='ocrx_word' id='word_1_571' title='bbox 1283 1752 1384 1791; x_wconf 67' lang='grc' dir='ltr'>Εάσει</span> <span class='ocrx_word' id='word_1_572' title='bbox 1412 1756 1604 1806; x_wconf 69' lang='grc' dir='ltr'>κεχρῆσθαι</span> <span class='ocrx_word' id='word_1_573' title='bbox 1624 1754 1662 1790; x_wconf 80' lang='grc' dir='ltr'>οὐ</span> <span class='ocrx_word' id='word_1_574' title='bbox 1689 1758 1914 1803; x_wconf 82' lang='grc' dir='ltr'>παραιτεῖται</span> <span class='ocrx_word' id='word_1_575' title='bbox 1940 1750 1997 1789; x_wconf 87' lang='grc' dir='ltr'>διὰ</span> <span class='ocrx_word' id='word_1_576' title='bbox 2025 1751 2065 1788; x_wconf 80' lang='grc' dir='ltr'>τὸ</span> <span class='ocrx_word' id='word_1_577' title='bbox 2085 1750 2223 1795; x_wconf 83' lang='grc' dir='ltr'>ἀσθενὲς</span> <span class='ocrx_word' id='word_1_578' title='bbox 2248 1755 2311 1798; x_wconf 73' lang='grc' dir='ltr'>τῆς</span> 
     </span>
     <span class='ocr_line' id='line_1_81' title="bbox 1283 1811 2309 1866; baseline -0.002 -15"><span class='ocrx_word' id='word_1_579' title='bbox 1283 1813 1415 1866; x_wconf 78' lang='grc' dir='ltr'>φύσεως</span> <span class='ocrx_word' id='word_1_580' title='bbox 1433 1813 1618 1866; x_wconf 73' lang='grc' dir='ltr'>ἡμετέρας.</span> <span class='ocrx_word' id='word_1_581' title='bbox 1640 1812 1730 1851; x_wconf 83' lang='grc' dir='ltr'>Ἀλλ’</span> <span class='ocrx_word' id='word_1_582' title='bbox 1752 1812 1817 1865; x_wconf 78' lang='grc' dir='ltr'>δ’ρα</span> <span class='ocrx_word' id='word_1_583' title='bbox 1839 1812 1944 1851; x_wconf 85' lang='grc' dir='ltr'>πάλιν</span> <span class='ocrx_word' id='word_1_584' title='bbox 1963 1812 2020 1850; x_wconf 78' lang='grc' dir='ltr'>τὸν</span> <span class='ocrx_word' id='word_1_585' title='bbox 2043 1811 2173 1850; x_wconf 84' lang='grc' dir='ltr'>δίκαιον</span> <span class='ocrx_word' id='word_1_586' title='bbox 2190 1815 2309 1851; x_wconf 71' lang='grc' dir='ltr'>τοῦτον</span> 
     </span>
     <span class='ocr_line' id='line_1_82' title="bbox 1281 1871 2309 1925; baseline -0.002 -13"><span class='ocrx_word' id='word_1_587' title='bbox 1281 1874 1345 1921; x_wconf 76' lang='grc' dir='ltr'>τὴν</span> <span class='ocrx_word' id='word_1_588' title='bbox 1377 1874 1505 1912; x_wconf 83' lang='grc' dir='ltr'>οἰκείαν</span> <span class='ocrx_word' id='word_1_589' title='bbox 1537 1873 1798 1925; x_wconf 77' lang='grc' dir='ltr'>εὐγνωμοσύνην</span> <span class='ocrx_word' id='word_1_590' title='bbox 1833 1872 2122 1924; x_wconf 75' lang='grc' dir='ltr'>ἐπιδεικνύμενον.</span> <span class='ocrx_word' id='word_1_591' title='bbox 2151 1871 2309 1918; x_wconf 80' lang='grc' dir='ltr'>Ἔστησε</span> 
     </span>
     <span class='ocr_line' id='line_1_83' title="bbox 1282 1928 2312 1989; baseline -0.003 -14"><span class='ocrx_word' id='word_1_592' title='bbox 1282 1936 1373 1989; x_wconf 79' lang='grc' dir='ltr'>γὰρ,</span> <span class='ocrx_word' id='word_1_593' title='bbox 1402 1936 1520 1988; x_wconf 63' lang='grc' dir='ltr'>φησὶν,</span> <span class='ocrx_word' id='word_1_594' title='bbox 1545 1935 1676 1974; x_wconf 71' lang='grc' dir='ltr'>Ἰακὼὸ</span> <span class='ocrx_word' id='word_1_595' title='bbox 1703 1936 1835 1983; x_wconf 71' lang='grc' dir='ltr'>στήλην</span> <span class='ocrx_word' id='word_1_596' title='bbox 1857 1934 1989 1982; x_wconf 86' lang='grc' dir='ltr'>λιθίνην</span> <span class='ocrx_word' id='word_1_597' title='bbox 2017 1936 2052 1972; x_wconf 83' lang='grc' dir='ltr'>ἐν</span> <span class='ocrx_word' id='word_1_598' title='bbox 2071 1937 2121 1987; x_wconf 79' lang='grc' dir='ltr'>τῷ</span> <span class='ocrx_word' id='word_1_599' title='bbox 2146 1934 2264 1986; x_wconf 85' lang='grc' dir='ltr'>τόπῳ,</span> <span class='ocrx_word' id='word_1_600' title='bbox 2281 1928 2312 1986; x_wconf 70' lang='grc' dir='ltr'>ᾧ</span> 
     </span>
     <span class='ocr_line' id='line_1_84' title="bbox 1283 1995 2308 2049; baseline -0.004 -12"><span class='ocrx_word' id='word_1_601' title='bbox 1283 1999 1431 2045; x_wconf 82' lang='grc' dir='ltr'>ἕλάλησε</span> <span class='ocrx_word' id='word_1_602' title='bbox 1463 2001 1537 2049; x_wconf 86' lang='grc' dir='ltr'>μετ’</span> <span class='ocrx_word' id='word_1_603' title='bbox 1561 1999 1664 2036; x_wconf 72' lang='grc' dir='ltr'>αὐτοῦ</span> <span class='ocrx_word' id='word_1_604' title='bbox 1681 2000 1698 2035; x_wconf 84' lang='grc' dir='ltr'>ὅ</span> <span class='ocrx_word' id='word_1_605' title='bbox 1719 1997 1828 2045; x_wconf 80' lang='grc' dir='ltr'>Θεὸς,</span> <span class='ocrx_word' id='word_1_606' title='bbox 1849 1996 1910 2035; x_wconf 71' lang='grc' dir='ltr'>καὶ</span> <span class='ocrx_word' id='word_1_607' title='bbox 1929 1996 2085 2034; x_wconf 81' lang='grc' dir='ltr'>ἔσπεισεν</span> <span class='ocrx_word' id='word_1_608' title='bbox 2118 1998 2172 2034; x_wconf 80' lang='grc' dir='ltr'>ἐπ’</span> <span class='ocrx_word' id='word_1_609' title='bbox 2198 1995 2308 2042; x_wconf 80' lang='grc' dir='ltr'>αὐτὴν</span> 
     </span>
     <span class='ocr_line' id='line_1_85' title="bbox 1283 2056 2310 2110; baseline -0.003 -13"><span class='ocrx_word' id='word_1_610' title='bbox 1283 2059 1448 2107; x_wconf 70' lang='grc' dir='ltr'>σπονδὴν,</span> <span class='ocrx_word' id='word_1_611' title='bbox 1478 2059 1538 2097; x_wconf 81' lang='grc' dir='ltr'>καὶ</span> <span class='ocrx_word' id='word_1_612' title='bbox 1567 2058 1710 2110; x_wconf 77' lang='grc' dir='ltr'>ἐπέχεεν</span> <span class='ocrx_word' id='word_1_613' title='bbox 1730 2058 1859 2104; x_wconf 79' lang='grc' dir='ltr'>ἔλαιον,</span> <span class='ocrx_word' id='word_1_614' title='bbox 1889 2057 1948 2095; x_wconf 81' lang='grc' dir='ltr'>καὶ</span> <span class='ocrx_word' id='word_1_615' title='bbox 1969 2057 2112 2095; x_wconf 82' lang='grc' dir='ltr'>ἐκάλεσε</span> <span class='ocrx_word' id='word_1_616' title='bbox 2143 2056 2182 2094; x_wconf 84' lang='grc' dir='ltr'>τὸ</span> <span class='ocrx_word' id='word_1_617' title='bbox 2201 2057 2310 2108; x_wconf 82' lang='grc' dir='ltr'>ὄνομα</span> 
     </span>
     <span class='ocr_line' id='line_1_86' title="bbox 1282 2114 2310 2172; baseline -0.002 -14"><span class='ocrx_word' id='word_1_618' title='bbox 1282 2126 1340 2160; x_wconf 78' lang='grc' dir='ltr'>τοῦ</span> <span class='ocrx_word' id='word_1_619' title='bbox 1359 2121 1478 2166; x_wconf 84' lang='grc' dir='ltr'>τόπου,</span> <span class='ocrx_word' id='word_1_620' title='bbox 1496 2122 1531 2158; x_wconf 82' lang='grc' dir='ltr'>ἐν</span> <span class='ocrx_word' id='word_1_621' title='bbox 1554 2114 1582 2172; x_wconf 70' lang='grc' dir='ltr'>ᾧ</span> <span class='ocrx_word' id='word_1_622' title='bbox 1598 2120 1747 2166; x_wconf 81' lang='grc' dir='ltr'>ἐλάλησε</span> <span class='ocrx_word' id='word_1_623' title='bbox 1765 2121 1840 2169; x_wconf 88' lang='grc' dir='ltr'>μετ’</span> <span class='ocrx_word' id='word_1_624' title='bbox 1863 2120 1969 2156; x_wconf 80' lang='grc' dir='ltr'>αὐτοῦ</span> <span class='ocrx_word' id='word_1_625' title='bbox 1982 2148 1991 2165; x_wconf 89' lang='grc'>,</span> <span class='ocrx_word' id='word_1_626' title='bbox 2012 2117 2160 2163; x_wconf 84' lang='grc' dir='ltr'>Βαιθήλ.</span> <span class='ocrx_word' id='word_1_627' title='bbox 2177 2118 2310 2156; x_wconf 85' lang='grc' dir='ltr'>Σκόπει</span> 
     </span>
     <span class='ocr_line' id='line_1_87' title="bbox 1282 2178 2310 2233; baseline -0.003 -15"><span class='ocrx_word' id='word_1_628' title='bbox 1282 2184 1355 2224; x_wconf 75' lang='grc' dir='ltr'>πῶς</span> <span class='ocrx_word' id='word_1_629' title='bbox 1379 2181 1432 2218; x_wconf 77' lang='grc' dir='ltr'>ἀεὶ</span> <span class='ocrx_word' id='word_1_630' title='bbox 1454 2186 1530 2224; x_wconf 84' lang='grc' dir='ltr'>ταῖς</span> <span class='ocrx_word' id='word_1_631' title='bbox 1556 2180 1805 2233; x_wconf 83' lang='grc' dir='ltr'>προσηγορίαις</span> <span class='ocrx_word' id='word_1_632' title='bbox 1831 2182 1899 2216; x_wconf 80' lang='grc' dir='ltr'>τῶν</span> <span class='ocrx_word' id='word_1_633' title='bbox 1920 2178 2036 2216; x_wconf 87' lang='grc' dir='ltr'>τόπων</span> <span class='ocrx_word' id='word_1_634' title='bbox 2058 2179 2208 2223; x_wconf 77' lang='grc' dir='ltr'>ἅληστον</span> <span class='ocrx_word' id='word_1_635' title='bbox 2227 2181 2244 2216; x_wconf 85' lang='grc' dir='ltr'>ὁ</span> <span class='ocrx_word' id='word_1_636' title='bbox 2261 2178 2310 2216; x_wconf 87' lang='grc' dir='ltr'>δί-</span> 
     </span>
     <span class='ocr_line' id='line_1_88' title="bbox 1282 2235 2309 2290; baseline -0.002 -11"><span class='ocrx_word' id='word_1_637' title='bbox 1282 2257 1377 2284; x_wconf 83' lang='grc' dir='ltr'>καιος</span> <span class='ocrx_word' id='word_1_638' title='bbox 1401 2235 1498 2283; x_wconf 66' lang='grc' dir='ltr'>οἶτος</span> <span class='ocrx_word' id='word_1_639' title='bbox 1516 2240 1578 2287; x_wconf 82' lang='grc' dir='ltr'>τὴν</span> <span class='ocrx_word' id='word_1_640' title='bbox 1601 2240 1743 2290; x_wconf 82' lang='grc' dir='ltr'>μνήμην</span> <span class='ocrx_word' id='word_1_641' title='bbox 1766 2239 2024 2286; x_wconf 81' lang='grc' dir='ltr'>ἐναποτίθεται,</span> <span class='ocrx_word' id='word_1_642' title='bbox 2046 2238 2135 2277; x_wconf 74' lang='grc' dir='ltr'>ὥστε</span> <span class='ocrx_word' id='word_1_643' title='bbox 2155 2239 2214 2277; x_wconf 81' lang='grc' dir='ltr'>καὶ</span> <span class='ocrx_word' id='word_1_644' title='bbox 2234 2245 2309 2282; x_wconf 91' lang='grc' dir='ltr'>ταῖς</span> 
     </span>
     <span class='ocr_line' id='line_1_89' title="bbox 1283 2299 2308 2352; baseline 0 -14"><span class='ocrx_word' id='word_1_645' title='bbox 1283 2300 1371 2351; x_wconf 81' lang='grc' dir='ltr'>μετὰ</span> <span class='ocrx_word' id='word_1_646' title='bbox 1402 2306 1510 2339; x_wconf 78' lang='grc' dir='ltr'>ταῦτα</span> <span class='ocrx_word' id='word_1_647' title='bbox 1529 2305 1661 2352; x_wconf 86' lang='grc' dir='ltr'>γενεαῖς</span> <span class='ocrx_word' id='word_1_648' title='bbox 1693 2300 1889 2346; x_wconf 82' lang='grc' dir='ltr'>κατάδηλον</span> <span class='ocrx_word' id='word_1_649' title='bbox 1916 2299 2071 2352; x_wconf 86' lang='grc' dir='ltr'>γίνεσθαι</span> <span class='ocrx_word' id='word_1_650' title='bbox 2097 2299 2159 2347; x_wconf 76' lang='grc' dir='ltr'>τὴν</span> <span class='ocrx_word' id='word_1_651' title='bbox 2192 2299 2308 2338; x_wconf 83' lang='grc' dir='ltr'>αὐτόθι</span> 
     </span>
     <span class='ocr_line' id='line_1_90' title="bbox 1280 2361 2308 2413; baseline -0.001 -13"><span class='ocrx_word' id='word_1_652' title='bbox 1280 2361 1511 2413; x_wconf 72' lang='grc' dir='ltr'>γεγενημένην</span> <span class='ocrx_word' id='word_1_653' title='bbox 1529 2361 1698 2400; x_wconf 86' lang='grc' dir='ltr'>ὀπτασίαν</span> <span class='ocrx_word' id='word_1_654' title='bbox 1716 2364 1765 2412; x_wconf 74' lang='grc' dir='ltr'>τῷ</span> <span class='ocrx_word' id='word_1_655' title='bbox 1778 2361 1916 2413; x_wconf 74' lang='grc' dir='ltr'>δικαίῳ.</span> <span class='ocrx_word' id='word_1_656' title='bbox 1938 2361 2008 2399; x_wconf 76' lang='grc' dir='ltr'>Καὶ</span> <span class='ocrx_word' id='word_1_657' title='bbox 2022 2361 2176 2412; x_wconf 83' lang='grc' dir='ltr'>ἀπάρας,</span> <span class='ocrx_word' id='word_1_658' title='bbox 2191 2361 2308 2413; x_wconf 71' lang='grc' dir='ltr'>φησὶν,</span> 
     </span>
     <span class='ocr_line' id='line_1_91' title="bbox 1282 2422 2307 2474; baseline -0.001 -13"><span class='ocrx_word' id='word_1_659' title='bbox 1282 2423 1410 2462; x_wconf 67' lang='grc' dir='ltr'>Ἰακὼὸ</span> <span class='ocrx_word' id='word_1_660' title='bbox 1441 2423 1543 2470; x_wconf 77' lang='grc' dir='ltr'>ἔπηξε</span> <span class='ocrx_word' id='word_1_661' title='bbox 1572 2423 1636 2469; x_wconf 73' lang='grc' dir='ltr'>τὴν</span> <span class='ocrx_word' id='word_1_662' title='bbox 1667 2422 1798 2469; x_wconf 73' lang='grc' dir='ltr'>σκηνὴν</span> <span class='ocrx_word' id='word_1_663' title='bbox 1823 2425 1924 2461; x_wconf 73' lang='grc' dir='ltr'>αὐτοῦ</span> <span class='ocrx_word' id='word_1_664' title='bbox 1948 2422 2111 2460; x_wconf 77' lang='grc' dir='ltr'>ἐπέκεινα</span> <span class='ocrx_word' id='word_1_665' title='bbox 2131 2426 2189 2461; x_wconf 74' lang='grc' dir='ltr'>τοῦ</span> <span class='ocrx_word' id='word_1_666' title='bbox 2218 2422 2307 2474; x_wconf 85' lang='grc' dir='ltr'>πύρ-</span> 
     </span>
     <span class='ocr_line' id='line_1_92' title="bbox 1281 2482 2307 2537; baseline -0.002 -15"><span class='ocrx_word' id='word_1_667' title='bbox 1281 2501 1340 2535; x_wconf 80' lang='grc' dir='ltr'>γου</span> <span class='ocrx_word' id='word_1_668' title='bbox 1364 2485 1493 2537; x_wconf 77' lang='grc' dir='ltr'>Γαδήρ.</span> <span class='ocrx_word' id='word_1_669' title='bbox 1528 2483 1748 2536; x_wconf 78' lang='grc' dir='ltr'>Προσωτέρω</span> <span class='ocrx_word' id='word_1_670' title='bbox 1783 2484 1888 2522; x_wconf 83' lang='grc' dir='ltr'>πάλιν</span> <span class='ocrx_word' id='word_1_671' title='bbox 1918 2486 2093 2536; x_wconf 80' lang='grc' dir='ltr'>ἀναχωρεῖ</span> <span class='ocrx_word' id='word_1_672' title='bbox 2113 2486 2130 2521; x_wconf 88' lang='grc' dir='ltr'>ὁ</span> <span class='ocrx_word' id='word_1_673' title='bbox 2149 2482 2280 2526; x_wconf 83' lang='grc' dir='ltr'>δίκαιος</span> <span class='ocrx_word' id='word_1_674' title='bbox 2297 2513 2307 2530; x_wconf 89' lang='grc'>,</span> 
     </span>
     <span class='ocr_line' id='line_1_93' title="bbox 1281 2542 2306 2597; baseline -0.002 -14"><span class='ocrx_word' id='word_1_675' title='bbox 1281 2546 1502 2596; x_wconf 81' lang='grc' dir='ltr'>ἐπειγόμενος</span> <span class='ocrx_word' id='word_1_676' title='bbox 1534 2545 1624 2583; x_wconf 81' lang='grc' dir='ltr'>κατὰ</span> <span class='ocrx_word' id='word_1_677' title='bbox 1659 2545 1782 2596; x_wconf 82' lang='grc' dir='ltr'>μικρὸν</span> <span class='ocrx_word' id='word_1_678' title='bbox 1820 2545 1949 2597; x_wconf 76' lang='grc' dir='ltr'>φθάσαι</span> <span class='ocrx_word' id='word_1_679' title='bbox 1979 2544 2036 2581; x_wconf 80' lang='grc' dir='ltr'>τὸν</span> <span class='ocrx_word' id='word_1_680' title='bbox 2069 2544 2188 2589; x_wconf 86' lang='grc' dir='ltr'>τόπον,</span> <span class='ocrx_word' id='word_1_681' title='bbox 2225 2542 2306 2582; x_wconf 80' lang='grc' dir='ltr'>ἔνθα</span> 
     </span>
     <span class='ocr_line' id='line_1_94' title="bbox 1282 2601 2306 2659; baseline -0.003 -14"><span class='ocrx_word' id='word_1_682' title='bbox 1282 2607 1432 2659; x_wconf 82' lang='grc' dir='ltr'>κατῴκει</span> <span class='ocrx_word' id='word_1_683' title='bbox 1458 2611 1476 2645; x_wconf 84' lang='grc' dir='ltr'><strong>ὁ</strong></span> <span class='ocrx_word' id='word_1_684' title='bbox 1504 2607 1638 2645; x_wconf 83' lang='grc' dir='ltr'>Ἰσαάκ.</span> <span class='ocrx_word' id='word_1_685' title='bbox 1670 2601 1780 2654; x_wconf 66' lang='grc' dir='ltr'>Εἶτα,</span> <span class='ocrx_word' id='word_1_686' title='bbox 1806 2606 1921 2657; x_wconf 74' lang='grc' dir='ltr'>φησὶν,</span> <span class='ocrx_word' id='word_1_687' title='bbox 1940 2604 2057 2643; x_wconf 63' lang='lat' dir='ltr'>³⁶²0oe</span> <span class='ocrx_word' id='word_1_688' title='bbox 2092 2605 2216 2655; x_wconf 81' lang='grc' dir='ltr'>ἥγγισε</span> <span class='ocrx_word' id='word_1_689' title='bbox 2246 2609 2306 2643; x_wconf 73' lang='grc' dir='ltr'>τοῦ</span> 
     </span>
     <span class='ocr_line' id='line_1_95' title="bbox 1284 2665 2305 2718; baseline -0.003 -13"><span class='ocrx_word' id='word_1_690' title='bbox 1284 2669 1444 2706; x_wconf 83' lang='grc' dir='ltr'>εἰσελθεῖν</span> <span class='ocrx_word' id='word_1_691' title='bbox 1465 2669 1511 2711; x_wconf 89' lang='grc' dir='ltr'>εἷς</span> <span class='ocrx_word' id='word_1_692' title='bbox 1538 2667 1711 2718; x_wconf 66' lang='grc' dir='ltr'>Ἐ’ρραθᾶ,</span> <span class='ocrx_word' id='word_1_693' title='bbox 1729 2670 1750 2712; x_wconf 84' lang='grc' dir='ltr'>ἡ</span> <span class='ocrx_word' id='word_1_694' title='bbox 1771 2665 1911 2717; x_wconf 63' lang='grc' dir='ltr'>Ῥαχὴλ</span> <span class='ocrx_word' id='word_1_695' title='bbox 1937 2665 2165 2713; x_wconf 83' lang='grc' dir='ltr'>ἐδυστόκησεν</span> <span class='ocrx_word' id='word_1_696' title='bbox 2191 2668 2225 2704; x_wconf 82' lang='grc' dir='ltr'>ἐν</span> <span class='ocrx_word' id='word_1_697' title='bbox 2255 2667 2305 2717; x_wconf 79' lang='grc' dir='ltr'>τῷ</span> 
     </span>
     <span class='ocr_line' id='line_1_96' title="bbox 1280 2726 2304 2780; baseline -0.002 -15"><span class='ocrx_word' id='word_1_698' title='bbox 1280 2727 1383 2780; x_wconf 82' lang='grc' dir='ltr'>τόκῳ.</span> <span class='ocrx_word' id='word_1_699' title='bbox 1415 2728 1484 2765; x_wconf 74' lang='grc' dir='ltr'>Καὶ</span> <span class='ocrx_word' id='word_1_700' title='bbox 1514 2727 1648 2779; x_wconf 79' lang='grc' dir='ltr'>ἐγένετο</span> <span class='ocrx_word' id='word_1_701' title='bbox 1681 2729 1716 2764; x_wconf 80' lang='grc' dir='ltr'>ἐν</span> <span class='ocrx_word' id='word_1_702' title='bbox 1746 2730 1796 2778; x_wconf 77' lang='grc' dir='ltr'>τῷ</span> <span class='ocrx_word' id='word_1_703' title='bbox 1825 2728 1984 2778; x_wconf 80' lang='grc' dir='ltr'>σκληρῶς</span> <span class='ocrx_word' id='word_1_704' title='bbox 2017 2726 2122 2773; x_wconf 80' lang='grc' dir='ltr'>αὐτὴν</span> <span class='ocrx_word' id='word_1_705' title='bbox 2150 2726 2304 2774; x_wconf 84' lang='grc' dir='ltr'>τίκτειν,</span> 
     </span>
     <span class='ocr_line' id='line_1_97' title="bbox 1281 2781 2304 2840; baseline -0.004 -13"><span class='ocrx_word' id='word_1_706' title='bbox 1281 2782 1372 2827; x_wconf 62' lang='grc' dir='ltr'>εἶπεν</span> <span class='ocrx_word' id='word_1_707' title='bbox 1393 2791 1478 2839; x_wconf 77' lang='grc' dir='ltr'>αὐτῇ</span> <span class='ocrx_word' id='word_1_708' title='bbox 1495 2792 1516 2834; x_wconf 78' lang='grc' dir='ltr'>ἡ</span> <span class='ocrx_word' id='word_1_709' title='bbox 1538 2793 1644 2838; x_wconf 88' lang='grc' dir='ltr'>μαῖα·</span> <span class='ocrx_word' id='word_1_710' title='bbox 1666 2787 1803 2840; x_wconf 85' lang='grc' dir='ltr'>θάρσει·</span> <span class='ocrx_word' id='word_1_711' title='bbox 1835 2787 1893 2825; x_wconf 80' lang='grc' dir='ltr'>καὶ</span> <span class='ocrx_word' id='word_1_712' title='bbox 1917 2786 1985 2839; x_wconf 74' lang='grc' dir='ltr'>γὰρ</span> <span class='ocrx_word' id='word_1_713' title='bbox 2011 2781 2108 2830; x_wconf 71' lang='grc' dir='ltr'>οῧτός</span> <span class='ocrx_word' id='word_1_714' title='bbox 2135 2786 2189 2825; x_wconf 89' lang='grc' dir='ltr'>σοί</span> <span class='ocrx_word' id='word_1_715' title='bbox 2209 2789 2304 2824; x_wconf 82' lang='grc' dir='ltr'>ἐστιν</span> 
     </span>
     <span class='ocr_line' id='line_1_98' title="bbox 1279 2847 2304 2900; baseline -0.003 -13"><span class='ocrx_word' id='word_1_716' title='bbox 1279 2850 1360 2893; x_wconf 83' lang='grc' dir='ltr'>υἱός.</span> <span class='ocrx_word' id='word_1_717' title='bbox 1384 2848 1444 2895; x_wconf 83' lang='grc' dir='ltr'>Μὴ</span> <span class='ocrx_word' id='word_1_718' title='bbox 1470 2848 1616 2899; x_wconf 84' lang='grc' dir='ltr'>ἀγωνία,</span> <span class='ocrx_word' id='word_1_719' title='bbox 1644 2848 1747 2899; x_wconf 80' lang='grc' dir='ltr'>φησί·</span> <span class='ocrx_word' id='word_1_720' title='bbox 1780 2847 1859 2899; x_wconf 81' lang='grc' dir='ltr'>τέξῃ</span> <span class='ocrx_word' id='word_1_721' title='bbox 1883 2847 1950 2900; x_wconf 76' lang='grc' dir='ltr'>γὰρ</span> <span class='ocrx_word' id='word_1_722' title='bbox 1976 2847 2061 2884; x_wconf 80' lang='grc' dir='ltr'>υἱόν.</span> <span class='ocrx_word' id='word_1_723' title='bbox 2094 2849 2138 2886; x_wconf 82' lang='grc' dir='ltr'>Εἰ</span> <span class='ocrx_word' id='word_1_724' title='bbox 2157 2847 2224 2899; x_wconf 81' lang='grc' dir='ltr'>γὰρ</span> <span class='ocrx_word' id='word_1_725' title='bbox 2243 2847 2304 2886; x_wconf 84' lang='grc' dir='ltr'>καὶ</span> 
     </span>
     <span class='ocr_line' id='line_1_99' title="bbox 1279 2907 2301 2958; baseline -0.002 -10"><span class='ocrx_word' id='word_1_726' title='bbox 1279 2909 1502 2948; x_wconf 80' lang='grc' dir='ltr'>διακόπτουσί</span> <span class='ocrx_word' id='word_1_727' title='bbox 1533 2925 1571 2947; x_wconf 88' lang='grc' dir='ltr'>σε</span> <span class='ocrx_word' id='word_1_728' title='bbox 1605 2912 1640 2946; x_wconf 87' lang='grc' dir='ltr'>αἱ</span> <span class='ocrx_word' id='word_1_729' title='bbox 1680 2909 1818 2954; x_wconf 77' lang='grc' dir='ltr'>ὠδῖνες,</span> <span class='ocrx_word' id='word_1_730' title='bbox 1852 2909 1929 2945; x_wconf 83' lang='grc' dir='ltr'>ἀλλ’</span> <span class='ocrx_word' id='word_1_731' title='bbox 1965 2907 2060 2958; x_wconf 75' lang='grc' dir='ltr'>ὅμως</span> <span class='ocrx_word' id='word_1_732' title='bbox 2095 2907 2180 2952; x_wconf 77' lang='grc' dir='ltr'>ἕξεις</span> <span class='ocrx_word' id='word_1_733' title='bbox 2216 2908 2301 2946; x_wconf 78' lang='grc' dir='ltr'>υἱόν.</span> 
     </span>
     <span class='ocr_line' id='line_1_100' title="bbox 1277 2967 2299 3023; baseline -0.004 -14"><span class='ocrx_word' id='word_1_734' title='bbox 1277 2971 1436 3023; x_wconf 80' lang='grc' dir='ltr'>Ἐγένετο</span> <span class='ocrx_word' id='word_1_735' title='bbox 1467 2970 1502 3008; x_wconf 77' lang='grc' dir='ltr'>δὲ</span> <span class='ocrx_word' id='word_1_736' title='bbox 1537 2972 1573 3008; x_wconf 82' lang='grc' dir='ltr'>ἐν</span> <span class='ocrx_word' id='word_1_737' title='bbox 1605 2971 1655 3021; x_wconf 79' lang='grc' dir='ltr'>τῷ</span> <span class='ocrx_word' id='word_1_738' title='bbox 1687 2971 1823 3021; x_wconf 71' lang='grc' dir='ltr'>ἀφιέναι</span> <span class='ocrx_word' id='word_1_739' title='bbox 1853 2968 1960 3014; x_wconf 72' lang='grc' dir='ltr'>αὐτὴν</span> <span class='ocrx_word' id='word_1_740' title='bbox 1983 2967 2045 3015; x_wconf 76' lang='grc' dir='ltr'>τὴν</span> <span class='ocrx_word' id='word_1_741' title='bbox 2065 2968 2192 3019; x_wconf 71' lang='grc' dir='ltr'>ψυχὴν,</span> <span class='ocrx_word' id='word_1_742' title='bbox 2213 2967 2299 3006; x_wconf 85' lang='grc' dir='ltr'>ἀπέ-</span> 
     </span>
     <span class='ocr_line' id='line_1_101' title="bbox 1557 3029 2301 3079; baseline 0 -12"><span class='ocrx_word' id='word_1_743' title='bbox 1557 3029 1642 3067; x_wconf 72' lang='grc' dir='ltr'>ι’καὶ</span> <span class='ocrx_word' id='word_1_744' title='bbox 1676 3029 1820 3068; x_wconf 84' lang='grc' dir='ltr'>ἐκάλεσε</span> <span class='ocrx_word' id='word_1_745' title='bbox 1852 3030 1892 3068; x_wconf 81' lang='grc' dir='ltr'>τὸ</span> <span class='ocrx_word' id='word_1_746' title='bbox 1925 3029 2034 3079; x_wconf 86' lang='grc' dir='ltr'>ὄνομα</span> <span class='ocrx_word' id='word_1_747' title='bbox 2071 3031 2194 3075; x_wconf 70' lang='grc' dir='ltr'>αὐτοῦ,</span> <span class='ocrx_word' id='word_1_748' title='bbox 2231 3029 2301 3072; x_wconf 79' lang='grc' dir='ltr'>υἱὸς</span> 
     </span>
    </p>
   </div>
   <div class='ocr_carea' id='block_1_18' title="bbox 1285 3193 2300 3398">
    <p class='ocr_par' dir='ltr' id='par_1_20' title="bbox 1285 3193 2300 3335">
     <span class='ocr_line' id='line_1_102' title="bbox 1285 3193 2300 3240; baseline -0.005 -9"><span class='ocrx_word' id='word_1_749' title='bbox 1285 3206 1322 3238; x_wconf 66' lang='lat'>2¹,-</span> <span class='ocrx_word' id='word_1_750' title='bbox 1340 3203 1485 3240; x_wconf 64' lang='grc' dir='ltr'>Χαεραθύ,</span> <span class='ocrx_word' id='word_1_751' title='bbox 1518 3196 1630 3229; x_wconf 81' lang='lat' dir='ltr'>omisit</span> <span class='ocrx_word' id='word_1_752' title='bbox 1649 3196 1920 3240; x_wconf 76' lang='lat' dir='ltr'>Clirysostomus,</span> <span class='ocrx_word' id='word_1_753' title='bbox 1940 3194 1991 3227; x_wconf 74' lang='lat' dir='ltr'>vel</span> <span class='ocrx_word' id='word_1_754' title='bbox 2015 3193 2164 3227; x_wconf 80' lang='lat' dir='ltr'>fortassiS</span> <span class='ocrx_word' id='word_1_755' title='bbox 2181 3195 2212 3226; x_wconf 91' lang='lat' dir='ltr'>in</span> <span class='ocrx_word' id='word_1_756' title='bbox 2231 3195 2300 3238; x_wconf 79' lang='lat' dir='ltr'>ejus</span> 
     </span>
     <span class='ocr_line' id='line_1_103' title="bbox 1285 3245 2296 3292; baseline -0.003 -10"><span class='ocrx_word' id='word_1_757' title='bbox 1285 3250 1464 3292; x_wconf 77' lang='lat' dir='ltr'>exemplari</span> <span class='ocrx_word' id='word_1_758' title='bbox 1480 3261 1544 3282; x_wconf 87' lang='lat' dir='ltr'>non</span> <span class='ocrx_word' id='word_1_759' title='bbox 1568 3248 1747 3281; x_wconf 82' lang='lat' dir='ltr'>ferebatur.</span> <span class='ocrx_word' id='word_1_760' title='bbox 1768 3250 1816 3280; x_wconf 89' lang='lat' dir='ltr'>De</span> <span class='ocrx_word' id='word_1_761' title='bbox 1839 3247 1900 3279; x_wconf 85' lang='lat' dir='ltr'>hac</span> <span class='ocrx_word' id='word_1_762' title='bbox 1919 3245 1992 3279; x_wconf 75' lang='lat' dir='ltr'>vide</span> <span class='ocrx_word' id='word_1_763' title='bbox 2010 3247 2042 3278; x_wconf 88' lang='lat' dir='ltr'>in</span> <span class='ocrx_word' id='word_1_764' title='bbox 2059 3245 2216 3289; x_wconf 80' lang='lat' dir='ltr'>Hexaplis</span> <span class='ocrx_word' id='word_1_765' title='bbox 2233 3258 2296 3279; x_wconf 90' lang='lat' dir='ltr'>no-</span> 
     </span>
     <span class='ocr_line' id='line_1_104' title="bbox 1287 3300 1816 3335; baseline -0.009 0"><span class='ocrx_word' id='word_1_766' title='bbox 1287 3304 1362 3335; x_wconf 83' lang='lat' dir='ltr'>stris</span> <span class='ocrx_word' id='word_1_767' title='bbox 1376 3301 1417 3334; x_wconf 82' lang='lat' dir='ltr'>nd</span> <span class='ocrx_word' id='word_1_768' title='bbox 1438 3300 1523 3332; x_wconf 71' lang='lat' dir='ltr'>hunc</span> <span class='ocrx_word' id='word_1_769' title='bbox 1541 3301 1676 3334; x_wconf 81' lang='lat' dir='ltr'>Genesis</span> <span class='ocrx_word' id='word_1_770' title='bbox 1693 3300 1816 3332; x_wconf 86' lang='lat' dir='ltr'>locum.</span> 
     </span>
    </p>

    <p class='ocr_par' dir='ltr' id='par_1_21' title="bbox 1332 3352 1900 3398">
     <span class='ocr_line' id='line_1_105' title="bbox 1332 3352 1900 3398; baseline -0.004 -11"><span class='ocrx_word' id='word_1_771' title='bbox 1332 3357 1346 3380; x_wconf 78' lang='grc' dir='ltr'>Ι·</span> <span class='ocrx_word' id='word_1_772' title='bbox 1364 3353 1463 3398; x_wconf 85' lang='lat' dir='ltr'>[Bibl.</span> <span class='ocrx_word' id='word_1_773' title='bbox 1479 3362 1510 3386; x_wconf 81' lang='lat' dir='ltr'>et</span> <span class='ocrx_word' id='word_1_774' title='bbox 1528 3353 1626 3386; x_wconf 85' lang='lat' dir='ltr'>Coisl.</span> <span class='ocrx_word' id='word_1_775' title='bbox 1647 3353 1807 3385; x_wconf 80' lang='lat' dir='ltr'>omittunt</span> <span class='ocrx_word' id='word_1_776' title='bbox 1824 3352 1900 3385; x_wconf 72' lang='grc' dir='ltr'>καὶ-1</span> 
     </span>
    </p>
   </div>
  </div>
 </body>
</html>
