2516 3791
673 211 732 241 DE
768 209 937 240 Davum
973 208 1028 238 ΕΤ
1067 206 1208 237 SAMF.
1246 207 1444 237 ltothtA
1483 207 1547 237 itt.
2033 192 2118 254 891

14 335 19 339 ,
71 297 253 348 ἀσέλγειαν
275 293 514 348 παράκλησις,
535 309 595 331 και
613 296 635 340 ἡ
665 295 734 331 τῶν
757 292 979 345 φθασάντων,
997 290 1056 328 καὶ
1076 292 1098 335 ἢ
1112 288 1358 353 ⁷⁷⁰1pselotus
1371 289 1794 336 adlasciyiaminvitans‚
1805 297 1880 326 tum
1897 289 2096 326 abiis-'iem
2093 305 2128 327 ι-

69 361 139 397 τῶν
167 357 256 409 μετὰ
270 372 382 395 ταυτα
411 355 665 406 ἀκουσμάτων·
698 358 719 402 ἡ
746 354 803 392 διὰ
822 357 890 392 τῶν
911 341 1132 405 συρίγγων,
1131 325 1328 388 ruatibus
1345 365 1424 401 quae
1441 359 1712 403 praecesserunt,
1733 359 1810 388 tum
1825 349 1927 388 abiis
1949 364 2009 400 qu:
2002 365 2029 386 e
2045 364 2127 388 con

69 423 91 466 ἡ
113 419 170 458 διὰ
182 421 250 457 τῶν
268 419 381 456 αὐλῶν
398 417 458 456 καὶ
476 419 545 455 τῶν
565 417 680 455 ἄλλων
708 419 777 454 τῶν
799 414 963 454 τοιούτων
990 415 1103 465 μελῳ-
1172 411 2128 463 sequutasunt?Acceduntirii1m11en1··2p01sisinium

71 479 128 518 δία
154 477 478 531 κατα-γοητεύουσά,
506 479 564 516 καὶ
579 479 619 516 τὸ
639 478 780 530 στεῤῥὸν
796 479 860 522 τῆς
871 474 1023 519 διανοίας
1038 490 1100 512 κα-
1172 475 1289 525 tibias,
1304 476 1446 528 aliaque
1455 477 1531 529 ejus
1542 476 1902 527 generismodulatio,
1918 475 1950 512 in
1965 475 2126 513 fraudem

69 540 362 592 ταμαλάττουσα,
381 540 442 578 καὶ
462 547 538 584 ταῖς
557 543 626 578 τῶν
641 542 777 592 πορνῶν
798 538 996 580 ἐπιίουλαῖς
1015 551 1101 587 προ·
1171 535 2126 589 illiciens,1nentisqucroburemollicns,acmeretricum

70 602 319 655 ευτρεπίζουσα
337 602 399 646 τὰς
415 605 483 640 τῶν
502 602 709 653 καθημένων
729 600 863 654 ψυχὰς,
891 600 950 638 καὶ
970 596 1101 637 εὐαλώ-
1172 597 1311 636 insidiis
1329 608 1363 636 et
1381 598 1617 637 delectatione
1646 613 1850 652 prcharans
1870 599 1944 636 illie
1965 597 2127 636 desiden-

69 680 149 709 τους
177 670 190 686 ³
205 669 363 704 ποιοῦσα.
395 666 439 703 Εἰ
462 665 530 716 γὰρ
562 666 709 703 ἐνταῦθα
723 693 732 711 ,
753 663 839 702 ὅπου
857 661 1011 715 ψαλμοὶ,
1041 659 1101 697 καὶ
1172 659 1263 697 tium
1282 660 1434 711 animos,
1456 661 1686 712 esliciensque
1708 670 1746 699 ut
1766 661 1908 699 facilius
1924 660 2123 712 capiantur.

71 725 190 779 εὐχαὶ,
219 726 278 764 καὶ
297 725 396 764 θείων
425 725 551 778 λογίων
572 726 757 777 ἀκρόασις,
778 723 837 763 καὶ
857 725 950 762 Θεοῧ
972 721 1077 774 φόὸος
1093 748 1103 766 ,
1174 719 1315 759 Etenim
1334 721 1361 760 si
1383 721 1454 770 hic,
1471 721 1534 760 ubi
1554 722 1697 775 psalmi,
1718 722 1778 759 ubi
1798 737 1930 774 preces,
1953 722 2013 759 ubi
2034 721 2129 759 divi-

71 788 130 828 καὶ
163 787 326 827 εὐλάὸεια
357 788 492 836 πολλὴ,
525 787 712 834 πολλάκις,
741 787 860 838 ὥσπερ
888 801 940 829 τις
970 783 1103 833 λῃστὴς
1173 795 1301 820 norum
1328 783 1553 835 eloquiorum
1583 784 1774 831 enarratio,
1808 784 1867 821 uhi
1897 784 1962 822 Dei
2003 793 2128 823 metus.

71 854 282 904 κακοῦργος,
315 851 470 888 λαθοῦσα
495 849 697 895 ἐπεισῆλθεν
715 850 738 894 ἡ
758 846 944 897 ἐπιθυμία·
964 847 1039 889 πῶς
1069 847 1101 883 οἱ
1173 843 1358 895 multaque
1378 845 1503 897 pietas,
1523 846 1737 896 frequenter,
1758 859 1819 883 ceu
1845 846 1934 883 latro
1948 845 2128 897 quispiam

71 913 107 950 ἐν
137 911 270 964 θεάτρῳ
293 911 503 961 καθήμενοι,
522 909 582 948 καὶ
603 908 710 960 μηδὲν
729 910 819 960 μήτε
837 911 1000 960 ὁρῶντες,
1016 906 1098 958 μήτ’
1173 915 1350 954 versutus,
1369 906 1462 945 clam
1475 907 1615 960 obrepit
1631 907 1914 960 coucupiscentia
1930 922 1937 943 :
1951 906 2130 958 quomodo

71 973 251 1017 ἀκούοντες
269 972 383 1025 ὑγιὲς,
411 971 502 1011 ἀλλὰ
520 973 652 1018 πολλῆς
671 971 836 1024 γέμοντες
851 970 1100 1022 αἷσ-χρότητος,
1173 967 1235 1017 qui
1253 967 1414 1007 desident
1437 969 1473 1007 in
1495 969 1648 1020 theatro,
1669 970 1730 1021 qui
1752 970 1843 1008 nihil
1871 969 1945 1007 sani
1978 970 2129 1009 audiunt

70 1035 202 1081 πολλῆς
218 1037 280 1081 τῆς
295 1033 473 1086 βλακείας,
488 1034 549 1072 καὶ
569 1033 626 1071 διὰ
639 1034 779 1072 πάντων
796 1031 1083 1086 πολιορκούμενοι
1094 1062 1103 1079 ,
1125 1037 1147 1067 B
1173 1027 1378 1081 videntque,
1390 1031 1453 1069 sed
1465 1031 1756 1070 multaditssuunt
1772 1031 2006 1084 turpitudine,
2018 1033 2127 1070 multa

70 1096 130 1135 καὶ
154 1095 199 1133 δι’
215 1095 330 1143 ὤτων,
348 1095 409 1134 καὶ
427 1097 470 1134 δι’
487 1097 689 1147 ὀφθαλμῶν,
710 1095 856 1134 δύναιντ’
875 1093 914 1131 ἂν
937 1092 1102 1145 ἀνώτεροι
1174 1091 1346 1142 nequitia,
1360 1093 1421 1144 qui
1435 1093 1595 1145 undique
1613 1093 1835 1132 obsidionem
1854 1094 2053 1146 patiuntur,
2071 1109 2132 1147 per

70 1156 230 1209 γενέσθαι
248 1161 309 1204 τῆς
324 1164 480 1210 πονηρᾶς
496 1157 631 1204 ἐκείνης
646 1156 833 1208 ἐπιθυμίας
848 1173 856 1203 ;
876 1155 938 1202 Μὴ
955 1156 1102 1206 δυνάμε-
1174 1168 1293 1203 aures,
1315 1168 1378 1207 per
1399 1156 1538 1207 oculos,
1561 1156 1696 1209 possint
1715 1156 1847 1194 malam
1865 1169 2034 1207 superare
2048 1171 2130 1193 con-

72 1233 123 1256 νοι
146 1218 202 1264 δὲ,
229 1221 304 1263 πῶς
315 1218 521 1266 δυνήσονται
537 1222 606 1257 τῶν
618 1221 681 1264 τῆς
698 1217 856 1271 μοιχείας
870 1217 1102 1269 ἐγκλημάτων
1175 1215 1455 1268 cupiscentiam?
1469 1219 1626 1256 Rursum
1640 1218 1668 1256 si
1684 1232 1752 1256 non
1769 1225 1929 1270 possunt,
1951 1217 2132 1267 quomodo

72 1279 302 1332 ἀπηλλάχθαι
319 1280 406 1319 ποτέ
417 1297 426 1327 ;
444 1282 492 1319 Οἱ
518 1279 554 1318 δὲ
571 1283 638 1318 τῶν
658 1283 720 1327 τῆς
742 1279 902 1332 μοιχείας
923 1277 1104 1331 ἐγκλημά-
1176 1286 1344 1329 poterunt
1362 1293 1531 1330 umquam
1545 1279 1591 1317 al)
1609 1277 1775 1318 adulterii
1797 1278 1946 1316 crimine
1965 1278 2130 1316 absolvi?

71 1358 141 1380 των
167 1344 230 1380 οὐκ
249 1341 538 1394 ἀπηλλαγμένοι,
557 1345 632 1386 πῶς
649 1341 855 1388 δυνήσονται
869 1341 978 1395 χωρὶς
1000 1357 1105 1392 μετα·
1177 1339 1274 1376 Tum
1293 1339 1356 1390 qui
1376 1354 1446 1379 non
1466 1340 1571 1379 liberi
1591 1350 1673 1378 sunt
1695 1341 1740 1378 ab
1769 1339 1935 1378 adulterii
1969 1354 2007 1377 ei
2011 1339 2129 1389 imine,
2200 1354 2231 1380 A
2235 1354 2304 1380 auu„
2302 1366 2331 1380 ..

71 1402 167 1447 νοίας
190 1407 259 1443 τῶν
278 1403 386 1456 ἁγίων
405 1403 535 1443 τούτων
563 1404 730 1450 ἐπιὸἧναι
751 1403 945 1456 προθύρων,
964 1403 1024 1441 καὶ
1045 1407 1105 1441 τοῦ
1174 1401 1353 1452 quomodo
1371 1411 1540 1455 poterunt
1575 1403 1708 1453 absque
1739 1401 1945 1455 poenitentia
1974 1401 2019 1439 ad
2054 1402 2131 1440 hzee
2144 1397 2302 1466 ἰὲῑᾝιῐιᾙι·
2299 1408 2335 1422 “‘

72 1466 179 1504 καλοῦ
197 1464 318 1504 τούτου
338 1471 529 1517 μετασχεῖν
546 1465 739 1517 συλλόγου,
1174 1475 1275 1500 sacra
1286 1463 1463 1501 vestibula
1474 1463 1653 1513 accedere,
1672 1464 1853 1516 hujusque
1868 1463 2031 1515 piaeclari
2049 1477 2132 1501 con—

1176 1533 1303 1562 ventus
1315 1539 1390 1564 esse
1409 1525 1600 1578 participes
1610 1526 1628 1563 Ξ)

126 1590 191 1628 Διὸ
210 1588 252 1636 δὴ
271 1591 433 1643 παραινῶ
461 1589 520 1627 καὶ
541 1588 681 1640 δέομαι,
698 1588 866 1642 πρότερον
894 1588 1108 1641 ἐξομολογή-
1230 1588 1266 1624 Q.
1286 1585 1514 1639 Quapropter
1539 1586 1708 1637 equidem
1739 1586 1862 1623 hortor
1899 1599 2070 1637 rogoque,
2097 1595 2135 1623 ut

74 1666 128 1690 σει
155 1651 215 1689 καὶ
241 1649 407 1702 μετανοίᾳ
427 1650 487 1688 καὶ
505 1656 576 1694 τοῖς
595 1650 712 1694 ἄλλοις
740 1650 871 1688 ἅπασιν
901 1650 1107 1701 ἀποσμηξα-
1177 1647 1279 1699 prius
1295 1647 1511 1686 confessione
1525 1663 1564 1686 ac
1579 1647 1786 1701 poenitentia
1800 1646 1951 1698 aliisque
1968 1647 2135 1685 remediis

76 1712 198 1764 μένους
213 1712 277 1759 τὴν
301 1715 340 1752 ἐκ
358 1715 420 1759 τῆς
440 1715 511 1752 ἐκεῖ
541 1711 686 1763 θεωρίας
705 1711 893 1764 ἁμαρτίαν,
922 1712 1014 1750 οὕτω
1037 1715 1107 1750 τῶν
1130 1721 1154 1749 C
1178 1712 1345 1751 omnibus
1362 1727 1436 1752 sese
1454 1727 1475 1751 a
1489 1722 1632 1767 peccato
1658 1728 1702 1751 ex
1731 1712 1911 1751 theatricis
1927 1713 2136 1765 spectaculis

76 1774 175 1813 θείων
198 1777 392 1826 ἀκροᾶσθαι
420 1773 559 1825 λογίων.
585 1775 638 1811 Οὐ
658 1772 727 1825 γὰρ
749 1773 790 1811 τὸ
807 1773 913 1826 τυχὸν
933 1777 1018 1825 ἡμῖν
1049 1790 1108 1813 πε-
1179 1783 1358 1813 contracto
1377 1784 1610 1828 perpurgent,
1632 1784 1738 1826 atque
1754 1775 1803 1812 ita
1823 1774 1966 1812 divinos
1987 1774 2136 1812 audiant

73 1836 349 1887 πλημμέληται·
370 1835 430 1874 καὶ
451 1839 554 1874 τοῦτο
575 1834 634 1872 καὶ
665 1835 705 1873 ἐκ
729 1835 1025 1887 παραδειγμάτων
1042 1835 1108 1874 ἴδοι
1177 1849 1368 1875 sermones.
1392 1837 1516 1888 Neque
1535 1836 1630 1875 enim
1655 1835 1882 1874 mediocriter
1901 1850 1920 1874 a
1949 1836 2052 1875 nobis
2070 1836 2134 1874 de·

74 1913 127 1941 τις
146 1897 187 1934 ἂν
204 1900 334 1950 σαφῶς.
367 1898 410 1935 Εἰ
433 1897 502 1949 γάρ
523 1913 577 1940 τις
606 1896 744 1942 οἰκέτης
761 1898 810 1940 εἰς
832 1896 1012 1943 mensum,
1029 1897 1110 1937 ἔνθα
1178 1897 1356 1948 linquitur
1365 1913 1376 1948 3
1397 1897 1436 1936 id
1452 1897 1550 1949 quod
1577 1898 1623 1936 ab
1647 1897 1824 1950 exemplis
1853 1897 1970 1935 cuivis
1998 1898 2137 1951 perspi-

73 1957 119 1997 τὰ
139 1958 356 1998 δεσποτικὰε
348 1958 471 2010 ιμάτια
497 1957 701 1996 ἐναπέκειτο
736 1959 912 2006 πολυτελῆ
941 1958 1001 1997 καὶ
1031 1959 1110 1998 διά-
1180 1974 1243 2007 cue
1258 1959 1381 1998 videre
1395 1959 1492 1998 lieet.
1509 1961 1602 1999 Nam
1616 1961 1646 1998 si
1660 1960 1817 1998 famulus
1832 1959 1868 1998 in
1884 1959 2058 2009 arculam,
2074 1959 2136 1997 ubi

73 2036 210 2073 χρυσα,
243 2020 383 2072 ἱμάτιον
413 2019 570 2059 δουλικον
609 2019 718 2072 ῥύπου
746 2019 854 2095 γέμον
886 2019 945 2058 καὶ
970 2022 1109 2059 πολλῶν
1178 2020 1308 2059 herilia
1328 2021 1537 2061 vestimenta
1571 2021 1726 2074 pretiosa
1753 2036 1932 2072 aureaque
1957 2021 2139 2060 recondita

74 2085 143 2121 τῶν
171 2085 318 2135 φθειρῶν
346 2080 554 2128 εναπέθετο,
581 2086 648 2133 ἀρα
672 2080 712 2119 ἂν
731 2081 853 2133 πράως
871 2081 1022 2133 ἤνεγκας
1046 2081 1110 2130 τὴν
1181 2091 1278 2133 sunt,
1295 2082 1462 2120 servilem
1480 2083 1640 2121 tunicam
1658 2082 1825 2122 sordibus
1844 2097 1884 2122 ac
1900 2082 2024 2121 multis
2038 2082 2138 2135 pedi-

74 2142 188 2195 ῧὸριν,
219 2141 296 2180 εἰπέ
329 2157 409 2192 μοι;
426 2141 473 2179 'li
494 2140 548 2189 δε,
581 2141 614 2179 εἴ
640 2157 693 2185 τις
723 2144 770 2185 εἷς
794 2143 932 2217 ἀγγεῖον
957 2145 1109 2193 χρυσοῦν
1181 2145 1272 2183 culis
1292 2145 1458 2183 refertam
1478 2145 1654 2198 imponat,
1674 2160 1739 2198 age
1753 2145 1814 2184 dic
1833 2144 1938 2193 mihi,
1959 2159 2045 2183 num
2061 2159 2140 2183 eam

76 2203 170 2257 μύρα
186 2205 352 2249 διηνεκῶς
371 2202 463 2255 ἔγειν
480 2202 596 2246 εἰωθὸς
609 2233 618 2251 ,
635 2202 765 2256 κόπρον
783 2219 842 2241 και
857 2202 1055 2255 βόρὸορον’
1040 2203 1112 2241 ενέ-
1181 2207 1436 2246 contumeliam
1467 2221 1569 2258 aequo
1598 2207 1718 2245 animo
1747 2207 1866 2245 feras?
1893 2205 1993 2253 Quid
2020 2215 2140 2244 autem

74 2281 168 2325 χεεν,
195 2266 257 2303 οὐκ
277 2264 316 2302 ἂν
342 2279 401 2303 και
433 2263 571 2315 πληγὰς
594 2266 655 2302 ἐπε
647 2264 768 2311 θηκας
803 2280 854 2317 τῳ
889 2263 1112 2339 πλημμελή-
1183 2268 1213 2307 si
1235 2269 1315 2320 quis
1335 2269 1371 2307 in
1387 2269 1577 2308 vasculum
1593 2282 1756 2319 aureum,
1775 2269 1811 2307 in
1830 2282 1901 2320 quo
1921 2282 2059 2320 semper
2077 2283 2141 2306 un-

77 2342 178 2365 σαντι
205 2329 325 2373 τοῦτο;
341 2319 432 2364 Εἶτα
447 2325 622 2364 κιὸωτίων
638 2325 701 2377 μὲν
721 2325 780 2364 καὶ
797 2329 930 2364 σκευῶν
951 2326 1010 2364 καὶ
1026 2329 1110 2377 ἱμα-
1184 2340 1314 2381 guenta
1328 2330 1465 2369 servari
1485 2330 1749 2379 consueverint,
1788 2339 1922 2368 stercus
1941 2343 1982 2366 ac
2001 2343 2142 2367 coenum

77 2387 161 2425 τίων
185 2403 246 2426 και
274 2386 392 2439 μύρων
417 2387 590 2461 τοσαύτην
608 2386 827 2438 ποιησόμεθα
845 2387 909 2435 τὴν
933 2387 1112 2440 πρόνοιαν,
1136 2396 1161 2426 D
1184 2388 1364 2439 infundat,
1377 2402 1494 2427 annon
1504 2388 1536 2427 ei
1550 2388 1674 2441 plagas
1685 2389 1863 2441 infligeres
1874 2388 1935 2440 qui
1948 2388 2062 2426 scelus
2075 2388 2143 2426 hoc

78 2449 144 2496 τὴν
166 2448 227 2487 δὲ·
222 2449 339 2501 ψυγὴν
367 2448 431 2496 τὴν
460 2449 635 2500 ἡμετέραν
660 2448 800 2487 πάντων
818 2448 950 2488 τούτων
981 2450 1114 2488 ευτελε-
1185 2449 1447 2489 commisisset?
1475 2450 1617 2501 Ergone
1654 2449 1867 2488 scriniorum
1889 2463 1931 2487 ac
1963 2463 2142 2496 vasorum,

81 2509 206 2562 στέραν
221 2513 309 2547 εῖναι
340 2512 548 2561 νομιοῦμεν,
571 2525 630 2548 και
645 2510 725 2548 ἔνθα
756 2509 798 2548 τὸ
824 2509 932 2588 μύρον
947 2510 987 2548 τὸ
1005 2526 1112 2549 πνευ-
1183 2511 1339 2551 vestium
1357 2520 1392 2550 et
1412 2520 1676 2564 unguentorum
1695 2519 1791 2549 tanta
1822 2524 1906 2548 cura
1934 2509 2144 2548 sollicitabi-

83 2572 230 2623 ματικὸν
250 2570 440 2624 ιἐἷσε-[ύθη
453 2601 462 2618 ,
489 2571 694 2616 διαὸολικὰς
717 2571 860 2622 πομπὰς
893 2572 1113 2623 ἐπεμὸαλοῧ-
1184 2589 1277 2623 mur,
1299 2573 1456 2612 animam
1476 2587 1562 2611 vero
1576 2581 1735 2610 nostram
1751 2571 1918 2617 omnihus
1938 2571 2013 2609 istis
2034 2571 2140 2608 vilio—

83 2649 160 2684 μεν,
181 2633 241 2672 καὶ
259 2633 465 2684 ἀκούσματα
482 2633 674 2680 σατανικὰ,
699 2633 759 2671 καὶ
782 2634 924 2687 ᾄσματα
952 2633 1114 2685 πορνείας
1184 2649 1259 2674 rem
1277 2649 1352 2673 esse
1364 2634 1597 2687 putabimus?
1612 2642 1718 2684 atque
1733 2633 1794 2671 ubi
1812 2632 1970 2685 Spiritus
1983 2633 2144 2670 infusum

81 2693 258 2745 γέμοντα;
276 2694 347 2733 Καὶ
380 2697 454 2737 πῶς
489 2698 602 2732 ταῦτα
623 2697 641 2732 ὁ
658 2695 748 2738 Θεὸς
780 2694 888 2742 οἴσει,
917 2694 994 2734 εἶπέ
1032 2710 1110 2745 μοι;
1184 2707 1236 2737 est
1253 2706 1488 2750 unguentum,
1502 2709 1543 2735 co
1574 2695 1771 2734 diabolicas
1801 2709 1951 2748 pompas
1976 2694 2144 2733 immitte-

83 2755 209 2794 Καίτοι
226 2757 265 2794 οὗ
283 2758 448 2794 τοσοῦτον
467 2755 506 2794 τὸ
526 2755 632 2806 μέσον
649 2756 758 2809 μύρου
777 2756 837 2795 καὶ
858 2755 1040 2809 βορὸόρου,
1055 2757 1115 2794 καὶ
1187 2759 1290 2798 mus?
1304 2773 1345 2797 eo
1361 2758 1501 2797 fabulas
1532 2767 1675 2806 satanae,
1690 2771 1730 2795 eo
1763 2756 1956 2796 cantilenas
1981 2757 2143 2795 meretri-

82 2816 232 2867 ἱματίων
252 2817 466 2855 δεσποτικῶν
483 2817 542 2855 καὶ
562 2818 743 2867 δουλικῶν,
765 2817 843 2856 ὅσον
865 2819 905 2857 τὸ
929 2818 1035 2870 μέσον
1054 2821 1116 2864 τῆς
1189 2821 1249 2859 ciae
1262 2819 1648 2872 turpitudinisplenas'?
1661 2818 1729 2857 Dic
1743 2817 1848 2867 mihi,
1861 2832 1932 2869 quo
1944 2817 2064 2871 animo
2080 2818 2146 2856 ista

83 2881 325 2929 πνευματικῆς
348 2876 490 2930 χάριτος
510 2878 569 2916 καὶ
588 2879 718 2926 ταύτης
746 2882 810 2926 τῆς
836 2887 991 2934 πονηρᾶς
1020 2881 1116 2930 ἐνερ-
1188 2883 1274 2920 feret
1289 2880 1410 2919 Deus?
1426 2880 1537 2931 Atqui
1553 2894 1622 2919 non
1639 2889 1777 2918 tantum
1791 2888 1842 2918 est
1852 2878 2042 2917 discrimen
2058 2878 2147 2917 inter

84 2939 195 2990 γείας.
226 2942 279 2979 Οὐ
301 2938 475 2986 δέδοικας,
495 2939 677 2991 ἄνθρωπε,
696 2947 769 2984 τοῖς
791 2945 907 2985 αὐτοῖς
927 2943 1118 2992 ὀφθαλμοῖς
1191 2951 1411 2994 unguentum
1426 2951 1459 2980 et
1476 2955 1631 2990 coenum,
1647 2941 1737 2979 inter
1751 2950 1868 2979 vestes
1882 2939 2014 2979 heriles
2030 2949 2147 2978 etser-

86 3002 146 3039 καὶ
165 3001 228 3049 Τὴν
244 3000 366 3048 χλίνην
385 3000 449 3048 τὴν
465 3001 523 3039 ἐπὶ
556 3005 618 3048 τῆς
647 3003 846 3056 ὀρχήστρας
869 3004 1020 3055 βλέπ(·)ν,
1040 3003 1119 3041 ἔνθα
1144 3015 1167 3045 Ε
1191 3005 1300 3053 viles,
1322 3011 1495 3055 quantum
1527 3011 1579 3041 est
1607 3002 1698 3040 inter
1731 3002 1891 3054 Spiritus
1929 3001 2080 3053 gratiam
2115 3010 2148 3038 et

87 3062 132 3100 τὰ
150 3062 288 3114 μυσαρὰ
307 3064 460 3101 τελεῖται
479 3065 541 3109 τῆς
561 3063 720 3114 μοιχείας
755 3065 918 3116 δράματα
930 3094 939 3112 ,
969 3064 1029 3103 καὶ
1056 3063 1120 3111 τὴν
1193 3067 1298 3105 istam
1313 3078 1517 3117 perversam
1530 3064 1719 3102 actionem.
1731 3065 1810 3102 Non
1822 3063 1968 3109 metuis,
1989 3078 2010 3102 ο
2028 3063 2149 3106 Ιιοηιο,

88 3123 265 3176 τράπεζαν
280 3123 414 3170 ταύτην
433 3123 495 3171 τὴν
526 3123 638 3176 ἱερὰν,
664 3124 744 3162 ἔνθα
762 3125 806 3163 τὰ
826 3126 955 3179 φρικτὰ
971 3128 1123 3165 τελεῖται
1194 3128 1285 3166 dum
1305 3125 1438 3177 quibus
1453 3124 1566 3163 oculis
1588 3124 1663 3163 illic
1680 3126 1812 3165 lectum
1829 3124 1889 3175 qui
1908 3133 1960 3162 est
1974 3124 2008 3161 in
2028 3138 2087 3161 or(
2091 3123 2150 3160 lie

91 3185 287 3238 μυστήρια;
307 3191 382 3228 ταῖς
404 3187 525 3228 αὐταῖς
546 3186 666 3228 ἀκοαῖς
682 3186 812 3238 πόρνης
826 3186 962 3225 ἀκούων
976 3189 1124 3239 αἷσχρο-
1196 3198 1268 3227 stra
1281 3196 1430 3240 spectas,
1444 3186 1507 3224 ubi
1518 3184 1734 3231 detestandae
1749 3185 1915 3225 adultens'
1894 3200 1917 3222 u
1934 3185 1957 3222 s
1958 3185 2061 3222 ibnlae
2072 3197 2150 3236 pei·
2183 3212 2265 3248 Tur!
2262 3211 2351 3237 um„

90 3252 260 3304 λογούσης
272 3283 282 3301 ,
300 3253 360 3291 καὶ
380 3252 560 3306 προφήτου
577 3252 636 3291 καὶ
661 3253 857 3292 ἀποστόλου
876 3269 914 3293 σε
934 3270 1123 3305 guma-(0)-
1195 3258 1369 3303 aguntur,
1388 3246 1515 3286 iisdem
1534 3247 1628 3288 hanc
1647 3260 1784 3287 sacram
1800 3259 1959 3285 mensam
1982 3244 2149 3295 intueris,
2167 3262 2351 3292 umaninum

139 3367 152 3381 ’⁴
177 3356 284 3390 Iidem
300 3365 421 3394 ποιοῦσα
441 3361 476 3392 δι’
495 3363 590 3393 αὐτῶν
607 3362 759 3397 Cinariam
777 3365 829 3394 τοῦ
846 3365 985 3405 Χριστοῦ.
1010 3365 1033 3394 εἰ
1051 3365 1107 3403 γάρ
1190 3358 1204 3380 ¹¹
1229 3355 1322 3398 Regu
1345 3352 1444 3386 fidem
1462 3356 1595 3396 25210972-

96 3415 180 3444 ὅπου.
198 3411 290 3444 Unus
306 3409 408 3444 habet
425 3415 632 3449 διαναστῆναι.
