2516 3791
717 205 759 236 ΙΝ
796 206 897 235 CAP.
937 204 1018 236 Vn.

1056 204 1218 235 GENES.

2066 196 2150 242 281

1257 204 1412 235 ttOMtL.
1452 205 1565 235 XXV·

113 290 283 340 διηγεῖται
302 290 324 335 ἡ
343 287 465 340 Γραφὴ
479 315 489 334 ,
518 288 594 326 ἀλλ’
613 286 668 326 ἵνα
691 287 874 339 μάθωμεν,
895 287 949 327 ὅτι
968 290 1006 327 οὐ
1029 287 1132 339 μόνον
1156 291 1180 321 Β
1206 301 1286 326 mus
1297 301 1364 326 non
1377 287 1492 326 solum
1506 287 1682 339 homines,
1695 289 1874 342 jumenta,
1889 290 2154 343 quadrupedes,

111 351 286 403 ἅνθρωποι
301 379 311 397 ,
342 349 402 387 καὶ
429 349 538 397 κτήνη
557 379 566 394 ,
588 349 647 388 καὶ
679 349 875 402 τετράποδα
889 379 899 396 ,
921 350 980 388 καὶ
1005 348 1132 402 ἑρπετὰ

109 409 306 463 ὑποὸρύχια
324 410 476 462 γέγονεν,
497 410 587 449 ἀλλὰ
609 410 668 448 καὶ
683 410 726 448 τὰ
741 410 882 449 πετεινὰ
899 414 958 449 τοῦ
975 411 1131 463 οὐρανοῦ,

111 471 172 510 καὶ
189 471 254 510 ὅσα
274 473 309 509 ἐν
325 477 395 515 τοῖς
415 471 509 523 ὄρεσι
531 472 695 524 διῃτᾶτο,
720 472 824 526 θηρία
843 472 934 524 λέγω
951 472 1011 510 καὶ
1031 472 1133 524 ἔτερα

110 532 221 584 ἄλογα
239 534 326 577 ζῶα.
359 532 428 570 Διὰ
452 533 552 572 τοῦτό
570 549 678 585 φησι,
700 534 769 572 Καὶ
787 533 908 585 ὑψώθη
928 533 1046 572 ἐπάνω
1064 534 1132 570 τῶν

109 593 217 644 ὀρέων
237 593 424 632 δεκαπέντε
446 594 594 646 πήχεις,
614 593 670 632 ἵνα
693 595 805 646 μάθῃς
830 595 884 634 ὅτι
907 594 952 632 τὰ
969 595 1031 638 τῆς
1047 595 1133 631 ἀπο·

109 653 246 706 φάσεως
272 657 332 692 τοῦ
351 654 530 692 Δεσπότου
553 657 601 698 εἰς
624 654 722 707 ἔργον
742 654 903 701 ἐξῆλθεν·
934 653 1029 704 ἔλεγε
1049 651 1130 704 γὰρ,

108 714 162 752 ὅτι
191 714 274 753 Ἔτι
301 715 391 753 ἑπτὰ
413 714 564 766 ἡμέραι,
589 715 648 753 καὶ
667 715 788 766 ἐπάγω
807 713 1055 764 κατακλυσμὸν
1072 713 1131 751 ἐπὶ

108 774 171 821 τὴν
198 778 278 825 γῆν,
299 775 359 813 καὶ
378 774 548 827 ἐξαλείψω
567 775 706 812 ἅπασαν
730 775 794 821 τὴν
822 774 1066 820 ἐξανάστασιν,
1087 773 1129 819 ἣν

107 834 275 882 ἐποίησα,
301 834 370 873 ἀπὸ
391 834 580 886 προσώπου
598 839 661 882 τῆς
679 838 755 886 γῆς,
775 835 844 874 ἀπὸ
863 834 1046 888 ἀνθρώπου
1067 834 1131 878 ἕως

109 893 269 943 κτήνους,
291 896 351 933 καὶ
371 895 441 934 άπὸ
455 898 608 947 ἑρπετῶν
628 895 693 940 ἕως
708 899 874 934 πετεινῶν
890 901 950 935 τοῦ
968 898 1127 947 οὐρανοῦ.

107 957 188 1007 Οὐχ
205 954 262 993 ἵνα
284 955 396 994 τοίνυν
417 956 537 999 ἁπλῶς
555 955 617 1003 τὴν
636 958 683 1000 εἷς
701 956 784 1008 ὕψος
798 960 867 995 τῶν
883 956 1016 995 ὑδάτων
1032 973 1130 1008 κορυ-

107 1016 174 1069 φὴν
207 1020 301 1068 ἡμᾶς
333 1017 452 1070 διδάξῃ
468 1049 476 1063 ,
509 1021 531 1064 ἡ
563 1018 637 1056 θεία
669 1019 792 1071 Γραφὴ
811 1023 922 1058 ταῦτα
943 1020 1128 1071 διηγεῖται,

106 1079 183 1116 ἀλλ’
209 1077 266 1116 ἵνα
292 1078 381 1129 μετὰ
408 1078 530 1117 τούτου
552 1081 698 1118 συνιδεῖν
718 1081 940 1131 δυνηθῶμεν,
959 1080 1013 1118 ὅτι
1032 1079 1128 1119 οὐδὲν

104 1139 205 1186 ὅλως,
224 1142 262 1178 οὐ
280 1142 348 1177 τῶν
369 1140 516 1191 ἀλόγων,
531 1143 569 1179 οὐ
588 1143 656 1179 τῶν
679 1141 821 1194 θηρίων,
842 1144 880 1180 οὐ
900 1145 969 1180 τῶν
990 1144 1126 1188 κτηνῶν

108 1199 310 1252 ὑπελείφθη,
330 1201 420 1239 ἀλλὰ
440 1202 553 1240 πάντα
572 1201 754 1254 ἐξηλείφθη
776 1203 864 1253 μετὰ
888 1207 948 1242 τοῦ
965 1205 1034 1241 τῶν
1060 1205 1128 1240 ἀν-

105 1261 252 1313 θρώπων
269 1262 397 1314 γένους.
421 1263 567 1310 Ἐπειδὴ
587 1263 633 1302 δι’
649 1265 751 1303 αὐτὸν
772 1265 910 1303 ἅπαντα
928 1267 1040 1302 ταῦτα
1060 1280 1127 1303 πα-

108 1322 240 1374 ρήχθη,
271 1322 391 1361 τούτου
417 1323 601 1373 μέλλοντος
625 1325 870 1377 ἀφανίζεσθαι,
905 1325 1045 1368 εἰκότως
1066 1326 1126 1364 καὶ

105 1388 214 1422 ταῦτα
233 1384 465 1423 συναπολαύει
481 1387 543 1431 τῆς
559 1386 746 1429 ἀπωλείας.
767 1381 857 1425 Εἶτα
872 1386 992 1433 ἐπειδὴ
1011 1388 1126 1425 ἐδίδα-

103 1444 155 1488 ξεν
184 1448 278 1495 ἡμᾶς
309 1447 355 1488 εἷς
383 1445 461 1484 ὅσον
492 1445 576 1498 ὕψος
609 1447 812 1500 ἐκορυφώθη
842 1449 911 1485 τῶν
941 1447 1078 1486 ὑδάτων
1103 1451 1124 1495 ἡ

101 1506 220 1557 φύσις,
242 1506 301 1544 καὶ
335 1505 388 1545 δ’τι
417 1507 614 1558 ὑπερανέὸη
643 1507 705 1552 τὰς
734 1507 886 1560 κορυφὰς
917 1511 986 1547 τῶν
1016 1509 1124 1562 ὀρέων

100 1567 239 1620 ἑτέρους
269 1567 352 1606 δέκα
381 1568 483 1607 πέντε
511 1568 662 1620 πήχεις,
690 1569 754 1616 τὴν
787 1572 913 1616 ἑαυτῆς
942 1569 1125 1623 ἀκρίὸειαν

101 1629 299 1679 μιμουμένη
332 1629 438 1668 πάλιν
479 1629 584 1681 φησί·
629 1630 699 1669 Καὶ
726 1631 877 1670 ἀπέθανε
907 1639 1007 1670 πᾶσα
1039 1632 1126 1685 σὰρξ

99 1689 285 1741 κινουμένη
315 1690 373 1728 ἐπὶ
402 1692 464 1737 τῆς
483 1693 566 1742 γῆς,
593 1690 653 1729 καὶ
679 1695 866 1739 πετεινῶν,
890 1693 950 1730 καὶ
970 1696 1038 1731 τῶν
1060 1697 1123 1740 οη-
1147 1707 1173 1738 1)

101 1749 205 1801 ρίων,
238 1751 298 1788 καὶ
323 1757 393 1788 πᾶν
416 1752 559 1803 ἑρπετὸν
576 1752 776 1803 κινούμενον
792 1753 850 1791 ἐπὶ
871 1757 933 1800 τῆς
953 1757 1016 1805 γῆς
1030 1784 1040 1802 ,
1065 1756 1124 1793 καὶ

99 1817 167 1854 πᾶς
185 1811 381 1862 ἄνθρωπος,
411 1813 470 1850 καὶ
496 1812 611 1850 πάντα
630 1812 694 1850 ὅσα
713 1813 787 1865 ἔχει
814 1814 923 1860 πνοὴν
942 1817 1044 1861 ζωῆς,
1065 1815 1124 1854 καὶ

98 1877 166 1914 πᾶς
194 1872 230 1915 ὃς
246 1866 288 1917 ἦν
307 1872 365 1910 ἐπὶ
381 1875 442 1918 τῆς
458 1872 561 1926 ξηρᾶς
583 1873 765 1912 ἀπέθανεν.
803 1876 883 1927 Οὐχ
903 1876 1022 1919 ἁπλῶς
1044 1875 1121 1927 ᾐνί-

98 1931 179 1975 ξατο
196 1931 358 1983 λέγουσα,
374 1934 443 1971 Καὶ
461 1940 528 1977 πᾶς
545 1934 581 1977 ὃς
595 1929 638 1981 ἦν
656 1935 714 1973 ἐπὶ
729 1939 791 1982 τῆς
810 1935 913 1989 ξηρᾶς
924 1966 934 1983 ,
964 1937 1042 1974 ἀλλ’
1067 1937 1123 1975 ἵνα

97 2008 133 2030 σε
163 1993 282 2046 διδάξῃ
298 2024 307 2040 ,
328 1994 382 2033 ὅτι
401 1994 527 2038 πάντες
549 1994 611 2045 μὲν
631 1995 853 2034 ἀπολώλασιν
871 2027 881 2044 ,
901 2001 919 2035 ὂ
939 1998 974 2036 δὲ
992 1998 1123 2042 δίκαιος

98 2053 199 2102 μόνος
216 2054 304 2104 μετὰ
319 2057 387 2092 τῶν
405 2056 439 2092 ἐν
455 2057 497 2105 τῇ
517 2055 658 2108 κιὸωτῷ
674 2057 813 2094 πάντων
831 2057 992 2105 διεσώθη.
1005 2060 1122 2097 Ἐκεῖ-

97 2129 148 2152 νοι
169 2113 236 2166 γὰρ
260 2115 510 2166 προλαὸόντες,
541 2117 632 2155 κατὰ
655 2117 720 2163 τὴν
747 2123 808 2156 τοῦ
832 2119 925 2157 Θεοῦ
952 2121 1121 2172 διαταγῆν

94 2176 345 2219 καταλιπόντες
364 2175 427 2223 τὴν
448 2175 566 2227 ξηρὰν,
583 2177 645 2224 τὴν
661 2179 810 2218 κιὸωτὸν
825 2179 1032 2219 κατέλαὸον.
1052 2181 1120 2220 Καὶ

94 2235 255 2286 ἐξήλειψε
272 2243 341 2275 πᾶν
362 2237 402 2275 τὸ
416 2238 615 2289 ἀνάστημα,
631 2240 649 2278 ὃ
665 2234 706 2287 ἦν
723 2240 780 2278 ἐπὶ
797 2241 986 2293 προσώπου
1003 2242 1121 2289 πάσης

93 2301 155 2344 ’.ἧς
185 2300 261 2348 γῆς,
285 2298 354 2337 ἀπὸ
384 2299 565 2351 ἀνθρώπου
587 2300 652 2344 ἕως
675 2301 819 2348 κτήνους
834 2331 843 2349 ,
873 2303 932 2341 καὶ
951 2305 1119 2355 ἑρπετῶν,

94 2358 154 2396 καὶ
170 2363 336 2397 πετεινῶν
363 2363 422 2398 τοῦ
442 2362 606 2412 οὐρανοῦ,
631 2362 692 2400 καὶ
707 2362 959 2416 ἐξηλείφθησαν
975 2365 1044 2404 ἀπὸ
1058 2369 1120 2413 τῆς

94 2422 169 2469 γῆς.
191 2418 289 2471 “()ρα
315 2423 389 2463 πῶς
413 2421 473 2459 καὶ
502 2422 595 2467 ἅπαξ
617 2423 676 2461 καὶ
697 2424 853 2476 δεύτερον
872 2425 932 2463 καὶ
949 2427 1118 2471 πολλάκις

92 2479 154 2526 τὴν
176 2480 415 2533 πανωλεθρίαν
437 2481 592 2521 διδάσκει
615 2483 680 2530 τὴν
707 2485 964 2537 γεγενημένην,
984 2487 1044 2526 καὶΙ
1065 2488 1118 2526 ὅτι

93 2539 187 2578 οὐδὲν
215 2542 284 2578 τῶν
311 2541 417 2579 ὄντων
454 2542 609 2595 διέφυγεν
626 2573 635 2590 ,
677 2545 767 2584 ἀλλὰ
796 2547 923 2591 πάντες
949 2548 1018 2586 ὑπὸ
1048 2551 1117 2587 τῶν

91 2600 225 2639 ὑδάτων
254 2602 496 2653 ἀπεπνίγησαν
513 2633 522 2650 ,
551 2605 611 2642 καὶ
643 2605 683 2643 τὸ
711 2608 780 2643 τῶν
801 2607 992 2659 ἀνθρώπων
1008 2608 1116 2659 γένος,

91 2661 150 2700 καὶ
171 2662 210 2700 τὸ
240 2665 308 2700 τῶν
335 2662 484 2715 ἀλόγων.
526 2665 595 2703 Καὶ
620 2667 852 2720 κατελείφθη,
874 2669 982 2721 φησὶ,
1014 2670 1115 2720 μόνος

94 2723 190 2767 ιΝῶε,
212 2723 271 2761 καὶ
301 2725 333 2762 οἱ
355 2724 432 2774 μετ’
465 2727 569 2764 αὑτοῦ
601 2729 636 2766 ἐν
653 2731 695 2780 τῇ
714 2729 868 2782 κιὸωτῷ.
902 2731 974 2768 Καὶ
993 2731 1113 2782 ὑψώθη

91 2783 130 2820 τὸ
159 2783 251 2837 ὕδωρ
279 2784 336 2822 ἐπὶ
363 2787 426 2831 τῆς
459 2788 524 2837 γῆς
556 2789 679 2827 ἑκατὸν
713 2790 932 2836 πεντήκοντα
967 2792 1113 2844 ἡμέρας.

93 2848 106 2863 ²
120 2843 204 2882 Ἐπὶ
219 2845 402 2893 τοσαύτας,
421 2848 523 2899 φησὶν
536 2878 546 2895 ,
564 2849 698 2902 ἡμέρας
718 2851 833 2901 ἔμεινε
856 2852 1114 2905 κορυφούμενον

90 2905 128 2942 τὸ
151 2903 254 2954 ὕδωρ.
289 2905 420 2945 Ἐννόει
440 2924 499 2958 μοι
521 2911 627 2948 πάλιν
647 2913 794 2951 ἐνταῦθα
813 2919 874 2952 τοῦ
894 2914 1029 2952 δικαίου
1048 2915 1112 2962 τὴν

89 2967 350 3019 μεγαλοψυχίαν
379 2969 438 3007 καὶ
464 2972 527 3017 τῆς
557 2972 714 3024 ἀνδρείας
743 2975 808 3021 τὴν
826 2976 1036 3029 ὑπερὲολήν.
1064 2976 1113 3015 Τί

89 3027 149 3065 οὐκ
172 3027 210 3065 ἂν
235 3029 360 3068 ἔπαθεν
390 3033 600 3085 ὑπογράφων
625 3037 668 3086 τῇ
686 3035 822 3087 διανοίᾳ
844 3037 904 3074 καὶ
922 3040 1011 3090 ὁρῶν
1023 3067 1035 3087 ,
1064 3040 1111 3080 ὡς
1123 3071 1168 3097 241

1141 2439 1166 2469 E

1206 347 1347 400 reptilia
1377 348 1561 387 submersa
1585 348 1706 398 fuisse,
1725 349 1786 388 sed
1815 359 1849 388 et
1881 350 2043 390 volucres
2063 353 2156 403 caeti,

1205 418 1239 447 et
1256 423 1491 460 quaecumque
1506 409 1543 449 in
1559 408 1740 449 montibus
1754 411 1946 464 degebant,
1960 413 2050 451 seras
2063 412 2158 463 dico,

1204 479 1238 508 et
1253 470 1323 508 alia
1343 470 1448 508 bruta
1468 471 1648 511 animalia.
1669 472 1808 511 Idcirco
1827 472 1917 511 dicit
1937 489 1945 510 :
1962 475 2158 513 Exaltam

1205 539 1259 568 est
1286 544 1399 582 super
1425 541 1572 571 montes
1597 534 1818 585 quindecim
1848 536 1986 573 cubitis
2018 549 2124 588 aqua
2143 551 2155 571 .-

1205 600 1244 629 ut
1276 592 1393 630 discas
1413 590 1623 633 sententiam
1645 597 1791 635 Domini
1819 612 1925 650 opere
1945 598 2127 652 impletam
2143 615 2155 649 ;

1202 650 1343 690 dixerat
1359 653 1631 694 enim:Adlzuc
1649 666 1792 709 septem
1807 660 1902 706 dies,
1919 669 1955 698 et
1972 661 2155 700 inducam
2174 674 2249 702 Gen.
2263 683 2278 712 7
2306 673 2337 713 4.

1202 713 1392 750 diluvium
1409 724 1691 766 superterram,
1712 727 1747 756 et
1757 720 1891 757 delebo
1902 735 2054 759 omnem
2069 724 2157 760 sub-

1201 776 1405 824 stantiam,
1419 789 1534 826 quam
1541 777 1625 828 feci
1626 807 1638 824 ,
1649 791 1673 814 a
1669 779 1785 830 facie
1800 787 1924 827 terrae,
1938 785 1987 819 ab
2003 784 2158 822 homine

1206 847 1327 886 usque
1342 836 1397 872 ad
1405 850 1536 887 pecus,
1558 845 1594 875 et
1614 851 1639 875 a
1653 840 1856 891 reptillbus
1873 855 1995 893 usque
2015 845 2070 880 ad
2084 858 2155 882 vo—

1204 895 1337 933 latilia
1356 897 1452 934 caeli.
1474 897 1559 935 Haec
1575 899 1677 937 nobis
1698 913 1717 937 a
1739 901 1925 953 Scriptura
1948 914 2153 955 narrantur,

1202 969 1271 994 non
1291 965 1428 995 tantum
1447 967 1487 996 ut
1500 958 1655 998 sciamus
1676 960 1712 999 in
1731 971 1903 1012 quantam
1926 962 2155 1004 altitudinem

1202 1029 1302 1066 aquae
1316 1017 1544 1068 pervenerint
1567 1034 1575 1055 :
1598 1018 1659 1057 sed
1679 1028 1717 1057 ut
1736 1019 1845 1057 simul
1863 1020 2050 1060 videamus
2069 1023 2152 1061 nul-

1201 1076 1279 1114 lum
1297 1077 1441 1115 omnino
1467 1079 1611 1127 animal,
1630 1080 1689 1118 vel
1718 1080 1844 1131 feram,
1866 1081 1923 1120 vel
1951 1083 2154 1134 jumentum

1201 1137 1367 1175 relietum
1398 1153 1484 1188 esse,
1512 1140 1573 1178 sed
1602 1141 1720 1180 omnia
1741 1155 1823 1180 cum
1855 1142 2011 1182 humano
2030 1159 2156 1196 genere

1199 1197 1326 1237 deleta.
1343 1200 1522 1246 Quoniam
1541 1212 1687 1255 propter
1701 1203 1822 1256 ipsum
1844 1205 1962 1243 omnia
1980 1206 2154 1258 producta

1200 1268 1311 1308 erant,
1340 1261 1423 1299 inde
1450 1262 1625 1302 abolendo
1651 1279 1747 1312 eum,
1769 1266 1895 1304 merito
1923 1276 1955 1305 ct
1971 1268 2047 1307 haee
2067 1269 2153 1308 abo-

1199 1320 1304 1358 lenda
1335 1331 1445 1362 erant.
1467 1323 1591 1362 Postea
1609 1324 1672 1363 ubi
1701 1325 1824 1364 docuit
1845 1341 1908 1366 nos
1929 1328 1966 1366 in
1984 1339 2154 1380 quantam

1198 1381 1426 1421 altitudinem
1445 1385 1639 1424 accreverit
1663 1401 1838 1438 aquarum
1865 1398 2006 1440 natura,
2028 1405 2156 1444 nempe

1199 1442 1294 1493 quod
1316 1444 1386 1481 alta
1408 1445 1583 1484 montium
1597 1447 1781 1486 cacumina
1802 1449 2012 1499 quindecim
2024 1453 2156 1493 cubitis

1197 1504 1470 1552 transcenderit,
1490 1507 1633 1545 solitam
1649 1522 1750 1547 suam
1767 1509 1992 1562 diligentiam
2010 1526 2155 1553 servans

1197 1563 1308 1603 dicit:
1330 1569 1394 1604 91.
1419 1568 1473 1605 Et
1499 1577 1653 1607 mortua
1685 1579 1742 1608 est
1764 1574 1888 1610 omnis
1914 1587 2031 1621 caro,
2069 1589 2156 1627 quoe

1197 1630 1424 1666 movebatur
1453 1643 1568 1681 super
1593 1638 1752 1678 terram,
1770 1633 2012 1682 volatilium,
2035 1645 2073 1674 et
2083 1639 2154 1689 ju-

1198 1697 1427 1736 mentorum,
1451 1699 1488 1728 et
1504 1691 1685 1742 ferarum
1710 1701 1747 1731 et
1773 1707 1886 1732 omne
1897 1697 2035 1747 reptile
2049 1698 2156 1749 quod

1197 1752 1425 1788 movebatur
1457 1766 1572 1804 super
1606 1762 1763 1802 terram,
1797 1765 1834 1794 et
1867 1759 1992 1795 omnis
2020 1759 2149 1805 homo,

1197 1812 1260 1848 5³29.
1288 1820 1324 1848 et
1354 1815 1486 1850 omnia
1502 1828 1587 1865 quae
1615 1815 1760 1853 hahent
1784 1819 1961 1868 spiritum
1987 1820 2095 1865 vitoe,
2115 1828 2153 1857 et

1197 1874 1430 1924 quicumque
1447 1883 1531 1911 erat
1547 1888 1661 1926 super
1682 1877 1849 1923 aridam,
1885 1887 2058 1917 mortuus
2082 1888 2152 1918 est.

1196 1932 1319 1982 Neque
1344 1932 1411 1971 hoc
1443 1934 1655 1987 simpliciter
1673 1945 1707 1974 et
1738 1937 1872 1988 absque
1894 1951 2000 1976 causa
2025 1938 2148 1978 dixit:

1195 1994 1231 2030 E
1235 2002 1248 2030 t
1263 1997 1387 2032 omnis
1399 1998 1466 2047 qui
1480 2005 1564 2034 erat
1579 2011 1693 2049 super
1708 1999 1861 2036 aridam
1877 2014 1884 2034 :
1904 1999 1966 2037 sed
1986 2009 2023 2037 ut
2038 2009 2071 2038 te
2082 2000 2149 2039 do-

1193 2063 1268 2092 ceat
1287 2069 1408 2093 omnes
1423 2056 1737 2110 quitlempcriisse‚
1748 2059 1888 2110 justum
1903 2069 2023 2098 autem
2033 2061 2150 2100 solum

1192 2129 1275 2153 cum
1288 2117 1455 2155 omnibus
1471 2118 1514 2155 iis
1530 2118 1590 2169 qui
1606 2119 1641 2156 in
1656 2133 1737 2170 arca
1758 2130 1856 2158 crant
1867 2131 2047 2160 servatum
2062 2137 2147 2162 esse.

1191 2177 1285 2214 Nam
1304 2177 1362 2215 isti
1390 2178 1586 2217 secundum
1610 2180 1820 2218 mandatum
1847 2182 2008 2233 Domini,
2030 2184 2150 2223 relicta

1191 2238 1304 2287 arida,
1337 2253 1458 2277 arcam
1488 2240 1776 2280 conscenderant.
1815 2244 1881 2281 ⁶25.
1918 2245 1971 2282 Et
2005 2245 2147 2285 delevit

1190 2313 1303 2337 omne
1318 2314 1478 2352 surgens
1497 2302 1603 2353 quod
1623 2311 1706 2339 erat
1731 2305 2003 2356 superjacient
2021 2309 2147 2346 omnis

1192 2368 1317 2408 terrae,
1334 2363 1383 2399 ab
1397 2363 1554 2400 homine
1572 2376 1693 2415 usque
1708 2365 1763 2401 ad
1780 2379 1908 2416 pecus,
1927 2374 1961 2403 et
1974 2368 2144 2418 reptilia,

1191 2431 1226 2460 et
1247 2424 1432 2461 volatilia
1447 2424 1546 2470 coeli,
1564 2433 1601 2461 et
1615 2425 1743 2462 deleta
1761 2435 1849 2463 sunt
1866 2428 1913 2463 cle
1933 2429 2148 2469 terraXide

1189 2484 1368 2534 quomodo
1383 2493 1416 2522 et
1437 2484 1545 2522 semel
1570 2494 1603 2522 et
1622 2485 1752 2523 iterum
1771 2495 1875 2537 atque
1897 2487 2026 2539 saepius
2043 2503 2144 2526 com-

1190 2558 1335 2583 munem
1369 2545 1529 2583 omnium
1560 2544 1743 2583 interitum
1777 2546 1902 2584 doceat
1936 2548 2081 2598 sactum,
2111 2559 2145 2587 et

1189 2606 1287 2656 quod
1321 2606 1413 2643 nihil
1432 2605 1636 2643 viventium
1656 2606 1835 2657 effugerit,
1856 2607 1919 2645 sed
1943 2609 2010 2646 suh
2041 2610 2144 2660 aquis

1188 2667 1401 2705 suffocatum
1417 2666 1461 2704 sit
1472 2681 1574 2704 omne
1589 2675 1660 2704 tam
1681 2666 1883 2717 hominum,
1898 2682 2005 2718 quam
2019 2669 2143 2709 bruto·
2154 2713 2163 2718 ἣ

1188 2743 1267 2765 rum
1287 2742 1410 2779 genus.
1434 2729 1488 2765 Et
1507 2727 1665 2764 relictus
1682 2736 1757 2774 est,
1770 2727 1898 2778 inquit,
1925 2730 2030 2768 solus
2041 2731 2138 2778 Noti,

1187 2798 1223 2827 et
1246 2792 1314 2841 qul
1331 2803 1417 2826 cum
1439 2789 1509 2825 illo
1535 2791 1575 2824 in
1591 2801 1698 2828 arca.
1720 2789 1782 2825 ’ΞΣ-4.
1807 2790 1859 2826 Et
1880 2791 2057 2828 e.1·alt‹1ta
2086 2801 2143 2830 est

1187 2865 1291 2903 aqua
1304 2864 1418 2902 super
1436 2859 1575 2887 terram
1591 2857 1745 2886 centum
1762 2853 2049 2903 quinquaginta
2063 2853 2141 2890 die-

1187 2914 1268 2950 bus.
1290 2913 1361 2949 Tot
1390 2910 1530 2958 diebus,
1554 2910 1685 2960 inquit,
1721 2911 1851 2948 mansit
1879 2912 2046 2950 sublimis
2079 2914 2141 2952 illa

1184 2987 1358 3024 aquarum
1381 2970 1544 3009 altitudo.
1565 2971 1696 3007 lterum
1719 2971 1824 3008 etiam
1841 2971 1899 3010 hic
1916 2973 2029 3023 cogita
2051 2974 2141 3026 justi

1186 3032 1514 3084 magnanimitatem
1547 3040 1580 3068 et
1614 3032 1844 3070 excellentem
1881 3034 2137 3073 fortitudinem.

88 3089 216 3136 εἰπεῖν,
244 3093 294 3142 τῷ
322 3092 480 3144 λογισμῷ
499 3093 543 3131 τὰ
564 3093 712 3146 σώματα
730 3097 775 3134 τὰ
795 3097 1016 3148 ἀνθρώπινα,
1052 3099 1110 3136 καὶ
1136 3109 1160 3137 Α
1186 3095 1286 3143 Quid
1309 3109 1374 3132 non
1388 3108 1510 3145 passus
1524 3092 1702 3130 estanimo
1716 3094 1931 3147 concipiens,
1953 3110 1993 3133 ac
2013 3111 2136 3148 prope-

88 3147 131 3185 τὰ
150 3152 217 3187 τῶν
245 3155 398 3200 κτηνῶν,
426 3156 496 3191 τῶν
526 3159 688 3208 καθαρῶν
720 3157 779 3195 καὶ
803 3160 872 3196 τῶν
892 3160 1111 3212 ἀκαθάρτων,

88 3209 145 3246 τὸν
159 3211 271 3249 κοινὸν
286 3212 432 3252 θάνατον
452 3216 700 3266 ὑπομείναντα,
721 3218 780 3255 καὶ
794 3220 881 3268 ὁμοῦ
895 3221 1111 3272 πεφυρμένα,

88 3270 145 3307 καὶ
168 3272 329 3322 οὐδεμίαν
361 3275 529 3328 διαφορὰν
549 3277 757 3327 γενομένην,
787 3279 856 3317 Καὶ
883 3280 972 3330 μετὰ
987 3282 1109 3319 τούτου

130 3386 143 3399 ²
164 3376 267 3413 Sssvil.
283 3386 314 3410 et
331 3379 476 3423 quinque
493 3381 568 3415 Mes.
587 3387 632 3417 ἐπὶ
651 3387 823 3423 remorum
842 3391 934 3430 ‘emi-1,
950 3390 1085 3430 ἠμὲραις.

1185 3156 1330 3195 mndum
1351 3165 1468 3193 mente.
1486 3155 1611 3192 videns
1640 3169 1787 3207 corpora
1808 3156 1993 3194 hominum
2022 3167 2053 3195 et
2069 3159 2134 3210 ju—

1184 3226 1395 3263 mentorum,
1411 3215 1625 3254 nmndorum
1637 3225 1670 3254 et
1683 3216 1963 3266 immundorum,
1979 3233 2134 3256 eommu-

1182 3294 1260 3317 nem
1286 3287 1434 3316 mortem
1470 3277 1690 3325 sustinentia,
1711 3287 1744 3316 ct
1780 3278 1886 3317 simul
1923 3279 2132 3323 commixta,
