2433 3775
797 199 839 228 lN
878 199 975 229 CAP.
1015 199 1045 227 1.

148 284 241 333 αὐτῷ
262 285 440 332 μειοῦται·
462 284 607 320 ἐνταῦθα
628 282 662 319 δὲ
683 281 902 325 ἀπεναντίας.
921 281 1012 319 Τότε
1037 281 1169 331 μᾶλλον

146 348 229 394 ἡμῖν
250 342 389 387 αὔξεται
401 342 444 380 τὰ
462 346 523 390 τῆς
537 343 737 396 περιουσίας
751 373 759 386 ,
776 344 853 381 τότε
869 342 973 382 πλέον
991 340 1172 381 ἐπιδίδωσι

145 404 188 442 τὰ
215 407 275 442 τοῦ
300 402 450 443 πλούτου
474 404 594 442 τούτου
613 407 673 442 τοῦ
697 407 933 454 πνευματικοῦ
948 433 958 450 ,
979 403 1062 442 ὅταν
1085 400 1174 454 μετὰ

145 463 327 516 δαψιλείας
352 467 560 518 προχέωμεν
579 464 623 503 τὰ
647 467 709 511 τῆς
727 464 954 508 διδασκαλίας
976 470 1047 507 τοῖς
1074 462 1176 516 ἀρύε-

145 529 228 563 σθαι
253 526 489 577 βουλομένοις.
508 525 610 564 Ἐπεὶ
637 520 693 565 οῧν
714 529 817 564 τοῦτο
838 526 898 564 καὶ
917 528 1002 576 ἡμῖν
1022 524 1178 567 πλείονος

146 585 297 625 πλούτου
319 587 380 625 καὶ
407 586 608 639 περιουσίας
635 586 795 630 ὑπόθεσις
814 586 968 637 γίνεται,
997 585 1056 624 καὶ
1081 589 1178 635 ὑμεῖς

144 647 343 701 ἀκορέστως
358 648 455 701 ἔχετε
466 648 546 700 περὶ
558 648 622 695 τὴν
635 646 877 698 πνευματικὴν
890 646 1020 692 ταύτην
1033 644 1177 697 τροφὴν,

145 709 228 763 φέρε
250 712 377 761 ἴδωμεν
397 710 432 748 τί
451 710 510 748 καὶ
543 710 694 762 σήμερον
715 712 733 748 ὁ
754 708 924 761 μακάριος
944 709 1100 754 Μωῦσῆς
1119 707 1176 744 δι-

145 771 267 810 δάσκει
289 776 384 822 ἡμᾶς
404 771 461 809 διὰ
480 773 549 809 τῶν
571 769 876 821 ἀναγνωσθέντων,
894 770 1026 820 μᾶλλον
1043 768 1078 806 δὲ
1099 767 1134 806 τί
1152 771 1174 814 ἡ

142 836 205 869 τοῦ
223 832 427 882 Πνεύματος
451 831 554 884 χάρις
577 831 634 868 διὰ
658 834 720 877 τῆς
743 829 864 868 τούτου
889 828 1049 880 γλώττης
1067 834 1175 867 πᾶσιν

145 895 231 943 ἡμῖν
249 892 458 943 διαλέγεται.
489 891 560 930 Καὶ
590 885 664 930 εἶπε
679 922 688 938 ,
717 889 836 943 φησὶν,
857 893 874 928 ὁ
892 889 1003 933 Θεός·
1024 888 1180 935 ποιήσω-

146 969 208 1001 μεν
230 954 410 1007 ἄνθρωπον
425 955 501 991 κατ’
524 951 640 990 εἰκόνα
653 950 843 1002 ἡμετέραν,
864 951 923 989 καὶ
943 950 1022 989 καθ’
1041 950 1175 1001 ὁμοίω-

145 1029 212 1052 σιν.
233 1013 294 1061 Μὴ
316 1016 435 1057 ἁπλῶς
463 1013 769 1066 παραδράμωμεν,
792 1012 988 1064 ἀγαπητοὶ,
1009 1011 1054 1050 τὰ
1083 1013 1177 1065 εἰρη-

146 1075 255 1127 μένα,
275 1075 366 1114 ἀλλὰ
391 1073 697 1129 διερευνησώμεθα
716 1074 868 1120 ἑκάστην
887 1072 992 1119 λέξιν,
1012 1072 1072 1111 καὶ
1091 1073 1178 1125 πρὸς

144 1138 185 1177 τὸ
206 1138 309 1189 βάθος
332 1138 556 1181 κατελθόντες
573 1135 831 1189 ἀνιχνεύσωμεν
851 1135 916 1182 τὴν
935 1136 1176 1188 ἐγκεκρυμμέ-

145 1214 206 1245 νην
235 1198 380 1250 δύναμιν
403 1205 474 1241 τοῖς
509 1197 657 1251 βραχέσι
684 1197 818 1240 τούτοις
844 1196 1009 1249 ῥήμασιν.
1039 1197 1084 1234 Εἰ
1108 1196 1176 1251 γὰρ

146 1260 206 1298 καὶ
220 1260 321 1311 ὀλίγα
341 1259 385 1298 τὰ
405 1259 571 1311 ῥήματα,
598 1259 688 1297 ἀλλὰ
708 1258 816 1302 πολὺς
838 1256 879 1297 ⁵3
897 1257 1177 1310 ἐγκεκρυμμένος

146 1322 317 1374 θησαυρὸς
332 1349 341 1366 ,
360 1321 420 1359 καὶ
442 1320 613 1372 προσήκει
631 1319 708 1363 τοὺς
724 1319 895 1372 νήφοντας
912 1318 971 1357 καὶ
989 1319 1176 1373 ἐγρηγορό-

145 1399 206 1427 τας
225 1383 275 1434 μὴ
296 1382 403 1435 μέχρι
431 1386 494 1429 τῆς
521 1381 723 1435 ἐπιφανείας
742 1381 919 1420 ἵστασθαι.
943 1380 1044 1419 Ἐπεὶ
1065 1380 1125 1419 καὶ
1144 1383 1176 1419 οἱ

145 1445 204 1483 τὸν
224 1444 386 1491 αἰσθητὸν
411 1447 530 1482 τοῦτον
549 1442 722 1495 θησαυρὸν
743 1441 941 1494 ἀνορύττειν
958 1443 1175 1494 ἐπιχειροῦν-

146 1521 222 1553 τες,
241 1507 303 1544 οὐκ
330 1504 535 1551 ἐξεπιπολῆς
568 1503 671 1554 μόνον
700 1502 986 1548 διασκάπτουσιν,
1017 1501 1092 1541 οὐδὲ
1111 1501 1174 1549 τὴν

149 1565 350 1619 ἐπιφάνειαν
383 1566 648 1618 διερευνῶνται,
686 1564 762 1602 ἀλλ’
802 1564 964 1601 οέπειδὰν
1004 1565 1052 1606 εἰς
1086 1561 1174 1601 πολὺ

149 1629 253 1680 βάθος
271 1627 480 1673 κατέλθωσι,
495 1626 573 1665 τότε
587 1625 667 1670 τοὺς
685 1626 835 1669 κόλπους
848 1627 911 1671 τῆς
926 1627 991 1676 γῆς
1014 1624 1176 1677 ἀνιχνεύ-

146 1706 243 1739 ουσι,
275 1690 335 1729 καὶ
354 1689 445 1729 οὕτω
469 1688 527 1727 διὰ
545 1692 608 1735 τ’ἥς
623 1686 754 1731 οἷκείας
772 1686 970 1737 ἐπιστήμης
988 1686 1176 1740 χωρίζουσι

146 1753 208 1798 τῆς
226 1754 289 1802 γ’ῆς
317 1751 357 1790 τὸ
378 1750 533 1803 χρυσίον,
562 1750 622 1788 καὶ
642 1748 732 1800 μετὰ
758 1748 817 1786 τὸν
837 1747 945 1786 πολὺν
976 1747 1081 1786 πόνον
1115 1751 1175 1786 καὶ

148 1813 278 1864 ἱδρῶτα
297 1813 466 1855 πολλάκις
487 1811 588 1862 ὀλίγα
606 1810 778 1863 ψήγματα
798 1808 899 1860 μόγις
918 1811 1028 1860 εὑρεῖν
1044 1809 1173 1855 ἠδυνή-

149 1877 271 1920 θησαν.
292 1873 466 1912 Ἐνταῦθα
494 1872 530 1910 δὲ
550 1871 647 1910 οὐδὲν
667 1870 820 1909 τοιοῦτόν
848 1871 954 1918 ἐστιν,
970 1868 1061 1907 ἀλλὰ
1077 1869 1136 1907 καὶ
1155 1873 1173 1908 ὃ

149 1933 252 1978 πόνος
266 1933 430 1982 ἐλάττων,
450 1933 510 1971 καὶ
528 1935 549 1979 ἡ
567 1930 750 1986 περιουσία
770 1930 912 1983 ἄγατος.
931 1931 1088 1970 Τοιαῦτα
1104 1929 1172 1984 γὰρ

151 1994 289 2033 ἅπαντα
304 1994 348 2033 τὰ
364 1994 595 2046 πνευματικά.

205 2056 264 2104 Μὴ
279 2056 393 2096 τοίνυν
417 2056 596 2109 γενώμεθα
616 2055 754 2109 χείρους
773 2059 842 2095 τῶν
861 2056 940 2108 περὶ
959 2056 1004 2094 τὰ
1024 2055 1173 2103 αἰσθητὰ

150 2117 387 2168 ἐπτοημένων,
423 2117 514 2156 ἀλλὰ
545 2120 558 2136 ²
572 2116 849 2168 διερευνήσωμεν
884 2117 944 2156 καὶ
978 2120 1080 2167 ἡμεῖς
1115 2116 1173 2154 τὸν

148 2178 320 2230 θησαυρὸν
349 2181 470 2216 τοῦτον
496 2178 555 2216 τὸν
579 2178 814 2228 πνευματικὸν
841 2178 900 2216 τὸν
931 2184 1002 2222 τοῖς
1039 2178 1174 2230 ῥήμασι

148 2239 281 2282 τούτοις
302 2238 584 2289 ἐναποκείμενον,
598 2238 657 2278 καὶ
677 2242 815 2291 πρῶτον
841 2238 971 2290 ἴδωμεν
990 2238 1026 2277 τί
1040 2239 1080 2277 τὸ
1098 2255 1175 2278 και-

147 2301 203 2340 νὸν
222 2302 282 2339 καὶ
301 2300 496 2353 παράδοξον
515 2303 586 2339 τῶν
612 2300 818 2354 εἰρημένων,
846 2300 907 2338 καὶ
936 2300 1028 2344 τίνος
1058 2301 1174 2339 ἕνεκεν

145 2363 297 2414 τοσαύτῃ
316 2365 359 2414 τῇ
381 2364 553 2414 ἐναλλαγῆ
573 2365 641 2402 τῶν
662 2361 830 2414 ῥημάτων
859 2362 1036 2414 ἐχρήσατο
1059 2365 1077 2400 ὀ
1102 2378 1175 2412 μα-

146 2425 266 2479 κάριος
294 2419 391 2468 οὗτος
417 2423 618 2477 προφήτης,
650 2425 783 2475 μᾶλλον
817 2423 854 2462 δὲ
887 2427 905 2462 ὁ
931 2423 1175 2476 φιλάνθρωπος

146 2487 236 2530 Θεὸς
271 2486 328 2524 διὰ
370 2490 429 2524 τοῦ
471 2485 650 2538 προφήτου
686 2484 929 2537 φθεγγόμενος.
965 2485 1037 2524 Καί
1062 2500 1149 2537 φησι
1166 2500 1173 2508 ·

148 2547 358 2598 Ποιήσωμεν
379 2548 559 2599 ἄνθρωπον
579 2546 660 2585 κατ’
675 2546 792 2586 εἰκόνα
806 2547 993 2600 ἡμετέραν,
1011 2547 1070 2585 καὶ
1099 2548 1176 2585 καθ’

146 2608 324 2660 ὁμοίωσιν.
362 2607 490 2661 Πρῴην
520 2606 582 2658 μὲν
608 2606 677 2661 γὰρ
695 2607 867 2659 ἠκούομεν
890 2610 995 2646 αὐτοῦ
1015 2608 1176 2659 λέγοντος

148 2669 237 2721 μετὰ
257 2668 321 2715 τὴν
337 2671 396 2707 τοῦ
416 2670 560 2722 οὐρανοῦ
589 2668 648 2706 καὶ
673 2670 737 2714 τῆς
756 2670 820 2720 γῆς
842 2668 1086 2721 δημιουργίαν,
1109 2670 1137 2707 Γ
1139 2685 1174 2707 ε-

146 2731 286 2777 νηθήτω
315 2731 408 2783 φῶς,
440 2729 500 2767 καὶ
527 2729 716 2776 Γενηθήτω
736 2729 922 2783 στερέωμα
941 2731 976 2768 ἕν
997 2730 1095 2781 μέσῳ
1114 2733 1175 2768 τοῦ

146 2793 287 2835 ὕδατος·
308 2791 368 2829 καὶ
387 2789 507 2837 πάλιν,
527 2791 744 2842 Συναχθήτω
762 2791 803 2829 τὸ
822 2790 915 2842 ὕδωρ
944 2793 992 2834 εἰς
1012 2806 1174 2842 συναγω-

146 2854 211 2906 γὴν
249 2853 346 2904 μίαν,
379 2851 439 2889 καὶ
471 2851 611 2903 ὀφθήτω
637 2856 659 2899 ἡ
688 2851 795 2904 ξηρὰ,
826 2851 887 2891 καὶ
921 2852 1174 2899 Γενηθήτωσαν

146 2918 346 2967 φωστῆρες,
370 2915 429 2952 καὶ
458 2910 683 2963 Ἐξαγαγέτω
695 2913 740 2952 τὰ
759 2913 868 2952 ὕδατα
897 2913 1027 2965 ἑρπετὰ
1053 2914 1174 2966 ψυχῶν

148 2979 279 3021 ζωσῶν.
300 2971 399 3020 Εἶδες
411 2976 504 3028 λόγῳ
521 2975 624 3026 μόνον
636 2975 696 3014 καὶ
713 2974 964 3027 προστάγματι
978 2980 1095 3012 πᾶσαν
1110 2974 1174 3022 τὴν

148 3039 260 3077 κτίσιν
282 3037 602 3091 δημιουργουμένην
621 3038 656 3075 ἐν
672 3041 749 3080 ταῖς
766 3036 869 3075 πέντε
890 3035 1058 3087 ἡμέραις
1077 3036 1172 3074 Σκό-

147 3116 204 3139 πει
232 3099 382 3152 σήμερον
409 3098 502 3144 πόση
533 3099 601 3135 τῶν
625 3097 790 3149 ῥημάτων
813 3100 835 3143 ἡ
860 3096 1021 3148 διαφορά.
1042 3097 1173 3136 Οὐκέτι

147 3160 215 3212 γάρ
234 3176 341 3212 φησι,
360 3158 540 3211 γενηθήτω
567 3159 766 3210 ἄνθρωπος,
786 3157 877 3196 ἀλλὰ
893 3157 928 3194 τί
936 3172 945 3204 ;
965 3157 1176 3209 Ποιήσωμεν

147 3222 326 3275 ἄνθρωπον
355 3222 432 3259 κατ’
463 3219 578 3259 εἰκόνα
605 3218 793 3272 ἡμετέραν,
812 3218 872 3256 καὶ
893 3220 970 3257 καθ’
992 3218 1171 3271 ὁμοίωσιν.

194 3354 209 3377 Ι»
226 3353 306 3395 Rog.
325 3363 407 3384 unus
424 3355 441 3385 ὸ
456 3354 666 3397 κεκρυμμένος,

193 3417 203 3430 e
221 3403 320 3437 Savil.
340 3411 372 3436 et
385 3402 512 3446 aliquot
527 3403 604 3436 Mss.
625 3405 740 3437 ἐπειόὰν
754 3405 828 3436 πολὺ
845 3407 877 3436 τὸ
893 3406 985 3445 βάθος

1087 196 1250 226 GENES.

1195 773 1220 802 D

1291 197 1445 226 llOMlL.
1486 198 1579 227 Vlll.
2145 205 2193 244 'ft

1255 279 1460 331 spirituales
1475 280 1528 316 1·ae
1540 294 1623 331 opes
1637 281 2097 332 magisaugentur,quando
2116 284 2201 320 luan-

1255 339 1327 378 rire
1352 339 1554 379 volentibus
1578 340 1776 378 ‹loeti-inani
1800 340 1993 378 liberaliter
2021 345 2203 393 profundi-

1253 415 1346 439 mus.
1360 401 1476 453 Igitur
1496 401 1577 453 quia
1599 401 1666 439 lioc
1682 401 1782 438 nobis
1799 402 1973 452 majorum
1991 401 2201 440 ‹lix-itiarnnn

1250 475 1356 500 causa
1375 472 1441 512 est,
1462 472 1496 501 et
1518 476 1582 501 vos
1606 461 1856 514 spiritualibus
1881 461 2059 499 alimentis
2084 464 2201 499 satiari

1249 537 1318 562 non
1336 524 1498 576 potestis,
1518 537 1582 575 age
1597 523 1784 562 videamus
1802 522 1939 573 quidet
1960 521 2065 559 liodie
2081 523 2203 561 heatus

1249 586 1368 623 Moses
1382 586 1417 624 in
1435 585 1490 623 liis
1509 599 1586 637 qum
1606 585 1693 623 lecta
1706 594 1785 622 sunt
1801 598 1862 621 nos
1877 583 2016 630 ducent,
2032 583 2199 635 iinoquid

1248 646 1361 696 gratia
1389 647 1547 698 Spiritus
1575 660 1636 698 per
1664 646 1741 696 ejus
1771 645 1931 695 linguam
1962 644 2064 682 nobis
2090 645 2202 682 onini-

1245 706 1313 745 bus
1327 707 1436 745 dicat.
1458 710 1521 746 96.
1543 709 1595 745 Et
1613 709 1726 753 dia-it,
1746 707 1874 757 inquit,
1893 708 2000 745 Deus
2023 723 2033 742 :
2056 709 2198 745 Facia-

1246 782 1329 806 mus
1348 770 1545 806 hominem
1565 769 1775 806 secundum
1790 769 1997 819 imaginem
2013 778 2200 813 nostram,

1246 837 1281 867 et
1312 831 1524 868 secundam
1563 829 1870 866 similitudinem.
1905 831 1955 865 'Ne
1993 829 2202 881 simpliciter

1246 890 1323 927 haec
1337 890 1433 928 dicta
1454 899 1720 942 praetereamus,
1736 888 1928 938 carissimi,
1947 890 2008 927 sed
2022 889 2201 940 disquira-

1247 971 1326 996 mus
1342 957 1451 996 verba
1467 957 1622 1009 singula,
1641 966 1674 994 et
1695 956 1729 994 in
1753 955 1969 1009 profundum
1986 957 2200 996 descenden-

1247 1028 1310 1068 t05‚
1331 1019 1406 1057 vim
1430 1019 1465 1057 in
1491 1018 1686 1058 breviculis
1710 1018 1809 1055 hisce
1824 1017 1942 1056 verbis
1963 1018 2127 1056 latentem
2150 1019 2201 1056 in-

1246 1079 1476 1132 vestigemus.
1492 1079 1584 1116 Nam
1599 1078 1680 1116 licet
1698 1092 1810 1130 panea
1829 1077 1898 1116 sint
1918 1078 2039 1127 verba,
2054 1093 2203 1129 magnus

1247 1149 1365 1179 tamen
1398 1141 1584 1179 tliesaums
1610 1149 1661 1178 est
1687 1140 1723 1177 in
1754 1139 1827 1177 illis
1857 1139 2074 1186 reconditus,
2100 1149 2204 1191 atque

1247 1199 1347 1238 decet
1370 1209 1519 1238 attentos
1537 1208 1571 1238 et
1590 1199 1717 1251 vigiles
1736 1212 1804 1236 nen
1825 1199 1859 1236 in
1889 1199 2075 1250 superlicio
2099 1208 2201 1237 stare.

1250 1262 1432 1309 Quoniam
1452 1270 1485 1299 et
1508 1261 1531 1299 ii
1549 1261 1613 1312 qui
1633 1260 1815 1299 sensibiles
1835 1260 1899 1298 hos
1913 1260 2095 1298 thesauros
2117 1262 2203 1299 ell'o-

1248 1322 1334 1361 dere
1353 1332 1541 1373 conantur,
1566 1335 1635 1360 non
1659 1322 1696 1360 in
1716 1321 1824 1374 plano
1843 1330 1875 1359 ct
1892 1321 1927 1358 in
1948 1321 2135 1373 superficie
2148 1337 2203 1359 so—

1247 1383 1324 1421 lum
1339 1384 1479 1422 fodiunt
1497 1393 1603 1434 atquc
1620 1382 1841 1435 perquirunt,
1853 1381 1914 1420 scd
1929 1383 1963 1419 in
1983 1382 2203 1434 profundum

1249 1444 1483 1495 descendunt,
1494 1454 1528 1482 et
1541 1444 1733 1498 penitiores
1746 1453 1846 1482 terrae
1861 1444 1959 1481 sinus
1980 1453 2182 1482 scrutantur
2196 1462 2201 1481 :

1248 1515 1352 1558 atque
1371 1506 1419 1544 ita
1442 1515 1518 1544 arte
1540 1520 1602 1544 sua
1627 1519 1756 1544 aurum
1774 1520 1794 1543 a
1815 1514 1905 1543 terra
1931 1515 2129 1557 segregant,
2153 1515 2204 1544 ta-

1250 1567 1351 1605 metsi
1371 1581 1463 1620 saepe
1484 1576 1563 1620 post
1585 1567 1725 1605 labores
1751 1566 1968 1617 sudoresque
1989 1567 2122 1604 multos
2141 1568 2202 1605 vix

1249 1643 1362 1682 pauca
1381 1628 1546 1680 quaedam
1564 1637 1722 1666 ramenta
1749 1628 1916 1667 asserunt.
1930 1628 1998 1666 Hic
2020 1638 2137 1666 autem
2156 1629 2204 1667 nil

1248 1690 1318 1729 tale
1340 1699 1406 1741 est,
1424 1690 1487 1729 scd
1510 1691 1612 1729 labor
1633 1690 1760 1738 minor,
1776 1699 1810 1728 ct
1835 1689 2027 1728 ineffabilis
2052 1690 2202 1729 ubertas.

1248 1753 1339 1789 Nam
1367 1751 1567 1804 spiritualia
1597 1751 1716 1790 omnia
1745 1751 1781 1789 in
1800 1751 1896 1789 hunc
1917 1750 2065 1790 modum
2083 1766 2119 1791 se
2140 1752 2204 1790 has

1247 1812 1343 1851 beat.

1299 2057 1336 2092 Ξ.
1366 2054 1419 2092 Ne
1435 2053 1546 2105 igitur
1568 2053 1680 2091 simus
1699 2052 1892 2092 deteriores
1912 2054 1956 2092 iis
1975 2055 2036 2105 qui
2059 2055 2105 2093 ad
2127 2070 2204 2094 sen-

1247 2114 1366 2152 sibilia
1387 2114 1527 2152 inhiant
1548 2129 1556 2150 τ
1578 2113 1640 2152 sed
1668 2113 1891 2165 inquiramus
1910 2124 1942 2153 et
1964 2129 2027 2153 nos
2050 2115 2205 2168 diligen—

1246 2184 1299 2213 ter
1322 2175 1529 2213 thesaurum
1556 2174 1652 2212 hunc
1681 2174 1906 2226 spiritualem
1929 2175 1966 2214 in
1984 2177 2104 2215 verbis
2126 2177 2203 2216 istis

1245 2235 1484 2285 reconditum,
1505 2244 1540 2273 et
1565 2235 1722 2287 primum
1745 2235 1932 2274 videamus
1964 2237 2051 2288 quid
2071 2252 2202 2277 novum

1245 2307 1280 2336 et
1299 2295 1552 2335 admirandum
1575 2295 1672 2334 dieat
1692 2312 1700 2333 :
1723 2296 1806 2335 dein
1829 2312 1939 2348 quare
1962 2307 2059 2337 tanta
2076 2300 2203 2338 verbo-

1245 2373 1327 2398 rum
1344 2358 1541 2396 variatione
1562 2367 1684 2396 utatur
1697 2358 1821 2396 beatus
1845 2358 1905 2396 hic
1922 2359 2109 2411 propheta,
2130 2360 2203 2399 imo

1245 2422 1420 2474 benignus
1443 2421 1539 2459 Deus
1563 2434 1628 2472 per
1646 2420 1859 2473 prophetam
1878 2421 2035 2472 loquens.
2053 2422 2101 2461 Et
2120 2423 2170 2461 ait
2191 2440 2198 2459 :

1246 2485 1457 2522 Faciamus
1473 2483 1666 2519 hominem
1678 2483 1887 2520 secundum
1906 2485 2113 2535 imaginem
2135 2499 2200 2522 no-

1245 2553 1381 2589 stram,
1395 2551 1432 2581 et
1445 2543 1656 2581 secundum
1667 2543 1973 2581 similitudinem.
1984 2545 2105 2595 Nuper
2117 2558 2199 2583 cum

1245 2605 1372 2644 caelum
1384 2614 1585 2653 terramque
1599 2603 1794 2651 formasset,
1805 2603 2012 2642 audivimus
2024 2605 2127 2643 illum
2141 2606 2196 2644 di-

1246 2676 1382 2705 centem
1400 2667 1515 2703 :Fiat
1539 2664 1607 2702 lux
1627 2679 1637 2699 :
1655 2672 1702 2711 et,
1727 2665 1820 2701 Fiat
1834 2664 2135 2716 firmamentum
2158 2670 2199 2705 in

1247 2729 1372 2766 medio
1394 2739 1521 2778 aquoe;
1543 2733 1577 2762 et
1605 2723 1747 2771 iterum,
1769 2725 2061 2778 Congregentur
2087 2742 2200 2780 aquoe

1247 2792 1289 2826 in
1302 2788 1639 2839 congregationem
1653 2798 1785 2831 unam,
1802 2793 1840 2822 et
1854 2796 2041 2837 appareat
2053 2790 2168 2828 arida
2184 2806 2194 2826 .-

1246 2859 1294 2898 et,
1311 2851 1432 2888 Fiant
1445 2848 1657 2885 luminaria
1675 2861 1682 2881 ε
1701 2854 1748 2893 et,
1762 2847 1948 2885 Educant
1961 2862 2074 2901 aquoe
2085 2856 2199 2903 repti—

1248 2912 1305 2949 lia
1319 2913 1541 2948 animarum
1556 2909 1600 2944 vi
1605 2909 1783 2945 ventium.
1794 2906 1930 2947 Vidisti
1948 2923 2110 2950 sermone
2124 2914 2199 2951 solo

1245 2982 1279 3011 et
1300 2978 1473 3024 praecepto
1503 2981 1644 3005 omnem
1669 2975 1869 3005 creaturam
1896 2969 2053 3022 quinque
2072 2972 2198 3012 diebus

1245 3032 1415 3073 formari?
1437 3029 1534 3069 Vide
1552 3027 1658 3065 hodie
1671 3037 1802 3079 quanta
1823 3030 2016 3070 verborum
2038 3033 2196 3073 diversi-

1247 3106 1308 3134 tas.
1330 3095 1409 3132 Non
1430 3090 1523 3128 enim
1539 3089 1616 3141 jam
1635 3087 1724 3126 dicit
1739 3104 1746 3124 :
1761 3089 1841 3127 Fiat
1856 3089 1962 3129 homo
1979 3108 1986 3128 :
2002 3092 2062 3131 scd
2081 3095 2196 3145 quid?

1245 3156 1457 3192 Faciamus
1502 3150 1696 3186 hominem
1737 3151 1945 3188 secundum
1989 3155 2196 3205 imaginem

1247 3223 1433 3260 nostram,
1454 3220 1489 3250 et
1526 3210 1734 3248 secundum
1767 3212 2073 3252 similitudinem.
2097 3215 2197 3262 Quid

1235 3359 1246 3372 a
1265 3345 1398 3388 Aliquot
1416 3342 1493 3374 Mss.
1512 3348 1545 3374 et
1560 3340 1663 3374 Savit.
1683 3343 1910 3388 διερευνώμιθκ.
