2516 3791
78 1515 122 1542 Ma
129 1517 251 1544 nichaeo-

62 1567 127 1584 rum
139 1559 251 1587 ethu-

66 1600 160 1627 tilium
200 1611 247 1628 er-

64 1650 154 1672 rores.

61 2803 242 2834 lsai-1.18.

56 3234 225 3261 lstti.1.1(i

277 137 369 197 748
706 154 744 184 s.
782 153 966 184 somnis
1003 149 1247 182 cnanos'r.

265 235 379 282 litate,
399 248 476 286 age,
505 245 538 273 et
572 249 634 273 nos
668 250 808 287 quoque
841 233 1010 272 doctrinae
1046 231 1213 283 scapham

267 295 462 343 trahamus,
479 305 586 347 atque
600 310 645 334 ex
661 305 767 349 portu
781 296 816 333 in
831 295 919 332 bene
929 293 1137 330 affectarum
1151 304 1209 328 au-
1239 295 1264 325 Ι)

267 355 362 394 rium
391 365 589 393 vestrarum
625 365 768 408 portum
795 353 1088 391 transmittamus.
1126 352 1213 402 Age,

266 416 452 454 subtiliora
483 417 676 468 Scripturte
705 429 802 453 sensa
825 412 1088 464 aggrediamur,
1109 425 1150 449 ac
1170 411 1215 449 de

267 476 421 523 caelo,dc
446 486 551 525 terra,
569 476 613 513 de
642 474 744 522 mari,
767 474 880 524 deque
907 482 980 511 tota
1006 486 1125 511 rerum
1155 486 1214 510 na-

267 548 344 576 tura
375 537 669 589 philosophemur
687 551 694 571 :
712 535 787 572 baec
816 534 951 587 quippe
977 533 1078 571 nobis
1108 532 1216 572 hodie

267 599 355 636 lecta
373 607 467 635 sunt.
487 596 557 634 Sed
580 595 670 647 quid
689 595 734 633 ad
758 609 834 643 nos,
854 595 1007 645 inquies,
1029 593 1216 633 creationis

267 659 382 697 ratio?
398 657 451 695 Ad
471 658 534 695 hos
550 657 671 707 utique
691 656 999 709 pertinet,dilecti.
1016 657 1110 694 Nam
1132 655 1161 693 si
1173 668 1218 692 ex

267 718 513 769 magnitudine
531 727 565 756 et
587 717 857 770 pulchritudine
878 725 1121 755 ereaturarum
1134 730 1218 768 pro-

266 779 426 831 portione
461 778 616 829 quadam
655 779 800 817 Creator
835 777 1058 830 agnoscitur,
1086 786 1217 829 quanto

266 841 380 891 magis
415 849 613 878 creatarum
647 854 764 878 rerum
800 838 1107 892 pulchritudinem
1142 853 1217 877 ma—

266 900 563 952 gnitudinemque
593 900 936 953 contemplabimur,
974 910 1072 938 tanto
1103 900 1216 952 magis

267 961 313 999 ad
327 962 438 1014 ipsius
454 961 606 1014 Opificis
622 961 785 999 notitiam
799 960 1032 998 adducemur.
1042 962 1216 1013 Magnum
1239 969 1262 999 E

266 1022 400 1060 honum
415 1032 465 1060 est
478 1037 578 1060 nosse
592 1023 679 1074 quid
695 1021 739 1059 sit
753 1031 926 1071 creatura,
939 1021 1028 1072 quid
1046 1023 1213 1072 Creator3

266 1083 353 1134 quid
373 1098 474 1136 opus,
491 1083 578 1135 quid
600 1084 746 1136 Opifex.
769 1084 861 1121 Nam
892 1083 922 1121 si
948 1083 1025 1121 haec
1055 1093 1217 1121 accurate

265 1144 483 1197 distinguere
506 1145 633 1183 scirent
662 1145 821 1183 veritatis
849 1144 981 1195 hostes,
1004 1159 1073 1182 non
1097 1145 1216 1183 omnia

266 1206 534 1250 mnfuiulerent,
548 1220 589 1243 ac
608 1221 668 1244 sus
688 1206 800 1257 deque
818 1215 993 1244 verterent
1009 1221 1099 1245 :non
1121 1206 1217 1258 quod

265 1266 382 1304 stellas
403 1276 436 1304 et
450 1267 575 1304 caelum
591 1266 822 1316 deduxerint,
835 1276 868 1304 ct
883 1276 1012 1304 terram
1025 1267 1216 1306 sublimem

265 1327 429 1375 secet-inu
444 1326 505 1364 scd
535 1327 702 1365 οῖς-10111111
721 1328 851 1378 Regem
875 1341 894 1365 a
917 1327 1012 1378 regio
1034 1328 1123 1366 solio
1146 1328 1213 1366 de-

265 1387 448 1424 turbatum
469 1402 550 1425 cum
577 1388 700 1425 creatis
728 1388 833 1425 rebus
859 1388 1122 1438 collocaverint,
1140 1403 1214 1427 cre-

264 1457 403 1486 aturam
424 1463 507 1487 vcro
532 1448 733 1488 divinitatis
759 1449 903 1487 sedibus
932 1449 1150 1488 honorarint.
1175 1450 1214 1489 Si

264 1507 309 1545 de
327 1518 450 1546 natura
468 1523 588 1547 rerum
606 1518 698 1547 reete
713 1509 858 1547 scissent
873 1509 1118 1562 philosophari
1136 1512 1213 1548 Ma-
1227 1544 1257 1570 64

1285 149 1490 180 ARcutEP.
1528 149 1887 182 CONSTANTINOP.

1290 230 1437 275 σκαλίας
1455 231 1670 283 ἑλκύσωμεν,
1691 233 1761 272 ἀπὸ
1774 233 1912 284 λιμένος
1926 237 1974 279 εἷς
1987 235 2112 286 λιμένα
2126 234 2315 288 παραπέμ-

1290 307 1412 335 ποντες
1437 294 1506 330 τῶν
1531 291 1709 346 ὑμετέρων
1737 296 1852 333 ἀκοῶν
1873 295 1936 342 τὴν
1951 295 2168 348 ἡμερότητα.
2203 296 2312 349 Φέρε,

1289 351 1506 404 λεπτοτέρων
1519 353 1845 405 κατατολμήσωμεν
1861 356 2058 406 νοημάτων,
2076 357 2156 410 περὶ
2167 358 2310 409 οὐρανοῦ

1290 413 1349 450 καὶ
1367 416 1429 464 γῆς
1451 413 1512 451 καὶ
1533 413 1705 461 θαλάττης
1726 414 1786 453 καὶ
1805 420 1864 454 τοῦ
1882 417 2004 455 λοιποῦ
2020 421 2083 464 τῆς
2097 417 2245 460 κτίσεως
2259 433 2314 469 φι-

1290 475 1514 526 λοσοφοῦντες
1543 474 1726 526 σώματος·
1754 481 1865 515 ταῦτα
1896 477 1964 530 γὰρ
1990 481 2075 528 ἡμῖν
2110 477 2313 529 ἀνεγνώσθη

1292 535 1455 588 σήμερον.
1490 536 1558 574 Καὶ
1583 536 1617 573 τί
1639 536 1724 588 πρὸς
1749 539 1864 587 ἡμᾶς,
1884 537 2005 589 ῳησὶν,
2027 541 2044 576 ὃ
2064 538 2144 591 περὶ
2169 538 2315 582 κτίσεως

1291 594 1415 647 λόγος,
1446 596 1540 649 Πρὸς
1570 599 1664 647 ἡμᾶς
1696 595 1757 647 μὲν
1790 590 1848 635 οῧν
1860 628 1871 646 ,
1898 597 2086 650 ἀγαπητοί.
2121 600 2167 637 Εἰ
2186 598 2254 650 γὰρ
2275 601 2314 637 ἐκ

1295 656 1456 708 μεγέθους
1483 658 1543 695 καὶ
1568 659 1738 703 καλλονῆς
1764 658 1966 709 κτισμάτων
1987 659 2163 709 ἀναλόγως
2187 661 2204 696 ὃ
2220 675 2316 711 γενε-

1293 718 1450 769 σιουργὸς
1470 722 1671 770 θεωρεῖται,
1700 717 1838 771 ὅσῳπερ
1858 717 1898 756 ἂν
1917 722 1966 772 τῷ
1989 719 2126 770 μεγέθει
2145 722 2207 765 τῆς
2226 722 2314 758 καλ-

1290 778 1393 824 λονῆς
1411 782 1478 817 τῶν
1502 779 1705 830 κτισμάτων
1727 779 2022 832 ἐνδιατρίψιιψεν,
2047 784 2209 819 τοσοῦτον
2231 781 2317 834 πρὸς

1291 837 1348 875 τὸν
1362 840 1602 893 γενεσιουργὸν
1615 839 1936 892 χειραγωγούμεθα.
1970 843 2006 879 Μ
2013 841 2075 893 ε’γα
2091 842 2218 893 ἀγαθὸν
2234 842 2315 880 εἰδέ-

1291 912 1366 946 ναι,
1386 899 1419 936 τί
1437 900 1497 950 μέν
1518 902 1594 938 ἐστι
1609 899 1763 950 κτίσμα,
1781 900 1814 938 τί
1830 901 1866 939 δὲ
1887 901 2029 948 κτιστής
2044 917 2052 925 ·
2070 903 2103 940 τί
2123 901 2184 953 μὲν
2202 902 2314 954 ἔργον,

1289 957 1323 995 τί
1351 958 1386 996 δὲ
1412 960 1573 1007 ποιητής.
1611 961 1682 998 Καὶ
1710 960 1777 1014 γὰρ
1799 963 1828 999 εἰ
1856 966 1965 1000 ταῦτα
1988 962 2130 1012 ’ᾔδεισαν
2161 964 2315 1016 ἀκριὸῶς

1292 1021 1436 1073 διαιρεῖν
1453 1021 1483 1058 οἱ
1494 1023 1556 1066 τῆς
1565 1019 1730 1066 ἀληθείας
1745 1022 1876 1073 ἐχθροὶ,
1886 1024 1947 1060 οὐκ
1961 1022 2000 1059 ἂν
2012 1023 2127 1061 πάντα
2141 1023 2313 1075 συνέχεον,

1288 1080 1332 1118 τὰ
1357 1081 1429 1117 ἄνω
1460 1080 1557 1118 κάτω
1587 1085 1763 1123 ποιοῦντες
1777 1096 1784 1103 ·
1812 1082 1878 1132 οὐχ
1907 1080 1960 1119 ὅτι
1981 1082 2026 1120 τὰ
2046 1082 2158 1135 ἄστρα
2177 1083 2236 1120 καὶ
2255 1083 2313 1121 τὸν

1289 1141 1431 1193 οὐρανὸν
1449 1141 1666 1193 κατήνεγκαν
1679 1171 1689 1189 ,
1713 1140 1777 1188 τὴν
1797 1141 1832 1179 δὲ
1848 1144 1914 1193 γ’ῆν
1934 1142 2144 1195 ἀνήνεγκαν·
2168 1144 2245 1182 ἀλλ’
2261 1143 2314 1182 ὅτι

1289 1203 1346 1241 τὸν
1364 1205 1432 1241 τῶν
1449 1205 1602 1256 οὐρανῶν
1625 1201 1773 1254 βασιλέα
1793 1203 1863 1241 ἀπὸ
1879 1205 1947 1242 τῶν
1969 1204 2098 1257 θρόνων
2115 1205 2314 1244 καταὸιὸά-

1290 1279 1410 1307 σαντες
1440 1266 1508 1302 τῶν
1543 1265 1752 1315 βασιλικῶν,
1786 1263 1874 1313 μετὰ
1893 1267 1957 1311 τῆς
1979 1264 2124 1308 κτίσεως
2149 1264 2312 1315 ἔστησαν,

1289 1325 1350 1372 τὴν
1371 1325 1406 1364 δὲ
1430 1325 1542 1364 κτίσιν
1561 1331 1632 1368 τοῖς
1650 1327 1713 1371 τῆς
1733 1324 1892 1372 θεότητος
1912 1326 2105 1378 προεδρίοις
2125 1325 2306 1376 ἐτίμησαν.

1288 1387 1334 1424 Εἰ
1354 1386 1434 1438 περὶ
1449 1386 1595 1429 κτίσεως
1608 1387 1749 1438 ᾔδεισαν
1764 1387 1959 1438 φιλοσοφεῖν
1976 1389 2170 1438 Μανιχαῖοι
2183 1387 2312 1437 καλῶς,

1290 1449 1352 1485 οὐκ
1384 1447 1425 1485 ἂν
1460 1447 1523 1493 τὴν
1558 1446 1593 1491 ἐξ
1625 1449 1686 1486 οὐκ
1717 1447 1824 1485 ὄντων
1837 1477 1847 1495 ,
1875 1447 1938 1494 τὴν
1970 1447 2197 1500 φθειρομένην
2209 1479 2220 1497 ,
2246 1448 2311 1495 τὴν

1259 1545 1274 1569 6
1292 1507 1449 1559 ῥέουσαν,
1474 1508 1537 1555 τὴν
1561 1508 1816 1559 ἀλλοιουμένην
1832 1513 1903 1551 τοῖς
1920 1511 1981 1554 τῆς
1998 1509 2203 1559 ἀγεννησίας
2223 1525 2311 1563 πρε-

265 1569 406 1617 nichaei‚
419 1584 615 1620 numquam
631 1584 722 1618 cam,
735 1584 813 1620 quae
824 1584 869 1607 ex
884 1569 998 1608 nihilo
1016 1571 1211 1621 facta,c0r-
1237 1583 1264 1611 Α
1290 1568 1418 1612 σὸείοις
1435 1568 1620 1619 ἐτίμησαν.
1653 1570 1698 1607 Εἰ
1716 1568 1796 1620 περὶ
1816 1569 1960 1611 κτίσεως
1978 1569 2120 1621 ᾔδεισαν
2137 1568 2313 1617 (Έλληνες

263 1630 420 1682 ruptioni
440 1630 608 1680 obnoxia,
632 1630 729 1668 fluxa
753 1638 786 1667 et
811 1630 994 1667 mutabilis
1013 1640 1098 1680 erat,
1111 1632 1211 1682 quasi

263 1706 330 1729 non
345 1692 475 1729 factam
488 1690 775 1729 ho1iorassent.Si
789 1690 834 1728 de
847 1705 964 1728 rerum
980 1700 1106 1729 natura
1120 1701 1213 1730 recte

261 1753 405 1791 scissent
423 1751 627 1790 ratiocinari
648 1752 809 1803 gentiles,
825 1766 894 1789 non
909 1766 925 1789 a
943 1766 1027 1791 vcro
1047 1752 1209 1791 aberras-

261 1824 349 1863 sent,
371 1828 481 1865 neque
507 1813 696 1851 coluissent
719 1813 993 1864 adorassentque
1013 1823 1210 1852 creaturam

260 1876 378 1928 potius
392 1889 500 1926 quam
508 1875 721 1912 Creatorem.
730 1873 927 1912 Pulchrum
939 1883 989 1911 est
999 1874 1136 1924 caelum,
1147 1875 1210 1913 scd

260 1936 340 1974 ideo
351 1946 510 1974 creatum
531 1944 635 1973 estut
653 1934 816 1973 adorares
827 1934 1005 1987 Opificem
1029 1951 1036 1971 :
1059 1936 1210 1988 pulcher

261 1998 324 2046 sol,
339 1996 401 2035 scd
415 1996 493 2034 ideo
509 1996 657 2049 pulcher
671 2005 712 2034 ut
726 1996 820 2033 colas
833 1996 1033 2034 Factorem:
1044 1996 1104 2034 sed
1123 1996 1152 2034 si
1172 1998 1209 2036 in

260 2057 350 2095 mira
366 2072 485 2095 rerum
503 2057 616 2095 forma
629 2056 811 2105 consistas,
822 2064 855 2094 et
870 2071 992 2094 earum
1007 2057 1210 2109 pulchritu-

261 2117 337 2155 dini
358 2118 542 2165 inhaereas,
554 2118 619 2155 lux
635 2117 701 2154 tibi
720 2132 819 2156 versa
835 2127 886 2155 cst
901 2117 936 2155 in
954 2118 1127 2169 tenebras,
1139 2119 1210 2159 imo

262 2178 381 2231 potius
398 2179 477 2217 lucc
496 2177 541 2215 ad
558 2178 720 2216 tenebras
739 2192 823 2215 usus
843 2192 889 2215 es.
906 2178 1020 2218 Vides
1039 2190 1209 2230 quantum

261 2240 395 2277 bonum
414 2241 455 2277 sit
483 2254 602 2277 rerum
620 2248 818 2277 creatarum
844 2254 944 2277 nosse
963 2240 1138 2278 rationes?
1156 2244 1210 2280 Ne
1234 2245 1256 2275 B

261 2300 378 2351 itaquo
391 2301 532 2338 lucrum
546 2309 741 2352 pizetercas,
758 2299 818 2337 sed
834 2299 940 2337 dictis
955 2310 1117 2339 accurate
1135 2303 1210 2340 ani-

261 2375 360 2399 mum
387 2361 518 2399 adhibe
538 2377 545 2398 :
567 2376 635 2400 non
663 2361 757 2399 enim
777 2360 822 2398 de
849 2361 948 2409 caelo,
967 2360 1012 2399 de
1043 2371 1147 2411 terra,
1165 2363 1210 2402 de

261 2423 350 2460 mari
375 2432 511 2461 tantum
536 2422 669 2460 dicturi
685 2436 821 2472 sumus,
841 2421 901 2460 sed
917 2422 1022 2460 ctiam
1041 2423 1086 2461 de
1100 2425 1208 2476 origi-

261 2498 303 2521 ne
320 2493 450 2533 nostra,
471 2493 577 2534 atque
604 2483 698 2521 unde
722 2497 816 2521 mors
841 2492 917 2520 orta
945 2482 1002 2528 sit,
1021 2484 1114 2523 unde
1136 2486 1206 2524 vita

258 2545 447 2594 laboriosa,
463 2544 557 2582 unde
574 2544 716 2582 tristitia
732 2553 764 2581 et
778 2543 1047 2583 sollicitudines.
1063 2547 1154 2584 Nam
1170 2557 1208 2586 ut

258 2606 302 2644 de
320 2606 377 2644 his
407 2606 521 2657 deque
546 2605 668 2643 multis
700 2604 780 2642 aliis
812 2618 884 2642 sesc
909 2615 1079 2656 purgaret
1098 2608 1206 2658 Deus,

258 2668 354 2705 hunc
381 2667 427 2704 ad
454 2681 517 2705 nos
534 2667 666 2704 librum
686 2665 803 2703 misit:
824 2680 935 2717 neque
950 2666 1042 2703 enim
1060 2681 1132 2706 sese
1147 2668 1208 2706 de-

257 2728 397 2766 fendere
412 2730 508 2766 Deus
526 2727 752 2778 dedignatur,
766 2725 825 2764 sed
841 2741 902 2778 per
914 2727 1123 2779 prophetam
1137 2728 1206 2767 cla-

259 2799 330 2828 mat
352 2806 358 2826 :
386 2791 537 2834 Venite,
561 2798 595 2826 et
616 2791 871 2840 disputemus,
896 2790 990 2827 dicit
1003 2790 1207 2829 Dominus.

260 2852 331 2888 Nec
350 2849 455 2887 modo
469 2864 541 2887 sese
557 2849 715 2887 defendit
729 2864 769 2886 ac
783 2849 923 2901 judicio
943 2850 1136 2899 contendit,
1147 2851 1208 2890 sed

257 2913 361 2950 etiam
393 2910 572 2962 quomodo
597 2910 924 2948 condemnationem
950 2911 1070 2963 sugere
1099 2913 1211 2964 possi-

257 2988 337 3010 mus
360 2972 461 3010 (locet
479 2988 485 3007 :
503 2986 570 3009 non
598 2971 691 3009 enirn
715 2971 829 3009 solum
859 2971 975 3020 dixit,
998 2974 1144 3019 Venite,
1176 2982 1211 3012 et
1233 2971 1256 3003 C

256 3036 507 3086 disputemus,
532 3032 591 3070 scd
618 3041 806 3084 postquam
827 3031 950 3070 (locuit
981 3033 1070 3084 quid
1089 3033 1210 3072 dicen-

255 3097 356 3144 dum,
375 3095 461 3147 quid
476 3094 652 3145 agendum
669 3103 768 3139 essct,
786 3094 835 3131 sic
853 3093 897 3131 ad
910 3094 1068 3132 tribunal
1090 3095 1207 3134 traxit.

256 3158 350 3195 Audi
382 3158 499 3207 itaque
535 3154 781 3207 piopheticuui
816 3169 1011 3193 sermonem
1044 3157 1208 3208 superius

254 3219 430 3271 prolatum
445 3234 451 3253 :
467 3216 829 3258 L(wamini,mumli
838 3218 1128 3269 estotefllfferte
1141 3232 1206 3255 ne-

252 3283 396 3331 quitias
421 3281 469 3316 ab
486 3278 692 3315 animabus
717 3278 1019 3315 vestris:(liscite
1035 3279 1204 3331 benefa-

253 3341 540 3393 cere.judicate
563 3337 724 3389 pupillo,
746 3338 1004 3389 etjustificate
1021 3340 1201 3386 viduam,-

1288 1631 1486 1682 φιλοσοφεῖν
1513 1632 1629 1673 καλῶς
1643 1660 1654 1677 ,
1676 1631 1738 1668 οὐκ
1760 1629 1800 1667 ἂν
1821 1631 2115 1677 ἀπεπλανήθησαν
2135 1634 2197 1677 τῆς
2218 1633 2311 1678 ἁλη-

1287 1692 1394 1737 θείας,
1415 1694 1477 1730 οὐκ
1503 1691 1543 1728 ἂν
1566 1691 1807 1737 ἐσεὸάσθησαν
1828 1691 1887 1729 καὶ
1907 1691 2117 1743 ἐλάτρευσαν
2138 1695 2181 1744 τῇ
2200 1693 2312 1731 κτίσει

1286 1752 1384 1806 παρὰ
1401 1752 1459 1790 τὸν
1476 1751 1658 1791 κτίσαντα.
1687 1751 1802 1795 Καλὸς
1817 1756 1834 1790 ὃ
1849 1752 2000 1805 οὐρανὸς,
2022 1751 2113 1791 ἀλλὰ
2132 1752 2189 1790 διὰ
2208 1756 2311 1791 τοῦτο

1285 1814 1556 1867 ἐδημιουργήθη,
1584 1813 1642 1852 ἵνα
1659 1813 1903 1866 προσκυνήσῃς
1926 1814 1984 1852 τὸν
1999 1814 2212 1861 ποιήσαντα·
2230 1831 2310 1868 φαι-

1287 1875 1364 1927 δρὸς
1384 1879 1401 1914 ὃ
1419 1875 1538 1922 ἥλιος,
1560 1875 1636 1913 ἀλλ’
1662 1874 1716 1912 ἴνα
1746 1875 1960 1927 θεραπεύσῃς
1979 1875 2037 1914 τὸν
2058 1876 2308 1929 ἐργασάμενον·

1286 1937 1316 1973 εἰ
1341 1936 1376 1974 δὲ
1403 1936 1542 1987 μέλλεις
1566 1935 1792 1987 ἐναπομένειν
1811 1939 1860 1988 τῷ
1887 1939 1949 1982 τῆς
1977 1936 2124 1980 κτίσεως
2144 1937 2311 1988 θαύματι,

1285 1998 1345 2036 καὶ
1361 2000 1411 2049 τῷ
1430 1998 1553 2036 κάλλει
1568 2000 1637 2035 τῶν
1666 1996 1774 2050 ἔργων
1791 2000 2064 2049 παρακαθῆσθαι
2079 2027 2089 2044 ,
2108 1999 2148 2037 τὸ
2166 2001 2237 2051 φῶς
2258 2015 2312 2038 σοι

1285 2058 1404 2111 γέγονε
1424 2057 1557 2106 σκότος,
1579 2059 1710 2109 μᾶλλον
1733 2057 1767 2095 δὲ
1787 2060 1837 2111 τῷ
1857 2058 1946 2110 φωτὶ
1965 2058 2050 2111 πρὸς
2069 2058 2191 2104 σκότος
2203 2059 2309 2112 ἐχρή-

1286 2136 1352 2157 σω.
1386 2113 1486 2162 Εἷδες
1505 2118 1583 2157 ὅσον
1603 2118 1730 2169 ἀγαθόν
1751 2120 1879 2157 ἔστιτὸ
1894 2119 2021 2157 εἰδέναι
2042 2118 2119 2164 τοὺς
2137 2120 2217 2171 περὶ
2236 2120 2309 2158 κτί-

1286 2197 1372 2224 σεως
1388 2180 1528 2233 λόγους;
1545 2179 1607 2227 Μὴ
1630 2179 1742 2219 τοίνυν
1763 2180 1999 2233 παραδράμῃς
2017 2181 2055 2219 τὸ
2071 2180 2202 2232 κέρδος,
2217 2181 2309 2219 ἀλλὰ

1287 2241 1376 2292 μετὰ
1401 2241 1579 2293 ἀκριὸείας
1606 2241 1756 2293 πρόσεχε
1782 2246 1852 2284 τοῖς
1870 2241 2089 2292 λεγομένοις·
2117 2244 2154 2278 οὐ
2177 2241 2246 2294 γὰρ
2265 2241 2306 2289 δὴ

1284 2302 1363 2355 περὶ
1384 2305 1528 2355 οὐρανοῦ
1555 2301 1657 2353 μόνον
1678 2303 1835 2353 ἐροῦμεν,
1856 2303 1915 2340 καὶ
1934 2305 2015 2354 γῆς,
2041 2301 2098 2339 καὶ
2119 2302 2307 2351 θαλάττης,

1285 2363 1374 2401 ἀλλὰ
1393 2363 1452 2401 καὶ
1467 2362 1546 2414 περὶ
1562 2365 1624 2408 τῆς
1638 2362 1829 2413 γεννήσεως
1843 2365 1905 2408 τῆς
1920 2362 2109 2414 ἡμετέρας,
2128 2363 2188 2400 καὶ
2202 2364 2306 2402 πόθεν

1283 2427 1300 2462 ὁ
1322 2425 1485 2471 θάνατος,
1506 2423 1564 2461 καὶ
1579 2423 1683 2461 πόθεν
1705 2427 1725 2469 ἡ
1747 2422 1935 2475 ἐπίμοχθος
1955 2424 2038 2471 ζωὴ,
2067 2423 2126 2461 καὶ
2144 2423 2249 2461 πόθεν
2270 2427 2305 2463 αἱ

1283 2484 1427 2535 ἀθυμίαι
1445 2484 1504 2523 καὶ
1520 2484 1709 2537 φροντίδες.
1730 2484 1800 2521 Καὶ
1815 2483 1882 2535 γὰρ
1898 2483 1984 2537 ὑπὲρ
1999 2484 2128 2522 τούτων
2144 2484 2203 2521 καὶ
2217 2483 2306 2538 ὑπὲρ

1283 2546 1450 2585 πλειόνων
1466 2546 1591 2597 ἑτέρων
1610 2545 1800 2596 ἀπολογίαν
1816 2546 1948 2589 συνθεὶς
1963 2548 1980 2583 ὁ
1996 2546 2098 2591 Θεὸς,
2116 2546 2155 2583 τὸ
2170 2545 2304 2596 βιὸλίον

1284 2611 1383 2645 τοῦτο
1413 2607 1498 2659 πρὸς
1530 2610 1624 2657 ἡμᾶς
1651 2606 1828 2657 ἔπεμψεν·
1854 2607 1931 2643 οὐδὲ
1957 2606 2025 2657 γὰρ
2057 2607 2304 2656 ἀπολογεῖσθαι

1283 2673 1505 2719 παραιτεῖται
1527 2674 1597 2711 τοῖς
1617 2665 1810 2718 ἀνθρώποις
1830 2669 1847 2703 ὁ
1863 2666 1963 2711 Θεὸς,
1980 2666 2068 2703 ἀλλὰ
2088 2668 2153 2718 βοᾷ
2172 2666 2228 2704 διὰ
2245 2671 2304 2706 τοῦ

1280 2729 1458 2781 προφήτου
1477 2729 1587 2780 λέγων
1599 2744 1606 2752 ·
1633 2731 1750 2774 Δεῦτε,
1772 2726 1830 2765 καὶ
1847 2728 2098 2779 διαλεχθῶμεν,
2117 2726 2211 2779 λέγει
2234 2726 2304 2765 Κύ-

1282 2805 1363 2841 ριος.
1401 2792 1477 2828 Οὐκ
1498 2791 1722 2838 ἀπολογεῖται
1743 2787 1779 2824 δὲ
1801 2787 1902 2838 μόνον
1924 2788 1984 2826 καὶ
2003 2788 2194 2836 δικάζεται,
2214 2787 2304 2826 ἀλλὰ

1281 2850 1339 2892 καὶ
1357 2850 1450 2893 ὅπως
1466 2849 1688 2901 διαφύγωμεν
1704 2848 1767 2895 τὴν
1782 2848 1974 2895 καταδίκην
1989 2849 2146 2886 διδάσκει
2158 2864 2165 2872 ·
2183 2850 2222 2886 οὗ
2236 2849 2304 2901 γὰρ

1281 2911 1400 2954 ἁπλῶς
1420 2905 1508 2958 εἶπε,
1523 2913 1641 2956 Δεῦτε,
1666 2909 1724 2947 καὶ
1746 2910 1984 2960 διαλεχθῶμεν
1997 2925 2004 2932 ·
2027 2909 2116 2948 ἀλλὰ
2135 2909 2303 2961 πρότερον

1753 2970 1812 2983 lxi

1493 2971 1554 3021 μὲν
1572 2973 1680 3008 εἰπεῖν
1699 3001 1708 3018 ,
1727 2986 1760 3008 τι
1782 2984 1816 3008 οε
1836 2974 1981 3016 ποιῆσαι
2000 2969 2070 3022 χρὴ
2084 3000 2093 3017 ,
2110 2969 2199 3008 οὕτω
2217 2970 2303 3022 πρὸς

1285 2971 1377 2985 Νκιν
1465 2972 1470 2982 t

1282 2984 1420 3016 οιοαςας
1438 2988 1470 3009 τι

1279 3032 1318 3070 τὸ
1352 3033 1575 3086 δικαστήριον
1606 3033 1774 3070 εἵλκυσεν.
1806 3032 1971 3070 Ἄκουσον
2000 3026 2057 3068 οὖν
2087 3032 2216 3069 ἄνωθεν
2244 3037 2305 3070 τοῦ

1278 3100 1494 3148 προφητικοῦ
1524 3095 1694 3147 ῥήματος.
1737 3094 1918 3132 Αούσασθε
1933 3124 1942 3141 ,
1977 3093 2121 3146 καθαροὶ
2155 3093 2302 3145 γίνεσθε,

1278 3156 1422 3207 ἀφέλετε
1442 3157 1502 3200 τὰς
1523 3155 1689 3208 πονηρίας
1709 3156 1778 3193 ἀπὸ
1799 3157 1867 3193 τῶν
1887 3156 2006 3206 ψυχῶν
2033 3156 2130 3204 ὑμῶν
2143 3169 2150 3176 ·
2173 3155 2300 3204 μάθετε

1276 3217 1381 3255 καλὸν
1400 3224 1522 3263 ποιεῖν,
1543 3218 1682 3269 κρίνατε
1701 3219 1851 3268 ὀρφανῷ,
1868 3215 1926 3253 καὶ
1943 3215 2154 3252 δικαιώσατε
2169 3217 2293 3266 χῆραν·

1274 3279 1332 3316 καὶ
1351 3279 1427 3316 τότε
1447 3280 1546 3331 φησί·
1566 3282 1685 3326 Δεῦτε,
1707 3278 1766 3315 καὶ
1779 3278 2030 3329 διαλεχθῶμεν,
2047 3276 2141 3327 λέγει
2158 3275 2294 3327 Κύριος.

1272 3341 1324 3377 Οὖ
1347 3339 1517 3390 βούλομαι
1536 3338 1697 3390 γυμνοὺς,
1714 3339 1810 3390 φησὶ,
1826 3338 1884 3376 καὶ
1903 3337 2052 3389 ἐρήμους
2068 3338 2135 3374 τῶν
2153 3337 2292 3374 δικαιω-
