2516 3791
719 215 759 243 ΙΝ
800 214 900 244 (tu).

131 302 219 353 μήτε
240 301 298 339 ἐπὶ
318 299 495 352 προγόνων
519 299 626 350 ἁρετῃ
646 296 762 348 ι’μέγα
781 303 930 349 φρονεῖν,
951 299 981 334 εἰ
1000 296 1097 334 αὐτοὶ
1117 311 1151 333 εν

131 362 237 401 κακία
266 361 482 413 τυγχάνομεν
511 360 586 398 ὄντε
591 375 622 406 ς,
645 358 733 409 μήτε
754 359 808 396 ἐπ’
832 359 928 396 ἄλλω
959 373 1043 403 τινι,
1073 358 1150 395 ἀλλ

940 214 1034 244 xm.
1067 212 1230 243 GENES.

1271 212 1424 242 uoiuu„
1464 212 1588 242 xmu.
2087 200 2174 243 505

1226 309 1294 346 quc
1311 295 1346 333 in
1362 295 1432 333 alio
1443 294 1614 347 quopiam
1626 294 1916 347 superbiendum,
1935 295 1988 331 vel
2000 295 2176 333 conliden-

1225 356 1327 404 dum,
1350 356 1379 394 si
1397 370 1460 395 nos
1480 356 1515 394 in
1533 355 1688 409 peccatis
1704 368 1780 393 esse
1794 368 1862 392 non
1887 353 2096 401 desinimus,
2119 356 2179 394 sed

131 423 165 460 ἓν
185 426 287 461 τοῦτο
306 422 407 473 μόνον
424 421 649 465 σπουδάζειν·
669 419 732 457 κᾶν
752 419 940 471 προγόνους
959 433 1054 456 ωαεν
1071 433 1151 456 ενα·
1165 417 1294 476 ’.371100
1313 431 1424 455 unum
1446 416 1658 464 curandum,
1677 426 1714 455 ut
1724 416 1753 455 si
1768 425 1929 470 parentes
1949 416 2180 454 habuerimus

132 483 248 536 ρέτους
268 483 456 536 ἐσχηκότες
471 511 480 529 ,
502 484 683 534 μιμεῖσθαι
702 483 815 519 αὐτῶν
832 480 895 527 τὴν
916 479 1063 532 ἀρετ-ἔν·
1088 479 1152 517 κᾶν

131 545 170 584 τὸ
188 544 340 583 εναντίον
354 543 459 582 πάλιν
477 542 630 595 Ι’συιι.6α’
620 558 693 594 .νῃ,
714 542 772 580 καὶ
793 541 894 594 φαύλ
897 557 933 578 ον
951 556 1046 591 ωικεν
1061 554 1151 590 προ-

131 606 252 657 γόνων,
285 605 334 656 μὴ
366 605 517 656 νομίζειν
548 606 587 642 ἐκ
617 603 739 642 τούτου
759 619 793 640 τι
812 601 1045 654 παραὸλάπτε
1032 602 1129 637 εσθαι
1144 626 1153 643 ,

132 667 220 705 ἀλλὰ
238 666 322 719 πρὸς
340 666 418 709 τοὺς
433 668 494 712 τῆς
511 667 635 719 ἀρετῆς
656 664 778 707 πόνους
795 661 1053 701 ἐπαποδύεσθαι
1070 676 1077 683 ·
1098 661 1153 697 οὐ·

134 728 188 767 δὲν
205 728 272 780 γὰρ
294 730 379 778 ἡμῖν
399 729 438 766 ἐκ
460 726 580 765 τούτου
611 725 740 777 βλάῧος
759 724 870 763 ἔσται.
888 722 1066 764 (Ἕκαστος
1084 720 1153 772 γὰρ

134 789 168 833 ἐξ
189 782 238 826 ῶν
258 787 484 840 διεπράξατο,
510 786 532 833 ἢ
564 789 814 839 στεφανοῦται,
833 783 856 830 ἢ
877 782 1125 834 κατακρίνεται
1142 811 1152 829 ,

133 850 289 901 καθάπερ
307 849 366 887 καὶ
384 851 402 886 δ
421 847 590 899 μακάριος
609 845 748 889 Παῦλός
768 859 886 897 φησιν,
904 842 983 882 Ἵνα
999 842 1153 893 κομίση-

133 925 189 946 ται
226 909 369 952 ἕκαστος
399 908 442 946 τὰ
462 907 518 946 διὰ
543 911 604 945 τοῦ
637 906 822 958 σώματος,
841 905 926 957 πρὸς
951 904 972 942 ἃ
994 904 1153 956 ἔπραξεν,

132 969 200 1008 εἴτε
237 970 380 1021 ἀγαθὸν,
400 970 470 1007 εἴτε
498 968 623 1007 κακόν·
653 967 713 1006 καὶ
731 967 851 1014 πάλιν,
876 965 944 1010 ⁰0<
977 956 1155 1004 ἀποδώσει

133 1030 270 1083 ἑκάστῳ
300 1030 391 1070 κατὰ
409 1029 453 1068 τὰ
481 1030 565 1082 ἔργα
584 1031 703 1068 αὐτοῦ.
725 1028 835 1080 Ἄπερ
863 1027 1002 1066 ἅπαντα
1027 1026 1155 1070 εἰδότες

132 1094 191 1132 καὶ
209 1099 325 1131 πᾶσαν
343 1091 512 1145 ῥᾳθυμίαν
531 1090 821 1141 ἀποτιναξάμενοι
836 1120 846 1139 ,
866 1089 975 1128 πολὺν
991 1092 1053 1136 τῆς
1072 1091 1152 1142 ἀρε-

134 1160 195 1202 τῆς
214 1154 443 1206 ποιησώμεθα
465 1154 579 1206 λόγον.
603 1153 672 1192 Καὶ
698 1155 745 1197 ὡς
772 1152 824 1191 ἔτι
844 1154 879 1190 ἐν
901 1154 950 1205 τῷ
969 1151 1154 1202 σκάμματί

135 1219 251 1267 ἐσμεν,

135 1281 234 1354 ἡμῶν
254 1280 316 1324 τῆς
343 1278 535 1329 σωτηρίας,
555 1276 612 1315 ἵνα
637 1279 673 1314 ἐν
696 1279 746 1329 τῷ
768 1279 892 1328 βραχεῖ
911 1274 1022 1328 τούτῳ
1040 1274 1157 1327 χρόνῳ

283 1215 365 1269 πρὶν
393 1215 415 1262 ἢ
442 1217 644 1263 διαλυθῆναι
675 1215 713 1253 τὸ
739 1213 894 1267 θέατρον,
916 1213 1155 1266 φροντίσωμεν

136 1357 197 1387 τ-ην
223 1339 349 1392 ἀρετὴν
381 1339 660 1387 μετελθόντες,’
645 1355 680 1376 εν
710 1341 760 1376 τῶ
793 1339 942 1384 διηνεκεῖ
972 1339 1072 1375 αἰῶνι
1096 1336 1158 1379 τὰς

135 1401 223 1453 ὑπὲρ
255 1401 382 1464 ταύτης
416 1400 565 1452 ἀμοιὲὰς
597 1399 849 1451 κομισωμεθα·
874 1399 1033 1451 καθάπερ
1054 1414 1112 1436 και
1139 1400 1157 1436 ὁ

135 1463 264 1505 δίκαιος
285 1458 341 1500 οὗ
331 1477 398 1510 ·ος,
418 1464 436 1500 ὁ
456 1461 584 1512 μεταξυ
599 1459 772 1500 τοσούτων
785 1462 946 1512 πονηρῶν
966 1463 1084 1506 οἰκῶν,
1099 1475 1158 1498 και

135 1523 302 1561 οὗδένοι”
284 1539 374 1576 εχων
404 1525 574 1571 ζηλουντα
610 1525 714 1561 αὐτοῦ
733 1538 796 1569 την
816 1525 877 1574 ἀρε
863 1521 959 1570 τὴν,
990 1522 1081 1560 ἀλλὰ
1098 1522 1158 1560 καὶ

134 1584 266 1628 πάντας
294 1587 382 1636 ὅρων
401 1585 653 1637 ιχλευάζοντας,
684 1585 960 1637 κωμῳδοῦντας,
987 1586 1026 1622 06
1055 1584 1158 1634 μόνον

136 1646 360 1699 ὀκνηρότερος
378 1648 441 1684 οὐκ
460 1646 596 1698 ἐγένετο
613 1677 622 1694 ,
644 1647 735 1685 ἀλλὰ
759 1645 818 1685 καὶ
838 1645 929 1684 οὕτω
953 1645 1158 1698 διέλαμψεν,

136 1711 181 1751 ὡς
202 1706 458 1754 καταξιωθῆναι
476 1723 535 1745 και
553 1706 720 1758 ἀγγέλους
735 1706 978 1751 ὑποδέξασθαι·
999 1707 1058 1745 καὶ
1072 1707 1160 1745 πάν-

138 1784 205 1806 των
223 1768 330 1820 ἄρδην
355 1767 617 1819 ἀπολλυμένων,
640 1767 740 1811 αὐτὸς
761 1768 862 1818 μόνος
877 1766 939 1806 σὺν
953 1773 1028 1812 ταῖς
1052 1771 1159 1820 θυγα-
1183 1773 1208 1804 C

139 1830 240 1882 τράσι
267 1830 404 1883 διέρυγε
422 1829 485 1876 τὴν
510 1831 753 1882 ἐπενεχθεῖσαν
771 1829 883 1876 δίκην.
904 1828 995 1867 Ἀλλ’
1013 1832 1070 1868 ἐπὶ
1096 1830 1159 1877 τὴν

139 1890 343 1929 ἀκολουθίαν
363 1895 422 1928 τοῦ
450 1891 552 1942 λόγου
580 1890 836 1941 ἐπανέλθωμεν.
853 1883 986 1928 *mom
1007 1891 1042 1929 δὲ
1058 1921 1067 1938 ,
1092 1907 1162 1944 φη-

140 1954 205 1998 σὶν,
234 1956 265 1990 οἱ
294 1952 353 1991 δύο
384 1953 525 2004 ἄγγελοι
547 1955 594 1996 εἰς
621 1952 766 2002 Σόδομα
786 1952 949 2004 ἑσπέρας.
970 1952 1015 1991 ‘O
1044 1953 1162 2006 καιρὸς

141 2014 292 2063 μάλιστα
309 2014 479 2052 δείκνυσιν
499 2016 583 2064 ἡμῖν
604 2017 664 2051 τοῦ
682 2013 814 2052 δικαίου
834 2014 954 2052 τούτου
972 2014 1035 2062 τὴν
1056 2017 1163 2067 ὑπερ-

139 2076 337 2114 &sinonem
367 2075 509 2127 ἀρετὴν,
544 2076 597 2113 ὅτι
621 2076 680 2113 καὶ
713 2075 863 2128 ἑσπέρας
895 2076 1164 2124 καταλαὲούσης

140 2137 334 2188 παρέμενε,
352 2137 411 2174 καὶ
429 2139 491 2175 οὐκ
510 2137 691 2189 ἀφίστατο.
707 2136 854 2183 Ἐπειδὴ
874 2137 942 2189 γὰρ
961 2137 1038 2188 ᾔδει
1057 2137 1096 2176 τὸ
1112 2140 1164 2175 ἐν-

139 2201 256 2236 τεῦθεν
274 2199 369 2249 αὐτῷ
387 2197 589 2247 τικτόμενον
618 2197 760 2249 κέρδος,
779 2197 835 2235 διὰ
864 2202 966 2236 τοῦτο
984 2199 1164 2249 ἐπιθυμῶν

139 2262 316 2312 ἐπιτυχεῖν
347 2265 408 2298 τοῦ
438 2260 612 2307 πλούτου,
647 2260 761 2311 πολλῇ
789 2262 833 2310 τῇ
866 2259 1056 2312 προσεδρίᾳ
1085 2260 1161 2298 ἐκέ-

139 2336 265 2372 χρητο,
292 2320 352 2359 καὶ
376 2323 439 2367 τῆς
468 2320 604 2372 ἡμέρας
631 2319 874 2372 πληρωθείσης
895 2321 958 2358 οὐκ
976 2319 1160 2373 ἀνεχώρει.

138 2384 306 2420 Τοιοῦτον
338 2381 406 2434 γὰρ
432 2381 529 2435 ψυχὴ
553 2381 678 2426 ζέουσα
708 2381 767 2419 καὶ
801 2381 1074 2434 διεγηγερμένη·
1099 2384 1165 2436 οὐχ

1180 487 1202 515 x
1229 478 1358 517 virtute
1373 480 1501 527 claros,
1521 478 1703 517 imitemur
1726 493 1847 517 eorum
1880 478 2076 516 vir-:tuum
2097 487 2130 515 et
2151 479 2177 515 si

1226 553 1244 576 e
1263 539 1405 578 diverso
1423 541 1576 588 aecidat,
1590 550 1623 579 et
1639 555 1682 579 ex
1705 540 1878 593 improbis
1896 540 2008 578 simus
2027 539 2180 592 patenti-

1228 600 1306 650 bus,
1321 614 1391 638 non
1414 610 1488 652 put
1482 570 1613 639 indiim
1629 601 1730 639 nobis
1742 600 1880 652 iliquid
1899 600 2057 639 accidere
2072 614 2179 638 noeu-

1229 660 1350 708 menti,
1369 659 1566 698 dummodo
1585 675 1813 699 exerceamur
1825 662 1871 700 ad
1892 663 2064 700 virtutum
2085 661 2180 699 labo-

1227 735 1301 759 res:
1323 721 1463 759 nullum
1481 722 1576 760 enim
1591 722 1674 760 hinc
1689 723 1790 760 nobis
1807 723 1978 761 daumum
1994 723 2071 762 erit.
2089 725 2178 762 Nam
2193 728 2247 755 Pro
2268 731 2378 756 rmum.-

2191 780 2312 807 operuit!
2329 780 2377 796 Cte-

2191 822 2268 839 rouoe
2305 812 2380 838 dan-

1228 783 1471 834 unusquisque
1482 797 1544 836 per
1557 797 1597 821 ea
1611 784 1666 822 vel
1686 794 1884 831 coronatur,
1898 786 1953 822 vel
1968 784 2180 823 condemna—

1226 853 1299 892 tur,
1324 858 1402 895 quae
1428 844 1502 897 ipse
1526 845 1645 896 gessit,
1667 845 1966 895 quemadmodum
1994 855 2027 883 et
2056 846 2250 884 beatustur.

1228 903 1360 941 Paulus
1373 903 1506 955 inquit:
1527 905 1577 942 Ut
1588 912 1751 955 reportet
1762 908 2025 956 unusquisque
2037 920 2081 943 ea
2093 920 2178 957 qtae
2191 921 2221 942 2.
2239 910 2309 939 Cor.
2328 911 2355 939 5.

1226 978 1296 1015 per
1319 978 1455 1017 corpus
1471 965 1597 1018 fiunt,
1629 967 1749 1017 jutta
1776 966 1818 1002 id
1839 966 1943 1016 quod
1968 968 2078 1017 fecit,
2102 961 2230 1005 sive¹⁰

1230 1029 1386 1075 bonum,
1408 1029 1488 1065 sive
1517 1027 1688 1072 malum,·
1714 1035 1748 1064 et
1770 1026 1900 1064 iterum
1922 1041 1930 1061 τ
1951 1027 2026 1077 Qui
2048 1028 2181 1066 reddet
2197 1037 2284 1066 Rom.
2304 1044 2329 1065 2.
2347 1035 2377 1063 ⁴5.

1230 1090 1438 1140 unicuique
1447 1091 1567 1140 juxta
1590 1101 1706 1141 opera
1729 1101 1816 1126 sua.
1847 1087 1935 1133 Quae
1957 1087 2075 1125 omnia
2101 1103 2181 1126 cum

1180 1161 1201 1190 Β
1230 1148 1395 1198 sciamus,
1411 1163 1559 1188 excussa
1581 1149 1678 1188 omni
1697 1148 1924 1201 negligentia,
1945 1148 2090 1186 virtutis
2108 1163 2183 1186 ma-

1229 1210 1368 1248 ximam
1387 1210 1583 1249 habeamus
1611 1210 1796 1249 rationem.
1818 1209 1864 1247 Et
1893 1223 1975 1247 cum
1999 1209 2117 1248 adhuc
2147 1211 2182 1248 iu

1230 1271 1345 1310 stadio
1360 1286 1496 1322 sumus,
1515 1282 1548 1311 et
1566 1271 1725 1310 certandi
1742 1281 1883 1324 tempus
1897 1281 1960 1321 est,
1976 1272 2184 1324 priusquam

1229 1333 1447 1374 dissolvatur
1459 1334 1713 1387 spectaculum,
1727 1333 1870 1372 solliciti
1883 1333 1995 1372 simus
2008 1332 2053 1371 de
2066 1343 2183 1372 nostra

1232 1394 1355 1445 salute,
1368 1405 1407 1434 ut
1417 1395 1452 1433 in
1464 1395 1566 1435 brevi
1575 1395 1638 1434 illo
1647 1405 1806 1449 tempore
1815 1395 1965 1434 virtutes
1975 1394 2184 1445 exercendo,

1232 1457 1268 1495 in
1278 1471 1324 1496 sae
1330 1458 1412 1497 culo
1420 1467 1591 1512 perpetuo
1601 1458 1747 1496 illarum
1760 1456 1938 1496 mercedes
1948 1457 2159 1509 recipiamus
2176 1473 2183 1492 z

1232 1519 1323 1558 sicut
1338 1528 1372 1558 et
1383 1520 1502 1572 justus
1514 1520 1588 1570 ille,
1601 1519 1663 1571 qui
1679 1520 1714 1558 in
1731 1519 1849 1558 medio
1864 1527 1914 1557 tot
1928 1518 2104 1556 malorum
2123 1519 2186 1556 lia-

1232 1580 1362 1630 bitans,
1382 1591 1415 1620 et
1448 1581 1588 1620 nullum
1605 1581 1740 1620 hahens
1767 1581 1830 1633 qui
1859 1595 1960 1619 suam
1989 1581 2186 1619 imitaretur

1233 1642 1416 1692 virtutem,
1436 1642 1497 1681 sed
1508 1642 1632 1683 videns
1651 1657 1771 1681 omnes
1791 1642 1977 1681 irridentes
1991 1651 2024 1681 et
2039 1642 2186 1680 subsan-

1233 1713 1369 1753 nantes,
1387 1718 1455 1742 non
1474 1704 1590 1742 solum
1608 1718 1678 1743 non
1699 1705 1813 1742 factus
1823 1713 1875 1742 est
1893 1703 2045 1755 segnior,
2060 1719 2187 1742 verum

1234 1775 1329 1804 tanta
1345 1766 1476 1805 virtute
1494 1766 1652 1815 emicuit,
1673 1775 1712 1804 ut
1724 1775 1757 1804 et
1769 1766 1914 1817 angelos
1927 1766 2103 1818 suscipere
2114 1781 2186 1805 me-

1233 1827 1344 1866 ruerit
1363 1844 1371 1865 :
1393 1836 1500 1879 atque
1521 1842 1602 1866 cum
1618 1827 1671 1866 illi
1689 1827 1797 1865 simul
1810 1841 1931 1866 omnes
1944 1827 2110 1879 perirent,
2131 1843 2187 1866 so-

1232 1889 1290 1927 lus
1312 1889 1386 1941 ipse
1404 1902 1488 1926 cum
1509 1888 1652 1926 filiabus
1668 1888 1832 1940 effugerit
1856 1902 1996 1941 poenam
2017 1903 2095 1940 quae
2116 1889 2187 1927 illis

1233 1951 1331 1989 illata
1343 1960 1405 1989 est.
1420 1951 1595 1989 Caeterum
1609 1949 1653 1988 ad
1669 1950 1793 1988 seriem
1806 1950 1976 1989 sermonis
1991 1949 2186 1989 redeamus.

1236 2014 1432 2051 Venerunt
1441 2027 1489 2051 au
1495 2021 1568 2050 tem
1579 2013 1656 2050 duo
1668 2012 1799 2064 angeli
1807 2014 1845 2049 in
1852 2012 2186 2065 Sodomavesperi.

1236 2075 1255 2113 J
1259 2074 1328 2112 usti
1342 2074 1449 2126 liujus
1461 2074 1695 2112 excellentem
1709 2073 1877 2111 virtutem
1889 2082 2028 2125 tempus
2041 2074 2107 2112 hoc
2125 2089 2187 2126 po-

1237 2135 1415 2173 tissimum
1437 2134 1592 2182 indicat,
1606 2135 1689 2185 quia
1705 2143 1738 2172 et
1753 2134 1939 2185 ingruente
1952 2149 2096 2187 vespera
2112 2150 2190 2187 per-

1237 2196 1381 2244 mansit,
1399 2204 1432 2233 et
1448 2209 1517 2234 non
1537 2194 1686 2233 destitit.
1701 2195 1793 2233 Nam
1806 2195 1889 2246 quia
1905 2195 2037 2233 sciebat
2049 2195 2190 2234 lucrum

1237 2256 1333 2308 quod
1350 2255 1433 2295 inde
1446 2256 1667 2304 nascebatur,
1684 2254 1763 2293 ideo
1774 2255 1879 2294 hasce
1893 2255 2038 2294 divitias
2053 2257 2190 2308 assequi

1238 2318 1404 2371 cupiens,
1417 2316 1522 2358 valde
1537 2315 1682 2355 sedulus
1692 2325 1777 2366 erat,
1791 2325 1825 2355 et
1843 2331 1955 2368 neque
1969 2317 2028 2355 die
2044 2317 2190 2370 impleto

1237 2379 1451 2418 discedebat.
1468 2379 1524 2417 Ita
1536 2377 1630 2416 enim
1646 2377 1798 2416 sehabet
1812 2378 1929 2416 anima
1948 2378 2085 2416 fervida
2096 2388 2126 2417 et
2139 2380 2192 2417 vi-

139 2443 208 2482 ὓπό
231 2459 330 2481 τινων
349 2446 552 2482 κωλυτικῶν
568 2443 792 2494 ἐμποδίζεται
810 2443 872 2490 τὴν
888 2444 1018 2482 οἰκείαν
1038 2444 1163 2497 ἀρετὴν
1187 2453 1214 2485 D
1238 2442 1368 2494 gilans,
1384 2451 1422 2480 ut
1438 2441 1548 2480 nullis
1563 2439 1827 2493 impedimentis
1838 2441 2090 2494 praepediatur,
2106 2456 2190 2492 quo-

142 2503 394 2552 ἐπιδείξασθαι,
422 2505 513 2544 ἀλλὰ
533 2505 591 2544 καὶ
621 2505 664 2542 δι’
688 2507 800 2543 αὐτῶν
824 2505 978 2555 μάλιστα
1002 2508 1070 2544 τῶν
1090 2522 1164 2544 κω-

141 2565 290 2604 λυόντων
317 2568 495 2606 ἐπιπλεῐον
527 2566 680 2619 αἴρεται,
705 2567 764 2605 καὶ
795 2568 936 2618 μείζονα
966 2567 1030 2615 τὴν
1053 2569 1166 2620 φλόγα

142 2630 203 2674 τῆς
222 2628 405 2679 ἐπιθυμίας
434 2628 593 2667 ἀνάπτει.
615 2627 713 2666 Ἰδὼν
735 2628 788 2674 δὲ,
807 2629 912 2681 φησὶ,
940 2627 1035 2675 Λὼτ,
1051 2629 1166 2674 ἐξανέ-

144 2704 208 2735 στη
229 2691 275 2733 εἰς
301 2689 508 2737 συνάντησιν
527 2691 653 2734 αὐτοῖς.
673 2690 908 2729 Ἀκουέτωσαν
926 2692 958 2728 οἱ
977 2690 1036 2728 καὶ
1051 2707 1167 2744 παρα-

143 2750 341 2802 γινομένους
355 2751 523 2796 πολλάκις
541 2752 600 2790 καὶ
623 2753 932 2802 καθικετεύοντας,
953 2753 1011 2792 καὶ
1031 2754 1166 2801 πολλὴν

144 2812 207 2857 τὴν
234 2812 442 2865 προσεδρίαν
462 2814 764 2866 ἐπιδεικνυμένους
793 2815 1078 2868 διακρουόμενοι,
1108 2816 1168 2855 καὶ

144 2873 278 2921 πολλὴν
304 2874 367 2921 τὴν
393 2877 643 2928 ἀπανθρωπίαν
664 2877 955 2929 ἐπιδεικνύμενοι.
978 2878 1074 2931 “Όρα
1101 2879 1168 2932 γὰρ

144 2953 201 2975 τον
222 2936 354 2974 δίκαιον
371 2941 504 2983 τοῦτον,
523 2938 616 2983 ὅπως
637 2942 700 2977 οὐκ
727 2941 784 2977 ἀνε
778 2940 885 2991 ἀεινε
912 2940 1168 2993 παραγενέσθαι

146 2999 231 3049 πρὸς
247 2998 364 3045 αὐτον,
389 2998 480 3036 ἀλλὰ
505 2999 664 3052 καθάπερ
683 3002 701 3038 ὁ
720 3002 944 3054 πατριάρχης
957 3032 966 3050 ,
988 3003 1051 3041 οὐκ
1071 3002 1169 3046 εἰδὼς

146 3058 236 3103 τίνες
254 3074 344 3106 ησαν
362 3061 393 3097 οἱ
412 3060 709 3112 παραγεγονότες,
737 3063 813 3100 ἀλλ’
845 3062 961 3107 δδίτας
985 3062 1081 3107 τινὰς
1104 3067 1167 3102 αὐ-

147 3118 224 3162 τους
239 3113 327 3158 εἰναι
342 3122 431 3158 υπο)
434 3121 614 3171 ααὸάνων,
632 3122 843 3172 θεασάμενος
859 3124 1072 3176 μονονουχὶ’
1058 3124 1174 3177 εσκίρ-

148 3195 233 3226 τησε
247 3208 256 3226 ,
283 3181 342 3219 καὶ
369 3182 564 3235 περιχαρὴς
593 3182 746 3234 γέγονεν,
765 3186 812 3227 ὡς
833 3185 1008 3237 ἐπιτυχὼν
1027 3187 1088 3231 τῆς
1108 3186 1163 3233 Orfi-

152 3256 231 3292 ρας,
263 3242 321 3280 καὶ
352 3243 400 3292 μὴ
434 3243 634 3296 διαμαρτὼν
665 3247 724 3282 τοῦ
757 3246 1049 3296 σπουδαζομένου.
1074 3247 1172 3285 Ἰδὼν

192 3367 211 3390 2³
235 3365 335 3399 Snvil.
351 3373 384 3398 ct
399 3366 526 3410 aliquot
542 3369 618 3401 MSS.
635 3386 656 3411 μ
665 3373 754 3412 3727:ae
778 3378 902 3415 φρονεῖν.

366 3442 459 3466 Tum.
494 3443 546 3467 tv.

1238 2504 1357 2542 minus
1375 2518 1477 2542 suam
1510 2502 1664 2541 declaret
1684 2503 1854 2540 virtutem
1871 2518 1878 2538 :
1897 2503 1983 2553 quin
2011 2512 2044 2541 et
2070 2503 2192 2540 isthaec

1237 2567 1314 2620 ipsa
1321 2581 1398 2618 quae
1408 2565 1596 2619 prohibent
1605 2564 1772 2613 maxime,
1780 2564 1894 2615 magis
1906 2564 2063 2614 incitant,
2073 2574 2104 2602 et
2117 2579 2191 2602 ma-

1232 2629 1349 2681 jorem
1360 2626 1567 2680 cupiditatis
1579 2626 1760 2664 flammam
1771 2625 1978 2663 accendunt.
1999 2627 2049 2663 Ut
2060 2634 2190 2663 autem

1238 2691 1353 2739 vidit,
1369 2688 1497 2739 inquit,
1520 2690 1605 2733 Lot,
1623 2690 1789 2725 surrexit
1810 2689 1853 2724 in
1877 2700 2075 2724 occursum
2097 2687 2188 2726 illis.

1238 2750 1395 2789 Audiant
1419 2750 1444 2788 ii
1473 2749 1535 2801 qui
1552 2748 1708 2787 advenas
1730 2757 1868 2786 orantes
1891 2757 1924 2785 et
1939 2748 2191 2800 supplicantes,

1238 2827 1279 2852 ac
1293 2812 1416 2851 sedulo
1432 2826 1468 2850 se
1480 2824 1600 2850 coram
1609 2807 1889 2847 eisdemittentes
1900 2809 2011 2847 multa
2028 2810 2193 2848 inhuma-

1240 2875 1349 2914 nitate
1378 2882 1585 2913 aversantur
1605 2881 1638 2910 et
1657 2871 1844 2924 repellunt.
1867 2871 1962 2910 Vide
1980 2871 2074 2909 enim
2103 2887 2191 2923 quo-

1241 2936 1347 2976 modo
1365 2937 1484 2989 justus
1504 2934 1564 2972 ille
1578 2948 1646 2972 non
1666 2933 1883 2985 exspectavit
1895 2932 2006 2972 donec
2019 2930 2069 2972 ad
2084 2949 2121 2972 se
2135 2949 2192 2973 ve—

1240 2999 1368 3048 nirent,
1381 2997 1442 3036 sed
1464 2996 1555 3035 sicut
1574 2995 1789 3048 patriarcha,
1809 2995 1976 3047 ignorans
1994 2996 2056 3046 qui
2080 3005 2193 3034 essent

1194 3074 1217 3104 Ε
1240 3061 1409 3114 hospites,
1417 3069 1449 3098 et
1459 3057 1802 3110 suspicansviatores
1810 3057 1983 3109 quosdam
1996 3072 2080 3106 esse,
2092 3058 2192 3109 quasi

1241 3138 1313 3177 pra:
1329 3122 1458 3174 gaudio
1479 3120 1642 3169 saltabat,
1656 3119 1739 3171 quia
1758 3129 1968 3171 assequutus
1991 3130 2064 3159 erat
2088 3134 2191 3171 quze-

1241 3186 1344 3223 sitam
1365 3182 1534 3236 praedam,
1558 3190 1592 3219 et
1614 3195 1682 3219 non
1699 3181 1878 3220 aberrarat
1900 3182 1945 3220 ab
1961 3196 2000 3220 eo
2019 3182 2114 3232 quod
2134 3196 2194 3218 cu-
2243 3201 2246 3205 ·

1242 3246 1375 3299 piebat.
1404 3245 1452 3283 Ut
1468 3252 1596 3282 autem
1619 3243 1871 3294 vidit,inquit‚
1886 3245 2051 3282 surrexit
2071 3245 2111 3279 in
2128 3256 2193 3278 m·-

1230 3380 1242 3394 ⁶
1267 3368 1481 3410 [Scripsimus
1498 3371 1638 3411 τυμνῖκὶυῃ
1651 3378 1726 3398 cuni
1740 3366 1839 3399 Coisl.
1855 3365 2023 3398 Edi-{vulur-
2041 3382 2065 3397 τ.
2077 3369 2155 3397 7821)
2184 3366 2193 3406 l
