2516 3791
717 183 758 213 iu
798 182 897 212 mi).
939 181 1048 211 xvu.
1089 180 1250 210 Gumis.
1291 179 1446 209 uomit..
1487 180 1561 208 xi„
2088 171 2178 228 47²3

134 268 287 322 μοσύνην
306 266 570 307 ἐπιδείκνυσθαι.
609 257 715 303 Οὕτω
734 264 800 316 γὰρ
822 264 879 302 καὶ
898 266 914 302 ὁ
934 263 1157 315 πατριάρχης
1228 261 1382 301 obtinuit
1410 260 1594 312 fiduciam,
1621 276 1661 299 ac
1686 261 1777 300 dona
1802 265 1935 316 accepit
1966 279 2040 316 qum
2075 281 2178 318 supra

133 325 232 373 οἶτος
249 327 474 379 εὐδοκίμησε,
496 327 554 365 καὶ
573 325 745 371 τοσαύτης
763 324 860 376 παρὰ
878 326 928 376 τῷ
939 326 1022 375 Θεῷ
1041 323 1157 376 τυχὼν
1228 323 1422 362 humanam
1438 331 1520 362 sunt
1543 331 1716 361 naturam.

134 389 347 442 παρῤησίας,
369 389 427 426 καὶ
460 388 589 440 δωρεὰς
613 387 752 439 ἐδέχετο
788 385 938 428 νικώσας
966 384 1030 431 τὴν
1057 383 1157 436 φύσιν

133 450 196 498 τὴν
212 449 446 502 ἀνθρωπίνην.

185 518 384 571 Ἀναγκαῖον
402 519 437 557 δὲ
457 518 562 557 πάλιν
582 518 639 556 ἐπὶ
658 517 721 564 τὴν
739 515 946 555 ἀκολουθίαν
958 515 1156 553 ἐπανελθεῖν
1280 519 1316 556 Ιι.
1342 517 1412 556 Sed
1443 532 1556 570 operae
1583 519 1737 571 pretium
1764 528 1816 557 est
1845 528 1883 558 ut
1907 519 1953 558 ad
1980 520 2181 559 institutum

130 583 190 618 τοῦ
204 581 322 631 λόγου,
338 581 396 618 καὶ
409 581 491 618 ἰδεῖν
505 583 564 618 ‘rob'
578 578 711 617 δικαίου
728 578 790 625 τὴν
806 576 978 624 artaxem,
990 575 1048 614 καὶ
1064 574 1157 617 ὅπως
1226 593 1421 617 sermonem
1437 579 1636 628 redeamus,
1653 588 1685 617 et
1704 579 1890 619 videamus
1905 581 1993 632 justi
2014 581 2180 620 obedien-

132 645 180 686 εἷς
201 643 301 695 ἔργον
315 642 424 693 ἤγαγε
439 641 482 680 τὰ
501 641 597 693 παρὰ
621 643 679 678 τοῦ
703 642 796 678 Θεοῦ
816 636 1090 687 ἐπιταττόμενα,
1117 637 1155 673 οὗ
1179 640 1202 670 Ε
1227 638 1324 688 tiam,
1347 648 1379 676 ct
1398 639 1576 690 quomodo
1595 640 1714 678 fecerit
1729 640 1822 691 quod
1838 656 1857 679 a
1872 642 1947 679 Deo
1967 642 2181 696 imperatum

133 706 245 750 ζητῶν
260 704 316 742 τὸν
343 704 457 755 λόγον,
476 702 553 742 οὐδὲ
574 701 713 744 εὐθύνας
741 701 912 744 ἀπαιτῶν,
942 696 1099 748 καθάπερ
1125 698 1156 735 οἱ
1229 708 1297 748 est,
1317 713 1386 737 non
1405 713 1566 750 quaerens
1593 713 1757 749 eausam,
1778 716 1889 752 neque
1914 703 2085 742 rationem
2106 704 2182 742 exi·

132 766 255 804 πολλοὶ
271 768 338 803 τῶν
353 764 510 810 ἀνοήτων
525 766 661 801 ποιοῦσι
681 758 987 813 περιεργαζόμενοι
1002 756 1046 795 τὰ
1059 756 1156 809 παρὰ
1229 773 1328 811 gens,
1350 760 1442 797 sicut
1461 759 1566 797 multi
1585 759 1790 811 insipientes
1808 762 1956 813 faciunt,
1978 763 2023 801 de
2041 765 2084 803 iis
2104 779 2182 816 quae

132 830 191 864 τοῦ
211 830 301 864 (θεοῦ
330 826 515 877 γινόμενα,
538 824 597 862 καὶ
624 823 801 874 λέγοντες·
822 823 869 863 εἰς
899 819 933 857 τί
956 823 1057 857 τοῦτο
1066 834 1076 868 3
1110 821 1155 862 εἷς
1230 822 1327 859 Deus
1357 829 1524 873 operatur
1556 820 1692 859 curiose
1717 832 1931 872 qurerentes,
1952 833 1984 862 et
2002 825 2180 865 dicentes:

131 887 166 925 τί
186 889 314 934 ἐκεῖνο;
334 886 392 925 καὶ
411 885 446 923 τί
463 886 504 924 τὸ
522 885 642 937 ὄφελος
663 884 733 922 ἀπὸ
754 886 814 920 τοῦ
832 880 910 919 τόδε
932 879 1104 932 γενέσθαι,
1131 880 1153 926 ἢ
1229 882 1349 930 Quare
1379 882 1446 921 hoc
1459 913 1469 933 ,
1499 892 1532 920 et
1561 896 1671 934 quare
1701 882 1792 920 illud
1803 883 1820 920 ἱ)
1839 892 1871 921 et
1892 898 1971 935 qua:
2000 886 2106 936 binc,
2127 888 2182 926 vol

131 948 227 995 τόδε,
245 946 335 986 Ἀλλ’
353 949 418 999 οὐχ
435 949 453 984 ὁ
477 945 607 989 δίκαιος
627 944 755 987 οὕτως·
778 941 869 982 ἀλλὰ
888 942 1045 993 καθάπερ
1065 940 1155 980 οἷκέ-
1228 958 1306 995 qum
1336 943 1436 982 illinc
1468 943 1604 981 utilitas
1631 943 1836 981 enascitur?
1858 946 1902 981 At
1931 959 1998 983 non
2029 946 2075 985 ad
2103 961 2185 986 cum

129 1025 193 1055 της
211 1008 456 1062 φιλοδέσποτος
470 1038 477 1051 ,
495 1007 603 1051 οὕτως
618 1006 708 1058 ἅπερ
728 1006 768 1043 ἂν
783 1003 938 1055 ἐπετάγη
954 1035 962 1049 ,
988 1005 1034 1047 εἷς
1054 1003 1153 1056 ἔργον
1227 1004 1374 1043 modum
1402 1005 1484 1043 fecit
1507 1005 1626 1057 justus
1654 1004 1734 1053 ille;
1764 1003 1826 1042 scd
1845 1004 1936 1043 sicut
1954 1007 2108 1046 famulus
2129 1009 2185 1047 di-

130 1073 272 1122 ἁγαγεῖν
291 1070 455 1114 ἔσπευδε,
479 1070 526 1119 μὴ
555 1066 878 1120 περιεργαζόμενος.
905 1065 974 1104 Καὶ
1000 1065 1058 1103 ἵνα
1081 1065 1150 1116 μά-
1226 1066 1339 1117 ligens
1369 1065 1572 1115 dominum,
1607 1079 1839 1117 quaecumque
1868 1068 2090 1120 praecepisset
2118 1070 2185 1108 im-

130 1134 209 1182 θης,
241 1131 344 1169 ἄκουε
375 1133 444 1168 τῶν
471 1129 561 1176 ἑξῆς.
595 1128 742 1175 Ἐπειδὴ
772 1127 838 1180 γὰρ
872 1126 934 1175 τὴν
961 1126 1210 1180 ὑπόσχεσιν409
1226 1126 1321 1179 plere
1351 1126 1504 1177 studuit,
1527 1125 1619 1164 nihil
1651 1125 1800 1163 ulterius
1828 1137 2049 1179 percontans.
2081 1130 2128 1168 Et
2148 1140 2186 1168 ut

130 1193 319 1240 ἐποιήσατο
339 1192 425 1244 πρὸς
446 1190 548 1229 αὐτὸν
571 1193 588 1228 ὁ
616 1189 818 1235 Δεσπότης,
840 1188 899 1226 καὶ
929 1187 1066 1226 ἐτέλεσε
1089 1187 1152 1234 τὴν
1176 1192 1200 1220 Α
1227 1188 1356 1238 discas,
1376 1187 1459 1226 audi
1476 1203 1553 1239 quae
1570 1196 1778 1239 sequuntur.
1795 1187 1988 1239 Postquam
2003 1190 2097 1228 euim
2114 1192 2185 1229 Do-

130 1253 216 1307 πρὸς
233 1253 334 1292 αὐτὸν
353 1251 512 1299 διάλεξιν,
536 1251 661 1294 εὐθέως
679 1254 697 1289 ὁ
715 1250 845 1293 δίκαιος
863 1249 907 1287 τὰ
927 1249 1152 1287 κελευσθέντα
1227 1249 1346 1287 minus
1373 1248 1645 1302 promissionem
1676 1248 1706 1286 ei
1733 1247 1833 1297 fecit,
1854 1257 1887 1286 et
1906 1250 2097 1302 complevit
2116 1266 2187 1291 ser-

131 1314 305 1366 ἐπλήρου,
325 1312 383 1351 καὶ
399 1313 438 1350 τὸ
455 1317 600 1362 σημεῖον
617 1311 655 1350 τὸ
672 1311 768 1363 παρὰ
783 1314 842 1349 τοῦ
862 1312 954 1349 Θεοῦ
970 1308 1152 1348 κελευσθὲν
1226 1325 1367 1349 monem
1396 1325 1517 1361 suum,
1539 1310 1659 1349 statim
1681 1310 1801 1362 justus
1822 1325 1899 1361 quae
1920 1311 2092 1364 imperata
2114 1314 2189 1353 suc-

131 1375 280 1412 ἐπετίθει
298 1378 347 1424 τῷ
367 1373 533 1424 Ἰσμαὴλ,
559 1372 622 1419 τὴν
637 1371 830 1424 περιτομὴν
849 1372 961 1422 λέγω,
980 1370 1039 1408 καὶ
1066 1377 1154 1409 πᾶσι
1227 1381 1312 1414 runt
1343 1372 1512 1425 perfecit,
1532 1381 1565 1410 et
1585 1371 1727 1423 signum
1755 1371 1824 1409 hoc
1850 1372 1947 1423 quod
1966 1388 1987 1411 a
2013 1374 2089 1412 Deo
2115 1387 2188 1415 crat

131 1443 202 1478 τοῖς
221 1435 428 1487 οἰκογενέσι,
448 1435 506 1473 καὶ
525 1440 596 1477 τοῖς
620 1432 889 1485 ἀργυρωνήτοις,
909 1432 1000 1472 καθὰ
1025 1433 1154 1480 ἐλάλη-
1227 1432 1371 1483 datum,
1398 1432 1529 1471 indidit
1558 1432 1715 1482 ismaeli,
1735 1432 2012 1473 circumsionem
2033 1434 2114 1474 dico
2127 1468 2137 1487 ,
2159 1448 2193 1477 et

2201 1238 2228 1256 V·
2245 1236 2293 1256 22.

2207 1361 2234 1377 v.
2253 1351 2300 1379 23.

132 1512 190 1535 σεν
209 1499 302 1549 αὐτῷ
318 1499 336 1534 ὃ
352 1496 454 1540 Θεός.
473 1495 709 1548 Περιετέμετο
728 1495 764 1532 δὲ
787 1494 846 1532 καὶ
863 1493 976 1537 αὐτός.
994 1494 1156 1540 Ἐννενή·
1229 1495 1395 1533 omnibus
1424 1493 1626 1533 vernaculis
1648 1502 1682 1531 et
1700 1493 1856 1534 emtitiis
1868 1525 1879 1545 ,
1899 1495 1991 1534 sicut
2026 1497 2194 1549 loquutus

131 1573 237 1596 κοντα
257 1558 326 1610 γὰρ
344 1557 403 1596 καὶ
433 1557 530 1596 ἐννέα
549 1560 635 1596 ἐτῶν
651 1550 706 1604 ἦν,
727 1556 844 1608 φησὶν,
865 1555 969 1603 ἡνίκα
997 1555 1157 1608 περιετέ-
1229 1565 1281 1595 est
1312 1557 1343 1595 ei
1376 1558 1484 1595 Deus.
1517 1555 1758 1594 Circumcisus
1793 1566 1846 1595 est
1884 1567 2000 1596 autem
2036 1568 2070 1597 et
2104 1561 2189 1614 ipse-

131 1635 217 1670 μετο
234 1620 297 1665 τὴν
317 1619 430 1671 σάρκα
459 1621 521 1665 τῆς
548 1617 781 1670 ἀκροῧυστίας
810 1619 914 1655 αὐτοῦ
927 1633 935 1640 ·
954 1617 1106 1668 Ἰσμαὴλ
1122 1617 1157 1656 δὲ
1229 1620 1292 1657 94.
1308 1619 1535 1670 Nonaginta
1553 1617 1647 1655 cuim
1667 1626 1703 1655 et
1721 1631 1860 1656 novem
1878 1630 2072 1659 annorum
2092 1632 2189 1667 erat,

128 1675 172 1726 ἧν
190 1682 274 1718 ἐτῶν
295 1681 496 1731 δεκατριῶν.
518 1679 580 1725 Μὴ
601 1679 745 1731 νομίσῃς
757 1679 876 1722 ἁπλῶς
889 1682 974 1728 ἡμῖν
988 1681 1055 1716 τῶν
1072 1680 1158 1716 ἐτῶν
1231 1680 1362 1732 inquit,
1394 1679 1556 1732 quando
1577 1681 1816 1718 circumcidit
1832 1694 1987 1720 carnem
2013 1688 2193 1735 praeputii

131 1743 190 1780 τὸν
212 1742 356 1794 ἀριθμὸν
376 1741 439 1788 τὴν
455 1741 600 1793 Γραφὴν
620 1740 907 1790 ἐπισημήνασθαι
921 1755 928 1763 ·
943 1741 1021 1778 ἀλλ’
1034 1739 1092 1777 ἵνα
1101 1740 1161 1777 καὶ
1233 1744 1316 1784 ςιιι’,·
1336 1742 1398 1779 95.
1428 1739 1574 1777 Ismael
1590 1745 1719 1776 autem
1751 1748 1833 1777 erat
1854 1754 2045 1779 annorum
2070 1745 2187 1780 trede-

133 1805 173 1840 ἐκ
187 1802 308 1840 τούτου
328 1802 440 1853 μάθῃς
459 1806 518 1841 τοῦ
539 1801 672 1840 δικαίου
691 1801 755 1848 τὴν
772 1800 905 1847 πολλὴν
921 1800 1094 1848 ὑπακοὴν,
1107 1802 1162 1839 ὅτι
1235 1802 1321 1838 cim.
1335 1801 1388 1838 Ne
1411 1808 1514 1853 putes
1539 1799 1671 1851 absque
1695 1814 1799 1839 causa
1820 1801 2044 1854 Scripturam
2063 1819 2193 1857 propo-

133 1865 170 1901 ἐν
189 1863 326 1915 ἐσχάτῳ
358 1864 452 1916 γήρα
476 1863 522 1901 ὢν
543 1862 664 1915 πράως
681 1863 806 1914 ἤνεγκε
824 1861 887 1909 τὴν
909 1861 1031 1908 ὀδύνην
1049 1862 1105 1900 διὰ
1125 1863 1164 1900 τὸ
1236 1874 1316 1899 nere
1333 1860 1436 1898 nobis
1454 1874 1643 1899 numerum
1679 1875 1854 1900 annorum
1875 1878 1882 1899 :
1904 1864 1963 1901 sed
1982 1873 2022 1901 ut
2053 1879 2098 1903 ex
2123 1866 2192 1903 hoc

132 1928 193 1962 τοῦ
229 1926 322 1962 Θεοῦ
349 1924 540 1975 ἐπίταγμα,
577 1923 633 1962 διὰ
651 1927 754 1961 τοῦτο
782 1929 935 1961 ποιεῖται
965 1923 1030 1969 τὴν
1050 1924 1164 1961 αὐτῶν
1185 1925 1208 1955 Β
1235 1922 1350 1961 discas
1360 1922 1447 1975 justi
1463 1935 1629 1973 magnam
1640 1923 1890 1973 obedientiam,
1907 1925 2004 1976 quod
2021 1940 2103 1965 cum
2115 1928 2190 1980 jam

134 1985 398 2037 ἀπαρίθμησιν,
435 1986 493 2023 καὶ
529 1987 592 2024 οὐκ
625 1984 727 2028 αὐτὸς
766 1984 890 2033 μόνος,
925 1984 1016 2022 ἀλλὰ
1051 1984 1110 2022 καὶ
1147 1988 1164 2023 ὁ
1237 1982 1271 2021 ἰη
1293 1983 1470 2035 decrepita
1492 1993 1580 2022 essct
1609 1993 1728 2033 aetate,
1748 1984 1872 2023 leniter
1893 1987 2013 2025 tulerit
2031 1987 2191 2026 dolorem

136 2046 286 2096 Ἰσμαὴλ
305 2046 364 2084 καὶ
385 2046 511 2090 πάντες
525 2048 556 2083 οἱ
573 2048 771 2097 οἰκογενεῖς.
794 2045 887 2083 Οὐδὲ
908 2044 974 2098 γὰρ
994 2046 1034 2084 τὸ
1058 2046 1163 2098 τυχόν
1236 2054 1380 2098 propter
1408 2054 1624 2097 praeccptum
1652 2045 1741 2093 Dei,
1770 2057 1954 2099 propterea
1977 2049 2061 2086 facit
2094 2049 2192 2087 illam

136 2109 244 2155 ἐστιν,
274 2107 453 2158 ἀγαπητὲ,
490 2107 710 2159 ὑγιαίνουσαν
736 2106 851 2158 σάρκα
881 2107 1070 2157 ἀποτεμεῖν
1103 2107 1162 2144 καὶ
1236 2105 1547 2155 enumerationem,
1564 2115 1597 2143 et
1611 2119 1680 2143 non
1695 2106 1771 2158 ipse
1785 2107 1914 2157 solum,
1930 2108 2039 2146 sedet
2053 2110 2193 2157 Ismael,

135 2173 252 2212 κακῶς
267 2169 426 2221 ἔχουσαν.
448 2171 492 2207 1ἰῖ
507 2168 643 2220 γὰρκαὶ
662 2170 790 2220 ἰατρῶν
806 2169 926 2211 παῖδες
947 2167 1050 2218 μέλος
1071 2172 1084 2189 ³
1099 2170 1164 2220 ἀῤ-
1237 2176 1269 2205 et
1289 2180 1409 2204 omnes
1426 2166 1608 2205 vernaculi
1636 2166 1952 2207 circumciduntur.
1982 2171 2104 2221 Neque
2124 2171 2192 2209 hoc

136 2233 317 2282 ῥωστῆσαν
338 2229 604 2279 ἀποτέμνουσιν,
624 2230 701 2266 ἀλλ’
721 2231 783 2266 οὐκ
797 2228 856 2274 ἴση
883 2228 1014 2280 γίνεται
1043 2228 1121 2266 τότε
1141 2233 1161 2275 ἡ
1236 2242 1389 2281 parvum
1415 2236 1449 2265 et
1470 2227 1547 2265 leve
1566 2227 1683 2265 suerit.
1704 2229 1783 2266 Non
1806 2230 1901 2268 enim
1932 2230 2024 2269 idem
2047 2241 2115 2281 est,
2136 2247 2192 2271 ca-

132 2291 249 2338 ὀδύνη.
274 2291 455 2343 Νεκρωθὲν
470 2291 556 2343 γὰρ,
576 2293 622 2334 ὣς
639 2293 763 2338 εἰπεῖν,
780 2289 902 2329 λοιπὸν
923 2291 982 2328 καὶ
1006 2292 1070 2336 τῆς
1091 2292 1162 2334 ζω-
1237 2289 1386 2339 rissime,
1402 2302 1543 2327 carnem
1555 2303 1689 2337 sanam,
1705 2299 1739 2328 et
1751 2291 1844 2329 male
1858 2292 2047 2331 habentem
2063 2307 2190 2333 secare.

134 2355 234 2398 τικῆς
257 2353 434 2403 δυνάμεως
462 2350 698 2404 ἀποστερηθὲν
722 2351 961 2401 ἓκτέμνουσιν.
988 2353 1162 2390 Ἐνταῦθα
1238 2352 1330 2389 Nam
1356 2349 1422 2388 etsi
1440 2349 1568 2388 medici
1597 2364 1737 2402 quoque
1755 2353 1914 2390 membra
1940 2354 2104 2393 morbida
2125 2357 2191 2394 ali-

137 2414 170 2452 δὲ
192 2413 301 2466 γέρων
321 2413 380 2451 καὶ
399 2412 599 2466 πρεσῧύτης
618 2413 760 2461 (ἑκατὸν
775 2412 842 2465 γὰρ
862 2414 948 2450 ἐτῶν
966 2413 1160 2465 ἐτύγχανε)
1236 2411 1378 2463 quando
1397 2410 1573 2460 incidunt,
1589 2420 1623 2449 at
1638 2426 1706 2450 non
1726 2422 1775 2450 est
1790 2413 1917 2452 similis
1935 2414 2048 2453 dolor.
2065 2415 2191 2455 Emor-

137 2476 256 2528 πράως
276 2475 401 2526 ἤνεγκε
421 2474 486 2521 τὴν
501 2474 638 2522 ὀδύνην,
658 2477 743 2524 ὁμοῦ
758 2474 816 2512 καὶ
834 2478 895 2512 τοῦ
910 2475 1004 2512 Θεοῦ
1023 2475 1063 2512 τὸ
1085 2474 1164 2512 ε’πί-
1237 2483 1339 2512 tuum
1356 2473 1451 2511 enim
1464 2473 1679 2523 membrum,
1694 2483 1733 2511 ut
1747 2474 1792 2511 ita
1809 2474 1938 2524 dicam,
1952 2477 2027 2528 jam
2041 2486 2073 2514 et
2089 2477 2189 2515 vitali

138 2551 254 2586 ταγμα
274 2537 320 2579 εἷς
350 2535 448 2587 ἔργον
476 2536 618 2586 ἀγαγεῖν
638 2534 810 2581 σπεύδων,
835 2535 894 2573 καὶ
918 2535 976 2573 τὸν
1001 2535 1075 2573 υἱὸν
1103 2536 1163 2574 καὶ
1236 2535 1436 2588 operatione
1456 2533 1667 2572 destitutum
1685 2543 1770 2572 tunc
1787 2535 1960 2574 incidunt.
1983 2537 2052 2575 Hic
2072 2546 2189 2576 autem

137 2595 214 2639 τοὺς
232 2599 415 2648 οἰκογενεῖς
429 2596 584 2640 ἅπαντας
603 2596 881 2649 προθυμοτέρους
909 2597 1136 2649 ἐργαζόμενος
1152 2627 1161 2644 ,
1237 2611 1343 2636 senex
1361 2605 1393 2635 et
1412 2595 1614 2649 decrepitus
1625 2599 1781 2644 (centum
1797 2596 1892 2635 enim
1910 2611 2084 2636 annorum
2101 2604 2189 2647 erat)

136 2656 225 2695 ὥστε
249 2657 297 2708 μὴ
313 2657 510 2704 ἐνδοιάσαι,
530 2657 621 2695 ἀλλὰ
639 2656 728 2708 μετὰ
749 2658 880 2696 πολλοῦ
895 2661 955 2695 τοῦ
980 2657 1107 2710 τάχους
1123 2658 1163 2696 τὸ
1185 2658 1209 2689 C
1237 2658 1436 2696 cruciatum
1451 2657 1577 2695 leniter
1598 2657 1692 2705 tulit,
1709 2658 1861 2696 simulet
1876 2668 2094 2712 praeceptum
2121 2660 2188 2698 Dei

135 2719 231 2770 παρὰ
250 2722 309 2757 τοῦ
338 2720 430 2757 Θεοῦ
458 2718 676 2771 προσταχθὲν
707 2719 918 2757 ἐπιτελέσαι.
951 2713 1052 2763 Εἶδες
1083 2718 1162 2758 ὅσον
1235 2720 1383 2772 implere
1409 2718 1549 2767 volens,
1569 2727 1603 2756 et
1634 2719 1752 2757 filium
1778 2728 1811 2758 et
1830 2720 2038 2759 vernaculos
2068 2735 2190 2760 omnes

137 2781 228 2818 ἐστὶν
246 2780 333 2832 ἀνὴρ
352 2780 528 2832 ἐνάρετος,
548 2780 641 2825 ὅπως
666 2781 726 2819 καὶ
749 2781 828 2825 τοὺς
862 2781 1162 2833 ὑπηρετουμένους
1236 2780 1470 2834 promptiores
1484 2778 1646 2829 reddenS,
1661 2789 1756 2818 utne
1770 2790 2030 2832 cunctarentur,
2041 2782 2102 2821 sed
2115 2797 2190 2822 ma-

137 2841 292 2884 ἅπαντας
310 2841 492 2879 ἐπαίδευσε
520 2844 596 2879 κατ’
618 2841 713 2894 ἴχνος
741 2844 846 2880 αὐτοῦ
872 2842 1000 2894 βαίνειν
1008 2858 1017 2889 ;
1041 2841 1161 2894 ςὈτιερ
1237 2856 1305 2894 gna
1319 2841 1500 2879 alacritate
1518 2841 1584 2878 Dei
1600 2850 1817 2894 praeceptum
1837 2842 2034 2895 implerent.
2053 2843 2187 2882 Vidisti

136 2902 203 2955 γὰρ
225 2903 305 2955 χθὲς
324 2902 458 2954 ἔλεγον,
476 2906 578 2941 τοῦτο
602 2903 707 2942 πάλιν
727 2903 786 2942 χαὶ
811 2907 871 2942 νῦν
900 2905 987 2956 ἐρῶ·
1021 2904 1073 2942 ὅτι
1105 2905 1161 2943 διὰ
1236 2912 1366 2955 quanta
1384 2917 1438 2940 res
1459 2902 1504 2940 sit
1517 2902 1575 2941 vir
1589 2911 1759 2954 praestans
1772 2903 1914 2952 virtute,
1929 2904 2106 2956 quomodo
2122 2906 2188 2944 mi—

136 2967 238 3001 τοῦτο
260 2964 382 3002 λοιπὸν
399 2963 434 3008 ἐξ
448 2963 578 3002 ἐκείνου
605 2964 816 3016 πρόσταγμα
843 2964 962 3017 γέγονε
981 2966 1077 3018 παρὰ
1100 2970 1160 3004 τοῦ
1236 2965 1364 3003 nistros
1383 2977 1502 3002 omncs
1520 2962 1643 3000 doceat
1661 2972 1698 3000 ut
1713 2977 1776 3001 sua
1792 2963 1942 3014 vestigia
1968 2967 2188 3016 sequantur?

136 3026 242 3071 Θεοῦ,
262 3024 353 3063 ὥστε
371 3027 404 3063 ἐν
425 3024 528 3077 ἀώρῳ
549 3027 593 3076 τῇ
616 3025 737 3076 ἡλικίᾳ
753 3029 855 3064 τοῦτο
883 3027 1067 3077 ὖπομένειν
1083 3026 1162 3071 τοὺς
1237 3027 1330 3065 Nam
1358 3024 1396 3062 id
1414 3024 1510 3075 quod
1539 3023 1615 3062 heri
1647 3024 1807 3063 dicebam
1820 3055 1830 3075 ,
1849 3025 1918 3064 hoc
1936 3027 2021 3065 item
2040 3037 2073 3065 et
2094 3043 2188 3066 nunc

137 3087 276 3130 παῖδας,
290 3086 347 3123 ἵνα
361 3087 395 3124 ἐν
407 3085 614 3138 ἀναισθησία
625 3086 688 3133 τὴν
704 3087 854 3138 ἐκτομὴν
864 3090 928 3134 τῆς
937 3088 1064 3140 σαρκὸς
1078 3091 1163 3127 ὑπο·
1237 3087 1318 3125 (lico
1328 3103 1335 3123 ε
1345 3095 1488 3139 propter
1498 3084 1566 3123 hoc
1586 3085 1659 3123 scre
1673 3099 1717 3123 ex
1728 3086 1790 3124 illo
1803 3085 1862 3124 die
1872 3097 2082 3140 prceceptum
2103 3090 2189 3127 fuis-

140 3146 297 3194 μένοντες
314 3147 488 3197 μηδεμίαν
501 3150 563 3194 τῆς
588 3147 710 3194 ὀδύνης
730 3154 853 3200 πεῖραν
867 3149 1037 3188 hiemo-w.
1056 3149 1162 3189 Ἀλλὰ
1239 3162 1274 3186 se
1293 3163 1311 3185 a
1333 3149 1418 3195 Deo,
1440 3155 1476 3183 ut
1492 3145 1680 3184 immatura
1696 3155 1796 3185 :etate
1809 3146 1877 3186 hoc
1898 3149 2055 3187 subirent
2077 3151 2189 3202 pueri,

140 3206 262 3245 σκόπει
279 3224 354 3257 μοι,
384 3208 562 3259 ἀγαπητὲ,
595 3213 655 3247 τοῦ
680 3211 773 3247 Θεοῦ
799 3209 862 3256 τὴν
883 3211 1162 3264 φιλανθρωπίαν,
1239 3225 1309 3261 quo
1323 3209 1455 3260 absque
1469 3222 1568 3246 sensu
1588 3216 1620 3246 et
1635 3208 1757 3247 dolore
1770 3204 1974 3248 incisionem
1993 3211 2109 3248 carnis
2124 3211 2189 3248 scr-

185 3349 196 3361 -1
221 3339 373 3382 Quinque
386 3340 462 3372 Mss.
478 3345 674 3386 ἀρῤωστῑταν
688 3349 756 3377 τότε
774 3348 995 3386 ἀποτέμνουσιν.

302 3423 394 3446 ΤΠῚῙ.
433 3424 461 3446 U
478 3440 483 3446 .

1959 3413 1979 3445 :A

1989 3425 2006 3447 ιε.
