2483 3791
740 243 784 272 ΙΝ
821 243 922 273 (ἸΛΡ.
963 243 1010 272 ll.

111 334 181 371 τῶν
208 330 517 377 καταὸληθέντων,
545 329 596 380 τῷ
622 326 754 379 γονίμῳ
772 329 833 372 τῆς
855 328 919 378 γ’ἧς
937 324 1135 379 προσέχων,

111 393 169 432 καὶ
187 391 476 431 πολλαπλασίονα
493 391 562 427 τῶν
586 388 798 441 σπερμάτων
826 387 962 437 ἕτοιμος
977 387 1025 424 ὧν
1049 389 1135 424 ὓπο-

111 453 271 498 δέξασθαι
292 453 351 491 τὸν
371 451 517 503 ἀμητόν.
540 449 640 489 Κατὰ
659 450 716 487 τὸν
732 449 835 487 αὐτὸν
855 449 896 496 δὴ
922 449 1047 501 τρόπον
1076 448 1135 487 καὶ

110 517 232 565 ἡμεῖς,
260 517 406 567 ὁρῶντες
428 515 525 563 ὑμῶν
547 514 597 564 ἐφ’
618 511 767 557 ἑκάστης
786 509 920 563 ἡμέρας
943 509 1135 560 αὐξανομέ-

111 591 172 621 νην
187 575 250 622 τὴν
266 573 480 628 προθυμίαν,
497 572 556 610 τὸν
581 572 686 610 πόθον
714 572 926 623 ἀκμάζοντα,
945 570 1009 616 τὴν
1029 585 1134 609 σπου-

112 636 174 683 δὴν
207 636 360 674 ἐπίδοσιν
379 634 649 685 λαμὸάνουσαν,
670 633 729 671 καὶ
751 631 831 684 περὶ
856 635 953 682 ὑμῶν
977 630 1135 682 χρηστὰς

113 698 239 750 ἔχομεν
259 697 320 741 τὰς
339 697 493 741 ἐλπίδας,
514 696 572 734 καὶ
591 694 688 732 αὐτοὶ
712 693 846 732 πλείονι
873 692 1048 744 προθυμίᾳ
1075 696 1135 730 καὶ

113 760 246 809 σπουδῇ
263 759 306 796 τὰ
326 760 374 800 εἰς
391 757 534 806 δύναμιν
551 754 725 806 ἡμετέραν
742 753 909 806 εἰσφέρειν
926 753 1134 803 ἐπειγόμεθα

112 821 160 862 εἷς
188 818 373 868 οἰκοδομὴν
392 821 454 863 τῆς
472 816 640 869 ὑμετέρας
658 815 809 867 ἀγάπης,
830 815 876 857 εἷς
902 813 1001 858 δόξαν
1025 814 1134 877 Θεοῦ,

112 879 160 922 εἷς
179 878 347 930 καύχημα
376 880 438 923 τῆς
456 881 516 916 τοῦ
534 878 626 914 Θεοῦ
643 874 870 920 Ἐκκλησίας.
891 873 987 926 Φέρε
1005 878 1083 922 οὖν,
1105 875 1134 912 εἷ

111 940 226 986 δοκεῖ,
255 937 364 991 μικρὰ
404 940 472 975 τῶν
505 937 627 990 πρῴην
657 935 849 988 εἰρημένων
884 935 1134 983 ἀναλαὸόντες,

111 999 305 1044 ἀκολούθως
321 1005 392 1043 τοῖς
415 999 569 1050 σήμερον
593 1000 863 1050 ἀναγνωσθεῖσιν
880 996 1132 1048 ἐπεξέλθωμεν.

110 1062 144 1099 Τ
148 1060 158 1097 ι’
173 1060 208 1099 δὲ
228 1064 312 1112 ἡμῖν
339 1055 380 1107 ἦν
404 1060 443 1098 τὸ
461 1059 583 1112 πρῴην
603 1059 825 1110 κινούμενον,
854 1058 912 1097 καὶ
944 1058 1050 1112 μέχρι
1069 1062 1136 1097 ποῦ

110 1122 168 1160 τὸν
187 1122 287 1172 λόγον
307 1122 519 1164 ἐκτείναντες
543 1120 786 1171 κατελύσαμεν
805 1120 868 1166 τὴν
895 1119 1135 1169 διδασκαλίαν,

110 1185 300 1234 ἀναγκαῖον
331 1185 452 1221 εἰπεῖν.
491 1183 561 1222 Καὶ
594 1182 742 1229 ἔπλασε,
774 1181 898 1234 φησὶν,
917 1185 936 1220 6
956 1181 1045 1224 Θεὸς
1078 1182 1135 1220 τὸν

111 1243 311 1296 ἄνθρωπον,
343 1248 428 1296 χοῦν
454 1242 589 1282 ’λαὸὼν
609 1243 678 1282 ἀπὸ
697 1246 759 1290 τῆς
776 1246 860 1294 γῆς,
882 1242 942 1281 καὶ
970 1242 1137 1295 ἐνεφύση-

111 1321 169 1344 σεν
187 1308 234 1349 εἷς
253 1306 292 1343 τὸ
306 1306 492 1357 πρόσωπον
514 1308 617 1344 αὐτοῦ
637 1304 746 1352 πνοὴν
766 1307 869 1352 ζωῆς,
889 1305 948 1343 καὶ
964 1305 1098 1356 ἐγένετο
1119 1308 1137 1344 6

111 1366 290 1418 ἄνθρωπος
308 1369 355 1412 εἷς
373 1366 488 1419 ψυχὴν
508 1369 634 1411 ζῶσαν.
651 1365 770 1418 εὈἹιέρ
788 1365 866 1404 τότε
885 1365 1015 1417 ἔλεγον,
1035 1370 1137 1406 τοῦτο

109 1427 171 1466 καὶ
194 1432 252 1466 νῦν
273 1430 354 1480 ἐρῶ,
372 1428 433 1466 καὶ
461 1428 627 1474 διηνεκῶς
653 1425 762 1478 λέγων
792 1429 830 1466 οὐ
847 1427 1053 1478 παύσομαι,
1084 1427 1138 1466 ὅτι

110 1488 225 1535 πολλὴ
252 1488 310 1527 καὶ
327 1488 456 1540 ἄφατος
476 1491 498 1534 ἦ
526 1487 769 1540 φιλανθρωπία
787 1491 847 1526 τοῦ
865 1492 980 1527 κοινοῦ
997 1488 1138 1527 πάντων

1050 242 1212 273 GENES.

1254 244 1413 275 nomn„
1453 246 1552 275 xut.
2075 251 2159 297 ιιι)

1207 339 1357 364 messem
1377 327 1627 380 excipiendam
1647 336 1802 381 paratus.
1824 329 1998 366 Similiter
2021 339 2053 368 et
2080 345 2157 377 nos,

1158 390 1182 420 D
1207 401 1288 425 cum
1315 387 1481 426 videmus
1500 388 1721 427 alacritatem
1745 398 1899 427 vestram
1923 391 2084 441 quotidie
2107 392 2160 429 in-

1207 463 1373 498 crescere,
1391 449 1608 488 desiderium
1626 450 1762 503 vigere,
1782 450 1942 488 studium
1965 451 2161 490 incremen-

1208 518 1241 547 ta
1267 524 1418 558 sumere,
1456 510 1586 548 bonam
1615 525 1712 564 spem
1742 511 1930 562 hahemus,
1967 513 2163 565 majorique

1207 570 1327 608 studio
1342 580 1375 608 et
1397 572 1591 613 alacritate,
1608 582 1779 623 quantum
1808 573 1901 612 vires
1925 583 2051 611 nostran
2070 589 2160 626 sup-

1210 640 1347 683 petunt,
1374 632 1408 670 in
1423 633 1692 671 aedilicationem
1705 643 1828 672 vestrm
1843 635 2014 683 caritatis,
2031 635 2066 673 in
2086 636 2161 687 glo-

1208 690 1298 727 riam
1313 691 1394 738 Dei,
1419 692 1455 730 in
1481 692 1649 730 Ecclesia:
1673 694 1736 731 Dei
1766 693 1876 731 decus
1902 695 2042 746 aliquid
2073 696 2163 733 ferre

1207 751 1428 789 anhelamus.
1462 756 1537 804 Age
1565 753 1691 803 igitur,
1717 754 1742 790 si
1773 755 1900 806 placet,
1927 756 2083 808 repetitis
2120 757 2163 794 iis

1209 825 1287 861 quae
1306 826 1420 864 nuper
1432 812 1529 866 dicta
1547 823 1643 859 sunt,
1664 825 1914 865 consequenter
1932 817 1977 853 de
1992 817 2163 855 hodierna

1207 871 1358 911 lectione
1375 882 1577 912 tractemus.
1600 874 1701 922 Quid
1720 885 1838 913 atitem
1866 877 1911 914 sit
1931 878 2027 927 quod
2052 893 2164 931 nuper

1207 934 1442 982 tractabatur,
1457 950 1642 986 quousque
1668 951 1862 975 sermonem
1878 939 2160 987 extenderimus,

1209 1004 1243 1033 et
1259 995 1321 1033 ubi
1340 996 1446 1034 linem
1460 996 1603 1035 dicendi
1621 998 1822 1047 fecerimus,
1854 1001 2087 1038 necessarium
2112 1013 2163 1040 est

1158 1065 1182 1095 E
1209 1055 1342 1096 dicere.
1365 1059 1417 1096 Et
1429 1060 1628 1111 formavit
1648 1060 1757 1097 Deus
1791 1061 2001 1111 hominem,
2028 1064 2163 1114 pulve-

1211 1133 1291 1158 rem
1306 1120 1484 1173 accipiens
1508 1122 1555 1158 de
1579 1129 1694 1158 terra.
1715 1122 1769 1159 Ec
1796 1124 2000 1174 inspiravit
2029 1128 2070 1162 in
2091 1128 2162 1179 fa-

1210 1184 1308 1220 ciem
1327 1184 1410 1235 ejus
1425 1183 1665 1235 spiraculum
1682 1185 2008 1238 vitoe,sact1.¹sque
2027 1197 2081 1225 est
2097 1189 2163 1226 ho-

1211 1256 1274 1280 mo
1295 1245 1337 1280 in
1355 1246 1531 1281 animam
1551 1246 1752 1282 viventem.
1766 1245 1873 1292 Quod
1892 1255 1973 1285 tunc
1986 1248 2164 1297 dicebam,

1211 1303 1249 1342 id
1285 1313 1320 1342 et
1346 1318 1440 1342 nunc
1466 1304 1598 1354 dicam,
1624 1314 1657 1343 et
1682 1306 1836 1344 subinde
1862 1322 2059 1348 memorare
2095 1325 2163 1348 non

1210 1365 1368 1416 cessabo,
1390 1380 1556 1418 magnam
1576 1375 1609 1404 et
1629 1366 1844 1406 ineffabilem
1867 1383 1940 1407 esse
1958 1369 2164 1422 benignita-

1210 1436 1283 1465 tem
1301 1427 1502 1465 communis
1518 1428 1680 1466 omnium
1702 1429 1849 1467 Domini
1869 1444 1952 1482 erga
1972 1445 2080 1483 genus
2102 1446 2164 1470 no-

1210 1497 1338 1526 strum.
1357 1488 1544 1540 Siquidem
1565 1503 1694 1542 magna
1711 1492 2004 1543 attemperatione
2015 1493 2061 1530 ob
2074 1493 2165 1531 salu—

112 1550 291 1588 Δεσπότου
307 1554 327 1597 ἡ
343 1550 422 1601 περὶ
439 1549 478 1588 τὸ
493 1549 589 1600 γένος
606 1549 646 1587 τὸ
660 1549 842 1602 ἡμέτερον.
857 1550 927 1588 Καὶ
941 1550 1009 1603 γὰρ
1021 1552 1136 1603 πολλῇ
1147 1579 1196 1605 100
1211 1558 1282 1588 tem
1306 1559 1464 1588 nostram
1493 1564 1578 1588 usus
1598 1560 1662 1600 est,
1694 1565 1895 1602 magnoque
1922 1554 2054 1592 animal
2081 1555 2161 1602 hoc,

110 1609 372 1660 συγκαταὸάσει
389 1609 566 1662 ἐχρήσατο
581 1608 638 1647 διὰ
657 1608 720 1656 τὴν
741 1609 920 1662 σωτηρίαν
932 1609 996 1656 τὴν
1011 1610 1136 1662 ἡμετέ-

112 1685 187 1723 ραν,
204 1670 264 1708 καὶ
283 1672 416 1716 πολλῆς
434 1674 539 1721 τιμῆς
554 1670 683 1716 ἠξίωσε
701 1669 796 1709 τουτὶ
819 1670 858 1709 τὸ
880 1672 982 1718 ζῶον,
1001 1671 1060 1710 τὸν
1077 1671 1137 1710 ἄν·

111 1734 247 1782 θρωπον
270 1731 384 1782 λέγω,
405 1732 465 1770 καὶ
494 1731 551 1769 διὰ
571 1731 736 1783 ῥημάτων
759 1731 819 1770 καὶ
840 1731 1136 1786 διὰπραγμάτων

109 1793 254 1839 δεικνὺς,
274 1796 320 1837 ὡς
336 1793 476 1832 πάντων
495 1796 564 1831 τῶν
592 1794 778 1845 ὁρωμένων
806 1794 949 1833 πλείονα
972 1794 1036 1841 τὴν
1056 1793 1138 1844 περὶ

110 1854 212 1892 αὐτὸν
229 1855 438 1905 κηδεμονίαν
458 1854 702 1893 ἐπιδείκνυται.
720 1855 833 1894 Οὐδὲν
851 1855 920 1908 γὰρ
934 1855 1062 1893 κωλύει
1079 1855 1138 1893 καὶ

110 1915 263 1966 σήμερον
274 1915 318 1953 τὰ
329 1915 418 1954 αὐτὰ
432 1916 717 1967 διερευνήσασθαι
729 1916 786 1954 ἐπὶ
797 1919 858 1963 τῆς
869 1917 1039 1969 ὑμετέρας
1053 1917 1139 1969 ἀγά-

109 1991 190 2022 πης.
200 1977 366 2029 Καθάπερ
378 1976 444 2029 γὰρ
454 1979 476 2022 ἡ
490 1980 558 2015 τῶν
571 1977 798 2027 θυμιαμάτων
814 1977 924 2030 φύσις,
937 1979 1007 2032 ὅσῳ
1019 1978 1059 2017 ἂν
1072 1979 1140 2018 ὑπὸ

110 2039 178 2074 τῶν
203 2037 385 2076 δακτύλων
405 2040 472 2075 τῶν
487 2038 666 2090 ἡμετέρων
686 2039 976 2092 περιστρέφηται,
995 2040 1139 2079 πλείονα

109 2097 172 2144 τὴν
194 2098 339 2136 εὐωδίαν
368 2099 537 2150 παρέχέι·
558 2099 617 2137 τὸν
638 2099 739 2137 αὐτὸν
766 2100 807 2145 δὴ
835 2100 964 2152 τρόπον
992 2102 1052 2140 καὶ
1079 2102 1137 2140 ἐπὶ

111 2162 178 2197 τῶν
207 2161 354 2212 Γραφῶν
381 2161 474 2198 ἐστιν
507 2161 590 2198 ἷδεῖν
620 2161 798 2211 γινόμενον
815 2178 823 2185 ·
842 2162 914 2215 ὅσῳ
940 2162 980 2200 ἄν
1001 2179 1052 2206 τις
1078 2162 1137 2201 ἐπὶ

109 2221 213 2260 πλέον
244 2221 372 2266 ταύτας
410 2223 544 2261 ἐπιέναι
576 2223 782 2272 σπουδάζοι,
811 2224 965 2277 τοσούτῳ
1004 2227 1136 2275 μᾶλλον

109 2283 332 2321 κατοπτεύειν
367 2282 510 2322 δύναται
535 2285 600 2323 ’τὸν
634 2286 914 2336 ἐγκεκρυμμένον
945 2287 1136 2340 θησαυρὸν,

107 2344 167 2383 καὶ
184 2343 292 2383 πολὺν
312 2345 371 2383 καὶ
398 2345 530 2397 ἄφατον
551 2346 608 2383 τὸν
627 2347 776 2384 πλοῦτον
798 2349 952 2385 ἐντεῦθεν
980 2352 1134 2402 καρποῦ-

107 2409 202 2445 σθαι.
222 2406 292 2445 Καὶ
313 2405 461 2453 ἔπλασε,
481 2406 597 2459 φησὶν,
619 2410 636 2445 6
652 2407 742 2451 Θεὸς
758 2407 816 2445 τὸν
833 2408 1029 2460 ἄνθρωπον,
1051 2413 1136 2462 χοῦν

106 2471 121 2488 ³
133 2467 251 2506 λαὸὼν
272 2468 340 2506 ἀπὸ
356 2470 418 2514 τῆς
433 2470 508 2519 γῆς.
526 2468 659 2506 Σκόπει
675 2485 734 2519 μοι
748 2467 812 2515 τὴν
829 2470 996 2522 διαφορὰν
1014 2471 1137 2516 εὐθέως

107 2527 143 2572 ἐξ
175 2529 279 2567 αὐτοῦ
307 2532 367 2566 τοῦ
396 2528 579 2580 προοιμίου
611 2531 680 2566 τῶν
710 2529 835 2580 λόγων.
868 2530 951 2569 Ἐπὶ
985 2530 1047 2582 μὲν
1069 2532 1137 2584 γὰρ

107 2592 176 2627 τῶν
206 2590 319 2628 ἄλλων
347 2589 511 2628 ἁπάντων
535 2593 605 2628 τῶν
631 2591 957 2643 δημιουργηθέντων
984 2593 1135 2638 ἐδίδαξεν

107 2653 201 2701 ἡμᾶς
220 2654 238 2689 6
257 2651 429 2703 μακάριος
446 2654 599 2699 Μωϋσῆς
615 2652 672 2690 τὸν
696 2652 825 2704 τρόπον
845 2653 955 2706 λέγων
983 2657 1136 2704 τῆςδη-

109 2713 300 2765 μιουργίας,
339 2712 392 2751 ὅτι
422 2707 531 2751 Εἶπεν
563 2716 581 2752 6
610 2713 716 2759 Θεὸς,
744 2715 925 2765 γενηθήτω
953 2719 1045 2769 φῶς,
1076 2718 1136 2756 καὶ

109 2773 242 2823 ἐγένετο
261 2777 332 2825 φῶς
348 2789 354 2796 ·
379 2773 567 2820 Γενηθήτω
585 2774 767 2828 στερέωμα
784 2791 791 2798 ·
813 2775 890 2824 καὶ,
920 2778 1136 2830 Συναχθήτω

109 2835 148 2872 τὸ
175 2834 277 2886 ὕδωρ,
298 2834 382 2887 φησί
399 2851 406 2858 ·
435 2835 519 2883 καὶ,
541 2836 796 2883 Γενηθήτωσαν
830 2841 1032 2891 φωστῆρες·
1063 2841 1137 2886 καὶ,

109 2896 352 2941 Βλαστησάτω
384 2899 406 2942 ἡ
437 2898 481 2946 γῆ
512 2897 660 2948 βοτάνην
695 2897 822 2949 χόρτου
840 2914 848 2922 ·
869 2899 949 2946 καὶ,
983 2899 1139 2952 Ἰἶξαγα-

111 2955 202 3007 γε’τω
227 2956 270 2993 τὰ
299 2955 408 2994 ὕδατα
438 2957 566 3009 ἑρπετὰ
593 2960 717 3010 ψυχῶν
747 2960 865 3002 ζωσῶν
884 2975 892 2983 ·
918 2960 997 3008 καὶ,
1026 2962 1134 3007 Ἐξα-

111 3016 248 3068 γαγέτω
281 3020 301 3063 ἡ
339 3021 383 3068 γῆ
420 3018 534 3070 ψυχὴν
571 3021 699 3063 ζῶσαν.
735 3014 837 3064 Εἶδες
868 3023 942 3066 πῶς
973 3022 1067 3076 λόγῳ
1094 3024 1139 3063 τὰ

111 3077 226 3115 πάντα
257 3079 535 3130 ἐδημιουρ·(ϊ’,θη;
567 3080 659 3118 Ἀλλ’
685 3080 814 3131 ἴδωμεν
842 3082 963 3121 λοιπὸν
993 3084 1051 3122 ἐπὶ
1079 3088 1141 3132 τῆς

111 3142 173 3187 τοῦ,
202 3138 384 3193 ἀνθρώπου
413 3140 639 3192 δημιουργίας
670 3142 705 3179 τί
732 3158 831 3194 φησι.
855 3143 926 3182 Καὶ
950 3144 1098 3184 ἔπλασεν
1124 3149 1142 3184 6

111 3199 202 3244 Θεὸς
228 3200 286 3238 τὸν
306 3200 498 3254 ἄνθρωπον.
519 3201 534 3221 ¹³
547 3200 644 3254 “Opa
664 3206 738 3246 πῶς
766 3204 821 3242 διὰ
844 3207 906 3250 τ’ἥς
924 3208 994 3244 τῶν
1022 3206 1141 3258 ῥημά-

112 3275 181 3298 των
200 3261 514 3312 συγκαταὸάσεως,
535 3257 585 3307 οἷς
603 3263 662 3302 διὰ
681 3263 744 3310 τὴν
764 3265 940 3318 ἡμετέραν
963 3267 1142 3307 ἀσθένειαν

154 3378 167 3401 s
184 3381 286 3411 Ακὸώυ
301 3377 393 3411 deest
409 3381 441 3412 in
458 3381 537 3422 neg.
553 3393 618 3414 uno
634 3389 666 3414 et
682 3382 832 3415 colbert.
850 3395 926 3416 uno.

159 3439 170 3452 ³
188 3434 291 3463 Λαέωυ
306 3428 396 3463 deest
411 3432 443 3464 in
460 3433 540 3476 Reg.
560 3445 624 3466 uno
641 3442 673 3466 et
689 3433 839 3467 colbert.
860 3447 936 3468 uno.

1160 1618 1185 1646 A
1212 1611 1395 1650 hominem
1413 1611 1508 1661 dico,
1525 1611 1659 1650 honore
1675 1623 1913 1665 prosequutus
1935 1624 1985 1653 est
1998 1645 2007 1662 ,
2030 1630 2164 1654 necnon

1210 1673 1332 1712 verbis
1360 1682 1395 1711 et
1430 1674 1537 1712 rebus
1564 1673 1776 1724 declaravit,
1816 1689 1852 1713 se
1878 1677 2048 1728 majorem
2077 1679 2166 1729 ejus,

1212 1748 1319 1785 quam
1339 1735 1543 1774 visibilium
1562 1735 1724 1773 omnium
1744 1750 1866 1774 curam
1886 1737 2064 1776 habuisse.
2096 1740 2165 1777 Ni-

1212 1796 1266 1834 hil
1289 1796 1384 1834 enim
1414 1797 1580 1849 probibet
1611 1797 1718 1835 etiam
1746 1797 1853 1836 hodie
1887 1799 2011 1837 eadem
2043 1801 2166 1853 explo-

1213 1871 1293 1895 rare
1326 1857 1425 1910 apud
1455 1858 1638 1896 caritatem
1668 1867 1838 1897 vestram.
1866 1861 1958 1898 Nam
1983 1861 2072 1899 sieut
2089 1876 2166 1901 aro-

1213 1928 1324 1969 mata,
1361 1928 1494 1970 quanto
1525 1919 1640 1971 magis
1677 1920 1801 1971 digitis
1834 1930 2047 1972 atteruntur,
2087 1933 2165 1963 tan-

1213 1989 1249 2018 to
1272 1981 1446 2033 majorem
1475 1990 1601 2019 natura
1631 1995 1694 2020 sua
1727 1982 1961 2033 fragrantiam
1981 1984 2164 2024 reddunt:

1213 2041 1260 2080 ita
1283 2051 1317 2080 et
1341 2042 1376 2080 in
1396 2042 1591 2094 Scripturis
1615 2043 1796 2090 usuvenit,
1820 2054 1953 2094 quanto
1980 2047 2059 2097 quis
2086 2047 2165 2085 illas

1211 2103 1368 2155 amplius
1392 2111 1544 2140 tractare
1567 2102 1757 2153 studuerit,
1780 2113 1877 2142 tanto
1903 2107 2016 2159 magis
2042 2108 2166 2147 videre

1210 2164 1340 2215 poterit
1361 2163 1529 2201 latentem
1545 2163 1581 2201 in
1604 2163 1690 2216 ipsis
1708 2165 1936 2217 thesaurum,
1956 2176 2062 2219 atque
2089 2184 2162 2208 im—

1211 2236 1350 2260 mensos
1363 2221 1544 2274 percipere
1561 2221 1774 2260 divitiarum
1787 2224 1934 2262 fructus.
1951 2227 2006 2264 Et
2008 2228 2164 2279 sorma-

1162 2293 1183 2323 13
1211 2285 1277 2331 vit,
1294 2283 1424 2334 inquit,
1436 2284 1544 2322 Deus
1560 2285 1769 2328 hominem,
1783 2285 1980 2336 pulverem
1988 2288 2164 2340 accipiens

1207 2343 1256 2381 de
1275 2353 1390 2382 terra.
1411 2343 1677 2392 Animadverte,
1693 2343 1852 2391 obsecro,
1870 2354 2000 2395 quanta
2011 2347 2163 2386 varietas

1207 2419 1253 2444 ex
1277 2404 1355 2458 ipso
1383 2404 1577 2443 verborum
1604 2406 1787 2456 procemio.
1809 2406 1849 2443 In
1876 2407 2044 2445 omnibus
2071 2409 2163 2446 enim

1207 2467 1288 2505 aliis
1306 2465 1478 2504 creaturis
1496 2465 1620 2504 docuit
1641 2479 1704 2504 nos
1729 2466 1852 2504 beatus
1870 2468 1988 2506 Moses
2015 2470 2162 2508 modum

1207 2528 1408 2577 creationis,
1429 2527 1488 2565 his
1514 2527 1654 2566 verbis:
1677 2529 1790 2566 Discit
1807 2530 1929 2576 Deus,
1953 2532 2047 2568 Fiat
2076 2532 2159 2578 lux,

1207 2593 1374 2644 etjacta
1392 2598 1450 2628 est
1473 2589 1559 2633 Ill-2⁰2·
1588 2590 1683 2626 Fiat
1697 2589 2019 2641 firmamentum;
2051 2593 2161 2630 Con-

1205 2661 1384 2706 gregetur
1399 2664 1522 2704 aqua,-
1556 2652 1679 2688 Fiant
1707 2651 1938 2698 luminaria,·
1964 2654 2164 2693 Ger-minet

1209 2723 1311 2752 terra
1325 2715 1484 2751 herbam
1488 2713 1594 2764 foeni
1596 2727 1610 2755 ,·
1622 2711 1851 2750 Producant
1874 2727 1986 2765 aquae
2005 2717 2163 2767 reptilia

1207 2777 1428 2812 animarum
1447 2772 1725 2820 viventium,et,
1737 2772 1936 2810 Producat
1955 2782 2059 2812 terra
2075 2778 2161 2813 ani*-

1208 2849 1312 2873 mam
1335 2837 1535 2872 viventem.
1553 2830 1690 2870 Vidisti
1711 2831 1890 2882 quomodo
1915 2835 2027 2873 verbo
2041 2837 2160 2874 omnia

1208 2897 1358 2935 formata
1388 2893 1495 2933 sint?
1525 2891 1595 2931 Sed
1626 2892 1812 2931 videamus
1844 2903 1966 2947 postea
1997 2897 2087 2948 quid
2127 2899 2162 2936 in

1210 2957 1385 2996 creatione
1419 2954 1576 2992 bominis
1608 2952 1719 2992 dicat.
1751 2955 1805 2992 Et
1826 2956 2023 3008 formavit
2056 2959 2163 2998 Deus

1163 3033 1186 3063 c
1211 3021 1417 3058 hominem.
1437 3015 1532 3055 Vide
1545 3014 1724 3066 quomodo
1739 3015 1930 3055 verborum
1952 3026 2164 3072 attempera-

1212 3081 1318 3126 tione,
1338 3079 1440 3130 queis
1461 3077 1508 3115 ob
1530 3085 1687 3114 nostram
1704 3076 1950 3135 infirmitatem
1979 3095 2066 3119 usus
2095 3092 2160 3128 est,

1212 3142 1319 3181 simul
1333 3150 1365 3178 et
1385 3138 1530 3176 modum
1548 3137 1736 3177 creationis
1755 3138 1892 3189 doceat,
1911 3150 1945 3179 et
1975 3141 2166 3182 diversita-

1212 3214 1295 3248 tem,
1314 3216 1395 3253 qua,
1412 3209 1451 3237 ut
1478 3199 1635 3238 humano
1661 3213 1759 3238 more
1783 3200 1910 3253 loquar
1925 3231 1936 3252 ‚
1963 3204 2075 3242 veluti
2098 3206 2165 3243 Dei

1212 3264 1381 3303 manibus
1399 3262 1591 3300 formatum
1607 3261 1727 3314 ipsum
1743 3261 1889 3311 indicat,
1916 3264 2007 3303 sicut
2024 3275 2057 3304 et
2075 3266 2167 3304 alius

1207 3385 1221 3408 ¹¹
1235 3380 1303 3427 (ὅρα
1319 3392 1379 3420 πῶς
1396 3380 1487 3414 deest
1503 3383 1535 3414 in
1553 3382 1666 3415 multis
1682 3383 1758 3416 Mss.

2183 1075 2254 1100 (ἰεη,
2270 1083 2340 1111 ²·7'
