2516 3791
714 257 757 288 lN
793 257 894 288 CAP.
939 255 1001 287 Vl.
1040 255 1202 286 GENES.

1242 255 1398 286 noun„
1438 256 1548 288 xxu.
2082 246 2171 292 235

125 343 248 382 έὸαλον
272 340 412 386 ἑαυτοὺς
431 346 564 388 κακοῖς,
583 340 687 393 φησίν
702 356 710 365 ·
731 340 830 379 Ἰδὼν
847 340 882 379 δὲ
899 339 952 378 ὅτι
972 338 1142 387 ἐπληθύν-
1167 343 1190 374 E
1214 339 1417 392 conjecisse,
1431 340 1480 378 ait
1503 356 1510 377 :
1539 341 1589 379 Ut
1608 340 1711 379 vidit
1741 348 1885 387 autem,
1909 343 2013 393 quod
2041 346 2170 382 multi-

123 409 231 451 θησαν
251 406 287 442 αἱ
308 402 429 442 κακίαι
448 405 517 441 τῶν
538 401 730 455 ἀνθρώπων
746 402 804 441 ἐπὶ
819 404 882 448 τῆς
895 405 971 454 γῆς.
991 401 1059 440 Ἐκ
1075 401 1143 452 γὰρ

120 469 182 513 τῆς
206 472 358 519 πονηρᾶς
391 464 519 511 ταύτης
546 464 724 518 πράξεως,
752 464 910 516 καθάπερ
931 461 1001 502 ἀπὸ
1028 465 1144 514 πηγῆς

119 543 207 571 τινος
219 558 228 574 ,
248 527 308 564 καὶ
327 526 430 579 ἕτερα
445 528 558 565 πολλὰ
574 528 688 570 αὐτοῖς
704 526 860 564 ἐτίκτετο
879 523 1122 577 ἁμαρτήματα
1134 538 1142 546 ·

119 589 176 628 διὰ
199 589 300 628 τοῦτό
327 605 446 642 φησιν,
477 591 520 627 Αἱ
545 588 666 627 κακίαι
693 591 762 627 τῶν
792 587 997 639 ἀνθρώπων.
1023 584 1142 624 υΟπου

117 651 185 701 γὰρ
206 650 349 703 πορνεία
364 682 372 697 ,
402 651 462 688 καὶ
489 645 676 701 ἀσέλγεια,
695 645 754 688 καὶ
774 648 926 695 τοσαύτη
949 645 1140 692 ἀκολασία,

118 711 208 755 εἰκὸς
235 712 294 749 καὶ
317 711 440 762 μέθην,
466 711 525 750 καὶ
544 711 738 762 παροινίαν,
758 710 818 749 καὶ
837 708 971 755 πολλὴν
991 706 1142 752 ἀδικίαν,

118 772 178 810 καὶ
206 773 416 819 πλεονεξίαν,
442 773 502 811 καὶ
520 772 564 810 τὰ
583 772 690 825 μυρία
718 771 896 810 τίκτεσθαι
915 769 1018 809 κακοί.
1040 768 1140 807 Ἰδὼν

119 834 177 881 δὲ,
204 834 310 884 φησὶ,
342 832 467 885 Κύριος
485 835 504 871 ὁ
531 833 637 880 Θεὸς,-
658 831 711 870 ὅτι
731 831 995 878 ἐπληθύνθησαν
1016 829 1052 868 αἱ
1077 845 1140 868 κα-

117 891 190 932 κίαι
205 896 274 931 τῶν
291 893 480 945 ἀνθρώπων
500 894 559 932 ἐπὶ
574 897 636 940 τῆς
655 897 719 944 γῆς
731 923 740 940 ,
754 892 814 930 καὶ
832 898 902 936 πᾶς
918 908 970 935 τις
991 892 1137 930 διανοεῖ-

117 969 173 992 ται
204 956 238 992 ἐν
263 957 306 1005 τῇ
338 954 464 1006 καρδίᾳ
499 957 603 993 αὐτοῦ
637 955 812 1005 ἐπιμελῶς
840 953 898 992 ἐπὶ
930 953 975 992 τὰ
1004 952 1142 1007 πονηρὰ

115 1017 230 1059 πάσας
248 1016 309 1061 τὰς
328 1016 474 1071 ἡμέρας.

114 1205 211 1253 γεθος
228 1203 297 1238 τῶν
312 1198 740 1252 ἡμαρτημένων.Ἔπειδὴ
753 1198 821 1251 γὰρ
835 1192 910 1236 εἷπε
924 1199 1118 1241 καθολικῶς
1129 1228 1138 1246 ,

113 1262 166 1301 ὅτι
185 1261 473 1308 Ἐπληθύνθησαν
494 1264 529 1300 αἱ
551 1260 673 1299 κακίαι
696 1262 767 1298 τῶν
788 1259 980 1313 ἀνθρώπων
999 1259 1057 1298 ἐπὶ
1077 1262 1140 1306 τῆς

113 1326 176 1375 γῆς
191 1353 200 1370 ,
232 1323 401 1375 ἐπήγαγε,
420 1323 490 1360 Καὶ
513 1327 604 1365 Ωπᾶς
623 1338 686 1365 τις.
714 1322 863 1372 Μεγάλη
895 1325 955 1360 τοῦ
985 1321 1139 1373 ῥήματος

113 1388 134 1430 ἡ
154 1385 314 1436 ἔμφασις.
335 1386 414 1436 Οὐχ
434 1387 452 1422 ὁ
470 1382 545 1426 νέος
557 1414 568 1431 ,
586 1383 703 1436 φησὶν,
724 1383 814 1422 ἀλλὰ
828 1383 888 1421 καὶ
907 1386 925 1421 ὁ
943 1382 1139 1436 πρεσὸύτης

111 1446 155 1484 τὰ
186 1445 273 1484 αὐτὰ
300 1447 351 1497 τῷ
379 1445 445 1498 νέῳ
478 1445 755 1498 διαπράττεται·
786 1443 863 1484 οὐδὲ
896 1445 984 1496 ἀνὴρ
1016 1444 1135 1496 μόνον,

112 1507 202 1546 ἀλλὰ
233 1507 291 1546 καὶ
322 1507 430 1559 γυνή·
461 1510 499 1545 οὐ
538 1508 677 1553 δοῦλος,
714 1506 806 1545 ἀλλὰ
838 1506 898 1544 καὶ
936 1505 1136 1559 ἐλεύθερος·

111 1570 149 1606 οὐ
176 1567 358 1616 πλούσιος,
387 1567 478 1606 ἀλλὰ
507 1567 566 1606 καὶ
586 1566 707 1615 πένης.
740 1566 810 1606 Καὶ
830 1567 891 1614 τὸ,
914 1569 1136 1616 Διανοεῑται,

110 1628 244 1675 πολλὴν
274 1628 346 1680 ἔχει
375 1628 437 1676 τὴν
466 1628 624 1679 δύναμιν.
658 1630 711 1668 Οὐ
741 1628 809 1680 γὰρ
840 1629 880 1667 ἐκ
910 1631 1137 1682 συναρπαγῆς

110 1693 211 1729 τοῦτο
235 1690 476 1741 ὑπομένουσιν,
497 1692 573 1729 ἀλλ’
596 1693 631 1729 ἐν
659 1693 703 1743 τῇ
725 1690 851 1744 καρδίᾳ
874 1690 1134 1742 διανοούμενοι,

110 1751 169 1789 καὶ
189 1755 299 1790 ταῦτα
327 1753 404 1790 καθ’
435 1752 586 1798 ἑκάστην
607 1751 702 1804 ὥραν
721 1751 964 1804 βουλευόμενοι
980 1782 989 1798 ,
1020 1753 1080 1791 καὶ
1099 1755 1134 1791 ἓν

111 1812 243 1855 τούτοις
274 1812 337 1860 τὴν
357 1812 510 1859 σπουδὴν
531 1813 690 1865 ἔχοντες,
719 1812 779 1852 καὶ
803 1812 880 1852 οὐδὲ
915 1813 1056 1858 ἁπλῶς,
1076 1814 1136 1852 καὶ

1211 401 1368 453 plicatae
1382 410 1471 439 sunt
1487 402 1650 440 malitiae
1667 403 1868 440 hominum
1884 416 1997 454 super
2012 411 2167 442 terram.

1216 465 1273 504 Ex
1287 465 1355 504 hoc
1371 465 1465 504 enim
1487 467 1581 505 malo
1597 481 1715 520 opere,
1733 467 1834 518 quasi
1846 481 1865 505 e
1884 467 1979 505 sonte
1997 467 2170 518 quodam,

1214 527 1326 565 multa
1345 527 1454 565 etiam
1471 528 1541 566 alia
1558 528 1836 567 suboriebantur
1848 537 2005 581 peccata:
2019 528 2098 567 ideo
2113 528 2170 566 di-

1214 587 1273 635 cit,
1294 589 1464 627 Malitia?
1485 589 1696 627 hominum.
1722 591 1811 628 Nam
1836 589 1898 628 ubi
1913 590 2080 628 scortatio
2097 620 2109 636 ,
2136 599 2172 628 et

1213 641 1358 684 luxuria
1374 676 1383 693 ,
1402 656 1436 685 ct
1469 657 1564 686 tanta
1588 648 1872 701 intemperantia,
1905 649 2101 688 verisimile
2120 658 2171 687 est

1213 705 1265 743 ibi
1281 716 1314 744 et
1328 707 1535 746 ebrietatem
1548 737 1558 756 ,
1578 719 1611 746 et
1631 710 1815 761 crapulam
1833 719 1866 747 et
1887 724 2053 762 magnam
2075 710 2171 763 inju-

1214 767 1346 805 stitiam
1366 799 1375 816 ‚
1405 778 1438 806 et
1469 769 1672 818 avaritiam,
1697 771 1952 822 innumeraque
1971 771 2039 810 alia
2075 772 2173 810 nasci

1215 829 1323 867 mala.
1376 831 1426 868 Ut
1463 831 1564 868 vidit
1609 840 1738 868 autem
1755 862 1767 878 ,
1803 832 1940 882 inquit,
1980 834 2171 872 Dominus

1214 890 1323 928 Deus
1338 892 1443 943 quod
1461 892 1731 943 multiplicatoe
1749 901 1839 930 sunt
1859 893 2021 930 malitioe
2046 896 2171 932 homi-

1217 965 1310 989 num
1320 966 1432 1004 super
1451 961 1608 999 terram,
1623 961 1659 990 et
1670 955 1774 1005 quod
1793 956 2055 1006 unusquisque
2071 959 2172 1007 cogi-

1217 1020 1274 1050 tat
1293 1010 1335 1050 in
1351 1014 1466 1052 corde
1484 1027 1552 1052 suo
1569 1012 1777 1067 diligenter
1792 1015 1845 1053 ad
1867 1015 1976 1052 mala
1992 1017 2171 1055 omnibus

1152 1102 1201 1130 200
1216 1075 1359 1113 diebus.

164 1139 262 1191 “opu
278 1141 351 1182 πῶς
366 1138 512 1178 ἕκαστον
532 1139 601 1176 τῶν
633 1137 825 1190 εἰρημένων
844 1136 997 1176 δείκνυσι
1016 1136 1056 1176 τὸ
1077 1136 1138 1188 μέ·
1163 1142 1188 1172 Α

1268 1135 1303 1174 5.
1334 1135 1430 1176 Vide
1447 1135 1626 1187 quomodo
1644 1137 1787 1189 singula
1805 1152 1884 1188 quae
1905 1137 2077 1177 dicuntur
2089 1155 2172 1193 pec-

1212 1206 1374 1236 catorum
1401 1198 1592 1236 ostendunt
1621 1198 1919 1250 magnitudinem.
1953 1201 2048 1247 Quia
2077 1203 2173 1241 enim

1211 1257 1248 1295 in
1283 1271 1409 1310 genere
1439 1259 1547 1308 dixit,
1586 1260 1864 1312 Multiplicatae
1886 1270 1976 1299 sunt
2008 1263 2172 1301 malitiae

1212 1319 1413 1358 hominum
1434 1334 1550 1372 super
1581 1324 1742 1370 terram,
1769 1320 1947 1370 subdidit,
1977 1324 2031 1361 Et
2052 1337 2173 1362 unus-

1211 1383 1386 1432 quisque.
1409 1383 1542 1432 Magna
1575 1382 1683 1434 hujus
1715 1382 1816 1421 verbi
1849 1384 2028 1436 emphasis
2046 1394 2081 1422 ct
2114 1386 2172 1424 vis

1210 1450 1273 1480 est.
1291 1443 1386 1491 Non,
1408 1443 1538 1494 inquit,
1555 1443 1758 1481 adolescens
1776 1444 1908 1495 solum,
1924 1445 1984 1483 sed
2006 1455 2040 1484 et
2061 1460 2173 1485 senex

1210 1502 1334 1542 eadem
1356 1504 1432 1556 agit
1450 1519 1528 1555 quae
1547 1504 1753 1544 adolescens
1772 1522 1780 1542 :
1802 1520 1915 1557 neque
1947 1507 2005 1545 vir
2025 1508 2142 1546 solum
2158 1539 2169 1559 ,

1209 1562 1273 1604 sed
1291 1575 1324 1604 et
1343 1566 1473 1604 mulier
1487 1581 1619 1618 :neque
1637 1581 1762 1606 servus
1773 1567 1903 1618 solum,
1926 1568 1987 1607 sed
1999 1579 2032 1607 et
2052 1570 2145 1608 liber
2160 1587 2168 1607 :

1210 1640 1280 1665 non
1301 1625 1403 1666 dives
1437 1628 1568 1678 solum,
1606 1627 1667 1666 sed
1694 1638 1728 1666 et
1754 1643 1903 1681 pauper.
1929 1629 1977 1668 Et
1998 1631 2166 1679 verbum,

1212 1689 1368 1741 Cogitat
1381 1719 1392 1738 ,
1413 1689 1570 1727 multum
1587 1689 1695 1727 habet
1714 1690 1894 1728 momenti.
1917 1692 1995 1729 Non
2017 1691 2110 1730 enim
2125 1707 2172 1730 ex

1210 1747 1439 1800 subreptione
1456 1748 1525 1786 hoc
1556 1748 1628 1786 illis
1643 1748 1785 1797 accidit,
1801 1748 1861 1786 sed
1891 1749 1926 1787 in
1948 1750 2054 1788 corde
2073 1750 2171 1801 cogi-

1210 1815 1286 1844 tant
1299 1836 1308 1853 ,
1326 1816 1359 1844 et
1380 1807 1456 1845 haec
1475 1821 1538 1859 per
1557 1807 1718 1858 singulas
1732 1807 1838 1846 horas
1855 1808 2020 1858 volvunt,
2044 1810 2080 1847 in
2107 1810 2165 1848 his

109 1877 156 1915 ὼς
175 1872 293 1924 gwy&
323 1873 414 1917 ἅπαξ
439 1872 461 1919 ἢ
485 1873 642 1925 δεύτερον
664 1873 970 1917 ὓποσχελισοέντες
989 1874 1056 1912 ὑπὸ
1073 1877 1135 1920 τῆς
1159 1882 1182 1912 Β
1209 1863 1373 1901 studium
1383 1876 1489 1902 suum
1512 1864 1701 1915 collocant,
1724 1874 1757 1903 et
1773 1880 1884 1917 neque
1903 1867 2049 1906 fortuito
2060 1870 2168 1907 semel

111 1933 303 1985 ἁμαρτίας,
322 1933 485 1972 ἵστανται
505 1937 567 1980 τῆς
586 1934 729 1982 κακίας,
750 1936 826 1972 ἀλλ’
848 1936 1025 1984 ἐπιμελῶς
1049 1934 1136 1972 ταύ-

110 2010 173 2041 την
190 1995 428 2047 μετέρχονται,
442 1997 501 2035 καὶ
516 1997 559 2035 τὰ
579 1996 716 2049 πονηρὰ
731 1996 1005 2050 διαπράττονται
1015 2013 1022 2020 ·
1040 1999 1135 2035 τοῦτ’

110 2056 183 2094 ἔστι
201 2057 289 2105 μετὰ
308 2059 439 2104 πολλῆς
460 2061 522 2104 τῆς
538 2059 712 2105 σπουδῆς,
732 2058 831 2096 οὐδὲν
849 2057 1051 2111 παρέργως,
1071 2061 1133 2097 οὐ-

110 2117 166 2156 δὲν
180 2118 412 2168 ἠμελημένως
428 2121 487 2157 ὑπ’
505 2122 618 2158 αὐτῶν
634 2120 788 2172 γίνεται,
803 2119 880 2158 οὐδὲ
895 2120 981 2171 πρὸς
999 2119 1133 2172 βραχὺν

109 2180 247 2232 χρόνον,
280 2179 370 2217 ἀλλὰ
388 2179 503 2223 πάσας
521 2179 583 2224 τὰς
606 2179 762 2231 ἡμέρας,
790 2187 907 2218 πᾶσαν
927 2182 1040 2218 αὐτῶν
1067 2180 1131 2228 τὴν

109 2241 198 2287 ζωὴν
218 2244 265 2283 εἷς
285 2245 385 2279 τοῦτο
400 2241 726 2280 καταναλίσκουσιν.
749 2235 849 2284 Εἶδες
870 2241 1040 2293 πονηρίας
1056 2242 1132 2280 ε’πί-

108 2319 206 2340 τασιν
223 2318 232 2349 ;
270 2296 355 2345 εἶδες
383 2305 456 2346 πῶς
487 2302 635 2354 μελέτην
678 2303 718 2341 τὸ
758 2309 906 2355 πρᾶγμα
934 2305 1130 2350 ἐποιοῦντο,

108 2365 281 2413 ἐπιμελῶς
312 2364 451 2402 ἅπαντα
482 2364 526 2402 τὰ
557 2364 694 2418 πονηρὰ
727 2365 1037 2416 διαπραττόμενοι,
1070 2365 1130 2403 καὶ

108 2432 205 2464 πᾶσα
236 2426 356 2471 ἡλικία
383 2425 468 2477 πρὸς
486 2425 549 2473 τὴν
567 2429 630 2473 τῆς
649 2426 774 2471 κακίας
794 2427 960 2479 ἐργασίαν
978 2426 1130 2476 ηὐτομό-

109 2488 179 2532 λει;
200 2487 274 2530 Πᾶς
294 2502 362 2535 τις,
389 2486 492 2538 φησίν
506 2503 513 2510 ·
534 2487 609 2526 οὐδὲ
641 2491 664 2534 ἡ
697 2487 809 2539 ἄωρος
829 2488 950 2535 ἡλικία
966 2519 976 2537 ,
1003 2488 1082 2528 οὐδὲ
1105 2492 1127 2536 ἡ

110 2547 339 2600 ἀπειρόκακος
359 2549 501 2600 ἄμοιρος
517 2543 575 2596 ἦν,
605 2549 681 2587 ἀλλ’
713 2549 836 2593 εὐθέως
861 2550 920 2588 καὶ
945 2551 986 2589 ἐκ
1006 2566 1128 2604 προοι-

1210 1933 1244 1963 et
1270 1924 1402 1963 iterum
1425 1925 1642 1978 supplantati
1670 1940 1688 1963 a
1710 1937 1866 1979 peccato,
1886 1942 1906 1965 a
1926 1929 2061 1968 malitia
2098 1930 2167 1968 sibi

1209 1994 1423 2037 temperant,
1442 1986 1502 2024 sed
1519 1986 1712 2038 diligenter
1730 2002 1807 2025 cam
1831 1999 2010 2039 exercent,
2027 1999 2060 2028 et
2074 1992 2169 2029 mala

1209 2057 1402 2100 operantur
1424 2063 1431 2084 ε
1455 2048 1522 2086 hoc
1543 2057 1605 2096 est,
1620 2062 1749 2099 magno
1765 2049 1899 2099 studio,
1915 2050 2006 2088 nihil
2024 2052 2140 2090 obiter
2154 2083 2166 2103 ,

1208 2108 1302 2146 nihil
1317 2109 1537 2160 negligenter
1551 2109 1596 2146 ab
1609 2109 1659 2147 eis
1674 2109 1729 2159 fit,
1748 2123 1861 2161 neque
1880 2111 1980 2150 brevi
1997 2121 2167 2164 tempore,

1207 2169 1447 2208 sedomnibus
1461 2169 1605 2220 dicbus,
1630 2184 1771 2208 omnem
1791 2186 1893 2210 suam
1915 2173 2028 2211 vitam
2050 2174 2085 2212 in
2099 2175 2168 2213 hoc

1206 2230 1575 2284 impendunt.Vidisti
1594 2232 1740 2270 malitiae
1761 2232 2048 2273 immanitatem?
2068 2236 2168 2274 vidi-

1205 2292 1250 2330 sti
1269 2292 1449 2344 quomodo
1467 2291 1589 2330 dedita
1605 2308 1711 2345 opera
1735 2309 1810 2332 rem
1830 2295 1988 2345 fecerint,
2008 2296 2165 2350 diligen-

1203 2362 1257 2391 ter
1283 2354 1402 2391 omnia
1432 2353 1524 2392 mala
1552 2363 1760 2407 operante53
1798 2365 1832 2393 et
1857 2357 1972 2395 omnis
2009 2367 2093 2396 aetas
2120 2359 2167 2397 ad

1203 2414 1385 2466 agendum
1410 2415 1547 2453 malum
1564 2429 1626 2453 sua
1647 2425 1771 2468 sponte
1789 2418 1975 2456 accesserit
1991 2419 2008 2457 ἶ)
2033 2421 2163 2459 L‘nus-

1204 2476 1381 2529 quisque,
1405 2476 1537 2528 inquit,
1562 2491 1676 2528 neque
1703 2487 1785 2515 aetas
1806 2479 2012 2527 immatura,
2033 2482 2166 2520 etalio-

1204 2538 1292 2590 quin
1307 2538 1492 2591 inexperta
1512 2538 1689 2577 malorum
1708 2553 1821 2577 vacua
1843 2550 1918 2578 erat
1936 2557 1943 2577 :
1962 2541 2025 2579 sed
2043 2543 2163 2581 statim

109 2609 196 2659 μίων
218 2609 279 2656 τὴν
309 2610 420 2657 κακὴν
447 2609 577 2656 ταύτην
605 2610 756 2662 ἅμιλλαν
783 2611 911 2656 πάντες
931 2613 1129 2661 ἐποιοῦντο,
1151 2620 1176 2654 C
1204 2607 1238 2637 et
1258 2599 1304 2636 ab
1333 2598 1548 2638 incunabilis
1584 2612 1705 2637 omnes
1739 2599 1874 2638 malum
1902 2601 1969 2639 hoc
1995 2603 2163 2653 praelium

107 2669 252 2714 ἕκαστος
280 2670 336 2708 τὸν
365 2671 512 2718 πλησίον
541 2671 823 2725 ὑπερὸάλλεσθαι
856 2674 1060 2725 φιλονεικῶν
1093 2677 1129 2714 ἐν

108 2734 151 2782 τῇ
167 2733 235 2769 τῶν
256 2731 415 2783 πράξεων
429 2732 644 2785 παρανομίᾳ.
665 2732 801 2772 Ἐννόει
817 2733 884 2785 γάρ
902 2749 961 2784 μοι
979 2736 1129 2774 ἐνταῦθα

107 2792 170 2839 τὴν
200 2793 485 2845 ὑπερὸάλλουσαν
512 2799 571 2833 τοῦ
599 2794 734 2833 δικαίου
762 2795 898 2847 σοφίαν,
919 2795 973 2834 ὅτι
999 2798 1034 2835 ἓν
1065 2813 1129 2836 το*

50 2875 56 2880 2
109 2853 217 2905 σαύτῃ
235 2857 351 2892 κακῶν
377 2855 560 2908 συμφωνίᾳ
579 2855 703 2908 ἴσχυσε
721 2856 785 2903 τὴν
802 2856 918 2909 λύμην
936 2859 1128 2911 διαφυγεῖν,

109 2915 166 2952 καὶ
188 2916 361 2966 μηδεμίαν
377 2919 528 2955 ἐντεῦθεν
547 2917 708 2962 δέξασθαι
728 2918 877 2970 βλᾶὅην,
900 2919 992 2958 ἀλλὰ
1021 2920 1129 2959 καθοί-

108 2991 173 3027 περ
190 2976 224 3020 ἐξ
249 2976 368 3029 ἑτέρας
386 2978 519 3029 φύσεως
535 2979 777 3030 συγκείμενος,
796 2980 905 3025 οὕτως
931 2977 1128 3035 ἐῤῥωμένον

109 3036 269 3091 φρόνημα
300 3038 497 3086 ἀναλαὸὼν,
518 3040 578 3078 καὶ
611 3038 744 3079 οἴκοθεν
779 3041 837 3080 ἐπὶ
868 3042 932 3090 τὴν
961 3045 1022 3089 τῆς
1047 3044 1128 3096 ἀρε-

107 3100 171 3144 τῆς
185 3099 399 3151 κατόρθωσιν
419 3099 592 3147 σπεύσας,
612 3101 672 3140 καὶ
686 3101 750 3149 τὴν
778 3102 890 3150 κακὴν
908 3105 1021 3141 αὐτῶν
1040 3118 1127 3154 συμ-

109 3160 238 3210 φωνίαν
267 3160 424 3213 διέφυγε,
454 3162 515 3200 καὶ
542 3165 604 3210 τῆς
631 3164 722 3202 κατὰ
758 3164 898 3203 πάντων
929 3165 1128 3218 ἐνεχθείσης

109 3222 345 3275 πανωλεθρίας
372 3223 470 3268 ἐκτὸς
508 3223 639 3276 γέγονε.
673 3225 744 3264 Καὶ
772 3225 988 3276 ἐνεθυμήθη,
1025 3227 1128 3280 φησὶ,

1201 2660 1398 2709 certabant,
1422 2658 1670 2697 contendentes
1692 2669 1730 2698 ut
1749 2661 1853 2699 malis
1880 2662 2049 2713 operibus
2066 2663 2158 2701 alter
2173 2668 2181 2673 “

1200 2721 1353 2760 alterum
1386 2729 1580 2773 superaret.
1621 2720 1700 2767 Hic,
1732 2735 1806 2770 oro,
1843 2722 1963 2760 animo
1997 2724 2158 2776 expende

1201 2783 1329 2821 miram
1346 2782 1453 2834 hujus
1468 2781 1791 2833 justisapientiam,
1811 2782 1872 2832 qui
1888 2783 2031 2822 intanta
2047 2785 2162 2824 malo-

1201 2856 1282 2882 rum
1304 2843 1564 2896 conspiratione
1583 2843 1756 2880 malitiam
1777 2843 1934 2896 effugere
1958 2845 2095 2895 valuit,
2127 2857 2161 2885 et

1201 2905 1292 2944 nihil
1314 2904 1397 2943 inde
1409 2904 1529 2942 damni
1543 2904 1649 2942 sensit
1665 2919 1672 2940 :
1691 2904 1862 2955 sedquasi
1884 2920 1929 2944 ex
1944 2906 2015 2945 alia
2031 2917 2158 2947 natura

1201 2967 1415 3006 constitutus
1430 2997 1441 3013 ‚
1464 2966 1515 3004 sic
1533 2965 1617 3003 sorti
1637 2965 1755 3003 animo
1769 2966 1958 3018 praeditus,
1983 2978 2015 3006 et
2029 2984 2093 3022 per
2107 2985 2161 3008 se-

1201 3029 1319 3082 ipsum
1351 3026 1496 3066 virtutis
1533 3026 1729 3078 operationi
1760 3027 1926 3079 deditus,
1962 3039 1996 3067 et
2029 3032 2160 3070 malam

1202 3103 1327 3129 eorum
1358 3087 1658 3140 conspirationem
1683 3088 1808 3140 effugit
1828 3119 1838 3137 ,
1862 3099 1894 3127 ct
1921 3105 1940 3128 a
1980 3093 2159 3130 communi

1200 3151 1363 3190 omnium
1396 3147 1595 3202 perditione
1612 3157 1663 3186 est
1690 3159 1865 3188 exemtus.
1889 3153 1926 3189 6.
1956 3153 2009 3189 Et
2031 3166 2158 3190 secum

1199 3213 1423 3264 reputavit,
1476 3208 1620 3259 inquit,
1678 3211 1872 3249 Dominus
1914 3214 2022 3251 Deus
2055 3214 2161 3265 quod

112 3280 236 3332 Κύριος
254 3285 272 3320 ὁ
290 3283 397 3330 Θεὸς,
426 3283 478 3322 ὅτι
506 3285 649 3333 ἐποίησε
677 3286 736 3324 τὸν
771 3286 951 3340 ἄνθρωπον
982 3289 1039 3327 ἐπὶ
1066 3291 1129 3336 τῆς
1151 3301 1176 3330 l)
1188 3281 1358 3334 fecisset
1391 3278 1585 3315 hominem
1611 3290 1724 3328 super
1757 3286 1911 3316 ter-ram.
1955 3279 2048 3318 vide
2087 3279 2154 3317 itc-

110 3345 184 3393 γ’ῆς.
210 3341 308 3395 ’Όρα
331 3344 435 3382 πάλιν
457 3344 582 3390 λέξεως
609 3346 799 3399 παχύτητα
827 3348 888 3386 καὶ
905 3350 1128 3400 συγκατάὸα-

155 3459 166 3472 ³
185 3450 337 3490 Quattuor
359 3451 438 3483 Mss.
454 3457 509 3488 πᾶς
527 3456 616 3489 ὅστις.

1202 3363 1282 3387 rum
1306 3347 1453 3385 verbum
1478 3359 1650 3393 erassum,
1679 3354 1712 3384 et
1733 3356 1860 3385 nostrae
1880 3348 2047 3400 parvitati
2071 3347 2153 3385 idn-
