<?xml version="1.0" encoding="UTF-8"?>
<!DOCTYPE html PUBLIC "-//W3C//DTD XHTML 1.0 Transitional//EN"
    "http://www.w3.org/TR/xhtml1/DTD/xhtml1-transitional.dtd">
<html xmlns="http://www.w3.org/1999/xhtml" xml:lang="en" lang="en">
 <head>
  <title>
</title>
<meta http-equiv="Content-Type" content="text/html;charset=utf-8" />
  <meta name='ocr-system' content='tesseract 3.04.00' />
  <meta name='ocr-capabilities' content='ocr_page ocr_carea ocr_par ocr_line ocrx_word'/>
</head>
<body>
  <div class='ocr_page' id='page_1' title='image "./operaomniaquaeex04johnuoft/operaomniaquaeex04johnuoft_0332.png"; bbox 0 0 2516 3791; ppageno 0'>
   <div class='ocr_carea' id='block_1_1' title="bbox 74 1368 235 1446">
    <p class='ocr_par' dir='ltr' id='par_1_1' title="bbox 74 1368 235 1446">
     <span class='ocr_line' id='line_1_1' title="bbox 74 1368 235 1397; baseline 0.019 -3"><span class='ocrx_word' id='word_1_1' title='bbox 74 1368 182 1396; x_wconf 66' lang='lat' dir='ltr'>Illanh.</span> <span class='ocrx_word' id='word_1_2' title='bbox 206 1368 235 1397; x_wconf 85' lang='grc'>5.</span> 
     </span>
     <span class='ocr_line' id='line_1_2' title="bbox 91 1425 119 1446; baseline 0 -9"><span class='ocrx_word' id='word_1_3' title='bbox 91 1425 119 1446; x_wconf 57' lang='lat'>⁴.</span> 
     </span>
    </p>
   </div>
   <div class='ocr_carea' id='block_1_2' title="bbox 71 1608 251 1648">
    <p class='ocr_par' dir='ltr' id='par_1_2' title="bbox 71 1608 251 1648">
     <span class='ocr_line' id='line_1_3' title="bbox 71 1608 251 1648; baseline 0.017 -13"><span class='ocrx_word' id='word_1_4' title='bbox 71 1609 147 1637; x_wconf 71' lang='lat' dir='ltr'><strong>llud.</strong></span> <span class='ocrx_word' id='word_1_5' title='bbox 161 1620 188 1637; x_wconf 87' lang='lat' dir='ltr'>v.</span> <span class='ocrx_word' id='word_1_6' title='bbox 202 1608 251 1648; x_wconf 60' lang='grc'>[15.</span> 
     </span>
    </p>
   </div>
   <div class='ocr_carea' id='block_1_3' title="bbox 49 3353 236 3386">
    <p class='ocr_par' dir='ltr' id='par_1_3' title="bbox 49 3353 236 3386">
     <span class='ocr_line' id='line_1_4' title="bbox 49 3353 236 3386; baseline 0.005 -8"><span class='ocrx_word' id='word_1_7' title='bbox 49 3353 170 3384; x_wconf 56' lang='lat' dir='ltr'><strong>Diuum(</strong></span> <span class='ocrx_word' id='word_1_8' title='bbox 187 3368 236 3386; x_wconf 66' lang='lat' dir='ltr'><strong>n«)-</strong></span> 
     </span>
    </p>
   </div>
   <div class='ocr_carea' id='block_1_4' title="bbox 292 170 381 214">
    <p class='ocr_par' dir='ltr' id='par_1_4' title="bbox 292 170 381 214">
     <span class='ocr_line' id='line_1_5' title="bbox 292 170 381 214; baseline 0.011 -1"><span class='ocrx_word' id='word_1_9' title='bbox 292 170 381 214; x_wconf 72' lang='lat'>312</span> 
     </span>
    </p>
   </div>
   <div class='ocr_carea' id='block_1_5' title="bbox 263 267 1236 2682">
    <p class='ocr_par' dir='ltr' id='par_1_5' title="bbox 274 267 1236 1165">
     <span class='ocr_line' id='line_1_6' title="bbox 287 267 1235 321; baseline -0.001 -16"><span class='ocrx_word' id='word_1_10' title='bbox 287 267 533 317; x_wconf 72' lang='lat' dir='ltr'><strong>admittamus,</strong></span> <span class='ocrx_word' id='word_1_11' title='bbox 559 277 599 306; x_wconf 90' lang='lat' dir='ltr'>ut</span> <span class='ocrx_word' id='word_1_12' title='bbox 631 282 753 307; x_wconf 88' lang='lat' dir='ltr'><strong>eorum</strong></span> <span class='ocrx_word' id='word_1_13' title='bbox 782 270 842 321; x_wconf 91' lang='lat' dir='ltr'>qui</span> <span class='ocrx_word' id='word_1_14' title='bbox 876 284 938 308; x_wconf 90' lang='lat' dir='ltr'>nos</span> <span class='ocrx_word' id='word_1_15' title='bbox 968 269 1235 316; x_wconf 78' lang='lat' dir='ltr'>contristarunt,</span> 
     </span>
     <span class='ocr_line' id='line_1_7' title="bbox 286 327 1236 381; baseline -0.001 -16"><span class='ocrx_word' id='word_1_16' title='bbox 286 328 344 366; x_wconf 87' lang='lat' dir='ltr'>vel</span> <span class='ocrx_word' id='word_1_17' title='bbox 360 328 448 366; x_wconf 86' lang='lat' dir='ltr'><strong>alias</strong></span> <span class='ocrx_word' id='word_1_18' title='bbox 466 329 706 378; x_wconf 83' lang='lat' dir='ltr'><strong>offenderunt,</strong></span> <span class='ocrx_word' id='word_1_19' title='bbox 720 330 859 381; x_wconf 86' lang='lat' dir='ltr'><strong>injuriae</strong></span> <span class='ocrx_word' id='word_1_20' title='bbox 877 330 1158 377; x_wconf 87' lang='lat' dir='ltr'><strong>reminiscamur,</strong></span> <span class='ocrx_word' id='word_1_21' title='bbox 1177 327 1236 366; x_wconf 77' lang='lat' dir='ltr'>vel</span> 
     </span>
     <span class='ocr_line' id='line_1_8' title="bbox 286 387 1234 440; baseline 0 -15"><span class='ocrx_word' id='word_1_22' title='bbox 286 388 430 427; x_wconf 83' lang='lat' dir='ltr'><strong>inimico</strong></span> <span class='ocrx_word' id='word_1_23' title='bbox 451 389 570 428; x_wconf 89' lang='lat' dir='ltr'><strong>animo</strong></span> <span class='ocrx_word' id='word_1_24' title='bbox 590 404 672 440; x_wconf 82' lang='lat' dir='ltr'><strong>erga</strong></span> <span class='ocrx_word' id='word_1_25' title='bbox 691 390 771 427; x_wconf 87' lang='lat' dir='ltr'><strong>illos</strong></span> <span class='ocrx_word' id='word_1_26' title='bbox 790 389 1011 427; x_wconf 76' lang='lat' dir='ltr'><strong>afficiamur:</strong></span> <span class='ocrx_word' id='word_1_27' title='bbox 1034 387 1097 426; x_wconf 91' lang='lat' dir='ltr'>sed</span> <span class='ocrx_word' id='word_1_28' title='bbox 1119 387 1234 425; x_wconf 87' lang='lat' dir='ltr'><strong>consi-</strong></span> 
     </span>
     <span class='ocr_line' id='line_1_9' title="bbox 284 446 1236 499; baseline 0 -14"><span class='ocrx_word' id='word_1_29' title='bbox 284 446 446 486; x_wconf 87' lang='lat' dir='ltr'><strong>derantes</strong></span> <span class='ocrx_word' id='word_1_30' title='bbox 462 454 593 499; x_wconf 69' lang='lat' dir='ltr'><strong>qu‘hnta</strong></span> <span class='ocrx_word' id='word_1_31' title='bbox 619 448 687 485; x_wconf 88' lang='lat' dir='ltr'>hoe</span> <span class='ocrx_word' id='word_1_32' title='bbox 716 447 818 484; x_wconf 90' lang='lat' dir='ltr'><strong>nobis</strong></span> <span class='ocrx_word' id='word_1_33' title='bbox 844 447 968 484; x_wconf 79' lang='lat' dir='ltr'><strong>afferat</strong></span> <span class='ocrx_word' id='word_1_34' title='bbox 992 447 1179 498; x_wconf 83' lang='lat' dir='ltr'><strong>beneficia,</strong></span> <span class='ocrx_word' id='word_1_35' title='bbox 1201 456 1236 485; x_wconf 90' lang='lat' dir='ltr'>et</span> 
     </span>
     <span class='ocr_line' id='line_1_10' title="bbox 283 506 1235 559; baseline 0 -14"><span class='ocrx_word' id='word_1_36' title='bbox 283 517 453 558; x_wconf 85' lang='lat' dir='ltr'><strong>quantam</strong></span> <span class='ocrx_word' id='word_1_37' title='bbox 495 508 594 559; x_wconf 84' lang='lat' dir='ltr'><strong>apud</strong></span> <span class='ocrx_word' id='word_1_38' title='bbox 635 506 831 544; x_wconf 90' lang='lat' dir='ltr'><strong>Dominum</strong></span> <span class='ocrx_word' id='word_1_39' title='bbox 869 506 1059 556; x_wconf 77' lang='lat' dir='ltr'><strong>fiduciam3</strong></span> <span class='ocrx_word' id='word_1_40' title='bbox 1091 517 1124 545; x_wconf 87' lang='lat' dir='ltr'>et</span> <span class='ocrx_word' id='word_1_41' title='bbox 1155 516 1235 545; x_wconf 88' lang='lat' dir='ltr'><strong>ante</strong></span> 
     </span>
     <span class='ocr_line' id='line_1_11' title="bbox 283 566 1235 621; baseline 0.002 -16"><span class='ocrx_word' id='word_1_42' title='bbox 283 569 414 613; x_wconf 86' lang='lat' dir='ltr'><strong>omnia,</strong></span> <span class='ocrx_word' id='word_1_43' title='bbox 433 568 529 618; x_wconf 87' lang='lat' dir='ltr'><strong>quod</strong></span> <span class='ocrx_word' id='word_1_44' title='bbox 543 566 765 604; x_wconf 82' lang='lat' dir='ltr'><strong>reconciliari</strong></span> <span class='ocrx_word' id='word_1_45' title='bbox 785 581 867 606; x_wconf 90' lang='lat' dir='ltr'>cum</span> <span class='ocrx_word' id='word_1_46' title='bbox 882 567 927 605; x_wconf 92' lang='lat' dir='ltr'>iis</span> <span class='ocrx_word' id='word_1_47' title='bbox 941 567 1003 619; x_wconf 88' lang='lat' dir='ltr'>qui</span> <span class='ocrx_word' id='word_1_48' title='bbox 1021 582 1085 606; x_wconf 91' lang='lat' dir='ltr'>nos</span> <span class='ocrx_word' id='word_1_49' title='bbox 1101 568 1235 621; x_wconf 85' lang='lat' dir='ltr'><strong>injuria</strong></span> 
     </span>
     <span class='ocr_line' id='line_1_12' title="bbox 282 628 1233 680; baseline 0.002 -16"><span class='ocrx_word' id='word_1_50' title='bbox 282 628 451 673; x_wconf 85' lang='lat' dir='ltr'><strong>affecere,</strong></span> <span class='ocrx_word' id='word_1_51' title='bbox 470 636 697 678; x_wconf 87' lang='lat' dir='ltr'><strong>peccatorum</strong></span> <span class='ocrx_word' id='word_1_52' title='bbox 718 635 920 665; x_wconf 89' lang='lat' dir='ltr'><strong>nostrorum</strong></span> <span class='ocrx_word' id='word_1_53' title='bbox 935 628 1113 666; x_wconf 90' lang='lat' dir='ltr'><strong>absumtio</strong></span> <span class='ocrx_word' id='word_1_54' title='bbox 1133 643 1233 680; x_wconf 87' lang='lat' dir='ltr'><strong>quae-</strong></span> 
     </span>
     <span class='ocr_line' id='line_1_13' title="bbox 281 686 1232 740; baseline 0.003 -16"><span class='ocrx_word' id='word_1_55' title='bbox 281 687 364 724; x_wconf 84' lang='lat' dir='ltr'>dam</span> <span class='ocrx_word' id='word_1_56' title='bbox 375 686 421 724; x_wconf 90' lang='lat' dir='ltr'>sit</span> <span class='ocrx_word' id='word_1_57' title='bbox 429 702 436 723; x_wconf 88' lang='lat'>:</span> <span class='ocrx_word' id='word_1_58' title='bbox 444 686 651 725; x_wconf 81' lang='lat' dir='ltr'><strong>festinemus</strong></span> <span class='ocrx_word' id='word_1_59' title='bbox 659 695 693 725; x_wconf 85' lang='lat' dir='ltr'>et</span> <span class='ocrx_word' id='word_1_60' title='bbox 703 687 910 726; x_wconf 75' lang='lat' dir='ltr'><strong>anhelemus</strong></span> <span class='ocrx_word' id='word_1_61' title='bbox 920 697 960 725; x_wconf 92' lang='lat' dir='ltr'>ut</span> <span class='ocrx_word' id='word_1_62' title='bbox 973 697 1138 740; x_wconf 85' lang='lat' dir='ltr'><strong>paratum</strong></span> <span class='ocrx_word' id='word_1_63' title='bbox 1149 688 1232 727; x_wconf 86' lang='lat' dir='ltr'><strong>inde</strong></span> 
     </span>
     <span class='ocr_line' id='line_1_14' title="bbox 278 746 1231 798; baseline 0.004 -15"><span class='ocrx_word' id='word_1_64' title='bbox 278 746 420 784; x_wconf 85' lang='lat' dir='ltr'><strong>lucrum</strong></span> <span class='ocrx_word' id='word_1_65' title='bbox 445 755 672 798; x_wconf 84' lang='lat' dir='ltr'><strong>reputantes,</strong></span> <span class='ocrx_word' id='word_1_66' title='bbox 697 756 770 786; x_wconf 86' lang='lat' dir='ltr'>tam</span> <span class='ocrx_word' id='word_1_67' title='bbox 799 748 949 786; x_wconf 82' lang='lat' dir='ltr'><strong>officiosi</strong></span> <span class='ocrx_word' id='word_1_68' title='bbox 973 748 1011 786; x_wconf 91' lang='lat' dir='ltr'>in</span> <span class='ocrx_word' id='word_1_69' title='bbox 1034 763 1092 787; x_wconf 90' lang='lat' dir='ltr'>eos</span> <span class='ocrx_word' id='word_1_70' title='bbox 1119 749 1231 788; x_wconf 89' lang='lat' dir='ltr'><strong>simus</strong></span> 
     </span>
     <span class='ocr_line' id='line_1_15' title="bbox 278 807 1230 861; baseline 0.005 -17"><span class='ocrx_word' id='word_1_71' title='bbox 278 807 418 857; x_wconf 86' lang='lat' dir='ltr'><strong>quinos</strong></span> <span class='ocrx_word' id='word_1_72' title='bbox 433 807 672 856; x_wconf 86' lang='lat' dir='ltr'><strong>offenderunt,</strong></span> <span class='ocrx_word' id='word_1_73' title='bbox 687 823 795 859; x_wconf 90' lang='lat' dir='ltr'><strong>quam</strong></span> <span class='ocrx_word' id='word_1_74' title='bbox 810 823 933 847; x_wconf 90' lang='lat' dir='ltr'><strong>sumus</strong></span> <span class='ocrx_word' id='word_1_75' title='bbox 950 809 986 847; x_wconf 92' lang='lat' dir='ltr'>in</span> <span class='ocrx_word' id='word_1_76' title='bbox 1003 824 1060 848; x_wconf 90' lang='lat' dir='ltr'>eos</span> <span class='ocrx_word' id='word_1_77' title='bbox 1074 810 1135 861; x_wconf 89' lang='lat' dir='ltr'>qui</span> <span class='ocrx_word' id='word_1_78' title='bbox 1148 825 1230 849; x_wconf 88' lang='lat' dir='ltr'><strong>vere</strong></span> 
     </span>
     <span class='ocr_line' id='line_1_16' title="bbox 278 868 1229 922; baseline 0.005 -17"><span class='ocrx_word' id='word_1_79' title='bbox 278 868 381 906; x_wconf 88' lang='lat' dir='ltr'><strong>nobis</strong></span> <span class='ocrx_word' id='word_1_80' title='bbox 397 868 632 907; x_wconf 86' lang='lat' dir='ltr'><strong>benefaciunt.</strong></span> <span class='ocrx_word' id='word_1_81' title='bbox 652 871 744 907; x_wconf 80' lang='lat' dir='ltr'><strong>Nam</strong></span> <span class='ocrx_word' id='word_1_82' title='bbox 763 870 792 907; x_wconf 89' lang='lat' dir='ltr'>si</span> <span class='ocrx_word' id='word_1_83' title='bbox 812 870 984 922; x_wconf 87' lang='lat' dir='ltr'><strong>sapimus,</strong></span> <span class='ocrx_word' id='word_1_84' title='bbox 1002 885 1071 909; x_wconf 92' lang='lat' dir='ltr'>non</span> <span class='ocrx_word' id='word_1_85' title='bbox 1097 871 1147 909; x_wconf 87' lang='lat' dir='ltr'>ita</span> <span class='ocrx_word' id='word_1_86' title='bbox 1165 886 1229 910; x_wconf 92' lang='lat' dir='ltr'><strong>no-</strong></span> 
     </span>
     <span class='ocr_line' id='line_1_17' title="bbox 277 929 1228 983; baseline 0.005 -17"><span class='ocrx_word' id='word_1_87' title='bbox 277 929 332 966; x_wconf 85' lang='lat' dir='ltr'>his</span> <span class='ocrx_word' id='word_1_88' title='bbox 356 930 522 982; x_wconf 83' lang='lat' dir='ltr'><strong>prodesse</strong></span> <span class='ocrx_word' id='word_1_89' title='bbox 546 939 710 983; x_wconf 88' lang='lat' dir='ltr'><strong>poterunt</strong></span> <span class='ocrx_word' id='word_1_90' title='bbox 729 931 790 982; x_wconf 83' lang='lat' dir='ltr'>qui</span> <span class='ocrx_word' id='word_1_91' title='bbox 808 931 973 970; x_wconf 84' lang='lat' dir='ltr'><strong>benevoli</strong></span> <span class='ocrx_word' id='word_1_92' title='bbox 997 932 1034 970; x_wconf 91' lang='lat' dir='ltr'>in</span> <span class='ocrx_word' id='word_1_93' title='bbox 1066 946 1128 971; x_wconf 91' lang='lat' dir='ltr'>nos</span> <span class='ocrx_word' id='word_1_94' title='bbox 1146 942 1228 972; x_wconf 87' lang='lat' dir='ltr'><strong>sunt</strong></span> 
     </span>
     <span class='ocr_line' id='line_1_18' title="bbox 277 989 1227 1043; baseline 0.005 -17"><span class='ocrx_word' id='word_1_95' title='bbox 277 998 310 1026; x_wconf 86' lang='lat' dir='ltr'>et</span> <span class='ocrx_word' id='word_1_96' title='bbox 330 989 504 1028; x_wconf 85' lang='lat' dir='ltr'><strong>demereri</strong></span> <span class='ocrx_word' id='word_1_97' title='bbox 527 991 688 1043; x_wconf 89' lang='lat' dir='ltr'><strong>cupiunt,</strong></span> <span class='ocrx_word' id='word_1_98' title='bbox 702 1000 740 1028; x_wconf 91' lang='lat' dir='ltr'>ut</span> <span class='ocrx_word' id='word_1_99' title='bbox 756 991 906 1029; x_wconf 90' lang='lat' dir='ltr'><strong>istorum</strong></span> <span class='ocrx_word' id='word_1_100' title='bbox 921 992 1038 1030; x_wconf 87' lang='lat' dir='ltr'><strong>cultus</strong></span> <span class='ocrx_word' id='word_1_101' title='bbox 1057 1001 1090 1030; x_wconf 85' lang='lat' dir='ltr'>et</span> <span class='ocrx_word' id='word_1_102' title='bbox 1109 993 1227 1031; x_wconf 87' lang='lat' dir='ltr'><strong>obser—</strong></span> 
     </span>
     <span class='ocr_line' id='line_1_19' title="bbox 276 1050 1227 1106; baseline 0.007 -19"><span class='ocrx_word' id='word_1_103' title='bbox 276 1051 371 1088; x_wconf 81' lang='lat' dir='ltr'><strong>vatio</strong></span> <span class='ocrx_word' id='word_1_104' title='bbox 386 1050 554 1090; x_wconf 74' lang='lat' dir='ltr'><strong>divinum</strong></span> <span class='ocrx_word' id='word_1_105' title='bbox 572 1053 729 1091; x_wconf 84' lang='lat' dir='ltr'><strong>favorem</strong></span> <span class='ocrx_word' id='word_1_106' title='bbox 749 1052 850 1090; x_wconf 87' lang='lat' dir='ltr'><strong>nobis</strong></span> <span class='ocrx_word' id='word_1_107' title='bbox 862 1053 1080 1105; x_wconf 75' lang='lat' dir='ltr'><strong>conciliabit,</strong></span> <span class='ocrx_word' id='word_1_108' title='bbox 1095 1068 1227 1106; x_wconf 88' lang='lat' dir='ltr'><strong>nosque</strong></span> 
     </span>
     <span class='ocr_line' id='line_1_20' title="bbox 274 1112 811 1165; baseline 0.006 -16"><span class='ocrx_word' id='word_1_109' title='bbox 274 1112 410 1150; x_wconf 78' lang='lat' dir='ltr'><strong>sarcina</strong></span> <span class='ocrx_word' id='word_1_110' title='bbox 423 1122 649 1165; x_wconf 83' lang='lat' dir='ltr'><strong>peecatorum</strong></span> <span class='ocrx_word' id='word_1_111' title='bbox 663 1114 811 1152; x_wconf 79' lang='lat' dir='ltr'><strong>levabit.</strong></span> 
     </span>
    </p>

    <p class='ocr_par' dir='ltr' id='par_1_6' title="bbox 263 1171 1225 2682">
     <span class='ocr_line' id='line_1_21' title="bbox 327 1171 1225 1230; baseline 0.006 -20"><span class='ocrx_word' id='word_1_112' title='bbox 327 1171 364 1210; x_wconf 85' lang='lat'>8.</span> <span class='ocrx_word' id='word_1_113' title='bbox 396 1171 535 1224; x_wconf 80' lang='lat' dir='ltr'><strong>Cogita,</strong></span> <span class='ocrx_word' id='word_1_114' title='bbox 555 1173 719 1223; x_wconf 85' lang='lat' dir='ltr'><strong>obsecro,</strong></span> <span class='ocrx_word' id='word_1_115' title='bbox 736 1173 883 1224; x_wconf 86' lang='lat' dir='ltr'><strong>dilecte,</strong></span> <span class='ocrx_word' id='word_1_116' title='bbox 903 1184 1035 1225; x_wconf 85' lang='lat' dir='ltr'><strong>quanta</strong></span> <span class='ocrx_word' id='word_1_117' title='bbox 1054 1175 1099 1214; x_wconf 90' lang='lat' dir='ltr'>sit</span> <span class='ocrx_word' id='word_1_118' title='bbox 1117 1176 1225 1230; x_wconf 82' lang='lat' dir='ltr'><strong>hujus</strong></span> 
     </span>
     <span class='ocr_line' id='line_1_22' title="bbox 271 1232 1225 1290; baseline 0.007 -20"><span class='ocrx_word' id='word_1_119' title='bbox 271 1232 416 1271; x_wconf 84' lang='lat' dir='ltr'><strong>virtutis</strong></span> <span class='ocrx_word' id='word_1_120' title='bbox 431 1233 657 1284; x_wconf 79' lang='lat' dir='ltr'><strong>magnitudo,</strong></span> <span class='ocrx_word' id='word_1_121' title='bbox 673 1243 707 1271; x_wconf 90' lang='lat' dir='ltr'>et</span> <span class='ocrx_word' id='word_1_122' title='bbox 724 1233 822 1272; x_wconf 91' lang='lat' dir='ltr'><strong>disce</strong></span> <span class='ocrx_word' id='word_1_123' title='bbox 839 1234 892 1272; x_wconf 74' lang='lat' dir='ltr'>vel</span> <span class='ocrx_word' id='word_1_124' title='bbox 909 1249 954 1272; x_wconf 73' lang='lat' dir='ltr'>ex</span> <span class='ocrx_word' id='word_1_125' title='bbox 968 1236 1123 1287; x_wconf 80' lang='lat' dir='ltr'><strong>praemiis</strong></span> <span class='ocrx_word' id='word_1_126' title='bbox 1145 1252 1225 1290; x_wconf 85' lang='lat' dir='ltr'><strong>quae</strong></span> 
     </span>
     <span class='ocr_line' id='line_1_23' title="bbox 270 1294 1224 1348; baseline 0.005 -16"><span class='ocrx_word' id='word_1_127' title='bbox 270 1304 416 1346; x_wconf 86' lang='lat' dir='ltr'><strong>propter</strong></span> <span class='ocrx_word' id='word_1_128' title='bbox 442 1294 542 1332; x_wconf 89' lang='lat' dir='ltr'><strong>illam</strong></span> <span class='ocrx_word' id='word_1_129' title='bbox 565 1294 725 1333; x_wconf 75' lang='lat' dir='ltr'><strong>universi</strong></span> <span class='ocrx_word' id='word_1_130' title='bbox 744 1295 918 1333; x_wconf 85' lang='lat' dir='ltr'><strong>Dominus</strong></span> <span class='ocrx_word' id='word_1_131' title='bbox 936 1297 1113 1348; x_wconf 89' lang='lat' dir='ltr'><strong>promisit.</strong></span> <span class='ocrx_word' id='word_1_132' title='bbox 1132 1300 1224 1338; x_wconf 86' lang='lat' dir='ltr'><strong>Nam</strong></span> 
     </span>
     <span class='ocr_line' id='line_1_24' title="bbox 273 1354 1223 1408; baseline 0.005 -16"><span class='ocrx_word' id='word_1_133' title='bbox 273 1368 354 1392; x_wconf 91' lang='lat' dir='ltr'>cum</span> <span class='ocrx_word' id='word_1_134' title='bbox 370 1354 518 1393; x_wconf 74' lang='lat' dir='ltr'><strong>dixisset</strong></span> <span class='ocrx_word' id='word_1_135' title='bbox 535 1371 542 1391; x_wconf 77' lang='grc' dir='ltr'>ε</span> <span class='ocrx_word' id='word_1_136' title='bbox 558 1356 722 1407; x_wconf 76' lang='lat' dir='ltr'><strong>Diligite</strong></span> <span class='ocrx_word' id='word_1_137' title='bbox 735 1358 912 1394; x_wconf 83' lang='lat' dir='ltr'><strong>inimicos</strong></span> <span class='ocrx_word' id='word_1_138' title='bbox 930 1366 1094 1408; x_wconf 82' lang='lat' dir='ltr'><strong>vestros,</strong></span> <span class='ocrx_word' id='word_1_139' title='bbox 1114 1361 1223 1397; x_wconf 82' lang='lat' dir='ltr'><strong>bene-</strong></span> 
     </span>
     <span class='ocr_line' id='line_1_25' title="bbox 271 1417 1223 1472; baseline 0.006 -20"><span class='ocrx_word' id='word_1_140' title='bbox 271 1417 388 1454; x_wconf 82' lang='lat' dir='ltr'><strong>dicite</strong></span> <span class='ocrx_word' id='word_1_141' title='bbox 419 1419 472 1454; x_wconf 74' lang='grc' dir='ltr'>εἰς</span> <span class='ocrx_word' id='word_1_142' title='bbox 506 1419 573 1468; x_wconf 78' lang='lat' dir='ltr'>qui</span> <span class='ocrx_word' id='word_1_143' title='bbox 593 1426 876 1468; x_wconf 76' lang='lat' dir='ltr'><strong>persequuntur</strong></span> <span class='ocrx_word' id='word_1_144' title='bbox 906 1431 995 1466; x_wconf 77' lang='lat' dir='ltr'><strong>vos,</strong></span> <span class='ocrx_word' id='word_1_145' title='bbox 1021 1429 1128 1457; x_wconf 80' lang='lat' dir='ltr'><strong>orate</strong></span> <span class='ocrx_word' id='word_1_146' title='bbox 1152 1435 1223 1472; x_wconf 85' lang='lat' dir='ltr'>pro</span> 
     </span>
     <span class='ocr_line' id='line_1_26' title="bbox 270 1477 1222 1533; baseline 0.005 -19"><span class='ocrx_word' id='word_1_147' title='bbox 270 1477 604 1515; x_wconf 77' lang='lat' dir='ltr'><strong>calumniantibus</strong></span> <span class='ocrx_word' id='word_1_148' title='bbox 626 1491 698 1515; x_wconf 84' lang='lat' dir='ltr'>vos</span> <span class='ocrx_word' id='word_1_149' title='bbox 715 1493 726 1512; x_wconf 91' lang='lat'>.·</span> <span class='ocrx_word' id='word_1_150' title='bbox 744 1477 827 1528; x_wconf 85' lang='lat' dir='ltr'><strong>quia</strong></span> <span class='ocrx_word' id='word_1_151' title='bbox 845 1478 1013 1516; x_wconf 89' lang='lat' dir='ltr'><strong>sublimia</strong></span> <span class='ocrx_word' id='word_1_152' title='bbox 1033 1489 1115 1517; x_wconf 92' lang='lat' dir='ltr'><strong>sunt</strong></span> <span class='ocrx_word' id='word_1_153' title='bbox 1133 1495 1222 1533; x_wconf 89' lang='lat' dir='ltr'><strong>prae-</strong></span> 
     </span>
     <span class='ocr_line' id='line_1_27' title="bbox 270 1537 1219 1591; baseline 0.006 -18"><span class='ocrx_word' id='word_1_154' title='bbox 270 1546 384 1589; x_wconf 81' lang='lat' dir='ltr'><strong>cepta,</strong></span> <span class='ocrx_word' id='word_1_155' title='bbox 404 1551 654 1588; x_wconf 89' lang='lat' dir='ltr'><strong>summumque</strong></span> <span class='ocrx_word' id='word_1_156' title='bbox 676 1537 844 1575; x_wconf 80' lang='lat' dir='ltr'><strong>verticem</strong></span> <span class='ocrx_word' id='word_1_157' title='bbox 863 1539 1057 1590; x_wconf 82' lang='lat' dir='ltr'><strong>tangentia,</strong></span> <span class='ocrx_word' id='word_1_158' title='bbox 1076 1540 1190 1591; x_wconf 89' lang='lat' dir='ltr'><strong>inquit</strong></span> <span class='ocrx_word' id='word_1_159' title='bbox 1211 1558 1219 1579; x_wconf 90' lang='lat'>:</span> 
     </span>
     <span class='ocr_line' id='line_1_28' title="bbox 275 1598 1221 1652; baseline 0.005 -18"><span class='ocrx_word' id='word_1_160' title='bbox 275 1599 325 1635; x_wconf 74' lang='lat' dir='ltr'><strong>Ut</strong></span> <span class='ocrx_word' id='word_1_161' title='bbox 349 1598 583 1651; x_wconf 68' lang='lat' dir='ltr'><strong>efficiamini</strong></span> <span class='ocrx_word' id='word_1_162' title='bbox 610 1598 756 1635; x_wconf 80' lang='lat' dir='ltr'><strong>similes</strong></span> <span class='ocrx_word' id='word_1_163' title='bbox 775 1599 891 1635; x_wconf 82' lang='lat' dir='ltr'><strong>Patri</strong></span> <span class='ocrx_word' id='word_1_164' title='bbox 919 1608 1064 1647; x_wconf 80' lang='lat' dir='ltr'><strong>vestro,</strong></span> <span class='ocrx_word' id='word_1_165' title='bbox 1084 1604 1152 1652; x_wconf 81' lang='lat' dir='ltr'>qui</span> <span class='ocrx_word' id='word_1_166' title='bbox 1179 1604 1221 1639; x_wconf 87' lang='lat' dir='ltr'>in</span> 
     </span>
     <span class='ocr_line' id='line_1_29' title="bbox 267 1658 1222 1713; baseline 0.004 -17"><span class='ocrx_word' id='word_1_167' title='bbox 267 1659 371 1696; x_wconf 81' lang='lat' dir='ltr'><strong>coelis</strong></span> <span class='ocrx_word' id='word_1_168' title='bbox 395 1667 449 1696; x_wconf 82' lang='lat' dir='ltr'>est</span> <span class='ocrx_word' id='word_1_169' title='bbox 467 1672 477 1694; x_wconf 92' lang='lat'><em>:</em></span> <span class='ocrx_word' id='word_1_170' title='bbox 494 1661 589 1710; x_wconf 77' lang='lat' dir='ltr'><strong>quia</strong></span> <span class='ocrx_word' id='word_1_171' title='bbox 605 1658 727 1696; x_wconf 85' lang='lat' dir='ltr'><strong>solem</strong></span> <span class='ocrx_word' id='word_1_172' title='bbox 748 1671 860 1696; x_wconf 79' lang='lat' dir='ltr'><strong>suum</strong></span> <span class='ocrx_word' id='word_1_173' title='bbox 881 1662 974 1696; x_wconf 81' lang='lat' dir='ltr'><strong>oriri</strong></span> <span class='ocrx_word' id='word_1_174' title='bbox 979 1661 1087 1712; x_wconf 81' lang='lat' dir='ltr'><strong>facit</strong></span> <span class='ocrx_word' id='word_1_175' title='bbox 1107 1675 1222 1713; x_wconf 82' lang='lat' dir='ltr'><strong>super</strong></span> 
     </span>
     <span class='ocr_line' id='line_1_30' title="bbox 267 1719 1216 1775; baseline 0.005 -20"><span class='ocrx_word' id='word_1_176' title='bbox 267 1721 386 1757; x_wconf 77' lang='lat' dir='ltr'><strong>bonos</strong></span> <span class='ocrx_word' id='word_1_177' title='bbox 404 1727 439 1756; x_wconf 79' lang='lat' dir='ltr'>et</span> <span class='ocrx_word' id='word_1_178' title='bbox 457 1719 594 1764; x_wconf 83' lang='lat' dir='ltr'><strong>malos,</strong></span> <span class='ocrx_word' id='word_1_179' title='bbox 616 1727 653 1756; x_wconf 83' lang='lat' dir='ltr'>et</span> <span class='ocrx_word' id='word_1_180' title='bbox 669 1719 770 1769; x_wconf 80' lang='lat' dir='ltr'><strong>pluit</strong></span> <span class='ocrx_word' id='word_1_181' title='bbox 785 1732 899 1770; x_wconf 77' lang='lat' dir='ltr'><strong>super</strong></span> <span class='ocrx_word' id='word_1_182' title='bbox 908 1722 1035 1772; x_wconf 79' lang='lat' dir='ltr'><strong>justos</strong></span> <span class='ocrx_word' id='word_1_183' title='bbox 1055 1730 1090 1759; x_wconf 80' lang='lat' dir='ltr'>et</span> <span class='ocrx_word' id='word_1_184' title='bbox 1111 1725 1216 1775; x_wconf 82' lang='lat' dir='ltr'><strong>inju-</strong></span> 
     </span>
     <span class='ocr_line' id='line_1_31' title="bbox 266 1778 1218 1831; baseline 0.005 -15"><span class='ocrx_word' id='word_1_185' title='bbox 266 1788 354 1816; x_wconf 80' lang='lat' dir='ltr'><strong>stos.</strong></span> <span class='ocrx_word' id='word_1_186' title='bbox 372 1778 509 1818; x_wconf 70' lang='lat' dir='ltr'><strong>Vidisti</strong></span> <span class='ocrx_word' id='word_1_187' title='bbox 529 1787 701 1829; x_wconf 84' lang='lat' dir='ltr'><strong>quantum</strong></span> <span class='ocrx_word' id='word_1_188' title='bbox 720 1779 870 1817; x_wconf 83' lang='lat' dir='ltr'><strong>facultas</strong></span> <span class='ocrx_word' id='word_1_189' title='bbox 889 1780 956 1818; x_wconf 85' lang='lat' dir='ltr'><strong>fert</strong></span> <span class='ocrx_word' id='word_1_190' title='bbox 973 1780 1144 1831; x_wconf 80' lang='lat' dir='ltr'><strong>humana,</strong></span> <span class='ocrx_word' id='word_1_191' title='bbox 1160 1784 1218 1821; x_wconf 91' lang='lat' dir='ltr'>cui</span> 
     </span>
     <span class='ocr_line' id='line_1_32' title="bbox 266 1839 1219 1896; baseline 0.007 -20"><span class='ocrx_word' id='word_1_192' title='bbox 266 1839 391 1877; x_wconf 86' lang='lat' dir='ltr'><strong>similis</strong></span> <span class='ocrx_word' id='word_1_193' title='bbox 405 1840 467 1877; x_wconf 86' lang='lat' dir='ltr'>fiat</span> <span class='ocrx_word' id='word_1_194' title='bbox 485 1839 548 1890; x_wconf 90' lang='lat' dir='ltr'>qui</span> <span class='ocrx_word' id='word_1_195' title='bbox 565 1853 634 1877; x_wconf 89' lang='lat' dir='ltr'>non</span> <span class='ocrx_word' id='word_1_196' title='bbox 646 1840 763 1878; x_wconf 88' lang='lat' dir='ltr'><strong>solum</strong></span> <span class='ocrx_word' id='word_1_197' title='bbox 776 1854 845 1878; x_wconf 89' lang='lat' dir='ltr'>non</span> <span class='ocrx_word' id='word_1_198' title='bbox 862 1841 1048 1880; x_wconf 85' lang='lat' dir='ltr'><strong>ulciscitur</strong></span> <span class='ocrx_word' id='word_1_199' title='bbox 1063 1858 1142 1881; x_wconf 90' lang='lat' dir='ltr'>eum</span> <span class='ocrx_word' id='word_1_200' title='bbox 1157 1845 1219 1896; x_wconf 91' lang='lat' dir='ltr'>qui</span> 
     </span>
     <span class='ocr_line' id='line_1_33' title="bbox 265 1900 1219 1956; baseline 0.006 -18"><span class='ocrx_word' id='word_1_201' title='bbox 265 1900 428 1951; x_wconf 77' lang='lat' dir='ltr'><strong>offendit,</strong></span> <span class='ocrx_word' id='word_1_202' title='bbox 445 1900 506 1938; x_wconf 89' lang='lat' dir='ltr'>sed</span> <span class='ocrx_word' id='word_1_203' title='bbox 533 1909 565 1938; x_wconf 89' lang='lat' dir='ltr'>et</span> <span class='ocrx_word' id='word_1_204' title='bbox 590 1915 656 1953; x_wconf 84' lang='lat' dir='ltr'>pro</span> <span class='ocrx_word' id='word_1_205' title='bbox 681 1915 720 1938; x_wconf 86' lang='lat' dir='ltr'>eo</span> <span class='ocrx_word' id='word_1_206' title='bbox 748 1916 847 1939; x_wconf 82' lang='lat' dir='ltr'><strong>orare</strong></span> <span class='ocrx_word' id='word_1_207' title='bbox 870 1902 1011 1941; x_wconf 72' lang='lat' dir='ltr'><strong>studet?</strong></span> <span class='ocrx_word' id='word_1_208' title='bbox 1031 1905 1085 1942; x_wconf 90' lang='lat' dir='ltr'>Ne</span> <span class='ocrx_word' id='word_1_209' title='bbox 1107 1905 1219 1956; x_wconf 81' lang='lat' dir='ltr'><strong>igitur</strong></span> 
     </span>
     <span class='ocr_line' id='line_1_34' title="bbox 266 1960 1214 2018; baseline 0.007 -21"><span class='ocrx_word' id='word_1_210' title='bbox 266 1960 480 2012; x_wconf 82' lang='lat' dir='ltr'><strong>negligentia</strong></span> <span class='ocrx_word' id='word_1_211' title='bbox 501 1970 618 1999; x_wconf 87' lang='lat' dir='ltr'><strong>nostra</strong></span> <span class='ocrx_word' id='word_1_212' title='bbox 642 1961 773 2000; x_wconf 84' lang='lat' dir='ltr'><strong>talibus</strong></span> <span class='ocrx_word' id='word_1_213' title='bbox 792 1977 855 2001; x_wconf 90' lang='lat' dir='ltr'>nos</span> <span class='ocrx_word' id='word_1_214' title='bbox 873 1963 1079 2003; x_wconf 82' lang='lat' dir='ltr'><strong>fraudemus</strong></span> <span class='ocrx_word' id='word_1_215' title='bbox 1097 1965 1214 2018; x_wconf 89' lang='lat' dir='ltr'><strong>bonis,</strong></span> 
     </span>
     <span class='ocr_line' id='line_1_35' title="bbox 265 2022 1218 2073; baseline 0.007 -15"><span class='ocrx_word' id='word_1_216' title='bbox 265 2030 298 2058; x_wconf 85' lang='lat' dir='ltr'>et</span> <span class='ocrx_word' id='word_1_217' title='bbox 325 2022 480 2073; x_wconf 81' lang='lat' dir='ltr'><strong>praemiis</strong></span> <span class='ocrx_word' id='word_1_218' title='bbox 518 2036 596 2072; x_wconf 83' lang='lat' dir='ltr'>quae</span> <span class='ocrx_word' id='word_1_219' title='bbox 626 2036 767 2060; x_wconf 90' lang='lat' dir='ltr'><strong>omnem</strong></span> <span class='ocrx_word' id='word_1_220' title='bbox 803 2037 1000 2062; x_wconf 88' lang='lat' dir='ltr'><strong>sermonem</strong></span> <span class='ocrx_word' id='word_1_221' title='bbox 1037 2033 1218 2066; x_wconf 83' lang='lat' dir='ltr'><strong>transcen-</strong></span> 
     </span>
     <span class='ocr_line' id='line_1_36' title="bbox 265 2080 1218 2140; baseline 0.009 -24"><span class='ocrx_word' id='word_1_222' title='bbox 265 2080 356 2118; x_wconf 85' lang='lat' dir='ltr'><strong>dunt</strong></span> <span class='ocrx_word' id='word_1_223' title='bbox 387 2097 395 2116; x_wconf 73' lang='grc' dir='ltr'>τ</span> <span class='ocrx_word' id='word_1_224' title='bbox 428 2081 490 2119; x_wconf 90' lang='lat' dir='ltr'>sed</span> <span class='ocrx_word' id='word_1_225' title='bbox 520 2082 636 2120; x_wconf 89' lang='lat' dir='ltr'><strong>modis</strong></span> <span class='ocrx_word' id='word_1_226' title='bbox 672 2083 837 2121; x_wconf 90' lang='lat' dir='ltr'><strong>omnibus</strong></span> <span class='ocrx_word' id='word_1_227' title='bbox 874 2084 959 2122; x_wconf 89' lang='lat' dir='ltr'><strong>boni</strong></span> <span class='ocrx_word' id='word_1_228' title='bbox 995 2085 1103 2137; x_wconf 83' lang='lat' dir='ltr'><strong>hujus</strong></span> <span class='ocrx_word' id='word_1_229' title='bbox 1136 2101 1218 2140; x_wconf 89' lang='lat' dir='ltr'><strong>ope-</strong></span> 
     </span>
     <span class='ocr_line' id='line_1_37' title="bbox 267 2141 1218 2194; baseline 0.008 -16"><span class='ocrx_word' id='word_1_230' title='bbox 267 2141 316 2179; x_wconf 86' lang='lat' dir='ltr'>ris</span> <span class='ocrx_word' id='word_1_231' title='bbox 355 2141 458 2179; x_wconf 87' lang='lat' dir='ltr'><strong>nobis</strong></span> <span class='ocrx_word' id='word_1_232' title='bbox 492 2156 575 2179; x_wconf 85' lang='lat' dir='ltr'><strong>cura</strong></span> <span class='ocrx_word' id='word_1_233' title='bbox 609 2142 678 2191; x_wconf 88' lang='lat' dir='ltr'><strong>sit,</strong></span> <span class='ocrx_word' id='word_1_234' title='bbox 713 2152 929 2194; x_wconf 76' lang='lat' dir='ltr'><strong>cogaturque</strong></span> <span class='ocrx_word' id='word_1_235' title='bbox 962 2154 996 2182; x_wconf 91' lang='lat' dir='ltr'>et</span> <span class='ocrx_word' id='word_1_236' title='bbox 1033 2147 1218 2186; x_wconf 84' lang='lat' dir='ltr'><strong>erudiatur</strong></span> 
     </span>
     <span class='ocr_line' id='line_1_38' title="bbox 266 2203 1217 2261; baseline 0.011 -23"><span class='ocrx_word' id='word_1_237' title='bbox 266 2215 364 2240; x_wconf 89' lang='lat' dir='ltr'><strong>mens</strong></span> <span class='ocrx_word' id='word_1_238' title='bbox 392 2211 431 2240; x_wconf 92' lang='lat' dir='ltr'>ut</span> <span class='ocrx_word' id='word_1_239' title='bbox 457 2212 577 2253; x_wconf 87' lang='lat' dir='ltr'><strong>pareat</strong></span> <span class='ocrx_word' id='word_1_240' title='bbox 611 2203 677 2240; x_wconf 86' lang='lat' dir='ltr'>Dei</span> <span class='ocrx_word' id='word_1_241' title='bbox 708 2204 908 2256; x_wconf 75' lang='lat' dir='ltr'><strong>praeceptis.</strong></span> <span class='ocrx_word' id='word_1_242' title='bbox 932 2206 1025 2244; x_wconf 82' lang='lat' dir='ltr'><strong>Nam</strong></span> <span class='ocrx_word' id='word_1_243' title='bbox 1055 2218 1217 2261; x_wconf 88' lang='lat' dir='ltr'><strong>propter-</strong></span> 
     </span>
     <span class='ocr_line' id='line_1_39' title="bbox 265 2263 1218 2317; baseline 0.009 -18"><span class='ocrx_word' id='word_1_244' title='bbox 265 2276 304 2300; x_wconf 84' lang='lat' dir='ltr'>ca</span> <span class='ocrx_word' id='word_1_245' title='bbox 334 2263 425 2300; x_wconf 87' lang='lat' dir='ltr'><strong>hanc</strong></span> <span class='ocrx_word' id='word_1_246' title='bbox 458 2263 737 2301; x_wconf 86' lang='lat' dir='ltr'><strong>admonitionem</strong></span> <span class='ocrx_word' id='word_1_247' title='bbox 768 2274 802 2302; x_wconf 90' lang='lat' dir='ltr'>et</span> <span class='ocrx_word' id='word_1_248' title='bbox 837 2279 901 2316; x_wconf 82' lang='lat' dir='ltr'>ego</span> <span class='ocrx_word' id='word_1_249' title='bbox 941 2280 1036 2305; x_wconf 90' lang='lat' dir='ltr'><strong>nunc</strong></span> <span class='ocrx_word' id='word_1_250' title='bbox 1066 2269 1133 2307; x_wconf 88' lang='lat' dir='ltr'><strong>feci</strong></span> <span class='ocrx_word' id='word_1_251' title='bbox 1147 2300 1156 2317; x_wconf 91' lang='lat'><strong>,</strong></span> <span class='ocrx_word' id='word_1_252' title='bbox 1185 2280 1218 2309; x_wconf 90' lang='lat' dir='ltr'>et</span> 
     </span>
     <span class='ocr_line' id='line_1_40' title="bbox 265 2323 1218 2379; baseline 0.012 -22"><span class='ocrx_word' id='word_1_253' title='bbox 265 2323 472 2374; x_wconf 81' lang='lat' dir='ltr'><strong>parabolam</strong></span> <span class='ocrx_word' id='word_1_254' title='bbox 507 2324 542 2361; x_wconf 93' lang='lat' dir='ltr'>in</span> <span class='ocrx_word' id='word_1_255' title='bbox 577 2324 735 2362; x_wconf 84' lang='lat' dir='ltr'><strong>medium</strong></span> <span class='ocrx_word' id='word_1_256' title='bbox 774 2326 903 2375; x_wconf 85' lang='lat' dir='ltr'><strong>attuli;</strong></span> <span class='ocrx_word' id='word_1_257' title='bbox 937 2336 970 2364; x_wconf 89' lang='lat' dir='ltr'>et</span> <span class='ocrx_word' id='word_1_258' title='bbox 1009 2338 1139 2379; x_wconf 89' lang='lat' dir='ltr'><strong>quanta</strong></span> <span class='ocrx_word' id='word_1_259' title='bbox 1172 2330 1218 2368; x_wconf 86' lang='lat' dir='ltr'>sit</span> 
     </span>
     <span class='ocr_line' id='line_1_41' title="bbox 265 2383 1217 2438; baseline 0.009 -18"><span class='ocrx_word' id='word_1_260' title='bbox 265 2383 373 2435; x_wconf 85' lang='lat' dir='ltr'><strong>hujus</strong></span> <span class='ocrx_word' id='word_1_261' title='bbox 396 2383 480 2421; x_wconf 89' lang='lat' dir='ltr'><strong>boni</strong></span> <span class='ocrx_word' id='word_1_262' title='bbox 500 2384 615 2436; x_wconf 87' lang='lat' dir='ltr'><strong>operis</strong></span> <span class='ocrx_word' id='word_1_263' title='bbox 642 2385 865 2436; x_wconf 81' lang='lat' dir='ltr'><strong>magnitudo,</strong></span> <span class='ocrx_word' id='word_1_264' title='bbox 885 2395 918 2425; x_wconf 86' lang='lat' dir='ltr'>et</span> <span class='ocrx_word' id='word_1_265' title='bbox 938 2397 1112 2438; x_wconf 88' lang='lat' dir='ltr'><strong>quantum</strong></span> <span class='ocrx_word' id='word_1_266' title='bbox 1134 2390 1217 2429; x_wconf 88' lang='lat' dir='ltr'><strong>inde</strong></span> 
     </span>
     <span class='ocr_line' id='line_1_42' title="bbox 264 2444 1217 2497; baseline 0.009 -16"><span class='ocrx_word' id='word_1_267' title='bbox 264 2444 406 2482; x_wconf 82' lang='lat' dir='ltr'><strong>lucrum</strong></span> <span class='ocrx_word' id='word_1_268' title='bbox 425 2445 528 2483; x_wconf 92' lang='lat' dir='ltr'><strong>nobis</strong></span> <span class='ocrx_word' id='word_1_269' title='bbox 553 2455 742 2493; x_wconf 83' lang='lat' dir='ltr'><strong>accrescat,</strong></span> <span class='ocrx_word' id='word_1_270' title='bbox 760 2447 908 2497; x_wconf 88' lang='lat' dir='ltr'><strong>ostendi,</strong></span> <span class='ocrx_word' id='word_1_271' title='bbox 930 2457 967 2486; x_wconf 91' lang='lat' dir='ltr'>ut</span> <span class='ocrx_word' id='word_1_272' title='bbox 994 2463 1075 2488; x_wconf 91' lang='lat' dir='ltr'>cum</span> <span class='ocrx_word' id='word_1_273' title='bbox 1098 2450 1217 2490; x_wconf 87' lang='lat' dir='ltr'><strong>adhue</strong></span> 
     </span>
     <span class='ocr_line' id='line_1_43' title="bbox 263 2505 1217 2558; baseline 0.008 -16"><span class='ocrx_word' id='word_1_274' title='bbox 263 2514 403 2557; x_wconf 84' lang='lat' dir='ltr'><strong>tempus</strong></span> <span class='ocrx_word' id='word_1_275' title='bbox 423 2514 488 2556; x_wconf 79' lang='lat' dir='ltr'><strong>est,</strong></span> <span class='ocrx_word' id='word_1_276' title='bbox 505 2505 533 2544; x_wconf 89' lang='lat' dir='ltr'>si</span> <span class='ocrx_word' id='word_1_277' title='bbox 550 2506 629 2556; x_wconf 86' lang='lat' dir='ltr'><strong>quis</strong></span> <span class='ocrx_word' id='word_1_278' title='bbox 643 2520 688 2544; x_wconf 83' lang='lat' dir='ltr'>ex</span> <span class='ocrx_word' id='word_1_279' title='bbox 704 2507 806 2545; x_wconf 75' lang='lat' dir='ltr'><strong>vobis</strong></span> <span class='ocrx_word' id='word_1_280' title='bbox 821 2516 872 2545; x_wconf 90' lang='lat' dir='ltr'>est</span> <span class='ocrx_word' id='word_1_281' title='bbox 886 2508 945 2558; x_wconf 87' lang='lat' dir='ltr'>qui</span> <span class='ocrx_word' id='word_1_282' title='bbox 959 2509 1071 2548; x_wconf 91' lang='lat' dir='ltr'><strong>alium</strong></span> <span class='ocrx_word' id='word_1_283' title='bbox 1089 2510 1217 2551; x_wconf 79' lang='lat' dir='ltr'><strong>habeat</strong></span> 
     </span>
     <span class='ocr_line' id='line_1_44' title="bbox 264 2566 1217 2619; baseline 0.008 -16"><span class='ocrx_word' id='word_1_284' title='bbox 264 2566 333 2603; x_wconf 87' lang='lat' dir='ltr'><strong>sibi</strong></span> <span class='ocrx_word' id='word_1_285' title='bbox 353 2566 541 2616; x_wconf 88' lang='lat' dir='ltr'><strong>infensum,</strong></span> <span class='ocrx_word' id='word_1_286' title='bbox 552 2581 696 2619; x_wconf 86' lang='lat' dir='ltr'><strong>operam</strong></span> <span class='ocrx_word' id='word_1_287' title='bbox 711 2567 769 2606; x_wconf 91' lang='lat' dir='ltr'>det</span> <span class='ocrx_word' id='word_1_288' title='bbox 788 2577 827 2606; x_wconf 90' lang='lat' dir='ltr'>ut</span> <span class='ocrx_word' id='word_1_289' title='bbox 843 2569 999 2608; x_wconf 85' lang='lat' dir='ltr'><strong>officiose</strong></span> <span class='ocrx_word' id='word_1_290' title='bbox 1014 2573 1217 2611; x_wconf 86' lang='lat' dir='ltr'><strong>reconcilie-</strong></span> 
     </span>
     <span class='ocr_line' id='line_1_45' title="bbox 264 2627 1214 2682; baseline 0.011 -20"><span class='ocrx_word' id='word_1_291' title='bbox 264 2635 337 2663; x_wconf 85' lang='lat' dir='ltr'><strong>tur.</strong></span> <span class='ocrx_word' id='word_1_292' title='bbox 359 2630 406 2665; x_wconf 86' lang='lat' dir='ltr'><strong>At</strong></span> <span class='ocrx_word' id='word_1_293' title='bbox 424 2641 468 2665; x_wconf 89' lang='lat' dir='ltr'>ne</span> <span class='ocrx_word' id='word_1_294' title='bbox 486 2627 565 2678; x_wconf 89' lang='lat' dir='ltr'><strong>quis</strong></span> <span class='ocrx_word' id='word_1_295' title='bbox 583 2627 671 2665; x_wconf 90' lang='lat' dir='ltr'><strong>mihi</strong></span> <span class='ocrx_word' id='word_1_296' title='bbox 691 2627 788 2666; x_wconf 90' lang='lat' dir='ltr'><strong>dicat</strong></span> <span class='ocrx_word' id='word_1_297' title='bbox 804 2645 811 2665; x_wconf 92' lang='lat'>:</span> <span class='ocrx_word' id='word_1_298' title='bbox 827 2630 944 2668; x_wconf 89' lang='lat' dir='ltr'><strong>Semel</strong></span> <span class='ocrx_word' id='word_1_299' title='bbox 961 2640 1068 2682; x_wconf 89' lang='lat' dir='ltr'><strong>atque</strong></span> <span class='ocrx_word' id='word_1_300' title='bbox 1086 2633 1214 2672; x_wconf 82' lang='lat' dir='ltr'><strong>iterum</strong></span> 
     </span>
    </p>
   </div>
   <div class='ocr_carea' id='block_1_6' title="bbox 1258 642 1282 673">
    <p class='ocr_par' dir='ltr' id='par_1_7' title="bbox 1258 642 1282 673">
     <span class='ocr_line' id='line_1_46' title="bbox 1258 642 1282 673; baseline 0 0"><span class='ocrx_word' id='word_1_301' title='bbox 1258 642 1282 673; x_wconf 89' lang='lat' dir='ltr'>C</span> 
     </span>
    </p>
   </div>
   <div class='ocr_carea' id='block_1_7' title="bbox 733 185 1906 218">
    <p class='ocr_par' dir='ltr' id='par_1_8' title="bbox 733 185 1906 218">
     <span class='ocr_line' id='line_1_47' title="bbox 733 185 1906 218; baseline 0.003 -3"><span class='ocrx_word' id='word_1_302' title='bbox 733 185 770 215; x_wconf 83' lang='lat' dir='ltr'>S.</span> <span class='ocrx_word' id='word_1_303' title='bbox 809 186 993 216; x_wconf 67' lang='lat' dir='ltr'><strong>JOANMS</strong></span> <span class='ocrx_word' id='word_1_304' title='bbox 1029 186 1269 216; x_wconf 76' lang='lat' dir='ltr'>CHRYSOST.</span> <span class='ocrx_word' id='word_1_305' title='bbox 1305 186 1511 215; x_wconf 78' lang='lat' dir='ltr'><strong>ARCHIEP.</strong></span> <span class='ocrx_word' id='word_1_306' title='bbox 1550 185 1906 218; x_wconf 73' lang='lat' dir='ltr'>CONSTANTINOP-</span> 
     </span>
    </p>
   </div>
   <div class='ocr_carea' id='block_1_8' title="bbox 1287 267 2331 2690">
    <p class='ocr_par' dir='ltr' id='par_1_9' title="bbox 1301 267 2331 1160">
     <span class='ocr_line' id='line_1_48' title="bbox 1308 267 2329 324; baseline 0.007 -20"><span class='ocrx_word' id='word_1_307' title='bbox 1308 267 1517 319; x_wconf 76' lang='grc' dir='ltr'>ἀνεχώμεθα</span> <span class='ocrx_word' id='word_1_308' title='bbox 1551 274 1622 312; x_wconf 89' lang='grc' dir='ltr'>τοῖς</span> <span class='ocrx_word' id='word_1_309' title='bbox 1653 271 1886 318; x_wconf 72' lang='grc' dir='ltr'>λελυπηκόσιν</span> <span class='ocrx_word' id='word_1_310' title='bbox 1918 275 2012 321; x_wconf 77' lang='grc' dir='ltr'>ἡμᾶς</span> <span class='ocrx_word' id='word_1_311' title='bbox 2025 302 2034 319; x_wconf 93' lang='grc'>,</span> <span class='ocrx_word' id='word_1_312' title='bbox 2053 271 2076 318; x_wconf 83' lang='grc' dir='ltr'>ἢ</span> <span class='ocrx_word' id='word_1_313' title='bbox 2096 272 2221 324; x_wconf 77' lang='grc' dir='ltr'>ἑτέρως</span> <span class='ocrx_word' id='word_1_314' title='bbox 2255 288 2329 314; x_wconf 83' lang='grc' dir='ltr'>πως</span> 
     </span>
     <span class='ocr_line' id='line_1_49' title="bbox 1308 328 2330 385; baseline 0.007 -21"><span class='ocrx_word' id='word_1_315' title='bbox 1308 328 1497 374; x_wconf 80' lang='grc' dir='ltr'>ἀδικήσασι</span> <span class='ocrx_word' id='word_1_316' title='bbox 1516 337 1758 380; x_wconf 85' lang='grc' dir='ltr'>μνησικακεῖν,</span> <span class='ocrx_word' id='word_1_317' title='bbox 1773 331 1795 377; x_wconf 86' lang='grc' dir='ltr'>ἢ</span> <span class='ocrx_word' id='word_1_318' title='bbox 1811 333 1994 384; x_wconf 73' lang='grc' dir='ltr'>ἐχθρωδῶς</span> <span class='ocrx_word' id='word_1_319' title='bbox 2012 333 2097 385; x_wconf 84' lang='grc' dir='ltr'>πρὸς</span> <span class='ocrx_word' id='word_1_320' title='bbox 2117 332 2240 376; x_wconf 76' lang='grc' dir='ltr'>αὐτοὺς</span> <span class='ocrx_word' id='word_1_321' title='bbox 2256 334 2330 370; x_wconf 90' lang='grc' dir='ltr'>δια-</span> 
     </span>
     <span class='ocr_line' id='line_1_50' title="bbox 1308 391 2330 445; baseline 0.005 -19"><span class='ocrx_word' id='word_1_322' title='bbox 1308 391 1462 426; x_wconf 86' lang='grc' dir='ltr'>κεῖσθαι·</span> <span class='ocrx_word' id='word_1_323' title='bbox 1484 391 1561 428; x_wconf 86' lang='grc' dir='ltr'>ἀλλ’</span> <span class='ocrx_word' id='word_1_324' title='bbox 1585 392 1775 435; x_wconf 75' lang='grc' dir='ltr'>ἐννοοῦντες</span> <span class='ocrx_word' id='word_1_325' title='bbox 1789 391 1871 439; x_wconf 75' lang='grc' dir='ltr'>ὅσης</span> <span class='ocrx_word' id='word_1_326' title='bbox 1890 397 1975 444; x_wconf 86' lang='grc' dir='ltr'>ἡμῖν</span> <span class='ocrx_word' id='word_1_327' title='bbox 1990 393 2188 445; x_wconf 71' lang='grc' dir='ltr'>εὐεργεσίας</span> <span class='ocrx_word' id='word_1_328' title='bbox 2206 392 2330 445; x_wconf 84' lang='grc' dir='ltr'>πρόξε-</span> 
     </span>
     <span class='ocr_line' id='line_1_51' title="bbox 1308 448 2330 505; baseline 0.003 -18"><span class='ocrx_word' id='word_1_329' title='bbox 1308 465 1360 488; x_wconf 83' lang='grc' dir='ltr'>νοι</span> <span class='ocrx_word' id='word_1_330' title='bbox 1377 448 1437 487; x_wconf 82' lang='grc' dir='ltr'>καὶ</span> <span class='ocrx_word' id='word_1_331' title='bbox 1465 450 1663 502; x_wconf 78' lang='grc' dir='ltr'>παῤῥησίας</span> <span class='ocrx_word' id='word_1_332' title='bbox 1681 452 1778 505; x_wconf 81' lang='grc' dir='ltr'>παρὰ</span> <span class='ocrx_word' id='word_1_333' title='bbox 1795 455 1845 504; x_wconf 83' lang='grc' dir='ltr'>τῷ</span> <span class='ocrx_word' id='word_1_334' title='bbox 1874 452 2036 501; x_wconf 79' lang='grc' dir='ltr'>Δεσπότῃ</span> <span class='ocrx_word' id='word_1_335' title='bbox 2062 453 2238 505; x_wconf 89' lang='grc' dir='ltr'>γίνονται,</span> <span class='ocrx_word' id='word_1_336' title='bbox 2271 453 2330 491; x_wconf 83' lang='grc' dir='ltr'>καὶ</span> 
     </span>
     <span class='ocr_line' id='line_1_52' title="bbox 1307 510 2330 566; baseline 0.004 -19"><span class='ocrx_word' id='word_1_337' title='bbox 1307 510 1374 562; x_wconf 86' lang='grc' dir='ltr'>πρὸ</span> <span class='ocrx_word' id='word_1_338' title='bbox 1410 510 1550 548; x_wconf 88' lang='grc' dir='ltr'>πάντων</span> <span class='ocrx_word' id='word_1_339' title='bbox 1587 511 1641 549; x_wconf 78' lang='grc' dir='ltr'>ὅτι</span> <span class='ocrx_word' id='word_1_340' title='bbox 1675 512 1811 560; x_wconf 79' lang='grc' dir='ltr'>δαπάνη</span> <span class='ocrx_word' id='word_1_341' title='bbox 1845 513 2011 566; x_wconf 54' lang='grc' dir='ltr'>τυῃςάνει</span> <span class='ocrx_word' id='word_1_342' title='bbox 2044 516 2112 552; x_wconf 84' lang='grc' dir='ltr'>τῶν</span> <span class='ocrx_word' id='word_1_343' title='bbox 2149 513 2330 565; x_wconf 81' lang='grc' dir='ltr'>ἡμετέρων</span> 
     </span>
     <span class='ocr_line' id='line_1_53' title="bbox 1308 571 2330 626; baseline 0.004 -17"><span class='ocrx_word' id='word_1_344' title='bbox 1308 571 1573 624; x_wconf 80' lang='grc' dir='ltr'>ἁμαρτημάτων</span> <span class='ocrx_word' id='word_1_345' title='bbox 1595 577 1618 620; x_wconf 77' lang='grc' dir='ltr'>ἡ</span> <span class='ocrx_word' id='word_1_346' title='bbox 1643 573 1729 626; x_wconf 76' lang='grc' dir='ltr'>πρὸς</span> <span class='ocrx_word' id='word_1_347' title='bbox 1745 573 1823 618; x_wconf 75' lang='grc' dir='ltr'>τοὺς</span> <span class='ocrx_word' id='word_1_348' title='bbox 1851 575 2078 621; x_wconf 85' lang='grc' dir='ltr'>λυπήσαντας</span> <span class='ocrx_word' id='word_1_349' title='bbox 2104 573 2330 626; x_wconf 83' lang='grc' dir='ltr'>καταλλαγὴ,</span> 
     </span>
     <span class='ocr_line' id='line_1_54' title="bbox 1307 632 2331 687; baseline 0.002 -15"><span class='ocrx_word' id='word_1_350' title='bbox 1307 632 1510 684; x_wconf 76' lang='grc' dir='ltr'>σπεύδωμεν</span> <span class='ocrx_word' id='word_1_351' title='bbox 1531 633 1592 672; x_wconf 79' lang='grc' dir='ltr'>καὶ</span> <span class='ocrx_word' id='word_1_352' title='bbox 1611 633 1851 686; x_wconf 82' lang='grc' dir='ltr'>ἐπειγώμεθα,</span> <span class='ocrx_word' id='word_1_353' title='bbox 1876 635 1935 673; x_wconf 68' lang='grc' dir='ltr'>καὶ</span> <span class='ocrx_word' id='word_1_354' title='bbox 1954 635 1993 674; x_wconf 86' lang='grc' dir='ltr'>τὸ</span> <span class='ocrx_word' id='word_1_355' title='bbox 2013 637 2052 673; x_wconf 85' lang='grc' dir='ltr'>ἐκ</span> <span class='ocrx_word' id='word_1_356' title='bbox 2071 635 2191 674; x_wconf 85' lang='grc' dir='ltr'>τούτου</span> <span class='ocrx_word' id='word_1_357' title='bbox 2211 635 2331 687; x_wconf 79' lang='grc' dir='ltr'>κέρδος</span> 
     </span>
     <span class='ocr_line' id='line_1_55' title="bbox 1305 694 2330 748; baseline 0.003 -17"><span class='ocrx_word' id='word_1_358' title='bbox 1305 695 1498 738; x_wconf 76' lang='grc' dir='ltr'>ἐννοοῦντες</span> <span class='ocrx_word' id='word_1_359' title='bbox 1515 694 1686 742; x_wconf 76' lang='grc' dir='ltr'>τοσαύτην</span> <span class='ocrx_word' id='word_1_360' title='bbox 1707 694 1959 746; x_wconf 82' lang='grc' dir='ltr'>ἐπιδειξώμεθα</span> <span class='ocrx_word' id='word_1_361' title='bbox 1977 696 2058 748; x_wconf 81' lang='grc' dir='ltr'>περὶ</span> <span class='ocrx_word' id='word_1_362' title='bbox 2073 695 2152 740; x_wconf 82' lang='grc' dir='ltr'>τοὺς</span> <span class='ocrx_word' id='word_1_363' title='bbox 2165 696 2330 743; x_wconf 74' lang='grc' dir='ltr'>ἠδικηκό-</span> 
     </span>
     <span class='ocr_line' id='line_1_56' title="bbox 1304 755 2328 808; baseline 0.004 -17"><span class='ocrx_word' id='word_1_364' title='bbox 1304 769 1366 797; x_wconf 84' lang='grc' dir='ltr'>τας</span> <span class='ocrx_word' id='word_1_365' title='bbox 1387 755 1587 806; x_wconf 80' lang='grc' dir='ltr'>θεραπείαν,</span> <span class='ocrx_word' id='word_1_366' title='bbox 1612 755 1740 793; x_wconf 84' lang='grc' dir='ltr'>ὡσανεὶ</span> <span class='ocrx_word' id='word_1_367' title='bbox 1756 756 1841 808; x_wconf 77' lang='grc' dir='ltr'>πρὸς</span> <span class='ocrx_word' id='word_1_368' title='bbox 1861 755 2041 808; x_wconf 80' lang='grc' dir='ltr'>εὐεργέτας</span> <span class='ocrx_word' id='word_1_369' title='bbox 2070 757 2219 803; x_wconf 81' lang='grc' dir='ltr'>ἀληθῶς.</span> <span class='ocrx_word' id='word_1_370' title='bbox 2241 755 2328 795; x_wconf 80' lang='grc' dir='ltr'>Ἐὰν</span> 
     </span>
     <span class='ocr_line' id='line_1_57' title="bbox 1303 815 2327 868; baseline 0.005 -17"><span class='ocrx_word' id='word_1_371' title='bbox 1303 815 1370 866; x_wconf 85' lang='grc' dir='ltr'>γὰρ</span> <span class='ocrx_word' id='word_1_372' title='bbox 1388 815 1565 867; x_wconf 75' lang='grc' dir='ltr'>νήφωμεν,</span> <span class='ocrx_word' id='word_1_373' title='bbox 1585 819 1650 868; x_wconf 77' lang='grc' dir='ltr'>οὐχ</span> <span class='ocrx_word' id='word_1_374' title='bbox 1667 818 1775 859; x_wconf 79' lang='grc' dir='ltr'>οὕτως</span> <span class='ocrx_word' id='word_1_375' title='bbox 1794 820 1825 855; x_wconf 86' lang='grc' dir='ltr'>οἷ</span> <span class='ocrx_word' id='word_1_376' title='bbox 1855 816 2006 868; x_wconf 80' lang='grc' dir='ltr'>γνησίως</span> <span class='ocrx_word' id='word_1_377' title='bbox 2025 817 2104 868; x_wconf 84' lang='grc' dir='ltr'>περὶ</span> <span class='ocrx_word' id='word_1_378' title='bbox 2132 820 2226 868; x_wconf 69' lang='grc' dir='ltr'>ἡμᾶς</span> <span class='ocrx_word' id='word_1_379' title='bbox 2247 819 2327 856; x_wconf 77' lang='grc' dir='ltr'>δια-</span> 
     </span>
     <span class='ocr_line' id='line_1_58' title="bbox 1303 875 2329 931; baseline 0.004 -19"><span class='ocrx_word' id='word_1_380' title='bbox 1303 875 1456 925; x_wconf 84' lang='grc' dir='ltr'>κείμενοι</span> <span class='ocrx_word' id='word_1_381' title='bbox 1474 877 1533 914; x_wconf 80' lang='grc' dir='ltr'>καὶ</span> <span class='ocrx_word' id='word_1_382' title='bbox 1567 876 1672 915; x_wconf 79' lang='grc' dir='ltr'>παντὶ</span> <span class='ocrx_word' id='word_1_383' title='bbox 1708 878 1828 931; x_wconf 83' lang='grc' dir='ltr'>τρόπῳ</span> <span class='ocrx_word' id='word_1_384' title='bbox 1849 878 2048 930; x_wconf 76' lang='grc' dir='ltr'>θεραπεύειν</span> <span class='ocrx_word' id='word_1_385' title='bbox 2079 879 2329 922; x_wconf 79' lang='grc' dir='ltr'>σπουδάζοντες</span> 
     </span>
     <span class='ocr_line' id='line_1_59' title="bbox 1303 936 2328 990; baseline 0.004 -18"><span class='ocrx_word' id='word_1_386' title='bbox 1303 936 1482 987; x_wconf 67' lang='grc' dir='ltr'>ὠφελῆσαι</span> <span class='ocrx_word' id='word_1_387' title='bbox 1500 941 1594 987; x_wconf 78' lang='grc' dir='ltr'>ἡμᾶς</span> <span class='ocrx_word' id='word_1_388' title='bbox 1615 937 1837 984; x_wconf 83' lang='grc' dir='ltr'>δυνήσονται,</span> <span class='ocrx_word' id='word_1_389' title='bbox 1858 941 1903 981; x_wconf 81' lang='grc' dir='ltr'>ὡς</span> <span class='ocrx_word' id='word_1_390' title='bbox 1921 942 1943 985; x_wconf 81' lang='grc' dir='ltr'>ἡ</span> <span class='ocrx_word' id='word_1_391' title='bbox 1964 938 2044 990; x_wconf 85' lang='grc' dir='ltr'>περὶ</span> <span class='ocrx_word' id='word_1_392' title='bbox 2063 937 2202 981; x_wconf 81' lang='grc' dir='ltr'>τούτους</span> <span class='ocrx_word' id='word_1_393' title='bbox 2227 942 2328 990; x_wconf 88' lang='grc' dir='ltr'>θερα-</span> 
     </span>
     <span class='ocr_line' id='line_1_60' title="bbox 1301 995 2328 1051; baseline 0.003 -18"><span class='ocrx_word' id='word_1_394' title='bbox 1301 995 1383 1033; x_wconf 86' lang='grc' dir='ltr'>πεία</span> <span class='ocrx_word' id='word_1_395' title='bbox 1395 1027 1404 1043; x_wconf 90' lang='grc'>,</span> <span class='ocrx_word' id='word_1_396' title='bbox 1422 996 1535 1041; x_wconf 84' lang='grc' dir='ltr'>ἀξίους</span> <span class='ocrx_word' id='word_1_397' title='bbox 1550 1001 1644 1048; x_wconf 80' lang='grc' dir='ltr'>ἡμᾶς</span> <span class='ocrx_word' id='word_1_398' title='bbox 1659 1001 1721 1044; x_wconf 78' lang='grc' dir='ltr'>τῆς</span> <span class='ocrx_word' id='word_1_399' title='bbox 1740 999 1870 1036; x_wconf 79' lang='grc' dir='ltr'>ἄνωθεν</span> <span class='ocrx_word' id='word_1_400' title='bbox 1891 998 2021 1041; x_wconf 76' lang='grc' dir='ltr'>εὐνοίας</span> <span class='ocrx_word' id='word_1_401' title='bbox 2039 997 2304 1051; x_wconf 84' lang='grc' dir='ltr'>ἀπεργαζομένη</span> <span class='ocrx_word' id='word_1_402' title='bbox 2317 1028 2328 1046; x_wconf 90' lang='grc'>,</span> 
     </span>
     <span class='ocr_line' id='line_1_61' title="bbox 1301 1056 2326 1111; baseline 0.003 -18"><span class='ocrx_word' id='word_1_403' title='bbox 1301 1056 1360 1094; x_wconf 86' lang='grc' dir='ltr'>καὶ</span> <span class='ocrx_word' id='word_1_404' title='bbox 1388 1060 1448 1095; x_wconf 77' lang='grc' dir='ltr'>τοῦ</span> <span class='ocrx_word' id='word_1_405' title='bbox 1480 1058 1619 1110; x_wconf 78' lang='grc' dir='ltr'>φορτίου</span> <span class='ocrx_word' id='word_1_406' title='bbox 1652 1061 1721 1096; x_wconf 82' lang='grc' dir='ltr'>τῶν</span> <span class='ocrx_word' id='word_1_407' title='bbox 1759 1059 2017 1111; x_wconf 65' lang='grc' dir='ltr'>ἡμαρτημένων</span> <span class='ocrx_word' id='word_1_408' title='bbox 2037 1061 2121 1108; x_wconf 82' lang='grc' dir='ltr'>ἡμῖν</span> <span class='ocrx_word' id='word_1_409' title='bbox 2143 1058 2326 1111; x_wconf 78' lang='grc' dir='ltr'>ἐπικουφί-</span> 
     </span>
     <span class='ocr_line' id='line_1_62' title="bbox 1301 1118 1416 1160; baseline 0.017 -6"><span class='ocrx_word' id='word_1_410' title='bbox 1301 1118 1416 1160; x_wconf 87' lang='grc' dir='ltr'>ζουσα.</span> 
     </span>
    </p>

    <p class='ocr_par' dir='ltr' id='par_1_10' title="bbox 1287 1178 2327 2690">
     <span class='ocr_line' id='line_1_63' title="bbox 1352 1178 2326 1232; baseline 0.002 -15"><span class='ocrx_word' id='word_1_411' title='bbox 1352 1178 1539 1226; x_wconf 84' lang='grc' dir='ltr'>Ἐννόησον</span> <span class='ocrx_word' id='word_1_412' title='bbox 1555 1178 1622 1231; x_wconf 83' lang='grc' dir='ltr'>γάρ</span> <span class='ocrx_word' id='word_1_413' title='bbox 1655 1194 1735 1229; x_wconf 90' lang='grc' dir='ltr'>μοι,</span> <span class='ocrx_word' id='word_1_414' title='bbox 1760 1179 1921 1231; x_wconf 76' lang='grc' dir='ltr'>ἀγαπητὲ</span> <span class='ocrx_word' id='word_1_415' title='bbox 1933 1209 1944 1227; x_wconf 88' lang='grc'>,</span> <span class='ocrx_word' id='word_1_416' title='bbox 1960 1178 2038 1217; x_wconf 79' lang='grc' dir='ltr'>ὅσον</span> <span class='ocrx_word' id='word_1_417' title='bbox 2057 1181 2119 1226; x_wconf 64' lang='grc' dir='ltr'>τῆς</span> <span class='ocrx_word' id='word_1_418' title='bbox 2145 1181 2271 1232; x_wconf 73' lang='grc' dir='ltr'>ἀρετῆς</span> <span class='ocrx_word' id='word_1_419' title='bbox 2286 1180 2326 1219; x_wconf 87' lang='grc' dir='ltr'>τὸ</span> 
     </span>
     <span class='ocr_line' id='line_1_64' title="bbox 1300 1235 2326 1293; baseline 0.001 -15"><span class='ocrx_word' id='word_1_420' title='bbox 1300 1239 1442 1291; x_wconf 83' lang='grc' dir='ltr'>μέγεθος</span> <span class='ocrx_word' id='word_1_421' title='bbox 1460 1240 1588 1287; x_wconf 84' lang='grc' dir='ltr'>ταύτης</span> <span class='ocrx_word' id='word_1_422' title='bbox 1619 1241 1689 1278; x_wconf 76' lang='grc' dir='ltr'>ἀπὸ</span> <span class='ocrx_word' id='word_1_423' title='bbox 1714 1242 1785 1278; x_wconf 82' lang='grc' dir='ltr'>τῶν</span> <span class='ocrx_word' id='word_1_424' title='bbox 1812 1240 1986 1287; x_wconf 88' lang='grc' dir='ltr'>ἐπάθλων,</span> <span class='ocrx_word' id='word_1_425' title='bbox 2019 1235 2066 1278; x_wconf 69' lang='grc' dir='ltr'>ὧν</span> <span class='ocrx_word' id='word_1_426' title='bbox 2093 1240 2326 1293; x_wconf 80' lang='grc' dir='ltr'>ἐπηγγείλατο</span> 
     </span>
     <span class='ocr_line' id='line_1_65' title="bbox 1298 1300 2324 1352; baseline 0.003 -15"><span class='ocrx_word' id='word_1_427' title='bbox 1298 1306 1369 1345; x_wconf 89' lang='grc' dir='ltr'>τοῖς</span> <span class='ocrx_word' id='word_1_428' title='bbox 1386 1301 1516 1347; x_wconf 78' lang='grc' dir='ltr'>ταύτην</span> <span class='ocrx_word' id='word_1_429' title='bbox 1543 1300 1812 1352; x_wconf 83' lang='grc' dir='ltr'>κατωρθωκόσιν</span> <span class='ocrx_word' id='word_1_430' title='bbox 1832 1303 1851 1339; x_wconf 81' lang='grc' dir='ltr'><em>ὃ</em></span> <span class='ocrx_word' id='word_1_431' title='bbox 1865 1304 1934 1339; x_wconf 79' lang='grc' dir='ltr'>τῶν</span> <span class='ocrx_word' id='word_1_432' title='bbox 1963 1301 2053 1340; x_wconf 76' lang='grc' dir='ltr'>ὅλων</span> <span class='ocrx_word' id='word_1_433' title='bbox 2073 1301 2176 1346; x_wconf 87' lang='grc' dir='ltr'>Θεός.</span> <span class='ocrx_word' id='word_1_434' title='bbox 2201 1301 2324 1340; x_wconf 80' lang='grc' dir='ltr'>Εἰπὼν</span> 
     </span>
     <span class='ocr_line' id='line_1_66' title="bbox 1298 1361 2327 1414; baseline 0 -14"><span class='ocrx_word' id='word_1_435' title='bbox 1298 1361 1384 1414; x_wconf 79' lang='grc' dir='ltr'>γὰρ,</span> <span class='ocrx_word' id='word_1_436' title='bbox 1406 1361 1582 1413; x_wconf 77' lang='grc' dir='ltr'>Ἀγαπᾶτε</span> <span class='ocrx_word' id='word_1_437' title='bbox 1610 1361 1687 1405; x_wconf 80' lang='grc' dir='ltr'>τοὺς</span> <span class='ocrx_word' id='word_1_438' title='bbox 1723 1361 1866 1414; x_wconf 76' lang='grc' dir='ltr'>ἐχθροὺς</span> <span class='ocrx_word' id='word_1_439' title='bbox 1894 1364 2005 1412; x_wconf 80' lang='grc' dir='ltr'>ὑμῶν,</span> <span class='ocrx_word' id='word_1_440' title='bbox 2040 1364 2213 1412; x_wconf 75' lang='grc' dir='ltr'>εὐλογεῖτε</span> <span class='ocrx_word' id='word_1_441' title='bbox 2245 1362 2327 1408; x_wconf 83' lang='grc' dir='ltr'>τοὺς</span> 
     </span>
     <span class='ocr_line' id='line_1_67' title="bbox 1298 1421 2324 1475; baseline 0.002 -16"><span class='ocrx_word' id='word_1_442' title='bbox 1298 1422 1485 1466; x_wconf 84' lang='grc' dir='ltr'>διώκοντας</span> <span class='ocrx_word' id='word_1_443' title='bbox 1517 1425 1629 1474; x_wconf 77' lang='grc' dir='ltr'>ὑμᾶς,</span> <span class='ocrx_word' id='word_1_444' title='bbox 1664 1421 1808 1474; x_wconf 70' lang='grc' dir='ltr'>εὔχεσθε</span> <span class='ocrx_word' id='word_1_445' title='bbox 1841 1421 1929 1475; x_wconf 79' lang='grc' dir='ltr'>ὑπὲρ</span> <span class='ocrx_word' id='word_1_446' title='bbox 1962 1424 2030 1460; x_wconf 79' lang='grc' dir='ltr'>τῶν</span> <span class='ocrx_word' id='word_1_447' title='bbox 2062 1422 2324 1474; x_wconf 74' lang='grc' dir='ltr'>ἐπηρεαζόντων</span> 
     </span>
     <span class='ocr_line' id='line_1_68' title="bbox 1297 1478 2326 1535; baseline 0.001 -14"><span class='ocrx_word' id='word_1_448' title='bbox 1297 1485 1404 1534; x_wconf 73' lang='grc' dir='ltr'>ὑμᾶς·</span> <span class='ocrx_word' id='word_1_449' title='bbox 1437 1484 1557 1531; x_wconf 78' lang='grc' dir='ltr'>ἐπειδὴ</span> <span class='ocrx_word' id='word_1_450' title='bbox 1591 1483 1727 1535; x_wconf 79' lang='grc' dir='ltr'>μεγάλα</span> <span class='ocrx_word' id='word_1_451' title='bbox 1758 1478 1799 1530; x_wconf 64' lang='grc' dir='ltr'>ἦν</span> <span class='ocrx_word' id='word_1_452' title='bbox 1831 1484 1874 1521; x_wconf 76' lang='grc' dir='ltr'>τὰ</span> <span class='ocrx_word' id='word_1_453' title='bbox 1908 1483 2132 1535; x_wconf 82' lang='grc' dir='ltr'>ἐπιτάγματα</span> <span class='ocrx_word' id='word_1_454' title='bbox 2170 1484 2230 1522; x_wconf 79' lang='grc' dir='ltr'>καὶ</span> <span class='ocrx_word' id='word_1_455' title='bbox 2262 1488 2326 1531; x_wconf 70' lang='grc' dir='ltr'>τῆς</span> 
     </span>
     <span class='ocr_line' id='line_1_69' title="bbox 1296 1543 2322 1597; baseline 0.001 -15"><span class='ocrx_word' id='word_1_456' title='bbox 1296 1545 1405 1596; x_wconf 77' lang='grc' dir='ltr'>ἄκρας</span> <span class='ocrx_word' id='word_1_457' title='bbox 1435 1547 1542 1592; x_wconf 72' lang='grc' dir='ltr'>αὐτῆς</span> <span class='ocrx_word' id='word_1_458' title='bbox 1573 1544 1754 1595; x_wconf 85' lang='grc' dir='ltr'>ἁπτόμενα</span> <span class='ocrx_word' id='word_1_459' title='bbox 1773 1547 1941 1597; x_wconf 64' lang='grc' dir='ltr'>κορυφῆς,</span> <span class='ocrx_word' id='word_1_460' title='bbox 1962 1544 2083 1596; x_wconf 73' lang='grc' dir='ltr'>φησίν·</span> <span class='ocrx_word' id='word_1_461' title='bbox 2112 1543 2238 1588; x_wconf 66' lang='grc' dir='ltr'>εΌττως</span> <span class='ocrx_word' id='word_1_462' title='bbox 2259 1545 2322 1597; x_wconf 86' lang='grc' dir='ltr'>γε’-</span> 
     </span>
     <span class='ocr_line' id='line_1_70' title="bbox 1294 1603 2318 1657; baseline 0.002 -17"><span class='ocrx_word' id='word_1_463' title='bbox 1294 1608 1398 1651; x_wconf 84' lang='grc' dir='ltr'>νησθε</span> <span class='ocrx_word' id='word_1_464' title='bbox 1417 1604 1528 1653; x_wconf 82' lang='grc' dir='ltr'>ὅμοιοι</span> <span class='ocrx_word' id='word_1_465' title='bbox 1545 1608 1605 1642; x_wconf 80' lang='grc' dir='ltr'>τοῦ</span> <span class='ocrx_word' id='word_1_466' title='bbox 1626 1603 1766 1655; x_wconf 83' lang='grc' dir='ltr'>Πατρὸς</span> <span class='ocrx_word' id='word_1_467' title='bbox 1784 1607 1880 1654; x_wconf 77' lang='grc' dir='ltr'>ὑμῶν</span> <span class='ocrx_word' id='word_1_468' title='bbox 1900 1607 1959 1642; x_wconf 75' lang='grc' dir='ltr'>τοῦ</span> <span class='ocrx_word' id='word_1_469' title='bbox 1980 1605 2015 1641; x_wconf 89' lang='grc' dir='ltr'>ἐν</span> <span class='ocrx_word' id='word_1_470' title='bbox 2042 1609 2114 1646; x_wconf 87' lang='grc' dir='ltr'>τοῖς</span> <span class='ocrx_word' id='word_1_471' title='bbox 2143 1605 2318 1657; x_wconf 71' lang='grc' dir='ltr'>οὐρανοῖς,</span> 
     </span>
     <span class='ocr_line' id='line_1_71' title="bbox 1292 1664 2322 1717; baseline 0 -15"><span class='ocrx_word' id='word_1_472' title='bbox 1292 1664 1347 1702; x_wconf 80' lang='grc' dir='ltr'>ὅτι</span> <span class='ocrx_word' id='word_1_473' title='bbox 1363 1665 1420 1703; x_wconf 74' lang='grc' dir='ltr'>τὸν</span> <span class='ocrx_word' id='word_1_474' title='bbox 1437 1664 1534 1710; x_wconf 75' lang='grc' dir='ltr'>ἥλιον</span> <span class='ocrx_word' id='word_1_475' title='bbox 1555 1667 1658 1703; x_wconf 74' lang='grc' dir='ltr'>αὐτοῦ</span> <span class='ocrx_word' id='word_1_476' title='bbox 1677 1664 1861 1702; x_wconf 80' lang='grc' dir='ltr'>ἀνατέλλει</span> <span class='ocrx_word' id='word_1_477' title='bbox 1882 1664 1940 1702; x_wconf 79' lang='grc' dir='ltr'>ἐπὶ</span> <span class='ocrx_word' id='word_1_478' title='bbox 1962 1664 2133 1717; x_wconf 74' lang='grc' dir='ltr'>πονηροὺς</span> <span class='ocrx_word' id='word_1_479' title='bbox 2155 1665 2215 1702; x_wconf 85' lang='grc' dir='ltr'>καὶ</span> <span class='ocrx_word' id='word_1_480' title='bbox 2234 1667 2322 1717; x_wconf 84' lang='grc' dir='ltr'>ἀγα-</span> 
     </span>
     <span class='ocr_line' id='line_1_72' title="bbox 1294 1719 2322 1778; baseline 0 -15"><span class='ocrx_word' id='word_1_481' title='bbox 1294 1725 1389 1774; x_wconf 71' lang='grc' dir='ltr'>θοὺς,</span> <span class='ocrx_word' id='word_1_482' title='bbox 1404 1725 1464 1763; x_wconf 79' lang='grc' dir='ltr'>καὶ</span> <span class='ocrx_word' id='word_1_483' title='bbox 1483 1724 1603 1778; x_wconf 79' lang='grc' dir='ltr'>βρέχει</span> <span class='ocrx_word' id='word_1_484' title='bbox 1619 1724 1678 1763; x_wconf 74' lang='grc' dir='ltr'>ἐπὶ</span> <span class='ocrx_word' id='word_1_485' title='bbox 1696 1724 1848 1767; x_wconf 82' lang='grc' dir='ltr'>δικαίους</span> <span class='ocrx_word' id='word_1_486' title='bbox 1864 1724 1924 1762; x_wconf 83' lang='grc' dir='ltr'>καὶ</span> <span class='ocrx_word' id='word_1_487' title='bbox 1944 1725 2093 1776; x_wconf 82' lang='grc' dir='ltr'>ἀδίκους.</span> <span class='ocrx_word' id='word_1_488' title='bbox 2110 1719 2212 1769; x_wconf 67' lang='grc' dir='ltr'>Εἶδες</span> <span class='ocrx_word' id='word_1_489' title='bbox 2230 1725 2322 1764; x_wconf 81' lang='grc' dir='ltr'>κατὰ</span> 
     </span>
     <span class='ocr_line' id='line_1_73' title="bbox 1293 1785 2321 1838; baseline 0 -14"><span class='ocrx_word' id='word_1_490' title='bbox 1293 1787 1437 1837; x_wconf 68' lang='grc' dir='ltr'>δύναμιν</span> <span class='ocrx_word' id='word_1_491' title='bbox 1477 1785 1696 1838; x_wconf 80' lang='grc' dir='ltr'>ἀνθρωπίνην</span> <span class='ocrx_word' id='word_1_492' title='bbox 1729 1785 1797 1823; x_wconf 89' lang='grc' dir='ltr'>τίνι</span> <span class='ocrx_word' id='word_1_493' title='bbox 1816 1785 2008 1837; x_wconf 83' lang='grc' dir='ltr'>παρόμοιος</span> <span class='ocrx_word' id='word_1_494' title='bbox 2051 1785 2184 1837; x_wconf 86' lang='grc' dir='ltr'>γίνεται</span> <span class='ocrx_word' id='word_1_495' title='bbox 2218 1789 2236 1824; x_wconf 81' lang='grc' dir='ltr'><em>ὃ</em></span> <span class='ocrx_word' id='word_1_496' title='bbox 2271 1786 2321 1837; x_wconf 82' lang='grc' dir='ltr'>μὴ</span> 
     </span>
     <span class='ocr_line' id='line_1_74' title="bbox 1294 1845 2322 1898; baseline 0 -13"><span class='ocrx_word' id='word_1_497' title='bbox 1294 1847 1396 1898; x_wconf 88' lang='grc' dir='ltr'>μόνον</span> <span class='ocrx_word' id='word_1_498' title='bbox 1419 1847 1469 1898; x_wconf 80' lang='grc' dir='ltr'>μὴ</span> <span class='ocrx_word' id='word_1_499' title='bbox 1502 1846 1719 1898; x_wconf 85' lang='grc' dir='ltr'>ἀμυνόμενος</span> <span class='ocrx_word' id='word_1_500' title='bbox 1743 1845 1822 1889; x_wconf 72' lang='grc' dir='ltr'>τοὺς</span> <span class='ocrx_word' id='word_1_501' title='bbox 1846 1845 2111 1895; x_wconf 85' lang='grc' dir='ltr'>λελυπηκότας,</span> <span class='ocrx_word' id='word_1_502' title='bbox 2143 1846 2233 1885; x_wconf 80' lang='grc' dir='ltr'>ἀλλὰ</span> <span class='ocrx_word' id='word_1_503' title='bbox 2261 1847 2322 1885; x_wconf 83' lang='grc' dir='ltr'>καὶ</span> 
     </span>
     <span class='ocr_line' id='line_1_75' title="bbox 1291 1907 2322 1961; baseline -0.002 -13"><span class='ocrx_word' id='word_1_504' title='bbox 1291 1908 1544 1961; x_wconf 75' lang='grc' dir='ltr'>προσεύχεσθαι</span> <span class='ocrx_word' id='word_1_505' title='bbox 1554 1909 1641 1960; x_wconf 80' lang='grc' dir='ltr'>ὗπὲρ</span> <span class='ocrx_word' id='word_1_506' title='bbox 1656 1910 1767 1946; x_wconf 78' lang='grc' dir='ltr'>αὐτῶν</span> <span class='ocrx_word' id='word_1_507' title='bbox 1783 1908 2007 1955; x_wconf 72' lang='grc' dir='ltr'>σπουδάζων,</span> <span class='ocrx_word' id='word_1_508' title='bbox 2027 1907 2088 1955; x_wconf 80' lang='grc' dir='ltr'>Μὴ</span> <span class='ocrx_word' id='word_1_509' title='bbox 2103 1907 2216 1946; x_wconf 83' lang='grc' dir='ltr'>τοίνυν</span> <span class='ocrx_word' id='word_1_510' title='bbox 2237 1910 2322 1946; x_wconf 81' lang='grc' dir='ltr'>ἀπο-</span> 
     </span>
     <span class='ocr_line' id='line_1_76' title="bbox 1292 1967 2321 2023; baseline -0.002 -15"><span class='ocrx_word' id='word_1_511' title='bbox 1292 1973 1468 2023; x_wconf 76' lang='grc' dir='ltr'>στερῶμεν</span> <span class='ocrx_word' id='word_1_512' title='bbox 1489 1967 1631 2012; x_wconf 79' lang='grc' dir='ltr'>ἑαυτοὺς</span> <span class='ocrx_word' id='word_1_513' title='bbox 1652 1968 1710 2006; x_wconf 73' lang='grc' dir='ltr'>διὰ</span> <span class='ocrx_word' id='word_1_514' title='bbox 1731 1968 1900 2021; x_wconf 76' lang='grc' dir='ltr'>ῥᾳθυμίαν</span> <span class='ocrx_word' id='word_1_515' title='bbox 1916 1968 2079 2007; x_wconf 78' lang='grc' dir='ltr'>τοιούτων</span> <span class='ocrx_word' id='word_1_516' title='bbox 2097 1970 2236 2021; x_wconf 80' lang='grc' dir='ltr'>δωρεῶν</span> <span class='ocrx_word' id='word_1_517' title='bbox 2259 1969 2321 2008; x_wconf 78' lang='grc' dir='ltr'>καὶ</span> 
     </span>
     <span class='ocr_line' id='line_1_77' title="bbox 1292 2029 2320 2081; baseline 0 -12"><span class='ocrx_word' id='word_1_518' title='bbox 1292 2033 1361 2069; x_wconf 82' lang='grc' dir='ltr'>τῶν</span> <span class='ocrx_word' id='word_1_519' title='bbox 1378 2031 1537 2069; x_wconf 80' lang='grc' dir='ltr'>ἐπάθλων</span> <span class='ocrx_word' id='word_1_520' title='bbox 1559 2032 1627 2068; x_wconf 81' lang='grc' dir='ltr'>τῶν</span> <span class='ocrx_word' id='word_1_521' title='bbox 1655 2030 1773 2069; x_wconf 86' lang='grc' dir='ltr'>πάντα</span> <span class='ocrx_word' id='word_1_522' title='bbox 1790 2029 1891 2081; x_wconf 89' lang='grc' dir='ltr'>λόγον</span> <span class='ocrx_word' id='word_1_523' title='bbox 1913 2029 2206 2081; x_wconf 71' lang='grc' dir='ltr'>ὓπερὸαινόντων,</span> <span class='ocrx_word' id='word_1_524' title='bbox 2229 2030 2320 2069; x_wconf 77' lang='grc' dir='ltr'>ἀλλὰ</span> 
     </span>
     <span class='ocr_line' id='line_1_78' title="bbox 1291 2091 2318 2144; baseline -0.001 -15"><span class='ocrx_word' id='word_1_525' title='bbox 1291 2091 1396 2129; x_wconf 82' lang='grc' dir='ltr'>παντὶ</span> <span class='ocrx_word' id='word_1_526' title='bbox 1407 2091 1527 2144; x_wconf 88' lang='grc' dir='ltr'>τρόπῳ</span> <span class='ocrx_word' id='word_1_527' title='bbox 1542 2097 1642 2130; x_wconf 79' lang='grc' dir='ltr'>τοῦτο</span> <span class='ocrx_word' id='word_1_528' title='bbox 1655 2093 1875 2143; x_wconf 83' lang='grc' dir='ltr'>κατορθῶσαι</span> <span class='ocrx_word' id='word_1_529' title='bbox 1892 2091 2155 2140; x_wconf 81' lang='grc' dir='ltr'>σπουδάζωμεν,</span> <span class='ocrx_word' id='word_1_530' title='bbox 2170 2091 2235 2142; x_wconf 62' lang='grc' dir='ltr'>καὶγ</span> <span class='ocrx_word' id='word_1_531' title='bbox 2245 2093 2318 2142; x_wconf 86' lang='grc' dir='ltr'>βια-</span> 
     </span>
     <span class='ocr_line' id='line_1_79' title="bbox 1292 2150 2317 2204; baseline 0 -14"><span class='ocrx_word' id='word_1_532' title='bbox 1292 2152 1436 2203; x_wconf 89' lang='grc' dir='ltr'>σάμενοι</span> <span class='ocrx_word' id='word_1_533' title='bbox 1449 2152 1506 2190; x_wconf 76' lang='grc' dir='ltr'>τὸν</span> <span class='ocrx_word' id='word_1_534' title='bbox 1522 2152 1687 2203; x_wconf 76' lang='grc' dir='ltr'>λογισμὸν</span> <span class='ocrx_word' id='word_1_535' title='bbox 1704 2150 1946 2201; x_wconf 82' lang='grc' dir='ltr'>παιδεύσωμεν</span> <span class='ocrx_word' id='word_1_536' title='bbox 1964 2151 2068 2189; x_wconf 82' lang='grc' dir='ltr'>εἴκειν</span> <span class='ocrx_word' id='word_1_537' title='bbox 2082 2155 2131 2204; x_wconf 79' lang='grc' dir='ltr'>τῷ</span> <span class='ocrx_word' id='word_1_538' title='bbox 2144 2156 2204 2190; x_wconf 74' lang='grc' dir='ltr'>τοῦ</span> <span class='ocrx_word' id='word_1_539' title='bbox 2223 2154 2317 2191; x_wconf 75' lang='grc' dir='ltr'>Θεοῦ</span> 
     </span>
     <span class='ocr_line' id='line_1_80' title="bbox 1292 2210 2316 2264; baseline 0 -14"><span class='ocrx_word' id='word_1_540' title='bbox 1292 2212 1517 2264; x_wconf 79' lang='grc' dir='ltr'>ἐπιτάγματι.</span> <span class='ocrx_word' id='word_1_541' title='bbox 1549 2211 1618 2250; x_wconf 76' lang='grc' dir='ltr'>Διὰ</span> <span class='ocrx_word' id='word_1_542' title='bbox 1646 2211 1714 2262; x_wconf 82' lang='grc' dir='ltr'>γὰρ</span> <span class='ocrx_word' id='word_1_543' title='bbox 1748 2215 1848 2249; x_wconf 71' lang='grc' dir='ltr'>τοῦτο</span> <span class='ocrx_word' id='word_1_544' title='bbox 1879 2210 1977 2262; x_wconf 82' lang='grc' dir='ltr'>κάγὼ</span> <span class='ocrx_word' id='word_1_545' title='bbox 2007 2215 2066 2249; x_wconf 75' lang='grc' dir='ltr'>νῦν</span> <span class='ocrx_word' id='word_1_546' title='bbox 2094 2213 2316 2263; x_wconf 84' lang='grc' dir='ltr'>ἐποιησάμην</span> 
     </span>
     <span class='ocr_line' id='line_1_81' title="bbox 1290 2271 2314 2324; baseline 0.001 -14"><span class='ocrx_word' id='word_1_547' title='bbox 1290 2273 1419 2320; x_wconf 76' lang='grc' dir='ltr'>ταύτην</span> <span class='ocrx_word' id='word_1_548' title='bbox 1435 2272 1500 2320; x_wconf 81' lang='grc' dir='ltr'>τὴν</span> <span class='ocrx_word' id='word_1_549' title='bbox 1520 2271 1738 2324; x_wconf 82' lang='grc' dir='ltr'>παραίνεσιν,</span> <span class='ocrx_word' id='word_1_550' title='bbox 1759 2271 1818 2309; x_wconf 79' lang='grc' dir='ltr'>καὶ</span> <span class='ocrx_word' id='word_1_551' title='bbox 1835 2271 1896 2318; x_wconf 71' lang='grc' dir='ltr'>τὴν</span> <span class='ocrx_word' id='word_1_552' title='bbox 1919 2271 2122 2324; x_wconf 62' lang='grc' dir='ltr'>παραῧολὴν</span> <span class='ocrx_word' id='word_1_553' title='bbox 2141 2275 2188 2316; x_wconf 84' lang='grc' dir='ltr'>εἷς</span> <span class='ocrx_word' id='word_1_554' title='bbox 2209 2273 2314 2323; x_wconf 79' lang='grc' dir='ltr'>μέσον</span> 
     </span>
     <span class='ocr_line' id='line_1_82' title="bbox 1290 2332 2315 2386; baseline 0 -14"><span class='ocrx_word' id='word_1_555' title='bbox 1290 2335 1432 2386; x_wconf 81' lang='grc' dir='ltr'>ἤγαγον,</span> <span class='ocrx_word' id='word_1_556' title='bbox 1453 2334 1513 2372; x_wconf 75' lang='grc' dir='ltr'>καὶ</span> <span class='ocrx_word' id='word_1_557' title='bbox 1527 2337 1586 2372; x_wconf 77' lang='grc' dir='ltr'>τοῦ</span> <span class='ocrx_word' id='word_1_558' title='bbox 1606 2332 1876 2384; x_wconf 84' lang='grc' dir='ltr'>κατορθώματος</span> <span class='ocrx_word' id='word_1_559' title='bbox 1891 2332 2002 2377; x_wconf 80' lang='grc' dir='ltr'>ἔδειξα</span> <span class='ocrx_word' id='word_1_560' title='bbox 2017 2333 2057 2371; x_wconf 80' lang='grc' dir='ltr'>τὸ</span> <span class='ocrx_word' id='word_1_561' title='bbox 2074 2333 2216 2384; x_wconf 80' lang='grc' dir='ltr'>μέγεθος</span> <span class='ocrx_word' id='word_1_562' title='bbox 2228 2363 2238 2380; x_wconf 90' lang='grc'>,</span> <span class='ocrx_word' id='word_1_563' title='bbox 2254 2335 2315 2372; x_wconf 86' lang='grc' dir='ltr'>καὶ</span> 
     </span>
     <span class='ocr_line' id='line_1_83' title="bbox 1289 2392 2314 2446; baseline 0 -13"><span class='ocrx_word' id='word_1_564' title='bbox 1289 2394 1367 2433; x_wconf 80' lang='grc' dir='ltr'>ὅσον</span> <span class='ocrx_word' id='word_1_565' title='bbox 1388 2398 1472 2444; x_wconf 76' lang='grc' dir='ltr'>ἡμῖν</span> <span class='ocrx_word' id='word_1_566' title='bbox 1497 2396 1536 2432; x_wconf 79' lang='grc' dir='ltr'>ἐκ</span> <span class='ocrx_word' id='word_1_567' title='bbox 1556 2393 1676 2432; x_wconf 80' lang='grc' dir='ltr'>τούτου</span> <span class='ocrx_word' id='word_1_568' title='bbox 1695 2392 1814 2446; x_wconf 78' lang='grc' dir='ltr'>κέρδος</span> <span class='ocrx_word' id='word_1_569' title='bbox 1830 2393 1983 2444; x_wconf 86' lang='grc' dir='ltr'>γίνεται,</span> <span class='ocrx_word' id='word_1_570' title='bbox 2003 2393 2078 2442; x_wconf 82' lang='grc' dir='ltr'>ἵνα,</span> <span class='ocrx_word' id='word_1_571' title='bbox 2095 2397 2142 2438; x_wconf 85' lang='grc' dir='ltr'>ὡς</span> <span class='ocrx_word' id='word_1_572' title='bbox 2165 2395 2217 2432; x_wconf 85' lang='grc' dir='ltr'>ἔτι</span> <span class='ocrx_word' id='word_1_573' title='bbox 2236 2411 2314 2433; x_wconf 87' lang='grc' dir='ltr'>και-</span> 
     </span>
     <span class='ocr_line' id='line_1_84' title="bbox 1291 2454 2314 2506; baseline 0 -13"><span class='ocrx_word' id='word_1_574' title='bbox 1291 2456 1345 2506; x_wconf 70' lang='grc' dir='ltr'>ρὸς</span> <span class='ocrx_word' id='word_1_575' title='bbox 1357 2485 1366 2501; x_wconf 95' lang='grc'>,</span> <span class='ocrx_word' id='word_1_576' title='bbox 1384 2454 1529 2498; x_wconf 75' lang='grc' dir='ltr'>ἕκαστος</span> <span class='ocrx_word' id='word_1_577' title='bbox 1547 2457 1661 2505; x_wconf 77' lang='grc' dir='ltr'>ἡμῶν,</span> <span class='ocrx_word' id='word_1_578' title='bbox 1682 2454 1713 2492; x_wconf 88' lang='grc' dir='ltr'>εἴ</span> <span class='ocrx_word' id='word_1_579' title='bbox 1725 2470 1803 2492; x_wconf 89' lang='grc' dir='ltr'>τινα</span> <span class='ocrx_word' id='word_1_580' title='bbox 1817 2454 1891 2505; x_wconf 72' lang='grc' dir='ltr'>ἔχοι</span> <span class='ocrx_word' id='word_1_581' title='bbox 1909 2455 2090 2506; x_wconf 78' lang='grc' dir='ltr'>ἐχθρωδῶς</span> <span class='ocrx_word' id='word_1_582' title='bbox 2109 2454 2194 2506; x_wconf 79' lang='grc' dir='ltr'>πρὸς</span> <span class='ocrx_word' id='word_1_583' title='bbox 2210 2455 2314 2494; x_wconf 82' lang='grc' dir='ltr'>αὐτὸν</span> 
     </span>
     <span class='ocr_line' id='line_1_85' title="bbox 1289 2515 2314 2566; baseline 0 -12"><span class='ocrx_word' id='word_1_584' title='bbox 1289 2515 1517 2566; x_wconf 80' lang='grc' dir='ltr'>διακείμενον,</span> <span class='ocrx_word' id='word_1_585' title='bbox 1540 2516 1691 2564; x_wconf 72' lang='grc' dir='ltr'>σπουδὴν</span> <span class='ocrx_word' id='word_1_586' title='bbox 1711 2515 1903 2562; x_wconf 79' lang='grc' dir='ltr'>ποιήσηται</span> <span class='ocrx_word' id='word_1_587' title='bbox 1934 2515 1991 2553; x_wconf 73' lang='grc' dir='ltr'>διὰ</span> <span class='ocrx_word' id='word_1_588' title='bbox 2020 2517 2083 2561; x_wconf 74' lang='grc' dir='ltr'>τῆς</span> <span class='ocrx_word' id='word_1_589' title='bbox 2102 2517 2234 2562; x_wconf 75' lang='grc' dir='ltr'>πολλῆς</span> <span class='ocrx_word' id='word_1_590' title='bbox 2254 2520 2314 2555; x_wconf 80' lang='grc' dir='ltr'>θε-</span> 
     </span>
     <span class='ocr_line' id='line_1_86' title="bbox 1290 2575 2327 2628; baseline -0.001 -13"><span class='ocrx_word' id='word_1_591' title='bbox 1290 2577 1433 2628; x_wconf 87' lang='grc' dir='ltr'>ραπείας</span> <span class='ocrx_word' id='word_1_592' title='bbox 1450 2577 1665 2621; x_wconf 80' lang='grc' dir='ltr'>καταλλάξαι</span> <span class='ocrx_word' id='word_1_593' title='bbox 1686 2576 1788 2614; x_wconf 81' lang='grc' dir='ltr'>αὐτὸν</span> <span class='ocrx_word' id='word_1_594' title='bbox 1806 2578 1933 2628; x_wconf 83' lang='grc' dir='ltr'>ἑαυτῷ.</span> <span class='ocrx_word' id='word_1_595' title='bbox 1950 2575 2021 2614; x_wconf 79' lang='grc' dir='ltr'>Καὶ</span> <span class='ocrx_word' id='word_1_596' title='bbox 2036 2575 2085 2626; x_wconf 88' lang='grc' dir='ltr'>μή</span> <span class='ocrx_word' id='word_1_597' title='bbox 2109 2591 2167 2626; x_wconf 89' lang='grc' dir='ltr'>μοι</span> <span class='ocrx_word' id='word_1_598' title='bbox 2180 2576 2327 2628; x_wconf 82' lang='grc' dir='ltr'>λεγέτω·</span> 
     </span>
     <span class='ocr_line' id='line_1_87' title="bbox 1287 2636 2312 2690; baseline 0 -14"><span class='ocrx_word' id='word_1_599' title='bbox 1287 2655 1357 2686; x_wconf 86' lang='grc' dir='ltr'>τις,</span> <span class='ocrx_word' id='word_1_600' title='bbox 1376 2639 1429 2676; x_wconf 75' lang='grc' dir='ltr'>ὅτι</span> <span class='ocrx_word' id='word_1_601' title='bbox 1455 2639 1513 2677; x_wconf 73' lang='grc' dir='ltr'>καὶ</span> <span class='ocrx_word' id='word_1_602' title='bbox 1535 2638 1626 2683; x_wconf 84' lang='grc' dir='ltr'>ἅπαξ</span> <span class='ocrx_word' id='word_1_603' title='bbox 1655 2637 1715 2676; x_wconf 75' lang='grc' dir='ltr'>καὶ</span> <span class='ocrx_word' id='word_1_604' title='bbox 1737 2637 1893 2690; x_wconf 76' lang='grc' dir='ltr'>δεύτερον</span> <span class='ocrx_word' id='word_1_605' title='bbox 1919 2636 2167 2688; x_wconf 80' lang='grc' dir='ltr'>παρεκάλεσα,</span> <span class='ocrx_word' id='word_1_606' title='bbox 2186 2637 2247 2675; x_wconf 86' lang='grc' dir='ltr'>καὶ</span> <span class='ocrx_word' id='word_1_607' title='bbox 2274 2640 2312 2676; x_wconf 86' lang='grc' dir='ltr'>οὐ</span> 
     </span>
    </p>
   </div>
   <div class='ocr_carea' id='block_1_9' title="bbox 264 2687 2313 2812">
    <p class='ocr_par' dir='ltr' id='par_1_11' title="bbox 264 2687 2313 2812">
     <span class='ocr_line' id='line_1_88' title="bbox 264 2687 2311 2751; baseline 0.005 -27"><span class='ocrx_word' id='word_1_608' title='bbox 264 2687 379 2737; x_wconf 78' lang='lat' dir='ltr'><strong>oravi,</strong></span> <span class='ocrx_word' id='word_1_609' title='bbox 401 2697 434 2725; x_wconf 88' lang='lat' dir='ltr'>et</span> <span class='ocrx_word' id='word_1_610' title='bbox 462 2702 530 2726; x_wconf 93' lang='lat' dir='ltr'>non</span> <span class='ocrx_word' id='word_1_611' title='bbox 555 2689 701 2727; x_wconf 86' lang='lat' dir='ltr'><strong>assensit</strong></span> <span class='ocrx_word' id='word_1_612' title='bbox 716 2705 723 2726; x_wconf 77' lang='lat' dir='ltr'><strong><em>z</em></strong></span> <span class='ocrx_word' id='word_1_613' title='bbox 738 2690 768 2727; x_wconf 89' lang='lat' dir='ltr'>si</span> <span class='ocrx_word' id='word_1_614' title='bbox 784 2690 852 2728; x_wconf 88' lang='lat' dir='ltr'>hoc</span> <span class='ocrx_word' id='word_1_615' title='bbox 872 2691 1005 2730; x_wconf 85' lang='lat' dir='ltr'><strong>sineere</strong></span> <span class='ocrx_word' id='word_1_616' title='bbox 1022 2693 1210 2746; x_wconf 87' lang='lat' dir='ltr'><strong>faciamus,</strong></span> <span class='ocrx_word' id='word_1_617' title='bbox 1224 2723 1273 2748; x_wconf 68' lang='lat'>263</span> <span class='ocrx_word' id='word_1_618' title='bbox 1287 2698 1509 2751; x_wconf 80' lang='grc' dir='ltr'>προσήκατο·</span> <span class='ocrx_word' id='word_1_619' title='bbox 1532 2701 1560 2736; x_wconf 87' lang='grc' dir='ltr'>εἰ</span> <span class='ocrx_word' id='word_1_620' title='bbox 1580 2698 1648 2736; x_wconf 81' lang='grc' dir='ltr'>ἀπὸ</span> <span class='ocrx_word' id='word_1_621' title='bbox 1665 2697 1882 2748; x_wconf 83' lang='grc' dir='ltr'>εἷλικρινείας</span> <span class='ocrx_word' id='word_1_622' title='bbox 1897 2701 1998 2735; x_wconf 71' lang='grc' dir='ltr'>τοῦτο</span> <span class='ocrx_word' id='word_1_623' title='bbox 2017 2697 2239 2748; x_wconf 81' lang='grc' dir='ltr'>πράττωμεν,</span> <span class='ocrx_word' id='word_1_624' title='bbox 2262 2697 2311 2748; x_wconf 81' lang='grc' dir='ltr'>μὴ</span> 
     </span>
     <span class='ocr_line' id='line_1_89' title="bbox 264 2749 2313 2812; baseline 0.006 -28"><span class='ocrx_word' id='word_1_625' title='bbox 264 2762 332 2786; x_wconf 90' lang='lat' dir='ltr'>non</span> <span class='ocrx_word' id='word_1_626' title='bbox 358 2749 459 2800; x_wconf 88' lang='lat' dir='ltr'><strong>prius</strong></span> <span class='ocrx_word' id='word_1_627' title='bbox 486 2749 724 2800; x_wconf 87' lang='lat' dir='ltr'><strong>quiescamus,</strong></span> <span class='ocrx_word' id='word_1_628' title='bbox 749 2750 860 2789; x_wconf 89' lang='lat' dir='ltr'><strong>donec</strong></span> <span class='ocrx_word' id='word_1_629' title='bbox 887 2753 998 2791; x_wconf 81' lang='lat' dir='ltr'><strong>multa</strong></span> <span class='ocrx_word' id='word_1_630' title='bbox 1027 2754 1215 2794; x_wconf 86' lang='lat' dir='ltr'><strong>sedulitate</strong></span> <span class='ocrx_word' id='word_1_631' title='bbox 1236 2760 1261 2789; x_wconf 83' lang='grc' dir='ltr'><strong>Α</strong></span> <span class='ocrx_word' id='word_1_632' title='bbox 1287 2758 1452 2812; x_wconf 84' lang='grc' dir='ltr'>πρότερον</span> <span class='ocrx_word' id='word_1_633' title='bbox 1470 2758 1708 2809; x_wconf 82' lang='grc' dir='ltr'>παυσώμεθα,</span> <span class='ocrx_word' id='word_1_634' title='bbox 1729 2758 1851 2810; x_wconf 78' lang='grc' dir='ltr'>μέχρις</span> <span class='ocrx_word' id='word_1_635' title='bbox 1871 2756 1911 2794; x_wconf 82' lang='grc' dir='ltr'>ἂν</span> <span class='ocrx_word' id='word_1_636' title='bbox 1928 2761 1971 2810; x_wconf 82' lang='grc' dir='ltr'>τῇ</span> <span class='ocrx_word' id='word_1_637' title='bbox 1988 2759 2101 2808; x_wconf 82' lang='grc' dir='ltr'>πολλῇ</span> <span class='ocrx_word' id='word_1_638' title='bbox 2122 2758 2313 2811; x_wconf 80' lang='grc' dir='ltr'>προσεδρίᾳ</span> 
     </span>
    </p>
   </div>
   <div class='ocr_carea' id='block_1_10' title="bbox 251 2809 1214 3413">
    <p class='ocr_par' dir='ltr' id='par_1_12' title="bbox 251 2809 1214 3413">
     <span class='ocr_line' id='line_1_90' title="bbox 262 2809 1212 2866; baseline 0.011 -20"><span class='ocrx_word' id='word_1_639' title='bbox 262 2809 449 2847; x_wconf 82' lang='lat' dir='ltr'><strong>victoriam</strong></span> <span class='ocrx_word' id='word_1_640' title='bbox 471 2810 603 2862; x_wconf 82' lang='lat' dir='ltr'><strong>adepti,</strong></span> <span class='ocrx_word' id='word_1_641' title='bbox 624 2811 728 2849; x_wconf 90' lang='lat' dir='ltr'><strong>illum</strong></span> <span class='ocrx_word' id='word_1_642' title='bbox 747 2812 848 2851; x_wconf 87' lang='lat' dir='ltr'><strong>nobis</strong></span> <span class='ocrx_word' id='word_1_643' title='bbox 868 2814 1111 2866; x_wconf 87' lang='lat' dir='ltr'><strong>conciliemus,</strong></span> <span class='ocrx_word' id='word_1_644' title='bbox 1137 2827 1171 2855; x_wconf 89' lang='lat' dir='ltr'>et</span> <span class='ocrx_word' id='word_1_645' title='bbox 1192 2832 1212 2856; x_wconf 85' lang='lat' dir='ltr'><strong>a</strong></span> 
     </span>
     <span class='ocr_line' id='line_1_91' title="bbox 262 2869 1214 2927; baseline 0.011 -22"><span class='ocrx_word' id='word_1_646' title='bbox 262 2869 336 2906; x_wconf 87' lang='lat' dir='ltr'><strong>suis</strong></span> <span class='ocrx_word' id='word_1_647' title='bbox 354 2870 390 2907; x_wconf 94' lang='lat' dir='ltr'>in</span> <span class='ocrx_word' id='word_1_648' title='bbox 411 2883 474 2907; x_wconf 91' lang='lat' dir='ltr'>nos</span> <span class='ocrx_word' id='word_1_649' title='bbox 493 2870 690 2908; x_wconf 89' lang='lat' dir='ltr'><strong>inimicitiis</strong></span> <span class='ocrx_word' id='word_1_650' title='bbox 708 2871 939 2912; x_wconf 83' lang='lat' dir='ltr'><strong>abducamus.</strong></span> <span class='ocrx_word' id='word_1_651' title='bbox 953 2876 1140 2927; x_wconf 88' lang='lat' dir='ltr'><strong>Numquid</strong></span> <span class='ocrx_word' id='word_1_652' title='bbox 1157 2877 1214 2916; x_wconf 91' lang='lat' dir='ltr'><strong>illi</strong></span> 
     </span>
     <span class='ocr_line' id='line_1_92' title="bbox 261 2929 1210 2981; baseline 0.012 -16"><span class='ocrx_word' id='word_1_653' title='bbox 261 2929 400 2979; x_wconf 78' lang='lat' dir='ltr'><strong>aliquid</strong></span> <span class='ocrx_word' id='word_1_654' title='bbox 426 2930 626 2981; x_wconf 69' lang='lat' dir='ltr'><strong>largimur?</strong></span> <span class='ocrx_word' id='word_1_655' title='bbox 644 2931 682 2968; x_wconf 85' lang='lat' dir='ltr'>ln</span> <span class='ocrx_word' id='word_1_656' title='bbox 713 2946 776 2970; x_wconf 90' lang='lat' dir='ltr'>nos</span> <span class='ocrx_word' id='word_1_657' title='bbox 806 2942 987 2973; x_wconf 84' lang='lat' dir='ltr'><strong>transcunt</strong></span> <span class='ocrx_word' id='word_1_658' title='bbox 1012 2936 1210 2976; x_wconf 80' lang='lat' dir='ltr'><strong>beneficia:</strong></span> 
     </span>
     <span class='ocr_line' id='line_1_93' title="bbox 260 2990 1210 3047; baseline 0.011 -20"><span class='ocrx_word' id='word_1_659' title='bbox 260 2990 327 3028; x_wconf 84' lang='lat' dir='ltr'>Dei</span> <span class='ocrx_word' id='word_1_660' title='bbox 349 2991 507 3029; x_wconf 71' lang='lat' dir='ltr'><strong>savorem</strong></span> <span class='ocrx_word' id='word_1_661' title='bbox 526 2990 610 3028; x_wconf 91' lang='lat' dir='ltr'><strong>hinc</strong></span> <span class='ocrx_word' id='word_1_662' title='bbox 638 2992 873 3044; x_wconf 85' lang='lat' dir='ltr'><strong>assequimur,</strong></span> <span class='ocrx_word' id='word_1_663' title='bbox 898 3005 1121 3047; x_wconf 86' lang='lat' dir='ltr'><strong>peccatorum</strong></span> <span class='ocrx_word' id='word_1_664' title='bbox 1143 3012 1210 3037; x_wconf 91' lang='lat' dir='ltr'><strong>no-</strong></span> 
     </span>
     <span class='ocr_line' id='line_1_94' title="bbox 257 3051 1210 3112; baseline 0.012 -25"><span class='ocrx_word' id='word_1_665' title='bbox 257 3061 413 3090; x_wconf 69' lang='lat' dir='ltr'><strong>strorum</strong></span> <span class='ocrx_word' id='word_1_666' title='bbox 444 3051 585 3090; x_wconf 65' lang='lat' dir='ltr'><strong>veniam</strong></span> <span class='ocrx_word' id='word_1_667' title='bbox 611 3055 882 3104; x_wconf 82' lang='lat' dir='ltr'><strong>consequimur,</strong></span> <span class='ocrx_word' id='word_1_668' title='bbox 912 3071 1077 3107; x_wconf 81' lang='lat' dir='ltr'><strong>magnam</strong></span> <span class='ocrx_word' id='word_1_669' title='bbox 1114 3060 1210 3112; x_wconf 85' lang='lat' dir='ltr'><strong>apud</strong></span> 
     </span>
     <span class='ocr_line' id='line_1_95' title="bbox 257 3112 1208 3169; baseline 0.012 -21"><span class='ocrx_word' id='word_1_670' title='bbox 257 3112 452 3150; x_wconf 80' lang='lat' dir='ltr'><strong>Dominum</strong></span> <span class='ocrx_word' id='word_1_671' title='bbox 472 3112 643 3150; x_wconf 78' lang='lat' dir='ltr'><strong>fiduciam</strong></span> <span class='ocrx_word' id='word_1_672' title='bbox 653 3115 861 3166; x_wconf 85' lang='lat' dir='ltr'><strong>accipimus.</strong></span> <span class='ocrx_word' id='word_1_673' title='bbox 877 3118 916 3155; x_wconf 84' lang='lat' dir='ltr'><strong>Si</strong></span> <span class='ocrx_word' id='word_1_674' title='bbox 930 3117 997 3156; x_wconf 87' lang='lat' dir='ltr'>hoc</span> <span class='ocrx_word' id='word_1_675' title='bbox 1010 3119 1208 3169; x_wconf 78' lang='lat' dir='ltr'><strong>fecerimus,</strong></span> 
     </span>
     <span class='ocr_line' id='line_1_96' title="bbox 256 3173 1203 3225; baseline 0.013 -17"><span class='ocrx_word' id='word_1_676' title='bbox 256 3173 449 3224; x_wconf 83' lang='lat' dir='ltr'><strong>poterimus</strong></span> <span class='ocrx_word' id='word_1_677' title='bbox 469 3188 556 3225; x_wconf 77' lang='lat' dir='ltr'><strong>pura</strong></span> <span class='ocrx_word' id='word_1_678' title='bbox 577 3174 787 3213; x_wconf 84' lang='lat' dir='ltr'><strong>conscicntia</strong></span> <span class='ocrx_word' id='word_1_679' title='bbox 810 3176 855 3214; x_wconf 81' lang='lat' dir='ltr'><strong>ad</strong></span> <span class='ocrx_word' id='word_1_680' title='bbox 878 3188 1034 3217; x_wconf 73' lang='lat' dir='ltr'><strong>sanct-‘un</strong></span> <span class='ocrx_word' id='word_1_681' title='bbox 1059 3181 1203 3220; x_wconf 79' lang='lat' dir='ltr'><strong>terribi-</strong></span> 
     </span>
     <span class='ocr_line' id='line_1_97' title="bbox 252 3233 1203 3293; baseline 0.012 -24"><span class='ocrx_word' id='word_1_682' title='bbox 252 3234 391 3283; x_wconf 84' lang='lat' dir='ltr'><strong>lemque</strong></span> <span class='ocrx_word' id='word_1_683' title='bbox 413 3233 502 3270; x_wconf 74' lang='lat' dir='ltr'><strong>hane</strong></span> <span class='ocrx_word' id='word_1_684' title='bbox 522 3248 674 3271; x_wconf 74' lang='lat' dir='ltr'><strong>incus-&#39;un</strong></span> <span class='ocrx_word' id='word_1_685' title='bbox 691 3235 909 3285; x_wconf 54' lang='lat' dir='ltr'><strong>accederem</strong></span> <span class='ocrx_word' id='word_1_686' title='bbox 926 3240 1031 3277; x_wconf 55' lang='lat' dir='ltr'><strong>rerba</strong></span> <span class='ocrx_word' id='word_1_687' title='bbox 1051 3240 1110 3278; x_wconf 77' lang='lat' dir='ltr'><strong>illa</strong></span> <span class='ocrx_word' id='word_1_688' title='bbox 1126 3258 1203 3293; x_wconf 70' lang='lat' dir='ltr'>qum</span> 
     </span>
     <span class='ocr_line' id='line_1_98' title="bbox 254 3293 1200 3345; baseline 0.013 -16"><span class='ocrx_word' id='word_1_689' title='bbox 254 3293 442 3345; x_wconf 78' lang='lat' dir='ltr'><strong>precationi</strong></span> <span class='ocrx_word' id='word_1_690' title='bbox 476 3294 602 3331; x_wconf 68' lang='lat' dir='ltr'><strong>inserta</strong></span> <span class='ocrx_word' id='word_1_691' title='bbox 635 3304 729 3340; x_wconf 68' lang='lat' dir='ltr'><strong>sunt,</strong></span> <span class='ocrx_word' id='word_1_692' title='bbox 754 3296 906 3335; x_wconf 80' lang='lat' dir='ltr'><strong>lidclitcr</strong></span> <span class='ocrx_word' id='word_1_693' title='bbox 926 3299 1053 3339; x_wconf 66' lang='lat' dir='ltr'><strong>(licere.</strong></span> <span class='ocrx_word' id='word_1_694' title='bbox 1077 3303 1200 3342; x_wconf 70' lang='lat' dir='ltr'><strong>Sciunt</strong></span> 
     </span>
     <span class='ocr_line' id='line_1_99' title="bbox 251 3354 1197 3413; baseline 0.012 -22"><span class='ocrx_word' id='word_1_695' title='bbox 251 3355 378 3393; x_wconf 70' lang='lat' dir='ltr'><strong>initiati</strong></span> <span class='ocrx_word' id='word_1_696' title='bbox 397 3354 482 3405; x_wconf 82' lang='lat' dir='ltr'><strong>quid</strong></span> <span class='ocrx_word' id='word_1_697' title='bbox 499 3354 649 3393; x_wconf 69' lang='lat' dir='ltr'><strong>dicatur.</strong></span> <span class='ocrx_word' id='word_1_698' title='bbox 670 3356 1197 3413; x_wconf 61' lang='lat' dir='ltr'><strong>Proindeunius1·ujus‹1uccon-</strong></span> 
     </span>
    </p>
   </div>
   <div class='ocr_carea' id='block_1_11' title="bbox 1279 2817 2312 3356">
    <p class='ocr_par' dir='ltr' id='par_1_13' title="bbox 1279 2817 2312 3356">
     <span class='ocr_line' id='line_1_100' title="bbox 1285 2817 2312 2870; baseline 0.002 -14"><span class='ocrx_word' id='word_1_699' title='bbox 1285 2820 1508 2866; x_wconf 84' lang='grc' dir='ltr'>νικήσαντες,</span> <span class='ocrx_word' id='word_1_700' title='bbox 1530 2817 1802 2870; x_wconf 63' lang='grc' dir='ltr'>ἐφελκυσώμεθα</span> <span class='ocrx_word' id='word_1_701' title='bbox 1830 2818 1946 2865; x_wconf 78' lang='grc' dir='ltr'>αὐτὸν,</span> <span class='ocrx_word' id='word_1_702' title='bbox 1968 2818 2027 2856; x_wconf 74' lang='grc' dir='ltr'>καὶ</span> <span class='ocrx_word' id='word_1_703' title='bbox 2056 2819 2312 2870; x_wconf 81' lang='grc' dir='ltr'>ἀποστήσωμεν</span> 
     </span>
     <span class='ocr_line' id='line_1_101' title="bbox 1284 2878 2312 2932; baseline 0 -14"><span class='ocrx_word' id='word_1_704' title='bbox 1284 2883 1345 2926; x_wconf 76' lang='grc' dir='ltr'>τῆς</span> <span class='ocrx_word' id='word_1_705' title='bbox 1372 2880 1456 2932; x_wconf 82' lang='grc' dir='ltr'>πρὸς</span> <span class='ocrx_word' id='word_1_706' title='bbox 1475 2883 1567 2930; x_wconf 76' lang='grc' dir='ltr'>ἡμᾶς</span> <span class='ocrx_word' id='word_1_707' title='bbox 1592 2878 1792 2930; x_wconf 76' lang='grc' dir='ltr'>ἀπεχθείας.</span> <span class='ocrx_word' id='word_1_708' title='bbox 1819 2878 1879 2925; x_wconf 79' lang='grc' dir='ltr'>Μὴ</span> <span class='ocrx_word' id='word_1_709' title='bbox 1896 2878 1962 2930; x_wconf 84' lang='grc' dir='ltr'>γὰρ</span> <span class='ocrx_word' id='word_1_710' title='bbox 1983 2879 2103 2931; x_wconf 87' lang='grc' dir='ltr'>ἐκείνῳ</span> <span class='ocrx_word' id='word_1_711' title='bbox 2118 2895 2152 2917; x_wconf 89' lang='grc' dir='ltr'>τι</span> <span class='ocrx_word' id='word_1_712' title='bbox 2170 2880 2312 2932; x_wconf 76' lang='grc' dir='ltr'>χαριζό-</span> 
     </span>
     <span class='ocr_line' id='line_1_102' title="bbox 1286 2938 2309 2992; baseline 0.003 -16"><span class='ocrx_word' id='word_1_713' title='bbox 1286 2942 1396 2989; x_wconf 71' lang='grc' dir='ltr'>μεθα,</span> <span class='ocrx_word' id='word_1_714' title='bbox 1423 2942 1483 2984; x_wconf 74' lang='grc' dir='ltr'>Εἷς</span> <span class='ocrx_word' id='word_1_715' title='bbox 1512 2943 1606 2990; x_wconf 76' lang='grc' dir='ltr'>ἡμᾶς</span> <span class='ocrx_word' id='word_1_716' title='bbox 1634 2938 1805 2977; x_wconf 67' lang='grc' dir='ltr'>διαὸαίνει</span> <span class='ocrx_word' id='word_1_717' title='bbox 1835 2938 1879 2976; x_wconf 74' lang='grc' dir='ltr'>τὰ</span> <span class='ocrx_word' id='word_1_718' title='bbox 1906 2943 1969 2986; x_wconf 68' lang='grc' dir='ltr'>τῆς</span> <span class='ocrx_word' id='word_1_719' title='bbox 2000 2940 2218 2992; x_wconf 82' lang='grc' dir='ltr'>εὐεργεσίας·</span> <span class='ocrx_word' id='word_1_720' title='bbox 2249 2945 2309 2979; x_wconf 76' lang='grc' dir='ltr'>τοῦ</span> 
     </span>
     <span class='ocr_line' id='line_1_103' title="bbox 1285 3000 2309 3054; baseline 0.001 -16"><span class='ocrx_word' id='word_1_721' title='bbox 1285 3004 1376 3039; x_wconf 59' lang='grc' dir='ltr'>(θεοῦ</span> <span class='ocrx_word' id='word_1_722' title='bbox 1408 3001 1471 3048; x_wconf 77' lang='grc' dir='ltr'>τὴν</span> <span class='ocrx_word' id='word_1_723' title='bbox 1493 3001 1625 3040; x_wconf 76' lang='grc' dir='ltr'>εὔνοιαν</span> <span class='ocrx_word' id='word_1_724' title='bbox 1656 3000 1909 3051; x_wconf 81' lang='grc' dir='ltr'>ἐπισπώμεθα,</span> <span class='ocrx_word' id='word_1_725' title='bbox 1942 3004 2009 3040; x_wconf 82' lang='grc' dir='ltr'>τῶν</span> <span class='ocrx_word' id='word_1_726' title='bbox 2041 3001 2309 3054; x_wconf 84' lang='grc' dir='ltr'>ἁμαρτημάτων</span> 
     </span>
     <span class='ocr_line' id='line_1_104' title="bbox 1284 3061 2308 3114; baseline -0.001 -15"><span class='ocrx_word' id='word_1_727' title='bbox 1284 3062 1344 3109; x_wconf 75' lang='grc' dir='ltr'>τὴν</span> <span class='ocrx_word' id='word_1_728' title='bbox 1367 3062 1587 3114; x_wconf 57' lang='grc' dir='ltr'>συγμῖῳησιν</span> <span class='ocrx_word' id='word_1_729' title='bbox 1606 3064 1738 3105; x_wconf 84' lang='grc' dir='ltr'>ἑαυτοῖς</span> <span class='ocrx_word' id='word_1_730' title='bbox 1757 3061 2085 3113; x_wconf 77' lang='grc' dir='ltr'>προαποτιθέμεθα,</span> <span class='ocrx_word' id='word_1_731' title='bbox 2110 3061 2308 3113; x_wconf 77' lang='grc' dir='ltr'>παῤῥησίαν</span> 
     </span>
     <span class='ocr_line' id='line_1_105' title="bbox 1281 3121 2306 3174; baseline 0.001 -14"><span class='ocrx_word' id='word_1_732' title='bbox 1281 3123 1412 3169; x_wconf 77' lang='grc' dir='ltr'>πολλὴν</span> <span class='ocrx_word' id='word_1_733' title='bbox 1442 3124 1526 3174; x_wconf 80' lang='grc' dir='ltr'>πρὸς</span> <span class='ocrx_word' id='word_1_734' title='bbox 1556 3123 1612 3162; x_wconf 80' lang='grc' dir='ltr'>τὸν</span> <span class='ocrx_word' id='word_1_735' title='bbox 1640 3121 1823 3169; x_wconf 85' lang='grc' dir='ltr'>Δεσπότην</span> <span class='ocrx_word' id='word_1_736' title='bbox 1853 3125 1892 3160; x_wconf 84' lang='grc' dir='ltr'>ἐκ</span> <span class='ocrx_word' id='word_1_737' title='bbox 1918 3122 2038 3160; x_wconf 75' lang='grc' dir='ltr'>τούτου</span> <span class='ocrx_word' id='word_1_738' title='bbox 2066 3122 2306 3173; x_wconf 64' lang='grc' dir='ltr'>λαμὸάνομεν.</span> 
     </span>
     <span class='ocr_line' id='line_1_106' title="bbox 1279 3182 2306 3235; baseline 0 -14"><span class='ocrx_word' id='word_1_739' title='bbox 1279 3183 1337 3221; x_wconf 68' lang='grc' dir='ltr'>Ἀν</span> <span class='ocrx_word' id='word_1_740' title='bbox 1364 3188 1464 3222; x_wconf 77' lang='grc' dir='ltr'>τοῦτο</span> <span class='ocrx_word' id='word_1_741' title='bbox 1493 3182 1781 3234; x_wconf 83' lang='grc' dir='ltr'>κατορθώσωμεν,</span> <span class='ocrx_word' id='word_1_742' title='bbox 1803 3183 2022 3233; x_wconf 82' lang='grc' dir='ltr'>δυνησόμεθα</span> <span class='ocrx_word' id='word_1_743' title='bbox 2044 3182 2133 3233; x_wconf 79' lang='grc' dir='ltr'>μετὰ</span> <span class='ocrx_word' id='word_1_744' title='bbox 2153 3187 2306 3235; x_wconf 62' lang='grc' dir='ltr'>καθαροῦ</span> 
     </span>
     <span class='ocr_line' id='line_1_107' title="bbox 1280 3242 2302 3295; baseline 0 -14"><span class='ocrx_word' id='word_1_745' title='bbox 1280 3244 1471 3287; x_wconf 73' lang='grc' dir='ltr'>συνειδότος</span> <span class='ocrx_word' id='word_1_746' title='bbox 1493 3244 1551 3281; x_wconf 78' lang='grc' dir='ltr'>καὶ</span> <span class='ocrx_word' id='word_1_747' title='bbox 1583 3246 1625 3294; x_wconf 70' lang='grc' dir='ltr'>τῇ</span> <span class='ocrx_word' id='word_1_748' title='bbox 1654 3245 1730 3294; x_wconf 72' lang='grc' dir='ltr'>ἱερᾷ</span> <span class='ocrx_word' id='word_1_749' title='bbox 1752 3243 1864 3294; x_wconf 84' lang='grc' dir='ltr'>ταύτῃ</span> <span class='ocrx_word' id='word_1_750' title='bbox 1899 3242 1958 3280; x_wconf 74' lang='grc' dir='ltr'>καὶ</span> <span class='ocrx_word' id='word_1_751' title='bbox 1990 3246 2117 3294; x_wconf 71' lang='grc' dir='ltr'>φρικτῇ</span> <span class='ocrx_word' id='word_1_752' title='bbox 2147 3243 2302 3295; x_wconf 76' lang='grc' dir='ltr'>τραπέζῃ</span> 
     </span>
     <span class='ocr_line' id='line_1_108' title="bbox 1280 3303 2303 3356; baseline -0.002 -14"><span class='ocrx_word' id='word_1_753' title='bbox 1280 3306 1497 3356; x_wconf 79' lang='grc' dir='ltr'>προσελθεῖν,</span> <span class='ocrx_word' id='word_1_754' title='bbox 1517 3305 1574 3342; x_wconf 74' lang='grc' dir='ltr'>καὶ</span> <span class='ocrx_word' id='word_1_755' title='bbox 1604 3304 1646 3341; x_wconf 67' lang='grc' dir='ltr'>τὰ</span> <span class='ocrx_word' id='word_1_756' title='bbox 1678 3304 1818 3354; x_wconf 71' lang='grc' dir='ltr'>ῥήματα</span> <span class='ocrx_word' id='word_1_757' title='bbox 1839 3305 1952 3341; x_wconf 81' lang='grc' dir='ltr'>ἐκεῖνα</span> <span class='ocrx_word' id='word_1_758' title='bbox 1972 3303 2014 3340; x_wconf 71' lang='grc' dir='ltr'>τὰ</span> <span class='ocrx_word' id='word_1_759' title='bbox 2042 3307 2082 3354; x_wconf 65' lang='grc' dir='ltr'>τῇ</span> <span class='ocrx_word' id='word_1_760' title='bbox 2109 3306 2194 3355; x_wconf 69' lang='grc' dir='ltr'>εὐχῇ</span> <span class='ocrx_word' id='word_1_761' title='bbox 2218 3321 2303 3342; x_wconf 81' lang='grc' dir='ltr'>συν-</span> 
     </span>
    </p>
   </div>
   <div class='ocr_carea' id='block_1_12' title="bbox 1276 3364 2298 3417">
    <p class='ocr_par' dir='ltr' id='par_1_14' title="bbox 1276 3364 2298 3417">
     <span class='ocr_line' id='line_1_109' title="bbox 1276 3364 2298 3417; baseline -0.002 -13"><span class='ocrx_word' id='word_1_762' title='bbox 1276 3367 1459 3417; x_wconf 72' lang='grc' dir='ltr'>εζευγμένα</span> <span class='ocrx_word' id='word_1_763' title='bbox 1493 3365 1577 3414; x_wconf 40' lang='grc' dir='ltr'>μετ’)</span> <span class='ocrx_word' id='word_1_764' title='bbox 1620 3364 1813 3414; x_wconf 60' lang='grc' dir='ltr'>παρρησίας</span> <span class='ocrx_word' id='word_1_765' title='bbox 1849 3364 2067 3414; x_wconf 57' lang='grc' dir='ltr'>φθέγξασθαι.</span> <span class='ocrx_word' id='word_1_766' title='bbox 2103 3364 2238 3402; x_wconf 71' lang='grc' dir='ltr'>Ἰσασιν</span> <span class='ocrx_word' id='word_1_767' title='bbox 2268 3369 2298 3403; x_wconf 73' lang='grc' dir='ltr'>οἱ</span> 
     </span>
    </p>
   </div>
   <div class='ocr_carea' id='block_1_13' title="bbox 2508 2996 2516 3791">
    <p class='ocr_par' dir='ltr' id='par_1_15' title="bbox 2508 2996 2516 3791">
     <span class='ocr_line' id='line_1_110' title="bbox 2508 2996 2516 3791; baseline 0 0"><span class='ocrx_word' id='word_1_768' title='bbox 2508 2996 2516 3791; x_wconf 95' lang='lat' dir='ltr'> </span> 
     </span>
    </p>
   </div>
  </div>
 </body>
</html>
