2433 3775
745 173 788 206 lx
826 175 926 206 CAP.
970 175 1000 204 Ι.

76 260 288 316 ἐργαζομένη
312 260 368 301 τὸν
404 261 591 313 λογισμὸν,
613 261 872 313 παρασκευάζει
903 258 981 310 μετ’
1007 261 1100 297 εὐκο-

75 324 150 367 λίας
173 324 213 362 τὸ
240 323 390 375 πέλαγος
423 328 484 362 τοῦ
511 322 681 375 παρόντος
716 322 793 374 βίου
825 323 1011 374 διαπερᾷν,
1041 318 1100 357 καὶ

74 385 160 437 πρὸς
177 385 234 424 τὸν
255 384 400 438 οὐρανὸν
418 385 479 424 καὶ
496 384 541 423 τὰ
560 387 594 424 ἐν
614 390 685 428 τοῖς
713 387 868 437 οὐρανοῖς
883 385 1097 429 ἐπτοῆσθαι,

74 447 133 485 καὶ
154 446 262 498 μηδὲν
282 451 443 498 ἡγεῖσθαι
458 446 502 485 τὰ
521 446 690 500 παρόντα,
707 445 797 484 ἀλλὰ
815 452 915 488 σκιᾶς
935 444 994 483 καὶ
1015 445 1101 482 ὀνει-

77 508 190 562 ράτων
209 507 496 560 οὖδαμινέστερον
515 507 602 546 αὐτὰ
621 506 868 561 παρατρέχειν.
890 505 934 544 Ἡ
957 505 993 544 δὲ
1012 505 1098 556 μέθη

75 569 135 608 καὶ
150 573 171 616 ἠ
193 570 370 622 ἀδηφαγία
394 570 591 623 βαρύνουσα
615 570 674 608 τὸν
706 569 890 620 λογισμὸν,
911 567 972 606 καὶ
1000 567 1097 605 πιαί-

75 645 180 670 νουσα
198 631 260 679 τὴν
285 631 418 685 σάρκα,
439 631 662 684 αἰχμάλωτον
681 630 863 683 ἐργάζεται
884 627 946 675 τὴν
971 628 1100 681 ψυχὴν,

76 694 296 747 πανταχόθεν
315 694 425 741 αὐτὴν
451 696 704 746 πολιορκοῦσα,
727 691 786 730 καὶ
804 693 865 730 οὐκ
882 692 1022 743 ἀφιεῖσα
1040 694 1101 728 τοῦ

76 759 244 809 λογισμοῦ
257 757 296 794 τὸ
308 756 485 808 κριτήριον
500 753 694 806 ἐρρωμένον
709 753 814 805 ἔχειν,
829 750 921 790 κατὰ
935 754 1100 804 κρημνῶν

76 817 241 870 φέρεσθαι
259 817 536 869 παρασκευάζει,
557 815 616 853 καὶ
638 813 729 852 κατὰ
755 816 817 860 τῆς
835 813 963 857 οἰκείας
987 829 1101 860 σωτη-

77 877 152 929 ρίας
167 878 306 916 ἅπαντα
323 878 536 931 ἐργάζεσθαι.
547 875 608 923 Μὴ
624 876 665 923 δὴ
680 875 841 931 ῥαθύμως
850 878 1101 926 οἷκονομῶμεν,

76 940 265 990 ἀγαπητοὶ,
279 939 324 978 τὰ
348 940 438 978 κατὰ
456 939 519 986 τὴν
537 938 713 991 σωτηρίαν
731 938 796 985 τὴν
810 937 984 991 ἡμετέραν
997 953 1005 960 ·
1022 938 1099 975 ἀλλ’

76 999 200 1044 εἰδότες
222 1002 286 1040 ὅσα
301 1001 394 1041 κακὰ
418 1003 569 1039 ἐντεῦθεν
593 1000 762 1046 τίκτεται,
782 999 962 1052 φεύγωμεν
985 998 1048 1046 τὴν
1069 997 1103 1042 ἐξ

76 1064 181 1109 αὐτῆς
203 1063 350 1114 βλάὸην.
379 1062 470 1102 Οὐδὲ
495 1062 563 1114 γὰρ
590 1063 624 1100 ἐν
658 1065 701 1114 τῇ
726 1063 840 1113 Καινῇ
876 1060 992 1112 μόνον,
1023 1059 1103 1098 ἔνθα

76 1124 205 1163 πλείων
213 1128 234 1171 ἡ
246 1123 404 1167 ἐπίτασις
415 1126 477 1170 τῆς
488 1123 704 1177 φιλοσοφίας,
715 1122 772 1161 καὶ
786 1123 925 1174 μείζονα
934 1122 978 1160 τὰ
989 1121 1104 1172 σκάμ-

77 1199 172 1234 ματα
184 1214 194 1231 ,
215 1185 274 1222 καὶ
288 1185 434 1236 μεγάλοι
454 1187 484 1223 οἱ
501 1186 654 1237 ἱδρῶτες,
674 1184 734 1223 καὶ
754 1184 868 1222 πολλὰ
882 1183 927 1222 τὰ
943 1182 1102 1237 βραὲεῖα,

77 1246 136 1284 καὶ
154 1246 280 1299 ἄφατοι
297 1250 328 1285 οἱ
347 1246 529 1299 στέφανοι,
552 1246 597 1284 τὰ
616 1249 679 1293 τῆς
698 1249 829 1300 τρυφῆς
849 1245 1101 1297 ἀπηγόρευται,

77 1306 167 1345 ἀλλὰ
191 1307 250 1345 καὶ
270 1307 327 1346 ἐπὶ
343 1310 406 1354 τῆς
424 1309 603 1354 Παλαιᾶς,
619 1307 724 1355 ἡνίκα
744 1308 796 1346 ἔτι
818 1310 862 1359 τῇ
884 1314 967 1359 σκιᾶΙ
990 1321 1104 1358 παρε-

76 1368 248 1415 κάθηντο,
267 1368 326 1406 καὶ
345 1371 394 1421 τῷ
413 1368 530 1421 λύχνῳ
550 1364 639 1416 ἦσαν
658 1367 944 1422 προσηλωμένοι,
961 1367 1021 1406 καὶ
1041 1383 1104 1406 κα-

77 1429 187 1482 θάπερ
205 1429 329 1468 παιδία
353 1429 746 1484 γαλακτοτρόφούμενα,
766 1429 857 1469 οὕτω
871 1429 962 1468 κατὰ
979 1429 1102 1482 μικρὸν

76 1492 257 1543 ἐνήγοντο,
281 1491 356 1530 οὐδὲ
375 1492 453 1532 τότε
472 1493 614 1545 ἠφίεντο
638 1500 781 1547 τρυφᾷν.
809 1491 879 1530 Καὶ
898 1491 954 1530 ἵνα
975 1490 1024 1542 μὴ
1048 1507 1104 1530 νο-

77 1553 203 1603 μίσητε
222 1554 341 1598 ἁπλῶς
360 1558 454 1606 ἡμᾶς
467 1559 747 1610 κατηγοροῦντας
765 1558 826 1602 τῆς
847 1557 978 1608 τρυφῆς
991 1557 1102 1592 ταῦτα

74 1614 205 1668 λέγειν,
233 1616 402 1656 ἀκούσατε
431 1621 491 1655 τοῦ
519 1618 698 1670 προφήτου
737 1617 896 1668 λέγοντος
913 1631 921 1639 ·
949 1616 1042 1655 Οὐαὶ
1070 1618 1102 1654 οἱ

75 1676 259 1729 ἐρχόμενοι
280 1680 327 1722 εἷς
350 1679 486 1731 ἡμέραν
506 1678 636 1728 κακὴν,
656 1682 687 1717 οἱ
707 1679 927 1722 καθεύδοντες
942 1678 1001 1716 ἐπὶ
1023 1679 1102 1716 κλι-

75 1741 142 1776 νῶν
179 1740 426 1791 ἐλεφαντίνων,
462 1741 522 1779 καὶ
558 1742 900 1783 κατασπαταλῶντες
936 1740 993 1778 ἐπὶ
1026 1745 1103 1784 ταῖς

75 1808 273 1853 στρωμναῖς
298 1803 410 1840 αὐτῶν
424 1819 432 1826 ·
454 1806 485 1842 οἱ
504 1803 674 1847 ἐσθίοντες
693 1802 827 1855 ἐρίφους
855 1805 894 1841 ἐκ
916 1801 1101 1852 ποιμνίων,

76 1862 134 1900 καὶ
155 1863 334 1915 μοσχάρια
354 1866 394 1902 ἐκ
422 1863 528 1915 μέσου
558 1864 747 1915 βουκολίων
768 1863 969 1915 γαλαθηνοί·
987 1866 1018 1901 οἱ
1039 1862 1101 1901 πί-

75 1940 190 1967 νοντες
220 1924 277 1962 τὸν
308 1926 525 1976 διυλισμένον
557 1920 647 1964 οἶνον
679 1926 739 1964 καὶ
773 1926 818 1963 τὰ
849 1928 973 1976 πρῶτα
1008 1923 1102 1976 μύρα

75 1985 272 2038 χριόμενοι,
300 1989 347 2031 ὡς
373 1989 508 2027 ἑστῶτα
537 1987 762 2040 ἐλογίσαντο,
787 1988 847 2026 καὶ
865 1989 931 2040 οὐχ
950 1989 996 2031 ὡς
1017 1986 1102 2039 φεύ-

75 2064 191 2099 γοντα.
214 2048 333 2087 litesve
359 2050 472 2096 πόσην
492 2049 706 2102 κατηγορίαν
725 2049 916 2095 ἐποιήσατο
935 2052 996 2095 τῆς
1021 2065 1102 2102 τρυ-

75 2113 140 2162 φῆς
158 2113 176 2148 ὁ
195 2111 394 2162 προφήτης,
419 2110 478 2149 καὶ
503 2114 614 2149 ταῦτα
641 2110 819 2153 Ἰουδαίοις
845 2109 1100 2161 διαλεγόμενος,

75 2176 145 2215 τοῖς
165 2171 405 2219 ἀναισθήτοις,
429 2177 501 2215 τοῖς
523 2171 722 2224 ἀγνώμοσι,
753 2177 824 2214 τοῖς
844 2171 923 2209 καθ’
948 2171 1099 2218 ἑκάστην

74 2231 211 2284 ἡμέραν
237 2233 536 2286 γαστριζομένοις,
564 2234 737 2272 Σκοπεῖτε
754 2232 823 2286 γὰρ
842 2235 910 2271 τῶν
932 2233 1100 2284 ῥημάτων

74 2293 138 2339 τὴν
157 2293 338 2347 ἀκρίὸειαν
353 2310 360 2318 ·
383 2294 559 2333 διαὸαλὼν
582 2295 697 2333 αὐτῶν
723 2293 788 2341 τὴν
815 2294 1012 2346 ἀδηφαγίαν
1040 2293 1100 2333 καὶ

73 2355 137 2402 τὴν
158 2354 292 2401 πολλὴν
312 2358 352 2394 ἐκ
379 2360 440 2394 τοῦ
463 2356 553 2395 οἴνου
573 2355 700 2406 μέθην,
726 2356 805 2395 τότε
829 2355 1025 2408 ἐπήγαγεν,
1040 2355 1102 2399 Ὡς

75 2420 211 2456 ἑστῶτα
230 2417 446 2469 ἑλογίσαντο,
467 2418 526 2456 καὶ
545 2420 610 2470 οὐχ
631 2421 678 2462 ὡς
704 2417 887 2470 φεύγοντα,
917 2417 1101 2471 μονονουχὶ

75 2478 227 2527 δεικνὺς,
250 2480 303 2518 ὅτι
330 2479 436 2532 μέχρι
465 2484 524 2519 τοῦ
560 2481 735 2533 φάρυγγος
765 2479 825 2518 καὶ
852 2483 922 2518 τῶν
953 2480 1101 2532 χειλέων

75 2540 168 2579 ἐστὶν
186 2545 208 2588 ἡ
229 2540 435 2591 ἀπόλαυσις,
452 2541 511 2580 καὶ
529 2541 747 2594 Ξ’περαιτέρω
766 2544 804 2581 οὐ
822 2542 990 2594 πρόεισιν.
1008 2541 1099 2581 Ἀλλ’

74 2606 96 2650 ἡ
128 2602 190 2653 μὲν
221 2602 327 2650 ἡδονὴ
359 2605 508 2656 βραχεῖα
535 2603 595 2642 καὶ
619 2604 850 2655 πρόσκαιρος,
883 2607 904 2650 ἡ
935 2603 972 2642 δὲ
997 2603 1100 2652 ὀδύνη

76 2664 256 2712 διηνεκὴς,
276 2665 336 2703 καὶ
361 2664 472 2717 πέρας
499 2667 562 2703 οὐκ
583 2665 724 2717 ἔχουσα.
753 2665 822 2704 Καὶ
847 2667 977 2713 ταῦτα,
999 2665 1101 2718 φησὶ,

75 2725 133 2764 διὰ
152 2730 214 2773 τῆς
232 2726 354 2779 πείρας
381 2726 559 2778 μαθόντες,
580 2726 646 2770 ‘sse
664 2730 800 2766 ἑστῶτα
817 2726 882 2765 ὅλα
903 2726 1103 2779 ἐλογίσαντο

68 2787 136 2826 -καὶ
170 2787 340 2839 μένοντα,
370 2789 429 2827 καὶ
461 2791 526 2842 οὐχ
559 2791 605 2833 ὡς
634 2789 804 2841 φεύγοντα
817 2819 826 2834 ,
860 2791 954 2828 τοῦτ’
987 2789 1100 2838 ἔστιν,

76 2849 317 2900 ἀφιπτάμενα,
339 2850 397 2888 καὶ
416 2850 494 2888 οὐδὲ
513 2851 553 2888 τὸ
566 2851 669 2902 τυχὸν
688 2850 949 2903 παραμένοντα.
971 2852 1102 2889 Τοιαῦ-

77 2926 120 2948 τα
141 2911 209 2963 γὰρ
227 2913 366 2950 ἅπαντα
391 2912 435 2952 τὰ
454 2911 654 2964 ἀνθρώπινα
671 2912 730 2951 καὶ
747 2912 791 2950 τὰ
810 2911 963 2964 σαρκικοί
978 2927 985 2935 ·
1004 2911 1101 2951 οὔπω

76 2973 323 3024 παρεγένοντο,
342 2973 402 3012 καὶ
420 2974 559 3021 ἀπέπτη
578 2989 585 2997 ·
608 2978 761 3012 τοιοῦτον
786 2976 808 3020 ἦ
833 2972 967 3027 τρυφὴ,
991 2978 1102 3012 τοιοῦ-

77 3048 134 3071 τον
153 3037 176 3081 ἡ
197 3032 277 3077 δόξα
296 3037 318 3080 ἡ
343 3035 543 3087 ἀνθρωπίνη
563 3034 624 3074 καὶ
650 3039 672 3082 ἡ
707 3034 912 3080 δυναστεία,
946 3037 1100 3072 τοιοῦτον

77 3098 96 3133 ὁ
127 3098 292 3143 πλοῦτος,
322 3099 474 3134 τοιοῦτον
498 3101 521 3144 ἡ
551 3095 721 3148 εὐημερία
747 3102 845 3134 πᾶσα
874 3100 934 3134 τοῦ
967 3095 1101 3147 παρόν-

79 3171 139 3202 τος,
165 3157 260 3208 βίου,
289 3157 384 3197 οὐδὲν
421 3157 560 3209 βέὸαιον
592 3158 741 3210 ἔχουσα,
777 3158 874 3196 οὐδὲν
910 3156 1099 3207 στάσιμον,

81 3217 174 3256 οὐδὲν
212 3219 356 3271 πάγιον,
395 3219 485 3258 ἀλλὰ
521 3218 703 3270 ποταμίων
749 3217 930 3271 ῥευμάτων
969 3219 1102 3268 μᾶλλον

81 3280 313 3331 παρατρέχει,
350 3279 410 3318 καὶ
443 3278 591 3332 ἐρήμους
625 3279 641 3300 ¹*
656 3279 715 3318 καὶ
749 3279 899 3331 γυμνοὺς
927 3280 1100 3330 καταλιμ-

125 3392 138 3406 “
162 3381 298 3414 COlSlln·
326 3390 512 3429 περαὶτερου.
528 3383 619 3416 Infra
632 3389 687 3418 ὅλα
711 3391 788 3427 post
806 3387 920 3419 ἑπῶτα
942 3382 1033 3416 deest
1052 3384 1083 3415 in

81 3439 114 3470 in
131 3436 206 3470 uss.
226 3434 351 3478 aliquot
367 3443 399 3468 ct
416 3434 448 3467 iu
470 3434 604 3468 Coislin.

1040 171 1202 203 GENES.

1241 170 1396 201 ltOMiL.
1440 172 1468 200 ¹.
2092 178 2123 222 O

1172 265 1364 306 transeunt,
1385 264 1504 294 contra
1532 255 1655 293 multis
1668 256 1834 295 oneribus
1848 268 2003 310 gravatae
2031 261 2122 298 sub—

1172 327 1383 370 merguntur
1401 334 1408 355 :
1424 318 1471 357 ita
1487 320 1665 371 jejunium
1683 321 1828 372 quidem
1841 322 2015 360 leviorem
2044 324 2124 361 retl—

1173 379 1260 418 dcus
1280 389 1447 430 mentem,
1467 381 1576 419 efficit
1591 391 1629 420 ut
1648 383 1909 436 sacilinsliujus
1926 384 2010 422 vita:
2031 387 2127 436 pela-

1174 455 1240 493 gus
1260 443 1490 492 transmittat,
1512 452 1545 481 et
1564 443 1600 482 in
1629 445 1755 483 caelum
1785 460 1825 483 ac
1844 446 1994 485 caelestia
2009 447 2125 499 suspi-

1174 504 1258 554 ciat,
1280 513 1313 542 et
1347 505 1449 543 nihili
1472 506 1575 544 faciat
1596 507 1794 559 praeseutia,
1818 507 1878 545 sed
1910 517 1948 545 ut
1982 508 2127 546 umbras

1174 575 1206 604 ct
1227 567 1362 606 somnia
1393 568 1570 621 diffugere
1588 579 1735 609 censeat.
1757 571 1895 610 Verum
1926 570 2075 609 ebrietas
2093 572 2127 608 et

1172 629 1317 682 crapula
1333 630 1532 682 degravans
1554 642 1720 677 mentem,
1742 641 1775 670 et
1797 632 2024 685 impinguans
2043 647 2127 672 cor-

1172 706 1251 744 pus,
1271 693 1450 744 captivam
1472 694 1554 732 sacit
1576 695 1746 740 animam,
1767 694 1924 746 undique
1943 694 2042 732 illam
2061 709 2126 747 op-

1171 766 1347 805 pugnans,
1368 768 1480 805 neque
1503 755 1587 792 sinit
1609 756 1756 793 rationis
1777 756 1959 807 judicium
1978 756 2124 795 firmum

1171 814 1376 863 consistere,
1397 814 1459 853 sed
1475 815 1626 867 impellit
1640 824 1678 853 ut
1694 817 1728 854 in
1750 831 1906 869 praeceps
1928 818 2074 866 seratur,
2091 827 2124 856 et

1171 875 1290 914 omnia
1309 885 1430 915 contra
1444 878 1624 929 propriam
1641 877 1791 916 salutem
1805 888 1981 931 operetur.
1996 879 2124 929 Igitur,

1172 938 1309 989 dilecti,
1332 951 1376 976 ne
1391 939 1544 991 segniter
1562 940 1790 979 instituamus
1809 955 1848 979 ea
1868 955 1945 992 quae
1965 941 2010 978 ad
2028 942 2127 979 salu-

1173 1009 1245 1038 tem
1264 1010 1421 1040 nostram
1442 1001 1611 1051 attinent;
1628 1001 1689 1040 sed
1705 1002 1853 1041 scientes
1884 1011 2013 1053 quanta
2033 1003 2127 1040 mala

1173 1061 1258 1100 hinc
1286 1063 1382 1101 nasci
1404 1063 1549 1113 soleant,
1568 1064 1748 1115 fugiamus
1779 1064 1952 1102 damnum
1966 1064 2063 1115 quod
2082 1078 2127 1102 ex

1173 1123 1236 1162 illa
1267 1125 1445 1177 provenit.
1468 1125 1592 1177 Neque
1611 1125 1705 1164 enim
1724 1125 1760 1163 in
1780 1140 1872 1164 nova
1902 1126 1980 1177 lege
1997 1126 2126 1176 solum,

1175 1186 1235 1223 ubi
1254 1187 1370 1238 majus
1397 1200 1489 1225 verzc
1522 1186 1758 1239 philosophia:
1786 1186 1960 1236 studium,
1992 1187 2127 1239 majora

1174 1248 1378 1298 certamina,
1395 1248 1516 1300 magni
1537 1248 1696 1294 sudores,
1714 1248 1826 1286 multa
1842 1249 1980 1296 bravia,
1996 1257 2029 1287 et
2043 1248 2127 1286 ines-

1173 1309 1298 1348 fabiles
1319 1322 1468 1359 coronae,
1497 1309 1637 1348 deliciis
1670 1309 1772 1348 nobis
1802 1309 2041 1360 interdicitur,
2064 1311 2128 1348 sed

1174 1370 1281 1409 etiam
1312 1371 1347 1409 in
1376 1371 1498 1420 veteri,
1528 1371 1671 1422 quando
1698 1369 1813 1411 Judaei
1847 1371 1965 1409 adhuc
1991 1371 2128 1409 umbra:

1173 1433 1388 1482 assidebant,
1405 1433 1600 1472 etlucernae
1619 1434 1844 1484 erantaflixi,
1860 1443 1893 1472 et
1911 1434 2007 1472 velut
2025 1434 2127 1487 pueri

1174 1495 1235 1547 qui
1251 1495 1341 1533 lacte
1361 1495 1581 1542 nutriuntur,
1603 1495 1652 1534 sic
1671 1496 1846 1547 paulatim
1866 1496 2124 1547 educabantur,

1173 1571 1286 1609 neque
1301 1566 1385 1596 tunc
1404 1557 1701 1610 permittebantur
1718 1557 1856 1596 deliciis
1871 1573 2008 1597 vacare.
2025 1558 2071 1596 Et
2085 1573 2128 1596 ne

1172 1619 1383 1658 existimetis
1397 1633 1460 1658 nos
1474 1628 1604 1657 temere
1616 1619 1762 1658 delicias
1776 1630 1978 1659 accusantes
1988 1621 2053 1659 ista
2069 1621 2126 1659 di-

1171 1696 1259 1731 cere,
1285 1680 1405 1719 audite
1436 1680 1647 1734 proplietam
1667 1682 1718 1720 sie
1739 1682 1941 1733 loquentem
1959 1699 1966 1720 :
1990 1685 2055 1721 Voe
2076 1686 2123 1722 iis
2137 1694 2231 1725 Amos
2259 1695 2326 1725 6.3.

1172 1746 1240 1795 qui
1252 1746 1417 1781 veniunt
1440 1742 1494 1780 ad
1517 1743 1618 1780 diem
1638 1743 1800 1790 malum,
1825 1745 2058 1783 dormientes
2083 1748 2124 1783 in
2139 1741 2210 1768 -5.

1173 1805 1281 1843 lectis
1297 1807 1486 1850 eburneis,
1507 1813 1543 1841 et
1561 1805 1804 1843 lascivientes
1823 1808 1864 1842 in
1883 1809 2016 1843 stratis
2030 1809 2122 1852 suis,

1172 1867 1411 1904 comedentes
1430 1868 1560 1905 lzaedos
1580 1882 1628 1904 ex
1645 1868 1831 1918 gregibus,
1854 1876 1889 1904 et
1910 1868 2056 1905 vitulos
2078 1882 2126 1905 ex

1175 1927 1301 1964 medio
1314 1936 1577 1966 armentorum
1597 1928 1798 1974 lactentes,
1822 1930 1991 1966 hibentes
2006 1929 2126 1981 desce-

1126 1989 1150 2019 C
1174 1997 1305 2026 catum
1334 1991 1486 2035 vinum,
1515 1998 1551 2027 et
1573 1992 1750 2041 pretiosis
1767 1992 1970 2040 unguentis
2002 1994 2123 2035 uncti,

1173 2053 1287 2102 quasi
1296 2053 1444 2088 stantia
1458 2052 1539 2088 Izoec
1552 2053 1735 2088 arbitrati
1754 2059 1857 2096 sunt,
1873 2060 1908 2088 et
1924 2066 2001 2089 non
2014 2055 2128 2104 quasi

1160 2111 1541 2163 fugientia.Vidistis
1552 2121 1720 2162 quantam
1730 2112 1988 2150 accusationem
2006 2123 2125 2151 contra

1172 2170 1318 2209 delicias
1335 2172 1460 2210 afferat
1480 2173 1666 2225 propheta,
1686 2173 1794 2224 idque
1813 2187 1893 2211 cum
1906 2175 1927 2213 J
1932 2173 2040 2212 udaeis
2051 2174 2125 2213 dis-

1172 2246 1305 2283 serens,
1324 2233 1492 2285 stupidis,
1514 2233 1678 2285 ingratis,
1692 2243 1725 2272 ct
1745 2235 1905 2285 quotidie
1923 2236 2037 2274 ventri
2057 2236 2124 2274 de-

1171 2293 1284 2332 ditis?
1304 2294 1531 2333 Considerate
1548 2295 1643 2333 enim
1663 2296 1854 2335 verborum
1871 2296 2095 2348 diligentiam
2116 2314 2124 2334 :

1173 2370 1255 2394 cum
1274 2356 1369 2395 enim
1385 2357 1530 2395 illorum
1550 2357 1784 2410 vituperasset
1803 2359 1986 2411 crapulam
2006 2361 2123 2399 etim-

1173 2417 1351 2456 modicam
1384 2419 1643 2469 temulentiam,
1672 2429 1757 2458 tunc
1785 2420 1946 2458 subdidit
1970 2437 1977 2457 :
2005 2424 2127 2473 Quasi

1172 2482 1321 2518 stantia
1332 2482 1515 2518 arbitrati
1525 2489 1630 2527 sunt,
1646 2490 1680 2519 et
1694 2495 1772 2519 non
1785 2485 1898 2533 quasi
1907 2484 2101 2535 fugientia
2112 2500 2123 2520 :

1174 2550 1310 2579 tantum
1338 2555 1406 2579 non
1428 2540 1628 2590 ostendens,
1643 2542 1798 2593 gutturis
1815 2552 1848 2580 et
1869 2543 2046 2582 labiorum
2074 2553 2124 2582 te-

1174 2618 1240 2642 nus
1265 2617 1339 2642 esse
1368 2602 1508 2640 fruendi
1530 2603 1765 2655 voluptatem,
1788 2613 1820 2641 ct
1839 2604 1933 2642 ultra
1950 2620 2018 2643 non
2043 2621 2124 2658 pro—

1173 2666 1286 2719 gredi.
1302 2668 1346 2703 At
1364 2666 1530 2716 voluptas
1547 2664 1691 2715 quidem
1705 2665 1824 2703 brevis
1842 2675 1908 2714 est,
1929 2681 1970 2704 ac
1989 2676 2124 2720 tempo-

1173 2729 1281 2778 raria,
1304 2728 1406 2766 dolor
1424 2736 1540 2765 autem
1561 2736 1752 2780 perpetuus
1775 2735 1807 2765 et
1828 2726 1899 2766 fide
1924 2742 2057 2767 carens.
2080 2729 2126 2767 Et

1173 2790 1261 2839 haec,
1277 2790 1404 2840 inquit,
1424 2803 1506 2826 cum
1533 2788 1750 2840 experientia
1777 2787 1983 2838 didicerint,
2006 2792 2127 2842 Quasi

1173 2854 1321 2890 stantia
1339 2853 1519 2889 arbitrati
1551 2858 1640 2887 sunt
1659 2849 1790 2898 omnia,
1811 2859 1845 2888 et
1879 2846 2070 2901 manentia,
2090 2862 2126 2891 et

1176 2926 1253 2950 non
1284 2915 1398 2964 quasi
1404 2912 1620 2965 ficgienffa,
1648 2910 1716 2948 hoc
1731 2920 1796 2962 cst,
1817 2912 2010 2959 avolantia,
2030 2923 2063 2951 et
2082 2928 2127 2952 ne

1173 2972 1220 3011 ad
1241 2981 1458 3012 momentum
1482 2971 1626 3023 quidem
1645 2972 1896 3025 permanentia.
1912 2974 2016 3012 Talia
2032 2975 2123 3013 enim
2139 2985 2231 3013 Fluxa
2272 2987 2329 3013 hu-

2177 3038 2328 3056 m202runl

1173 3043 1256 3072 sunt
1293 3033 1411 3072 omnia
1452 3032 1608 3070 humana
1653 3042 1686 3071 et
1727 3034 1883 3072 carnalia
1915 3051 1923 3071 ε
1966 3035 2124 3074 nondum

1175 3157 1328 3205 deliciae,
1351 3155 1552 3194 istiusmodi
1573 3155 1729 3195 humana
1751 3156 1862 3209 gloria
1884 3167 1916 3196 et
1948 3160 2125 3211 potentia;

1176 3217 1377 3257 istiusmodi
1391 3216 1544 3265 divitiae3
1555 3217 1753 3257 istiusmodi
1769 3219 1934 3258 universa
1949 3220 2057 3273 liujus
2073 3222 2125 3259 vi—

1126 3288 1151 3318 E
1175 3288 1218 3317 tae
1233 3278 1459 3332 prosperitas,
1472 3277 1564 3317 nihil
1579 3279 1723 3318 firmum
1743 3280 1891 3333 habens,
1905 3282 1996 3320 nihil
2009 3283 2127 3321 subsi-

1164 3384 1177 3407 l*
1197 3381 1334 3415 Coisliu.
1350 3389 1397 3418 καὶ
1412 3388 1534 3428 γυμνοὺς
1550 3389 1628 3429 ἡμᾶς
1642 3391 1969 3428 &monaster-remane
1986 3394 2024 3422 τὰ
2042 3403 2126 3423 msu-

1120 3449 1244 3468 [λ’]τζλῖι

1173 3104 1267 3133 recte
1287 3095 1521 3143 advenerunt,
1535 3102 1568 3131 ct
1589 3094 1776 3133 avolarunt
1794 3112 1801 3132 ε
1824 3096 2026 3135 istiusmodi
2044 3107 2125 3136 suut
2139 3079 2238 3139 iiiiiim
2278 3080 2312 3097 m
