2516 3791
746 231 785 260 ΙΝ
825 230 926 262 (ΞᾸΡ.

134 322 222 365 Θεὸς
241 321 284 360 δι’
303 324 407 360 αὐτοῦ
430 323 686 373 θαυμάζεσθαι,
708 324 754 366 ὡς
771 326 922 361 τοιοῦτον
941 323 1156 375 παραγαγὼν

135 382 194 420 καὶ
217 382 326 427 δείξας
346 383 404 421 ἐπὶ
419 385 481 428 τῆς
496 385 570 434 γῆς.
590 381 694 421 Ἀλλὰ
714 383 773 420 καὶ
792 377 889 426 οὗτος
905 383 1010 421 πάλιν
1032 383 1158 434 μιμού-

134 459 235 494 μενος
250 444 307 482 τὸν
324 443 502 495 πρόγονον,
521 444 580 482 καὶ
602 445 664 482 οὐκ
686 446 733 486 εἰς
754 444 827 482 δέον
847 444 1068 496 χρησάμενος
1087 451 1158 487 τοῖς

135 508 196 551 τῆς
225 504 357 557 φύσεως
383 505 668 558 προτερήμασιν,
699 505 814 556 ἕτερον
847 504 1002 548 δουλείας
1037 507 1157 557 ἐφεῦρε

132 565 275 615 τρόπον,
290 566 349 603 καὶ
370 566 489 618 ἅρχων
508 566 566 603 καὶ
582 564 742 617 βασιλεὺς
757 565 915 616 γενέσθαι
931 565 1154 616 ἐπεχείρησε.

135 626 302 670 Βασιλεὺς
327 626 395 679 γὰρ
414 629 475 664 οὐκ
497 626 536 664 ἂν
552 626 684 678 γένοιτό
702 642 786 664 ποτε
807 626 856 675 μὴ
876 626 983 664 ὄντων
999 628 1068 663 τῶν
1088 628 1155 676 ἀρ-

134 686 305 738 χομένων.
319 688 416 733 Αὕτη
437 686 471 726 δὲ
498 688 590 724 δοκεῖ
612 687 675 737 μὲν
702 688 834 737 μᾶλλον
854 685 1028 737 ἐλευθερία
1049 680 1154 723 εἶναι·

135 748 269 786 δουλεία
289 748 326 786 δέ
341 750 414 786 ἐστι
434 747 669 799 χαλεπωτάτη
690 749 725 785 ἐν
745 746 938 799 ἐλευθερίας
955 746 1070 793 τάξει,
1085 746 1156 798 ὅσῳ

133 809 281 846 καὶτῶν
308 808 495 861 ἐλευθέρων
515 814 647 859 κρατεῖ.
666 807 735 846 Καὶ
763 806 826 858 ὅρα
854 807 917 853 τὴν
944 806 1156 855 πλεονεξίαν,

131 868 196 907 ὅσα
216 875 307 906 ποιεῖ
321 885 328 892 ·
348 869 412 920 ὅρα
431 872 490 907 τοῦ
518 867 681 918 σώματος
707 867 771 914 τὴν
798 866 897 919 ἰσχὺν
919 868 958 906 οὐ
987 867 1155 918 μένουσαν

132 928 189 967 ἐπὶ
213 931 281 966 τῶν
302 929 436 966 οἰκείων
461 928 562 981 ὅρων,
578 929 654 966 ἀλλ’
675 928 729 966 ἀεὶ
751 932 812 966 τοῦ
839 927 995 972 πλείονος
1018 928 1156 980 ἐφιεμέ-

126 1006 199 1036 νην,
219 989 278 1027 καὶ
295 993 357 1035 τῆς
377 988 474 1036 δόξης
492 988 508 1008 “’
522 988 749 1040 ὀρεγομένην.
767 991 820 1027 Οὐ
838 988 906 1041 γὰρ
925 992 972 1033 ὡς
990 989 1156 1041 προϊστά-

127 1063 227 1097 μενος
243 1050 367 1094 αὐτῶν,
388 1047 592 1094 ὓπέταττεν,
612 1046 703 1085 ἀλλὰ
733 1047 793 1084 καὶ
825 1047 943 1092 πόλεις
963 1047 1156 1099 ᾠκοδόμει,

126 1109 182 1146 ἵνα
211 1109 302 1160 ἄρχῃ
325 1111 393 1146 τῶν
414 1108 604 1158 πολεμίων.
625 1108 781 1146 Ἐκεῖθεν
801 1108 882 1160 γὰρ,
896 1108 1012 1160 φησὶν,
1032 1111 1071 1146 ἐκ
1091 1111 1154 1154 τῆς

127 1173 190 1218 γῆς
222 1170 356 1216 ἐκείνης
387 1168 526 1216 ἐξῆλθεν
551 1173 569 1207 ὁ
596 1168 756 1223 Ἀσσοὺρ,
778 1169 837 1207 καὶ
865 1169 1072 1221 ᾠκοδόμησε
1093 1169 1156 1217 τὴν

127 1231 258 1268 Νινευί.
289 1230 420 1269 Σκόπει
443 1247 501 1280 μοι
516 1230 622 1268 πάλιν
643 1232 803 1277 ἐνταῦθα,
822 1233 896 1273 πῶς
915 1230 1011 1268 οὐδὲν
1028 1230 1156 1281 λυμαί-

126 1307 222 1329 νεται
255 1291 317 1338 τὴν
346 1290 521 1342 ἡμετέραν
547 1290 647 1342 φύσιν
680 1295 702 1337 ἡ
733 1290 839 1329 κακία
865 1294 934 1328 τῶν
961 1291 1152 1343 προγόνων.

125 1346 233 1390 Οὗτοι
258 1352 324 1404 γὰρ
352 1355 382 1390 οἱ
408 1354 645 1400 Notaui-:2501
666 1352 729 1399 τὴν
752 1355 812 1390 τοῦ
835 1354 927 1391 Θεοῦ
959 1355 1152 1404 φιλανθρω-
1167 1389 1214 1414 293

966 231 1028 261 lx.
1067 230 1227 261 GENES.

2087 218 2168 275 541

1230 312 1465 351 nedictionem
1498 312 1544 350 ab
1563 311 1626 349 illo
1651 327 1657 347 ε
1680 310 1733 348 iel
1754 309 1849 360 quod
1877 311 1972 347 Deus
1993 325 2053 362 per
2081 313 2174 349 bunc

1228 382 1318 412 esset
1339 374 1375 412 in
1391 373 1631 412 admiratione
1648 371 1849 420 habendus,
1866 370 1962 422 quod
1978 371 2084 409 talem
2098 387 2179 424 pro-

1227 434 1403 481 duxisset,
1424 443 1458 472 et
1486 448 1593 486 super
1615 442 1744 471 terram
1769 440 2007 470 monstrasset.
2029 431 2099 469 Sed
2121 432 2179 470 hic

1229 495 1356 533 iterum
1379 509 1557 548 proavum
1590 508 1696 532 suum
1717 493 1892 542 imitatus,
1916 501 1950 530 et
1967 492 2100 530 abusus
2120 507 2180 530 na-

1228 564 1316 593 tura:
1331 555 1593 607 praerogativis,
1608 554 1718 592 alium
1729 553 1914 592 servitutis
1925 552 2072 591 modum
2080 552 2180 590 adin·

1228 616 1341 664 venit,
1360 625 1468 666 atque
1487 615 1729 667 principatum
1750 627 1968 665 regnumque
1987 613 2180 651 affectavit.

1230 676 1307 713 Rex
1323 675 1417 713 enim
1439 690 1636 726 numquam
1656 675 1776 723 suerit,
1793 675 1821 713 si
1843 689 1911 712 non
1929 674 1998 712 sint
2013 673 2149 713 subditi
2172 692 2178 711 z

1230 743 1314 772 tunc
1334 744 1453 773 autem
1475 749 1557 773 vere
1575 735 1810 773 videturesse
1837 735 1984 773 libertas
2003 751 2009 771 ι
2029 735 2183 774 servitus

1229 807 1334 846 porro
1358 793 1570 844 gravissima
1592 803 1642 831 est
1670 793 1704 830 in
1724 793 1850 831 ordine
1879 793 2066 843 libertatis,
2091 809 2182 846 prte-

1268 231 1424 261 noant„
1464 231 1589 260 xxix.

1180 876 1205 907 E
1229 853 1352 892 sertim
1374 853 1404 891 si
1424 854 1549 893 liberis
1569 854 1773 906 imperetur.
1798 857 1848 891 Ac
1866 853 1950 891 vide
1977 864 2106 905 quauta
2126 856 2182 892 sa-

1228 913 1298 951 ciat
1320 913 1470 951 ambitio
1489 929 1496 949 :
1518 912 1602 951 vide
1619 912 1778 964 corporis
1806 912 1916 950 robur
1942 927 2010 950 non
2041 927 2184 951 manens

1228 974 1321 1012 intra
1338 988 1420 1012 suos
1437 974 1585 1022 limites,
1603 972 1663 1011 sed
1686 973 1790 1025 plura
1808 982 1990 1025 expetens,
2008 982 2042 1010 et
2062 974 2183 1024 gloriee

1227 1043 1452 1086 appetentem
1482 1042 1659 1071 naturam.
1698 1033 1776 1070 Non
1809 1032 1903 1070 enim
1937 1042 1974 1070 ut
2006 1032 2181 1072 desende-

1228 1105 1281 1133 ret
1303 1095 1396 1142 illos,
1423 1095 1623 1147 imperabat
1632 1110 1643 1145 5
1665 1093 1727 1132 sed
1749 1103 1782 1132 et
1801 1093 1962 1132 civitates
1980 1093 2182 1133 aedificabat

1228 1165 1267 1193 ut
1289 1155 1454 1194 hostibus
1476 1155 1679 1208 imperaret.
1703 1157 1764 1192 11.
1783 1155 1880 1192 Inde
1898 1158 2016 1205 enim,
2048 1155 2182 1207 inquit,

1226 1231 1274 1255 ex
1312 1226 1416 1255 term
1453 1217 1528 1255 illa
1561 1218 1681 1255 exivit
1716 1216 1859 1263 Assur,
1905 1225 1940 1254 et
1971 1217 2183 1268 aedificavit

1226 1280 1409 1317 Niniven.
1432 1277 1684 1317 Animadverte
1705 1277 1762 1315 hic
1782 1292 1922 1329 quoque
1944 1277 2034 1315 nihil
2056 1278 2182 1316 loedere

1227 1348 1390 1377 naturam
1420 1349 1577 1378 nostram
1608 1339 1875 1392 progenitorum
1915 1339 2103 1378 malitiam¹
2137 1340 2183 1377 Hi

125 1412 211 1450 ,τίαν
231 1413 288 1450 32&
308 1415 369 1459 τῆς
389 1411 574 1462 μετανοίας
593 1412 895 1463 ἐπισπασάμενοι,
911 1412 971 1451 καὶ
989 1413 1051 1460 τὴν
1073 1414 1155 1453 ἀπό,
1176 1426 1202 1455 Α
1226 1401 1342 1446 enim,
1377 1401 1558 1440 Ninivitas
1576 1401 1678 1450 dico,
1700 1400 1984 1439 misericordiam
2017 1401 2083 1439 Dei
2104 1416 2182 1454 poe-

125 1489 227 1524 φασιν
250 1477 308 1511 τοῦ
327 1473 506 1511 Ascra-{rou
527 1473 849 1524 ἀνακαλεσάμενοι,
869 1467 961 1513 οὗτοι
983 1473 1046 1525 μὲν
1066 1475 1154 1528 πρό-

123 1549 221 1585 τερον
249 1534 352 1586 ἔσχον
386 1533 591 1586 προπάτορα
623 1535 680 1573 τὸν
708 1534 813 1586 Χὰμ,
840 1535 900 1573 τὸν
935 1536 1153 1588 πατραλοίαν

123 1595 270 1631 ἐκεῖνον·
292 1595 413 1633 ἔπειτα
434 1595 492 1633 τὸν
513 1594 678 1647 Νεὸρὼδ,
697 1595 879 1647 ἄνθρωπον
906 1595 1073 1648 τύραννον
1094 1598 1154 1635 καὶ

124 1655 273 1702 αὐθάδη,
302 1656 464 1707 ’ἔγ-γονον
499 1656 674 1708 ἐσχσηκότα
707 1657 766 1695 τὸν
797 1656 955 1709 Ἀσσούρ.
979 1657 1151 1710 Λέγονται

122 1714 157 1752 δὲ
179 1715 262 1760 ἴσως
283 1717 342 1754 καὶ
370 1717 479 1768 ἕτεροι
506 1721 713 1769 γεγενῆσθαι
742 1719 776 1755 ἐν
800 1720 914 1762 αὐτοῖς
942 1721 1070 1769 βλᾶκες
1092 1720 1151 1758 καὶ

124 1777 426 1828 διατεθρυμμένοι,
443 1779 502 1817 καὶ
521 1779 578 1817 τὸν
599 1780 701 1832 ὑγρὸν
722 1779 781 1817 καὶ
802 1779 1004 1832 διαρῤέοντα
1027 1782 1153 1825 ζῶντες

124 1837 210 1886 βίον,
229 1839 317 1890 μέθῃ
349 1840 407 1876 καὶ
442 1840 569 1891 γέλωτι
601 1840 662 1878 καὶ
696 1839 828 1890 κώμοις
861 1840 920 1878 καὶ
951 1841 1153 1893 χλευασίαις

121 1897 264 1942 ἑαυτοὺς
285 1900 513 1943 ἐκδεδωκότες
526 1916 533 1923 ·
552 1900 630 1938 ἀλλ’
647 1900 768 1946 ἐπειδὴ
788 1901 1036 1948 ἠὸουλήθησαν
1058 1903 1152 1952 ἀκρι-

121 1959 166 2004 ἵῆ
188 1959 250 2005 τὴν
273 1961 458 2010 μετάνοιαν
479 1960 736 2008 ἐπιδείξασθαι,
755 1960 852 2000 οὐδὲν
875 1960 996 2005 αὐτοὺς
1015 1962 1150 2013 ἐλυμή-

121 2035 203 2058 νατο
228 2024 296 2058 τῶν
318 2021 495 2073 προγόνων
513 2024 535 2067 ἠ
557 2021 683 2069 κακία,
704 2022 795 2060 ἀλλὰ
810 2022 983 2069 τοσαύτην
1007 2023 1151 2075 ἐφελκύ-

122 2097 228 2120 σαντο
256 2082 319 2129 τὴν
346 2083 475 2121 ἄνωθεν
505 2082 628 2135 ῥοπὴν,
651 2085 697 2126 ὡς
725 2083 830 2135 μέχρι
849 2088 909 2122 τοῦ
926 2087 985 2121 νῦν
1007 2084 1151 2136 ᾄδεσθαι

122 2144 234 2180 αὐτῶν
253 2143 292 2180 τὸ
322 2145 383 2188 τῆς
404 2143 588 2193 μετανοίας
609 2143 833 2195 κατόρθωμα.
858 2144 1013 2187 Τούτους
1034 2144 1148 2182 τοίνυν

117 2203 177 2240 καὶ
199 2205 300 2252 ἡμεῖς
325 2202 580 2253 μιμησώμεθα,
601 2202 659 2241 καὶ
679 2203 848 2253 μαθόντες
866 2206 913 2248 ὡς
939 2204 1018 2242 οὔτε
1040 2205 1148 2243 κακία

116 2263 293 2315 προγόνων
323 2267 417 2313 ἡμᾶς
437 2263 665 2314 λυμαίνεται,
681 2264 741 2302 ἐὰν
767 2264 886 2316 νήφειν
920 2264 1146 2316 βουλώμεθα,

117 2324 195 2362 οὔτε
215 2324 322 2378 ἀρετὴ
342 2325 518 2377 προγόνων
539 2327 718 2378 ὠφελῆσαι
734 2329 829 2376 ἡμᾶς
848 2342 882 2363 τι
903 2325 1066 2374 δύναται,
1088 2327 1147 2366 ἐὰν

118 2389 349 2437 ῥᾳθυμῶμεν,
374 2386 506 2433 πολλὴν
537 2386 691 2434 σπουδὴν
720 2386 904 2439 ποιώμεθα
932 2391 995 2435 τῆς
1022 2391 1150 2442 ἀρετῆς

119 2447 342 2499 ἀντέχεσθαι,
357 2447 416 2484 καὶ
432 2447 632 2498 εὐγνώμονα
649 2447 851 2502 προαίρεσιν
871 2448 1145 2500 ἐπιδειξώμεθα,

120 2506 176 2544 ἵνα
194 2511 256 2552 τῆς
275 2509 382 2552 αὐτῆς
409 2508 564 2559 εὐλογίας
586 2511 637 2561 τῷ
655 2511 739 2560 Σὴμ
765 2509 824 2548 καὶ
849 2512 898 2562 τῷ
918 2509 1035 2563 Ἰάφεθ
1053 2513 1143 2550 ἀπο-

116 2567 316 2618 λαύσωμεν,
343 2568 402 2606 καὶ
427 2571 490 2615 τῆς
516 2569 671 2622 κατάρας
696 2570 755 2608 καὶ
779 2574 842 2617 τῆς
869 2571 1100 2620 δουλείας,ἣν
1124 2575 1143 2610 ὁ

113 2629 257 2668 Χαναὰν
290 2629 446 2678 ἐδέξατο,
466 2632 763 2684 ἐλευθερωθῶμεν,
783 2631 844 2670 καὶ
875 2632 923 2682 μὴ
956 2632 1140 2685 γενώμεθα

113 2691 227 2728 δοῦλοι
255 2691 318 2735 τῆς
345 2690 542 2741 ἁμαρτίας,
569 2692 660 2730 ἀλλὰ
695 2692 758 2739 τὴν
792 2695 905 2740 ἀληθῆ
942 2695 1138 2747 ἐλευθερίαν

1227 1462 1373 1500 nitentia
1407 1462 1477 1500 sibi
1512 1461 1764 1512 conciliarunt,
1792 1471 1955 1500 revocata
1984 1462 2083 1500 illius
2103 1477 2182 1501 sen-

1226 1523 1334 1562 tentia
1361 1539 1368 1560 :
1394 1523 1447 1573 hi,
1481 1523 1640 1575 inquam,
1676 1523 1941 1575 progenitorem
1980 1523 2184 1562 habuerunt

1225 1589 1340 1628 Cham
1374 1589 1608 1642 parricidam,
1643 1587 1776 1627 deinde
1805 1588 1964 1627 Nemrod
2001 1588 2181 1627 hominem

1226 1661 1419 1704 tyrannum
1441 1660 1475 1689 et
1493 1659 1734 1702 arrogantem,
1759 1664 1805 1688 ex
1831 1664 1901 1701 quo
1929 1659 2029 1688 ortus
2055 1652 2179 1688 Assur.

1226 1713 1406 1750 Dicuntur
1424 1720 1543 1750 autem
1565 1713 1654 1750 forte
1676 1720 1710 1748 et
1739 1709 1804 1748 alii
1834 1710 1942 1748 fuisse
1976 1711 2069 1749 inter
2100 1711 2181 1749 illos

1226 1773 1350 1811 molles
1369 1782 1403 1810 et
1423 1772 1582 1821 delicati,
1605 1781 1638 1809 et
1669 1771 1880 1809 dissolutam
1902 1784 1943 1808 ae
1973 1780 2179 1823 corruptam

1225 1843 1368 1887 agentes
1398 1834 1523 1882 vitain,
1553 1832 1730 1880 ebrietati,
1771 1841 1804 1869 et
1834 1830 1937 1878 risui,
1962 1841 1995 1869 et
2029 1832 2180 1870 subsan-

1226 1895 1444 1945 nationibus,
1463 1904 1495 1933 et
1510 1893 1712 1932 scommatis
1731 1891 1857 1930 dediti.
1879 1891 1951 1930 Sed
1965 1892 2048 1943 quia
2067 1893 2180 1931 since-

1225 1970 1302 1994 ram
1315 1970 1388 2009 prae
1402 1970 1438 1994 se
1452 1956 1542 1994 serre
1557 1955 1702 1993 voluere
1715 1953 1972 2007 poenitentiam,
1988 1953 2079 1991 nihil
2092 1955 2178 2007 ipsis

1224 2018 1343 2056 obfuit
1374 2017 1644 2070 progenitorum
1675 2015 1827 2062 malitia,
1852 2014 1914 2053 sed
1942 2024 2079 2053 tantum
2108 2016 2176 2055 sibi

1180 2097 1203 2127 B
1224 2079 1371 2118 caelestis
1382 2079 1516 2117 favoris
1533 2077 1782 2125 conciliarunt,
1797 2085 1836 2113 ut
1851 2090 1962 2127 usque
1981 2090 2075 2114 nunc
2091 2077 2176 2116 cele-

1224 2139 1348 2178 bretur
1366 2139 1536 2191 praeclara
1551 2151 1672 2175 eorum
1689 2136 1908 2189 poenitentia.
1927 2137 2081 2175 Proinde
2096 2138 2177 2178 illos
2192 2151 2309 2180 Moram
2334 2166 2380 2183 οι-

1222 2210 1256 2239 et
1270 2214 1334 2238 nos
1345 2199 1539 2247 imitemur,
1553 2207 1679 2236 etcum
1691 2197 1846 2235 sciamus
1861 2211 1975 2248 neque
1990 2208 2178 2250 parentum
2194 2194 2329 2223 ¹¹⁰‘¹³¹¹‘’·

1223 2261 1418 2313 nequitiam
1430 2274 1493 2299 nos
1510 2259 1653 2308 laedere,
1676 2258 1705 2296 si
1720 2258 1941 2296 voluerimus
1960 2259 2176 2312 resipiscere,

1221 2337 1334 2375 neque
1350 2331 1540 2376 parentum
1558 2321 1729 2360 virtutem
1743 2320 1845 2358 nobis
1859 2320 2039 2372 prodesse,
2058 2322 2086 2359 si
2101 2323 2176 2361 fue-

1219 2385 1333 2424 rimus
1354 2384 1587 2436 negligeuteS,
1610 2396 1781 2434 magnum
1805 2381 1852 2419 sit
1883 2381 1985 2420 nobis
2010 2383 2172 2422 studium

1218 2445 1377 2496 virtutis,
1400 2454 1434 2483 et
1460 2453 1597 2496 gratam
1616 2442 1837 2481 voluntatem
1869 2442 2110 2492 ostendamus,
2131 2455 2169 2482 ut

1215 2506 1377 2547 eamdem
1391 2520 1498 2557 quam
1512 2506 1595 2543 Sem
1611 2513 1644 2542 et
1663 2503 1818 2556 Japheth
1834 2517 2094 2554 consequamur
2107 2506 2166 2544 be-

1214 2569 1451 2608 nedictionem
1470 2583 1478 2603 :
1499 2575 1532 2604 et
1551 2574 1590 2603 ut
1608 2580 1628 2603 a
1649 2564 1897 2602 maledictione
1924 2573 1957 2601 et
1983 2564 2166 2614 servitute,

1213 2644 1320 2683 quam
1340 2629 1508 2667 Chanaan
1535 2625 1686 2678 accepit,
1714 2624 1923 2674 liberemur,
1951 2633 1984 2661 et
1997 2638 2040 2662 ne
2053 2625 2165 2664 simus

1210 2692 1304 2731 servi
1325 2689 1472 2743 peccati,
1495 2687 1558 2725 sed
1577 2700 1699 2724 veram
1718 2684 1934 2737 possidentes
1951 2685 2163 2733 libertatem,

112 2751 344 2800 κτησάμενοι,
371 2754 441 2789 τῶν
463 2753 670 2806 ἀποῤῥήτων
689 2754 828 2793 ἐκείνων
857 2756 993 2806 ἀγαθῶν
1015 2756 1136 2795 ἐπιτύ-
1161 2775 1185 2806 c
1210 2748 1502 2790 ineffabiliabona
1517 2744 1771 2797 adipiscamur,
1790 2742 1902 2793 gratia
1919 2743 2161 2782 etmisericor„

112 2827 243 2863 χωμεν,
265 2812 382 2864 χάριτι
417 2813 476 2851 καὶ
504 2815 747 2868 φιλανθρωπίᾳ
779 2819 838 2854 τοῦ
873 2816 1002 2869 Κυρίου
1032 2820 1134 2868 ἡμῶν

114 2871 228 2919 Ἰησοῦ
260 2873 431 2924 Χριστοῦ,
451 2877 526 2924 μεθ’
554 2868 592 2913 οὗ
622 2878 673 2929 τῷ
699 2877 837 2930 Πατρὶ,
857 2877 932 2928 ἅμα
962 2880 1012 2931 τῷ
1044 2879 1133 2932 ἁγίῳ

1207 2813 1266 2852 dia
1288 2809 1434 2850 Domini
1460 2806 1568 2846 nostri
1585 2806 1667 2845 Jesu
1689 2802 1836 2850 Christi,
1857 2817 1938 2841 cum
1958 2818 2028 2855 quo
2048 2806 2157 2850 Patri,

1208 2874 1317 2915 simul
1345 2881 1378 2911 et
1410 2869 1562 2923 Spiritui
1583 2875 1702 2905 sancto
1721 2865 1766 2904 sit
1786 2864 1916 2918 gloria,
1950 2857 2156 2919 imperium,

154 3002 170 3026 1,
186 3002 337 3042 Quatuor
357 3003 433 3035 Mss.
457 3010 635 3050 ὀρεγομένην
657 3013 710 3046 τὴν
734 3011 825 3053 φύσιν,
841 3015 941 3051 atque
966 3009 1012 3040 ita
1036 3007 1117 3051 legit
1145 3008 1200 3040 alii
1228 3014 1346 3051 putant
1370 3005 1421 3037 hic
1442 3002 1483 3035 «le
1506 2997 1699 3034 Nemhrodo
1722 2997 1791 3041 agi,
1808 2996 1939 3041 dicique
1957 2999 2062 3040 ipsum
2080 3011 2157 3041 pro-

110 3059 201 3085 tetus
218 3052 397 3098 Inter-pres.

152 3115 166 3129 ⁸
181 3101 307 3148 ἔγγονον
320 3113 467 3152 ἐσχηκότα
484 3115 534 3144 τὸν
550 3108 673 3156 Ᾰσσοὺρ.
688 3111 790 3143 Vetus
807 3111 976 3154 Inter-pres
985 3140 994 3155 ‚
1009 3124 1112 3156 nepo-

110 3163 170 3187 tem
185 3168 316 3201 quoque
333 3160 462 3201 Assur,·
481 3172 540 3193 nos
555 3165 725 3203 vertimus,
742 3175 785 3196 ex
800 3175 867 3206 quo
881 3172 972 3197 ortus
988 3165 1110 3198 Assur.

107 3210 205 3260 Assur
220 3220 297 3253 ergo
320 3219 416 3252 putat
438 3213 698 3258 Clirysostomus
724 3227 763 3248 ex
788 3216 983 3250 Nembtodo
1000 3227 1111 3251 ortum

110 3271 177 3292 osse
201 3269 316 3294 contra
332 3275 430 3306 quam
456 3264 572 3309 legitur
591 3266 622 3299 in
639 3267 756 3300 eodem
774 3280 863 3301 nono
883 3272 991 3313 capite
1002 3271 1111 3303 Gene—

108 3323 179 3343 sws
192 3338 199 3350 ,
219 3310 275 3344 ubi
290 3314 387 3346 Assur
404 3315 488 3349 filius
502 3317 590 3350 Semi
606 3317 741 3351 dicitur.
761 3321 871 3353 Locus
886 3330 996 3354 autem
1014 3334 1111 3365 quem

109 3363 161 3394 δύο
187 3364 341 3407 explanat
364 3367 641 3412 Cbrysostomu³‚
668 3382 786 3414 nempe
815 3386 820 3403 t
855 3373 908 3406 De
933 3381 1017 3406 term
1044 3374 1106 3406 ‹lla

109 3427 253 3459 egressus
270 3425 316 3450 est
331 3418 454 3461 Assur,
477 3423 564 3455 rarle
589 3421 772 3467 explicatur
789 3424 832 3458 ab
848 3425 1104 3469 interpretihus3

1144 3060 1267 3093 sectum
1285 3070 1352 3091 esse
1368 3056 1410 3088 (le
1425 3064 1509 3087 terra
1520 3054 1668 3086 sennaar
1685 3052 1796 3088 Assur,
1809 3048 1842 3082 id
1859 3057 1909 3082 est
1923 3051 1954 3082 ln
1973 3053 2152 3096 Assyriam,

1146 3120 1179 3145 et
1196 3111 1372 3145 :edificasse
1390 3110 1528 3141 Numen
1544 3114 1608 3137 etc.
1626 3103 1686 3136 Alii
1701 3102 1819 3135 dicunt
1833 3102 1883 3134 his
1900 3102 2039 3136 indicari
2056 3107 2153 3137 Assur

1147 3165 1249 3197 filium
1274 3164 1349 3196 Sem
1371 3161 1508 3193 exivisse
1524 3157 1565 3189 de
1585 3164 1671 3188 terra
1688 3155 1836 3188 Sennaar
1853 3162 1885 3186 et
1902 3154 2079 3188 aedificasse
2095 3159 2154 3188 Ni-

1146 3218 1242 3250 niven
1260 3224 1323 3248 etc.
1356 3215 1407 3245 cui
1425 3210 1573 3254 opinioni
1589 3208 1703 3241 favent
1718 3207 1810 3239 Lxx
1828 3207 2048 3249 Interpretes,
2067 3209 2153 3241 sanet

1146 3270 1246 3302 etiam
1274 3266 1427 3306 Vulgata.
1447 3263 1530 3295 lluic
1554 3271 1632 3304 ergo
1652 3257 1809 3291 libentius
1833 3256 2018 3300 adstipulor
2043 3260 2153 3293 multis

1145 3323 1186 3356 de
1213 3322 1336 3360 causis,
1352 3330 1433 3360 quas
1461 3315 1513 3347 hic
1541 3322 1708 3345 recensere
1732 3310 1890 3353 longioris
1912 3319 1995 3343 esset
2017 3322 2123 3354 opera>
2145 3330 2148 3344 :

1142 3372 1358 3417 quamobrem
1378 3381 1427 3401 res
1445 3364 1535 3400 aliud
1553 3365 1584 3398 in
1603 3372 1732 3406 tempus
1750 3363 1938 3395 remittatur
1959 3371 2104 3406 oportet.
