2433 3775
732 219 771 247 ΙΝ
811 218 912 248 CAP.
952 218 981 248 1.

102 310 215 357 μονεῖν
246 303 493 355 βουλομένους,
514 303 573 340 καὶ
594 300 850 347 ἐκπλήττεσθαι
870 301 1129 354 παρασκευάζει

98 369 160 413 τῆς
190 363 450 418 φιλανθρωπίας
480 364 584 407 αὐτοῦ
612 362 652 401 τὸ
681 361 848 413 μέγεθος,
883 362 937 400 ὅτι
967 365 1029 409 τ’ῆς
1066 365 1127 401 ἀπ’

101 426 212 463 αὐτῶν
243 424 377 476 βλάὸης
411 423 628 476 ἠλευθέρωσε
659 423 722 470 τὴν
742 427 810 461 τῶν
840 423 1030 475 ἀνθρώπων
1064 423 1129 476 φό-

1020 483 1036 504 ¹'
1045 485 1129 537 παρ’

101 502 169 525 σιν.
199 485 290 524 Οὐδὲ
310 485 380 538 γὰρ
409 487 456 528 εἷς
481 484 602 537 χρείαν
630 487 715 535 ἡμῖν
741 484 843 535 μόνον
866 484 1004 523 ἅπαντα

100 549 205 586 αὐτοῦ
226 547 542 599 δεδημιούργηται,
578 546 669 584 ἀλλὰ
699 546 757 584 διὰ
787 546 850 593 τὴν
873 545 1006 592 πολλὴν
1029 547 1131 584 αὐτοῦ

102 607 325 661 φιλοτιμίαν,
347 607 391 646 τὰ
414 607 476 659 μὲν
500 610 548 652 εἰς
578 607 722 661 χρείαν,
742 606 786 645 τὰ
813 606 848 644 δὲ
869 605 928 644 καὶ
957 605 1014 644 διὰ
1032 610 1132 644 τοῦτο

100 669 292 722 παρήχθη,
311 668 390 707 οἵνα
421 668 636 720 κηρύττηται
666 670 725 705 τοῦ
762 666 971 713 ποιήσαντος
994 666 1082 704 αὐτὰ
1109 669 1130 712 ἡ

103 730 259 782 δύναμις.
276 730 424 769 Ἀκούων
441 730 574 775 τοίνυν,
601 730 654 768 ὅτι
672 722 774 767 Εἶδεν
795 731 813 766 ὁ
832 727 922 770 Θεὸς
943 726 995 766 ὅτι
1016 727 1107 766 καλὰ
1123 758 1132 775 ,

102 792 228 842 μηκέτι
247 792 362 842 τόλμα
383 790 669 842 ἀντιφθέγγεσθαι
694 792 736 840 τῇ
768 788 841 840 θείᾳ
869 789 1012 841 Γραφῇ,
1044 787 1132 838 μηδὲ

99 852 385 905 περιεργάζεσθαι
401 851 460 888 καὶ
473 852 795 901 πολυπραγμονεῖν,
814 849 873 886 καὶ
891 848 1018 901 λέγειν,
1030 849 1086 888 διὰ
1098 849 1133 887 τί

98 913 138 951 τὸ
155 912 214 951 καὶ
235 912 274 950 τὸ
294 912 447 963 ἐγένετο;
471 911 541 949 Καὶ
561 910 746 962 εὐλόγησεν
762 909 850 948 αὐτὰ
867 911 884 947 ὁ
901 909 1008 958 Θεὸς,
1028 910 1130 962 φησὶ,

98 972 160 1011 καὶ
177 966 272 1010 εἶπεν
283 987 290 995 ·
308 971 492 1016 αὐξάνεσθε
503 1001 513 1018 ,
525 971 585 1009 καὶ
600 971 830 1018 πληθύνεσθε,
847 970 906 1009 καὶ
921 970 1132 1025 πληρώσατε

98 1034 143 1074 τὰ
158 1034 267 1073 ὕδατα
284 1032 329 1071 τὰ
345 1035 380 1072 ἐν
399 1038 473 1076 ταῖς
493 1032 685 1076 θαλάσσαις
697 1062 707 1080 ,
724 1031 784 1070 καὶ
811 1031 855 1071 τὰ
879 1032 1023 1071 πετεινὰ
1041 1038 1131 1079 πλη-

98 1094 321 1134 θυνέσθωσαν·
339 1093 398 1132 ἐπὶ
421 1097 482 1140 τῆς
501 1096 576 1145 γῆς.

152 1278 278 1327 ιιΑὕτη
309 1279 401 1317 ἐστὶν
425 1282 448 1327 ἡ
479 1279 636 1330 εὐλογία,
655 1280 694 1319 τὸ
714 1282 761 1324 εἷς
780 1281 914 1327 πλῆθος
944 1279 1033 1318 αὐτὰ
1053 1282 1133 1318 ἐπι-

101 1340 230 1379 δοῦναι.
259 1340 408 1387 Ἐπειδὴ
425 1339 492 1392 γὰρ
511 1340 656 1393 ἔμψυχα
673 1335 716 1387 ἦν
732 1340 777 1380 τὰ
804 1344 876 1386 ζῶα
897 1340 942 1379 τὰ
967 1342 1133 1394 δημιουρ-

99 1401 267 1453 γηθέντα,
287 1400 450 1440 ἐδούλετο
478 1401 514 1439 δὲ
545 1403 686 1449 διηνεκῆ
719 1402 852 1441 τούτων
870 1396 957 1440 εἷναι
982 1402 1045 1449 τὴν
1073 1401 1132 1441 σύ·

100 1477 244 1502 στασιν·
273 1461 331 1501 διὰ
354 1465 458 1501 τοῦτο
491 1461 667 1514 ἐπήγαγε·
689 1462 761 1501 Καὶ
792 1463 978 1515 εὐλόγησεν
1004 1462 1092 1501 αὐτὰ
1116 1465 1134 1501 ὁ

103 1524 211 1570 Θεὸς,
224 1523 284 1563 καὶ
303 1517 398 1563 εἶπεν
411 1539 420 1547 ·
441 1523 646 1573 αὐξάνεσθε,
665 1524 725 1563 καὶ
745 1525 972 1572 πληθύνεσθε.
996 1524 1049 1563 Τὸ
1066 1524 1134 1579 γὰρ

100 1587 197 1637 ῥῆμα
223 1587 335 1624 ἐκεῖνο
368 1585 473 1639 μέχρι
498 1589 559 1624 τοῦ
584 1584 755 1639 παρόντος
781 1589 894 1625 ταῦτα
923 1591 1133 1639 συγκρατεῖ,

99 1647 159 1684 καὶ
180 1650 322 1685 τοσοῦτο
341 1648 464 1698 ’μ’ῆκος
490 1646 615 1699 χρόνου
647 1647 875 1699 παρέδραμε,
896 1647 957 1685 καὶ
986 1647 1064 1687 οὐδὲ
1096 1647 1131 1686 ἒν

99 1707 228 1746 τούτων
249 1707 344 1761 γένος
363 1707 563 1756 ἠλαττώθη.
593 1707 638 1746 ‘H
661 1707 729 1760 γὰρ
756 1708 897 1760 εὐλογία
916 1712 938 1757 ἡ
955 1709 1052 1761 παρὰ
1071 1712 1131 1748 τοῦ

99 1770 212 1817 Θεοῦ,
237 1767 354 1808 καὶτὸ
373 1772 470 1820 ῥῆμα
485 1769 525 1808 τὸ
552 1768 666 1821 λέγον,
687 1769 880 1814 Αὐξάνεσθε
907 1770 967 1808 καὶ
1000 1769 1134 1818 πληθύ-

102 1833 197 1869 νεσθε
210 1859 220 1877 ,
241 1829 304 1878 τὴν
332 1829 498 1869 σύστασιν
515 1832 628 1873 αὐτοῖς
651 1831 711 1868 καὶ
734 1830 797 1877 τὴν
819 1830 986 1882 διαμονὴν
1001 1830 1132 1878 ταύτην

95 1891 240 1941 ῥίπασαν
260 1891 461 1943 ἐχαρίσατο.
481 1891 551 1929 Καὶ
575 1890 730 1942 ἐγένετο,
760 1891 877 1943 φησὶν,
906 1891 1057 1943 ἑσπέρα,
1074 1893 1134 1930 καὶ

100 1950 238 2002 ἐγένετο
252 1950 366 2003 πρωῒ,
389 1951 507 2002 ἡμέρα
522 1951 680 2001 πέμπτη.
698 1945 799 1995 Εἶδες
813 1953 888 1995 πῶς
907 1951 965 1989 καὶ
983 1949 1026 1989 τὰ
1041 1950 1132 1989 κατὰ

99 2011 164 2058 τὴν
194 2011 361 2062 πέμπτην
382 2011 518 2063 ἡμέραν
547 2011 847 2064 δημιουργηθέντα
875 2013 947 2056 ζῶα
979 2011 1132 2056 ἐδίδαξεν

99 2074 193 2124 ἡμᾶς
224 2076 246 2119 ἡ
285 2072 360 2110 θεία
395 2072 536 2125 Γραφή,
557 2071 661 2110 Ἀλλὰ
694 2073 817 2125 μικρὸν
847 2073 1048 2123 ἀνάμεινον,
1071 2072 1131 2110 καὶ

97 2134 176 2185 ὄψει
189 2134 296 2172 πάλιν
311 2137 370 2171 τοῦ
388 2136 448 2171 σοῦ’
466 2131 647 2171 Δεσπότου
666 2132 730 2180 τὴν
745 2133 1020 2185 φιλανθρωπίαν.
1037 2133 1130 2172 Οὐδὲ

96 2196 164 2247 γὰρ
187 2193 290 2246 μόνον
307 2194 352 2232 τὰ
372 2193 483 2232 ὕδατα
504 2194 591 2247 πρὸς
618 2193 682 2240 τὴν
701 2197 770 2233 τῶν
792 2194 890 2239 ζώων
904 2195 1038 2246 γένεσιν
1054 2195 1128 2242 διή-

94 2271 221 2309 γειρεν,
239 2255 330 2294 ἀλλὰ
348 2255 408 2294 καὶ
435 2257 474 2293 ἐκ
502 2258 564 2302 τῆς
578 2258 642 2306 γῆς
662 2255 770 2294 πάλιν
785 2256 997 2303 ἀναδοθῆναι
1016 2272 1124 2308 προσ-

95 2317 191 2362 έταξε
207 2319 279 2361 ζῶα
297 2322 459 2370 χερσαῖα.
477 2315 589 2355 Οὐδὲν
605 2316 674 2370 γὰρ
697 2316 825 2356 ἄτοπον
847 2317 970 2369 μικρὸν
987 2318 1127 2370 ἐφάψα-

94 2381 175 2417 σθαι
196 2378 349 2430 σήμερον
366 2377 426 2416 καὶ
444 2380 513 2415 τῶν
530 2377 621 2416 κατὰ
645 2377 707 2425 τὴν
724 2377 828 2424 ἕκτην
848 2378 983 2431 ἡμέραν
1003 2383 1126 2431 ῦγενο-

94 2438 221 2490 μένων.
252 2440 322 2478 Καὶ
349 2433 442 2487 εἶπε,
461 2438 580 2491 φησὶν,
610 2441 628 2476 ὁ
660 2439 771 2484 Θεός·
793 2438 992 2492 ἐξαγαγέτω
1024 2445 1046 2488 ἡ
1079 2444 1124 2493 γῆ

92 2500 209 2553 ψυχὴν
228 2503 340 2545 ζῶσαν
355 2499 448 2539 κατὰ
469 2500 582 2552 γένος,
601 2501 800 2554 τετράποδα
820 2501 879 2540 καὶ
902 2503 1048 2556 ἑρπετὰ,
1064 2503 1124 2542 καὶ

95 2561 198 2614 θηρία
222 2562 280 2600 ἐπὶ
297 2563 360 2608 τῆς
378 2565 462 2613 γῆς,
487 2561 547 2599 καὶ
567 2561 612 2599 τὰ
630 2561 760 2609 κτήνη,
793 2562 852 2600 καὶ
872 2563 988 2603 πάντα
1004 2564 1048 2603 τὰ
1063 2567 1123 2617 ἑρ-

93 2622 184 2662 πετὰ
203 2625 266 2670 τῆς
294 2625 357 2675 γῆς
388 2621 480 2660 κατὰ
499 2621 605 2674 γένος.
626 2622 697 2661 Καὶ
728 2623 862 2674 ἐγένετο
887 2623 1006 2669 οὕτως.
1025 2624 1124 2678 ”Ορα

94 2683 154 2722 καὶ
177 2682 240 2731 τὴν
257 2685 323 2735 γῆν
346 2683 453 2721 πάλιν
474 2683 600 2729 διπλῆν
619 2683 858 2736 καρποφορίαν
881 2685 1121 2738 παρέχουσαν,

93 2744 222 2797 καὶτῷ
251 2744 500 2796 προστάγματι
527 2747 588 2782 τοῦ
620 2744 799 2783 Δεσπότου
828 2747 1124 2798 ὗπηρετουμένην.

94 2803 186 2842 Τότε
205 2803 267 2855 μὲν
283 2803 350 2855 γὰρ
369 2806 439 2841 τῶν
460 2803 671 2856 σπερμάτων
694 2803 757 2850 τὴν
787 2804 942 2856 βλάστην
962 2805 1126 2854 ἐξέδωκε,

92 2867 150 2901 νῦν
169 2864 205 2902 δὲ
232 2867 305 2908 ζῶα
331 2863 491 2916 ἔμψυχα,
517 2863 733 2915 τετράποδα,
763 2866 909 2917 ἑρπετὰ,
934 2866 1037 2919 θηρία
1065 2867 1126 2906 καὶ

93 2925 214 2973 κτήνη.
236 2924 324 2963 Ἰδοὺ
341 2925 427 2977 ὅπερ
450 2925 555 2976 ἔφθην
571 2925 691 2973 εἰπὼν,
709 2931 809 2965 τοῦτο
826 2927 886 2965 καὶ
908 2931 966 2966 νῦν
987 2929 1125 2967 δείκνυ-

1021 217 1183 247 etim-25.

2091 208 2152 253 (3¹3

1201 299 1334 338 minam
1357 299 1423 338 tibi
1440 300 1631 339 utilitatem
1654 301 1737 339 binc
1756 303 1918 340 exoriri?
1941 304 2079 343 Etenim
2103 322 2155 344 sa-

1199 375 1282 413 pere
1309 361 1466 400 volentes
1493 360 1542 399 ad
1562 362 1628 400 Dei
1659 362 1820 400 notitiam
1852 363 2100 414 introducunt,
2125 377 2158 404 et

1199 422 1409 479 stupendam
1433 423 1604 462 exhibent
1634 423 1864 475 benignitatis
1885 425 1961 476 ejus
1980 427 2157 476 magnitu-

1198 483 1344 533 dinem,
1366 484 1463 536 quod
1492 485 1538 523 ab
1559 499 1681 523 eorum
1715 486 1935 523 nocumentis
1961 486 2159 526 humanum

1199 558 1310 596 genus
1326 546 1543 585 liberaverit.
1562 546 1682 598 Neque
1699 546 1793 585 enim
1809 547 1855 584 ob
1876 556 2033 585 nostram
2052 546 2158 586 dum—

1200 615 1299 644 taxat
1319 606 1509 644 utilitatem
1537 621 1575 645 ea
1596 607 1713 645 omnia
1734 608 1824 646 sacta
1852 617 1935 646 sunt
1948 638 1960 658 ‚
1979 608 2042 646 sed
2061 618 2094 647 et
2113 610 2160 647 ob

1200 666 1409 705 immensam
1444 668 1556 720 ipsius
1588 668 1890 719 magnificentiam
1921 685 1929 706 ε
1962 669 2031 708 alia
2065 670 2158 708 enim

1199 737 1346 780 propter
1373 738 1530 767 nostram
1556 729 1746 768 utilitatem
1781 731 1864 768 secit
1881 761 1890 777 ‚
1914 731 1983 769 alia
2017 741 2161 785 propter

1200 802 1301 825 suam
1326 789 1645 840 magnificentiam,
1669 799 1707 827 ut
1738 791 1851 842 magis
1874 792 2031 830 Factoris
2064 807 2159 845 pra]-

1199 848 1339 886 dicetur
1352 850 1525 902 potentia.
1540 851 1631 888 Cum
1647 850 1752 889 andis
1768 851 1888 903 itaque
1899 882 1911 902 ,
1931 855 2035 891 Vidit
2055 855 2160 892 Deus

1199 912 1306 964 quod
1333 921 1458 950 essent
1479 914 1607 950 bona:
1627 926 1670 950 ne
1689 913 1785 952 ausis
1803 914 1895 951 ultra
1914 913 2047 952 divinae
2067 916 2161 953 Scri-

1200 983 1313 1026 pturae
1335 974 1592 1023 contradicere,
1611 988 1652 1012 ac
1665 975 1840 1013 curiosius
1856 975 2048 1026 inquirere,
2065 975 2162 1014 dice-

1199 1048 1306 1086 reque
1325 1051 1333 1072 :
1356 1035 1478 1082 Quare
1492 1037 1590 1074 Deus
1615 1035 1684 1074 boc
1711 1036 1769 1075 vel
1792 1036 1883 1075 illud
1905 1037 2012 1075 fecit?
2029 1039 2083 1075 Et
2104 1040 2163 1075 be-

1202 1097 1350 1134 nedixit
1376 1097 1450 1135 illa
1473 1098 1597 1144 Deus,
1622 1097 1737 1148 inquit
1752 1127 1763 1148 7
1786 1106 1822 1136 et
1842 1099 1942 1136 discit
1962 1114 1973 1134 .·
1994 1099 2163 1136 Crescite

1201 1166 1238 1196 et
1253 1159 1586 1210 multiplicamini,
1603 1167 1639 1197 et
1657 1160 1814 1211 implete
1827 1174 1952 1211 aquas
1970 1163 2134 1198 marium
2150 1177 2160 1197 .-

1200 1228 1237 1257 et
1261 1221 1446 1258 volatilia
1467 1221 1777 1273 multiplicentur
1795 1235 1909 1274 super
1927 1231 2081 1260 terram.

1255 1281 1291 1318 5.
1307 1281 1392 1319 Haec
1413 1290 1465 1319 est
1479 1280 1556 1333 ipsa
1572 1280 1788 1330 benedictio,
1807 1291 1846 1320 ut
1866 1296 1994 1334 magno
2014 1297 2162 1321 numero

1202 1341 1263 1379 illa
1278 1351 1488 1394 augeantur.
1498 1344 1590 1381 Nam
1603 1343 1689 1394 quia
1702 1343 1864 1382 viventes
1880 1353 2049 1382 creaturae
2064 1355 2163 1383 erant

1226 217 1381 246 noant..
1425 218 1502 247 vn.

1170 1413 1174 1417 ’
1201 1403 1386 1454 animalia,
1409 1403 1626 1456 volebatque
1642 1404 1705 1443 illa
1720 1415 1891 1458 perpetuo
1908 1420 2062 1454 manere,
2083 1406 2162 1445 ideo

1202 1463 1389 1502 subdidit:
1418 1467 1472 1503 Et
1507 1466 1702 1504 benedixit
1731 1467 1804 1504 illa
1824 1468 1954 1517 Deus,
1975 1475 2012 1505 et
2031 1469 2131 1505 dixit
2150 1485 2159 1504 :

1203 1524 1374 1561 Crescite
1385 1532 1422 1562 et
1435 1525 1763 1576 multiplicamini.
1779 1524 1943 1565 Verbum
1958 1526 2053 1563 enim
2070 1525 2161 1563 illud

1203 1584 1366 1636 usquein
1388 1594 1597 1638 praesentem
1615 1584 1711 1623 diem
1727 1585 1790 1623 illa
1811 1596 2012 1637 conservat,
2032 1596 2065 1625 et
2084 1597 2161 1625 tan-

1173 1668 1178 1677 ·
1202 1654 1279 1683 tum
1297 1646 1468 1698 praeteriit
1480 1655 1637 1699 tempus,
1657 1660 1769 1698 neque
1785 1662 1896 1685 unum
1908 1648 2037 1686 horum
2050 1663 2160 1700 genus

1202 1706 1435 1745 imminutum
1466 1717 1531 1746 est.
1562 1708 1656 1745 Nam
1686 1708 1890 1746 benedictio
1916 1709 2004 1758 Dei,
2025 1719 2060 1747 et
2081 1724 2161 1748 ver-

1203 1768 1291 1805 bum
1311 1767 1402 1806 illud
1419 1784 1426 1805 :
1446 1770 1615 1807 Crescite
1627 1777 1665 1806 et
1681 1770 2011 1821 multiplicamini,
2022 1780 2062 1809 ut
2075 1771 2160 1808 sub—

1203 1828 1364 1867 sisterent
1376 1837 1409 1866 et
1426 1828 1596 1867 durarent
1609 1829 1682 1866 illis
1695 1829 1857 1868 contulit.
1867 1832 1930 1869 25.
1943 1832 1979 1869 E
1983 1840 1997 1868 t
1996 1833 2159 1884 sactum

1203 1898 1273 1935 est,
1293 1889 1425 1940 inquit,
1444 1903 1618 1941 vespere,
1632 1891 1834 1942 etfactum
1856 1900 1912 1928 est
1932 1906 2060 1938 mane,
2078 1893 2159 1930 dies
2204 1939 2207 1942 y

1203 1953 1373 2003 quintus.
1399 1950 1513 1991 Vides
1536 1950 1714 2002 quomodo
1734 1951 1858 1990 divina
1878 1952 2063 2005 Scriptura
2091 1953 2159 1992 do-

1202 2011 1275 2049 cuit
1294 2025 1374 2061 nos,
1391 2026 1471 2063 qnae
1493 2011 1552 2049 die
1570 2012 1694 2063 quinto
1714 2022 1830 2050 creata
1851 2013 1921 2051 sint
1937 2014 2158 2053 animantia?

1200 2071 1270 2109 Sed
1286 2087 1481 2125 parumper
1501 2082 1681 2125 exspecta,
1707 2082 1741 2111 et
1765 2073 1894 2111 iterum
1921 2074 2061 2113 videbis
2080 2077 2157 2115 Do—

1199 2133 1288 2170 mini
1304 2133 1355 2171 tui
1373 2133 1641 2184 benignitatem.
1656 2134 1779 2184 Neque
1795 2134 1890 2172 enim
1913 2149 2024 2186 aquas
2041 2137 2155 2175 solum

1198 2193 1411 2232 animalium
1426 2193 1660 2246 productione
1674 2194 1844 2233 secundas
1858 2195 1954 2245 fecit,
1963 2197 2026 2235 sed
2039 2197 2156 2236 denuo

1197 2255 1375 2308 praecipit,
1396 2264 1432 2292 ut
1446 2270 1492 2293 ex
1509 2264 1601 2294 terra
1619 2256 1794 2293 terrestria
1816 2256 2061 2309 producantur
2075 2259 2154 2296 ani-

1197 2315 1315 2353 malia.
1332 2317 1412 2354 Non
1430 2316 1495 2354 abs
1514 2330 1551 2354 re
1566 2315 1700 2368 quippe
1716 2316 1783 2355 erit
1798 2316 1905 2356 hodie
1923 2318 2095 2371 attingere
2116 2334 2155 2358 ea

1194 2391 1274 2428 quae
1292 2376 1354 2416 die
1371 2387 1472 2416 sexto
1498 2387 1580 2416 sunt
1599 2378 1702 2416 facta.
1717 2379 1780 2416 Q.
1801 2380 1855 2417 Et
1871 2380 1985 2427 dixit,
2008 2380 2123 2432 inquit
2142 2412 2152 2430 ‚

1195 2440 1302 2477 Deus
1318 2455 1326 2476 :
1345 2440 1546 2478 Producat
1567 2448 1670 2477 terra
1691 2442 1866 2477 animam
1884 2443 2081 2479 viventem
2098 2457 2154 2481 se-

1194 2501 1363 2538 cundum
1370 2514 1504 2552 genus,
1516 2501 1798 2552 quadrupedes,
1809 2509 1845 2539 et
1856 2503 2026 2554 reptilia,
2043 2511 2078 2540 et
2092 2506 2153 2540 be-

1194 2564 1290 2600 stias
1306 2575 1419 2613 super
1435 2569 1577 2599 terram
1592 2576 1602 2596 .·
1617 2570 1653 2599 et
1663 2575 1818 2613 pecora,
1832 2571 1867 2599 et
1891 2565 2022 2600 omnia
2036 2567 2154 2614 repti-

1195 2623 1250 2660 lia
1267 2631 1390 2669 terrae,
1408 2622 1618 2660 secundum
1632 2636 1763 2673 genus.
1779 2624 1815 2660 E
1819 2631 1833 2660 t
1835 2623 1997 2674 factum
2013 2632 2068 2661 est
2083 2626 2151 2662 sic.

1194 2683 1290 2723 Vide
1309 2683 1489 2735 quomodo
1504 2691 1595 2721 terra
1612 2682 1740 2721 iterum
1755 2682 1935 2735 duplicem
1953 2684 2056 2722 nobis
2068 2685 2153 2723 affe-

1194 2755 1250 2783 rat
1263 2746 1432 2792 fructum,
1441 2754 1475 2782 et
1486 2742 1652 2781 mandato
1663 2743 1844 2781 dominico
1856 2744 2152 2785 ministret.Tunc

1194 2806 1340 2858 quidem
1359 2806 1534 2844 seminum
1562 2804 1686 2842 edebat
1714 2805 1888 2855 germina,
1910 2820 2003 2845 nunc
2033 2807 2167 2846 autem*

1195 2867 1354 2907 viventia
1377 2865 1557 2910 animalia,
1585 2863 1829 2916 quadrupedia
1848 2875 1881 2903 et
1898 2867 2040 2919 mptilia
2054 2899 2065 2918 7
2089 2883 2151 2921 pe-

1197 2942 1277 2966 cora
1297 2938 1330 2966 et
1348 2928 1452 2965 feras.
1475 2925 1567 2964 Ecce
1585 2924 1681 2976 quod
1703 2939 1809 2978 supra
1835 2925 1913 2965 dixi
1941 2927 2071 2967 iterum
2089 2929 2150 2967 de-

91 3002 169 3034 ται,
207 2985 261 3024 ὅτι
289 2987 353 3024 1*οὐ
383 2985 440 3023 διὰ
478 2985 601 3037 χρείαν
637 2986 812 3038 ἡμετέραν
848 2987 951 3037 μόνον
986 2989 1126 3027 ἅπαντα
1149 3001 1172 3029 Β
1196 2990 1376 3038 claratur3
1400 3001 1523 3039 nempe
1546 2989 1662 3025 Deum
1681 3000 1751 3024 non
1779 2987 1898 3028 omnia
1917 2988 1963 3026 ad
1991 2999 2150 3028 nostrum

136 3104 153 3128 b
169 3103 250 3145 Reg.
268 3112 350 3134 unus
366 3107 452 3147 παρὰ.
468 3106 520 3135 τοῦ
535 3105 678 3137 δεσπότου
695 3106 753 3137 δεῖ).

1138 3118 1207 3139 esce
1232 3104 1376 3146 videtur,
1402 3112 1438 3136 ιιι
1460 3114 1499 3135 ex
1521 3103 1603 3135 serie
1627 3103 1788 3145 arguitur.
1813 3103 1853 3135 In
1878 3104 1992 3139 Morel.
2017 3105 2150 3138 inferius

135 3165 149 3180 c
165 3155 220 3188 Sic
235 3153 336 3187 Savil.
360 3161 393 3186 et
408 3152 543 3195 quidam
568 3154 660 3197 Mss.;
678 3155 794 3188 Morcl.
813 3167 888 3189 vero
908 3161 954 3191 ἵνα
971 3160 1104 3205 ›impin-ry
1140 3161 1247 3202 posita
1262 3165 1369 3190 erant.

93 3214 145 3243 τοῦ
167 3216 341 3246 ποιήσαντος
356 3210 435 3240 αὐτὰ
451 3214 506 3245 την
521 3209 655 3249 δύναμιν.

1183 3222 1196 3236 a
1212 3209 1348 3243 Coisliu.
1365 3214 1538 3251 γενομένων·
1554 3213 1588 3241 τὸ
1610 3210 1667 3250 μὲν
1692 3212 1750 3252 γὰρ
1773 3215 1832 3241 τῶν
1854 3215 2035 3253 σπερμάτων
2060 3215 2151 3246 ἔδωκε

137 3261 156 3286 d
172 3261 250 3293 Haec
272 3258 390 3299 verba,
417 3261 493 3296 αὕτη
522 3264 600 3293 ἐστὶν
623 3264 640 3298 ἡ
673 3263 790 3302 εὐλογία
795 3284 860 3292 .....
889 3264 1052 3302 ἐπιδοῦναι,
1071 3264 1102 3294 in
1140 3271 1193 3302 τὴν
1209 3267 1324 3306 μάξῃ-α
1338 3260 1426 3304 (sic),
1446 3266 1492 3293 νῦν
1509 3261 1556 3301 δέ,
1575 3259 1704 3291 omissis
1720 3258 1933 3301 interpositis.

95 3310 294 3356 qmbusdam
315 3311 393 3344 Mss.
410 3317 444 3342 et
461 3311 494 3343 in
509 3309 611 3343 savit.
630 3312 778 3354 superius
795 3313 901 3354 posita
918 3322 1012 3355 sunt,
1031 3323 1108 3347 anie

95 3368 195 3404 ἐπςιῦᾑ
218 3364 287 3409 ’γὰρ
310 3367 344 3401 ἦν
366 3368 405 3397 τὰ
431 3369 495 3403 ζῶα
519 3369 600 3404 etc.,
619 3373 800 3406 eorumque
825 3375 920 3397 verus
945 3364 1027 3398 situs
1057 3366 1108 3397 Ιιὶι·
1146 3373 1289 3409 χρείαν...

310 3430 407 3453 TOM.
441 3429 496 3452 tv.

1190 3316 1202 3330 '‘
1222 3316 1261 3346 ln
1291 3312 1378 3344 bunc
1410 3311 1520 3343 locum
1551 3310 1620 3342 lime
1648 3309 1779 3342 notarit
1803 3310 1946 3344 Sarilius
1972 3325 1977 3343 :

2008 3327 2024 3342 “
2044 3329 2075 3348 o)
2103 3331 2150 3348 οιοι

1299 3390 1318 3398 ..
1334 3367 1413 3397 ἀλλὰ
1439 3367 1486 3396 καὶ
1504 3364 1539 3396 δι’
1563 3365 1716 3408 ὠρέλειαυ.
1735 3363 1845 3394 Locus
1870 3371 1935 3403 est,
1958 3365 2018 3397 nisi
2042 3365 2149 3401 fallor.

1918 3417 1942 3454 (ἱ
