2516 3791
671 197 713 226 ΙΝ
752 197 854 226 (ΞᾹΡ.
894 196 988 225 ΧΙΙΙ.

111 288 278 329 στολικῶν
311 283 555 335 ἐπιλαὸόμενοι
568 313 577 330 ,
621 285 748 321 ἐκεῖθεν
793 284 873 334 ὑμῖν
903 283 1030 334 συνεχῆ
1061 280 1124 327 τὴν

111 349 264 390 ἑστίασιν
285 345 533 400 παρεθήκαμεν
549 374 559 392 ,
587 344 721 390 πολλὴν
739 344 802 391 τὴν
818 342 1023 396 παραίνεσιν
1047 341 1127 380 καθ’

110 410 258 454 ἑκάστην
290 408 376 461 πρὸς
409 404 488 449 τοὺς
512 404 636 444 νεωστὶ
668 408 730 452 τῆς
759 405 902 457 χάριτος
923 403 1127 448 ἀξιωθέντας

109 469 351 520 ποιησάμενοι.
391 469 462 506 Νῦν
494 460 552 505 οὖν
582 468 770 518 ἀναγκαῖον
798 469 857 504 τοῦ
888 465 1011 518 χρέους
1037 466 1128 514 ὑμᾶς

109 533 310 581 ὑπομνῆσαι
322 559 330 572 ,
350 529 410 567 καὶ
427 528 505 567 τότε
520 528 584 575 τὴν
603 528 733 566 ἔκτισιν
752 527 979 574 ποιήσασθαι.
1000 527 1044 564 Εἰ
1060 525 1127 576 γὰρ

109 591 169 630 καὶ
189 590 286 629 αὐτοὶ
308 590 365 629 διὰ
385 590 424 628 τὸ
441 590 507 629 ὑπὸ
523 591 661 627 πολλῶν
677 588 920 642 περιέλκεσθαι
938 585 1127 639 φροντίδων

109 651 186 692 οὐδὲ
210 651 284 690 ἴστε
310 655 369 689 τοῦ
399 650 520 702 χρέους
546 649 608 697 τὴν
639 649 760 702 φύσιν,
791 650 852 687 ἅτε
880 648 938 687 καὶ
968 645 1128 698 γυναικὸς

110 713 274 766 φροντίδα
307 712 444 764 ἔχοντες
457 742 466 759 ,
499 711 557 749 καὶ
590 711 724 749 παίδων
746 708 1036 760 ἐπιμελούμενοι,
1068 706 1127 744 καὶ

110 774 198 825 ὑπὲρ
221 776 283 819 τῆς
300 775 535 824 καθημερινῆς
553 773 681 825 τροφῆς
699 770 960 816 σπουδάζοντες,
976 767 1036 805 καὶ
1049 767 1125 805 ἑτέ-

113 851 188 888 ραις
203 835 347 876 πολλαῖς
365 835 544 884 βιωτικαῖς
557 831 820 884 περιελκόμενοι
833 829 1009 883 φροντίσιν
1023 844 1031 852 ·
1050 829 1126 866 ἀλλ’

110 900 212 946 ἠμεις
231 911 279 933 υπ
305 908 438 937 ουοενος
457 908 586 932 τουτων
607 891 811 944 ὀχλούμενοι
826 921 835 938 ,
854 890 914 928 καὶ
931 894 991 929 τοῦ
1006 889 1128 942 χρέους

110 959 199 1008 ὑμᾶς
222 954 552 1005 ὑπομιμνήσκομεν,
582 953 640 990 καὶ
654 952 739 1004 πρὸς
752 951 816 998 τὴν
833 950 998 990 ἀπόδοσιν
1013 965 1128 1002 παρα-

110 1014 356 1065 σκευαζόμεθα.
378 1014 448 1053 Καὶ
468 1014 516 1065 μὴ
537 1013 752 1064 Θαυμάσητε,
771 1014 800 1050 εἰ
815 1011 988 1058 τοσαύτην
1004 1013 1133 1063 εὔγνω-

111 1076 261 1127 μοσύνην
284 1075 560 1125 ἐπιδεικνύμεθα.
581 1074 655 1112 Ἀπ’
671 1074 828 1118 ἐναντίας
843 1074 911 1127 γὰρ
925 1079 994 1117 τοῖς
1010 1075 1130 1120 αἰσθη-

62 1187 68 1193 ,
110 1144 179 1182 τοῖς
198 1137 376 1190 χρήμασίν
397 1138 470 1175 ἐστι
492 1134 612 1174 τούτου
629 1138 688 1172 τοῦ
705 1135 828 1187 χρέους
847 1138 868 1181 ἠ
888 1134 999 1187 φύσις.
1032 1134 1131 1173 Ἐκεῖ

111 1197 175 1248 μὲν
208 1198 275 1250 γὰρ
301 1199 363 1236 οὐκ
394 1197 434 1234 ἄν
457 1212 541 1235 ποτε
572 1195 707 1248 ταχέως
738 1199 756 1234 ὃ
779 1195 925 1248 ὀφείλων
956 1194 1130 1243 τοσαύτην
1153 1203 1178 1234 Ε

111 1258 372 1310 εὐγνωμοσύνην
407 1257 640 1303 ἐπιδείξηται,
674 1256 773 1300 εἰδὼς
794 1256 848 1295 ὅτι
867 1257 906 1295 τὸ
927 1261 1131 1295 καταΟεῖναι

111 1318 155 1356 τὰ
175 1319 379 1372 ὀφειλόμενα
414 1321 507 1370 αὐτῷ
529 1318 590 1369 μὲν
612 1320 750 1356 ἐλαττοῖ
771 1317 835 1364 τὴν
854 1318 974 1356 οὐσίαν
991 1348 999 1365 ,
1023 1321 1073 1370 τῷ
1093 1317 1130 1356 δὲ

112 1380 327 1431 λαμὸἄνοντι
355 1378 447 1424 αὔξει
472 1379 536 1426 τὴν
555 1379 756 1431 περιουσίαν
770 1394 778 1402 ·
801 1379 859 1418 ἐπὶ
881 1378 916 1418 δὲ
934 1383 994 1418 τοῦ
1009 1379 1132 1433 χρέους

111 1440 232 1479 τούτου
262 1445 322 1479 τοῦ
337 1444 571 1490 πνευματικοῦ
590 1444 742 1478 τοιοῦτον
765 1439 881 1478 οὐδέν·
910 1440 1001 1478 ἀλλὰ
1018 1440 1129 1492 ταύτῃ

113 1503 244 1551 μᾶλλον
273 1502 332 1540 καὶ
356 1504 374 1540 ὁ
402 1501 547 1553 ὀφείλων
577 1500 738 1544 καταθεὶς
763 1503 884 1553 πολλῷ
901 1501 1007 1540 πλέον
1025 1503 1131 1540 εὔπο-

1027 192 1188 224 GENES.

1228 193 1382 224 noant..
2057 181 2146 228 :583

1202 293 1270 318 nua
1302 290 1535 333 proponentes
1565 281 1745 330 convivia,
1767 289 1797 318 et
1818 280 1950 318 crebris
1973 283 2150 332 quotidia-

1201 339 1325 391 nisque
1347 339 1651 379 admonitionibus
1674 356 1745 391 cos,
1769 341 1829 392 qui
1852 355 1962 392 nuper
1983 342 2150 394 baptismi

1201 401 1353 452 gratiam
1383 411 1610 455 acceperant,
1638 403 1877 441 exhortantes.
1904 402 2008 440 Nunc
2043 403 2153 453 igitur

1203 461 1435 500 necessarium
1457 472 1509 500 est
1533 472 1573 500 ut
1601 463 1712 501 debiti
1736 477 1871 501 memor
1893 463 1976 512 sim,
1998 472 2030 501 et
2051 464 2153 501 vobis

1202 523 1427 562 satisfaciam.
1439 525 1595 562 Tametsi
1610 524 1704 562 euim
1718 538 1783 562 vos
1801 523 1912 562 debiti
1929 538 2039 575 genus
2055 524 2154 574 igno-

1204 584 1302 633 retis,
1323 594 1444 637 utpote
1473 585 1568 623 curis
1602 585 1725 623 multis
1753 585 1932 638 impliciti,
1955 594 1989 623 et
2011 584 2155 623 solliciti

1203 657 1267 695 pro
1286 645 1473 691 uxoribus,
1487 654 1521 682 et
1536 646 1675 693 liberis,
1694 655 1727 683 ct
1750 646 1955 696 quotidiana
1967 646 2153 694 alimonia,

1203 703 1396 754 multisque
1413 704 1494 742 aliis
1510 706 1740 743 saecnlaribus
1758 707 1908 758 negotiis
1924 721 2072 745 :verum
2091 721 2155 744 nos

1202 763 1265 815 qui
1290 764 1399 802 nullis
1429 763 1464 802 id
1499 778 1609 816 genus
1637 767 1731 803 curis
1761 767 1966 814 turbamur,
1989 777 2021 805 et
2051 768 2155 806 vobis

1201 824 1312 862 debiti
1344 825 1552 863 memoriam
1580 825 1820 876 suggerimus,
1842 835 1875 864 et
1900 827 1945 864 ad
1970 828 2155 866 restituen-

1203 883 1291 923 dum
1318 899 1381 924 nos
1409 900 1589 938 paramus.
1611 887 1731 937 Neque
1763 886 2002 935 admiremini,
2024 889 2052 925 si
2083 898 2156 926 tam

1203 955 1303 998 grato
1335 947 1454 985 animo
1483 947 1521 985 id
1546 956 1768 999 praestamus.
1789 948 1906 1000 Hujus
1926 948 2021 986 enim
2044 949 2157 987 debiti

1203 1021 1314 1059 genus
1335 1023 1355 1046 a
1375 1008 1606 1046 sensibilibus
1636 1009 1797 1061 pecuniis
1822 1007 2005 1048 diversum
2032 1020 2094 1049 est.
2116 1011 2155 1048 In

1203 1069 1276 1108 illis
1288 1069 1381 1107 enim
1403 1083 1599 1120 numquam
1617 1069 1760 1108 debitor
1779 1079 1850 1107 tam
1868 1079 2008 1121 gratum
2028 1086 2101 1123 prae
2121 1086 2158 1110 se

1202 1130 1270 1167 sert
1306 1129 1481 1168 animum.
1519 1130 1594 1168 Scit
1632 1130 1726 1168 enim
1762 1144 1799 1169 se
1832 1130 1952 1169 debita
1988 1132 2158 1170 solvendo

1203 1208 1305 1233 suam
1322 1194 1535 1233 imminuere
1554 1194 1804 1243 substantiam,
1821 1204 1855 1233 et
1870 1195 2076 1248 accipientis
2095 1211 2158 1233 au-

1203 1269 1284 1308 gere
1308 1256 1505 1294 facultates.
1522 1256 1600 1293 Non
1629 1256 1677 1294 ita
1705 1265 1823 1294 autem
1853 1266 1903 1295 est
1929 1257 1963 1295 in
1981 1258 2159 1310 spirituali

1202 1317 1270 1355 hoc
1290 1317 1425 1368 debito,
1446 1316 1509 1355 sed
1528 1316 1562 1355 in
1586 1331 1625 1355 eo
1641 1316 1784 1355 debitor
1801 1318 1889 1356 dum
1905 1318 2026 1367 solvit,
2044 1318 2160 1370 magis

1203 1377 1362 1416 abundat
1376 1377 1531 1425 divitiis,
1549 1387 1582 1416 et
1597 1378 1854 1431 accipientibus
1874 1379 2024 1432 majores
2041 1394 2162 1417 accre-

1203 1448 1307 1477 scunt
1333 1454 1429 1492 opes.
1459 1439 1507 1478 Et
1536 1439 1669 1478 idcirco
1696 1440 1772 1478 illic
1798 1440 1935 1493 ingrata
1963 1439 2161 1481 admodum

1204 1501 1389 1539 voluntate
1410 1500 1468 1552 agi
1496 1500 1601 1550 solet,
1621 1500 1682 1538 hic
1707 1509 1823 1539 autem
1842 1501 2000 1553 utrisque
2020 1502 2162 1539 lucrum

1423 195 1581 225 xxxin.

113 1561 259 1613 ρώτερος
275 1560 384 1609 ἔσται,
400 1561 460 1600 καὶ
474 1568 545 1605 τοῖς
559 1561 779 1613 λαμὸάνουσι
795 1561 921 1613 μείζων
938 1565 960 1609 ἠ
974 1562 1130 1615 εὐπορία.
1143 1593 1192 1618 332
1205 1572 1269 1612 est,
1286 1571 1320 1601 et
1337 1562 1595 1612 dinumeranti,
1614 1572 1647 1601 et
1666 1563 1937 1615 accipientibus.
1959 1562 2005 1601 Et
2024 1563 2092 1601 hoc
2111 1573 2163 1602 est

111 1621 179 1660 Διὰ
198 1627 297 1661 τοῦτο
316 1623 370 1660 ἐπ’
391 1622 530 1661 ἐκείνων
553 1621 614 1674 μὲν
634 1621 746 1670 πολλὴ
771 1625 792 1669 ἡ
817 1623 1048 1674 ἀγνωμοσύνη
1074 1623 1129 1676 γί-
1157 1631 1183 1660 Α
1206 1623 1301 1676 quod
1316 1623 1362 1662 de
1375 1623 1519 1661 caritate
1533 1622 1718 1662 admonuit
1730 1623 1856 1662 beatus
1867 1624 2000 1661 Paulus
2014 1623 2135 1662 dicens
2153 1641 2160 1661 ε

110 1698 207 1721 νεται
223 1698 231 1705 ·
259 1685 404 1722 ἐνταῦθα
427 1683 461 1722 δὲ
482 1683 658 1737 ἑκατέροις
676 1683 764 1722 πολὺ
783 1684 824 1722 τὸ
841 1683 982 1736 κέρδος,
1007 1684 1066 1723 καὶ
1083 1688 1133 1738 τῷ
1206 1687 1365 1724 Nemini
1383 1685 1597 1736 quidquam
1628 1685 1814 1731 debeatis,
1833 1687 1908 1722 nisi
1931 1694 1972 1723 ut
1989 1686 2162 1737 diligatis
2175 1690 2262 1721 Rom.
2279 1691 2362 1721 ι3.8.

112 1743 350 1790 κατατιθέντι,
377 1744 436 1782 καὶ
463 1749 533 1788 τοῖς
556 1744 835 1796 ὑποδεχομένοις.
869 1745 985 1798 ιὈτι-ες)
1001 1746 1061 1785 καὶ
1076 1746 1134 1785 ἐπὶ

112 1807 174 1851 τῆς
206 1803 343 1855 ἀγάπης
371 1804 566 1856 παρῄνεσεν
597 1808 615 1843 ὁ
645 1805 816 1858 μακάριος
845 1807 985 1851 Παῦλος
1009 1807 1134 1858 λέγων,

113 1865 249 1912 Μηδενὶ
277 1864 385 1915 μηδὲν
414 1865 592 1918 ὄφείλητε,
616 1868 646 1904 εἰ
665 1866 714 1916 μὴ
734 1866 773 1904 τὸ
790 1867 962 1914 ἀλλήλους
983 1870 1135 1921 ἀγαπᾷν·

111 1926 247 1969 δεικνὺς
272 1925 326 1965 ὅτι
354 1930 455 1965 τοῦτο
481 1927 521 1966 τὸ
548 1927 648 1980 χρέος
677 1927 731 1966 ἀεὶ
762 1928 825 1979 μὲν
851 1929 1135 1968 καταὸοἱλλεσθαι

115 1986 275 2036 λέγεται,
301 1986 474 2037 μηδέποτε
495 1987 530 2026 δὲ
550 1987 732 2027 παύεσθαι.
767 1989 868 2036 Μήτε
884 1993 974 2041 ὑμᾶς
994 1992 1135 2041 ἀμελεῖν

115 2051 166 2088 δεῖ
181 2050 265 2102 πρὸς
278 2050 340 2098 τὴν
356 2050 530 2103 ὑποδοχὴν
545 2053 912 2103 παρασκευαζομένους
927 2069 934 2077 ·
955 2059 1056 2093 τοῦτο
1069 2053 1136 2107 γὰρ

115 2117 175 2155 καὶ
194 2121 288 2168 ἡμᾶς
305 2116 383 2161 τοὺς
401 2117 686 2162 καταὸοίλλοντας
706 2119 956 2172 εὐπορωτέρους
971 2121 1137 2169 καθίστη-

114 2199 177 2230 σι,
206 2183 265 2222 καὶ
283 2186 364 2234 ὑμῖν
383 2184 539 2227 πλείονος
563 2185 730 2237 ὠφελείας
757 2186 919 2232 ὑπόθεσις
937 2188 1135 2239 γενήσεται.

115 2249 219 2289 Ἐπεὶ
247 2244 304 2288 οὖν
332 2250 474 2297 τοιαύτη
499 2251 619 2290 τούτου
644 2257 704 2291 τοῦ
730 2253 852 2305 χρέους
881 2257 902 2300 ἡ
929 2254 1048 2308 φύσις,
1075 2255 1135 2295 καὶ

114 2317 186 2369 ὅσῳ
212 2317 251 2354 ἂν
278 2317 556 2368 καταὸάλλωμεν
572 2347 582 2365 ,
606 2317 758 2372 τοσούτῳ
784 2321 916 2370 μᾶλλον
940 2324 983 2372 τῇ
1003 2322 1136 2360 πλείονι

115 2385 296 2436 καταῧολῇ
324 2384 388 2432 τὴν
414 2388 544 2424 ἑαυτῶν
571 2386 772 2438 περιουσίαν
793 2387 964 2440 αὔξομεν,
985 2390 1067 2444 φέρε
1095 2391 1136 2438 δὴ

116 2452 236 2490 λοιπὸν
257 2451 448 2502 διδάξωμεν
474 2454 564 2503 ὑμᾶς
583 2453 642 2491 καὶ
662 2459 723 2493 τοῦ
740 2454 863 2507 χρέους
880 2455 944 2502 τὴν
961 2457 1137 2505 ὑπόθεσιν,

118 2517 175 2555 ἵνα
193 2518 254 2555 καὶ
271 2518 367 2556 αὐτοὶ
389 2519 644 2571 προθυμότερον
666 2521 877 2569 ὑποδέξησθε
893 2523 937 2561 τὰ
952 2524 1138 2576 λεγόμενα,

118 2583 177 2621 καὶ
194 2583 256 2631 τὴν
278 2584 452 2636 ἡμετέραν
473 2586 736 2637 εὐγνωμοσύνην
754 2589 1017 2642 ἀποδεξάμενοι,
1039 2593 1136 2643 ἀμεί-

118 2653 228 2702 ψησθε
248 2654 342 2702 ἡμᾶς
359 2654 408 2703 τῷ
429 2652 518 2702 μετὰ
534 2655 686 2700 σπουδῆς
706 2656 893 2708 προσέχειν
908 2664 979 2702 τοῖς
992 2659 1138 2712 λεγομέ-

118 2733 199 2760 νοις.
233 2718 280 2756 Τί
310 2712 367 2756 οῦν
398 2721 472 2757 ἐστι
490 2725 550 2759 τοῦ
573 2721 697 2773 χρέους
715 2726 736 2770 ἡ
757 2722 934 2773 ὓπόθεσις;
961 2724 1057 2764 Ἴστε
1077 2728 1138 2766 καὶ

120 2784 322 2834 μέμνησθε,
353 2784 406 2822 ὅτι
439 2785 484 2824 τὰ
514 2787 604 2825 κατὰ
631 2788 690 2827 τὸν
720 2791 946 2844 πατριάρχην
967 2795 1014 2838 εἷς
1031 2794 1137 2846 μέσον

122 2850 331 2902 ἀγαγόντες,
360 2853 420 2890 καὶ
446 2852 508 2901 τὴν
535 2854 592 2893 διὰ
623 2856 680 2895 τὸν
708 2857 810 2908 λιμὸν
835 2860 1025 2911 γενομένην
1043 2864 1138 2915 αὐτῷ

120 2916 266 2954 κάθοδον
296 2919 342 2962 εἷς
367 2918 538 2970 Αἴγυπτον
555 2952 564 2970 ,
595 2923 654 2961 καὶ
677 2927 739 2971 τῆς
758 2925 878 2979 Σάρας
896 2927 959 2976 τὴν
975 2929 1141 2982 ἁρπαγὴν

122 2981 185 3029 τὴν
204 2983 271 3021 ὑπὸ
293 2989 352 3022 τοῦ
374 2985 512 3037 Φαραὼ
529 2989 763 3041 γεγενημένην
775 3021 785 3039 ,
812 2993 871 3031 καὶ
889 2993 952 3041 τὴν
973 3000 1033 3034 τοῦ
1047 2998 1141 3036 Θεοῦ

122 3052 199 3087 κατ’
222 3051 323 3088 αὐτοῦ
345 3051 581 3102 ἀγανάκτησιν
596 3085 608 3106 ,
631 3057 673 3104 ἣν
692 3057 749 3096 διὰ
764 3059 826 3106 τὴν
841 3061 922 3114 περὶ
937 3061 994 3100 τὸν
1010 3062 1142 3102 δίκαιον

123 3115 286 3169 πρόνοιαν
301 3118 490 3166 ἐποιήσατο
502 3150 511 3167 ,
531 3123 591 3160 καὶ
611 3127 689 3162 κατ’
713 3128 817 3165 αὐτοῦ
831 3157 841 3175 ,
861 3128 920 3166 καὶ
940 3129 1031 3168 κατὰ
1050 3147 1143 3169 παν-

124 3182 185 3226 τὸς,
202 3188 262 3222 τοῦ
276 3183 368 3222 οἴκου
388 3188 510 3236 αὐτοῦ,
531 3193 804 3243 παρασκευάσας
822 3195 912 3244 μετὰ
930 3199 1062 3245 πολλῆς
1082 3203 1144 3247 τῆς
1165 3208 1189 3239 C

125 3251 348 3302 περιφανείας
366 3252 427 3300 τὴν
447 3256 516 3294 ἀπὸ
535 3259 597 3303 τῆς
614 3259 793 3310 Αἰγύπτου
809 3261 974 3302 ἐπάνοδον
995 3266 1144 3313 ποιήσα-

128 3319 206 3354 σθαι
221 3315 278 3354 τὸν
298 3320 521 3374 πατριάρχην
535 3339 542 3347 ·
561 3323 782 3365 Ἔνετείλατο
794 3327 874 3380 γὰρ,
888 3330 988 3382 φησὶ,
1007 3332 1145 3386 Φαραὼ

127 3383 272 3434 ἀνδράσι
300 3385 379 3436 περὶ
397 3385 535 3440 Ἀδραμ
555 3393 833 3445 πμπροπέμψαι
856 3397 976 3445 αὖτὀν,
1003 3398 1062 3436 καὶ
1083 3399 1146 3445 τὴν

341 3451 436 3477 Tou.
462 3455 516 3483 tv.

1207 1749 1384 1784 invicem.
1415 1746 1498 1792 Quo
1532 1744 1692 1791 indicat,
1730 1745 1798 1783 hoc
1829 1744 1992 1783 debitum
2026 1761 2165 1800 semper

1207 1806 1316 1857 solvi,
1331 1815 1366 1844 et
1386 1805 1622 1844 nihilominus
1642 1805 1772 1844 durare
1793 1819 1942 1858 semper.
1961 1808 2083 1858 Neque
2101 1822 2161 1846 ne-

1209 1868 1343 1920 gligere
1374 1880 1438 1905 vos
1468 1875 1619 1918 oportet,
1642 1866 1690 1904 ad
1718 1866 1962 1919 recipiendum
1994 1878 2163 1921 paratos:

1208 1929 1277 1967 hoc
1296 1928 1391 1966 enim
1411 1937 1444 1966 et
1465 1942 1530 1966 nos
1549 1927 1727 1966 debitores
1747 1928 1995 1980 locupletiores
2014 1930 2112 1978 facit,
2132 1940 2166 1969 et

1210 1990 1314 2029 vobis
1328 1988 1474 2041 majoris
1493 1988 1658 2027 utilitatis
1677 1988 1743 2026 erit
1769 1989 1928 2026 materia.
1947 1990 2062 2042 Igitur
2076 2006 2167 2042 quo-

1209 2052 1305 2090 niam
1332 2051 1413 2089 talis
1441 2059 1493 2088 est
1528 2050 1637 2102 liujus
1665 2049 1778 2087 debiti
1811 2059 1950 2099 natura,
1970 2060 2009 2089 ut
2035 2061 2167 2103 quanto

1210 2113 1324 2165 magis
1352 2111 1580 2165 dependitur,
1604 2119 1703 2148 tanto
1730 2111 1904 2149 auctiores
1930 2121 2058 2150 nostrae
2086 2114 2166 2151 red-

1210 2177 1343 2216 dantur
1358 2191 1442 2230 opes
1457 2189 1544 2228 :age
1559 2175 1749 2214 doceamus
1768 2190 1862 2214 nunc
1876 2186 1912 2215 et
1928 2177 2038 2215 debiti
2056 2188 2167 2216 matc-

1211 2239 1316 2288 riam,
1332 2247 1372 2276 ut
1391 2247 1424 2276 et
1443 2237 1512 2290 ipsi
1531 2237 1720 2275 alacriores
1735 2236 1885 2275 dicenda
1904 2239 2120 2292 suscipiatis.
2134 2251 2168 2280 et

1213 2309 1351 2352 gratam
1369 2307 1526 2336 nostram
1541 2297 1763 2336 voluntatem
1785 2308 1966 2351 acceptam
1983 2300 2166 2346 habentes,

1211 2375 1275 2400 nos
1305 2359 1469 2412 diligenti
1500 2357 1726 2396 auscultandi
1764 2358 1883 2397 studio
1916 2363 2162 2400 remuneretis.

1211 2424 1384 2472 Quaenam
1398 2420 1510 2472 igitur
1520 2419 1632 2458 debiti
1645 2420 1819 2458 materia?
1829 2420 1986 2471 Scitis,et
1995 2436 2166 2461 memores

1212 2484 1308 2527 estis,
1331 2481 1473 2535 quando
1489 2481 1533 2520 de
1546 2481 1751 2535 patriarcba
1770 2482 1933 2533 quaedam
1952 2483 1986 2521 in
2007 2484 2164 2522 medium

1211 2544 1409 2593 attulimus,
1429 2542 1607 2595 quomodo
1627 2541 1986 2582 demonstraverimus
2014 2545 2163 2583 descen-

1211 2620 1291 2645 sum
1317 2606 1393 2658 ejus
1419 2604 1455 2642 in
1482 2603 1683 2656 AEgyptum
1709 2612 1855 2655 propter
1880 2604 2028 2644 famem.
2048 2614 2080 2642 et
2108 2620 2164 2643 ra-

1210 2676 1308 2720 ptam
1329 2667 1456 2705 Saram
1473 2679 1493 2702 a
1509 2664 1708 2712 Pharaone,
1730 2673 1762 2701 et
1779 2663 2059 2715 indignationem
2079 2667 2161 2712 Dei,

1212 2743 1320 2781 quam
1346 2727 1381 2765 in
1408 2726 1626 2765 Pharaonem
1654 2734 1689 2763 et
1712 2723 1860 2762 domum
1886 2726 1962 2777 ejus
1998 2727 2045 2764 ob
2063 2742 2164 2766 suam

1211 2805 1293 2842 erga
1309 2791 1448 2842 justum
1466 2801 1590 2825 curam
1608 2785 1769 2834 immisit,
1793 2795 1825 2824 et
1838 2786 1991 2825 reditum
2007 2790 2162 2841 patriar:

1212 2852 1287 2891 chae
1306 2851 1351 2889 ab
1370 2849 1529 2901 AEgypto
1547 2860 1675 2898 magna
1697 2861 1777 2884 cum
1800 2847 1928 2898 gloria.
1951 2850 2163 2888 filandavit

1213 2916 1329 2958 enim,
1354 2910 1484 2961 inquit,
1507 2910 1666 2947 Pharao
1685 2910 1784 2946 viris
1805 2923 1920 2961 super
1934 2910 2102 2957 Abram,
2121 2923 2161 2950 ut

1213 2974 1408 3012 deducant
1427 2983 1527 3016 eum,
1545 2977 1580 3006 et
1601 2982 1758 3006 uxorem
1774 2971 1868 3021 ejus,
1880 2979 1916 3008 et
1933 2975 2063 3010 omnia
2079 2988 2164 3026 quw

1215 3035 1401 3080 habebat,
1425 3039 1460 3068 et
1499 3031 1569 3067 Lot
1603 3043 1688 3067 cum
1728 3044 1783 3067 eo.
1812 3030 2004 3069 Ascendit
2034 3043 2165 3071 autem

1215 3095 1369 3133 Abram
1396 3106 1443 3129 ex
1476 3091 1666 3142 AE’gy‘pw,
1698 3092 1778 3141 ipse
1804 3099 1840 3128 et
1870 3105 1968 3129 uxor
1993 3096 2098 3146 ejus,
2129 3105 2165 3133 et

1214 3157 1345 3194 omnia
1353 3167 1438 3205 qnoe
1447 3159 1557 3189 erant
1568 3151 1687 3199 illius,
1696 3159 1732 3189 et
1743 3152 1815 3189 Lot
1828 3165 1916 3190 cum
1930 3156 2011 3204 ipso
2024 3157 2065 3192 in
2078 3157 2167 3194 soli-

1217 3216 1400 3254 tudinem.
1424 3212 1492 3250 llic
1517 3225 1712 3250 sermonem
1737 3212 1886 3250 missum
1912 3215 2073 3264 fecimus,
2094 3231 2166 3255 mc-

1216 3277 1356 3326 diisque
1374 3273 1501 3311 diebus
1520 3272 1720 3311 doctrinam
1740 3275 1989 3313 transtulimus
2007 3275 2042 3314 in
2061 3291 2168 3327 argu-

1218 3345 1333 3384 menta
1366 3343 1451 3372 tunc
1486 3332 1655 3385 temporis
1683 3335 1916 3373 occurrentia.
1944 3335 2030 3374 Ideo
2065 3337 2171 3376 hodie

1219 3410 1334 3450 opcrae
1359 3394 1514 3447 pretium
1543 3393 1663 3446 fucrit,
1690 3403 1726 3432 ut
1755 3395 1878 3433 scriem
1903 3405 2114 3447 repetamus,
2141 3409 2173 3435 ct

1942 3451 1990 3487 ’.ιῦ
