2516 3791
647 190 688 219 IN
727 184 827 220 cxl).
868 189 1010 219 xxvii.

88 278 178 319 κακὰ
197 276 438 330 εὓρισκώμεθα
464 275 621 329 χείρους,
642 275 859 320 Ἕννοοῦντες
879 275 991 314 τοίνυν
1005 306 1014 323 ,
1035 292 1108 313 πα-

87 340 245 394 ρακαλῶ,
263 338 323 376 καὶ
337 340 398 384 τῆς
417 335 589 389 τιμωρίας
615 339 679 382 τῆς
699 340 768 376 ἐκεῖ
791 338 975 388 γινομένης
992 338 1031 375 τὸ
1051 336 1110 387 μέ-

85 403 197 452 γεθος,
220 399 279 437 καὶ
295 402 356 445 τῆς
377 397 544 450 αἰσχύνης
565 401 626 444 τῆς
642 401 788 437 ἐνταῦθα
812 398 876 445 τὴν
901 398 1111 451 ὑπερὸολὴν,

85 461 146 514 ὀψὲ
170 466 248 513 γοῦν
263 475 347 498 ποτε
366 459 430 506 τὴν
450 459 580 498 οἰκείαν
606 461 802 512 ἐπιγνῶμεν
830 459 1005 511 εὐγένειαν
1018 490 1028 506 ,
1054 459 1113 496 καὶ

84 521 283 572 πειθώμεθα
302 524 345 573 τῇ
366 526 425 560 τοῦ
443 522 592 573 Χριστοῦ
607 520 838 574 διδασκαλίᾳ,
859 521 918 558 καὶ
940 521 988 571 μὴ
1011 520 1113 571 μόνον

84 582 162 627 τοὺς
177 585 385 633 ἀγαπῶντας
401 585 593 634 ἀγαπῶμεν
608 582 772 633 γνησίως,
784 589 901 621 πᾶσαν
919 581 1114 633 βασκανίαν

83 643 143 682 καὶ
164 643 286 697 φθόνον
313 643 520 695 ἐξορίζοντες
539 647 600 690 τ’ἧς
624 645 755 681 ἑαυτῶν
777 645 903 695 ψυχῆς,
931 641 1021 680 ἀλλὰ
1049 640 1114 679 κᾶν

82 704 268 756 ἐχθρωδῶς
286 719 375 747 τινες
395 697 460 741 ὦσι
480 703 564 755 πρὸς
589 705 682 752 ἡμᾶς
703 701 931 752 διακείμενοι,
948 699 1008 738 καὶ
1029 699 1112 738 τού-

80 781 157 809 τους
171 767 310 817 ἀγαπᾷν
331 764 579 814 σπουδάζωμεν
598 779 606 786 ·
629 763 690 801 καὶ
714 762 783 814 γὰρ
801 760 878 800 οὐδὲ
899 760 1024 813 ἑτέρως
1042 777 1113 799 σω-

81 829 181 872 θῆναι
206 825 349 864 δυνατὸν
379 829 484 876 ἡμᾶς,
505 824 554 875 μὴ
583 823 715 869 ταύτην
747 823 907 866 ἐλθόντας
931 821 994 869 τὴν
1014 821 1112 860 ὁδόν·

79 888 138 925 καὶ
172 889 304 937 μᾶλλον
334 889 404 924 τῶν
436 883 653 936 ἀγαπώντων
682 887 776 934 ἡμᾶς
802 882 942 927 τούτους
970 886 1112 936 ἀγαπᾷν

79 948 346 997 σπουδάζωμεν,
367 946 428 984 ἅτε
449 945 490 992 δὴ
515 945 646 999 μυρίων
675 948 758 996 ἡμῖν
783 948 852 984 τῶν
869 947 1007 996 ἀγαθῶν
1028 960 1112 996 προ-

51 1042 54 1045 .
79 1008 190 1054 ξένους
209 1007 418 1061 γινομένους.
446 1006 553 1045 Οὕτω
580 1006 648 1060 γὰρ
671 1006 731 1045 καὶ
751 1009 821 1045 τῶν
846 1005 1109 1059 ἡμαρτημένων

76 1074 161 1122 ἡμῖν
183 1070 246 1117 τὴν
270 1068 492 1122 συγχώρησιν
510 1067 678 1123 εὕρασθαι
694 1068 925 1120 δυνησόμεθα,
942 1068 1002 1106 καὶ
1021 1067 1110 1119 μετὰ

76 1130 361 1182 κατεσταλμένης
389 1129 542 1173 διανοίας
577 1130 636 1168 καὶ
669 1129 965 1183 συντετριμμένης
994 1131 1110 1182 ψυχῆς

75 1191 138 1235 τὰς
153 1192 238 1246 πρὸς
253 1193 309 1230 τὸν
333 1192 423 1230 Θεὸν
442 1191 575 1235 ἱκεσίας
588 1195 776 1230 ποιεῖσθαι.
792 1191 908 1229 ‘'Oa-etv
929 1190 997 1244 γὰρ
1013 1190 1107 1243 ψυχὴ

77 1252 174 1297 ἐκτὸς
193 1252 337 1304 γένηται
361 1251 477 1299 πάσης
497 1251 704 1305 ἀπεχθείας,
729 1252 862 1290 καὶτὸν
886 1252 1052 1302 λογισμὸν
1073 1254 1107 1290 ἐν

73 1314 210 1366 γαλήνῃ
227 1314 408 1367 ἱδρυμένον
426 1313 509 1366 ἔχῃ,
527 1313 617 1365 μετὰ
640 1315 771 1360 πολλῆς
798 1316 861 1360 τῆς
887 1312 1024 1365 νήψεως
1048 1313 1107 1352 τὸν

75 1374 258 1422 Δεσπότην
289 1377 466 1423 καλοῦσα,
497 1373 630 1421 πολλὴν
660 1376 854 1413 ἐπισπᾶται
883 1373 946 1421 τὴν
977 1373 1107 1413 ἄνωθεν

75 1436 182 1489 ῥοπήν
198 1451 206 1459 ·
239 1430 281 1482 ἧς
306 1435 442 1487 γένοιτο
471 1436 606 1478 πάντας
627 1438 722 1486 ἡμᾶς
750 1435 957 1483 ἀξιωθῆναι,
984 1436 1108 1489 χάριτι

73 1496 134 1535 καὶ
156 1495 399 1549 φιλανθρωπίᾳ
430 1501 490 1535 τοῦ
514 1495 643 1548 Κυρίου
660 1499 760 1546 ἡμῶν
786 1496 903 1541 Ἰησοῦ
930 1497 1104 1547 Χριστοῦ,

75 1557 150 1609 μεθ’
176 1551 214 1595 οὗ
233 1559 283 1610 τῷ
303 1557 422 1611 Πατρὶ
447 1561 468 1604 ἡ
500 1556 581 1602 δόξα
594 1588 603 1605 ,
622 1557 697 1609 ἅμα
719 1559 770 1609 τῷ
791 1557 879 1610 ἁγίῳ
897 1558 1083 1608 Πνεύματι
1096 1589 1106 1605 ,

72 1622 130 1657 νῦν
150 1618 210 1658 καὶ
229 1618 302 1666 ἀεὶ,
323 1618 383 1658 καὶ
407 1620 456 1664 εἷς
475 1618 554 1663 τοὺς
574 1621 700 1663 αἰῶνας
719 1621 788 1657 τῶν
815 1618 962 1658 αἰώνων.
984 1617 1106 1670 Ἀμήν.

455 1760 637 1799 omma
665 1760 746 1811 ιγ’,

77 1875 147 1919 ’Ἦν
174 1881 210 1920 δὲ
242 1881 357 1921 (Ησαῦ
392 1884 477 1922 ἐτῶν
515 1883 798 1937 τεσσαράκοντα,
828 1886 888 1923 καὶ
916 1885 1022 1924 ἔλαὸε
1047 1885 1107 1933 τὴν

133 1942 255 1981 Ἰουδὶθ
270 1944 442 1996 θυγατέρα
457 1948 472 1964 ‘¹
484 1944 578 1992 Βεὴλ
595 1951 655 1984 τοῦ
671 1945 856 1994 Χετταίου,
877 1946 936 1985 καὶ
955 1947 1017 1995 τὴν
1036 1950 1110 1986 Βα-

133 2004 244 2055 σεμὰθ
268 2006 439 2059 θυγατέρα
459 2005 584 2057 Ἔλὼμ
602 2012 661 2046 τοῦ
686 2007 832 2056 Εὐαίου,
857 2008 916 2046 καὶ
935 2003 1024 2056 ἦσαν
1041 2009 1108 2061 ἐρί-

133 2069 314 2120 ζουσαιτῷ
334 2067 460 2106 Ἰσαὰκ
476 2067 536 2107 καὶ
556 2071 598 2121 τῇ
621 2067 805 2124 Ῥεὸέκκᾳ.

129 2190 225 2243 Φέρε
256 2189 315 2228 καὶ
341 2190 515 2243 σήμερον,
546 2194 576 2230 εἷ
606 2193 719 2241 δοκεῖ,
747 2192 791 2231 τὰ
823 2193 902 2239 ἑξῆς
930 2195 999 2231 τῶν
1026 2193 1109 2244 χθὲς

76 2252 268 2305 εἰρημένων
294 2252 508 2299 ἐπελθόντες,
536 2252 628 2291 κατὰ
654 2254 695 2292 τὸ
720 2257 805 2305 ἡμῖν
826 2257 1001 2307 ἐγχωροῦν
1023 2257 1108 2293 ἀνα-

74 2312 256 2364 πτύξωμεν
276 2313 422 2352 ἕκαστον
439 2316 509 2352 τῶν
528 2314 805 2366 γεγραμμένων,
827 2314 885 2353 ἵνα
902 2315 966 2362 τὴν
992 2317 1108 2354 ἐντεῦ-

75 2377 128 2412 θεν
157 2373 327 2425 ὠφέλειαν
359 2375 653 2429 καρπωσάμενοι,
687 2374 796 2419 οὕτως
825 2375 943 2415 οἴκαδε
967 2379 1108 2429 ἀναχω-

74 2435 249 2487 ρήσωμεν.
269 2434 418 2487 Ἴδωμεν
439 2436 551 2475 τοίνυν
571 2436 634 2484 τὴν
659 2437 771 2490 ἀρχὴν
795 2439 864 2476 τῶν
881 2438 1108 2490 ἀνεγνωσμέ-

72 2513 151 2536 νων.
170 2491 240 2535 ἾΙν
262 2497 298 2535 δὲ
315 2497 449 2545 Ἥσαῦ,
471 2497 574 2550 φησὶν
588 2528 598 2546 ,
623 2500 710 2536 ἐτῶν
734 2499 1018 2553 τεσσαράκοντα,
1046 2499 1106 2538 καὶ

71 2555 177 2594 ἔλαὸε
194 2555 258 2604 τὴν
284 2556 407 2595 Ἰουδὶθ
431 2556 607 2609 θυγατέρα
636 2557 731 2605 Βεὴλ
753 2562 815 2596 τοῦ
838 2558 1025 2606 Χετταίου,
1044 2559 1105 2598 καὶ

71 2616 133 2664 τὴν
153 2617 321 2668 Βασεμὰθ
342 2618 516 2670 θυγατέρα
536 2617 662 2669 Ἐλὼμ
688 2623 747 2658 τοῦ
767 2618 917 2665 Εὐαίου,
937 2620 997 2658 καὶ
1014 2615 1104 2668 ἦσαν

71 2677 245 2728 ἐρίζουσαι
264 2681 314 2730 τῷ
332 2678 457 2717 Ἰσαὰκ
481 2678 540 2717 καὶ
563 2681 607 2731 τῇ
630 2679 815 2732 Ῥεὸέκκᾳ.
835 2679 933 2733 ’Όρα
950 2680 1044 2719 πόσα
1065 2683 1105 2720 ἐκ

70 2740 139 2775 τῶν
155 2738 281 2789 ὀλίγων
303 2739 433 2777 τούτων
460 2740 626 2792 ῥημάτων
648 2741 723 2779 ἐστὶ
751 2745 980 2792 καταμαθεῖν.
1000 2741 1104 2787 Τίνος

68 2798 136 2851 γὰρ
156 2799 270 2838 ἕνεκεν
286 2803 373 2850 ἡμῖν
388 2801 447 2838 τὸν
463 2801 612 2853 ἀριθμὸν
627 2804 696 2840 τῶν
713 2804 800 2841 ἐτῶν
816 2806 876 2841 τοῦ
892 2802 1006 2842 Ἡσαῦ
1023 2805 1104 2852 ἐσή-

69 2876 194 2910 μανεν,
215 2862 297 2912 Οὐχ
323 2862 463 2908 ἁπλῶς,
485 2864 562 2900 ἀλλ’
581 2863 638 2902 ἵνα
659 2865 815 2902 ἐντεῦθεν
839 2865 1100 2917 καταμάθωμεν

67 2924 128 2958 τοῦ
149 2920 273 2960 Ἰσαὰκ
301 2921 340 2958 τὸ
357 2917 468 2974 γῆρας
479 2950 489 2968 ,
509 2922 569 2960 καὶ
587 2923 640 2962 ὅτι
658 2925 780 2963 λοιπὸν
799 2924 1030 2977 προὸεὸηκὼς
1045 2921 1101 2973 ἦν.

69 2981 155 3021 Ἐὰν
183 2981 252 3034 γὰρ
272 2982 569 3033 μνημονεύσωμεν
588 2986 658 3021 τῶν
677 2984 872 3037 ἔμπροσθεν
892 2987 1100 3038 εἰρημένων,

112 3105 124 3119 5
143 3100 214 3134 Bam
232 3102 283 3130 τοῦ
302 3102 458 3131 Χετταίου.
476 3098 516 3129 ln
536 3097 638 3130 savit.
656 3097 773 3142 legitur
791 3104 892 3142 Βαιήλ,
907 3099 1082 3135 Editiones

1051 188 1137 219 GEN
1147 189 1214 219 Es.

1257 190 1420 221 nomn„
1461 190 1554 221 mu.
2045 182 2135 245 593

1181 289 1240 315 cro
1256 275 1378 328 igitur,
1392 276 1588 328 cogitemus
1603 286 1635 314 et
1655 278 1824 330 supplicii
1843 280 2139 330 magnitudinem,

1181 346 1215 374 et
1235 337 1454 376 confusionis
1467 352 1545 389 quae
1558 337 1645 376 alibi
1662 338 1781 376 futura
1796 348 1847 376 cst
1863 339 2086 390 gravitatem,
2101 357 2141 379 ae

1183 398 1239 435 vel
1256 399 1379 437 saltem
1397 413 1492 437 nunc
1511 408 1667 437 nostram
1684 414 1918 451 agnoscamus
1931 402 2143 451 generosita-

1187 468 1270 507 tem,
1293 469 1326 497 et
1346 460 1632 512 obtemperemus
1654 461 1824 499 doctrina:
1844 461 1992 510 Christi,
2013 477 2053 500 ac
2075 477 2142 500 non

1186 520 1302 559 solum
1337 535 1400 558 nos
1428 521 1616 572 diligentes
1648 522 1782 561 sincere
1814 523 2024 575 diligamus,
2047 526 2143 563 omni

1138 592 1160 622 Β
1186 581 1270 619 odio
1292 591 1325 619 et
1342 582 1479 620 invidia
1499 583 1544 619 ab
1560 583 1749 622 animabus
1776 584 1904 622 nostris
1921 584 2116 624 eliminatis
2133 603 2140 622 ε

1185 641 1247 679 sed
1260 651 1294 680 et
1306 657 1365 680 cos
1375 643 1436 693 qui
1451 643 1626 681 hostiliter
1641 659 1702 682 uos
1714 660 1884 697 persequu
1891 655 1983 694 ntur,
1993 646 2146 697 diligere

1185 702 1392 741 studeamus
1411 720 1418 740 :
1440 718 1552 756 neque
1571 704 1663 742 enim
1683 706 1786 743 aliter
1805 706 1954 745 salutem
1975 708 2143 759 consequi

1185 778 1248 801 nos
1268 764 1438 816 possibile
1467 765 1533 803 crit
1549 795 1558 813 ,
1579 765 1645 802 nisi
1674 766 1740 803 hac
1770 767 1975 805 incedamus
2007 770 2090 807 via:
2110 778 2144 807 et

1185 825 1299 876 magis
1315 840 1424 877 quam
1449 841 1507 864 eos
1525 826 1587 877 qui
1615 841 1676 864 nos
1696 827 1868 877 diligunt,
1890 829 1970 867 illos
1993 830 2144 882 diligere

1184 886 1403 936 studeamus,
1414 897 1537 940 utpote
1552 887 1612 939 qui
1629 888 1732 926 nobis
1748 889 2017 928 innumerorum
2034 892 2143 930 bono-

1185 962 1266 985 rum
1287 948 1358 986 sint
1379 958 1553 987 auctores.
1586 948 1645 987 Sic
1664 949 1759 987 enim
1778 959 1811 987 et
1836 961 2062 1002 peccatorum
2083 967 2143 991 no-

1182 1019 1339 1047 strorum
1379 1011 1621 1049 remissionem
1660 1011 1819 1050 invenire
1834 1041 1845 1061 ,
1884 1021 1917 1049 et
1955 1013 2143 1052 humiliata

1182 1082 1298 1110 mente
1323 1082 1355 1110 ct
1384 1073 1534 1110 contrita
1558 1073 1675 1111 anima
1699 1074 1816 1111 Deum
1847 1074 1982 1125 precari
2013 1075 2143 1126 poteri-

1132 1139 1156 1169 C
1182 1147 1271 1172 mus.
1287 1132 1382 1180 Quia
1396 1149 1478 1172 cum
1492 1134 1611 1172 anima
1629 1134 1674 1172 ab
1687 1134 1782 1172 omni
1799 1133 1882 1172 odio
1898 1134 2008 1172 libera
2024 1145 2140 1173 mente

1180 1195 1375 1245 tranquilla
1405 1204 1478 1243 est,
1505 1196 1702 1233 Dominum
1722 1195 1844 1234 scdulo
1867 1195 2028 1245 invocat,
2051 1196 2143 1234 mul-

1179 1263 1326 1307 tumque
1345 1256 1414 1294 sihi
1441 1270 1592 1308 superne
1623 1256 1802 1294 auxilium
1821 1256 1987 1294 conciliat
2007 1272 2014 1292 :
2045 1257 2143 1307 quod

1179 1317 1282 1355 nobis
1301 1317 1468 1356 omnibus
1488 1317 1701 1356 concedatur
1711 1319 1849 1369 ,gratia
1868 1327 1900 1356 et
1922 1318 2143 1369 benignitate

1179 1378 1323 1416 Domini
1341 1379 1450 1416 nostri
1470 1381 1555 1418 Jcsu
1574 1379 1723 1432 Christi,
1737 1379 1794 1418 cui
1812 1379 1926 1431 gloria
1944 1393 2026 1417 cum
2038 1380 2143 1418 Patre

1178 1448 1211 1477 et
1230 1449 1351 1478 sancto
1369 1440 1538 1492 Spiritui,
1557 1455 1654 1479 nunc
1679 1451 1713 1480 et
1731 1455 1885 1494 semper,
1907 1449 1940 1478 et
1958 1440 1995 1479 in
2013 1439 2141 1479 saecula

1177 1500 1401 1539 saeculorum.
1422 1503 1546 1540 Amen.

1485 1763 1694 1803 HOMILIA
1727 1765 1823 1803 LIII.

1130 1900 1155 1930 ι)
1179 1886 1267 1924 Erat
1285 1896 1403 1924 autem
1431 1887 1526 1925 Esau
1548 1901 1722 1925 annorum
1741 1887 1994 1940 quadraginta,
2019 1898 2053 1926 et
2069 1887 2135 1926 du-
2151 1903 2222 1930 Gen.
2244 1901 2292 1930 26.

1231 1948 1286 1985 xit
1304 1947 1435 1987 Judith
1454 1948 1569 1986 filiam
1588 1949 1671 1987 Beel
1691 1949 1863 1999 ehem,
1892 1960 1926 1988 et
1946 1951 2136 1989 nascmath
2151 1941 2200 1982 ³4-
2220 1944 2271 1974 55

1231 2007 1344 2046 filiam
1366 2009 1473 2048 Elom
1493 2009 1618 2059 Evaei,
1652 2018 1685 2048 et
1705 2011 1962 2063 exasperabant
1988 2012 2084 2050 Isaac
2103 2022 2137 2051 et

1233 2069 1442 2107 Rebeccam.

1232 2195 1306 2244 Age
1333 2201 1367 2230 et
1393 2191 1500 2231 hodic
1527 2193 1556 2231 si
1587 2193 1702 2246 placet
1725 2194 1980 2246 aggrediamur
1999 2209 2039 2233 ea
2059 2210 2138 2246 quae

1177 2252 1255 2291 heri
1276 2252 1372 2292 dicta
1387 2263 1599 2305 sequuntur,
1617 2264 1651 2293 et
1666 2255 1820 2307 singula,
1841 2265 2015 2307 quantum
2035 2257 2139 2295 nobis

1177 2314 1396 2364 conceditur,
1416 2315 1634 2368 aperiamus,
1651 2325 1691 2354 ut
1712 2316 1861 2354 domum
1882 2332 1965 2355 cum
1984 2317 2138 2356 utilitate

1175 2376 1295 2427 aliqua
1316 2376 1435 2414 redire
1459 2376 1648 2429 possimus.
1676 2377 1876 2416 Videamus
1905 2379 2037 2431 igitur,
2060 2394 2138 2430 quae

1174 2438 1335 2491 primum
1355 2438 1443 2476 lecta
1465 2448 1561 2477 sunt.
1581 2440 1644 2477 54.
1659 2441 1760 2478 Erat
1786 2449 1916 2478 antem
1935 2442 2060 2487 Esau,
2084 2442 2138 2479 in-

1176 2500 1267 2550 quit,
1282 2514 1474 2538 annorum
1485 2502 1767 2553 quadraginta,
1786 2511 1822 2539 et
1837 2504 1983 2553 accepit
1997 2503 2028 2539 J
2027 2502 2138 2540 uditlz

1165 2561 1304 2614 filiam
1314 2562 1409 2599 Bcel
1422 2562 1599 2608 Clzettaei,
1611 2571 1647 2599 et
1655 2563 2008 2615 Basematlzfiliam
2019 2563 2137 2600 Elom

1175 2625 1212 2661 E
1217 2626 1287 2661 voei
1290 2639 1301 2658 .·
1311 2623 1375 2661 55.
1391 2631 1426 2660 ct
1439 2625 1724 2674 exasperabant
1735 2625 1851 2661 Isaac
1861 2632 1897 2660 et
1911 2625 2134 2662 Rebeccam.

1129 2700 1151 2729 Β
1175 2684 1271 2725 Vide
1291 2693 1425 2736 quanta
1450 2698 1494 2722 ex
1519 2684 1641 2736 paucis
1668 2684 1722 2721 his
1750 2684 1870 2722 verbis
1894 2684 2032 2723 addisci
2054 2701 2135 2738 pos-

1174 2756 1267 2785 sunt.
1279 2746 1399 2792 Quare
1412 2745 1506 2783 enim
1519 2745 1621 2783 nobis
1638 2760 1824 2783 numerum
1847 2760 2022 2785 annorum
2038 2747 2134 2786 Esaii

1173 2807 1353 2860 signavit?
1376 2808 1453 2844 Non
1474 2807 1609 2857 absque
1631 2821 1750 2856 causa,
1776 2807 1838 2845 sed
1859 2816 1897 2845 ut
1918 2818 2134 2847 senectutem

1173 2866 1352 2904 discamus
1379 2865 1494 2913 Isaac,
1527 2879 1678 2915 eumque
1695 2865 1769 2917 jam
1798 2876 2007 2918 provectum
2027 2869 2135 2907 fuisse

1173 2936 1285 2965 aetate.
1313 2928 1406 2965 Nam
1433 2925 1462 2964 si
1493 2940 1666 2964 memores
1700 2927 1871 2966 fuerimus
1903 2924 2025 2967 eoru'm
2054 2945 2133 2981 quae

1174 2998 1275 3027 antea
1300 2987 1396 3026 dicta
1421 2996 1502 3025 sunt
1517 3017 1526 3033 ,
1548 2996 1702 3036 etcum,
1728 2989 1873 3038 quando
1900 2991 2035 3043 accepit
2065 2992 2131 3036 Ro,

1115 3103 1299 3146 legoznenis
1315 3102 1357 3135 ad
1373 3102 1518 3144 Ilexapla
1533 3101 1750 3135 ostendimus.
1767 3102 1863 3146 [Ced.
1880 3103 2058 3139 Alexandr.
2073 3118 2130 3140 τῶν

69 3155 127 3180 τῶν
153 3158 188 3179 0.
217 3147 420 3190 [secundum
446 3147 608 3182 CodIcem
631 3151 756 3194 Rom]
783 3160 874 3196 Βεώχ.
901 3152 1083 3188 Hebraicus
1116 3157 1156 3189 Ο.
1173 3164 1256 3200 Βετῑρ.
1271 3153 1372 3187 Modo
1388 3155 1491 3188 ἰουῦἱθ.
1511 3153 1814 3197 Ιωψιοψιεδω-Η.
1831 3157 1864 3186 iu
1879 3167 1983 3198 marg.
2001 3157 2126 3189 etle.

70 3204 179 3230 textus
194 3205 306 3239 ἥκῃ.
332 3199 474 3245 Vulgata
503 3209 593 3234 recte
619 3201 730 3236 Beeri.
755 3203 805 3235 Ex
829 3203 952 3237 Graecis
975 3204 1086 3249 itaque
1120 3208 1228 3240 Vatic.
1249 3217 1307 3241 τῶν
1323 3208 1362 3239 Ο.
1383 3207 1464 3247 Qure
1481 3205 1587 3238 forma
1607 3206 1756 3248 proxime
1781 3207 1914 3240 accedit
1930 3206 1972 3239 ml
1992 3208 2129 3241 Hebrus-

70 3252 267 3287 lectionibus
292 3264 404 3288 nostra
432 3262 505 3296 Βεήλ
531 3260 636 3302 magis
661 3257 792 3291 accedit
814 3262 858 3292 ad
884 3261 1084 3294 nebi-airam
1121 3271 1194 3291 cam
1213 3259 1386 3291 lectionem
1404 3263 1558 3297 ΠνἾἹΠ).
1587 3257 1695 3291 Smit..
1714 3260 1746 3291 iu
1771 3266 1861 3291 textu
1882 3259 2006 3302 iovEsr'p..
2027 3261 2126 3292 Coitl,

71 3304 256 3338 lectionem.
276 3307 361 3339 Nam
379 3307 469 3351 quod
487 3314 560 3348 [ιε-ἡ).
578 3308 708 3353 tegatur
723 3322 785 3353 pro
803 3312 882 3343 Beer
902 3320 959 3344 aut
976 3315 1080 3354 Beer-I,
1118 3316 1235 3350 iwizi-a.
1265 3312 1350 3345 (jod.
1377 3311 1467 3345 Alex.
1500 3323 1557 3346 τῶν
1581 3313 1622 3347 O.
1642 3313 1757 3348 ἰουόεῐν.
1777 3316 1851 3348 Mox
1872 3322 2009 3357 uun-‚wie
2032 3316 2129 3348 lectio

72 3355 104 3395 id
124 3355 212 3389 baud
229 3356 325 3392 dubie
341 3367 452 3392 ortum
469 3373 507 3393 es
522 3362 800 3396 transmutatione
815 3362 1001 3397 litterarum
1019 3367 1083 3398 He-
1117 3364 1251 3399 Codicis
1269 3365 1416 3395 Vaticani
1432 3376 1509 3395 cum
1527 3362 1692 3397 Hebraico
1711 3374 1801 3398 textu
1816 3369 1996 3408 conspirat.
2015 3369 2127 3400 Codex

72 3409 270 3450 hratcarum,
287 3423 359 3454 ‹111oe
374 3411 563 3456 frequenter
579 3412 702 3448 accidit
714 3415 745 3449 in
763 3415 888 3458 Bibliis,
907 3418 988 3450 utin
1006 3418 1085 3451 Pro·
1121 3418 1209 3451 Alex.
1231 3422 1418 3458 ιιικσεμμαζθ.
1437 3415 1538 3449 Coisl.
1559 3418 1719 3458 numam-J
