2516 3791
818 194 859 223 m
897 192 1091 223 GENESIM

93 280 190 319 καὶὸ
216 279 353 321 Παῦλος
369 278 454 331 πρὸς
481 277 536 316 τὸν
556 276 722 316 Ἰουδαῖον
749 276 1035 327 ἀποτεινόμενος,
1062 275 1122 313 καὶ

93 341 226 384 δεικνὺς
247 339 326 379 ὅσον
354 338 534 391 εἰσήνεγκε
553 338 672 390 κέρδος
688 341 706 376 ὁ
724 337 849 388 νόμος,
868 337 928 375 καὶ
955 337 1007 375 ὅτι
1034 336 1119 374 ἀνά·

93 418 238 450 παυσις,
259 403 296 440 οὐ
318 401 464 453 βάρησις
490 403 552 447 τῆς
570 399 703 452 φύσεως
730 402 830 450 ἡμῶν
848 401 955 446 ἐστιν,
981 397 1096 449 ἔλεγεν
1113 413 1120 421 ·

92 464 163 502 ’Ὶδε
197 463 238 503 σὺ
271 463 435 505 Ἰουδαῖος
470 462 690 513 ἐπονομάζῃ,
727 462 787 499 καὶ
822 458 1032 511 ἐπαναπαύῃ
1070 460 1120 511 τῷ

93 524 201 578 νόμῳ.
231 524 340 577 Ὁρᾷς
365 523 417 562 ὅτι
438 524 517 576 οὐχὶ
545 525 661 576 βαρῶν
692 524 793 573 ἡμῶν
812 520 876 568 τὴν
905 520 1020 574 φύσιν,
1040 521 1118 559 ἀλλ’

95 586 297 633 ἀναπαύων,
328 584 386 623 τὸν
406 584 510 635 νόμον
528 585 654 624 ἔδωκεν
677 588 696 623 ὁ
714 583 818 630 Θεός;
843 582 970 621 Βούλει
997 584 1119 632 μαθεῖν

92 648 147 688 ὅτι
176 648 235 686 καὶ
266 650 400 699 τιμῶν,
426 646 592 686 Μάλιστα
618 645 681 697 μὲν
709 638 767 683 οὖν
789 645 849 684 καὶ
878 647 989 682 ταῦτα
1015 642 1120 682 ἱκανὰ

92 709 200 754 δεῖξαι
222 708 284 756 τὴν
306 708 412 759 τιμὴν
431 708 492 746 καὶ
515 707 578 754 τὴν
605 705 830 757 κηδεμονίαν,
858 703 950 752 πλὴν
971 704 1030 744 καὶ
1060 707 1118 757 ἀφ’

93 771 220 823 ἑτέρων
249 771 448 824 μαρτυριῶν
488 769 572 807 αὐτὸ
601 771 703 806 τοῦτο
736 766 930 817 ποιήσομαι
961 766 1120 819 φανερόν.

94 831 274 879 'li-stetisti,
291 831 407 884 φησὶν,
423 828 679 884 Ἰερουσαλὴμ,
702 827 761 866 τὸν
780 827 907 881 Κύριον
924 843 931 850 ·
953 826 1042 866 αἴνει
1062 826 1120 865 τὸν

91 893 182 931 Θεόν
199 909 259 931 σου
273 920 285 937 ,
304 891 396 931 Σιών
411 907 418 915 ·
434 890 488 931 ὅτι
510 890 668 943 ε’νίοχυσε
686 888 766 933 τοὺς
792 888 945 942 μοχλοὺς
963 892 1032 928 τῶν
1054 905 1121 928 πυ-

91 955 160 992 λῶν
177 969 236 992 σου
248 983 258 1001 ,
282 952 450 1005 εὐλόγησε
469 951 548 997 τοὺς
572 950 664 995 υἱούς
690 967 750 990 σου
768 951 804 988 ἓν
824 950 896 990 σοί·
917 953 936 989 ὃ
953 950 1058 994 τιθεὶς
1077 949 1122 988 τὰ

87 1015 168 1068 ὅριά
183 1031 244 1054 σου
260 1015 416 1069 εἰρήνην,
429 1014 490 1053 καὶ
505 1014 610 1066 στέαρ
625 1017 735 1066 πυροῦ
750 1013 938 1063 ἐμπιπλῶν
955 1028 1007 1051 σε.
1032 1005 1122 1051 Εἶτα

91 1075 198 1115 εἰπὼν
229 1077 288 1114 καὶ
322 1075 385 1123 τὴν
421 1075 479 1114 διὰ
511 1079 574 1122 τῆς
608 1076 717 1123 ἄλλης
750 1074 895 1119 κτίσεως
924 1074 1122 1128 εὐεργεσίαν

92 1135 188 1188 παρὰ
206 1139 264 1174 τοῦ
285 1138 380 1174 Θεοῦ
399 1133 677 1188 χορηγουμένην,
696 1134 852 1187 ἐπήγαγε
871 1131 935 1180 τὴν
951 1133 1122 1186 ἐξαίρετον

90 1198 152 1237 καὶ
170 1198 328 1249 μείζονα,
339 1197 470 1236 οὑτωσὶ
485 1197 594 1248 λέγων
611 1212 619 1219 ·
639 1195 684 1235 Ὁ
701 1195 926 1235 ἀποστέλλων
945 1194 1004 1234 τὸν
1021 1195 1123 1248 λόγον

92 1261 197 1298 αὐτοῦ
214 1261 264 1311 τῷ
281 1257 411 1297 ‘la-xeo&
427 1288 436 1307 ,
456 1257 678 1308 δικαιώματα
695 1256 756 1296 καὶ
775 1256 934 1311 κρίματα
951 1259 1055 1296 αὐτοῦ
1071 1259 1123 1310 τῷ

93 1320 250 1374 Ἰσραήλ.
266 1323 343 1359 Οὐκ
358 1319 519 1367 ἐποίησεν
534 1318 627 1358 οὕτω
644 1318 749 1357 παντὶ
765 1317 873 1367 ἔθνει,
899 1318 958 1356 καὶ
975 1317 1019 1356 τὰ
1043 1319 1122 1371 κρί-

92 1396 188 1431 ματα
214 1382 318 1419 αὐτοῦ
344 1382 406 1418 οὐκ
426 1380 598 1427 ἐδήλωσεν
624 1381 750 1422 αὐτοῖς.
775 1378 874 1431 (Ὀρα
899 1379 993 1417 πόσα
1020 1380 1123 1419 κατέ-

91 1441 183 1486 λεξεν
213 1441 337 1494 ἀγαθοί,
373 1440 580 1493 Ἀσφάλειαν
619 1440 773 1484 πόλεως·
813 1438 1001 1493 Ἐνίσχυσε
1030 1439 1121 1493 γὰρ,

90 1503 198 1556 φησὶ,
221 1502 299 1547 τοὺς
318 1501 469 1555 μοχλοὺς
485 1505 554 1540 τῶν
574 1503 693 1541 πυλῶν
717 1517 797 1541 σου·
821 1500 1031 1554 ἀπαλλαγὴν
1057 1517 1122 1540 πο-

91 1564 207 1616 λέμων
223 1580 230 1588 ·
251 1564 296 1604 Ὁ
324 1565 429 1609 τπθεὶς
456 1563 547 1618 γὰρ,
576 1564 682 1617 φησὶ,
711 1564 756 1602 τὰ
777 1563 856 1617 ὅριά
879 1579 941 1602 σου
959 1563 1098 1616 εἰρήνην
1112 1579 1121 1587 ·

92 1626 257 1679 ἀφθονίαν
273 1629 341 1665 τῶν
358 1626 556 1678 ἀναγκαίων
570 1641 578 1649 ·
595 1626 665 1665 Καὶ
685 1625 792 1680 στέαρ
804 1631 915 1679 πυροῦ
935 1626 1122 1677 ἐμπιπλῶν

91 1704 145 1727 σε.
166 1691 257 1726 Ἀλλ’
278 1689 373 1740 ὅμως
397 1689 536 1727 πάντων
565 1687 696 1728 τούτων
719 1687 782 1736 τὴν
802 1692 862 1726 τοῦ
892 1688 998 1739 νόμου
1028 1688 1122 1728 δόσιν

92 1749 304 1803 τιμιι-»τέραν
329 1750 517 1803 ἀπέφηνεν.
536 1748 623 1789 ιἿὈτι
642 1750 710 1804 γὰρ
737 1750 798 1789 καὶ
827 1749 1036 1802 ἀσφαλείας,
1063 1749 1122 1788 καὶ

91 1811 232 1864 εἰρήνης
246 1842 255 1859 ,
271 1812 332 1850 καὶ
350 1814 557 1864 ἀπαλλαγῆς
573 1811 751 1864 πολέμων,
768 1812 827 1851 καὶ
845 1812 1027 1857 εὐπαιδίας
1038 1842 1048 1860 ,
1064 1812 1124 1851 καὶ

92 1874 345 1921 πολυπαιδίας,
364 1874 425 1912 καὶ
444 1877 506 1921 τῆς
523 1877 590 1912 τῶν
609 1873 810 1926 ἀναγκαίων
828 1873 992 1926 ἀφθονίας
1005 1876 1124 1927 πολλῷ

93 1937 209 1985 μεῖζον
235 1935 343 1987 δῶρόν
368 1938 443 1974 ἐστι
467 1935 506 1974 τὸ
533 1934 638 1986 νόμον
663 1937 800 1985 λαὸεἷν,
821 1937 880 1974 καὶ
903 1935 947 1975 τὰ
973 1936 1123 1975 δικαιώ-

91 2013 190 2047 ματα
210 2001 269 2035 τοῦ
288 1999 380 2036 Θεοῦ
402 2000 521 2048 μαθεῖν
536 2028 545 2045 ,
562 1997 703 2036 πάντων
720 1997 861 2049 ὕστερον
883 1997 967 2036 αὐτὸ
983 1998 1052 2041 θεὶς
1078 2001 1125 2043 ὡς

92 2059 280 2111 κεφάλαιον
295 2058 354 2096 καὶ
370 2059 560 2110 σύνδεσμον
577 2061 645 2097 τῶν
662 2062 815 2111 ἀγαθῶν,
831 2059 986 2112 ἐπήγαγε
998 2059 1123 2112 λέγων·

92 2122 168 2158 Οὐκ
185 2119 344 2166 ἐποίησεν
362 2119 450 2158 οὕτω
466 2121 572 2158 παντὶ
586 2121 687 2159 ἔθνει.
708 2119 815 2160 Οὕτω
827 2151 836 2169 ,
852 2124 947 2166 πῶς;
964 2121 1035 2160 Καὶ
1052 2121 1122 2173 μὴν

90 2181 151 2218 καὶ
180 2180 361 2233 ἀφθονίας,
382 2181 442 2219 καὶ
470 2185 539 2220 τῶν
571 2183 687 2220 ἄλλων
717 2185 787 2220 τῶν
817 2183 1120 2236 ἀπηριθμημένων

91 2241 212 2279 πολλοὶ
254 2243 424 2286 πολλάκις
464 2243 684 2290 ἀπήλαυσαν.
724 2242 815 2281 Ἀλλ’
861 2245 899 2282 οὗ
936 2244 1016 2298 περὶ
1052 2247 1121 2282 τῶν

90 2302 352 2356 προειρημένιι)ν
371 2303 483 2356 λέγω,
505 2304 621 2356 φησὶν,
637 2304 727 2343 ἀλλὰ
749 2305 830 2358 περὶ
845 2310 905 2344 τοῦ
924 2305 1030 2356 νόμου
1043 2337 1052 2355 ,
1067 2306 1121 2345 ὅτι

89 2366 168 2402 Οὐκ
190 2365 351 2412 ἐποίησεν
369 2365 459 2404 οὕτω
485 2367 591 2405 παντὶ
609 2367 709 2406 ἔθνει.
737 2368 807 2406 Καὶ
830 2367 887 2406 διὰ
914 2373 1015 2407 τοῦτο
1035 2369 1122 2418 ἐπή-

92 2440 198 2476 γαγε·
229 2425 299 2463 Καὶ
325 2426 369 2463 τὰ
390 2427 546 2479 κρίματα
570 2430 674 2467 αὐτοῦ
707 2431 768 2468 οὐκ
797 2429 970 2476 ἐδήλωσεν
992 2433 1119 2476 αὐτοῖς.

95 2484 202 2538 Ὁρᾷς
237 2488 311 2530 πῶς
341 2490 410 2526 τῶν
449 2490 751 2542 ἀπηριθμημένων
785 2490 947 2530 ἁπάντων
979 2493 1118 2544 ἀγαθῶν

92 2548 207 2594 μεῖζον
230 2549 248 2584 ὁ
269 2546 386 2597 νόμος.

144 3165 256 3203 Τοῦτο
275 3164 335 3203 καὶ
360 3165 531 3220 Ἱερεμίας
549 3168 708 3221 ἐνέφηνε·
732 3169 811 3216 τοὺς
831 3172 899 3227 γὰρ
918 3174 952 3212 ἐν
979 3176 1114 3227 αἰχμα-

92 3225 202 3277 λωσίᾳ
229 3227 328 3271 ὄντας
359 3231 506 3281 θρηνῶν,
531 3230 647 3282 ἔλεγε,
678 3233 711 3270 Τ
715 3231 726 3270 ί
756 3232 808 3271 ὅτι
839 3237 873 3273 ἐν
901 3239 944 3287 τῇ
970 3240 1015 3288 yffi
1047 3239 1116 3274 τῶν

96 3288 226 3338 ἐχθρῶν
254 3281 300 3335 {i}
323 3289 400 3336 Τὴν
424 3290 540 3342 πηγὴν
559 3294 622 3337 τῆς
646 3293 768 3344 σοφίας
788 3296 1011 3346 ἐγκατέλιπες
1025 3313 1032 3320 ·
1060 3299 1116 3335 τὸν

95 3347 198 3395 νόμον
224 3348 347 3399 λέγων.
372 3350 540 3405 Καθάπερ
561 3357 583 3399 ἡ
603 3354 700 3404 πηγὴ
728 3356 873 3400 πολλοὺς
901 3359 1118 3410 πανταχόθεν

98 3407 219 3456 ἀφίησι
248 3408 395 3460 ῥύακας,
415 3411 507 3450 οὕτω
533 3415 590 3451 καὶ
610 3418 627 3452 ὃ
647 3414 749 3465 νόμος
780 3417 910 3460 πολλὰς
935 3419 1118 3470 πανταχό-

314 3477 410 3500 ·ι“ω.π.
450 3479 501 3500 ιν.

1130 191 1278 222 sunno
1318 190 1415 221 vin.
2057 184 2147 245 793

1196 288 1278 312 mon
1307 288 1429 312 rursus
1459 291 1465 310 ε
1503 275 1681 314 Lucerna
1712 278 1944 315 mandatum
1973 280 2079 330 legis,
2117 292 2151 320 et
2172 292 2339 321 lum-,1121

1194 336 1277 381 lav,
1296 345 1332 374 et
1349 339 1449 381 vita,
1473 344 1509 374 et
1534 339 1737 389 correptio,
1757 346 1792 376 et
1820 339 2041 390 disciplina.
2065 341 2154 379 Ιίιϊι·

1193 409 1261 434 non
1279 397 1457 435 auxilium
1479 397 1611 448 solum,
1634 411 1698 436 nec
1713 397 1858 437 lucerna
1881 400 2020 450 solum,
2042 401 2102 439 sed
2122 413 2154 440 vt

1190 456 1256 495 lux
1275 467 1326 495 cst
1348 467 1382 496 et
1403 457 1475 497 vita
1495 473 1501 494 :
1524 458 1599 496 hacc
1612 473 1719 511 porro
1735 473 1804 498 non
1825 470 1907 498 sunt
1928 461 2010 499 odio
2030 477 2153 514 prose—

1146 518 1171 548 D
1192 519 1346 569 quentis,
1380 533 1493 571 neque
1524 519 1674 572 perdere
1699 521 1853 561 volentis
1868 552 1879 571 ‚
1914 523 1977 561 sed
2009 538 2154 562 inanum

1191 580 1408 632 porrigentis
1441 591 1476 620 et
1514 581 1695 634 erigentis.
1731 583 1816 622 Ideo
1849 585 1983 623 Paulus
2016 600 2156 637 quoque

1190 641 1279 680 dum
1301 642 1337 681 in
1359 642 1527 683 Judaeum
1548 644 1742 695 invehitur,
1765 655 1799 685 et
1831 656 2000 698 quantum
2021 647 2081 686 lex
2103 648 2155 686 in-

1191 704 1332 742 vexerit
1352 704 1557 755 utilitatem,
1571 705 1740 756 ostendit,
1758 721 1907 758 eamque
1922 722 1990 746 non
2008 723 2157 760 gravare

1190 774 1356 803 naturam
1377 775 1535 804 nostram
1553 797 1561 813 ,
1583 767 1646 806 sed
1667 767 1834 817 reficere,
1858 768 2000 807 dicebat
2022 786 2028 806 :
2053 772 2156 809 Ecce
2169 779 2256 808 Rom⁴
2271 789 2285 809 2
2309 788 2356 817 ¹7·

1191 836 1232 865 tu
1246 827 1276 865 J
1276 828 1408 866 udoeus
1423 832 1724 881 cognominaris,
1737 839 1772 868 et
1785 834 1992 883 requiescis
2004 835 2044 869 in
2055 833 2150 885 Iege.

1193 888 1305 929 Vides
1322 903 1391 927 non
1411 899 1450 928 ut
1470 900 1638 929 naturam
1667 901 1823 930 nostram
1839 903 2019 944 gravaret,
2035 894 2097 931 sed
2116 904 2155 932 ut

1190 965 1268 989 eam
1289 961 1476 1001 recrearet,
1501 954 1619 991 Deum
1639 953 1752 1006 legem
1770 953 1939 993 dedisse?
1957 955 2068 994 Visne
2097 955 2154 994 di-

1190 1026 1302 1062 scere,
1325 1012 1362 1051 id
1383 1012 1491 1052 etiam
1508 1014 1612 1052 illum
1635 1015 1762 1066 egisse,
1786 1024 1824 1053 ut
1845 1016 2014 1055 honorem
2039 1016 2154 1055 defer-

1192 1074 1277 1112 ret?
1297 1076 1388 1114 Nam
1410 1085 1574 1128 poterant
1596 1085 1630 1114 et
1649 1077 1714 1114 ista
1734 1077 1818 1115 satis
1837 1077 2021 1118 ostendere
2037 1088 2071 1117 et
2093 1079 2157 1117 ho-

1147 1139 1170 1169 Ε
1193 1150 1316 1175 norem
1339 1137 1513 1187 delatum,
1541 1147 1575 1176 et
1606 1152 1729 1176 curam
1753 1139 1952 1191 impensam
1972 1155 1980 1176 :
2001 1140 2064 1178 sed
2090 1141 2157 1178 hoc

1192 1198 1313 1251 ipsum
1340 1199 1422 1238 aliis
1444 1199 1618 1238 adhibitis
1648 1200 1861 1239 testimoniis
1889 1200 2152 1241 demonstrabo.

1191 1262 1346 1309 Lauda,
1370 1261 1501 1314 inquit,
1517 1262 1751 1308 Jerusalem,
1771 1263 1985 1301 Dominum
1998 1280 2013 1309 ,·
2036 1264 2155 1302 lauda
2170 1275 2258 1303 Psal.
2291 1274 2356 1314 [ἧς.

1192 1324 1321 1361 Deum
1333 1332 1460 1370 tuum,
1478 1324 1571 1362 Sion
1587 1339 1598 1360 .-
1621 1327 1808 1376 quoniam
1827 1326 2075 1378 confirmavit
2090 1342 2156 1365 ve-
2175 1319 2318 1355 κζ’-’Ψ

1191 1393 1271 1423 ctes
1287 1394 1491 1437 portarum
1509 1393 1680 1432 tuarum,
1700 1387 1897 1425 benedixit
1907 1387 2013 1440 filiis
2028 1391 2104 1427 tuis
2116 1392 2158 1427 in

1192 1453 1230 1484 te
1247 1461 1258 1482 .·
1280 1449 1349 1499 qui
1359 1447 1592 1500 potzitfines
1614 1455 1700 1485 tuos
1713 1461 1864 1499 pacem,
1888 1457 1923 1486 et
1941 1450 2157 1503 adipesru-

1192 1510 1313 1546 menti
1330 1511 1451 1547 satiat
1468 1517 1518 1547 te.
1536 1507 1676 1547 Deinde
1689 1518 1880 1562 postquam
1896 1510 1968 1548 alia
1982 1510 2083 1549 dixit
2097 1512 2156 1550 be-

1191 1569 1319 1608 neficia
1355 1584 1419 1623 per
1449 1570 1539 1608 alias
1571 1579 1752 1609 creaturas
1789 1571 1931 1619 collata,
1965 1573 2156 1626 subjunxit

1191 1630 1415 1683 praecipuum
1433 1640 1467 1669 et
1485 1630 1621 1669 caeteris
1648 1632 1778 1684 majus,
1803 1632 1860 1670 his
1881 1633 2002 1672 verbis
2029 1643 2153 1672 utens:

1198 1693 1274 1744 Qui
1289 1695 1502 1732 annuntiat
1527 1694 1690 1731 ‘verbum
1709 1706 1821 1731 suum
1841 1695 1966 1732 Jacob
1979 1725 1992 1742 ,
2007 1697 2155 1748 justifi-
2172 1709 2251 1738 thid.
2268 1721 2294 1738 v.
2313 1720 2358 1747 ις).

1134 1778 1185 1805 585
1194 1756 1367 1793 cationes
1385 1763 1422 1792 et
1433 1755 1588 1808 judicia
1604 1768 1675 1793 sua
1691 1755 1828 1793 Israel.
1845 1756 2046 1809 Nonsecit
2065 1758 2156 1795 tali·
2173 1761 2221 1780 ²⁰·

1147 1818 1173 1847 Α
1195 1824 1254 1854 ter
1269 1818 1376 1853 omni
1396 1819 1562 1862 nationi,
1579 1825 1615 1854 et
1628 1817 1780 1869 judicia
1799 1831 1871 1855 sua
1892 1831 1971 1855 non
1988 1821 2156 1872 manife-

1194 1879 1312 1915 stavit
1328 1880 1396 1916 eis.
1419 1876 1518 1916 Vide
1535 1891 1644 1929 quam
1667 1878 1780 1916 multa
1800 1880 2017 1918 enumerarit
2045 1880 2151 1919 bona.

1195 1937 1305 1976 Urbis
1323 1938 1551 1976 securitatem
1570 1954 1578 1975 :
1609 1939 1867 1992 Confirmant
1886 1940 1998 1987 enim,
2022 1941 2155 1993 inquit,

1193 2007 1324 2038 vectes
1347 2008 1549 2052 portarum
1570 2008 1726 2039 tuarum
1738 2017 1753 2046 ,-
1770 2001 1949 2040 bellorum
1975 2002 2156 2055 depulsio-

1193 2075 1297 2099 nem:
1322 2062 1397 2112 Qni
1418 2063 1530 2114 ponit
1557 2061 1652 2100 enim
1671 2092 1681 2111 ,
1702 2061 1950 2116 inquit,fines
1971 2072 2056 2103 tuos
2084 2080 2154 2117 pa-

1192 2136 1295 2162 cem:
1312 2123 1509 2162 ubertatem
1522 2137 1681 2162 annonae:
1695 2125 1731 2162 E
1735 2133 1749 2162 t
1759 2125 1874 2177 adipe
1884 2127 2075 2177 frumenti
2089 2141 2153 2164 sa-

1193 2188 1266 2223 tiat
1287 2194 1336 2223 te.
1355 2188 1520 2223 Attamen
1539 2185 1596 2223 his
1615 2185 1783 2224 omnibus
1803 2186 2052 2238 pretiosiorem
2068 2188 2156 2239 legis

1191 2246 1421 2285 donationem
1448 2260 1523 2284 esse
1553 2245 1763 2286 declaravit.
1796 2248 1888 2285 Nam
1920 2249 2091 2298 quoniam
2123 2260 2155 2287 et

1191 2307 1379 2346 securitate
1409 2316 1442 2346 et
1470 2321 1571 2360 pace,
1591 2317 1625 2345 et
1652 2306 1863 2360 depulsione
1893 2309 2094 2360 bellorum,
2123 2321 2155 2349 et

1191 2368 1387 2407 liberorum
1408 2367 1624 2407 fecunditate
1642 2383 1683 2407 ac
1704 2370 1950 2421 multitudine,
1966 2381 2071 2423 atque
2083 2387 2151 2411 an—

1191 2445 1291 2470 nonae
1319 2431 1478 2469 ubertate
1509 2431 1623 2469 multo
1655 2432 1770 2484 majtis
1792 2441 1843 2470 est
1871 2432 2007 2471 donum
2040 2435 2153 2485 legem

1145 2501 1166 2531 Β
1189 2492 1386 2546 accepisse,
1416 2506 1457 2531 ac
1484 2492 1550 2530 Dei
1566 2492 1840 2544 justificationes
1867 2493 2050 2545 didicisse,
2070 2510 2150 2533 cum

1191 2554 1284 2594 illud
1315 2554 1477 2593 omnium
1507 2563 1727 2606 postremum
1759 2562 1943 2605 tamquam
1976 2565 2082 2608 caput
2117 2566 2150 2594 et

1191 2615 1392 2669 congeriem
1407 2615 1583 2653 bonorum
1606 2614 1826 2664 collocasset,
1855 2614 1985 2667 adjecit
2005 2615 2148 2655 diceus:

1191 2679 1391 2730 Non—fecit
1419 2675 1552 2714 taliter
1577 2678 1683 2713 omni
1700 2678 1864 2714 nationi.
1897 2678 2058 2724 Taliter,
2078 2693 2149 2729 quo

1189 2738 1322 2792 pacto?
1341 2737 1451 2789 Atqui
1466 2751 1614 2775 annonae
1634 2736 1808 2787 ubertate,
1826 2746 1930 2788 atque
1945 2738 2026 2776 aliis
2040 2768 2050 2788 ,
2069 2753 2148 2791 qua·

1188 2810 1270 2839 sunt
1296 2808 1515 2845 enumerata,
1535 2798 1640 2836 multi
1664 2798 1794 2850 saepius
1816 2799 1922 2852 potiti
1950 2809 2057 2838 sunt:
2080 2815 2147 2839 ve-

1187 2871 1387 2900 rumtamen
1406 2860 1452 2899 de
1479 2860 1552 2898 illis
1574 2875 1652 2911 quae
1675 2859 1772 2898 dicta
1794 2870 1877 2899 sunt
1899 2870 1968 2899 non
1994 2863 2122 2914 loquor
2139 2894 2146 2905 ,

1188 2923 1329 2974 inquit,
1349 2921 1410 2960 sed
1430 2921 1475 2960 de
1495 2922 1586 2973 lege,
1611 2921 1709 2971 quod
1728 2921 1827 2959 omni
1846 2921 1981 2960 nationi
2001 2922 2052 2960 sic
2078 2937 2146 2962 nou

1187 2983 1318 3022 fecerit.
1352 2984 1542 3035 Propterea
1571 2981 1786 3033 subjunxit:
1811 2983 1865 3020 Ec
1891 2984 2044 3035 judicia
2076 2999 2147 3022 sua

1190 3059 1266 3083 non
1281 3045 1549 3097 manifestavit
1571 3045 1639 3080 eis.
1661 3042 1775 3082 Vides
1794 3043 1956 3081 omnium
1972 3044 2145 3083 bonorum

1186 3122 1264 3158 quae
1277 3115 1358 3145 sunt
1375 3113 1578 3144 enumerata
1599 3104 1797 3142 maximum
1814 3119 1888 3143 esse
1903 3105 2027 3156 legem.

1240 3174 1278 3207 2.
1313 3168 1388 3205 Hoc
1410 3166 1517 3204 etiam
1537 3165 1708 3205 Jeremias
1728 3165 1902 3204 indicavit
1919 3182 1926 3202 :
1945 3165 2032 3203 dum
2052 3166 2145 3203 euim

1187 3245 1245 3269 eos
1271 3229 1333 3280 qui
1362 3228 1398 3266 in
1427 3226 1633 3279 captivitate
1660 3227 1894 3266 versabantur
1920 3226 2068 3277 lugeret,
2090 3227 2145 3265 di-

1189 3292 1289 3330 cebat
1311 3306 1318 3327 :
1343 3289 1460 3340 Quid,
1483 3289 1586 3340 quod
1610 3291 1653 3325 in
1680 3297 1784 3326 terra
1812 3291 2055 3325 inimicorum
2075 3303 2112 3326 es
2129 3294 2145 3325 :³
2161 3299 2294 3327 Banu-sl,
2316 3298 2344 3329 3,

1193 3351 1615 3402 Dereliquistisontem
1634 3351 1834 3400 sapientae
1851 3364 1860 3383 :
1885 3348 1996 3399 legem
2017 3349 2062 3386 ita
2087 3365 2145 3388 vo·
2164 3351 2210 3371 ¹⁰·
2232 3349 2280 3373 ¹²·

1192 3429 1284 3454 sans.
1305 3416 1351 3453 [ἰ
1365 3412 1457 3450 enini
1476 3413 1551 3450 sons
1567 3411 1698 3450 multos
1719 3409 1874 3461 undique
1891 3409 1937 3448 iix
1948 3426 1985 3448 os
2002 3412 2144 3456 emittit,

1942 3466 1986 3501 52
