<?xml version="1.0" encoding="UTF-8"?>
<!DOCTYPE html PUBLIC "-//W3C//DTD XHTML 1.0 Transitional//EN"
    "http://www.w3.org/TR/xhtml1/DTD/xhtml1-transitional.dtd">
<html xmlns="http://www.w3.org/1999/xhtml" xml:lang="en" lang="en">
 <head>
  <title>
</title>
<meta http-equiv="Content-Type" content="text/html;charset=utf-8" />
  <meta name='ocr-system' content='tesseract 3.04.00' />
  <meta name='ocr-capabilities' content='ocr_page ocr_carea ocr_par ocr_line ocrx_word'/>
</head>
<body>
  <div class='ocr_page' id='page_1' title='image "./operaomniaquaeex04johnuoft/operaomniaquaeex04johnuoft_0499.png"; bbox 0 0 2516 3791; ppageno 0'>
   <div class='ocr_carea' id='block_1_1' title="bbox 703 229 1054 262">
    <p class='ocr_par' dir='ltr' id='par_1_1' title="bbox 703 229 1054 262">
     <span class='ocr_line' id='line_1_1' title="bbox 703 229 1054 262; baseline -0.011 0"><span class='ocrx_word' id='word_1_1' title='bbox 703 233 748 262; x_wconf 81' lang='grc' dir='ltr'>ΙΝ</span> <span class='ocrx_word' id='word_1_2' title='bbox 784 232 886 262; x_wconf 79' lang='grc' dir='ltr'><strong>ΟΛΡ.</strong></span> <span class='ocrx_word' id='word_1_3' title='bbox 926 229 1054 260; x_wconf 69' lang='grc' dir='ltr'><strong>ΧΥΙΗ.</strong></span> 
     </span>
    </p>
   </div>
   <div class='ocr_carea' id='block_1_2' title="bbox 108 313 1131 367">
    <p class='ocr_par' dir='ltr' id='par_1_2' title="bbox 108 313 1131 367">
     <span class='ocr_line' id='line_1_2' title="bbox 108 313 1131 367; baseline -0.007 -10"><span class='ocrx_word' id='word_1_4' title='bbox 108 315 294 362; x_wconf 78' lang='grc' dir='ltr'>ἐκκλησίαν</span> <span class='ocrx_word' id='word_1_5' title='bbox 307 316 551 367; x_wconf 75' lang='grc' dir='ltr'><strong>ἐπαναγαγεῖν,</strong></span> <span class='ocrx_word' id='word_1_6' title='bbox 562 319 576 336; x_wconf 84' lang='grc'><strong>“</strong></span> <span class='ocrx_word' id='word_1_7' title='bbox 587 314 778 358; x_wconf 79' lang='grc' dir='ltr'>δεικνύντες</span> <span class='ocrx_word' id='word_1_8' title='bbox 795 316 890 366; x_wconf 83' lang='grc' dir='ltr'>αὐτῷ</span> <span class='ocrx_word' id='word_1_9' title='bbox 902 313 990 364; x_wconf 86' lang='grc' dir='ltr'>μετὰ</span> <span class='ocrx_word' id='word_1_10' title='bbox 1000 313 1131 359; x_wconf 80' lang='grc' dir='ltr'>πολλῆς</span> 
     </span>
    </p>
   </div>
   <div class='ocr_carea' id='block_1_3' title="bbox 1093 227 1256 257">
    <p class='ocr_par' dir='ltr' id='par_1_3' title="bbox 1093 227 1256 257">
     <span class='ocr_line' id='line_1_3' title="bbox 1093 227 1256 257; baseline 0 0"><span class='ocrx_word' id='word_1_11' title='bbox 1093 227 1256 257; x_wconf 74' lang='lat' dir='ltr'><strong>GENES.</strong></span> 
     </span>
    </p>
   </div>
   <div class='ocr_carea' id='block_1_4' title="bbox 1294 215 2155 274">
    <p class='ocr_par' dir='ltr' id='par_1_4' title="bbox 1294 215 2155 274">
     <span class='ocr_line' id='line_1_4' title="bbox 1294 215 2155 274; baseline 0 -17"><span class='ocrx_word' id='word_1_12' title='bbox 1294 227 1451 258; x_wconf 71' lang='lat' dir='ltr'>uomit..</span> <span class='ocrx_word' id='word_1_13' title='bbox 1489 227 1582 258; x_wconf 78' lang='lat' dir='ltr'>xm.</span> <span class='ocrx_word' id='word_1_14' title='bbox 2062 215 2155 274; x_wconf 68' lang='lat'>[179</span> 
     </span>
    </p>
   </div>
   <div class='ocr_carea' id='block_1_5' title="bbox 1209 308 2155 363">
    <p class='ocr_par' dir='ltr' id='par_1_5' title="bbox 1209 308 2155 363">
     <span class='ocr_line' id='line_1_5' title="bbox 1209 308 2155 363; baseline -0.001 -15"><span class='ocrx_word' id='word_1_15' title='bbox 1209 324 1335 349; x_wconf 88' lang='lat' dir='ltr'>norum</span> <span class='ocrx_word' id='word_1_16' title='bbox 1353 325 1432 363; x_wconf 81' lang='lat' dir='ltr'>quae</span> <span class='ocrx_word' id='word_1_17' title='bbox 1450 311 1510 350; x_wconf 82' lang='lat' dir='ltr'>hic</span> <span class='ocrx_word' id='word_1_18' title='bbox 1535 309 1779 350; x_wconf 89' lang='lat' dir='ltr'>conceduntur</span> <span class='ocrx_word' id='word_1_19' title='bbox 1801 308 2102 360; x_wconf 85' lang='lat' dir='ltr'>magnitudinem:</span> <span class='ocrx_word' id='word_1_20' title='bbox 2123 320 2155 347; x_wconf 89' lang='lat' dir='ltr'>et</span> 
     </span>
    </p>
   </div>
   <div class='ocr_carea' id='block_1_6' title="bbox 106 370 2157 490">
    <p class='ocr_par' dir='ltr' id='par_1_6' title="bbox 106 370 2157 490">
     <span class='ocr_line' id='line_1_6' title="bbox 106 370 2157 430; baseline -0.004 -15"><span class='ocrx_word' id='word_1_21' title='bbox 106 381 167 424; x_wconf 82' lang='grc' dir='ltr'>τῆς</span> <span class='ocrx_word' id='word_1_22' title='bbox 186 375 373 420; x_wconf 81' lang='grc' dir='ltr'>ἐπιεικείας</span> <span class='ocrx_word' id='word_1_23' title='bbox 387 377 446 414; x_wconf 88' lang='grc' dir='ltr'>καὶ</span> <span class='ocrx_word' id='word_1_24' title='bbox 464 379 527 423; x_wconf 75' lang='grc' dir='ltr'>τῆς</span> <span class='ocrx_word' id='word_1_25' title='bbox 544 375 765 428; x_wconf 85' lang='grc' dir='ltr'>πραότητος,</span> <span class='ocrx_word' id='word_1_26' title='bbox 787 375 845 415; x_wconf 70' lang='grc' dir='ltr'>καὶ</span> <span class='ocrx_word' id='word_1_27' title='bbox 860 378 923 422; x_wconf 78' lang='grc' dir='ltr'>τῆς</span> <span class='ocrx_word' id='word_1_28' title='bbox 941 374 1055 426; x_wconf 83' lang='grc' dir='ltr'>λύμης</span> <span class='ocrx_word' id='word_1_29' title='bbox 1067 372 1130 420; x_wconf 80' lang='grc' dir='ltr'>τὴν</span> <span class='ocrx_word' id='word_1_30' title='bbox 1147 402 1195 430; x_wconf 67' lang='lat'>10¹⁶</span> <span class='ocrx_word' id='word_1_31' title='bbox 1208 385 1275 410; x_wconf 92' lang='lat' dir='ltr'>non</span> <span class='ocrx_word' id='word_1_32' title='bbox 1302 373 1418 411; x_wconf 88' lang='lat' dir='ltr'>solum</span> <span class='ocrx_word' id='word_1_33' title='bbox 1449 373 1556 411; x_wconf 83' lang='lat' dir='ltr'>semel</span> <span class='ocrx_word' id='word_1_34' title='bbox 1575 382 1681 425; x_wconf 86' lang='lat' dir='ltr'>atque</span> <span class='ocrx_word' id='word_1_35' title='bbox 1707 372 1837 410; x_wconf 90' lang='lat' dir='ltr'>iterum</span> <span class='ocrx_word' id='word_1_36' title='bbox 1865 370 1933 408; x_wconf 88' lang='lat' dir='ltr'>hoc</span> <span class='ocrx_word' id='word_1_37' title='bbox 1958 370 2074 419; x_wconf 82' lang='lat' dir='ltr'>facite,</span> <span class='ocrx_word' id='word_1_38' title='bbox 2096 371 2157 408; x_wconf 88' lang='lat' dir='ltr'>sed</span> 
     </span>
     <span class='ocr_line' id='line_1_7' title="bbox 107 430 2156 490; baseline -0.004 -14"><span class='ocrx_word' id='word_1_39' title='bbox 107 436 301 490; x_wconf 74' lang='grc' dir='ltr'>ὑπερὸολὴν</span> <span class='ocrx_word' id='word_1_40' title='bbox 313 437 451 475; x_wconf 82' lang='grc' dir='ltr'>καὶτῶν</span> <span class='ocrx_word' id='word_1_41' title='bbox 468 438 615 475; x_wconf 76' lang='grc' dir='ltr'>ἐνταῦθα</span> <span class='ocrx_word' id='word_1_42' title='bbox 631 439 768 488; x_wconf 82' lang='grc' dir='ltr'>ἀγαθῶν</span> <span class='ocrx_word' id='word_1_43' title='bbox 781 437 820 475; x_wconf 86' lang='grc' dir='ltr'>τὸ</span> <span class='ocrx_word' id='word_1_44' title='bbox 838 436 997 488; x_wconf 83' lang='grc' dir='ltr'>μέγεθος·</span> <span class='ocrx_word' id='word_1_45' title='bbox 1010 434 1068 473; x_wconf 82' lang='grc' dir='ltr'>καὶ</span> <span class='ocrx_word' id='word_1_46' title='bbox 1081 433 1129 484; x_wconf 84' lang='grc' dir='ltr'>μὴ</span> <span class='ocrx_word' id='word_1_47' title='bbox 1157 441 1184 470; x_wconf 76' lang='lat' dir='ltr'>A</span> <span class='ocrx_word' id='word_1_48' title='bbox 1206 446 1356 485; x_wconf 86' lang='lat' dir='ltr'>semper.</span> <span class='ocrx_word' id='word_1_49' title='bbox 1382 434 1473 472; x_wconf 88' lang='lat' dir='ltr'>Nam</span> <span class='ocrx_word' id='word_1_50' title='bbox 1494 433 1557 471; x_wconf 88' lang='lat' dir='ltr'>etsi</span> <span class='ocrx_word' id='word_1_51' title='bbox 1580 432 1687 470; x_wconf 88' lang='lat' dir='ltr'>hodie</span> <span class='ocrx_word' id='word_1_52' title='bbox 1706 431 1826 470; x_wconf 81' lang='lat' dir='ltr'>verbis</span> <span class='ocrx_word' id='word_1_53' title='bbox 1844 430 1916 469; x_wconf 86' lang='lat' dir='ltr'>tuis</span> <span class='ocrx_word' id='word_1_54' title='bbox 1931 444 2000 468; x_wconf 90' lang='lat' dir='ltr'>non</span> <span class='ocrx_word' id='word_1_55' title='bbox 2021 430 2156 468; x_wconf 85' lang='lat' dir='ltr'>obtem-</span> 
     </span>
    </p>
   </div>
   <div class='ocr_carea' id='block_1_7' title="bbox 105 495 1134 1100">
    <p class='ocr_par' dir='ltr' id='par_1_7' title="bbox 105 495 1134 1100">
     <span class='ocr_line' id='line_1_8' title="bbox 107 495 1132 549; baseline -0.003 -14"><span class='ocrx_word' id='word_1_56' title='bbox 107 497 208 548; x_wconf 91' lang='grc' dir='ltr'>μόνον</span> <span class='ocrx_word' id='word_1_57' title='bbox 228 496 320 541; x_wconf 79' lang='grc' dir='ltr'>ἅπαξ</span> <span class='ocrx_word' id='word_1_58' title='bbox 337 498 395 535; x_wconf 87' lang='grc' dir='ltr'>καὶ</span> <span class='ocrx_word' id='word_1_59' title='bbox 412 496 569 549; x_wconf 86' lang='grc' dir='ltr'>δεύτερον</span> <span class='ocrx_word' id='word_1_60' title='bbox 587 500 688 536; x_wconf 78' lang='grc' dir='ltr'>τοῦτο</span> <span class='ocrx_word' id='word_1_61' title='bbox 704 503 835 535; x_wconf 86' lang='grc' dir='ltr'>ποιεῖτε</span> <span class='ocrx_word' id='word_1_62' title='bbox 849 528 856 542; x_wconf 86' lang='grc'>,</span> <span class='ocrx_word' id='word_1_63' title='bbox 873 496 963 535; x_wconf 80' lang='grc' dir='ltr'>ἀλλὰ</span> <span class='ocrx_word' id='word_1_64' title='bbox 982 495 1041 534; x_wconf 71' lang='grc' dir='ltr'>καὶ</span> <span class='ocrx_word' id='word_1_65' title='bbox 1057 495 1132 541; x_wconf 88' lang='grc' dir='ltr'>διη-</span> 
     </span>
     <span class='ocr_line' id='line_1_9' title="bbox 105 554 1131 609; baseline -0.004 -14"><span class='ocrx_word' id='word_1_66' title='bbox 105 559 222 600; x_wconf 86' lang='grc' dir='ltr'>νεκῶς.</span> <span class='ocrx_word' id='word_1_67' title='bbox 243 557 319 595; x_wconf 81' lang='grc' dir='ltr'>Κᾶν</span> <span class='ocrx_word' id='word_1_68' title='bbox 339 557 406 609; x_wconf 86' lang='grc' dir='ltr'>γὰρ</span> <span class='ocrx_word' id='word_1_69' title='bbox 435 557 587 609; x_wconf 80' lang='grc' dir='ltr'>σήμερον</span> <span class='ocrx_word' id='word_1_70' title='bbox 607 557 655 608; x_wconf 89' lang='grc' dir='ltr'>μὴ</span> <span class='ocrx_word' id='word_1_71' title='bbox 675 557 838 604; x_wconf 86' lang='grc' dir='ltr'>πείθηται</span> <span class='ocrx_word' id='word_1_72' title='bbox 866 563 938 600; x_wconf 88' lang='grc' dir='ltr'>τοῖς</span> <span class='ocrx_word' id='word_1_73' title='bbox 955 554 1051 608; x_wconf 83' lang='grc' dir='ltr'>παρὰ</span> <span class='ocrx_word' id='word_1_74' title='bbox 1070 557 1131 592; x_wconf 81' lang='grc' dir='ltr'>σοῦ</span> 
     </span>
     <span class='ocr_line' id='line_1_10' title="bbox 105 615 1129 670; baseline 0.001 -13"><span class='ocrx_word' id='word_1_75' title='bbox 105 618 322 669; x_wconf 80' lang='grc' dir='ltr'>λεγομένοις,</span> <span class='ocrx_word' id='word_1_76' title='bbox 347 622 389 670; x_wconf 83' lang='grc' dir='ltr'>τῇ</span> <span class='ocrx_word' id='word_1_77' title='bbox 422 618 500 665; x_wconf 79' lang='grc' dir='ltr'>ἑξῆς</span> <span class='ocrx_word' id='word_1_78' title='bbox 529 619 776 666; x_wconf 82' lang='grc' dir='ltr'>πεισθήσεται·</span> <span class='ocrx_word' id='word_1_79' title='bbox 798 619 862 657; x_wconf 72' lang='grc' dir='ltr'>κᾶν</span> <span class='ocrx_word' id='word_1_80' title='bbox 889 617 937 670; x_wconf 83' lang='grc' dir='ltr'>μὴ</span> <span class='ocrx_word' id='word_1_81' title='bbox 965 620 1009 669; x_wconf 80' lang='grc' dir='ltr'>τῇ</span> <span class='ocrx_word' id='word_1_82' title='bbox 1036 615 1129 662; x_wconf 68' lang='grc' dir='ltr'><strong>ἑξῆς,</strong></span> 
     </span>
     <span class='ocr_line' id='line_1_11' title="bbox 106 675 1131 732; baseline -0.005 -14"><span class='ocrx_word' id='word_1_83' title='bbox 106 680 211 718; x_wconf 86' lang='grc' dir='ltr'>πάλιν</span> <span class='ocrx_word' id='word_1_84' title='bbox 235 681 324 732; x_wconf 85' lang='grc' dir='ltr'>ὁρῶν</span> <span class='ocrx_word' id='word_1_85' title='bbox 351 695 388 717; x_wconf 89' lang='grc' dir='ltr'>σε</span> <span class='ocrx_word' id='word_1_86' title='bbox 416 679 646 730; x_wconf 80' lang='grc' dir='ltr'>ἐπικείμενον,</span> <span class='ocrx_word' id='word_1_87' title='bbox 667 680 748 723; x_wconf 83' lang='grc' dir='ltr'>ἴσως</span> <span class='ocrx_word' id='word_1_88' title='bbox 778 678 1053 731; x_wconf 85' lang='grc' dir='ltr'>ἐντραπήσεται,</span> <span class='ocrx_word' id='word_1_89' title='bbox 1073 675 1131 713; x_wconf 78' lang='grc' dir='ltr'>καὶ</span> 
     </span>
     <span class='ocr_line' id='line_1_12' title="bbox 110 739 1133 792; baseline -0.005 -13"><span class='ocrx_word' id='word_1_90' title='bbox 110 741 278 785; x_wconf 75' lang='grc' dir='ltr'>αἰδεσθείς</span> <span class='ocrx_word' id='word_1_91' title='bbox 297 757 358 779; x_wconf 91' lang='grc' dir='ltr'>σου</span> <span class='ocrx_word' id='word_1_92' title='bbox 376 741 440 789; x_wconf 86' lang='grc' dir='ltr'>τὴν</span> <span class='ocrx_word' id='word_1_93' title='bbox 461 741 686 792; x_wconf 73' lang='grc' dir='ltr'>κηδεμονίαν,</span> <span class='ocrx_word' id='word_1_94' title='bbox 706 740 945 787; x_wconf 81' lang='grc' dir='ltr'>ἀποστήσεται</span> <span class='ocrx_word' id='word_1_95' title='bbox 960 740 1029 776; x_wconf 84' lang='grc' dir='ltr'>τῶν</span> <span class='ocrx_word' id='word_1_96' title='bbox 1050 739 1133 789; x_wconf 81' lang='grc' dir='ltr'>βλα-</span> 
     </span>
     <span class='ocr_line' id='line_1_13' title="bbox 109 798 1134 853; baseline -0.003 -14"><span class='ocrx_word' id='word_1_97' title='bbox 109 802 277 841; x_wconf 88' lang='grc' dir='ltr'>πτόντων.</span> <span class='ocrx_word' id='word_1_98' title='bbox 299 803 368 840; x_wconf 81' lang='grc' dir='ltr'>Καὶ</span> <span class='ocrx_word' id='word_1_99' title='bbox 389 801 566 853; x_wconf 88' lang='grc' dir='ltr'>μηδέποτε</span> <span class='ocrx_word' id='word_1_100' title='bbox 582 802 682 853; x_wconf 85' lang='grc' dir='ltr'>λέγε,</span> <span class='ocrx_word' id='word_1_101' title='bbox 702 802 754 840; x_wconf 81' lang='grc' dir='ltr'>ὅτι</span> <span class='ocrx_word' id='word_1_102' title='bbox 770 802 828 840; x_wconf 74' lang='grc' dir='ltr'>καὶ</span> <span class='ocrx_word' id='word_1_103' title='bbox 849 799 962 845; x_wconf 81' lang='grc' dir='ltr'>ἅπαξ,</span> <span class='ocrx_word' id='word_1_104' title='bbox 982 799 1042 837; x_wconf 76' lang='grc' dir='ltr'>καὶ</span> <span class='ocrx_word' id='word_1_105' title='bbox 1062 798 1134 836; x_wconf 84' lang='grc' dir='ltr'>δεύ-</span> 
     </span>
     <span class='ocr_line' id='line_1_14' title="bbox 108 856 1132 915; baseline -0.003 -14"><span class='ocrx_word' id='word_1_106' title='bbox 108 878 218 914; x_wconf 84' lang='grc' dir='ltr'>τερον,</span> <span class='ocrx_word' id='word_1_107' title='bbox 256 863 315 900; x_wconf 83' lang='grc' dir='ltr'>καὶ</span> <span class='ocrx_word' id='word_1_108' title='bbox 349 862 477 915; x_wconf 82' lang='grc' dir='ltr'>τρίτον,</span> <span class='ocrx_word' id='word_1_109' title='bbox 512 863 571 901; x_wconf 79' lang='grc' dir='ltr'>καὶ</span> <span class='ocrx_word' id='word_1_110' title='bbox 610 863 779 906; x_wconf 84' lang='grc' dir='ltr'>πολλάκις</span> <span class='ocrx_word' id='word_1_111' title='bbox 803 856 912 908; x_wconf 73' lang='grc' dir='ltr'>εἷπον,</span> <span class='ocrx_word' id='word_1_112' title='bbox 950 862 1009 899; x_wconf 80' lang='grc' dir='ltr'>καὶ</span> <span class='ocrx_word' id='word_1_113' title='bbox 1036 861 1132 899; x_wconf 83' lang='grc' dir='ltr'>οὐδὲν</span> 
     </span>
     <span class='ocr_line' id='line_1_15' title="bbox 108 923 1132 977; baseline 0 -17"><span class='ocrx_word' id='word_1_114' title='bbox 108 923 231 969; x_wconf 85' lang='grc' dir='ltr'>ἤνυσα.</span> <span class='ocrx_word' id='word_1_115' title='bbox 252 923 312 970; x_wconf 85' lang='grc' dir='ltr'>Μὴ</span> <span class='ocrx_word' id='word_1_116' title='bbox 331 924 450 974; x_wconf 84' lang='grc' dir='ltr'>παύσῃ</span> <span class='ocrx_word' id='word_1_117' title='bbox 469 924 580 975; x_wconf 87' lang='grc' dir='ltr'>λέγων</span> <span class='ocrx_word' id='word_1_118' title='bbox 592 940 600 948; x_wconf 91' lang='grc'><em>·</em></span> <span class='ocrx_word' id='word_1_119' title='bbox 614 923 684 977; x_wconf 80' lang='grc' dir='ltr'>ὅσῳ</span> <span class='ocrx_word' id='word_1_120' title='bbox 710 924 778 976; x_wconf 83' lang='grc' dir='ltr'>γὰρ</span> <span class='ocrx_word' id='word_1_121' title='bbox 797 923 837 960; x_wconf 81' lang='grc' dir='ltr'>ἂν</span> <span class='ocrx_word' id='word_1_122' title='bbox 867 923 1034 975; x_wconf 82' lang='grc' dir='ltr'>ἐπιμένῃς</span> <span class='ocrx_word' id='word_1_123' title='bbox 1046 953 1054 969; x_wconf 97' lang='grc'>,</span> <span class='ocrx_word' id='word_1_124' title='bbox 1072 937 1132 960; x_wconf 86' lang='grc' dir='ltr'>το-</span> 
     </span>
     <span class='ocr_line' id='line_1_16' title="bbox 109 983 1134 1038; baseline 0 -16"><span class='ocrx_word' id='word_1_125' title='bbox 109 983 221 1037; x_wconf 84' lang='grc' dir='ltr'>σούτῳ</span> <span class='ocrx_word' id='word_1_126' title='bbox 240 1000 300 1023; x_wconf 90' lang='grc' dir='ltr'>σου</span> <span class='ocrx_word' id='word_1_127' title='bbox 327 985 386 1023; x_wconf 78' lang='grc' dir='ltr'>καὶ</span> <span class='ocrx_word' id='word_1_128' title='bbox 411 989 428 1024; x_wconf 96' lang='lat'>6</span> <span class='ocrx_word' id='word_1_129' title='bbox 456 985 577 1037; x_wconf 88' lang='grc' dir='ltr'>μισθὸς</span> <span class='ocrx_word' id='word_1_130' title='bbox 607 986 760 1030; x_wconf 81' lang='grc' dir='ltr'>αὔξεται.</span> <span class='ocrx_word' id='word_1_131' title='bbox 779 987 860 1038; x_wconf 76' lang='grc' dir='ltr'>Οὐχ</span> <span class='ocrx_word' id='word_1_132' title='bbox 891 988 994 1036; x_wconf 76' lang='grc' dir='ltr'>δρᾶτε</span> <span class='ocrx_word' id='word_1_133' title='bbox 1022 984 1134 1030; x_wconf 88' lang='grc' dir='ltr'>πόσης</span> 
     </span>
     <span class='ocr_line' id='line_1_17' title="bbox 110 1045 1133 1100; baseline 0.001 -17"><span class='ocrx_word' id='word_1_134' title='bbox 110 1045 331 1097; x_wconf 81' lang='grc' dir='ltr'>ἀπολαύομεν</span> <span class='ocrx_word' id='word_1_135' title='bbox 350 1047 590 1099; x_wconf 81' lang='grc' dir='ltr'>μακροθυμίας</span> <span class='ocrx_word' id='word_1_136' title='bbox 609 1047 705 1100; x_wconf 82' lang='grc' dir='ltr'>παρὰ</span> <span class='ocrx_word' id='word_1_137' title='bbox 734 1051 794 1085; x_wconf 75' lang='grc' dir='ltr'>τοῦ</span> <span class='ocrx_word' id='word_1_138' title='bbox 823 1049 892 1084; x_wconf 84' lang='grc' dir='ltr'>τῶν</span> <span class='ocrx_word' id='word_1_139' title='bbox 911 1047 999 1085; x_wconf 77' lang='grc' dir='ltr'>ὅλων</span> <span class='ocrx_word' id='word_1_140' title='bbox 1019 1048 1110 1084; x_wconf 75' lang='grc' dir='ltr'>Θεοῦ</span> <span class='ocrx_word' id='word_1_141' title='bbox 1125 1076 1133 1091; x_wconf 87' lang='grc'>,</span> 
     </span>
    </p>
   </div>
   <div class='ocr_carea' id='block_1_8' title="bbox 108 1106 1183 1160">
    <p class='ocr_par' dir='ltr' id='par_1_8' title="bbox 108 1106 1183 1160">
     <span class='ocr_line' id='line_1_18' title="bbox 108 1106 1183 1160; baseline -0.002 -16"><span class='ocrx_word' id='word_1_142' title='bbox 108 1106 168 1144; x_wconf 77' lang='grc' dir='ltr'>καὶ</span> <span class='ocrx_word' id='word_1_143' title='bbox 184 1110 258 1151; x_wconf 81' lang='grc' dir='ltr'>πῶς</span> <span class='ocrx_word' id='word_1_144' title='bbox 269 1110 345 1146; x_wconf 88' lang='grc' dir='ltr'>καθ’</span> <span class='ocrx_word' id='word_1_145' title='bbox 366 1107 516 1153; x_wconf 80' lang='grc' dir='ltr'>ἑκάστην</span> <span class='ocrx_word' id='word_1_146' title='bbox 532 1107 666 1159; x_wconf 82' lang='grc' dir='ltr'>ἡμέραν</span> <span class='ocrx_word' id='word_1_147' title='bbox 682 1106 927 1160; x_wconf 86' lang='grc' dir='ltr'>παρακούομεν</span> <span class='ocrx_word' id='word_1_148' title='bbox 942 1110 1048 1145; x_wconf 81' lang='grc' dir='ltr'>αὐτοῦ</span> <span class='ocrx_word' id='word_1_149' title='bbox 1065 1109 1135 1144; x_wconf 84' lang='grc' dir='ltr'>τῶν</span> <span class='ocrx_word' id='word_1_150' title='bbox 1160 1112 1183 1141; x_wconf 85' lang='grc' dir='ltr'>Β</span> 
     </span>
    </p>
   </div>
   <div class='ocr_carea' id='block_1_9' title="bbox 110 1168 1137 1832">
    <p class='ocr_par' dir='ltr' id='par_1_9' title="bbox 110 1168 1137 1832">
     <span class='ocr_line' id='line_1_19' title="bbox 110 1168 1136 1221; baseline 0 -16"><span class='ocrx_word' id='word_1_151' title='bbox 110 1169 406 1220; x_wconf 85' lang='grc' dir='ltr'>προσταγμάτων,</span> <span class='ocrx_word' id='word_1_152' title='bbox 438 1169 495 1206; x_wconf 80' lang='grc' dir='ltr'>καὶ</span> <span class='ocrx_word' id='word_1_153' title='bbox 525 1170 588 1207; x_wconf 84' lang='grc' dir='ltr'>οὐκ</span> <span class='ocrx_word' id='word_1_154' title='bbox 615 1168 803 1221; x_wconf 66' lang='grc' dir='ltr'>ἀφίσταται</span> <span class='ocrx_word' id='word_1_155' title='bbox 834 1171 896 1215; x_wconf 77' lang='grc' dir='ltr'>τῆς</span> <span class='ocrx_word' id='word_1_156' title='bbox 928 1168 1009 1220; x_wconf 82' lang='grc' dir='ltr'>περὶ</span> <span class='ocrx_word' id='word_1_157' title='bbox 1043 1171 1136 1218; x_wconf 82' lang='grc' dir='ltr'>ἡμᾶς</span> 
     </span>
     <span class='ocr_line' id='line_1_20' title="bbox 111 1229 1137 1283; baseline -0.003 -15"><span class='ocrx_word' id='word_1_158' title='bbox 111 1230 318 1280; x_wconf 81' lang='grc' dir='ltr'>κηδεμονίας</span> <span class='ocrx_word' id='word_1_159' title='bbox 329 1260 338 1277; x_wconf 91' lang='grc'>,</span> <span class='ocrx_word' id='word_1_160' title='bbox 355 1230 444 1268; x_wconf 83' lang='grc' dir='ltr'>ἀλλὰ</span> <span class='ocrx_word' id='word_1_161' title='bbox 462 1230 521 1268; x_wconf 84' lang='grc' dir='ltr'>καὶ</span> <span class='ocrx_word' id='word_1_162' title='bbox 538 1230 583 1268; x_wconf 84' lang='grc' dir='ltr'>τὰ</span> <span class='ocrx_word' id='word_1_163' title='bbox 602 1234 685 1283; x_wconf 85' lang='grc' dir='ltr'>παρ’</span> <span class='ocrx_word' id='word_1_164' title='bbox 704 1233 826 1268; x_wconf 80' lang='grc' dir='ltr'>ἑαυτοῦ</span> <span class='ocrx_word' id='word_1_165' title='bbox 837 1229 952 1268; x_wconf 82' lang='grc' dir='ltr'>πάντα</span> <span class='ocrx_word' id='word_1_166' title='bbox 969 1234 1137 1281; x_wconf 85' lang='grc' dir='ltr'>χορηγεῖ,</span> 
     </span>
     <span class='ocr_line' id='line_1_21' title="bbox 110 1289 1137 1337; baseline -0.001 -10"><span class='ocrx_word' id='word_1_167' title='bbox 110 1291 168 1329; x_wconf 81' lang='grc' dir='ltr'>τὸν</span> <span class='ocrx_word' id='word_1_168' title='bbox 198 1291 295 1337; x_wconf 76' lang='grc' dir='ltr'>ἥλιον</span> <span class='ocrx_word' id='word_1_169' title='bbox 315 1291 534 1337; x_wconf 84' lang='grc' dir='ltr'>ἀνατέλλων,</span> <span class='ocrx_word' id='word_1_170' title='bbox 555 1290 634 1334; x_wconf 80' lang='grc' dir='ltr'>τοὺς</span> <span class='ocrx_word' id='word_1_171' title='bbox 669 1289 787 1334; x_wconf 75' lang='grc' dir='ltr'>ὑετοὺς</span> <span class='ocrx_word' id='word_1_172' title='bbox 814 1290 947 1335; x_wconf 81' lang='grc' dir='ltr'>διδοὺς,</span> <span class='ocrx_word' id='word_1_173' title='bbox 966 1290 1010 1328; x_wconf 85' lang='grc' dir='ltr'>τὰ</span> <span class='ocrx_word' id='word_1_174' title='bbox 1045 1290 1137 1328; x_wconf 81' lang='grc' dir='ltr'>ἄλλα</span> 
     </span>
     <span class='ocr_line' id='line_1_22' title="bbox 112 1351 1136 1404; baseline 0.002 -16"><span class='ocrx_word' id='word_1_175' title='bbox 112 1351 245 1399; x_wconf 74' lang='grc' dir='ltr'>πάντα,</span> <span class='ocrx_word' id='word_1_176' title='bbox 272 1352 343 1390; x_wconf 83' lang='grc' dir='ltr'>Τὸν</span> <span class='ocrx_word' id='word_1_177' title='bbox 371 1352 475 1390; x_wconf 85' lang='grc' dir='ltr'>αὐτὸν</span> <span class='ocrx_word' id='word_1_178' title='bbox 507 1351 548 1400; x_wconf 87' lang='grc' dir='ltr'>δὴ</span> <span class='ocrx_word' id='word_1_179' title='bbox 580 1351 707 1404; x_wconf 88' lang='grc' dir='ltr'>τρόπον</span> <span class='ocrx_word' id='word_1_180' title='bbox 741 1351 800 1389; x_wconf 83' lang='grc' dir='ltr'>καὶ</span> <span class='ocrx_word' id='word_1_181' title='bbox 829 1355 930 1402; x_wconf 81' lang='grc' dir='ltr'>ἡμεῖς</span> <span class='ocrx_word' id='word_1_182' title='bbox 958 1352 1039 1404; x_wconf 85' lang='grc' dir='ltr'>περὶ</span> <span class='ocrx_word' id='word_1_183' title='bbox 1057 1351 1136 1396; x_wconf 79' lang='grc' dir='ltr'>τοὺς</span> 
     </span>
     <span class='ocr_line' id='line_1_23' title="bbox 111 1411 1136 1464; baseline 0.002 -16"><span class='ocrx_word' id='word_1_184' title='bbox 111 1411 275 1464; x_wconf 75' lang='grc' dir='ltr'>ἀδελφοὺς</span> <span class='ocrx_word' id='word_1_185' title='bbox 294 1411 372 1455; x_wconf 75' lang='grc' dir='ltr'>τοὺς</span> <span class='ocrx_word' id='word_1_186' title='bbox 387 1411 578 1464; x_wconf 85' lang='grc' dir='ltr'>ἡμετέρους</span> <span class='ocrx_word' id='word_1_187' title='bbox 597 1411 730 1458; x_wconf 88' lang='grc' dir='ltr'>πολλὴν</span> <span class='ocrx_word' id='word_1_188' title='bbox 750 1411 932 1462; x_wconf 78' lang='grc' dir='ltr'>ποιώμεθα</span> <span class='ocrx_word' id='word_1_189' title='bbox 949 1412 1013 1460; x_wconf 81' lang='grc' dir='ltr'>τὴν</span> <span class='ocrx_word' id='word_1_190' title='bbox 1029 1427 1136 1451; x_wconf 87' lang='grc' dir='ltr'>σπου-</span> 
     </span>
     <span class='ocr_line' id='line_1_24' title="bbox 111 1472 1133 1526; baseline 0.002 -17"><span class='ocrx_word' id='word_1_191' title='bbox 111 1472 185 1520; x_wconf 74' lang='grc' dir='ltr'>δὴν,</span> <span class='ocrx_word' id='word_1_192' title='bbox 205 1473 263 1510; x_wconf 78' lang='grc' dir='ltr'>καὶ</span> <span class='ocrx_word' id='word_1_193' title='bbox 294 1473 581 1523; x_wconf 80' lang='grc' dir='ltr'>ἀντιταττώμεθα</span> <span class='ocrx_word' id='word_1_194' title='bbox 604 1476 655 1525; x_wconf 83' lang='grc' dir='ltr'>τῷ</span> <span class='ocrx_word' id='word_1_195' title='bbox 673 1475 816 1526; x_wconf 83' lang='grc' dir='ltr'>πονηρῷ</span> <span class='ocrx_word' id='word_1_196' title='bbox 835 1473 974 1524; x_wconf 86' lang='grc' dir='ltr'>δαίμονι</span> <span class='ocrx_word' id='word_1_197' title='bbox 993 1473 1133 1526; x_wconf 81' lang='grc' dir='ltr'>ἐκείνῳ,</span> 
     </span>
     <span class='ocr_line' id='line_1_25' title="bbox 110 1533 1135 1586; baseline 0.002 -16"><span class='ocrx_word' id='word_1_198' title='bbox 110 1533 165 1570; x_wconf 77' lang='grc' dir='ltr'>ἵνα</span> <span class='ocrx_word' id='word_1_199' title='bbox 181 1533 294 1585; x_wconf 83' lang='grc' dir='ltr'>ἄκυρα</span> <span class='ocrx_word' id='word_1_200' title='bbox 311 1535 414 1572; x_wconf 81' lang='grc' dir='ltr'>αὐτοῦ</span> <span class='ocrx_word' id='word_1_201' title='bbox 433 1536 589 1585; x_wconf 84' lang='grc' dir='ltr'>ποιῶμεν</span> <span class='ocrx_word' id='word_1_202' title='bbox 607 1533 652 1572; x_wconf 83' lang='grc' dir='ltr'>τὰ</span> <span class='ocrx_word' id='word_1_203' title='bbox 678 1533 932 1586; x_wconf 76' lang='grc' dir='ltr'>μηχανήματα.</span> <span class='ocrx_word' id='word_1_204' title='bbox 953 1533 1039 1573; x_wconf 81' lang='grc' dir='ltr'>Ἐὰν</span> <span class='ocrx_word' id='word_1_205' title='bbox 1067 1534 1135 1586; x_wconf 87' lang='grc' dir='ltr'>γὰρ</span> 
     </span>
     <span class='ocr_line' id='line_1_26' title="bbox 110 1593 1134 1648; baseline 0.003 -17"><span class='ocrx_word' id='word_1_206' title='bbox 110 1593 255 1637; x_wconf 79' lang='grc' dir='ltr'>ἕκαστος</span> <span class='ocrx_word' id='word_1_207' title='bbox 267 1595 336 1631; x_wconf 82' lang='grc' dir='ltr'>τῶν</span> <span class='ocrx_word' id='word_1_208' title='bbox 355 1596 502 1632; x_wconf 69' lang='grc' dir='ltr'>ἐνταῦθα</span> <span class='ocrx_word' id='word_1_209' title='bbox 518 1595 703 1633; x_wconf 84' lang='grc' dir='ltr'>συνιόντων</span> <span class='ocrx_word' id='word_1_210' title='bbox 718 1595 778 1633; x_wconf 79' lang='grc' dir='ltr'>ἕνα</span> <span class='ocrx_word' id='word_1_211' title='bbox 798 1596 961 1648; x_wconf 81' lang='grc' dir='ltr'>κερδᾶναι</span> <span class='ocrx_word' id='word_1_212' title='bbox 981 1596 1134 1647; x_wconf 78' lang='grc' dir='ltr'>δυνηθῇ,</span> 
     </span>
     <span class='ocr_line' id='line_1_27' title="bbox 110 1653 1135 1709; baseline 0.002 -17"><span class='ocrx_word' id='word_1_213' title='bbox 110 1653 270 1701; x_wconf 82' lang='grc' dir='ltr'>ἐννόησον</span> <span class='ocrx_word' id='word_1_214' title='bbox 287 1654 380 1699; x_wconf 83' lang='grc' dir='ltr'>ὅπως</span> <span class='ocrx_word' id='word_1_215' title='bbox 397 1659 482 1706; x_wconf 83' lang='grc' dir='ltr'>ἡμῖν</span> <span class='ocrx_word' id='word_1_216' title='bbox 501 1655 560 1693; x_wconf 81' lang='grc' dir='ltr'>καὶ</span> <span class='ocrx_word' id='word_1_217' title='bbox 586 1659 608 1702; x_wconf 92' lang='grc' dir='ltr'>ἡ</span> <span class='ocrx_word' id='word_1_218' title='bbox 628 1655 826 1703; x_wconf 82' lang='grc' dir='ltr'>Ἐκκλησία</span> <span class='ocrx_word' id='word_1_219' title='bbox 843 1657 901 1695; x_wconf 81' lang='grc' dir='ltr'>ἐπὶ</span> <span class='ocrx_word' id='word_1_220' title='bbox 928 1659 979 1709; x_wconf 77' lang='grc' dir='ltr'>τῷ</span> <span class='ocrx_word' id='word_1_221' title='bbox 1007 1656 1135 1704; x_wconf 88' lang='grc' dir='ltr'>πλήθει</span> 
     </span>
     <span class='ocr_line' id='line_1_28' title="bbox 110 1716 1134 1772; baseline 0.004 -19"><span class='ocrx_word' id='word_1_222' title='bbox 110 1717 179 1753; x_wconf 85' lang='grc' dir='ltr'>τῶν</span> <span class='ocrx_word' id='word_1_223' title='bbox 205 1716 340 1755; x_wconf 82' lang='grc' dir='ltr'>οἰκείων</span> <span class='ocrx_word' id='word_1_224' title='bbox 364 1717 494 1755; x_wconf 86' lang='grc' dir='ltr'>τέκνων</span> <span class='ocrx_word' id='word_1_225' title='bbox 519 1717 653 1765; x_wconf 82' lang='grc' dir='ltr'>πολλὴν</span> <span class='ocrx_word' id='word_1_226' title='bbox 672 1717 883 1766; x_wconf 80' lang='grc' dir='ltr'>δέξεταιτὴν</span> <span class='ocrx_word' id='word_1_227' title='bbox 908 1718 1134 1772; x_wconf 75' lang='grc' dir='ltr'>εὐφροσύνην,</span> 
     </span>
     <span class='ocr_line' id='line_1_29' title="bbox 111 1776 1132 1832; baseline 0.004 -18"><span class='ocrx_word' id='word_1_228' title='bbox 111 1776 171 1814; x_wconf 81' lang='grc' dir='ltr'>καὶ</span> <span class='ocrx_word' id='word_1_229' title='bbox 191 1781 209 1815; x_wconf 97' lang='lat'>6</span> <span class='ocrx_word' id='word_1_230' title='bbox 228 1777 389 1822; x_wconf 71' lang='grc' dir='ltr'>διάὸολος</span> <span class='ocrx_word' id='word_1_231' title='bbox 408 1779 748 1831; x_wconf 73' lang='grc' dir='ltr'>καταισχυνθήσεται</span> <span class='ocrx_word' id='word_1_232' title='bbox 767 1782 856 1832; x_wconf 84' lang='grc' dir='ltr'>ὁρῶν</span> <span class='ocrx_word' id='word_1_233' title='bbox 876 1782 952 1832; x_wconf 84' lang='grc' dir='ltr'>εἰκῇ</span> <span class='ocrx_word' id='word_1_234' title='bbox 977 1781 1036 1818; x_wconf 83' lang='grc' dir='ltr'>καὶ</span> <span class='ocrx_word' id='word_1_235' title='bbox 1064 1780 1132 1831; x_wconf 84' lang='grc' dir='ltr'>μοί-</span> 
     </span>
    </p>
   </div>
   <div class='ocr_carea' id='block_1_10' title="bbox 1203 491 2162 1821">
    <p class='ocr_par' dir='ltr' id='par_1_10' title="bbox 1203 491 2162 1821">
     <span class='ocr_line' id='line_1_30' title="bbox 1206 491 2157 547; baseline 0 -19"><span class='ocrx_word' id='word_1_236' title='bbox 1206 503 1316 544; x_wconf 82' lang='lat' dir='ltr'>perat,</span> <span class='ocrx_word' id='word_1_237' title='bbox 1335 504 1452 546; x_wconf 88' lang='lat' dir='ltr'>postca</span> <span class='ocrx_word' id='word_1_238' title='bbox 1471 493 1746 547; x_wconf 71' lang='lat' dir='ltr'>obtemperabit:</span> <span class='ocrx_word' id='word_1_239' title='bbox 1772 501 1805 531; x_wconf 91' lang='lat' dir='ltr'>et</span> <span class='ocrx_word' id='word_1_240' title='bbox 1826 492 1854 530; x_wconf 93' lang='lat' dir='ltr'>si</span> <span class='ocrx_word' id='word_1_241' title='bbox 1876 505 1986 543; x_wconf 88' lang='lat' dir='ltr'>neque</span> <span class='ocrx_word' id='word_1_242' title='bbox 2003 491 2157 529; x_wconf 86' lang='lat' dir='ltr'>secundo</span> 
     </span>
     <span class='ocr_line' id='line_1_31' title="bbox 1205 552 2157 608; baseline 0 -17"><span class='ocrx_word' id='word_1_243' title='bbox 1205 554 1410 593; x_wconf 88' lang='lat' dir='ltr'>admonenti</span> <span class='ocrx_word' id='word_1_244' title='bbox 1424 556 1702 608; x_wconf 84' lang='lat' dir='ltr'>obtemperabit,</span> <span class='ocrx_word' id='word_1_245' title='bbox 1716 555 1844 592; x_wconf 88' lang='lat' dir='ltr'>iterum</span> <span class='ocrx_word' id='word_1_246' title='bbox 1860 562 1975 591; x_wconf 88' lang='lat' dir='ltr'>tamen</span> <span class='ocrx_word' id='word_1_247' title='bbox 1987 561 2020 590; x_wconf 90' lang='lat' dir='ltr'>te</span> <span class='ocrx_word' id='word_1_248' title='bbox 2032 552 2157 592; x_wconf 85' lang='lat' dir='ltr'>videns</span> 
     </span>
     <span class='ocr_line' id='line_1_32' title="bbox 1206 610 2156 663; baseline 0 -14"><span class='ocrx_word' id='word_1_249' title='bbox 1206 622 1401 663; x_wconf 85' lang='lat' dir='ltr'>urgentem,</span> <span class='ocrx_word' id='word_1_250' title='bbox 1434 614 1523 650; x_wconf 81' lang='lat' dir='ltr'>sorte</span> <span class='ocrx_word' id='word_1_251' title='bbox 1563 614 1755 661; x_wconf 78' lang='lat' dir='ltr'>erubescet,</span> <span class='ocrx_word' id='word_1_252' title='bbox 1787 621 1819 649; x_wconf 89' lang='lat' dir='ltr'>et</span> <span class='ocrx_word' id='word_1_253' title='bbox 1856 610 2029 649; x_wconf 63' lang='lat' dir='ltr'>reveritus</span> <span class='ocrx_word' id='word_1_254' title='bbox 2059 620 2156 649; x_wconf 89' lang='lat' dir='ltr'>tuam</span> 
     </span>
     <span class='ocr_line' id='line_1_33' title="bbox 1205 671 2157 725; baseline 0 -15"><span class='ocrx_word' id='word_1_255' title='bbox 1205 686 1338 721; x_wconf 88' lang='lat' dir='ltr'>curam,</span> <span class='ocrx_word' id='word_1_256' title='bbox 1349 687 1368 710; x_wconf 89' lang='lat' dir='ltr'>a</span> <span class='ocrx_word' id='word_1_257' title='bbox 1385 673 1589 725; x_wconf 79' lang='lat' dir='ltr'>perniciosis</span> <span class='ocrx_word' id='word_1_258' title='bbox 1603 673 1675 710; x_wconf 90' lang='lat' dir='ltr'>illis</span> <span class='ocrx_word' id='word_1_259' title='bbox 1690 671 1948 710; x_wconf 70' lang='lat' dir='ltr'>abstineliit.l¹]t</span> <span class='ocrx_word' id='word_1_260' title='bbox 1963 685 2157 722; x_wconf 83' lang='lat' dir='ltr'>numquam</span> 
     </span>
     <span class='ocr_line' id='line_1_34' title="bbox 1203 731 2155 785; baseline 0.002 -16"><span class='ocrx_word' id='word_1_261' title='bbox 1203 731 1303 770; x_wconf 86' lang='lat' dir='ltr'>dieas</span> <span class='ocrx_word' id='word_1_262' title='bbox 1318 748 1325 768; x_wconf 77' lang='grc' dir='ltr'>τ</span> <span class='ocrx_word' id='word_1_263' title='bbox 1343 733 1472 781; x_wconf 88' lang='lat' dir='ltr'>Semel,</span> <span class='ocrx_word' id='word_1_264' title='bbox 1495 742 1529 770; x_wconf 89' lang='lat' dir='ltr'>et</span> <span class='ocrx_word' id='word_1_265' title='bbox 1549 733 1690 781; x_wconf 85' lang='lat' dir='ltr'>iterum,</span> <span class='ocrx_word' id='word_1_266' title='bbox 1707 742 1740 771; x_wconf 94' lang='lat' dir='ltr'>et</span> <span class='ocrx_word' id='word_1_267' title='bbox 1755 734 1858 771; x_wconf 87' lang='lat' dir='ltr'>tertio</span> <span class='ocrx_word' id='word_1_268' title='bbox 1875 742 1908 771; x_wconf 90' lang='lat' dir='ltr'>ct</span> <span class='ocrx_word' id='word_1_269' title='bbox 1929 734 2058 785; x_wconf 65' lang='lat' dir='ltr'>smpius·</span> <span class='ocrx_word' id='word_1_270' title='bbox 2078 747 2155 771; x_wconf 90' lang='lat' dir='ltr'>mo-</span> 
     </span>
     <span class='ocr_line' id='line_1_35' title="bbox 1205 793 2155 846; baseline 0 -15"><span class='ocrx_word' id='word_1_271' title='bbox 1205 793 1282 843; x_wconf 90' lang='lat' dir='ltr'>nui,</span> <span class='ocrx_word' id='word_1_272' title='bbox 1302 802 1335 832; x_wconf 91' lang='lat' dir='ltr'>et</span> <span class='ocrx_word' id='word_1_273' title='bbox 1360 794 1451 831; x_wconf 88' lang='lat' dir='ltr'>nihil</span> <span class='ocrx_word' id='word_1_274' title='bbox 1464 793 1611 846; x_wconf 82' lang='lat' dir='ltr'>profeci.</span> <span class='ocrx_word' id='word_1_275' title='bbox 1635 794 1688 831; x_wconf 86' lang='lat' dir='ltr'>Ne</span> <span class='ocrx_word' id='word_1_276' title='bbox 1717 807 1858 831; x_wconf 86' lang='lat' dir='ltr'>monere</span> <span class='ocrx_word' id='word_1_277' title='bbox 1883 793 2049 831; x_wconf 78' lang='lat' dir='ltr'>desinas:</span> <span class='ocrx_word' id='word_1_278' title='bbox 2073 808 2155 831; x_wconf 86' lang='lat' dir='ltr'>nam</span> 
     </span>
     <span class='ocr_line' id='line_1_36' title="bbox 1205 853 2158 906; baseline 0.003 -16"><span class='ocrx_word' id='word_1_279' title='bbox 1205 863 1338 905; x_wconf 86' lang='lat' dir='ltr'>quanto</span> <span class='ocrx_word' id='word_1_280' title='bbox 1357 855 1470 906; x_wconf 84' lang='lat' dir='ltr'>magis</span> <span class='ocrx_word' id='word_1_281' title='bbox 1491 863 1531 892; x_wconf 90' lang='lat' dir='ltr'>tu</span> <span class='ocrx_word' id='word_1_282' title='bbox 1559 853 1851 906; x_wconf 78' lang='lat' dir='ltr'>perseveraveris,</span> <span class='ocrx_word' id='word_1_283' title='bbox 1874 862 1970 891; x_wconf 88' lang='lat' dir='ltr'>tanto</span> <span class='ocrx_word' id='word_1_284' title='bbox 1990 855 2104 904; x_wconf 76' lang='lat' dir='ltr'>magis</span> <span class='ocrx_word' id='word_1_285' title='bbox 2125 864 2158 893; x_wconf 87' lang='lat' dir='ltr'>et</span> 
     </span>
     <span class='ocr_line' id='line_1_37' title="bbox 1206 913 2156 964; baseline 0 -12"><span class='ocrx_word' id='word_1_286' title='bbox 1206 929 1339 953; x_wconf 86' lang='lat' dir='ltr'>merces</span> <span class='ocrx_word' id='word_1_287' title='bbox 1353 916 1418 953; x_wconf 90' lang='lat' dir='ltr'>tibi</span> <span class='ocrx_word' id='word_1_288' title='bbox 1438 924 1578 953; x_wconf 86' lang='lat' dir='ltr'>crescet.</span> <span class='ocrx_word' id='word_1_289' title='bbox 1602 915 1680 952; x_wconf 81' lang='lat' dir='ltr'>Non</span> <span class='ocrx_word' id='word_1_290' title='bbox 1700 913 1829 953; x_wconf 84' lang='lat' dir='ltr'>vidctis</span> <span class='ocrx_word' id='word_1_291' title='bbox 1847 923 1978 964; x_wconf 85' lang='lat' dir='ltr'>quanta</span> <span class='ocrx_word' id='word_1_292' title='bbox 1999 915 2156 953; x_wconf 84' lang='lat' dir='ltr'>omnium</span> 
     </span>
     <span class='ocr_line' id='line_1_38' title="bbox 1206 974 2159 1029; baseline 0.001 -16"><span class='ocrx_word' id='word_1_293' title='bbox 1206 976 1303 1014; x_wconf 91' lang='lat' dir='ltr'>Deus</span> <span class='ocrx_word' id='word_1_294' title='bbox 1325 990 1387 1014; x_wconf 89' lang='lat' dir='ltr'>nos</span> <span class='ocrx_word' id='word_1_295' title='bbox 1407 976 1575 1029; x_wconf 88' lang='lat' dir='ltr'>patientia</span> <span class='ocrx_word' id='word_1_296' title='bbox 1593 975 1734 1024; x_wconf 86' lang='lat' dir='ltr'>tolerat,</span> <span class='ocrx_word' id='word_1_297' title='bbox 1752 983 1786 1013; x_wconf 93' lang='lat' dir='ltr'>et</span> <span class='ocrx_word' id='word_1_298' title='bbox 1801 974 1979 1026; x_wconf 88' lang='lat' dir='ltr'>quomodo</span> <span class='ocrx_word' id='word_1_299' title='bbox 2000 976 2159 1025; x_wconf 86' lang='lat' dir='ltr'>quotidie</span> 
     </span>
     <span class='ocr_line' id='line_1_39' title="bbox 1207 1035 2159 1089; baseline 0.002 -16"><span class='ocrx_word' id='word_1_300' title='bbox 1207 1037 1421 1088; x_wconf 82' lang='lat' dir='ltr'>negligimus</span> <span class='ocrx_word' id='word_1_301' title='bbox 1436 1038 1678 1089; x_wconf 87' lang='lat' dir='ltr'>obtemperare</span> <span class='ocrx_word' id='word_1_302' title='bbox 1696 1036 1772 1088; x_wconf 87' lang='lat' dir='ltr'>ejus</span> <span class='ocrx_word' id='word_1_303' title='bbox 1790 1035 1981 1085; x_wconf 79' lang='lat' dir='ltr'>mandatis,</span> <span class='ocrx_word' id='word_1_304' title='bbox 2003 1046 2036 1073; x_wconf 91' lang='lat' dir='ltr'>ct</span> <span class='ocrx_word' id='word_1_305' title='bbox 2050 1051 2159 1088; x_wconf 84' lang='lat' dir='ltr'>neque</span> 
     </span>
     <span class='ocr_line' id='line_1_40' title="bbox 1206 1096 2158 1150; baseline -0.001 -14"><span class='ocrx_word' id='word_1_306' title='bbox 1206 1098 1256 1136; x_wconf 82' lang='lat' dir='ltr'>sic</span> <span class='ocrx_word' id='word_1_307' title='bbox 1271 1107 1382 1136; x_wconf 86' lang='lat' dir='ltr'>cessat</span> <span class='ocrx_word' id='word_1_308' title='bbox 1401 1113 1421 1136; x_wconf 91' lang='lat' dir='ltr'>a</span> <span class='ocrx_word' id='word_1_309' title='bbox 1441 1113 1524 1136; x_wconf 86' lang='lat' dir='ltr'>eura</span> <span class='ocrx_word' id='word_1_310' title='bbox 1544 1107 1676 1146; x_wconf 81' lang='lat' dir='ltr'>nostra,</span> <span class='ocrx_word' id='word_1_311' title='bbox 1697 1097 1757 1135; x_wconf 88' lang='lat' dir='ltr'>sed</span> <span class='ocrx_word' id='word_1_312' title='bbox 1773 1096 1891 1134; x_wconf 87' lang='lat' dir='ltr'>omnia</span> <span class='ocrx_word' id='word_1_313' title='bbox 1906 1111 1967 1134; x_wconf 84' lang='lat' dir='ltr'>sua</span> <span class='ocrx_word' id='word_1_314' title='bbox 1986 1097 2158 1150; x_wconf 86' lang='lat' dir='ltr'>suppedi-</span> 
     </span>
     <span class='ocr_line' id='line_1_41' title="bbox 1207 1158 2159 1211; baseline 0 -14"><span class='ocrx_word' id='word_1_315' title='bbox 1207 1168 1268 1207; x_wconf 87' lang='lat' dir='ltr'>tat,</span> <span class='ocrx_word' id='word_1_316' title='bbox 1295 1160 1405 1198; x_wconf 88' lang='lat' dir='ltr'>solem</span> <span class='ocrx_word' id='word_1_317' title='bbox 1435 1160 1520 1198; x_wconf 88' lang='lat' dir='ltr'>oriri</span> <span class='ocrx_word' id='word_1_318' title='bbox 1549 1168 1664 1209; x_wconf 86' lang='lat' dir='ltr'>curat,</span> <span class='ocrx_word' id='word_1_319' title='bbox 1693 1158 1837 1211; x_wconf 81' lang='lat' dir='ltr'>pluvias</span> <span class='ocrx_word' id='word_1_320' title='bbox 1870 1159 2042 1207; x_wconf 83' lang='lat' dir='ltr'>concedit,</span> <span class='ocrx_word' id='word_1_321' title='bbox 2069 1159 2159 1197; x_wconf 78' lang='lat' dir='ltr'>alia-</span> 
     </span>
     <span class='ocr_line' id='line_1_42' title="bbox 1205 1220 2160 1272; baseline 0.001 -14"><span class='ocrx_word' id='word_1_322' title='bbox 1205 1234 1274 1272; x_wconf 85' lang='lat' dir='ltr'>que</span> <span class='ocrx_word' id='word_1_323' title='bbox 1292 1221 1436 1259; x_wconf 77' lang='lat' dir='ltr'>omnia?</span> <span class='ocrx_word' id='word_1_324' title='bbox 1457 1221 1575 1260; x_wconf 86' lang='lat' dir='ltr'>Simili</span> <span class='ocrx_word' id='word_1_325' title='bbox 1595 1220 1702 1259; x_wconf 90' lang='lat' dir='ltr'>modo</span> <span class='ocrx_word' id='word_1_326' title='bbox 1722 1228 1755 1258; x_wconf 91' lang='lat' dir='ltr'>et</span> <span class='ocrx_word' id='word_1_327' title='bbox 1775 1233 1838 1257; x_wconf 89' lang='lat' dir='ltr'>nos</span> <span class='ocrx_word' id='word_1_328' title='bbox 1854 1233 1936 1270; x_wconf 78' lang='lat' dir='ltr'>erga</span> <span class='ocrx_word' id='word_1_329' title='bbox 1954 1221 2077 1258; x_wconf 81' lang='lat' dir='ltr'>fratres</span> <span class='ocrx_word' id='word_1_330' title='bbox 2098 1234 2160 1259; x_wconf 90' lang='lat' dir='ltr'>no-</span> 
     </span>
     <span class='ocr_line' id='line_1_43' title="bbox 1207 1280 2161 1333; baseline -0.001 -13"><span class='ocrx_word' id='word_1_331' title='bbox 1207 1291 1297 1320; x_wconf 91' lang='lat' dir='ltr'>stros</span> <span class='ocrx_word' id='word_1_332' title='bbox 1321 1282 1411 1321; x_wconf 88' lang='lat' dir='ltr'>bene</span> <span class='ocrx_word' id='word_1_333' title='bbox 1432 1283 1565 1333; x_wconf 85' lang='lat' dir='ltr'>affecti,</span> <span class='ocrx_word' id='word_1_334' title='bbox 1587 1295 1716 1333; x_wconf 83' lang='lat' dir='ltr'>magna</span> <span class='ocrx_word' id='word_1_335' title='bbox 1743 1290 1887 1318; x_wconf 86' lang='lat' dir='ltr'>utamur</span> <span class='ocrx_word' id='word_1_336' title='bbox 1907 1280 2105 1332; x_wconf 78' lang='lat' dir='ltr'>diligentia,</span> <span class='ocrx_word' id='word_1_337' title='bbox 2129 1291 2161 1320; x_wconf 85' lang='lat' dir='ltr'>ct</span> 
     </span>
     <span class='ocr_line' id='line_1_44' title="bbox 1207 1341 2162 1396; baseline 0 -15"><span class='ocrx_word' id='word_1_338' title='bbox 1207 1343 1433 1382; x_wconf 88' lang='lat' dir='ltr'>obluctemur</span> <span class='ocrx_word' id='word_1_339' title='bbox 1451 1344 1609 1396; x_wconf 86' lang='lat' dir='ltr'>maligno</span> <span class='ocrx_word' id='word_1_340' title='bbox 1629 1343 1683 1381; x_wconf 90' lang='lat' dir='ltr'>illi</span> <span class='ocrx_word' id='word_1_341' title='bbox 1705 1341 1870 1390; x_wconf 84' lang='lat' dir='ltr'>daemoni,</span> <span class='ocrx_word' id='word_1_342' title='bbox 1891 1351 1929 1379; x_wconf 87' lang='lat' dir='ltr'>ut</span> <span class='ocrx_word' id='word_1_343' title='bbox 1945 1342 2065 1380; x_wconf 87' lang='lat' dir='ltr'>irritos</span> <span class='ocrx_word' id='word_1_344' title='bbox 2087 1344 2162 1395; x_wconf 88' lang='lat' dir='ltr'>ejus</span> 
     </span>
     <span class='ocr_line' id='line_1_45' title="bbox 1207 1403 2160 1454; baseline 0.001 -13"><span class='ocrx_word' id='word_1_345' title='bbox 1207 1404 1379 1443; x_wconf 84' lang='lat' dir='ltr'>faciamus</span> <span class='ocrx_word' id='word_1_346' title='bbox 1406 1415 1563 1444; x_wconf 85' lang='lat' dir='ltr'>conatus.</span> <span class='ocrx_word' id='word_1_347' title='bbox 1594 1405 1687 1443; x_wconf 90' lang='lat' dir='ltr'>Nam</span> <span class='ocrx_word' id='word_1_348' title='bbox 1712 1404 1741 1442; x_wconf 91' lang='lat' dir='ltr'>si</span> <span class='ocrx_word' id='word_1_349' title='bbox 1769 1403 1902 1454; x_wconf 82' lang='lat' dir='ltr'>singuli</span> <span class='ocrx_word' id='word_1_350' title='bbox 1929 1404 1990 1454; x_wconf 91' lang='lat' dir='ltr'>qui</span> <span class='ocrx_word' id='word_1_351' title='bbox 2016 1404 2160 1452; x_wconf 82' lang='lat' dir='ltr'>adsunt,</span> 
     </span>
     <span class='ocr_line' id='line_1_46' title="bbox 1207 1464 2162 1519; baseline -0.001 -15"><span class='ocrx_word' id='word_1_352' title='bbox 1207 1480 1321 1504; x_wconf 88' lang='lat' dir='ltr'>unum</span> <span class='ocrx_word' id='word_1_353' title='bbox 1333 1467 1543 1505; x_wconf 84' lang='lat' dir='ltr'>lucrifacere</span> <span class='ocrx_word' id='word_1_354' title='bbox 1558 1475 1713 1519; x_wconf 86' lang='lat' dir='ltr'>possent,</span> <span class='ocrx_word' id='word_1_355' title='bbox 1732 1464 1848 1515; x_wconf 80' lang='lat' dir='ltr'>cogita</span> <span class='ocrx_word' id='word_1_356' title='bbox 1868 1474 2039 1515; x_wconf 82' lang='lat' dir='ltr'>quantam</span> <span class='ocrx_word' id='word_1_357' title='bbox 2061 1466 2162 1503; x_wconf 89' lang='lat' dir='ltr'>nobis</span> 
     </span>
     <span class='ocr_line' id='line_1_47' title="bbox 1205 1524 2162 1565; baseline -0.002 -1"><span class='ocrx_word' id='word_1_358' title='bbox 1205 1526 1368 1565; x_wconf 78' lang='lat' dir='ltr'>laetitiam</span> <span class='ocrx_word' id='word_1_359' title='bbox 1395 1526 1553 1565; x_wconf 83' lang='lat' dir='ltr'>Ecclesia</span> <span class='ocrx_word' id='word_1_360' title='bbox 1580 1524 1813 1563; x_wconf 86' lang='lat' dir='ltr'>multitudine</span> <span class='ocrx_word' id='word_1_361' title='bbox 1831 1524 1990 1562; x_wconf 84' lang='lat' dir='ltr'>filiorum</span> <span class='ocrx_word' id='word_1_362' title='bbox 2017 1539 2162 1563; x_wconf 89' lang='lat' dir='ltr'>suorum</span> 
     </span>
     <span class='ocr_line' id='line_1_48' title="bbox 1206 1584 2162 1635; baseline -0.003 -8"><span class='ocrx_word' id='word_1_363' title='bbox 1206 1588 1426 1628; x_wconf 79' lang='lat' dir='ltr'>ostenderet:</span> <span class='ocrx_word' id='word_1_364' title='bbox 1451 1597 1484 1626; x_wconf 83' lang='lat' dir='ltr'>et</span> <span class='ocrx_word' id='word_1_365' title='bbox 1509 1587 1674 1626; x_wconf 87' lang='lat' dir='ltr'>diabolus</span> <span class='ocrx_word' id='word_1_366' title='bbox 1706 1584 2004 1635; x_wconf 86' lang='lat' dir='ltr'>confunderetur,</span> <span class='ocrx_word' id='word_1_367' title='bbox 2037 1586 2162 1625; x_wconf 84' lang='lat' dir='ltr'>videns</span> 
     </span>
     <span class='ocr_line' id='line_1_49' title="bbox 1207 1647 2160 1694; baseline -0.004 -6"><span class='ocrx_word' id='word_1_368' title='bbox 1207 1650 1244 1688; x_wconf 92' lang='lat' dir='ltr'>in</span> <span class='ocrx_word' id='word_1_369' title='bbox 1263 1664 1397 1688; x_wconf 87' lang='lat' dir='ltr'>vanum</span> <span class='ocrx_word' id='word_1_370' title='bbox 1419 1659 1451 1687; x_wconf 91' lang='lat' dir='ltr'>et</span> <span class='ocrx_word' id='word_1_371' title='bbox 1477 1650 1609 1687; x_wconf 85' lang='lat' dir='ltr'>frustra</span> <span class='ocrx_word' id='word_1_372' title='bbox 1635 1647 1777 1686; x_wconf 86' lang='lat' dir='ltr'>extendi</span> <span class='ocrx_word' id='word_1_373' title='bbox 1800 1661 1864 1685; x_wconf 85' lang='lat' dir='ltr'>sua</span> <span class='ocrx_word' id='word_1_374' title='bbox 1883 1647 1982 1684; x_wconf 84' lang='lat' dir='ltr'>retia.</span> <span class='ocrx_word' id='word_1_375' title='bbox 2003 1647 2110 1694; x_wconf 87' lang='lat' dir='ltr'>Quod</span> <span class='ocrx_word' id='word_1_376' title='bbox 2131 1647 2160 1686; x_wconf 87' lang='lat' dir='ltr'>si</span> 
     </span>
     <span class='ocr_line' id='line_1_50' title="bbox 1207 1707 2158 1761; baseline -0.004 -11"><span class='ocrx_word' id='word_1_377' title='bbox 1207 1711 1276 1750; x_wconf 90' lang='lat' dir='ltr'>hoc</span> <span class='ocrx_word' id='word_1_378' title='bbox 1294 1710 1462 1761; x_wconf 82' lang='lat' dir='ltr'>feceritis,</span> <span class='ocrx_word' id='word_1_379' title='bbox 1483 1709 1635 1747; x_wconf 85' lang='lat' dir='ltr'>audietis</span> <span class='ocrx_word' id='word_1_380' title='bbox 1654 1718 1688 1747; x_wconf 90' lang='lat' dir='ltr'>et</span> <span class='ocrx_word' id='word_1_381' title='bbox 1706 1722 1770 1747; x_wconf 75' lang='lat' dir='ltr'>vos</span> <span class='ocrx_word' id='word_1_382' title='bbox 1790 1708 1825 1746; x_wconf 92' lang='lat' dir='ltr'>in</span> <span class='ocrx_word' id='word_1_383' title='bbox 1846 1708 1905 1746; x_wconf 90' lang='lat' dir='ltr'>die</span> <span class='ocrx_word' id='word_1_384' title='bbox 1925 1707 2012 1745; x_wconf 88' lang='lat' dir='ltr'>illo:</span> <span class='ocrx_word' id='word_1_385' title='bbox 2033 1709 2158 1759; x_wconf 81' lang='lat' dir='ltr'>Euge,</span> 
     </span>
     <span class='ocr_line' id='line_1_51' title="bbox 1207 1768 2160 1821; baseline -0.005 -10"><span class='ocrx_word' id='word_1_386' title='bbox 1207 1786 1315 1811; x_wconf 81' lang='lat' dir='ltr'>serve</span> <span class='ocrx_word' id='word_1_387' title='bbox 1331 1774 1429 1810; x_wconf 86' lang='lat' dir='ltr'>bone</span> <span class='ocrx_word' id='word_1_388' title='bbox 1453 1779 1490 1808; x_wconf 86' lang='lat' dir='ltr'>et</span> <span class='ocrx_word' id='word_1_389' title='bbox 1514 1771 1656 1819; x_wconf 79' lang='lat' dir='ltr'>fidelis,</span> <span class='ocrx_word' id='word_1_390' title='bbox 1679 1772 1720 1806; x_wconf 86' lang='grc' dir='ltr'>ἱη</span> <span class='ocrx_word' id='word_1_391' title='bbox 1735 1769 1994 1821; x_wconf 82' lang='lat' dir='ltr'>paucasuisti</span> <span class='ocrx_word' id='word_1_392' title='bbox 2015 1768 2160 1820; x_wconf 80' lang='lat' dir='ltr'>fidelis,</span> 
     </span>
    </p>
   </div>
   <div class='ocr_carea' id='block_1_11' title="bbox 112 1833 1778 1893">
    <p class='ocr_par' dir='ltr' id='par_1_11' title="bbox 112 1833 1778 1893">
     <span class='ocr_line' id='line_1_52' title="bbox 112 1833 1778 1893; baseline 0.001 -18"><span class='ocrx_word' id='word_1_393' title='bbox 112 1853 175 1883; x_wconf 87' lang='grc' dir='ltr'>την</span> <span class='ocrx_word' id='word_1_394' title='bbox 208 1840 311 1876; x_wconf 78' lang='grc' dir='ltr'>αὐτοῦ</span> <span class='ocrx_word' id='word_1_395' title='bbox 347 1838 392 1876; x_wconf 85' lang='grc' dir='ltr'>τὰ</span> <span class='ocrx_word' id='word_1_396' title='bbox 427 1839 549 1877; x_wconf 80' lang='grc' dir='ltr'>δίκτυα</span> <span class='ocrx_word' id='word_1_397' title='bbox 585 1839 770 1890; x_wconf 88' lang='grc' dir='ltr'>τεταμένα.</span> <span class='ocrx_word' id='word_1_398' title='bbox 805 1839 891 1878; x_wconf 83' lang='grc' dir='ltr'>Ἐὰν</span> <span class='ocrx_word' id='word_1_399' title='bbox 931 1840 998 1893; x_wconf 83' lang='grc' dir='ltr'>γὰρ</span> <span class='ocrx_word' id='word_1_400' title='bbox 1032 1844 1134 1879; x_wconf 83' lang='grc' dir='ltr'>τοῦτο</span> <span class='ocrx_word' id='word_1_401' title='bbox 1160 1849 1184 1880; x_wconf 92' lang='lat' dir='ltr'>C</span> <span class='ocrx_word' id='word_1_402' title='bbox 1207 1847 1322 1885; x_wconf 73' lang='lat' dir='ltr'>Sl‘Pm</span> <span class='ocrx_word' id='word_1_403' title='bbox 1340 1833 1465 1872; x_wconf 66' lang='lat' dir='ltr'><em>mulla</em></span> <span class='ocrx_word' id='word_1_404' title='bbox 1483 1840 1519 1869; x_wconf 61' lang='grc' dir='ltr'>(θ</span> <span class='ocrx_word' id='word_1_405' title='bbox 1532 1834 1778 1870; x_wconf 57' lang='lat' dir='ltr'>conuincam·</span> 
     </span>
    </p>
   </div>
   <div class='ocr_carea' id='block_1_12' title="bbox 111 1900 1138 2564">
    <p class='ocr_par' dir='ltr' id='par_1_12' title="bbox 112 1900 1135 2069">
     <span class='ocr_line' id='line_1_53' title="bbox 112 1900 1135 1953; baseline 0.004 -17"><span class='ocrx_word' id='word_1_406' title='bbox 112 1902 254 1945; x_wconf 79' lang='grc' dir='ltr'>ποιῆτε,</span> <span class='ocrx_word' id='word_1_407' title='bbox 271 1900 461 1939; x_wconf 80' lang='grc' dir='ltr'>ἀκούσεσθε</span> <span class='ocrx_word' id='word_1_408' title='bbox 486 1901 550 1939; x_wconf 80' lang='grc' dir='ltr'>καὶ</span> <span class='ocrx_word' id='word_1_409' title='bbox 569 1904 666 1952; x_wconf 81' lang='grc' dir='ltr'>ὑμεῖς</span> <span class='ocrx_word' id='word_1_410' title='bbox 684 1901 775 1939; x_wconf 83' lang='grc' dir='ltr'>κατὰ</span> <span class='ocrx_word' id='word_1_411' title='bbox 794 1901 858 1949; x_wconf 85' lang='grc' dir='ltr'>τὴν</span> <span class='ocrx_word' id='word_1_412' title='bbox 883 1901 1018 1953; x_wconf 84' lang='grc' dir='ltr'>ἡμέραν</span> <span class='ocrx_word' id='word_1_413' title='bbox 1048 1902 1135 1940; x_wconf 82' lang='grc' dir='ltr'>ἐκεί-</span> 
     </span>
     <span class='ocr_line' id='line_1_54' title="bbox 113 1956 1133 2014; baseline 0.007 -18"><span class='ocrx_word' id='word_1_414' title='bbox 113 1976 190 2006; x_wconf 90' lang='grc' dir='ltr'>νην·</span> <span class='ocrx_word' id='word_1_415' title='bbox 207 1956 270 2007; x_wconf 71' lang='grc' dir='ltr'>Εῧ,</span> <span class='ocrx_word' id='word_1_416' title='bbox 292 1962 392 2000; x_wconf 82' lang='grc' dir='ltr'>δοῦλε</span> <span class='ocrx_word' id='word_1_417' title='bbox 411 1962 517 2013; x_wconf 80' lang='grc' dir='ltr'>ἀγαθὲ</span> <span class='ocrx_word' id='word_1_418' title='bbox 537 1963 595 2000; x_wconf 80' lang='grc' dir='ltr'>καὶ</span> <span class='ocrx_word' id='word_1_419' title='bbox 611 1964 732 2012; x_wconf 77' lang='grc' dir='ltr'>πιστὲ,</span> <span class='ocrx_word' id='word_1_420' title='bbox 748 1963 806 2002; x_wconf 83' lang='grc' dir='ltr'>ἐπὶ</span> <span class='ocrx_word' id='word_1_421' title='bbox 825 1963 925 2014; x_wconf 84' lang='grc' dir='ltr'>ὀλίγα</span> <span class='ocrx_word' id='word_1_422' title='bbox 938 1957 978 2010; x_wconf 69' lang='grc' dir='ltr'>ἧς</span> <span class='ocrx_word' id='word_1_423' title='bbox 994 1964 1133 2011; x_wconf 85' lang='grc' dir='ltr'>πιστὸς,</span> 
     </span>
     <span class='ocr_line' id='line_1_55' title="bbox 113 2021 624 2069; baseline 0.006 -12"><span class='ocrx_word' id='word_1_424' title='bbox 113 2021 170 2058; x_wconf 81' lang='grc' dir='ltr'>ἐπὶ</span> <span class='ocrx_word' id='word_1_425' title='bbox 187 2023 325 2060; x_wconf 84' lang='grc' dir='ltr'>πολλῶν</span> <span class='ocrx_word' id='word_1_426' title='bbox 345 2038 383 2060; x_wconf 87' lang='grc' dir='ltr'>σε</span> <span class='ocrx_word' id='word_1_427' title='bbox 400 2022 624 2069; x_wconf 72' lang='grc' dir='ltr'>καταστήσω.</span> 
     </span>
    </p>

    <p class='ocr_par' dir='ltr' id='par_1_13' title="bbox 111 2082 1138 2564">
     <span class='ocr_line' id='line_1_56' title="bbox 166 2082 1135 2137; baseline -0.002 -16"><span class='ocrx_word' id='word_1_428' title='bbox 166 2082 257 2121; x_wconf 78' lang='grc' dir='ltr'>Ἀλλ’</span> <span class='ocrx_word' id='word_1_429' title='bbox 278 2083 331 2122; x_wconf 81' lang='grc' dir='ltr'>ὅτι</span> <span class='ocrx_word' id='word_1_430' title='bbox 351 2083 414 2134; x_wconf 80' lang='grc' dir='ltr'>μὲν</span> <span class='ocrx_word' id='word_1_431' title='bbox 433 2087 535 2121; x_wconf 79' lang='grc' dir='ltr'>τοῦτο</span> <span class='ocrx_word' id='word_1_432' title='bbox 559 2083 745 2133; x_wconf 79' lang='grc' dir='ltr'>ποιήσετε,</span> <span class='ocrx_word' id='word_1_433' title='bbox 766 2084 898 2137; x_wconf 75' lang='grc' dir='ltr'>σφόδρα</span> <span class='ocrx_word' id='word_1_434' title='bbox 922 2084 1135 2133; x_wconf 86' lang='grc' dir='ltr'>πέπεισμαι·</span> 
     </span>
     <span class='ocr_line' id='line_1_57' title="bbox 111 2143 1138 2196; baseline -0.001 -16"><span class='ocrx_word' id='word_1_435' title='bbox 111 2145 182 2194; x_wconf 74' lang='grc' dir='ltr'>ὁρῶ</span> <span class='ocrx_word' id='word_1_436' title='bbox 200 2143 266 2195; x_wconf 69' lang='grc' dir='ltr'>γὰρ</span> <span class='ocrx_word' id='word_1_437' title='bbox 281 2146 378 2193; x_wconf 79' lang='grc' dir='ltr'>ὑμῶν</span> <span class='ocrx_word' id='word_1_438' title='bbox 391 2144 450 2182; x_wconf 83' lang='grc' dir='ltr'>καὶ</span> <span class='ocrx_word' id='word_1_439' title='bbox 464 2144 508 2182; x_wconf 83' lang='grc' dir='ltr'>τὰ</span> <span class='ocrx_word' id='word_1_440' title='bbox 521 2144 694 2196; x_wconf 90' lang='grc' dir='ltr'>πρόσωπα</span> <span class='ocrx_word' id='word_1_441' title='bbox 708 2175 717 2193; x_wconf 95' lang='grc'>,</span> <span class='ocrx_word' id='word_1_442' title='bbox 733 2145 793 2182; x_wconf 85' lang='grc' dir='ltr'>καὶ</span> <span class='ocrx_word' id='word_1_443' title='bbox 809 2145 1026 2196; x_wconf 75' lang='grc' dir='ltr'>στοχάζομαι</span> <span class='ocrx_word' id='word_1_444' title='bbox 1044 2143 1138 2185; x_wconf 78' lang='grc' dir='ltr'>ὅπως</span> 
     </span>
     <span class='ocr_line' id='line_1_58' title="bbox 113 2202 1136 2258; baseline -0.003 -15"><span class='ocrx_word' id='word_1_445' title='bbox 113 2207 188 2256; x_wconf 87' lang='grc' dir='ltr'>μεθ’</span> <span class='ocrx_word' id='word_1_446' title='bbox 207 2207 332 2251; x_wconf 68' lang='grc' dir='ltr'>ἡδονῆς</span> <span class='ocrx_word' id='word_1_447' title='bbox 351 2205 512 2249; x_wconf 82' lang='grc' dir='ltr'>ἐδέξασθε</span> <span class='ocrx_word' id='word_1_448' title='bbox 543 2206 606 2253; x_wconf 75' lang='grc' dir='ltr'>τὴν</span> <span class='ocrx_word' id='word_1_449' title='bbox 626 2209 709 2258; x_wconf 86' lang='grc' dir='ltr'>παρ’</span> <span class='ocrx_word' id='word_1_450' title='bbox 741 2209 842 2256; x_wconf 82' lang='grc' dir='ltr'>ἡμῶν</span> <span class='ocrx_word' id='word_1_451' title='bbox 871 2205 1060 2251; x_wconf 83' lang='grc' dir='ltr'>νουθεσίαν,</span> <span class='ocrx_word' id='word_1_452' title='bbox 1077 2202 1136 2241; x_wconf 72' lang='grc' dir='ltr'>καὶ</span> 
     </span>
     <span class='ocr_line' id='line_1_59' title="bbox 111 2265 1136 2320; baseline -0.004 -15"><span class='ocrx_word' id='word_1_453' title='bbox 111 2265 168 2305; x_wconf 78' lang='grc' dir='ltr'>διὰ</span> <span class='ocrx_word' id='word_1_454' title='bbox 184 2271 285 2304; x_wconf 80' lang='grc' dir='ltr'>τοῦτο</span> <span class='ocrx_word' id='word_1_455' title='bbox 304 2266 433 2311; x_wconf 82' lang='grc' dir='ltr'>ἐλπίζω</span> <span class='ocrx_word' id='word_1_456' title='bbox 451 2267 510 2305; x_wconf 88' lang='grc' dir='ltr'>καὶ</span> <span class='ocrx_word' id='word_1_457' title='bbox 534 2267 577 2305; x_wconf 84' lang='grc' dir='ltr'>τὰ</span> <span class='ocrx_word' id='word_1_458' title='bbox 595 2270 680 2320; x_wconf 86' lang='grc' dir='ltr'>παρ’</span> <span class='ocrx_word' id='word_1_459' title='bbox 701 2270 799 2318; x_wconf 83' lang='grc' dir='ltr'>ὑμῶν</span> <span class='ocrx_word' id='word_1_460' title='bbox 820 2267 1136 2320; x_wconf 74' lang='grc' dir='ltr'>εἶσενεχθήσεσθαι.</span> 
     </span>
     <span class='ocr_line' id='line_1_60' title="bbox 111 2327 1136 2381; baseline -0.001 -15"><span class='ocrx_word' id='word_1_461' title='bbox 111 2328 174 2366; x_wconf 82' lang='grc' dir='ltr'>Διὸ</span> <span class='ocrx_word' id='word_1_462' title='bbox 187 2327 250 2375; x_wconf 88' lang='grc' dir='ltr'>τὴν</span> <span class='ocrx_word' id='word_1_463' title='bbox 285 2327 346 2378; x_wconf 82' lang='grc' dir='ltr'>μὲν</span> <span class='ocrx_word' id='word_1_464' title='bbox 363 2329 443 2380; x_wconf 86' lang='grc' dir='ltr'>περὶ</span> <span class='ocrx_word' id='word_1_465' title='bbox 461 2328 583 2367; x_wconf 86' lang='grc' dir='ltr'>τούτου</span> <span class='ocrx_word' id='word_1_466' title='bbox 603 2328 808 2381; x_wconf 86' lang='grc' dir='ltr'>παραίνεσιν</span> <span class='ocrx_word' id='word_1_467' title='bbox 827 2331 974 2368; x_wconf 75' lang='grc' dir='ltr'>ἐνταῦθα</span> <span class='ocrx_word' id='word_1_468' title='bbox 992 2327 1136 2374; x_wconf 87' lang='grc' dir='ltr'>στήσω-</span> 
     </span>
     <span class='ocr_line' id='line_1_61' title="bbox 113 2387 1138 2442; baseline -0.001 -16"><span class='ocrx_word' id='word_1_469' title='bbox 113 2404 195 2439; x_wconf 87' lang='grc' dir='ltr'>μεν·</span> <span class='ocrx_word' id='word_1_470' title='bbox 216 2387 464 2439; x_wconf 80' lang='grc' dir='ltr'>παραθήσομεν</span> <span class='ocrx_word' id='word_1_471' title='bbox 484 2390 520 2427; x_wconf 81' lang='grc' dir='ltr'>δὲ</span> <span class='ocrx_word' id='word_1_472' title='bbox 539 2392 619 2440; x_wconf 74' lang='grc' dir='ltr'>ὑμῖν</span> <span class='ocrx_word' id='word_1_473' title='bbox 638 2390 702 2437; x_wconf 85' lang='grc' dir='ltr'>τὴν</span> <span class='ocrx_word' id='word_1_474' title='bbox 723 2390 870 2442; x_wconf 78' lang='grc' dir='ltr'>πτωχὴν</span> <span class='ocrx_word' id='word_1_475' title='bbox 885 2393 986 2440; x_wconf 84' lang='grc' dir='ltr'>ἡμῶν</span> <span class='ocrx_word' id='word_1_476' title='bbox 1007 2388 1065 2426; x_wconf 84' lang='grc' dir='ltr'>καὶ</span> <span class='ocrx_word' id='word_1_477' title='bbox 1083 2389 1138 2426; x_wconf 83' lang='grc' dir='ltr'>εὖ·</span> 
     </span>
     <span class='ocr_line' id='line_1_62' title="bbox 114 2449 1136 2501; baseline 0.001 -14"><span class='ocrx_word' id='word_1_478' title='bbox 114 2451 198 2496; x_wconf 80' lang='grc' dir='ltr'>τελῆ</span> <span class='ocrx_word' id='word_1_479' title='bbox 217 2449 403 2501; x_wconf 86' lang='grc' dir='ltr'>τράπεζαν,</span> <span class='ocrx_word' id='word_1_480' title='bbox 423 2449 480 2487; x_wconf 81' lang='grc' dir='ltr'>ἵνα</span> <span class='ocrx_word' id='word_1_481' title='bbox 501 2453 563 2496; x_wconf 80' lang='grc' dir='ltr'>τῆς</span> <span class='ocrx_word' id='word_1_482' title='bbox 580 2451 747 2498; x_wconf 82' lang='grc' dir='ltr'>συνήθους</span> <span class='ocrx_word' id='word_1_483' title='bbox 762 2451 1024 2494; x_wconf 79' lang='grc' dir='ltr'>ἀπολαύσαντες</span> <span class='ocrx_word' id='word_1_484' title='bbox 1039 2451 1136 2488; x_wconf 80' lang='grc' dir='ltr'>διδα-</span> 
     </span>
     <span class='ocr_line' id='line_1_63' title="bbox 115 2509 1138 2564; baseline -0.001 -15"><span class='ocrx_word' id='word_1_485' title='bbox 115 2510 260 2553; x_wconf 85' lang='grc' dir='ltr'>σκαλίας</span> <span class='ocrx_word' id='word_1_486' title='bbox 273 2509 379 2553; x_wconf 73' lang='grc' dir='ltr'>οὕτως</span> <span class='ocrx_word' id='word_1_487' title='bbox 390 2510 507 2548; x_wconf 84' lang='grc' dir='ltr'>οἴκαδε</span> <span class='ocrx_word' id='word_1_488' title='bbox 525 2511 756 2560; x_wconf 85' lang='grc' dir='ltr'>ἀπανέλθητε.</span> <span class='ocrx_word' id='word_1_489' title='bbox 777 2511 978 2564; x_wconf 79' lang='grc' dir='ltr'>Ἀναγκαῖον</span> <span class='ocrx_word' id='word_1_490' title='bbox 994 2511 1062 2564; x_wconf 80' lang='grc' dir='ltr'>γὰρ</span> <span class='ocrx_word' id='word_1_491' title='bbox 1078 2509 1138 2549; x_wconf 74' lang='grc' dir='ltr'>καὶ</span> 
     </span>
    </p>
   </div>
   <div class='ocr_carea' id='block_1_13' title="bbox 1208 2071 2166 2560">
    <p class='ocr_par' dir='ltr' id='par_1_14' title="bbox 1208 2071 2166 2560">
     <span class='ocr_line' id='line_1_64' title="bbox 1262 2071 2164 2125; baseline -0.011 -7"><span class='ocrx_word' id='word_1_492' title='bbox 1262 2081 1299 2118; x_wconf 87' lang='grc'>5.</span> <span class='ocrx_word' id='word_1_493' title='bbox 1329 2078 1506 2116; x_wconf 63' lang='lat' dir='ltr'>Cancrum</span> <span class='ocrx_word' id='word_1_494' title='bbox 1522 2073 1616 2112; x_wconf 84' lang='lat' dir='ltr'>bona</span> <span class='ocrx_word' id='word_1_495' title='bbox 1637 2085 1698 2125; x_wconf 86' lang='lat' dir='ltr'>spe</span> <span class='ocrx_word' id='word_1_496' title='bbox 1716 2085 1797 2110; x_wconf 87' lang='lat' dir='ltr'>sum</span> <span class='ocrx_word' id='word_1_497' title='bbox 1817 2084 1881 2110; x_wconf 86' lang='lat' dir='ltr'>vos</span> <span class='ocrx_word' id='word_1_498' title='bbox 1902 2071 1969 2108; x_wconf 92' lang='lat' dir='ltr'>hoc</span> <span class='ocrx_word' id='word_1_499' title='bbox 1985 2071 2139 2110; x_wconf 83' lang='lat' dir='ltr'>facturos</span> <span class='ocrx_word' id='word_1_500' title='bbox 2157 2089 2164 2108; x_wconf 75' lang='lat' dir='ltr'><em>z</em></span> 
     </span>
     <span class='ocr_line' id='line_1_65' title="bbox 1208 2131 2166 2182; baseline -0.011 -2"><span class='ocrx_word' id='word_1_501' title='bbox 1208 2141 1314 2181; x_wconf 79' lang='lat' dir='ltr'>video</span> <span class='ocrx_word' id='word_1_502' title='bbox 1329 2139 1425 2177; x_wconf 90' lang='lat' dir='ltr'>enim</span> <span class='ocrx_word' id='word_1_503' title='bbox 1442 2135 1568 2175; x_wconf 85' lang='lat' dir='ltr'>vultus</span> <span class='ocrx_word' id='word_1_504' title='bbox 1588 2141 1722 2172; x_wconf 82' lang='lat' dir='ltr'>vestros</span> <span class='ocrx_word' id='word_1_505' title='bbox 1734 2161 1744 2180; x_wconf 94' lang='lat'>,</span> <span class='ocrx_word' id='word_1_506' title='bbox 1761 2140 1794 2170; x_wconf 94' lang='lat' dir='ltr'>et</span> <span class='ocrx_word' id='word_1_507' title='bbox 1808 2131 2047 2182; x_wconf 85' lang='lat' dir='ltr'>conjecturam</span> <span class='ocrx_word' id='word_1_508' title='bbox 2065 2145 2166 2169; x_wconf 88' lang='lat' dir='ltr'>sumo</span> 
     </span>
     <span class='ocr_line' id='line_1_66' title="bbox 1208 2191 2165 2243; baseline -0.014 -2"><span class='ocrx_word' id='word_1_509' title='bbox 1208 2216 1272 2241; x_wconf 85' lang='lat' dir='ltr'>vos</span> <span class='ocrx_word' id='word_1_510' title='bbox 1291 2197 1568 2238; x_wconf 82' lang='lat' dir='ltr'>admonitionem</span> <span class='ocrx_word' id='word_1_511' title='bbox 1587 2201 1743 2231; x_wconf 88' lang='lat' dir='ltr'>nostram</span> <span class='ocrx_word' id='word_1_512' title='bbox 1771 2204 1898 2242; x_wconf 85' lang='lat' dir='ltr'>magna</span> <span class='ocrx_word' id='word_1_513' title='bbox 1913 2191 2096 2243; x_wconf 87' lang='lat' dir='ltr'>voluptate</span> <span class='ocrx_word' id='word_1_514' title='bbox 2109 2206 2165 2229; x_wconf 87' lang='lat' dir='ltr'>ac-</span> 
     </span>
     <span class='ocr_line' id='line_1_67' title="bbox 1209 2251 2165 2315; baseline -0.013 -14"><span class='ocrx_word' id='word_1_515' title='bbox 1209 2262 1358 2315; x_wconf 83' lang='lat' dir='ltr'>cepisse,</span> <span class='ocrx_word' id='word_1_516' title='bbox 1373 2268 1479 2309; x_wconf 86' lang='lat' dir='ltr'>atque</span> <span class='ocrx_word' id='word_1_517' title='bbox 1491 2256 1576 2294; x_wconf 86' lang='lat' dir='ltr'>hinc</span> <span class='ocrx_word' id='word_1_518' title='bbox 1590 2267 1692 2306; x_wconf 84' lang='lat' dir='ltr'>spero</span> <span class='ocrx_word' id='word_1_519' title='bbox 1705 2266 1784 2302; x_wconf 88' lang='lat' dir='ltr'>vos,</span> <span class='ocrx_word' id='word_1_520' title='bbox 1802 2251 1899 2303; x_wconf 88' lang='lat' dir='ltr'>quod</span> <span class='ocrx_word' id='word_1_521' title='bbox 1912 2261 2072 2291; x_wconf 68' lang='lat' dir='ltr'>vestrum</span> <span class='ocrx_word' id='word_1_522' title='bbox 2090 2252 2165 2290; x_wconf 86' lang='lat' dir='ltr'>fue-</span> 
     </span>
     <span class='ocr_line' id='line_1_68' title="bbox 1208 2312 2164 2372; baseline -0.015 -10"><span class='ocrx_word' id='word_1_523' title='bbox 1208 2324 1268 2372; x_wconf 87' lang='lat' dir='ltr'>rit,</span> <span class='ocrx_word' id='word_1_524' title='bbox 1288 2323 1454 2360; x_wconf 85' lang='lat' dir='ltr'>facturos.</span> <span class='ocrx_word' id='word_1_525' title='bbox 1470 2314 1626 2355; x_wconf 86' lang='lat' dir='ltr'>Proinde</span> <span class='ocrx_word' id='word_1_526' title='bbox 1642 2314 1736 2351; x_wconf 85' lang='lat' dir='ltr'>hanc</span> <span class='ocrx_word' id='word_1_527' title='bbox 1751 2312 2030 2351; x_wconf 83' lang='lat' dir='ltr'>admonitionem</span> <span class='ocrx_word' id='word_1_528' title='bbox 2043 2312 2102 2350; x_wconf 84' lang='lat' dir='ltr'>hic</span> <span class='ocrx_word' id='word_1_529' title='bbox 2114 2313 2164 2350; x_wconf 85' lang='lat' dir='ltr'>fi-</span> 
     </span>
     <span class='ocr_line' id='line_1_69' title="bbox 1208 2373 2164 2433; baseline -0.013 -10"><span class='ocrx_word' id='word_1_530' title='bbox 1208 2385 1350 2423; x_wconf 82' lang='lat' dir='ltr'>niamus</span> <span class='ocrx_word' id='word_1_531' title='bbox 1373 2397 1381 2418; x_wconf 93' lang='lat'><strong>:</strong></span> <span class='ocrx_word' id='word_1_532' title='bbox 1402 2389 1642 2433; x_wconf 85' lang='lat' dir='ltr'>proponamus</span> <span class='ocrx_word' id='word_1_533' title='bbox 1668 2383 1788 2412; x_wconf 86' lang='lat' dir='ltr'>autem</span> <span class='ocrx_word' id='word_1_534' title='bbox 1819 2373 1921 2413; x_wconf 78' lang='lat' dir='ltr'>vobis</span> <span class='ocrx_word' id='word_1_535' title='bbox 1939 2382 2081 2412; x_wconf 90' lang='lat' dir='ltr'>tenuem</span> <span class='ocrx_word' id='word_1_536' title='bbox 2103 2388 2164 2412; x_wconf 94' lang='lat' dir='ltr'>no-</span> 
     </span>
     <span class='ocr_line' id='line_1_70' title="bbox 1209 2435 2164 2494; baseline -0.014 -9"><span class='ocrx_word' id='word_1_537' title='bbox 1209 2455 1319 2485; x_wconf 82' lang='lat' dir='ltr'>stram</span> <span class='ocrx_word' id='word_1_538' title='bbox 1344 2457 1386 2481; x_wconf 89' lang='lat' dir='ltr'>ac</span> <span class='ocrx_word' id='word_1_539' title='bbox 1411 2451 1602 2494; x_wconf 88' lang='lat' dir='ltr'>pauperem</span> <span class='ocrx_word' id='word_1_540' title='bbox 1633 2449 1816 2484; x_wconf 84' lang='lat' dir='ltr'>mensam,</span> <span class='ocrx_word' id='word_1_541' title='bbox 1845 2443 1885 2472; x_wconf 88' lang='lat' dir='ltr'>ut</span> <span class='ocrx_word' id='word_1_542' title='bbox 1916 2448 1998 2472; x_wconf 90' lang='lat' dir='ltr'>cum</span> <span class='ocrx_word' id='word_1_543' title='bbox 2024 2435 2164 2473; x_wconf 88' lang='lat' dir='ltr'>solitam</span> 
     </span>
     <span class='ocr_line' id='line_1_71' title="bbox 1208 2494 2163 2560; baseline -0.015 -13"><span class='ocrx_word' id='word_1_544' title='bbox 1208 2505 1414 2560; x_wconf 87' lang='lat' dir='ltr'>acceperitis</span> <span class='ocrx_word' id='word_1_545' title='bbox 1425 2501 1640 2548; x_wconf 81' lang='lat' dir='ltr'>doctrinam,</span> <span class='ocrx_word' id='word_1_546' title='bbox 1651 2496 1803 2535; x_wconf 87' lang='lat' dir='ltr'>domum</span> <span class='ocrx_word' id='word_1_547' title='bbox 1816 2494 2025 2533; x_wconf 84' lang='lat' dir='ltr'>concedatis.</span> <span class='ocrx_word' id='word_1_548' title='bbox 2037 2496 2163 2547; x_wconf 80' lang='lat' dir='ltr'>Operae</span> 
     </span>
    </p>
   </div>
   <div class='ocr_carea' id='block_1_14' title="bbox 115 2556 2165 2625">
    <p class='ocr_par' dir='ltr' id='par_1_15' title="bbox 115 2556 2165 2625">
     <span class='ocr_line' id='line_1_72' title="bbox 115 2556 2165 2625; baseline -0.008 -17"><span class='ocrx_word' id='word_1_549' title='bbox 115 2571 266 2623; x_wconf 73' lang='grc' dir='ltr'>σ-ἧμερον</span> <span class='ocrx_word' id='word_1_550' title='bbox 285 2572 341 2609; x_wconf 82' lang='grc' dir='ltr'>τὸν</span> <span class='ocrx_word' id='word_1_551' title='bbox 362 2572 584 2625; x_wconf 75' lang='grc' dir='ltr'>πατριάρχην</span> <span class='ocrx_word' id='word_1_552' title='bbox 599 2572 758 2625; x_wconf 65' lang='grc' dir='ltr'>Ἀδραὰμ</span> <span class='ocrx_word' id='word_1_553' title='bbox 786 2575 832 2617; x_wconf 88' lang='grc' dir='ltr'>εἷς</span> <span class='ocrx_word' id='word_1_554' title='bbox 858 2573 963 2624; x_wconf 82' lang='grc' dir='ltr'>μέσον</span> <span class='ocrx_word' id='word_1_555' title='bbox 984 2574 1137 2625; x_wconf 82' lang='grc' dir='ltr'>ἀγαγεῖν,</span> <span class='ocrx_word' id='word_1_556' title='bbox 1163 2583 1190 2614; x_wconf 78' lang='lat'>1)</span> <span class='ocrx_word' id='word_1_557' title='bbox 1208 2570 1365 2624; x_wconf 86' lang='lat' dir='ltr'>pretium</span> <span class='ocrx_word' id='word_1_558' title='bbox 1394 2564 1489 2605; x_wconf 85' lang='lat' dir='ltr'>enim</span> <span class='ocrx_word' id='word_1_559' title='bbox 1507 2560 1614 2600; x_wconf 84' lang='lat' dir='ltr'>fuerit</span> <span class='ocrx_word' id='word_1_560' title='bbox 1634 2567 1668 2597; x_wconf 93' lang='lat' dir='ltr'>et</span> <span class='ocrx_word' id='word_1_561' title='bbox 1685 2557 1791 2596; x_wconf 70' lang='lat' dir='ltr'>hodie</span> <span class='ocrx_word' id='word_1_562' title='bbox 1812 2570 1848 2594; x_wconf 91' lang='lat' dir='ltr'>1n</span> <span class='ocrx_word' id='word_1_563' title='bbox 1867 2556 2024 2594; x_wconf 83' lang='lat' dir='ltr'>medium</span> <span class='ocrx_word' id='word_1_564' title='bbox 2039 2557 2165 2594; x_wconf 80' lang='lat' dir='ltr'>asicrre</span> 
     </span>
    </p>
   </div>
   <div class='ocr_carea' id='block_1_15' title="bbox 113 2631 1148 3303">
    <p class='ocr_par' dir='ltr' id='par_1_16' title="bbox 113 2631 1148 3303">
     <span class='ocr_line' id='line_1_73' title="bbox 113 2631 1136 2687; baseline 0.003 -18"><span class='ocrx_word' id='word_1_565' title='bbox 113 2631 170 2669; x_wconf 85' lang='grc' dir='ltr'>ἵνα</span> <span class='ocrx_word' id='word_1_566' title='bbox 184 2632 318 2682; x_wconf 82' lang='grc' dir='ltr'>μάθητε</span> <span class='ocrx_word' id='word_1_567' title='bbox 334 2631 407 2676; x_wconf 80' lang='grc' dir='ltr'>οἵας</span> <span class='ocrx_word' id='word_1_568' title='bbox 423 2632 562 2677; x_wconf 81' lang='grc' dir='ltr'>ἐδέξατο</span> <span class='ocrx_word' id='word_1_569' title='bbox 576 2637 637 2680; x_wconf 80' lang='grc' dir='ltr'>τῆς</span> <span class='ocrx_word' id='word_1_570' title='bbox 652 2633 844 2685; x_wconf 75' lang='grc' dir='ltr'>φιλοξενίας</span> <span class='ocrx_word' id='word_1_571' title='bbox 857 2633 954 2687; x_wconf 70' lang='grc' dir='ltr'>παρὰ</span> <span class='ocrx_word' id='word_1_572' title='bbox 968 2638 1028 2672; x_wconf 81' lang='grc' dir='ltr'>τοῦ</span> <span class='ocrx_word' id='word_1_573' title='bbox 1044 2636 1136 2673; x_wconf 77' lang='grc' dir='ltr'>Θεοί)1</span> 
     </span>
     <span class='ocr_line' id='line_1_74' title="bbox 114 2692 1136 2748; baseline 0.002 -18"><span class='ocrx_word' id='word_1_574' title='bbox 114 2692 175 2736; x_wconf 83' lang='grc' dir='ltr'>τὰς</span> <span class='ocrx_word' id='word_1_575' title='bbox 194 2692 358 2743; x_wconf 64' lang='grc' dir='ltr'>ἀμοιὸάς.</span> <span class='ocrx_word' id='word_1_576' title='bbox 376 2693 493 2746; x_wconf 72' lang='grc' dir='ltr'>Ὠφθη</span> <span class='ocrx_word' id='word_1_577' title='bbox 512 2693 548 2732; x_wconf 81' lang='grc' dir='ltr'>δὲ</span> <span class='ocrx_word' id='word_1_578' title='bbox 568 2697 682 2747; x_wconf 83' lang='grc' dir='ltr'>αὐτῷ,</span> <span class='ocrx_word' id='word_1_579' title='bbox 699 2695 817 2747; x_wconf 75' lang='grc' dir='ltr'>φησὶν,</span> <span class='ocrx_word' id='word_1_580' title='bbox 833 2699 851 2734; x_wconf 92' lang='lat'>6</span> <span class='ocrx_word' id='word_1_581' title='bbox 873 2695 962 2740; x_wconf 84' lang='grc' dir='ltr'>Θεὸς</span> <span class='ocrx_word' id='word_1_582' title='bbox 990 2695 1076 2748; x_wconf 88' lang='grc' dir='ltr'>πρὸς</span> <span class='ocrx_word' id='word_1_583' title='bbox 1093 2696 1136 2746; x_wconf 79' lang='grc' dir='ltr'>τῇ</span> 
     </span>
     <span class='ocr_line' id='line_1_75' title="bbox 117 2753 1139 2809; baseline 0.004 -18"><span class='ocrx_word' id='word_1_584' title='bbox 117 2753 193 2805; x_wconf 81' lang='grc' dir='ltr'>δρυῒ</span> <span class='ocrx_word' id='word_1_585' title='bbox 212 2757 255 2805; x_wconf 74' lang='grc' dir='ltr'>τῇ</span> <span class='ocrx_word' id='word_1_586' title='bbox 275 2753 434 2806; x_wconf 73' lang='grc' dir='ltr'>Μαμὸρῆ</span> <span class='ocrx_word' id='word_1_587' title='bbox 447 2785 456 2803; x_wconf 95' lang='grc'>,</span> <span class='ocrx_word' id='word_1_588' title='bbox 474 2755 672 2807; x_wconf 86' lang='grc' dir='ltr'>καθημένου</span> <span class='ocrx_word' id='word_1_589' title='bbox 688 2757 792 2795; x_wconf 79' lang='grc' dir='ltr'>αὐτοῦ</span> <span class='ocrx_word' id='word_1_590' title='bbox 809 2756 867 2795; x_wconf 81' lang='grc' dir='ltr'>ἐπὶ</span> <span class='ocrx_word' id='word_1_591' title='bbox 878 2759 942 2803; x_wconf 75' lang='grc' dir='ltr'>τῆς</span> <span class='ocrx_word' id='word_1_592' title='bbox 954 2757 1059 2809; x_wconf 86' lang='grc' dir='ltr'>θύρας</span> <span class='ocrx_word' id='word_1_593' title='bbox 1076 2760 1139 2804; x_wconf 71' lang='grc' dir='ltr'>τῆς</span> 
     </span>
     <span class='ocr_line' id='line_1_76' title="bbox 117 2815 1139 2871; baseline 0.004 -19"><span class='ocrx_word' id='word_1_594' title='bbox 117 2818 247 2862; x_wconf 71' lang='grc' dir='ltr'>σκηνῆς</span> <span class='ocrx_word' id='word_1_595' title='bbox 268 2816 371 2853; x_wconf 74' lang='grc' dir='ltr'>αὐτοῦ</span> <span class='ocrx_word' id='word_1_596' title='bbox 402 2816 636 2868; x_wconf 64' lang='grc' dir='ltr'>μεσημὸρίας.</span> <span class='ocrx_word' id='word_1_597' title='bbox 658 2815 837 2857; x_wconf 69' lang='grc' dir='ltr'>Ἵῖκαστον</span> <span class='ocrx_word' id='word_1_598' title='bbox 868 2821 938 2856; x_wconf 86' lang='grc' dir='ltr'>τῶν</span> <span class='ocrx_word' id='word_1_599' title='bbox 974 2818 1139 2871; x_wconf 83' lang='grc' dir='ltr'>ῥημάτων</span> 
     </span>
     <span class='ocr_line' id='line_1_77' title="bbox 118 2875 1139 2932; baseline 0.005 -19"><span class='ocrx_word' id='word_1_600' title='bbox 118 2876 207 2926; x_wconf 80' lang='grc' dir='ltr'>μετὰ</span> <span class='ocrx_word' id='word_1_601' title='bbox 239 2875 417 2927; x_wconf 65' lang='grc' dir='ltr'>ἀκριὸείας</span> <span class='ocrx_word' id='word_1_602' title='bbox 446 2876 685 2928; x_wconf 82' lang='grc' dir='ltr'>ἐξετάσωμεν,</span> <span class='ocrx_word' id='word_1_603' title='bbox 721 2879 780 2918; x_wconf 79' lang='grc' dir='ltr'>καὶ</span> <span class='ocrx_word' id='word_1_604' title='bbox 809 2879 1062 2932; x_wconf 82' lang='grc' dir='ltr'>ἀναπτύξωμεν</span> <span class='ocrx_word' id='word_1_605' title='bbox 1080 2879 1139 2919; x_wconf 83' lang='grc' dir='ltr'>τὸν</span> 
     </span>
     <span class='ocr_line' id='line_1_78' title="bbox 117 2936 1138 2992; baseline 0.006 -17"><span class='ocrx_word' id='word_1_606' title='bbox 117 2936 303 2989; x_wconf 80' lang='grc' dir='ltr'>θησαυρὸν,</span> <span class='ocrx_word' id='word_1_607' title='bbox 322 2937 382 2975; x_wconf 76' lang='grc' dir='ltr'>καὶ</span> <span class='ocrx_word' id='word_1_608' title='bbox 396 2937 534 2976; x_wconf 83' lang='grc' dir='ltr'>ἅπαντα</span> <span class='ocrx_word' id='word_1_609' title='bbox 551 2939 610 2978; x_wconf 78' lang='grc' dir='ltr'>τὸν</span> <span class='ocrx_word' id='word_1_610' title='bbox 627 2940 893 2992; x_wconf 80' lang='grc' dir='ltr'>ἐναποκείμενον</span> <span class='ocrx_word' id='word_1_611' title='bbox 907 2943 1057 2980; x_wconf 78' lang='grc' dir='ltr'>πλοῦτον</span> <span class='ocrx_word' id='word_1_612' title='bbox 1077 2959 1138 2981; x_wconf 85' lang='grc' dir='ltr'>κα-</span> 
     </span>
     <span class='ocr_line' id='line_1_79' title="bbox 117 2998 1141 3055; baseline 0.006 -19"><span class='ocrx_word' id='word_1_613' title='bbox 117 2998 342 3049; x_wconf 84' lang='grc' dir='ltr'>ταμάθωμεν.</span> <span class='ocrx_word' id='word_1_614' title='bbox 369 2998 488 3052; x_wconf 68' lang='grc' dir='ltr'>’Ώερθη</span> <span class='ocrx_word' id='word_1_615' title='bbox 520 3000 554 3038; x_wconf 79' lang='grc' dir='ltr'>δὲ</span> <span class='ocrx_word' id='word_1_616' title='bbox 581 3002 696 3055; x_wconf 76' lang='grc' dir='ltr'>αὐτῷ,</span> <span class='ocrx_word' id='word_1_617' title='bbox 715 3003 833 3055; x_wconf 76' lang='grc' dir='ltr'>φησὶν,</span> <span class='ocrx_word' id='word_1_618' title='bbox 867 3006 885 3042; x_wconf 95' lang='lat'>6</span> <span class='ocrx_word' id='word_1_619' title='bbox 915 3003 1016 3047; x_wconf 83' lang='grc' dir='ltr'>Θεός.</span> <span class='ocrx_word' id='word_1_620' title='bbox 1037 3003 1141 3048; x_wconf 88' lang='grc' dir='ltr'>Τίνος</span> 
     </span>
     <span class='ocr_line' id='line_1_80' title="bbox 119 3059 1141 3118; baseline 0.006 -20"><span class='ocrx_word' id='word_1_621' title='bbox 119 3060 231 3098; x_wconf 80' lang='grc' dir='ltr'>ἕνεκεν</span> <span class='ocrx_word' id='word_1_622' title='bbox 251 3059 359 3104; x_wconf 78' lang='grc' dir='ltr'>οὕτως</span> <span class='ocrx_word' id='word_1_623' title='bbox 379 3060 526 3113; x_wconf 80' lang='grc' dir='ltr'>ἤρξατο,</span> <span class='ocrx_word' id='word_1_624' title='bbox 545 3061 666 3116; x_wconf 79' lang='grc' dir='ltr'>Ὤφθη</span> <span class='ocrx_word' id='word_1_625' title='bbox 699 3064 735 3103; x_wconf 76' lang='grc' dir='ltr'>δὲ</span> <span class='ocrx_word' id='word_1_626' title='bbox 753 3067 848 3117; x_wconf 81' lang='grc' dir='ltr'>αὐτῷ</span> <span class='ocrx_word' id='word_1_627' title='bbox 877 3067 895 3103; x_wconf 84' lang='grc' dir='ltr'>ὁ</span> <span class='ocrx_word' id='word_1_628' title='bbox 914 3065 1025 3114; x_wconf 69' lang='grc' dir='ltr'>Θεός,</span> <span class='ocrx_word' id='word_1_629' title='bbox 1044 3065 1141 3118; x_wconf 73' lang='grc' dir='ltr'>“Ορα</span> 
     </span>
     <span class='ocr_line' id='line_1_81' title="bbox 119 3121 1147 3177; baseline 0.009 -19"><span class='ocrx_word' id='word_1_630' title='bbox 119 3121 298 3160; x_wconf 86' lang='grc' dir='ltr'>Δεσπότου</span> <span class='ocrx_word' id='word_1_631' title='bbox 322 3123 598 3175; x_wconf 80' lang='grc' dir='ltr'>φιλανθρωπίαν,</span> <span class='ocrx_word' id='word_1_632' title='bbox 618 3125 677 3163; x_wconf 79' lang='grc' dir='ltr'>καὶ</span> <span class='ocrx_word' id='word_1_633' title='bbox 706 3126 830 3164; x_wconf 86' lang='grc' dir='ltr'>σκόπει</span> <span class='ocrx_word' id='word_1_634' title='bbox 857 3142 915 3177; x_wconf 90' lang='grc' dir='ltr'>μοι</span> <span class='ocrx_word' id='word_1_635' title='bbox 935 3127 1070 3166; x_wconf 85' lang='grc' dir='ltr'>οἰκέτου</span> <span class='ocrx_word' id='word_1_636' title='bbox 1091 3129 1147 3166; x_wconf 84' lang='grc' dir='ltr'>εὖ-</span> 
     </span>
     <span class='ocr_line' id='line_1_82' title="bbox 121 3182 1148 3242; baseline 0.01 -24"><span class='ocrx_word' id='word_1_637' title='bbox 121 3182 362 3233; x_wconf 86' lang='grc' dir='ltr'>γνωμοσύνην.</span> <span class='ocrx_word' id='word_1_638' title='bbox 385 3183 532 3231; x_wconf 80' lang='grc' dir='ltr'>Ἐπειδὴ</span> <span class='ocrx_word' id='word_1_639' title='bbox 553 3185 620 3237; x_wconf 81' lang='grc' dir='ltr'>γὰρ</span> <span class='ocrx_word' id='word_1_640' title='bbox 642 3187 676 3224; x_wconf 82' lang='grc' dir='ltr'>ἐν</span> <span class='ocrx_word' id='word_1_641' title='bbox 695 3193 766 3231; x_wconf 90' lang='grc' dir='ltr'>τοῖς</span> <span class='ocrx_word' id='word_1_642' title='bbox 781 3188 1017 3240; x_wconf 67' lang='grc' dir='ltr'>προλαὸοῧσιν</span> <span class='ocrx_word' id='word_1_643' title='bbox 1035 3189 1148 3242; x_wconf 71' lang='grc' dir='ltr'>ὂφθεὶς</span> 
     </span>
     <span class='ocr_line' id='line_1_83' title="bbox 122 3244 1147 3303; baseline 0.01 -24"><span class='ocrx_word' id='word_1_644' title='bbox 122 3244 237 3296; x_wconf 78' lang='grc' dir='ltr'>αὐτῷ,</span> <span class='ocrx_word' id='word_1_645' title='bbox 257 3244 347 3294; x_wconf 73' lang='grc' dir='ltr'>μετὰ</span> <span class='ocrx_word' id='word_1_646' title='bbox 372 3248 443 3299; x_wconf 77' lang='grc' dir='ltr'>τῶν</span> <span class='ocrx_word' id='word_1_647' title='bbox 462 3246 578 3284; x_wconf 85' lang='grc' dir='ltr'>ἄλλων</span> <span class='ocrx_word' id='word_1_648' title='bbox 604 3247 767 3286; x_wconf 82' lang='grc' dir='ltr'>ἁπάντων</span> <span class='ocrx_word' id='word_1_649' title='bbox 794 3247 853 3287; x_wconf 89' lang='grc' dir='ltr'>καὶ</span> <span class='ocrx_word' id='word_1_650' title='bbox 886 3249 950 3297; x_wconf 81' lang='grc' dir='ltr'>τὴν</span> <span class='ocrx_word' id='word_1_651' title='bbox 977 3249 1057 3303; x_wconf 72' lang='grc' dir='ltr'>περὶ</span> <span class='ocrx_word' id='word_1_652' title='bbox 1087 3253 1147 3296; x_wconf 75' lang='grc' dir='ltr'>τῆς</span> 
     </span>
    </p>
   </div>
   <div class='ocr_carea' id='block_1_16' title="bbox 1210 2616 2165 2686">
    <p class='ocr_par' dir='ltr' id='par_1_17' title="bbox 1210 2616 2165 2686">
     <span class='ocr_line' id='line_1_84' title="bbox 1210 2616 2165 2686; baseline -0.016 -16"><span class='ocrx_word' id='word_1_653' title='bbox 1210 2629 1451 2686; x_wconf 85' lang='lat' dir='ltr'>patriarcham</span> <span class='ocrx_word' id='word_1_654' title='bbox 1471 2622 1668 2668; x_wconf 83' lang='lat' dir='ltr'>Abraham,</span> <span class='ocrx_word' id='word_1_655' title='bbox 1690 2628 1730 2656; x_wconf 89' lang='lat' dir='ltr'>ut</span> <span class='ocrx_word' id='word_1_656' title='bbox 1750 2616 1896 2656; x_wconf 87' lang='lat' dir='ltr'>discatis</span> <span class='ocrx_word' id='word_1_657' title='bbox 1925 2627 2094 2668; x_wconf 82' lang='lat' dir='ltr'>quantam</span> <span class='ocrx_word' id='word_1_658' title='bbox 2119 2617 2165 2655; x_wconf 86' lang='lat' dir='ltr'>ab</span> 
     </span>
    </p>
   </div>
   <div class='ocr_carea' id='block_1_17' title="bbox 1209 2678 2366 2745">
    <p class='ocr_par' dir='ltr' id='par_1_18' title="bbox 1209 2678 2366 2745">
     <span class='ocr_line' id='line_1_85' title="bbox 1209 2678 2366 2745; baseline -0.015 -13"><span class='ocrx_word' id='word_1_659' title='bbox 1209 2690 1452 2745; x_wconf 86' lang='lat' dir='ltr'>hospitalitate</span> <span class='ocrx_word' id='word_1_660' title='bbox 1465 2682 1661 2724; x_wconf 89' lang='lat' dir='ltr'>mercedem</span> <span class='ocrx_word' id='word_1_661' title='bbox 1672 2678 1855 2731; x_wconf 82' lang='lat' dir='ltr'>acceperit.</span> <span class='ocrx_word' id='word_1_662' title='bbox 1875 2678 2117 2730; x_wconf 78' lang='lat' dir='ltr'>l.Appc1ruit</span> <span class='ocrx_word' id='word_1_663' title='bbox 2130 2681 2165 2717; x_wconf 88' lang='lat' dir='ltr'>ei</span> <span class='ocrx_word' id='word_1_664' title='bbox 2183 2693 2294 2732; x_wconf 70' lang='lat' dir='ltr'>caput.</span> <span class='ocrx_word' id='word_1_665' title='bbox 2319 2689 2366 2719; x_wconf 75' lang='lat'>18.</span> 
     </span>
    </p>
   </div>
   <div class='ocr_carea' id='block_1_18' title="bbox 1211 2740 2170 3286">
    <p class='ocr_par' dir='ltr' id='par_1_19' title="bbox 1211 2740 2170 3286">
     <span class='ocr_line' id='line_1_86' title="bbox 1211 2740 2164 2795; baseline -0.015 -2"><span class='ocrx_word' id='word_1_666' title='bbox 1211 2763 1340 2793; x_wconf 82' lang='lat' dir='ltr'>autem</span> <span class='ocrx_word' id='word_1_667' title='bbox 1359 2751 1476 2794; x_wconf 83' lang='lat' dir='ltr'>Deus,</span> <span class='ocrx_word' id='word_1_668' title='bbox 1493 2743 1624 2795; x_wconf 82' lang='lat' dir='ltr'>inquit,</span> <span class='ocrx_word' id='word_1_669' title='bbox 1641 2741 1746 2793; x_wconf 82' lang='lat' dir='ltr'>apud</span> <span class='ocrx_word' id='word_1_670' title='bbox 1769 2751 1952 2791; x_wconf 83' lang='lat' dir='ltr'>quercum</span> <span class='ocrx_word' id='word_1_671' title='bbox 1973 2740 2164 2788; x_wconf 84' lang='lat' dir='ltr'>Mambre,</span> 
     </span>
     <span class='ocr_line' id='line_1_87' title="bbox 1213 2800 2165 2863; baseline -0.017 -7"><span class='ocrx_word' id='word_1_672' title='bbox 1213 2816 1366 2856; x_wconf 81' lang='lat' dir='ltr'>sedente</span> <span class='ocrx_word' id='word_1_673' title='bbox 1383 2813 1464 2863; x_wconf 83' lang='lat' dir='ltr'>ipso</span> <span class='ocrx_word' id='word_1_674' title='bbox 1487 2806 1541 2845; x_wconf 87' lang='lat' dir='ltr'>ad</span> <span class='ocrx_word' id='word_1_675' title='bbox 1555 2807 1718 2857; x_wconf 83' lang='lat' dir='ltr'>januam</span> <span class='ocrx_word' id='word_1_676' title='bbox 1748 2800 1993 2838; x_wconf 81' lang='lat' dir='ltr'>tabernaculi</span> <span class='ocrx_word' id='word_1_677' title='bbox 2010 2804 2071 2839; x_wconf 80' lang='lat' dir='ltr'>sui</span> <span class='ocrx_word' id='word_1_678' title='bbox 2089 2816 2165 2840; x_wconf 85' lang='lat' dir='ltr'>me-</span> 
     </span>
     <span class='ocr_line' id='line_1_88' title="bbox 1213 2862 2167 2923; baseline -0.015 -7"><span class='ocrx_word' id='word_1_679' title='bbox 1213 2879 1323 2917; x_wconf 82' lang='lat' dir='ltr'>ridie.</span> <span class='ocrx_word' id='word_1_680' title='bbox 1345 2870 1494 2923; x_wconf 88' lang='lat' dir='ltr'>Singula</span> <span class='ocrx_word' id='word_1_681' title='bbox 1521 2866 1631 2906; x_wconf 81' lang='lat' dir='ltr'>verba</span> <span class='ocrx_word' id='word_1_682' title='bbox 1651 2863 1840 2914; x_wconf 88' lang='lat' dir='ltr'>diligenter</span> <span class='ocrx_word' id='word_1_683' title='bbox 1870 2862 2111 2911; x_wconf 83' lang='lat' dir='ltr'>excutiamus,</span> <span class='ocrx_word' id='word_1_684' title='bbox 2133 2874 2167 2902; x_wconf 91' lang='lat' dir='ltr'>et</span> 
     </span>
     <span class='ocr_line' id='line_1_89' title="bbox 1213 2922 2166 2992; baseline -0.016 -15"><span class='ocrx_word' id='word_1_685' title='bbox 1213 2946 1334 2992; x_wconf 87' lang='lat' dir='ltr'>aperto</span> <span class='ocrx_word' id='word_1_686' title='bbox 1364 2934 1529 2973; x_wconf 86' lang='lat' dir='ltr'>thesauro</span> <span class='ocrx_word' id='word_1_687' title='bbox 1543 2958 1554 2978; x_wconf 92' lang='lat'>,</span> <span class='ocrx_word' id='word_1_688' title='bbox 1583 2937 1704 2966; x_wconf 90' lang='lat' dir='ltr'>omnes</span> <span class='ocrx_word' id='word_1_689' title='bbox 1723 2923 1760 2961; x_wconf 91' lang='lat' dir='ltr'>in</span> <span class='ocrx_word' id='word_1_690' title='bbox 1781 2935 1821 2961; x_wconf 88' lang='lat' dir='ltr'>eo</span> <span class='ocrx_word' id='word_1_691' title='bbox 1842 2922 1991 2961; x_wconf 88' lang='lat' dir='ltr'>latentes</span> <span class='ocrx_word' id='word_1_692' title='bbox 2020 2922 2166 2962; x_wconf 61' lang='lat' dir='ltr'>divitias</span> 
     </span>
     <span class='ocr_line' id='line_1_90' title="bbox 1212 2985 2167 3040; baseline -0.017 0"><span class='ocrx_word' id='word_1_693' title='bbox 1212 3001 1404 3039; x_wconf 87' lang='lat' dir='ltr'>discamus.</span> <span class='ocrx_word' id='word_1_694' title='bbox 1421 2994 1541 3040; x_wconf 86' lang='lat' dir='ltr'>Quare</span> <span class='ocrx_word' id='word_1_695' title='bbox 1557 2989 1608 3028; x_wconf 86' lang='lat' dir='ltr'>sic</span> <span class='ocrx_word' id='word_1_696' title='bbox 1626 2999 1774 3025; x_wconf 80' lang='lat' dir='ltr'>exorsus</span> <span class='ocrx_word' id='word_1_697' title='bbox 1796 2993 1861 3032; x_wconf 89' lang='lat' dir='ltr'>est,</span> <span class='ocrx_word' id='word_1_698' title='bbox 1883 2985 2082 3035; x_wconf 80' lang='lat' dir='ltr'>Apparuit</span> <span class='ocrx_word' id='word_1_699' title='bbox 2099 3001 2167 3024; x_wconf 85' lang='grc' dir='ltr'>αιι-</span> 
     </span>
     <span class='ocr_line' id='line_1_91' title="bbox 1215 3045 2168 3104; baseline -0.015 -5"><span class='ocrx_word' id='word_1_700' title='bbox 1215 3073 1289 3102; x_wconf 83' lang='lat' dir='ltr'>tem</span> <span class='ocrx_word' id='word_1_701' title='bbox 1306 3063 1340 3099; x_wconf 84' lang='lat' dir='ltr'>ei</span> <span class='ocrx_word' id='word_1_702' title='bbox 1356 3059 1493 3097; x_wconf 79' lang='lat' dir='ltr'>Deus?</span> <span class='ocrx_word' id='word_1_703' title='bbox 1519 3053 1645 3104; x_wconf 87' lang='lat' dir='ltr'>Specta</span> <span class='ocrx_word' id='word_1_704' title='bbox 1670 3046 1818 3086; x_wconf 88' lang='lat' dir='ltr'>Domini</span> <span class='ocrx_word' id='word_1_705' title='bbox 1846 3045 2114 3098; x_wconf 79' lang='lat' dir='ltr'>benignitatem,</span> <span class='ocrx_word' id='word_1_706' title='bbox 2136 3056 2168 3085; x_wconf 92' lang='lat' dir='ltr'>et</span> 
     </span>
     <span class='ocr_line' id='line_1_92' title="bbox 1215 3107 2166 3163; baseline -0.018 0"><span class='ocrx_word' id='word_1_707' title='bbox 1215 3121 1397 3163; x_wconf 90' lang='lat' dir='ltr'>considera</span> <span class='ocrx_word' id='word_1_708' title='bbox 1430 3113 1556 3155; x_wconf 84' lang='lat' dir='ltr'>famuli</span> <span class='ocrx_word' id='word_1_709' title='bbox 1589 3118 1730 3163; x_wconf 86' lang='lat' dir='ltr'>gratum</span> <span class='ocrx_word' id='word_1_710' title='bbox 1765 3107 1937 3146; x_wconf 90' lang='lat' dir='ltr'>animum.</span> <span class='ocrx_word' id='word_1_711' title='bbox 1976 3108 2166 3159; x_wconf 86' lang='lat' dir='ltr'>Postquam</span> 
     </span>
     <span class='ocr_line' id='line_1_93' title="bbox 1215 3169 2169 3234; baseline -0.019 -9"><span class='ocrx_word' id='word_1_712' title='bbox 1215 3185 1310 3225; x_wconf 89' lang='lat' dir='ltr'>enim</span> <span class='ocrx_word' id='word_1_713' title='bbox 1324 3179 1485 3234; x_wconf 88' lang='lat' dir='ltr'>superius</span> <span class='ocrx_word' id='word_1_714' title='bbox 1499 3171 1664 3227; x_wconf 86' lang='lat' dir='ltr'>apparuit</span> <span class='ocrx_word' id='word_1_715' title='bbox 1676 3170 1723 3216; x_wconf 89' lang='lat' dir='ltr'>ei,</span> <span class='ocrx_word' id='word_1_716' title='bbox 1739 3178 1772 3207; x_wconf 88' lang='lat' dir='ltr'>et</span> <span class='ocrx_word' id='word_1_717' title='bbox 1786 3177 1915 3222; x_wconf 83' lang='lat' dir='ltr'>praeter</span> <span class='ocrx_word' id='word_1_718' title='bbox 1927 3177 2051 3206; x_wconf 82' lang='lat' dir='ltr'>caetera</span> <span class='ocrx_word' id='word_1_719' title='bbox 2064 3169 2169 3207; x_wconf 89' lang='lat' dir='ltr'>etiam</span> 
     </span>
     <span class='ocr_line' id='line_1_94' title="bbox 1217 3229 2170 3286; baseline -0.017 -2"><span class='ocrx_word' id='word_1_720' title='bbox 1217 3239 1498 3286; x_wconf 83' lang='lat' dir='ltr'>circumcisionis</span> <span class='ocrx_word' id='word_1_721' title='bbox 1533 3232 1743 3274; x_wconf 82' lang='lat' dir='ltr'>mandatum</span> <span class='ocrx_word' id='word_1_722' title='bbox 1780 3229 1947 3283; x_wconf 66' lang='lat' dir='ltr'>praecepit</span> <span class='ocrx_word' id='word_1_723' title='bbox 1976 3245 1983 3265; x_wconf 92' lang='lat'><strong>:</strong></span> <span class='ocrx_word' id='word_1_724' title='bbox 2016 3230 2170 3268; x_wconf 75' lang='lat' dir='ltr'>eximius</span> 
     </span>
    </p>
   </div>
   <div class='ocr_carea' id='block_1_19' title="bbox 122 3292 2168 3362">
    <p class='ocr_par' dir='ltr' id='par_1_20' title="bbox 122 3292 2168 3362">
     <span class='ocr_line' id='line_1_95' title="bbox 122 3292 2168 3362; baseline -0.006 -22"><span class='ocrx_word' id='word_1_725' title='bbox 122 3307 314 3355; x_wconf 70' lang='grc' dir='ltr'>περιτομῆς</span> <span class='ocrx_word' id='word_1_726' title='bbox 339 3307 435 3358; x_wconf 82' lang='grc' dir='ltr'>αὐτῷ</span> <span class='ocrx_word' id='word_1_727' title='bbox 463 3307 604 3354; x_wconf 75' lang='grc' dir='ltr'>ἐντολὴν</span> <span class='ocrx_word' id='word_1_728' title='bbox 630 3308 829 3353; x_wconf 80' lang='grc' dir='ltr'>διετάξατο,</span> <span class='ocrx_word' id='word_1_729' title='bbox 849 3313 867 3349; x_wconf 90' lang='lat'>6</span> <span class='ocrx_word' id='word_1_730' title='bbox 884 3310 919 3349; x_wconf 85' lang='grc' dir='ltr'>δὲ</span> <span class='ocrx_word' id='word_1_731' title='bbox 949 3311 1147 3362; x_wconf 80' lang='grc' dir='ltr'>θαυμαστὸς</span> <span class='ocrx_word' id='word_1_732' title='bbox 1172 3321 1195 3352; x_wconf 81' lang='lat' dir='ltr'>E</span> <span class='ocrx_word' id='word_1_733' title='bbox 1220 3317 1337 3347; x_wconf 81' lang='lat' dir='ltr'>autem</span> <span class='ocrx_word' id='word_1_734' title='bbox 1352 3304 1416 3342; x_wconf 80' lang='lat' dir='ltr'>iste</span> <span class='ocrx_word' id='word_1_735' title='bbox 1430 3301 1486 3338; x_wconf 76' lang='lat' dir='ltr'>vir</span> <span class='ocrx_word' id='word_1_736' title='bbox 1503 3307 1640 3349; x_wconf 83' lang='lat' dir='ltr'>semper</span> <span class='ocrx_word' id='word_1_737' title='bbox 1652 3305 1732 3345; x_wconf 79' lang='lat' dir='ltr'>quae</span> <span class='ocrx_word' id='word_1_738' title='bbox 1752 3305 1770 3330; x_wconf 85' lang='lat' dir='ltr'>a</span> <span class='ocrx_word' id='word_1_739' title='bbox 1791 3292 1867 3329; x_wconf 80' lang='lat' dir='ltr'>Deo</span> <span class='ocrx_word' id='word_1_740' title='bbox 1887 3299 2060 3344; x_wconf 54' lang='lat' dir='ltr'>praecepta</span> <span class='ocrx_word' id='word_1_741' title='bbox 2073 3299 2168 3329; x_wconf 82' lang='lat' dir='ltr'>erant</span> 
     </span>
    </p>
   </div>
   <div class='ocr_carea' id='block_1_20' title="bbox 167 3410 809 3460">
    <p class='ocr_par' dir='ltr' id='par_1_21' title="bbox 167 3410 809 3460">
     <span class='ocr_line' id='line_1_96' title="bbox 167 3410 809 3460; baseline 0.009 -18"><span class='ocrx_word' id='word_1_742' title='bbox 167 3421 180 3435; x_wconf 76' lang='lat'>⁴</span> <span class='ocrx_word' id='word_1_743' title='bbox 204 3410 304 3443; x_wconf 68' lang='lat' dir='ltr'>Savil.</span> <span class='ocrx_word' id='word_1_744' title='bbox 324 3419 357 3444; x_wconf 74' lang='lat' dir='ltr'>cl.</span> <span class='ocrx_word' id='word_1_745' title='bbox 372 3422 426 3444; x_wconf 76' lang='lat' dir='ltr'>sex</span> <span class='ocrx_word' id='word_1_746' title='bbox 452 3413 526 3446; x_wconf 77' lang='lat' dir='ltr'>Mss.</span> <span class='ocrx_word' id='word_1_747' title='bbox 545 3416 694 3449; x_wconf 64' lang='grc' dir='ltr'>δεικνύντα</span> <span class='ocrx_word' id='word_1_748' title='bbox 718 3419 809 3460; x_wconf 65' lang='grc' dir='ltr'>αὐτῷ.</span> 
     </span>
    </p>
   </div>
  </div>
 </body>
</html>
