2516 3791
147 495 175 521 E

177 496 244 524 ccli.
264 504 312 535 29.

148 537 198 565 28.

144 1272 170 1292 ta

200 1184 333 1211 Eniietas

143 1235 194 1261 1Γο
246 1227 332 1252 ⁵³⁸⁰*
346 1239 450 1281 ptura
467 1244 536 1268 non
555 1229 688 1281 ubique
706 1229 751 1267 de
770 1229 977 1268 temulentia
996 1198 1135 1268 dictum
1157 1239 1221 1281 est,
1238 1230 1300 1269 sed

175 1273 211 1293 (O.

140 1487 229 1516 Psal.
255 1486 305 1518 35.

356 149 446 192 532
784 165 822 195 s.

353 245 402 283 cis
432 245 524 284 mala
552 245 805 299 imprecantur.
830 248 929 295 Quid
961 249 1057 286 enim
1080 262 1120 286 eo
1142 247 1306 285 miserius

351 307 474 359 fuerit,
502 308 564 359 qui
604 308 767 346 ebrietati
800 309 944 347 deditus
976 318 1050 357 est,
1081 317 1115 345 et
1147 307 1306 358 quotidie

352 368 479 406 vinum
506 369 672 418 effundit,
696 383 736 407 ac
766 370 895 407 mentis
922 382 994 406 suae
1018 368 1202 420 judicium
1221 382 1303 405 cor—

354 430 520 481 rumpit?
539 429 739 480 Eapropter
771 438 804 466 et
833 428 972 480 sapiens
1004 427 1150 478 quidam
1181 428 1305 467 admo-

353 489 459 527 nebat
477 489 597 526 dicens
612 504 619 524 :
634 490 876 540 Principium
893 491 988 526 vitoe
1004 489 1171 526 hominis
1189 491 1305 541 panis
1330 498 1354 528 E

353 559 390 587 et
404 563 509 600 aqua
528 557 564 586 et
579 551 713 594 vestis,
738 557 773 586 et
800 545 935 587 {lomus
954 557 1082 601 tegens
1099 550 1305 601 turpitudi-

354 625 438 647 nem
454 626 464 645 :
482 619 521 647 ut
542 609 571 646 si
593 609 672 659 quis
689 609 857 648 ebrietate
870 609 1044 657 vincitur,
1059 624 1100 648 ne
1116 610 1152 647 in
1172 610 1303 661 vulgus

351 669 580 719 traducatur,
604 669 667 707 sed
691 684 711 707 a
733 670 806 708 suis
841 680 1073 722 contegatur:
1091 680 1125 708 et
1157 685 1227 709 non
1257 672 1302 709 sit

350 731 518 769 omnibus
536 731 630 769 risus
652 740 686 769 et
705 731 940 784 turpitudinis
958 742 1222 783 argumentum.
1249 734 1285 770 E
1289 741 1303 770 t

349 794 474 843 coepit,
494 791 631 843 inquit,
654 793 740 829 [1ὀέ
770 793 884 830 homo
915 794 1089 845 agricola
1118 802 1242 840 terrae,
1265 802 1302 831 et

346 855 544 905 plantavit
564 857 739 904 vineam,
761 863 797 892 et
818 857 914 892 bibit
940 855 987 892 de
1014 857 1125 904 vino,
1155 863 1190 892 et
1215 857 1298 891 ine-

350 916 500 953 briatus
516 924 583 953 est.

859 165 933 195 JOA
942 166 1044 196 NNIS
1080 166 1320 198 CHRYSOST.

399 1170 438 1206 4.
453 1167 646 1206 Ebrietatis
664 1181 803 1217 nomen,
824 1167 1019 1216 carissime,
1035 1168 1072 1205 in
1088 1182 1187 1206 sacia
1205 1169 1300 1207 Scri-

345 1301 378 1329 ct
396 1291 593 1329 satietatem
611 1291 803 1342 significat.
824 1292 901 1330 Hoc
919 1292 1040 1342 itaque
1056 1292 1145 1330 foite
1161 1293 1242 1343 quis
1255 1292 1299 1331 de
1325 1304 1349 1332 A

341 1355 438 1405 justo
457 1354 524 1391 hoc
542 1353 651 1402 dicet,
685 1352 781 1404 quod
801 1367 870 1390 non
892 1362 930 1390 ut
953 1353 1193 1406 intemperans
1223 1354 1298 1392 ine-

344 1414 481 1452 briatus
499 1414 619 1463 fuerit,
639 1413 699 1451 sed
722 1414 768 1451 oh
788 1414 985 1452 satietatem
1004 1414 1071 1452 hoc
1090 1415 1120 1452 ei
1143 1415 1299 1467 contige-

343 1476 401 1513 rit.
420 1474 515 1512 Audi
533 1475 629 1512 enim
645 1475 766 1513 David
787 1475 1300 1514 dicentem:Inebriabuntur

343 1539 393 1574 ab
415 1538 589 1573 ubertate
609 1536 745 1573 domus
766 1545 840 1573 tuce
855 1552 865 1572 .·
880 1536 948 1574 1100
962 1546 1024 1586 est,
1038 1537 1296 1589 implebuntur.

342 1598 510 1648 Alioquin
522 1598 547 1635 ii
562 1597 623 1648 qui
639 1597 803 1635 ebrietati
819 1608 945 1636 vacant
960 1613 1155 1650 numquam
1168 1600 1295 1637 satian-

342 1669 417 1707 tur,
441 1659 503 1696 sed
521 1667 654 1708 quanto
685 1658 799 1709 magis
831 1673 905 1696 sese
938 1659 1024 1697 vino
1056 1660 1294 1711 ingurgitant,

340 1729 438 1758 tanto
453 1720 567 1771 magis
581 1719 639 1757 siti
657 1719 824 1770 flagrant,
837 1729 871 1757 et
884 1720 1118 1759 inflammatio
1132 1722 1298 1772 quaedam

341 1791 392 1819 cst
410 1781 459 1819 eis
479 1780 554 1820 vini
584 1794 667 1818 usus
686 1794 748 1818 :ac
769 1780 973 1833 voluptates
1000 1781 1150 1832 quidem
1169 1797 1297 1821 evane-

340 1851 466 1890 scunt,
496 1841 574 1879 sitis
602 1849 721 1878 autem
752 1841 980 1893 inexplebilis
1000 1842 1037 1880 J'n
1057 1843 1297 1895 praecipitium

340 1902 521 1940 ebrietatis
536 1916 608 1952 eos,
622 1901 684 1953 qui
703 1903 772 1940 sub
788 1902 852 1940 illa
872 1903 1005 1955 captivi
1023 1914 1119 1951 sunt,
1132 1904 1293 1945 deducit.

340 1966 393 2002 Et
403 1965 616 2016 plantavit,
637 1963 768 2014 inquit,
784 1967 944 2002 vineam
961 1974 997 2003 et
1015 1967 1110 2003 bibit
1124 1980 1171 2004 ex
1185 1970 1293 2016 vino,

339 2034 375 2062 et
396 2027 610 2063 inebriatus
625 2034 743 2073 est7et
761 2027 932 2064 nudatus
949 2035 1006 2064 est
1022 2029 1064 2063 in
1080 2028 1193 2065 domo
1210 2042 1293 2067 sua.
1321 2035 1343 2064 B

340 2085 533 2123 Considera
566 2086 634 2123 1100
665 2100 734 2123 non
764 2087 850 2124 foris
872 2087 926 2124 illi
957 2087 1147 2137 accidisse,
1175 2089 1236 2127 sed
1257 2089 1294 2127 in

339 2146 445 2184 domo
473 2162 548 2186 sua.
578 2147 721 2185 Idcirco
736 2148 831 2185 enim
860 2148 929 2186 hoc
947 2148 1152 2200 designavit
1171 2149 1295 2189 divina

339 2208 542 2260 Scriptura,
557 2211 606 2245 In
623 2210 735 2246 domo
754 2222 838 2255 sua,
858 2218 898 2246 ut
917 2223 962 2246 ex
981 2210 1024 2247 iis
1045 2225 1123 2260 quae
1140 2225 1294 2261 sequun-

339 2279 411 2316 tur,
437 2269 583 2307 malitiae
609 2269 799 2307 vehemens
819 2269 980 2307 studium
998 2270 1120 2309 videas
1137 2272 1211 2323 ejus
1231 2273 1294 2322 qui

339 2330 540 2368 nuditatem
560 2329 729 2380 evulgare
747 2329 855 2367 fucrit
875 2344 994 2369 ausus.
1017 2334 1080 2369 92.
1101 2334 1155 2369 Et
1174 2334 1290 2379 vidit,

339 2392 349 2428 i
356 2392 467 2442 nquit,
478 2393 599 2429 Cham
613 2399 725 2442 pater
733 2392 763 2428 C
766 2392 930 2428 Ιιαηααη
944 2393 1158 2430 nuditatem
1167 2397 1292 2445 patris

338 2456 412 2498 sui,
430 2461 466 2490 et
483 2466 654 2504 egressus
673 2455 925 2490 annuntiavit
941 2454 1086 2492 duobus
1100 2455 1292 2505 fratribus

337 2514 540 2565 missoris.
559 2511 730 2549 Fortassis
745 2512 773 2549 si
789 2521 822 2550 et
835 2511 896 2550 alii
914 2513 1063 2563 quidam
1083 2514 1291 2564 adfuissent,

337 2583 370 2611 et
389 2574 462 2611 illis
481 2573 676 2611 nuntiasset
691 2573 804 2625 patris
831 2573 887 2611 sui
908 2575 1292 2627 turpitudinem:t‹'1nta

336 2644 414 2672 erat
445 2634 547 2686 pueri
572 2633 743 2684 nequitia.
766 2635 955 2686 Propterea
975 2636 1084 2687 enim,
1109 2646 1149 2674 ut
1176 2636 1292 2675 discas

334 2696 549 2748 jampridem
572 2705 605 2733 ct
635 2695 681 2732 ab
711 2695 812 2733 initio
843 2710 925 2734 eum
959 2707 1133 2751 corruptae
1165 2698 1291 2737 mentis
1315 2703 1338 2734 C

337 2757 459 2805 fuisse,
487 2770 555 2794 non
593 2756 805 2808 simpliciter
837 2757 924 2795 dicit
949 2758 1151 2811 Scriptura,
1184 2759 1291 2799 Vidit

338 2817 452 2855 Cham
472 2817 668 2855 nuditatem
689 2818 800 2869 patris
823 2818 968 2857 sui:sed
983 2819 1097 2870 quid?
1118 2822 1171 2858 Et
1189 2822 1291 2858 vidit

338 2879 461 2916 Cham
476 2887 589 2929 paler
604 2880 812 2917 Chanaan.
840 2880 971 2929 Quare,
985 2880 1044 2919 dic
1055 2881 1161 2931 mihi,
1178 2890 1211 2919 ct
1222 2881 1290 2919 hoc

337 2940 418 2978 loco
437 2940 503 2977 filii
524 2940 740 2978 vocabulum
772 2941 952 2992 assignat?
973 2943 1023 2980 Ut
1049 2942 1164 2981 discas
1185 2943 1289 2982 illum

336 3001 444 3037 suisse
458 3001 749 3053 intemperantem
765 3011 799 3040 et
814 3002 1103 3051 incontinentem,
1119 3013 1152 3042 et
1166 3004 1289 3042 eadem

338 3071 453 3099 mente
472 3077 537 3112 qua
561 3062 595 3099 111
616 3071 712 3100 tanta
732 3063 933 3101 turbatione
949 3064 1176 3116 procreanda]
1197 3065 1289 3117 proli

336 3122 490 3167 vacavit,
501 3122 622 3160 eadem
637 3123 745 3161 etiam
760 3124 900 3162 nuncin
913 3125 1162 3163 contumeliam
1176 3125 1288 3178 patris

336 3183 510 3236 prorupit.
526 3186 574 3221 Et
589 3199 772 3235 egressus,
791 3185 1179 3237 inquit,annuntiavit
1194 3188 1287 3225 duo-

172 3252 249 3278 Vitia
265 3262 320 3278 non
337 3248 404 3283 bus
428 3247 619 3297 fratribus
650 3250 729 3284 suis
746 3249 866 3299 foris.
891 3247 1002 3298 Vide,
1024 3249 1185 3299 obsecro,
1210 3248 1284 3296 1110,

221 3299 298 3319 natm
307 3305 318 3319 a

133 3376 288 3402 wluntaiw

292 3337 295 3340 .
333 3305 575 3350 dilectissime,
602 3320 667 3343 11011
693 3307 725 3344 in
752 3317 873 3345 natura
905 3308 970 3346 sita
1001 3323 1074 3347 esse
1100 3309 1202 3357 vitia,
1224 3309 1286 3348 sed

134 3341 202 3361 sita.
225 3336 271 3360 sm!
291 3346 317 3360 111

334 3371 367 3407 111
381 3367 528 3406 arbitrio
542 3377 573 3406 ct
588 3368 778 3408 voluntate.
795 3369 883 3409 Ecce
896 3370 989 3408 enim
1003 3371 1142 3421 utrique
1157 3372 1280 3409 fratres

1312 1267 1360 1292 285

1361 159 1569 198 anctum».
1607 169 1775 201 CONSTA
1783 172 1963 204 mmor.

1379 249 1448 301 γὰρ
1470 249 1553 293 ἴσως
1571 252 1632 289 καὶ
1658 254 1934 333 ἐγκωμιάζουσιν
1954 256 1985 294 οἱ
2012 257 2134 295 πολλοι
2161 256 2220 296 διὰ
2245 257 2290 296 τὰ
2318 258 2402 311 τρό-

1379 324 1490 357 παια,
1512 311 1568 349 διὰ
1583 311 1646 356 τὰς
1661 313 1777 360 νίκας,
1800 315 1858 353 διὰ
1876 316 1920 354 τὰ
1949 316 2133 369 τραύματα
2153 318 2213 355 καὶ
2231 318 2293 362 τὰς
2313 335 2405 371 σφα-

1378 369 1461 420 γάς·
1492 370 1632 416 τούτους
1658 373 1694 410 δὲ
1719 375 1974 424 ταλανίζουσιν,
1996 377 2132 421 ἀθλίους
2162 380 2405 428 ἀποκαλοῦσι,

1381 430 1488 482 μυρία
1505 433 1619 476 αὐτοῖς
1638 434 1838 487 ἐπαρῶνται
1857 437 1962 475 κακά.
1983 437 2030 475 Τί
2045 437 2112 490 γὰρ
2137 438 2178 476 ἂν
2198 439 2250 487 εἴη
2272 439 2403 477 ἀθλιώ-

1378 507 1476 544 τερον
1496 495 1556 530 τοῦ
1581 496 1624 544 τῇ
1645 494 1733 547 μέθῃ
1753 497 2028 548 προσηλωμένου
2041 527 2052 545 ,
2072 498 2133 536 καὶ
2151 503 2228 538 καθ’
2251 500 2402 546 ἑκάστην

1377 552 1514 604 ἡμέραν
1532 553 1590 592 τὸν
1609 555 1762 607 ἄκρατον
1781 559 2008 609 ἐκχεομένου,
2039 559 2099 597 καὶ
2126 563 2195 598 τῶν
2223 563 2402 612 λογισμῶν

1377 614 1416 652 τὸ
1434 614 1611 666 κριτήριον
1633 616 1909 669 διαφθείροντος
1927 619 1995 671 Δια
2022 624 2122 658 τοῦτο
2149 621 2208 658 καὶ
2229 622 2332 673 σοφός
2350 637 2402 665 τις

1376 690 1524 727 παρηνει
1539 676 1667 728 λέγων·
1688 677 1794 732 Αρχὴ
1812 680 1903 724 ζωῆς
1920 669 2140 732 ἀνθρώπου”
2117 697 2220 733 αρτος
2233 681 2294 720 και
2309 681 2402 734 υδωρ

1375 736 1436 774 καὶ
1455 737 1606 787 ἱμάτιον,
1628 748 1688 777 και
1723 744 1813 784 οἰκος
1840 740 2026 780 καλύπτων
2057 741 2322 794 ἀσχημοσύνην,
2343 742 2401 782 ἵνα

1375 798 1439 836 κᾶν
1460 800 1534 837 ἁλΓ)
1552 816 1603 843 τις
1619 816 1686 839 υπο
1706 803 1768 847 τῆς
1788 802 1912 852 μεθης,
1931 801 1979 852 μὴ
1998 803 2290 853 ἐκπομπεύηται,
2310 803 2400 854 μηδὲ

1376 861 1646 910 δημοσιεύηται,
1667 863 1756 900 ἀλλὰ
1776 863 1834 901 καὶ
1861 862 1928 901 ὑπὸ
1955 867 2025 902 τῶν
2055 863 2190 903 οἰκείων
2211 864 2400 916 περιστέλ-

1375 922 1480 968 ληται
1491 952 1501 970 ,
1517 923 1577 960 καὶ
1599 923 1647 973 μὴ
1670 925 1864 976 προκέηται
1882 931 1970 963 πᾶσι
1987 925 2138 976 γέλωτος
2156 926 2217 964 καὶ
2233 928 2399 978 ἀσχημο-

1376 979 1480 1028 σύνης
1505 982 1680 1028 ὑπόθεσις.
1714 985 1781 1022 Καὶ
1800 984 1953 1036 ἤρξατο,
1981 986 2090 1038 φησὶ,
2119 988 2200 1025 Νῶε
2219 987 2399 1039 ἄνθρωπος

1375 1042 1527 1094 γεωργὸς
1541 1043 1628 1095 γῆςζ
1646 1044 1706 1082 καὶ
1734 1044 1918 1097 ἐφύτευσεν
1938 1047 2130 1096 ἀμπελῶνα
2142 1077 2152 1094 ,
2168 1047 2229 1085 καὶ
2247 1046 2343 1085 ἔπιεν
2360 1049 2399 1086 ἐκ

1374 1107 1433 1140 τοῦ
1448 1103 1538 1142 οἴνου
1548 1134 1557 1152 ,
1572 1104 1632 1142 καὶ
1652 1105 1842 1156 ἐμεθύσθη.

1427 1166 1480 1204 Τὸ
1505 1169 1568 1213 τῆς
1595 1166 1701 1217 μέθης
1721 1167 1855 1218 ὄνομα,
1888 1168 2073 1220 ἀγαπητὲ,
2109 1168 2166 1207 ἐπὶ
2200 1171 2264 1215 τῆς
2298 1169 2400 1222 ἁγίας

1375 1229 1402 1266 Γ
1407 1231 1517 1280 ραφῆς
1539 1229 1577 1264 οὗ
1597 1233 1777 1281 πανταχοῦ
1797 1228 1854 1267 ἐπὶ
1882 1229 2005 1267 τούτου
2039 1230 2198 1283 εἴρηται,
2229 1231 2320 1269 ἀλλὰ
2339 1231 2399 1269 καὶ

1374 1289 1431 1327 ἐπὶ
1450 1292 1669 1341 πλησμονῆς.
1704 1292 1819 1329 Τοῦτο
1846 1285 1903 1329 οὖν
1925 1291 1966 1329 ἅν
1983 1308 2033 1336 τις
2053 1291 2144 1330 εἴποι
2163 1292 2243 1345 περὶ
2261 1297 2323 1331 τοῦ
2345 1294 2398 1331 δι-

1372 1350 1472 1388 καίου
1489 1351 1629 1398 τούτου,
1648 1350 1701 1389 ὅτι
1722 1353 1759 1389 οὗ
1785 1353 1828 1390 δι’
1857 1352 2030 1404 ἀκρασίαν
2055 1354 2102 1397 εἷς
2120 1352 2183 1399 τὴν
2205 1354 2314 1404 μέθην
2333 1368 2398 1392 καὸ

1371 1411 1527 1459 τέπεσεν,
1557 1414 1633 1451 ἀλλ’
1666 1415 1688 1458 ἡ
1721 1413 1907 1464 πλησμονὴ
1938 1416 2039 1452 τοῦτο
2073 1416 2167 1467 αὐτῷ
2198 1414 2397 1467 εἰργάσατο.

1370 1472 1492 1510 Ἄκουε
1518 1473 1584 1526 γὰρ
1604 1477 1663 1511 τοῦ
1683 1474 1793 1511 aaut&
1810 1474 1990 1526 λέγοντος,
2010 1475 2308 1522 Μεθυσθήσονται
2329 1476 2398 1515 ἀπὸ

1370 1550 1433 1579 της
1449 1534 1612 1581 πιότητος
1627 1539 1687 1573 τοῦ
1706 1534 1800 1573 οἴκου
1817 1551 1900 1581 σου,
1923 1534 2000 1573 ἀντι
2017 1539 2100 1582 τοῦ,
2119 1536 2396 1583 πλησθησονται.

1370 1594 1503 1639 Ἄλλως
1531 1595 1568 1633 δὲ
1597 1599 1629 1634 οἱ
1660 1599 1703 1647 ff,
1725 1596 1812 1647 μέθη
1843 1595 1983 1640 ἑαυτους
2013 1594 2206 1640 ἐκδιδόντες
2234 1596 2399 1635 ουδέποτε

1370 1655 1471 1708 κόρον
1486 1656 1736 1706 λαμὸάνουσιν,
1754 1657 1831 1694 ἀλλ’
1850 1656 1920 1694 ὅσω
1940 1656 1979 1695 ἂν
2003 1658 2085 1708 ἐγχε
2070 1655 2152 1694 ’ωισ
2154 1672 2171 1692 ν
2189 1659 2323 1700 ἑαυτοῖς
2339 1657 2396 1695 τὸν

1370 1717 1536 1769 ἄκρατον,
1559 1717 1712 1769 τοσούτῳ
1731 1719 1865 1767 μᾶλλον
1883 1717 1968 1769 πρὸς
1994 1717 2033 1756 τὸ
2049 1717 2145 1769 δίψος
2175 1717 2372 1756 ἐκκαίονται
2385 1748 2396 1766 ,

1369 1778 1428 1816 καὶ
1444 1783 1465 1826 ἡ
1490 1778 1684 1830 μετάληψις
1716 1779 1769 1816 ἀεὶ
1791 1778 2002 1829 ὑπέκκαυμα
2020 1778 2155 1829 γίνεται
2173 1782 2234 1816 τοῦ
2254 1779 2373 1831 δίψους
2387 1795 2396 1802 ·

1369 1842 1429 1880 καὶ
1446 1841 1490 1880 τὰ
1508 1841 1570 1892 μὲν
1589 1845 1651 1888 τῆς
1671 1842 1793 1888 ἡδονῆς
1812 1840 2019 1894 ἦμαύρωται
2034 1840 2172 1889 λοιπὸν,
2192 1841 2233 1880 τὸ
2249 1841 2284 1879 δὲ
2299 1840 2398 1894 δίψος

1370 1903 1638 1942 ἀκατάπαυστον
1661 1903 1799 1954 γεγονὸς
1820 1903 1866 1946 εἷς
1886 1902 1989 1940 αὐτὸν
2006 1902 2064 1940 τὸν
2081 1902 2236 1956 κρημνὸν
2254 1902 2315 1949 τῆς
2336 1902 2399 1954 με’-

1370 1969 1430 2013 Οης
1449 1965 1594 2016 κατάγει
1620 1964 1698 2008 τοὺς
1721 1966 1780 2002 ὑπ’
1803 1965 1912 2010 αὐτῆς
1937 1963 2184 2016 αἰχμαλώτους
2202 1963 2396 2016 γεγενημέ-

1368 2042 1457 2071 νους.
1477 2027 1546 2066 Καὶ
1563 2025 1747 2079 ἐφύτευσε,
1768 2026 1885 2078 φησὶν,
1903 2026 2097 2076 ἀμπελῶνα
2110 2056 2120 2073 ,
2147 2025 2208 2063 καὶ
2236 2025 2330 2064 ἔπιεν
2355 2028 2394 2065 ἐκ

1367 2093 1427 2126 τοῦ
1453 2088 1544 2126 οἴνου
1557 2118 1566 2135 ,
1585 2087 1645 2124 καὶ
1664 2086 1836 2137 ἐμεθύσθη
1849 2115 1858 2132 ,
1878 2086 1938 2124 καὶ
1966 2086 2150 2137 ἐγυμνώθη
2170 2087 2206 2123 ἐν
2223 2088 2272 2139 τῷ
2309 2086 2394 2140 οἴκῳ

1368 2151 1484 2187 αὐτοῦ.
1504 2149 1601 2201 εὈροι
1631 2148 1732 2186 αὐτὸν
1765 2150 1827 2186 οὐκ
1857 2147 1922 2191 ἔξω
1954 2163 2020 2185 που
2054 2153 2154 2186 τοῦτο
2185 2147 2371 2200 πάσχοντα
2385 2178 2395 2195 ,

1370 2212 1459 2249 ἀλλὰ
1477 2212 1511 2248 ἐν
1530 2213 1580 2262 τῷ
1595 2209 1678 2260 οἴκῳ
1694 2211 1808 2247 αὐτοῦ.
1836 2208 1905 2246 Διὰ
1931 2207 2000 2261 γὰρ
2025 2213 2126 2246 τοῦτο
2144 2209 2394 2258 ἐπεσημήνατο

1367 2276 1388 2319 ἡ
1410 2271 1485 2310 θεία
1504 2270 1628 2324 Γραφὴ
1643 2271 1695 2308 ὅτι
1710 2270 1771 2307 Ἐν
1790 2271 1839 2320 τῷ
1857 2268 1942 2321 οἴκῳ
1958 2271 2080 2317 αὐτοῦ,
2096 2268 2153 2306 ἵνα
2168 2270 2208 2307 ἐκ
2227 2271 2294 2306 τῶν
2310 2271 2393 2308 ε’πα-

1367 2332 1522 2385 γομένων
1539 2332 1602 2379 τὴν
1623 2332 1781 2370 ἐπίτασιν
1801 2330 1878 2382 ἴδῃς
1896 2334 1957 2377 τῆς
1976 2329 2145 2382 πονηρίας
2161 2333 2220 2368 τοῦ
2245 2330 2307 2378 τὴν
2325 2330 2391 2382 γύ-

1369 2410 1499 2445 μνωσιν
1516 2391 1836 2443 ἐκπομπεύσαντος.
1853 2390 1924 2429 Καὶ
1944 2385 2012 2428 εἶδε
2025 2421 2034 2439 ,
2053 2390 2137 2443 φησὶ
2151 2420 2161 2438 ,
2181 2390 2268 2442 Χὰμ
2287 2393 2305 2429 ὁ
2324 2408 2394 2430 πα·-

1366 2453 1433 2507 τὴρ
1462 2453 1608 2492 Χαναὰν
1637 2452 1701 2498 τὴν
1736 2451 1914 2502 γύμνωσιν
1947 2455 2007 2490 τοῦ
2029 2451 2160 2504 πατρὸς
2182 2454 2308 2500 αὐτῶν,
2329 2453 2391 2491 καὶ

1365 2515 1440 2559 ἐξελ
1443 2515 1510 2554 θὼν
1539 2515 1628 2565 ἀνηγ
1629 2515 1722 2566 γειλε
1755 2519 1826 2556 τοῖς
1857 2513 1950 2551 δυσιν
1982 2514 2140 2564 ἀδελφοῖς
2172 2516 2276 2552 αὐτοῦ
2312 2513 2389 2558 ἔξω.

1365 2576 1470 2628 Τάχα
1494 2577 1522 2614 εἰ
1543 2575 1602 2613 καί
1621 2590 1691 2612 τινε
1697 2590 1711 2618 ς
1730 2574 1842 2625 ἕτεροι
1860 2578 1962 2622 ἦσαν,
1983 2573 2156 2617 κάκείνοις
2178 2574 2217 2611 ἂν
2238 2573 2390 2624 ἐμήνυσε

1363 2637 1426 2684 την
1446 2641 1505 2675 τοῦ
1521 2652 1651 2688 πατρος
1668 2634 1941 2687 ἀσχημοσύνην·
1957 2633 2108 2680 τοσαύτη
2131 2637 2172 2680 ἠν
2188 2649 2246 2672 του
2267 2635 2389 2678 παιδὸς

1362 2702 1383 2745 ἡ
1406 2698 1594 2750 μοχθηρία.
1629 2696 1696 2734 Διὰ
1724 2696 1792 2748 γὰρ
1812 2711 1934 2744 τουτο,
1961 2695 2018 2732 ι’να
2052 2694 2205 2747 μάθῃς“
2185 2711 2237 2733 οτι
2258 2695 2388 2734 ἄνωθεν

1363 2776 1421 2798 και
1438 2759 1473 2803 ἐξ
1493 2762 1605 2811 ἀργῆς
1622 2758 1900 2811 ..mapa-voe
1883 2773 1924 2803 ην
1944 2756 2006 2803 τὴν
2022 2757 2178 2808 γνώμην,
2191 2759 2255 2809 οὐχ
2269 2757 2389 2801 ἁπλῶς

1363 2825 1456 2859 εἶπεν
1475 2823 1496 2866 ἡ
1518 2822 1545 2858 l
1550 2818 1639 2872 ραφὴ
1658 2848 1667 2864 ,
1687 2818 1742 2857 ὅτι
1766 2812 1835 2855 εἶδε
1856 2818 1941 2868 Χὰμ
1957 2817 2020 2864 τὴν
2047 2816 2225 2868 γύμνωσιν
2240 2833 2300 2856 του
2317 2833 2388 2856 πα-

1362 2883 1440 2933 τρὸς
1458 2883 1581 2928 αὐτοῦ,
1602 2879 1691 2918 ἀλλὰ
1710 2878 1765 2926 τί,
1786 2879 1856 2917 Καὶ
1870 2872 1937 2917 εἶδε
1953 2877 2039 2929 Χὰμ
2055 2881 2072 2916 ὁ
2092 2877 2210 2931 πατὴρ
2227 2878 2385 2917 Χαναάν.

1361 2943 1408 2982 Τ
1398 2959 1464 2987 ινος
1479 2943 1604 2989 ἕνεκεν,
1620 2941 1695 2979 εἶπέ
1716 2957 1796 2992 μοι,
1812 2957 1901 2979 καιΕ
1888 2943 2035 2978 ἐνταῦθα
2049 2944 2108 2978 τοῦ
2128 2943 2202 2978 υἱου
2215 2939 2308 2992 λέγει
2323 2939 2387 2986 τὴν

1361 3020 1473 3058 προση
1477 3003 1620 3056 κορίαν·
1613 3032 1622 3049 ,
1640 3002 1720 3040 Ἵνα
1735 3002 1876 3053 μάθῃς
1864 3001 1916 3039 ότι
1937 3001 2092 3053 ἀκρατης
2106 3017 2157 3043 τις
2172 3004 2213 3047 ἠν
2233 3016 2292 3038 και
2307 3000 2387 3046 ἀκό-

1360 3066 1505 3110 λαστος,
1520 3080 1579 3102 και
1593 3063 1662 3101 ἀπο
1675 3066 1737 3109 της
1750 3063 1857 3108 αυτῆς
1876 3061 2037 3135 γνώμης,
2053 3063 2110 3112 ἀφ’
2127 3063 2200 3106 ἡς
2185 3077 2219 3098 εν
2234 3061 2384 3112 τοσαύτῃ

1360 3123 1574 3163 καταστάσει
1592 3124 1810 3162 παιδοποιεῖν
1825 3139 1885 3168 ηνε
1879 3122 2005 3174 '07er
2029 3121 2099 3159 ἀπὸ
2119 3124 2181 3167 τ’ἧς
2202 3123 2307 3168 αὐτῆς
2326 3122 2385 3160 καὶ

1359 3190 1416 3224 νῦν
1434 3189 1479 3229 εἷς
1498 3186 1555 3223 τὸν
1577 3184 1809 3237 γεγεννηκότα
1823 3183 1990 3236 ἓξύῧρισε.
2009 3182 2078 3221 Καὶ
2097 3182 2255 3231 ἐξελθὼν,
2268 3183 2384 3235 φησὶν,

1362 3247 1543 3297 ἀνήγγειλε
1558 3252 1627 3289 τοῖς
1644 3247 1739 3284 δυσὶν
1751 3246 1909 3296 ἀδελφοῖς
1929 3245 2032 3282 αὐτοῦ
2046 3243 2122 3287 ἔξω.
2139 3243 2235 3295 Ὅρα
2257 3259 2316 3294 μοι
2333 3246 2384 3282 ἐν·

1359 3311 1481 3355 mmm,
1499 3307 1658 3359 ἀγαπητὲ
1673 3335 1681 3352 ,
1697 3310 1770 3350 πῶς
1778 3308 1840 3344 οὐκ
1853 3307 1887 3343 ἐν
1896 3307 1938 3356 τῇ
1951 3304 2050 3356 φύσει
2064 3303 2108 3342 τὰ
2118 3305 2179 3349 τ’ἧς
2194 3303 2318 3346 κακίας
2329 3304 2384 3355 ἔγ-

1358 3385 1486 3417 κειται,
1502 3370 1577 3407 ἀλλ’
1595 3370 1628 3406 ἐν
1643 3371 1683 3418 τῆ
1700 3367 1822 3418 γνώμη
1834 3366 1890 3405 καὶ
1904 3368 1936 3404 ἐν
1945 3368 1986 3417 τῇ
1999 3363 2302 3416 προαιρέσειἸδοὺ
2314 3364 2380 3415 γὰρ
