2483 3791
713 201 756 231 IN
794 200 896 231 CAP.
933 198 974 229 111
987 218 994 227 .

1035 197 1198 227 GENES.

2070 180 2147 227 161

1238 196 1393 226 ltOMtL.
1435 196 1543 226 XVH.

103 286 287 338 δυνάμενοι
323 288 438 325 λαθεῖν
455 286 512 324 τὸν
531 287 655 324 οἰκεῖον
676 286 869 333 δεσπότην,
896 277 963 322 ὧδε
993 284 1135 320 κάκεῖσε
1159 285 1183 316 E
1205 294 1346 320 currere
1375 281 1501 328 solent,
1539 290 1634 319 metu
1666 281 1810 318 illorum
1839 282 1999 319 animum
2031 296 2158 321 concu-

101 347 183 400 περὶ
204 346 265 389 τὰς
295 345 422 398 γωνίας
456 349 516 384 τοῦ
540 345 634 384 οἴκου
656 344 876 398 περιτρέχειν
897 346 1133 396 ἐπιχειροῦσι,

99 411 162 446 τοῦ
181 407 287 459 φόὸου
306 406 547 450 κατασείοντος
565 407 679 444 αὐτῶν
701 405 764 452 τὴν
794 405 949 444 διάνοιαν
963 420 970 427 ·
991 405 1048 442 τὸν
1072 404 1132 442 αὖ·

99 469 160 507 ’τὸν
173 467 216 515 δὴ
233 468 362 522 τρόπον
382 467 442 506 καὶ
461 462 554 506 οὗτοι
578 468 741 519 οὐδεμίαν
758 467 973 520 εὑρίσκοντες
994 469 1132 518 ἀποφυ-

101 528 182 580 γὴν,
200 531 234 567 ἐν
251 532 346 582 αὐτῷ
375 531 425 582 τῷ
449 529 533 582 οἴκῳ
560 528 576 549 ”’
588 529 898 583 περιστρέφονται,
917 529 1010 566 τοῦτ’
1028 527 1134 574 ἔστιν,

102 593 137 629 ἐν
158 593 208 644 τῷ
228 590 443 644 παραδείσῳ.
464 593 544 643 Οὐχ
560 591 680 633 ἁπλῶς
695 590 731 629 δὲ
742 590 948 643 πρόσκειται
965 592 982 627 ὁ
998 587 1135 639 καιρός·

102 650 281 691 Ἤκουσαν
307 651 396 704 γὰρ,
426 652 531 704 φησὶ,
549 654 612 698 τ’ἤς
643 653 760 703 φωνῆς
794 649 924 702 Κυρίου
951 653 1011 687 τοῦ
1045 650 1138 688 Θεσῧ

1205 342 1337 380 tiente:
1354 342 1401 380 ita
1413 351 1447 381 et
1461 342 1498 380 hi
1519 341 1659 380 nullum
1692 342 1908 380 invenientes
1924 343 2110 393 effugium,
2125 345 2158 382 iu

1207 403 1280 455 ipsa
1311 403 1432 452 domo,
1456 403 1637 456 paradiso,
1669 404 1829 455 inquam,
1856 404 2158 456 circumaguntur.

1211 470 1282 507 Noc
1297 468 1430 520 absque
1450 469 1584 507 ratione
1605 479 1743 522 tempus
1762 468 1962 518 assignatur
1984 485 1990 505 :
2012 470 2158 507 Audie-

1210 539 1298 568 runt
1316 531 1425 581 cuim,
1448 531 1578 582 inquit,
1604 545 1739 569 vocem
1755 532 1917 569 Domini
1934 532 2010 568 Dei
2026 533 2163 569 deam—

1213 593 1384 630 bulantis
1397 596 1438 629 in
1454 593 1641 644 paradiso
1655 595 1696 630 in
1716 593 1874 630 meridie
1888 608 1898 628 .·
1916 591 1978 630 sed
1994 600 2033 630 ut
2048 592 2165 631 discas

1211 653 1358 691 Domini
1373 653 1742 704 benignitate1u,quo‹l
1763 667 1805 691 nc
1825 653 2005 692 modicum
2019 653 2165 705 quidem

105 717 378 766 πΞριπατΟῧνῖΟς
397 714 432 750 ἓν
451 715 500 765 τῷ
517 711 719 765 παραδείσῳ
741 711 781 749 τὸ
800 710 962 748 δειλινόν·
985 710 1061 747 ἀλλ’
1079 708 1137 747 ἵνα
1151 736 1202 760 135
1212 715 1406 761 distulerit,
1430 714 1489 752 sed
1505 729 1602 763 mox,
1620 724 1659 752 ut
1682 715 1776 753 vidit
1791 715 1886 765 quod
1906 717 2038 753 sactum
2074 726 2163 766 erat,

106 775 221 823 μάθῃς
233 778 293 812 ro&
322 773 501 812 Δεσπότθυ
519 773 584 819 τὴν
598 771 881 824 φιλανθρωπίαν,
910 770 965 810 ὅτι
993 770 1069 809 Οὐδὲ
1099 770 1139 808 τὸ
1164 774 1187 802 Α
1212 785 1245 814 et
1266 776 1394 814 ulceris
1418 775 1725 827 magnitudinem,
1743 776 1787 813 ad
1803 777 2052 828 opitulandum
2070 779 2167 816 sesti-

177 835 185 846 κ
251 836 260 849 ‚
340 834 348 847 t
489 836 499 846 a
549 835 556 846 ι
598 836 608 848 a
645 833 654 846 t
738 825 778 846 '⁴¹³
844 833 852 845 κ
995 831 1004 845 x
1018 847 1030 854 ⁶

105 850 211 886 τυχον
241 834 449 882 ανεὸαλετο,
480 835 548 872 αλλ
577 837 702 877 ευθειος
727 837 795 871 εῖοε
821 848 860 871 το
890 847 1049 885 γεγονος,
1079 830 1139 869 καὶ

103 899 166 935 ’τοῦ
195 895 317 939 ἕλκους
336 896 375 934 τὸ
397 895 558 946 μέγεθος,
578 894 638 933 καὶ
663 894 721 932 ἐπὶ
740 893 804 940 τὴν
832 893 985 946 ἰατρείαν
1013 893 1140 931 ἔσπευ-

107 973 178 1005 σεν,
201 956 257 995 ἵνα
284 957 332 1007 μὴ
353 956 464 1007 νομὴν
485 956 722 1009 ἐργασάμενον
751 956 791 994 τὸ
822 954 922 999 ἕλκος
942 954 1082 993 ἀνίατον
1102 954 1141 992 τὸ

107 1022 246 1070 τραῦμα
268 1018 515 1070 κατασκευάσῃ
529 1034 537 1041 ·
558 1017 640 1056 “Sta
662 1021 764 1056 τοῦτο
783 1015 1140 1070 προκαταλαμὸάνειν

107 1080 302 1133 ἐπείγεται,
329 1080 388 1118 καὶ
417 1080 541 1124 εὐθέως
569 1079 656 1132 πρὸς
690 1079 755 1126 τὴν
785 1078 893 1129 νομὴν
928 1082 988 1117 τοῦ
1023 1077 1143 1120 ἕλκους

108 1141 267 1189 ἵσταται,
288 1141 347 1180 καὶ
374 1140 453 1180 οὐδὲ
479 1141 566 1192 πρὸς
591 1140 706 1193 βραχὺ
726 1140 912 1179 κατέλιπεν
929 1139 1143 1192 ’ἀπρονόητον

107 1203 173 1249 τὴν
187 1202 318 1240 οἷκείαν
336 1201 538 1251 ἀγαθότητα
556 1201 782 1253 μιμούμενος.
803 1202 873 1240 Καὶ
886 1201 954 1255 γὰρ
971 1199 1146 1247 τοσαύτην

111 1263 318 1307 ἀπεδείξατο
355 1263 418 1310 τὴν
448 1262 575 1314 μανίαν
601 1267 618 1302 ὃ
648 1262 769 1315 ἐχθρὸς
795 1266 858 1310 τῑῆς
882 1261 1060 1314 σωτηρίας
1085 1263 1148 1308 τῆς

110 1323 304 1376 ἡμετέρας,
329 1327 346 1363 ὁ
366 1323 420 1362 ἀεὶ
444 1323 646 1375 βασκαίνων
675 1330 746 1368 τοῖς
770 1323 953 1377 ἡμετέροις
985 1325 1148 1374 ἀγαθοῖς,

111 1388 158 1428 ὡς
182 1384 216 1429 ἐξ
247 1387 360 1423 αὐτῶν
390 1388 458 1423 τῶν
485 1385 677 1438 προοιμίων
705 1384 769 1432 τὴν
792 1384 979 1432 ἐπιδουλὴν
995 1383 1149 1436 ἐργάσα-

112 1451 214 1495 σθαι,
234 1447 293 1485 καὶ
313 1447 370 1486 διὰ
388 1449 453 1493 τῆς
473 1448 491 1466 *
505 1446 659 1499 ὀλεθρίου
686 1447 891 1498 συμίουλῆς
913 1450 975 1494 τῆς
1009 1450 1147 1497 θαυμα-

111 1512 197 1555 στῆς
229 1508 362 1554 ἐκείνης
393 1509 568 1560 διαγωγῆς
603 1508 727 1552 αὐτοὺς
748 1510 1000 1562 ἀποστερῆσαι.
1021 1507 1112 1546 Ἀλλ’
1131 1511 1150 1546 ὁ

112 1572 312 1624 εὐμήχανος
329 1571 436 1619 Θεὸς,
455 1574 473 1609 ὁ
503 1570 595 1608 κατὰ
624 1570 688 1618 τὴν
716 1573 822 1610 αὐτοῦ
850 1570 973 1623 σοφίαν
997 1569 1042 1608 τὰ
1060 1569 1149 1621 ἦμέ-

112 1649 195 1685 τερει
215 1635 422 1684 οἰκονομῶν,
444 1636 532 1685 ὁρῶν
550 1632 612 1684 μὲν
629 1632 688 1671 καὶ
709 1637 768 1672 τοῦ
792 1633 953 1672 διαίῖόλου
970 1632 1032 1680 τὴν
1050 1647 1148 1683 γεγε-

111 1693 265 1743 νημένην
289 1693 516 1746 κακουργίαν,
536 1695 671 1733 καὶτοῦ
688 1693 873 1747 ἀνθρώπου
901 1694 937 1732 δὲ
958 1693 1022 1741 τὴν
1040 1697 1149 1747 ῥαθυ-

120 1756 217 1806 μίαν,
235 1756 279 1793 δι’
300 1750 343 1801 ἧς
370 1757 418 1799 εἷς
440 1755 612 1802 τοσαύτην
640 1755 944 1808 αἰσχύνην-ἑαυτὸν
962 1754 1149 1808 περιέὸαλε

112 1815 368 1863 συναπατηθεὶς
383 1820 425 1869 τῇ
434 1817 573 1867 γυναικὶ
585 1847 594 1865 ,
613 1817 816 1869 ἐφίσταται,
831 1815 890 1854 καὶ
909 1815 1069 1869 καθάπερ
1095 1817 1151 1854 δι-

114 1895 159 1916 κα
192 1906 201 1916 .
222 1895 247 1925 ,ς
270 1878 399 1930 ἥμερος
428 1879 487 1915 καὶ
505 1878 750 1930 φιλάνθρωπος
774 1877 908 1921 καθίζει
928 1876 1150 1930 δικαστήριον

116 1940 225 1991 (pogen
240 1939 300 1977 καὶ
316 1939 440 1992 φρίκης
459 1939 584 1990 γέμον,
604 1939 664 1977 καὶ
683 1938 746 1986 τὴν
767 1937 922 1982 ἐξέτασιν
940 1937 1030 1988 μετὰ
1050 1941 1150 1991 ἀκρι-

118 2000 214 2045 Εείας
239 2006 408 2039 ποιεῖται·
432 2003 525 2051 ἡμᾶς
556 1999 612 2038 διὰ
634 2000 756 2038 τούτου
779 1999 965 2048 παιδεύων,
993 1999 1042 2051 μὴ
1059 2000 1151 2051 πρό-

115 2077 211 2115 τερον
237 2061 314 2106 τοὺς
341 2065 517 2114 ὁμογενεῖς
549 2061 813 2111 καταδικάζειν,
837 2061 919 2114 πρὶν
949 2061 991 2099 ἂν
1019 2062 1147 2113 ἀκριΕ-ῗ,

120 2122 184 2168 τὴν
201 2122 355 2165 ἐξέτασιν
371 2121 616 2173 ποιησώμεθα.

169 2183 385 2233 Ἀκούσωμεν
417 2182 542 2231 τοίνυν,
571 2185 602 2220 εἷ
632 2183 746 2230 δοκεῖ,
768 2183 846 2222 τίνα
864 2182 927 2234 μὲν
949 2184 966 2220 ὁ
984 2183 1151 2231 δικαστὴς

113 2246 290 2295 ἐπεριιπᾷ,
320 2243 398 2281 τίνα
427 2243 463 2282 δὲ
489 2241 552 2282 boi
583 2244 766 2283 κατάδικοι
801 2243 1068 2296 ἀποκρίνονται,
1090 2244 1150 2282 καὶ

114 2305 215 2348 ποίας
243 2304 414 2358 τιμωρίας
443 2305 623 2358 δέχονται,
642 2305 702 2344 καὶ
729 2305 814 2358 ποίᾳ
844 2305 1018 2359 καταδίκῃ
1045 2305 1151 2345 ὑπεύ-

115 2371 210 2412 θυνος
229 2366 362 2419 γίνεται
379 2370 397 2406 ὁ
413 2366 476 2414 τὴν
492 2367 663 2414 τοσαύτην
680 2367 868 2415 ε’πιῧουλὴν
887 2369 935 2412 εἷς
952 2367 1075 2412 αὐτοὺς
1093 2371 1149 2421 ἐρ-

116 2427 324 2480 γασάμενος.
360 2427 464 2466 Ἀλλὰ
492 2428 690 2467 συντείνατέ
726 2444 809 2479 μοι,
842 2431 1061 2481 παρακαλῶ,
1084 2428 1148 2476 τὴν
1173 2442 1197 2473 c

120 2489 292 2536 διάνοιαν,
314 2488 373 2526 καὶ
394 2488 483 2540 μετὰ
501 2491 629 2528 πολλοῦ
647 2493 707 2529 τοῦ
732 2490 839 2542 φόέου
860 2496 931 2534 τοῖς
949 2490 1150 2543 λεγομένοις

120 2549 322 2602 προσέχετε.
359 2551 402 2588 Εἰ
428 2550 496 2603 γὰρ
529 2551 698 2599 δικαστὴν
730 2555 876 2604 ὁρῶντες
909 2551 1060 2603 ἐπίγειον
1092 2553 1145 2604 ἐφ’

119 2613 251 2663 ὑψηλοῦ
274 2611 430 2662 βήματος
463 2611 657 2663 καθήμενον
669 2642 678 2659 ,
701 2613 761 2652 καὶ
779 2612 856 2656 τοὺς
875 2612 1082 2656 καταδίκους
1100 2615 1148 2657 εἰς

119 2671 224 2723 μέσον
254 2672 401 2723 ἄγοντα,
421 2673 481 2711 καὶ
499 2673 750 2718 καταξαίνοντα
763 2703 773 2720 ,
794 2674 853 2712 καὶ
873 2665 1147 2725 τιμωρούμενον,

120 2731 210 2783 μετὰ
240 2734 368 2772 πολλοῦ
396 2737 456 2772 τοῦ
488 2733 582 2778 δέους
610 2735 883 2788 παρεστήκαμεν
900 2736 1047 2773 ἀκοῦσαι
1065 2737 1148 2787 βου-

117 2794 276 2845 λόμενοι,
298 2794 332 2832 τί
357 2794 419 2846 μὲν
447 2798 464 2834 ὁ
493 2795 659 2844 δικαστὴς
687 2796 801 2849 λέγει,
821 2796 855 2835 τί
875 2796 910 2836 δὲ
926 2800 944 2835 ὁ
963 2796 1149 2841 ὑπεύθυνος

119 2856 361 2908 ἀποκρίνεται·
376 2858 496 2909 πολλῷ
517 2859 648 2908 μᾶλλον
663 2862 721 2897 νῦν
740 2862 842 2897 τοῦτο
856 2864 968 2897 ποιεῖν
986 2862 1081 2910 ἡμᾶς
1101 2858 1149 2897 δί-

119 2931 215 2955 καιον
234 2918 406 2970 ,ὁρῶντας
421 2917 479 2955 τὸν
498 2918 706 2972 δημιουργὸν
725 2923 788 2966 τῆς
811 2918 945 2972 φύσεως
967 2919 1064 2967 δίκην
1082 2922 1150 2959 εἶσ-

118 2977 356 3029 πραττόμενον
389 2981 458 3016 τῶν
487 2979 546 3017 ὑπ’
568 2981 670 3019 αὐτοῦ
701 2980 1039 3033 δημιουργηθέντων.
1056 2980 1147 3019 Ἀλλ’

118 3038 177 3077 ἐὰν
198 3038 397 3091 προσέχητε
420 3038 511 3089 μετὰ
539 3039 721 3092 ἀκριὸείας
734 3070 744 3088 ,
762 3040 889 3093 ὄψεσθε
908 3041 1015 3080 πόσον
1030 3042 1070 3080 τὸ
1091 3041 1152 3092 με’·

120 3111 177 3137 σον
197 3103 259 3146 τῆς
274 3103 334 3137 τοῦ
354 3100 446 3138 Θεοῦ
466 3101 742 3152 φιλανθρωπίας,
764 3102 826 3140 καὶ
844 3105 906 3148 τῆς
925 3104 993 3139 τῶν
1011 3102 1147 3154 ἀνθρώ-

119 3176 193 3198 πων
222 3161 303 3213 περὶ
325 3160 402 3205 τοὺς
422 3164 598 3212 ὁμογενεῖς
617 3163 888 3215 αὐστηρότητος.
914 3163 983 3201 Καὶ
1005 3163 1148 3202 ἐκάλεσε

163 3266 180 3290 Ι»
197 3265 332 3308 Aliquot
348 3266 423 3299 Mss.
434 3273 689 3314 nzpcerpdpovr55,
701 3273 776 3311 λέγω
792 3271 822 3302 δὲ
836 3273 866 3302 ἐν
882 3277 933 3312 τῷ.
945 3267 1037 3301 Infra
1051 3269 1126 3301 Mss.

120 3326 151 3350 et
170 3316 272 3351 savit.
287 3323 321 3352 τὸ
337 3321 467 3353 δειλινὸν·
485 3323 554 3352 ἀλλ’
570 3325 614 3353 ἵνα
631 3326 743 3364 μάθῃς.
754 3322 793 3352 In
810 3319 925 3354 Morel.
941 3324 1010 3354 ἀλλ’
1024 3321 1127 3354 deest.

166 3379 176 3393 ι
196 3370 348 3412 Quinque
366 3370 439 3403 Mss.
459 3378 491 3401 et
508 3370 611 3404 savit.
629 3375 676 3405 διὸ.
697 3379 787 3406 τοῦτο
803 3377 897 3406 τοίνυν
914 3387 1001 3418 upon.

367 3427 448 3451 ἸὈΜ
458 3445 462 3451 .
499 3429 538 3451 'V
548 3445 554 3451 .

1214 834 1368 885 navcrit,
1391 842 1490 872 utne
1510 834 1612 871 ulcus
1637 834 1830 886 grassando
1853 834 1953 872 fieret
1969 835 2168 876 incurabile

1213 897 1349 935 vulnus
1372 912 1379 932 ε
1403 895 1537 933 idcireo
1549 905 1588 933 ut
1608 894 1803 948 praeveniat
1813 895 1998 944 accelerat,
2015 906 2049 934 et
2074 898 2169 936 velo-

1216 958 1303 997 citer
1322 957 1489 997 crescenti
1510 957 1622 994 ulceri
1647 956 1758 1006 adest,
1775 970 1815 994 ac
1834 971 1900 1009 pro
1925 971 1988 995 sua
2013 957 2171 997 bonitate

1215 1034 1330 1071 neque
1345 1018 1390 1058 ad
1412 1032 1567 1072 parvum
1591 1027 1732 1070 tempus
1755 1032 1776 1055 a
1792 1032 1876 1056 cura
1896 1033 1957 1056 sua
1989 1019 2092 1057 illum
2112 1019 2171 1058 de—

1218 1083 1383 1121 stitutum
1403 1080 1584 1133 relinquit.
1601 1081 1693 1119 Nam
1720 1089 1856 1118 tantam
1881 1094 1954 1133 prae
1974 1095 2009 1118 se
2038 1081 2173 1119 serebat

1219 1142 1356 1181 rabiem
1369 1141 1495 1180 salutis
1513 1149 1640 1179 nostrae
1660 1140 1912 1191 inimicus,qui
1939 1154 2076 1194 semper
2102 1155 2170 1180 no-

1220 1204 1302 1243 stris
1320 1203 1422 1242 bonis
1434 1201 1584 1251 invidet,
1599 1211 1638 1240 ut
1649 1215 1734 1240 mox
1750 1201 1818 1239 sub
1833 1201 1975 1240 initium
1990 1202 2175 1240 moliretur

1221 1265 1381 1313 insidias,
1396 1274 1431 1303 et
1445 1278 1509 1303 suo
1522 1263 1719 1317 pernicioso
1737 1263 1884 1302 consilio
1907 1264 2002 1316 ipsos
2018 1263 2174 1303 admira-

1221 1325 1289 1365 bili
1310 1325 1373 1363 illa
1403 1325 1479 1364 vita
1517 1323 1685 1378 privaret.
1723 1322 1795 1362 Sed
1817 1322 1927 1362 solers
1953 1323 2013 1362 ille
2045 1324 2176 1362 artifex

1223 1390 1338 1438 Deus,
1355 1388 1417 1439 qui
1441 1401 1505 1425 sua
1523 1385 1695 1438 sapientia
1728 1399 1783 1423 res
1811 1394 1948 1423 nostras
1976 1384 2173 1438 dispensat,

1223 1448 1351 1488 videns
1369 1446 1507 1486 diaboli
1526 1445 1804 1497 malignitatem,
1821 1454 1854 1483 et
1870 1445 2027 1484 hominis
2057 1446 2179 1497 segni-

1221 1510 1322 1558 tiem,
1335 1524 1408 1562 qua
1426 1523 1487 1562 per
1501 1507 1688 1546 mulierem
1702 1507 1884 1560 deceptuS‚
1904 1506 1940 1545 in
1961 1515 2096 1545 tantam
2122 1507 2177 1545 in-

1222 1571 1309 1610 cidit
1330 1570 1587 1618 confusionem,
1604 1583 1689 1607 mox
1709 1567 1823 1618 adest,
1841 1577 1876 1606 et
1894 1568 1996 1620 quasi
2014 1582 2177 1607 mansue-

1221 1643 1282 1672 tus
1297 1643 1331 1671 et
1354 1631 1531 1684 benignus
1562 1630 1679 1683 judex
1706 1630 1742 1668 in
1775 1629 1947 1668 tribunali
1974 1638 2108 1667 terrore
2145 1639 2179 1668 et

1223 1695 1370 1732 horrore
1388 1694 1492 1746 pleno
1512 1692 1625 1741 sedet,
1638 1701 1672 1730 et
1686 1691 1867 1730 examinat
1885 1691 2095 1743 diligenter:
2115 1705 2178 1743 per

1223 1756 1291 1793 hoc
1310 1769 1373 1793 nos
1397 1753 1568 1802 docendo,
1587 1767 1630 1791 ne
1651 1766 1862 1805 congeneres
1886 1761 2023 1790 nostros
2050 1751 2176 1790 conde-

1225 1829 1399 1863 mnemus,
1417 1812 1485 1851 nisi
1498 1826 1607 1850 causa
1630 1820 1732 1850 antea
1747 1810 1938 1862 diligenter
1957 1809 2109 1862 cognita.

1275 2175 1314 2212 5.
1341 2173 1538 2212 Audiamus
1550 2172 1677 2225 igitur,
1699 2172 1726 2211 si
1747 2172 1874 2225 placet,
1895 2172 2099 2225 quaejudex
2121 2173 2174 2211 in-

1222 2244 1387 2287 terroget,
1406 2249 1485 2286 quae
1508 2234 1558 2272 rei
1574 2232 1820 2286 respondeant,
1853 2247 1940 2284 quas
1959 2247 2081 2285 poenas
2117 2234 2173 2271 fe—

1221 2307 1316 2347 rant,
1337 2307 1371 2336 et
1393 2296 1450 2335 cui
1474 2295 1759 2335 condemnationi
1794 2295 1972 2333 obnoxius
2002 2295 2109 2333 fuerit
2147 2296 2175 2333 is

1221 2360 1283 2412 qui
1305 2360 1342 2397 in
1363 2359 1444 2398 illos
1466 2367 1582 2396 tantas
1603 2356 1752 2395 insidias
1770 2356 1994 2395 machinatus
2007 2367 2072 2395 cst.
2091 2357 2174 2403 Sed,

1220 2422 1382 2471 obsecro,
1415 2420 1576 2458 animum
1604 2417 1787 2466 attendite,
1818 2426 1852 2455 et
1872 2418 1986 2456 multo
2021 2432 2101 2456 cum
2130 2419 2174 2456 ti-

1221 2497 1319 2522 more
1340 2482 1435 2520 dicta
1456 2479 1664 2518 auscultate.
1690 2478 1730 2518 Si
1762 2478 1870 2527 enim,
1906 2493 1988 2516 cum
2009 2479 2174 2518 videmus

1219 2554 1399 2583 terrenum
1428 2541 1587 2595 judicem
1607 2540 1643 2577 in
1666 2535 1813 2577 sublimi
1852 2538 2024 2577 tribunali
2049 2539 2173 2579 seden-

1220 2616 1305 2654 tem,
1322 2619 1399 2644 reos
1413 2603 1449 2641 in
1470 2601 1629 2640 medium
1648 2600 1918 2653 producentem,
1935 2608 1969 2637 et
1986 2601 2173 2652 suppliciis

1219 2669 1454 2716 afficientem,
1477 2678 1545 2703 non
1564 2663 1639 2702 sine
1663 2662 1791 2700 timore
1824 2660 2021 2708 adstamus,
2047 2661 2173 2701 audire

1218 2731 1375 2771 volentes
1407 2726 1579 2779 quidnam
1603 2722 1718 2777 judex
1736 2721 1844 2769 dicat,
1866 2730 1900 2759 et
1917 2720 2007 2772 quid
2026 2736 2173 2775 respon-

1219 2793 1415 2832 deatreus:
1433 2789 1547 2828 multo
1566 2785 1681 2837 magis
1711 2797 1806 2822 nunc
1827 2782 1896 2820 hoc
1915 2782 2019 2821 nobis
2040 2783 2170 2823 sacien-

1219 2854 1323 2902 dum,
1354 2864 1436 2890 eum
1461 2847 1625 2888 videmus
1658 2842 1837 2895 opificem
1871 2848 2006 2878 naturae
2028 2855 2170 2894 poenam

1220 2916 1294 2955 suis
1315 2911 1486 2953 creaturis
1505 2910 1690 2947 intentare.
1706 2905 1843 2944 Verum
1863 2901 1892 2940 si
1914 2901 2104 2954 diligenter
2117 2915 2171 2943 at-

1219 2976 1388 3026 tendatis,
1409 2971 1579 3013 videbitis
1591 2977 1764 3021 quantum
1779 2969 1917 3008 intersit
1927 2969 2018 3008 inter
2032 2968 2171 3008 miseri-

1220 3037 1378 3077 cordiam
1398 3034 1478 3083 Dei,
1495 3042 1528 3071 et
1542 3031 1730 3070 hominum
1752 3029 1835 3083 erg'a
1848 3044 2058 3082 conge-neres
2075 3044 2171 3068 sevc-

1221 3100 1374 3138 ritatem.
1391 3099 1430 3135 9.
1453 3098 1503 3133 Et
1518 3096 1675 3133 vocavit
1689 3094 1880 3132 Dominus
1896 3094 2002 3131 Deus
2018 3092 2167 3135 Adam,

1223 3171 1255 3201 et
1276 3163 1376 3199 dixit
1394 3160 1455 3196 illi
1471 3157 1640 3207 :Adam,
1661 3157 1727 3193 ubi
1746 3159 1811 3194 es?
1824 3155 1891 3194 Vel
1913 3169 1956 3192 ex
1973 3154 2046 3206 ipsa
2066 3153 2170 3191 inter-

1211 3269 1227 3284 *
1244 3265 1391 3307 Quidam
1415 3264 1491 3296 Mss.
1512 3267 1659 3308 ὀλεθρίας.

1210 3321 1225 3343 ¹·
1241 3317 1378 3354 Coisliu.
1398 3322 1422 3350 οἱ
1439 3321 1610 3359 κατάιριτοι

1959 3424 1999 3446 19,
