2516 3791
176 297 279 325 Virtus
294 302 324 324 et

135 341 244 366 vilium
264 349 323 365 non

135 386 254 410 maturat,
274 380 322 406 sod

134 421 221 447 lihesi
247 421 321 448 arhi-

136 463 197 490 hii.

141 904 234 932 Num.
254 902 302 931 23.

151 1585 212 1611 Gen
239 1581 308 1618 (1.9.

151 1703 223 1729 Cen.
240 1699 267 1727 ’5.
281 1706 332 1736 29.

153 2012 264 2039 'Nomen
281 2008 340 2035 Noe

153 2052 300 2090 qinnnmlo

153 2097 302 2129 interpre-

154 2137 286 2163 tandum.

163 2448 270 2473 Ct'neS.
287 2443 317 2472 ἦ.

161 2497 210 2524 29.

161 2632 228 2659 job.
247 2629 274 2657 3.
296 2629 346 2658 23.

174 2938 248 2963 (len.
271 2931 355 2965 529.

336 185 429 230 806

335 285 517 323 virtutem.
553 284 750 322 Enimvero
779 283 808 320 si
844 290 976 318 naturae
1007 286 1117 325 esset,
1144 276 1288 315 omnino

337 346 423 384 mali
438 346 549 384 malos
563 353 736 398 parerent,
749 352 783 381 ct
796 342 880 380 boni
897 341 1007 378 bonos
1025 355 1032 375 :
1048 338 1110 377 sed
1125 338 1209 389 quia
1223 337 1290 375 ele-

338 407 465 446 ctionis
485 416 518 445 et
536 404 728 445 voluntatis
751 412 800 441 cst
825 401 979 454 probum
1001 400 1058 438 vel
1083 399 1290 452 improbum

767 199 803 228 S.

1303 439 1350 463 696

844 197 1030 227 JOANNIS
1059 193 1308 244 ⁴CHRYSOST.
1343 192 1548 223 ARcfflEP.
1587 193 1948 224 CONSTANTINOP-

1362 292 1456 320 τους·
1473 275 1593 324 ἐπειδὴ
1614 275 1649 315 δὲ
1670 275 1905 329 προαιρέσεώς
1920 277 1995 314 ἐστι
2013 275 2052 313 τὸ
2068 275 2194 327 φαῦλον
2216 268 2303 311 εἶναι
2324 275 2383 311 καὶ

1364 338 1563 383 σπουδαῖον,
1579 336 1635 374 διὰ
1644 340 1746 375 τοῦτο
1759 337 1818 375 καὶ
1832 335 1992 387 πατέρων
2007 337 2168 387 πονηρῶν
2181 335 2302 377 παῖδες
2316 333 2384 384 ἐγέ-

1363 412 1459 435 νοντο
1469 397 1635 449 χρηστοὶ,
1649 397 1708 436 καὶ
1719 396 1852 435 παίδων
1869 396 2030 449 ῥᾳθύμων
2045 394 2191 448 πατέρες
2205 395 2385 445 σπουδαῖοι

337 483 428 517 0550,
455 467 586 505 idcirco
610 478 700 516 saepe
726 463 830 501 malis
850 461 1011 515 patribus
1036 459 1226 509 bonifilii,
1256 469 1289 498 et
1316 479 1339 506 A
1363 458 1554 507 πολλάκις,
1582 457 1639 496 ἵνα
1668 457 1716 510 μὴ
1735 462 1778 511 τῇ
1799 458 1922 511 φύσει,
1946 455 2035 495 ἀλλὰ
2049 459 2092 508 τῇ
2114 455 2238 508 γνώμῃ
2254 469 2385 493 παντα-

338 529 477 582 ignavis
504 528 589 566 filiis
608 525 757 563 studiosi
777 533 892 577 patres
908 524 1063 573 fuerunt,
1082 531 1121 561 ut
1143 536 1214 560 non
1228 536 1288 560 na-

337 601 442 640 111100,
476 588 538 627 sed
572 585 748 625 voluntati
786 599 924 637 semper
960 584 1022 622 illa
1059 584 1288 636 imputemus.

338 654 475 691 Verum
498 663 579 686 cum
604 656 764 700 parentes
794 646 961 695 Abrahae,
983 654 1022 683 ut
1040 644 1140 694 dixi,
1160 644 1292 682 fuerint

338 711 452 764 impii,
471 709 652 762 quomodo
666 709 699 747 ei
716 709 785 746 1100
804 722 930 746 nomen
949 707 1186 745 indiderunt?
1211 705 1292 743 Fuit

338 774 406 811 hoe
422 787 510 825 opus
528 771 658 810 divina]
677 769 856 823 sapientiae
884 784 947 822 per
970 768 1191 807 incredulam
1222 768 1291 806 lin-

339 847 447 885 guam
474 832 728 886 dispensantis,
756 840 795 868 ut
818 845 928 883 puero
954 844 1079 867 nomen
1096 829 1292 882 imponere-

339 905 412 945 tur,
449 894 582 931 habens
606 893 642 931 in
674 907 709 931 se
736 893 940 930 futurorum
972 890 1171 929 historiam.
1200 891 1291 927 Nam

339 954 500 994 eamdem
515 955 688 993 virtutem
707 963 740 992 et
762 954 796 991 in
824 953 972 991 Balaam
999 951 1215 999 declaravit,
1235 965 1293 988 co-

341 1031 425 1069 gens
454 1030 534 1054 eum
563 1016 684 1053 futura
714 1013 904 1067 praedicere
921 1029 928 1049 τ
946 1013 1130 1051 declarans
1161 1026 1197 1049 se
1225 1025 1293 1049 non

341 1079 457 1115 solum
477 1077 511 1115 in
532 1077 619 1128 suis,
637 1076 700 1115 sed
718 1085 751 1114 et
776 1076 812 1113 in
835 1074 959 1113 alienis
978 1072 1155 1112 dominari
1175 1086 1290 1126 posse.

343 1141 391 1179 Et
416 1151 456 1179 111
483 1141 621 1190 discas,
638 1149 802 1193 parentes
831 1140 939 1178 etiam
964 1152 1034 1177 non
1063 1137 1169 1176 valde
1199 1138 1292 1189 pios,

343 1203 472 1254 saepius
503 1203 639 1240 nescios
672 1202 852 1254 imponere
884 1201 1028 1239 nomina
1057 1200 1184 1253 justis,
1219 1215 1296 1252 quae

344 1264 494 1301 multam
527 1264 730 1301 futurorum
762 1263 1063 1315 dispensationem
1095 1261 1296 1312 declarent,

343 1325 550 1362 docebimus
568 1325 673 1363 etiam
689 1325 758 1362 alio
778 1323 955 1375 exemplo.
976 1322 1129 1360 Lamech
1150 1324 1211 1374 qui
1229 1322 1298 1361 fuit

344 1395 444 1438 pater
467 1387 554 1436 Noe,
574 1386 672 1424 illius
692 1387 766 1423 Noe'
791 1385 891 1438 cujus
911 1394 1068 1437 tempore
1086 1385 1218 1423 factum
1247 1393 1299 1422 est

344 1446 543 1496 diluvium,
563 1461 632 1484 non
649 1455 722 1484 erat
739 1447 858 1499 justus
866 1476 876 1494 ,
894 1460 963 1484 non
985 1447 1060 1484 Deo
1079 1455 1212 1497 gratus,
1230 1460 1299 1484 non

346 1510 421 1546 Deo
446 1508 640 1560 probatus:
655 1521 736 1545 nam
761 1508 790 1544 si
813 1507 955 1559 justus,
974 1506 1003 1544 si
1023 1508 1098 1544 Deo
1119 1515 1241 1558 gratus
1267 1516 1301 1544 et

344 1577 509 1620 acceptus
524 1568 664 1616 fuisset,
682 1582 750 1605 non
777 1567 940 1617 dixisset,
965 1569 1040 1605 Noe'
1056 1567 1171 1604 solum
1187 1568 1302 1620 perfe-

345 1638 444 1666 etum
463 1629 647 1667 inventum
674 1628 709 1665 in
730 1628 953 1680 generatione
972 1642 1034 1665 sua
1056 1644 1064 1664 :
1083 1642 1195 1678 neque
1212 1643 1305 1680 prae-

346 1690 494 1728 teriisset
515 1690 604 1742 justi
634 1699 794 1742 patrem,
827 1689 855 1727 si
882 1690 1000 1742 justus
1029 1689 1165 1727 fuisset.
1204 1690 1303 1736 Quid

347 1751 459 1803 igitur
476 1751 564 1788 ille?
581 1751 756 1803 Imposuit
775 1764 902 1788 nomen
922 1764 1052 1803 puero,
1067 1749 1164 1802 quod
1183 1751 1304 1803 praeci-

348 1827 458 1866 puam
470 1813 674 1850 futurarum
690 1827 809 1850 rerum
828 1812 975 1850 haberet
993 1812 1196 1863 historiam,
1215 1820 1306 1850 erat-

350 1889 417 1926 que
428 1874 621 1927 appellatio
636 1874 723 1926 justi
744 1874 942 1926 prophetia.
959 1873 1195 1926 significahat
1211 1873 1306 1912 enim

351 1951 479 1975 nomen
514 1937 589 1989 ejus
628 1936 791 1973 futurum
843 1934 1038 1973 diluvium.
1085 1934 1306 1982 Quomodo?

353 1999 489 2036 Nomen
509 1998 584 2050 ejus
601 1996 777 2034 Hebra'i'ca
798 1996 922 2049 lingua
943 1997 1084 2035 vocavit
1099 1997 1194 2046 Noe,
1211 1997 1309 2048 quod

356 2059 625 2111 interpretatum
645 2067 708 2108 est,
728 2057 856 2109 quietis
875 2067 1010 2096 auctor.
1035 2059 1064 2096 N
1071 2058 1103 2096 ia
1125 2058 1220 2096 enim
1239 2060 1305 2112 Sy-

356 2133 478 2157 rorum
498 2133 584 2157 voce
601 2119 700 2169 quies
727 2127 789 2156 est.
813 2119 914 2157 Sicut
933 2118 1044 2170 igitur
1063 2119 1245 2157 Abraham
1263 2120 1310 2157 ab

358 2181 473 2229 Ahar,
492 2180 587 2231 quod
614 2189 665 2217 est
693 2189 790 2217 trans
812 2180 869 2218 vel
897 2180 1009 2229 ultra,
1037 2179 1155 2218 dictus
1183 2189 1251 2229 051,
1277 2190 1311 2219 et

358 2241 474 2278 Adam
505 2240 550 2277 ab
580 2239 719 2289 AEdem,
744 2239 839 2291 quod
866 2249 917 2277 est
943 2249 1052 2290 terra,
1080 2254 1119 2278 00
1144 2241 1241 2291 quod
1265 2241 1313 2280 sit

357 2310 517 2339 terrenus
533 2316 541 2337 ε
558 2301 606 2338 ita
622 2300 680 2338 hic
695 2314 715 2337 a
732 2300 798 2337 Nia
819 2309 965 2339 vocatus
984 2310 1035 2338 est
1050 2302 1141 2349 Noe',
1166 2301 1232 2339 1100
1248 2310 1311 2351 051,

359 2372 482 2400 auctor
511 2362 642 2413 quietis
660 2361 840 2399 :declarat
866 2371 986 2399 autem
1015 2361 1080 2399 hoc
1111 2371 1144 2399 ct
1177 2362 1313 2415 adjecta

359 2424 545 2477 particula.
573 2423 730 2463 Vocavit
755 2423 848 2461 enim
867 2437 948 2461 eum
972 2424 1059 2470 No‘c',
1080 2423 1219 2461 dicens:
1236 2427 1314 2463 llic

363 2500 432 2523 nos
448 2488 642 2538 quiescere
645 2486 790 2538 saciet,
808 2485 960 2536 quietem
977 2483 1158 2522 diluvium
1172 2500 1312 2523 vocans.

361 2548 452 2584 Nam
479 2547 562 2598 quia
581 2547 649 2584 sub
668 2547 729 2584 illo
748 2547 911 2584 futurum
940 2555 1013 2584 crat
1040 2547 1242 2596 diluvium,
1261 2547 1316 2584 di-

362 2608 505 2646 luvium
519 2618 637 2646 autem
656 2622 750 2646 mors
767 2608 852 2658 fuit,
872 2609 981 2646 Illors
999 2623 1084 2647 vero
1104 2611 1211 2662 quies
1228 2611 1315 2647 viro

363 2677 417 2707 est
434 2686 442 2706 :
463 2669 596 2707 idcirco
610 2670 801 2720 hominem,
820 2669 888 2707 sub
903 2684 973 2721 quo
988 2669 1170 2709 diluvium
1184 2671 1316 2709 factum

363 2739 429 2782 est,
451 2731 579 2782 quietis
598 2740 778 2770 auctorem
806 2732 957 2772 vocavit.

421 2858 460 2893 (5.
497 2855 542 2893 Et
583 2856 679 2907 quod
708 2871 777 2895 non
807 2866 991 2909 torqueam
1021 2858 1242 2912 Scripturas,
1276 2875 1321 2898 cx

371 2917 556 2971 Scriptura
586 2919 662 2972 ipsa
692 2920 878 2958 audiamus
907 2920 987 2959 hoc.
1021 2923 1126 2959 Via-it
1154 2923 1322 2961 Lamech

372 2994 495 3018 annos
509 2990 663 3019 centum
679 2986 873 3035 octoginta
889 2993 987 3033 octo,
998 2994 1033 3023 et
1044 2985 1320 3037 genuitsilimn,

372 3056 392 3079 e
414 3044 584 3090 ,vocavit
603 3057 741 3080 nomen
760 3047 842 3096 ejus
863 3047 960 3092 lVoe',
980 3048 1111 3086 dicens
1130 3064 1140 3085 :
1159 3048 1236 3086 llic
1256 3060 1323 3086 nos

375 3109 567 3158 quiescere
580 3108 700 3159 saciet
720 3122 745 3146 (ι
765 3110 964 3149 laboribus
981 3116 1119 3151 nostris
1135 3122 1170 3152 et
1188 3127 1321 3152 moero-

376 3170 480 3206 ribus
492 3177 527 3206 et
544 3171 593 3206 ab
610 3172 782 3221 operibus
797 3185 982 3211 manuum
997 3183 1229 3222 nostrarum,
1246 3184 1281 3213 et
1300 3190 1325 3213 (ι

378 3238 494 3279 term,
505 3233 568 3268 cui
583 3232 785 3269 maledixit
801 3235 1004 3273 Dominus.
1016 3236 1112 3283 Quid
1129 3236 1192 3288 ais,
1212 3240 1325 3289 Quie-

1332 1941 1356 1972 C

1339 2612 1366 2643 D

1363 524 1428 572 χοῦ
1445 523 1557 557 ταῦτα
1579 519 1727 571 ἑκάτερα
1753 518 1984 570 λογιζώμεθα.
2016 517 2107 555 Ἀλλ’
2140 515 2224 568 ὅπερ
2254 515 2385 567 ἔλεγον,

1362 580 1416 618 ὅτι
1433 580 1568 624 otc-262&
1585 581 1678 624 ὄντες
1696 582 1727 618 οἷ
1743 585 1851 632 γονεῖς
1866 584 1926 617 τοῦ
1942 577 2122 632 Ἀδραὰμ,
2136 580 2209 621 πῶς
2223 578 2263 616 τὸ
2278 578 2386 629 ὄνομα
2436 581 2438 609 ἶ

1365 643 1460 695 αὐτῷ
1490 642 1662 689 ἐπέθηκαν
1695 646 1814 688 roffi-03
1842 642 1919 687 Τῆς
1944 645 2006 679 τοῦ
2032 642 2124 680 Θεοῦ
2157 639 2280 693 σοφίας
2314 639 2385 690 μά·-

1364 704 1467 740 λιστα
1482 702 1579 755 ἔργον
1598 702 1773 741 καὶτοῦτο
1789 695 1831 748 ἦν
1853 701 1908 740 διὰ
1924 700 2072 740 ἀπίστου
2086 701 2245 752 γλώττης
2262 703 2387 740 οἶκονο-
2438 710 2439 714 ’

1366 763 1541 814 μήσαντος
1560 765 1762 810 ἐπιτεθῆναι
1775 764 1885 815 ὄνομα
1897 793 1908 811 ,
1928 766 1998 801 τῶν
2018 762 2212 813 μελλόντων
2230 762 2309 814 ἔχον
2326 761 2390 809 τὴν

1366 824 1533 877 ἱστορίαν.
1557 824 1628 863 Καὶ
1657 824 1725 878 γὰρ
1755 825 1813 863 τὸν
1846 824 2000 875 Βαλαὰμ
2023 823 2202 875 ἠνάγκασέ
2233 838 2319 861 ποτε
2347 823 2392 862 τὰ

1368 884 1541 935 μέλλοντα
1560 888 1681 932 εἰπεῖν,
1700 885 1765 932 τὴν
1781 884 1910 923 οἰκείαν
1926 884 2070 935 δύναμιν
2092 883 2369 934 ἐπιδεικνύμενος
2383 914 2394 933 ,

1367 945 1428 984 καὶ
1446 947 1559 992 δηλῶν
1579 945 1631 984 ὅτι
1648 946 1726 998 οὗχὶ
1755 948 1790 983 ἐν
1804 952 1875 990 τοῖς
1889 946 2026 991 οἰκείοις
2045 945 2161 996 μόνον,
2178 945 2340 984 ἀλλὰκαὶ
2359 947 2393 984 ἐν
2439 949 2442 953 ’

1367 1012 1439 1050 τοῖς
1458 1000 1650 1058 ἀλλοτρίοις
1674 1013 1814 1059 κρατεῖν
1841 1007 1995 1045 δύναται.
2019 1008 2089 1046 Καὶ
2113 1007 2169 1045 ἵνα
2191 1007 2322 1058 μάθῃς,
2342 1006 2394 1045 ὅτι

1370 1067 1427 1106 ἐπὶ
1443 1071 1511 1105 τῶν
1530 1066 1687 1116 δικαίων,
1716 1068 1779 1105 κᾶν
1803 1069 1850 1119 μὴ
1881 1068 2031 1111 εὗσεὸεῖς
2061 1061 2146 1106 ὦσιν
2170 1071 2201 1106 οἱ
2228 1067 2394 1119 πατέρες,

1370 1128 1538 1171 πολλάκις
1553 1128 1614 1166 οὐκ
1631 1127 1757 1170 εἰδότες
1772 1128 1984 1166 ἐπιτιθέασιν
2001 1127 2156 1179 ὀνόματα
2170 1126 2304 1173 πολλὴν
2326 1129 2394 1165 τῶν

1373 1189 1569 1240 μελλόντων
1589 1190 1757 1237 δηλοῦντα
1771 1188 1833 1236 τὴν
1854 1189 2064 1240 οἰκονομίαν,
2082 1189 2142 1228 καὶ
2157 1188 2192 1233 ἐξ
2209 1188 2325 1241 ἑτέρου
2342 1203 2396 1226 σοι

1371 1249 1656 1303 παραδείγματος
1678 1253 1780 1289 τοῦτο
1804 1251 1942 1298 ποιήσω
1964 1250 2120 1303 φανερόν.
2140 1249 2208 1289 a‘O
2230 1249 2361 1302 Λάμεχ
2378 1251 2395 1286 ὁ

1372 1316 1431 1349 τοῦ
1447 1313 1527 1350 Νῶε
1543 1310 1686 1364 πατὴρ,
1702 1315 1762 1349 τοῦ
1786 1313 1866 1350 Νῶε
1885 1312 2033 1360 ἐκείνου,
2053 1313 2105 1364 ἐφ’
2125 1306 2163 1350 οὗ
2183 1315 2201 1350 ὃ
2219 1313 2397 1349 κατακλυ-

1373 1371 1459 1422 σμὸς
1491 1372 1643 1423 ἐγένετο,
1663 1375 1724 1410 οὐκ
1749 1367 1792 1419 ἦν
1820 1372 1971 1417 δίκαιος,
1997 1375 2058 1411 οὐκ
2077 1368 2118 1420 ἦν
2139 1372 2322 1424 εὐάρεστος
2347 1374 2398 1423 τῷ
2445 1399 2447 1403 -

1373 1438 1467 1488 Θεῷ,
1481 1435 1542 1473 οὐκ
1555 1428 1597 1480 ἦν
1614 1433 1754 1484 δόκιμος
1776 1437 1826 1486 τῷ
1841 1436 1935 1486 Θεῷ·
1956 1437 1985 1472 εἷ
2000 1434 2068 1487 γὰρ
2082 1429 2123 1481 ἦν
2139 1433 2270 1476 δίκαιος
2283 1464 2293 1481 ,
2309 1435 2339 1471 εἷ
2357 1427 2398 1479 ἧν
2445 1464 2447 1470 2

1374 1497 1556 1548 εὐάρεστος
1569 1526 1578 1544 ,
1598 1497 1628 1533 εἷ
1645 1490 1686 1542 ἦν
1705 1495 1885 1545 εὐδόκιμος
1899 1498 1948 1548 τῷ
1963 1497 2064 1547 Θεῷ,
2084 1497 2145 1533 οὐκ
2165 1495 2205 1532 ἂν
2219 1488 2326 1541 εἶπεν,
2347 1494 2400 1532 ὅτι

1376 1561 1457 1597 Νῶε
1473 1556 1574 1608 μόνος
1593 1556 1713 1610 εὑρέθη
1730 1556 1859 1599 τέλειος
1883 1559 1916 1594 ἐν
1938 1560 1981 1608 τῇ
2003 1563 2104 1609 γενεᾷ
2130 1558 2233 1594 αὐτοῦ
2249 1572 2256 1579 ·
2277 1557 2340 1593 οὐκ
2361 1554 2401 1592 ἂν

1376 1619 1581 1671 παρέδραμε
1599 1623 1660 1656 τοῦ
1676 1617 1809 1656 δικαίου
1830 1617 1888 1655 τὸν
1906 1618 2063 1670 πατέρα,
2084 1620 2114 1655 εἰ
2131 1617 2264 1660 δίκαιος
2284 1612 2339 1664 ἦν.
2354 1617 2402 1656 Τί
2447 1646 2449 1651 .

1377 1675 1435 1719 οὖν
1463 1683 1608 1726 ἐκεῖνος,
1634 1679 1828 1725 Ἐπέθηκεν
1863 1679 1973 1730 ὄνομα
2005 1682 2055 1732 τῷ
2085 1678 2235 1732 παιδίῳ,
2269 1678 2402 1726 πολλὴν
2448 1704 2450 1737 ζ

1378 1743 1456 1794 ἔχον
1484 1745 1552 1780 τῶν
1581 1741 1777 1792 μελλόντων
1806 1740 2027 1792 πραγμάτων
2051 1739 2115 1787 τὴν
2147 1740 2315 1793 ἱστορίαν,
2343 1740 2403 1779 καὶ
2448 1771 2450 1775 .

1379 1803 1462 1841 αὐτὸ
1476 1801 1672 1854 προφητεία
1694 1796 1735 1849 ἦν
1758 1804 1780 1848 ἡ
1800 1801 2019 1855 προσηγορία
2031 1806 2091 1839 τοῦ
2107 1802 2253 1840 δικαίου.
2269 1802 2321 1840 Τὸ
2336 1801 2405 1855 γὰρ
2448 1844 2451 1851 ¹

1379 1865 1489 1915 ὄνομα
1509 1868 1609 1901 τοῦτο
1632 1863 1690 1902 τὸν
1709 1862 1882 1914 μέλλοντα
1900 1864 2148 1915 κατακλυσμὸν
2165 1864 2303 1902 ἔσεσθαι
2322 1864 2405 1910 ἐδή-

1380 1929 1451 1965 λου.
1482 1924 1552 1964 Καὶ
1586 1926 1660 1968 πῶς
1690 1925 1747 1962 τὸν
1781 1923 1954 1974 μέλλοντα
1986 1923 2124 1962 ἔσεσθαι
2157 1925 2404 1976 κατακλυσμὸν
2449 1964 2451 1975 ⁴

1383 1988 1504 2035 ἐδήλου
1525 1986 1564 2024 τὸ
1583 1986 1692 2037 ὄνομα
1711 1989 1771 2024 τοῦ
1792 1987 1888 2033 Νῶε,
1911 1984 1982 2034 Τὸ,
2002 1987 2082 2024 Νῶε
2094 2017 2104 2036 ,
2120 1991 2220 2026 τοῦτο
2238 1986 2278 2025 τὸ
2297 1987 2405 2038 ὄνομα
2451 2007 2452 2010 “

1382 2050 1557 2102 Ἑὸραῖκῇ
1586 2047 1726 2100 λέγεται
1759 2045 1900 2098 γλώττῃ
1929 2048 1988 2085 καὶ
2018 2048 2270 2101 ἑρμηνεύεται,
2289 2053 2306 2088 ὃ
2326 2052 2406 2088 ἀνα-

1382 2111 1516 2150 παύων.
1529 2110 1582 2148 Τὸ
1595 2109 1675 2161 γὰρ,
1691 2110 1721 2147 N
1728 2108 1775 2157 ία,
1785 2111 1828 2160 τῇ
1845 2108 1965 2161 Σύρων
1974 2113 2082 2161 φωνῇ,
2095 2111 2287 2154 ἀνάπαυσίς
2301 2113 2405 2150 ἐστιν.
2451 2146 2453 2150 ,

1382 2173 1524 2224 Ἵὶσπερ
1543 2164 1600 2209 οὖν
1628 2173 1699 2208 ἐκεῖ
1729 2170 1797 2207 ἀπὸ
1827 2173 1887 2206 τοῦ
1917 2168 2027 2222 Ἄδαρ
2036 2201 2047 2217 ,
2075 2170 2161 2223 ὅπερ
2192 2173 2266 2210 ἐστὶ
2294 2173 2384 2225 πέρα
2397 2203 2407 2222 ,
2451 2209 2453 2223 Α,

1385 2233 1545 2286 Ἀδραὰμ
1562 2230 1720 2282 ἐλέγετο,
1745 2231 1805 2268 καὶ
1822 2230 1890 2268 ἀπὸ
1906 2235 1966 2269 τοῦ
1985 2231 2117 2283 Αἷόὲμ,
2134 2234 2220 2287 ὅπερ
2242 2234 2317 2272 ἐστὶ
2337 2237 2382 2287 γῆ
2396 2264 2406 2282 ,
2451 2267 2454 2275 .

1385 2295 1495 2344 Ἀδὰμ
1516 2294 1673 2345 ἐλέγετο,
1699 2291 1784 2345 ὅπερ
1813 2292 1886 2330 ἐστὶ
1907 2292 2044 2343 γήϊνος·
2065 2294 2155 2331 οὕτω
2175 2295 2235 2332 καὶ
2263 2298 2409 2334 ἐνταῦθα
2452 2328 2454 2333 .

1387 2356 1456 2394 ἀπο
1480 2359 1540 2393 τοῦ
1567 2354 1658 2401 Ma,
1688 2352 1774 2406 ὅπερ
1804 2353 1896 2391 ἐστὶν
1921 2354 2135 2403 ἀνάπαυσις,
2161 2358 2241 2395 Νῶε
2266 2358 2409 2406 ἐκλήθη,

1386 2418 1472 2470 ὅπερ
1489 2417 1580 2456 ἐστὶν
1604 2415 1804 2454 ἀναπαύων·
1827 2417 1924 2463 δηλοῖ
1941 2415 1975 2453 δὲ
1995 2421 2095 2454 τοῦτο
2115 2418 2175 2455 καὶ
2189 2422 2211 2464 ἡ
2229 2421 2408 2472 ἐπαγωγή.
2454 2451 2455 2459 ,

1389 2482 1559 2519 Ὶέκάλεσε
1579 2480 1648 2531 γὰρ
1672 2478 1874 2530 αὐτὸνῇΝῶε
1886 2510 1896 2527 ,
1915 2479 2025 2530 λέγων
2039 2495 2046 2502 ·
2068 2475 2180 2525 Οὗτος
2208 2484 2301 2532 ἡμᾶς
2330 2483 2409 2519 δια-

1390 2542 1578 2591 ναπαύσει,
1599 2541 1792 2580 ἀνάπαυσιν
1808 2539 1865 2578 τὸν
1883 2542 2127 2592 κατακλυσμὸν
2146 2543 2275 2581 καλῶν.
2293 2542 2411 2581 Ἐπει-

1391 2606 1431 2654 δὴ
1445 2606 1512 2658 γὰρ
1533 2605 1676 2656 ἔμελλεν
1696 2605 1750 2641 ἐπ’
1778 2605 1880 2640 αὐτοῦ
1898 2606 1915 2640 ὁ
1930 2604 2173 2654 κατακλυσμὸς
2202 2604 2370 2656 γίνεσθαι,
2395 2608 2412 2643 ὁ

1391 2672 1427 2710 δὲ
1454 2666 1697 2717 κατακλυσμὸς
1720 2666 1864 2708 θάνατος
1888 2659 1944 2712 ἦν,
1965 2664 2123 2709 Θάνατος
2142 2666 2178 2705 δὲ
2201 2666 2299 2718 ἀνδρὶ
2330 2666 2412 2704 ἀνά-

1391 2747 1517 2774 παυσις
1529 2761 1538 2779 ,
1555 2728 1611 2767 διὰ
1627 2731 1726 2766 τοῦτο
1745 2727 1803 2765 τὸν
1817 2727 2010 2779 ἄνθρωπον,
2029 2728 2082 2778 ἐφ’
2104 2722 2142 2766 οῧ
2162 2728 2300 2781 γέγονεν
2319 2732 2337 2767 ὁ
2352 2745 2413 2767 κα·

1393 2791 1591 2844 τακλυσμὸς
1606 2818 1615 2836 ,
1630 2789 1686 2828 τὸν
1711 2788 1934 2826 οἱναπαύοντα
1953 2789 2110 2828 ἐκάλεσε.

1447 2863 1518 2903 Καὶ
1536 2861 1589 2900 ὅτι
1608 2863 1645 2899 οὖ
1658 2860 1833 2913 ἷβιάζομαι
1852 2860 1915 2907 τὴν
1932 2859 2216 2912 ιξρμηνειόινῇοἱπ9
2234 2863 2338 2907 αὐτῆς
2353 2863 2414 2908 τῆς
2456 2875 2457 2879 ’

1396 2928 1537 2979 Γραφῆς
1559 2923 1760 2973 ἀκούσωμεν
1791 2927 1903 2961 τοῦτο.
1922 2922 2052 2970 Ἔζησε
2080 2923 2210 2976 Λάμεχ
2236 2923 2296 2969 ἔτη
2324 2921 2415 2960 ὀκτὼ

1396 2988 1455 3027 καὶ
1474 2986 1684 3038 ὀγδοήκοντα
1709 2984 1768 3022 καὶ
1795 2984 1929 3033 ἑκατὸν,
1953 2985 2011 3022 καὶ
2042 2986 2223 3037 ἐγέννησεν
2242 2985 2326 3032 υἱὸν,
2357 2984 2416 3022 καὶ

1399 3049 1540 3088 ἐκάλεσε
1567 3047 1606 3085 τὸ
1633 3048 1873 3099 ὄνομαᾹαύτοῦ
1904 3051 1996 3097 λῶε,
2026 3049 2158 3100 λέγων·
2180 3041 2276 3090 οὗτος
2301 3047 2416 3084 διανα-

1398 3111 1523 3150 mdo-52
1547 3115 1639 3162 ἡμᾶς
1656 3113 1739 3163 ζάπὸ
1754 3115 1837 3162 τῶν,
1848 3111 1960 3149 πόνων
1983 3113 2096 3160 ἡμῶν,
2121 3109 2180 3146 καὶ
2197 3111 2266 3146 τῶν
2285 3108 2415 3150 λυπῶν,

1399 3175 1457 3214 καὶ
1477 3178 1544 3213 τῶν
1564 3177 1672 3229 ἔργων
1689 3179 1756 3214 τῶν
1768 3179 1894 3228 χειρῶν
1908 3178 2021 3226 ἡμῶν,
2042 3171 2101 3208 καὶ
2121 3169 2189 3207 ἀπὸ
2206 3176 2266 3220 τῆς
2285 3176 2361 3224 γῆς,
2378 3170 2417 3220 ἧς

1399 3240 1623 3294 κατηράσατο
1639 3246 1656 3280 ὅ
1674 3243 1772 3287 Θεός.
1794 3245 1841 3283 Τί
1857 3246 1987 3296 λέγεις,
2003 3247 2207 3286 Ἁναπαύσει
2222 3253 2334 3299 ἡμᾶς,
2351 3251 2418 3290 Καὶ

420 3348 431 3361 ⁷·
450 3338 507 3369 llis
519 3337 635 3370 similia
653 3337 753 3372 habes
766 3352 863 3383 supra
878 3342 910 3373 in
924 3343 1076 3376 llomiliis
1090 3345 1121 3376 in
1136 3346 1300 3378 Genesim.
1317 3347 1381 3379 Ubi
1419 3358 1481 3383 tem
1500 3351 1611 3394 adjicit
1626 3355 1685 3387 Nn.
1704 3356 1864 3393 Svrorwn
1883 3357 1989 3390 linum
2007 3370 2074 3391 csse
2091 3362 2237 3402 quidem.

380 3389 420 3421 (lc
439 3392 571 3423 nomine
589 3392 657 3424 No?x
680 3403 759 3434 pene
776 3394 903 3428 eadem.
924 3395 1006 3428 Vide
1029 3406 1142 3431 notatu
1162 3398 1218 3433 ihi.
1246 3402 1304 3433 llic
1323 3414 1378 3434 au-
1729 3394 1733 3399 *
1930 3385 1946 3401 o
