2516 3791
303 154 396 217 498
737 168 774 198 s.
812 166 997 197 somnis
1032 161 1274 194 cuanosr.

303 262 376 291 tam
395 252 578 290 manifesta
599 250 792 291 ostenditur
820 247 1026 299 indignatio.
1048 244 1132 283 Ideo
1151 243 1248 281 obse-

1312 162 1519 193 ARCHIEP.
1557 162 1918 194 CONSTANTINOP-

1323 242 1404 286 ἴσως
1423 243 1513 282 εἴποι
1531 260 1583 288 τις
1608 245 1667 283 ἄν·
1688 245 1722 283 τί
1740 240 1816 293 οῧν;
1837 243 1957 290 ἐπειδὴ
1980 244 2103 282 ἐκεῖνοι
2129 241 2237 286 οὕτως
2269 244 2346 282 ἐκσ·

304 329 378 364 cro,
400 323 439 352 ut
456 314 560 352 alieni
588 312 753 365 supplicii
767 310 928 361 exemplo
946 321 1007 345 nos
1026 305 1247 355 castigemur.
1274 323 1298 353 E
1322 302 1500 349 λάσθησαν
1513 334 1523 351 ,
1542 306 1605 343 οὐκ
1633 306 1699 343 εἰσὶ
1717 306 1776 344 καὶ
1795 310 1854 344 νῦν
1868 303 1992 343 πολλοὶ
2021 302 2067 340 τὰ
2096 303 2184 340 αὐτὰ
2203 304 2344 347 ἐκείνοις

304 375 375 414 Sed
407 376 496 413 forte
513 375 644 412 dixerit
675 372 825 422 aliquis:
846 368 944 415 Quid
975 366 1086 417 ergo?
1107 378 1168 402 cur
1195 362 1250 400 illi

304 451 426 491 poenas
443 435 642 474 dederunt?
661 446 774 471 nonne
804 439 885 468 sunt
902 429 1008 466 etiam
1024 439 1119 464 nunc
1144 423 1250 462 multi

306 499 368 550 qui
386 497 506 535 eadem
520 494 743 533 committunt
761 491 901 539 scelera,
920 502 1031 540 neque
1046 497 1161 525 tamen
1179 500 1248 539 pu-

308 558 479 597 niuntur?
496 556 617 594 Etiam
634 571 641 591 :
669 553 731 592 sed
747 553 815 590 hoc
839 550 1063 604 potissimum
1082 548 1251 600 majorem

306 633 444 672 poenam
460 615 660 656 conciliabit
674 615 717 653 iis
731 613 793 666 qui
806 612 889 651 talia
906 618 1117 665 perpetrant.
1133 609 1254 656 Quan-

305 681 352 720 do
374 679 467 718 enim
488 692 558 716 non
578 677 791 728 castigamur
807 689 853 712 ex
871 674 914 711 iis
929 687 1007 724 quae
1027 671 1099 710 illis
1118 668 1254 708 accide-

307 751 412 790 runt,
435 750 468 779 et
486 754 550 778 nec
567 737 754 791 quidpiam
778 736 881 774 nobis
909 733 1073 787 provenit
1093 732 1183 770 lucri
1210 744 1256 770 ex

308 803 474 857 patientia
495 801 562 840 Dei
580 831 589 849 ,
613 799 727 851 cogita
749 796 925 850 quomodo
950 796 1054 833 illum
1082 792 1256 831 inexstin-

1270 836 1316 862 431

1323 369 1624 417 παρανομοῦντες,
1654 367 1714 405 καὶ
1745 367 1793 418 μὴ
1831 365 2074 416 κολαζόμενοι;
2107 364 2197 402 Ναί·
2229 363 2345 403 1ῑίἰιλλὲι

1325 427 1426 463 τοῦτο
1441 428 1573 476 μᾶλλον
1584 427 1754 479 τιμωρίαν
1763 426 1969 479 προξενήσει
1983 430 2054 468 τοῖς
2072 428 2216 463 τοιαῦτα
2228 440 2346 476 παρα-

1326 490 1481 537 νομοῦσι.
1500 486 1616 526 ’Όταν
1636 488 1703 540 γὰρ
1723 487 1813 539 μήτε
1831 489 1870 525 ἐκ
1887 489 1958 524 τῶν
1978 488 2024 530 εἷς
2047 485 2195 529 ἐκείνους
2217 485 2348 536 συμὸε-

1328 546 1485 593 6ηκότων
1501 547 1807 601 σωφρονιζώμεθα,
1830 548 1920 599 μήτε
1939 548 2008 586 ἀπὸ
2028 549 2090 592 τῆς
2111 545 2349 599 μακροθυμίας

1327 611 1387 646 τοῦ
1401 610 1493 647 Θεοῦ
1509 608 1743 661 κερδαίνωμέν
1759 625 1806 656 τι,
1823 608 1984 655 ἐννόησον
2005 607 2064 646 καὶ
2076 607 2170 650 ὅπως
2187 608 2297 645 ἐκεῖνο
2309 607 2350 645 τὸ

1329 670 1496 709 ἄσὸεστον
1517 674 1587 724 πῦρ
1603 670 1829 724 σφοδρότερον
1849 673 1983 719 ἑαυτοῖς
2003 668 2276 719 ὓπανάπτωμεν,
2291 667 2350 705 καὶ

1329 732 1386 771 τὸν
1409 731 1576 780 σκώληκα
1592 733 1715 786 πικρὸν
1734 731 1974 785 ἐργαζώμεθα.
1995 731 2129 774 Ἄλλως
2156 730 2209 777 δὲ,
2229 730 2327 767 ἐπειδ

1331 793 1457 831 πολλοὶ
1474 794 1530 832 διὰ
1549 793 1612 840 τὴν
1628 797 1688 831 τοῦ
1706 796 1798 833 Θεοῦ
1813 792 1916 845 χάριν
1937 793 2003 830 εἶσὶ
2023 792 2082 831 καὶ
2103 796 2160 829 νῦν
2177 790 2352 843 ἐνάρετοι,

310 864 481 917 guibilem
508 863 623 914 ignem
641 859 881 898 vehementius
899 853 1162 906 nobismetipsis
1179 866 1257 890 suc-
1283 873 1306 902 Α
1333 856 1503 893 δυσωπεῖν
1525 855 1708 905 δυνάμενοι
1736 853 1794 892 τὸν
1821 854 2024 901 Δεσπότην,
2056 852 2214 904 καθάπερ
2238 851 2318 889 τότε
2337 853 2354 888 ὃ

136 939 297 964 rmum-nm
312 925 493 964 cendimus
507 954 517 973 ‚
537 932 571 961 et
591 921 777 959 accerbum
805 931 959 957 vermem
987 927 1164 968 paramus.
1186 915 1257 952 Ve-

112 979 299 1056 ;·'J¹¹¹¹¹⁴‘2¹¹'¹¹'3)r⁰²¹³
313 997 521 1035 rumtamen,
532 984 615 1036 quia
627 991 768 1036 propter
782 980 932 1032 gratiam
946 977 1012 1016 Dei
1026 985 1107 1015 sunt
1117 985 1150 1014 et
1163 988 1258 1013 nunc

114 1063 169 1089 im
200 1072 300 1099 pecca-
314 1049 417 1086 multi
435 1049 566 1087 virtute
583 1045 722 1099 praediti
740 1074 748 1092 ,
766 1043 826 1093 qui
845 1042 985 1094 placare
1008 1047 1154 1091 possunt
1178 1039 1256 1075 Do—

115 1110 200 1131 ¹⁰¹⁰⁵‘
314 1111 476 1159 minum,
503 1109 594 1147 sicut
621 1116 704 1144 tunc
730 1103 928 1157 patriarcha
961 1118 969 1139 :
999 1099 1138 1139 tametsi
1172 1112 1258 1147 nos,

315 1186 395 1210 cum
415 1185 478 1209 nos
496 1171 590 1223 ipsos
608 1167 821 1206 attendimus
834 1195 844 1215 ,
865 1174 898 1203 ct
917 1173 1072 1202 nostram
1096 1160 1260 1201 videmus

313 1231 512 1280 desidiam,
531 1239 696 1283 putamus
727 1227 855 1265 miram
882 1224 1026 1264 virtutis
1056 1223 1259 1261 raritatem:

314 1301 468 1330 attamen
495 1300 637 1344 propter
668 1289 813 1327 illorum
842 1287 1036 1335 virtutem,
1066 1297 1149 1336 erga
1175 1283 1263 1321 alios

316 1354 411 1390 Deus
426 1352 630 1404 patientiam
648 1350 802 1388 exhibet.
823 1347 869 1385 Et
891 1356 930 1384 ut
949 1346 1036 1383 scias
1051 1345 1174 1382 talium
1194 1344 1261 1381 ho-

316 1414 453 1451 minum
470 1412 599 1450 fiducia
623 1411 724 1449 nobis
744 1409 810 1449 Dei
832 1407 1037 1462 patientiam
1068 1404 1261 1453 conciliari,

315 1474 399 1512 audi
415 1489 460 1512 ex
478 1474 544 1511 hac
559 1473 635 1525 ipsa
649 1471 810 1520 historia,
823 1469 910 1521 quid
925 1468 1019 1506 dicat
1033 1465 1262 1520 patriarchae:

315 1536 356 1573 Si
372 1537 630 1586 decemjustos
649 1535 839 1579 invenero,
861 1544 938 1567 non
951 1530 1107 1580 perdam
1127 1529 1263 1565 civita·
1290 1550 1314 1580 B

319 1605 406 1634 tem.
429 1595 473 1633 Et
488 1595 576 1645 quid
594 1594 673 1631 dico
691 1593 814 1630 decem
830 1591 972 1643 justos?
989 1589 1119 1627 Nullus
1139 1588 1264 1626 inven-

318 1668 374 1694 tus
393 1656 465 1692 illic
483 1655 528 1692 ab
544 1654 728 1704 iniquitate
742 1653 890 1701 alienus,
913 1650 980 1688 nisi
995 1649 1090 1687 solus
1109 1649 1177 1685 Lot
1199 1649 1265 1699 ju—

319 1727 414 1764 stus,
449 1726 482 1754 et
513 1717 587 1768 ejus
622 1714 700 1752 duae
734 1713 828 1751 filiae.
861 1713 966 1750 Uxor
997 1710 1091 1749 enim
1124 1717 1268 1762 propter

320 1779 436 1831 ipsum
447 1778 536 1815 forte
550 1790 689 1828 poenam
707 1774 862 1813 civitatis
877 1772 1012 1824 effugit,
1021 1780 1139 1824 postea
1151 1780 1268 1823 tamen

320 1853 459 1892 poenam
477 1837 577 1875 dedit
596 1836 746 1888 ignaviae
765 1849 846 1873 suaz.
871 1835 975 1872 Nunc
991 1842 1108 1870 autem
1125 1839 1269 1884 propter

320 1898 534 1936 ineffabilem
550 1896 615 1934 Dei
630 1894 921 1943 misericordiam,
937 1893 1019 1944 quia
1033 1891 1144 1944 pietas
1161 1891 1271 1928 incre-

320 1968 477 1997 mentum
492 1957 629 2005 sumsit,
640 1956 743 1994 multi
757 1955 863 1993 etiam
878 1955 912 1992 in
928 1953 1053 1992 inediis
1066 1952 1271 1991 civitatibus

322 2021 466 2058 latentes
485 2027 630 2071 possunt
648 2018 787 2070 placare
807 2017 937 2063 Deum,
955 2024 989 2053 et
1012 2014 1073 2052 alii
1091 2014 1126 2051 in
1142 2012 1273 2051 monti-

324 2081 390 2118 bus
407 2090 440 2118 et
459 2079 647 2132 speluncis,
664 2091 932 2130 paucorumque
946 2075 1060 2115 virtus
1079 2075 1274 2112 multorum

326 2151 440 2191 tegere
455 2140 547 2178 valet
570 2139 754 2176 malitiam.
768 2137 883 2175 Multa
895 2137 989 2174 enim
1012 2135 1157 2173 Domini
1173 2135 1275 2173 boni-

327 2211 380 2239 tas
398 2210 463 2250 cst,
484 2209 516 2238 et
530 2214 622 2251 saepe
641 2199 727 2236 solet
747 2199 852 2235 etiam
870 2207 1014 2249 propter
1034 2211 1164 2249 paucos
1179 2196 1275 2233 mul-

330 2263 375 2299 tis
389 2261 474 2299 dare
501 2260 660 2298 salutem.
682 2259 729 2297 Et
749 2259 837 2309 quid
864 2258 943 2295 dico
956 2288 965 2305 ,
985 2267 1128 2310 propter
1146 2272 1277 2310 paucos

326 2323 467 2375 justos?
484 2323 594 2374 Saepe,
613 2319 757 2372 quando
778 2333 846 2357 non
874 2319 1037 2357 inventus
1061 2328 1111 2356 cst
1131 2319 1166 2356 in
1189 2327 1278 2371 pl‘ae-

331 2385 419 2423 senti
437 2384 506 2421 vita
521 2384 649 2435 justus,
669 2390 811 2434 propter
835 2380 1081 2418 defunctorum
1098 2381 1279 2429 virtutem,

332 2445 530 2483 viventium
555 2444 741 2481 miseretur
763 2451 797 2479 et
818 2456 939 2479 curam
954 2441 1061 2478 habet
1077 2456 1084 2477 τ
1103 2440 1194 2478 unde
1209 2441 1280 2478 cla-

136 2523 163 2554 12,
180 2521 252 2555 luzam
271 2527 317 2558 ¹9·
335 2515 407 2544 mat
427 2505 545 2543 dicens
565 2522 572 2541 :
603 2507 811 2554 Protegam
838 2506 1032 2541 civilatem
1061 2504 1164 2540 hanc
1190 2516 1282 2553 pro-

137 2561 185 2599 3Ἰ·
333 2576 419 2620 pler
449 2582 508 2606 me
521 2597 530 2614 ‚
560 2576 592 2604 el
613 2575 768 2618 propter
787 2565 921 2603 David
948 2577 1106 2615 puerum
1135 2577 1259 2600 meum
1268 2579 1282 2608 ;

335 2630 437 2681 quasi
451 2630 582 2667 (liceret
601 2644 607 2664 :
629 2628 727 2665 Licet
743 2627 812 2680 ipsi
826 2625 961 2677 indigui
978 2626 1046 2663 sint
1062 2625 1123 2675 qui
1144 2639 1284 2664 serven-

335 2700 394 2728 tur
410 2721 420 2740 7
442 2700 474 2728 et
492 2690 626 2727 nullam
649 2688 774 2726 salutis
792 2687 944 2725 habeant
963 2686 1180 2723 occasionem
1199 2703 1206 2722 :
1227 2701 1286 2725 ve-

338 2766 416 2789 rum
447 2751 530 2801 quia
555 2750 677 2787 solitus
711 2763 790 2787 sum
821 2747 1096 2785 misericorditer
1114 2760 1232 2798 agere,
1254 2756 1288 2785 et

340 2812 382 2849 ad
401 2811 637 2848 miserandum
653 2819 839 2862 promptus
854 2823 933 2846 sum
955 2816 985 2845 ct
1003 2807 1048 2845 ad
1068 2807 1289 2860 eripiendum

342 2888 360 2910 e
381 2873 660 2917 calamitatibus,
686 2880 830 2924 propter
855 2869 1050 2922 meipsum,
1083 2878 1116 2907 et
1148 2880 1290 2922 propter

343 2949 491 2985 puerum
512 2948 627 2970 meum
648 2932 764 2970 David
784 2941 967 2984 protegam
985 2947 992 2968 :
1016 2940 1047 2969 ct
1067 2932 1127 2982 qui
1145 2941 1224 2969 ante
1242 2941 1291 2969 tot

343 3010 451 3032 :uiuos
465 3009 483 3031 e
508 2995 579 3032 vita
600 2993 779 3043 migravit,
800 2993 858 3030 liic
877 3002 1000 3030 auctor
1025 3001 1078 3030 cst
1103 2993 1227 3030 salutis
1247 2993 1291 3032 iis

344 3055 403 3106 qui
424 3070 485 3092 sua
501 3069 574 3091 csse
589 3053 813 3106 perdiderant
829 3052 974 3091 desidia.
997 3052 1130 3092 Vidisti
1145 3053 1292 3091 clemen-

348 3118 432 3153 tiam
452 3116 617 3163 lhuniui,
634 3115 811 3166 quomodo
837 3129 893 3151 cos
913 3115 974 3165 qui
997 3115 1129 3152 virtute
1148 3115 1292 3166 pollent,

348 3180 477 3216 honore
489 3177 610 3226 aflicit,
626 3176 813 3228 praqumst,
825 3185 856 3213 et
870 3176 932 3213 toti
949 3176 1168 3214 multitudini
1184 3176 1293 3228 aequi-

1331 916 1553 970 πατριάρχης
1565 933 1573 942 ·
1595 920 1625 955 εἷ
1645 917 1704 955 καὶ
1722 920 1824 968 ἡμεῖς
1843 919 1882 954 ἐκ
1898 920 1957 954 τοῦ
1971 916 2016 954 τὰ
2028 917 2105 954 καθ’
2121 913 2263 957 ἑαυτοὺς
2278 927 2359 951 σκο-

1333 985 1423 1025 πεῖν,
1449 979 1508 1017 καὶ
1526 978 1610 1030 πρὸς
1642 977 1706 1023 τὴν
1729 977 1898 1029 ῥᾳθυμίαν
1924 980 2056 1029 ἀφορᾷν
2078 975 2143 1022 τὴν
2159 973 2355 1026 ἡμετέραν,

1332 1040 1516 1092 νομίζομεν
1537 1039 1669 1086 πολλὴν
1689 1033 1776 1077 εἶναι
1793 1039 1856 1086 τὴν
1871 1038 1996 1076 σπάνιν
2020 1041 2083 1084 τῆς
2103 1039 2227 1089 ἀρετῆς
2239 1052 2246 1060 ·
2264 1035 2358 1086 ὅμως

1335 1101 1391 1140 διὰ
1409 1101 1479 1148 τὴν,
1488 1100 1626 1139 ἐκείνων
1645 1099 1771 1152 ἀρετὴν
1789 1099 1852 1146 τὴν
1868 1099 1948 1151 περὶ
1961 1097 2101 1140 τούτους
2117 1095 2358 1148 μακροθυμίαν

1335 1163 1583 1201 ἐπιδείκνυται.
1599 1161 1668 1200 Καὶ
1686 1160 1743 1198 ἵνα
1763 1160 1875 1212 μάθῃς
1891 1159 1944 1197 ὅτι
1959 1162 1980 1205 ἡ
1998 1161 2067 1196 τῶν
2087 1157 2251 1195 τοιούτων
2269 1157 2359 1208 παῤ-

1337 1223 1442 1276 ρησία
1455 1226 1517 1270 τῆς
1534 1221 1774 1275 μακροθυμίας
1787 1225 1871 1272 ἡμῖν
1885 1219 2045 1273 πρόξενος
2057 1217 2205 1270 γίνεται,
2213 1217 2364 1255 ἄκουσον»

1339 1285 1374 1329 ἐξ
1394 1287 1499 1332 αὐτῆς
1518 1284 1646 1330 ταύτης
1664 1287 1725 1330 τῆς
1752 1282 1926 1334 ἱστορίας,
1946 1281 1980 1318 τί
2001 1296 2085 1332 φησι
2111 1278 2198 1331 πρὸς
2217 1278 2277 1316 τὸν
2293 1293 2361 1316 πα-

1336 1346 1521 1398 τριάρχην,
1541 1346 1594 1383 ὅτι
1613 1344 1700 1382 Ἐὰν
1721 1343 1804 1382 δέκα
1827 1343 1983 1386 δικαίους
2002 1341 2109 1393 εὕρω,
2131 1342 2168 1378 οὐ
2203 1339 2251 1391 μὴ
2272 1341 2362 1378 ἀπο-

1337 1407 1429 1446 λέσω
1448 1406 1511 1452 τὴν
1529 1405 1644 1443 πόλιν.
1678 1405 1748 1443 Καὶ
1766 1405 1800 1443 τί
1823 1403 1917 1456 λέγω
1935 1404 2019 1442 δέκα
2047 1401 2215 1448 δικαίους;
2239 1400 2364 1443 Οὐδεὶς

1340 1467 1461 1519 εὑρέθη
1482 1468 1552 1505 ἐκεῖ
1571 1469 1632 1513 τῆς
1646 1465 1865 1519 παρανομίας
1883 1465 1993 1512 ἐκτὸς,
2013 1467 2042 1502 εἰ
2061 1464 2109 1515 μὴ
2130 1463 2232 1514 μόνος
2245 1461 2328 1499 Λὼτ
2346 1465 2364 1499 ὃ

1341 1529 1490 1576 δίκαιος,
1508 1529 1568 1567 καὶ
1587 1531 1622 1566 αἱ
1638 1528 1760 1567 τούτου
1779 1527 1838 1565 δύο
1853 1525 2050 1579 θυγατέρες.
2071 1525 2116 1564 Ἥ
2133 1524 2200 1577 γὰρ
2216 1524 2301 1575 γυνὴ
2320 1525 2363 1561 δι’

1341 1591 1443 1630 αὐτὸν
1459 1590 1540 1634 ἴσως
1572 1590 1636 1636 τὴν
1657 1591 1692 1626 ἐν
1718 1593 1761 1641 τῇ
1798 1589 1899 1626 πόλει
1928 1587 2100 1640 τιμωρίαν
2129 1587 2365 1638 διαφυγοῦσα,

1341 1651 1483 1703 ὕστερον
1501 1650 1564 1697 τὴν
1594 1650 1693 1696 δίκην
1714 1650 1820 1688 ἔδωκε
1850 1651 1893 1686 δι’
1917 1648 2047 1686 οἰκείαν
2069 1647 2251 1700 ῥᾳθυμίαν.
2278 1645 2367 1683 Νυνὶ

1343 1712 1378 1751 δὲ
1401 1712 1457 1749 διὰ
1482 1712 1545 1758 τὴν
1576 1711 1706 1763 ἄφατον
1735 1715 1796 1748 τοῦ
1827 1712 1919 1749 Θεοῦ
1941 1709 2214 1762 φιλανθρωπίαν,
2247 1707 2366 1754 ἐπειδὴ

1343 1773 1497 1812 ἐπέδωκε
1517 1772 1561 1811 τὰ
1580 1775 1643 1818 τῆς
1665 1771 1840 1815 εὖσεὲείας
1854 1801 1864 1818 ,
1882 1771 2005 1809 πολλοὶ
2024 1771 2083 1808 καὶ
2103 1772 2137 1808 ἐν
2160 1769 2283 1821 μέσαις
2293 1774 2369 1812 ταῖς

1343 1834 1705 1878 πόλεσιλανθάνοντές
1717 1836 1795 1880 εἰσι,
1813 1833 1996 1885 δυνάμενοι
2009 1833 2180 1870 δυσωπεῖν
2190 1831 2247 1869 τὸν
2266 1831 2369 1879 Θεὸν,

1344 1897 1404 1936 καὶ
1424 1898 1458 1934 ἐν
1483 1895 1578 1948 ὄρεσι
1597 1896 1656 1935 καὶ
1669 1894 1853 1942 σπηλαίοις
1873 1894 2002 1947 ἕτεροι,
2031 1894 2091 1933 καὶ
2109 1897 2131 1940 ἡ
2155 1897 2224 1932 τῶν
2244 1893 2369 1945 ὀλίγων

1344 1959 1477 1996 τούτων
1495 1958 1601 2010 ἀρετὴ
1623 1957 1686 2005 τὴν
1705 1960 1774 1995 τῶν
1791 1958 1930 1995 πολλῶν
1947 1955 2072 1994 κακίαν
2092 1954 2294 2007 ἀποκρύψαι
2312 1954 2370 1992 δυ-

1345 2035 1448 2058 ναται
1463 2035 1470 2043 ·
1492 2018 1612 2066 ἐπειδὴ
1644 2018 1757 2065 πολλὴ
1778 2022 1836 2056 τοῦ
1857 2017 2035 2056 Δεσπότου
2054 2020 2075 2064 ἡ
2097 2016 2268 2068 ἀγαθότης
2284 2045 2293 2063 ,
2313 2016 2373 2054 καὶ

1347 2079 1516 2123 πολλάκις
1536 2074 1606 2118 οἶδε
1625 2080 1669 2117 δι’
1691 2079 1825 2130 ὀλίγους
1851 2078 2004 2122 δικαίους
2027 2081 2096 2117 τῶν
2115 2079 2254 2116 πολλῶν
2269 2076 2374 2130 χαρί-

1300 2162 1324 2193 C
1350 2144 1466 2185 ζεσθαι
1483 2140 1547 2187 τὴν
1560 2141 1748 2192 σωτηρίαν.
1763 2140 1831 2177 Καὶ
1846 2140 1879 2177 τί
1894 2139 1987 2188 λέγω
2005 2141 2048 2177 δι’
2061 2139 2196 2190 ὀλίγους
2209 2138 2374 2185 δικαίους

1350 2200 1549 2247 Πολλάκις,
1568 2199 1648 2238 ὅταν
1662 2199 1710 2250 μὴ
1727 2202 1849 2250 εὑρεθῇ
1865 2201 1899 2236 ἐν
1918 2202 1968 2250 τῷ
1986 2198 2134 2250 παρόντι
2150 2198 2214 2250 βίῳ
2233 2197 2375 2244 δίκαιος,

1353 2262 1408 2300 διὰ
1426 2260 1489 2307 τὴν
1508 2264 1577 2298 τῶν
1599 2260 1895 2304 τετελευτηκότων
1917 2259 2044 2312 ἀρετὴν
2060 2262 2129 2297 τῶν
2148 2259 2286 2303 ζώντων
2308 2259 2377 2305 κή-

1354 2326 1449 2362 δεται
1465 2353 1474 2371 ,
1489 2322 1547 2361 καὶ
1562 2325 1626 2373 βοᾷ
1641 2322 1751 2373 λέγων
1765 2338 1772 2345 ·
1789 2322 2020 2373 εΥπεροισπιῶ
2034 2323 2095 2367 τ’ῆς
2104 2320 2236 2364 πόλεως
2249 2320 2379 2367 ταύτης

1355 2386 1398 2422 δι’
1418 2384 1503 2435 ἐμὲ,
1523 2384 1582 2421 καὶ
1602 2383 1656 2421 διὰ
1678 2383 1788 2421 Δαυὶό
1807 2383 1863 2420 τὸν
1884 2382 1993 2420 παῖδά
2015 2398 2095 2433 μου.
2118 2383 2161 2420 Εἰ
2181 2381 2240 2420 καὶ
2260 2383 2377 2429 αὐτοὶ,

1356 2446 1472 2498 φησὶν,
1491 2443 1622 2489 ἀνάξιοί
1638 2446 1706 2482 εἰσι
1724 2449 1783 2483 τοῦ
1806 2443 1997 2491 σώζεσθαι,
2012 2443 2071 2480 καὶ
2090 2443 2253 2493 οὐδεμίαν
2271 2445 2380 2495 ἀφορ-

1359 2507 1427 2558 μὴν
1445 2506 1563 2558 ἔχουσι
1583 2504 1773 2556 σωτηρίας,
1795 2506 1871 2543 ἀλλ’
1891 2504 2011 2551 ἐπειδὴ
2038 2504 2077 2542 τὸ
2103 2503 2381 2555 φιλανθρωπεύε-

1359 2572 1439 2606 σθαι
1458 2566 1600 2613 σύνηθες
1619 2567 1709 2617 ἐμοὶ,
1726 2566 1784 2605 καὶ
1798 2567 1878 2617 περὶ
1898 2567 1937 2604 τὸ
1951 2567 2059 2603 ἐλεεῖν
2075 2567 2148 2615 εἰμι
2164 2564 2312 2614 ἕτοιμος,
2323 2563 2382 2602 καὶ

1360 2629 1562 2681 ἐξαρπάζειν
1579 2630 1647 2665 τῶν
1677 2629 1811 2673 δεινῶν,
1834 2628 1876 2664 δι’
1898 2627 2048 2677 ἐμαυτὸν
2081 2625 2218 2672 ποιήσω
2238 2625 2297 2663 καὶ
2326 2625 2382 2662 διὰ

1360 2690 1417 2728 τὸν
1442 2689 1550 2728 παῖδά
1571 2704 1636 2739 μου
1657 2689 1765 2726 Δαυὶδ
1784 2687 2069 2739 ὑπερασπισμόν·
2103 2686 2162 2724 καὶ
2190 2689 2208 2724 ὃ
2233 2686 2301 2738 πρὸ
2324 2702 2381 2724 το-

1363 2750 1494 2789 σούτων
1506 2751 1592 2787 ἐτῶν
1607 2753 1666 2786 τοῦ
1688 2748 1762 2800 βίου
1783 2748 1976 2800 μεταστὰς,
1997 2743 2094 2791 οῧτος
2114 2748 2219 2791 αἴτιος
2238 2751 2299 2795 τῆς
2318 2763 2384 2785 σω-

1365 2811 1486 2863 τηρίας
1506 2810 1636 2861 γίνεται
1655 2815 1727 2853 τοῖς
1750 2809 1816 2847 ὑπὸ
1835 2813 1898 2857 τῆς
1925 2809 2053 2853 οἰκείας
2079 2809 2248 2861 ῥᾳθυμίας
2266 2811 2388 2861 προδε-

1367 2872 1531 2922 δομένοις.
1560 2865 1660 2914 Εἶδες
1693 2870 1950 2923 φιλανθρωπίαν
1981 2869 2182 2915 Δεσπότου,
2208 2872 2283 2913 πῶς
2303 2875 2390 2921 τιμᾷ

1367 2933 1444 2976 τοὺς
1464 2934 1498 2970 ἐν
1518 2933 1624 2983 ἀρετῇ
1645 2931 1904 2982 διαλάμποντας
1917 2947 1924 2954 ·
1946 2933 2020 2975 πῶς
2039 2930 2163 2973 αὐτοὺς
2184 2930 2390 2982 προτίθησι,

1367 2994 1425 3033 καὶ
1443 2993 1619 3037 ἀνταξίους
1629 2993 1780 3030 δείκνυσι
1800 2993 1927 3035 παντὸς
1939 2996 1998 3030 τοῦ
2013 2992 2185 3038 πλήθους;
2207 2991 2274 3030 Διὰ
2291 2994 2392 3028 τοῦτο

1368 3055 1427 3094 καὶ
1448 3056 1585 3097 Παῦλος
1599 3054 1714 3105 ἔλεγε·
1727 3055 1921 3106 Περιῆλθον
1935 3055 1969 3090 ἐν
1989 3055 2188 3103 μηλωταῖς,
2204 3055 2238 3090 ἐν
2252 3052 2394 3103 αἰγείοις

1368 3116 1548 3167 δέρμασιν,
1568 3115 1828 3167 ὑστερούμενοι,
1855 3114 2072 3165 θλιὸόμενοι,
2100 3114 2393 3165 κακουχούμενοι,

1370 3171 1417 3215 ὧν
1436 3179 1498 3215 οὐκ
1529 3170 1571 3223 ἧν
1610 3176 1702 3221 ἄξιος
1733 3180 1751 3214 ὁ
1783 3175 1923 3226 κόσμος.
1961 3169 2074 3218 Οὗτος
2103 3175 2214 3220 ἅπας,
2234 3174 2355 3226 φησὶν,
2377 3177 2394 3211 ὁ

390 3305 405 3325 ¹*
430 3301 529 3334 savit.
546 3308 579 3333 et
600 3307 740 3343 quatuor
764 3300 839 3331 Mss.
866 3304 944 3334 ἀλλ’).
972 3306 1058 3334 τοῦτο
1087 3305 1204 3343 μᾶλλον
1232 3305 1351 3335 πλείονα.
1386 3299 1473 3339 reni,
1493 3312 1564 3342 qua·
1582 3299 1694 3332 melior
1719 3298 1860 3337 videtur,
1880 3301 2077 3336 retinemus3
2097 3298 2157 3331 sub
2186 3300 2252 3333 lime
2278 3309 2396 3342 magua

351 3363 415 3398 api-a
431 3362 482 3392 τὴν
496 3360 622 3398 ἀγωνίαν
637 3358 792 3396 {mmmm
813 3356 975 3391 Eumae-m.
995 3352 1058 3386 :ved
1078 3352 1253 3386 lectionem
1279 3354 1352 3386 Mo-
1386 3352 1579 3386 observatur
1598 3354 1629 3385 iu
1647 3353 1721 3385 Mss.
1742 3360 1773 3384 ct
1793 3352 1880 3395 apud
1899 3351 1999 3385 Savil.
2020 3353 2172 3385 varietas.
