2483 3791
701 196 744 225 IN
782 195 882 224 CAP.
923 194 967 223 ll.

84 283 173 337 Περὶ
183 285 243 320 τοῦ
254 280 394 334 Πατρὸς
407 281 511 331 μόνου
527 295 534 325 ;
551 279 687 321 Καλῶς.
702 277 823 316 Ἄκουε
838 276 948 314 τοίνυν
964 274 1106 314 Παύλου

81 345 250 396 λέγοντος,
271 337 331 386 Εἷς
346 342 435 384 Θεὸς
452 344 470 379 6
490 339 631 391 Πατὴρ,
650 338 684 383 ἐξ
703 332 741 377 οὗ
762 338 805 376 τὰ
821 337 949 385 πάντα,
965 335 1025 374 καὶ
1048 329 1108 379 Εἷς

82 405 210 457 Κύριος
224 404 357 451 Ἰησοῦς
373 401 534 457 Χριστὸς,
550 401 595 439 δι’
605 395 642 439 οὗ
651 401 694 438 τὰ
708 400 835 439 πάντα.
857 399 1045 453 Ὀρᾷςπῶς
1058 398 1109 445 τὸ,

84 465 224 517 Κύριος,
239 465 349 516 ὄνομα
367 467 417 516 τῷ
433 465 510 516 Υἱῷ
530 462 759 516 προσένειμε;
781 461 828 500 Τί
852 461 892 499 ἂν
907 455 964 498 οὖν
981 460 1109 498 εἴποιεν

85 526 170 574 τὴν,
195 525 332 578 Κύριος,
351 524 587 578 προσηγορίαν
624 523 764 575 μείζονα
784 517 872 560 εἶναι
891 522 906 542 ¹¹
919 525 979 560 τοῦ
1000 520 1110 563 Θεός;

83 587 214 641 Ὁρᾶτε
242 585 320 625 ὅσον
350 587 389 624 τὸ
410 586 559 632 ἄτοπον,
591 585 650 624 καὶ
672 584 737 631 ὅση
762 587 824 630 τῆς
846 581 1072 635 βλασφημίας
1090 583 1112 626 ἡ

86 648 255 692 ἐπίτασις.
287 647 400 687 ”Οταν
422 647 491 700 γὰρ
509 647 557 698 μὴ
582 645 749 697 βούληταί
769 661 820 689 τις
840 643 1026 695 ἀνέχεσθαι
1047 658 1112 679 κα-

85 712 306 749 τακολουθεῖν
328 712 378 762 τῷ
397 708 517 747 κανόνι
536 710 598 753 τῆς
615 707 707 751 θείας
731 707 873 759 Γραφῆς
888 735 898 752 ,
928 703 1019 742 ἀλλὰ
1041 707 1113 746 τοῖς

87 772 225 814 οἰκείοις
247 773 427 823 λογισμοῖς
446 769 555 808 ἐθέλοι
573 767 703 806 διδόναι
720 767 853 820 χώραν,
865 765 1032 816 ταράττει
1048 763 1111 810 τὴν

88 833 242 871 διάνοιαν
259 862 268 879 ,
301 831 361 869 καὶ
385 828 601 882 λογομαχίας
632 829 691 867 καὶ
712 827 872 874 ζητήσεις
898 825 1112 878 ἀπεράντους

88 893 241 945 ἐπιφέρει
257 895 300 944 τῇ
322 896 408 942 ὑγιεῖ
424 893 492 929 τῶν
513 889 695 941 δογμάτων
713 888 888 942 ὀρθότητι.
910 887 981 938 Καὶ
997 885 1112 934 ἔλαὸε,

87 956 204 1008 φησὶν,
227 954 352 1007 Κύριος
373 957 391 992 6
410 953 500 996 Θεὸς
515 952 572 990 τὸν
594 951 790 1004 ἄνθρωπον,
813 950 850 988 ὃν
872 950 1024 995 ἔπλασε,
1054 948 1113 986 καὶ

88 1018 184 1055 ἔθετο
205 1016 308 1054 αὐτὸν
328 1017 362 1054 ἐν
382 1017 432 1067 τῷ
453 1012 656 1066 παραδείσῳ
675 1015 737 1058 τῆς
751 1014 894 1065 τρυφῆς,
910 1011 1114 1063 ἐργάζεσθαι

90 1079 193 1117 αὐτὸν
223 1077 283 1116 καὶ
313 1076 511 1129 φυλάσσειν.
546 1074 644 1126 υΟρα
665 1073 758 1124 πόσῃ
780 1072 952 1125 κέχρηται
970 1071 1115 1125 προνοίᾳ

88 1140 169 1193 περὶ
183 1140 240 1178 τὸν
256 1137 560 1190 δημιουργηθέντα
575 1135 769 1188 ἄνθρωπον.
791 1133 936 1181 Ἐπειδὴ
952 1133 1019 1186 γὰρ
1035 1133 1117 1186 χθὲς

91 1200 241 1245 ἐδίδαξεν
264 1204 357 1250 ἡμᾶς
375 1202 393 1237 6
416 1197 587 1250 μακάριος
606 1198 763 1242 Μωϋσῆς
783 1194 908 1246 λέγων,
931 1194 984 1232 ὅτι
1004 1193 1115 1247 Ἐφύ-

90 1277 209 1300 τευσεν
229 1263 247 1298 ὁ
266 1259 357 1303 Θεὸς
371 1259 428 1298 τὸν
446 1258 670 1310 παράδεισον,
692 1256 751 1295 καὶ
773 1255 868 1294 ἔθετο
887 1257 960 1294 ἐκεῖ
981 1256 1038 1294 τὸν
1059 1255 1118 1294 ἄν·

90 1327 228 1377 θρωπον
240 1337 248 1345 ·
268 1321 346 1360 ἀντὶ
364 1326 436 1369 τοῦ,
456 1319 627 1366 ἐὲουλῆθη
649 1320 720 1356 ἐκεῖ
735 1317 836 1356 αὐτὸν
853 1317 946 1370 ἔχειν
968 1317 1008 1356 τὸ
1022 1319 1119 1364 οἷκη-

89 1384 222 1435 τήριον,
237 1381 296 1420 καὶ
311 1382 546 1419 ἐνδιαιτᾶσθαι
561 1383 604 1431 τῇ
623 1378 882 1418 ἀπολαύσειτοῧ
892 1377 1116 1431 παραδείσου·

91 1443 244 1496 σήμερον
272 1443 377 1481 πάλιν
409 1441 579 1480 δείκνυσιν
600 1443 686 1491 ἡμῖν
707 1439 770 1487 τὴν
790 1440 922 1492 ἄφατον
942 1443 1002 1478 τοῦ
1025 1441 1118 1478 Θεοῦ

92 1502 367 1556 φιλανθρωπίαν,
382 1505 423 1550 ἣν
440 1503 519 1555 περὶ
534 1502 636 1540 αὐτὸν
652 1500 899 1549 ἐπιδείκνυται,
915 1501 975 1539 καὶ
986 1502 1118 1540 ἐπανα-

92 1564 285 1614 λαμὸάνων
305 1563 364 1602 τὸν
384 1563 486 1615 λόγον
512 1562 608 1616 φησί·
642 1562 712 1601 Καὶ
728 1562 833 1600 ἔλαὸε
855 1561 980 1615 Κύριος
998 1565 1016 1601 ὁ
1031 1561 1120 1606 Θεὸς

93 1625 152 1663 τὸν
174 1625 377 1678 ἄνθρωπον,
394 1624 431 1662 ὃν
448 1623 599 1671 ἔπλασε,
619 1624 678 1662 καὶ
694 1623 789 1662 ἔθετο
807 1623 911 1662 αὐτὸν
934 1626 968 1662 ἐν
987 1627 1036 1676 τῷ
1051 1639 1120 1662 πα-

92 1684 243 1738 ραδείσῳ
258 1688 321 1731 τῆς
334 1689 478 1738 τρυφῆς.
498 1688 578 1738 Οὐχ
591 1686 711 1728 ἁπλῶς
725 1678 820 1723 εἶπεν
830 1716 840 1733 ,
855 1687 919 1724 Ἐν
935 1687 985 1738 τῷ
998 1700 1119 1737 παρα-

93 1746 219 1798 δείσῳ,
273 1747 363 1785 ἀλλὰ
397 1746 592 1799 προσέθηκε
605 1777 614 1793 ,
648 1747 724 1792 Τῆς
757 1747 887 1798 τρυφῆς
905 1777 914 1794 ,
961 1746 1019 1784 ἵνα
1057 1746 1120 1793 τὴν

93 1807 380 1859 ὑπερὸάλλουσαν
412 1806 538 1853 ἡδονὴν
564 1811 578 1827 ⁶
591 1802 633 1853 ἧς
663 1807 841 1853 ἀπήλαυεν
862 1808 902 1844 ἐκ
920 1809 984 1852 τῆς
1004 1807 1122 1846 αὐτόθι

95 1869 284 1916 οἰκήσεως,
305 1868 443 1921 ἐμφῆνῃ
463 1873 548 1920 ἡμῖν
565 1885 572 1892 ·
593 1869 652 1907 καὶ
674 1868 799 1915 εἰπὼν,
818 1866 944 1906 'Besa-0
965 1869 1067 1907 αὐτὸν
1088 1870 1121 1906 ἐν

95 1933 146 1983 τῷ
162 1930 364 1983 παραδείσῳ
383 1933 443 1976 τῆς
463 1932 614 1982 τρυφῆς,
630 1929 747 1982 φησὶν,
773 1929 1005 1981 Ἐργάζεσθαι
1024 1930 1124 1968 αὐτὸν

97 1991 158 2028 καὶ
176 1990 380 2043 φυλάσσειν.
396 1992 537 2037 Πολλῆς
553 1992 612 2029 καὶ
626 1996 728 2030 τοῦτο
742 1991 960 2041 κηδεμονίας.
976 1990 1124 2037 Ἐπειδὴ

97 2052 165 2104 γὰρ
189 2055 320 2105 τρυφῆς
345 2052 484 2098 ἁπάσης
514 2052 742 2104 ἐπεπλήρωτο
765 2055 786 2098 ἡ
810 2051 929 2090 αὐτόθι
953 2051 1123 2104 διαγωγὴ,

96 2113 156 2151 καὶ
176 2112 240 2158 τὴν
270 2114 338 2151 ἀπὸ
370 2116 434 2159 τῆς
461 2113 542 2157 θέας
571 2112 690 2164 τέρψιν
714 2112 866 2164 ἔχουσα,
888 2112 946 2150 καὶ
965 2112 1029 2160 τὴν
1054 2113 1124 2151 ἀπὸ

98 2177 160 2220 τῆς
191 2174 416 2217 ἀπολαύσεως
450 2173 662 2226 εὐφροσύνην
676 2204 686 2221 ,
707 2175 765 2211 ἵνα
795 2173 844 2224 μὴ
879 2174 1120 2226 ἀποσκιρτήσῃ

98 2237 137 2273 ἐκ
168 2237 231 2281 τῆς
259 2234 547 2286 ὖπερὸαλλούσης
579 2234 728 2278 ἀνέσεως
745 2237 763 2272 6
783 2235 963 2288 ἄνθρωπος
982 2236 1122 2282 (Πᾶσαν

96 2295 165 2349 γὰρ
204 2294 267 2341 τὴν
312 2296 439 2334 κακίαν
481 2295 613 2340 ἐδίδαξε
629 2325 639 2343 ,
678 2296 782 2347 φησὶν
796 2325 807 2344 ,
834 2299 856 2342 ἡ
891 2295 1034 2349 ἀργία),
1066 2296 1123 2334 διὰ

95 2360 196 2395 τοῦτο
225 2357 434 2409 προσέταξεν
465 2357 568 2396 αὐτὸν
601 2357 804 2410 ἐργάζεσθαι
831 2357 891 2395 καὶ
921 2357 1121 2410 φυλάσσειν.

97 2418 144 2457 Τί
172 2412 230 2456 οῧν
247 2449 256 2466 ,
286 2419 389 2472 φησὶ,
421 2422 483 2465 τῆς
510 2419 596 2471 παρ’
621 2421 723 2458 αὐτοῦ
753 2419 955 2470 ἐπιμελείας
974 2421 1085 2459 ἐδεῖτο
1106 2423 1123 2458 6

97 2479 333 2531 παράδεισος;
367 2482 420 2518 Οὐ
461 2485 563 2519 τοῦτο
587 2479 679 2531 λέγω
696 2510 705 2527 ,
741 2481 819 2519 ἀλλ’
842 2480 1014 2528 ἐὸουλήθη
1037 2480 1123 2524 τέως

99 2540 226 2592 μικράν
264 2556 342 2578 τινα
373 2541 432 2579 καὶ
467 2541 666 2594 σύμμετρον
697 2541 796 2579 αὐτὸν
823 2541 914 2594 ἔχειν
949 2542 1122 2595 μέριμναν

98 2601 180 2654 περί
198 2617 234 2639 τε
253 2601 316 2648 τὴν
334 2601 505 2654 φυλακὴν,
525 2601 607 2655 περί
623 2618 661 2640 τε
680 2602 768 2649 ΙἸτὴν
791 2602 968 2656 ἐργασίαν.
993 2605 1037 2642 Εἰ
1056 2604 1123 2656 γὰρ

97 2662 202 2701 πόνου
229 2662 358 2706 παντὸς
377 2657 419 2709 ἦν
442 2663 731 2715 ἀπηλλαγμένος,
761 2663 858 2708 εὐθὺς
877 2664 1059 2704 ἀπέκλινεν
1083 2666 1123 2703 ἂν

98 2723 184 2776 πρὸς
208 2723 378 2778 ῥαθυμίαν
397 2725 511 2775 πολλῆ
532 2724 748 2777 κεχρημένος
768 2725 908 2764 ἀνέσει·
935 2731 992 2765 νῦν
1013 2727 1048 2765 δὲ
1068 2730 1123 2780 ἐρ-

98 2784 287 2835 γαζόμενος
307 2785 471 2838 ἐργασίαν
501 2785 672 2824 ἀνώδυνόν
690 2802 789 2835 τινα,
809 2787 868 2825 καὶ
883 2788 1125 2842 ταλαιπωρίας

101 2846 197 2888 ἐκτὸς
211 2875 220 2891 ,
242 2845 520 2898 σωφρονέστερον
549 2846 588 2884 ἂν
609 2847 756 2894 διετέθη.
803 2848 872 2886 Καὶ
889 2848 927 2887 τὸ
946 2852 1055 2888 εἰπεῖν
1077 2849 1124 2896 δὲ,

102 2904 154 2943 ὅτι
173 2906 391 2953 Φυλάσσειν,
415 2909 480 2959 οὐχ
499 2908 619 2951 ἁπλῶς
637 2908 856 2960 πρόσκειται,
882 2910 972 2948 ἀλλὰ
994 2927 1125 2963 συγκα-

101 2966 249 3010 τάὲασίς
276 2969 349 3005 ἐστι
375 2971 444 3005 τῶν
477 2969 643 3020 ῥημάτων
659 3000 668 3018 ,
698 2969 755 3008 ἵνα
787 2969 876 3014 ὅλως
895 2970 1022 3010 εἰδέναι
1049 2972 1127 3024 ἔχῃ,

104 3027 223 3080 φησὶν,
243 3027 298 3066 ὅτι
314 3028 497 3066 ὑπόκειταί
516 3045 584 3068 τινι
604 3029 620 3051 ²³
636 3031 786 3083 δεσπότῃ
803 3034 853 3084 τῷ
872 3031 935 3079 τὴν
956 3033 1128 3081 τοσαύτην

104 3088 298 3127 ἀπόλαυσιν
318 3090 413 3141 αὐτῷ
431 3091 678 3144 χαρισαμένῳ,
703 3093 764 3131 καὶ
783 3093 873 3143 μετὰ
890 3097 953 3141 τῆς
976 3095 1125 3134 ἀπολαύ-

155 3199 170 3221 ¹¹
196 3198 207 3239 [
226 3206 289 3238 τῆς,
304 3202 365 3235 θεὸς
381 3215 388 3238 ;
407 3197 539 3239 scripsit
555 3198 725 3244 Savilius.]

149 3259 162 3273 ⁶
178 3249 294 3282 Morel.
313 3252 347 3288 ἧς
362 3254 542 3288 ἀπήλαυσευ.

153 3311 165 3324 ³·
182 3300 284 3334 Savil.
305 3308 339 3333 et.
363 3302 445 3345 Reg.
462 3314 545 3335 unus
568 3310 622 3343 τὴν
647 3310 803 3350 ἐργασίαν·
822 3311 871 3340 καὶ
887 3312 946 3351 γὰρ
969 3313 1012 3341 ἔτι
1029 3315 1117 3342 πόνου

110 3357 217 3390 ’.αυτὸς
234 3355 268 3388 ’ἦν
286 3357 503 3396 amna-mm
520 3361 537 3392 ἡ
561 3360 703 3400 ἐργασία,
722 3365 848 3402 παρεῖχε
865 3361 895 3391 δὲ
913 3362 992 3402 αὐτῷ
1010 3358 1113 3402 (Reg.

325 3418 420 3443 ΤΟΜ.
454 3421 507 3445 lv.

1008 190 1171 222 GENES.

1214 189 1369 220 nonu„
1410 189 1504 218 xiv.
2043 186 2059 216 1
2076 189 2131 233 ας)

1183 274 1330 321 omnia,
1349 280 1384 308 et
1409 283 1507 308 unus
1526 271 1717 306 Dominus
1736 269 1848 306 lesus
1866 269 2133 318 Christus,p‹·r

1183 346 1296 387 quem
1316 334 1460 370 omnia.
1471 330 1567 370 Vide
1578 327 1756 381 quomodo
1770 342 1911 375 nomen,
1927 329 2133 372 Dominus,

1183 393 1276 431 Filio
1289 391 1492 430 attribuat?
1508 391 1583 429 Cur
1601 403 1684 442 ergo
1706 388 1826 426 dicant
1847 402 1988 437 nomen,
2002 391 2137 427 Domi-

1185 468 1268 502 nus,
1287 453 1432 506 majoris
1461 467 1534 491 esse
1560 451 1746 503 dignitatis
1759 464 1868 502 quam
1893 449 2138 498 illn‹l,Dens.³

1185 515 1315 554 Videte
1333 529 1439 566 quam
1462 514 1506 552 sit
1524 514 1591 551 hoc
1611 511 1823 561 absurdum,
1843 520 1875 549 et
1895 519 2026 561 quanta
2059 511 2139 548 bla-

1139 595 1162 622 (;
1186 575 1356 628 splieinia}
1375 576 1544 626 gravitas.
1566 576 1656 611 Cum
1673 573 1766 611 enini
1783 573 1862 623 quis
1878 572 2029 610 noluerit
2045 571 2139 610 divi-

1187 652 1239 674 nae
1255 637 1449 689 Scriptura:
1469 650 1630 674 normam
1643 635 1752 685 sequi,
1773 635 1833 673 sed
1854 634 1926 672 suis
1949 633 2142 671 ratiociniis

1187 698 1304 735 locuni
1324 697 1409 735 dare
1428 697 1681 748 praesumserit,
1706 711 1846 734 sensnm
1870 697 2013 733 turbare
2041 695 2141 743 solet,

1186 767 1220 796 et
1267 758 1424 796 infinitas
1452 757 1690 795 contentiones
1718 758 1998 807 ‹pia—stion‹›s‹pie
2026 765 2143 796 movet

1186 818 1359 856 adversus
1379 832 1501 855 sanam
1521 818 1734 855 doctrinam.
1759 819 1811 855 Et
1827 821 1987 869 accepit,
2010 818 2141 868 inquit,

1188 879 1382 917 Dominus
1394 879 1502 916 Deus
1521 879 1732 924 hominem,
1750 882 2078 931 qzcenzjot·nzcwit,
2108 888 2143 917 et

1185 942 1311 990 posuit
1326 940 1438 978 illum
1457 942 1499 976 in
1509 939 1696 991 paradiso
1713 939 1937 989 voluptatis,
1956 947 1994 976 ut
2013 952 2144 990 opera-

1185 1009 1292 1040 retur
1309 1009 1346 1039 et
1365 1002 1575 1040 custodiret
1596 1001 1722 1038 illum.
1739 999 1835 1039 Vide
1852 1008 2021 1050 quantam
2041 1001 2146 1038 creati

1186 1062 1343 1100 hominis
1366 1061 1629 1115 providentiam
1658 1060 1797 1099 habeat.
1832 1061 2026 1112 Postquam
2052 1061 2145 1099 enim

1187 1123 1265 1162 heri
1299 1138 1361 1162 nos
1391 1123 1516 1162 docuit
1550 1123 1675 1161 beatus
1708 1125 1853 1175 Moyses
1889 1123 1945 1160 his
1991 1123 2110 1161 verbis
2136 1139 2142 1157 ς

1189 1185 1400 1223 Ρὶαηιανὶε
1414 1185 1522 1223 Deus
1532 1185 1779 1236 paradisum,
1799 1187 1969 1236 etposuit
1983 1184 2065 1221 illic
2080 1185 2147 1221 Ιιο-

1144 1262 1167 1291 1)
1191 1248 1351 1284 minem:
1375 1245 1412 1284 id
1438 1254 1501 1295 est,
1521 1245 1638 1284 voluit
1657 1254 1697 1283 ut
1717 1245 1768 1283 ibi
1786 1245 2012 1283 domicilium
2036 1245 2148 1283 habe-

1191 1317 1255 1355 ret,
1277 1316 1311 1346 et
1333 1306 1492 1360 paradisi
1508 1306 1647 1345 deliciis
1666 1307 1865 1345 frueretur:
1884 1306 1992 1345 hodie
2018 1306 2148 1345 iterum

1190 1368 1348 1407 declarat
1360 1368 1464 1407 nobis
1476 1368 1697 1407 ineffabilem
1708 1367 1775 1406 Dei
1790 1368 2027 1418 clementiam,
2041 1382 2150 1420 quam

1191 1430 1286 1469 eirea
1301 1431 1406 1468 illum
1425 1430 1587 1481 exhibet,
1603 1439 1638 1469 et
1658 1444 1838 1468 resumens
1859 1444 2057 1469 sermonem
2078 1430 2148 1468 ait:

1191 1493 1247 1530 Et
1266 1494 1414 1544 accepit
1442 1492 1638 1530 Dominus
1656 1492 1764 1530 Deus
1792 1493 2000 1539 hominem,
2037 1505 2150 1544 quem

1188 1555 1392 1607 formavit,
1416 1562 1454 1592 et
1472 1556 1600 1605 posuit
1620 1567 1706 1592 eum
1717 1556 1758 1591 in
1771 1555 1956 1606 paradiso
1972 1554 2150 1604 volupta-

1193 1618 1259 1661 tis;
1277 1629 1349 1653 non
1372 1617 1422 1652 In
1443 1616 1631 1667 paradiso
1646 1615 1763 1653 solum
1790 1611 1976 1663 dixstfsed
1996 1614 2149 1663 addidit,

1195 1678 1427 1730 Voluptatis,
1447 1686 1487 1716 ut
1505 1677 1695 1729 ingentem,
1715 1692 1782 1728 qua
1801 1677 1837 1715 in
1857 1677 1918 1715 illa
1932 1677 2152 1715 habitatione

1192 1735 1392 1785 fruebatur,
1414 1735 1635 1788 voluptatem
1653 1736 1754 1774 nobis
1768 1736 1982 1774 declararet:
1996 1751 2036 1775 ac
2054 1746 2150 1788 post-

1195 1810 1303 1847 quam
1321 1795 1430 1843 dixit,
1447 1798 1586 1834 Posuit
1599 1797 1710 1834 illum
1729 1798 1963 1848 inparadiso
1977 1797 2151 1848 volupta-

1197 1859 1261 1906 tis,
1277 1856 1393 1907 addit,
1420 1859 1470 1895 Ut
1491 1867 1716 1909 operaretur
1734 1867 1770 1895 et
1791 1859 2000 1895 custodiret
2026 1859 2149 1896 illum.

1195 1917 1354 1969 Ingentis
1372 1927 1405 1956 et
1423 1917 1490 1955 hoc
1509 1918 1742 1970 providentiae
1767 1927 1829 1956 est.
1854 1919 2035 1967 Quoniam
2056 1919 2150 1957 enim

1196 1978 1233 2015 in
1252 1978 1460 2031 hujusmodi
1480 1978 1622 2017 sedibus
1646 1980 1741 2017 omni
1759 1979 1963 2031 replebatur
1985 1981 2151 2034 volupta-

1151 2060 1175 2090 Ε
1197 2047 1242 2088 te,
1259 2049 1293 2077 et
1306 2049 1468 2092 aspectus
1483 2039 1721 2092 jucunditate,
1740 2054 1780 2078 ae
1801 2040 1924 2078 laetitia
1947 2040 2029 2079 inde
2049 2050 2150 2093 parta

1195 2099 1392 2149 fruebatur,
1412 2114 1454 2138 ne
1473 2114 1515 2138 ex
1533 2100 1643 2138 nimia
1657 2100 1823 2139 felicitate
1840 2101 1947 2139 homo
1963 2101 2149 2140 insolesce-

1194 2169 1247 2198 ret
1282 2163 1461 2209 (Omnem
1498 2161 1606 2210 enim,
1633 2161 1761 2213 inquit,
1788 2163 1983 2201 malitiam
2017 2165 2148 2202 docuit
2161 2176 2257 2209 Esou,
2278 2178 2328 2209 33,

1194 2223 1348 2271 otium),
1381 2221 1462 2260 ideo
1493 2223 1662 2275 praecepit
1690 2224 1801 2273 Deus,
1838 2225 1888 2262 Ut
1908 2234 2146 2276 operaretur,
2163 2227 2212 2257 ²9·

1197 2290 1234 2320 et
1254 2284 1463 2321 custodiret
1483 2284 1608 2322 illum.
1634 2285 1734 2332 Quid
1755 2294 1885 2333 autem,
1909 2284 2020 2335 dices,
2050 2287 2150 2325 illius

1195 2357 1278 2381 cura
1307 2344 1431 2396 egebat
1458 2344 1673 2397 paradisus?
1691 2347 1769 2384 Non
1784 2345 1851 2384 hoc
1871 2346 1968 2396 dic0;
1989 2347 2049 2385 sed
2078 2361 2147 2385 vo-

1194 2404 1262 2443 luit
1286 2414 1404 2443 tamen
1433 2415 1472 2444 ut
1499 2406 1678 2444 modicam
1710 2421 1830 2446 curam
1855 2418 1988 2460 gereret
2017 2409 2149 2461 partim

1195 2464 1442 2515 custodiendo,
1461 2475 1495 2503 et
1510 2466 1643 2517 partim
1660 2467 1853 2519 operando.
1877 2469 1916 2507 Si
1936 2469 2030 2506 enim
2051 2468 2149 2506 omni

1138 2513 1185 2579 ¹2⁹
1194 2539 1338 2577 prorsus
1351 2525 1474 2563 labore
1490 2539 1628 2564 vacuus
1643 2526 1779 2575 fuisset,
1798 2541 1842 2565 ex
1859 2528 1969 2565 nimio
1984 2528 2056 2565 otio
2080 2537 2149 2566 513-

1193 2585 1259 2622 tim
1278 2585 1313 2623 in
1335 2585 1515 2637 ignaviam
1535 2585 1766 2625 declinasset:
1786 2597 1822 2625 at
1847 2602 1928 2626 cnm
1952 2589 2149 2640 operationi

1195 2659 1270 2684 sese
1286 2645 1386 2684 daret
1408 2647 1482 2685 sine
1496 2646 1616 2685 dolore
1631 2648 1689 2686 vel
1703 2648 1876 2695 molestia,
1896 2651 2148 2701 temperantior

1195 2720 1269 2745 esse
1288 2716 1437 2759 poterat.
1460 2707 1557 2745 Illud
1577 2717 1707 2757 autem,
1733 2711 1782 2747 Ut
1813 2719 2050 2761 operaretur,
2078 2725 2147 2749 non

1197 2767 1272 2805 sine
1309 2781 1413 2805 causa
1444 2767 1594 2816 dieitur,
1623 2768 1685 2806 sed
1714 2778 1764 2806 est
1790 2779 2062 2823 attemperatum
2093 2772 2162 2810 dis

1197 2837 1310 2873 etum,
1327 2837 1367 2866 ut
1395 2829 1501 2881 plane
1518 2829 1634 2874 sciret,
1652 2843 1687 2866 se
1702 2829 1846 2868 domino
1870 2831 2012 2870 cuidam
2033 2833 2146 2885 subji-

1198 2892 1242 2941 ci,
1258 2891 1320 2943 qui
1339 2900 1443 2930 tantae
1459 2892 1653 2944 voluptatis
1673 2892 1927 2933 habitationem
1943 2897 2011 2935 sibi
2025 2897 2149 2936 dedis-

1199 2969 1264 3010 set,
1292 2968 1327 2998 et
1352 2959 1511 3012 ejusdcm
1534 2960 1600 2997 sibi
1624 2961 1822 3000 custodiam
1850 2963 2019 3005 traderet.
2053 2967 2150 3005 Deus

1201 3028 1295 3066 enim
1322 3027 1439 3066 omnia
1468 3027 1550 3066 facit
1578 3037 1610 3065 et
1637 3038 1805 3081 operatur
1826 3041 1972 3085 propter
1996 3043 2152 3071 nostram

1205 3095 1406 3144 utilitatem,
1423 3108 1464 3132 ae
1484 3108 1564 3132 eum
1585 3094 1646 3132 illa
1668 3095 1772 3134 etiam
1784 3097 1988 3137 fruitionem
2006 3099 2151 3138 liberta—

1151 3217 1198 3246 καὶ
1215 3221 1357 3257 παρεῖχεν
1374 3210 1465 3254 αὐτῷ)
1475 3215 1617 3254 ἀσχολίαν
1631 3219 1697 3247 τινα
1710 3216 1851 3247 vivulo-202
1866 3220 1914 3247 καὶ
1931 3220 2155 3261 ἀταλαίπωρον.

1153 3265 1231 3302 ῐῖνςζ,
1251 3268 1298 3296 καὶ
1323 3268 1530 3308 ταλαιπωρίας
1546 3267 1644 3302 ἐκτὸς,
1663 3269 1711 3298 καὶ
1728 3270 1762 3298 τὸ
1779 3270 1867 3300 εἰπεῖν
1884 3270 1913 3299 δὲ
1931 3272 1975 3301 ὅτι
1994 3272 2158 3312 φυλάσσειν.

1199 3316 1213 3338 b
1231 3321 1361 3351 Δεπττέτη
1379 3313 1471 3346 deest
1489 3315 1520 3346 in
1538 3323 1662 3357 septem
1677 3315 1751 3348 Mss.

1904 3429 1947 3451 1¹)
