2566 3791
754 206 794 238 m
832 205 940 238 CAP.
978 207 1021 237 IV
1033 226 1041 237 .

165 294 211 333 ‘fl
231 291 381 347 ῥᾳθυμία
399 293 530 339 αὐτοῖς,
551 291 592 338 ἣν
606 291 673 338 ἤδη
689 291 770 344 περὶ
785 291 848 338 τὴν
867 292 1021 329 δοθεῖσαν
1042 290 1182 336 ἐντολὴν

1081 206 1245 238 dimus.
1285 205 1444 236 Romu„
1486 204 1618 234 xvm.

2116 188 2201 232 183⁸»

1257 298 1333 327 tum
1347 297 1563 341 praeceptum
1574 284 1866 331 exhilmerant,in
1878 297 1980 321 causa
1998 285 2062 322 suit
2079 295 2116 323 ut
2130 295 2204 323 tan-

164 354 398 401 ἐπεδείξαντο,
417 353 525 391 αἴτιον
539 352 658 404 γέγονε
684 355 744 390 τοῦ
768 351 856 402 μετὰ
875 351 1045 397 τοσαύτης
1072 353 1184 403 ἀσφα-
1194 383 1241 408 ,55
1256 359 1288 389 ta
1303 350 1464 388 cautione
1477 348 1596 387 aditus
1611 346 1697 400 ipsis
1714 345 2019 384 intercluderetur.
2039 346 2207 383 Animad-

164 414 258 458 λείας
285 416 569 466 ἀποτειχισθῆναι
597 415 713 456 αὐτοῖς
743 412 807 458 τὴν
828 412 970 450 εἴσοδον.
997 411 1183 458 Ἐννόησον
1207 420 1232 449 Λ
1256 420 1353 449 verte
1369 411 1429 448 hic
1447 409 1642 461 benignum
1660 409 1776 445 Deum
1796 420 1864 444 non
1884 415 2087 443 contentum
2103 406 2208 443 fuisse

163 474 230 526 γάρ
250 490 310 526 μοι
323 476 376 513 ὅτι
394 473 471 513 οὐδὲ
484 475 528 522 τῇ
550 473 718 512 ἀπέναντι
734 476 794 511 τοῦ
815 472 1028 525 παραδείσου
1051 472 1184 518 οἰκήσει

164 535 318 587 ἠρκέσθη
350 539 369 574 6
401 535 663 588 φιλάνθρωπος,
689 536 766 572 ἀλλ’
797 533 896 578 ἔταξε
927 533 989 577 τὰς
1023 534 1186 583 δυνάμεις

163 596 293 640 ταύτας
311 597 355 635 τὰ
371 595 569 648 Χερουὸὶμ,
590 595 648 633 καὶ
666 595 730 641 τὴν
752 594 918 646 φλογίνην
935 593 1108 646 ῥομφαίαν
1124 592 1186 640 τὴν

167 658 405 710 στρεφομένην
420 657 609 709 φυλάσσειν
631 655 695 702 τὴν
712 656 789 694 ὁδὸν
815 655 878 702 τὴν
895 657 1008 693 ἐκεῖσε
1027 653 1187 704 εἰσάγου-

167 733 244 757 σαν.
270 720 351 770 Οὐχ
378 720 497 761 ἁπλῶς
526 717 562 755 δὲ
594 716 801 767 προσέθηκε,
830 715 907 762 Τὴν
935 714 1188 767 στρεφομένην,

169 780 248 816 ἀλλ’
264 779 320 816 ἵνα
344 778 464 828 διδάξῃ
479 781 573 827 ἡμᾶς
588 807 597 822 ,
614 777 668 814 ὅτι
688 782 787 814 πᾶσα
804 777 879 818 ὁδὸς
897 776 990 828 αὐτῷ
1011 775 1189 814 ἀποτετεί-

166 855 288 890 χιστο,
303 843 366 886 τῆς
379 838 552 890 ῥομφαίας
568 837 702 884 ἐκείνης
721 836 778 875 διὰ
800 841 860 874 τοῦ
889 836 1096 888 στρέφεσθαι
1117 838 1190 875 πά-

166 915 232 943 σας
259 899 321 944 τὰς
359 901 431 938 ἐκεῖ
461 898 629 951 φερούσας
665 897 762 942 ὁδοὺς
790 897 1096 951 ἀποφραττούσης,
1131 898 1190 936 καὶ

166 961 310 1006 διηνεκῆ
325 960 383 998 τὸν
399 959 504 1011 φόὸον
525 961 618 1010 αὐτῷ
637 957 696 996 καὶ
708 957 772 1004 τὴν
788 958 984 1009 ὑπόμνησιν
998 963 1012 980 ‘¹
1023 959 1191 1012 παρέχειν

165 1020 374 1071 δυναμένης.

222 1081 333 1133 Ἀδὰμ
354 1080 391 1120 δὲ
413 1081 502 1133 ἔγνω
529 1081 624 1121 Εὕαν
651 1082 718 1129 τὴν
736 1087 884 1132 γυναῖκα
917 1083 1036 1121 αὐτοῦ.
1058 1081 1192 1122 Σκόπει

165 1142 252 1181 πότε
269 1146 371 1181 τοῦτο
396 1142 544 1194 ἐγένετο.
575 1142 677 1181 Μετὰ
701 1141 764 1190 τὴν
789 1142 988 1195 παρακοὴν,
1010 1143 1099 1195 μετὰ
1127 1143 1190 1190 τὴν

167 1204 342 1242 ἔκπτωσιν
362 1203 426 1249 τὴν
447 1205 485 1241 ἐκ
500 1206 560 1241 τοῦ
577 1202 789 1255 παραδείσου
802 1233 814 1249 ,
836 1203 915 1242 τότε
932 1203 977 1242 τὰ
989 1207 1052 1250 τῆς
1069 1220 1191 1242 συνου-

166 1264 246 1308 σίας
261 1263 374 1316 ἀρχὴν
393 1264 579 1315 λαμὸάνει.
599 1264 677 1317 Πρὸ
698 1264 767 1317 γὰρ
791 1267 855 1310 τῆς
881 1268 1062 1318 παρακοῆς
1082 1268 1191 1317 ἀγγε-

167 1326 265 1364 λικὸν
291 1326 481 1374 ἐμιμοῦντο
500 1324 586 1375 βίον,
605 1325 664 1364 καὶ
683 1325 837 1376 οὐδαμοῦ
868 1326 1051 1370 συνουσίας
1076 1326 1190 1379 λόγος.

170 1386 254 1429 Πῶς
279 1384 369 1438 γὰρ,
387 1384 491 1423 ὁπότε
514 1385 591 1423 οὐδὲ
623 1390 700 1428 ταῖς
729 1388 800 1423 τῶν
826 1385 1003 1436 σωμάτων
1026 1386 1195 1438 ἀνάγκαις

168 1445 371 1494 ὑπέκειντο,
386 1444 499 1484 “stowe
524 1446 559 1490 ἐξ
579 1447 691 1497 ἀρχῆς
705 1446 766 1483 καὶ
784 1448 823 1485 ἐκ
847 1446 1041 1499 προοιμίων
1070 1448 1114 1486 τὰ
1131 1450 1195 1494 τῆς

168 1506 356 1559 παρθενίας
381 1505 495 1558 ἀρχὴν
519 1505 736 1557 ἐ-λάμὸανεν·
765 1507 841 1544 ἀλλ’
861 1506 982 1554 ἐπειδὴ
1012 1509 1196 1555 ἐπεισῆλθε

167 1567 228 1605 διὰ
256 1566 426 1619 ῥᾳθυμίαν
452 1570 475 1613 ἡ
507 1566 692 1618 παρακοὴ,
712 1567 771 1605 καὶ
801 1566 931 1606 εἴσοδον
959 1567 1040 1620 ἔσχε
1062 1568 1106 1606 τὰ
1133 1573 1196 1616 τῆς

166 1629 364 1680 ἁμαρτίας,
386 1626 499 1674 ἐκείνη
523 1627 585 1679 μὲν
604 1627 764 1676 ἀπέπτη,
786 1629 847 1666 ἅτε
867 1627 908 1674 δὴ
928 1630 1074 1674 ἀναξίων
1101 1629 1117 1650 ¹’
1133 1633 1196 1669 αὖ·

168 1692 238 1727 τῶν
264 1688 461 1741 γενομένων
486 1693 546 1728 τοῦ
575 1688 740 1728 τοσούτου
761 1689 925 1741 μεγέθους
945 1693 1014 1728 τῶν
1035 1692 1174 1741 ἀγαθῶν
1187 1707 1195 1715 ·

168 1751 358 1796 ἐπεισῆλθε
370 1749 409 1788 δὲ
426 1749 546 1788 λοιπὸν
565 1752 583 1787 6
599 1753 661 1797 τῆς
677 1750 860 1794 συνουσίας
877 1750 993 1801 νόμος.
1009 1751 1198 1799 Ἐννόησόν

170 1827 232 1861 μοι
251 1811 377 1857 τοίνυν,
393 1810 554 1862 ἀγαπητὲ
565 1841 577 1859 ,
593 1811 672 1849 ὅσον
686 1813 749 1856 τῆς
766 1811 955 1863 παρθενίας
972 1812 1014 1851 τὸ
1035 1812 1172 1862 ἀξίωμα
1185 1842 1195 1861 ,

168 1871 265 1914 ὅπως
274 1872 406 1922 ὑψηλόν
418 1871 451 1908 τί
466 1874 539 1909 ἐστι
555 1872 614 1909 καὶ
627 1871 716 1922 μέγα
726 1874 849 1924 χρῆμα
863 1902 872 1920 ,
884 1872 944 1910 καὶ
961 1873 1198 1925 ὓπεραναὸαἶ·

170 1945 228 1969 νον
246 1931 309 1978 τὴν
329 1931 428 1983 φύσιν
449 1930 513 1978 τὴν
533 1931 767 1984 ἀνθρωπίνην,
785 1932 846 1970 καὶ
870 1935 933 1979 τῆς
964 1933 1093 1971 ἄνωθεν
1116 1934 1196 1972 δεό-

170 2007 276 2042 μενον
296 1991 425 2044 χειρός.
443 1991 526 2030 ’Ότι
546 1991 614 2044 γὰρ
633 1993 669 2029 ἐν
689 1991 829 2043 σώματι
847 1992 893 2030 τὰ
911 1996 980 2032 τῶν
997 1995 1196 2044 ἀσωμάτων

172 2052 431 2090 ἐπιδείκνυνται
452 2051 632 2100 δυνάμεων
660 2055 692 2090 οἱ
720 2052 783 2098 τὴν
804 2053 992 2105 παρθενίαν
1011 2055 1198 2105 προθύμως

170 2112 352 2163 ἑλόμενοι,
370 2113 474 2150 ἄκουε
493 2114 553 2150 τοῦ
573 2113 726 2163 Χριστοῦ
751 2112 911 2164 λέγοντος
936 2120 1007 2158 τοῖς
1033 2115 1195 2153 Σαδδου-

1257 470 1438 508 hominem
1457 484 1476 507 e
1491 468 1633 519 regione
1660 466 1817 519 paradisi
1845 465 2020 511 habitare,
2037 465 2099 503 scd
2118 480 2208 517 prae-

1258 531 1390 583 cepisse
1402 531 1522 577 etiam,
1541 539 1579 567 ut
1593 529 1741 567 virtutes
1757 527 1826 564 illae
1849 526 2046 564 Cherubim
2056 535 2089 563 et
2104 526 2207 564 ssani—

1260 608 1359 631 meus
1389 592 1530 644 gladius
1553 591 1613 628 ilIe
1640 588 1816 629 versatilis
1849 587 2067 626 custodirent
2095 587 2208 630 viam.

1259 668 1337 704 quae
1350 653 1435 691 illuc
1459 651 1662 690 inducebat.
1682 651 1754 688 Nec
1773 650 1909 700 absque
1930 662 2035 686 causa
2053 647 2211 695 addidit,

1262 713 1509 758 Versatilem‚
1529 711 1591 749 sed
1617 719 1657 747 ut
1689 710 1813 748 doceat
1839 723 1916 758 nos,
1943 723 2084 747 omnem
2116 708 2213 746 viam

1260 774 1323 812 illo
1339 774 1528 812 ducentem
1546 770 1756 823 praeclusam
1771 771 1893 817 fuisse,
1905 784 1944 807 eo
1958 769 2055 820 quod
2071 769 2213 821 gladius

1258 834 1320 872 ille
1339 833 1428 871 dum
1460 840 1674 880 versaretur,
1710 831 1893 869 obturaret
1925 839 1958 866 et
1986 830 2216 881 praemuniret

1261 909 1382 934 omnes
1401 894 1478 933 vias
1498 907 1576 944 quae
1603 892 1667 930 illo
1692 891 1876 939 ducerent,
1896 900 1928 928 et
1949 900 1987 927 ut
2013 890 2214 928 continuam

1262 956 1472 995 memoriam
1485 964 1519 993 et
1538 953 1700 992 timorem
1718 952 1874 994 incutere
1887 950 1940 988 illi
1956 960 2082 1003 posset.

1316 1082 1354 1119 4.
1376 1081 1513 1120 Adam
1540 1086 1671 1118 autem
1701 1079 1877 1130 cognovit
1907 1076 2036 1114 Evam
2057 1088 2216 1113 uxorem
2234 1085 2354 1125 0³1„ss

1263 1202 1557 1250 inobedientiam,
1584 1209 1666 1254 post
1690 1198 1845 1252 paradisi
1867 1198 2105 1245 amissionem,
2134 1207 2220 1235 tunc

1263 1265 1424 1318 primum
1436 1277 1522 1302 usus
1539 1262 1591 1301 rei
1604 1275 1762 1301 venereae
1774 1260 1893 1312 coepit.
1908 1262 1998 1297 Ante
2012 1258 2220 1297 inobedien-

1265 1327 1354 1364 tiam
1364 1324 1459 1363 enim
1471 1323 1669 1376 angelicam
1679 1321 1792 1361 vitam
1806 1320 2051 1367 imitabantur,
2059 1328 2093 1357 et
2101 1319 2222 1357 nullus

1265 1385 1311 1424 de
1333 1399 1371 1424 re
1388 1398 1538 1424 venerea
1553 1396 1668 1421 sermo
1683 1390 1772 1420 erat.
1790 1381 1863 1428 Qui
1882 1381 1978 1418 enim
1992 1379 2123 1432 potuit,
2139 1392 2223 1416 cum

1267 1461 1381 1498 neque
1408 1445 1654 1498 corporalibus
1673 1442 1940 1482 necessitatibus
1967 1440 2116 1479 obnoxii
2143 1440 2221 1477 fue-

1268 1507 1368 1546 rint?
1386 1508 1512 1558 Itaque
1525 1507 1571 1544 ab
1594 1504 1698 1543 initio
1717 1502 1906 1555 virginitas
1920 1501 2077 1553 palmam
2092 1500 2223 1552 princi-

1267 1577 1372 1621 patus
1378 1567 1514 1619 accepit
1523 1582 1530 1603 ε
1540 1566 1603 1604 sed
1613 1574 1802 1617 postquam
1813 1577 1876 1615 per
1887 1561 2064 1600 desidiam
2078 1561 2226 1598 intravit

1268 1627 1564 1676 inobedientia7et
1576 1626 1696 1664 aditus
1710 1624 1908 1677 patefactus
1923 1631 1975 1660 est
1991 1631 2148 1674 peccato,
2162 1621 2225 1659 illa

1269 1689 1416 1740 quidem
1434 1687 1608 1736 avolavit,
1625 1693 1747 1738 utpote
1765 1684 1811 1723 ab
1828 1683 1873 1721 iis
1891 1683 1954 1734 qui
1974 1681 2115 1734 indigni
2145 1690 2224 1719 tan-

1269 1760 1312 1789 tae
1329 1749 1473 1789 virtutis
1496 1745 1744 1798 magnitudine
1770 1744 1853 1782 sacti
1871 1752 1992 1781 erant:
2008 1742 2225 1781 subintravit

1268 1819 1388 1848 autem
1415 1809 1475 1847 lex
1509 1819 1727 1858 congressus.
1760 1804 1889 1855 Cogita
1920 1803 2046 1854 igitur,
2077 1802 2220 1850 dilecte,

1267 1879 1400 1922 quanta
1432 1867 1652 1920 virginitatis
1679 1865 1852 1917 dignitas,
1877 1878 1987 1914 quam
2005 1863 2170 1901 sublimis
2190 1872 2224 1900 et

1269 1945 1398 1984 magna
1413 1929 1601 1983 possessio,
1621 1941 1700 1978 quae
1721 1926 1768 1964 sit
1786 1939 1892 1977 supra
1910 1924 2103 1962 humanam
2119 1932 2221 1961 natu-

1268 2006 1360 2042 ram,
1381 2001 1415 2030 et
1433 2005 1510 2042 quae
1536 2003 1628 2042 opus
1649 1987 1780 2026 habeat
1800 1999 1908 2023 manu
1927 1999 2093 2037 superna.
2117 1984 2223 2031 Quod

1266 2054 1362 2091 enim
1383 2052 1410 2090 ii
1427 2051 1490 2102 qui
1509 2049 1754 2101 virginitatem
1782 2045 1947 2085 alacriter
1974 2045 2166 2097 arripiunt,
2186 2045 2222 2082 in

1267 2127 1416 2166 corpore
1429 2127 1470 2152 ea
1485 2120 1590 2163 agant
1604 2125 1682 2162 quae
1702 2110 1992 2161 incorporearum
2010 2115 2092 2145 sunt
2105 2107 2222 2147 virtu-

1264 1156 1388 1182 suam.
1409 1140 1602 1180 Considera
1625 1137 1769 1190 quando
1793 1138 1861 1175 hoc
1885 1137 2019 1174 factum
2045 1136 2104 1174 sit.
2134 1137 2260 1174 Post'·
2288 1137 2312 1156 ¹·

1267 2184 1360 2224 tum,
1381 2173 1468 2211 audi
1488 2172 1674 2211 Christum
1691 2169 1902 2210 sadducaeis
1921 2168 2120 2206 dicentem:
2138 2183 2221 2207 nam
2235 2191 2348 2218 Matm.
2372 2200 2422 2220 ,2-

1266 2234 1312 2274 de
1323 2232 1580 2272 resurrectione
1591 2230 1823 2283 quaestionem
1838 2238 2031 2278 moventes,
2039 2229 2222 2268 sciscitan-
2234 2233 2285 2260 25-
2298 2249 2338 2254 -
2348 2233 2399 2261 30·

1265 2304 1318 2334 tes
1332 2294 1516 2333 dicebant:
1528 2294 1731 2344 Magister,
1747 2298 1861 2329 erant
1876 2290 1983 2340 apud
1993 2302 2061 2327 nos
2077 2298 2221 2341 septem
2234 2273 2424 2342 L—”‘'33²(}{'²{2

1254 2359 1422 2410 fratres,
1436 2365 1473 2394 et
1483 2357 1631 2408 primus
1643 2365 1762 2390 uxore
1780 2352 1900 2389 ducta
1923 2351 2131 2402 defienctus
2150 2359 2218 2399 est,
2236 2355 2333 2382 Marc·
2362 2364 2408 2384 ¹2-

169 2172 299 2215 καίοις·
319 2173 437 2217 ἐπειδὴ
461 2171 528 2223 γὰρ
546 2172 604 2211 τὸν
626 2172 707 2223 περὶ
728 2175 791 2219 τῆς
810 2173 1034 2217 ἀναστάσεως
1061 2179 1196 2213 κινοῦν-

167 2249 226 2276 τες
256 2232 356 2296 λόγον
388 2232 620 2271 πυνθάνεσθαι
648 2232 853 2272 εε’ὅούλοντο
887 2234 1061 2286 λέγοντες·
1087 2235 1195 2273 Διδά-

165 2295 296 2341 σκαλε,
316 2297 404 2340 ἠσαν
419 2295 502 2346 παρ’
524 2296 605 2345 ὑμῖν
631 2293 722 2332 ἑπτὰ
743 2294 904 2347 ἀδελφοὶ,
929 2294 990 2333 καὶ
1019 2298 1037 2334 6
1056 2298 1194 2348 πρῶτος

169 2354 334 2406 γαμήσας
354 2355 574 2402 ἐτελεύτησε,
593 2354 643 2405 μὴ
663 2355 752 2407 ἔχων
773 2355 898 2402 τέκνα,
918 2356 978 2395 καὶ
996 2359 1111 2410 ἀφ’ἥκε
1128 2358 1192 2406 τὴν

2239 2397 2383 2435 19.—-25.

167 2421 315 2465 γυναῖκα
340 2417 445 2453 αὐτοῦ
462 2418 512 2468 τῷ
526 2416 664 2468 ἀδελφῷ
681 2418 784 2456 αὐτοῦ
798 2433 806 2440 ·
826 2417 885 2455 καὶ
904 2420 922 2456 6
943 2418 1100 2471 δεύτερος
1121 2422 1193 2458 ἐτε-

168 2475 333 2522 λεύτησε,
351 2475 410 2513 καὶ
438 2475 486 2526 μὴ
515 2476 606 2528 ἔχων
630 2477 771 2529 σπέρμα
806 2480 920 2530 ἀφ’ῆκε
946 2479 1009 2527 τὴν
1043 2487 1191 2532 γυναῖκα

169 2539 275 2575 αὐτοῦ
291 2539 340 2588 τῷ
360 2537 499 2589 ἀδελφῷ
523 2539 626 2576 αὐτοῦ
639 2555 647 2562 ·
663 2538 791 2590 ὁμοίως
811 2541 870 2578 καὶ
893 2543 912 2579 6
937 2540 1052 2592 τρίτος
1065 2571 1074 2588 ,
1095 2543 1155 2581 καὶ
1173 2547 1191 2583 6

169 2596 350 2649 τέταρτος,
368 2597 427 2635 καὶ
439 2601 457 2636 6
472 2597 632 2648 πέμπτος
642 2628 652 2644 ,
667 2600 727 2638 καὶ
743 2602 760 2638 6
777 2600 894 2649 ἕκτος,
913 2601 974 2640 καὶ
989 2606 1007 2641 6
1027 2602 1188 2654 ἕὸδομος.

170 2654 232 2696 Ἐν
249 2662 291 2708 τῇ
319 2653 376 2696 οὖν
397 2659 586 2697 ἀναστάσει
614 2659 706 2704 τίνος
731 2664 800 2700 τῶν
833 2662 924 2701 ἑπτὰ
954 2663 1054 2702 ἔσται
1085 2665 1169 2716 γυνή
1179 2682 1188 2713 ;

167 2719 302 2762 Πάντες
319 2718 386 2771 γὰρ
406 2719 507 2771 ἔσχον
529 2720 648 2767 αὐτήν.
668 2721 715 2760 Τί
734 2715 793 2760 οὖν
811 2726 830 2762 6
850 2725 1001 2776 Χριστὸς
1019 2725 1105 2779 πρὸς
1121 2728 1186 2764 αὖ·

166 2779 266 2825 τούς;
289 2781 494 2828 Πλανᾶσθε,
517 2780 566 2831 μὴ
589 2782 715 2826 εἰδότες
741 2783 804 2827 τὰς
824 2785 986 2837 Γραφὰς,
1005 2786 1094 2836 μηδὲ
1121 2786 1186 2833 τὴν

167 2837 313 2890 δύναμιν
331 2845 390 2879 τοῦ
409 2841 517 2879 Θεοῦ·
537 2844 572 2880 ἐν
588 2841 655 2894 γὰρ
674 2847 717 2896 τῇ
745 2845 933 2885 ἀναστάσει
950 2846 1028 2886 οὔτε
1055 2853 1185 2899 γαμοῦ-

208 2966 223 2981 ·
238 2956 319 3000 nic,
336 2968 413 3002 post
435 2969 575 3006 παρέχειν
601 2967 779 3009 δυναμένης,
794 2969 976 3002 Homiliam
1001 2969 1168 3004 decimam

163 3018 319 3043 octavam
338 3013 384 3045 sic
401 3013 561 3048 claudunt
583 3016 650 3050 duo
666 3019 882 3063 Manuscripti
899 3023 1062 3065 [quorum
1086 3034 1168 3055 unus

1265 2433 1344 2456 non
1366 2420 1513 2456 habens
1531 2417 1684 2464 liberos,
1703 2422 1740 2451 et
1755 2414 1902 2451 dimisit
1922 2425 2082 2450 uxorem
2107 2426 2219 2450 suam

1258 2482 1381 2532 fratri
1393 2493 1474 2518 suo.
1489 2477 1676 2517 Similiter
1689 2483 1727 2514 et
1741 2474 1944 2523 secundus,
1957 2481 1994 2511 et
2022 2475 2168 2522 tertius,
2181 2482 2218 2511 et

1262 2549 1441 2593 quartus,
1463 2546 1500 2577 et
1532 2539 1705 2589 quintus,
1729 2543 1765 2572 et
1786 2542 1930 2580 sextus,
1956 2543 1993 2571 et
2017 2536 2213 2584 septimus.

1263 2605 1313 2639 In
1330 2601 1612 2639 resurrectione
1626 2608 1715 2647 ergo
1733 2597 1845 2646 cujus
1860 2608 1881 2631 e
1892 2602 2035 2645 septem
2052 2594 2132 2632 illis
2144 2598 2217 2632 erit

1213 2681 1240 2711 1)
1264 2666 1387 2701 uxor?
1403 2663 1544 2699 Omnes
1558 2659 1659 2695 enim
1672 2657 1891 2693 habuerunt
1900 2654 2023 2691 illam.
2037 2653 2136 2700 Quid
2151 2654 2216 2706 igi-

1265 2734 1324 2762 tur
1332 2723 1420 2761 dicit
1433 2721 1506 2759 illis
1521 2717 1686 2757 Christus
1695 2717 1885 2761 9Erratis‚
1896 2717 2106 2753 nescientes
2114 2715 2214 2754 Scri-

1262 2794 1412 2838 pturas,
1437 2794 1559 2832 neque
1585 2781 1771 2816 virtutem
1789 2776 1876 2813 Dei.
1896 2777 1946 2812 In
1967 2779 2214 2814 resur-rectio-

1263 2860 1309 2886 ne
1323 2848 1427 2884 enim
1442 2855 1564 2894 neque
1576 2851 1713 2878 uxores
1730 2837 1890 2882 ducunt,
1905 2849 2029 2887 neque
2045 2838 2208 2880 nubunt,

1202 2977 1402 3017 ἐργαςόμενος
1417 2975 1471 3008 τὴν
1493 2976 1558 3010 γῆν.
1573 2965 1712 2998 Initium
1730 2971 1841 2997 autem
1855 2963 2009 2997 Homiliae
2020 2965 2069 2997 εἰσ
2083 2964 2182 2998 habet
2202 2980 2208 2997 ε

1202 3031 1306 3058 Σκόπει
1321 3031 1412 3063 πότε,
1430 3030 1494 3055 ete.
1518 3018 1607 3052 Ibid.
1627 3016 1730 3052 Savil.
1749 3024 1782 3049 et
1798 3017 1943 3060 quinque
1956 3017 2032 3050 Mss.
2051 3024 2139 3052 τοῦτο
2162 3024 2211 3061 γέ-

163 3070 213 3094 e⁵²
235 3063 387 3108 C⁰'⁵¹¹¹¹·]
410 3078 416 3097 ἶ
442 3071 648 3114 &exuperiam
668 3073 718 3105 οὖν
738 3079 963 3117 ἀναπέμψωμεν
984 3084 1103 3120 Χριστῷ
1126 3084 1168 3119 τῷ
1199 3081 1390 3119 γονε,μετά.

165 3116 292 3158 ἀληθινῷ
315 3121 370 3161 θεῷ
387 3123 482 3160 ἡμῶν,
499 3125 545 3154 ὅτι
562 3125 642 3165 αὐτῷ
657 3129 764 3168 πρέπει
780 3127 866 3166 δόξα,
884 3131 1010 3169 κράτος,
1029 3134 1103 3171 τιμὴ
1120 3134 1169 3163 καὶ

164 3169 354 3212 προσκύνησις
375 3176 422 3204 νῦν
437 3175 486 3206 καὶ
511 3176 558 3206 ἀεὶ
579 3179 645 3205 etc.
670 3181 703 3207 et
726 3183 841 3218 postea
863 3176 1044 3211 nomiliam
1065 3181 1104 3212 ⁴9
1122 3182 1170 3213 εἰο

166 3217 342 3252 ordiuntur
358 3233 365 3251 :

221 3318 228 3326 ἲ
579 3273 691 3319 ὁμιλία
708 3279 758 3312 ιθ’.

216 3323 300 3362 Αὸἁμ,
315 3323 346 3355 δὲ
369 3326 440 3364 ἔγνω
460 3329 536 3359 Εὔαν
552 3333 606 3366 τὴν
620 3336 741 3371 γυναῖκα
758 3335 866 3369 αὑτοῦ,
884 3338 916 3363 et
934 3338 1058 3365 textum
1076 3333 1167 3366 Scri-

171 3378 274 3413 pturae
283 3383 533 3419 prosequuntur,
542 3378 767 3425 claudumque
784 3384 816 3416 in
835 3383 902 3417 liaec
923 3385 1035 3427 verba,
1053 3393 1123 3420 κάτν
1140 3390 1167 3419 ὖὲ

1248 3130 1264 3153 b
1281 3128 1382 3161 SaviI.
1407 3135 1440 3160 et
1456 3133 1598 3170 quatuor
1614 3123 1691 3155 MSS.
1716 3126 1815 3156 αὐτῶν
1836 3129 2008 3164 γεγονότων.
2027 3122 2120 3154 Infra
2137 3125 2209 3166 qui-

1202 3179 1281 3213 dam
1297 3185 1346 3214 καὶ
1362 3182 1534 3224 ὑπερὸαῑνον
1549 3183 1603 3215 τὴν
1618 3178 1710 3220 φύσιν.
1727 3174 1804 3206 Mox
1826 3172 1964 3216 quidam
1982 3174 2057 3206 Mss.
2073 3177 2210 3218 δεόμενον

1202 3250 1243 3277 χα
1266 3248 1338 3271 ιτος.

1244 3250 1352 3317 §Duo
1376 3283 1451 3315 Mss.
1477 3289 1510 3314 et
1533 3279 1634 3315 Savil.
1660 3282 1831 3319 ἐδούλοντο,
1861 3283 2022 3323 ἐπηρώτων
2048 3283 2134 3313 αὐτὸν
2162 3284 2211 3312 λε’-

1203 3351 1312 3378 γοντες.
