2516 3791
690 187 733 218 IN
772 188 874 218 c-tt‘.
915 187 1009 216 ΧΙΙΙ.
1048 183 1207 214 GENES.
1249 182 1404 212 noant„
1447 182 1604 212 XXXIV.
2067 173 2148 229 401

110 274 172 322 τ’),ν
194 272 374 324 Μαμδρὴ,
403 270 524 314 εὐθέως
552 264 623 309 ἐκεῖ
652 270 898 322 θυσιαστήριον
929 267 1133 321 ᾠκοδόμησε

110 336 160 384 τῷ
188 332 317 386 Κυρίῳ.
347 326 446 375 Εἶδες
474 332 682 384 εὐχάριστον
707 331 874 382 γνώμηνς
894 329 1040 376 Ἐπειδὴ
1068 329 1134 380 γὰρ

109 393 173 441 τὴν
199 393 329 440 σκηνὴν
359 392 531 439 ἐπήξατο,
561 393 686 436 εὐθέως
711 391 799 444 ὑπὲρ
823 394 886 437 τῆς
905 389 1136 442 γεγενημένης

110 457 205 508 αὐτῷ
236 453 446 505 ἐπαγγελίας
474 452 534 497 τὰς
563 453 785 507 εὐχαριστίας
815 453 956 505 ἀνέφερε
986 454 1036 503 τῷ
1069 453 1135 488 Δε-

111 516 237 567 σπότῃ.
266 515 336 553 Καὶ
369 515 448 553 καθ’
467 514 614 553 ἕκαστον
638 514 757 562 τόπον,
790 514 870 552 ἔνθα
901 512 1135 558 κατεσκήνου,

109 577 268 630 εὑρήσεις
302 577 404 615 αὐτὸν
439 576 561 614 τούτου
589 576 656 628 πρὸ
681 576 822 614 πάντων
851 572 1136 624 ἐπιμελούμενον,

110 637 171 676 καὶ
187 637 430 689 θυσιαστήριον
448 638 695 686 οἰκοδομοῦντα
706 667 715 684 ,
736 636 795 674 καὶ
810 635 871 678 τὰς
887 633 992 686 εὐχὰς
1013 631 1137 683 ἀναφέ-

115 714 217 751 ροντα
233 728 241 744 ,
271 698 330 736 καὶ
364 697 593 736 ἀποστολικὸν
622 696 726 748 νόμον
753 698 972 747 πληροῦντα,
1000 693 1058 730 τὸν
1078 708 1137 730 κε-

111 759 257 798 λεύοντα
276 759 311 796 ἓν
339 758 445 796 παντὶ
467 757 565 810 τόπῳ
592 757 757 809 εὔχεσθαι
790 755 997 808 ἐπαίροντας
1023 752 1137 797 ὁσίους
1148 787 1177 813 3st

1208 273 1358 303 mentem
1379 264 1547 317 operibus
1567 263 1654 317 ipsis
1674 263 1854 302 declarare
1874 264 2050 303 studebat.
2067 268 2155 303 Nam

1207 336 1394 379 postquam
1431 326 1701 364 tabernaculum
1738 325 1820 363 fixit
1852 326 1950 378 apud
1986 341 2155 376 quereum

1208 387 1389 437 Mambre,
1421 386 1542 425 statim
1569 387 1619 425 ihi
1647 386 1828 425 exstruxit
1856 387 1967 425 altare
1992 388 2157 425 Domino.

1209 447 1344 486 Vidisti
1367 457 1520 486 mentem
1541 448 1704 500 gratam?
1728 448 1822 494 Quia
1838 462 1922 486 mox
1945 458 1983 486 ut
2000 448 2159 485 taberna—

1206 509 1328 546 culum
1350 509 1442 557 fixit,
1475 509 1595 547 statim
1618 524 1682 562 pro
1715 511 1804 548 sacta
1829 509 1896 547 sibi
1929 510 2161 563 promissioni·

1207 569 1405 617 gratiarum
1433 570 1588 607 actiones
1616 571 1747 608 obtulit
1775 571 1941 608 Domino.
1965 570 2012 608 Et
2036 570 2069 608 in
2090 571 2162 608 sin-

1207 629 1301 679 gulis
1322 630 1407 666 locis
1430 630 1490 666 ubi
1512 631 1779 669 tabernaculum
1799 632 1895 681 fixit,
1916 632 2074 670 invenies
2095 632 2162 669 boc

1208 704 1278 741 prae
1295 690 1463 727 omnihus
1479 690 1509 727 ei
1541 692 1648 728 fuisse
1668 706 1774 740 curre,
1802 702 1839 730 ut
1858 703 2038 731 exstructo
2057 694 2161 731 altari

1181 787 1194 810 6
1208 764 1327 802 preces
1349 752 1508 798 offerret,
1528 760 1561 788 et
1579 752 1730 803 apostoli
1748 764 1964 805 pra-ceptum
1987 754 2161 805 impleret,

112 826 244 871 γεῐρας.
269 813 367 861 Εἶδες
390 818 506 870 ψυχὴν
524 817 768 871 ἐπτερωμένην
788 815 874 868 πρὸς
891 815 948 853 τὸν
967 818 1027 852 τοῦ
1043 815 1136 852 Θεοῦ
1160 825 1184 852 Α
1202 811 1363 862 jubentis
1394 820 1433 849 ut
1462 811 1497 848 in
1530 811 1627 849 omni
1662 811 1740 848 loco
1766 822 1900 861 oretur,
1926 823 1960 850 et
1980 814 2162 851 eleventur
2182 835 2205 853 t.
2228 826 2304 854 Tim.
2328 835 2361 853 2.

112 879 230 926 πόθον,
265 879 323 916 καὶ
355 878 443 930 ὑπὲρ
481 877 648 916 ἁπάντων
693 876 897 929 εὐχάριστον
934 874 1138 927 γινομένην,

112 939 204 979 Οὐδὲ
223 938 291 992 γὰρ
310 939 471 989 ἀνέμενεν
489 941 536 982 εἰς
555 937 654 989 ἔργον
669 939 778 976 ἐλθεῖν
797 937 842 976 τὰ
858 935 1115 988 ἐπαγγελθέντα
1129 967 1139 983 ,

113 1000 204 1038 ἀλλὰ
229 1001 287 1038 καὶ
309 998 396 1051 ὑπὲρ
425 1002 487 1045 τῆς
514 998 736 1051 ὑποσχέσεως
762 1002 982 1052 εὐχαριστεῖ,
1012 997 1072 1035 καὶ
1096 997 1141 1035 τὰ

113 1062 196 1113 παρ’
216 1063 339 1099 ἑαυτοῦ
355 1059 604 1107 ἐπιδείκνυται,
620 1059 676 1098 ἵνα
695 1059 758 1107 τὴν
779 1059 836 1098 ἐπὶ
858 1065 928 1102 τοῖς
946 1057 1140 1110 προλαέοῦ-

110 1136 168 1160 σιν
185 1120 448 1174 εὐγνωμοσύνην
465 1119 735 1170 ἐπιδειξάμενος,
756 1120 816 1158 καὶ
834 1120 915 1173 περὶ
927 1119 990 1167 τὴν
1012 1118 1143 1165 ἐκπλή-

120 1199 223 1235 ρωσιν
250 1185 318 1220 τῶν
345 1182 560 1233 ἐπαγγελιῶν
589 1181 826 1227 ἐκκαλέσηται
848 1181 905 1220 τὸν
934 1183 1057 1219 ἑαυτοῦ
1077 1181 1143 1218 Δε-

118 1244 267 1292 σπότην.

170 1307 301 1343 Τοῦτον
319 1304 359 1351 δὴ
372 1304 431 1342 καὶ
450 1306 552 1354 ἡμεῖς
573 1303 778 1354 μιμώμεθα,
790 1303 851 1341 καὶ
868 1304 1050 1356 θαρρῶμεν
1069 1308 1145 1346 ταῖς

116 1370 176 1404 τοῦ
195 1368 287 1405 Θεοῦ
303 1365 528 1416 ὑποσχέσεσι,
558 1364 617 1402 καὶ
647 1364 735 1414 μήτε
752 1367 769 1402 ὁ
784 1364 907 1416 χρόνος
938 1363 1146 1416 ἀμαυρούτω

116 1425 181 1471 τὴν
200 1425 409 1479 προθυμίαν,
431 1424 519 1475 μήτε
535 1424 579 1463 τὰ
595 1426 630 1462 ἐν
652 1424 748 1476 μέσῳ
766 1425 971 1475 κωλύματα,
989 1424 1029 1462 ἂν
1050 1441 1146 1475 συμ-

115 1487 200 1533 ὃαίη
218 1517 227 1531 ,
257 1486 438 1538 χαυνούτω
466 1489 569 1536 ἡμῶν
595 1485 654 1524 τὸν
683 1484 851 1537 λογισμόν
868 1502 875 1509 ·
898 1485 988 1524 ἀλλὰ
1012 1489 1055 1538 τῇ
1081 1490 1141 1524 τοῦ

117 1550 209 1585 Θεοῦ
229 1547 374 1596 δυνάμει
390 1549 605 1599 θαρροῦντες,
632 1549 678 1590 ὡς
698 1546 765 1594 ἤδη
783 1546 852 1599 πρὸ
870 1550 938 1585 τῶν
958 1548 1145 1599 ὀφθαλμῶν

117 1610 264 1659 ὁρῶντες
283 1607 346 1650 τὰς
359 1607 566 1659 ὑποσχέσεις
582 1607 826 1656 ἐκὲεὸηκυίας,
842 1606 932 1646 οὕτω
945 1607 1008 1655 τὴν
1028 1608 1146 1646 πίστιν
1170 1617 1192 1647 Β

117 1671 288 1722 εἰλικρινῆ
317 1667 582 1719 ἐπιδειξ(-’)μεθα.
617 1668 688 1706 Καὶ
707 1668 775 1720 γὰρ
800 1668 860 1706 καὶ
892 1672 978 1719 ἡμῖν
1010 1669 1145 1719 μεγάλοι

115 1730 177 1768 καὶ
199 1729 376 1781 ὑπέρογκα
395 1729 629 1781 ἐπηγγείλατο
649 1732 666 1767 ὁ
680 1729 872 1778 Δεσπότης,
892 1730 952 1767 καὶ
977 1729 1148 1782 ὑπερὸαί-

117 1807 220 1829 νοντα
237 1791 295 1828 τὸν
316 1790 484 1843 ἡμέτερον
499 1790 679 1842 λογισμὸν,
696 1793 758 1837 τῆς
776 1790 955 1842 βασιλείας
974 1791 1066 1843 λέγω
1083 1791 1146 1838 τὴν

119 1851 326 1898 ἀπολαυσιν,
357 1854 427 1889 τῶν
456 1851 664 1904 ἀπορρήτων
694 1853 832 1904 ἀγαθῶν
859 1851 924 1898 τὴν
947 1852 1147 1902 μετουσίαν,

119 1911 183 1958 τὴν
207 1912 296 1962 μετὰ
317 1912 471 1963 ἀγγέλων
493 1913 685 1964 διαγωγὴν,
706 1912 770 1960 τὴν
790 1916 852 1960 τῆς
870 1912 1010 1964 γεέννης
1032 1915 1148 1952 ἀπαλ-

120 1974 243 2024 λαγήν.
263 1972 368 2011 Ἀλλὰ
389 1972 483 2023 ὅμως
499 1972 608 2023 μηδὲν
628 1975 845 2025 ἀπιστῶμεν,
861 1975 981 2020 ἐπειδὴ
1000 1973 1049 2024 μὴ
1064 1977 1149 2027 ὁρᾶ-

121 2050 180 2072 ται
197 2040 265 2077 τοῖς
287 2040 502 2085 σωματικοῖς
526 2035 736 2086 ὀφθαλμοῖς·
759 2034 849 2073 ἀλλὰ
867 2036 906 2074 τὸ
924 2034 1070 2087 ἀψευδὲς
1095 2039 1146 2074 ἐν·

119 2100 274 2138 νοοῦντες
289 2099 348 2133 τοῦ
363 2095 673 2147 ἐπαγγειλαμένου,
692 2096 753 2134 καὶ
770 2099 832 2142 τῆς
851 2096 1029 2147 δυνάμεως
1045 2098 1148 2135 αὐτοῦ

120 2156 160 2194 τὸ
203 2155 361 2208 μέγεθος,
390 2162 460 2199 τοῖς
484 2160 546 2203 τῆς
573 2156 722 2200 πίστεως
742 2158 932 2209 ὀφθαλμοῖς
964 2155 1052 2195 αὐτὰ
1083 2172 1147 2194 κα-

118 2216 355 2266 τοπτεύωμεν,
371 2217 431 2254 καὶ
450 2219 491 2254 ἐκ
507 2220 573 2256 τῶν
591 2218 658 2264 ἤδη
678 2217 971 2270 παρασχεθέντων
988 2217 1050 2256 γκαὶ
1067 2217 1148 2268 περὶ

118 2281 187 2316 τῶν
206 2277 402 2328 μελλόντων
418 2279 575 2331 χρηστὰς
591 2278 728 2330 ἔχωμεν
744 2279 807 2323 τὰς
826 2278 985 2322 ἐλπίδας·
1006 2277 1064 2316 διὰ
1078 2277 1147 2330 γὰρ
1169 2281 1194 2312 C

117 2343 220 2377 τοῦτο
251 2339 312 2377 καὶ
333 2340 478 2378 ἐνταῦθα
505 2339 618 2378 πολλὰ
650 2343 735 2392 ἡμῖν
767 2340 988 2392 ἐδωρήσατο,
1018 2339 1076 2377 ἵνα
1108 2340 1148 2376 ἐκ

114 2399 249 2438 τούτων
265 2400 495 2452 ὁδηγούμενοι
511 2402 571 2440 καὶ
586 2402 667 2454 περὶ
683 2403 822 2440 ἐκείνων
838 2405 974 2456 θαρρεῖν
994 2401 1145 2453 ἔχωμεν.

120 2459 166 2499 Ὁ
200 2459 268 2514 γὰρ
302 2461 360 2500 τὸν
392 2464 514 2501 ἑαυτοῦ
540 2463 612 2501 υἱὸν
638 2462 756 2506 ἐκδοὺς
779 2463 836 2501 διὰ
865 2463 928 2509 τὴν
951 2462 1034 2515 περὶ
1051 2465 1146 2512 ἡμᾶς

121 2522 274 2572 ἀγάπην,
301 2524 377 2566 πῶς
403 2523 482 2575 οὐχὶ
502 2523 619 2562 πάντα
641 2527 725 2576 ἡμῖν
751 2525 795 2563 τὰ
819 2524 927 2563 λοιπὰ
946 2530 1144 2577 χαριεῖται,

120 2582 292 2635 Καθάπερ
321 2583 379 2620 καὶ
408 2584 548 2629 Παῦλός
576 2601 698 2637 φησιν·
719 2585 786 2629 “Oq
808 2602 848 2637 γε
874 2590 933 2624 τοῦ
953 2585 1039 2623 ἰδίου
1058 2586 1144 2624 Υἱοῦ

121 2645 184 2682 οὐκ
215 2643 395 2696 ἐφείσατο,
428 2645 506 2683 ἀλλ’
534 2646 620 2699 ὑπὲρ
647 2650 748 2698 ἡμῶν
774 2647 914 2686 πάντων
943 2647 1143 2701 παρέδωκεν

124 2705 241 2751 αὐτὸν,
258 2708 332 2749 πῶς
346 2706 424 2758 οὐχὶ
438 2706 500 2744 καὶ
515 2706 578 2745 σὺν
599 2709 694 2760 αὐτῷ
714 2708 759 2747 τὰ
774 2708 889 2747 πάντα
902 2712 986 2760 ἡμῖν
1002 2708 1144 2762 χαρίσε-

122 2780 201 2811 ται,
230 2766 274 2803 lii.
301 2764 359 2803 τὸν
386 2767 470 2805 Υἱὸν
504 2770 607 2806 αὐτοῦ
640 2769 804 2813 ἐξέδωκεν
830 2769 918 2822 ὑπὲρ
946 2773 1048 2820 ἡμῶν
1077 2772 1146 2808 τῶν

123 2827 356 2880 ἁμαρτωλῶν,
385 2829 414 2865 εἷ
439 2832 497 2866 τοῦ
521 2830 763 2880 βαπτίσματος
790 2830 852 2878 τὴν
873 2831 1005 2882 δωρεὰν
1025 2831 1147 2883 ἐχαρί-

126 2902 211 2925 σατο
225 2918 234 2934 ,
256 2890 286 2925 εἰ
303 2890 372 2926 τῶν
393 2889 640 2939 προλαὸόντων
659 2892 925 2944 ἁμαρτημάτων
945 2891 1006 2939 τὴν
1025 2893 1146 2944 ἄφεσιν

125 2947 346 2999 ἐδωρήσατο,
367 2950 398 2986 εἷ
417 2950 601 2999 μετανοίας
620 2952 695 2990 ὁδὸν
722 2956 808 3003 ἡμῖν
833 2952 966 3004 ἔτεμεν,
985 2955 1014 2992 εἰ
1041 2953 1149 3005 μυρία

1207 880 1336 909 sancta:
1367 886 1506 910 manus.
1537 871 1674 911 Vidisti
1701 872 1859 910 animam
1891 873 2017 910 divino
2043 889 2162 912 amore
2176 868 2206 896 8.

1209 946 1427 982 succensam,
1445 931 1537 970 etad
1554 934 1672 970 Deum
1683 934 1879 982 volantem,
1893 949 2026 986 proque
2042 936 2161 972 omni-

1209 990 1276 1028 bus
1296 990 1430 1042 gratias
1448 991 1636 1042 agentem?
1655 992 1730 1029 Non
1751 990 1845 1028 enim
1864 993 2084 1043 exspectavit
2100 992 2163 1030 do-

1209 1065 1273 1089 nec
1296 1052 1471 1104 promissa
1495 1052 1780 1104 complerentur3
1810 1052 1874 1090 sed
1898 1061 1930 1090 et
1950 1052 1995 1090 de
2013 1054 2164 1105 promis-

1210 1112 1307 1151 sione
1317 1113 1449 1165 gratias
1457 1113 1546 1165 agit,
1558 1113 1720 1165 nihilque
1731 1127 1800 1151 non
1812 1114 1909 1163 facit,
1920 1124 1958 1152 ut
1968 1114 2013 1152 dc
2024 1116 2166 1167 praeviis

1211 1173 1340 1226 dignas
1362 1175 1493 1226 gratias
1515 1189 1588 1227 prm
1614 1189 1650 1212 se
1679 1175 1812 1222 serenS,
1840 1175 2033 1213 Dominum
2061 1191 2165 1215 suum

1210 1244 1380 1286 provocet
1399 1234 1444 1273 ad
1470 1234 1721 1287 promissiones
1740 1248 1821 1271 suas
1845 1233 2057 1286 implendas.

1267 1302 1303 1340 5.
1324 1302 1435 1340 Illum
1453 1316 1536 1340 sane
1549 1310 1583 1339 et
1602 1315 1665 1339 nos
1685 1300 1879 1350 imitemur,
1903 1304 1938 1339 ct
1954 1301 2165 1353 promissio-
2181 1313 2298 1341 §roratis
2318 1323 2368 1340 cx-

1213 1363 1320 1401 nibus
1340 1362 1475 1401 divinis
1496 1362 1673 1412 fidaums5
1694 1376 1808 1413 neque
1826 1362 1990 1401 alacritas
2009 1372 2165 1415 tempore
2179 1355 2370 1424 &3¹:223ssssss

1213 1424 1427 1473 obsolescat,
1438 1438 1550 1475 neque
1563 1437 1661 1462 mens
1674 1423 1856 1462 remissior
1871 1424 1932 1461 fiat
1944 1439 1988 1462 ex
2003 1425 2166 1463 obicibus
2183 1440 2212 1465 m
2240 1439 2306 1465 fide.

1213 1485 1277 1537 qui
1308 1483 1655 1524 interveniunttsed
1683 1484 1812 1522 virtuti
1841 1484 1974 1522 divinae
1999 1485 2165 1530 fidentes,

1210 1546 1315 1597 quasi
1331 1547 1409 1598 jam
1434 1555 1515 1584 ante
1536 1545 1658 1584 oculos
1689 1544 1896 1583 videremus
1917 1546 2170 1597 promissiones

1216 1607 1378 1661 impleri,
1399 1607 1447 1645 ita
1464 1621 1594 1660 puram
1619 1615 1652 1644 et
1672 1606 1846 1644 sinceram
1868 1606 1977 1644 fidem
1993 1607 2169 1646 exhibea-

1215 1683 1307 1708 mus.
1328 1671 1462 1720 Magna
1489 1668 1586 1706 enim
1614 1676 1649 1705 et
1672 1667 1843 1706 immensa
1872 1669 2037 1720 promisit
2067 1670 2170 1707 nohis

1216 1729 1415 1779 Dominus,
1444 1738 1478 1767 et
1502 1743 1579 1780 quae
1599 1737 1757 1766 nostram
1779 1728 2035 1767 transcendunt
2059 1730 2170 1768 ratio-

1217 1805 1316 1839 nem,
1337 1803 1462 1842 nempe
1479 1803 1541 1828 nos
1556 1789 1749 1842 participes
1765 1789 1863 1840 regni
1887 1790 1975 1839 fore,
1997 1799 2029 1828 et
2049 1790 2169 1828 ineffa-

1216 1851 1348 1890 bilium
1361 1851 1539 1889 bonorum
1554 1859 1746 1900 consorte5‚
1761 1864 1841 1888 cum
1857 1851 1993 1902 angelis
2006 1861 2170 1889 versatu—

1218 1927 1290 1961 ros,
1310 1921 1344 1950 et
1369 1911 1575 1950 liberandos
1597 1925 1617 1948 a
1646 1911 1820 1962 gehenna.
1854 1912 2029 1949 Caeterum
2058 1927 2171 1964 neque

1217 1972 1428 2012 diffidamus
1442 1973 1522 2011 ideo
1534 1972 1631 2024 quod
1648 1986 1685 2009 ea
1701 1986 1771 2010 non
1791 1971 1958 2010 videntur
1975 1975 2168 2026 corporali-

1218 2035 1286 2073 bus
1320 2035 1434 2073 oculis
1455 2051 1465 2083 3
1486 2033 1547 2072 sed
1576 2033 1770 2084 cogitantes
1801 2034 1944 2071 mentiri
1972 2049 2041 2072 non
2069 2050 2171 2087 posse

1216 2109 1300 2134 eum
1320 2095 1381 2146 qui
1399 2095 1633 2148 promisit7et
1647 2093 1760 2146 ipsius
1773 2094 1941 2145 potentiae
1952 2096 2171 2146 magnitudi-

1219 2170 1298 2194 nem
1309 2155 1588 2205 considerantes,
1609 2154 1687 2191 haec
1702 2153 1816 2191 oculis
1827 2153 1910 2192 fidei
1923 2165 2168 2206 contueamur,

1219 2225 1252 2254 et
1268 2230 1313 2254 ex
1329 2216 1373 2254 iis
1393 2229 1472 2267 quae
1488 2215 1566 2267 jam
1585 2227 1748 2252 concessa
1767 2222 1864 2264 sunt,
1883 2214 1990 2253 etiam
2005 2215 2051 2254 de
2067 2217 2170 2255 futu-

1218 2277 1268 2315 ris
1288 2277 1421 2315 bonam
1439 2290 1539 2328 spem
1552 2275 1749 2313 habeamus
1768 2290 1775 2310 :
1792 2288 1834 2312 -ea
1851 2275 1947 2313 enim
1962 2275 2008 2314 de
2023 2291 2127 2316 causa
2139 2288 2172 2316 et

1219 2337 1278 2376 hic
1294 2337 1408 2375 multa
1427 2336 1531 2375 nobis
1554 2335 1684 2374 donata
1701 2344 1798 2384 sunt,
1822 2344 1862 2373 ut
1888 2350 1933 2374 ex
1952 2337 1995 2375 iis
2015 2338 2170 2390 adjuve-

1218 2413 1314 2447 mur,
1330 2412 1508 2450 manuque
1522 2397 1710 2440 ducamur,
1723 2405 1762 2434 ut
1778 2395 1823 2434 de
1841 2397 1914 2435 illis
1925 2412 2066 2450 quoque
2083 2400 2173 2438 bene

1219 2474 1411 2513 speremus.
1435 2461 1528 2498 Nam
1546 2458 1609 2510 qui
1628 2457 1763 2495 Filium
1787 2471 1893 2495 suum
1913 2458 2062 2496 tradidit
2081 2474 2166 2511 pro-

1218 2531 1296 2575 pter
1312 2535 1414 2559 suam
1430 2520 1467 2558 in
1487 2534 1550 2558 nos
1567 2518 1945 2569 caritatem‚quomodo
1965 2533 2034 2557 non
2051 2521 2168 2558 omnia

1218 2583 1321 2621 nobis
1354 2582 1492 2633 reliqua
1525 2580 1719 2632 largiturus
1749 2579 1825 2616 est?
1850 2579 1951 2618 Sicut
1977 2589 2011 2618 et
2036 2582 2170 2619 Paulus

1217 2644 1357 2695 inquit:
1383 2643 1459 2694 Qui
1476 2644 1631 2694 proprio
1655 2641 1762 2678 Filio
1782 2653 1851 2678 suo
1877 2654 1954 2677 non
1975 2645 2164 2693 pepercit,
2187 2651 2371 2684 Rom.8.3.›,.

1217 2706 1287 2744 sed
1298 2719 1370 2757 pro
1383 2706 1491 2741 nobis
1504 2705 1609 2741 omni
1615 2704 1682 2740 bus
1699 2701 1860 2738 tradidit
1873 2701 1998 2748 illum,
2013 2717 2170 2754 quomo—

1218 2768 1269 2804 do
1285 2779 1363 2803 non
1384 2773 1421 2803 et
1443 2766 1576 2802 omnia
1593 2764 1702 2800 nobis
1728 2775 1815 2799 cum
1835 2761 1906 2798 illo
1928 2762 2116 2801 donabit?
2131 2765 2170 2803 Si

1220 2828 1355 2867 Filium
1372 2840 1477 2864 suum
1500 2823 1650 2864 tradidit
1663 2837 1727 2875 pro
1743 2822 1845 2860 nobis
1863 2824 2125 2876 peecatoribus,
2142 2827 2172 2864 si

1221 2888 1447 2942 baptismatis
1465 2887 1603 2925 donum
1622 2884 1773 2936 largitus
1793 2892 1856 2931 est,
1869 2883 1898 2921 si
1921 2884 2083 2936 priorum
2096 2901 2175 2939 pec-

1224 2959 1383 2989 catorum
1398 2948 1638 2987 remissionem
1650 2944 1791 2994 tribuit,
1804 2944 1832 2981 si
1850 2944 2065 2996 poenitentiae
2077 2948 2174 2986 viam

126 3007 229 3058 ἔτερα
247 3009 332 3060 πρὸς
346 3008 408 3055 τὴν
428 3011 604 3062 σωτηρίαν
622 3013 795 3066 ἡμετέραν
815 3014 1149 3065 ἐπραγματεύσατο,
1172 3019 1198 3048 D
1226 3012 1328 3051 nobis
1346 3010 1501 3062 aperuit,
1522 3009 1552 3046 si
1571 3008 1758 3045 innumera
1780 3005 1850 3042 alia
1870 3005 1915 3043 ad
1935 3007 2085 3045 salutem
2108 3023 2175 3046 no-

129 3069 288 3115 δηλονότι
313 3069 372 3107 καὶ
391 3070 436 3108 τὰ
455 3072 489 3107 ἐν
513 3073 564 3123 τῷ
592 3072 755 3123 μέλλοντι
784 3077 870 3125 ἡμῖν
894 3075 1151 3125 τεταμιευμένα

130 3127 245 3178 ἀγαθὰ
269 3129 423 3182 παρέξει.
445 3129 490 3169 ‘O
517 3132 585 3185 γὰρ
610 3134 678 3185 πρὸ
705 3137 766 3180 τῆς
795 3138 842 3179 εἷς
871 3135 911 3173 τὸ
939 3129 1026 3174 εἶναι
1059 3139 1154 3187 ἡμᾶς

130 3187 282 3237 παρόδου
301 3192 412 3227 ταῦτα
431 3193 707 3245 προευτρεπίσας
723 3194 780 3232 διὰ
796 3194 858 3242 τὴν
878 3196 1009 3234 οἰκείαν
1025 3196 1156 3246 ἀγαθό-

132 3263 242 3293 τητα,
262 3252 335 3292 πῶς
359 3251 521 3308 οὐχὶγκαὶ
545 3253 608 3300 τὴν
639 3255 832 3294 ἀπόλαυσιν
857 3264 1050 3309 χαριεῖται,
1074 3258 1158 3297 υΟτι

132 3307 200 3359 γὰρ
215 3309 399 3361 προλαὸὼν
416 3316 526 3351 ταῦτα
540 3318 624 3365 ἡμῖν
643 3316 813 3367 ἡτοίμασε
835 3318 878 3356 τὰ
894 3319 1008 3369 ἀγαθὰ
1024 3349 1033 3367 ,
1057 3319 1158 3357 ἄκουε

138 3369 241 3407 αὐτοῦ
261 3370 418 3420 λέγοντος
439 3373 524 3424 πρὸς
552 3375 629 3420 τοὺς
650 3378 688 3414 ἐκ
713 3377 831 3422 δεξιῶν
856 3381 1028 3422 ἑστῶτας·
1054 3383 1159 3418 Δεῦτε

323 3437 419 3462 ron.
454 3439 505 3462 iv.

1222 3083 1334 3112 stram
1348 3080 1513 3124 operatus
1530 3078 1593 3116 est,
1607 3067 1835 3105 manifestum
1848 3075 1898 3104 est
1913 3081 1993 3104 eum
2011 3077 2043 3105 et
2056 3069 2174 3107 futura

1225 3136 1317 3173 bona
1338 3132 1440 3171 uobis
1462 3129 1615 3182 reposita
1638 3127 1884 3180 praebiturum.
1903 3128 1995 3165 Nam
2015 3129 2076 3178 qui
2090 3144 2176 3181 Dro-

1229 3205 1309 3249 pter
1340 3207 1440 3232 suam
1467 3191 1677 3239 bonitatem,
1705 3197 1893 3239 antequam
1913 3202 1986 3226 esse
2006 3189 2177 3242 inciperc-

1232 3256 1413 3305 1nus‚t·aec
1430 3250 1659 3306 [inrepat-avit,
1672 3249 1852 3301 quomodo
1871 3263 1940 3287 non
1960 3258 1992 3286 et
2006 3250 2076 3287 srui
2097 3265 2181 3289 con-

1235 3317 1357 3356 cedet?
1378 3314 1484 3362 Quod
1500 3322 1617 3351 autem
1638 3312 1738 3364 prius
1755 3311 1833 3349 baec
1858 3311 1949 3348 bona
1967 3311 2067 3349 nobis
2090 3326 2182 3364 prse-

1234 3377 1426 3432 paraverit,
1447 3375 1531 3413 audi
1555 3373 1643 3424 quid
1666 3372 1761 3410 dicat
1788 3372 1964 3409 stantibus
1987 3386 2004 3408 a
2029 3371 2181 3410 dextris:

1951 3439 1997 3473 27
