2516 3791
340 160 435 216 444
792 170 829 198 ⁵·

328 253 530 306 11ειῐ1101011ε1
551 266 618 290 11011
639 251 821 303 spectabat
840 250 886 287 ad
905 248 1157 300 impedimenta
1174 254 1278 282 natu-

869 168 1054 198 Jotxsis
1090 164 1328 195 CHRYSOST·
1368 161 1575 190 ARCHOEP.
1613 161 1967 192 CONSTANTINOP

1352 259 1414 289 της
1434 243 1551 294 Σάρας
1564 273 1574 291 ,
1593 243 1652 281 καὶ
1683 246 1746 289 τ’ῆς
1767 259 1901 295 μητρας
1916 247 1938 290 ἢ
1957 244 2122 296 νέκρωσις
2153 243 2257 282 πολ)
2235 261 2285 290 ην
2312 243 2375 290 τὴν

329 326 396 362 1-’0;
415 312 475 350 sed
493 311 701 363 sapientiam
721 307 866 346 Domini
880 317 1107 357 cognoscens,
1122 302 1279 353 quicum
1305 307 1329 336 D
1353 303 1501 354 ἀπορίαν
1525 305 1716 352 ἐμποιῆσαι
1736 307 1778 350 ἠν
1799 304 1902 351 ἱκανὴ
1931 320 1981 350 τῳ
2005 304 2140 356 δικαίῳ.
2159 303 2248 341 ’m
2269 307 2287 341 ὁ
2306 319 2373 341 πα-

331 388 353 410 11
357 382 466 410 'iturae
484 372 659 410 Dominus
679 379 712 407 et
733 367 906 405 Conditm
919 366 976 412 sit,
998 365 1096 403 viam
1117 364 1152 401 in
1174 362 1282 401 inviis

185 444 272 472 Fides
292 449 319 471 et
332 443 446 486 potest
467 433 529 470 im
531 432 640 480 enire,
663 430 754 466 sicut
781 436 903 478 gratus
922 440 1001 463 serv
1006 440 1046 463 us
1065 439 1134 462 non
1155 424 1282 475 quaerit

131 486 235 513 fiducia

130 527 263 555 Abrahae.

333 492 468 529 curiose
488 489 634 527 modum
656 501 716 525 em
720 501 779 523 um
798 499 877 535 quae
900 485 1006 534 fiunt,
1029 483 1092 521 secl
1111 483 1283 534 relinquit

332 548 683 600 incomprehensibili
695 546 842 585 Domini
859 544 1106 598 providentiae,
1121 553 1155 583 et
1169 543 1283 583 credi-

331 612 384 649 dit
417 611 534 648 dictis.
571 608 710 647 Idcirco
730 608 847 658 inquit
864 623 871 643 :
892 608 991 646 Sara
1019 615 1149 644 autem
1161 636 1170 653 ,
1200 613 1281 657 post

331 680 446 709 tantas
465 669 729 723 promissiones,
754 681 832 706 non
857 670 1003 719 peperit
1035 669 1080 704 ei.
1101 668 1283 704 Habebat

333 741 462 770 autem
473 731 664 769 ancillam
678 731 920 781 AEgrptiam,
934 730 998 766 cui
1011 741 1149 764 nomen
1159 727 1282 778 Agar.

333 794 412 831 Non
429 793 560 843 absque
574 805 678 829 causa
692 791 797 828 etiam
813 790 880 828 hoc
894 790 973 827 loco
988 788 1173 840 Scriptura
1187 788 1283 826 divi-

333 869 376 891 na
391 854 492 891 nobis
503 853 641 891 ancillae
662 851 868 890 memoriam
884 849 979 899 fecit,
1001 849 1064 887 sed
1077 858 1116 886 ut
1131 849 1284 887 sciamus

334 914 429 952 uude
460 913 626 951 habuerit
659 913 769 950 illam.
792 913 885 949 Nam
905 909 1039 948 idcirco
1060 910 1190 962 adjecit
1207 924 1285 947 eam

347 974 545 1027 Egyptiam
563 988 651 1021 esse,
668 982 707 1010 ut
727 971 772 1009 ad
792 971 1010 1024 superiorem
1027 970 1213 1008 historiam
1227 985 1285 1008 re-

335 1049 539 1082 curramus;
559 1033 654 1084 quod
670 1047 794 1085 nempe
811 1032 918 1070 suerit
933 1047 978 1069 ex
997 1046 1143 1070 numero
1161 1045 1285 1069 eorum

335 1110 413 1146 qua:
436 1095 575 1133 Pharao
593 1094 696 1131 Abra:
714 1093 923 1143 donaverat,
943 1092 1086 1144 quando
1106 1101 1202 1130 tanta
1231 1092 1290 1129 ul-

336 1157 430 1194 tione
442 1156 488 1194 ab
504 1155 664 1193 omnium
680 1156 754 1192 Deo
770 1154 903 1207 potitus
917 1163 980 1199 est,
1003 1153 1172 1204 quodque
1187 1152 1286 1190 rede-

336 1218 434 1256 undo
454 1218 545 1255 hanc
561 1216 734 1269 acceperit
757 1217 858 1253 Sara.
881 1214 1049 1253 Studiose
1069 1215 1163 1252 enim
1185 1214 1287 1252 nobis

336 1289 369 1316 et
387 1292 510 1316 nomen
523 1287 555 1315 et
568 1287 705 1328 gentem
720 1275 937 1328 significavit
949 1275 1074 1313 divina
1087 1276 1284 1328 Scriptura.

337 1340 474 1376 Verum
500 1336 648 1374 ulterius
672 1336 729 1373 1110
748 1334 947 1384 considera,
979 1333 1158 1385 quomodo
1190 1334 1286 1372 Sarae

1351 363 1523 417 τριάργης
1536 366 1574 402 οὗ
1598 364 1683 416 πρὸς
1699 364 1743 402 τὰ
1763 365 1832 402 ἀπὸ
1847 381 1910 410 της
1926 364 2058 416 φύσεως
2075 344 2268 414 κωλύματα
2285 363 2377 415 ἑώρα

1352 424 1486 472 λοιπὸν,
1506 425 1583 462 ἀλλ’
1607 423 1706 468 εἰδὼς
1726 425 1766 464 τὸ
1785 424 1984 477 εὐμήχανον
2003 429 2063 463 τοῦ
2092 423 2271 463 Δεσπότου
2284 454 2294 470 ,
2319 423 2379 460 καὶ

1352 484 1406 523 ὅτι
1424 484 1633 537 δημιουργὸς
1648 485 1694 523 ὢν
1711 488 1773 531 τ’ῆς
1790 485 1944 538 φύσεως,
1966 485 2026 523 καὶ
2045 485 2079 529 ἐξ
2100 486 2239 536 ἀπόρων
2255 484 2380 537 πόρους

1354 549 1462 597 εὑρεῖν
1483 545 1645 591 δύναται,
1668 545 1826 597 καθάπερ
1845 545 2031 597 εὐγνώμων
2055 545 2190 592 οἰκέτης
2202 575 2212 593 ,
2231 547 2268 583 οὐ
2284 561 2380 598 περι-

1354 607 1532 659 ειργάζετο
1551 607 1608 645 τὸν
1624 606 1752 659 τρόπον
1769 609 1838 645 τῶν
1863 606 2068 659 γινομένων,
2092 605 2182 644 ἀλλὰ
2205 622 2379 658 παραχω-

1356 673 1406 719 ρεῖ
1441 672 1483 718 τῇ
1514 667 1756 720 ἀκαταλήπῖῳ
1788 670 1893 705 αὐτοῦ
1923 667 2068 722 προνοίᾳ
2082 697 2092 714 ,
2115 667 2174 705 καὶ
2202 667 2384 705 ἐπίστευσε

1354 735 1426 773 τοῖς
1445 729 1650 782 εἰρημένοις.
1669 729 1737 767 Διὰ
1755 729 1857 768 τοῦτο’
1876 745 1960 781 φησι
1973 758 1982 775 ,
2002 729 2104 779 Σάρα
2125 727 2161 766 δὲ
2175 756 2184 772 ,
2213 727 2303 778 μετὰ
2321 727 2383 772 τὰς

1354 789 1525 834 τοσαύτας
1545 790 1750 842 ὑποσχέσεις
1763 821 1772 836 ,
1793 792 1856 828 οὐκ
1872 790 2003 828 ἔτικτεν
2025 792 2130 841 αὐτῷ.
2145 783 2216 827 ῗΗν
2238 788 2274 826 δὲ
2294 790 2383 840 αὐτῇ

1354 851 1523 897 παιδίσκη
1539 851 1716 902 Αἰγυπτία
1729 882 1738 898 ,
1755 846 1902 902 ἧόνομα
1927 850 2048 902 Ἅγαρ.
2069 853 2150 902 Οὐχ
2162 851 2282 892 ἁπλῶς
2298 853 2383 901 ἡμῖν

1355 911 1432 948 οὐδὲ
1453 914 1601 950 ἐνταῦθα
1622 915 1686 958 τῆς
1702 911 1891 958 παιδίσκης
1910 911 1972 959 τὴν
1995 911 2136 962 μνήμην
2156 911 2344 958 ἐποιήσατο
2361 914 2382 957 ἡ

1324 1002 1333 1012 ,
1356 970 1431 1007 θεία
1459 972 1487 1008 Γ
1491 970 1600 1023 ραφὴ,
1630 972 1707 1009 ἀλλ’
1738 970 1797 1008 ἵνα
1829 971 1996 1021 μάθωμεν
2027 971 2129 1009 πόθεν
2163 969 2270 1017 αὐτὴν
2290 970 2383 1022 ἔσχε.

1355 1030 1423 1068 Διὰ
1438 1030 1506 1083 γὰρ
1522 1035 1624 1068 τοῦτο
1642 1030 1858 1082 προσέθηκεν
1884 1030 1937 1068 ὅτι
1962 1030 2156 1082 Αἰγυπτία,
2170 1029 2226 1067 ἵνα
2243 1030 2300 1067 ἐπὶ
2321 1029 2385 1076 τὴν

1355 1091 1510 1142 ἱστορίαν
1529 1091 1788 1143 ἁναδροίμωμεν
1809 1091 1942 1138 ἐκείνην
1955 1107 1962 1114 ·
1985 1091 2043 1128 καὶ
2063 1090 2117 1128 ὅτι
2133 1092 2172 1128 ἐκ
2193 1094 2261 1128 τῶν
2286 1090 2384 1141 παρὰ

1355 1155 1414 1190 τοῦ
1431 1152 1569 1205 Φαραὼ
1593 1152 1886 1204 παρασχεθέντων
1911 1153 1999 1199 αὕτη
2020 1146 2074 1199 ἦν,
2085 1151 2191 1197 ἡνίκα
2215 1151 2385 1198 τοσαύτης

1356 1214 1557 1261 ἀπήλαυσεν
1583 1213 1737 1256 ἐκδικίας
1765 1212 1864 1265 παρὰ
1884 1217 1943 1252 τοῦ
1973 1216 2043 1250 τῶν
2074 1213 2163 1251 ὅλων
2191 1215 2306 1259 Θεοῦ,
2327 1212 2386 1250 καὶ

1357 1275 1487 1321 ταύτην
1507 1273 1664 1312 λαὸοῧσα
1686 1276 1892 1321 ἐπανῆλθεν,
1912 1273 2072 1321 ἐπίτηδες
2092 1276 2178 1323 ἡμῖν
2204 1275 2309 1319 αὐτῆς
2327 1273 2387 1311 καὶ

1357 1336 1397 1374 τὸ
1416 1336 1528 1386 ὄνομα
1551 1335 1612 1373 καὶ
1631 1335 1670 1373 τὸ
1690 1334 1782 1378 ἔθνος
1802 1333 1986 1387 ἐγνώρισεν
2005 1338 2027 1381 ἧ
2044 1333 2119 1372 θεία
2139 1334 2275 1386 Γραφή.
2296 1333 2388 1372 Ἀλλ’

337 1413 435 1436 mens
461 1396 719 1450 philosophicis
748 1395 897 1448 praedita
928 1395 1033 1432 fuerit
1061 1394 1233 1443 moribus,
1253 1403 1285 1432 et
1299 1417 1346 1444 384
1357 1397 1421 1450 ὅρα
1435 1397 1555 1436 λοιπὸν
1571 1399 1719 1435 ἐνταῦθα
1734 1400 1794 1443 τῆς
1810 1396 1929 1448 Σάρας
1945 1396 2007 1443 τὴν
2026 1396 2210 1448 φιλόσοφον
2230 1396 2387 1447 γνώμην,

338 1459 470 1496 mirum
491 1459 528 1496 in
551 1457 700 1495 modum
713 1457 911 1507 continens,
933 1465 1038 1507 atque
1058 1470 1164 1506 quam
1181 1454 1288 1493 fuerit
1312 1455 1338 1483 Α
1358 1459 1417 1497 καὶ
1440 1461 1503 1504 τῆς
1525 1459 1748 1511 σωφροσύνης
1767 1458 1830 1505 τὴν
1858 1457 2069 1510 ὑπερὸολὴν,
2099 1457 2160 1495 καὶ
2179 1462 2240 1496 τοῦ
2265 1472 2389 1509 πατρι-

338 1520 413 1571 ipse
441 1519 644 1571 patriarcha
665 1518 717 1555 illi
746 1518 941 1567 obsequens
960 1526 994 1554 et
1012 1517 1108 1554 dicto
1129 1515 1286 1554 audiens.

338 1584 375 1616 02.
396 1581 509 1616 Dixit
531 1588 660 1616 autem
682 1579 796 1623 Sara,
820 1577 950 1627 inquit,
971 1578 1013 1614 A
1019 1579 1095 1614 brae
1115 1580 1157 1614 in
1186 1586 1289 1614 terra

338 1642 369 1678 C
373 1642 534 1678 kunnan
548 1642 670 1677 :Ecce
685 1639 873 1676 conclusit
888 1653 947 1676 me
963 1640 1169 1684 Dominus,
1187 1647 1228 1676 ut
1243 1652 1290 1675 ne

334 1713 530 1751 parerem:
541 1698 740 1749 ingredere
751 1699 868 1748 igitur
878 1697 931 1733 ad
941 1696 1133 1733 ancillam
1146 1709 1287 1745 meam,

339 1769 379 1797 nt
399 1774 446 1796 cx
463 1774 509 1797 ea
523 1759 672 1811 prolem
697 1759 897 1808 suscipias.
916 1756 1012 1797 Vide
1025 1756 1186 1793 mulieris
1207 1770 1290 1808 pro-

338 1821 500 1857 bitatem.
523 1819 623 1857 Nihil
643 1818 712 1855 tale
729 1816 838 1863 dixit,
857 1817 961 1867 quale
976 1817 1134 1869 posthaec
1157 1817 1290 1855 Rachel

144 1898 217 1921 mn.
236 1895 284 1923 30.
301 1903 325 1922 1.
342 1881 458 1932 inquit
475 1880 521 1918 ad
537 1880 647 1919 Jacob
663 1881 750 1916 :Da
770 1879 1013 1931 mihifili055
1034 1880 1139 1930 quod
1155 1882 1189 1916 si
1214 1882 1289 1916 mi-

343 1953 426 1985 mis,
447 1941 590 1976 morior
603 1952 682 1990 ego,
699 1937 770 1977 Sed
781 1936 871 1988 quid
885 1936 997 1974 dicit?
1014 1938 1118 1974 Ecce
1134 1938 1290 1974 conclu-

340 2003 389 2038 sit
409 2015 467 2037 me
483 2002 685 2045 Dominus,
709 2008 748 2036 ut
772 2013 819 2035 ne
843 2011 1028 2049 parerem.
1052 1997 1099 2034 Et
1117 1997 1214 2048 quia,
1237 1998 1291 2034 in-

341 2061 433 2111 quit,
462 2060 617 2097 sterilem
637 2074 692 2097 me
715 2059 797 2097 fecit
817 2067 949 2096 naturae
966 2057 1149 2107 Conditor,
1169 2067 1203 2095 et
1218 2058 1291 2111 pri-

343 2122 442 2160 vavit
469 2136 523 2158 1110
543 2121 701 2158 filiorum
727 2119 980 2172 procreatione,
1014 2128 1053 2156 ut
1077 2132 1119 2156 ne
1147 2128 1293 2171 propter

345 2198 458 2221 meam
493 2182 725 2230 sterilitatem,
755 2195 836 2218 cum
866 2181 901 2217 in
930 2189 1127 2217 extremam
1157 2180 1293 2218 veneris

346 2254 532 2291 senectam,
550 2252 669 2295 postea
693 2257 833 2280 maneas
852 2242 985 2291 absque
1003 2240 1140 2285 liberis,
1160 2242 1293 2292 Ingre—

346 2308 435 2343 dere
455 2305 509 2342 ad
523 2304 714 2342 ancillam
736 2317 875 2348 meam,
896 2310 938 2339 ut
953 2316 1000 2338 ex·
1026 2315 1072 2338 ca
1085 2301 1190 2351 filios
1206 2316 1293 2352 pro-

346 2380 460 2404 crees.
482 2364 674 2416 Multiplex
693 2373 727 2401 et
746 2363 937 2400 ineffabilis
950 2361 1108 2399 mulieris
1121 2362 1293 2414 probitas.

346 2430 435 2473 Qum
446 2427 541 2464 enim
558 2439 726 2476 umquam
741 2424 870 2461 mulier
884 2423 953 2461 1100
969 2423 1157 2460 sustineret
1170 2423 1294 2468 facere,

348 2505 360 2525 1
372 2489 401 2526 el
419 2489 495 2528 viro
508 2487 702 2536 consulere,
720 2485 775 2523 vel
790 2485 926 2522 aneillae
941 2483 1119 2536 conjugali
1141 2492 1216 2521 toro
1234 2498 1293 2521 ce-

345 2550 452 2588 1101·οῩ

398 2630 436 2664 9.
460 2624 595 2664 Vidisti
614 2623 791 2675 quomodo
818 2623 864 2660 ab
885 2623 982 2660 omni
1011 2622 1196 2660 affectione
1220 2622 1295 2659 suc-

347 2690 416 2726 rint
436 2687 565 2725 alieni?
585 2687 688 2723 Unus
709 2693 782 2722 erat
804 2684 853 2721 eis
873 2698 1013 2736 scopus,
1035 2697 1078 2721 ne
1096 2684 1226 2734 absque
1252 2683 1293 2720 li-

347 2750 441 2786 teris
459 2748 542 2785 hinc
562 2746 772 2785 decederent
780 2761 789 2794 ;
809 2745 870 2783 sed
891 2745 1096 2797 spectabant
1117 2743 1295 2795 quomodo

347 2811 454 2847 etiam
474 2809 572 2846 illinc
591 2807 865 2845 consolationem
879 2805 1114 2856 acquirerent,
1134 2814 1167 2843 et
1186 2804 1296 2842 indis-

348 2871 497 2908 solubile
512 2869 608 2921 pacis
620 2868 805 2906 vinculum
817 2875 1008 2905 servarent.
1025 2866 1186 2904 Observa
1201 2866 1296 2904 enim

350 2933 407 2969 hic
426 2930 635 2984 patriarchae
658 2929 831 2978 insignem
860 2927 1124 2976 continentiam,
1141 2926 1297 2964 admira-

350 2994 526 3042 bilemque
547 2990 866 3028 mansuctudinem.
887 2991 1011 3040 Neque
1024 2989 1119 3027 enim
1139 2988 1296 3041 asperior

351 3055 415 3091 suit
428 3053 545 3099 uxori,
563 3051 657 3102 quod
670 3052 798 3089 liberos
815 3065 883 3089 non
899 3051 1060 3100 haberet,
1076 3059 1114 3088 ut
1129 3049 1295 3102 insipien-

351 3127 400 3153 tes
420 3114 605 3159 110111111111;
640 3128 750 3163 neque
768 3127 866 3150 amor
898 3113 974 3163 ejus
999 3126 1079 3164 erga
1111 3111 1296 3149 mulierem

351 3175 560 3212 imminutus
580 3182 641 3209 est.
663 3172 768 3209 Scitis
793 3171 898 3217 enim,
929 3171 1032 3223 plane
1052 3171 1148 3209 scitis
1166 3171 1295 3208 multos

351 3237 440 3273 bau«-
461 3233 682 3286 potissimum
704 3233 747 3269 1111
768 3247 906 3269 causam
926 3232 1087 3269 mulieres
1100 3231 1292 3283 despicere,

396 3371 405 3380 a
433 3359 485 3389 siv
511 3356 610 3387 Saxil.
640 3364 665 3386 rt
698 3355 807 3386 uon-l.
829 3353 891 3387 Sed
923 3353 1135 3397 Maiiuscripti
1161 3362 1283 3397 septem
1309 3360 1357 3393 tis)

2212 1548 2219 1555 .
2241 1511 2331 1556 Εῗπε
2351 1516 2387 1554 δὲ

1361 1581 1480 1631 Σάρα,
1504 1579 1609 1631 φησὶ,
1630 1579 1715 1632 πρὸς
1733 1578 1872 1630 Ἄδραμ
1896 1580 1931 1616 ἐν
1951 1581 1995 1630 γῇ
2020 1577 2184 1616 Χαναοίν·
2209 1577 2280 1616 ἰδοὺ
2303 1593 2386 1616 συν-

1362 1640 1496 1679 έκλεισέ
1524 1656 1567 1690 με
1594 1638 1721 1690 Κύριος
1739 1643 1798 1676 τοῦ
1829 1639 1877 1689 μὴ
1902 1645 2035 1677 τεκεῖν
2058 1639 2186 1677 εἴσελθε
2217 1633 2273 1676 οὖν
2302 1638 2386 1690 πρὸς

1359 1519 1467 1572 ἄρχου
1486 1518 1549 1566 τὴν
1578 1519 1708 1571 ἄφατον
1739 1517 1849 1556 πειθὼ
1878 1517 1936 1556 καὶ
1966 1518 2030 1565 τὴν
2050 1518 2208 1564 ὑπακοήν

1361 1702 1424 1749 τὴν
1443 1701 1633 1747 παιδίσκην
1655 1717 1739 1751 μ,ου
1759 1699 1815 1737 ι’να
1840 1715 2090 1751 τεκνοποιησῃς
2109 1699 2144 1743 ἐξ
2161 1701 2278 1744 αὐτης.
2302 1699 2390 1737 Σκό-

1361 1779 1420 1801 π-ι
1437 1779 1499 1809 την
1532 1760 1796 1812 εὐγνωμοσύνην
1824 1760 1999 1812 γυναικός.
2029 1759 2140 1798 Οὐδὲν
2166 1775 2352 1798 τοιουτονε
2339 1764 2388 1796 εἰ-

1359 1840 1436 1872 πεν,
1451 1827 1519 1861 οἷον
1537 1822 1626 1874 μετα
1640 1837 1750 1861 ταυτα
1765 1826 1786 1868 ἡ
1804 1821 1900 1873 Ῥαχ
1901 1821 1947 1867 ήλ
1962 1837 2046 1873 φησι
2062 1836 2147 1872 προς
2165 1820 2223 1858 τὸν
2241 1818 2388 1858 Ἰακώὸ

1363 1885 1430 1928 Δός
1450 1901 1509 1936 μοι
1528 1885 1647 1924 τέκνα·
1676 1886 1706 1922 εἰ
1732 1884 1768 1922 δὲ
1796 1883 1869 1934 μὴ,
1893 1883 2103 1929 ἀποθνήσκω
2130 1880 2209 1933 ἐγώ.
2233 1881 2337 1921 Ἀλλὰ
2355 1882 2389 1919 τί

1362 1964 1486 2000 φησιν,
1507 1946 1596 1986 Ἰδοὺ
1630 1946 1830 1985 συνέκλεισε
1864 1962 1907 1996 με
1938 1945 2065 1997 Κύριος
2096 1947 2156 1982 τοῦ
2189 1942 2237 1993 μὴ
2264 1948 2386 1981 τεκεῖν.

1362 2008 1531 2056 Ἐπειδὴ,
1552 2007 1669 2060 φησὶν,
1695 2006 1815 2056 ἅγονόν
1836 2023 1878 2058 με
1903 2006 2117 2051 κατέστησεν
2136 2007 2154 2042 ὁ
2168 2007 2230 2050 τῆς
2255 2003 2389 2056 φύσεως

1363 2070 1588 2120 δημιουργὸς,
1608 2068 1666 2106 καὶ
1690 2067 1905 2119 ἀπεστέρησε
1925 2070 1986 2113 τῆς
2012 2068 2080 2104 τῶν
2108 2065 2242 2104 παίδων
2265 2068 2391 2117 γονῆς,

1361 2130 1417 2168 ἵνα
1449 2129 1498 2180 μὴ
1529 2123 1588 2168 οῧν
1619 2128 1677 2166 διὰ
1699 2129 1764 2174 τὴν
1798 2128 1885 2177 ἐμὴν
1909 2127 2090 2180 στείρωσιν
2111 2126 2212 2169 αὐτὸς
2232 2129 2279 2170 εἰς
2303 2125 2389 2177 βαθὺ

1362 2195 1471 2243 γῆρας
1500 2190 1626 2234 ἐλάσας
1649 2188 1769 2227 λοιπὸν
1791 2189 1898 2232 δίπαις
1921 2187 2116 2238 διαμείνῃς,
2136 2187 2280 2226 Εἴσελθε
2305 2187 2390 2238 πρὸς

1362 2251 1424 2298 τὴν
1442 2251 1629 2297 παιδίσκην
1645 2266 1723 2300 μου,
1734 2249 1790 2286 ἵνα
1807 2247 2057 2299 τεκνοποιήσῃς
2076 2247 2110 2291 ἐξ
2127 2249 2244 2293 αὐτῆς.
2264 2247 2389 2294 Πολλὴ

1364 2312 1423 2350 καὶ
1459 2312 1589 2363 ἅφατος
1622 2314 1644 2358 ἡ
1678 2309 1862 2362 φιλοσοφία
1892 2313 1954 2356 τ’ῆς
1982 2307 2155 2359 γυναικός.
2177 2308 2242 2352 Τίς
2261 2308 2328 2360 γὰρ
2348 2308 2387 2346 ἂν

1364 2371 1477 2410 ἕλοιτο
1496 2371 1638 2410 πώποτε
1658 2370 1744 2422 γυνὴ
1766 2374 1867 2408 τοῦτο
1892 2384 2060 2415 ποιησαι,
2086 2367 2108 2414 ἢ
2134 2368 2391 2419 συμὸουλεῦσαι

1366 2436 1414 2485 τῷ
1435 2433 1532 2484 ἀνδρὶ
1550 2436 1662 2480 τοῦτο,
1681 2431 1703 2477 ἢ
1723 2435 1766 2482 τῆ
1787 2430 1958 2480 παιδίσκῃ
1977 2432 2060 2476 οτῆς
2086 2445 2182 2476 ευνης
2213 2445 2388 2480 παραχω-

1368 2498 1495 2546 ρ’ἧσαι;

1420 2613 1519 2662 Εἶδες
1549 2622 1623 2662 πῶς
1640 2619 1766 2661 παντὸς
1786 2618 1914 2661 πάθους
1939 2618 2036 2661 ἐκτὸς
2057 2612 2169 2664 ἦσαν,
2190 2616 2259 2655 Καὶ
2284 2611 2331 2660 εἷς
2347 2611 2392 2662 ἦν

1367 2683 1481 2722 αὐτοῖς
1506 2679 1607 2730 μόνον
1629 2679 1778 2726 σκοπὸς,
1806 2682 1866 2717 τοῦ
1900 2678 1948 2728 μὴ
1984 2678 2136 2720 ἄπαιδας
2168 2679 2389 2724 τελευτῆσαι·

1367 2744 1443 2780 ἀλλ’
1477 2741 1642 2780 ἐσκόπουν
1680 2742 1772 2786 ὅπως
1800 2740 1858 2777 καὶ
1889 2739 1951 2786 τὴν
1988 2741 2140 2777 ἐντεῦθεν
2162 2737 2388 2790 παραμυθίαν

1366 2803 1582 2850 κτήσωνται,
1619 2802 1678 2840 καὶ
1706 2805 1767 2848 τ’ἥς
1789 2801 1928 2853 εἰρήνης
1947 2800 2004 2838 τὸν
2032 2800 2219 2851 σύνδεσμον
2249 2802 2387 2853 ἀῤῥαγῆ

1367 2864 1638 2917 διατηρῆσωσιν.
1664 2861 1800 2901 Ἰἰννόει
1821 2862 1887 2913 γάρ
1911 2877 1970 2912 μοι
1997 2865 2056 2899 τοῦ
2084 2860 2304 2914 πατριάρχου
2333 2860 2391 2896 ε’ν-

1336 2954 1343 2964 ,
1366 2929 1474 2964 ‘cavoa
1493 2925 1556 2970 τὴν
1576 2924 1708 2970 πολλὴν
1730 2922 1967 2976 σωφροσύνην,
1995 2922 2054 2960 καὶ
2076 2921 2139 2968 τὴν
2156 2921 2392 2973 ὑπερόάλλου-

1367 3003 1430 3025 σαν
1447 2986 1647 3024 ἐπιείκειαν.
1668 2984 1761 3024 Οὔτε
1781 2983 1848 3037 γὰρ
1863 3013 1872 3029 ,
1904 2983 2062 3034 καθάπερ
2081 2981 2170 3024 τινὲς
2195 2984 2264 3019 τῶν
2285 2980 2389 3026 ἀνοή-

1368 3063 1448 3094 των,
1467 3046 1674 3099 ἐδυσχέρανε
1695 3047 1778 3096 πρὸς
1796 3044 1856 3091 τὴν
1873 3043 2029 3094 γαμετὴν
2046 3043 2101 3080 διὰ
2115 3042 2178 3088 τὴν
2209 3039 2390 3086 ἀπαιδίαν,

1369 3109 1443 3146 οὔτε
1466 3109 1522 3146 τὸν
1551 3108 1631 3161 περὶ
1662 3106 1768 3153 αὐτὴν
1800 3106 1903 3144 πόθον
1937 3101 2270 3150 ἠλάττιι1σεν.’1στε
2302 3100 2392 3152 γὰρ,

1370 3169 1440 3206 ἴστε
1470 3172 1541 3212 πῶς
1566 3174 1634 3211 τῆς
1656 3167 1792 3206 πλείοσι
1814 3169 1881 3203 τῶν
1906 3164 2095 3218 ἀνθρώπιον
2115 3168 2213 3202 τοῦτο
2239 3162 2391 3214 μάλιστα

1372 3231 1478 3268 αἴτιον
1511 3230 1641 3281 γίνεται
1677 3232 1736 3275 τῆς
1775 3227 1864 3266 κατὰ
1889 3229 1954 3263 τῶν
1977 3227 2149 3276 γυναικῶν
2181 3223 2389 3276 ὑπεροψίας·

1377 3368 1464 3390 ειυς..
