2433 3775
759 214 802 243 lN
839 214 939 244 cAt‘.
980 212 1008 241 1.

105 304 211 340 λοῧσα
226 300 309 353 πρὸς
328 299 372 338 τὰ
400 300 490 338 ἄλλα
515 297 642 336 πάντα.
665 296 710 333 ‘0
733 296 796 347 μὲν
830 296 897 348 γὰρ
929 294 1126 348 ἀφώρισται

104 364 165 405 Εἰς
178 360 290 413 ἀρχὰς
309 363 371 406 τῆς
387 358 541 411 ἡμέρας,
566 361 587 405 ἡ
612 357 659 405 δὲ,
678 359 739 401 Εἰς
767 356 881 410 ἀρχὰς
898 359 960 403 τῆς
993 355 1126 399 νυκτός.

103 422 151 461 Τί
167 423 272 469 ἐστιν,
292 422 355 464 Εἰς
369 419 481 472 ἀρχὰς
499 423 562 466 τῆς
580 418 736 471 ἡμέρας,
752 418 810 456 καὶ
822 449 831 465 ,
858 419 916 461 tite.
937 415 1049 469 ἀρχὰς
1063 419 1127 463 τ’ἧς

104 483 244 530 νυκτός;
259 483 334 530 Τὴν
356 482 523 530 ἐξουσίαν,
544 481 660 534 φησὶν,
679 480 802 519 ἔλαὸεν
829 482 847 518 ὃ
876 479 938 531 μὲν
955 483 1018 526 τῆς
1038 478 1130 530 ἠμέ-

107 561 185 599 ρας,
203 548 225 592 ἡ
247 543 282 582 δὲ
309 547 371 590 τῆς
399 543 538 588 νυκτὸς,
558 542 601 581 ἵν’
627 545 646 581 ὁ
672 541 734 592 μὲν
762 539 992 594 φαιδροτέραν
1022 539 1128 587 αὐτὴν

105 604 348 658 ἀπεργάζηται
367 604 423 643 διὰ
443 606 511 642 τῶν
532 603 668 643 οἰκείων
696 602 858 650 ἀκτίνων,
881 605 903 649 ἡ
924 601 959 640 δὲ
991 602 1130 640 διασκε-

108 667 193 718 δάζῃ
222 665 262 705 τὸ
281 666 421 712 σκότος,
441 666 500 704 καὶ
520 668 562 717 τῇ
582 664 680 717 φύσει
697 667 766 702 τῶν
793 661 984 713 ἀνθρώπων
1000 661 1056 700 διὰ
1072 665 1132 700 τοῦ
1155 672 1177 702 Β

109 729 220 781 φωτὸς
239 727 366 766 οἰκείου
395 726 534 778 παρέχῃ
559 728 634 776 μετ’
659 723 815 767 εὐκολίας
840 725 1035 776 κεχρῆσθαι
1062 729 1133 767 τοῖς

109 788 247 830 οἰκείοις
266 787 534 837 ἐπιτηδεύμασι.
555 785 647 824 Τότε
665 784 734 837 γὰρ
765 784 824 822 καὶ
853 782 1030 835 ὁδοιπόρος
1050 786 1132 835 Οαῤ-

111 851 178 901 ρῶν
198 851 258 894 τῆς
273 847 472 898 ὁδοιπορίας
491 846 662 893 ἅπτεται,
681 845 741 883 καὶ
760 844 886 892 ναύτης
913 843 1076 883 καθέλκει
1094 845 1134 884 τὸ

108 911 240 956 πλοῖον,
256 907 315 947 καὶ
344 907 388 946 τὰ
407 908 542 959 πελάγη
573 908 740 959 διαπερᾷ,
760 906 819 944 καὶ
839 905 984 949 ἕκαστος
1008 905 1043 945 δὲ
1065 907 1135 944 τῶν

108 969 154 1008 τὰ
173 968 434 1019 ἐπιτηδεύματα
454 967 655 1019 μετιόντων,
673 966 762 1017 μετὰ
782 967 914 1013 πολλῆς
940 969 1002 1013 τῆς
1019 966 1136 1012 ἀδείας

109 1030 154 1069 τὰ
168 1034 230 1077 τῆς
255 1028 385 1074 οἰκείας
407 1029 605 1079 ἐπιστήμης
628 1027 873 1081 μεταχειρίζει.
896 1022 987 1066 Εἶτα
1015 1028 1135 1076 ἐπειδὴ

111 1091 263 1136 ἐδίδαξεν
295 1095 390 1142 ἡμᾶς
420 1092 489 1128 τῶν
523 1089 717 1143 φωστήρων
750 1089 880 1129 τούτων
911 1089 975 1136 τὴν
1000 1089 1136 1142 χρείαν,

112 1153 197 1207 φησί
209 1169 216 1177 ·
244 1153 313 1192 Καὶ
332 1152 410 1196 τοὺς
432 1151 596 1203 ἀστέρας·
614 1152 673 1190 καὶ
692 1152 788 1191 ἔθετο
807 1151 931 1196 αὐτοὺς
950 1154 968 1190 ὁ
992 1151 1083 1196 Θεὸς
1103 1154 1137 1191 ἐν

112 1217 162 1266 τῷ
182 1214 401 1266 στερεώματι
429 1218 489 1252 τοῦ
519 1216 686 1264 οὐρανοῦ,
707 1212 798 1252 ὥστε
824 1212 957 1266 φαίνειν
989 1213 1046 1251 ἐπὶ
1077 1216 1140 1260 τ’ῆς

114 1277 197 1326 γῆς,
218 1274 276 1312 καὶ
296 1275 417 1328 ἄρχειν
436 1277 499 1320 τῆς
516 1273 651 1327 ἡμέρας
671 1274 731 1312 καὶ
745 1276 809 1319 τῆς
827 1274 966 1321 νυκτὸς,
987 1273 1047 1312 καὶ
1062 1274 1141 1312 δια-

115 1334 277 1387 χωρίζειν
298 1335 473 1386 ἀναμέσον
488 1338 546 1374 τοῦ
565 1332 695 1386 φωτὸς,
715 1335 775 1373 καὶ
792 1334 967 1385 ἀναμέσον
987 1339 1045 1374 τοῦ
1062 1334 1142 1374 σκό-

116 1411 205 1439 τους.

171 1457 304 1496 Ἐννόει
322 1456 525 1496 καὶτούτων
544 1456 657 1504 πόσην
677 1459 762 1508 ἡμῖν
784 1457 848 1505 τὴν
867 1457 989 1510 χρείαν
1010 1457 1146 1505 ἐδήλω-

118 1534 188 1557 σεν.
223 1517 370 1565 Ἕθετο,
392 1517 510 1570 φησὶν,
542 1517 664 1562 αὐτοὺς
693 1519 728 1556 ἐν
755 1521 806 1572 τῷ
834 1518 1054 1572 στερεώματι
1085 1523 1145 1558 τοῦ
1168 1533 1192 1563 c

118 1582 277 1633 οὐρανοῦ.
291 1578 340 1618 Τί
357 1581 466 1626 ἐστιν,
482 1578 626 1627 Ἔθετο,
644 1580 707 1624 Ὡς
726 1579 766 1618 ἂν
784 1579 876 1619 εἴποι
894 1596 965 1629 τις,
980 1580 1147 1630 αέπηξεη

118 1640 180 1688 Μὴ
201 1640 351 1692 γένοιτο·
373 1644 508 1693 ὁρῶμεν
528 1641 596 1694 γὰρ
612 1641 734 1685 αὐτοὺς
749 1641 918 1686 πολλάκις
933 1643 967 1680 ἐν
989 1649 1053 1694 μιᾷ
1073 1658 1146 1681 και-

120 1706 178 1755 ροῧ
199 1705 288 1754 ῥοπῇ
312 1701 399 1741 πολὺ
418 1702 595 1754 διάστημα
613 1703 880 1756 διατρέχοντας,
901 1703 962 1742 καὶ
983 1703 1147 1743 οὐδέποτε

119 1767 154 1803 ἐν
183 1764 233 1802 ἑνὶ
257 1764 354 1817 τόπῳ
386 1764 608 1815 ἱσταμένους,
649 1764 740 1804 ἀλλὰ
770 1765 827 1804 τὸν
862 1767 986 1804 οἰκεῖον
1020 1766 1147 1818 δρόμον

122 1827 430 1878 ἄποπληροῧντας,
449 1825 485 1864 ὃν
506 1825 642 1879 τρέχειν
662 1825 862 1878 ἐτάχθησαν
883 1826 982 1880 παρὰ
1002 1832 1061 1866 τοῦ
1082 1830 1148 1866 Δε-

122 1888 264 1926 σπότου.
288 1887 335 1925 Τί
355 1881 412 1926 οῧν
434 1889 508 1925 ἐστι
522 1887 580 1934 τὸ,
598 1887 743 1934 ἘΟετο;
765 1886 857 1924 Ἀντὶ
879 1891 958 1936 τοῦ,
978 1888 1148 1942 προσέτα-

124 1947 176 1992 ξεν
198 1947 320 1991 αὐτοὺς
340 1942 427 1986 εἶναι
447 1949 482 1985 ἓν
501 1949 552 2000 τῷ
579 1949 724 2000 οὐρανῷ.
745 1948 816 1986 Καὶ
844 1948 912 2000 γάρ
940 1951 1032 1987 ἐστιν
1065 1951 1147 1988 ἰδεῖν

124 2012 309 2058 προϊοῦσαν
337 2007 400 2055 τὴν
420 2007 576 2061 Γραφὴν,
606 2008 665 2046 καὶ
696 2009 852 2060 ἀλλαχοῦ
883 2008 1065 2061 λέγουσαν,
1095 2009 1149 2047 ὅτι

124 2069 249 2108 'mero
260 2070 317 2108 τὸν
332 2070 444 2120 Ἀδὰμ
460 2072 494 2108 ἐν
509 2072 560 2121 τῷ
574 2069 789 2122 παραδείσῳ,
807 2071 869 2108 οὐκ
883 2070 1005 2117 ἐπειδὴ
1023 2071 1149 2117 ἐνέπη-

125 2130 178 2175 ξεν
198 2131 299 2169 αὐτὸν
319 2133 369 2183 τῷ
388 2130 612 2182 παραδείσῳ,
634 2131 711 2168 ἀλλ’
731 2129 784 2168 ὅτι
810 2130 1018 2182 προσέταξεν
1046 2131 1149 2170 αὐτὸν

125 2184 212 2229 εἶναι
227 2193 261 2229 ἐν
281 2193 331 2244 τῷ
348 2189 562 2244 παραδείσῳ.
583 2190 654 2229 Τὸν
671 2190 775 2229 αὐτὸν
793 2190 834 2238 δὴ
854 2191 982 2242 τρόπον
997 2191 1056 2229 καὶ
1071 2191 1150 2243 περὶ

123 2255 192 2290 τῶν
213 2252 368 2304 ἀστέρων
392 2251 550 2301 εἴποιμεν
577 2250 630 2298 ἂν,
651 2251 705 2289 ὅτι
724 2251 935 2303 προσέταξεν
962 2252 1085 2296 αὐτοὺς
1115 2255 1150 2292 ἐν

122 2316 172 2365 τῷ
188 2314 407 2366 στερεώματι
421 2316 482 2351 τοῦ
499 2313 644 2365 οὐρανοῦ
658 2312 759 2357 ὄντας
773 2343 783 2361 ,
800 2313 839 2351 τὸ
857 2316 982 2352 οἰκεῖον
1002 2317 1073 2367 φῶς
1092 2317 1151 2353 ἐκ-

122 2373 275 2425 πέμπειν
300 2372 358 2412 ἐπὶ
386 2374 449 2418 τῆς
475 2375 552 2424 γῆς.
569 2371 756 2419 Ἐννόησον
772 2371 840 2425 γάρ
869 2389 946 2423 μοι,
966 2373 1148 2424 ἀγαπητὲ,

123 2435 230 2474 ποίων
244 2432 425 2484 λειμώνων
447 2432 507 2471 καὶ
523 2432 746 2485 παραδείσων
766 2436 829 2472 οὐκ
843 2433 884 2471 ἂν
896 2433 949 2482 εἴη
965 2433 1150 2487 τερπνότε-

125 2512 181 2548 ρον
202 2498 285 2534 ἰδεῖν
302 2497 336 2533 ἐν
356 2494 446 2546 μέσῃ
463 2496 506 2546 τῇ
527 2494 625 2532 νυκτὶ
644 2493 702 2532 τὸν
722 2494 866 2546 οὐρανὸν
879 2496 1151 2548 κατηστερωμέ-

124 2573 193 2604 νον,
208 2557 267 2596 καὶ
281 2557 441 2608 καθάπερ
457 2556 546 2594 τισὶν
563 2556 679 2595 ἄνθεσι
695 2558 739 2608 τῇ
759 2556 908 2610 διαφορᾷ
924 2559 992 2595 τῶν
1012 2557 1148 2611 ἄστρων

124 2618 446 2669 καλλωπιζόμενον,
462 2617 522 2656 καὶ
542 2616 631 2656 πολὺ
650 2617 690 2655 τὸ
709 2620 781 2671 φῶς
797 2620 846 2662 εἷς
866 2618 930 2667 τὴν
944 2623 1009 2670 γῆν
1027 2619 1151 2664 αὐτοὺς

124 2680 434 2730 καταπέμποντας,
457 2680 521 2723 Εἷς
536 2682 639 2717 τοῦτο
656 2678 724 2731 γὰρ
744 2679 804 2717 καὶ
826 2679 1039 2732 ἐτάχθησαν,
1059 2680 1151 2721 ὥστε

122 2740 255 2794 φαίνειν
273 2741 332 2779 ἐπὶ
356 2743 418 2788 τῆς
438 2743 520 2792 γῆς,
537 2740 597 2779 καὶ
617 2740 738 2792 ἄρχειν
753 2743 816 2787 τῆς
844 2741 980 2795 ἡμέρας
1004 2744 1064 2782 καὶ
1088 2746 1151 2791 τῆς

123 2802 261 2850 νυκτὸς,
275 2802 294 2841 ὃ
308 2804 501 2846 καθολικῶς
519 2801 580 2840 καὶ
598 2801 680 2855 περὶ
693 2804 762 2840 τῶν
779 2802 941 2854 μεγάλων
956 2803 1077 2856 φωστή
1083 2820 1150 2857 ρων

123 2865 270 2917 εἴρηται.
285 2863 432 2910 Ἐπειδὴ
447 2863 514 2916 γὰρ
527 2866 596 2901 τῶν
616 2862 676 2901 δύο
688 2863 809 2916 φωστή
815 2879 882 2917 ρων
901 2867 997 2915 ἡμᾶς
1015 2864 1149 2910 ἐδίδαξε

123 2925 186 2973 τὴν
205 2925 449 2978 δημιουργίαν,
470 2925 530 2964 καὶ
547 2927 616 2964 τῶν
634 2924 786 2977 ἄστρων,
801 2925 883 2977 περὶ
895 2925 1037 2964 πάντων
1051 2930 1149 2981 κοινῇ

123 2985 235 3037 λέγων
254 2986 357 3038 φησί·
378 2986 450 3025 Καὶ
464 2986 584 3040 ἄρχειν
605 2987 669 3032 τῆς
683 2985 819 3038 ἡμέρας
841 2985 900 3024 κα)Ι
923 2988 986 3032 τ’ῆς
1007 2987 1148 3036 νυκτὸς,

125 3047 185 3086 καὶ
201 3046 419 3099 διαχωρίζειν
448 3046 622 3098 ἀναμέσον
651 3049 712 3086 τοῦ
734 3046 868 3099 φωτὸς,
887 3046 947 3084 καὶ
977 3047 1151 3098 ἀναμέσον

124 3112 184 3148 τοῦ
205 3108 361 3152 σκότους.
387 3106 528 3160 (Ὠσπερ
555 3107 624 3161 γὰρ
645 3109 707 3146 οὐκ
740 3107 832 3146 ἔστιν
863 3109 897 3146 ἐν
922 3107 1041 3162 ἡμέρᾳ
1070 3111 1152 3148 ἰδεῖν

127 3169 275 3222 ἀστέρας
305 3171 339 3208 ἐν
369 3170 419 3221 τῷ
454 3170 590 3222 οὐρανῷ
624 3169 871 3221 διατρέχοντας
904 3169 965 3217 (τὸ
994 3170 1064 3223 γὰρ
1092 3174 1151 3211 τοῦ

128 3230 225 3277 ἡλίου
246 3232 316 3282 φῶς
343 3232 386 3282 τῇ
408 3231 520 3282 πολλῇ
541 3229 746 3282 φαιδρότητι
767 3229 985 3281 ἀποκρύπτει
1012 3231 1150 3271 ἐκείνων

1047 210 1209 242 GENEs.

1248 207 1404 239 nonu„
1446 207 1506 237 vi.
2088 189 2147 236 55

1196 298 1376 344 proeesset
1404 291 1534 329 nocti?
1562 289 1796 337 potestaten„
1827 287 1963 338 inquit,
1991 289 2125 340 accepit
2142 317 2152 336 ‚

1199 354 1258 393 ille
1272 352 1418 405 quidem
1437 350 1508 390 diei
1523 381 1533 400 ,
1553 350 1628 388 haec
1654 363 1738 388 vero
1760 349 1871 386 noetis
1884 379 1894 398 ‚
1924 357 1963 386 ut
1982 349 2033 386 sol
2055 348 2152 386 diem

1198 415 1271 453 suis
1287 413 1396 453 radiis
1414 412 1600 452 clariorem
1616 409 1765 458 reddat3
1788 409 1871 446 luna
1886 416 2002 446 autem
2019 417 2058 446 ut
2076 408 2153 445 dis-

1201 476 1310 529 pellat
1333 473 1494 514 tenebras
1521 482 1555 512 et
1575 471 1761 510 hominum
1788 469 1907 521 generi
1933 468 2067 506 lumine
2091 482 2155 506 suo

1201 537 1403 575 facultatem
1423 535 1577 588 praebeat
1598 533 1672 571 suis
1690 531 1840 583 negotiis
1862 529 2028 569 vacandi.
2052 530 2157 567 Tunc

1201 598 1295 637 enim
1316 598 1431 638 viator
1452 595 1620 634 fidentius
1639 595 1704 632 iter
1726 593 1824 642 facit,
1846 601 1880 631 ct
1904 600 2012 630 nauta
2034 590 2158 629 navim

1202 659 1305 709 regit,
1324 667 1358 697 et
1389 656 1499 696 maria
1527 655 1682 709 trajicit,
1710 663 1742 693 ct
1764 668 1827 691 sua
1860 652 1993 704 quique
2022 650 2156 700 studia,

1206 733 1358 770 suasque
1375 726 1467 756 artes
1481 726 1576 755 metu
1597 715 1712 768 posito
1732 713 2003 765 aggrediuntur.
2023 710 2162 751 Deinde

1205 789 1394 832 postquam
1411 792 1474 816 nos
1492 777 1613 815 docuit
1632 777 1782 813 istorum
1802 774 2037 812 luminarium
2060 773 2159 811 utili-

1207 850 1328 889 tatem,
1350 839 1490 890 inquit:
1513 840 1565 876 Et
1586 837 1732 875 stellas.
1752 837 1815 872 17.
1842 837 1893 873 Ec
1911 838 2038 886 posuit
2056 836 2162 873 Deus

1209 903 1302 940 illas
1321 901 1620 954 infirmamento
1636 898 1736 942 eceli,
1751 900 1807 935 ita
1824 905 1862 934 ut
1884 897 2039 934 luceant
2052 910 2163 946 super·

1210 973 1369 1013 terram,
1384 962 1448 1000 18.
1463 969 1499 999 et
1516 962 1674 1013 prcesint
1696 959 1773 996 diei
1787 972 1834 996 ac
1856 960 1971 1005 nocti,
1988 965 2023 995 et
2044 970 2154 1007 sepa—

1211 1033 1295 1064 rent
1315 1028 1417 1063 inter
1433 1023 1557 1062 lucem
1576 1030 1610 1060 et
1629 1022 1818 1060 tenebras.

1270 1457 1306 1497 5.
1323 1455 1578 1494 Animadverte
1590 1455 1650 1494 hic
1664 1463 1837 1507 quantum
1850 1463 1883 1494 et
1902 1454 2051 1493 istarum
2069 1468 2171 1492 usum

1217 1518 1319 1557 nobis
1337 1517 1546 1557 declaravit.
1566 1519 1703 1556 Posuit
1723 1517 1815 1555 illas
1832 1547 1843 1563 ,
1867 1515 2009 1567 inquit,
2032 1519 2073 1553 in
2098 1516 2171 1566 fir-

1217 1588 1415 1618 mamento
1443 1579 1541 1617 caeli.
1571 1577 1673 1625 Quid
1698 1586 1773 1626 est,
1808 1579 1971 1615 Posuit?
1992 1576 2173 1627 Numquid

1217 1640 1320 1692 quasi
1348 1639 1482 1678 diceret
1510 1639 1661 1690 aliquis,
1688 1638 1814 1676 Fixit?
1846 1638 1949 1676 Absit
1978 1654 1985 1674 :
2008 1637 2173 1676 videmus

1217 1701 1312 1740 enim
1334 1701 1430 1754 ipsas
1457 1715 1549 1753 soepe
1573 1700 1679 1738 unico
1705 1699 1874 1751 temporis
1895 1708 2074 1737 momento
2094 1713 2173 1737 ma—

1218 1776 1328 1815 gnum
1345 1761 1496 1800 transire
1511 1760 1683 1813 spatium⁷
1702 1769 1735 1798 et
1749 1773 1943 1810 numquam
1960 1760 1995 1797 in
2009 1773 2080 1797 uno
2098 1759 2175 1797 loco

1219 1832 1331 1872 stare,
1355 1823 1416 1861 sed
1436 1836 1556 1872 suum,
1575 1836 1680 1872 quem
1701 1821 1773 1859 illis
1793 1820 1968 1859 Dominus
1992 1821 2174 1873 praecepit,

1220 1898 1367 1922 cursum
1396 1883 1577 1936 perficere.
1597 1881 1696 1930 Quid
1723 1882 1834 1933 igitur
1858 1891 1932 1929 est,
1951 1883 2113 1921 Posuit?
2133 1882 2177 1920 Id

1220 1953 1296 1994 est,
1318 1943 1508 1996 imperavit
1527 1952 1567 1980 ut
1597 1942 1682 1995 ipsae
1703 1951 1815 1980 essent
1846 1942 1882 1979 in
1911 1941 2008 1979 caelo.
2033 1941 2176 1980 Etenim

1220 2004 1288 2043 hoe
1309 2019 1354 2043 ex
1383 2004 1536 2043 decursu
1556 2003 1750 2055 Scripturae
1777 2003 1897 2041 licebit
1924 2002 2061 2053 videre,
2093 2004 2176 2054 quia

1220 2065 1308 2104 alibi
1335 2064 1423 2103 dicit
1441 2081 1448 2101 :
1471 2066 1611 2103 Posuit
1630 2065 1737 2102 Deus
1759 2064 1893 2102 Adam
1915 2067 1956 2101 in
1973 2065 2173 2115 paradiso,
2194 2077 2267 2104 Gen.
2288 2083 2314 2102 2.
2334 2073 2363 2102 8.

1221 2140 1290 2165 non
1310 2126 1406 2176 quod
1426 2125 1585 2163 infixerit
1603 2139 1684 2163 eum
1701 2124 1883 2177 paradiso,
1896 2124 1956 2162 sed
1974 2125 2069 2175 quod
2088 2140 2177 2178 prce-

1222 2187 1354 2240 ceperit
1371 2195 1410 2224 ut
1424 2195 1513 2225 esset
1529 2187 1564 2224 in
1578 2186 1759 2238 paradiso.
1777 2186 1951 2226 Similiter
1964 2195 1998 2225 et
2012 2185 2056 2224 dc
2070 2187 2179 2225 stellis

1221 2248 1437 2298 dixerimus,
1458 2247 1651 2299 imperasse
1665 2261 1791 2300 nempe
1808 2247 1858 2286 eis
1871 2257 1909 2286 ut
1924 2257 2038 2286 essent
2055 2248 2090 2286 in
2111 2248 2179 2286 fir-

1222 2318 1400 2348 mamento
1428 2309 1532 2358 caeli,
1560 2317 1594 2347 et
1621 2322 1726 2347 suum
1757 2309 1878 2348 lumen
1913 2324 2020 2362 super
2048 2319 2178 2348 terram

1222 2371 1433 2410 emitterent,
1455 2369 1726 2420 Animadverte,
1749 2370 1894 2409 obsecro
1907 2401 1918 2421 ,
1936 2370 2080 2421 dilecte,
2101 2371 2180 2422 qui-

1222 2434 1375 2472 busnam
1405 2432 1518 2485 pratis
1548 2441 1581 2469 et
1610 2431 1725 2470 hortis
1749 2431 1946 2484 jucundius
1975 2446 2044 2471 non
2073 2433 2180 2471 fuerit

1224 2504 1381 2548 spectare
1391 2494 1427 2532 in
1442 2492 1560 2532 media
1571 2502 1672 2531 nocte
1683 2493 1811 2530 caelum
1825 2493 1936 2531 stellis
1952 2493 2175 2541 distinctum,

1223 2565 1257 2595 et
1272 2555 1458 2595 stellarum
1472 2554 1644 2592 varietate
1664 2554 1763 2605 quasi
1794 2554 1941 2592 floribus
1962 2555 2178 2605 quibusdam

1223 2631 1451 2670 conspersum
1469 2625 1503 2654 et
1520 2624 1697 2664 ornatum,
1714 2615 1869 2653 multum
1886 2615 1974 2653 lueis
1990 2630 2097 2668 super
2111 2625 2176 2654 ter-

1222 2693 1300 2718 ram
1317 2676 1524 2717 effundere?
1543 2677 1636 2714 Nam
1655 2684 1687 2714 et
1704 2675 1739 2713 in
1756 2675 1824 2713 hoc
1837 2675 2007 2714 ordinata:
2023 2686 2118 2723 sunt,
2139 2685 2178 2714 ut

1222 2740 1362 2779 luceant
1380 2751 1486 2790 super
1503 2746 1635 2775 terram
1647 2765 1657 2784 ,
1679 2744 1713 2774 et
1739 2735 1883 2788 praesint
1908 2736 1982 2775 diei
2001 2746 2035 2775 et
2054 2738 2146 2776 nocti
2164 2768 2175 2788 ‚

1223 2801 1321 2854 quod
1339 2797 1547 2852 generaliter
1568 2806 1602 2835 et
1619 2796 1665 2834 de
1689 2796 1828 2847 magnis
1857 2796 2097 2837 luminaribus
2123 2798 2179 2837 di-

1223 2872 1322 2902 etum
1351 2869 1413 2900 est.
1432 2860 1523 2897 Nam
1553 2866 1740 2910 postquam
1757 2857 1878 2895 docuit
1900 2871 1977 2908 nos,
1999 2859 2177 2910 quomodo

1223 2926 1374 2964 formata
1390 2920 1519 2959 fuerint
1535 2919 1607 2957 duo
1626 2918 1816 2956 luminaria
1836 2933 1979 2971 magna,
1993 2928 2026 2958 et
2044 2920 2153 2958 stella}
2169 2936 2175 2956 :

1223 2987 1268 3026 de
1286 2984 1452 3025 omnibus
1472 2982 1507 3019 in
1525 2994 1649 3031 genere
1668 2980 1770 3028 dicit,
1789 2981 1820 3017 Ε
1824 2990 1836 3019 ι
1851 2984 2011 3033 praesint
2031 2983 2107 3020 diei
2129 2997 2174 3021 ac

1226 3050 1348 3092 nocti,
1370 3053 1405 3082 et
1436 3051 1612 3094 separent
1639 3044 1739 3079 inter
1764 3041 1885 3079 lucem
1919 3051 1956 3080 et
1984 3045 2173 3081 tenebras.

1225 3107 1417 3148 Enimvero
1431 3103 1524 3141 sicut
1534 3100 1689 3139 interdiu
1700 3101 1809 3140 stellce
1824 3101 1858 3154 in
1873 3102 1956 3140 caelo
1968 3116 2036 3140 non
2052 3103 2158 3141 viden
2168 3127 2176 3132 -

1224 3179 1283 3208 tur
1300 3167 1500 3205 discurrere
1515 3162 1687 3209 (illarum
1716 3162 1811 3200 enim
1831 3176 1934 3201 usum
1954 3163 2071 3202 lumen
2094 3164 2178 3201 solis

1224 3229 1337 3269 multa
1351 3226 1510 3266 claritate
1525 3224 1748 3277 obtegit},ita
1763 3238 1875 3275 neque
1893 3234 1995 3262 noctu
2010 3225 2059 3264 sol
2073 3240 2178 3278 appa—

176 3360 188 3375 ³
205 3350 306 3384 Savil*
324 3352 475 3395 etplures
492 3354 567 3386 Mss.
582 3359 686 3394 ἔπηξε-ι
701 3367 708 3395 ,
721 3358 796 3396 οὶχὶ,
814 3359 857 3395 μὴ
871 3359 995 3395 γένοιτο.
1012 3353 1051 3385 In
1061 3353 1136 3384 MO-
1172 3357 1225 3381 1¹¹?
1243 3346 1275 3380 ΠΙ
1295 3344 1422 3380 lisdem·

132 3401 264 3446 reto-311*
279 3402 381 3436 (locst.
394 3404 468 3436 Mox
483 3409 622 3442 πολλάκις
639 3403 751 3437 deerat
769 3407 801 3437 in
819 3403 948 3438 Morct..
966 3403 1021 3436 scd
1040 3402 1139 3435 habe-
