2516 3791
863 210 922 241 ni:
958 212 1079 242 ΛΝΝΑ
1116 211 1263 242 sunnio
1300 212 1362 241 ιιι.
2065 203 2147 262 841

106 309 160 333 νον
184 292 247 341 τὴν
275 292 427 344 ἅμιλλαν
453 294 559 332 ἔθετο.
597 293 688 331 Ἀλλ’
710 295 838 338 ἐκεῖνος
856 293 919 345 μὲν
936 294 1056 332 λαδὼν
1071 293 1128 333 τὸν

106 355 201 402 υἱὸν,
229 354 447 406 κατήγαγεν·
472 354 561 402 αὕτη
584 353 619 393 δὲ
639 357 771 407 ἀφῆκεν
791 357 826 394 ἐν
850 358 901 409 τῷ
916 358 989 408 ναῷ
1014 354 1127 406 μένειν

106 416 290 462 διηνεκῶς·
318 417 449 466 μᾶλλον
470 415 505 455 δὲ
527 419 685 460 κάκεῖνος
702 416 847 463 ἀνέθηκε
869 417 1028 454 καθόλου.
1068 414 1128 462 Μὴ

104 475 172 528 γὰρ
202 476 243 523 δὴ
275 480 378 514 τοῦτο
405 477 504 529 ἴδῃς,
537 477 592 516 ὅτι
623 479 684 516 οὐκ
717 477 878 530 ἔσφαξεν,
910 478 988 515 ἀλλ’
1008 476 1062 515 ὅτι
1085 478 1128 528 τῇ

103 535 226 589 γνώμῃ
248 537 287 576 τὸ
306 544 374 575 πᾶν
395 538 599 591 ἀπήρτισεν.
631 533 732 583 Εἶδες
748 545 896 590 γυναῖκα
915 538 1001 590 πρὸς
1020 537 1129 588 ἄνδρα

104 598 377 649 ἇμιλλωμένην;
407 594 494 643 εἶδες
526 599 620 638 οὐδὲν
655 600 753 652 παρὰ
780 604 842 647 τ’ἦς
865 599 999 652 φύσεως
1017 600 1130 649 ἐμπο-

105 660 278 698 δισθεῖσαν
312 662 468 707 ζηλῶσαι
498 662 554 700 τὸν
585 662 833 714 πατριάρχην;
877 659 969 699 Ἀλλ’
1001 661 1128 711 ἴδωμεν

103 723 179 765 πῶς
210 721 310 760 αὐτὸν
339 722 533 770 ἀνατίθησι.
571 724 817 773 Προσελθοῧσα
836 725 886 775 τῷ
905 725 989 774 ἱερεῖ
1006 752 1016 769 ,
1036 715 1130 760 εἶπεν

103 786 216 837 αὐτῷ·
238 787 271 823 ἐν
294 785 384 836 ἐμοὶ,
405 785 514 838 κύριε.
548 785 596 823 Τί
613 784 698 823 ποτέ
714 785 820 831 ἐστιν,
840 783 900 822 Ἐν
917 783 1017 834 ἐμοί;
1039 784 1128 821 Μετ’

104 846 283 898 ἀκριὸείας
312 846 464 898 πρόσεχε
492 853 562 890 τοῖς
580 845 778 898 λεγομένοις
798 875 807 892 ,
827 844 944 897 φησίν.
981 843 1129 891 Ἐπειδὴ

103 906 171 958 γὰρ
189 906 311 959 χρόνος
326 909 484 959 παρῆλθε
503 906 611 951 πολὺς
623 935 632 952 ,
649 908 850 957 ἀναμνῆσαι
868 904 1032 958 βούλεται
1054 905 1129 944 ποί-

103 968 156 1004 λιν
194 970 263 1005 τῶν
289 967 411 1021 πρῴην
447 967 657 1020 εἰρημένων·
691 967 743 1005 διό
778 982 904 1019 φησιν·
941 966 1004 1005 Ἐν
1038 966 1129 1018 ἐμοὶ,

103 1028 221 1082 κύριε·
253 1031 294 1082 ζῇ
327 1034 349 1077 ἡ
379 1030 474 1083 Ιψυχή
500 1046 579 1069 σου·
608 1029 678 1082 ἐγὼ
708 1033 730 1076 ἡ
764 1029 850 1081 γυνὴ
881 1032 903 1076 ἦ
923 1036 1131 1067 καταστᾶσα

103 1090 248 1130 ἐνώπιόν
277 1107 338 1130 σου
366 1093 401 1129 ἐν
428 1094 476 1144 τῷ
506 1091 759 1144 προσεύξασθαι
781 1091 868 1143 πρὸς
897 1090 1022 1144 Κύριον
1043 1089 1130 1143 ὑπὲρ

102 1155 162 1190 τοῦ
198 1153 384 1205 παιδαρίου
411 1153 544 1192 τούτου.
580 1152 840 1207 Προσηυξάμην
871 1153 958 1205 πρὸς
989 1151 1130 1204 Κύριον,

103 1214 162 1252 καὶ
182 1214 290 1253 ἔδωκέ
316 1230 376 1266 μοι
397 1216 436 1254 τὸ
455 1215 591 1266 αἴτημά
611 1230 677 1266 μου
690 1245 698 1258 ,
721 1215 740 1254 ὃ
754 1215 943 1266 ᾐτησάμην
963 1216 1046 1266 παρ’
1072 1214 1130 1250 αὐ-

102 1279 173 1314 τοῦ.
210 1275 318 1328 Κάγὼ
342 1279 456 1330 κιχρῶ
483 1277 584 1316 αὐτὸν
613 1279 663 1328 τῷ
682 1276 801 1330 Κυρίῳ
820 1276 936 1320 πάσας
954 1275 1016 1319 τὰς
1044 1274 1133 1326 ἡμέ-

107 1352 184 1391 ρας,
214 1337 254 1381 ἃς
282 1340 322 1390 ζῇ
354 1339 476 1385 αὐτὸς,
507 1338 649 1391 χρήσειν
670 1341 720 1390 τῷ
747 1337 878 1390 Κυρίῳ.
918 1337 995 1375 Οὐκ
1016 1329 1131 1374 εἶπεν·

104 1397 174 1450 ἐγὼ
191 1401 212 1445 ἡ
234 1399 333 1450 γυνὴ,
353 1400 395 1446 ἣν
414 1400 618 1446 ὠνείδισας,
640 1399 684 1445 ἣν
704 1398 944 1451 ἐλοιδόρησας,
965 1397 1008 1444 ἣν
1025 1397 1134 1435 ἔσκω-

103 1461 172 1512 ψας
197 1463 246 1504 εἷς
268 1461 451 1515 παροινίαν
476 1461 535 1499 καὶ
560 1461 668 1512 μέθην
685 1476 693 1484 ·
726 1461 778 1499 διὸ
797 1459 904 1504 ἔδειξέ
919 1475 974 1498 σοι
992 1461 1010 1497 6
1026 1459 1131 1506 Θεὸς,

103 1520 159 1560 ὅτι
183 1524 221 1561 οὗ
248 1522 364 1573 μεθύω
380 1538 388 1546 ·
418 1522 461 1561 σὺ
488 1522 524 1562 δὲ
544 1524 665 1566 ἁπλῶς
683 1525 786 1561 τοῦτο
803 1521 989 1564 ἐνεκάλεις.
1021 1519 1132 1559 Οὐδὲν

104 1582 234 1622 τούτων
257 1585 326 1622 τῶν
345 1584 504 1637 τραχέων
526 1584 692 1637 ῥημάτιον
711 1578 822 1631 εἶπεν,
851 1581 942 1621 ἀλλὰ
958 1584 1035 1634 μετ’
1059 1585 1134 1621 ἐπι-

105 1642 234 1687 εικείας
248 1647 262 1663 ²
275 1644 501 1697 ἀποκρίνεται
512 1646 657 1689 πολλ’ῆς·
674 1643 788 1682 καίτοι
801 1643 864 1690 τὴν
881 1643 950 1682 ἀπὸ
961 1644 1030 1680 τῶν
1045 1659 1134 1694 πρα-

105 1701 250 1753 γμάτοιν
275 1702 418 1741 ἔκόασιν
441 1702 570 1756 ἔχουσα
594 1706 838 1755 μαρτυροῦσαν
859 1703 945 1753 αὐτῇ
961 1732 971 1747 ,
992 1701 1052 1740 καὶ
1070 1703 1132 1739 δυ-

106 1761 238 1814 ναμένη
269 1763 434 1802 ὀνειδίσαι
461 1767 520 1801 νῦν
547 1766 597 1816 τῷ
626 1765 730 1815 ἱερεῖ,
760 1766 807 1807 ὡς
837 1765 913 1814 εἰκῇ
935 1762 994 1801 καὶ
1017 1762 1132 1813 μάτην

104 1824 213 1871 αὐτὴν
242 1825 464 1879 μεμψαμένῳ
492 1825 570 1864 τότε
587 1825 718 1881 ,γούδὲν
744 1825 876 1864 τούτων
905 1831 1010 1872 ποιεῖ,
1036 1823 1131 1863 ἀλλὰ

104 1885 168 1933 τὴν
197 1887 394 1939 εὐεργεσίαν
426 1891 485 1926 τοῦ
514 1889 607 1927 Θεοῦ
636 1886 730 1938 λέγει
760 1887 876 1938 μόνον.
914 1886 982 1925 Καὶ
1010 1885 1134 1926 σκόπει

105 1947 228 1995 δούλης
259 1948 540 2000 εὐγνωμοσύνην.
575 1947 666 1987 ’Ότε
687 1948 821 2001 ἔπασχε
851 1951 992 1995 κακῶς,
1023 1947 1134 1986 οὐδενὶ

104 2008 168 2056 τὴν
187 2010 370 2062 συμφορὰν
390 2009 597 2062 ἐξεκάλυψεν
610 2040 620 2056 ,
644 2011 721 2048 οὐδὲ
744 2003 820 2048 εἶπε
838 2010 924 2063 πρὸς
942 2009 1000 2047 τὸν
1026 2009 1133 2063 ἱερέα·

105 2070 288 2117 ἀντίζηλον
319 2071 390 2124 ἔχω
412 2079 562 2123 γυναῖκα
576 2102 584 2115 ,
607 2072 752 2118 κάκείνη
773 2071 835 2122 μὲν
858 2071 1070 2116 ὀνειδίζουσα
1090 2087 1134 2120 με

106 2133 166 2171 καὶ
183 2133 432 2186 λοιδορουμένη
451 2134 556 2187 χορὸν
587 2132 661 2186 ἔχει
680 2133 833 2182 παίδων,
863 2132 933 2185 ἐγὼ
949 2132 985 2171 δὲ
1001 2135 1036 2171 ἐν
1058 2134 1134 2172 ἐπι-

105 2193 215 2248 εικείᾳ
242 2197 353 2242 ζῶσα,
379 2195 515 2234 οὐδέπω
531 2195 591 2234 καὶ
609 2195 760 2248 τήμερον
779 2195 954 2242 ἠδυνήθην
973 2195 1133 2248 γενέσθαι

107 2256 237 2310 μήτηρ,
259 2257 348 2296 ἀλλὰ
367 2256 564 2296 συνέκλεισέ
581 2273 647 2308 μου
663 2260 680 2295 6
699 2257 789 2301 Θεὸς
809 2256 872 2304 τὴν
894 2257 1031 2310 μήτραν
1044 2288 1053 2303 ,
1072 2258 1132 2296 καὶ

106 2317 312 2369 θλιὸομένην
342 2322 432 2370 δρῶν
462 2321 523 2357 οὐκ
547 2318 707 2366 ἠλέησεν.
742 2317 854 2357 Οὐδὲν
873 2317 1004 2357 τούτων
1024 2312 1131 2367 εἶπεν,

105 2379 196 2417 ἀλλὰ
224 2379 400 2430 σιγήσασα
428 2382 490 2426 τῆς
515 2387 696 2433 συμφορᾶς
726 2380 766 2419 τὸ
788 2374 894 2426 εἶδος,
920 2379 975 2419 ὅτι
1005 2382 1132 2432 ἀθυμεῖ

109 2439 210 2490 μόνον
227 2441 411 2487 ἐδήλωσεν,
433 2443 598 2488 εἰποῦσα,
615 2441 669 2479 ὅτι
688 2441 781 2488 Γυνὴ
802 2443 837 2480 ἐν
859 2443 999 2496 σκληρᾷ
1015 2442 1133 2495 ἡμέρᾳ

107 2502 177 2553 ἐγώ
199 2505 291 2553 εἰμι’
314 2503 373 2540 καὶ
392 2505 465 2542 οὐδ’
484 2503 523 2540 ἂν
539 2507 640 2542 τοῦτο
658 2503 856 2556 ἐφθέγξατο,
871 2506 902 2542 εἰ
923 2504 972 2554 μὴ
988 2508 1006 2543 6
1025 2504 1132 2557 ἱερεὺς

107 2564 301 2615 ἠνάγκασε,
333 2565 470 2615 μεθύειν
503 2565 724 2610 ὑποπτεύσας
756 2565 876 2612 αὐτήν.
919 2566 1068 2614 Ἐπειδὴ
1095 2567 1131 2605 δὲ

109 2626 216 2670 ἀνῆκε
237 2625 300 2672 τὴν
325 2625 462 2678 πληγὴν
491 2626 624 2674 ἐκείνην
637 2654 646 2671 ,
677 2625 737 2664 καὶ
767 2626 829 2673 τὴν
850 2627 987 2675 αἴτησιν
1006 2630 1024 2666 6
1043 2627 1133 2672 Θεὸς

107 2686 230 2733 ἔδωκε,
247 2686 326 2725 τότε
344 2694 436 2726 ποιεῖ
455 2691 639 2741 καταφανῆ
662 2687 726 2735 τὴν
746 2688 943 2740 εὐεργεσίαν
962 2692 1013 2742 τῷ
1031 2691 1130 2742 ἱερεῖ,

111 2748 301 2798 βουλομένη
324 2749 486 2788 κοινωνὸν
508 2752 567 2796 τῆς
586 2749 810 2802 εὐχαριστίας
828 2749 949 2788 λαὸεῖν
968 2780 977 2798 ,
1012 2750 1132 2803 ὥσπερ

108 2807 188 2846 τότε
207 2811 269 2854 τῆς
290 2811 394 2860 εὗχῆς
409 2809 512 2848 ἔλαῧε
526 2825 534 2833 ·
553 2810 613 2848 καί
634 2825 739 2863 φησιν
751 2839 761 2856 ,
787 2809 899 2863 Ὑπὲρ
918 2815 978 2849 τοῦ
1002 2812 1132 2849 παιδα-

112 2869 184 2920 ρίου
202 2869 322 2908 τούτου
353 2870 600 2922 προσηυξάμην
615 2900 625 2917 ,
656 2872 716 2910 καὶ
734 2871 844 2910 ἔδωκε’
866 2887 925 2924 μοι
948 2871 1074 2925 Κύριος
1092 2872 1132 2910 τὸ

109 2929 244 2981 αἴτημά
265 2947 343 2981 μου,
364 2931 383 2969 ὃ
400 2931 589 2982 ’ᾐτησάμην
607 2934 692 2986 παρ’
714 2935 830 2972 αὐτοῦ.
859 2933 929 2973 Καὶ
943 2937 999 2971 ν’ὔν
1015 2937 1129 2987 κιχρῶ

110 2992 214 3030 αὐτὸν
232 2994 282 3044 τῷ
307 2991 439 3044 Κυρίῳ.
470 2990 566 3043 υΟροι
587 2995 662 3036 πῶς
681 2995 870 3048 μετριάζει.
902 2995 962 3042 Μὴ
983 2994 1129 3047 νομίσῃς

1204 294 1286 332 tulit
1313 294 1489 334 sacerdos.
1509 294 1593 334 Haec
1615 309 1763 334 suorum
1791 296 1967 335 viscerum
1993 300 2082 337 saeta
2107 310 2246 342 estam.
2272 315 2360 341 sami-

1203 354 1453 405 sacerdotissa;
1472 355 1610 394 imitata
1625 366 1677 395 est
1691 357 1932 410 patriarcham
1961 359 2155 409 Abraham,
2172 356 2245 384 ⁰⁶⁶⁰·

1203 430 1356 468 eumque
1375 417 1438 455 illo
1456 427 1631 456 certamen
1657 419 1823 471 suscepit.
1844 420 1913 457 Sed
1937 420 1997 458 ille
2014 420 2158 471 quidem

1201 478 1321 516 filium
1350 488 1531 532 receptum
1564 479 1709 519 reduxit
1737 481 1783 519 de
1813 491 1948 527 monte;
1974 482 2048 520 haec
2076 497 2161 521 vero

1201 539 1345 591 reliquit
1374 540 1410 578 in
1442 540 1589 593 templo,
1619 550 1658 579 ut
1691 542 1766 579 illic
1792 552 1962 594 perpetuo
1992 554 2159 582 maneret.

1203 600 1301 648 Quin
1323 601 1442 653 potius
1463 602 1523 640 ille
1537 616 1677 654 quoque
1708 611 1823 640 totum
1842 602 2023 642 dedicavit
2045 619 2052 639 :
2075 618 2161 642 eave

1202 662 1297 699 euim
1320 662 1411 700 illud
1431 672 1580 715 spectes,
1597 662 1697 714 quod
1722 677 1790 700 non
1820 663 1965 711 oceidit,
1988 663 2048 701 sed
2065 664 2161 715 quod

1202 723 1322 761 animo
1338 733 1453 762 totum
1470 725 1619 777 peregit.
1645 724 1779 764 Vidisti
1797 725 1965 763 seminam
1985 740 2064 763 cuni
2083 726 2161 765 viro

1202 785 1466 824 decertantem?
1485 786 1608 826 vidisti
1635 787 1725 825 nihil
1741 802 1759 824 a
1778 801 1863 824 sexu
1890 786 2049 829 vetitam,
2072 802 2162 838 quo-

1202 847 1322 885 minus
1335 848 1564 886 aemularetur
1579 849 1847 901 patriarchani?
1864 848 1936 886 Sed
1957 849 2158 894 videmnus,

1201 909 1382 960 quomodo
1401 910 1504 948 illum
1525 911 1750 949 consecrarit.
1779 909 1908 957 Adiit,
1931 911 2044 962 inquit
2064 911 2158 949 Seri·
2182 937 2205 956 ¹,
2224 929 2297 959 1:122«
2318 939 2322 955 1

1202 978 1323 1022 ptura,
1351 973 1604 1017 sacerdotem,
1625 986 1672 1010 ae
1692 973 1791 1009 dia-it
1812 972 1873 1009 illi
1891 987 1901 1007 .·
1920 974 1968 1009 In
1995 987 2067 1019 me,
2093 974 2159 1010 do-
2178 972 2226 999 2⁸·

1205 1032 1320 1068 mine.
1337 1030 1435 1078 Quid
1454 1030 1597 1069 tandem
1612 1040 1662 1069 est
1678 1030 1782 1077 illud,
1799 1033 1847 1067 In
1869 1035 1954 1067 me?
1971 1031 2157 1081 Ausculta,

1203 1089 1334 1141 inquit,
1349 1090 1540 1143 diligenter
1553 1106 1633 1143 qum
1652 1092 1790 1143 loquar.
1805 1091 1985 1137 Quoniam
2006 1091 2159 1130 multum

1203 1152 1374 1205 temporis
1391 1153 1465 1205 Jam
1485 1153 1741 1199 intercesserat,
1762 1153 1878 1191 studet
1892 1153 1954 1190 illa
1969 1167 2047 1203 qua:
2062 1153 2162 1204 prius

1203 1213 1299 1252 dicta
1330 1215 1470 1253 fuerant
1496 1215 1532 1253 in
1564 1215 1772 1254 memoriam
1805 1229 1984 1263 revocare,
2011 1213 2163 1265 ideoque

1203 1274 1292 1313 dicit
1313 1292 1321 1312 ε
1342 1278 1390 1314 In
1408 1291 1481 1324 me,
1507 1278 1678 1322 domine;
1698 1280 1798 1315 vivit
1819 1279 1954 1314 anima
1975 1285 2042 1313 tua
2062 1292 2072 1312 .·
2094 1291 2163 1327 ego

1173 1345 1181 1372 2
1206 1351 1290 1376 sum
1308 1338 1448 1375 mulier
1462 1352 1548 1391 quoe
1566 1341 1724 1377 constiti
1743 1341 1784 1375 in
1801 1346 2004 1389 conspeetu
2021 1346 2085 1375 tao
2097 1339 2162 1376 cle-

1203 1412 1368 1450 precans
1383 1400 1596 1437 Dominum
1608 1412 1678 1452 pro
1690 1413 1809 1452 puero
1822 1400 1906 1437 hoc.
1924 1400 2073 1451 Effudi
2079 1414 2164 1451 pre-
2181 1414 2259 1442 md,
2271 1426 2296 1442 ι,
2317 1423 2363 1451 27-

1205 1473 1267 1498 ees
1290 1461 1344 1498 ad
1363 1461 1592 1508 Dominum,
1615 1470 1651 1499 et
1672 1462 1740 1500 ille
1763 1461 1869 1499 dedit
1894 1462 1990 1498 mihi
2011 1464 2164 1513 petitio-
2180 1456 2228 1487 ²3·

1207 1536 1308 1569 nem,
1342 1537 1461 1577 quam
1494 1526 1674 1576 petebam
1704 1526 1754 1562 ab
1787 1538 1845 1562 eo.
1871 1525 1925 1562 Et
1960 1522 2039 1576 ego
2059 1539 2165 1562 com-

1206 1585 1320 1621 modo
1360 1585 1473 1622 illum
1512 1586 1697 1631 Domino,
1740 1594 1781 1623 ut
1814 1588 1957 1623 serviat
1994 1586 2164 1624 Domino

1206 1647 1384 1684 omnibus
1400 1647 1536 1685 diebus
1556 1649 1650 1684 vitoe
1663 1661 1753 1685 Sltoe.
1768 1647 1847 1684 Non
1863 1645 1971 1693 dixit,
1987 1645 2065 1695 Ego
2084 1662 2164 1686 sum

1206 1705 1266 1744 illa
1281 1707 1425 1757 mulier,
1443 1706 1502 1745 cui
1522 1716 1560 1745 tu
1578 1707 1818 1760 exprobrasti,
1836 1721 1945 1757 quam
1964 1707 2165 1746 maledictis

1204 1767 1388 1820 impetisti,
1420 1782 1531 1819 quam
1564 1769 1663 1807 velut
1694 1768 1924 1806 temulentam
1963 1777 1997 1806 et
2029 1769 2166 1807 ebriam

1206 1829 1362 1869 derisisti
1379 1845 1389 1878 ;
1410 1828 1490 1868 ideo
1509 1832 1606 1869 Deus
1628 1829 1692 1868 tibi
1712 1829 1910 1868 declararit
1930 1844 1986 1867 me
2005 1844 2073 1868 non
2093 1844 2166 1869 csse

1206 1891 1441 1940 vinolentam,
1474 1901 1509 1929 te
1535 1905 1619 1930 vero
1653 1891 1786 1929 crimen
1820 1891 1888 1929 hoc
1915 1900 2045 1929 temere
2075 1891 2166 1929 mihi

1206 1952 1518 2006 impegisse.Nihil
1530 1952 1740 2005 hujusmodi
1753 1952 1945 1991 verborum
1957 1966 2165 2005 asperorum

1205 2013 1315 2064 dixit,
1334 2013 1396 2053 sed
1422 2014 1536 2052 multa
1559 2028 1640 2052 cum
1668 2013 1940 2052 mansuetudine
1969 2014 2129 2064 loquitur
2154 2031 2161 2050 :

1205 2075 1289 2114 licet
1307 2076 1453 2115 haberet
1471 2090 1592 2114 rerum
1604 2085 1773 2115 eventum
1789 2075 1857 2113 sihi
1869 2075 2163 2128 patrocinantem,

1207 2152 1248 2176 ac
1257 2138 1339 2191 jure
1351 2147 1469 2190 posset
1481 2137 1700 2190 exprobrare
1713 2136 1902 2186 sacerdoti,
1918 2136 2063 2188 quodid
2078 2146 2165 2175 tein-

1206 2201 1304 2252 poris
1319 2199 1434 2252 ipsam
1454 2208 1584 2237 temere
1602 2199 1691 2236 citra
1708 2212 1852 2236 causam
1872 2197 2065 2236 incusasset
2084 2213 2091 2234 ε
2108 2197 2165 2236 ηἰ-

1206 2260 1259 2299 hil
1277 2261 1408 2298 horum
1438 2260 1537 2310 facit,
1560 2259 1622 2298 sed
1649 2268 1789 2297 tantum
1823 2268 2078 2297 commemorat
2098 2259 2165 2297 Dei

1205 2335 1288 2374 erga
1303 2335 1340 2360 se
1352 2321 1635 2360 beneficentiam.
1657 2320 1850 2359 Considera
1866 2334 1950 2359 vero
1965 2329 2106 2371 gratum
2124 2335 2166 2359 ac

1205 2379 1420 2433 prudentem
1445 2379 1585 2418 ancillae
1614 2379 1786 2417 animum.
1815 2380 1908 2417 Cum
1934 2379 2164 2430 affligeretur,

1206 2440 1339 2480 nemini
1354 2455 1457 2479 suam
1476 2440 1615 2494 aperuit
1634 2440 1886 2488 calamitatem,
1908 2454 1971 2478 nec
1992 2439 2164 2478 sacerdoti

1206 2501 1302 2540 dixit
1326 2518 1334 2539 :
1359 2501 1541 2540 AEmulam
1575 2501 1690 2539 liabeo
1729 2500 1928 2548 mulierem,
1965 2514 2044 2551 quae
2074 2501 2162 2538 mihi

1205 2563 1425 2617 exprobrans
1446 2562 1720 2613 conviciansque
1740 2561 1889 2599 chorum
1909 2561 2016 2598 hahet
2036 2561 2162 2600 libero-

1207 2639 1288 2662 rum
1309 2639 1316 2660 :
1337 2636 1402 2675 ego
1431 2636 1516 2660 vero
1544 2636 1624 2672 quae
1656 2621 1967 2659 mansuetudinem
1993 2621 2084 2671 colo,
2115 2622 2161 2660 ad

1206 2685 1302 2722 hunc
1318 2697 1429 2734 usque
1441 2682 1538 2720 diem
1553 2681 1712 2720 nondum
1728 2682 1827 2734 potui
1845 2681 1922 2720 sieri
1942 2691 2077 2731 mater;
2100 2682 2161 2721 sed

1206 2747 1304 2784 Deus
1321 2744 1494 2783 conclusit
1523 2743 1672 2783 vulvam
1699 2758 1829 2792 meam,
1851 2758 2004 2794 cumque
2023 2744 2162 2782 videret

1203 2806 1434 2845 afflictionem
1457 2819 1587 2855 meam,
1609 2819 1677 2843 non
1697 2814 1750 2843 est
1767 2805 1946 2843 misertus.
1972 2805 2073 2843 Nihil
2096 2805 2162 2843 ho-

1206 2883 1287 2907 rum
1298 2867 1411 2906 dixit:
1425 2865 1488 2905 sed
1504 2880 1692 2919 suppresso
1704 2865 1918 2904 calamitatis
1931 2867 2071 2917 genere,
2089 2875 2161 2904 tan-

1205 2939 1281 2968 tum
1308 2928 1482 2967 indicavit
1497 2941 1532 2965 se
1549 2927 1668 2965 animo
1688 2927 1770 2978 angi
1796 2925 1932 2976 dicens,
1957 2927 2104 2965 Mulier
2119 2930 2159 2965 in
2176 2942 2254 2969 [emt.
2269 2950 2293 2967 v.
2316 2940 2348 2966 ¹5

1205 2994 1302 3029 duro
1314 2992 1376 3028 die
1389 3004 1457 3041 ego
1476 3002 1575 3035 sum,
1593 3002 1634 3026 ne
1649 2987 1738 3025 illud
1754 2987 1899 3038 quidem
1916 2987 2070 3033 dictura,
2091 2987 2157 3025 nisi

110 3069 154 3104 με
173 3053 263 3105 μέγα
281 3069 315 3091 τι
333 3053 393 3091 καὶ
412 3053 610 3103 θαυμαστὸν
626 3060 735 3093 ποιεῖν
750 3085 760 3103 ,
779 3057 881 3109 φησὶν
893 3088 902 3105 ,
917 3056 972 3096 ὅτι
989 3057 1028 3095 τὸ
1047 3073 1128 3095 παι·
1144 3083 1192 3107 727
1206 3051 1367 3091 sacerdos
1393 3051 1465 3088 huc
1494 3049 1739 3102 compulisset,
1766 3049 1950 3101 suspicans
1978 3063 2056 3087 eam
2086 3063 2159 3087 esse

111 3114 180 3152 δίον
196 3114 406 3164 ἀνατίθημι·
429 3115 492 3151 οὐκ
509 3113 578 3165 ἐγὼ
597 3115 752 3167 κατ-ἦρξα
768 3121 828 3155 τοῦ
843 3116 1128 3171 κατορθώματος,
1157 3121 1182 3150 Δ
1206 3113 1448 3153 temulentam.
1470 3114 1516 3148 At
1533 3119 1760 3163 posteaquam
1784 3109 1818 3147 id
1842 3110 1975 3147 vulnus
2000 3109 2157 3155 sustulit,

111 3175 186 3213 ἀλλ’
206 3175 347 3228 ὀφειλὴν
361 3173 572 3226 ἀποδίδωμι.
591 3177 896 3228 Παρακαταθήκην
910 3178 978 3232 γὰρ
993 3178 1130 3225 ἔλαὸον,

112 3235 170 3273 καὶ
187 3235 315 3283 ταύτην
331 3237 593 3287 ἀποκαθίστημι
609 3239 660 3290 τῷ
678 3237 854 3276 δεδωκότι.
876 3239 945 3277 Καὶ
964 3243 1073 3278 ταῦτα
1088 3238 1131 3277 τὰ

1207 3177 1283 3214 Deo
1310 3173 1417 3212 dante
1446 3171 1541 3223 quod
1572 3171 1782 3224 postularat,
1815 3180 1890 3208 tum
1918 3170 2062 3208 «leuium
2093 3170 2160 3206 Dei

1207 3234 1476 3275 beneficentiam
1493 3232 1606 3286 aperit
1619 3230 1809 3279 sacerdoti,
1829 3231 1972 3283 cupiens
1999 3230 2101 3267 illum
2122 3229 2157 3266 in

157 3391 169 3403 ²
189 3376 413 3425 [immi-serm,
431 3378 520 3422 quod
538 3377 705 3413 exciderat
729 3379 760 3413 in
777 3379 910 3422 Montf.,
928 3379 1118 3414 addidimus
1137 3393 1153 3410 ι·
1171 3377 1286 3412 noret.
1302 3385 1335 3410 et
1347 3374 1465 3415 Smihl

330 3455 424 3477 Tou.
462 3455 515 3478 tv.
