2516 3791
683 170 724 200 ΙΝ
763 169 865 200 (ΣΑΡ.
905 169 1002 199 xut-

109 259 166 312 ρόν
185 274 239 298 σοι
257 257 320 305 τὴν
348 259 411 310 γῆν
441 256 696 308 ὑπισχνοῦμαι·
730 255 789 292 καὶ
809 257 846 293 οὐ
877 257 978 292 τοῦτο
1014 252 1132 304 μόνον,

107 320 196 359 ἀλλὰ
222 319 281 357 καὶ
310 321 360 370 τῷ
389 315 566 369 σπέρματί
595 331 655 355 σου
684 315 846 369 παρέξειν
870 314 1132 376 ἐπαγγέλλομαι

105 380 225 428 αὐτὴν,
249 379 308 417 καὶ
334 377 399 421 ἕως
431 379 573 425 αἰῶνος,
601 379 694 415 τοῦτ’
726 377 800 415 ἔστι
831 377 1008 423 διηνεκῶς.
1034 375 1132 418 Ιίἰδες

105 444 180 484 πῶς
200 442 437 492 φιλοτιμεῖται
468 440 503 476 ἐν
533 444 610 482 ταῖς
630 437 862 489 εὐεργεσίαις,
885 437 1030 481 Ἐπειδὴ
1064 435 1131 486 γὰρ

105 502 180 548 ἤδει
205 501 259 540 ὅτι
282 500 401 539 τούτου
419 500 573 550 μάλιστα
593 499 757 549 ἐπεθύμει
777 502 794 536 ὁ
809 497 1051 549 πατριάρχης,
1073 494 1132 533 καὶ

104 545 198 600 οὐδὲν
214 564 316 600 αὐτοῦ
339 560 400 607 τὴν
419 560 612 612 προθυμίαν
633 559 722 598 οὕτω
742 558 906 612 νευρώσει
921 587 930 603 ,
947 557 1053 609 φησί·
1072 555 1130 593 καὶ

103 623 204 661 τοῦτό
217 637 271 660 σοι
286 622 426 673 παρέξω
441 651 450 668 ,
467 620 557 658 ὥστε
575 621 635 658 καὶ
654 620 731 664 τοὺς
745 620 814 658 ἀπὸ
833 622 892 657 σοῦ
907 615 1131 666 τικτομένους

105 683 326 727 διαδέξασθαι
356 686 418 728 τῆς
449 685 513 732 γῆς
546 680 608 726 τὴν
648 680 855 726 ἀπόλαυσιν,
887 677 946 715 καὶ
986 677 1128 722 διηνεκῆ

107 745 237 791 ταύτης
268 744 359 796 ἔχειν
391 742 454 789 τὴν
485 741 652 786 ἐξουσίαν.
676 734 765 779 Εἶτα
785 739 841 777 ἵνα
876 737 924 788 μὴ
950 737 1035 788 πρὸς
1065 736 1129 781 τὴν

105 805 235 843 οἰκείαν
261 805 362 855 μόνον
392 803 505 854 φύσιν,
533 801 592 840 καὶ
622 802 706 852 πρὸς
725 799 764 837 τὸ
793 802 902 850 γ’ἧρας
928 798 967 836 τὸ
987 799 1129 842 ἑαυτοῦ,

103 867 162 904 καὶ
191 866 256 911 τὴν
276 868 337 910 τῆς
356 864 474 915 Σάρας
502 862 682 914 στείρωσιν
703 861 850 907 ἀπιδὼν,
868 859 1027 912 ναρκήσῃ
1044 858 1130 910 πρὸς

103 925 165 972 τὴν
193 925 394 976 ὑπόσχεσιν,
426 923 515 962 ἀλλὰ
552 922 708 975 θαρρήσῃ
742 924 785 973 τῇ
808 924 868 958 τοῦ
888 918 1129 971 ὑποσχομένου

103 986 272 1038 δυνάμει,
290 986 394 1038 φησί·
418 984 487 1023 Καὶ
511 984 647 1030 ποιήσω
667 983 707 1021 τὸ
730 982 871 1034 σπέρμα
892 997 974 1028 σου,
997 983 1044 1024 ὡς
1065 980 1128 1026 τὴν

103 1049 219 1098 ἄμμον
239 1050 300 1093 τῆς
319 1049 394 1096 γῆς.
417 1047 459 1084 lii
482 1044 665 1092 δυνήσεταί
683 1060 735 1087 τις
754 1043 816 1090 τὴν
841 1043 957 1094 ἅμμον
978 1044 1040 1088 τῆς
1065 1043 1129 1093 γῆς

103 1108 358 1162 ἐξαριθμῆσαι,
396 1107 455 1146 καὶ
489 1107 529 1145 τὸ
558 1105 701 1159 σπέρμα
737 1120 798 1167 σου
832 1102 1125 1158 ἀριθμηθήσεται.

103 1168 256 1214 Ἀληθῶς
277 1168 364 1220 ὑπὲρ
383 1167 484 1220 φύσιν
505 1166 724 1218 ἀνθρωπίνην
741 1169 783 1212 ἠν
813 1168 834 1211 ἡ
861 1164 1048 1215 ὑπόσχεσις
1067 1178 1072 1184 ·
1090 1164 1128 1200 οὐ

104 1229 206 1280 μόνον
238 1229 306 1281 γὰρ
328 1229 462 1282 πατέρα
490 1227 590 1266 αὐτὸν
613 1227 770 1273 ποιήσειν
795 1225 991 1276 ὑπέσχετο,
1011 1222 1129 1262 τοσού-

101 1306 170 1327 των
205 1290 311 1328 ὄντων
346 1292 414 1327 τῶν
448 1287 678 1338 κωλυμάτων,
699 1286 789 1325 ἀλλὰ
824 1286 883 1324 καὶ
916 1287 964 1328 εἰς
998 1285 1129 1330 πλῆθος

101 1356 262 1389 τοσοῦτον
281 1350 477 1397 ἐπιδώσειν,
502 1351 549 1392 ὡς
567 1351 610 1399 τῇ
629 1348 738 1400 ἄμμῳ
759 1350 820 1393 τῆς
839 1349 904 1398 γῆς
926 1347 1128 1398 παρισωθῆ-

101 1427 183 1460 ναι,
207 1411 266 1450 καὶ
285 1410 454 1463 ἀνώτερον
484 1411 631 1460 ἀριθμοῦ
649 1409 688 1446 τὸ
707 1409 838 1454 πλῆθος
857 1406 1035 1458 γενέσθαι,
1063 1404 1127 1452 τὴν

1039 166 1200 198 ΟΕΝΕΒ.

1239 166 1395 196 nonni„
1436 167 1596 196 xxxiv.
2063 158 2159 220 390

1203 251 1278 290 lilio
1298 267 1306 288 t
1327 266 1406 290 ecce
1443 265 1507 302 ego
1544 260 1652 289 totam
1692 251 1758 289 tibi
1795 261 1926 290 terrani
1963 255 2134 306 polliceor
2147 274 2158 306 ;

1204 326 1318 364 neque
1343 313 1415 352 hoc
1439 313 1571 363 solum,
1592 312 1655 351 sed
1681 322 1714 351 et
1742 313 1868 352 semini
1903 323 1962 352 tuo
1992 317 2161 367 polliceor

1204 389 1282 412 cani
1311 389 1422 425 usquc
1450 374 1484 412 in
1512 375 1682 413 saeculum
1702 391 1709 411 ε
1728 375 1793 413 hoc
1812 384 1876 423 est,
1896 386 2077 428 perpetuo.
2093 377 2160 416 Vi-

1204 434 1289 473 disti
1321 434 1499 486 quomodo
1532 445 1644 473 certat
1676 435 1886 474 beneficiis?
1915 436 2037 475 Sciens
2069 438 2162 474 enim

1203 497 1300 533 Deus
1321 497 1388 534 lioe
1408 497 1564 535 maxime
1592 512 1721 549 cupere
1742 497 1997 549 patriarchatu,
2018 508 2051 536 et
2071 499 2162 537 nihil

1201 557 1277 607 ejus
1303 557 1523 594 alacritatem
1554 558 1601 595 ita
1631 558 1879 596 roboratur-um
1908 574 1994 606 esse,
2014 559 2131 611 inquit
2154 576 2162 596 :

1203 616 1249 654 Et
1266 617 1331 653 lioc
1351 617 1416 654 tibi
1438 617 1640 665 concedam,
1663 628 1699 656 ut
1733 619 1793 669 qui
1826 634 1870 656 cx
1900 628 1932 657 te
1959 630 2160 670 nascentur,

1201 675 1453 721 succedant,et
1480 677 1645 714 similiter
1673 688 1765 716 terra
1792 681 1970 729 fruantur,
1993 681 2164 719 habeant-

1201 750 1270 786 que
1291 745 1501 788 perpetuum
1525 737 1622 774 illius
1645 738 1859 777 dominium.
1886 742 2038 792 Deinde,
2065 752 2102 780 ut
2121 757 2164 780 ne

1202 796 1394 848 respiciens
1413 797 1458 834 ad
1487 806 1651 835 naturam
1671 807 1704 836 et
1723 810 1938 838 senectutem
1957 817 2071 852 suani,
2094 805 2162 840 Sa—

1201 871 1320 907 raequc
1335 857 1571 906 sterilitatem,
1589 859 1861 910 promissionem
1876 861 1994 898 minus
2011 873 2162 911 curaret,

1154 923 1176 952 B
1200 917 1260 955 sed
1274 918 1362 956 bene
1377 918 1502 956 fideret
1514 919 1715 970 pollicentis
1731 920 1873 971 virtuti,
1887 921 2019 971 inquit:
2033 926 2092 961 to'.
2110 925 2162 960 Et

1196 977 1349 1027 faciam
1373 990 1503 1014 semen
1534 985 1641 1015 tuum
1661 981 1760 1016 sicut
1781 993 1945 1017 arenam
1974 989 2098 1019 terrce.
2122 983 2163 1020 Si

1200 1040 1285 1089 quis
1296 1046 1422 1089 potest
1443 1051 1647 1076 numerare
1659 1053 1821 1077 arenam
1841 1049 1966 1087 τενηε,
1984 1051 2019 1079 et
2032 1056 2163 1080 semen

1201 1107 1309 1136 tuam
1342 1102 1623 1138 numerabitur.
1646 1102 1740 1139 Vere
1769 1116 1877 1153 supra
1902 1111 2064 1141 naturam
2094 1104 2161 1142 lm—

1199 1172 1342 1196 manam
1373 1169 1448 1197 erat
1476 1160 1551 1198 haec
1585 1161 1799 1213 promissio:
1823 1177 1891 1200 non
1921 1163 2036 1201 solum
2067 1165 2162 1202 enim

1200 1220 1366 1272 promisit
1384 1236 1421 1259 se
1440 1222 1618 1260 iacturum
1639 1237 1720 1260 eum
1741 1232 1880 1276 patrem
1903 1224 1995 1262 inter
2015 1234 2065 1263 tot
2088 1226 2160 1264 im-

1198 1280 1483 1333 pedimenta,scd
1499 1282 1534 1320 in
1555 1292 1692 1321 tantum
1707 1284 2031 1336 multiplicaturum
2051 1286 2158 1337 filios,

1199 1350 1239 1378 ut
1257 1355 1372 1379 arcnae
1399 1351 1499 1380 terra:
1528 1344 1727 1396 comparari
1758 1355 1910 1397 possent.
1932 1347 2160 1386 Innumeram

1198 1416 1306 1454 porro
1328 1403 1597 1443 multitudinem
1613 1405 1688 1444 fore
1707 1415 1781 1444 tam
1803 1407 2036 1460 hyperbolica
2054 1409 2160 1447 simi-

1198 1463 1351 1502 litudine
1370 1464 1552 1504 declarare
1566 1467 1694 1505 voluit.
1718 1468 1870 1506 Attende
1887 1470 2068 1520 quomodo
2087 1471 2157 1509 mi-
2171 1485 2361 1516 Abrahaevir-

1199 1525 1350 1564 sericors
1363 1527 1462 1564 Deus
1480 1526 1657 1579 paulatim
1672 1528 1845 1567 virtutem
1854 1530 1945 1582 justi
1965 1531 2074 1584 hujus
2094 1534 2262 1596 eir—:¹¹:9¹⁰
2283 1539 2362 1595 '2²8⁰‘

1197 1596 1328 1625 erceat.
1347 1588 1439 1626 Nam
1464 1603 1544 1626 cum
1567 1590 1731 1642 superius
1747 1590 1881 1630 dixerit
1900 1608 1907 1628 :
1928 1593 2073 1632 Semini
2093 1604 2159 1633 tuo
2171 1580 2344 1638 :ciiiietusf

100 1472 259 1510 ἐπίτασιν
278 1475 336 1518 τῆς
355 1470 549 1521 ὑπερόολῆς
570 1469 625 1507 διὰ
639 1472 698 1507 τοῦ
713 1467 999 1520 παραδείγματος
1015 1467 1128 1518 ἐμφῆ-

98 1549 155 1570 ναι
177 1533 392 1584 βουλόμενος.
407 1531 538 1570 Σκόπει
557 1533 630 1573 πῶς
650 1533 668 1568 ὁ
683 1530 927 1582 φιλάνθρωπος
947 1527 1128 1574 Δεσπότης

100 1593 191 1632 κατὰ
211 1593 333 1646 μικρὸν
350 1592 517 1643 γυμνάζει
535 1595 594 1630 τοῦ
612 1590 747 1629 δικαίου
764 1591 826 1637 τὴν
846 1590 987 1642 ἀρετήν.
1004 1588 1127 1627 Εἰπὼν

98 1654 166 1707 γὰρ
197 1654 360 1704 ἀνωτέρω
376 1683 386 1700 ,
407 1653 461 1691 ὅτι
481 1654 544 1705 Τῷ
564 1651 741 1704 σπέρματί
763 1667 824 1690 σου
849 1650 950 1690 δώσω
976 1649 1041 1696 τὴν
1061 1654 1126 1700 γῆν

99 1714 247 1762 ταύτην·
266 1719 324 1753 νῦν
344 1714 448 1752 πάλιν
468 1713 576 1766 φησὶ,
594 1713 664 1752 Καὶ
680 1715 730 1765 τῷ
751 1712 930 1765 σπέρματί
948 1728 1007 1751 σου
1027 1710 1127 1750 δώσω

99 1776 165 1819 ἕως
187 1778 308 1819 αἰῶνος
320 1806 330 1823 ,
347 1775 406 1813 καὶ
429 1775 567 1822 ποιήσω
583 1773 668 1813 αὐτὸ
682 1776 729 1817 ὡς
753 1773 817 1821 τὴν
833 1773 950 1825 ἄμμον
967 1776 1029 1819 τῆς
1047 1776 1125 1824 γῆς.

101 1837 172 1875 Καὶ
192 1837 277 1880 τέως
300 1836 405 1889 μέχρι
423 1835 536 1887 λόγων
551 1835 596 1874 τὰ
611 1837 674 1882 τῆς
688 1834 908 1887 ὑποσχέσεως
919 1865 929 1883 ,
944 1835 1003 1872 καὶ
1021 1834 1128 1878 πολὺς

99 1901 134 1937 ἐν
154 1898 250 1950 μέσῳ
265 1898 495 1949 παραγίνεται
517 1895 659 1949 χρόνος,
677 1895 734 1934 ἵνα
754 1896 814 1934 καὶ
832 1899 896 1942 τ’ῆς
912 1895 1055 1947 γνώμης
1069 1900 1128 1934 τοῦ

99 1959 326 2012 πατριάρχου
347 1958 514 2009 μάθωμεν
538 1958 578 1996 τὸ
596 1957 766 2010 φιλόθεον,
788 1957 848 1995 καὶ
868 1961 929 1995 τοῦ
953 1959 1046 1996 Θεοῦ
1064 1957 1127 2004 τὴν

97 2020 387 2072 ὑπερὲάλλουσαν
415 2018 575 2070 δύναμιν.
608 2018 795 2065 Ἐπίτηδες
822 2018 890 2071 γὰρ
929 2018 1049 2069 μέλλει
1069 2018 1129 2057 καὶ

100 2081 357 2126 ἀναὸάλλεται,
386 2081 442 2118 ἵνα
463 2082 511 2124 εἰς
539 2079 627 2131 βαθὺ
659 2081 770 2131 γῆρας
795 2080 982 2124 ἐλάσαντες
1004 2081 1035 2118 οἱ
1063 2078 1127 2126 τὴν

100 2142 292 2194 ὑπόσχεσιν
329 2140 526 2192 δεξάμενοι,
560 2141 620 2178 καὶ
661 2139 869 2192 ἀπογνόντες
883 2170 893 2188 ,
922 2143 969 2184 ὡς
1006 2141 1127 2189 εἰπεῖν,

101 2202 188 2246 τέως
206 2202 296 2241 κατὰ
316 2200 534 2254 ἀνθρωπίνην
555 2199 775 2248 ἀκολουθίαν,
797 2199 877 2238 τότε
906 2200 966 2239 καὶ
989 2204 1052 2247 τῆς
1073 2203 1128 2240 οἷ-

103 2262 198 2306 κείας
213 2263 390 2306 ἀσθενείας
405 2262 468 2309 τὴν
482 2268 618 2314 πεῖραν,
635 2261 695 2300 καὶ
714 2264 777 2309 τῆς
794 2262 926 2314 ἀφάτου
948 2262 1128 2313 δυνάμεως

103 2327 163 2362 τοῦ
180 2326 272 2363 Θεοῦ
291 2323 354 2371 τὴν
372 2322 569 2376 ὑπερὸολὴν
593 2323 724 2361 ἴδωσιν.

159 2385 292 2424 Ἐννόει
311 2385 348 2423 δέ
381 2400 439 2435 μοι
470 2386 509 2422 ἐκ
526 2386 589 2429 τῆς
615 2384 846 2437 παρατάσεως
874 2387 934 2424 τοῦ
964 2386 999 2423 ἐν
1030 2385 1128 2439 μέσῳ

104 2448 229 2500 χρόνου
247 2447 287 2486 τὸ
305 2446 446 2498 στεῤῥὸν
469 2447 532 2492 τῆς
547 2449 607 2484 τοῦ
637 2446 857 2501 πατριάρχου
875 2447 1018 2498 γνώμης
1030 2478 1039 2495 ,
1055 2450 1129 2492 πῶς

105 2508 220 2546 πάντα
251 2507 295 2546 τὰ
317 2505 518 2560 ἀνθρώπινα
543 2507 788 2560 παρατρέχων,
815 2508 899 2560 πρὸς
918 2509 957 2546 τὸ
987 2509 1128 2548 δυνατὸν

105 2573 165 2606 τοῦ
184 2567 424 2620 ὑποσχομένου
440 2566 554 2611 τείνας
569 2566 632 2614 τὴν
651 2568 816 2616 διάνοιαν,
833 2571 894 2606 οὐκ
914 2569 1128 2622 ἐθορυὸεἷτο,

105 2630 183 2668 οὐδὲ
198 2628 417 2681 ἐταράττετο.
432 2628 526 2666 'lere
543 2627 610 2680 γὰρ
630 2629 798 2673 πολλάκις
811 2660 821 2678 ,
840 2629 893 2668 ὅτι
913 2632 1054 2670 ἐπειδάν
1077 2648 1128 2675 τις

106 2689 197 2733 ἅπαξ
228 2690 287 2728 καὶ
318 2689 475 2741 δεύτερον
510 2689 748 2742 ὑποσχόμενος
768 2691 916 2742 μηδέπω
950 2695 997 2736 εἷς
1029 2693 1127 2745 ἔργον

106 2750 220 2802 ἀγάγῃ
239 2750 284 2788 τὰ
310 2750 583 2803 ἐπαγγελθέντα,
613 2753 688 2795 πῶς
719 2752 942 2805 ὀκνηρότεροι
962 2753 1129 2804 γινόμεθα

105 2811 190 2862 πρὸς
216 2811 255 2848 τὸ
275 2811 379 2849 πάλιν
412 2812 506 2863 αὐτῷ
537 2815 723 2850 πιστεῦσαι
740 2813 1020 2867 ὑπισχνουμένῳ.
1038 2814 1128 2854 Ἀλλ’

106 2873 164 2911 ἐπὶ
193 2872 254 2923 μὲν
288 2872 468 2926 ἀνθρώπου
490 2873 630 2917 εἰκότως
651 2873 691 2912 ἂν
713 2880 812 2914 τοῦτο
832 2875 985 2926 γένοιτο·
1003 2877 1061 2914 ἐπὶ
1092 2876 1128 2915 δὲ

105 2937 165 2971 τοῦ
183 2935 275 2972 Θεοῦ
291 2937 350 2971 τοῦ
370 2933 458 2983 μετὰ
473 2935 606 2980 πολλῆς
627 2935 748 2988 σοφίας
761 2936 805 2974 τὰ
819 2936 975 2989 ἡμέτερα
999 2939 1129 2975 οἰκονο-

109 2999 250 3045 μοῦντος
264 3025 273 3042 ,
293 2994 432 3033 ἐπειδὰν
465 2994 556 3039 ἅπαξ
590 2996 861 3048 ἐπαγγείληται,
883 2998 946 3036 κᾶν
967 2997 1073 3051 μυρία
1094 3001 1128 3037 ἐν

106 3058 157 3106 τῷ
176 3056 271 3108 μέσῳ
288 3055 480 3106 κωλύματα
515 3056 776 3109 παρεμπίπτοι,
807 3059 893 3111 πρὸς
920 3058 960 3097 τὸ
989 3060 1130 3111 μέγεθος

107 3116 168 3159 τῆς
200 3117 259 3152 τοῦ
288 3116 380 3154 Θεοῦ
409 3114 587 3165 δυνάμεως
617 3119 769 3167 ὁρῶντας
798 3119 935 3168 θαῤῥεῖν
956 3117 1046 3170 χρὴ,
1069 3119 1130 3157 καὶ

109 3174 352 3225 ἐστηριγμένον
372 3174 463 3226 ἔχειν
482 3174 538 3212 τὸν
556 3176 735 3227 λογισμὸν,
754 3176 813 3215 καὶ
833 3176 959 3215 εἰδέναι
976 3181 1023 3222 ὡς
1041 3179 1129 3217 πάν-

109 3249 176 3276 τως
196 3235 242 3277 εἷς
272 3235 370 3286 ἔργον
387 3234 532 3280 ε’κὸἧναι
550 3237 600 3274 δεῖ
633 3236 677 3274 τὰ
705 3239 789 3289 παρ’
820 3239 923 3276 αὐτοῦ
947 3239 1127 3290 εἰρημένα.

110 3294 220 3335 Οὐδὲν
235 3295 302 3347 γάρ
332 3298 422 3334 ε’στιν
440 3296 463 3335 ’ὃ
487 3297 668 3344 δυνήσεταί
686 3313 771 3335 ποτε
791 3298 957 3351 διακόψαι
979 3299 1024 3338 τὰ
1042 3304 1126 3354 παρ’

111 3357 213 3395 αὐτοῦ
228 3357 469 3408 ἐπηγγελμένα
483 3374 489 3381 ·
507 3357 596 3402 Θεὸς
609 3358 676 3411 γάρ
688 3361 792 3408 ἐστιν,
802 3353 831 3413 ᾧ
845 3360 961 3400 πάντα
977 3363 1106 3401 δυνατά
1122 3380 1127 3386 ·

1151 1651 1176 1682 C
1198 1649 1301 1686 dabo
1335 1657 1480 1687 terram
1512 1651 1615 1689 hanc
1639 1667 1650 1687 :
1674 1665 1768 1690 nunc
1800 1653 1930 1692 iterum
1962 1655 2051 1694 dicit
2074 1672 2082 1692 :
2106 1658 2159 1695 Ec

1197 1712 1337 1748 semini
1353 1718 1418 1748 tao
1435 1724 1555 1762 nsque
1569 1714 1611 1748 in
1626 1715 1811 1752 soeculum
1828 1716 1944 1763 dabo,
1960 1718 2161 1769 etfaciam

1197 1770 1302 1808 illud
1314 1774 1428 1823 quasi
1438 1785 1600 1810 arenam
1615 1782 1736 1812 terrae.
1746 1775 1924 1815 Hactenus
1939 1779 2161 1818 sermonibus

1197 1846 1337 1875 tantum
1360 1838 1453 1876 facta
1482 1847 1534 1877 est
1564 1839 1766 1891 promissio,
1783 1841 2040 1895 interceditque
2070 1845 2162 1884 inter

1197 1912 1272 1936 rem
1293 1908 1328 1937 et
1354 1899 1627 1951 promissionem
1650 1901 1807 1940 multum
1835 1906 2019 1957 temporis,
2041 1916 2080 1944 ut
2107 1921 2162 1945 rc-

1197 1959 1363 2011 ligiosam
1385 1960 1595 2012 patriarchae
1612 1971 1779 2012 mentem,
1797 1972 1830 2001 ct
1850 1964 2070 2004 ineffabilem
2091 1968 2159 2005 Dei

1197 2020 1368 2058 virtutem
1398 2020 1592 2060 discamus.
1615 2023 1709 2061 Data
1733 2023 1828 2062 enim
1848 2040 1955 2078 opera
1973 2027 2094 2066 differt
2119 2043 2160 2067 ac

1197 2090 1373 2129 moratur,
1394 2091 1433 2120 ut
1461 2096 1543 2120 cum
1562 2082 1602 2130 ii,
1622 2083 1753 2134 quibus
1778 2087 1967 2139 promissio
1996 2089 2102 2138 facta,
2123 2090 2159 2127 in

1197 2150 1392 2180 extremam
1406 2143 1634 2195 pervenerint
1646 2155 1833 2194 senectam,
1843 2156 1876 2184 et
1884 2148 2079 2187 secundum
2092 2149 2160 2188 hu-

1197 2215 1340 2240 manam
1355 2203 1543 2252 rationem,
1563 2213 1602 2241 ut
1617 2204 1665 2241 ita
1684 2204 1816 2256 dicam,
1833 2208 1977 2246 omnino
1995 2209 2159 2262 despera-

1197 2263 1328 2307 verint,
1348 2272 1434 2302 tunc
1452 2278 1555 2302 suam
1574 2264 1836 2318 infirmitatem,
1859 2277 1892 2306 et
1912 2269 2161 2310 inenarrabilis

1197 2323 1362 2375 potentiae
1378 2324 1446 2362 Dei
1464 2325 1695 2364 eminentiam
1713 2339 1916 2379 agnoscant.

1248 2385 1288 2422 4.
1321 2385 1398 2424 Hoc
1429 2385 1507 2425 loco
1533 2387 1736 2440 expendas,
1767 2405 1906 2441 quaeso,
1937 2407 1958 2430 a
1989 2395 2158 2446 temporis

1198 2454 1296 2484 tanta
1318 2447 1597 2500 intercapedine,
1618 2464 1726 2500 quam
1746 2451 1860 2490 solida
1879 2453 1986 2491 fuerit
2004 2455 2156 2506 patriar-

1199 2506 1273 2545 chae
1292 2521 1405 2556 mens,
1423 2509 1603 2559 quomodo
1625 2510 1793 2550 humanis
1811 2514 1976 2552 omnibus
1993 2516 2154 2567 praeteri—

1197 2569 1258 2620 tis,
1278 2569 1325 2607 ad
1342 2571 1537 2622 potentiam
1560 2572 1636 2623 ejus
1655 2573 1716 2624 qui
1737 2573 1919 2625 pollicitus
1938 2584 2026 2625 erat,
2044 2577 2155 2628 respi-

1197 2631 1308 2681 ciens,
1330 2645 1400 2669 non
1421 2631 1622 2683 impatiens,
1643 2647 1712 2670 non
1731 2634 1896 2673 turbatus
1910 2636 2028 2673 fuerit.
2047 2637 2155 2675 Scitis

1197 2692 1293 2730 enim
1319 2692 1497 2743 quomodo
1526 2693 1736 2745 plerumque
1763 2695 1906 2745 quando
1940 2697 2021 2747 quis
2047 2700 2155 2737 semel

1197 2762 1302 2804 atque
1330 2753 1459 2790 iterum
1488 2754 1700 2806 pollicetur,
1733 2765 1765 2793 et
1798 2757 1971 2808 promissa
2004 2758 2153 2811 implere

1198 2813 1327 2860 tardat,
1346 2814 1524 2865 segniores
1550 2829 1674 2853 sumus
1695 2814 1741 2853 ad
1765 2816 1981 2856 credendum
2003 2818 2048 2857 iis
2071 2834 2150 2870 quae

1200 2874 1329 2912 iterum
1345 2875 1520 2927 promittit
1536 2891 1544 2911 :
1560 2874 1594 2912 id
1612 2876 1709 2926 quod
1725 2877 1759 2914 in
1779 2877 1923 2916 homine
1939 2894 2007 2918 non
2025 2880 2153 2933 injuria

1199 2936 1318 2974 locum
1349 2935 1456 2973 habet
1477 2952 1485 2972 :
1508 2936 1543 2974 in
1573 2938 1647 2974 Deo
1676 2946 1814 2986 autem,
1844 2939 1905 2989 qui
1934 2955 1989 2978 res
2019 2951 2156 2979 nostras

1203 2996 1361 3034 maxima
1389 2996 1570 3049 dispensat
1589 2997 1776 3049 sapientia,
1797 2999 1826 3036 si
1854 3014 1922 3050 qua
1947 3003 2053 3040 semel
2074 3017 2155 3055 pro-

1204 3058 1308 3096 missa
1328 3058 1473 3105 fuerint,
1495 3058 1633 3095 etiamsi
1656 3058 1840 3098 innumera
1860 3060 2077 3101 intercedant
2096 3063 2157 3101 ol)-

1204 3119 1353 3168 stacula,
1375 3118 1625 3156 confidendum
1647 3128 1699 3157 est
1717 3119 1762 3157 ad
1790 3122 2074 3174 magnitudinem
2094 3139 2159 3177 po-

1203 3181 1320 3218 tentiae
1351 3180 1427 3232 ejus
1456 3179 1739 3231 respicientibus,
1766 3183 2080 3236 confirmandaque
2109 3195 2160 3223 est

1203 3241 1309 3290 ratio,
1330 3250 1364 3279 et
1384 3241 1585 3291 sciendum,
1607 3242 1725 3280 omnia
1745 3258 1824 3294 quae
1851 3245 1897 3282 ab
1925 3246 1986 3284 illo
2006 3256 2085 3284 sunt
2103 3247 2158 3284 di-

1204 3311 1258 3340 cta
1282 3302 1425 3340 evenire
1451 3301 1568 3340 modis
1593 3303 1759 3341 omnibus
1787 3319 1925 3344 necesse
1952 3321 2036 3346 esse.
2057 3308 2158 3345 Nihil

1203 3363 1295 3402 enim
1325 3372 1374 3400 est
1404 3362 1499 3414 quod
1519 3363 1650 3402 morari
1673 3374 1775 3416 queat
1796 3367 1872 3419 ejus
1894 3368 2154 3418 promissiones.

1152 2391 1176 2422 D
