2516 3791
274 200 365 264 716
734 214 771 244 S.

274 303 384 339 suis:
408 300 493 351 Ego
507 311 593 337 sum
613 298 772 348 Ioseph.
794 298 946 333 Vivitne
967 295 1095 331 adhuc
1109 300 1222 344 pater

810 213 994 243 JOANle
1030 209 1281 241 CHRYSOST.

1320 209 1525 240 ABCfflEP.
1562 210 1923 242 CONSTANTINOP-

1297 291 1387 339 νίαν,
1404 307 1462 329 και
1487 291 1542 329 ὅτι
1571 291 1695 344 ἤνεγκε
1727 292 1835 367 μέχρι
1863 292 1984 332 τουτου
2013 309 2033 332 σ
2047 293 2322 346 ηματίσασθαι,

275 374 401 398 meus.
396 364 410 387 ·³
427 358 610 398 Admirari
628 357 686 394 hic
706 356 803 394 subit
828 364 861 392 et
883 354 977 391 beati
998 353 1108 404 hujus
1136 365 1222 390 con-
1235 383 1282 409 618
1297 367 1357 389 και
1377 351 1424 401 μὴ
1440 350 1608 403 γνωρίσαι
1628 351 1672 390 τὰ
1696 354 1773 390 καθ’
1799 354 1934 401 ἑαυτὸν,
1962 355 2004 392 κά
2033 354 2139 397 είνους
2169 354 2323 405 μάλιστα

275 421 441 460 stantiam
459 429 593 458 tantam
607 448 619 469 ,
648 428 681 455 et
706 432 739 467 q
734 416 801 453 iod
821 417 1005 464 hucusque
1026 412 1224 451 simulatio·
1249 423 1273 452 Α

276 497 357 520 110111
375 480 582 520 sustinuerit
595 509 605 528 ,
624 488 656 516 et
670 477 767 527 quod
788 475 868 526 quis
880 484 969 513 esset
983 487 1053 511 non
1068 473 1226 511 declara-

276 543 367 581 verit
391 558 398 578 :
418 551 525 591 atque
552 539 776 577 vehementer
801 536 1026 588 obstupesco,
1048 533 1227 585 quomodo

276 603 330 640 illi
345 601 526 654 potuerint
546 609 637 637 stare
650 628 660 647 ,
681 597 737 636 vel
754 611 792 635 os
811 606 931 649 postea
957 595 1114 648 aperire,
1138 609 1226 646 quo-

276 662 381 701 modo
394 675 461 699 non
478 660 630 698 avolarit
640 659 685 696 ab
697 658 745 696 015
763 658 893 707 anima,
907 656 1086 708 quomodo
1104 670 1227 694 eorum

276 738 374 761 mens
389 731 462 760 tota
481 735 551 759 non
568 719 808 772 obstupuerit,
828 717 1006 769 quomodo
1025 731 1095 755 11011
1115 731 1151 755 50
1165 717 1228 754 ab·

276 784 432 823 diderint
452 784 543 821 intra
575 791 718 820 terram.
747 783 800 819 Et
823 794 900 818 non
920 787 1150 832 potuerunt,
1177 778 1230 816 in-

278 845 356 896 quit
367 875 385 899 ,ι
388 847 533 897 fratres
545 845 627 896 ejus
643 843 871 894 respondere
887 843 922 878 ei
940 856 950 877 .-
968 842 1114 878 turbati
1127 841 1229 877 enim

279 915 401 944 erant.
414 905 546 944 Merito
563 920 570 940 :
596 903 789 954 cogitantes
804 901 984 953 quomodo
1000 914 1082 938 eum
1101 909 1229 938 tracta-

275 976 422 1015 verant,
451 976 484 1004 et
513 965 717 1016 qualisipse
743 977 826 1015 erga
840 963 921 1001 illos
932 963 1070 1000 fuerat:
1088 970 1122 999 et
1135 961 1229 1012 cogi-

275 1037 388 1066 tantes
417 1027 568 1079 gloriam
587 1026 623 1063 in
652 1039 721 1076 qua
741 1024 953 1063 constitutus
975 1031 1073 1071 erat,
1095 1021 1140 1060 de
1165 1036 1227 1059 sua

275 1089 388 1127 salute
401 1085 662 1140 propemodum
674 1084 773 1123 anxii
786 1093 896 1123 erant.
909 1081 1228 1135 Proptereavolens
1256 1093 1276 1122 Β

274 1163 332 1187 eos
359 1149 540 1197 animare,
571 1149 610 1185 4.
633 1146 980 1198 Appropinquate‚
1012 1142 1152 1194 inquit,
1175 1143 1230 1181 ad

275 1225 346 1248 me.
369 1211 422 1248 Ne
447 1207 683 1247 amoveamini
702 1221 787 1246 vos:
809 1221 852 1244 110
871 1205 1032 1257 cogitetis
1052 1219 1117 1243 vos
1137 1218 1226 1256 pro—

275 1271 352 1323 prio
367 1270 514 1309 consilio
528 1270 605 1307 haec
626 1278 747 1306 contra
762 1282 818 1305 me
831 1267 956 1319 egisse..
976 1267 1048 1303 Ista
1067 1279 1137 1303 non
1155 1274 1228 1302 tam

274 1340 399 1369 vestrae
419 1344 501 1381 erga
511 1343 566 1366 1110
577 1326 814 1366 adscribenda
825 1335 908 1364 sunt
918 1325 1108 1377 iniquitati,
1119 1338 1227 1375 quam

274 1391 406 1430 divinse
426 1389 606 1442 sapientiae
634 1398 667 1427 et
696 1386 869 1425 ineffabili
890 1384 1141 1423 misericordiae
1164 1393 1226 1422 :ut

273 1451 345 1489 huc
365 1450 575 1498 adveniens,
589 1463 683 1487 nunc
703 1447 909 1500 tempestive
933 1456 967 1484 et
985 1445 1088 1485 vobis
1108 1455 1141 1483 et
1161 1446 1225 1484 toti

272 1511 359 1549 111110
387 1510 521 1562 regioni
538 1523 677 1562 possem
705 1508 934 1560 suppeditare
962 1506 1140 1544 alimenta.
1172 1508 1229 1545 Et

273 1573 372 1609 dizit
394 1587 402 1607 :
420 1573 505 1623 Ego
523 1585 608 1608 sum
635 1571 779 1620 Joseph
792 1570 929 1621 frater
948 1564 1094 1614 vester,
1115 1581 1227 1619 quem

271 1633 504 1670 vendidistis
525 1633 566 1668 in
586 1632 813 1682 AEgyptum.
833 1630 869 1667 5.
890 1630 1005 1666 Nunc
1031 1631 1150 1679 igitur
1181 1643 1229 1665 ne

272 1694 449 1730 doleatis.
483 1692 537 1729 Ne
562 1705 625 1729 vos
633 1721 644 1739 ,
677 1689 812 1740 inquit,
844 1689 913 1727 hoe
941 1688 1148 1739 conturbet;
1185 1702 1228 1726 110

270 1767 435 1806 asperum
466 1752 570 1792 vobis
590 1751 756 1791 videatur
783 1749 880 1801 quod
912 1750 1047 1787 factum
1066 1758 1130 1787 est.
1160 1749 1228 1788 Dei

270 1816 364 1852 enim
380 1814 642 1866 dispensatione
657 1812 881 1862 contigerunt
899 1811 988 1849 haec.
1005 1812 1112 1849 Deles
1125 1814 1227 1849 enim
1253 1823 1276 1852 c

271 1889 330 1912 me
349 1878 453 1913 misit
473 1878 514 1912 in
533 1876 662 1912 vitam
679 1881 771 1911 ante
799 1885 883 1910 vos.
907 1873 943 1909 6.
965 1873 1069 1909 Nam
1088 1872 1151 1910 hic
1169 1886 1228 1910 se-

270 1937 420 1974 cundus
444 1937 706 1988 annnsfamis
727 1947 840 1986 saper
859 1941 1023 1979 terram,
1047 1941 1084 1970 et
1100 1933 1229 1971 adhuc

270 2006 419 2036 restant
449 2000 619 2049 quinque
648 1998 769 2041 anni,
804 1997 846 2031 in
874 1996 1012 2046 quibus
1050 2007 1128 2031 non
1157 1997 1230 2033 erit

271 2061 410 2108 aratio,
431 2072 553 2111 neque
576 2059 720 2095 messis.
739 2057 777 2092 7.
795 2057 908 2093 Misit
926 2057 1029 2092 enim
1048 2069 1108 2092 me
1122 2056 1229 2094 Deus

271 2130 362 2158 ante
390 2134 474 2166 vos,
507 2129 549 2158 ut
573 2119 886 2170 relinquerentur
916 2118 1022 2154 vobis
1050 2116 1229 2169 reliquiae

270 2195 382 2233 super
398 2191 551 2219 terram.
566 2180 603 2218 8.
618 2181 732 2217 Nunc
746 2181 864 2230 igitur
890 2191 967 2215 non
985 2189 1058 2215 vos
1080 2191 1140 2216 me
1157 2180 1227 2215 mi-

269 2246 372 2281 sistis
394 2244 469 2280 huc
480 2271 493 2288 ,
513 2242 581 2279 sed
598 2241 720 2278 Deus.

324 2305 360 2340 7.
384 2302 480 2342 Vide
500 2299 679 2351 quomodo
704 2298 812 2336 semel
834 2307 867 2335 et
898 2297 1029 2335 iterum
1055 2305 1089 2334 et
1119 2296 1224 2335 tertio

271 2364 472 2402 consolatur
495 2363 590 2412 11105,
620 2361 742 2399 (1100115
761 2374 797 2397 50
826 2373 896 2397 11011
914 2358 1000 2410 ipsis
1022 2357 1224 2396 adscribere

269 2439 413 2463 eausam
441 2424 494 2462 sui
516 2425 695 2473 ingressus
719 2421 756 2458 in
776 2420 977 2472 AEgyptum
991 2448 1001 2467 ,
1022 2418 1086 2456 sed
1106 2420 1223 2456 Deum

269 2487 336 2524 hoc
359 2486 504 2532 fecisse,
539 2493 580 2521 ut
604 2484 678 2535 ipse
705 2482 742 2519 in
773 2481 865 2519 banc
892 2480 1029 2519 veniret
1051 2480 1216 2531 gloriam.

270 2549 391 2593 Deus,
412 2545 550 2596 inquit,
571 2546 675 2581 misit
691 2557 771 2588 me,
795 2543 941 2595 etsecit
954 2555 1013 2578 me
1028 2543 1220 2593 quasipa-

271 2617 366 2645 trem
383 2608 607 2644 Pharaonis
620 2635 631 2651 ‚
665 2612 701 2641 et
729 2604 928 2640 dominum
948 2604 1064 2639 totius
1086 2602 1220 2639 domus

270 2669 389 2713 illius,
404 2676 439 2705 et
450 2669 663 2719 principem
679 2666 794 2702 totius
810 2663 986 2715 AEgypti.
1000 2661 1079 2710 Illa,
1095 2661 1220 2713 iuquit,

269 2729 420 2767 servitus
440 2728 535 2765 hunc
550 2725 793 2779 principatum
806 2724 898 2761 mihi
912 2723 1118 2762 conciliavit
1128 2753 1138 2772 ‚
1160 2723 1220 2761 illa

269 2789 428 2827 venditio
441 2789 475 2826 in
494 2789 587 2825 banc
607 2801 662 2824 me
678 2786 830 2837 gloriam
847 2784 984 2833 evexit,
996 2784 1060 2822 illa
1074 2783 1220 2822 afflictio

268 2851 376 2902 hujus
404 2849 495 2887 1111111
528 2847 672 2885 honoris
706 2846 842 2884 occasio
873 2846 942 2883 fuit
955 2875 965 2895 ‚
996 2845 1058 2883 illa
1085 2844 1219 2883 invidia
1246 2855 1269 2884 D

269 2911 361 2948 hanc
378 2909 466 2947 mihi
488 2909 685 2946 claritatem
705 2907 850 2959 peperit.
873 2907 957 2944 Haec
981 2920 1043 2944 nos
1063 2920 1133 2945 non
1160 2920 1218 2944 so-

268 2973 344 3009 lum
366 2970 554 3008 audiamus
569 2999 578 3015 ‚
598 2968 659 3006 sed
678 2978 710 3006 et
727 2968 907 3006 imitemur
921 2976 976 3006 :et
994 2967 1042 3006 ita
1065 2967 1220 3005 solemur

268 3048 325 3072 005
339 3033 400 3084 qui
417 3047 478 3070 nos
498 3032 680 3078 afflixere,
697 3045 764 3068 non
788 3031 1003 3083 imputantes
1017 3030 1067 3068 eis
1083 3044 1161 3080 quae
1183 3029 1218 3067 in

268 3109 331 3132 nos
358 3093 599 3140 admiserunt,
620 3100 652 3129 et
677 3091 792 3128 omnia
814 3105 895 3128 eum
916 3105 1043 3140 magna
1073 3091 1218 3128 ferentes

268 3154 509 3193 benevolentia
526 3183 535 3201 ‚
555 3153 645 3190 sicut
665 3152 724 3189 ille
740 3154 796 3189 vir
814 3151 1059 3190 admirandus.
1078 3152 1214 3202 Igitur,

268 3216 384 3266 inquit
398 3245 408 3264 ‚
429 3228 511 3251 cum
532 3227 741 3265 persuasum
763 3213 867 3250 vobis
890 3213 1050 3261 fecerim,
1076 3226 1132 3250 mc
1147 3224 1217 3249 non

268 3277 369 3314 vobis
390 3275 590 3313 adscribere
609 3288 646 3310 ea
668 3288 744 3323 quae
760 3282 877 3310 eontra
898 3288 952 3311 me
973 3289 992 3311 a
1010 3273 1114 3312 vobis
1128 3273 1217 3311 facta

310 3395 320 3405 =·
348 3381 478 3424 Aliquot
492 3381 564 3412 Mss.
582 3384 706 3423 σκληρὸν
721 3382 786 3422 ὑμὶν
801 3383 947 3423 ἑπιγρκρῇ
968 3388 1012 3414 τὸ.

1300 415 1536 463 ἐκπ)α(ἧναι,
1571 413 1664 456 ὅπως
1698 413 1918 461 ἠδυνήθησαν
1953 420 2075 461 στῆναι
2114 415 2173 452 καὶ
2207 417 2325 467 διᾶραι

1298 473 1418 512 λοιπὸν
1446 473 1486 512 τὸ
1524 473 1658 524 στόμα,
1691 478 1766 518 πῶς
1791 477 1854 516 οὔκ
1893 476 2033 522 ἀπὲπτη
2063 479 2123 515 ἀπ’
2155 479 2268 515 αὐτῶν
2300 480 2323 524 ἡ

1299 539 1414 593 ψυχὴ,
1431 542 1506 583 πῶς
1524 541 1585 578 οὐκ
1605 539 1726 586 ἐξέστη
1747 541 1858 578 αὐτῶν
1886 545 1907 588 ἡ
1938 541 2091 589 διάνοια,
2110 544 2184 585 πῶς
2203 543 2241 579 οὖ
2261 557 2324 580 κα-

1297 602 1444 639 τέδυσαν
1458 604 1505 645 εἰς
1525 601 1587 648 τὴν
1604 605 1680 653 γῆν.
1702 603 1812 640 Οὐκ
1794 601 1976 648 ηδύναντο,
1996 618 2113 654 φησιν,
2133 606 2164 641 οἱ
2184 604 2265 640 ἀόε)
2270 602 2326 654 apol.

1300 665 1402 701 αὐτου
1418 665 1648 716 ἀποκριθῆναι
1663 664 1773 700 αὐτῶ·
1789 663 2033 715 ἐταράχθησαν
2053 663 2132 715 (άρ.
2152 642 2326 706 Εἰκότως·

1300 724 1491 767 ἐννοοῦντες
1510 724 1586 762 τίνα
1607 723 1669 762 υὲν
1689 724 1791 762 αὐτὸν
1816 724 1914 761 αὐτοι
1931 723 2112 770 διέθηκαν
2127 729 2196 767 οἷος
2211 723 2246 763 δὲ
2262 726 2326 762 αὖ-

1299 784 1356 828 τὸς
1373 786 1453 838 περὶ
1474 785 1594 828 αυτους
1612 803 1650 833 ·ε(
1643 786 1747 837 ἐ,γον
1778 801 1836 823 και
1855 785 2072 861 XoytZvaLevot
2099 785 2163 831 τὴν
2180 785 2326 838 περιφά-

1300 860 1394 882 νειαν
1412 849 1445 884 ἐν
1462 850 1485 898 ᾖ
1505 846 1738 894 καθειστήκει,
1754 862 1834 899 περι
1850 847 1997 893 αὐτῆς,(
1995 848 2034 889 ὃς
2051 848 2176 894 εἰπεῖν,
2190 849 2252 892 τῆς
2264 861 2327 884 σω-

1301 906 1424 957 τηρίας
1442 907 1611 957 ἠγωνίων.
1630 906 1698 944 Δια
1718 922 1818 945 τουτο
1839 906 2042 958 βουλόμενος
2062 906 2184 950 αὐτοὺς
2208 922 2328 960 παρα-

1303 969 1489 1019 θαῤῥῦναι,
1509 966 1627 1019 φησίν·
1647 967 1836 1019 Ἔγγίσατε
1854 967 1939 1019 πρός
1963 983 2016 1019 με.
2037 968 2098 1014 Μὴ
2130 968 2328 1021 μακρύνητε

1303 1025 1462 1068 ἑαυτούς·
1487 1024 1535 1076 μὴ
1554 1025 1730 1076 νομίζετε,
1752 1026 1869 1078 φησὶν,
1888 1026 1999 1078 οἰκείᾳ
2025 1027 2147 1079 γνώμῃ
2176 1027 2221 1064 τὰ
2248 1029 2325 1064 κατ’

1302 1085 1364 1136 ἐμὲ
1383 1088 1473 1136 ὑμᾶς
1491 1089 1704 1139 πεπρᾶχθαι.
1727 1089 1780 1125 Οὐ
1802 1091 1962 1125 τοσοῦτον
1983 1089 2046 1132 τῆς
2064 1086 2236 1138 ὑμετέρας
2254 1086 2330 1138 ἐγί-

1300 1162 1377 1186 νετο
1395 1148 1474 1200 περὶ
1501 1147 1562 1198 ἐμὲ
1595 1147 1780 1201 πονηρίας,
1804 1147 1883 1186 ὅσον
1903 1150 1965 1193 τῆς
1984 1152 2043 1185 τοῦ
2064 1150 2156 1186 Θεοῦ
2185 1147 2327 1200 σοφίας,

1301 1209 1434 1255 καὶτῆς
1455 1208 1587 1261 ἀφάτου
1607 1208 1914 1260 φιλανθρωπίας,’
1900 1224 1953 1246 ινα
1974 1211 2120 1247 ἐνταυθα
2138 1223 2234 1283 παρρι
2237 1209 2331 1259 γενό-

1303 1285 1420 1320 μενος,
1440 1285 1497 1308 νυν
1521 1271 1556 1307 ἓν
1572 1285 1695 1346 xoetpqr
1703 1270 1762 1307 καὶ
1782 1272 1862 1322 υμῖν
1884 1269 1928 1308 τὰ
1953 1269 2037 1322 πρὸς
2062 1268 2248 1333 διατροφὴν
2273 1285 2329 1322 χο-

1303 1332 1623 1384 ρηγῆσαιδυνηθῶ,
1640 1332 1700 1369 καὶ
1726 1332 1821 1383 πάσῃ
1843 1335 1884 1384 τῇ
1911 1330 2229 1408 γιΞ1ρα.Καιείπε,
2259 1347 2329 1383 φη-

1302 1407 1367 1438 σιν,
1386 1391 1453 1443 ἐγώ
1471 1394 1543 1443 εἰμι
1570 1391 1742 1444 Ἰι1σὴφ’
1729 1409 1746 1430 ο
1774 1393 1833 1430 ἀδε
1836 1392 1919 1445 λφὸς
1947 1409 2057 1443 υυ.ων,
2089 1391 2126 1429 ὃν
2157 1392 2326 1431 ἀπέδοσθε

1301 1455 1349 1496 εἰς
1368 1451 1557 1504 Αἴγυπτον.
1577 1455 1649 1491 Νῦν
1668 1447 1725 1490 οὖν
1746 1452 1794 1503 μὴ
1814 1454 1989 1491 λυπεῖσθε.
2011 1452 2071 1499 Μὴ
2092 1456 2198 1505 ὑμᾶς,
2215 1453 2324 1504 φησὶ,

1799 1514 1973 1566 ίισκληρὸν
2001 1517 2081 1565 ὑμῖν
2108 1516 2252 1567 λογισθῇ
2288 1514 2328 1552 τὸ

1300 1574 1540 1626 γεγενημένον.
1573 1577 1665 1613 Θεοῦ
1686 1574 1753 1627 γὰρ
1781 1575 1959 1626 οἰκονομία
1992 1576 2036 1613 τὰ
2055 1574 2232 1627 γινόμενα.
2266 1576 2327 1619 Εἷς

1299 1519 1399 1553 τοῦτο
1424 1514 1644 1566 ταραττέτω,
1678 1515 1765 1565 μηδὲ

1301 1635 1369 1686 γὰρ
1386 1635 1476 1681 ζωὴν
1492 1635 1676 1674 ἀπέστειλέ
1690 1652 1734 1686 με
1749 1639 1766 1673 ὁ
1782 1635 1870 1678 Θεὸς
1887 1635 2105 1689 ἔμπροσθεν
2094 1651 2202 1686 υυ.ων.
2215 1637 2327 1673 Τοῦτο

1300 1696 1367 1749 γὰρ
1387 1696 1541 1749 δεύτερον
1569 1696 1642 1740 ἔτος
1659 1696 1792 1745 λιμὸς
1779 1697 1836 1735 επὶ
1855 1701 1916 1743 τῆς
1935 1700 1998 1748 γῆς
2011 1728 2019 1743 ,
2037 1697 2096 1734 καὶ
2127 1697 2178 1735 ἔτι
2205 1697 2326 1735 λοιπὸν

1300 1758 1402 1796 πέντε
1426 1758 1485 1805 ἔτη
1501 1789 1510 1806 ,
1527 1760 1562 1795 ἐν
1582 1762 1631 1801 οἷς
1651 1759 1711 1796 οὐκ
1732 1758 1829 1796 ἔσται
1845 1758 2065 1812 ἀροτρίασις,
2082 1758 2158 1797 οὐδὲ
2180 1758 2326 1809 ἀμητός.

1301 1820 1499 1858 Ἀπέστειλε
1518 1818 1586 1871 γάρ
1622 1835 1664 1869 με
1690 1822 1708 1857 ὁ
1738 1818 1829 1862 Θεὸς
1850 1820 2072 1871 ἔμπροσθεν
2060 1835 2170 1869 υμων,
2189 1819 2328 1858 ὑπολεί-

1301 1883 1427 1919 πεσθαι
1459 1883 1540 1931 ὑμῖν
1565 1880 1793 1931 κατάλειμμα
1815 1880 1873 1919 ἐπὶ
1904 1884 1965 1927 τῆς
1993 1883 2068 1932 γῆς.
2095 1882 2169 1919 Νῦν
2188 1875 2245 1919 οῧν
2260 1881 2327 1932 οὐχ

1301 1945 1400 1993 ὑμεῖς
1421 1958 1464 1992 με
1485 1942 1730 1981 ἀπεστάλκατε
1752 1936 1837 1990 ὦδε,
1859 1943 1936 1980 ἀλλ’
1955 1945 1972 1980 ὁ
1987 1942 2087 1985 Θεός.

1353 2293 1447 2345 (Όρα
1467 2296 1541 2336 πῶς
1565 2293 1624 2331 καὶ
1644 2292 1734 2337 ἅπαξ
1753 2292 1811 2330 καὶ
1831 2292 1986 2344 δεύτερον
2002 2294 2060 2331 καὶ
2081 2293 2191 2347 τρίτον
2211 2310 2324 2346 παρα-

1299 2357 1458 2404 μυθεῖται
1477 2353 1618 2401 αυτους,
1643 2353 1754 2404 λέγων
1773 2353 1820 2404 μὴ
1852 2355 1967 2396 αυτοῖς
2000 2355 2101 2393 αὐτὸν
2120 2355 2322 2407 ἐπιγράφειν

1296 2414 1359 2460 τὴν
1375 2415 1500 2463 αἰτίαν,
1514 2414 1573 2453 καὶ
1589 2413 1652 2460 τὴν
1672 2416 1719 2457 εἷς
1740 2414 1914 2465 Αἴγυπτον
1935 2416 2039 2452 αὐτοῦ
2059 2415 2216 2464 κάθοδον,
2234 2417 2324 2455 ἀλλὰ

1296 2476 1353 2515 τὸν
1379 2477 1469 2515 Θεὸν
1484 2480 1585 2514 τοῦτο
1615 2475 1867 2523 πεποιηκέναι,
1888 2475 1979 2513 ὥστε
1999 2478 2045 2520 εἷς
2065 2476 2194 2523 ταύτην
2220 2477 2322 2516 αὐτὸν

1295 2539 1403 2576 ἐλθεῖν
1438 2536 1500 2583 τὴν
1534 2537 1770 2589 περιφάνειαν.
1799 2536 1842 2575 Ὁ
1871 2537 1977 2585 Θεὸς,
2003 2538 2118 2589 φησὶν,
2141 2537 2325 2576 ἀπέστειλέ

1296 2616 1359 2650 με,
1382 2600 1441 2637 καὶ
1467 2598 1610 2645 ἐποίησέ
1631 2615 1673 2648 με
1699 2601 1745 2642 ὡς
1775 2598 1911 2649 πατέρα
1940 2598 2097 2650 Φαραὼ,
2119 2598 2177 2636 καὶ
2206 2599 2323 2651 κύριον

1294 2661 1420 2703 παντὸς
1439 2664 1498 2697 τοῦ
1519 2659 1612 2697 οἴκου
1634 2660 1737 2697 αὐτοῦ
1750 2689 1760 2707 ,
1779 2659 1838 2696 καὶ
1857 2659 2010 2711 ἄρχοντα
2032 2660 2146 2706 πάσης
2169 2662 2232 2705 τῆς
2256 2652 2323 2698 Αἰ.-

1295 2721 1438 2772 γύπτου.
1467 2720 1629 2767 Ἔκείνη,
1658 2720 1779 2772 φησὶν,
1811 2723 1832 2766 ἡ
1861 2719 1997 2758 δουλεία
2025 2720 2152 2767 ταύτην
2179 2737 2238 2771 μοι
2260 2720 2323 2767 τὴν

1295 2782 1406 2834 ἀρχὴν
1428 2782 1669 2834 προεξένησεν,
1699 2781 1812 2828 ἐκείνη
1844 2784 1866 2827 ἡ
1896 2787 2023 2832 πρᾶσις
2055 2783 2102 2824 εἰς
2127 2781 2258 2829 ταύτην
2281 2798 2324 2833 με

1294 2843 1357 2890 τὴν
1376 2842 1598 2894 περιφάνειαν
1618 2842 1762 2893 ἤγαγεν,
1785 2841 1898 2889 ἐκείνη
1925 2845 1947 2888 ἡ
1976 2842 2089 2894 θλίψις
2107 2842 2236 2890 ταύτης
2265 2860 2324 2894 μοι

1293 2908 1355 2952 τ’ἧς
1379 2903 1633 2954 εὐδοκιμήσεως
1666 2902 1823 2947 ὑπόθεσις
1849 2903 2004 2954 γέγονεν,
2031 2907 2157 2948 ἐκεῖνος
2172 2907 2190 2942 ὃ
2205 2903 2325 2956 φθόνος

1294 2966 1423 3012 ταύτην
1444 2980 1502 3015 μοι
1532 2963 1595 3010 τὴν
1613 2964 1710 3009 δόξαν
1726 2964 1834 3002 ἔτεκε.
1865 2966 1989 3003 Ταῦτα
2024 2964 2072 3015 μὴ
2098 2964 2200 3015 μόνον
2216 2965 2323 3004 ἀκού-

1294 3043 1400 3078 ωμεν,
1421 3025 1511 3064 ἀλλὰ
1527 3025 1585 3063 καὶ
1605 3024 1793 3076 μιμώμεθα
1806 3056 1815 3073 ,
1828 3026 1887 3063 καὶ
1903 3025 1992 3063 οὕτω
2009 3025 2085 3069 τοὺς
2100 3029 2217 3069 κακῶς
2227 3030 2323 3076 ἡμᾶς

1294 3086 1506 3130 διατιθέντας
1524 3086 1832 3138 παραμυθώμεθα,
1853 3087 2091 3162 ἀλλρτριοῧντε
2096 3103 2110 3129 ς
2129 3088 2189 3124 ἀπ’
2209 3087 2322 3124 αὐτῶν

1293 3149 1337 3188 τὰ
1365 3150 1440 3186 καθ’
1458 3151 1558 3198 ἡμῶν
1577 3147 1856 3199 γινόμενα,και
1850 3147 1938 3184 μετὰ
1954 3148 2086 3194 πολλῆς
2107 3146 2322 3197 εὐγνωμοσύ-

1293 3224 1352 3255 νης
1384 3207 1521 3245 ἅπαντα
1553 3206 1730 3258 φέροντες,
1765 3206 1922 3257 καθάπερ
1944 3208 1961 3243 ὃ
1983 3205 2171 3256 θαυμασιος
2209 3209 2319 3248 οὗτος.

1293 3269 1394 3308 Ἔπει
1417 3272 1487 3316 οὖν,
1503 3268 1618 3319 φησὶν,
1640 3267 1823 3314 επείσθητε
1842 3268 1924 3320 παρ’
1943 3268 2047 3317 ἐμοῦ,
2069 3267 2122 3305 ὅτι
2147 3268 2210 3318 οὐχ
2238 3269 2320 3317 ὑμῖν

2459 3464 2479 3545 ὁζέα.
