2516 3791
93 402 271 433 Ge.'1.2.18.

88 842 161 867 Gen.
179 849 204 868 2.
222 850 266 880 ¹9·

82 890 130 909 20.

294 125 384 186 764
769 145 788 174 5
798 165 807 175 .

291 237 388 260 usus.
408 224 458 262 Ut
476 224 587 276 igitur
604 224 649 263 de
668 224 730 263 illo
748 225 855 275 dixit,
877 226 1235 263 Faciamus-homi·
1262 227 1285 257 B

291 297 376 321 nem
393 287 446 322 ad
466 288 673 338 imaginem
689 296 725 324 et
738 287 1031 324 similitudinem
1047 293 1233 331 nostram,

289 358 402 396 neque
420 346 528 394 dixit,
545 347 623 384 Fiat
641 347 748 384 homo
766 362 772 383 :
788 346 838 383 sie
853 355 885 383 et
904 345 949 383 de
965 345 1029 383 ista
1045 359 1112 383 non
1125 345 1234 393 dixit,

288 406 369 444 Fiat
396 407 548 456 mulier,
582 407 645 445 secl
675 407 735 444 hic
766 420 906 457 quoque
925 421 932 442 :
967 407 1178 444 Faciamus
1202 410 1238 444 ei

288 467 504 519 adjutorem
518 497 529 513 ‚
580 481 692 518 neque
747 466 956 519 simpliciter
1010 466 1208 519 adjutorem
1221 498 1233 518 ‚

287 527 347 565 sed
363 557 373 576 ,
396 528 612 566 Secundum
647 530 784 579 ipsum,
824 541 894 579 quo
932 542 1055 566 rursus
1092 528 1235 566 honoris

287 589 521 639 aequalitatem
539 588 703 626 ostendit.
723 590 817 626 Nam
836 588 1005 639 quoniam
1024 589 1139 627 hrutae
1159 589 1234 627 ani-

286 658 419 686 mantes
434 649 479 687 ad
507 650 719 687 necessarios
738 650 820 688 vitae
846 664 931 687 usus
945 650 1100 688 multum
1132 651 1234 689 nobis

288 710 469 748 conferunt
487 710 697 763 adjumenti,
720 725 763 748 ne
783 712 872 749 forte
891 711 1078 749 mulierem
1095 726 1235 763 quoque

285 770 375 808 inter
395 771 571 824 mancipia
594 781 736 824 putares
755 786 827 809 esse
847 772 1120 823 numerandam,
1148 772 1234 811 vide

284 831 462 882 quomodo
476 833 521 869 ab
536 832 607 870 illis
622 847 698 870 eam.
714 833 897 870 manifeste
912 832 1125 884 distinguat.
1146 833 1232 871 Ad-

282 893 392 930 duxit
409 895 564 939 bestias,
590 892 720 943 inquit,
750 907 882 931 coram
904 893 1052 943 Adam,
1080 902 1117 931 et
1154 908 1232 931 non
1258 903 1281 932 C

281 962 336 990 est
370 956 546 992 inventus
591 955 749 1007 adjutor
781 954 922 992 similis
949 957 985 991 ei
1021 956 1230 993 secundum

280 1017 415 1066 ipsum.
435 1015 533 1062 Quid
552 1015 690 1067 igitur?
713 1029 780 1053 non
793 1024 843 1053 cst
862 1015 1003 1067 adjutor
1023 1030 1147 1066 equus,
1167 1015 1229 1067 qui

280 1091 422 1128 operam
443 1092 542 1115 suam
559 1077 612 1114 illi
633 1086 777 1129 praestat
796 1077 953 1115 inbellis
969 1077 987 1114 ἶ)
1007 1091 1076 1116 non
1096 1086 1148 1115 est
1166 1077 1230 1115 ad-

276 1138 463 1189 jutorbos,
491 1139 551 1189 qui
572 1152 750 1176 vomerem
777 1138 897 1187 trahit,
916 1147 950 1176 et
977 1137 1066 1176 dum
1093 1138 1228 1176 semina

281 1208 379 1237 terrae
401 1198 626 1250 mandantur,
648 1199 834 1237 nobiseum
855 1199 1021 1237 laborat?
1044 1214 1113 1238 non
1147 1208 1229 1238 sunt

281 1261 459 1313 adjutores
479 1261 597 1299 asinus
611 1270 643 1299 et
663 1261 793 1310 mulus,
817 1261 879 1312 qui
914 1260 961 1298 ad
980 1275 1085 1299 onera
1115 1270 1228 1299 trans—

282 1323 442 1360 vehenda
458 1337 521 1361 nos
542 1323 744 1376 adjuvant?
761 1323 833 1361 Sed
854 1336 895 1360 ne
912 1323 981 1360 hoc
1008 1321 1118 1371 dicas,
1147 1336 1230 1375 pro-

280 1393 397 1436 pterea
416 1384 491 1422 haee
519 1394 680 1423 accurate
704 1384 905 1436 distinguit.
928 1384 1006 1421 Non
1024 1383 1118 1421 enim
1145 1383 1229 1421 sim-

279 1445 420 1497 pliciter
438 1446 543 1495 dixit,
565 1447 644 1484 Non
661 1455 712 1484 est
725 1447 888 1485 inventus
908 1445 964 1483 illi
979 1445 1134 1497 adjutor,
1153 1445 1229 1490 sed,

280 1508 369 1544 Non
386 1516 441 1544 est
463 1510 642 1545 inventus
675 1509 833 1558 adjutor
851 1507 990 1544 similis
1020 1509 1068 1544 ei.
1099 1507 1150 1544 Ita
1171 1506 1231 1545 hic

847 146 893 175 JO
902 145 984 174 ‚xNN
994 144 1028 173 [S
1063 144 1142 173 CHR
1151 142 1287 173 YSOST

237 1585 242 1589 ·
278 1581 417 1618 quoque
438 1582 506 1605 non
526 1567 619 1605 (lixit
636 1567 859 1618 simpliciter,
878 1566 1064 1604 Faciamus
1083 1566 1138 1604 illi
1161 1567 1229 1605 ad·
1257 1574 1282 1604 D

81 1762 262 1792 ‹11›n.3.16.

71 3178 94 3195 ι.
118 3172 238 3200 T1nr.2.

71 3218 114 3236 ιι.
144 3220 188 3238 ¹2.

274 1630 445 1680 jutorem‚
462 1628 538 1680 sed,
560 1631 772 1666 Faciamus
785 1629 848 1665 illi
862 1629 1080 1680 adjutorem
1097 1640 1231 1666 secun-

279 1691 371 1728 dum
391 1693 527 1742 ipsum,
557 1689 666 1727 dixit.
691 1689 775 1727 Haec
797 1698 916 1727 autem
937 1697 1018 1726 ante
1047 1697 1231 1740 peccatum

280 1751 502 1803 contigerunt
521 1767 527 1787 :
545 1759 625 1803 post
639 1759 826 1803 peccatum
844 1758 982 1787 autem:
1010 1749 1083 1787 Ad
1100 1751 1231 1788 ‘virum

281 1821 388 1850 tuum
405 1815 602 1851 conversio
619 1821 700 1858 tua,
721 1820 754 1848 et
781 1813 861 1863 ipse
878 1813 933 1848 tui
950 1811 1227 1848 dominabitur.

280 1873 470 1924 AEqualem
485 1873 617 1912 honore
629 1882 662 1911 te
677 1871 961 1922 e1·eavi‚inquit;
976 1885 1044 1909 non
1062 1880 1154 1909 recte
1170 1886 1233 1910 usa

281 1949 317 1972 es
332 1934 537 1987 principatu
558 1950 565 1971 :
589 1934 636 1972 ad
655 1932 908 1986 subjectionem
938 1932 1121 1971 descende.
1153 1934 1232 1971 Non

282 1995 394 2033 tulisti
412 1995 611 2034 libertatem
628 2011 635 2031 :
659 1994 868 2033 servitutem
887 1993 1051 2032 admitte.
1072 1993 1233 2032 Nescivi-

282 2057 327 2095 sti
342 2057 531 2109 imperare,
546 2057 642 2109 quod
653 2066 686 2094 et
702 2057 778 2108 ipsa
797 2070 918 2094 rerum
940 2055 1157 2108 experientia
1170 2056 1232 2094 de—

284 2118 424 2155 clarasti
442 2134 449 2154 z
468 2127 540 2156 esto
558 2132 626 2155 una
654 2132 700 2155 ex
718 2117 887 2167 subditis,
917 2126 950 2154 et
973 2116 1160 2155 dominum
1178 2117 1233 2155 vi-

284 2194 363 2217 rum
377 2193 539 2231 agnosce.
557 2179 629 2216 Ad
646 2182 775 2216 virum
792 2188 899 2216 tuum
928 2181 1126 2216 conversio
1147 2187 1228 2228 tua,

283 2250 319 2278 et
337 2244 416 2293 ipse
437 2244 493 2279 tui
512 2242 786 2278 dominabitur.
806 2242 849 2277 At
868 2239 951 2277 vide
974 2239 1135 2277 hocloco
1165 2240 1232 2278 Dei
1258 2247 1281 2277 F.

281 2302 548 2354 benignitatem.
569 2303 621 2340 Ne
639 2302 732 2340 enim
758 2300 918 2348 audiens,
932 2303 1018 2352 Ipse
1038 2302 1094 2339 tui
1110 2302 1231 2338 domi-

282 2366 450 2411 nabitur,
469 2377 614 2414 gravem
629 2371 783 2400 censeret
797 2376 869 2400 esse
879 2361 1118 2411 dominatum,
1129 2361 1231 2413 prius

278 2424 396 2476 posuit
424 2438 549 2462 nomen
586 2438 678 2461 curae
714 2422 848 2471 dicem,
883 2422 954 2460 Ad
973 2425 1103 2460 virum
1123 2431 1229 2461 tuum

279 2488 473 2524 conversio
490 2494 570 2531 tua,
588 2485 656 2522 boe
671 2493 736 2533 est,
754 2483 947 2535 Refugium
963 2493 1078 2530 tuum,
1094 2493 1230 2535 portus,

277 2555 309 2584 et
341 2546 508 2584 seem-itas
536 2546 602 2584 tibi
624 2545 691 2584 erit
711 2545 771 2583 ille
790 2561 796 2580 ι
821 2554 860 2582 ut
890 2545 925 2583 in
948 2544 1128 2594 omnihus,
1150 2560 1229 2596 quae

277 2609 455 2660 ingruent,
472 2609 575 2646 malis
603 2607 649 2646 ad
669 2608 787 2660 ipsum
803 2616 836 2645 te
859 2616 1042 2645 convertas
1056 2616 1090 2645 et
1108 2608 1229 2646 confu-

275 2669 364 2720 gias,
387 2670 452 2707 tibi
469 2669 633 2707 concedo.
656 2670 777 2720 Neque
790 2668 858 2706 hoc
887 2668 1016 2717 solum,
1035 2667 1096 2705 secl
1115 2678 1149 2706 et
1167 2683 1228 2707 na-

275 2731 453 2768 turalibus
479 2746 536 2769 eos
556 2730 824 2769 necessitatibus
843 2729 1042 2780 colligavit,
1071 2738 1105 2767 et
1136 2739 1226 2769 tam—

1344 144 1527 174 ARClllEP
1536 166 1545 175 .
1583 145 1937 179 CONSTANTINOP-

1310 226 1521 277 Ποιήσυαεν
1537 228 1716 280 ἄνθρωπον
1739 232 1818 268 κατ’
1840 231 1956 270 εἰκόνα
1976 232 2034 270 καὶ
2067 235 2143 270 καθ’
2165 232 2330 283 ὁμοίωσιν

1308 286 1495 340 ἡμετέραν,
1516 305 1575 327 και
1595 292 1655 328 οὐκ
1685 295 1782 339 εἰπε,
1805 291 1984 342 γενηθήτω
2013 292 2210 345 ἅνθρωπος·
2240 294 2330 332 οὕτω

1309 348 1368 386 καὶ
1389 349 1447 387 ἐπι
1468 349 1596 397 ταύτης
1612 353 1675 389 οὐκ
1706 356 1799 401 εἰπε,
1827 353 2005 405 γενηθήτω
2021 353 2127 404 γυνὴ,
2150 355 2239 393 ἀλλὰ
2271 356 2330 393 καὶ

1309 411 1473 459 ἐνταῦθα,
1496 411 1705 463 Ποιησωμεν
1731 415 1826 451 αὐτῶ
1856 414 1998 465 βοηθόν·
2030 430 2089 452 και
2120 417 2184 466 οὐχ
2212 416 2331 459 ἁπλως

1311 472 1447 522 βοηθὸν,
1467 472 1575 521 ἀλλὰ,
1595 475 1683 511 Κατ’
1701 475 1814 523 αὐτὸν,
1832 475 1936 513 πάλιν
1952 474 1991 512 τὸ
2009 475 2175 526 ὁμότιμον
2200 476 2328 522 δηλῶν.

1309 531 1453 580 Ἐπειδὴ
1473 533 1539 585 γὰρ
1555 533 1687 580 πολλὴν
1705 537 1752 577 εἷς
1765 534 1827 582 τὴν
1841 539 1903 582 τῆς
1921 538 2040 581 ζωῆςξ
2023 538 2123 586 ηιιῶν
2142 535 2263 588 χρείαν
2289 536 2332 573 τὰ

1309 592 1417 645 ἄλογα
1439 594 1502 641 τὴν
1529 597 1592 641 τ’ἧς
1622 595 1781 646 βοηθείας
1809 597 1974 649 εισήγαγε
1994 596 2188 644 κοινωνίαν,
2206 596 2262 634 ι’να
2280 597 2330 648 μὴ

1308 656 1376 692 τῶν
1392 655 1519 694 δούλων
1547 656 1692 708 νομίσῃς
1711 661 1798 695 εἶναι
1825 674 1885 695 και
1903 658 1975 703 τὴν
1986 663 2155 709 γυναῖκα,
2176 657 2239 710 ὅρα
2259 661 2332 703 πῶς

1306 722 1397 754 ποιεῖ
1416 716 1477 764 τὴν
1500 718 1671 770 διάκρισιν
1689 718 1852 772 φανεράν.
1867 717 2005 771 Ἤγαγε
2019 719 2063 758 τὰ
2079 719 2202 772 θηρία,
2217 719 2334 771 φησίν,

1307 776 1453 815 ἐνώπιον
1465 782 1524 816 τοῦ
1537 779 1660 829 Ἀδὰμ,
1675 779 1734 817 καὶ
1752 781 1816 831 οὐχ
1835 779 1955 833 εὑρέθη
1971 781 2094 831 βοηθὸς
2107 780 2225 831 ὅμοιος
2242 783 2335 833 αὐτῷ

1307 841 1384 876 κατ’
1413 839 1592 878 αὐτόν.Τί
1612 835 1688 889 οὖν,
1720 845 1738 879 ὁ
1756 841 1860 884 ἵππος
1895 843 1932 880 οὐ
1970 843 2109 893 βοηθὸς,
2143 856 2333 895 συμπαρα-

1304 900 1512 950 ταττόμενος
1534 904 1569 939 ἐν
1590 908 1660 945 τοῖς
1678 902 1864 953 πολέμοις;
1887 906 1904 941 ὁ
1927 906 2006 954 βοῦς
2020 906 2058 942 οὐ
2082 903 2225 954 βοηθὸς,
2251 902 2332 955 ἄρο-

1304 976 1385 1012 τρον
1404 961 1516 1000 ἕλκων
1536 963 1596 1009 καὶ
1615 963 1824 1014 συγκάμνων
1842 967 1926 1015 ἡμῖν
1954 967 1986 1002 ἐν
2015 971 2092 1008 ταῖς
2121 967 2189 1002 τῶν
2220 980 2331 1015 σπερ-

1306 1021 1425 1071 μάτων
1444 1023 1674 1070 καταὸολαίς,
1699 1024 1771 1066 ὄνος
1791 1025 1850 1062 καὶ
1868 1024 2010 1075 ἡμίονος
2024 1027 2061 1062 οὐ
2085 1024 2226 1076 βοηθοὶ,
2242 1023 2334 1075 πρὸς

1301 1083 1365 1129 τὴν
1377 1086 1444 1121 τῶν
1460 1083 1650 1135 ἀγωγίμων
1667 1088 1751 1134 ἡμῖν
1765 1086 2046 1138 συμπράττοντες
2073 1084 2331 1136 μετακομιδήνὶ

1302 1143 1392 1182 Ἀλλ’
1413 1144 1470 1183 ἵνα
1492 1144 1540 1196 μὴ
1560 1149 1660 1184 τοῦτο
1675 1146 1800 1199 λέγῃς,
1822 1147 1878 1185 διὰ
1901 1152 2002 1186 τοῦτο
2032 1147 2160 1200 ἀκριὸἦ
2181 1153 2331 1185 ποιεῖται

1303 1204 1365 1252 τὴν
1384 1205 1561 1259 διαίρεσιν.
1585 1207 1677 1246 Οὐδὲ
1699 1207 1766 1260 γὰρ
1786 1201 1878 1247 εἶπεν
1902 1209 2039 1254 ἅπλῶς,
2055 1207 2107 1246 ὅτι
2123 1210 2187 1260 οὐχ
2208 1207 2329 1259 εὑρέθη

1306 1267 1400 1320 αὐτῷ
1435 1268 1578 1317 βοηθὸς,
1598 1270 1674 1307 ἀλλ’
1705 1269 1758 1308 ὅτι
1790 1272 1868 1322 Οὐχ
1901 1270 2022 1323 εὑρέθη
2062 1270 2184 1321 βοηθὸς
2214 1269 2330 1321 ὅμοιος

1306 1330 1410 1380 αὐτῷ.
1432 1329 1538 1368 Οὕτω
1559 1331 1618 1367 καὶ
1648 1333 1817 1379 ἐνταῦθα,
1837 1331 2042 1382 ποιήσωμεν
2076 1333 2170 1384 αὐτῷ
2192 1331 2329 1383 βοηθὸν,

1305 1393 1370 1442 οὐχ
1393 1391 1511 1434 ἁπλῶς
1523 1422 1532 1439 ,
1548 1392 1657 1441 ἀλλὰ,
1677 1392 1888 1444 Ποιήσωμεν
1904 1394 1996 1445 αὐτῷ
2018 1392 2141 1444 βοηθὸν
2161 1395 2239 1431 κατ’
2270 1395 2329 1430 αὖ·

1305 1451 1376 1495 τὸν,
1396 1445 1482 1490 εἶπε.
1503 1455 1624 1492 Ταῦτα
1644 1453 1679 1493 δὲ
1699 1454 1766 1507 πρὸ
1788 1457 1850 1501 τῆς
1880 1453 2069 1506 ἁμαρτίας·
2092 1453 2180 1504 μετὰ
2199 1453 2235 1490 δὲ
2265 1452 2329 1499 τὴν

1306 1512 1493 1564 ἁμαρτίαν,
1508 1515 1604 1566 Πρὸς
1619 1516 1677 1553 τὸν
1691 1515 1800 1566 ἄνδρα
1826 1530 1886 1553 σου
1901 1518 1922 1561 ἡ
1948 1515 2150 1567 ἀποστροφή
2172 1530 2230 1553 σου
2243 1544 2252 1561 ,
2270 1512 2330 1551 καὶ

1307 1572 1406 1617 αὐτός
1423 1590 1483 1612 σου
1501 1575 1686 1628 κυριεύσει.
1707 1575 1883 1622 Ἐποίησά
1911 1591 1949 1614 σε
1961 1606 1971 1623 ,
1987 1576 2104 1627 φησὶν,
2136 1575 2303 1625 ὁμότιμον
2323 1589 2330 1596 ·

1307 1635 1367 1671 οὔκ
1386 1634 1524 1687 ἐχρήσω
1544 1637 1659 1679 καλῶς
1679 1639 1721 1687 τῇ
1744 1638 1834 1688 ἀρχῇ
1850 1651 1857 1659 ·
1877 1635 2048 1687 μετάὸηθι
2063 1635 2148 1687 πρὸς
2164 1635 2227 1682 τὴν
2248 1637 2332 1673 ὓπο-

1305 1694 1428 1746 ταγὴν.
1451 1697 1526 1733 Οὐκ
1550 1696 1698 1748 ἤνεγκας
1722 1696 1785 1743 τὴν
1810 1696 2005 1748 ἐλευθερίαν
2021 1727 2031 1745 ,
2059 1695 2247 1741 κατάδεξαι
2267 1695 2329 1742 τὴν

1307 1755 1474 1795 δουλείαν.
1494 1758 1572 1795 Οὐκ
1591 1751 1683 1801 οἶδας
1705 1757 1838 1811 ἄρχειν,
1858 1757 1918 1795 καὶ
1944 1758 1987 1795 δι’
2015 1759 2119 1803 αὐτῆς
2137 1759 2205 1795 τῶν
2233 1772 2330 1810 πρα-

1305 1816 1448 1869 γμάτων
1464 1818 1594 1862 ἔδειξας
1609 1823 1671 1866 τῆς
1686 1819 1826 1872 πείρας·
1841 1824 1938 1871 γενοῦ
1950 1821 2017 1857 τῶν
2036 1818 2253 1872 ἀρχομένων,
2269 1818 2330 1856 καὶ

1304 1879 1362 1917 τὸν
1378 1879 1486 1932 ἄνδρα
1502 1880 1666 1933 ἐπίγνωθι
1688 1881 1817 1933 κύριον.
1832 1881 1925 1933 Πρὸς
1941 1881 1998 1919 τὸν
2014 1880 2121 1932 ἄνδρα
2132 1895 2192 1918 σου
2209 1883 2230 1927 ἡ
2247 1881 2330 1918 ἀπο-

1307 1941 1437 1993 στροφή
1459 1957 1540 1989 σου,
1557 1957 1617 1980 και
1643 1943 1745 1986 αὐτός
1767 1959 1827 1981 σου
1849 1941 2034 1996 κυριεύσει.
2057 1941 2172 1980 Καὶ“
2152 1957 2215 1995 ορα
2235 1943 2328 1980 Θεου

1308 2003 1453 2041 ἕνταυθα
1483 2003 1758 2056 φιλανθρωπίαν.
1777 2002 1856 2042 Ἵνα
1883 2002 1951 2057 γὰρ
1978 2003 2027 2054 μὴ
2061 2002 2240 2041 ἀκούσασα
2269 2003 2329 2049 τὸ,

1306 2064 1419 2108 Αὐτός
1433 2080 1494 2102 σου
1523 2065 1714 2139 κυριεύσει,
1734 2064 1902 2117 φορτικὴν
1923 2069 2011 2102 εἰναι
2039 2063 2164 2116 νομίσῃ
2187 2063 2252 2111 τὴν
2271 2064 2330 2101 δε-

1306 2125 1481 2173 σποτείαν,
1508 2126 1674 2180 πρότερον
1701 2127 1740 2164 τὸ
1767 2130 1829 2173 τῆς
1848 2125 2057 2177 κηδεμονίας
2077 2125 2199 2172 ἔθηκεν
2221 2125 2331 2177 ὄνομα

1306 2185 1426 2234 εἰπὼν,
1446 2187 1541 2238 Πρὸς
1566 2187 1623 2225 τὸν
1645 2187 1754 2239 ἄνδρα
1774 2203 1836 2225 σου
1860 2191 1881 2233 ἡ
1906 2186 2107 2238 ἀποστροφή
2127 2201 2199 2234 σου,
2215 2186 2331 2225 τουτέ-

1306 2250 1430 2294 στιν,ἠ
1451 2248 1632 2300 καταφυγή
1658 2264 1717 2287 σου
1745 2248 1805 2286 καὶ
1826 2251 1843 2286 ὁ
1875 2247 1981 2298 λιμὴν
2014 2248 2075 2286 καὶ
2100 2251 2121 2293 ἡ
2158 2248 2330 2299 ἀσφάλεια

1305 2308 1432 2351 ἐκεῖνος
1453 2310 1551 2346 ἔσται
1582 2324 1657 2348 σοι·
1680 2311 1714 2347 ἐν
1747 2315 1835 2346 πᾶσι
1859 2315 1930 2352 τοῖς
1949 2311 2085 2347 ἐπιοῦσι
2106 2310 2226 2352 δεινοῖς
2244 2308 2330 2361 πρὸς

1304 2371 1431 2408 ἐκεῖνον
1452 2371 1732 2423 ἀποστρέφεσθαι
1752 2370 1812 2409 καὶ
1836 2371 2066 2424 καταφεύγειν
2085 2370 2162 2409 ι’σοι
2189 2370 2327 2421 δίδωμι.

1303 2431 1356 2468 Οὐ
1375 2431 1483 2483 ταύτῃ
1510 2432 1544 2470 δὲ
1566 2432 1681 2482 μόνον,
1703 2431 1792 2470 ἀλλὰ
1811 2431 1870 2470 καὶ
1894 2438 2055 2485 φυσικαῖς
2076 2430 2198 2475 αὐτοὺς
2225 2431 2327 2469 συνέ-

1303 2493 1405 2538 δησεν
1437 2493 1604 2545 ἀνάγκαις
1618 2493 1776 2547 καθάπερ
1798 2492 1969 2546 ἄρ’ῥηκτόν
1996 2509 2073 2531 τινα
2105 2493 2243 2543 δεσμὸν,
2262 2492 2327 2539 τὴν

1303 2554 1342 2590 ἐκ
1357 2557 1419 2600 τῆς
1438 2555 1621 2605 ἐπιθυμίας
1639 2554 1837 2608 περιὸαλὼν
1855 2556 1968 2598 αὐτοῖς
1985 2554 2117 2592 ἅλυσιν.
2140 2548 2237 2597 Εἶδες
2252 2557 2327 2598 πῶς

1303 2614 1494 2691 εἷσῃγαγεΧκ
1488 2615 1548 2654 μὲν
1568 2615 1630 2663 τὴν
1658 2615 1833 2667 ὑποταγὴν
1854 2619 1875 2662 ἡ
1904 2614 2078 2667 ἁμαρτία,
2110 2617 2128 2652 ὁ
2156 2615 2191 2652 δὲ
2217 2615 2326 2688 εὐμή-

1302 2690 1406 2727 χανος
1424 2676 1484 2713 καὶ
1511 2692 1611 2728 σοφος
1626 2677 1714 2720 Θεὸς
1737 2676 1797 2714 καὶ
1824 2675 1955 2719 τούτοις
1980 2675 2064 2728 πρὸς
2084 2675 2122 2713 τὸ
2152 2675 2324 2728 συμφέρον

1300 2739 1384 2785 ἡμῖν
1414 2736 1658 2789 ἀπεχρήσατο;
1690 2735 1853 2774 Ἄκουσον
1877 2738 1951 2780 πῶς
1982 2736 2041 2774 καὶ
2072 2738 2211 2778 Παῦλος
2245 2736 2326 2788 περὶ

275 2806 381 2841 quam
402 2793 589 2829 infractum
600 2792 780 2843 quoddam
791 2791 992 2840 vinculum,
1017 2791 1225 2844 cupiditatis
1239 2823 1287 2848 660
1299 2797 1428 2843 ταύτης
1439 2797 1533 2848 λέγει
1552 2800 1613 2843 τῆς
1633 2799 1822 2848 ὑποταγῆς,
1836 2797 1891 2835 ἵνα
1914 2798 2025 2850 μάθῃς
2039 2797 2143 2835 πάλιν
2161 2798 2324 2840 Παλαιᾶς

276 2852 349 2889 illis
368 2861 525 2890 catenam
546 2853 676 2905 injecit.
695 2851 809 2892 Vides
827 2861 867 2889 ut
899 2851 1155 2904 subjectionem
1173 2852 1225 2890 in-
1253 2861 1274 2890 Α

276 2913 415 2951 vexerit
438 2913 581 2963 quidem
610 2922 809 2965 peccatum,
833 2918 940 2950 solers
970 2922 1088 2950 autem
1113 2922 1146 2950 et
1164 2927 1222 2951 sa-

271 2973 371 3026 piens
402 2975 497 3011 ])οιι5
522 2974 578 3011 his
597 2988 736 3025 quoque
769 2972 814 3011 ad
843 2982 999 3010 nostram
1033 2973 1223 3011 utilitatem

270 3034 315 3070 sit
335 3035 452 3072 usus?
475 3034 568 3073 Audi
606 3032 758 3084 quidde
787 3033 854 3071 hac
886 3034 1104 3086 subjectione
1129 3033 1224 3072 dicat

270 3095 415 3141 Paulus,
430 3105 468 3132 ut
498 3109 640 3132 rursum
662 3095 800 3134 Veteris
827 3109 867 3132 ac
890 3095 983 3133 Novi
1002 3096 1221 3133 Testamenti

269 3161 493 3199 concordiam
509 3161 697 3212 intelligas.
718 3162 876 3209 Mulier,
895 3161 1024 3212 inquit,
1046 3165 1088 3199 in
1103 3164 1219 3201 silen—

268 3231 321 3265 tio
361 3229 484 3265 discat
514 3241 600 3265 cum
631 3230 736 3264 omni
773 3230 1019 3279 subjectione.
1044 3229 1155 3268 Vides
1185 3239 1217 3268 ct

307 3343 321 3364 ι.
347 3342 413 3372 fle..

395 3367 423 3384 Ο.
446 3352 527 3373 unus
539 3344 568 3374 σὲ
587 3343 701 3383 δίδωμι,

1300 2858 1360 2895 καὶ
1380 2860 1513 2905 Καινῆς
1532 2859 1593 2905 τὴν
1618 2859 1833 2910 συμφωνίαν.
1857 2858 1968 2905 Γυνὴ,
1989 2859 2105 2910 φησὶν,
2131 2859 2166 2895 ἐν
2192 2858 2322 2910 ἡσυχίᾳ

1301 2919 1504 2969 μανθανέτω
1525 2922 1557 2958 ἐν
1588 2920 1683 2971 πάσῃ
1706 2923 1873 2972 ὑποταγῇ.
1896 2913 1996 2964 Εἶδες
2024 2920 2083 2958 καὶ
2112 2919 2212 2958 αὐτὸν
2235 2922 2320 2958 ὑπο-

1297 2980 1448 3024 τάξαντα
1468 2984 1517 3032 τῷ
1538 2981 1636 3033 ἀνδρὶ
1657 2981 1719 3027 τὴν
1741 2988 1907 3032 γυναῖκα;
1927 2981 2016 3019 Ἀλλ’
2047 2981 2243 3031 ἀνάμεινον,
2263 2981 2322 3018 καὶ

1296 3041 1358 3088 τὴν
1383 3042 1495 3079 αἰτίαν
1518 3042 1660 3094 ἀκούσῃ.
1682 3042 1750 3081 Διὰ
1771 3042 1817 3089 τί,
1833 3042 1894 3080 Ἐν
1914 3041 2009 3091 πάσῃ
2030 3044 2208 3092 ὑποταγῇ;
2226 3042 2320 3079 ῃΓυ-

1295 3108 1398 3141 ναῖκα
1420 3102 1505 3155 γὰρ,
1536 3103 1639 3155 φησὶ,
1660 3103 1832 3142 διδάσκειν
1867 3105 1926 3141 οὐκ
1953 3102 2141 3155 ἐπιτρέπω.
2171 3102 2240 3140 Διὰ
2267 3101 2321 3148 τί;

1297 3163 1457 3207 'michaia
1477 3163 1543 3215 γὰρ
1564 3163 1655 3207 ἅπαξ
1677 3166 1791 3207 κακῶς
1818 3164 1874 3201 τὸν
1896 3162 2015 3213 Ἀδάμ.
2037 3163 2128 3201 Οὐδὲ
2148 3165 2319 3201 αὐθεντεῖν

1294 3234 1353 3267 τοῦΙ
1380 3229 1511 3279 ἀνδρός.
1539 3228 1585 3267 Τί
1617 3229 1763 3275 δήποτε;
1797 3228 1864 3267 Καὶ
1892 3228 1959 3281 γὰρ
1991 3229 2196 3275 ηὐθέντησεν
2226 3228 2319 3271 ἅπαξ

1331 3354 1342 3366 -’·
1362 3343 1440 3385 Rvg.
1463 3341 1547 3374 idem
1570 3351 1691 3385 fausti.
