2566 3791
205 1634 218 1649 1
222 1633 306 1650 ecens
345 1635 379 1652 fla
380 1641 397 1647 -

401 213 492 258 218

399 310 525 348 fuisset
537 315 562 359 ),
580 323 705 349 verum
732 324 896 363 generose
916 313 1030 351 ferens
1045 308 1141 361 quod
1157 308 1350 356 acciderat,

402 370 642 410 consolatione
676 372 795 410 statim
821 372 1005 423 dignatur,
1027 380 1061 408 et
1095 370 1230 420 majora
1262 367 1355 418 grati

403 432 514 470 animi
529 432 591 470 dat
605 432 722 484 signa,
744 433 890 470 Domini
902 431 1115 470 beneficium
1128 428 1326 481 praedicans
1336 428 1354 464 Ξ)

405 493 502 533 Vide
521 494 616 531 enim
636 507 744 543 quam
757 493 908 543 benigne
926 491 1099 529 Dominus
1118 505 1195 541 quae
1211 503 1355 528 suarum

407 563 489 591 sunt
504 555 661 606 partium
681 561 904 602 exsequatur.
919 553 998 589 Non
1018 551 1123 589 modo
1137 552 1230 589 enim
1245 551 1357 589 alium
1382 565 1405 594 B

407 615 469 653 dat
485 615 538 652 illi
559 615 690 658 lilium,
712 612 774 651 sed
795 623 828 651 et
848 613 981 652 virtute
1000 613 1190 665 praeditum
1205 613 1280 651 fore
1290 627 1356 651 an-

407 685 462 714 tea
478 675 667 725 significat.
691 676 835 714 Genuit
861 675 970 722 enim,
999 675 1130 725 inquit,
1149 676 1359 713 secundum

407 739 567 788 speciem
585 751 711 784 suam,
734 745 771 775 et
785 738 995 775 secundum
1008 739 1217 789 imaginem
1234 751 1357 774 suam.

408 797 456 834 Et
469 797 636 835 utstatim
646 797 825 835 discamus
840 798 912 835 nati
927 798 1112 845 virtutem,
1131 797 1214 835 vide
1229 798 1311 848 quia
1327 806 1362 835 et

406 857 484 910 ipse
495 858 615 896 statim
626 858 970 910 perappellationem
985 858 1052 895 filii
1066 858 1122 896 sui
1140 872 1212 896 suae
1235 859 1361 896 mentis

209 930 282 956 Gen.
297 926 326 967 4.
340 926 390 957 26.
406 919 574 972 pietatem
593 919 764 957 ostendat.
786 921 838 957 Et
855 920 984 966 Setlzo,
1007 919 1135 970 inquit,
1163 929 1278 959 natus
1305 929 1362 958 est

395 981 528 1033 filius,
551 989 587 1018 et
608 981 819 1032 appellavit
842 994 981 1017 nomen
1015 981 1124 1017 illius
1143 981 1264 1019 Enos.
1285 983 1362 1019 Hic

406 1044 575 1093 speravit
592 1044 774 1079 invocare
789 1055 928 1078 nomen
941 1036 1104 1078 Domini
1120 1041 1206 1079 Dei.
1226 1040 1363 1079 Vidisti

407 1102 680 1155 appellationem
721 1101 922 1139 diademate
970 1101 1170 1149 clariorem,
1205 1116 1362 1154 purpura

407 1163 716 1216 splendidiorem?
736 1162 834 1211 Quid
848 1162 954 1200 fuerit
977 1162 1038 1200 illo
1052 1162 1189 1200 beatius
1205 1163 1268 1213 qui
1302 1163 1364 1200 in-

405 1225 590 1263 vocatione
608 1224 676 1263 Dei
691 1233 852 1274 ornatur,
874 1223 983 1274 idque
1002 1237 1067 1275 pro
1086 1223 1229 1261 nomine
1251 1224 1363 1276 possi-

407 1285 468 1324 det
483 1286 500 1323 ?
514 1285 624 1325 Vides
639 1285 677 1322 id
688 1285 785 1336 quod
796 1285 842 1323 ab
857 1284 959 1322 initio
973 1284 1152 1333 dicebam,
1174 1294 1208 1323 et
1224 1284 1260 1322 in
1277 1299 1362 1337 par-
1389 1297 1412 1328 c

407 1346 462 1385 vis
475 1346 772 1399 appellationibus
787 1360 934 1398 magnas
947 1345 1201 1383 sententiarum
1214 1345 1361 1384 divitias

408 1409 609 1447 reconditas
627 1409 724 1446 esse?
741 1409 821 1446 Non
842 1408 958 1445 solum
977 1407 1072 1445 enim
1098 1407 1157 1445 hic
1177 1417 1363 1459 parentum

409 1480 626 1509 monstiatur
642 1471 769 1523 pietas,
788 1469 849 1508 sed
863 1479 897 1507 et
915 1483 1043 1521 magna
1063 1483 1146 1537 erga
1165 1469 1295 1507 liberos
1309 1469 1366 1508 di-

234 1539 319 1567 Nom·
314 1552 395 1569 ¹num
409 1533 582 1584 ligentia3
604 1542 638 1570 et
660 1532 837 1583 quomodo
856 1531 975 1570 statim
997 1540 1030 1569 et
1051 1546 1071 1569 a
1090 1531 1267 1583 principio
1286 1546 1366 1569 eru-

205 1585 355 1618 '‘¹¹¹‘⁰⁵¹⁸'⁰
410 1593 554 1632 diebant
579 1594 747 1646 pueiulos
769 1592 831 1643 qui
853 1592 939 1644 ipsis
963 1592 1212 1643 nascebantur,
1246 1592 1367 1630 admo-

205 1667 253 1692 tis.
409 1665 530 1694 nentes
544 1669 631 1707 per
621 1655 891 1707 appellationes,
911 1668 998 1705 quas
1013 1654 1086 1691 illis
1109 1653 1364 1706 imposueiant,

408 1717 630 1756 utvirtutem
652 1725 856 1754 exercerent
879 1732 887 1752 :
911 1729 979 1753 non
999 1715 1091 1753 sicut
1106 1729 1200 1753 nunc
1220 1716 1366 1753 fortuito

408 1788 442 1816 et
465 1787 504 1816 ut
522 1778 680 1830 primum
696 1776 873 1815 succurrit
897 1776 1040 1814 nomina
1068 1776 1170 1813 fiunt.
1203 1776 1366 1825 Nomine,

409 1839 588 1890 inquiunt,
607 1839 667 1877 avi
684 1838 742 1876 vel
763 1837 890 1890 proavi
906 1846 1054 1876 vocetur
1072 1848 1161 1889 puer
1177 1852 1185 1873 :
1205 1846 1242 1874 at
1257 1837 1367 1889 prisci

408 1915 478 1939 non
490 1901 551 1951 ita,
569 1900 632 1939 sed
647 1914 787 1938 omnen]
804 1913 950 1951 operam
968 1898 1202 1946 adhibebant,
1219 1907 1260 1936 ut
1281 1898 1367 1936 talia

408 1963 502 2002 natis
523 1963 745 2016 imponerent
764 1961 920 2010 nomina,
952 1975 1030 2011 quae
1053 1974 1124 1998 non
1139 1960 1254 1998 solum
1286 1960 1367 1998 illos

410 2025 473 2076 qui
489 2025 632 2062 nomina
647 2023 930 2061 sortiebanturin
944 2023 1112 2061 virtutem
1133 2021 1364 2071 adducerent,
1391 2026 1417 2055 D

410 2086 472 2124 scd
491 2095 523 2124 et
539 2085 627 2124 alios
640 2099 774 2132 omneS,
791 2084 898 2122 etiam
911 2083 972 2134 qui
986 2083 1215 2134 sequentibus
1230 2083 1369 2121 saeculis

412 2147 524 2184 futuri
559 2155 672 2195 erant,
703 2145 918 2183 omnimodae
946 2144 1184 2196 philosophiae
1204 2145 1370 2182 doctrina

412 2217 540 2246 essent.
558 2206 602 2244 ld
617 2206 710 2256 quod
730 2205 896 2252 sciemus,
916 2204 945 2242 si
966 2219 1079 2242 sermo
1090 2205 1269 2256 aliquanto
1289 2219 1370 2242 am-

414 2267 735 2321 pliusprocesserit.
750 2267 865 2317 Igitur
879 2280 941 2303 nos
955 2279 1067 2315 neque
1081 2265 1218 2316 quaevis
1229 2266 1370 2303 nomina

415 2329 537 2382 pueris
552 2327 731 2377 indamus,
754 2340 865 2377 neque
882 2340 1033 2363 avorum
1063 2336 1095 2364 et
1106 2340 1321 2379 proavorum
1339 2336 1372 2365 et

417 2405 537 2428 eorum
558 2390 619 2440 qui
639 2402 764 2440 genere
790 2387 875 2425 clari
894 2388 1050 2435 fuerunt,
1070 2387 1212 2425 nomina
1238 2387 1372 2425 tribua-

278 2467 311 2492 x
317 2468 402 2493 mina
417 2466 510 2500 mus,
540 2450 601 2489 sed
639 2459 842 2488 sanctorum
872 2449 1043 2495 virorum,
1077 2449 1138 2500 qui
1179 2449 1372 2487 virtutibus

238 2516 402 2537 ²¹‘¹⁰¹'⁸‘'¹
418 2513 606 2559 fulserunt,
639 2510 863 2563 plurimaque
891 2508 988 2562 apud
1005 2511 1122 2547 Deum
1155 2509 1286 2547 fiducia
1311 2525 1372 2548 va-

418 2576 574 2613 luerunt.
603 2575 679 2611 Imo
716 2586 827 2623 neque
865 2571 994 2609 hoium
1021 2572 1226 2610 nominibus
1256 2572 1372 2610 sidant

418 2637 475 2675 vel
489 2645 674 2688 parentes,
686 2634 742 2672 vel
756 2633 855 2686 pueii
875 2633 1006 2684 quibus
1026 2633 1110 2671 talia
1130 2634 1271 2672 nomina
1291 2649 1374 2672 con-

419 2699 573 2749 tingunt.
597 2696 698 2735 Nihil
723 2696 818 2733 enim
851 2695 993 2747 prodest
1023 2695 1131 2733 alicui
1157 2696 1374 2734 vocabulum
1399 2705 1422 2734 F,

419 2759 554 2798 virtute
585 2772 751 2805 vacuum,
771 2757 833 2795 sed
860 2755 1022 2794 habenda
1041 2766 1092 2794 est
1113 2757 1238 2795 salutis
1254 2772 1376 2809 exspe—

420 2820 527 2857 ctatio
549 2819 584 2857 in
602 2818 748 2856 virtutis
771 2818 994 2870 operatione:
1013 2827 1046 2855 et
1061 2832 1172 2869 neque
1191 2818 1224 2855 in
1250 2819 1374 2870 appel-

420 2881 552 2918 latione
571 2880 723 2917 sublime
737 2893 870 2930 sapere,
890 2893 1002 2929 neque
1024 2878 1059 2915 in
1079 2879 1286 2929 cognatione
1298 2893 1374 2917 san-

424 2950 560 2979 ctoruni
580 2939 756 2990 virorum,
779 2953 890 2990 neque
922 2939 956 2977 in
982 2938 1100 2990 aliquo
1128 2939 1212 2988 alio,
1242 2939 1305 2978 scd
1339 2940 1376 2978 in

213 2552 239 2579 fii
246 2555 279 2578 ιι
312 2553 371 2588 imp
375 2561 403 2577 υ-

217 2594 324 2620 iit-..ndi

467 3057 480 3071 ι·
495 3046 628 3087 Septem
646 3046 722 3076 Mss.
742 3050 921 3088 ἐπιτίθεμεν,
939 3044 1038 3079 male.
1057 3044 1157 3086 Quod
1174 3044 1228 3077 hic
1253 3045 1299 3076 ait
1321 3044 1431 3089 Chry-

424 3106 608 3133 sostomus,
634 3098 767 3128 uoiuinn
794 3105 985 3129 sanctorum
1013 3108 1080 3129 esse
1108 3096 1180 3129 liliis
1206 3096 1430 3140 imponenda,

426 3152 549 3183 sactum
583 3148 843 3190 deprelwuditur
875 3162 973 3191 sul-ru
996 3151 1106 3182 Tomo
1139 3150 1174 3181 11
1201 3151 1234 3182 in
1273 3151 1434 3182 Eucouiio

425 3206 458 3236 S.
477 3201 608 3234 {th-leui.
633 3203 761 3233 Locum
786 3201 862 3233 huic
888 3201 1085 3234 illustrando
1110 3202 1185 3234 loco
1207 3210 1433 3244 opportunum

427 3255 480 3287 hic
497 3255 738 3287 asl'‹·rimus.Si‹:
753 3265 830 3293 ergo
845 3254 963 3295 legitur
981 3267 1011 3296 p.
1028 3256 1108 3286 5¹9:
1126 3254 1220 3287 IVam
1237 3266 1309 3285 cum
1326 3266 1395 3285 rum
1412 3267 1433 3285 a

423 3308 589 3350 principio
616 3318 649 3335 ιιι
679 3307 841 3336 civilatem
872 3307 1051 3348 ingressum
1080 3307 1314 3349 excepissells,
1333 3318 1433 3337 unus-

427 3358 690 3402 quisqnesilinn1
708 3368 800 3387 sumn
824 3355 893 3399 ujus
919 3359 1050 3388 nominc
1071 3358 1358 3402 appell11bal,p(·r
1372 3371 1432 3401 “l'’

425 3411 641 3453 swllalirmem
656 3411 849 3440 cxii-cimam
865 3412 1091 3453 unusquisque
1104 3423 1137 3442 se
1150 3412 1182 3442 in
1195 3411 1324 3442 domum
1339 3423 1432 3442 suam

820 228 860 258 S.
895 227 1075 259 JOANNIS
1109 224 1350 258 CHRYSOST.
1388 223 1592 254 ARCfflEP.
1627 222 1982 255 CONSTANTINOP-

1426 305 1690 356 εὐγνωμοσύνην
1711 307 1946 346 ἐπιδείκνυται
1959 339 1968 356 ,
1985 307 2270 361 ἀνακηρύττουσα
2296 311 2354 346 τοῦ
2373 310 2445 346 Δε-

1427 366 1555 405 σπότου
1577 367 1641 414 τὴν
1661 368 1877 421 εὐεργεσίαν;
1897 368 1994 421 εὈροι
2020 368 2088 422 γὰρ
2111 369 2188 419 μεθ’
2205 369 2288 417 ὅσης
2313 371 2448 421 φιλοτι-

1430 427 1511 478 μίας
1533 432 1551 467 ὁ
1577 428 1759 476 Δεσπότης
1784 429 1829 468 τὰ
1855 431 1938 482 παρ’
1964 434 2086 468 ἑαυτοῦ
2123 430 2367 469 ἐπιδείκνυται.
2395 432 2448 468 Οὐ

1429 489 1533 539 μόνον
1548 489 1616 542 γὰρ
1635 490 1705 528 υἱὸν
1726 490 1840 544 ἕτερον
1860 491 2068 544 ἐχαρίσατο,
2086 491 2176 530 ἀλλὰ
2204 491 2263 530 καὶ
2290 492 2451 544 ἐνάρετον

1431 550 1532 589 αὐτὸν
1552 550 1689 599 ἔσεσθαι
1713 551 1780 599 ἤδη
1809 553 2015 604 προμηνύει.
2039 553 2228 604 Ἐγέννησε
2247 553 2332 604 γὰρ,
2353 553 2451 605 φησὶ,

1430 612 1521 650 κατὰ
1541 612 1604 659 τὴν
1633 612 1726 650 ἰδέαν
1747 614 1874 660 αὐτοῦ,
1903 613 1961 651 καὶ
1990 613 2081 651 κατὰ
2110 614 2172 661 τὴν
2199 615 2314 652 εἰκόνα
2339 615 2454 652 αὐτοῦ.

1431 673 1501 711 Καὶ
1528 673 1584 711 ἵνα
1604 673 1771 724 μάθωμεν
1796 674 1921 717 εὐθέως
1946 678 2005 712 τοῦ
2024 674 2206 726 τεχθέντος
2229 674 2292 721 τὴν
2314 673 2455 725 ἀρετὴν,

1432 734 1496 785 ὅρα
1522 734 1581 772 καὶ
1609 734 1710 772 αὐτὸν
1736 735 1841 773 πάλιν
1872 735 1929 772 διὰ
1953 737 2017 781 τ’ῆς
2047 734 2284 787 προσηγορίας
2309 738 2370 772 τοῦ
2396 736 2455 772 ὑπ’

1433 797 1536 833 αὐτοῦ
1563 795 1743 848 τεχθέντος
1781 796 1959 834 δεικνυντα
1989 795 2028 834 τὸ
2068 796 2223 848 φιλόθεον
2254 799 2357 834 αὐτοῦ
2394 811 2458 841 της

1432 856 1586 908 γνώμηςι
1613 858 1682 895 Καὶ
1709 874 1758 895 τω
1778 857 1866 905 Σηθ,
1889 857 2011 909 φησὶν,
2031 858 2166 909 ἐγένετο
2184 858 2266 905 υἱὸς,
2283 858 2342 895 καὶ
2369 859 2458 895 ἐπω-

1433 917 1565 968 νόμασε
1584 918 1623 956 τὸ
1641 897 1750 969 ὄνομά
1774 921 1876 957 αὐτου
1895 919 1938 958 Ἐ
1941 919 2018 963 νώς.
2036 921 2149 963 Οὗτος
2167 919 2314 965 ἤλπισεν
2336 921 2459 958 ἐπικα-

1433 979 1568 1017 λεῖσθαι
1593 979 1633 1016 τὸ
1653 979 1762 1030 ὄνομα
1781 979 1908 1033 Κυρίου
1939 984 1998 1018 τοῦ
2019 982 2123 1019 Θεοῦ.
2151 974 2252 1023 Εἶδες
2279 995 2459 1033 προσηγο-

1436 1040 1511 1092 ρίαν
1532 1040 1744 1090 διαδήματος
1767 1041 2034 1093 λαμπροτέραν,
2054 1041 2256 1093 ἁλουργίδος
2278 1039 2462 1093 φαιδροτέ-

1438 1116 1523 1154 ραν;
1545 1101 1593 1139 Τί
1612 1101 1678 1152 γὰρ
1699 1101 1740 1138 ἂν
1761 1101 1812 1148 εἴη
1834 1102 2131 1154 μακαριστότερον
2150 1106 2210 1140 τοῦ
2231 1102 2384 1141 τοιούτου
2402 1105 2462 1140 τοῦ

1435 1167 1478 1215 τῇ
1507 1163 1692 1210 ἐπικλήσει
1719 1167 1780 1201 τοῦ
1805 1165 1898 1201 Θεοῦ
1923 1163 2255 1213 καλλωπιζομένου,
2276 1163 2336 1201 καὶ
2363 1169 2464 1202 τοῦτο

1438 1224 1515 1263 ἀντὶ
1534 1224 1702 1275 ὀνόματος
1721 1223 1955 1275 κεκτημένου;
1975 1224 2084 1276 Ὁρᾷς
2098 1228 2185 1272 πῶς,
2198 1224 2283 1276 ὅπερ
2301 1224 2336 1269 ἐξ
2352 1227 2464 1277 ἀρχῆς

1437 1286 1568 1337 ἔλεγον,
1589 1285 1649 1324 καὶ
1667 1287 1701 1324 ἐν
1724 1288 1844 1330 αὐταῖς
1865 1288 1983 1338 ψιλαῖς
2002 1292 2076 1329 ταῖς
2096 1286 2346 1339 προσηγορίαις
2358 1285 2465 1330 πολὺς

1437 1346 1660 1385 ἐναπόκειται
1682 1348 1830 1390 πλοῦτος
1853 1347 2058 1398 νοημάτων,
2086 1350 2139 1386 Οὐ
2170 1347 2272 1398 μόνον
2294 1347 2362 1400 γὰρ
2394 1349 2465 1384 τῶν

1437 1408 1564 1460 γονέων
1586 1410 1739 1447 ἐντεῦθεν
1768 1409 1941 1447 δείκνυται
1966 1409 2006 1448 v)
2034 1409 2214 1461 φιλόθεον,
2235 1409 2325 1448 ἀλλὰ
2354 1408 2412 1448 καὶ
2441 1412 2463 1455 ἡ

1437 1469 1550 1517 πολλὴ
1568 1470 1648 1522 περὶ
1667 1468 1745 1513 τοὺς
1771 1471 1899 1514 παῖδας
1919 1472 2030 1508 αὐτῶν
2054 1470 2237 1522 ἐπιμέλεια
2256 1486 2264 1493 ·
2293 1470 2352 1509 καὶ
2372 1470 2466 1514 ὅπως

1439 1530 1568 1569 ἄνωθεν
1597 1530 1657 1569 καὶ
1677 1531 1711 1576 ἐξ
1737 1534 1848 1583 ἀρχῆς
1869 1531 2050 1570 ἐπαίδευον
2072 1532 2115 1570 τὰ
2134 1531 2323 1581 τικτόμενα
2342 1531 2466 1569 παιδία

1439 1591 1496 1629 διὰ
1527 1596 1590 1639 τῆς
1620 1592 1880 1645 προσηγορίας,
1915 1592 1957 1638 ἣν
1997 1595 2110 1636 αὐτοῖς
2146 1593 2372 1640 ἐπετίθεσαν,
2403 1596 2466 1639 τῆς

1440 1655 1565 1704 ἀρετῆς
1589 1653 1817 1706 ἀντέχεσθαι,
1849 1654 1909 1692 καὶ
1942 1656 1980 1692 οὐ
2008 1653 2166 1706 καθάπερ
2192 1657 2223 1692 οἱ
2255 1658 2314 1691 νῦν
2347 1655 2467 1697 ἁπλῶς

2331 1717 2394 1759 Εἷς
2425 1715 2466 1752 τὸ

1439 1775 1572 1826 ὄνομα,
1591 1776 1696 1828 φησὶ,
1715 1780 1775 1815 τοῦ
1803 1777 1970 1824 πάππου,
1991 1776 2050 1814 καὶ
2072 1780 2132 1814 τοῦ
2163 1777 2369 1814 ἐπιπάππου
2398 1791 2462 1813 κα-

1439 1714 1499 1752 καὶ
1530 1718 1576 1758 ὡς
1604 1715 1706 1767 ἔτυχε
1740 1715 1803 1759 τὰς
1837 1715 2077 1768 προσηγορίας
2110 1720 2303 1754 ποιοῦνται.

1439 1836 1566 1875 λείσθω
1590 1838 1629 1875 τὸ
1647 1837 1786 1876 παιδίον
1803 1853 1810 1860 ·
1832 1838 1909 1875 ἀλλ’
1929 1841 1960 1876 οἳ
1981 1838 2125 1876 παλαιοὶ
2144 1840 2210 1890 οὐχ
2230 1837 2356 1884 οὕτως,
2377 1837 2467 1876 ἀλλὰ

1439 1905 1555 1936 πᾶσαν
1571 1898 1723 1946 σπουδὴν
1739 1900 1918 1937 ἐποιοῦντο
1930 1898 2092 1942 τοιαύτας
2107 1898 2343 1951 προσηγορίας
2357 1900 2467 1937 ἐπιτι-

1440 1959 1536 1998 θέναι
1558 1966 1627 2004 τοῖς
1643 1960 1880 2011 τικτομένοις,
1901 1960 1938 1998 αἲ
1958 1960 2034 2011 μὴ
2029 1960 2132 1998 μόνον
2156 1959 2277 2004 αὐτους
2299 1976 2378 2004 τους
2402 1976 2465 2006 την

1440 2022 1678 2073 προσηγορίαν
1695 2021 1903 2096 δεχομένρυς
1919 2023 1965 2064 εἷς
1981 2021 2107 2073 ἀρετην
2128 2024 2202 2073 ἐνῆ,
2188 2038 2272 2070 νον,
2292 2023 2381 2060 ἀλλὰ
2407 2037 2467 2060 και

1441 2089 1512 2126 τοῖς
1533 2083 1687 2127 ἅλλοις“’
1666 2099 1776 2121 απασι
1800 2083 1858 2121 καὶ
1875 2089 1954 2126 ταῖς
1975 2083 2063 2133 μετὰ
2089 2099 2198 2122 ταυτα
2214 2090 2347 2134 γενεαῖς
2367 2084 2467 2122 διδα-

1444 2143 1572 2182 σκαλία
1593 2143 1795 2196 φιλοσοφίας
1824 2144 1962 2190 ἁπάσης
1986 2143 2148 2194 ἐγίνοντο.
2167 2145 2237 2182 Και
2257 2149 2357 2183 τοῦτο
2375 2145 2468 2184 εἷσό-

1447 2208 1534 2255 μεθα
1563 2204 1653 2242 κατὰ
1682 2205 1803 2254 μικρὸν
1827 2204 2006 2255 προϊόντος
2032 2208 2091 2241 τοῦ
2123 2205 2236 2255 λόγου.
2265 2205 2327 2251 Μὴ
2355 2205 2467 2242 τοίνυν

1446 2265 1534 2317 μηδὲ
1563 2269 1664 2316 ἡμεῖς
1692 2266 1754 2308 τὰς
1775 2265 1948 2316 τυχούσας
1976 2265 2211 2317 προσηγορίας
2234 2267 2468 2316 αέπιτιθῶμεν

1444 2332 1516 2370 τοῖς
1534 2327 1667 2374 παισὶν,
1691 2326 1778 2376 μηδὲ
1797 2330 1866 2364 τῶν
1882 2326 2049 2374 πάππων,
2070 2329 2130 2365 καὶ
2151 2330 2218 2364 τῶν
2241 2327 2470 2373 ἐπιπάππων,

1445 2389 1504 2426 καὶ
1521 2391 1589 2425 τῶν
1607 2388 1691 2439 πρὸς
1707 2388 1802 2439 γένος
1824 2387 2055 2439 διαφερόντων
2075 2388 2136 2432 τὰς
2156 2388 2344 2438 ὀνομασίας
2358 2391 2471 2432 αὐτοῖς

1444 2449 1690 2503 χαριζώμεθα,
1712 2449 1801 2487 ἀλλὰ
1827 2452 1896 2487 τῶν
1916 2449 2024 2500 ἁγίων
2044 2451 2177 2501 ἀνδρῶν
2205 2452 2274 2488 τῶν
2303 2452 2336 2487 ἐν
2363 2452 2470 2501 ἀρετῇ

1446 2511 1731 2563 διαλαμψάντων,
1751 2514 1820 2548 τῶν
1839 2510 1971 2556 πολλὴν
1992 2510 2191 2563 παρρησίαν
2208 2511 2293 2563 πρὸς
2308 2511 2366 2549 τὸν
2381 2510 2471 2549 Θεὸν

1446 2573 1664 2624 {rrsjqxo'tow'
1683 2573 1814 2622 μᾶλλον
1833 2572 1867 2609 δὲ
1883 2572 1971 2622 μηδὲ
1986 2578 2061 2615 ταῖς
2077 2571 2208 2610 τούτων
2222 2572 2472 2625 προσηγορίαις

1447 2636 1566 2677 ἁπλῶς
1589 2634 1824 2686 θαρρείτωσαν
1851 2634 1939 2683 μήτε
1969 2636 2000 2671 οἱ
2026 2639 2154 2685 γονεῖς,
2176 2634 2265 2684 μήτε
2287 2636 2318 2672 οἱ
2338 2635 2471 2680 παῖδες,

1447 2699 1477 2734 οἱ
1508 2695 1568 2739 τὰς
1598 2694 1831 2769 προσηγορίας
1864 2695 2055 2747 δεχόμενοι.
2081 2694 2171 2733 Οὐδὲ
2191 2695 2257 2746 γὰρ
2284 2695 2417 2743 ὀνίνησί
2440 2711 2474 2734 τι

1447 2757 1663 2809 προσηγορία
1689 2756 1853 2807 ἀρετ-ἧς
1836 2771 1963 2808 ερηαος
1983 2750 2081 2803 οῧσα,
2103 2755 2234 2794 ἆθλα
2217 2762 2266 2794 οεῖ
2286 2759 2320 2794 ἐν
2343 2760 2386 2808 τῇ
2403 2772 2472 2795 κα-

1447 2818 1599 2891 τορθιῖιισε
1586 2821 1691 2863 Ξιτ-7ς
1711 2833 1771 2869 αρε
1775 2820 1837 2862 τῆς
1856 2834 1917 2860 τας
1938 2818 2114 2860 ἑλπίδαςτ
2101 2820 2155 2863 ·7,ς
2175 2818 2350 2868 σωτηρίας
2365 2817 2421 2869 ἔχε
2408 2833 2472 2863 ιν,

1448 2880 1506 2917 καὶ
1525 2895 1612 2930 μητε
1631 2878 1714 2916 ἐπι
1704 2894 1817 2930 προση
1821 2878 1920 2930 γορία
1938 2879 2028 2929 μέγα
2045 2883 2193 2930 φρονεῖν,
2213 2879 2301 2929 μνίτε
2321 2880 2377 2917 ἐπι
2396 2895 2474 2930 συγ-

1449 2940 1563 2991 γενείᾳ
1591 2943 1660 2977 τῶν
1689 2941 1794 2990 ἁγίων
1827 2941 1981 2992 ἀνδρῶν,
2009 2939 2099 2991 μήτε
2131 2941 2185 2977 ἐπ’
2218 2940 2312 2992 ἄλλῳ
2341 2940 2475 2990 μηδενὶ,

1465 3054 1617 3077 sanctum
1636 3044 1839 3076 [mundavere
1850 3072 1856 3077 .
1873 3046 2046 3088 'missisque
2055 3044 2221 3089 patribus,
2237 3046 2320 3083 avis,
2333 3051 2363 3075 el
2376 3056 2476 3087 proa—

1469 3101 1516 3129 vis
1543 3106 1661 3130 matri-t
1688 3098 1778 3128 beati
1800 3098 1932 3128 lestii
1958 3109 2075 3128 ιιιιηιιυι
2105 3097 2317 3140 imponebant
2342 3097 2474 3136 libet-Is,

1468 3163 1550 3193 quos
1564 3157 1771 3194 pepererant.
1792 3149 1961 3181 ,Vulumm
1976 3151 2061 3181 enim
2086 3149 2239 3180 vincebat
2263 3152 2476 3192 atnorpicla-

1469 3205 1528 3242 tis,
1554 3211 1584 3234 et
1601 3203 1753 3245 ‹Is-inceps
1770 3204 1828 3245 qui
1844 3202 2079 3239 nascebantur,
2101 3213 2168 3232 non
2193 3201 2344 3232 naturali
2369 3203 2476 3233 solunt

1469 3255 1692 3286 Imm-volentia
1704 3280 1710 3290 ,
1728 3255 1788 3284 sed
1802 3263 1900 3285 ellam
1917 3253 2043 3297 tgsscctn
2060 3266 2138 3295 erga
2160 3253 2256 3285 illam
2270 3254 2476 3297 appellatio-

1469 3319 1557 3346 ncm,
1572 3315 1665 3338 crant
1683 3309 1752 3337 cari
1772 3307 1977 3350 parentibus.
2001 3306 2114 3349 Ipsum
2131 3307 2217 3336 enim
2235 3318 2353 3338 nomen
2373 3314 2403 3338 et
2423 3319 2476 3338 ον-

1467 3367 1657 3391 ιιηηιινιειυη
1678 3361 1887 3401 cognationis
1900 3383 1909 3399 ‚
1927 3366 1957 3390 el
1979 3359 2100 3390 nulium
2121 3358 2258 3389 {melam
2272 3386 2279 3397 ,
2300 3361 2392 3390 etita
2415 3371 2474 3392 Το-

1467 3413 1548 3443 cati»-
1564 3411 1721 3453 sululae‘m,
1739 3419 1768 3442 cl
1784 3412 1904 3442 amoris*
1920 3411 2077 3442 solatium
2095 3422 2162 3441 esse
2179 3411 2425 3442 aristimahant.
