<?xml version="1.0" encoding="UTF-8"?>
<!DOCTYPE html PUBLIC "-//W3C//DTD XHTML 1.0 Transitional//EN"
    "http://www.w3.org/TR/xhtml1/DTD/xhtml1-transitional.dtd">
<html xmlns="http://www.w3.org/1999/xhtml" xml:lang="en" lang="en">
 <head>
  <title>
</title>
<meta http-equiv="Content-Type" content="text/html;charset=utf-8" />
  <meta name='ocr-system' content='tesseract 3.04.00' />
  <meta name='ocr-capabilities' content='ocr_page ocr_carea ocr_par ocr_line ocrx_word'/>
</head>
<body>
  <div class='ocr_page' id='page_1' title='image "./operaomniaquaeex04johnuoft_0348.png"; bbox 0 0 2516 3791; ppageno 0'>
   <div class='ocr_carea' id='block_1_1' title="bbox 314 163 405 208">
    <p class='ocr_par' dir='ltr' id='par_1_1' title="bbox 314 163 405 208">
     <span class='ocr_line' id='line_1_1' title="bbox 314 163 405 208; baseline -0.022 0"><span class='ocrx_word' id='word_1_1' title='bbox 314 163 405 208; x_wconf 74' lang='lat'>328</span> 
     </span>
    </p>
   </div>
   <div class='ocr_carea' id='block_1_2' title="bbox 305 256 1332 3170">
    <p class='ocr_par' dir='ltr' id='par_1_2' title="bbox 305 256 1309 1222">
     <span class='ocr_line' id='line_1_2' title="bbox 305 256 1260 311; baseline -0.007 -15"><span class='ocrx_word' id='word_1_2' title='bbox 305 258 505 311; x_wconf 85' lang='lat' dir='ltr'>jubareque</span> <span class='ocrx_word' id='word_1_3' title='bbox 523 257 607 296; x_wconf 90' lang='lat' dir='ltr'>solis</span> <span class='ocrx_word' id='word_1_4' title='bbox 621 257 770 310; x_wconf 75' lang='lat' dir='ltr'>justitiae</span> <span class='ocrx_word' id='word_1_5' title='bbox 792 256 1008 305; x_wconf 89' lang='lat' dir='ltr'>illustratur,</span> <span class='ocrx_word' id='word_1_6' title='bbox 1024 268 1154 306; x_wconf 86' lang='lat' dir='ltr'>perque</span> <span class='ocrx_word' id='word_1_7' title='bbox 1170 262 1260 290; x_wconf 87' lang='lat' dir='ltr'>tem-</span> 
     </span>
     <span class='ocr_line' id='line_1_3' title="bbox 308 313 1262 371; baseline -0.009 -14"><span class='ocrx_word' id='word_1_8' title='bbox 308 333 378 371; x_wconf 87' lang='lat' dir='ltr'>pus</span> <span class='ocrx_word' id='word_1_9' title='bbox 401 318 495 357; x_wconf 82' lang='lat' dir='ltr'>illud</span> <span class='ocrx_word' id='word_1_10' title='bbox 514 319 560 356; x_wconf 90' lang='lat' dir='ltr'>ab</span> <span class='ocrx_word' id='word_1_11' title='bbox 586 318 854 356; x_wconf 86' lang='lat' dir='ltr'>immundarum</span> <span class='ocrx_word' id='word_1_12' title='bbox 871 315 1127 367; x_wconf 84' lang='lat' dir='ltr'>cogitationum</span> <span class='ocrx_word' id='word_1_13' title='bbox 1142 313 1262 350; x_wconf 90' lang='lat' dir='ltr'>illece-</span> 
     </span>
     <span class='ocr_line' id='line_1_4' title="bbox 307 373 1263 429; baseline -0.009 -11"><span class='ocrx_word' id='word_1_14' title='bbox 307 380 383 419; x_wconf 83' lang='lat' dir='ltr'>bris</span> <span class='ocrx_word' id='word_1_15' title='bbox 409 380 603 429; x_wconf 86' lang='lat' dir='ltr'>liberatur,</span> <span class='ocrx_word' id='word_1_16' title='bbox 631 379 744 416; x_wconf 90' lang='lat' dir='ltr'>multa</span> <span class='ocrx_word' id='word_1_17' title='bbox 777 378 894 427; x_wconf 87' lang='lat' dir='ltr'>quiete</span> <span class='ocrx_word' id='word_1_18' title='bbox 927 389 968 412; x_wconf 86' lang='lat' dir='ltr'>ac</span> <span class='ocrx_word' id='word_1_19' title='bbox 1002 373 1263 424; x_wconf 82' lang='lat' dir='ltr'><strong>tranquillitate</strong></span> 
     </span>
     <span class='ocr_line' id='line_1_5' title="bbox 309 434 1262 491; baseline -0.007 -13"><span class='ocrx_word' id='word_1_20' title='bbox 309 442 441 480; x_wconf 86' lang='lat' dir='ltr'>fruens.</span> <span class='ocrx_word' id='word_1_21' title='bbox 460 442 608 491; x_wconf 86' lang='lat' dir='ltr'><strong>Insuper</strong></span> <span class='ocrx_word' id='word_1_22' title='bbox 623 437 714 488; x_wconf 87' lang='lat' dir='ltr'>quod</span> <span class='ocrx_word' id='word_1_23' title='bbox 733 436 778 474; x_wconf 86' lang='lat' dir='ltr'>ad</span> <span class='ocrx_word' id='word_1_24' title='bbox 793 435 974 487; x_wconf 87' lang='lat' dir='ltr'>augendas</span> <span class='ocrx_word' id='word_1_25' title='bbox 990 435 1086 474; x_wconf 81' lang='lat' dir='ltr'>vires</span> <span class='ocrx_word' id='word_1_26' title='bbox 1101 434 1262 486; x_wconf 86' lang='lat' dir='ltr'>corporis</span> 
     </span>
     <span class='ocr_line' id='line_1_6' title="bbox 309 495 1260 547; baseline -0.007 -8"><span class='ocrx_word' id='word_1_27' title='bbox 309 500 490 539; x_wconf 85' lang='lat' dir='ltr'>sensibilis</span> <span class='ocrx_word' id='word_1_28' title='bbox 509 500 569 536; x_wconf 84' lang='lat' dir='ltr'>ille</span> <span class='ocrx_word' id='word_1_29' title='bbox 587 499 687 536; x_wconf 87' lang='lat' dir='ltr'>cibus</span> <span class='ocrx_word' id='word_1_30' title='bbox 708 497 806 544; x_wconf 87' lang='lat' dir='ltr'>facit,</span> <span class='ocrx_word' id='word_1_31' title='bbox 828 496 866 534; x_wconf 86' lang='lat' dir='ltr'>id</span> <span class='ocrx_word' id='word_1_32' title='bbox 891 496 1018 534; x_wconf 85' lang='lat' dir='ltr'>animae</span> <span class='ocrx_word' id='word_1_33' title='bbox 1038 495 1143 533; x_wconf 89' lang='lat' dir='ltr'>lectio</span> <span class='ocrx_word' id='word_1_34' title='bbox 1167 509 1260 547; x_wconf 87' lang='lat' dir='ltr'>prae-</span> 
     </span>
     <span class='ocr_line' id='line_1_7' title="bbox 309 557 1262 612; baseline -0.005 -13"><span class='ocrx_word' id='word_1_35' title='bbox 309 571 388 599; x_wconf 85' lang='lat' dir='ltr'>stat.</span> <span class='ocrx_word' id='word_1_36' title='bbox 404 559 600 612; x_wconf 86' lang='lat' dir='ltr'>Spirituale</span> <span class='ocrx_word' id='word_1_37' title='bbox 626 559 721 596; x_wconf 87' lang='lat' dir='ltr'>enim</span> <span class='ocrx_word' id='word_1_38' title='bbox 750 558 959 596; x_wconf 83' lang='lat' dir='ltr'>alimentum</span> <span class='ocrx_word' id='word_1_39' title='bbox 986 566 1051 607; x_wconf 90' lang='lat' dir='ltr'>est,</span> <span class='ocrx_word' id='word_1_40' title='bbox 1078 566 1112 595; x_wconf 87' lang='lat' dir='ltr'>et</span> <span class='ocrx_word' id='word_1_41' title='bbox 1134 557 1262 595; x_wconf 84' lang='lat' dir='ltr'>fortem</span> 
     </span>
     <span class='ocr_line' id='line_1_8' title="bbox 309 617 1263 670; baseline -0.004 -11"><span class='ocrx_word' id='word_1_42' title='bbox 309 621 427 659; x_wconf 84' lang='lat' dir='ltr'>reddit</span> <span class='ocrx_word' id='word_1_43' title='bbox 444 620 614 667; x_wconf 88' lang='lat' dir='ltr'>animam,</span> <span class='ocrx_word' id='word_1_44' title='bbox 635 628 668 657; x_wconf 88' lang='lat' dir='ltr'>et</span> <span class='ocrx_word' id='word_1_45' title='bbox 687 619 974 669; x_wconf 80' lang='lat' dir='ltr'>constantiorem,</span> <span class='ocrx_word' id='word_1_46' title='bbox 994 627 1027 657; x_wconf 88' lang='lat' dir='ltr'>et</span> <span class='ocrx_word' id='word_1_47' title='bbox 1046 618 1160 670; x_wconf 87' lang='lat' dir='ltr'>magis</span> <span class='ocrx_word' id='word_1_48' title='bbox 1177 617 1263 670; x_wconf 84' lang='lat' dir='ltr'>phi-</span> 
     </span>
     <span class='ocr_line' id='line_1_9' title="bbox 308 679 1262 734; baseline -0.003 -15"><span class='ocrx_word' id='word_1_49' title='bbox 308 681 544 734; x_wconf 87' lang='lat' dir='ltr'>losophicam,</span> <span class='ocrx_word' id='word_1_50' title='bbox 564 695 634 718; x_wconf 92' lang='lat' dir='ltr'>non</span> <span class='ocrx_word' id='word_1_51' title='bbox 657 681 864 733; x_wconf 88' lang='lat' dir='ltr'>permittens</span> <span class='ocrx_word' id='word_1_52' title='bbox 887 689 926 718; x_wconf 90' lang='lat' dir='ltr'>ut</span> <span class='ocrx_word' id='word_1_53' title='bbox 944 680 990 718; x_wconf 91' lang='lat' dir='ltr'>ab</span> <span class='ocrx_word' id='word_1_54' title='bbox 1014 679 1262 718; x_wconf 81' lang='lat' dir='ltr'>affectionibus</span> 
     </span>
     <span class='ocr_line' id='line_1_10' title="bbox 307 740 1261 795; baseline -0.004 -14"><span class='ocrx_word' id='word_1_55' title='bbox 307 743 474 782; x_wconf 80' lang='lat' dir='ltr'>absurdis</span> <span class='ocrx_word' id='word_1_56' title='bbox 493 742 656 795; x_wconf 78' lang='lat' dir='ltr'>capiatur</span> <span class='ocrx_word' id='word_1_57' title='bbox 674 758 682 778; x_wconf 77' lang='grc' dir='ltr'><em>τ</em></span> <span class='ocrx_word' id='word_1_58' title='bbox 703 742 767 780; x_wconf 88' lang='lat' dir='ltr'>sed</span> <span class='ocrx_word' id='word_1_59' title='bbox 786 743 901 781; x_wconf 85' lang='lat' dir='ltr'>levem</span> <span class='ocrx_word' id='word_1_60' title='bbox 921 751 954 780; x_wconf 89' lang='lat' dir='ltr'>et</span> <span class='ocrx_word' id='word_1_61' title='bbox 968 742 1099 780; x_wconf 86' lang='lat' dir='ltr'>alatam</span> <span class='ocrx_word' id='word_1_62' title='bbox 1115 740 1261 790; x_wconf 80' lang='lat' dir='ltr'>faciens,</span> 
     </span>
     <span class='ocr_line' id='line_1_11' title="bbox 307 803 1261 857; baseline -0.003 -14"><span class='ocrx_word' id='word_1_63' title='bbox 307 806 344 844; x_wconf 93' lang='lat' dir='ltr'>in</span> <span class='ocrx_word' id='word_1_64' title='bbox 371 807 497 844; x_wconf 84' lang='lat' dir='ltr'>caelum</span> <span class='ocrx_word' id='word_1_65' title='bbox 522 805 641 857; x_wconf 88' lang='lat' dir='ltr'>ipsum</span> <span class='ocrx_word' id='word_1_66' title='bbox 669 803 928 857; x_wconf 87' lang='lat' dir='ltr'>propemodum</span> <span class='ocrx_word' id='word_1_67' title='bbox 954 804 1131 842; x_wconf 82' lang='lat' dir='ltr'>transfert.</span> <span class='ocrx_word' id='word_1_68' title='bbox 1161 804 1261 841; x_wconf 72' lang='lat' dir='ltr'>Tan-</span> 
     </span>
     <span class='ocr_line' id='line_1_12' title="bbox 308 863 1263 918; baseline -0.004 -13"><span class='ocrx_word' id='word_1_69' title='bbox 308 877 385 905; x_wconf 90' lang='lat' dir='ltr'>tum</span> <span class='ocrx_word' id='word_1_70' title='bbox 416 867 528 918; x_wconf 85' lang='lat' dir='ltr'>igitur</span> <span class='ocrx_word' id='word_1_71' title='bbox 557 866 712 913; x_wconf 85' lang='lat' dir='ltr'>lucrum,</span> <span class='ocrx_word' id='word_1_72' title='bbox 738 879 820 915; x_wconf 86' lang='lat' dir='ltr'>oro,</span> <span class='ocrx_word' id='word_1_73' title='bbox 847 879 889 903; x_wconf 92' lang='lat' dir='ltr'>ne</span> <span class='ocrx_word' id='word_1_74' title='bbox 921 879 983 917; x_wconf 88' lang='lat' dir='ltr'>per</span> <span class='ocrx_word' id='word_1_75' title='bbox 1010 863 1263 915; x_wconf 81' lang='lat' dir='ltr'>negligentiam</span> 
     </span>
     <span class='ocr_line' id='line_1_13' title="bbox 307 924 1264 976; baseline -0.005 -10"><span class='ocrx_word' id='word_1_76' title='bbox 307 928 524 976; x_wconf 83' lang='lat' dir='ltr'>amittamus,</span> <span class='ocrx_word' id='word_1_77' title='bbox 544 926 607 965; x_wconf 89' lang='lat' dir='ltr'>sed</span> <span class='ocrx_word' id='word_1_78' title='bbox 625 926 735 964; x_wconf 85' lang='lat' dir='ltr'>etiam</span> <span class='ocrx_word' id='word_1_79' title='bbox 752 925 851 963; x_wconf 92' lang='lat' dir='ltr'>domi</span> <span class='ocrx_word' id='word_1_80' title='bbox 873 939 1038 964; x_wconf 86' lang='lat' dir='ltr'>vacemus</span> <span class='ocrx_word' id='word_1_81' title='bbox 1057 924 1264 963; x_wconf 88' lang='lat' dir='ltr'>divinarum</span> 
     </span>
     <span class='ocr_line' id='line_1_14' title="bbox 308 984 1265 1040; baseline -0.005 -14"><span class='ocrx_word' id='word_1_82' title='bbox 308 989 573 1040; x_wconf 69' lang='lat' dir='ltr'>scripturarum</span> <span class='ocrx_word' id='word_1_83' title='bbox 598 986 754 1035; x_wconf 86' lang='lat' dir='ltr'>lectioni,</span> <span class='ocrx_word' id='word_1_84' title='bbox 774 995 808 1024; x_wconf 89' lang='lat' dir='ltr'>et</span> <span class='ocrx_word' id='word_1_85' title='bbox 832 986 892 1024; x_wconf 88' lang='lat' dir='ltr'>hic</span> <span class='ocrx_word' id='word_1_86' title='bbox 914 993 1104 1038; x_wconf 87' lang='lat' dir='ltr'>praesentes</span> <span class='ocrx_word' id='word_1_87' title='bbox 1129 998 1200 1022; x_wconf 93' lang='lat' dir='ltr'>non</span> <span class='ocrx_word' id='word_1_88' title='bbox 1227 984 1265 1021; x_wconf 87' lang='lat' dir='ltr'>in</span> 
     </span>
     <span class='ocr_line' id='line_1_15' title="bbox 308 1045 1263 1101; baseline -0.005 -14"><span class='ocrx_word' id='word_1_89' title='bbox 308 1049 413 1101; x_wconf 88' lang='lat' dir='ltr'>nugis</span> <span class='ocrx_word' id='word_1_90' title='bbox 438 1058 472 1087; x_wconf 89' lang='lat' dir='ltr'>et</span> <span class='ocrx_word' id='word_1_91' title='bbox 499 1048 690 1086; x_wconf 81' lang='lat' dir='ltr'>inutilibus</span> <span class='ocrx_word' id='word_1_92' title='bbox 721 1046 907 1097; x_wconf 86' lang='lat' dir='ltr'>colloquiis</span> <span class='ocrx_word' id='word_1_93' title='bbox 936 1055 1076 1098; x_wconf 90' lang='lat' dir='ltr'>tempus</span> <span class='ocrx_word' id='word_1_94' title='bbox 1106 1045 1263 1083; x_wconf 83' lang='lat' dir='ltr'>insuma-</span> 
     </span>
     <span class='ocr_line' id='line_1_16' title="bbox 308 1106 1309 1162; baseline -0.002 -15"><span class='ocrx_word' id='word_1_95' title='bbox 308 1124 388 1148; x_wconf 86' lang='lat' dir='ltr'>mus</span> <span class='ocrx_word' id='word_1_96' title='bbox 406 1126 414 1146; x_wconf 88' lang='lat'><strong>:</strong></span> <span class='ocrx_word' id='word_1_97' title='bbox 431 1110 492 1148; x_wconf 82' lang='lat' dir='ltr'>sed.</span> <span class='ocrx_word' id='word_1_98' title='bbox 504 1119 650 1162; x_wconf 87' lang='lat' dir='ltr'>propter</span> <span class='ocrx_word' id='word_1_99' title='bbox 667 1107 764 1159; x_wconf 90' lang='lat' dir='ltr'>quod</span> <span class='ocrx_word' id='word_1_100' title='bbox 783 1106 1026 1157; x_wconf 81' lang='lat' dir='ltr'>convenimus,</span> <span class='ocrx_word' id='word_1_101' title='bbox 1039 1106 1266 1145; x_wconf 87' lang='lat' dir='ltr'>attendamus</span> <span class='ocrx_word' id='word_1_102' title='bbox 1285 1113 1309 1145; x_wconf 92' lang='lat' dir='ltr'>C</span> 
     </span>
     <span class='ocr_line' id='line_1_17' title="bbox 308 1167 1265 1222; baseline -0.004 -14"><span class='ocrx_word' id='word_1_103' title='bbox 308 1185 389 1221; x_wconf 79' lang='lat' dir='ltr'>quae</span> <span class='ocrx_word' id='word_1_104' title='bbox 414 1171 591 1222; x_wconf 86' lang='lat' dir='ltr'>legantur,</span> <span class='ocrx_word' id='word_1_105' title='bbox 614 1179 654 1207; x_wconf 89' lang='lat' dir='ltr'>ut</span> <span class='ocrx_word' id='word_1_106' title='bbox 686 1168 812 1220; x_wconf 88' lang='lat' dir='ltr'>majori</span> <span class='ocrx_word' id='word_1_107' title='bbox 839 1167 922 1206; x_wconf 91' lang='lat' dir='ltr'>inde</span> <span class='ocrx_word' id='word_1_108' title='bbox 953 1168 1071 1205; x_wconf 83' lang='lat' dir='ltr'>fructu</span> <span class='ocrx_word' id='word_1_109' title='bbox 1102 1176 1265 1220; x_wconf 86' lang='lat' dir='ltr'>percepto</span> 
     </span>
    </p>

    <p class='ocr_par' dir='ltr' id='par_1_3' title="bbox 308 1228 1266 1280">
     <span class='ocr_line' id='line_1_18' title="bbox 308 1228 1266 1280; baseline -0.003 -11"><span class='ocrx_word' id='word_1_110' title='bbox 308 1231 489 1269; x_wconf 83' lang='lat' dir='ltr'>discedere</span> <span class='ocrx_word' id='word_1_111' title='bbox 512 1231 628 1268; x_wconf 86' lang='lat' dir='ltr'>liceat.</span> <span class='ocrx_word' id='word_1_112' title='bbox 649 1228 756 1276; x_wconf 87' lang='lat' dir='ltr'>Quod</span> <span class='ocrx_word' id='word_1_113' title='bbox 783 1229 812 1267; x_wconf 93' lang='lat' dir='ltr'>si</span> <span class='ocrx_word' id='word_1_114' title='bbox 834 1229 906 1266; x_wconf 88' lang='lat' dir='ltr'>huc</span> <span class='ocrx_word' id='word_1_115' title='bbox 933 1228 1104 1280; x_wconf 83' lang='lat' dir='ltr'>ingressi,</span> <span class='ocrx_word' id='word_1_116' title='bbox 1137 1228 1185 1266; x_wconf 90' lang='lat' dir='ltr'>ad</span> <span class='ocrx_word' id='word_1_117' title='bbox 1211 1228 1266 1266; x_wconf 90' lang='lat' dir='ltr'>in-</span> 
     </span>
    </p>

    <p class='ocr_par' dir='ltr' id='par_1_4' title="bbox 308 1289 1266 1344">
     <span class='ocr_line' id='line_1_19' title="bbox 308 1289 1266 1344; baseline -0.003 -14"><span class='ocrx_word' id='word_1_118' title='bbox 308 1292 537 1344; x_wconf 78' lang='lat' dir='ltr'>tempestivas</span> <span class='ocrx_word' id='word_1_119' title='bbox 557 1301 590 1330; x_wconf 87' lang='lat' dir='ltr'>et</span> <span class='ocrx_word' id='word_1_120' title='bbox 612 1291 756 1329; x_wconf 87' lang='lat' dir='ltr'>inutiles</span> <span class='ocrx_word' id='word_1_121' title='bbox 776 1289 1079 1329; x_wconf 84' lang='lat' dir='ltr'>confabulationes</span> <span class='ocrx_word' id='word_1_122' title='bbox 1097 1304 1161 1329; x_wconf 87' lang='lat' dir='ltr'>vos</span> <span class='ocrx_word' id='word_1_123' title='bbox 1183 1304 1266 1328; x_wconf 89' lang='lat' dir='ltr'>con-</span> 
     </span>
    </p>

    <p class='ocr_par' dir='ltr' id='par_1_5' title="bbox 307 1349 1266 1404">
     <span class='ocr_line' id='line_1_20' title="bbox 307 1349 1266 1404; baseline -0.004 -13"><span class='ocrx_word' id='word_1_124' title='bbox 307 1353 420 1400; x_wconf 88' lang='lat' dir='ltr'>sertis,</span> <span class='ocrx_word' id='word_1_125' title='bbox 435 1361 468 1392; x_wconf 85' lang='lat' dir='ltr'>et</span> <span class='ocrx_word' id='word_1_126' title='bbox 488 1353 621 1404; x_wconf 84' lang='lat' dir='ltr'>absque</span> <span class='ocrx_word' id='word_1_127' title='bbox 643 1351 810 1403; x_wconf 87' lang='lat' dir='ltr'>ampliori</span> <span class='ocrx_word' id='word_1_128' title='bbox 826 1351 944 1388; x_wconf 82' lang='lat' dir='ltr'>fructu</span> <span class='ocrx_word' id='word_1_129' title='bbox 957 1349 1042 1388; x_wconf 89' lang='lat' dir='ltr'>hinc</span> <span class='ocrx_word' id='word_1_130' title='bbox 1060 1350 1266 1401; x_wconf 84' lang='lat' dir='ltr'>abitis,quae</span> 
     </span>
    </p>

    <p class='ocr_par' dir='ltr' id='par_1_6' title="bbox 308 1411 1267 1462">
     <span class='ocr_line' id='line_1_21' title="bbox 308 1411 1267 1462; baseline -0.001 -11"><span class='ocrx_word' id='word_1_131' title='bbox 308 1414 468 1451; x_wconf 76' lang='lat' dir='ltr'>utilitas?</span> <span class='ocrx_word' id='word_1_132' title='bbox 488 1416 614 1451; x_wconf 90' lang='lat' dir='ltr'>Annon</span> <span class='ocrx_word' id='word_1_133' title='bbox 635 1412 728 1450; x_wconf 91' lang='lat' dir='ltr'>enim</span> <span class='ocrx_word' id='word_1_134' title='bbox 753 1411 951 1450; x_wconf 81' lang='lat' dir='ltr'>absurdum</span> <span class='ocrx_word' id='word_1_135' title='bbox 974 1420 1039 1459; x_wconf 89' lang='lat' dir='ltr'>est,</span> <span class='ocrx_word' id='word_1_136' title='bbox 1056 1425 1114 1449; x_wconf 89' lang='lat' dir='ltr'>eos</span> <span class='ocrx_word' id='word_1_137' title='bbox 1135 1411 1197 1462; x_wconf 86' lang='lat' dir='ltr'>qui</span> <span class='ocrx_word' id='word_1_138' title='bbox 1221 1411 1267 1450; x_wconf 85' lang='lat' dir='ltr'>ad</span> 
     </span>
    </p>

    <p class='ocr_par' dir='ltr' id='par_1_7' title="bbox 309 1472 1267 1521">
     <span class='ocr_line' id='line_1_22' title="bbox 309 1472 1267 1521; baseline -0.003 -9"><span class='ocrx_word' id='word_1_139' title='bbox 309 1474 494 1512; x_wconf 73' lang='lat' dir='ltr'>saeculares</span> <span class='ocrx_word' id='word_1_140' title='bbox 509 1473 686 1511; x_wconf 79' lang='lat' dir='ltr'>nundinas</span> <span class='ocrx_word' id='word_1_141' title='bbox 702 1472 863 1521; x_wconf 76' lang='lat' dir='ltr'>veniunt,</span> <span class='ocrx_word' id='word_1_142' title='bbox 875 1472 1046 1510; x_wconf 89' lang='lat' dir='ltr'>sollicitos</span> <span class='ocrx_word' id='word_1_143' title='bbox 1062 1486 1135 1510; x_wconf 90' lang='lat' dir='ltr'>esse</span> <span class='ocrx_word' id='word_1_144' title='bbox 1149 1481 1189 1510; x_wconf 89' lang='lat' dir='ltr'>ut</span> <span class='ocrx_word' id='word_1_145' title='bbox 1204 1487 1267 1510; x_wconf 86' lang='lat' dir='ltr'>an-</span> 
     </span>
    </p>

    <p class='ocr_par' dir='ltr' id='par_1_8' title="bbox 309 1533 1268 1586">
     <span class='ocr_line' id='line_1_23' title="bbox 309 1533 1268 1586; baseline -0.001 -14"><span class='ocrx_word' id='word_1_146' title='bbox 309 1544 452 1586; x_wconf 80' lang='lat' dir='ltr'>tequam</span> <span class='ocrx_word' id='word_1_147' title='bbox 474 1534 632 1583; x_wconf 85' lang='lat' dir='ltr'>redcant,</span> <span class='ocrx_word' id='word_1_148' title='bbox 647 1533 766 1572; x_wconf 87' lang='lat' dir='ltr'>omnia</span> <span class='ocrx_word' id='word_1_149' title='bbox 785 1547 862 1584; x_wconf 82' lang='lat' dir='ltr'>quae</span> <span class='ocrx_word' id='word_1_150' title='bbox 882 1547 926 1571; x_wconf 85' lang='lat' dir='ltr'>ex</span> <span class='ocrx_word' id='word_1_151' title='bbox 942 1533 1112 1571; x_wconf 89' lang='lat' dir='ltr'>nundinis</span> <span class='ocrx_word' id='word_1_152' title='bbox 1131 1542 1268 1586; x_wconf 81' lang='lat' dir='ltr'>oportet</span> 
     </span>
    </p>

    <p class='ocr_par' dir='ltr' id='par_1_9' title="bbox 309 1593 1266 1649">
     <span class='ocr_line' id='line_1_24' title="bbox 309 1593 1266 1649; baseline -0.002 -15"><span class='ocrx_word' id='word_1_153' title='bbox 309 1597 464 1649; x_wconf 83' lang='lat' dir='ltr'>capiant,</span> <span class='ocrx_word' id='word_1_154' title='bbox 478 1596 560 1634; x_wconf 87' lang='lat' dir='ltr'>licet</span> <span class='ocrx_word' id='word_1_155' title='bbox 579 1595 737 1648; x_wconf 60' lang='lat' dir='ltr'>pecuniae</span> <span class='ocrx_word' id='word_1_156' title='bbox 756 1593 1000 1647; x_wconf 70' lang='lat' dir='ltr'>impendenda:</span> <span class='ocrx_word' id='word_1_157' title='bbox 1017 1595 1087 1632; x_wconf 85' lang='lat' dir='ltr'>sint</span> <span class='ocrx_word' id='word_1_158' title='bbox 1101 1611 1108 1631; x_wconf 90' lang='lat'><strong>:</strong></span> <span class='ocrx_word' id='word_1_159' title='bbox 1129 1609 1187 1633; x_wconf 88' lang='lat' dir='ltr'>eos</span> <span class='ocrx_word' id='word_1_160' title='bbox 1203 1610 1266 1633; x_wconf 79' lang='lat' dir='ltr'>au-</span> 
     </span>
    </p>

    <p class='ocr_par' dir='ltr' id='par_1_10' title="bbox 310 1655 1267 1709">
     <span class='ocr_line' id='line_1_25' title="bbox 310 1655 1267 1709; baseline -0.002 -12"><span class='ocrx_word' id='word_1_161' title='bbox 310 1668 380 1697; x_wconf 90' lang='lat' dir='ltr'>tem</span> <span class='ocrx_word' id='word_1_162' title='bbox 412 1659 475 1709; x_wconf 86' lang='lat' dir='ltr'>qui</span> <span class='ocrx_word' id='word_1_163' title='bbox 502 1658 574 1695; x_wconf 89' lang='lat' dir='ltr'>huc</span> <span class='ocrx_word' id='word_1_164' title='bbox 603 1657 650 1695; x_wconf 86' lang='lat' dir='ltr'>ad</span> <span class='ocrx_word' id='word_1_165' title='bbox 677 1657 882 1708; x_wconf 88' lang='lat' dir='ltr'>spirituales</span> <span class='ocrx_word' id='word_1_166' title='bbox 907 1656 971 1695; x_wconf 86' lang='lat' dir='ltr'>has</span> <span class='ocrx_word' id='word_1_167' title='bbox 998 1655 1175 1694; x_wconf 82' lang='lat' dir='ltr'>nundinas</span> <span class='ocrx_word' id='word_1_168' title='bbox 1204 1671 1267 1695; x_wconf 89' lang='lat' dir='ltr'>ve-</span> 
     </span>
    </p>

    <p class='ocr_par' dir='ltr' id='par_1_11' title="bbox 310 1716 1268 1770">
     <span class='ocr_line' id='line_1_26' title="bbox 310 1716 1268 1770; baseline -0.001 -14"><span class='ocrx_word' id='word_1_169' title='bbox 310 1719 426 1767; x_wconf 83' lang='lat' dir='ltr'>niunt,</span> <span class='ocrx_word' id='word_1_170' title='bbox 445 1733 514 1757; x_wconf 93' lang='lat' dir='ltr'>non</span> <span class='ocrx_word' id='word_1_171' title='bbox 528 1732 631 1756; x_wconf 91' lang='lat' dir='ltr'>omne</span> <span class='ocrx_word' id='word_1_172' title='bbox 651 1717 812 1755; x_wconf 87' lang='lat' dir='ltr'>studium</span> <span class='ocrx_word' id='word_1_173' title='bbox 827 1716 1043 1769; x_wconf 87' lang='lat' dir='ltr'>impendere,</span> <span class='ocrx_word' id='word_1_174' title='bbox 1059 1726 1098 1755; x_wconf 84' lang='lat' dir='ltr'>ut</span> <span class='ocrx_word' id='word_1_175' title='bbox 1114 1717 1268 1770; x_wconf 85' lang='lat' dir='ltr'>acceptis</span> 
     </span>
    </p>

    <p class='ocr_par' dir='ltr' id='par_1_12' title="bbox 310 1777 1267 1830">
     <span class='ocr_line' id='line_1_27' title="bbox 310 1777 1267 1830; baseline 0 -14"><span class='ocrx_word' id='word_1_176' title='bbox 310 1780 478 1828; x_wconf 85' lang='lat' dir='ltr'>utilibus,</span> <span class='ocrx_word' id='word_1_177' title='bbox 489 1788 522 1816; x_wconf 78' lang='lat' dir='ltr'>et</span> <span class='ocrx_word' id='word_1_178' title='bbox 536 1779 572 1816; x_wconf 91' lang='lat' dir='ltr'>in</span> <span class='ocrx_word' id='word_1_179' title='bbox 586 1778 705 1817; x_wconf 88' lang='lat' dir='ltr'>anima</span> <span class='ocrx_word' id='word_1_180' title='bbox 717 1777 1096 1830; x_wconf 86' lang='lat' dir='ltr'>depositis‚recedant;</span> <span class='ocrx_word' id='word_1_181' title='bbox 1110 1778 1267 1816; x_wconf 79' lang='lat' dir='ltr'>maxime</span> 
     </span>
    </p>

    <p class='ocr_par' dir='ltr' id='par_1_13' title="bbox 311 1838 1332 3170">
     <span class='ocr_line' id='line_1_28' title="bbox 311 1838 1312 1892; baseline -0.002 -13"><span class='ocrx_word' id='word_1_182' title='bbox 311 1855 393 1879; x_wconf 81' lang='lat' dir='ltr'>cum</span> <span class='ocrx_word' id='word_1_183' title='bbox 415 1841 515 1879; x_wconf 89' lang='lat' dir='ltr'>nullo</span> <span class='ocrx_word' id='word_1_184' title='bbox 541 1839 772 1892; x_wconf 87' lang='lat' dir='ltr'>pecuniarum</span> <span class='ocrx_word' id='word_1_185' title='bbox 796 1848 915 1877; x_wconf 89' lang='lat' dir='ltr'>sumtu</span> <span class='ocrx_word' id='word_1_186' title='bbox 933 1838 994 1876; x_wconf 85' lang='lat' dir='ltr'>hic</span> <span class='ocrx_word' id='word_1_187' title='bbox 1018 1853 1107 1891; x_wconf 86' lang='lat' dir='ltr'>opus</span> <span class='ocrx_word' id='word_1_188' title='bbox 1124 1839 1184 1890; x_wconf 90' lang='lat' dir='ltr'>sit,</span> <span class='ocrx_word' id='word_1_189' title='bbox 1207 1839 1268 1877; x_wconf 84' lang='lat' dir='ltr'>sed</span> <span class='ocrx_word' id='word_1_190' title='bbox 1288 1851 1312 1880; x_wconf 87' lang='lat' dir='ltr'>D</span> 
     </span>
     <span class='ocr_line' id='line_1_29' title="bbox 312 1899 1268 1951; baseline -0.001 -11"><span class='ocrx_word' id='word_1_191' title='bbox 312 1902 491 1940; x_wconf 82' lang='lat' dir='ltr'>alacritate</span> <span class='ocrx_word' id='word_1_192' title='bbox 506 1901 580 1939; x_wconf 90' lang='lat' dir='ltr'>sola</span> <span class='ocrx_word' id='word_1_193' title='bbox 594 1909 628 1939; x_wconf 89' lang='lat' dir='ltr'>et</span> <span class='ocrx_word' id='word_1_194' title='bbox 645 1910 776 1938; x_wconf 81' lang='lat' dir='ltr'>attenta</span> <span class='ocrx_word' id='word_1_195' title='bbox 790 1900 930 1937; x_wconf 77' lang='lat' dir='ltr'>mente?</span> <span class='ocrx_word' id='word_1_196' title='bbox 951 1901 1002 1938; x_wconf 91' lang='lat' dir='ltr'>Ut</span> <span class='ocrx_word' id='word_1_197' title='bbox 1018 1899 1130 1951; x_wconf 77' lang='lat' dir='ltr'>igitur</span> <span class='ocrx_word' id='word_1_198' title='bbox 1147 1915 1191 1938; x_wconf 90' lang='lat' dir='ltr'>ne</span> <span class='ocrx_word' id='word_1_199' title='bbox 1205 1900 1268 1939; x_wconf 89' lang='lat' dir='ltr'>de-</span> 
     </span>
     <span class='ocr_line' id='line_1_30' title="bbox 312 1960 1268 2012; baseline -0.002 -11"><span class='ocrx_word' id='word_1_200' title='bbox 312 1963 456 2001; x_wconf 88' lang='lat' dir='ltr'>teriores</span> <span class='ocrx_word' id='word_1_201' title='bbox 475 1963 586 2001; x_wconf 89' lang='lat' dir='ltr'>simus</span> <span class='ocrx_word' id='word_1_202' title='bbox 607 1962 653 2000; x_wconf 88' lang='lat' dir='ltr'>iis</span> <span class='ocrx_word' id='word_1_203' title='bbox 670 1961 732 2012; x_wconf 90' lang='lat' dir='ltr'>qui</span> <span class='ocrx_word' id='word_1_204' title='bbox 749 1960 795 1999; x_wconf 87' lang='lat' dir='ltr'>ad</span> <span class='ocrx_word' id='word_1_205' title='bbox 814 1960 999 1999; x_wconf 60' lang='lat' dir='ltr'>saeculares</span> <span class='ocrx_word' id='word_1_206' title='bbox 1014 1971 1190 2000; x_wconf 76' lang='lat' dir='ltr'>mercatus</span> <span class='ocrx_word' id='word_1_207' title='bbox 1208 1975 1268 1999; x_wconf 82' lang='lat' dir='ltr'>va-</span> 
     </span>
     <span class='ocr_line' id='line_1_31' title="bbox 313 2022 1268 2077; baseline -0.001 -15"><span class='ocrx_word' id='word_1_208' title='bbox 313 2025 415 2073; x_wconf 86' lang='lat' dir='ltr'>dunt,</span> <span class='ocrx_word' id='word_1_209' title='bbox 435 2039 579 2077; x_wconf 88' lang='lat' dir='ltr'>operam</span> <span class='ocrx_word' id='word_1_210' title='bbox 603 2024 742 2071; x_wconf 84' lang='lat' dir='ltr'>demus,</span> <span class='ocrx_word' id='word_1_211' title='bbox 762 2032 801 2060; x_wconf 87' lang='lat' dir='ltr'>ut</span> <span class='ocrx_word' id='word_1_212' title='bbox 819 2037 989 2075; x_wconf 84' lang='lat' dir='ltr'>perquam</span> <span class='ocrx_word' id='word_1_213' title='bbox 1008 2022 1199 2073; x_wconf 80' lang='lat' dir='ltr'>vigilantes</span> <span class='ocrx_word' id='word_1_214' title='bbox 1217 2023 1268 2061; x_wconf 86' lang='lat' dir='ltr'>si-</span> 
     </span>
     <span class='ocr_line' id='line_1_32' title="bbox 315 2083 1268 2135; baseline -0.002 -11"><span class='ocrx_word' id='word_1_215' title='bbox 315 2102 406 2135; x_wconf 87' lang='lat' dir='ltr'>mus,</span> <span class='ocrx_word' id='word_1_216' title='bbox 423 2100 466 2124; x_wconf 90' lang='lat' dir='ltr'>ne</span> <span class='ocrx_word' id='word_1_217' title='bbox 482 2086 597 2124; x_wconf 81' lang='lat' dir='ltr'>desint</span> <span class='ocrx_word' id='word_1_218' title='bbox 609 2085 693 2122; x_wconf 88' lang='lat' dir='ltr'>hinc</span> <span class='ocrx_word' id='word_1_219' title='bbox 711 2083 919 2135; x_wconf 83' lang='lat' dir='ltr'>migraturis</span> <span class='ocrx_word' id='word_1_220' title='bbox 937 2083 1081 2133; x_wconf 81' lang='lat' dir='ltr'>viatica,</span> <span class='ocrx_word' id='word_1_221' title='bbox 1099 2098 1178 2134; x_wconf 80' lang='lat' dir='ltr'>quae</span> <span class='ocrx_word' id='word_1_222' title='bbox 1198 2098 1268 2122; x_wconf 91' lang='lat' dir='ltr'>non</span> 
     </span>
     <span class='ocr_line' id='line_1_33' title="bbox 316 2143 1270 2196; baseline -0.006 -9"><span class='ocrx_word' id='word_1_223' title='bbox 316 2148 433 2187; x_wconf 91' lang='lat' dir='ltr'>solum</span> <span class='ocrx_word' id='word_1_224' title='bbox 454 2147 556 2185; x_wconf 90' lang='lat' dir='ltr'>nobis</span> <span class='ocrx_word' id='word_1_225' title='bbox 582 2145 776 2194; x_wconf 85' lang='lat' dir='ltr'>sufficiant,</span> <span class='ocrx_word' id='word_1_226' title='bbox 793 2143 857 2182; x_wconf 91' lang='lat' dir='ltr'>sed</span> <span class='ocrx_word' id='word_1_227' title='bbox 881 2153 914 2181; x_wconf 86' lang='lat' dir='ltr'>et</span> <span class='ocrx_word' id='word_1_228' title='bbox 942 2158 1021 2194; x_wconf 85' lang='lat' dir='ltr'>quae</span> <span class='ocrx_word' id='word_1_229' title='bbox 1042 2144 1270 2196; x_wconf 76' lang='lat' dir='ltr'>suppeditare</span> 
     </span>
     <span class='ocr_line' id='line_1_34' title="bbox 316 2203 1270 2262; baseline -0.006 -15"><span class='ocrx_word' id='word_1_230' title='bbox 316 2209 494 2262; x_wconf 84' lang='lat' dir='ltr'>possimus</span> <span class='ocrx_word' id='word_1_231' title='bbox 517 2217 552 2245; x_wconf 92' lang='lat' dir='ltr'>ct</span> <span class='ocrx_word' id='word_1_232' title='bbox 570 2206 665 2255; x_wconf 88' lang='lat' dir='ltr'>aliis,</span> <span class='ocrx_word' id='word_1_233' title='bbox 686 2214 720 2243; x_wconf 88' lang='lat' dir='ltr'>et</span> <span class='ocrx_word' id='word_1_234' title='bbox 747 2218 896 2242; x_wconf 74' lang='lat' dir='ltr'>uxorem</span> <span class='ocrx_word' id='word_1_235' title='bbox 921 2203 1147 2255; x_wconf 84' lang='lat' dir='ltr'>corrigendo,</span> <span class='ocrx_word' id='word_1_236' title='bbox 1166 2213 1200 2242; x_wconf 88' lang='lat' dir='ltr'>et</span> <span class='ocrx_word' id='word_1_237' title='bbox 1217 2204 1270 2241; x_wconf 88' lang='lat' dir='ltr'>fa-</span> 
     </span>
     <span class='ocr_line' id='line_1_35' title="bbox 317 2265 1270 2318; baseline -0.006 -9"><span class='ocrx_word' id='word_1_238' title='bbox 317 2271 446 2318; x_wconf 89' lang='lat' dir='ltr'>mulos,</span> <span class='ocrx_word' id='word_1_239' title='bbox 466 2279 499 2308; x_wconf 86' lang='lat' dir='ltr'>et</span> <span class='ocrx_word' id='word_1_240' title='bbox 527 2268 700 2315; x_wconf 84' lang='lat' dir='ltr'>vicinum,</span> <span class='ocrx_word' id='word_1_241' title='bbox 716 2274 749 2304; x_wconf 87' lang='lat' dir='ltr'>et</span> <span class='ocrx_word' id='word_1_242' title='bbox 777 2265 946 2313; x_wconf 87' lang='lat' dir='ltr'>amicum,</span> <span class='ocrx_word' id='word_1_243' title='bbox 967 2265 1039 2302; x_wconf 91' lang='lat' dir='ltr'>imo</span> <span class='ocrx_word' id='word_1_244' title='bbox 1069 2265 1177 2303; x_wconf 88' lang='lat' dir='ltr'>etiam</span> <span class='ocrx_word' id='word_1_245' title='bbox 1202 2265 1270 2303; x_wconf 90' lang='lat' dir='ltr'>ini-</span> 
     </span>
     <span class='ocr_line' id='line_1_36' title="bbox 318 2325 1272 2378; baseline -0.005 -8"><span class='ocrx_word' id='word_1_246' title='bbox 318 2333 464 2370; x_wconf 82' lang='lat' dir='ltr'>micum.</span> <span class='ocrx_word' id='word_1_247' title='bbox 484 2329 586 2369; x_wconf 89' lang='lat' dir='ltr'>Talia</span> <span class='ocrx_word' id='word_1_248' title='bbox 603 2328 696 2366; x_wconf 92' lang='lat' dir='ltr'>enim</span> <span class='ocrx_word' id='word_1_249' title='bbox 717 2336 799 2365; x_wconf 89' lang='lat' dir='ltr'>sunt</span> <span class='ocrx_word' id='word_1_250' title='bbox 821 2326 1020 2378; x_wconf 83' lang='lat' dir='ltr'>spiritualia</span> <span class='ocrx_word' id='word_1_251' title='bbox 1034 2325 1216 2377; x_wconf 79' lang='lat' dir='ltr'>dogmata,</span> <span class='ocrx_word' id='word_1_252' title='bbox 1232 2336 1272 2365; x_wconf 88' lang='lat' dir='ltr'>ut</span> 
     </span>
     <span class='ocr_line' id='line_1_37' title="bbox 319 2387 1274 2440; baseline -0.006 -9"><span class='ocrx_word' id='word_1_253' title='bbox 319 2391 519 2432; x_wconf 83' lang='lat' dir='ltr'>communia</span> <span class='ocrx_word' id='word_1_254' title='bbox 549 2389 716 2428; x_wconf 87' lang='lat' dir='ltr'>omnibus</span> <span class='ocrx_word' id='word_1_255' title='bbox 749 2397 1003 2440; x_wconf 83' lang='lat' dir='ltr'>proponantur,</span> <span class='ocrx_word' id='word_1_256' title='bbox 1029 2387 1199 2438; x_wconf 81' lang='lat' dir='ltr'>nullaque</span> <span class='ocrx_word' id='word_1_257' title='bbox 1228 2388 1274 2425; x_wconf 89' lang='lat' dir='ltr'>sit</span> 
     </span>
     <span class='ocr_line' id='line_1_38' title="bbox 319 2447 1271 2499; baseline -0.006 -7"><span class='ocrx_word' id='word_1_258' title='bbox 319 2455 355 2492; x_wconf 89' lang='lat' dir='ltr'>in</span> <span class='ocrx_word' id='word_1_259' title='bbox 371 2453 420 2491; x_wconf 87' lang='lat' dir='ltr'>eis</span> <span class='ocrx_word' id='word_1_260' title='bbox 439 2451 639 2499; x_wconf 80' lang='lat' dir='ltr'>diversitas,</span> <span class='ocrx_word' id='word_1_261' title='bbox 656 2449 723 2486; x_wconf 92' lang='lat' dir='ltr'>nisi</span> <span class='ocrx_word' id='word_1_262' title='bbox 743 2447 886 2499; x_wconf 89' lang='lat' dir='ltr'>quando</span> <span class='ocrx_word' id='word_1_263' title='bbox 907 2447 986 2498; x_wconf 83' lang='lat' dir='ltr'>quis</span> <span class='ocrx_word' id='word_1_264' title='bbox 1012 2448 1126 2499; x_wconf 87' lang='lat' dir='ltr'>magis</span> <span class='ocrx_word' id='word_1_265' title='bbox 1155 2449 1271 2486; x_wconf 91' lang='lat' dir='ltr'>inten-</span> 
     </span>
     <span class='ocr_line' id='line_1_39' title="bbox 322 2506 1273 2556; baseline -0.005 -6"><span class='ocrx_word' id='word_1_266' title='bbox 322 2524 392 2550; x_wconf 70' lang='lat' dir='ltr'>tam</span> <span class='ocrx_word' id='word_1_267' title='bbox 407 2511 511 2548; x_wconf 83' lang='lat' dir='ltr'>affert</span> <span class='ocrx_word' id='word_1_268' title='bbox 525 2518 691 2556; x_wconf 85' lang='lat' dir='ltr'>mentem,</span> <span class='ocrx_word' id='word_1_269' title='bbox 703 2516 736 2545; x_wconf 92' lang='lat' dir='ltr'>et</span> <span class='ocrx_word' id='word_1_270' title='bbox 751 2506 951 2544; x_wconf 77' lang='lat' dir='ltr'>ferventiori</span> <span class='ocrx_word' id='word_1_271' title='bbox 973 2506 1149 2545; x_wconf 82' lang='lat' dir='ltr'>desiderio</span> <span class='ocrx_word' id='word_1_272' title='bbox 1163 2507 1273 2545; x_wconf 89' lang='lat' dir='ltr'>alium</span> 
     </span>
     <span class='ocr_line' id='line_1_40' title="bbox 320 2567 1270 2619; baseline -0.005 -8"><span class='ocrx_word' id='word_1_273' title='bbox 320 2571 549 2611; x_wconf 81' lang='lat' dir='ltr'>transcendit.</span> <span class='ocrx_word' id='word_1_274' title='bbox 574 2570 701 2619; x_wconf 84' lang='lat' dir='ltr'>Itaque</span> <span class='ocrx_word' id='word_1_275' title='bbox 720 2567 804 2618; x_wconf 81' lang='lat' dir='ltr'>quia</span> <span class='ocrx_word' id='word_1_276' title='bbox 829 2576 965 2605; x_wconf 83' lang='lat' dir='ltr'>tantum</span> <span class='ocrx_word' id='word_1_277' title='bbox 985 2577 1033 2605; x_wconf 82' lang='lat' dir='ltr'>est</span> <span class='ocrx_word' id='word_1_278' title='bbox 1055 2582 1099 2606; x_wconf 82' lang='lat' dir='ltr'>ex</span> <span class='ocrx_word' id='word_1_279' title='bbox 1118 2569 1185 2606; x_wconf 83' lang='lat' dir='ltr'>hac</span> <span class='ocrx_word' id='word_1_280' title='bbox 1206 2568 1270 2607; x_wconf 88' lang='lat' dir='ltr'>do-</span> 
     </span>
     <span class='ocr_line' id='line_1_41' title="bbox 322 2628 1274 2683; baseline -0.004 -11"><span class='ocrx_word' id='word_1_281' title='bbox 322 2635 431 2672; x_wconf 78' lang='lat' dir='ltr'>ctrina</span> <span class='ocrx_word' id='word_1_282' title='bbox 455 2633 610 2677; x_wconf 80' lang='lat' dir='ltr'>lucrum,</span> <span class='ocrx_word' id='word_1_283' title='bbox 626 2643 690 2682; x_wconf 87' lang='lat' dir='ltr'>age</span> <span class='ocrx_word' id='word_1_284' title='bbox 710 2628 818 2667; x_wconf 90' lang='lat' dir='ltr'>hodie</span> <span class='ocrx_word' id='word_1_285' title='bbox 842 2629 931 2666; x_wconf 85' lang='lat' dir='ltr'>lecta</span> <span class='ocrx_word' id='word_1_286' title='bbox 951 2629 987 2667; x_wconf 93' lang='lat' dir='ltr'>in</span> <span class='ocrx_word' id='word_1_287' title='bbox 1013 2629 1171 2667; x_wconf 89' lang='lat' dir='ltr'>medium</span> <span class='ocrx_word' id='word_1_288' title='bbox 1191 2645 1274 2683; x_wconf 90' lang='lat' dir='ltr'>pro-</span> 
     </span>
     <span class='ocr_line' id='line_1_42' title="bbox 323 2690 1275 2749; baseline -0.004 -16"><span class='ocrx_word' id='word_1_289' title='bbox 323 2709 508 2749; x_wconf 85' lang='lat' dir='ltr'>ponamus,</span> <span class='ocrx_word' id='word_1_290' title='bbox 533 2702 567 2731; x_wconf 85' lang='lat' dir='ltr'>et</span> <span class='ocrx_word' id='word_1_291' title='bbox 588 2693 705 2730; x_wconf 87' lang='lat' dir='ltr'>fructu</span> <span class='ocrx_word' id='word_1_292' title='bbox 734 2690 901 2742; x_wconf 83' lang='lat' dir='ltr'>quopiam</span> <span class='ocrx_word' id='word_1_293' title='bbox 925 2690 1007 2728; x_wconf 90' lang='lat' dir='ltr'>inde</span> <span class='ocrx_word' id='word_1_294' title='bbox 1034 2690 1191 2741; x_wconf 83' lang='lat' dir='ltr'>collecto,</span> <span class='ocrx_word' id='word_1_295' title='bbox 1210 2691 1275 2729; x_wconf 88' lang='lat' dir='ltr'>do·</span> 
     </span>
     <span class='ocr_line' id='line_1_43' title="bbox 324 2751 1276 2804; baseline -0.004 -9"><span class='ocrx_word' id='word_1_296' title='bbox 324 2771 423 2795; x_wconf 89' lang='lat' dir='ltr'>mum</span> <span class='ocrx_word' id='word_1_297' title='bbox 455 2755 650 2793; x_wconf 83' lang='lat' dir='ltr'>redeamus.</span> <span class='ocrx_word' id='word_1_298' title='bbox 685 2754 747 2791; x_wconf 65' lang='lat'>90.</span> <span class='ocrx_word' id='word_1_299' title='bbox 781 2753 833 2790; x_wconf 79' lang='lat' dir='ltr'>Et</span> <span class='ocrx_word' id='word_1_300' title='bbox 874 2755 998 2804; x_wconf 70' lang='lat' dir='ltr'>coepit,</span> <span class='ocrx_word' id='word_1_301' title='bbox 1030 2751 1161 2803; x_wconf 87' lang='lat' dir='ltr'>inquit,</span> <span class='ocrx_word' id='word_1_302' title='bbox 1193 2754 1276 2791; x_wconf 82' lang='lat' dir='ltr'>Noe</span> 
     </span>
     <span class='ocr_line' id='line_1_44' title="bbox 325 2814 1273 2867; baseline -0.004 -11"><span class='ocrx_word' id='word_1_303' title='bbox 325 2821 439 2856; x_wconf 80' lang='lat' dir='ltr'>homo</span> <span class='ocrx_word' id='word_1_304' title='bbox 467 2816 642 2867; x_wconf 83' lang='lat' dir='ltr'>agricola</span> <span class='ocrx_word' id='word_1_305' title='bbox 673 2823 797 2859; x_wconf 68' lang='lat' dir='ltr'>terroe,</span> <span class='ocrx_word' id='word_1_306' title='bbox 825 2822 861 2851; x_wconf 80' lang='lat' dir='ltr'>et</span> <span class='ocrx_word' id='word_1_307' title='bbox 882 2814 1081 2864; x_wconf 75' lang='lat' dir='ltr'>plantavit</span> <span class='ocrx_word' id='word_1_308' title='bbox 1100 2816 1273 2861; x_wconf 83' lang='lat' dir='ltr'>vineam,</span> 
     </span>
     <span class='ocr_line' id='line_1_45' title="bbox 325 2874 1277 2924; baseline -0.005 -7"><span class='ocrx_word' id='word_1_309' title='bbox 325 2882 387 2917; x_wconf 63' lang='grc'>91.</span> <span class='ocrx_word' id='word_1_310' title='bbox 409 2887 446 2916; x_wconf 85' lang='lat' dir='ltr'>et</span> <span class='ocrx_word' id='word_1_311' title='bbox 466 2879 559 2914; x_wconf 81' lang='lat' dir='ltr'>bibit</span> <span class='ocrx_word' id='word_1_312' title='bbox 585 2877 632 2913; x_wconf 82' lang='lat' dir='ltr'>de</span> <span class='ocrx_word' id='word_1_313' title='bbox 656 2877 767 2924; x_wconf 75' lang='lat' dir='ltr'>vino,</span> <span class='ocrx_word' id='word_1_314' title='bbox 789 2883 824 2912; x_wconf 84' lang='lat' dir='ltr'>et</span> <span class='ocrx_word' id='word_1_315' title='bbox 850 2876 1064 2912; x_wconf 78' lang='lat' dir='ltr'>inebriatus</span> <span class='ocrx_word' id='word_1_316' title='bbox 1091 2883 1159 2913; x_wconf 85' lang='lat' dir='ltr'>est.</span> <span class='ocrx_word' id='word_1_317' title='bbox 1183 2874 1277 2914; x_wconf 89' lang='lat' dir='ltr'>Vide</span> 
     </span>
     <span class='ocr_line' id='line_1_46' title="bbox 325 2935 1275 2991; baseline -0.003 -14"><span class='ocrx_word' id='word_1_318' title='bbox 325 2948 467 2991; x_wconf 81' lang='lat' dir='ltr'>quantae</span> <span class='ocrx_word' id='word_1_319' title='bbox 481 2938 583 2975; x_wconf 89' lang='lat' dir='ltr'>nobis</span> <span class='ocrx_word' id='word_1_320' title='bbox 599 2935 763 2974; x_wconf 86' lang='lat' dir='ltr'>utilitatis</span> <span class='ocrx_word' id='word_1_321' title='bbox 779 2935 916 2973; x_wconf 86' lang='lat' dir='ltr'>occasio</span> <span class='ocrx_word' id='word_1_322' title='bbox 929 2944 980 2973; x_wconf 84' lang='lat' dir='ltr'>cst</span> <span class='ocrx_word' id='word_1_323' title='bbox 992 2935 1102 2988; x_wconf 86' lang='lat' dir='ltr'>hujus</span> <span class='ocrx_word' id='word_1_324' title='bbox 1115 2935 1275 2974; x_wconf 89' lang='lat' dir='ltr'>lectionis</span> 
     </span>
     <span class='ocr_line' id='line_1_47' title="bbox 326 2996 1332 3054; baseline -0.005 -14"><span class='ocrx_word' id='word_1_325' title='bbox 326 2999 551 3054; x_wconf 76' lang='lat' dir='ltr'>prooemium.</span> <span class='ocrx_word' id='word_1_326' title='bbox 572 2996 726 3046; x_wconf 84' lang='lat' dir='ltr'>Quando</span> <span class='ocrx_word' id='word_1_327' title='bbox 749 2996 844 3035; x_wconf 91' lang='lat' dir='ltr'>enim</span> <span class='ocrx_word' id='word_1_328' title='bbox 870 2996 1049 3044; x_wconf 86' lang='lat' dir='ltr'>audimus,</span> <span class='ocrx_word' id='word_1_329' title='bbox 1065 2997 1202 3049; x_wconf 87' lang='lat' dir='ltr'>justum</span> <span class='ocrx_word' id='word_1_330' title='bbox 1231 2998 1273 3035; x_wconf 86' lang='lat' dir='ltr'>il-</span> <span class='ocrx_word' id='word_1_331' title='bbox 1285 3023 1332 3047; x_wconf 67' lang='lat'>282</span> 
     </span>
     <span class='ocr_line' id='line_1_48' title="bbox 327 3057 1320 3111; baseline -0.005 -12"><span class='ocrx_word' id='word_1_332' title='bbox 327 3063 402 3099; x_wconf 88' lang='lat' dir='ltr'>lum</span> <span class='ocrx_word' id='word_1_333' title='bbox 426 3069 457 3097; x_wconf 89' lang='lat' dir='ltr'>ct</span> <span class='ocrx_word' id='word_1_334' title='bbox 486 3059 691 3111; x_wconf 84' lang='lat' dir='ltr'>perfectum,</span> <span class='ocrx_word' id='word_1_335' title='bbox 711 3057 772 3108; x_wconf 90' lang='lat' dir='ltr'>qui</span> <span class='ocrx_word' id='word_1_336' title='bbox 792 3066 931 3094; x_wconf 84' lang='lat' dir='ltr'>tantum</span> <span class='ocrx_word' id='word_1_337' title='bbox 962 3071 1112 3109; x_wconf 87' lang='lat' dir='ltr'>superne</span> <span class='ocrx_word' id='word_1_338' title='bbox 1140 3058 1275 3110; x_wconf 80' lang='lat' dir='ltr'>accepit</span> <span class='ocrx_word' id='word_1_339' title='bbox 1298 3060 1320 3088; x_wconf 81' lang='grc' dir='ltr'><strong>Λ</strong></span> 
     </span>
     <span class='ocr_line' id='line_1_49' title="bbox 326 3117 1274 3170; baseline -0.003 -10"><span class='ocrx_word' id='word_1_340' title='bbox 326 3121 578 3168; x_wconf 82' lang='lat' dir='ltr'>testimonium,</span> <span class='ocrx_word' id='word_1_341' title='bbox 600 3119 732 3156; x_wconf 81' lang='lat' dir='ltr'>bibisse</span> <span class='ocrx_word' id='word_1_342' title='bbox 757 3127 790 3156; x_wconf 88' lang='lat' dir='ltr'>ct</span> <span class='ocrx_word' id='word_1_343' title='bbox 816 3117 1029 3155; x_wconf 80' lang='lat' dir='ltr'>inebriatum</span> <span class='ocrx_word' id='word_1_344' title='bbox 1060 3133 1132 3157; x_wconf 86' lang='lat' dir='ltr'>esse</span> <span class='ocrx_word' id='word_1_345' title='bbox 1155 3135 1163 3156; x_wconf 90' lang='lat'>:</span> <span class='ocrx_word' id='word_1_346' title='bbox 1187 3133 1274 3170; x_wconf 89' lang='lat' dir='ltr'>quo·</span> 
     </span>
    </p>
   </div>
   <div class='ocr_carea' id='block_1_3' title="bbox 750 172 1285 206">
    <p class='ocr_par' dir='ltr' id='par_1_14' title="bbox 750 172 1285 206">
     <span class='ocr_line' id='line_1_50' title="bbox 750 172 1285 206; baseline -0.011 0"><span class='ocrx_word' id='word_1_347' title='bbox 750 175 770 205; x_wconf 87' lang='lat' dir='ltr'>S</span> <span class='ocrx_word' id='word_1_348' title='bbox 779 195 788 205; x_wconf 88' lang='lat'>.</span> <span class='ocrx_word' id='word_1_349' title='bbox 825 175 1011 206; x_wconf 74' lang='lat' dir='ltr'>JOANNJS</span> <span class='ocrx_word' id='word_1_350' title='bbox 1046 172 1285 204; x_wconf 82' lang='lat' dir='ltr'>CHRYSOST.</span> 
     </span>
    </p>
   </div>
   <div class='ocr_carea' id='block_1_4' title="bbox 1285 440 1308 469">
    <p class='ocr_par' dir='ltr' id='par_1_15' title="bbox 1285 440 1308 469">
     <span class='ocr_line' id='line_1_51' title="bbox 1285 440 1308 469; baseline 0 0"><span class='ocrx_word' id='word_1_351' title='bbox 1285 440 1308 469; x_wconf 87' lang='lat' dir='ltr'>B</span> 
     </span>
    </p>
   </div>
   <div class='ocr_carea' id='block_1_5' title="bbox 327 3178 1274 3232">
    <p class='ocr_par' dir='ltr' id='par_1_16' title="bbox 327 3178 1274 3232">
     <span class='ocr_line' id='line_1_52' title="bbox 327 3178 1274 3232; baseline -0.003 -11"><span class='ocrx_word' id='word_1_352' title='bbox 327 3183 433 3221; x_wconf 84' lang='lat' dir='ltr'>modo</span> <span class='ocrx_word' id='word_1_353' title='bbox 453 3196 513 3219; x_wconf 76' lang='lat' dir='ltr'>nos</span> <span class='ocrx_word' id='word_1_354' title='bbox 533 3179 694 3232; x_wconf 79' lang='lat' dir='ltr'>posthac,</span> <span class='ocrx_word' id='word_1_355' title='bbox 713 3178 773 3229; x_wconf 85' lang='lat' dir='ltr'>qui</span> <span class='ocrx_word' id='word_1_356' title='bbox 794 3178 900 3216; x_wconf 86' lang='lat' dir='ltr'>tantis</span> <span class='ocrx_word' id='word_1_357' title='bbox 924 3188 957 3216; x_wconf 89' lang='lat' dir='ltr'>ct</span> <span class='ocrx_word' id='word_1_358' title='bbox 978 3188 1048 3216; x_wconf 84' lang='lat' dir='ltr'>tam</span> <span class='ocrx_word' id='word_1_359' title='bbox 1070 3180 1180 3218; x_wconf 77' lang='lat' dir='ltr'>variis</span> <span class='ocrx_word' id='word_1_360' title='bbox 1197 3194 1274 3232; x_wconf 85' lang='lat' dir='ltr'>pec—</span> 
     </span>
    </p>
   </div>
   <div class='ocr_carea' id='block_1_6' title="bbox 327 3246 1275 3297">
    <p class='ocr_par' dir='ltr' id='par_1_17' title="bbox 327 3246 1275 3297">
     <span class='ocr_line' id='line_1_53' title="bbox 327 3246 1275 3297; baseline -0.003 -10"><span class='ocrx_word' id='word_1_361' title='bbox 327 3250 412 3287; x_wconf 63' lang='lat' dir='ltr'>catis</span> <span class='ocrx_word' id='word_1_362' title='bbox 446 3246 598 3285; x_wconf 83' lang='lat' dir='ltr'>immersi</span> <span class='ocrx_word' id='word_1_363' title='bbox 633 3260 779 3294; x_wconf 59' lang='lat' dir='ltr'>sumus,</span> <span class='ocrx_word' id='word_1_364' title='bbox 810 3259 877 3282; x_wconf 84' lang='lat' dir='ltr'>non</span> <span class='ocrx_word' id='word_1_365' title='bbox 911 3259 1037 3297; x_wconf 78' lang='lat' dir='ltr'>magna</span> <span class='ocrx_word' id='word_1_366' title='bbox 1054 3246 1275 3284; x_wconf 80' lang='lat' dir='ltr'>contentione</span> 
     </span>
    </p>
   </div>
   <div class='ocr_carea' id='block_1_7' title="bbox 371 3352 1323 3395">
    <p class='ocr_par' dir='ltr' id='par_1_18' title="bbox 371 3352 1323 3395">
     <span class='ocr_line' id='line_1_54' title="bbox 371 3352 1323 3395; baseline 0.004 -13"><span class='ocrx_word' id='word_1_367' title='bbox 371 3357 375 3368; x_wconf 92' lang='lat'>&#39;</span> <span class='ocrx_word' id='word_1_368' title='bbox 411 3356 559 3395; x_wconf 73' lang='lat' dir='ltr'>Quatvwr</span> <span class='ocrx_word' id='word_1_369' title='bbox 585 3352 657 3383; x_wconf 42' lang='grc' dir='ltr'>Ην.</span> <span class='ocrx_word' id='word_1_370' title='bbox 685 3353 889 3391; x_wconf 50' lang='grc' dir='ltr'>τπσλ&gt;ζίῃυῑι</span> <span class='ocrx_word' id='word_1_371' title='bbox 910 3357 986 3385; x_wconf 56' lang='grc' dir='ltr'>κατ’),</span> <span class='ocrx_word' id='word_1_372' title='bbox 1010 3358 1060 3390; x_wconf 55' lang='lat'>⁷322*</span> <span class='ocrx_word' id='word_1_373' title='bbox 1088 3359 1238 3395; x_wconf 59' lang='grc' dir='ltr'>ἀνάγνωτέ,</span> <span class='ocrx_word' id='word_1_374' title='bbox 1270 3364 1323 3387; x_wconf 60' lang='lat' dir='ltr'>rm</span> 
     </span>
    </p>
   </div>
   <div class='ocr_carea' id='block_1_8' title="bbox 1326 169 1927 201">
    <p class='ocr_par' dir='ltr' id='par_1_19' title="bbox 1326 169 1927 201">
     <span class='ocr_line' id='line_1_55' title="bbox 1326 169 1927 201; baseline 0 -1"><span class='ocrx_word' id='word_1_375' title='bbox 1326 171 1514 200; x_wconf 80' lang='lat' dir='ltr'>ARCHIEP</span> <span class='ocrx_word' id='word_1_376' title='bbox 1524 190 1534 201; x_wconf 82' lang='grc'><strong>.</strong></span> <span class='ocrx_word' id='word_1_377' title='bbox 1572 169 1908 200; x_wconf 75' lang='lat' dir='ltr'>CONSTANTINOP</span> <span class='ocrx_word' id='word_1_378' title='bbox 1917 189 1927 199; x_wconf 80' lang='lat'><strong>·</strong></span> 
     </span>
    </p>
   </div>
   <div class='ocr_carea' id='block_1_9' title="bbox 1332 248 2370 3226">
    <p class='ocr_par' dir='ltr' id='par_1_20' title="bbox 1332 248 2370 3226">
     <span class='ocr_line' id='line_1_56' title="bbox 1333 248 2363 304; baseline -0.001 -15"><span class='ocrx_word' id='word_1_379' title='bbox 1333 266 1441 293; x_wconf 90' lang='grc' dir='ltr'>σεως·</span> <span class='ocrx_word' id='word_1_380' title='bbox 1469 250 1590 288; x_wconf 81' lang='grc' dir='ltr'>ἔπειτα</span> <span class='ocrx_word' id='word_1_381' title='bbox 1621 251 1680 289; x_wconf 81' lang='grc' dir='ltr'>καὶ</span> <span class='ocrx_word' id='word_1_382' title='bbox 1712 255 1735 298; x_wconf 83' lang='grc' dir='ltr'>ἡ</span> <span class='ocrx_word' id='word_1_383' title='bbox 1765 251 1860 304; x_wconf 72' lang='grc' dir='ltr'>ψυχὴ</span> <span class='ocrx_word' id='word_1_384' title='bbox 1884 254 2070 304; x_wconf 74' lang='grc' dir='ltr'>πτεροῦται</span> <span class='ocrx_word' id='word_1_385' title='bbox 2096 250 2156 288; x_wconf 79' lang='grc' dir='ltr'>καὶ</span> <span class='ocrx_word' id='word_1_386' title='bbox 2176 248 2363 303; x_wconf 75' lang='grc' dir='ltr'>μετάρσιος</span> 
     </span>
     <span class='ocr_line' id='line_1_57' title="bbox 1333 310 2362 364; baseline 0 -16"><span class='ocrx_word' id='word_1_387' title='bbox 1333 310 1489 362; x_wconf 88' lang='grc' dir='ltr'>γίνεται,</span> <span class='ocrx_word' id='word_1_388' title='bbox 1519 314 1569 364; x_wconf 82' lang='grc' dir='ltr'>τῷ</span> <span class='ocrx_word' id='word_1_389' title='bbox 1589 311 1677 363; x_wconf 68' lang='grc' dir='ltr'>φωτὶ</span> <span class='ocrx_word' id='word_1_390' title='bbox 1696 316 1755 350; x_wconf 82' lang='grc' dir='ltr'>τοῦ</span> <span class='ocrx_word' id='word_1_391' title='bbox 1774 316 1837 359; x_wconf 70' lang='grc' dir='ltr'>τῆς</span> <span class='ocrx_word' id='word_1_392' title='bbox 1869 311 2085 359; x_wconf 79' lang='grc' dir='ltr'>δικαιοσύνης</span> <span class='ocrx_word' id='word_1_393' title='bbox 2105 310 2204 358; x_wconf 75' lang='grc' dir='ltr'>ἡλίου</span> <span class='ocrx_word' id='word_1_394' title='bbox 2231 326 2362 348; x_wconf 84' lang='grc' dir='ltr'>καταυ-</span> 
     </span>
     <span class='ocr_line' id='line_1_58' title="bbox 1333 371 2363 424; baseline 0 -16"><span class='ocrx_word' id='word_1_395' title='bbox 1333 371 1530 422; x_wconf 87' lang='grc' dir='ltr'>γαζομένη,</span> <span class='ocrx_word' id='word_1_396' title='bbox 1560 374 1638 409; x_wconf 88' lang='grc' dir='ltr'>κατ’</span> <span class='ocrx_word' id='word_1_397' title='bbox 1663 373 1764 411; x_wconf 75' lang='grc' dir='ltr'>αὐτὸν</span> <span class='ocrx_word' id='word_1_398' title='bbox 1797 375 1926 411; x_wconf 80' lang='grc' dir='ltr'>ἐκεῖνον</span> <span class='ocrx_word' id='word_1_399' title='bbox 1958 372 2015 410; x_wconf 73' lang='grc' dir='ltr'>τὸν</span> <span class='ocrx_word' id='word_1_400' title='bbox 2052 372 2173 424; x_wconf 78' lang='grc' dir='ltr'>καιρὸν</span> <span class='ocrx_word' id='word_1_401' title='bbox 2206 373 2268 416; x_wconf 72' lang='grc' dir='ltr'>τῆς</span> <span class='ocrx_word' id='word_1_402' title='bbox 2294 373 2363 408; x_wconf 83' lang='grc' dir='ltr'>τῶν</span> 
     </span>
     <span class='ocr_line' id='line_1_59' title="bbox 1333 431 2364 484; baseline -0.001 -15"><span class='ocrx_word' id='word_1_403' title='bbox 1333 435 1493 484; x_wconf 77' lang='grc' dir='ltr'>πονηρῶν</span> <span class='ocrx_word' id='word_1_404' title='bbox 1513 433 1690 484; x_wconf 82' lang='grc' dir='ltr'>λογισμῶν</span> <span class='ocrx_word' id='word_1_405' title='bbox 1717 432 1827 484; x_wconf 74' lang='grc' dir='ltr'>λύμης</span> <span class='ocrx_word' id='word_1_406' title='bbox 1857 431 2152 483; x_wconf 78' lang='grc' dir='ltr'>ἀπαλλαττομένη</span> <span class='ocrx_word' id='word_1_407' title='bbox 2167 462 2176 478; x_wconf 93' lang='grc'>,</span> <span class='ocrx_word' id='word_1_408' title='bbox 2203 431 2263 469; x_wconf 73' lang='grc' dir='ltr'>καὶ</span> <span class='ocrx_word' id='word_1_409' title='bbox 2294 447 2364 482; x_wconf 89' lang='grc' dir='ltr'>γα-</span> 
     </span>
     <span class='ocr_line' id='line_1_60' title="bbox 1334 492 2365 545; baseline -0.001 -15"><span class='ocrx_word' id='word_1_410' title='bbox 1334 492 1443 539; x_wconf 72' lang='grc' dir='ltr'>λήνης</span> <span class='ocrx_word' id='word_1_411' title='bbox 1473 493 1697 532; x_wconf 77' lang='grc' dir='ltr'>ἀπολαύουσα</span> <span class='ocrx_word' id='word_1_412' title='bbox 1720 495 1853 540; x_wconf 68' lang='grc' dir='ltr'>πολλῆς</span> <span class='ocrx_word' id='word_1_413' title='bbox 1872 492 1933 531; x_wconf 83' lang='grc' dir='ltr'>καὶ</span> <span class='ocrx_word' id='word_1_414' title='bbox 1961 493 2126 545; x_wconf 77' lang='grc' dir='ltr'>ἡσυχίας.</span> <span class='ocrx_word' id='word_1_415' title='bbox 2147 492 2217 530; x_wconf 79' lang='grc' dir='ltr'>Καὶ</span> <span class='ocrx_word' id='word_1_416' title='bbox 2238 495 2323 543; x_wconf 81' lang='grc' dir='ltr'>ὅπερ</span> <span class='ocrx_word' id='word_1_417' title='bbox 2341 495 2365 537; x_wconf 78' lang='grc' dir='ltr'>ἡ</span> 
     </span>
     <span class='ocr_line' id='line_1_61' title="bbox 1337 553 2368 608; baseline -0.002 -16"><span class='ocrx_word' id='word_1_418' title='bbox 1337 554 1522 605; x_wconf 80' lang='grc' dir='ltr'>σωματικὴ</span> <span class='ocrx_word' id='word_1_419' title='bbox 1554 554 1664 608; x_wconf 58' lang='grc' dir='ltr'>τροφὴ</span> <span class='ocrx_word' id='word_1_420' title='bbox 1697 553 1783 606; x_wconf 80' lang='grc' dir='ltr'>πρὸς</span> <span class='ocrx_word' id='word_1_421' title='bbox 1810 554 1872 602; x_wconf 85' lang='grc' dir='ltr'>τὴν</span> <span class='ocrx_word' id='word_1_422' title='bbox 1903 553 2069 592; x_wconf 84' lang='grc' dir='ltr'>σύστασιν</span> <span class='ocrx_word' id='word_1_423' title='bbox 2100 557 2162 601; x_wconf 76' lang='grc' dir='ltr'>τῆς</span> <span class='ocrx_word' id='word_1_424' title='bbox 2194 553 2368 606; x_wconf 80' lang='grc' dir='ltr'>ἡμετέρας</span> 
     </span>
     <span class='ocr_line' id='line_1_62' title="bbox 1336 613 2363 669; baseline -0.002 -16"><span class='ocrx_word' id='word_1_425' title='bbox 1336 616 1469 669; x_wconf 77' lang='grc' dir='ltr'>ἰσχύος,</span> <span class='ocrx_word' id='word_1_426' title='bbox 1490 620 1592 654; x_wconf 71' lang='grc' dir='ltr'>τοῦτο</span> <span class='ocrx_word' id='word_1_427' title='bbox 1605 619 1626 662; x_wconf 80' lang='grc' dir='ltr'>ἡ</span> <span class='ocrx_word' id='word_1_428' title='bbox 1646 615 1840 667; x_wconf 77' lang='grc' dir='ltr'>ἀνάγνωσις</span> <span class='ocrx_word' id='word_1_429' title='bbox 1875 617 1918 667; x_wconf 80' lang='grc' dir='ltr'>τῇ</span> <span class='ocrx_word' id='word_1_430' title='bbox 1948 617 2044 667; x_wconf 72' lang='grc' dir='ltr'>ψυχῇ</span> <span class='ocrx_word' id='word_1_431' title='bbox 2073 614 2219 665; x_wconf 86' lang='grc' dir='ltr'>γίνεται.</span> <span class='ocrx_word' id='word_1_432' title='bbox 2239 613 2363 665; x_wconf 72' lang='grc' dir='ltr'>Τροφὴ</span> 
     </span>
     <span class='ocr_line' id='line_1_63' title="bbox 1332 674 2367 729; baseline -0.002 -15"><span class='ocrx_word' id='word_1_433' title='bbox 1332 677 1399 729; x_wconf 81' lang='grc' dir='ltr'>γάρ</span> <span class='ocrx_word' id='word_1_434' title='bbox 1419 680 1492 716; x_wconf 77' lang='grc' dir='ltr'>ἐστι</span> <span class='ocrx_word' id='word_1_435' title='bbox 1515 676 1758 728; x_wconf 82' lang='grc' dir='ltr'>πνευματικὴ,</span> <span class='ocrx_word' id='word_1_436' title='bbox 1783 677 1843 714; x_wconf 84' lang='grc' dir='ltr'>καὶ</span> <span class='ocrx_word' id='word_1_437' title='bbox 1873 681 1986 728; x_wconf 87' lang='grc' dir='ltr'>νευροῖ</span> <span class='ocrx_word' id='word_1_438' title='bbox 2006 675 2063 714; x_wconf 82' lang='grc' dir='ltr'>τὸν</span> <span class='ocrx_word' id='word_1_439' title='bbox 2084 675 2250 727; x_wconf 81' lang='grc' dir='ltr'>λογισμὸν</span> <span class='ocrx_word' id='word_1_440' title='bbox 2263 705 2273 723; x_wconf 91' lang='grc'>,</span> <span class='ocrx_word' id='word_1_441' title='bbox 2306 674 2367 712; x_wconf 87' lang='grc' dir='ltr'>καὶ</span> 
     </span>
     <span class='ocr_line' id='line_1_64' title="bbox 1333 734 2368 791; baseline -0.004 -15"><span class='ocrx_word' id='word_1_442' title='bbox 1333 738 1479 790; x_wconf 63' lang='grc' dir='ltr'>ἰσχυρὰν</span> <span class='ocrx_word' id='word_1_443' title='bbox 1503 738 1687 791; x_wconf 76' lang='grc' dir='ltr'>ἐργάζεται</span> <span class='ocrx_word' id='word_1_444' title='bbox 1720 737 1782 784; x_wconf 70' lang='grc' dir='ltr'>τὴν</span> <span class='ocrx_word' id='word_1_445' title='bbox 1803 737 1941 790; x_wconf 76' lang='grc' dir='ltr'>ψυχὴν,</span> <span class='ocrx_word' id='word_1_446' title='bbox 1970 736 2030 774; x_wconf 86' lang='grc' dir='ltr'>καὶ</span> <span class='ocrx_word' id='word_1_447' title='bbox 2052 734 2285 788; x_wconf 82' lang='grc' dir='ltr'>εὐτονωτέραν</span> <span class='ocrx_word' id='word_1_448' title='bbox 2306 734 2368 773; x_wconf 84' lang='grc' dir='ltr'>καὶ</span> 
     </span>
     <span class='ocr_line' id='line_1_65' title="bbox 1333 797 2368 852; baseline -0.003 -15"><span class='ocrx_word' id='word_1_449' title='bbox 1333 800 1628 852; x_wconf 61' lang='grc' dir='ltr'>φιλοσοφωτέραν,</span> <span class='ocrx_word' id='word_1_450' title='bbox 1652 801 1714 836; x_wconf 83' lang='grc' dir='ltr'>οὐκ</span> <span class='ocrx_word' id='word_1_451' title='bbox 1739 801 1881 850; x_wconf 57' lang='grc' dir='ltr'>ἀφιεῖσα</span> <span class='ocrx_word' id='word_1_452' title='bbox 1912 798 2033 836; x_wconf 71' lang='grc' dir='ltr'>λοιπὸν</span> <span class='ocrx_word' id='word_1_453' title='bbox 2064 797 2267 835; x_wconf 70' lang='grc' dir='ltr'>ἁλίσκεσθαι</span> <span class='ocrx_word' id='word_1_454' title='bbox 2295 802 2368 839; x_wconf 86' lang='grc' dir='ltr'>τοῖς</span> 
     </span>
     <span class='ocr_line' id='line_1_66' title="bbox 1334 857 2366 912; baseline -0.003 -15"><span class='ocrx_word' id='word_1_455' title='bbox 1334 859 1470 911; x_wconf 82' lang='grc' dir='ltr'>ἀλόγοις</span> <span class='ocrx_word' id='word_1_456' title='bbox 1497 860 1662 908; x_wconf 79' lang='grc' dir='ltr'>πάθεσιν,</span> <span class='ocrx_word' id='word_1_457' title='bbox 1683 859 1773 898; x_wconf 69' lang='grc' dir='ltr'>ἀλλὰ</span> <span class='ocrx_word' id='word_1_458' title='bbox 1810 859 1870 897; x_wconf 85' lang='grc' dir='ltr'>καὶ</span> <span class='ocrx_word' id='word_1_459' title='bbox 1898 862 2024 912; x_wconf 70' lang='grc' dir='ltr'>κοῦφον</span> <span class='ocrx_word' id='word_1_460' title='bbox 2048 859 2136 910; x_wconf 80' lang='grc' dir='ltr'>αὖτῇ</span> <span class='ocrx_word' id='word_1_461' title='bbox 2170 857 2210 895; x_wconf 81' lang='grc' dir='ltr'>τὸ</span> <span class='ocrx_word' id='word_1_462' title='bbox 2239 857 2366 909; x_wconf 83' lang='grc' dir='ltr'>πτερὸν</span> 
     </span>
     <span class='ocr_line' id='line_1_67' title="bbox 1333 919 2368 973; baseline -0.001 -16"><span class='ocrx_word' id='word_1_463' title='bbox 1333 920 1547 971; x_wconf 83' lang='grc' dir='ltr'>ἐργαζομένη</span> <span class='ocrx_word' id='word_1_464' title='bbox 1560 951 1569 968; x_wconf 90' lang='grc'>,</span> <span class='ocrx_word' id='word_1_465' title='bbox 1585 921 1645 959; x_wconf 73' lang='grc' dir='ltr'>καὶ</span> <span class='ocrx_word' id='word_1_466' title='bbox 1673 921 1759 973; x_wconf 79' lang='grc' dir='ltr'>πρὸς</span> <span class='ocrx_word' id='word_1_467' title='bbox 1789 920 1911 968; x_wconf 83' lang='grc' dir='ltr'>αὐτὸν,</span> <span class='ocrx_word' id='word_1_468' title='bbox 1933 923 1980 963; x_wconf 82' lang='grc' dir='ltr'>ὡς</span> <span class='ocrx_word' id='word_1_469' title='bbox 1999 922 2128 968; x_wconf 78' lang='grc' dir='ltr'>εἰπεῖν,</span> <span class='ocrx_word' id='word_1_470' title='bbox 2143 919 2202 957; x_wconf 82' lang='grc' dir='ltr'>τὸν</span> <span class='ocrx_word' id='word_1_471' title='bbox 2221 919 2368 972; x_wconf 80' lang='grc' dir='ltr'>οὐρανὸν</span> 
     </span>
     <span class='ocr_line' id='line_1_68' title="bbox 1335 981 2367 1032; baseline -0.001 -14"><span class='ocrx_word' id='word_1_472' title='bbox 1335 984 1547 1030; x_wconf 71' lang='grc' dir='ltr'>μεθιστῶσα.</span> <span class='ocrx_word' id='word_1_473' title='bbox 1581 981 1643 1028; x_wconf 80' lang='grc' dir='ltr'>Μὴ</span> <span class='ocrx_word' id='word_1_474' title='bbox 1665 982 1778 1019; x_wconf 87' lang='grc' dir='ltr'>τοίνυν</span> <span class='ocrx_word' id='word_1_475' title='bbox 1814 983 2024 1032; x_wconf 80' lang='grc' dir='ltr'>ἀμελῶμεν,</span> <span class='ocrx_word' id='word_1_476' title='bbox 2058 981 2278 1032; x_wconf 80' lang='grc' dir='ltr'>παρακαλῶ,</span> <span class='ocrx_word' id='word_1_477' title='bbox 2305 983 2367 1017; x_wconf 76' lang='grc' dir='ltr'>τοῦ</span> 
     </span>
     <span class='ocr_line' id='line_1_69' title="bbox 1333 1038 2366 1093; baseline -0.003 -14"><span class='ocrx_word' id='word_1_478' title='bbox 1333 1040 1496 1079; x_wconf 80' lang='grc' dir='ltr'>τοσούτου</span> <span class='ocrx_word' id='word_1_479' title='bbox 1516 1040 1656 1093; x_wconf 77' lang='grc' dir='ltr'>κέρδους</span> <span class='ocrx_word' id='word_1_480' title='bbox 1667 1071 1676 1088; x_wconf 87' lang='grc'>,</span> <span class='ocrx_word' id='word_1_481' title='bbox 1691 1040 1787 1078; x_wconf 69' lang='grc' dir='ltr'>ἀλλὰ</span> <span class='ocrx_word' id='word_1_482' title='bbox 1801 1040 1861 1078; x_wconf 77' lang='grc' dir='ltr'>καὶ</span> <span class='ocrx_word' id='word_1_483' title='bbox 1879 1039 1937 1077; x_wconf 80' lang='grc' dir='ltr'>ἐπὶ</span> <span class='ocrx_word' id='word_1_484' title='bbox 1956 1039 2067 1082; x_wconf 76' lang='grc' dir='ltr'>οἰκίας</span> <span class='ocrx_word' id='word_1_485' title='bbox 2086 1038 2103 1058; x_wconf 74' lang='lat'>¹³</span> <span class='ocrx_word' id='word_1_486' title='bbox 2115 1038 2366 1089; x_wconf 85' lang='grc' dir='ltr'>σπουδάζωμεν</span> 
     </span>
     <span class='ocr_line' id='line_1_70' title="bbox 1334 1097 2369 1153; baseline -0.004 -14"><span class='ocrx_word' id='word_1_487' title='bbox 1334 1104 1377 1153; x_wconf 71' lang='grc' dir='ltr'>τῇ</span> <span class='ocrx_word' id='word_1_488' title='bbox 1397 1101 1592 1153; x_wconf 84' lang='grc' dir='ltr'>ἀναγνώσει</span> <span class='ocrx_word' id='word_1_489' title='bbox 1619 1104 1687 1139; x_wconf 80' lang='grc' dir='ltr'>τῶν</span> <span class='ocrx_word' id='word_1_490' title='bbox 1708 1100 1807 1138; x_wconf 85' lang='grc' dir='ltr'>θείων</span> <span class='ocrx_word' id='word_1_491' title='bbox 1824 1099 2007 1151; x_wconf 61' lang='grc' dir='ltr'>προσέχειν</span> <span class='ocrx_word' id='word_1_492' title='bbox 2028 1100 2178 1150; x_wconf 66' lang='grc' dir='ltr'>Γραφῶν</span> <span class='ocrx_word' id='word_1_493' title='bbox 2192 1127 2203 1146; x_wconf 94' lang='grc'>,</span> <span class='ocrx_word' id='word_1_494' title='bbox 2230 1097 2290 1136; x_wconf 83' lang='grc' dir='ltr'>καὶ</span> <span class='ocrx_word' id='word_1_495' title='bbox 2312 1100 2369 1136; x_wconf 82' lang='grc' dir='ltr'>ἐν-</span> 
     </span>
     <span class='ocr_line' id='line_1_71' title="bbox 1335 1158 2369 1215; baseline -0.003 -16"><span class='ocrx_word' id='word_1_496' title='bbox 1335 1166 1446 1200; x_wconf 70' lang='grc' dir='ltr'>ταῦθα</span> <span class='ocrx_word' id='word_1_497' title='bbox 1463 1161 1736 1215; x_wconf 79' lang='grc' dir='ltr'>παραγινόμενοι</span> <span class='ocrx_word' id='word_1_498' title='bbox 1757 1160 1805 1212; x_wconf 82' lang='grc' dir='ltr'>μὴ</span> <span class='ocrx_word' id='word_1_499' title='bbox 1837 1161 1884 1204; x_wconf 87' lang='grc' dir='ltr'>εἷς</span> <span class='ocrx_word' id='word_1_500' title='bbox 1912 1159 2081 1213; x_wconf 73' lang='grc' dir='ltr'>φλυαρίας</span> <span class='ocrx_word' id='word_1_501' title='bbox 2098 1159 2158 1197; x_wconf 82' lang='grc' dir='ltr'>καὶ</span> <span class='ocrx_word' id='word_1_502' title='bbox 2185 1158 2369 1206; x_wconf 79' lang='grc' dir='ltr'>ἀνονήτους</span> 
     </span>
     <span class='ocr_line' id='line_1_72' title="bbox 1335 1219 2368 1275; baseline -0.003 -15"><span class='ocrx_word' id='word_1_503' title='bbox 1335 1222 1472 1273; x_wconf 80' lang='grc' dir='ltr'>ὁμιλίας</span> <span class='ocrx_word' id='word_1_504' title='bbox 1491 1223 1548 1261; x_wconf 86' lang='grc' dir='ltr'>τὸν</span> <span class='ocrx_word' id='word_1_505' title='bbox 1571 1222 1690 1275; x_wconf 78' lang='grc' dir='ltr'>καιρὸν</span> <span class='ocrx_word' id='word_1_506' title='bbox 1709 1223 2030 1273; x_wconf 81' lang='grc' dir='ltr'>καταδαπανῶμεν,</span> <span class='ocrx_word' id='word_1_507' title='bbox 2049 1219 2142 1259; x_wconf 76' lang='grc' dir='ltr'>ἀλλὰ</span> <span class='ocrx_word' id='word_1_508' title='bbox 2159 1219 2203 1257; x_wconf 74' lang='grc' dir='ltr'>δι’</span> <span class='ocrx_word' id='word_1_509' title='bbox 2219 1219 2236 1258; x_wconf 81' lang='grc' dir='ltr'>ὃ</span> <span class='ocrx_word' id='word_1_510' title='bbox 2255 1235 2368 1271; x_wconf 80' lang='grc' dir='ltr'>παρα-</span> 
     </span>
     <span class='ocr_line' id='line_1_73' title="bbox 1335 1281 2370 1336; baseline -0.002 -14"><span class='ocrx_word' id='word_1_511' title='bbox 1335 1283 1525 1336; x_wconf 88' lang='grc' dir='ltr'>γεγόναμεν</span> <span class='ocrx_word' id='word_1_512' title='bbox 1537 1315 1547 1333; x_wconf 93' lang='grc'>,</span> <span class='ocrx_word' id='word_1_513' title='bbox 1568 1284 1656 1323; x_wconf 79' lang='grc' dir='ltr'>οὕτω</span> <span class='ocrx_word' id='word_1_514' title='bbox 1676 1283 1906 1335; x_wconf 85' lang='grc' dir='ltr'>συντείνωμεν</span> <span class='ocrx_word' id='word_1_515' title='bbox 1927 1281 2069 1326; x_wconf 66' lang='grc' dir='ltr'>ἑαυτοὺς</span> <span class='ocrx_word' id='word_1_516' title='bbox 2083 1313 2094 1330; x_wconf 93' lang='grc'>,</span> <span class='ocrx_word' id='word_1_517' title='bbox 2112 1282 2172 1320; x_wconf 77' lang='grc' dir='ltr'>καὶ</span> <span class='ocrx_word' id='word_1_518' title='bbox 2186 1281 2370 1335; x_wconf 80' lang='grc' dir='ltr'>προσέχω-</span> 
     </span>
     <span class='ocr_line' id='line_1_74' title="bbox 1339 1344 2370 1397; baseline -0.003 -13"><span class='ocrx_word' id='word_1_519' title='bbox 1339 1362 1402 1397; x_wconf 85' lang='grc' dir='ltr'>μεν</span> <span class='ocrx_word' id='word_1_520' title='bbox 1432 1352 1503 1389; x_wconf 86' lang='grc' dir='ltr'>τοῖς</span> <span class='ocrx_word' id='word_1_521' title='bbox 1538 1345 1874 1397; x_wconf 79' lang='grc' dir='ltr'>ἀναγινωσκομένοις</span> <span class='ocrx_word' id='word_1_522' title='bbox 1894 1376 1903 1393; x_wconf 91' lang='grc'>,</span> <span class='ocrx_word' id='word_1_523' title='bbox 1937 1345 1994 1382; x_wconf 77' lang='grc' dir='ltr'>ἵνα</span> <span class='ocrx_word' id='word_1_524' title='bbox 2031 1344 2306 1396; x_wconf 86' lang='grc' dir='ltr'>καρπωσάμενοί</span> <span class='ocrx_word' id='word_1_525' title='bbox 2333 1359 2370 1381; x_wconf 83' lang='grc' dir='ltr'>τι</span> 
     </span>
     <span class='ocr_line' id='line_1_75' title="bbox 1336 1406 2367 1457; baseline -0.001 -12"><span class='ocrx_word' id='word_1_526' title='bbox 1336 1406 1440 1446; x_wconf 80' lang='grc' dir='ltr'>πλέον</span> <span class='ocrx_word' id='word_1_527' title='bbox 1454 1438 1464 1455; x_wconf 85' lang='grc'>,</span> <span class='ocrx_word' id='word_1_528' title='bbox 1483 1406 1590 1450; x_wconf 76' lang='grc' dir='ltr'>οὕτως</span> <span class='ocrx_word' id='word_1_529' title='bbox 1610 1409 1762 1445; x_wconf 76' lang='grc' dir='ltr'>ἐντεῦθεν</span> <span class='ocrx_word' id='word_1_530' title='bbox 1786 1406 1958 1453; x_wconf 79' lang='grc' dir='ltr'>ἐξέλθητε.</span> <span class='ocrx_word' id='word_1_531' title='bbox 1978 1408 2021 1444; x_wconf 81' lang='grc' dir='ltr'>Εἰ</span> <span class='ocrx_word' id='word_1_532' title='bbox 2051 1406 2214 1457; x_wconf 83' lang='grc' dir='ltr'>μέλλοιτε</span> <span class='ocrx_word' id='word_1_533' title='bbox 2249 1407 2367 1444; x_wconf 78' lang='grc' dir='ltr'>εἰσελ-</span> 
     </span>
     <span class='ocr_line' id='line_1_76' title="bbox 1338 1466 2368 1520; baseline -0.002 -14"><span class='ocrx_word' id='word_1_534' title='bbox 1338 1467 1450 1511; x_wconf 81' lang='grc' dir='ltr'>θόντες</span> <span class='ocrx_word' id='word_1_535' title='bbox 1473 1470 1619 1506; x_wconf 80' lang='grc' dir='ltr'>ἐνταῦθα</span> <span class='ocrx_word' id='word_1_536' title='bbox 1639 1468 1744 1507; x_wconf 85' lang='grc' dir='ltr'>πάλιν</span> <span class='ocrx_word' id='word_1_537' title='bbox 1765 1470 1812 1512; x_wconf 87' lang='grc' dir='ltr'>εἶς</span> <span class='ocrx_word' id='word_1_538' title='bbox 1831 1468 1968 1518; x_wconf 82' lang='grc' dir='ltr'>ὁμιλίας</span> <span class='ocrx_word' id='word_1_539' title='bbox 1990 1466 2152 1520; x_wconf 85' lang='grc' dir='ltr'>ἀκαίρους</span> <span class='ocrx_word' id='word_1_540' title='bbox 2173 1467 2230 1505; x_wconf 82' lang='grc' dir='ltr'>καὶ</span> <span class='ocrx_word' id='word_1_541' title='bbox 2249 1471 2263 1488; x_wconf 76' lang='lat'><em>⁰</em></span> <span class='ocrx_word' id='word_1_542' title='bbox 2277 1469 2368 1505; x_wconf 89' lang='grc' dir='ltr'>ἀνω-</span> 
     </span>
     <span class='ocr_line' id='line_1_77' title="bbox 1338 1527 2369 1582; baseline -0.001 -15"><span class='ocrx_word' id='word_1_543' title='bbox 1338 1531 1450 1582; x_wconf 72' lang='grc' dir='ltr'>φελεῖς</span> <span class='ocrx_word' id='word_1_544' title='bbox 1465 1529 1522 1567; x_wconf 77' lang='grc' dir='ltr'>τὸν</span> <span class='ocrx_word' id='word_1_545' title='bbox 1539 1529 1659 1581; x_wconf 74' lang='grc' dir='ltr'>καιρὸν</span> <span class='ocrx_word' id='word_1_546' title='bbox 1675 1529 1958 1577; x_wconf 77' lang='grc' dir='ltr'>καταναλίσκειν,</span> <span class='ocrx_word' id='word_1_547' title='bbox 1977 1528 2037 1566; x_wconf 81' lang='grc' dir='ltr'>καὶ</span> <span class='ocrx_word' id='word_1_548' title='bbox 2057 1527 2165 1579; x_wconf 76' lang='grc' dir='ltr'>μηδὲν</span> <span class='ocrx_word' id='word_1_549' title='bbox 2195 1527 2300 1566; x_wconf 82' lang='grc' dir='ltr'>πλέον</span> <span class='ocrx_word' id='word_1_550' title='bbox 2321 1530 2369 1572; x_wconf 85' lang='grc' dir='ltr'>εἷς</span> 
     </span>
     <span class='ocr_line' id='line_1_78' title="bbox 1337 1588 2369 1642; baseline -0.002 -14"><span class='ocrx_word' id='word_1_551' title='bbox 1337 1590 1507 1642; x_wconf 75' lang='grc' dir='ltr'>ὠφέλειαν</span> <span class='ocrx_word' id='word_1_552' title='bbox 1523 1590 1635 1641; x_wconf 87' lang='grc' dir='ltr'>λόγων</span> <span class='ocrx_word' id='word_1_553' title='bbox 1667 1590 1843 1641; x_wconf 78' lang='grc' dir='ltr'>δεξάμενοι</span> <span class='ocrx_word' id='word_1_554' title='bbox 1881 1589 2077 1636; x_wconf 78' lang='grc' dir='ltr'>ἐπανιέναι,</span> <span class='ocrx_word' id='word_1_555' title='bbox 2097 1588 2131 1626; x_wconf 86' lang='grc' dir='ltr'>τί</span> <span class='ocrx_word' id='word_1_556' title='bbox 2161 1588 2200 1627; x_wconf 81' lang='grc' dir='ltr'>τὸ</span> <span class='ocrx_word' id='word_1_557' title='bbox 2227 1589 2369 1642; x_wconf 56' lang='grc' dir='ltr'>ὄφελος,</span> 
     </span>
     <span class='ocr_line' id='line_1_79' title="bbox 1337 1649 2368 1704; baseline -0.001 -15"><span class='ocrx_word' id='word_1_558' title='bbox 1337 1653 1422 1695; x_wconf 82' lang='grc' dir='ltr'>Πῶς</span> <span class='ocrx_word' id='word_1_559' title='bbox 1454 1651 1521 1704; x_wconf 76' lang='grc' dir='ltr'>γὰρ</span> <span class='ocrx_word' id='word_1_560' title='bbox 1541 1654 1603 1690; x_wconf 81' lang='grc' dir='ltr'>οὐκ</span> <span class='ocrx_word' id='word_1_561' title='bbox 1640 1652 1790 1700; x_wconf 81' lang='grc' dir='ltr'>ἄτοπον,</span> <span class='ocrx_word' id='word_1_562' title='bbox 1817 1654 1865 1696; x_wconf 80' lang='grc' dir='ltr'>εἷς</span> <span class='ocrx_word' id='word_1_563' title='bbox 1899 1651 1960 1702; x_wconf 81' lang='grc' dir='ltr'>μὲν</span> <span class='ocrx_word' id='word_1_564' title='bbox 1987 1651 2178 1703; x_wconf 77' lang='grc' dir='ltr'>πανήγυριν</span> <span class='ocrx_word' id='word_1_565' title='bbox 2201 1649 2368 1702; x_wconf 77' lang='grc' dir='ltr'>βιωτικὴν</span> 
     </span>
     <span class='ocr_line' id='line_1_80' title="bbox 1339 1711 2370 1763; baseline -0.001 -13"><span class='ocrx_word' id='word_1_566' title='bbox 1339 1712 1506 1756; x_wconf 77' lang='grc' dir='ltr'>ἀπιόντας</span> <span class='ocrx_word' id='word_1_567' title='bbox 1539 1712 1744 1758; x_wconf 70' lang='grc' dir='ltr'>σπουδάζειν</span> <span class='ocrx_word' id='word_1_568' title='bbox 1765 1712 1882 1751; x_wconf 85' lang='grc' dir='ltr'>πάντα</span> <span class='ocrx_word' id='word_1_569' title='bbox 1900 1711 1946 1750; x_wconf 82' lang='grc' dir='ltr'>τὰ</span> <span class='ocrx_word' id='word_1_570' title='bbox 1977 1714 2015 1749; x_wconf 80' lang='grc' dir='ltr'>ἐκ</span> <span class='ocrx_word' id='word_1_571' title='bbox 2046 1715 2109 1758; x_wconf 71' lang='grc' dir='ltr'>τ”ῆς</span> <span class='ocrx_word' id='word_1_572' title='bbox 2143 1711 2370 1763; x_wconf 81' lang='grc' dir='ltr'>πανηγύρεως</span> 
     </span>
     <span class='ocr_line' id='line_1_81' title="bbox 1336 1772 2369 1826; baseline -0.001 -15"><span class='ocrx_word' id='word_1_573' title='bbox 1336 1774 1507 1818; x_wconf 65' lang='grc' dir='ltr'>λαὲόντας</span> <span class='ocrx_word' id='word_1_574' title='bbox 1523 1776 1721 1812; x_wconf 79' lang='grc' dir='ltr'>ἐπανελθεῖν</span> <span class='ocrx_word' id='word_1_575' title='bbox 1740 1774 1858 1813; x_wconf 87' lang='grc' dir='ltr'>οἴκαδε</span> <span class='ocrx_word' id='word_1_576' title='bbox 1871 1803 1881 1821; x_wconf 90' lang='grc'>,</span> <span class='ocrx_word' id='word_1_577' title='bbox 1901 1773 1961 1811; x_wconf 82' lang='grc' dir='ltr'>καὶ</span> <span class='ocrx_word' id='word_1_578' title='bbox 1982 1778 2092 1812; x_wconf 65' lang='grc' dir='ltr'>ταῦτα</span> <span class='ocrx_word' id='word_1_579' title='bbox 2112 1772 2282 1826; x_wconf 75' lang='grc' dir='ltr'>χρήματα</span> <span class='ocrx_word' id='word_1_580' title='bbox 2303 1789 2369 1811; x_wconf 86' lang='grc' dir='ltr'>κα-</span> 
     </span>
     <span class='ocr_line' id='line_1_82' title="bbox 1337 1832 2370 1885; baseline -0.002 -13"><span class='ocrx_word' id='word_1_581' title='bbox 1337 1834 1535 1878; x_wconf 84' lang='grc' dir='ltr'>τατιθέντας</span> <span class='ocrx_word' id='word_1_582' title='bbox 1548 1851 1556 1858; x_wconf 90' lang='grc'><em>·</em></span> <span class='ocrx_word' id='word_1_583' title='bbox 1578 1837 1722 1874; x_wconf 73' lang='grc' dir='ltr'>ἐνταῦθα</span> <span class='ocrx_word' id='word_1_584' title='bbox 1738 1836 1774 1873; x_wconf 78' lang='grc' dir='ltr'>δὲ</span> <span class='ocrx_word' id='word_1_585' title='bbox 1796 1837 1843 1879; x_wconf 85' lang='grc' dir='ltr'>εἷς</span> <span class='ocrx_word' id='word_1_586' title='bbox 1871 1834 1934 1882; x_wconf 75' lang='grc' dir='ltr'>την</span> <span class='ocrx_word' id='word_1_587' title='bbox 1951 1833 2146 1885; x_wconf 77' lang='grc' dir='ltr'>πανήγυριν</span> <span class='ocrx_word' id='word_1_588' title='bbox 2160 1832 2290 1880; x_wconf 78' lang='grc' dir='ltr'>ταύτην</span> <span class='ocrx_word' id='word_1_589' title='bbox 2304 1832 2370 1880; x_wconf 78' lang='grc' dir='ltr'>τὴν</span> 
     </span>
     <span class='ocr_line' id='line_1_83' title="bbox 1338 1895 2366 1948; baseline -0.002 -14"><span class='ocrx_word' id='word_1_590' title='bbox 1338 1895 1580 1947; x_wconf 74' lang='grc' dir='ltr'>πνευματικὴν</span> <span class='ocrx_word' id='word_1_591' title='bbox 1600 1895 1828 1948; x_wconf 72' lang='grc' dir='ltr'>ἐρχομένους,</span> <span class='ocrx_word' id='word_1_592' title='bbox 1853 1895 1901 1946; x_wconf 85' lang='grc' dir='ltr'>μὴ</span> <span class='ocrx_word' id='word_1_593' title='bbox 1923 1901 2039 1934; x_wconf 80' lang='grc' dir='ltr'>πᾶσαν</span> <span class='ocrx_word' id='word_1_594' title='bbox 2054 1897 2227 1933; x_wconf 88' lang='grc' dir='ltr'>ποιεῖσθαι</span> <span class='ocrx_word' id='word_1_595' title='bbox 2259 1910 2366 1932; x_wconf 88' lang='grc' dir='ltr'>σπου-</span> 
     </span>
     <span class='ocr_line' id='line_1_84' title="bbox 1341 1953 2367 2010; baseline -0.003 -16"><span class='ocrx_word' id='word_1_596' title='bbox 1341 1957 1401 2004; x_wconf 73' lang='grc' dir='ltr'>δὴν</span> <span class='ocrx_word' id='word_1_597' title='bbox 1421 1957 1591 2000; x_wconf 67' lang='grc' dir='ltr'>λαὸόντας</span> <span class='ocrx_word' id='word_1_598' title='bbox 1628 1973 1661 1994; x_wconf 89' lang='grc' dir='ltr'>τι</span> <span class='ocrx_word' id='word_1_599' title='bbox 1691 1960 1758 1994; x_wconf 80' lang='grc' dir='ltr'>τῶν</span> <span class='ocrx_word' id='word_1_600' title='bbox 1786 1957 1987 2010; x_wconf 78' lang='grc' dir='ltr'>χρησίμων,</span> <span class='ocrx_word' id='word_1_601' title='bbox 2005 1955 2066 1994; x_wconf 73' lang='grc' dir='ltr'>καὶ</span> <span class='ocrx_word' id='word_1_602' title='bbox 2091 1957 2139 1998; x_wconf 87' lang='grc' dir='ltr'>εἷς</span> <span class='ocrx_word' id='word_1_603' title='bbox 2167 1954 2231 2002; x_wconf 70' lang='grc' dir='ltr'>τὴν</span> <span class='ocrx_word' id='word_1_604' title='bbox 2250 1953 2367 2006; x_wconf 70' lang='grc' dir='ltr'>ψυχὴν</span> 
     </span>
     <span class='ocr_line' id='line_1_85' title="bbox 1339 2014 2368 2069; baseline -0.003 -12"><span class='ocrx_word' id='word_1_605' title='bbox 1339 2021 1483 2057; x_wconf 79' lang='grc' dir='ltr'>ἐναποθε</span> <span class='ocrx_word' id='word_1_606' title='bbox 1490 2018 1613 2069; x_wconf 87' lang='grc' dir='ltr'>μένους</span> <span class='ocrx_word' id='word_1_607' title='bbox 1626 2018 1734 2062; x_wconf 75' lang='grc' dir='ltr'>οὕτως</span> <span class='ocrx_word' id='word_1_608' title='bbox 1750 2017 1946 2066; x_wconf 80' lang='grc' dir='ltr'>ἐπανιέναι,</span> <span class='ocrx_word' id='word_1_609' title='bbox 1965 2017 2026 2055; x_wconf 77' lang='grc' dir='ltr'>καὶ</span> <span class='ocrx_word' id='word_1_610' title='bbox 2047 2016 2200 2068; x_wconf 81' lang='grc' dir='ltr'>μάλιστα</span> <span class='ocrx_word' id='word_1_611' title='bbox 2215 2015 2272 2055; x_wconf 78' lang='grc' dir='ltr'>ὅτε</span> <span class='ocrx_word' id='word_1_612' title='bbox 2290 2014 2368 2054; x_wconf 79' lang='grc' dir='ltr'>οὐδὲ</span> 
     </span>
     <span class='ocr_line' id='line_1_86' title="bbox 1339 2076 2369 2132; baseline -0.002 -16"><span class='ocrx_word' id='word_1_613' title='bbox 1339 2079 1532 2131; x_wconf 78' lang='grc' dir='ltr'>χρημάτων</span> <span class='ocrx_word' id='word_1_614' title='bbox 1556 2079 1715 2126; x_wconf 81' lang='grc' dir='ltr'>δαπάνην</span> <span class='ocrx_word' id='word_1_615' title='bbox 1735 2079 1950 2132; x_wconf 81' lang='grc' dir='ltr'>ἐργάσασθαι</span> <span class='ocrx_word' id='word_1_616' title='bbox 1973 2079 2048 2126; x_wconf 82' lang='grc' dir='ltr'>δεῖ,</span> <span class='ocrx_word' id='word_1_617' title='bbox 2067 2076 2158 2116; x_wconf 78' lang='grc' dir='ltr'>ἀλλὰ</span> <span class='ocrx_word' id='word_1_618' title='bbox 2171 2076 2369 2129; x_wconf 82' lang='grc' dir='ltr'>προθυμίαν</span> 
     </span>
     <span class='ocr_line' id='line_1_87' title="bbox 1342 2136 2369 2191; baseline -0.003 -14"><span class='ocrx_word' id='word_1_619' title='bbox 1342 2139 1443 2190; x_wconf 87' lang='grc' dir='ltr'>μόνον</span> <span class='ocrx_word' id='word_1_620' title='bbox 1467 2142 1695 2191; x_wconf 82' lang='grc' dir='ltr'>εἰσενεγκεῖν,</span> <span class='ocrx_word' id='word_1_621' title='bbox 1728 2140 1787 2177; x_wconf 82' lang='grc' dir='ltr'>καὶ</span> <span class='ocrx_word' id='word_1_622' title='bbox 1819 2140 1962 2191; x_wconf 78' lang='grc' dir='ltr'>γνώμην</span> <span class='ocrx_word' id='word_1_623' title='bbox 1994 2138 2266 2189; x_wconf 72' lang='grc' dir='ltr'>συντεταμένην,</span> <span class='ocrx_word' id='word_1_624' title='bbox 2290 2136 2369 2175; x_wconf 82' lang='grc' dir='ltr'>Ἵνα</span> 
     </span>
     <span class='ocr_line' id='line_1_88' title="bbox 1341 2194 2369 2253; baseline -0.003 -15"><span class='ocrx_word' id='word_1_625' title='bbox 1341 2194 1398 2238; x_wconf 59' lang='grc' dir='ltr'>οὖν</span> <span class='ocrx_word' id='word_1_626' title='bbox 1424 2200 1472 2251; x_wconf 76' lang='grc' dir='ltr'>μὴ</span> <span class='ocrx_word' id='word_1_627' title='bbox 1493 2201 1631 2253; x_wconf 79' lang='grc' dir='ltr'>χείρους</span> <span class='ocrx_word' id='word_1_628' title='bbox 1658 2200 1838 2252; x_wconf 80' lang='grc' dir='ltr'>γενώμεθα</span> <span class='ocrx_word' id='word_1_629' title='bbox 1865 2204 1934 2238; x_wconf 81' lang='grc' dir='ltr'>τῶν</span> <span class='ocrx_word' id='word_1_630' title='bbox 1952 2206 2028 2243; x_wconf 88' lang='grc' dir='ltr'>ταῖς</span> <span class='ocrx_word' id='word_1_631' title='bbox 2049 2203 2231 2251; x_wconf 86' lang='grc' dir='ltr'>βιωτικαῖς</span> <span class='ocrx_word' id='word_1_632' title='bbox 2257 2214 2369 2245; x_wconf 82' lang='grc' dir='ltr'>πανη-</span> 
     </span>
     <span class='ocr_line' id='line_1_89' title="bbox 1341 2259 2370 2314; baseline -0.003 -14"><span class='ocrx_word' id='word_1_633' title='bbox 1341 2262 1478 2314; x_wconf 73' lang='grc' dir='ltr'>γύρεσιν</span> <span class='ocrx_word' id='word_1_634' title='bbox 1510 2261 1771 2313; x_wconf 62' lang='grc' dir='ltr'>ἐμὸαλλόντων,</span> <span class='ocrx_word' id='word_1_635' title='bbox 1793 2261 2039 2311; x_wconf 80' lang='grc' dir='ltr'>σπουδάζωμεν</span> <span class='ocrx_word' id='word_1_636' title='bbox 2070 2259 2203 2307; x_wconf 79' lang='grc' dir='ltr'>πολλὴν</span> <span class='ocrx_word' id='word_1_637' title='bbox 2241 2259 2370 2298; x_wconf 79' lang='grc' dir='ltr'>ἐπιδεί-</span> 
     </span>
     <span class='ocr_line' id='line_1_90' title="bbox 1342 2319 2367 2375; baseline -0.004 -13"><span class='ocrx_word' id='word_1_638' title='bbox 1342 2326 1485 2362; x_wconf 85' lang='grc' dir='ltr'>κνυσθαι</span> <span class='ocrx_word' id='word_1_639' title='bbox 1505 2322 1568 2369; x_wconf 76' lang='grc' dir='ltr'>τὴν</span> <span class='ocrx_word' id='word_1_640' title='bbox 1588 2322 1752 2375; x_wconf 77' lang='grc' dir='ltr'>φροντίδα</span> <span class='ocrx_word' id='word_1_641' title='bbox 1780 2322 1838 2360; x_wconf 82' lang='grc' dir='ltr'>καὶ</span> <span class='ocrx_word' id='word_1_642' title='bbox 1853 2321 1916 2368; x_wconf 75' lang='grc' dir='ltr'>τὴν</span> <span class='ocrx_word' id='word_1_643' title='bbox 1938 2321 2148 2373; x_wconf 82' lang='grc' dir='ltr'>ἀγρυπνίαν,</span> <span class='ocrx_word' id='word_1_644' title='bbox 2167 2319 2209 2357; x_wconf 76' lang='grc' dir='ltr'>ἵν’</span> <span class='ocrx_word' id='word_1_645' title='bbox 2231 2320 2367 2372; x_wconf 72' lang='grc' dir='ltr'>ἔχωμεν</span> 
     </span>
     <span class='ocr_line' id='line_1_91' title="bbox 1343 2381 2369 2435; baseline -0.004 -14"><span class='ocrx_word' id='word_1_646' title='bbox 1343 2386 1495 2422; x_wconf 70' lang='grc' dir='ltr'>ἐντεῦθεν</span> <span class='ocrx_word' id='word_1_647' title='bbox 1520 2383 1714 2428; x_wconf 79' lang='grc' dir='ltr'>ἐξελθόντες</span> <span class='ocrx_word' id='word_1_648' title='bbox 1744 2383 1885 2435; x_wconf 61' lang='grc' dir='ltr'>ἐφόδια,</span> <span class='ocrx_word' id='word_1_649' title='bbox 1909 2382 2000 2421; x_wconf 81' lang='grc' dir='ltr'>ὥστε</span> <span class='ocrx_word' id='word_1_650' title='bbox 2030 2381 2077 2432; x_wconf 78' lang='grc' dir='ltr'>μὴ</span> <span class='ocrx_word' id='word_1_651' title='bbox 2112 2381 2214 2431; x_wconf 88' lang='grc' dir='ltr'>μόνον</span> <span class='ocrx_word' id='word_1_652' title='bbox 2235 2383 2369 2422; x_wconf 80' lang='grc' dir='ltr'>ἑαυτοῖς</span> 
     </span>
     <span class='ocr_line' id='line_1_92' title="bbox 1344 2442 2369 2497; baseline -0.006 -13"><span class='ocrx_word' id='word_1_653' title='bbox 1344 2449 1482 2497; x_wconf 81' lang='grc' dir='ltr'>ἀρκεῖν,</span> <span class='ocrx_word' id='word_1_654' title='bbox 1502 2445 1593 2483; x_wconf 77' lang='grc' dir='ltr'>ἀλλὰ</span> <span class='ocrx_word' id='word_1_655' title='bbox 1626 2445 1685 2482; x_wconf 73' lang='grc' dir='ltr'>καὶ</span> <span class='ocrx_word' id='word_1_656' title='bbox 1706 2444 1835 2497; x_wconf 80' lang='grc' dir='ltr'>ἑτέροις</span> <span class='ocrx_word' id='word_1_657' title='bbox 1860 2447 2102 2496; x_wconf 72' lang='grc' dir='ltr'>ἐπιχορηγεῖν,</span> <span class='ocrx_word' id='word_1_658' title='bbox 2121 2442 2181 2480; x_wconf 83' lang='grc' dir='ltr'>καὶ</span> <span class='ocrx_word' id='word_1_659' title='bbox 2203 2442 2369 2480; x_wconf 79' lang='grc' dir='ltr'>δύνασθαι</span> 
     </span>
     <span class='ocr_line' id='line_1_93' title="bbox 1344 2499 2368 2557; baseline -0.005 -15"><span class='ocrx_word' id='word_1_660' title='bbox 1344 2504 1402 2541; x_wconf 85' lang='grc' dir='ltr'>καὶ</span> <span class='ocrx_word' id='word_1_661' title='bbox 1421 2503 1482 2551; x_wconf 74' lang='grc' dir='ltr'>τὴν</span> <span class='ocrx_word' id='word_1_662' title='bbox 1498 2510 1647 2555; x_wconf 85' lang='grc' dir='ltr'>γυναῖκα</span> <span class='ocrx_word' id='word_1_663' title='bbox 1665 2506 1836 2557; x_wconf 75' lang='grc' dir='ltr'>διορθοῦν,</span> <span class='ocrx_word' id='word_1_664' title='bbox 1856 2504 1913 2541; x_wconf 77' lang='grc' dir='ltr'>καὶ</span> <span class='ocrx_word' id='word_1_665' title='bbox 1932 2503 2008 2546; x_wconf 71' lang='grc' dir='ltr'>τοὺς</span> <span class='ocrx_word' id='word_1_666' title='bbox 2027 2501 2183 2549; x_wconf 75' lang='grc' dir='ltr'>οἰκέτας,</span> <span class='ocrx_word' id='word_1_667' title='bbox 2211 2501 2271 2539; x_wconf 78' lang='grc' dir='ltr'>καὶ</span> <span class='ocrx_word' id='word_1_668' title='bbox 2290 2499 2368 2544; x_wconf 76' lang='grc' dir='ltr'>τοὺς</span> 
     </span>
     <span class='ocr_line' id='line_1_94' title="bbox 1344 2561 2369 2617; baseline -0.004 -14"><span class='ocrx_word' id='word_1_669' title='bbox 1344 2564 1519 2615; x_wconf 82' lang='grc' dir='ltr'>γείτονας,</span> <span class='ocrx_word' id='word_1_670' title='bbox 1536 2565 1594 2603; x_wconf 77' lang='grc' dir='ltr'>καὶ</span> <span class='ocrx_word' id='word_1_671' title='bbox 1614 2565 1671 2603; x_wconf 82' lang='grc' dir='ltr'>τὸν</span> <span class='ocrx_word' id='word_1_672' title='bbox 1702 2564 1818 2617; x_wconf 77' lang='grc' dir='ltr'>φίλον,</span> <span class='ocrx_word' id='word_1_673' title='bbox 1841 2564 1899 2602; x_wconf 75' lang='grc' dir='ltr'>καὶ</span> <span class='ocrx_word' id='word_1_674' title='bbox 1932 2563 1989 2602; x_wconf 79' lang='grc' dir='ltr'>τὸν</span> <span class='ocrx_word' id='word_1_675' title='bbox 2015 2563 2136 2614; x_wconf 72' lang='grc' dir='ltr'>ἐχθρὸν</span> <span class='ocrx_word' id='word_1_676' title='bbox 2156 2561 2269 2599; x_wconf 73' lang='grc' dir='ltr'>αὐτόν.</span> <span class='ocrx_word' id='word_1_677' title='bbox 2287 2563 2369 2600; x_wconf 89' lang='grc' dir='ltr'>Τοι-</span> 
     </span>
     <span class='ocr_line' id='line_1_95' title="bbox 1346 2622 2368 2678; baseline -0.004 -14"><span class='ocrx_word' id='word_1_678' title='bbox 1346 2630 1434 2664; x_wconf 63' lang='grc' dir='ltr'>αὔτα</span> <span class='ocrx_word' id='word_1_679' title='bbox 1451 2626 1518 2678; x_wconf 81' lang='grc' dir='ltr'>γὰρ</span> <span class='ocrx_word' id='word_1_680' title='bbox 1548 2626 1592 2664; x_wconf 77' lang='grc' dir='ltr'>τὰ</span> <span class='ocrx_word' id='word_1_681' title='bbox 1615 2626 1833 2678; x_wconf 80' lang='grc' dir='ltr'>πνευματικὰ</span> <span class='ocrx_word' id='word_1_682' title='bbox 1860 2625 2076 2676; x_wconf 74' lang='grc' dir='ltr'>διδάγματα,</span> <span class='ocrx_word' id='word_1_683' title='bbox 2097 2627 2142 2668; x_wconf 83' lang='grc' dir='ltr'>ὣς</span> <span class='ocrx_word' id='word_1_684' title='bbox 2165 2622 2264 2662; x_wconf 82' lang='grc' dir='ltr'>κοινὰ</span> <span class='ocrx_word' id='word_1_685' title='bbox 2281 2629 2368 2661; x_wconf 77' lang='grc' dir='ltr'>πᾶσι</span> 
     </span>
     <span class='ocr_line' id='line_1_96' title="bbox 1345 2681 2369 2739; baseline -0.002 -15"><span class='ocrx_word' id='word_1_686' title='bbox 1345 2692 1568 2739; x_wconf 87' lang='grc' dir='ltr'>προκεῖσθαι,</span> <span class='ocrx_word' id='word_1_687' title='bbox 1596 2688 1654 2726; x_wconf 78' lang='grc' dir='ltr'>καὶ</span> <span class='ocrx_word' id='word_1_688' title='bbox 1675 2687 1849 2739; x_wconf 81' lang='grc' dir='ltr'>μηδεμίαν</span> <span class='ocrx_word' id='word_1_689' title='bbox 1874 2681 1961 2726; x_wconf 66' lang='grc' dir='ltr'>εἶναι</span> <span class='ocrx_word' id='word_1_690' title='bbox 1989 2688 2022 2724; x_wconf 81' lang='grc' dir='ltr'>ἐν</span> <span class='ocrx_word' id='word_1_691' title='bbox 2043 2687 2156 2728; x_wconf 78' lang='grc' dir='ltr'>αὐτοῖς</span> <span class='ocrx_word' id='word_1_692' title='bbox 2182 2683 2369 2736; x_wconf 74' lang='grc' dir='ltr'>διαφορὰν,</span> 
     </span>
     <span class='ocr_line' id='line_1_97' title="bbox 1347 2745 2369 2800; baseline -0.004 -13"><span class='ocrx_word' id='word_1_693' title='bbox 1347 2748 1436 2796; x_wconf 79' lang='grc' dir='ltr'>πλὴν</span> <span class='ocrx_word' id='word_1_694' title='bbox 1455 2752 1484 2787; x_wconf 85' lang='grc' dir='ltr'>εἰ</span> <span class='ocrx_word' id='word_1_695' title='bbox 1508 2749 1556 2800; x_wconf 77' lang='grc' dir='ltr'>μή</span> <span class='ocrx_word' id='word_1_696' title='bbox 1584 2749 1649 2788; x_wconf 80' lang='grc' dir='ltr'>πού</span> <span class='ocrx_word' id='word_1_697' title='bbox 1667 2766 1718 2792; x_wconf 81' lang='grc' dir='ltr'>τις</span> <span class='ocrx_word' id='word_1_698' title='bbox 1735 2748 1878 2800; x_wconf 86' lang='grc' dir='ltr'>γνώμην</span> <span class='ocrx_word' id='word_1_699' title='bbox 1897 2745 2151 2797; x_wconf 83' lang='grc' dir='ltr'>συντεταμένην</span> <span class='ocrx_word' id='word_1_700' title='bbox 2172 2745 2369 2797; x_wconf 83' lang='grc' dir='ltr'>εἰσενέγκας</span> 
     </span>
     <span class='ocr_line' id='line_1_98' title="bbox 1349 2806 2368 2861; baseline -0.003 -14"><span class='ocrx_word' id='word_1_701' title='bbox 1349 2810 1407 2848; x_wconf 79' lang='grc' dir='ltr'>καὶ</span> <span class='ocrx_word' id='word_1_702' title='bbox 1440 2809 1631 2861; x_wconf 82' lang='grc' dir='ltr'>προθυμίαν</span> <span class='ocrx_word' id='word_1_703' title='bbox 1676 2809 1816 2854; x_wconf 84' lang='grc' dir='ltr'>ζέουσαν</span> <span class='ocrx_word' id='word_1_704' title='bbox 1845 2808 2095 2861; x_wconf 81' lang='grc' dir='ltr'>ὓπερηκόντισε</span> <span class='ocrx_word' id='word_1_705' title='bbox 2119 2808 2176 2846; x_wconf 79' lang='grc' dir='ltr'>τὸν</span> <span class='ocrx_word' id='word_1_706' title='bbox 2206 2806 2368 2853; x_wconf 88' lang='grc' dir='ltr'>πλησίον.</span> 
     </span>
     <span class='ocr_line' id='line_1_99' title="bbox 1349 2865 2370 2922; baseline -0.002 -13"><span class='ocrx_word' id='word_1_707' title='bbox 1349 2871 1450 2909; x_wconf 72' lang='grc' dir='ltr'>Ἐπεὶ</span> <span class='ocrx_word' id='word_1_708' title='bbox 1474 2865 1531 2910; x_wconf 62' lang='grc' dir='ltr'>οὖν</span> <span class='ocrx_word' id='word_1_709' title='bbox 1551 2871 1609 2909; x_wconf 78' lang='grc' dir='ltr'>καὶ</span> <span class='ocrx_word' id='word_1_710' title='bbox 1632 2875 1699 2910; x_wconf 80' lang='grc' dir='ltr'>τῶν</span> <span class='ocrx_word' id='word_1_711' title='bbox 1726 2875 1873 2910; x_wconf 68' lang='grc' dir='ltr'>ἐνταῦθα</span> <span class='ocrx_word' id='word_1_712' title='bbox 1909 2870 2130 2922; x_wconf 83' lang='grc' dir='ltr'>διδαγμάτων</span> <span class='ocrx_word' id='word_1_713' title='bbox 2150 2873 2310 2907; x_wconf 75' lang='grc' dir='ltr'>τοσοῦτον</span> <span class='ocrx_word' id='word_1_714' title='bbox 2330 2869 2370 2907; x_wconf 82' lang='grc' dir='ltr'>τὸ</span> 
     </span>
     <span class='ocr_line' id='line_1_100' title="bbox 1349 2929 2369 2986; baseline -0.003 -16"><span class='ocrx_word' id='word_1_715' title='bbox 1349 2933 1492 2986; x_wconf 83' lang='grc' dir='ltr'>κέρδος,</span> <span class='ocrx_word' id='word_1_716' title='bbox 1522 2932 1603 2985; x_wconf 79' lang='grc' dir='ltr'>φέρε</span> <span class='ocrx_word' id='word_1_717' title='bbox 1634 2932 1784 2984; x_wconf 70' lang='grc' dir='ltr'>σήμερον</span> <span class='ocrx_word' id='word_1_718' title='bbox 1812 2932 1855 2970; x_wconf 75' lang='grc' dir='ltr'>τὰ</span> <span class='ocrx_word' id='word_1_719' title='bbox 1888 2930 2151 2982; x_wconf 78' lang='grc' dir='ltr'>ἀναγνωσθέντα</span> <span class='ocrx_word' id='word_1_720' title='bbox 2185 2932 2232 2973; x_wconf 80' lang='grc' dir='ltr'>εἰς</span> <span class='ocrx_word' id='word_1_721' title='bbox 2264 2929 2369 2980; x_wconf 85' lang='grc' dir='ltr'>μέσον</span> 
     </span>
     <span class='ocr_line' id='line_1_101' title="bbox 1348 2991 2368 3047; baseline -0.005 -15"><span class='ocrx_word' id='word_1_722' title='bbox 1348 2997 1550 3047; x_wconf 81' lang='grc' dir='ltr'>προθῶμεν,</span> <span class='ocrx_word' id='word_1_723' title='bbox 1578 2994 1637 3031; x_wconf 80' lang='grc' dir='ltr'>καὶ</span> <span class='ocrx_word' id='word_1_724' title='bbox 1666 2994 1705 3032; x_wconf 76' lang='grc' dir='ltr'>τὸ</span> <span class='ocrx_word' id='word_1_725' title='bbox 1733 2993 1766 3037; x_wconf 80' lang='grc' dir='ltr'>ἐξ</span> <span class='ocrx_word' id='word_1_726' title='bbox 1796 2995 1908 3031; x_wconf 82' lang='grc' dir='ltr'>αὐτῶν</span> <span class='ocrx_word' id='word_1_727' title='bbox 1933 2992 2051 3045; x_wconf 78' lang='grc' dir='ltr'>κέρδος</span> <span class='ocrx_word' id='word_1_728' title='bbox 2073 2991 2368 3044; x_wconf 83' lang='grc' dir='ltr'>καρπωσάμενοι,</span> 
     </span>
     <span class='ocr_line' id='line_1_102' title="bbox 1348 3052 2369 3105; baseline -0.005 -11"><span class='ocrx_word' id='word_1_729' title='bbox 1348 3055 1451 3098; x_wconf 70' lang='grc' dir='ltr'>οὕτως</span> <span class='ocrx_word' id='word_1_730' title='bbox 1471 3055 1587 3093; x_wconf 64' lang='grc' dir='ltr'>οἴκαδε</span> <span class='ocrx_word' id='word_1_731' title='bbox 1606 3054 1860 3104; x_wconf 59' lang='grc' dir='ltr'>ἐπανέλθοψεν.</span> <span class='ocrx_word' id='word_1_732' title='bbox 1890 3054 1959 3092; x_wconf 79' lang='grc' dir='ltr'>Καὶ</span> <span class='ocrx_word' id='word_1_733' title='bbox 1983 3052 2132 3105; x_wconf 80' lang='grc' dir='ltr'>ἤρξατο,</span> <span class='ocrx_word' id='word_1_734' title='bbox 2154 3052 2259 3103; x_wconf 75' lang='grc' dir='ltr'>φησὶ,</span> <span class='ocrx_word' id='word_1_735' title='bbox 2289 3053 2369 3090; x_wconf 70' lang='grc' dir='ltr'>Νῶε</span> 
     </span>
     <span class='ocr_line' id='line_1_103' title="bbox 1347 3112 2370 3168; baseline -0.004 -14"><span class='ocrx_word' id='word_1_736' title='bbox 1347 3116 1523 3168; x_wconf 76' lang='grc' dir='ltr'>ἅνθρωπος</span> <span class='ocrx_word' id='word_1_737' title='bbox 1539 3116 1689 3168; x_wconf 78' lang='grc' dir='ltr'>γεωργὸς</span> <span class='ocrx_word' id='word_1_738' title='bbox 1701 3119 1783 3166; x_wconf 61' lang='grc' dir='ltr'>γῆς,</span> <span class='ocrx_word' id='word_1_739' title='bbox 1802 3115 1861 3153; x_wconf 78' lang='grc' dir='ltr'>καὶ</span> <span class='ocrx_word' id='word_1_740' title='bbox 1882 3114 2060 3166; x_wconf 66' lang='grc' dir='ltr'>ἐφύτευσεν</span> <span class='ocrx_word' id='word_1_741' title='bbox 2081 3115 2272 3163; x_wconf 75' lang='grc' dir='ltr'>ἀμπελῶνα</span> <span class='ocrx_word' id='word_1_742' title='bbox 2283 3142 2293 3160; x_wconf 91' lang='grc'>,</span> <span class='ocrx_word' id='word_1_743' title='bbox 2310 3112 2370 3151; x_wconf 73' lang='grc' dir='ltr'>καὶ</span> 
     </span>
     <span class='ocr_line' id='line_1_104' title="bbox 1346 3173 2368 3226; baseline -0.004 -12"><span class='ocrx_word' id='word_1_744' title='bbox 1346 3177 1439 3215; x_wconf 83' lang='grc' dir='ltr'>ἔπιεν</span> <span class='ocrx_word' id='word_1_745' title='bbox 1457 3178 1494 3214; x_wconf 73' lang='grc' dir='ltr'>ἐκ</span> <span class='ocrx_word' id='word_1_746' title='bbox 1510 3181 1568 3215; x_wconf 76' lang='grc' dir='ltr'>τοῖὶ</span> <span class='ocrx_word' id='word_1_747' title='bbox 1585 3177 1692 3223; x_wconf 87' lang='grc' dir='ltr'>οἴνου,</span> <span class='ocrx_word' id='word_1_748' title='bbox 1719 3177 1778 3214; x_wconf 77' lang='grc' dir='ltr'>καί</span> <span class='ocrx_word' id='word_1_749' title='bbox 1797 3175 1980 3226; x_wconf 83' lang='grc' dir='ltr'>ἐμεθύσθη.</span> <span class='ocrx_word' id='word_1_750' title='bbox 2001 3174 2131 3212; x_wconf 79' lang='grc' dir='ltr'>Σκόπει</span> <span class='ocrx_word' id='word_1_751' title='bbox 2151 3173 2260 3221; x_wconf 81' lang='grc' dir='ltr'>πόσης</span> <span class='ocrx_word' id='word_1_752' title='bbox 2284 3177 2368 3224; x_wconf 80' lang='grc' dir='ltr'>ἡμῖν</span> 
     </span>
    </p>
   </div>
   <div class='ocr_carea' id='block_1_10' title="bbox 1347 3234 2365 3290">
    <p class='ocr_par' dir='ltr' id='par_1_21' title="bbox 1347 3234 2365 3290">
     <span class='ocr_line' id='line_1_105' title="bbox 1347 3234 2365 3290; baseline -0.001 -17"><span class='ocrx_word' id='word_1_753' title='bbox 1347 3238 1514 3290; x_wconf 51' lang='grc' dir='ltr'>ὠφελείας</span> <span class='ocrx_word' id='word_1_754' title='bbox 1540 3238 1700 3281; x_wconf 74' lang='grc' dir='ltr'>ὑπόθεσις</span> <span class='ocrx_word' id='word_1_755' title='bbox 1733 3237 1864 3288; x_wconf 74' lang='grc' dir='ltr'>γίνεται</span> <span class='ocrx_word' id='word_1_756' title='bbox 1898 3236 1979 3274; x_wconf 73' lang='grc' dir='ltr'>αὐτὸ</span> <span class='ocrx_word' id='word_1_757' title='bbox 2005 3239 2066 3282; x_wconf 57' lang='grc' dir='ltr'>τῆς</span> <span class='ocrx_word' id='word_1_758' title='bbox 2086 3234 2311 3286; x_wconf 79' lang='grc' dir='ltr'>ἀναγνώσεως</span> <span class='ocrx_word' id='word_1_759' title='bbox 2327 3236 2365 3272; x_wconf 75' lang='grc' dir='ltr'>το</span> 
     </span>
    </p>
   </div>
   <div class='ocr_carea' id='block_1_11' title="bbox 1421 3353 2145 3398">
    <p class='ocr_par' dir='ltr' id='par_1_22' title="bbox 1421 3353 2145 3398">
     <span class='ocr_line' id='line_1_106' title="bbox 1421 3353 2145 3398; baseline -0.003 -13"><span class='ocrx_word' id='word_1_760' title='bbox 1421 3360 1429 3369; x_wconf 70' lang='lat'><strong><em>‘</em></strong></span> <span class='ocrx_word' id='word_1_761' title='bbox 1456 3353 1587 3395; x_wconf 67' lang='lat' dir='ltr'>5¹¹1¹ffl¹l</span> <span class='ocrx_word' id='word_1_762' title='bbox 1608 3353 1635 3382; x_wconf 49' lang='lat' dir='ltr'>xl</span> <span class='ocrx_word' id='word_1_763' title='bbox 1656 3367 1679 3383; x_wconf 56' lang='lat' dir='ltr'>b.</span> <span class='ocrx_word' id='word_1_764' title='bbox 1701 3356 1854 3398; x_wconf 30' lang='grc' dir='ltr'>ἀήρ-ᾖσι,-</span> <span class='ocrx_word' id='word_1_765' title='bbox 1872 3355 2145 3386; x_wconf 53' lang='grc' dir='ltr'>ικῐτπναξιὶτπῖθκμ</span> 
     </span>
    </p>
   </div>
   <div class='ocr_carea' id='block_1_12' title="bbox 2512 1709 2516 2272">
    <p class='ocr_par' dir='ltr' id='par_1_23' title="bbox 2512 1709 2516 2272">
     <span class='ocr_line' id='line_1_107' title="bbox 2512 1709 2516 2272; baseline 0 0"><span class='ocrx_word' id='word_1_766' title='bbox 2512 1709 2516 2272; x_wconf 95' lang='lat' dir='ltr'> </span> 
     </span>
    </p>
   </div>
  </div>
 </body>
</html>
