2433 3775
775 198 815 227 ΙΝ
854 197 959 227 (ἸΑΡ.
999 197 1029 226 Ι.

1069 196 1230 226 GENES.

1275 196 1430 227 uouit„
1472 199 1533 228 vi.
2116 194 2180 249 ,Μ

128 281 187 320 καὶ
210 281 256 324 εἷς
272 280 400 332 πέτρας
422 280 480 318 τὸν
497 280 624 332 σπόρον
644 279 939 325 καταὸάλλοντας.
956 282 1047 319 Ἀλλ’
1073 280 1151 331 ἐμοὶ
1177 283 1198 312 Β
1226 279 1302 318 sive
1317 279 1501 318 dictamen
1522 281 1686 329 muliutis,
1701 282 1776 318 sire
1791 283 1917 321 audire
1937 295 2179 333 contemnatis,

131 341 194 392 μὲν
221 341 285 380 κᾶν
314 356 351 380 τε
377 340 526 387 ἀκούητε
546 344 615 380 τῶν
635 342 852 393 λεγομένων,
884 342 948 381 κάν
967 357 1005 380 τε
1034 356 1150 394 παρα-

129 403 272 451 κούητε,
300 403 344 440 τὰ
367 406 436 441 τῶν
465 405 596 454 μισθῶν
626 403 871 455 ἀπηρτισμένα
899 402 1076 456 τυγχάνει.
1099 403 1152 441 Τὸ

127 464 194 516 γὰρ
224 466 374 514 ἐμαυτοῦ
402 471 471 503 πᾶν
490 467 599 502 ποιῶν
632 465 829 511 διετέλεσα,
848 465 907 504 καὶ
928 465 966 504 τὸ
988 464 1151 518 ἀργύριον

128 524 334 573 κατέὸαλον,
353 526 412 563 καὶ
436 526 498 573 τὴν
527 526 704 565 νουθεσίαν
735 527 957 578 ἐποιησάμην
975 543 982 550 ·

129 648 306 701 γορήσεως
324 648 431 692 αἴτιος
446 648 615 700 γένωμαι.
629 649 674 687 Ὁ
690 649 757 701 γὰρ
777 650 908 695 δοῦλος,
928 649 1044 700 φησὶν,
1066 650 1151 687 ἐκεῖ·

130 724 185 751 νος
210 712 228 748 ὁ
256 709 354 753 εἰδὼς
381 709 422 748 τὸ
451 710 588 759 θέλημα
618 715 679 748 τοῦ
705 709 823 761 κυρίου
857 711 981 756 αὐτοῦ,
1013 709 1072 746 καὶ
1102 709 1150 760 μὴ

130 770 297 817 ποιήσας,
320 770 509 821 δαρήσεται
539 770 682 813 πολλοῖς.
715 770 805 808 Οὐδὲ
833 769 901 821 γὰρ
933 772 980 814 εἷς
1009 770 1151 822 ἄγνοιαν

129 832 226 879 ὑμῶν
244 845 295 874 τις
312 831 386 882 ἔχει
404 837 631 882 καταφυγεῖν,
652 829 759 873 οὕτως
777 833 877 880 ἡμῶν
898 833 976 869 καθ’
999 830 1150 877 ἑκάστην

126 890 261 943 ἡμέραν
285 890 328 928 τὰ
354 890 440 930 αὐτὰ
465 891 679 943 ἐνηχούντων
708 891 768 930 καὶ
795 892 1066 930 ὑποδεικνύντων
1092 892 1151 931 καὶ

126 951 189 995 τὰς
211 951 412 996 διαὸολικὰς
437 952 573 1003 πάγας,
601 952 660 990 καὶ
687 955 748 999 τῆς
775 954 900 1003 ἀρετῆς
925 952 988 999 τὴν
1016 952 1150 1000 πολλὴν

126 1011 306 1060 εὐκολίαν,
334 1013 392 1052 ἐὰν
422 1013 540 1065 νήφειν
573 1013 793 1064 βουλοίμεθα.
820 1011 870 1052 Ἢ
902 1015 965 1051 οὐκ
997 1013 1071 1052 ἴστε
1096 1013 1150 1052 ὅτι

127 1071 206 1116 τοὺς
237 1073 328 1111 οὕτω
362 1077 424 1120 τῆς
458 1077 589 1112 ἑαυτῶν
623 1073 796 1128 σωτηρίας
825 1076 1058 1125 ἀμελοῦντας,
1090 1074 1150 1113 καί

126 1149 210 1172 ποτε
235 1134 297 1185 μὲν
323 1137 469 1175 ἐνταῦθα
488 1135 801 1188 παραγινομένους,
824 1137 948 1175 ἄλλοτε
967 1134 1003 1174 δὲ
1033 1137 1081 1180 εἰς
1107 1136 1151 1175 τὰ

127 1199 186 1234 τοῦ
207 1196 368 1236 διαὸόλου
386 1197 508 1235 δίκτυα
527 1197 666 1241 ἑαυτοὺς
684 1198 881 1241 ἐκδιδόντας
899 1202 970 1242 τοῖς
986 1198 1066 1236 κυσὶ
1081 1214 1149 1236 πα·

132 1256 297 1307 ραὸοίλλει
310 1262 332 1305 ἡ
349 1258 424 1296 θεία
441 1260 468 1297 Γ
473 1259 581 1311 pap-63
601 1258 798 1312 Ἀνθρωπος
816 1259 901 1311 γὰρ,
919 1259 1024 1311 φησὶν
1035 1289 1045 1307 ,
1061 1260 1151 1297 ἀπο-

129 1317 284 1370 στρέφων
314 1320 384 1358 ἀπὸ
414 1323 475 1366 τῆς
511 1320 684 1372 ἁμαρτίας
713 1322 839 1368 αὐτοῦ,
876 1320 936 1358 καὶ
965 1320 1070 1359 πάλιν
1104 1323 1151 1364 εἷς

129 1377 237 1424 αὐτὴν
267 1378 435 1427 ἐπανιὼν,
469 1381 586 1431 ὅμοιός
617 1382 692 1419 ἐστι
722 1381 797 1419 κυνὶ
824 1381 1066 1435 ἐπιστρέφοντι
1093 1382 1151 1422 ἐπὶ

128 1438 186 1476 τὸν
219 1440 302 1478 ἴδιον
330 1440 463 1490 ἔμετον.
495 1441 604 1495 Ὁρᾷς
629 1441 697 1480 τίνι
727 1442 880 1482 ἐοίκασιν
910 1445 941 1482 οἱ
975 1444 1061 1496 πρὸς
1088 1443 1151 1491 τὴν

128 1499 209 1538 θέαν
237 1501 371 1548 ἐκείνην
405 1503 468 1550 τὴν
500 1504 704 1557 παράνομον
734 1504 1038 1557 οδεδραγιιηκοθτεςς
1075 1508 1151 1545 Οὐκ

126 1562 299 1607 ἠκούσατε
317 1568 377 1602 τοῦ
396 1565 550 1617 Χριστοῦ
574 1564 749 1617 λέγοντος,
772 1566 850 1609 Πᾶς
877 1569 896 1604 ὁ
923 1565 1057 1605 ἀκούων
1085 1582 1151 1617 μου

123 1621 202 1667 τοὺς
216 1622 337 1675 λόγους
358 1625 496 1669 τούτους
507 1653 516 1671 ,
533 1626 593 1664 καὶ
613 1626 661 1677 μὴ
677 1628 787 1666 ποιῶν
808 1626 932 1672 αὐτοὺς
943 1658 953 1674 ,
969 1629 1149 1678 ὁμοιωθή-

125 1699 222 1721 σεται
241 1685 339 1737 ἀνδρὶ
358 1688 479 1738 μωρῷ,
494 1686 587 1730 ὅστις
605 1687 810 1739 ᾠκοδόμησε
828 1687 892 1735 τὴν
914 1687 1026 1727 οἰκίαν
1043 1691 1085 1728 αὖ
1095 1693 1147 1728 τοῦ

124 1744 181 1782 ἐπὶ
200 1745 262 1792 τὴν
288 1747 420 1797 ἅμμον,
440 1748 499 1786 καὶ
518 1743 621 1796 ἦλθον
650 1752 682 1787 οἱ
706 1749 877 1801 ποταμοὶ,
900 1748 960 1788 καὶ
979 1749 1148 1790 ἔπνευσαν

123 1808 153 1844 οἱ
173 1806 307 1857 ἄνεμοι,
319 1807 378 1845 καὶ
393 1809 633 1862 προσέρρηξαν
647 1814 689 1862 τῇ
706 1810 799 1864 οἰκίᾳ
814 1810 941 1862 ἐκείνῃ,
960 1811 1018 1849 καὶ
1033 1810 1148 1860 ἔπεσε,

122 1866 180 1903 καὶ
205 1861 246 1913 ἦν
267 1871 289 1914 ἡ
307 1872 439 1912 πτῶσις
459 1871 564 1917 αὐτ-’ἧς
585 1871 740 1922 μεγάλη,
761 1874 808 1910 Οἱ
837 1871 872 1909 δὲ
890 1873 937 1915 εἰς
958 1871 1022 1918 τὴν
1044 1874 1148 1911 ἱππο-

122 1927 269 1979 δρομίαν
287 1930 563 1982 δεδραμηκότες,
582 1932 642 1969 καὶ
660 1931 782 1971 τούτου
803 1933 940 1984 χείρους
954 1932 1146 1985 γεγόνασιν.

122 1987 279 2026 Ἐκείνου
306 1990 373 2041 γὰρ
400 1995 422 2038 ἡ
443 1992 537 2030 οἰκία
565 1992 629 2030 κᾶν
658 1992 746 2043 μετὰ
773 1993 837 2040 τὴν
859 1993 1059 2047 προσὸολὴν
1084 1994 1147 2042 τὴν

120 2049 346 2088 κατάπτωσιν
375 2052 540 2103 ὑπέμεινε
559 2069 566 2076 ·
606 2053 783 2105 ποταμοὺς
811 2054 881 2107 γὰρ
908 2055 968 2093 καὶ
999 2055 1146 2106 ἀνέμους

121 2103 233 2156 εἶπεν,
261 2113 326 2164 οὐχ
352 2112 409 2150 ἵνα
439 2113 572 2152 ὑδάτων
593 2113 751 2161 ι’πλῆθος
779 2114 952 2163 αἰνίξηται
970 2119 1055 2167 ἡμῖν
1085 2117 1144 2154 καὶ

120 2169 258 2221 ἀνέμων
278 2173 517 2225 σφοδρότητα,
538 2174 628 2213 ἀλλὰ
648 2178 716 2213 τῶν
737 2179 942 2227 πειρασμῶν
970 2176 1034 2222 τὴν
1054 2179 1142 2215 ἐπα-

118 2232 234 2284 γωγὴν
253 2232 316 2280 τὴν
333 2235 484 2288 σφοδράν
497 2251 504 2258 ·
526 2235 586 2274 καὶ
608 2235 672 2282 τὴν
696 2236 922 2275 κατάπτωσιν
938 2239 1001 2284 τῆς
1019 2237 1142 2286 οἰκίας,

117 2294 182 2345 οὐχ
205 2292 261 2332 ἵνα
289 2295 370 2349 περὶ
389 2297 558 2344 αἰσθητῆς
586 2297 696 2342 οἰκίας
722 2297 922 2350 νομίσωμεν
940 2314 948 2322 ·
970 2298 1052 2351 περὶ
1073 2298 1141 2352 γὰρ

114 2356 231 2407 ψυχῆς
254 2359 272 2394 ὁ
293 2356 393 2409 λόγος
420 2360 483 2403 τῆς
512 2359 582 2397 ἀπὸ
605 2362 667 2406 τ’ἧς
694 2363 762 2398 τῶν
792 2361 911 2399 δεινῶν
943 2361 1141 2413 προσὸολῆς

115 2418 419 2466 καταπιπτούσης,
453 2419 514 2458 καὶ
541 2420 590 2470 μὴ
623 2421 827 2469 δυνηθείσης
857 2424 1033 2474 ἀντισχεῖν
1050 2437 1057 2445 ·
1085 2424 1137 2474 ἐφ’

115 2478 213 2527 ὑμῶν
235 2477 271 2517 δὲ
293 2479 371 2517 οὔτε
397 2480 522 2531 ἄνεμος
541 2482 700 2530 ἐκινήθη,
720 2482 798 2521 οὔτε
817 2482 971 2534 ποταμοὶ
989 2483 1139 2536 προσέῤ-

116 2537 233 2588 ῥηξαν,
250 2541 327 2577 ἀλλ’
344 2541 464 2585 ἁπλῶς
483 2542 571 2594 αὔρα
586 2559 639 2586 τις
655 2543 763 2595 μικρὰ
781 2544 963 2592 διαέολικὴ
981 2545 1136 2594 ἔπνευσε,

113 2599 172 2636 καὶ
200 2600 333 2646 πάντας
357 2604 448 2652 ὑμᾶς
478 2603 689 2656 ἀνεβρίπισε.
708 2604 756 2643 Τί
780 2604 911 2652 ταύτης
935 2609 998 2652 τῆς
1019 2606 1137 2650 ἀνοίας

110 2665 226 2713 χεῖρον
250 2662 375 2713 γένοιτ’
395 2663 456 2710 ἄν;
475 2663 510 2701 τί
528 2667 591 2711 τῆς
617 2664 778 2712 νηστείας
796 2666 936 2718 ὄφελος,
957 2666 1035 2705 εἰπέ
1054 2683 1134 2718 μοι;

109 2720 144 2757 τί
167 2724 230 2768 τῆς
260 2725 407 2762 ἐνταῦθα
435 2725 662 2770 συνελεύσεως
690 2727 731 2766 τὸ
760 2726 898 2781 κέρδος,
925 2727 991 2773 Τίς
1011 2731 1073 2767 οὐκ
1092 2729 1132 2767 ἂν

1013 526 1150 565 δέδοικα
1174 555 1205 580 100

128 585 164 625 δὲ
184 586 243 625 καὶ
264 589 402 638 ἀγωνιῶ
423 586 498 637 αμὴ
518 588 630 640 τούτῳ
650 590 745 640 αὐτῷ
764 587 920 632 πλείονος
936 590 1016 638 ὑμῖν
1042 603 1151 634 κατη-
1177 592 1202 621 Δ
1227 587 1329 622 enim
1346 586 1427 635 ille,
1441 586 1503 635 ait,
1520 589 1587 638 qui
1600 589 1669 624 scil
1686 587 1930 625 voluntatem
1946 589 2095 627 domini
2108 595 2180 639 sui,
2208 598 2248 622 'r‘

1227 354 1358 379 merces
1379 354 1457 380 mea
1476 341 1611 393 integra
1626 342 1704 379 erit.
1719 343 1809 380 Nam
1831 357 1934 381 omne
1949 346 2042 395 quod
2063 361 2182 384 mcum

1226 410 1311 449 erat,
1331 401 1396 440 feci
1415 417 1423 438 ε
1444 402 1629 454 pecuniam
1656 401 1898 451 dinumeravi,
1920 405 2183 446 admonitiones·

1225 462 1378 501 adhibui
1398 478 1406 500 ε
1424 463 1530 501 timeo
1559 472 1690 512 autem,
1709 473 1742 501 et
1773 465 1902 503 anxius
1925 480 2018 514 sum,
2045 481 2087 504 ne
2115 468 2179 504 ho«-

2202 583 2234 601 l,-

1227 655 1263 682 e!
1286 660 1363 683 non
1379 648 1493 698 fiecil,
1520 648 1727 699 vapulabit
1751 649 1895 687 mullis.
1914 650 2063 688 Nullum
2085 652 2178 689 euim

1227 706 1393 757 cuiquam
1415 717 1571 745 vestrum
1591 707 1636 745 ad
1658 709 1891 759 ignorantiam
1908 710 1974 749 crit
1989 712 2181 762 refugiunt,

1225 778 1307 803 cum
1328 781 1390 805 nos
1405 767 1526 805 cadem
1545 768 1706 818 quotidie
1727 769 1942 820 insonenms,
1967 781 1999 809 et
2018 772 2184 811 ostenda-

1226 842 1306 865 mus
1329 828 1528 866 diabolicos
1546 830 1703 880 laqueos,
1719 839 1753 867 et
1775 845 1941 882 magnam
1962 833 2106 872 virtutis
2126 836 2181 872 sa—

1224 888 1408 938 uilitatem,
1426 889 1456 927 si
1475 899 1595 928 tamen
1619 890 1747 941 vigiles
1774 905 1847 929 esse
1877 893 2107 933 voluerimus.
2129 899 2183 934 Au

1225 949 1367 988 nescitis
1385 964 1443 988 eos
1469 951 1531 1001 qui
1557 951 1607 989 sic
1638 965 1740 990 suam
1759 952 1909 990 salutem
1930 954 2126 1005 negligunt,
2151 966 2184 994 et

1224 1010 1418 1062 aliquando
1434 1011 1506 1050 huc
1526 1012 1684 1061 veniunt,
1701 1012 1895 1064 aliquando
1913 1024 2032 1053 autem
2048 1015 2084 1053 in
2108 1016 2181 1054 (la)-

1225 1085 1372 1110 monum
1403 1072 1493 1110 retia
1524 1087 1561 1111 se
1586 1073 1768 1125 injiciunt,
1794 1088 1814 1111 a
1844 1075 2028 1127 Scriptura
2061 1077 2184 1115 divina

1226 1132 1375 1171 canibus
1405 1133 1634 1186 comparari?
1656 1136 1785 1173 Homo
1813 1135 1928 1186 enim,
1960 1137 2088 1188 inquit,
2116 1142 2185 1191 qui
2199 1156 2296 1183 pm„
2316 1157 2351 1184 2(-

1225 1199 1463 1234 convertitur
1481 1211 1505 1234 a
1522 1205 1682 1248 peccato
1713 1212 1796 1243 suo,
1821 1207 1857 1235 ec
1889 1201 2026 1237 iterum
2053 1203 2094 1237 in
2127 1202 2183 1238 id·
2204 1205 2250 1225 ¹¹·

1224 1257 1348 1307 ipsum
1360 1257 1621 1304 redit,simili5
1633 1266 1688 1296 est
1702 1261 1792 1295 cuni
1804 1260 1858 1296 ad
1868 1263 2059 1298 vomitum
2071 1276 2184 1300 suurn

1224 1318 1414 1357 redeunti.
1438 1317 1551 1357 Vides
1580 1318 1639 1356 cui
1668 1319 1802 1358 similes
1827 1321 1910 1359 facti
1939 1331 2022 1360 sunt
2046 1323 2108 1374 qui
2136 1324 2183 1361 ad

1177 1387 1199 1416 B
1224 1376 1393 1416 illicitum
1430 1379 1498 1416 hoc
1534 1380 1776 1432 spectaculum
1816 1384 2071 1421 accurrerunt?
2103 1385 2182 1422 Non

1224 1439 1375 1478 audistis
1402 1440 1600 1490 Christum,
1615 1441 1959 1481 dice11ten120mnis
1987 1447 2054 1496 qui
2072 1446 2183 1484 audit
2198 1462 2309 1489 Μαιιβι.
2333 1472 2362 1499 7·

1224 1502 1293 1539 Itos
1313 1515 1506 1539 sermones
1532 1515 1648 1547 meos,
1666 1511 1702 1541 et
1725 1517 1802 1540 non
1807 1505 1917 1556 facit
1943 1519 2020 1552 eos,
2045 1508 2182 1545 similis
2199 1503 2247 1531 26.
2271 1513 2319 1540 7·7·

1224 1565 1297 1600 erit
1318 1565 1407 1600 viro
1425 1563 1560 1610 stulto,
1583 1566 1651 1615 qui
1669 1565 1878 1617 oedficavit
1895 1567 2053 1605 domum
2072 1583 2181 1607 suam

1224 1638 1338 1676 super
1367 1638 1547 1670 arenam5
1568 1634 1603 1663 et
1635 1635 1826 1664 venerunt
1846 1627 2087 1680 flumina,et
2107 1630 2183 1681 fla-

1226 1694 1365 1724 verunt
1386 1689 1512 1736 venti,
1534 1695 1571 1724 et
1593 1689 1788 1725 irruerunt
1806 1690 1847 1724 in
1866 1689 2023 1727 domum
2051 1691 2178 1738 illam,

1222 1755 1259 1784 et
1276 1748 1429 1794 cecidit,
1452 1748 1580 1799 etsuit
1599 1751 1715 1786 ruina
1730 1749 1837 1787 illius
1857 1763 2000 1802 magna
2015 1755 2031 1788 P
2051 1754 2096 1789 At
2118 1755 2181 1804 qui

1220 1807 1267 1844 ad
1289 1807 1462 1846 circenses
1489 1807 1594 1845 ludos
1616 1808 1744 1858 ierunt,
1769 1809 1832 1847 illo
1859 1810 1963 1862 longe
1990 1811 2181 1852 deteriores

1226 1867 1308 1905 facti
1323 1876 1418 1906 sunt.
1435 1867 1535 1906 Illius
1550 1868 1643 1906 enim
1656 1868 1786 1907 domus
1803 1870 1936 1922 dejecta
1948 1881 2010 1921 est,
2024 1873 2086 1911 sed
2100 1885 2179 1926 post

1222 1927 1381 1967 validam
1408 1927 1662 1981 impulsionem
1684 1944 1691 1964 :
1713 1929 1862 1968 flumina
1888 1932 1983 1970 enim
2003 1943 2034 1971 et
2057 1944 2179 1973 ventos

1219 1987 1326 2037 dixit,
1340 2003 1410 2027 non
1426 1998 1465 2026 ut
1479 1998 1667 2027 ventorum
1681 1989 1835 2043 impetus
1853 2001 1884 2030 et
1900 2007 2073 2044 aquarum
2086 1997 2178 2034 mul—

1169 2063 1194 2095 c
1220 2049 1388 2088 titudines
1407 2049 1552 2100 indicet,
1573 2050 1635 2088 sed
1655 2059 1695 2088 ut
1711 2053 1947 2091 tentationum
1968 2055 2177 2096 violentiam

1218 2109 1440 2158 insinuet301
1464 2111 1605 2148 ruinam
1633 2110 1780 2162 domus,
1809 2127 1880 2151 non
1906 2123 1944 2152 ut
1971 2117 2176 2157 sensibilem

1216 2169 1367 2208 domum
1386 2171 1626 2223 imaginemur
1645 2188 1652 2208 :
1674 2171 1720 2211 de
1738 2173 1856 2212 anima
1872 2175 1966 2213 enim
1982 2190 2097 2216 sermo
2112 2189 2175 2226 est,

1218 2245 1296 2281 quae
1317 2232 1490 2284 gravibus
1509 2232 1766 2271 afflictionibus
1778 2233 1960 2287 dejicitur,
1977 2251 2088 2289 neque
2104 2240 2175 2278 illis

1215 2292 1376 2331 resistere
1388 2303 1522 2347 potest;
1535 2294 1571 2332 in
1584 2308 1648 2333 vos
1663 2304 1782 2333 autem
1801 2310 1915 2348 neque
1930 2308 2057 2338 ventus
2072 2302 2172 2340 astla—

1215 2354 1281 2406 νὴ,
1304 2369 1417 2406 neque
1430 2355 1536 2394 fluvii
1556 2356 1737 2394 irruerunt
1745 2372 1757 2407 5
1774 2358 1834 2396 sed
1855 2358 2043 2399 dumtaxat
2058 2363 2172 2401 tenuis

1214 2415 1379 2466 quaedam
1407 2430 1494 2454 aura
1518 2415 1698 2455 diabolica
1725 2418 1891 2470 spiravit,
1909 2430 1941 2458 et
1963 2436 2083 2460 omnes
2108 2438 2170 2461 vos

1214 2477 1402 2515 subvertit.
1416 2476 1512 2524 Quid
1541 2477 1609 2515 hac
1631 2477 1831 2531 insipientia
1857 2480 2014 2521 deterius
2038 2484 2168 2523 suerit?

1211 2552 1290 2590 quae
1305 2539 1434 2592 jejunii
1461 2538 1611 2588 utilitas,
1630 2538 1704 2588 dic,
1727 2541 1815 2578 oro?
1832 2542 1929 2592 quod
1960 2543 2099 2582 lucrum
2122 2559 2168 2584 ex

1210 2601 1278 2639 hac
1298 2599 1592 2653 congregatione?
1608 2599 1699 2647 Quis
1718 2615 1787 2638 non
1807 2611 1840 2639 et
1863 2616 1927 2639 vos
1953 2603 2164 2655 deploraret,

1208 2670 1242 2699 et
1257 2675 1321 2700 nos
1334 2662 1482 2699 miseros
1494 2659 1652 2698 diceret?
1669 2662 1754 2710 Vos,
1770 2661 1930 2712 inquam,
1947 2664 2031 2714 quia
2045 2667 2162 2705 omnia

1207 2737 1284 2775 quae
1298 2722 1504 2774 collegistis,
1520 2721 1629 2760 simul
1647 2721 1834 2771 effudistis,
1845 2724 2014 2775 etjanuas
2034 2728 2162 2766 mentis

109 2780 168 2818 καὶ
197 2781 285 2834 ὑπὲρ
319 2785 415 2833 ὑμῶν
453 2785 646 2832 στενάξειε,
685 2785 744 2824 καὶ
774 2790 868 2835 ἡμᾶς
897 2788 1132 2836 calma-aem
1158 2795 1182 2824 υ
1206 2793 1332 2822 vestrae
1344 2782 1839 2836 pravodaemoniaperuistis,
1856 2785 2022 2824 utfacilis
2037 2787 2067 2825 ei
2084 2789 2162 2826 adi—

108 2837 219 2894 Ὑηὲρ
238 2843 335 2892 ὑμῶν
363 2842 446 2892 μὲν,
475 2843 528 2880 ὅτι
554 2844 706 2893 ἅπαντα,
735 2844 798 2882 ὅσα
824 2846 1058 2898 συνηγάγετε,
1075 2848 1131 2899 ὑφ’

106 2895 142 2933 ἓν
162 2895 334 2951 ἐξεχέατε,
354 2900 412 2938 καὶ
434 2901 495 2944 τὰς
513 2901 617 2954 θύρας
634 2906 696 2949 τῆς
713 2903 866 2948 διανοίας
884 2908 980 2956 ὑμῶν
1001 2908 1128 2945 ἀνεπε-

106 2957 237 2997 τάσατε
257 2963 308 3013 τῷ
326 2964 468 3015 πονηρῷ
493 2963 649 3014 δαίμονι,
668 2964 758 3003 ὥστε
781 2965 840 3003 καὶ
867 2968 1050 3016 εἰσελθεῖν,
1070 2970 1128 3007 καὶ

107 3019 195 3068 μετὰ
224 3023 357 3068 πολλῆς
387 3026 450 3070 τῆς
474 3025 632 3069 εὐκολίας
661 3025 775 3064 πάντα
809 3030 905 3079 ὑμῶν
937 3031 1127 3082 ἐκφορῆσαι

104 3080 162 3118 τὸν
183 3083 331 3121 πλοῦτον
361 3083 419 3122 τὸν
447 3086 681 3135 πνευματικόν
698 3103 705 3110 ·
725 3093 819 3138 ἡμᾶς
846 3089 882 3127 δὲ
911 3091 1126 3130 ταλανίσειεν

103 3142 255 3191 εἰκότως,
276 3144 330 3183 ὅτι
353 3146 399 3188 εἷς
417 3144 541 3196 νεκρὰς
561 3146 668 3190 οὕτως
699 3150 890 3201 ἐνηχοῦμεν
919 3151 1038 3199 ἀκοὰς,
1069 3153 1127 3190 καὶ

148 3263 163 3286 ¹¹
180 3263 280 3296 Savil.
299 3273 333 3296 et
348 3265 430 3309 Reg.
450 3278 532 3299 unus
547 3275 591 3311 μὴ
609 3276 695 3305 τοῦτο
713 3276 794 3307 αὑτὸ-

145 3325 157 3338 ³
174 3315 274 3348 Savit.
294 3323 328 3348 et.
342 3316 478 3350 Coislin.
499 3324 780 3366 συνδεδραμηκότες-

287 3391 367 3415 ΤΟΜ
376 3408 382 3416 .
415 3393 468 3417 lv.

1206 2853 1263 2882 tus
1281 2857 1355 2882 esse
1378 2841 1424 2880 ad
1447 2839 1643 2879 efferendas
1666 2854 1786 2878 omncs
1802 2851 1935 2881 vestras
1954 2844 2158 2896 spirituales

1201 2904 1350 2942 divitias
1356 2919 1366 2953 3
1381 2917 1444 2941 nos
1454 2915 1538 2940 vcro
1552 2900 1698 2939 miseros
1714 2901 1794 2952 quis
1806 2902 1888 2955 jure
1901 2904 2050 2956 dixerit,
2060 2908 2156 2958 qnod

1200 2965 1248 3003 ita
1260 2964 1412 3003 mortuis
1426 2962 1574 3001 auribus
1585 2962 1892 3013 concioncmu1·‚ac
1903 2968 2155 3020 tantamjactu-

1199 3041 1276 3064 ram
1300 3025 1485 3073 faciamus,
1511 3032 1544 3060 ct
1569 3022 1728 3074 quotidie
1757 3024 1979 3075 seminantes,
2011 3029 2152 3068 nullum

1198 3088 1379 3140 percipere
1398 3087 1554 3123 fructum
1578 3084 1768 3136 possimus.
1794 3087 1892 3125 Num
1918 3088 1984 3127 hac
2008 3090 2081 3127 sola
2107 3091 2152 3129 dc

1197 3166 1300 3190 causa
1314 3161 1386 3188 tam
1398 3148 1546 3188 studiosi
1562 3148 1597 3185 in
1614 3147 1765 3187 dicendo
1777 3152 1913 3199 sumus,
1924 3162 1961 3190 ut
1975 3167 2075 3192 aures
2089 3169 2151 3194 ve-

1187 3277 1202 3299 ¹⁹
1218 3274 1355 3308 Cois-lin.
1373 3278 1484 3311 πλῆθος
1507 3278 1576 3314 ἡμῖν
1594 3275 1763 3313 ἐνδείξηται.
1784 3275 1881 3315 [Mox
1903 3275 2006 3308 Savil.
2027 3282 2073 3311 καὶ
2100 3294 2150 3316 τη,

1143 3335 1330 3361 κατάπαστα
1347 3328 1376 3359 δὲ
1394 3334 1443 3363 τῆς
1461 3325 1536 3365 oin]

1940 3390 1961 3424 5

1226 523 1330 562 vobis
1355 524 1401 562 ad
1427 525 1597 577 majorem
1623 525 1883 564 accusationem
1912 526 2022 564 cedat.
2042 528 2178 567 Seruus
2201 545 2273 572 Lm.
2298 554 2340 571 ,φ

2345 1168 2363 1184 '-
