2516 3791
310 173 404 218 (iili
735 190 772 220 5.
809 192 986 222 JOANNJS
1023 188 1262 220 CHRYSOST.
1303 187 1505 217 ARCHIEP.
1546 188 1893 218 coxs'ixia'rimr.

1276 281 1319 305 521

627 328 837 366 HOMILIA
866 328 945 365 LV.
1286 318 1311 346 A

109 460 215 484 cenes.
245 465 292 495 29.
312 447 358 485 Et
375 447 470 486 dixit
492 448 612 485 Laban
632 447 678 485 ad
696 445 808 486 Jacob
823 461 830 482 :
845 444 1026 492 Quoniam
1040 444 1148 482 frater
1162 457 1262 482 meus

131 498 164 526 ¹5
174 520 177 524 ·
362 522 397 545 es
416 517 473 551 tu,
497 521 565 545 non
586 507 717 547 servies
735 505 806 544 mei
827 505 937 557 gratis
947 520 959 556 3
977 504 1038 543 dic
1054 505 1145 542 mihi
1155 534 1167 554 ,
1182 518 1260 556 quae

362 583 494 606 merces
512 577 586 605 tua.

360 699 394 732 1.
412 695 507 733 Satis
522 695 598 733 heri
611 709 656 733 cx
670 695 853 748 praeludiis
869 695 1259 748 peregrinationisjusti

304 757 419 794 edocti
451 771 574 794 sumus
610 766 742 808 quanta
776 757 882 795 suerit
916 758 992 810 ejus
1024 757 1261 810 philosophia:

306 816 526 869 magnitudo,
553 827 698 870 propter
726 832 833 869 quam
851 831 995 856 causam
1017 827 1151 857 tantam
1178 833 1260 871 pro-

304 878 508 916 missionem
524 892 543 915 a
561 879 636 916 Deo
651 887 890 930 consequutus
907 888 970 917 est.
993 880 1128 917 Iterum
1142 889 1262 917 autem

304 953 367 991 per
395 952 513 990 preces
553 947 585 976 et
618 948 764 986 votum,
790 953 869 990 quae
897 939 980 977 fecit
1011 940 1261 979 universorum

306 1000 475 1050 Domino,
494 994 730 1038 sufficientem
755 1000 954 1038 doctrinam
973 1000 1076 1038 nobis
1095 1001 1261 1039 omuibus

306 1061 420 1111 dedit,
434 1061 463 1099 si
480 1061 653 1100 vellemus
667 1060 714 1099 ad
732 1061 943 1099 imitandam
963 1062 1136 1100 virtutem
1160 1062 1262 1101 illius
1284 1078 1307 1107 B

307 1122 466 1160 excitari.
490 1122 636 1162 Etenim
655 1122 891 1161 admiratione
912 1122 1063 1175 dignum
1082 1132 1150 1173 est,
1173 1138 1260 1175 quo-

309 1183 415 1222 modo
443 1183 612 1222 virtutem
637 1184 750 1222 sciens
769 1184 1031 1236 promittentis,
1056 1194 1090 1223 et
1114 1185 1262 1224 audiens

310 1244 595 1296 magnitudinem
611 1244 678 1282 sibi
700 1245 973 1297 promissorum,
989 1260 1102 1297 neque
1120 1247 1170 1284 sic
1189 1262 1263 1285 ma-

309 1319 422 1356 gnum
444 1305 581 1356 aliquid
601 1314 635 1343 et
656 1306 809 1343 sublime
822 1306 1002 1358 postulare
1017 1307 1263 1346 attentaverit:

309 1366 371 1403 sed
386 1366 445 1403 illa
463 1365 652 1403 dumtaxat
664 1366 786 1418 petiit,
804 1381 882 1418 qua:
900 1367 1051 1405 audistis
1065 1367 1156 1419 heri,
1167 1382 1265 1406 nem-

310 1441 353 1478 pe
365 1441 404 1464 ea
426 1441 505 1478 quae
521 1426 566 1464 ad
582 1426 831 1478 quotidianum
851 1428 1062 1466 alimentum
1078 1429 1145 1467 sibi
1165 1430 1265 1467 suffi-

311 1501 386 1525 cere
395 1487 544 1540 possint,
556 1496 589 1525 et
600 1488 850 1526 vestimentum
864 1488 909 1526 ad
921 1503 1049 1541 corpus
1060 1489 1267 1540 tegendum:

311 1557 344 1585 et
354 1548 542 1600 promittit,
556 1549 584 1586 si
599 1548 753 1586 reditum
766 1549 837 1587 sibi
852 1549 887 1587 in
899 1564 961 1587 sua
973 1551 1140 1588 concedat
1151 1553 1262 1602 Deus,

310 1610 402 1646 sicut
423 1609 492 1646 sibi
517 1609 929 1660 promiserat,daturum
958 1625 994 1649 se
1021 1612 1077 1649 illi
1104 1612 1265 1650 omnium

309 1685 388 1720 qum
399 1670 444 1707 ab
454 1684 493 1708 eo
508 1670 658 1722 accipiet
671 1670 826 1708 decimas
841 1687 848 1707 :
862 1686 926 1724 per
936 1672 1054 1710 omnia
1066 1682 1266 1712 monstrans

311 1732 518 1782 religionem
542 1745 664 1781 suam,
684 1741 717 1769 et
737 1732 855 1784 ipsum
880 1733 1085 1772 adscribens
1104 1735 1266 1773 omnium
1287 1760 1310 1790 C

310 1792 514 1844 largitorem
524 1807 534 1841 3
547 1791 717 1843 (locetque
733 1807 795 1830 nos
812 1803 850 1831 ut
865 1793 895 1831 ei
913 1803 1052 1832 tantum
1071 1795 1266 1834 habeamus

312 1853 475 1904 gratiam.
502 1854 657 1891 Noverat
680 1853 775 1891 enim
795 1854 916 1906 justus
946 1855 1166 1894 ineffabilem
1191 1857 1267 1909 ejus

312 1915 579 1966 benignitatem,
592 1915 660 1952 hoc
671 1915 868 1966 conjectans
878 1931 924 1954 ex
937 1917 981 1955 iis
994 1932 1072 1968 quae
1083 1918 1117 1956 in
1129 1928 1266 1970 patrem

314 1991 419 2015 suum
437 1977 671 2028 exhibuerat,
687 1986 720 2015 et
741 1977 873 2016 sciebat
895 1993 977 2016 eum
1000 1979 1070 2017 sibi
1094 1994 1266 2032 magnam

114 2046 299 2093 <humentia
315 2039 569 2077 abundantiam
594 2053 842 2078 concessurum
868 2055 941 2079 esse
955 2057 962 2077 ε
976 2050 1010 2079 et
1030 2041 1160 2080 horum
1181 2043 1267 2094 qui-

113 2088 218 2156 {gl-²1:³¹1:
270 2098 299 2113 ¹¹¹
316 2100 397 2137 dein
416 2100 491 2152 ipse
510 2100 600 2137 nihil
619 2101 706 2152 petit
723 2114 743 2138 a
764 2101 932 2152 Domino,
946 2117 1058 2153 neque
1071 2103 1151 2141 vult
1167 2104 1211 2142 de
1226 2105 1269 2143 iis

317 2161 475 2212 precari,
498 2160 560 2198 scd
579 2175 661 2198 cum
679 2161 835 2199 decimas
861 2163 1024 2201 omnium
1044 2163 1214 2202 daturum
1233 2180 1270 2203 se

318 2221 520 2272 pollicetur,
543 2220 694 2259 ostendit
717 2231 890 2272 quantum
913 2223 949 2260 in
970 2224 1136 2263 omnibus
1156 2227 1270 2264 confi-

317 2281 423 2320 debat
442 2283 516 2334 ejus
528 2281 693 2334 potentiae
713 2282 774 2333 qui
793 2283 1017 2334 promiserat.
1031 2286 1221 2338 Propterea
1235 2297 1269 2326 et

117 2359 191 2384 Gen.
231 2355 278 2385 26,
317 2343 391 2395 ipse
409 2343 551 2395 quando
573 2358 655 2381 cum
688 2358 728 2382 eo
752 2344 975 2396 loquebatur,
995 2345 1161 2398 dicebat,
1184 2351 1270 2401 Ego

115 2407 132 2425 2
143 2396 163 2436 ‘¹-
315 2418 400 2443 sum
416 2406 522 2443 Deus
532 2405 574 2442 A
578 2406 739 2443 braham
754 2415 790 2444 et
802 2408 917 2445 Isaac
924 2411 1048 2459 patris
1066 2412 1144 2454 tui‚·
1162 2425 1209 2448 ne
1225 2414 1270 2449 ti-

315 2479 434 2503 meas.
450 2466 589 2517 Cogita,
601 2467 730 2517 inquit,
743 2476 777 2504 et
790 2468 1030 2520 patriarcham
1044 2471 1143 2521 quasi
1160 2487 1264 2524 pere—

315 2526 459 2577 grinum
474 2536 507 2564 et
528 2527 690 2579 ignotum
710 2528 745 2565 in
764 2537 893 2566 terram
912 2529 1003 2567 hauc
1021 2531 1219 2583 advenisse,
1237 2542 1270 2571 et

315 2588 350 2624 in
371 2596 503 2625 tantam
523 2588 662 2626 venisse
687 2588 852 2640 gloriam,
866 2598 905 2627 ut
921 2591 1082 2628 omnium
1102 2607 1161 2631 ore
1183 2595 1270 2632 cele-

313 2648 448 2686 bretur.
462 2649 586 2701 Cogita
603 2649 687 2687 item
704 2659 738 2687 et
752 2659 890 2702 patrem
907 2660 1032 2702 tuum,
1053 2652 1088 2690 in
1111 2663 1269 2692 extrema

314 2718 490 2747 senectute
504 2710 597 2761 patri
617 2724 680 2748 suo
700 2720 825 2748 natum
844 2725 930 2762 esse,
949 2721 1057 2763 atque
1073 2713 1120 2752 ita
1139 2716 1268 2767 opibus

314 2779 459 2808 auctum
490 2771 610 2822 fuisse,
639 2781 678 2810 ut
705 2772 906 2811 invidiosus
939 2774 1037 2813 fieret
1075 2776 1263 2829 indigenis.

316 2829 452 2868 Eadem
472 2831 582 2883 igitur
601 2842 633 2870 ct
650 2833 724 2885 ipse
737 2844 924 2887 exspecta,
939 2849 1148 2888 omnemque
1165 2839 1268 2877 timo-

315 2906 389 2929 rem
415 2902 448 2930 et
474 2893 687 2932 anxietatem
718 2895 919 2948 deponens,
947 2899 1269 2950 peregrinationem

316 2953 389 2991 obi.
414 2954 498 2992 litec
521 2969 639 2992 secum
667 2957 825 3007 cogitans
851 2958 985 3010 justus,
1013 2974 1082 2998 non
1107 2960 1153 2999 ad
1179 2976 1264 3014 prac-

316 3023 449 3052 sentem
476 3015 683 3067 respiciebat
702 3026 847 3066 statum,
874 3020 988 3067 (nihil
1011 3021 1104 3059 enim
1124 3023 1268 3061 omnino

318 3089 436 3113 secum
458 3077 624 3114 afferebat
652 3093 658 3113 :
683 3079 860 3128 quomodo
888 3081 982 3119 enim
1012 3083 1185 3135 potuisset
1206 3086 1267 3136 qui

319 3136 415 3173 solus
436 3146 509 3174 erat
536 3146 569 3174 et
594 3137 658 3175 iter
690 3140 802 3177 sarcre
831 3142 1080 3193 cogebatur3')
1108 3145 1170 3184 scd
1191 3147 1268 3199 jam
1294 3160 1316 3190 Ε

320 3196 404 3234 fidei
429 3198 540 3235 oculis
561 3212 628 3236 non
654 3200 765 3238 multo
788 3211 865 3253 post
889 3203 1044 3243 futuram
1067 3207 1268 3258 praevideus

1288 2500 1314 2531 D

320 3266 574 3306 abundantiam
591 3282 704 3319 suam,
720 3269 921 3311 declarabat
942 3284 1079 3326 gratam
1104 3278 1268 3318 volunta-

1712 331 1889 368 ΟΜῘᾹΙΑ
1918 330 1976 367 νε’.

1335 446 1405 485 Καὶ
1425 440 1500 485 εἶπε
1519 447 1642 486 Λάὸαν
1662 451 1712 501 τῷ
1735 449 1864 488 ’Imm
1878 466 1885 473 ·
1903 449 2013 489 ·””Οτι
2027 450 2095 502 γὰρ
2119 450 2261 502 ἀδελφός
2291 465 2354 499 μου

1389 502 1422 545 εἶ
1436 507 1494 556 σὺ,
1513 511 1550 547 οὔ
1575 509 1765 554 δουλεύσεις
1784 526 1842 561 μοι
1867 510 1999 561 δωρεάν
2017 526 2024 533 ·
2046 510 2256 562 ἀπάγγειλόν
2279 527 2355 561 μοι,

1387 570 1438 614 τίς
1453 573 1470 608 ὃ
1490 569 1610 621 μισθός
1630 587 1702 610 σου.

1385 701 1530 745 Ἱκανῶς
1549 705 1643 753 ἡμᾶς
1659 702 1739 755 χθὲς
1754 702 1799 741 τὰ
1817 703 1987 757 προοίμια
2002 707 2064 750 τ’ἧς
2084 704 2283 755 ἀποδημίας
2296 706 2356 742 τοῦ

1335 762 1468 801 δικαίου
1492 766 1554 809 τῆς
1579 764 1781 816 φιλοσοφίας
1802 767 1906 803 αὐτοῦ
1935 765 1975 803 τὸ
1995 765 2136 817 μέγεθος
2157 765 2357 812 ἐπαίδευσε,

1335 826 1378 862 δι’
1401 825 1444 872 ἣν
1461 824 1575 862 αἰτίαν
1593 825 1762 873 τοσαύτης
1780 830 1842 873 τῆς
1869 827 2089 879 ὑποσχέσεως
2109 826 2239 874 ἠξιώθη
2261 825 2358 878 παρὰ

1333 891 1392 926 τοῦ
1419 890 1524 926 Θεοῦ.
1550 888 1743 941 Θαρσήσας
1773 889 1900 937 πάλιν,
1925 888 1982 927 διὰ
2010 891 2072 935 τῆς
2101 888 2270 935 αἰτήσεως
2299 887 2359 925 καὶ

1334 952 1397 995 τ’ἤς
1416 951 1539 1002 εὐχῆς,
1569 951 1610 997 ἣν
1632 951 1820 997 ἐποιήσατο
1845 951 1931 1003 πρὸς
1955 952 2012 990 τὸν
2040 953 2108 988 τῶν
2135 950 2223 989 ὅλων
2249 949 2356 996 Θεὸν,

1336 1013 1508 1064 ἀρκοῦσαν
1527 1015 1612 1062 ἡμῖν
1633 1011 1742 1050 ἅπασι
1761 1012 1988 1051 διδασκαλίαν
2013 1018 2200 1065 παρεῖχεν,
2225 1013 2255 1049 εἷ
2283 1013 2359 1062 βου-

1335 1072 1522 1124 ληθείημεν
1550 1065 1637 1123 πρὸς
1669 1072 1817 1124 μίμησιν
1841 1074 2057 1127 διεγερθῆναι
2075 1077 2138 1120 τῆς
2157 1075 2281 1125 ἀρετῆς
2299 1072 2358 1110 τοῧ

1336 1133 1482 1172 δικαίου.
1509 1133 1579 1172 Καὶ
1599 1134 1666 1187 γὰρ
1686 1135 1864 1184 θαυμάσαι
1882 1134 1987 1183 ἄξιον,
2008 1133 2101 1178 ὅπως
2128 1133 2187 1172 καὶ
2211 1133 2274 1180 τὴν
2301 1132 2360 1170 δύ-

1335 1210 1440 1245 ναμιν
1460 1194 1557 1238 εἰδὼς
1584 1199 1644 1233 τοῦ
1666 1195 1903 1247 ὑποσχομένου
1917 1226 1926 1243 ,
1951 1195 2010 1233 καὶ
2030 1198 2098 1233 τῶν
2125 1193 2358 1247 ἕπαγγελθέν-

1337 1271 1404 1293 των
1437 1257 1532 1309 αὐτῷ
1557 1256 1597 1294 τὸ
1623 1255 1765 1307 μέγεθος
1791 1256 1965 1303 ἀκηκοὼς,
1996 1255 2074 1295 οὐδὲ
2095 1257 2184 1295 οὕτω
2208 1255 2297 1306 μέγα
2326 1271 2360 1292 τι

1336 1317 1396 1354 καὶ
1418 1316 1608 1369 ὑπέρογκον
1625 1319 1767 1363 αἰτῆσαι
1783 1318 1990 1362 κατεδέξατο
2003 1334 2010 1341 ·
2028 1319 2105 1356 ἀλλ’
2123 1319 2237 1355 ἐκεῖνα
2259 1315 2360 1368 μόνον

1338 1379 1501 1427 αἰτήσας,
1525 1379 1614 1431 ἅπερ
1632 1378 1712 1430 χθὲς
1734 1379 1923 1428 ἠκούσατε,
1948 1378 2012 1417 ὅσα
2039 1379 2125 1432 πρὸς
2143 1377 2207 1426 τὴν
2225 1378 2359 1430 ἐφήμε-

1339 1457 1395 1493 ρον
1424 1443 1518 1493 αὐτῷ
1543 1440 1672 1493 τροφὴν
1701 1442 1818 1493 ἀρκεῖν
1845 1440 2012 1489 ἠδύνατο,
2033 1440 2093 1478 καὶ
2116 1439 2179 1487 τὴν
2204 1443 2264 1478 τοῦ
2296 1438 2363 1476 σώ-

1339 1519 1446 1553 ματος
1482 1501 1670 1555 περιῧολὴν
1706 1508 1922 1554 παρασχεῖν,
1962 1505 2199 1554 ὑπισχνεῖται,
2238 1503 2268 1539 εἷ
2298 1500 2361 1547 τὴν

1337 1564 1503 1602 ἐπάνοδον
1523 1565 1618 1615 αὐτῷ
1638 1563 1700 1611 τὴν
1721 1565 1768 1607 εἷς
1789 1563 1833 1601 τὰ
1856 1566 1964 1602 οἰκεῖα
1985 1563 2188 1616 χαρίσαιτο,
2204 1563 2362 1615 καθάπερ

1338 1623 1529 1675 ὑπέσχετο,
1545 1624 1684 1662 πάντων
1706 1626 1800 1676 αὐτῷ
1816 1625 1962 1668 δεκάτας
1982 1625 2118 1672 δώσειν,
2137 1619 2185 1662 ὧν
2205 1624 2244 1661 ἂν
2259 1624 2362 1662 λάὸοι

1337 1688 1420 1737 παρ’
1443 1687 1566 1724 αὐτοῦ·
1598 1685 1654 1724 διὰ
1672 1686 1811 1724 πάντων
1841 1685 1974 1728 δεικνὺς
2001 1688 2105 1724 αὐτοῦ
2131 1686 2170 1724 τὸ
2188 1685 2360 1737 φιλόθεον,

1337 1745 1396 1783 καὶ
1418 1745 1521 1784 αὐτὸν
1542 1746 1815 1799 ἐπιγραφόμενος
1833 1750 1901 1784 τῶν
1921 1746 2083 1785 ἁπάντων
2103 1746 2253 1799 χορηγὸν
2267 1776 2276 1794 ,
2302 1746 2361 1784 καὶ

1338 1807 1510 1846 διδάσκων
1539 1811 1635 1859 ἡμᾶς
1664 1807 1757 1860 μόνῳ
1790 1810 1883 1860 αὐτῷ
1913 1808 2052 1846 πάντων
2087 1807 2214 1846 εἰδέναι
2243 1807 2359 1860 χάριν.

1335 1867 1437 1923 ’ᾘδει
1455 1868 1521 1922 γὰρ
1537 1871 1554 1906 ὃ
1579 1868 1726 1915 δίκαιος,
1756 1868 1854 1913 εἰδὼς
1872 1872 1934 1915 τῆς
1954 1869 2085 1922 ἀφάτου
2107 1871 2210 1908 αὐτοῦ
2235 1871 2360 1921 φιλαν-

1337 1929 1491 1982 θρωπίας
1511 1929 1572 1976 τὴν
1600 1929 1809 1983 ὑπερδολὴν,
1831 1930 1890 1968 καὶ
1913 1934 2034 1969 ἐννοῶν
2056 1936 2156 1970 τοῦτο
2182 1931 2216 1976 ἐξ
2245 1925 2292 1969 ὧν
2316 1933 2362 1974 εἷς

1336 1992 1393 2029 τὸν
1416 1994 1518 2030 αὐτοῦ
1538 1991 1673 2044 πατέρα
1696 1991 1911 2041 ἐπεδείξατο,
1931 1992 1984 2030 ὅτι
1998 1992 2056 2031 καὶ
2071 1993 2173 2031 αὐτὸν
2191 1995 2225 2031 ἐν
2250 1995 2362 2044 πολλῇ

1339 2053 1552 2100 καταστήσει
1579 2056 1622 2104 τῇ
1653 2053 1833 2106 περιουσία
1846 2070 1854 2077 ·
1880 2053 1938 2092 καὶ
1957 2053 2087 2093 τούτων
2109 2055 2171 2105 μὲν
2189 2055 2289 2098 αὐτὸς
2308 2057 2363 2094 οὗ·

1342 2113 1398 2152 δὲν
1431 2117 1520 2153 αἰτεῖ
1546 2114 1643 2167 παρὰ
1672 2118 1731 2153 τοῦ
1764 2115 1960 2165 Δεσπότου,
1982 2117 2058 2155 οὐδὲ
2093 2117 2255 2170 ἀνέχεται
2283 2118 2363 2170 περὶ

1342 2175 1472 2214 τούτων
1499 2176 1632 2214 ἱκεσίαν
1658 2183 1911 2228 προσαγαγεῖν,
1937 2178 2027 2216 ἀλλὰ
2054 2179 2098 2216 δι’
2118 2173 2165 2216 ὧν
2193 2179 2364 2231 ὑπέσχετο

1341 2236 1403 2280 τὰς
1419 2236 1564 2280 δεκάτας
1579 2236 1719 2284 δώσειν,
1740 2237 1861 2281 ἔδειξεν
1881 2238 1974 2282 ὅπως
1998 2241 2031 2277 ἐν
2057 2239 2167 2278 ἅπασι
2187 2244 2305 2293 θαῤῥεῖ
2320 2245 2362 2294 τῇ

1340 2303 1400 2336 τοῦΙ
1419 2296 1657 2350 ὑποσχομένου
1680 2298 1834 2349 δυνάμει.
1863 2299 1929 2337 Διὰ
1949 2299 2015 2352 γὰρ
2044 2306 2143 2339 τοῦτο
2166 2302 2226 2340 καὶ
2251 2303 2364 2352 αὐτὸς,

1341 2358 1444 2405 ἡνίκα
1472 2361 1566 2412 αὐτῷ
1599 2360 1790 2410 διελέγετο,
1825 2360 1962 2412 ἔλεγεν·
1995 2361 2090 2413 Ἐγώ
2124 2365 2197 2414 εἶμι
2231 2367 2248 2402 ὃ
2276 2366 2364 2410 Θεὸς

1342 2419 1524 2473 ’[ἱέραδιμ,
1540 2420 1600 2458 καὶ
1618 2420 1743 2459 Ἰσαὰκ
1759 2426 1818 2459 τοῦ
1835 2421 1965 2474 πατρός
1982 2438 2040 2460 σου
2052 2438 2060 2446 ·
2082 2422 2130 2474 μὴ
2148 2425 2266 2476 φοὸοῧ.
2287 2425 2366 2464 Ἐν-

1341 2481 1482 2530 νόησον,
1499 2482 1620 2533 φησὶν,
1640 2482 1692 2520 ὅτι
1717 2483 1776 2520 καὶ
1796 2486 1813 2521 ὃ
1836 2482 2070 2536 πατριάρχης,
2091 2486 2250 2540 καθάπερ
2274 2487 2364 2532 ξένος

1341 2543 1399 2581 καὶ
1428 2543 1603 2594 ἄγνωστος
1628 2546 1674 2587 εἷς
1698 2543 1760 2590 τὴν
1781 2546 1845 2596 γ”ῆν
1872 2544 1999 2591 ταύτην
2022 2547 2290 2598 παραγεγονὼς,
2317 2552 2365 2593 εἷς

1340 2604 1511 2652 τοσαύτην
1531 2599 1614 2651 ἦλθε
1629 2605 1872 2660 περιφάνειαν,
1892 2609 1938 2650 ὡς
1957 2609 1991 2644 ἐν
2010 2613 2081 2651 τοῖς
2097 2609 2260 2647 ἁπάντων
2277 2604 2363 2648 εἶναι

1342 2665 1503 2716 στόμασι.
1527 2666 1593 2704 Καὶ
1613 2667 1669 2704 τὸν
1690 2667 1826 2719 πατέρα
1853 2667 1888 2705 δὲ
1909 2668 1966 2706 τὸν
1989 2667 2047 2706 σὸν
2072 2669 2228 2721 λογίζου,
2250 2671 2304 2711 ὅτι
2330 2675 2361 2711 ἐν

1341 2727 1480 2779 ἐσχάτῳ
1501 2727 1593 2781 γήρα
1614 2731 1663 2779 τῷ
1696 2729 1803 2782 πατρὶ
1824 2729 1973 2781 τεχθεὶς,
2003 2730 2111 2774 οὕτως
2131 2731 2264 2781 ηὐξήθη
2277 2765 2286 2782 ,
2317 2738 2363 2779 ὡς

1342 2788 1519 2841 ἐπίφθονον
1538 2789 1696 2840 γενέσθαι
1715 2796 1785 2833 τοῖς
1813 2791 1994 2842 ἐγμιῳίοις
2020 2792 2132 2832 αὐτόν.
2162 2796 2284 2833 Ταῦτα
2306 2790 2362 2834 οὖν

1341 2848 1399 2886 καί
1415 2849 1515 2893 αὐτὸς
1534 2851 1748 2902 προσδοκῶν,
1765 2851 1879 2889 πάντα
1900 2852 2002 2905 φόὸον
2027 2854 2086 2891 καὶ
2107 2855 2257 2906 ἀγωνίαν
2278 2859 2363 2896 ἀπο-

1341 2911 1565 2961 σεισάμενος,
1599 2911 1680 2963 ἔχου
1706 2916 1768 2960 τῆς
1801 2913 2011 2964 ἀποδημίας.
2038 2916 2160 2953 Ταῦτα
2188 2919 2206 2954 ὃ
2232 2917 2363 2962 δίκαιος

1339 2971 1582 3023 λογισάμενος,
1603 2973 1661 3010 καὶ
1682 2975 1718 3012 οὐ
1743 2974 1827 3026 πρὸς
1853 2974 1916 3021 τὴν
1947 2977 1980 3013 ἐν
2010 2977 2060 3028 τῷ
2080 2975 2226 3029 παρόντι
2254 2980 2363 3018 κατά-

1337 3047 1458 3069 στασιν
1486 3033 1632 3079 ἀπιδὼν,
1646 3035 1756 3085 ,Χοῦδὲν
1779 3035 1846 3088 γὰρ
1865 3036 1952 3080 ὅλως
1973 3037 2158 3091 ἐπεφέρετο
2174 3054 2181 3061 ·
2201 3041 2275 3083 πῶς
2295 3041 2363 3095 γὰρ

1339 3092 1439 3142 μόνος
1471 3093 1518 3131 ὢν
1544 3095 1602 3132 καὶ
1629 3097 1822 3149 ὁδοιπορεῖν
1846 3097 2162 3149 ἀναγκαζόμενος-ς)
2189 3102 2264 3138 ἀλλ’
2293 3101 2361 3148 ἤδη

1338 3160 1408 3196 τοῖς
1434 3158 1496 3201 τῆς
1521 3156 1672 3200 πίστεως
1701 3159 1890 3209 ὀφθαλμοῖς
1918 3158 1982 3205 τὴν
2008 3161 2084 3209 μετ’
2103 3163 2140 3198 οὐ
2163 3161 2250 3200 πολὺ
2282 3163 2361 3213 μέλ·

1338 3216 1462 3253 λουσαν
1480 3218 1573 3268 αὐτῷ
1595 3217 1734 3257 ἔσεσθαι
1756 3219 1918 3272 εὐπορίαν
1946 3223 2124 3273 προορῶν,
2142 3222 2204 3269 τὴν
2232 3223 2360 3261 οἰκείαν

1338 3276 1600 3327 εὐγνωμοσύνην
1621 3279 1874 3326 ἐπιδείκνυται,
1896 3282 1952 3319 καὶ
1983 3282 2127 3332 μηδέπω
2146 3283 2261 3322 λαθὼν
2284 3287 2359 3322 ὑπι-

395 3371 463 3413 {⁴371
482 3381 537 3418 γ’),
562 3374 750 3410 addidimus
767 3388 781 3407 c
799 3377 897 3411 Coisl.
920 3392 922 3395 ·
945 3379 990 3412 sie
1009 3382 1093 3415 onim
1115 3383 1389 3429 Bibl..111terprcs
1407 3396 1439 3420 et
1457 3388 1538 3424 insra
1555 3391 1618 3432 ipzv·
1634 3391 1770 3435 Chrysa]
