2516 3791
340 164 432 208 808
759 177 797 206 S.
836 175 1020 206 JOANMS
1057 171 1300 203 CHRYSOST.
1341 170 1545 200 Ancnmt'.
1585 165 1944 201 CONSTANTINOP-

793 478 876 524 AD
910 477 1238 525 SERMONES
1273 475 1554 538 QUINQUE
1589 474 1654 521 IN
1689 472 1914 520 ANNAM

1085 641 1678 726 MONITUM..

401 857 480 903 Quo
497 865 652 910 tempore
670 857 946 909 Chrysostomus
967 855 1033 897 hos
1054 855 1239 894 Sermones
1258 854 1438 905 habuerit,
1463 865 1497 894 et
1517 855 1554 894 in
1573 868 1643 906 qna
1662 855 1872 893 concionum
1890 855 1978 893 serie
1998 854 2022 892 ii
2043 852 2185 892 locandi
2204 853 2285 901 sint,
2310 852 2385 904 ipse

338 917 472 955 indicat
490 918 596 970 paulo
612 927 692 970 post
713 918 867 955 initium.
891 920 964 956 Vos
983 921 1099 964 enim,
1123 917 1254 968 inquit,
1267 918 1447 969 sortasse
1467 931 1566 954 nunc
1585 920 1675 955 estis
1695 918 1831 963 obliti(
1848 917 1970 954 Graeca
1989 916 2122 968 quippe
2140 929 2209 953 non
2231 915 2384 951 referen-

336 978 381 1016 da
395 978 590 1027 ducimus),
606 993 672 1017 nos
691 980 831 1016 multos
847 982 1002 1016 interim
1018 992 1210 1016 sermones
1227 979 1274 1015 de
1291 978 1381 1015 aliis
1397 980 1509 1016 rebus
1527 979 1723 1016 habuisse.
1745 979 1848 1015 Nam
1865 991 2017 1015 reverso
2033 991 2058 1014 a
2079 978 2292 1028 longinqua
2310 974 2385 1012 illa

334 1043 644 1091 peregrinatione
654 1048 769 1091 patre
786 1048 928 1086 nostro,
948 1042 1206 1077 necessarium
1211 1040 1249 1091 s
1245 1041 1301 1076 uit
1318 1052 1375 1075 om
1382 1042 1449 1076 nia
1460 1053 1642 1076 commem
1649 1053 1774 1086 orare,
1789 1053 1874 1090 quoe
1887 1041 1929 1075 in
1942 1041 2129 1076 comitatu
2144 1037 2383 1081 acciderant,

337 1115 384 1138 ac
405 1101 543 1138 deinde
565 1115 650 1138 cum
668 1101 877 1152 gentilibus
898 1102 1110 1152 disputare,
1135 1109 1176 1137 ut
1196 1102 1265 1138 lios
1282 1102 1325 1137 vi
1344 1101 1582 1137 calamitatis
1605 1101 1660 1137 ad
1681 1100 1877 1137 meliorem
1891 1100 2055 1151 frugem
2076 1106 2290 1143 revocatos,
2319 1099 2386 1149 qui

337 1162 486 1199 deserto
515 1163 719 1213 gentilium
748 1176 876 1200 errore
901 1175 982 1199 sese
1008 1162 1063 1198 ad
1089 1175 1158 1199 nos
1183 1161 1445 1207 contulerant,
1472 1175 1542 1214 pro
1571 1161 1682 1198 virili
1709 1162 2041 1213 confirmaremus,
2074 1173 2120 1197 ac
2148 1160 2383 1203 doceremus,

338 1225 497 1274 quantis
525 1225 688 1260 tenebris
707 1223 864 1260 liberati
877 1224 932 1260 ad
950 1231 1103 1260 tantam
1137 1223 1261 1260 lucem
1277 1224 1458 1260 veritatis
1471 1225 1742 1260 accurrissent.
1759 1224 1855 1260 Post
1870 1222 1942 1259 illa
1957 1235 2088 1260 rursus
2102 1221 2234 1258 multis
2254 1221 2386 1257 diebus

339 1292 559 1331 martyrum
578 1284 857 1334 festivitatibus
875 1286 990 1335 potiti
1005 1297 1153 1329 sumus,
1179 1297 1301 1335 neque
1323 1286 1482 1334 tempori
1500 1285 1730 1321 conveniens
1738 1284 1900 1336 suisset,
1926 1296 1994 1320 nos
2019 1284 2085 1334 qui
2099 1284 2216 1334 juxta
2236 1288 2387 1329 marty-

339 1358 423 1381 rum
436 1345 612 1396 sepulcra
626 1359 883 1394 versaremur,
895 1359 1027 1383 earum
1041 1345 1215 1394 laudum,
1229 1359 1314 1397 quoe
1329 1346 1569 1392 martyribus
1582 1345 1780 1393 debentur,
1795 1352 1964 1382 exsortes
1976 1343 2184 1381 discedere.
2200 1341 2386 1380 Successit

340 1406 401 1443 his
420 1419 553 1443 rursus
573 1407 789 1443 cohortatio
806 1407 860 1443 ad
879 1407 1153 1444 abstinendum
1173 1420 1197 1443 a
1213 1408 1449 1458 juramentis
1467 1421 1477 1441 .·
1501 1419 1588 1443 cum
1608 1409 1710 1443 enim
1733 1414 1854 1443 totam
1874 1407 2105 1443 rusticorum
2127 1405 2325 1441 nationem
2346 1403 2388 1438 in

340 1469 476 1504 urbem
493 1469 706 1517 ingressam
725 1481 980 1515 cerneremus,
1000 1469 1072 1505 hoc
1087 1468 1175 1505 illos
1190 1470 1397 1505 instructos
1413 1481 1437 1504 a
1454 1470 1564 1505 nobis
1584 1470 1732 1505 viatico
1745 1470 1961 1505 censuimus
1978 1465 2240 1503 dimittendos.

394 1527 502 1575 Quod
521 1528 571 1564 ait
596 1528 712 1579 primo
739 1528 1016 1580 Chrysostomus
1041 1537 1120 1580 post
1147 1528 1303 1566 reditum
1328 1529 1491 1567 Flaviani
1512 1529 1668 1581 episcopi
1695 1543 1730 1567 se
1754 1529 1872 1566 omnia
1899 1542 1976 1579 quae
2011 1527 2079 1579 ipsi
2112 1525 2316 1563 acciderant
2352 1523 2388 1561 in

340 1589 523 1637 comitatu,
537 1587 574 1625 id
592 1597 643 1625 est
674 1588 710 1625 in
726 1589 807 1625 aula
832 1589 1076 1640 Imperatoria,
1098 1603 1406 1637 commemorasse3
1426 1589 1532 1639 illud,
1551 1589 1710 1640 inquam,
1739 1589 1882 1641 respicit
1898 1588 2097 1626 Homiliam
2112 1589 2154 1624 91
2182 1585 2226 1623 de
2246 1584 2386 1633 statuis,

278 1661 326 1685 aas
344 1650 461 1687 Tomo
480 1652 516 1697 Q,
540 1663 575 1700 p.
603 1649 694 1698 215,
716 1663 793 1699 quae
816 1649 939 1687 habita
959 1649 1027 1686 fuit
1045 1658 1125 1702 post
1143 1649 1298 1687 reditum
1317 1650 1496 1700 Flaviani,
1519 1651 1580 1701 qui
1604 1651 1739 1689 reditus
1762 1651 1910 1702 contigit
1929 1650 1965 1688 in
1988 1650 2059 1687 fine
2096 1646 2388 1698 Quadragesimae

339 1710 422 1748 anni
442 1710 533 1748 587.
560 1710 712 1761 Haecque
731 1710 853 1748 concio
874 1711 995 1749 habita
1013 1720 1064 1749 est
1091 1711 1168 1764 ipso
1188 1711 1247 1749 die
1269 1712 1550 1750 Resurrectionis
1572 1712 1737 1750 Domini:
1760 1712 1854 1750 illud
1879 1712 1974 1749 enim
1993 1710 2094 1748 initio
2115 1709 2389 1762 Chrysostomus

340 1771 518 1823 significat
535 1785 615 1809 cum
630 1770 741 1808 dicit:
761 1773 993 1810 Benedictus
1014 1774 1120 1811 Deus
1140 1776 1206 1825 qui
1231 1774 1333 1811 hanc
1353 1788 1422 1811 nos
1444 1776 1645 1812 ‘vobiscum
1666 1788 1820 1812 sacram
1845 1775 2119 1812 solennitatem
2140 1785 2227 1809 cum
2244 1770 2389 1822 gaudio

342 1842 379 1871 ct
396 1834 534 1871 loetitia
552 1833 677 1870 multa
690 1834 804 1870 hodie
829 1834 1023 1872 celebrare
1042 1835 1223 1886 dignatus
1239 1843 1307 1872 est.
1328 1834 1533 1873 Secundum
1549 1834 1640 1871 hanc
1653 1834 1841 1872 homiliam
1854 1833 1900 1871 ad
1916 1832 2061 1884 gentiles
2078 1832 2304 1870 concionatus
2323 1838 2388 1877 est,

343 1903 520 1931 uteorum
541 1893 714 1944 quosdam
733 1894 770 1933 vi
789 1894 1001 1932 calamitatis
1025 1895 1209 1944 abductos,
1232 1904 1264 1933 et
1283 1895 1492 1947 religionem
1517 1895 1757 1934 Christianam
1783 1895 1967 1948 amplexos
1995 1894 2219 1932 confirmaret
2241 1908 2249 1929 ε
2279 1892 2389 1944 hujus

341 1970 425 1994 vero
446 1955 622 1994 concionis
637 1965 696 1993 aut
716 1956 889 2008 plurium,
904 1956 933 1994 si
950 1956 1070 2009 plures
1088 1955 1133 1994 de
1147 1971 1184 1994 rc
1203 1957 1327 1995 cadem
1342 1958 1519 2006 habuerit,
1539 1967 1788 2009 argumentum
1811 1957 1871 1995 ille
1889 1966 1922 1995 et
1937 1956 2118 2010 praecipua
2139 1954 2253 2007 capita
2269 1962 2388 2007 postea

341 2017 445 2054 refert
463 2033 469 2053 :
491 2017 600 2068 liquet
619 2026 737 2055 autem
755 2032 812 2055 eas
833 2017 891 2057 vel
920 2017 1052 2069 injuria
1070 2027 1275 2070 temporum
1295 2019 1452 2071 periisse,
1479 2019 1536 2058 vel
1556 2019 1726 2057 hactenus
1750 2018 1868 2056 latere.
1891 2018 1975 2056 Dies
2000 2025 2192 2068 sequentes,
2203 2015 2284 2066 quia
2304 2015 2390 2052 festa

343 2088 542 2130 martyrum
557 2079 803 2129 occurrebant,
814 2079 1032 2117 celebrandis
1046 2094 1168 2117 eorum
1185 2080 1355 2118 laudibus
1370 2081 1532 2119 insnmtae
1553 2090 1648 2131 sunt,
1659 2081 1802 2118 absente
1816 2089 1931 2118 tamen
1949 2080 1994 2118 ob
2012 2079 2258 2117 infirmitatem
2273 2076 2390 2128 Chry-

343 2149 507 2177 sostomo.
533 2139 598 2177 IIis
624 2140 801 2189 successit,
825 2140 954 2190 inquit,
979 2140 1175 2178 cohortatio
1196 2141 1242 2178 ad
1260 2141 1511 2180 abstinendum
1526 2156 1546 2179 a
1564 2142 1789 2194 juramentis,
1811 2142 1847 2179 in
1876 2141 2025 2192 gratiam
2046 2141 2261 2179 rusticorum
2286 2139 2390 2186 faeta,

342 2200 403 2251 qui
424 2214 552 2251 magno
572 2215 715 2238 numero
738 2200 773 2238 in
794 2202 918 2239 urbem
939 2201 1164 2239 advenerant.
1181 2202 1278 2239 Hanc
1299 2216 1382 2240 vero
1401 2202 1676 2239 cohortationem
1694 2216 1767 2239 0550
1785 2216 1861 2239 eam
1878 2217 1954 2252 quae
1979 2202 2209 2240 decimanona
2227 2203 2336 2239 fertur
2355 2198 2390 2236 in

345 2262 514 2300 Homiliis
532 2261 578 2299 ad
595 2262 770 2314 populum
792 2262 1062 2312 Antiochenum,
1084 2263 1188 2300 Tom.
1209 2265 1246 2313 2⁶2,
1270 2278 1304 2314 p.
1330 2263 1420 2313 488,
1444 2263 1509 2301 vix
1529 2263 1692 2313 estquod
1713 2263 1930 2301 dubitemus.
1956 2264 1996 2300 In
2024 2263 2085 2301 illa
2106 2263 2200 2301 enim
2227 2263 2277 2300 sic
2297 2261 2392 2299 ordi-

344 2333 421 2361 tur:
442 2324 738 2376 Κατετρυφήσατε
759 2327 828 2362 τῶν
845 2323 951 2374 ἁγίων
978 2324 1160 2376 μαρτύρων
1176 2326 1210 2362 ἐν
1231 2330 1306 2368 ταῖς
1321 2325 1512 2377 ἔμπροσθεν
1533 2325 1678 2368 ταύταις
1695 2325 1858 2377 ἡμέραις,
1880 2326 2019 2377 Epulis
2041 2334 2264 2363 sanctorum
2286 2338 2390 2362 mar-

345 2395 477 2433 tyrum
491 2388 640 2437 excepti
656 2388 745 2423 estis
760 2387 820 2422 his
833 2388 1038 2436 praeteritis
1054 2386 1199 2432 dicbus,
1219 2395 1420 2437 posteaque,
1438 2386 1481 2423 de
1496 2385 1650 2424 adventu
1666 2387 1880 2424 rusticorum
1896 2387 2062 2438 pluribus
2077 2387 2162 2439 agit,
2181 2395 2214 2424 et
2232 2386 2276 2424 de
2284 2387 2391 2438 jura-

346 2455 462 2484 mento
477 2445 623 2484 vitando
637 2460 834 2483 sermonem
846 2446 935 2483 texit
949 2446 1157 2497 longiorem,
1170 2461 1278 2497 quam
1295 2447 1330 2484 in
1346 2447 1479 2484 eaeteris
1491 2449 1542 2485 QO
1555 2447 1721 2485 Homiliis
1732 2447 1775 2485 ad
1790 2449 1965 2500 populum
1981 2448 2253 2496 Antiochenum,
2265 2447 2299 2484 in
2310 2461 2393 2498 qua·

346 2522 425 2545 rum
446 2521 533 2560 pene
552 2507 703 2558 singulis
718 2507 856 2558 aliquid
873 2509 1206 2559 contrajuramcnta
1227 2509 1392 2559 agitatur.
1417 2509 1548 2546 Omnes
1563 2508 1681 2559 itaque
1700 2518 1803 2556 notae,
1820 2524 1897 2560 quae
1912 2509 1946 2546 in
1958 2509 2026 2547 hoe
2044 2510 2088 2547 de
2105 2512 2207 2547 Anna
2226 2510 2394 2547 Sermone

347 2569 462 2621 primo
480 2569 670 2618 habentur,
691 2568 726 2605 in
747 2568 904 2606 Homilia
928 2568 990 2605 illa
1013 2570 1062 2606 19
1079 2568 1126 2606 ad
1146 2569 1318 2621 populum
1339 2569 1599 2606 Antiochcnum
1612 2579 1850 2619 recensentur,
1873 2570 1920 2607 ita
1939 2579 1977 2607 ut
1996 2570 2055 2608 hic
2075 2570 2286 2609 concionum
2307 2569 2393 2607 ordo

348 2630 451 2667 suerit
468 2646 478 2679 ;
501 2639 534 2667 ct
553 2630 669 2682 prima
689 2629 835 2667 locanda
855 2629 900 2668 sit
919 2630 1076 2667 Homilia
1096 2629 1141 2668 (10
1156 2630 1275 2668 reditu
1298 2630 1473 2679 Flaviani,
1490 2645 1568 2680 qnae
1588 2645 1682 2668 nunc
1701 2640 1752 2668 est
1771 2633 1814 2669 Q
1840 2631 1887 2669 ad
1907 2632 2080 2683 populum
2102 2631 2361 2670 Antiochenum
2380 2648 2390 2682 ;

347 2690 501 2728 seeundo
517 2690 685 2728 adversus
709 2691 855 2743 gentiles
877 2691 1078 2729 concionem
1098 2705 1205 2729 unam
1222 2693 1278 2731 vel
1299 2692 1417 2744 plures
1438 2691 1564 2729 habuit
1585 2707 1596 2741 3
1621 2692 1723 2729 tertio
1740 2691 1862 2730 landes
1886 2702 2086 2745 martyrum
2104 2693 2226 2731 multis
2251 2693 2392 2743 diebus,

349 2752 480 2795 πολλὰς
501 2752 647 2803 ἡμέρας,
668 2752 853 2790 celebratae
873 2761 955 2790 sunt
974 2768 985 2802 3
1003 2762 1130 2804 quarto
1154 2767 1271 2791 eoram
1299 2752 1438 2791 rusticis
1458 2762 1575 2791 eontra
1597 2753 1798 2805 juramenta
1818 2754 1986 2805 loquutus
2000 2763 2075 2804 est3
2098 2755 2243 2793 demum
2265 2756 2330 2794 hos
2350 2755 2395 2794 de

352 2817 452 2850 Anna
472 2813 657 2850 Sermones
674 2813 791 2865 coepit.
814 2816 949 2865 Agnien
965 2828 1048 2865 ergo
1063 2813 1162 2851 ducit
1176 2814 1329 2852 Homilia
1350 2813 1394 2853 (10
1410 2814 1525 2852 reditu
1546 2814 1718 2852 Flaviani.
1744 2816 1924 2853 Postrema
1942 2823 2060 2853 autem
2081 2816 2242 2865 homilia,
2263 2817 2299 2854 in
2320 2818 2393 2855 Do-

352 2874 479 2911 ininica
504 2877 565 2920 τῆς
582 2875 851 2926 ἐπισωζομένης,
872 2889 979 2926 qnam
999 2875 1224 2914 Dominicam
1247 2891 1319 2914 esse
1337 2877 1497 2927 quintam
1518 2886 1597 2928 post
1617 2877 1751 2914 Pascha
1778 2891 1855 2928 quac
1878 2877 2303 2929 praeceditAsecnsionem
2325 2880 2394 2917 Do·

352 2936 453 2985 mini,
477 2935 526 2972 ait
549 2936 619 2973 Leo
644 2937 806 2974 Allatius.
826 2937 981 2975 Savilius
1005 2952 1078 2975 esse
1098 2947 1198 2989 putat
1219 2939 1444 2977 Dominicani
1467 2939 1501 2976 in
1521 2938 1638 2985 albis;
1660 2938 1915 2977 Tillemontius
1939 2953 2022 2978 vero
2040 2939 2206 2992 opinatur
2224 2954 2298 2977 esse
2323 2941 2395 2977 Do-

353 2997 519 3035 ininicam
541 2998 717 3035 Passionis
733 3014 742 3045 ;
766 2999 850 3035 hnic
866 3007 1042 3051 postremo
1064 3013 1128 3049 ego
1146 2999 1385 3052 adstipulatus
1403 3015 1482 3038 suni
1506 3000 1538 3037 in
1562 2999 1770 3037 l‘raefatione
1791 3001 1897 3038 Tomi
1910 3004 1944 3038 9..
1957 3001 2025 3039 Sed
2037 3002 2111 3054 jam
2128 3016 2251 3039 vereor
2267 3010 2305 3039 ut
2322 3002 2396 3039 liaec

351 3058 526 3109 quadrare
544 3059 691 3110 possint,
712 3059 945 3110 libentiusque
957 3060 1159 3098 accederem
1179 3061 1226 3099 ad
1243 3063 1429 3106 Allatium,
1446 3060 1733 3112 quandoquidem
1747 3062 1868 3112 quinta
1886 3063 2021 3109 concio,
2039 3077 2118 3113 quae
2134 3073 2184 3101 est
2221 3073 2395 3116 postrema

354 3121 387 3157 in
413 3123 565 3167 Annam,
594 3119 712 3156 habita
735 3120 801 3157 snit
822 3130 901 3171 post
926 3123 1180 3172 Pentecosten,
1210 3137 1291 3160 nam
1318 3138 1388 3162 vox
1410 3124 1736 3174 μεσοπεντηκοστή,
1756 3137 1834 3174 quse
1862 3123 1917 3160 bis
1941 3123 2080 3175 irrepsit
2104 3124 2139 3161 in
2165 3134 2316 3174 textum,
2346 3134 2395 3163 cst

354 3179 583 3217 librariorum
605 3194 716 3227 error,
738 3190 776 3217 ut
796 3180 927 3218 ibidem
948 3181 1138 3233 probamus
1158 3197 1201 3220 ex
1222 3184 1484 3236 Mannscriptis.
1506 3185 1683 3223 Omnibus
1703 3186 1819 3236 itaque
1835 3185 2026 3237 perpensis,
2052 3185 2099 3222 ita
2116 3200 2170 3223 res
2185 3187 2395 3224 constituen—

353 3242 396 3279 da
423 3256 564 3293 prorsus
582 3241 724 3279 videtur
744 3258 750 3278 :
769 3252 872 3293 atque
890 3244 955 3280 hoc
975 3244 1080 3281 modo
1102 3245 1259 3283 calculus
1279 3246 1477 3298 ponendus,
1498 3247 1557 3297 qni
1581 3256 1620 3284 ut
1640 3247 1859 3298 intelligatur
1877 3255 2052 3284 attentum
2072 3246 2236 3284 lectorem
2253 3248 2395 3286 omnino

357 3304 578 3354 pnstnl:1t.ln
601 3303 826 3341 concionibus
842 3304 899 3341 hic
919 3306 1122 3343 numeratis
1142 3307 1298 3358 primuni
1316 3306 1411 3344 hand
1432 3307 1539 3344 dubie
1559 3308 1675 3345 locum
1694 3308 1826 3345 obtinet
1847 3308 2002 3345 llomilia
2023 3307 2067 3345 de
2086 3308 2200 3346 reditu
2223 3308 2394 3353 Flaviani,

357 3380 434 3414 qnae
453 3374 501 3402 est
522 3367 564 3402 ’21
590 3364 633 3402 ad
665 3365 835 3417 populum
859 3367 1242 3406 „tuum-hemum:hanc
1271 3378 1386 3407 autem
1418 3368 1540 3406 habuit
1563 3369 1595 3406 in
1625 3369 1683 3407 die
1712 3370 1915 3420 Pascha-,ut
1944 3385 2048 3421 snpra
2075 3370 2244 3408 diximus
2273 3372 2392 3408 Postea
