2483 3791
715 190 760 219 IN
798 189 899 219 citt).
940 188 969 216 1.

1010 186 1172 216 Gumis.

1213 185 1369 215 1101111..
1410 186 1454 213 x.
2054 172 2111 229 67

65 272 265 327 ἠριστηκὼς
291 269 336 326 ᾗ,
356 273 447 318 ἄξιος
466 273 505 310 ἂν
529 272 582 319 εἴη
612 275 672 309 τοῦ
707 270 873 322 συλλόγου
889 270 1009 308 τούτου
1029 272 1089 306 τοῦ
1117 272 1138 301 B
1164 268 1313 320 supinus
1333 275 1366 304 et
1376 264 2009 318 deseS,etianisijejunuspermanan,
2026 267 2113 303 1111111

65 339 318 386 πνευματικοῦ,
349 334 468 386 ὥσπερ
497 328 556 372 οὖν
574 336 592 371 ὁ
616 332 766 385 ῥᾴθυμος
788 334 847 371 καὶ
880 335 1091 371 ἀναπεπτω-

65 396 154 444 κὼς,
175 395 238 434 κᾶν
258 396 375 438 ἄσιτος
397 394 578 446 διαμείνῃ,
598 394 762 442 οὐδεμίαν
780 396 932 432 ἐντεῦθεν
958 391 1091 436 δέξεται

64 455 127 503 τὴν
143 456 324 508 ὠφέλειαν.
345 456 416 494 Καὶ
442 460 554 493 ταῦτα
574 454 666 507 λέγω
691 457 728 494 οὐ
755 455 812 494 τὸν
830 455 926 492 τόνον
943 457 1005 500 τῇς
1032 469 1092 501 νη-

65 517 181 561 στείας
201 517 348 566 ἐκλύων,
371 516 420 569 μὴ
440 517 595 568 γένοιτο,
617 515 707 554 ἀλλὰ
722 516 780 554 καὶ
795 516 926 568 σφόδρα
940 517 1091 553 ἐπαινῶν

64 579 123 617 καὶ
144 579 402 632 ἀποδεχόμενος
421 578 498 623 τοὺς
520 577 749 626 νηστεύοντας
762 594 769 601 ·
785 583 799 598 ¹¹
813 577 903 616 ἀλλὰ
924 577 1091 628 βουλόμε-

62 656 118 685 νος
137 641 273 686 διδάξαι
293 645 402 693 ὑμᾶς,
432 643 590 693 λογισμῷ
611 656 680 678 τινι
699 640 842 691 νήφοντι
862 637 1017 688 μετιέναι
1047 637 1092 675 τὰ

63 701 303 752 πνευματικὰ,
321 703 379 740 καὶ
395 701 443 753 μὴ
465 700 629 753 συνηθείᾳ
643 701 920 738 κατακολουθεῖν.
943 700 996 736 Οὐ
1024 697 1090 749 γὰρ

62 763 121 802 τὸν
157 763 399 814 μεταλαὸόντα
449 765 579 815 τροφῇς
624 760 766 812 αἰσχρὸν
799 759 1018 811 παραλαὸεῖν
1048 761 1092 810 τῇ

62 827 283 875 πνευματικῇ
313 823 424 875 ταύτῃ
451 821 679 875 διδασκαλία,
715 820 806 859 ἀλλὰ
827 819 866 857 τὸ
890 818 1091 873 ῥαθυμούσῃ

64 883 219 936 διανοίᾳ,
238 884 298 922 καὶ
328 883 368 922 τὸ
397 883 462 922 ὑπὸ
494 885 563 920 τῶν
591 884 710 921 παθῶν
731 881 1014 932 πολιορκεῖσθαι,
1034 879 1094 918 καὶ

65 945 116 998 μὴ
128 945 378 986 καταστέλλειν
397 944 467 984 ι’τόι
485 947 547 991 τῇς
575 943 703 995 σαρκὸς
721 942 958 996 σκιρτήματα.
983 943 1037 980 Οὐ
1055 942 1094 979 τὸ

64 1014 185 1060 φαγεῖν
211 1007 334 1054 κακὸν,
357 1005 406 1058 μὴ
442 1005 593 1058 γένοιτο,
623 1006 699 1043 ἀλλ’
718 1007 739 1050 ἡ
760 1002 939 1055 ἀδηφαγία
969 1002 1095 1054 βλαὸε-

66 1068 138 1121 ρὸν,
165 1069 225 1107 καὶ
242 1069 281 1108 τὸ
296 1068 383 1121 ὑπὲρ
402 1066 465 1115 τὴν
485 1066 608 1121 χρείαν
632 1065 896 1118 ἐμπίπλασθαι,
914 1064 973 1103 καὶ
1001 1066 1095 1118 διαῤ-

65 1130 254 1183 ῥήγνυσθαι
287 1129 350 1177 τὴν
384 1129 556 1182 γαστέρα·
577 1133 678 1167 τοῦτο
706 1127 774 1181 γὰρ
801 1126 860 1164 καὶ
888 1125 952 1173 τὴν
968 1127 1094 1174 ἡδονὴν

63 1192 126 1239 τὴν
149 1192 220 1230 ἀπὸ
238 1194 299 1239 τῇς
318 1194 446 1245 τροφῇς
473 1190 699 1241 λυμαίνεται·
732 1188 853 1241 ὥσπερ
882 1183 938 1227 οῧν
959 1188 1037 1228 οὐδὲ
1056 1189 1096 1227 τὸ

65 1254 156 1292 οἴνου
185 1254 386 1307 συμμέτρου
407 1258 596 1305 μετασχεῖν
618 1251 788 1305 πονηρὸν,
813 1256 826 1272 ⁰
841 1250 931 1289 ἀλλὰ
950 1251 990 1290 τὸ
1007 1250 1094 1303 μέθῃ

64 1315 184 1354 ἑαυτὸν
218 1315 394 1362 ἐκδοῦναι,
431 1314 490 1352 καὶ
526 1317 595 1352 τῶν
632 1314 809 1364 λογισμῶν
846 1313 886 1350 τὸ
919 1312 1096 1364 κριτήριον

63 1375 285 1428 παρατρέψαι
316 1375 373 1414 διὰ
405 1378 467 1422 τῇς
497 1373 678 1426 ἀμετρίας.
713 1375 757 1411 Εἰ
787 1372 823 1412 δὲ
853 1373 898 1410 δι’
917 1372 1096 1413 ἀσθένειαν

63 1433 287 1484 σωματικὴν,
306 1433 485 1486 ἀγαπητὲ,
515 1433 563 1485 μὴ
586 1433 703 1472 δύναιο
729 1432 846 1476 ἄσιτος
875 1432 1097 1484 παρατείνειν

63 1495 126 1542 τὴν
140 1495 295 1548 ἡμέραν,
311 1496 419 1540 οὐδεὶς
438 1489 475 1534 εῧ
494 1498 626 1548 φρονῶν
647 1494 735 1547 ὑπὲρ
752 1493 873 1532 τούτου
902 1510 956 1533 σοι
988 1496 1096 1547 ἐγκα-

64 1557 164 1596 λέσαι
192 1557 391 1604 δυνήσεται.
421 1555 602 1603 Δεσπότην
624 1555 691 1608 γὰρ
719 1554 846 1607 ἔχομεν
875 1555 1006 1607 ἥμερον
1035 1555 1096 1594 καὶ

65 1620 330 1673 φιλάνθρωπον,
362 1620 422 1659 καὶ
463 1619 560 1659 οὐδὲν
597 1622 665 1658 τῶν
699 1618 788 1671 ὑπὲρ
820 1617 966 1670 δύναμιν
1011 1622 1095 1671 παρ’

65 1684 166 1732 ἡμῶν
185 1683 404 1729 ἐκζητοῦντα.
429 1680 520 1720 Οὐδὲ
538 1680 606 1733 γὰρ
622 1679 684 1727 τὴν
706 1680 845 1733 ἀποχὴν
861 1684 929 1719 τῶν
952 1681 1098 1733 βρωμά-

67 1758 158 1790 των,
189 1743 249 1781 καὶ
283 1742 347 1789 τὴν
374 1743 535 1789 νηστείαν
569 1743 689 1786 ἁπλῶς
723 1744 866 1781 ἀπαιτεῖ
892 1745 976 1794 παρ’
998 1746 1099 1793 ἡμῶν

69 1802 242 1852 γίνεσθαι,
263 1803 340 1842 οὐδὲ
357 1804 400 1841 δι’
423 1804 506 1842 αὐτὸ
526 1807 647 1851 τοῦτο,
665 1803 721 1840 ἵνα
743 1803 858 1842 ἄσιτοι
879 1803 1100 1854 διαμένωμεν

72 1863 189 1915 μόνον,
213 1865 290 1902 ἀλλ’
314 1864 371 1902 ἵνα
394 1866 605 1916 ἀφιστῶντες
627 1864 767 1908 ἑαυτοὺς
796 1864 865 1903 ἀπὸ
886 1867 956 1902 τῶν
979 1866 1101 1915 βιωτι-

72 1927 142 1963 κῶν
157 1925 395 1977 πραγμάτων,
411 1931 528 1962 πᾶσαν
550 1923 614 1970 τὴν
638 1924 768 1976 σχολὴν
787 1927 821 1963 ἐν
844 1930 914 1968 τοῖς
942 1941 1101 1974 πνευμα-

71 1992 179 2028 τικοῖς
200 1985 458 2036 ἀναλίσκωμεν.
486 1984 548 2028 Ὡς
572 1987 602 2023 εἷ
628 1985 717 2036 μετὰ
747 1985 922 2039 νηφούσης
951 1986 1103 2029 διανοίας

72 2045 130 2084 τὸν
151 2048 282 2084 ἑαυτῶν
301 2046 375 2097 βίον
393 2047 630 2096 οἷκονομῶμεν
643 2074 653 2091 ,
670 2047 730 2084 καὶ
750 2047 830 2100 περὶ
850 2046 895 2085 τὰ
910 2062 1104 2097 πνευματι-

74 2105 121 2144 κὰ
139 2112 256 2144 πᾶσαν
291 2106 353 2153 τὴν
384 2105 516 2158 σχολὴν
535 2106 824 2157 ἐπιδεικνύμεθα,
845 2107 903 2145 καὶ
930 2110 972 2158 τῇ
993 2110 1102 2158 τροφῇ

75 2165 190 2205 ᾱοῦτω
223 2166 442 2219 προσίωμεν,
473 2169 520 2210 ὡς
551 2166 616 2213 τὴν
646 2168 767 2220 χρείαν
795 2167 898 2219 μόνον
931 2169 1104 2220 πληροῦν,

74 2227 132 2266 καὶ
151 2229 186 2265 ἐν
205 2234 282 2272 ταῖς
296 2230 442 2279 ἀγαθαῖς
461 2226 628 2279 πράξεσιν
643 2228 782 2267 ἅπαντα
792 2229 850 2267 τὸν
864 2228 937 2280 βίον
953 2244 1104 2267 κατανα-

73 2287 224 2337 λίσκειν,
244 2288 322 2327 οὐδὲ
340 2288 445 2341 χρεία
463 2291 549 2339 ἡμῖν
568 2281 610 2335 ἦν
625 2292 689 2336 τῇς
705 2289 864 2341 βοηθείας
880 2284 943 2336 τῇς
957 2290 1028 2329 ἀπὸ
1043 2293 1104 2337 τῇς

73 2349 248 2396 νηστείας.
268 2349 359 2388 Ἀλλ’
384 2348 504 2397 ἐπειδὴ
528 2348 680 2402 ῥᾴθυμός
713 2352 805 2390 ἐστιν
825 2354 847 2399 ἠ
868 2351 968 2405 φύσις
993 2356 1015 2400 ἡ
1046 2355 1105 2391 ἀν-

73 2410 252 2463 θρωπίνη,
272 2411 331 2450 καὶ
359 2415 402 2464 τῇ
434 2411 550 2450 ἀνέσει
567 2413 627 2451 καὶ
654 2415 697 2464 τῇ
729 2416 840 2466 τρυφῇ
865 2415 996 2465 μᾶλλον
1018 2416 1104 2452 ἑαυ-

73 2470 136 2518 τὴν
156 2472 356 2521 ἐπιδίδωσι,
377 2474 433 2512 διὰ
453 2479 552 2513 τοῦτο
570 2474 727 2526 καθάπερ
745 2475 862 2527 πατὴρ
882 2475 1105 2527 φιλόστοργος
1141 2494 1153 2514 a

74 2532 138 2580 τὴν
161 2533 231 2572 ἀπὸ
262 2537 326 2581 τῇς
356 2535 517 2581 νηστείας
534 2539 619 2587 ἡμῖν
640 2535 792 2590 ἰατρείαν
807 2536 993 2585 ἐπενόησεν
1012 2540 1030 2576 ὁ
1050 2553 1104 2589 φι-

73 2593 276 2647 λάνθρωπος
307 2595 505 2643 Δεσπότης,
536 2596 594 2635 ἵνα
615 2597 676 2636 καὶ
705 2597 750 2636 τὰ
777 2601 839 2646 τῇς
864 2602 999 2651 τρυφῇς
1019 2602 1104 2650 ἡμῖν

75 2654 311 2704 ἔκκόπτηται,
332 2656 390 2694 καὶ
409 2657 472 2705 τὴν
485 2652 566 2710 περὶ
585 2658 629 2696 τὰ
649 2659 797 2710 βιωτικὰ
817 2660 982 2712 φροντίδα
1000 2676 1105 2711 μετα-

75 2715 240 2779 γοίγωμεων
271 2717 330 2756 ἐπὶ
361 2717 424 2765 τὴν
448 2722 516 2758 τῶν
552 2723 800 2771 πνευματικῶν
833 2721 1010 2774 ἐργασίαν.
1043 2721 1105 2760 Ἂν

75 2776 190 2815 τοίνυν
212 2778 279 2817 ὠσί
297 2795 386 2822 τινες
399 2783 468 2818 τῶν
487 2782 635 2820 ἐνταῦθα
655 2781 838 2820 συνιόντων
849 2783 915 2822 ὑπὸ
930 2782 1107 2826 ἀσθενείας

75 2843 282 2890 σωματικῇς
300 2840 533 2892 κωλυόμενοι,
550 2842 609 2880 καὶ
627 2842 675 2894 μὴ
699 2843 881 2894 δυνάμενοι
896 2844 1011 2883 ἄσιτοι
1032 2845 1107 2882 δια-

78 2898 213 2949 μένειν,
230 2900 362 2945 τούτοις
383 2905 546 2953 παραινῶ
576 2903 635 2941 καὶ
654 2903 718 2950 τὴν
739 2904 917 2942 ἀσθένειαν
937 2903 1001 2950 τὴν
1033 2920 1106 2943 σω·-

79 2960 230 3011 ματικὴν
250 2966 552 3015 παραμυθεῖσθαι,
571 2965 631 3004 καὶ
651 2969 713 3012 τῇς
735 2966 962 3009 διδασκαλίας
980 2965 1109 3011 ταύτης

1164 328 1247 367 inde
1270 326 1435 366 utilitatis
1449 326 1574 378 capiet.
1593 326 1636 364 Et
1654 326 1727 363 hate
1743 325 1837 370 (lico,
1854 340 1920 363 non
1942 326 2114 377 utjejnnii

1163 510 1294 558 animo,
1314 524 1384 547 non
1401 507 1666 556 consuetudine,
1685 506 1732 545 ad
1752 505 1950 559 spiritualia
1971 521 2044 544 esse
2059 522 2120 544 ac-

1162 570 1372 608 cedendum.
1407 571 1486 608 Non
1520 569 1613 608 enim
1647 578 1751 621 turpe
1787 567 1908 616 suerit,
1945 582 2026 605 eum
2059 569 2118 618 qui

1164 630 1285 668 eibum
1303 640 1404 668 antea
1428 630 1576 683 accepit,
1594 629 1714 668 adesse
1733 629 1912 681 spirituali
1935 628 2119 671 doetrinae,

1164 690 1227 729 sed
1250 691 1380 742 ignavo
1397 691 1514 729 animo
1529 690 1665 740 adesse,
1683 699 1716 729 et
1733 690 1779 728 ab
1798 690 2045 728 affectionibus
2062 704 2121 728 ve-

1165 753 1264 798 xari,
1293 761 1327 791 ct
1353 752 1468 790 carnis
1492 751 1656 789 lascivias
1680 765 1747 788 non
1777 751 2021 803 conrprinwre.
2044 752 2121 789 Non

1167 813 1302 850 malum
1323 821 1374 850 est
1401 812 1606 857 comedere;
1631 811 1721 849 absit
1741 828 1748 848 :
1769 811 1831 849 sed
1851 812 1934 862 gula
1953 812 2123 850 ‹lainnosa

1166 881 1229 921 cst,
1254 882 1288 911 et
1310 872 1451 924 impleri
1481 873 1562 924 plus
1585 886 1693 923 quam
1715 871 1822 919 satis,
1843 886 1883 909 ae
1901 872 2124 924 disrumpere

1132 942 1140 952 “
1167 943 1352 973 ventrem:
1379 933 1419 972 id
1443 933 1540 985 quod
1566 933 1681 986 ipsam
1712 932 1821 970 etiam
1847 933 1960 980 illam,
1983 948 2060 984 quae
2081 948 2125 971 ex

1168 996 1248 1034 cibo
1267 995 1392 1034 haberi
1408 1005 1533 1048 potest,
1558 995 1778 1047 voluptatem
1799 993 1947 1032 olscndit
1965 1010 1974 1043 3
1997 1009 2123 1045 qnem-

1167 1055 1365 1094 admodum
1385 1055 1477 1093 nihil
1503 1055 1588 1093 mali
1608 1063 1676 1104 cst,
1694 1054 1820 1092 viuum
1849 1053 1895 1091 ad
1925 1068 2125 1091 mensuram

1166 1116 1302 1166 bibere,
1322 1116 1385 1155 sed
1403 1116 1565 1154 ebrietati
1592 1130 1628 1154 50
1642 1114 1786 1165 dedere,
1803 1124 1836 1152 et
1859 1115 1964 1152 intem
1967 1115 2129 1169 perantia

1163 1176 1342 1229 judicium
1374 1176 1521 1214 rationis
1549 1176 1764 1214 subvertere.
1799 1174 1953 1223 Etenim,
1988 1174 2128 1223 dilecte,

1169 1238 1199 1276 si
1227 1238 1273 1276 ob
1300 1238 1459 1290 corporis
1479 1236 1763 1275 imbecillitatem
1784 1250 1851 1273 non
1873 1245 1970 1288 potes
1985 1237 2128 1288 jejunus

1169 1299 1267 1338 diem
1291 1299 1508 1353 producere,
1536 1299 1658 1337 nullus
1677 1298 1739 1349 qui
1764 1297 1876 1349 sapiat
1898 1307 2042 1349 propter
2064 1298 2130 1334 1100

1170 1370 1203 1399 te
1235 1375 1384 1413 arguere
1421 1360 1563 1413 poterit.
1594 1358 1790 1398 Dominum
1825 1358 1920 1396 enim
1958 1358 2130 1396 habemus

1171 1432 1396 1460 mansuetum
1426 1437 1466 1461 ae
1486 1422 1683 1474 benignum
1699 1451 1709 1469 ,
1731 1429 1764 1458 et
1790 1419 1881 1458 nihil
1903 1434 2009 1472 supra
2039 1420 2142 1458 vires

1171 1492 1309 1522 nostras
1323 1498 1342 1521 a
1358 1483 1459 1521 nobis
1476 1482 1688 1534 exigentem.
1702 1482 1828 1531 Neque
1846 1480 1940 1518 enim
1955 1480 2130 1518 abstinen-

1171 1545 1259 1584 tiam
1274 1560 1293 1583 a
1310 1544 1401 1583 cibis
1411 1553 1444 1582 et
1456 1543 1612 1582 inediam
1628 1542 1841 1595 simpliciter
1855 1556 1875 1580 a
1888 1541 1988 1580 nobis
2002 1542 2128 1593 exigit,

1171 1619 1286 1656 neque
1314 1605 1383 1644 hoc
1402 1605 1535 1658 ipsum,
1557 1614 1596 1642 ut
1610 1604 1725 1657 Jejuni
1746 1603 1970 1642 solummodo
1994 1618 2131 1655 perma—

1172 1681 1330 1717 neamus,
1345 1665 1406 1705 sed
1422 1676 1462 1704 ut
1481 1680 1501 1704 a
1520 1664 1750 1704 saecularibus
1767 1664 1935 1717 operibus
1952 1678 2015 1701 1105
2032 1664 2132 1702 abdi-

1173 1737 1291 1766 cantes
1304 1758 1316 1779 ,
1345 1742 1450 1766 0111110
1476 1737 1639 1765 nostrum
1670 1727 1784 1765 otium
1815 1725 1851 1764 in
1882 1725 2132 1778 spiritualilms

1173 1803 1435 1828 consumamus.
1449 1788 1540 1827 Naui
1553 1789 1581 1827 si
1595 1788 1712 1826 sobria
1722 1797 1836 1826 mente
1846 1788 1960 1825 vitam
1978 1796 2132 1825 nostram

1174 1851 1452 1900 institueremus,
1467 1859 1499 1888 et
1513 1849 1690 1901 quidquid
1706 1849 1769 1886 otii
1782 1848 1904 1898 datur,
1918 1848 1954 1885 in
1968 1847 2133 1899 spiritua—

1174 1911 1223 1950 lia
1242 1910 1529 1963 impenderemus
1547 1926 1553 1947 :
1582 1919 1615 1950 et
1637 1909 1735 1948 cibos
1760 1908 1807 1947 ita
1827 1922 2046 1946 sumeremus
2062 1938 2072 1957 ,
2093 1917 2133 1944 ut

1176 1981 1314 2011 tantum
1346 1985 1567 2010 sumeremus
1584 2001 1593 2019 ,
1615 1979 1789 2022 quantum
1820 1983 1905 2008 usus
1933 1968 2072 2020 exigit,
2100 1978 2133 2007 et

1176 2032 1289 2071 vitam
1314 2041 1425 2070 totam
1447 2031 1483 2069 in
1503 2031 1606 2070 bonis
1635 2030 1803 2083 operibus
1829 2029 2130 2082 dispensaremus,

1172 2091 1249 2143 jam
1267 2091 1367 2129 nullo
1391 2104 1480 2143 opus
1495 2098 1582 2128 esset
1599 2104 1644 2128 ex
1658 2088 1805 2142 jejuniis
1821 2087 2039 2140 adjumento.
2063 2088 2134 2127 Sed

1178 2151 1262 2203 quia
1280 2151 1461 2203 negligens
1471 2160 1523 2189 est
1534 2151 1690 2189 humana
1705 2158 1847 2200 natura,
1857 2148 2037 2187 etdeliciis
2048 2164 2134 2201 gau-

1176 2212 1251 2263 det,
1268 2221 1302 2251 et
1314 2212 1553 2250 relaxationes
1571 2211 1699 2262 quaerit
1713 2227 1721 2247 :
1743 2210 1879 2249 ideirco
1896 2219 2075 2261 tamquam
2091 2210 2136 2248 ad

1177 2288 1334 2312 amorem
1347 2273 1459 2327 prolis
1475 2287 1671 2326 propensus
1684 2282 1784 2325 pater
1795 2272 1945 2310 clemens
1960 2271 2135 2309 Dominus

1177 2335 1268 2374 hanc
1291 2349 1337 2374 ex
1362 2335 1500 2388 jejunio
1520 2333 1737 2372 medicinam
1764 2332 2001 2384 excogitavit,
2033 2341 2072 2370 ut
2103 2340 2134 2369 ct

1177 2396 1328 2436 delicata
1341 2410 1359 2434 0
1378 2395 1497 2434 medio
1511 2395 1698 2446 tollantur,
1717 2403 1751 2433 et
1769 2393 1992 2433 saecularium
2012 2407 2135 2430 curam

1177 2457 1223 2496 ad
1242 2457 1444 2510 spiritualia
1460 2471 1566 2509 opera
1582 2455 1850 2495 transferamus.
1865 2454 1903 2493 Si
1924 2454 2036 2505 igitur
2055 2463 2133 2491 sunt

1178 2519 1291 2571 aliqui
1318 2528 1518 2572 praesentes,
1534 2533 1623 2570 quos
1646 2517 1804 2570 corporis
1829 2525 1924 2556 vetat
1947 2515 2135 2553 infirmitas

1174 2582 1314 2634 jejunos
1345 2590 1379 2619 et
1398 2581 1596 2632 impransos
1624 2593 1842 2632 permanere,
1863 2591 1920 2616 eos
1938 2577 2062 2615 hortor
2098 2586 2133 2614 ut

1179 2642 1337 2695 coiporis
1358 2640 1604 2679 infirmitatem
1635 2649 1776 2689 curent,
1806 2648 1839 2676 et
1869 2637 2044 2690 spirituali
2068 2637 2133 2675 hac

1178 2702 1340 2742 doctrina
1358 2716 1426 2740 non
1447 2701 1563 2740 solum
1578 2715 1646 2739 non
1666 2700 1865 2753 priventur,
1882 2698 1944 2738 scd
1965 2707 1995 2736 ct
2014 2698 2132 2751 pransi

1179 2764 1260 2818 plus
1276 2764 1466 2803 exhibeant
1486 2761 1606 2802 studii.

2173 336 2216 363 Ad
2232 345 2318 372 spiti-

1163 388 1319 439 rigorem
1334 386 1493 434 solvan13
1508 385 1625 435 al›sit;
1647 399 1728 422 nani
1745 384 1898 422 multum
1915 385 2021 422 laudo
2037 378 2216 436 1›1-‹›-¹'¹³‘³⁵¹
2245 387 2315 412 ‘³¹¹⁰'

2131 420 2219 444 nunilo
2237 429 2299 444 aru:
2308 435 2317 438 -

1163 449 1486 501 boqucjejnnantes
1502 463 1509 484 :
1523 446 1586 484 sed
1602 455 1641 484 ut
1653 446 1813 495 doceam,
1830 445 1949 483 sobrio
1963 446 2118 495 quodam
2130 460 2272 487 ‹it-naum.

77 3024 141 3068 τῇς
159 3027 397 3073 πνευματικῇς
418 3025 466 3075 μὴ
490 3027 694 3079 ἀποστερεῖν
715 3027 875 3075 ἑαυτούς,
890 3026 980 3065 ἀλλὰ
999 3026 1108 3078 ταύτῃ
1130 3060 1162 3084 7³

79 3085 211 3129 μᾶλλον
233 3084 376 3124 πλείονα
397 3085 461 3133 τὴν
477 3086 631 3133 σπουδὴν
650 3087 918 3127 ἐπιδείκνυσθαι.
1131 3097 1159 3128 Λ

124 3199 138 3215 ⁸
153 3189 269 3224 Morel.
283 3195 364 3225 ἀλλὰ
382 3195 494 3238 σφόδρα
510 3197 710 3237 βουλόμενος,
723 3194 756 3226 in
771 3193 843 3226 aliis
857 3197 969 3242 ⁶?0'3p2
985 3193 1089 3227 deest.
1124 3201 1176 3238 ψαι
1193 3196 1241 3228 διὰ
1322 3197 1346 3226 el
1363 3194 1398 3225 δι’
1416 3195 1483 3224 ebo.
1505 3187 1593 3222 Ibid-
1618 3187 1719 3222 Savil.
1740 3196 1772 3221 et
1796 3188 1931 3222 Colslin.
1955 3204 1997 3231 gn:
2027 3192 2134 3222 fai-:¹:⁷2-

81 3241 176 3273 Iusta
189 3243 270 3286 ch-
287 3249 410 3289 αἰσχρὸν
425 3248 645 3290 παρκὲἀλλειν.
1124 3246 1240 3280 Morcl.
1256 3248 1288 3279 οὐ
1314 3247 1443 3277 ivs-amm.
1463 3239 1565 3274 Paulo
1588 3249 1663 3284 post.
1679 3239 1806 3284 aliquot.
1822 3241 1898 3273 Mss.
1918 3256 1947 3273 σε
1970 3246 2135 3281 §quenl-2¹:11.

125 3293 142 3318 ¹³
159 3292 214 3326 Sic
237 3305 352 3327 omnes
380 3303 499 3338 praetor
525 3295 639 3328 Mor-el.
659 3296 715 3339 qui
738 3294 841 3330 habet
865 3303 905 3332 τὰ
920 3306 979 3333 τῶν
995 3303 1095 3333 παθῶν
1173 3298 1188 3321 ‘¹
1207 3294 1308 3329 Savil.
1323 3302 1355 3326 et
1373 3294 1518 3336 quinque
1534 3293 1610 3324 Mss.
1630 3295 1706 3326 οὕτω
1722 3297 1892 3337 προσίεμεν.
1908 3290 2045 3324 coislin.
2065 3296 2137 3325 ςῦτπ,

85 3354 295 3390 σκιρτήματα,
309 3346 418 3379 miuus
438 3355 537 3380 recte.
555 3347 646 3381 Infra
670 3347 786 3381 Mon-el.
805 3354 1047 3394 ἐμπίμπλασθαι.
1131 3356 1281 3393 προῐ-ςμεν.
1301 3345 1415 3378 Morel.
1435 3348 1511 3379 οὕτω
1530 3350 1709 3388 προσίωμεν.
1726 3343 1842 3386 [Panto
1857 3352 1934 3376 ante
1949 3345 2035 3376 Saxi!
2065 3351 2138 3378 :315-

131 3407 143 3421 ι’
160 3397 295 3431 Coislin.
313 3404 394 3434 ἀλλὰ
411 3406 443 3434 τὸ
456 3406 533 3445 μέθῃ
554 3406 658 3434 ταυτὸν
679 3404 775 3440 ἐκδοὺς
793 3407 1097 3448 καὶ......π7ραηε’μ-
1135 3406 1293 3444 νομιῶ-ηε»
1310 3400 1393 3431 Cum
1418 3395 1536 3429 Montf.
1551 3396 1717 3429 consentit
1738 3395 1894 3438 Coislin.]
