2516 3791
781 184 823 215 IN
860 180 1057 215 GENESIM
1093 180 1240 212 SERMO
1277 181 1356 212 VH.
2009 174 2097 236 787

57 270 240 323 δικαίωμα.
283 268 351 309 Διὰ
375 270 476 308 τοῦτο
511 267 572 307 καὶ
599 270 617 307 ὃ
644 267 809 317 Ἰωάννης
837 270 855 307 ὁ
885 264 1081 321 βαπτιστὴς

53 335 155 374 366«-
182 333 252 371 Ἴδε
285 335 304 370 ὁ
336 330 444 383 ἀμνὸς
473 334 535 369 τοῦ
563 332 678 379 Θεοῦ,
707 329 809 383 οὐχὶ,
837 332 856 369 ὁ
887 328 994 382 αἴρων
1014 326 1078 374 τὴν

51 395 225 448 ἁμαρτίαν
244 397 305 433 τοῦ
330 392 463 445 Ἀδὰμ,
483 394 582 442 ἀλλ’,
602 391 648 432 Ὁ
677 393 784 446 αἴρων
809 392 873 440 τὴν
903 388 1080 443 ἁμαρτίαν

49 461 108 497 τοῦ
122 457 266 511 κόσμου.
287 450 390 500 Εἶδες
415 458 491 499 πῶς
514 457 580 508 οὐχ
597 457 644 499 ὡς
656 455 698 494 τὸ
719 454 970 507 παράπτωμα,
987 450 1078 490 οὕτω

49 519 170 558 καὶτὸ
206 519 390 574 χάρισμα,
424 515 515 555 ἀλλὰ
535 515 679 556 πλείονα
712 515 878 568 εἰσήγαγε
907 517 1010 552 τοῦτο
1038 509 1079 550 τὸ

49 579 146 626 ξύλον
170 580 285 634 ἀγαθὰ
307 583 378 620 τῶν
399 577 498 631 παρὰ
519 577 582 627 τὴν
599 577 712 632 ἀρχὴν
739 574 1000 629 εἰσενεχθέντων
1014 589 1078 612 xa-

47 658 139 692 κων,

98 766 223 805 Ταῦτα
242 764 278 804 δὲ
297 758 412 813 εἶπον,
429 763 487 803 ἵνα
509 762 558 816 μὴ
585 761 732 814 νομίσῃς
756 759 1010 812 ἐπηρεάζεσθαί
1036 775 1076 798 σε
1096 761 1121 793 C

45 826 140 879 παρὰ
159 829 228 865 τῶν
253 824 415 879 πρώτων.
429 824 617 870 Ἐξέὸαλεν
639 826 658 862 ὁ
676 821 835 867 διάὸολος
859 822 918 861 τὸν
939 819 1051 873 Ἀδὰμ
1064 851 1077 869 ,

44 888 208 941 εἰσήγαγε
222 887 281 926 τὸν
298 886 432 940 λῃστὴν
449 890 468 926 ὁ
481 885 643 939 Χριστός.
666 885 737 925 Καὶ
757 883 881 924 σκόπει
895 884 936 923 τὸ
954 883 1075 937 διάφο-

46 965 115 1002 ρον.
134 949 288 993 Ἐκεῖνος
318 950 382 987 οὐκ
409 948 536 1001 ἔχοντα
575 946 752 1000 ἁμαρτίαν
777 945 837 985 τὸν
868 945 1076 998 ἄνθρωπον,

42 1010 132 1050 ἀλλὰ
158 1010 241 1062 μίαν
270 1011 398 1058 κηλῖδα
420 1012 623 1063 παρακοῆς,
660 1007 843 1054 ἐξέὸαλεν·
876 1010 895 1046 ὁ
922 1007 1076 1060 Χριστὸς

42 1072 173 1125 λῃστὴν
194 1072 299 1125 μυρία
314 1071 440 1126 φορτία
454 1070 720 1125 ἁμαρτημάτων
735 1070 955 1123 βαστάζοντα
968 1069 1076 1116 οὕτως

42 1134 225 1187 εἰσ-ἤγαγεν
249 1137 297 1180 εἰς
316 1134 374 1173 τὸν
397 1134 625 1186 παράδεισον.
651 1125 728 1185 ’Ἆρ’
749 1125 808 1172 οῧν
832 1135 936 1170 τοῦτο
969 1131 1073 1184 μόνον

41 1197 80 1235 τὸ
102 1196 219 1248 θαῦμά
235 1198 343 1244 ἐστιν,
357 1195 410 1235 ὅτι
425 1195 557 1249 λῃστὴν
576 1196 759 1249 εἰσήγαγεν
777 1197 824 1239 εἷς
849 1195 1079 1249 παράδεισον,

40 1258 127 1297 ἄλλο
148 1257 183 1297 δὲ
203 1257 322 1306 οὖδέν;
337 1257 442 1297 Ἔστι
460 1257 521 1296 καὶ
547 1257 634 1297 ἄλλο
663 1259 778 1309 μεῖζον
795 1258 915 1296 εἰπεῖν.
931 1257 986 1296 Οὔ
1006 1256 1075 1309 γὰρ

39 1318 174 1371 λῃστὴν
191 1319 354 1371 εἰσήγαγε
372 1318 488 1371 μόνον,
506 1318 598 1358 ἀλλὰ
617 1318 678 1357 καὶ
699 1317 768 1371 πρὸ
783 1321 847 1365 τῆς
869 1317 1075 1370 οἰκουμένης

39 1381 204 1430 ἁπάσης,
239 1380 300 1419 καὶ
327 1380 397 1432 πρὸ
424 1382 494 1418 τῶν
516 1380 742 1419 ἀποστόλων·
763 1380 820 1417 ἵνα
855 1378 976 1431 μηδεὶς
1003 1381 1073 1418 τῶν

40 1441 129 1492 μετὰ
154 1446 266 1481 ταῦτα
292 1443 434 1494 ἃπογνῷ
453 1441 516 1489 τὴν
535 1440 665 1481 εἴσοδον
677 1472 687 1490 ,
708 1439 797 1493 μηδὲ
815 1439 994 1492 ἀπελπίσῃ
1009 1439 1074 1488 τὴν

39 1502 213 1555 σωτηρίαν
237 1502 300 1551 τὴν
320 1504 466 1550 ἑαυτοῦ,
488 1502 546 1542 τὸν
569 1502 702 1555 μυρίων
726 1501 882 1556 γέμοντα
899 1505 1018 1541 κακῶν
1040 1504 1076 1541 ἐν
1096 1519 1121 1549 1)

39 1571 113 1609 ταῖς
135 1565 336 1617 βασιλικαῖς
356 1566 478 1608 αὖλαῖς
500 1564 735 1617 στρεφόμενον
757 1566 859 1616 ὁρῶν.
875 1563 968 1603 Ἀλλ’
994 1563 1075 1602 ἴδω-

38 1641 113 1676 μεν,
130 1625 179 1678 μὴ
196 1625 320 1670 πόνους
333 1625 532 1670 ἐπεδείξατο
550 1626 611 1664 καὶ
630 1624 891 1679 κατορθώματα
908 1624 970 1663 καὶ
992 1640 1077 1677 καρ-

37 1687 121 1731 ποὺς
148 1690 167 1726 ὁ
194 1687 340 1738 λῃστής.
361 1686 453 1726 Οὐδὲ
480 1686 584 1725 τοῦτό
610 1689 704 1726 ἔστιν
735 1688 866 1735 εἰπεῖν,
898 1687 976 1724 ἀλλ’
1005 1686 1077 1725 ἀπὸ

38 1751 139 1801 ψιλοῦ
160 1748 336 1801 ῥήματος,
357 1748 426 1787 ἀπὸ
443 1746 595 1792 πίστεως
618 1747 727 1799 μόνης
748 1747 817 1800 πρὸ
834 1750 904 1786 τῶν
925 1746 1077 1786 ἀποστό-

38 1813 108 1849 λων
129 1810 355 1858 εἰσετι-ήδησεν
377 1811 426 1854 εἷς
455 1809 514 1849 τὸν
534 1810 762 1863 παράδεισον,
791 1808 848 1848 ἵνα
879 1809 994 1862 μάθῃς
1023 1809 1076 1848 ὅτι

39 1874 106 1925 οὐχ
132 1875 155 1919 ἡ
180 1871 310 1911 ἐκείνου
337 1871 581 1924 εὖγνωμοσύνη
607 1876 770 1911 τοσοῦτον
800 1871 964 1924 ἴσχυσεν,
997 1871 1077 1910 ὅσον

37 1938 98 1973 τοῦ
119 1933 296 1972 Δεσπότου
315 1936 337 1981 ἡ
358 1932 603 1987 φιλανθρωπία
621 1933 662 1973 τὸ
677 1939 747 1972 πᾶν
765 1932 923 1981 ἐποίησε.
942 1932 991 1971 Τί
1009 1933 1076 1986 γὰρ

38 1990 135 2035 εἶπεν
146 1995 326 2048 ὁλῃστὴς,
340 1995 375 2034 τί
391 1994 426 2034 δὲ
441 1994 588 2048 ἔπραξεν
600 2011 611 2045 ;
625 1994 834 2042 ἕνήστευσεν
845 2011 855 2044 ;
868 1993 1078 2047 ἐδάκρυσεν,

37 2056 310 2110 περιεσχίσατω
347 2056 533 2109 μετάνοιαν
565 2056 767 2101 ἐπεδείξατο
800 2059 835 2095 ἐν
871 2057 992 2110 πολλῷ
1026 2059 1077 2109 τῷ

35 2118 168 2171 χρόνῳ,
182 2119 360 2170 Οὐδαμῶς
373 2134 381 2141 ·
403 2120 483 2157 ἀλλ’
501 2119 536 2156 ἐν
556 2120 652 2171 αὐτῷ
674 2120 724 2171 τῷ
745 2119 885 2171 σταυρῷ
906 2118 994 2170 μετὰ
1013 2117 1076 2166 τὴν
1098 2131 1123 2163 Ε

36 2179 212 2232 ἀπόφασιν
231 2179 407 2231 σωτηρίας
418 2179 551 2231 ἔτυχεν.
571 2178 670 2232 εὈρα
687 2179 811 2232 τάχος·
833 2180 903 2218 ἀπὸ
922 2185 1076 2233 σταυροῦ

38 2242 86 2285 εἰς
103 2241 259 2293 οὐρανὸν,
275 2240 345 2280 ἀπὸ
363 2239 555 2287 καταδίκης
580 2242 628 2284 εἰς
646 2240 838 2294 σωτηρίαν.
860 2241 953 2280 Τίνα
981 2241 1075 2280 ἐστὶν

39 2302 107 2355 ἄρα
131 2304 245 2341 ἐκεῖνα
262 2302 307 2341 τὰ
332 2302 499 2355 ῥήματα;
522 2301 634 2351 πόσην
657 2302 732 2356 ἔχει
752 2302 818 2350 τὴν
837 2302 999 2355 δύναμιν,
1018 2304 1073 2342 ὅτι

39 2368 191 2403 τοσαῦτα
215 2364 326 2417 τούτῳ
353 2363 515 2416 ἐκόμισεν
534 2364 669 2416 ἀγαθά,
689 2363 879 2413 Μνήσθητί
907 2380 991 2416 μου,
1010 2381 1077 2420 φη-

41 2424 107 2473 σὶν,
125 2426 162 2462 ἐν
183 2427 227 2475 τῇ
249 2425 409 2479 βασιλεία
428 2441 505 2464 σου.
522 2426 594 2465 Καὶ
611 2425 646 2464 τί
661 2430 762 2465 τοῦτο
775 2442 785 2475 ;
800 2426 939 2482 ’ᾘτησε
952 2428 1076 2467 λ;.3εἷν

40 2485 175 2537 ἀγαθὰ,
204 2487 244 2524 οὗ
269 2486 424 2533 σπουδὴν
443 2486 507 2534 τὴν
529 2488 574 2525 δι’
591 2486 702 2540 ἔργων
723 2487 943 2533 ἐπεδείξατο·
960 2490 1038 2527 ἀλλ’
1059 2491 1076 2527 3

42 2546 104 2594 τὴν
122 2547 268 2600 καρδίαν
288 2549 394 2586 αὐτοῦ
421 2547 538 2597 εἰδὼς,
562 2549 600 2588 οὗ
622 2554 692 2593 τοῖς
719 2548 853 2601 ῥήμασι
867 2548 1076 2603 προσέσχεν,

42 2608 133 2648 ἀλλὰ
155 2612 198 2661 τῇ
214 2609 366 2649 διαθέσει
391 2613 454 2658 τῆς
476 2609 641 2654 διανοίας.
661 2612 708 2650 Οἱ
731 2610 794 2663 μὲν
817 2609 885 2664 γὰρ
899 2627 1075 2665 προφητι-

42 2672 111 2708 κῶν
132 2670 390 2716 ἀπολαύσαντες
406 2671 642 2725 διδαγμάτων,
661 2674 693 2711 οἱ
710 2671 756 2712 τὰ
771 2679 902 2724 σημεῖα
923 2672 1051 2717 ἰδόντες
1063 2704 1074 2723 ,

42 2733 73 2770 οἳ
90 2731 135 2769 τὰ
150 2731 311 2783 θαύματα
331 2733 555 2785 θεασάμενοι,
578 2734 696 2785 ἔλεγον
722 2734 804 2788 περὶ
823 2739 884 2774 τοῦ
899 2736 1053 2787 Χριστοῦ
1065 2766 1074 2783 ,

1086 2780 1134 2804 6ἳο

1148 265 1218 303 alia
1238 265 1353 304 multa
1369 265 1527 307 sustulit.
1558 266 1698 306 Idcirco
1715 267 1805 307 dicit
1826 283 1834 305 τ
1860 269 2004 308 Gratia
2034 286 2103 310 au-

1150 334 1226 365 tem
1240 342 1289 365 ex
1303 328 1436 367 multis
1446 329 1597 368 delictis
1608 331 1650 367 in
1659 330 1998 383 justificationem.
2017 334 2104 371 Pro-

1148 397 1267 441 pterea
1283 390 1436 428 Joannes
1453 390 1561 428 etiam
1582 391 1744 444 Baptista
1773 392 1952 431 clamabat
1972 409 1981 430 ε
2002 396 2205 433 ΕεεεΙοωι.
2225 410 2305 441 ¹³9-

1148 464 1275 503 agnus
1293 453 1383 498 Dei,
1415 465 1498 502 non,
1531 453 1593 504 qui
1626 454 1721 492 tollit
1744 464 1930 507 peccatum
1962 456 2105 507 Adami,

1147 511 1225 563 sed,
1252 514 1328 564 Qui
1353 514 1456 552 tollit
1471 523 1674 566 peccatum
1691 518 1841 554 mundi.
1864 516 2016 568 Vidisti,
2035 533 2108 570 quo

1147 583 1251 627 pacto
1267 588 1337 613 non
1352 574 1445 613 sicut
1464 574 1650 627 delictum,
1666 577 1714 615 ita
1734 586 1768 616 et
1783 578 1910 630 gratia,
1925 579 1986 618 sed
2002 579 2107 633 plura

1146 634 1288 688 lignum
1305 636 1375 675 hoc
1395 636 1535 676 invexit
1553 637 1659 689 bona,
1680 653 1790 692 quam
1806 640 2015 695 aprincipio
2030 642 2110 682 sue·

1147 697 1221 736 rint
1239 697 1380 738 invecta
1401 699 1496 737 mala
1514 699 1534 738 Ξ)

1199 760 1240 799 4.
1263 760 1350 800 Haec
1370 770 1491 801 autem
1511 776 1532 801 a
1552 776 1609 801 me
1626 761 1724 802 dicta
1752 771 1850 811 sunt,
1870 776 1913 802 ne
1942 778 1962 802 a
1980 765 2109 817 primis

1147 822 1220 862 illis
1238 823 1450 876 parentibus
1480 822 1613 862 damno
1645 832 1680 863 te
1708 825 1875 863 affectum
1905 826 2104 865 arbitreris.

1146 885 1324 925 Diabolus
1339 885 1520 925 Adamum
1539 886 1654 940 ejecit,
1674 886 1849 926 latronem
1869 888 2034 928 Christus
2054 890 2107 928 in-

1145 947 1322 986 troduxit.
1338 950 1390 986 Ac
1407 947 1688 1001 discrepantiam
1712 948 1808 988 vide.
1829 949 1895 988 llle
1925 950 2109 990 hominem

1146 1009 1247 1048 nullo
1279 1009 1451 1048 infectum
1483 1019 1638 1063 peceato,
1657 1009 1721 1049 sed
1754 1010 1828 1049 sola
1861 1011 2110 1052 inobedientia}

1146 1071 1299 1121 macula,
1315 1072 1439 1125 ejecit:
1455 1072 1806 1111 Christuslatronem
1823 1073 2010 1113 innumera
2022 1089 2107 1128 pec-

1146 1142 1308 1172 catorum
1322 1148 1429 1172 onera
1450 1142 1646 1185 gestantem
1665 1133 1701 1171 in
1717 1133 1927 1186 paradisum
1946 1136 2109 1174 introdu-

1146 1195 1213 1234 xit.
1237 1198 1294 1234 An
1328 1195 1441 1248 igitur
1457 1195 1526 1233 hoc
1541 1203 1682 1232 tantum
1698 1203 1750 1232 cst
1766 1193 1996 1242 admirabile,
2010 1195 2110 1247 quod

1144 1256 1318 1296 latronem
1351 1258 1389 1296 in
1412 1256 1621 1310 paradisum
1652 1255 1868 1304 introduxit,
1887 1256 1989 1295 aliud
2022 1272 2108 1297 vero

1146 1319 1266 1358 nihil?
1285 1320 1407 1358 Potest
1425 1328 1459 1357 et
1474 1317 1578 1356 aliud
1591 1317 1708 1370 majus
1729 1316 1817 1357 dici.
1832 1319 1912 1357 Non
1938 1319 2033 1357 enim
2050 1334 2108 1358 so-
2156 1327 2244 1359 Latro
2261 1340 2312 1357 eur

1145 1380 1224 1419 lum
1243 1380 1448 1420 introduxit
1468 1380 1655 1429 latronem,
1683 1378 1746 1418 sed
1765 1389 1798 1419 et
1827 1390 1906 1419 ante
1931 1381 2107 1421 mundum
2121 1371 2185 1439 ἔζη,
2195 1373 2311 1440 PH&

1146 1441 1370 1493 universum,
1384 1451 1418 1481 et
1429 1451 1510 1480 ante
1518 1440 1696 1494 apostolos
1714 1457 1722 1478 :
1740 1455 1783 1480 ne
1792 1443 1874 1493 quis
1883 1452 2108 1496 posterorum
2122 1454 2237 1482 ductus.

1146 1517 1184 1542 se
1198 1502 1338 1555 ingredi
1370 1518 1474 1557 posse
1495 1502 1684 1556 desperet,
1704 1517 1820 1554 neque
1846 1518 1946 1557 spem
1967 1519 2108 1544 omnem

1147 1579 1219 1603 suae
1241 1565 1368 1604 salutis
1389 1564 1555 1617 abjiciat,
1575 1578 1659 1602 cum
1687 1564 1885 1604 innumeris
1915 1576 2110 1605 scatentem

1147 1625 1252 1664 malis
1270 1640 1307 1665 se
1323 1627 1360 1664 in
1378 1626 1477 1678 regio
1488 1625 1622 1664 versari
1633 1625 1769 1678 palatio
1786 1625 1919 1666 videat.
1933 1627 2005 1666 Sed
2025 1642 2110 1666 con-

1147 1686 1359 1738 sideremus,
1381 1701 1469 1725 num
1488 1686 1630 1724 labores
1651 1695 1684 1724 et
1695 1695 1787 1725 recte
1805 1688 1897 1726 facta
1919 1698 1953 1727 et
1971 1689 2110 1727 fructus

1146 1748 1352 1788 exhibuerit
1366 1749 1469 1787 latro.
1486 1749 1539 1787 Ne
1553 1748 1622 1786 hoc
1643 1747 1790 1799 quidem
1809 1749 1881 1788 dici
1903 1760 2029 1803 potest,
2047 1751 2110 1790 sed

1147 1811 1244 1850 nudo
1265 1812 1375 1851 verbo
1393 1811 1546 1865 prolato,
1565 1810 1639 1849 sola
1665 1809 1737 1849 fide
1757 1811 1918 1850 exhibita
1939 1812 1974 1850 in
1998 1827 2106 1866 para-

1146 1873 1268 1911 disum
1286 1882 1368 1911 ante
1393 1872 1571 1925 apostolos
1599 1871 1737 1921 insiliit,
1758 1881 1798 1910 ut
1833 1872 2013 1925 intelligas
2038 1887 2109 1912 non

1147 1936 1223 1988 ejus
1236 1935 1452 1989 probitatem
1470 1943 1610 1972 tantum
1619 1933 1789 1983 valuisse,
1809 1949 1936 1974 verum
1962 1936 2109 1974 Domini

1146 1996 1405 2049 benignitatem
1437 2005 1554 2034 totum
1590 1995 1772 2047 negotium
1793 1996 1982 2049 peregisse.
2007 1997 2110 2046 Quid

1148 2058 1244 2097 enim
1272 2058 1366 2096 latro
1385 2056 1512 2109 dixit?
1533 2055 1623 2108 quid
1652 2056 1765 2094 fecit?
1786 2071 1872 2095 num
1896 2058 2075 2111 jejunavit
2090 2058 2109 2096 ἶ)

1149 2134 1237 2159 num
1249 2120 1350 2160 flevit
1362 2119 1380 2158 ἒ)
1396 2133 1482 2157 num
1493 2133 1530 2157 se
1547 2118 1708 2157 afflixit?
1727 2132 1815 2157 num
1825 2119 1932 2172 longo
1950 2129 2111 2173 tempore

1148 2181 1394 2235 poenitentiam
1415 2179 1613 2219 exhibuit?
1632 2181 1867 2232 Nequaquam
1884 2181 2017 2220 :sedin
2033 2181 2110 2234 ipsa

1149 2257 1254 2282 cruce
1281 2251 1362 2296 post
1392 2242 1603 2281 sententiam
1635 2241 1788 2280 salutem
1815 2242 1985 2282 obtinuit.
2011 2243 2109 2284 Vide

1148 2304 1387 2343 celeritatem:
1407 2317 1428 2342 a
1459 2316 1565 2342 cruce
1593 2301 1630 2340 in
1659 2302 1799 2352 caelum,
1823 2318 1843 2342 a
1863 2303 2043 2357 supplicio
2071 2305 2109 2343 in

1148 2366 1311 2406 salutem.
1327 2365 1419 2413 Quae
1434 2378 1541 2419 porro
1560 2372 1644 2402 sunt
1658 2363 1719 2401 illa
1738 2364 1880 2402 verba?
1900 2379 2008 2416 quam
2026 2375 2106 2404 tan-

1147 2427 1232 2467 dem
1249 2427 1327 2466 vim
1350 2426 1500 2477 habent,
1522 2434 1564 2464 ut
1580 2425 1651 2463 hoc
1669 2438 1740 2463 uno
1762 2433 1861 2463 tanta
1880 2440 2109 2478 consequere-

1147 2498 1209 2529 tur
1246 2488 1372 2527 bona?
1393 2489 1592 2527 Memento
1618 2488 1716 2532 mei,
1741 2485 1878 2536 inquit,
1913 2489 1955 2524 in
1989 2500 2108 2539 regno
2121 2499 2306 2540 Luc.23.42.

1149 2560 1227 2591 tuo.
1246 2549 1345 2598 Quid
1365 2550 1433 2588 hoc
1454 2548 1505 2587 rei
1537 2547 1618 2586 est?
1647 2546 1754 2584 Petiit
1781 2546 1874 2584 bona
1911 2546 2008 2598 dari,
2036 2561 2107 2587 non

1147 2612 1316 2667 operibus
1337 2611 1425 2664 ipsis
1443 2608 1605 2648 studium
1622 2607 1738 2645 ullum
1755 2607 1925 2646 adhibuit
1948 2623 1956 2645 :
1978 2623 2107 2648 verum

1148 2676 1179 2715 is
1195 2675 1252 2715 cui
1270 2689 1330 2713 cor
1347 2675 1423 2726 ejus
1442 2680 1568 2711 notum
1588 2679 1676 2721 erat,
1697 2683 1768 2708 non
1788 2669 1941 2709 attendit
1959 2671 2005 2710 ad
2023 2686 2106 2710 ver—

1147 2737 1205 2787 ba,
1237 2735 1301 2775 sed
1334 2735 1382 2773 ad
1403 2733 1532 2772 mentis
1559 2733 1740 2770 affectum.
1765 2732 1858 2770 Nam
1876 2732 1930 2770 illi
1959 2732 2105 2785 quidem

42 2791 96 2830 ὅτι
109 2793 296 2844 Δαιμόνιον
310 2793 488 2846 ἔχει,κα1,
501 2797 628 2849 Πλανᾷ
642 2796 700 2836 τὸν
717 2796 820 2850 ὄχλον
834 2812 843 2821 ·
890 2795 926 2836 δὲ
941 2797 1073 2850 λῃστὴς
1098 2821 1123 2847 A
1148 2798 1208 2851 qui
1228 2797 1486 2851 prophetarum
1507 2795 1645 2833 fuerant
1663 2793 1888 2832 documentis
1920 2794 2102 2846 instructi,

44 2854 93 2905 μὴ
115 2857 303 2908 προφητῶν
320 2855 492 2905 ἀκούσας,
511 2856 560 2908 μὴ
594 2857 757 2909 θαύματα
786 2859 890 2905 ἰδὼν,
913 2857 993 2898 ἰδὼν
1014 2859 1074 2898 ἐπὶ

42 2918 102 2954 τοῦ
127 2920 277 2968 σταυροῦ
307 2917 592 2969 προσηλωμένον,
609 2919 648 2956 οὗ
671 2919 846 2974 προσέσχε
860 2924 904 2973 τῇ
926 2919 1073 2974 ἀτιμία,

42 2978 103 3014 οὐκ
131 2970 200 3015 εἶδε
224 2976 288 3024 τὴν
314 2976 471 3028 ἀδοξίαν,
506 2980 582 3018 ἀλλ’
604 2981 651 3024 εἰς
679 2980 742 3028 τὴν
775 2982 924 3029 θεότητα
963 2981 1073 3030 αὐτὴν

44 3036 125 3076 ἰδὼν
137 3068 147 3085 ,
163 3037 349 3085 Μνῆσθτ,τί
368 3055 453 3090 μου,
470 3039 587 3093 φησὶν,
598 3042 634 3079 ἐν
654 3043 698 3093 τῇ
716 3042 877 3096 βασιλεία
894 3059 967 3082 σου.
985 3044 1074 3082 Και-

43 3097 97 3136 νὸν
114 3103 214 3137 τοῦτο
233 3099 293 3138 καὶ
310 3100 515 3153 παράδοξον.
533 3102 690 3154 Σταυρὸν
709 3105 806 3156 ὁρᾷς,
821 3103 880 3142 καὶ
897 3103 1075 3156 βασιλείας

45 3157 244 3209 μέμνησαι,
273 3160 321 3199 Τί
343 3161 521 3212 βασιλείας
548 3162 641 3207 ἄξιον
662 3156 765 3212 εἷδεςὶ
782 3163 1073 3219 Ἐσταυρωμένον

45 3218 236 3272 ἄνθρωπον,
257 3221 484 3273 ῥαπιζόμενον
495 3253 505 3272 ,
523 3223 798 3275 χλευαζόμενον,
815 3225 1074 3278 κατηγορούμε-

45 3296 113 3327 νον,
131 3281 385 3333 ἐμπτυόμενον,
400 3285 653 3337 μαστιζόμενον
664 3301 672 3309 ·
692 3289 803 3325 ταῦτα
819 3280 877 3326 οὖν
894 3287 1073 3340 βασιλείας

46 3340 144 3389 ἄξια,
166 3342 241 3382 εἰπέ
270 3359 346 3393 μοι,
365 3344 474 3397 Ὁρᾷς
493 3345 547 3385 ὅτι
575 3353 646 3391 τοῖς
670 3350 732 3394 τῆς
759 3347 909 3393 πίστεως
927 3348 1071 3387 ἔίῖλεπεν

46 3404 249 3454 ὀφθαλμοῖς,
270 3405 327 3443 καὶ
355 3407 391 3444 οὗ
418 3405 460 3444 τὰ
485 3408 673 3458 φαινόμενα
704 3408 862 3458 ἐξήταζε,
883 3409 951 3449 Διὰ
974 3413 1072 3448 τοῦτο

1147 2860 1317 2913 quisigna
1334 2858 1515 2905 viderant,
1531 2855 1593 2907 qui
1608 2855 1930 2894 miraculafuerant
1947 2866 2105 2896 contem-

1146 2921 1250 2975 plati,
1266 2921 1311 2959 de
1327 2920 1470 2959 Christo
1491 2917 1658 2956 dicebant
1674 2932 1682 2953 ε
1705 2918 1955 2956 Doemonium
1969 2919 2100 2965 habet,
2119 2931 2232 2959 Mauh.
2257 2939 2306 2959 ιι.

1147 2992 1192 3033 et,
1217 2982 1373 3021 Seducit
1401 2982 1555 3019 turbam
1578 2994 1589 3014 .·
1607 2977 1699 3016 latro
1716 2992 1814 3026 vero,
1833 2978 1895 3029 qui
1913 2979 2104 3031 prophetas
2123 2973 2168 3001 ¹⁸·

1147 3059 1217 3084 non
1231 3043 1405 3092 audierat,
1427 3041 1489 3093 qui
1518 3039 1684 3093 prodigia
1702 3054 1773 3078 non
1792 3039 1947 3089 viderat,
1972 3041 2034 3092 qui
2066 3041 2102 3078 in

1147 3120 1250 3146 cruce
1269 3105 1443 3144 suffixum
1458 3101 1610 3149 viderat,
1625 3116 1697 3140 non
1717 3101 1869 3140 attendit
1884 3102 1932 3141 ad
1951 3102 2103 3154 ignomi-

1146 3168 1258 3217 niam,
1269 3180 1338 3205 non
1353 3164 1509 3217 respexit
1519 3162 1566 3201 ad
1578 3162 1780 3214 infamiam,
1796 3162 1858 3201 sed
1873 3162 2102 3201 divinitatem

1147 3228 1262 3281 ipsam
1281 3224 1530 3271 considerans,
1567 3224 1779 3270 Memento,
1804 3223 1934 3274 inquit,
1962 3225 2037 3261 mei
2060 3225 2102 3260 in

1146 3302 1262 3341 regno
1277 3296 1355 3326 tuo.
1374 3286 1451 3325 Hoc
1467 3299 1549 3324 sane
1562 3298 1698 3323 novum
1718 3293 1751 3323 et
1772 3284 1993 3322 inusitatum.
2013 3285 2101 3322 Cru-

1146 3365 1220 3389 cem
1240 3348 1352 3396 vich,
1372 3357 1406 3386 et
1438 3347 1537 3398 regni
1576 3346 1803 3384 meministi?
1827 3345 1925 3392 Quid
1947 3345 2100 3396 dignum

1147 3423 1253 3462 reguo
1273 3407 1423 3447 vidisti?
1443 3406 1631 3445 Hominem
1651 3405 1882 3449 crucifixum,
1900 3403 2012 3456 alapis
2031 3419 2096 3442 αι’·
