2483 3791
107 342 209 369 Adimi
229 351 271 368 sa-

86 385 207 421 pientia.

152 2597 284 2625 Libertas

95 2639 221 2665 arbitrii.

297 249 307 277 ι
325 235 384 290 ’54

287 330 418 381 inquit,
453 330 603 377 Adam,
635 331 708 368 hoc
741 339 797 369 est
816 345 969 368 nomen
998 330 1070 368 illi.
1091 330 1239 367 Factum

289 399 407 428 autem
422 390 490 428 hoc
505 399 569 438 est,
588 404 657 428 non
673 400 710 428 ut
727 390 905 428 discamus
918 390 1016 427 illius
1032 389 1240 441 sapientiam
1262 401 1286 430 D

290 451 427 501 solum,
444 451 507 489 sed
526 460 565 488 ut
584 459 617 488 et
636 451 842 503 symbolum
860 449 1010 488 dominii
1034 463 1096 501 per
1117 449 1238 487 nomi-

291 526 377 549 num
401 511 661 563 impositionem
690 519 932 562 cognoscatur.
949 512 1043 548 Nam
1065 518 1099 547 et
1124 509 1241 547 homi-

290 572 396 610 nibus
410 586 486 610 mos
504 580 554 609 est
575 571 644 609 hoc
665 572 779 609 facere
797 571 832 608 in
852 571 997 623 signum
1017 570 1183 620 dominii,
1203 580 1242 609 ut

291 647 374 675 cum
397 645 518 670 servos
545 631 703 680 emerint,
731 631 891 684 ipsorum
920 631 1062 670 nomina
1088 641 1238 670 mutent.

290 692 396 731 Unde
413 701 447 730 et
464 691 580 730 Adam
599 692 755 741 instruit,
774 702 815 730 ut
832 693 999 731 omnibus
1018 693 1136 732 brutis
1155 702 1243 731 tam-

289 767 397 803 quam
410 752 576 791 dominus
590 753 732 791 nomina
745 753 856 791 indat.
867 755 920 792 Ne
931 754 1042 806 igitur
1052 755 1113 793 hic
1125 754 1243 793 subito

289 822 500 864 praetereas,
536 813 676 863 dilecte,
709 814 805 865 quod
837 815 996 864 dicitur,
1028 815 1091 854 sed
1129 816 1245 867 cogita

289 882 429 924 quantae
452 873 559 912 fuerit
577 874 756 926 sapientiae
775 884 827 913 tot
860 876 1062 927 generibus,
1090 876 1246 915 volatili-

290 934 374 983 bus,
397 934 601 987 reptilibus,
623 935 720 983 seris,
747 936 932 987 jumentis,
954 945 988 974 et
1011 936 1092 976 aliis
1116 937 1246 986 brutis,

289 993 508 1044 domesticis,
525 1004 558 1032 et
576 995 790 1046 agrestibus,
809 1005 843 1034 et
859 997 894 1034 in
912 1010 1004 1047 aqua
1019 996 1133 1035 vitam
1146 1011 1251 1048 agen—
1272 1003 1296 1033 E

291 1055 400 1103 tibus,
417 1063 451 1092 et
467 1069 486 1092 e
501 1064 591 1093 terra
607 1055 809 1107 productis,
827 1065 862 1094 et
875 1056 910 1093 in
931 1070 1070 1094 summa
1086 1057 1252 1095 omnibus

289 1115 433 1167 propria
466 1124 500 1152 et
529 1116 771 1155 convenientia
806 1130 878 1154 suae
906 1125 1040 1154 naturae
1072 1117 1253 1170 imponere

288 1176 446 1214 nomina.
472 1177 564 1214 Nam
604 1178 883 1229 Quodcumque
922 1181 1081 1216 vocavit
1105 1178 1253 1229 Adam,

288 1236 421 1288 inquit,
445 1238 517 1275 hoc
538 1251 684 1276 nomen
706 1248 761 1276 est
786 1239 999 1278 illi.Vidisti
1025 1253 1253 1278 consumma-

289 1305 362 1335 tam
386 1298 611 1350 potentiam?
641 1299 771 1337 vidisti
801 1299 954 1338 dominii
979 1300 1254 1338 auctoritatem?

288 1359 473 1411 Pel-pende
503 1373 585 1397 cum
611 1360 692 1398 aliis
711 1360 824 1398 etiam
850 1361 933 1411 hoc,
951 1362 1048 1413 quod
1066 1371 1100 1400 et
1124 1362 1252 1419 leones,

287 1428 320 1456 et
341 1420 459 1472 pardi,
487 1429 517 1458 et
547 1421 692 1474 viperae,
717 1430 750 1459 et
769 1422 914 1474 scorpii,
937 1432 970 1460 et
994 1432 1187 1475 serpentes,
1221 1433 1254 1462 et

288 1481 357 1518 alia
389 1481 508 1519 omnia
548 1481 657 1520 etiam
683 1482 755 1520 illis
786 1483 1041 1522 truculentiora
1071 1483 1118 1522 ad
1149 1485 1252 1523 illum

709 248 747 277 S.
785 249 976 278 JOANNIS
1012 248 1263 278 CHRYSOST.
1302 229 1916 294 ARCtiffiPCCONSTANTiNoP.

1309 331 1411 366 τοῦτο
1427 328 1542 379 ὄνομα,
1564 331 1671 380 αὐτῷ.
1687 330 1769 381 Οὐχ
1793 329 1850 367 ἵνα
1871 329 1908 367 δὲ
1926 329 1989 376 τὴν
2008 328 2132 380 σοφίαν
2148 329 2253 366 αὐτοῦ
2271 329 2335 380 μό-

1309 405 1366 427 νον
1391 389 1666 440 καταμάθωμεν,
1694 395 1796 429 τοῢτο
1824 390 1977 443 γίνεται,
2005 392 2080 428 ἀλλ’
2113 388 2171 427 ἵνα
2202 390 2262 428 καὶ
2293 391 2338 428 τὸ

1312 449 1487 500 σύμὸολον
1497 454 1560 497 τῆς
1571 450 1773 494 δεσποτείας
1785 450 1843 489 διὰ
1857 455 1920 498 τῆς
1930 455 1998 489 τῶν
2014 451 2198 502 ὀνομάτων
2217 451 2342 495 θέσεως

1311 511 1538 559 ἐπιδείξηται.
1561 512 1632 550 Καὶ
1658 512 1728 564 γὰρ
1750 513 1810 550 καὶ
1829 518 1900 556 τοῖς
1921 512 2115 566 ἀνθρώποις
2147 512 2221 556 ἔθος
2241 516 2343 550 τοῦτο

1310 575 1484 610 ποιεῖσθαι
1500 571 1676 622 σύμὸολον
1695 572 1898 616 δεσποτείας
1910 603 1920 620 ,
1936 573 2076 611 ἐπειδὰν
2097 572 2233 615 οἰκέτας
2248 573 2343 619 ὠνή-

1313 647 1462 681 σωνται,
1502 633 1725 683 μετατιθέναι
1761 636 1871 672 αὐτῶν
1905 633 1968 676 τὰς
1999 633 2248 685 προσηγορίας.
2276 633 2345 672 Διὰ

1312 698 1414 733 τοῦτο
1428 695 1488 733 καὶ
1503 695 1562 733 τὸν
1576 695 1687 746 Ἀδὰμ
1707 694 1970 749 παρασκευάζει
1998 694 2158 747 καθάπερ
2175 693 2345 741 δεσπότην

1312 762 1401 793 πᾶσι
1414 762 1484 800 τοῖς
1496 755 1633 807 ἀλόγοις
1649 758 1820 794 ἐπιθεῖναι
1839 755 1902 799 τὰς
1918 754 2169 809 προσηγορίας.
2192 754 2254 802 Μὴ
2277 755 2345 807 γὰρ

1315 816 1434 859 ἁπλῶς
1469 816 1729 870 παραδράμῃς,
1764 816 1924 868 ἀγαπητὲ
1941 847 1951 865 ,
1979 817 2018 856 τὸ
2052 816 2245 870 εἰρημένον,
2265 811 2345 854 ἀλλ’

1316 877 1474 924 ἐννόησόν
1497 894 1572 929 μοι,
1592 878 1705 924 πόσης
1721 872 1762 924 ἦν
1775 878 1897 930 σοφίας
1910 877 2083 921 τοσούτοις
2098 878 2214 929 γένεσι
2232 882 2344 924 επτη-

1317 942 1399 984 νῶν,
1421 941 1589 992 ἑρπετῶν,
1610 939 1753 992 Θηρίων,
1782 943 1918 986 κτηνῶν
1946 939 2007 978 καὶ
2036 943 2106 977 τῶν
2125 940 2240 978 ἄλλων
2263 938 2344 976 ἀλό-

1320 1015 1403 1050 γων,
1429 1003 1498 1038 τῶν
1527 1000 1681 1053 ἡμέρων,
1701 1003 1772 1038 τῶν
1810 1000 1952 1052 ἀγρίων,
1979 1003 2048 1038 τῶν
2083 1002 2117 1038 ἐν
2140 1006 2211 1043 τοῖς
2241 999 2343 1038 ὕδασι

1321 1060 1561 1110 δαιτωμένων,
1585 1065 1654 1099 τῶν
1670 1063 1709 1098 ἐκ
1730 1064 1791 1107 τῆς
1805 1065 1868 1112 γῆς
1889 1061 2135 1108 ἀναδοθέντων,
2155 1067 2243 1098 πᾶσι
2263 1060 2343 1098 τού-

1322 1137 1392 1164 τοις
1411 1122 1581 1158 ἐπιθεῖναι
1599 1120 1661 1163 τὰς
1680 1121 1915 1173 προσηγορίας
1927 1151 1937 1169 ,
1957 1121 2016 1159 καὶ
2031 1121 2265 1174 προσηγορίας
2283 1120 2346 1164 τὰς

1323 1182 1443 1234 κυρίας
1457 1181 1517 1219 καὶ
1536 1181 1777 1227 καταλλήλους
1794 1181 1931 1233 ἑκάστῳ
1946 1181 2056 1233 γένει·
2076 1184 2155 1220 Πᾶν
2172 1183 2260 1235 γὰρ,
2281 1198 2346 1234 φη-

1324 1242 1390 1291 σὶν,
1409 1242 1427 1280 ὃ
1447 1243 1608 1282 ἐκάλεσεν
1624 1243 1709 1281 αὐτὸ
1730 1242 1842 1293 Ἀδὰμ
1855 1273 1864 1290 ,
1881 1248 1981 1281 τοῦτο
1996 1243 2105 1293 ὄνομα
2121 1246 2227 1295 αὐτῷ.
2246 1238 2348 1286 Εἶδες

1323 1303 1478 1348 ἐξουσίαν
1510 1304 1793 1356 ἀπηρτισμένην,
1810 1298 1894 1347 εἶδες
1921 1304 2122 1347 δεσποτείας
2146 1303 2349 1351 αὖθεντίαν;

1323 1365 1471 1416 Λογίζου
1498 1365 1588 1417 μετὰ
1611 1369 1679 1403 τῶν
1704 1365 1819 1404 ἄλλων
1838 1365 1896 1403 καὶ
1915 1368 2029 1413 τοῦτο,
2047 1365 2099 1403 ὅτι
2117 1365 2175 1403 καὶ
2194 1365 2346 1413 λέοντες,

1324 1427 1382 1465 καὶ
1403 1427 1613 1479 παρδάλεις,
1637 1426 1698 1465 καὶ
1727 1426 1836 1478 ἔχεις,
1861 1426 1920 1464 καὶ
1943 1425 2120 1480 σκορπίοι,
2152 1426 2210 1464 καὶ
2234 1427 2345 1478 ὄφεις,

1323 1489 1383 1527 καὶ
1400 1489 1444 1527 τὰ
1462 1490 1552 1527 ἄλλα
1569 1489 1707 1527 ἅπαντα
1732 1487 1776 1526 τὰ
1798 1488 1927 1526 τούτων
1945 1487 2214 1540 θηριωδέστερα,
2231 1487 2345 1526 καθοί-

289 1542 389 1592 quasi
418 1542 609 1581 dominum
635 1543 733 1581 omni
758 1557 842 1581 cum
858 1544 1084 1597 subjectione
1103 1559 1312 1597 accesse-1¹3
1324 1567 1390 1603 περ
1410 1551 1496 1604 πρὸς
1517 1550 1687 1597 δεσπότην
1705 1549 1795 1600 μετὰ
1816 1550 1931 1596 πάσης
1950 1552 2127 1600 ὑποταγῆς
2144 1565 2346 1601 παραγεγο-

1762 1610 1830 1624 θλὶν

289 1612 386 1646 runt,
404 1612 436 1640 et
453 1605 597 1641 nomina
621 1613 846 1656 acceperunt,
867 1619 933 1643 nec
967 1606 1086 1644 ullum
1105 1606 1252 1645 illorum
1276 1611 1299 1639 A
1323 1611 1406 1649 νότα
1424 1611 1486 1655 τὰς
1504 1611 1739 1664 προσηγορίας
1757 1626 1927 1655 εοεςαντο,
1944 1611 2002 1648 καὶ
2021 1609 2115 1648 οὐδὲν
2130 1614 2198 1648 τῶν
2219 1610 2347 1663 θηρίων

289 1663 427 1701 veritus
444 1673 494 1702 cst
511 1664 640 1703 Adam.
654 1666 706 1703 Ne
721 1664 834 1716 igitur
853 1675 978 1717 arguat
993 1666 1138 1717 aliquis,
1153 1667 1250 1718 quod

290 1724 364 1761 Deo
393 1724 463 1762 sint
491 1734 626 1775 creata,
670 1739 783 1775 neque
817 1735 937 1764 contra
967 1727 1146 1778 Opificem
1175 1728 1250 1766 lin-

290 1799 396 1834 guam
409 1794 525 1833 acuat,
538 1785 610 1823 imo
631 1795 751 1823 contra
767 1801 872 1824 suum
887 1797 1008 1839 caput,
1020 1788 1170 1826 dicendo
1187 1789 1249 1828 illa

289 1846 411 1883 insana
427 1846 536 1883 verba
550 1863 559 1883 :
580 1847 692 1898 Cujus
712 1847 827 1897 gratia
844 1848 926 1885 ferae
943 1849 1125 1900 productae
1139 1851 1249 1889 sunt?

290 1906 381 1943 Nam
415 1906 531 1944 omnia
565 1907 711 1958 perinde
747 1922 788 1945 ac
826 1918 1008 1946 mansueta
1043 1911 1251 1950 servitutem

292 1976 511 2017 agnoverunt
519 1982 529 2016 3
550 1976 583 2005 et
599 1967 799 2006 dominium
820 1968 1003 2007 manifeste
1026 1970 1128 2008 nobis
1147 1985 1251 2010 mon-

293 2037 379 2066 strat
406 2029 592 2067 nominum
620 2029 813 2081 impositio
844 2030 999 2069 Nomina
1034 2032 1249 2083 enim,quae

293 2089 464 2141 imposuit
479 2089 565 2138 illis,
579 2104 691 2140 usque
707 2090 743 2127 in
763 2090 980 2129 hodiernum
997 2091 1093 2130 diem
1110 2107 1249 2145 perma-

295 2158 397 2187 nent:
417 2149 464 2186 ita
480 2149 574 2187 enim
593 2149 671 2187 liaec
684 2150 844 2188 firmavit
859 2153 968 2200 Deus,
987 2161 1027 2189 ut
1041 2162 1250 2204 perpetuam

295 2209 489 2247 habeamus
502 2210 711 2247 memoriam
723 2210 884 2259 honoris,
900 2225 1004 2261 quem
1015 2212 1117 2250 initio
1132 2213 1249 2252 Adam

295 2285 314 2307 a
334 2270 489 2308 Domino
505 2270 666 2308 omnium
702 2271 852 2322 accepit,
872 2271 979 2309 bruta
1007 2272 1076 2310 sibi
1105 2273 1249 2312 subdita

296 2331 442 2380 habens,
459 2340 493 2369 et
511 2331 622 2369 ablati
636 2331 745 2384 hujus
759 2346 902 2371 causam
918 2332 972 2374 illi
985 2332 1245 2386 adscribamus,

297 2392 358 2443 qui
371 2402 516 2444 peccato
527 2392 691 2430 suohanc
708 2407 808 2430 suam
824 2402 1034 2445 potestatem
1054 2395 1248 2435 mutilavit.

297 2453 360 2490 ΞΟ.
373 2454 427 2490 Et
448 2454 623 2499 donavit,
641 2452 771 2503 inquit,
787 2453 924 2491 Adam
948 2457 1108 2492 nomina
1128 2460 1249 2494 omni·
1274 2472 1295 2501 Β

299 2515 366 2551 hus
380 2515 594 2565 pecoribus,
621 2522 655 2551 et
685 2515 867 2551 omnihus
894 2515 1124 2554 volatilibus
1153 2518 1249 2566 eceli,

299 2583 334 2611 et
349 2576 524 2612 omnibus
541 2576 671 2612 bestiis
695 2583 816 2612 terroe.
839 2574 930 2613 Hinc
948 2575 1022 2627 jam
1048 2576 1248 2626 considera,

299 2634 441 2684 dilecte,
460 2634 654 2672 voluntatis
679 2634 893 2685 libertatem,
916 2644 949 2673 et
975 2635 1155 2688 sapientiae
1174 2639 1249 2689 ejus

299 2696 541 2736 eminentiam.
583 2705 615 2733 et
644 2710 686 2733 ne
711 2695 810 2733 dicas
838 2710 919 2734 eum
949 2696 1129 2748 ignorasse
1162 2699 1251 2749 qnid

298 2757 443 2804 boumn,
467 2756 553 2807 quid
579 2757 726 2795 malum.
746 2758 838 2795 Nam
863 2758 924 2809 qui
944 2758 1061 2810 potuit
1085 2760 1250 2811 congruis

298 2818 674 2869 nominibusjumcnta
695 2819 891 2871 appellare,
917 2828 950 2857 et
979 2819 1139 2858 volatilia
1158 2822 1249 2869 caeli,

296 2887 329 2914 et
346 2878 433 2915 alias
452 2878 596 2925 bestias,
611 2893 726 2929 neque
745 2880 910 2918 ordinem
928 2880 1103 2931 confudit,
1137 2896 1249 2933 neque

298 2948 452 2976 mansne!
461 2939 710 2977 isanimalibus
721 2941 962 2979 convenientia
974 2941 1057 2979 feris
1066 2942 1248 2994 imposuit,

299 3013 358 3037 nec
386 2999 470 3035 seris
500 3001 729 3049 congruentia
757 3002 950 3040 mansuetis
981 3002 1157 3051 attribuit,
1185 3004 1247 3042 scd

296 3059 462 3097 omnibus
477 3074 538 3096 sna
559 3059 656 3097 dedit
679 3061 837 3107 nomina,
862 3061 1041 3112 quomodo
1063 3077 1130 3101 non
1151 3066 1246 3103 omni

295 3120 468 3172 sapientia
503 3129 535 3157 et
565 3120 739 3159 industria
773 3123 958 3174 pollebat?
990 3124 1083 3166 Hinc
1116 3126 1245 3177 cogita,
1269 3143 1293 3173 ς,

296 3190 423 3231 quanta
441 3181 548 3232 liujus
565 3181 732 3232 spiraculi
749 3183 784 3220 in
805 3183 866 3221 illo
882 3185 1051 3236 potentia,
1065 3195 1096 3223 et
1113 3196 1243 3237 quanta

335 3314 345 3325 r
364 3304 418 3335 Sic
445 3302 498 3334 alii
527 3311 644 3345 praetcr
668 3304 780 3336 Murci.
802 3307 856 3348 qui
884 3305 983 3340 habet
1009 3319 1159 3351 πετεινῶν,
1178 3314 1295 3355 θηρίων,

292 3371 412 3392 amon.

335 3418 346 3432 ¹=
365 3408 424 3440 llic
452 3406 545 3450 longe
575 3407 688 3439 metim
715 3408 838 3451 legatur
867 3417 995 3451 αἷμά-ητα,
1017 3414 1148 3445 insama.
1175 3414 1295 3446 Omnes

1323 1672 1453 1710 τούτων
1486 1671 1648 1710 ἐδεδοίκει
1676 1675 1693 1710 ὃ
1716 1672 1838 1722 Ἀδάμ.
1866 1671 1928 1717 Μὴ
1959 1671 2071 1710 τοίνυν
2101 1671 2347 1719 ἐπισκηπτέτω

1322 1749 1373 1778 τις
1403 1740 1474 1777 τοῖς
1498 1733 1739 1784 γεγενημένοις
1765 1733 1862 1784 παρὰ
1888 1737 1947 1771 τοῦ
1976 1732 2173 1781 Δεσπότου,
2199 1733 2259 1770 καὶ
2281 1732 2346 1779 τὴν

1321 1795 1479 1845 γλῶτταν
1504 1795 1663 1833 ἀκονάτω
1688 1794 1780 1832 κατὰ
1807 1798 1866 1833 τοῦ
1889 1795 2118 1846 δημιουργοῦ,
2145 1795 2276 1844 μᾶλλον
2310 1794 2344 1834 δὲ

1320 1855 1412 1893 κατὰ
1439 1858 1502 1901 τῆς
1531 1857 1653 1894 ἑαυτοῦ
1680 1857 1846 1907 κεφαλῆς,
1865 1855 1926 1892 καὶ
1946 1854 2076 1903 λεγέτω
2095 1859 2109 1875 ³
2123 1854 2168 1892 τὰ
2196 1855 2346 1902 ἀνόνητα

1321 1918 1435 1954 ἐκεῖνα
1455 1917 1613 1967 ῥήματα·
1634 1915 1724 1958 τίνος
1743 1915 1856 1953 ἕνεκεν
1869 1915 1913 1953 τὰ
1933 1914 2035 1966 θηρία
2055 1915 2241 1966 παρήχθη,
2263 1916 2347 1954 εὈτι

1321 1977 1388 2029 γὰρ
1403 1977 1542 2016 ἅπαντα
1561 1977 1687 2028 ὁμοίως
1706 1983 1777 2020 τοῖς
1799 1975 1941 2027 ἡμέροις
1963 1975 2026 2022 τὴν
2050 1976 2204 2014 δουλείαν
2225 1977 2347 2027 ἐπεγί-

1321 2053 1433 2076 νωσκε
1446 2038 1506 2076 καὶ
1523 2037 1586 2085 τὴν
1609 2038 1824 2085 δεσποτείαν,
1846 2036 2017 2075 δείκνυσιν
2037 2040 2122 2087 ἡμῖν
2143 2037 2297 2089 ἀκριὸῶς
2322 2042 2344 2084 ἡ

1320 2101 1389 2136 τῶν
1417 2099 1594 2149 ὀνομάτων
1618 2097 1779 2141 θέσις.Αἷ
1800 2097 1867 2150 γὰρ
1894 2098 2125 2150 προσηγορίαι
2152 2100 2280 2136 ἐκεῖναι
2308 2099 2348 2142 ἃς

1322 2159 1417 2197 ἔθετο
1439 2161 1554 2201 αὐτοῖς
1571 2158 1674 2210 μέχρι
1701 2162 1761 2196 τοῦ
1779 2158 1948 2210 παρόντος
1979 2158 2199 2209 διαμένουσιν
2213 2175 2221 2183 ·
2238 2159 2345 2203 οὕτως

1323 2217 1428 2261 αὐτὰς
1452 2218 1622 2270 ἐκύρωσεν
1641 2221 1659 2255 ὁ
1680 2218 1789 2263 Θεὸς,
1806 2217 1863 2255 ἵνα
1884 2218 2024 2264 &max-7.
2041 2217 2236 2268 ὑπόμνησιν
2252 2219 2345 2271 ἔχω-

1323 2294 1386 2327 μεν
1405 2278 1464 2316 καὶ
1488 2281 1551 2324 τῆς
1564 2278 1743 2329 τιμῆς,ἣν
1761 2277 1795 2322 ἐξ
1823 2280 1934 2330 ἀρχῆς
1967 2277 2106 2322 ἐδέξατο
2132 2277 2258 2332 ι’παρὰ
2283 2284 2344 2319 τοῦ

1320 2336 1500 2375 Δεσπότου
1516 2336 1669 2384 πάντων,
1685 2337 1817 2375 τούτων
1842 2337 1905 2384 τὴν
1930 2337 2106 2387 ὑποταγὴν
2123 2337 2256 2386 λαὸὼν,
2285 2336 2347 2376 καὶ

1319 2400 1381 2443 τῆς
1395 2396 1609 2449 ἀφαιρέσεως
1623 2400 1716 2450 αὐτῷ
1731 2397 1793 2444 τὴν
1810 2397 1923 2436 αἰτίαν
1941 2398 2188 2451 ἐπιγράφωμεν
2207 2397 2264 2437 διὰ
2283 2401 2347 2445 τῆς

1320 2457 1494 2509 ἁμαρτίας
1506 2458 1567 2505 τὴν
1582 2457 1737 2502 ἐξουσίαν
1751 2459 2069 2512 ἀκρωτηριάσαντι.
2091 2460 2162 2497 Καὶ
2181 2458 2346 2498 ἐκάλεσεν

1320 2517 1450 2568 Ἀδὰμ,
1470 2519 1590 2570 φησὶν,
1614 2519 1770 2570 ὀνόματα
1793 2526 1880 2558 πᾶσι
1909 2526 1980 2564 τοῖς
1997 2519 2157 2568 κτήνεσι,
2177 2520 2236 2558 καὶ
2256 2525 2345 2558 πᾶσι

1319 2585 1389 2622 τοῖς
1409 2586 1576 2623 πετεινοῖς
1597 2585 1655 2619 τοῦ
1672 2583 1814 2634 οὐρανοῦ
1827 2611 1836 2628 ,
1855 2581 1914 2619 καὶ
1934 2587 2022 2619 πᾶσι
2043 2587 2112 2625 τοῖς
2134 2581 2264 2633 θηρίοις
2283 2584 2346 2628 τῆς

1320 2642 1396 2690 γῆς.
1418 2640 1597 2679 Ἐντεῦθεν
1614 2641 1680 2688 ἤδη
1707 2641 1924 2692 σκόπειᾎιοι,
1943 2641 2122 2692 ἀγαπητὲ,
2142 2644 2204 2687 τῆς
2218 2657 2347 2694 προαι-

1324 2700 1446 2753 ρέσεως
1464 2702 1503 2739 τὸ
1524 2702 1750 2749 αὐτεξούσιον,
1781 2702 1840 2740 καὶ
1869 2705 1929 2748 τῆς
1952 2701 2120 2746 συνέσεως
2148 2703 2252 2740 αὐτοῦ
2281 2702 2344 2748 τὴν

1321 2762 1530 2812 ὑπερῧολὴν,
1547 2763 1606 2800 καὶ
1632 2762 1679 2812 μὴ
1697 2763 1776 2813 λέγε
1788 2793 1797 2810 ,
1820 2763 1872 2800 ὅτι
1891 2763 2008 2814 ἠγνόει
2027 2763 2060 2800 τί
2088 2762 2151 2813 μὲν
2171 2763 2292 2811 καλὸν,
2311 2764 2345 2800 τί

1323 2821 1357 2860 δὲ
1377 2823 1495 2860 κακόν.
1517 2823 1561 2861 ‘O
1581 2823 1648 2874 γὰρ
1670 2823 1821 2870 δυνηθεὶς
1840 2823 2080 2869 καταλλήλους
2093 2823 2154 2866 τὰς
2170 2839 2345 2876 προσηγο-

1324 2882 1397 2934 ρίας
1416 2889 1487 2926 τοῖς
1503 2883 1663 2930 κτήνεσιν
1687 2887 1874 2931 ἐπιθεῖναι,
1894 2884 1952 2922 καὶ
1982 2890 2052 2928 τοῖς
2078 2891 2264 2931 πετεινοῖς,
2284 2885 2345 2923 καὶ

1320 2949 1391 2986 τοῖς
1412 2944 1562 2995 θηρίοις,
1581 2945 1641 2982 καὶ
1663 2944 1711 2995 μὴ
1729 2945 1878 2996 συγχέας
1892 2944 1954 2991 τὴν
1968 2944 2077 2990 τάξιν,
2094 2945 2183 2995 μηδὲ
2202 2946 2264 2989 τὰς
2281 2944 2344 2996 μὲν

1320 3011 1389 3048 τοῖς
1425 3005 1569 3057 ἡμέροις
1609 3004 1706 3049 ζώοις
1754 3005 1968 3059 ἁρμοζούσας
2004 3006 2240 3058 προσηγορίας
2275 3012 2345 3051 τοῖς

1321 3065 1453 3117 ἀγρίοις
1469 3069 1658 3114 ἐπιθεῖναι,
1674 3067 1762 3116 μηδὲ
1779 3067 1840 3110 τὰς
1864 3073 1935 3110 τοῖς
1952 3067 2082 3119 ἀγρίοις
2100 3068 2346 3119 προσηκούσας

1317 3133 1388 3170 τοῖς
1405 3127 1549 3179 ἡμέροις
1579 3127 1758 3179 ἀφορίσαι,
1779 3128 1870 3166 ἀλλὰ
1900 3136 1988 3167 πᾶσι
2013 3128 2074 3172 τὰς
2097 3128 2345 3174 καταλλήλους

1317 3189 1504 3237 ὀνομασίας
1521 3189 1636 3225 δοῦναι
1651 3219 1659 3235 ,
1680 3192 1754 3231 πῶς
1773 3191 1810 3227 οὖ
1831 3189 1944 3236 πάσης
1961 3189 2080 3241 σοφίας
2097 3189 2155 3227 καὶ
2174 3189 2344 3230 συνέσεως

1335 3318 1442 3342 tamen
1461 3310 1542 3342 Mss.
1564 3310 1685 3343 liabent
1699 3318 1845 3348 ἀνόνητα.
1867 3312 2012 3343 inutilia.

1376 3364 1390 3387 ¹¹
1418 3362 1517 3394 Savil.
1538 3371 1566 3394 vt
1586 3362 1720 3405 quidam
1738 3365 1814 3395 Mss.
1833 3371 1916 3408 παρὰ,
1933 3370 1984 3399 τοῦ
2002 3367 2142 3398 asmata>
2159 3368 2173 3397 ὸ
2192 3362 2274 3404 Ᾰόάμ
2287 3389 2294 3402 ,
2310 3370 2341 3393 et

1331 3416 1376 3447 sic
1401 3414 1477 3459 legit
1499 3416 1665 3458 Interprvs
1683 3414 1834 3451 Latinus*
