2516 3791
864 190 908 220 ΙΝ
945 186 1137 220 ῦΕΝΕὸΙΜ
1176 185 1323 216 SERMO
1362 185 1424 214 lv.

118 283 267 329 λάσσης,
296 278 355 318 καὶ
382 276 512 330 ἑρπετὰ
528 278 592 316 οὐκ
622 275 746 328 ἔχοντα
774 274 988 326 ἡγούμενον·
979 303 990 323 ,
1007 275 1141 314 Οὔκουν

118 343 175 383 διὰ
195 357 294 382 τουτο
313 338 527 392 ἡγούμενος,
548 336 605 376 ἵνα
633 336 682 388 μὴ
714 338 760 380 ὡς
786 335 916 389 ἑρπετὰ
947 350 1064 386 ωμεν·
1085 333 1142 372 διὰ

114 420 215 444 τουτο
226 402 356 456 ἄρχων,
368 400 425 439 ἵνα
440 398 524 450 μὴ(
505 415 552 444 ως
564 401 626 438 οἱο
638 397 754 473 ἰχθύες
770 396 1018 448 καταπίνωμεν
1033 394 1143 441 ἀλλή-

116 467 206 509 λους.
226 464 366 516 Ὥσπερ
377 461 446 537 γὰρ
459 460 516 499 διὰ
525 461 568 500 τὰ
584 459 770 512 νοσήματα
787 458 832 498 τὰ
851 458 1040 511 φάρμακα,
1051 454 1143 494 οὕτω

116 525 174 564 διὰ
192 525 235 564 τὰ
256 523 497 578 ἁμαρτηματα
516 524 551 561 αἱ
571 521 743 566 κολάσεις.
763 519 865 560 Ἐπεὶ
883 518 936 558 ὅτι
951 520 1020 570 γεὸ
1032 519 1142 562 συζῶν

117 590 224 640 ἀρετῇ
238 589 300 633 τῆς
315 587 442 624 ἐκεῖθεν
459 582 664 627 ἐπιστασίας
679 585 718 621 οὖ
734 583 864 630 δεῖται,
875 581 1019 620 ἄκουσον
1036 578 1069 616 τί
1083 593 1146 630 φη-

117 664 170 687 σιν
183 652 201 687 ὁ
217 648 375 690 Παῦλος·
393 648 435 685 13'
426 663 436 684 ι
451 646 488 684 δε
475 644 613 688 θέλεις
633 643 682 696 μὴ
701 644 882 696 φοὸεῖσθαι
897 641 960 689 τὴν
975 639 1145 686 ἐξουσίαν,

116 711 156 748 τὸ
174 710 301 761 ἀγαθὸν
321 707 431 756 ποίει,
454 707 514 745 καὶ
533 705 619 751 ἕξεις
647 705 788 744 ἔπαινον
809 703 843 748 ἐξ
869 704 988 749 αὐτῆς.
1007 702 1204 756 Οεατής662

118 786 191 818 σου,
204 770 321 823 φησὶν,
333 772 351 808 ὁ
366 766 533 814 δικαστής
543 768 649 806 ἐστιν.
663 764 749 804 Ἐὰν
763 766 872 818 ὀρθῶς
886 766 960 816 ζῇς,
972 765 1010 802 οὖ
1025 762 1147 810 θεατὴς
1171 772 1194 799 Λ

119 831 235 882 μόνον,
255 831 349 870 ἀλλὰ
367 829 426 868 καὶ
445 827 640 874 ἐπαινέτης.
661 826 733 865 Καὶ
751 824 785 864 τί
800 825 893 879 λέγω
912 825 976 872 τὴν
994 823 1064 863 ἀπὸ
1080 826 1148 862 τῶν

118 892 296 945 ἀρχόντων
322 890 458 944 χρείαν,
475 889 603 940 ὅπουγε
630 888 690 927 καὶ
714 887 842 942 ἑτέρων
872 887 1038 939 μειζόνων
1057 885 1148 925 ἀνώ-

116 969 210 1006 τεροι
229 955 260 991 οἱ
292 950 498 1006 φιλοσοφίαν
530 949 714 995 διώκοντές
741 952 850 998 εἰσιν;
869 949 1054 1002 Ἄρχοντες
1083 947 1150 1001 γὰρ

119 1015 299 1069 ἀρχόντων
320 1013 405 1053 εἰσὶν
420 1015 452 1053 οἱ
466 1012 580 1064 νόμοι.
595 1011 687 1051 Ἀλλ’
707 1011 802 1063 ὅμως
820 1011 897 1050 οὐδὲ
911 1011 1028 1062 νόμων
1042 1011 1153 1049 δεῖται

118 1080 136 1116 ὁ
155 1079 229 1128 μετ’
253 1075 442 1119 ἐπιεικείας
462 1077 547 1120 ζῶν·
565 1073 741 1112 καὶτοῦτο
761 1073 906 1112 ἄκουσον
926 1076 986 1111 τοῧ
1009 1072 1151 1111 Παύλου

118 1138 295 1190 λέγοντος,
318 1137 454 1190 Δικαίῳ
489 1135 592 1186 νόμος
621 1137 660 1174 οὐ
692 1141 820 1174 κεῖται.
838 1137 883 1174 Εἰ
915 1133 950 1174 δὲ
983 1133 1087 1185 νόμος
1115 1131 1152 1171 οὐ

120 1217 158 1240 κε
161 1207 253 1247 ῖται,
285 1202 405 1238 πολλω
439 1199 571 1250 μᾶλλον
604 1197 721 1250 ἄρχων
747 1199 809 1235 οὐκ
842 1196 1042 1250 ἐφέστηκεν.
1063 1192 1152 1232 Ιδου

120 1262 235 1315 τρίτος
263 1263 376 1314 ἀρχῆς
406 1259 554 1313 τρόπος,
574 1258 634 1296 καὶ
663 1261 762 1302 οὗτος
790 1258 861 1297 ἀπὸ
885 1261 949 1305 τ’ῆς
978 1254 1154 1308 ἁμαρτίας

122 1323 181 1362 καὶ
202 1322 369 1375 πονηρίας
389 1320 479 1374 ἔχων
498 1320 562 1368 τὴν
583 1320 759 1360 ὑπόθεσιν.

180 1939 263 1980 Πῶς
283 1928 341 1975 οῧν
363 1938 382 1974 ὁ
402 1936 540 1980 Παυλός
560 1951 678 1989 φησιν,
706 1937 759 1975 ὅτι
778 1936 895 1976 Οὖκ”
876 1953 969 1976 εστιν
997 1935 1135 1981 ἐξουσία
1148 1966 1157 1984 ,
1181 1945 1205 1975 B

417 2001 438 2009 ω

127 1999 156 2036 εἰ
181 1998 230 2048 μθ
254 1998 323 2036 ἀπὸ
345 1998 456 2046 Θεου;
470 1997 553 2037 ιὈτι
579 1998 679 2042 αὐτὸς
693 1997 800 2045 αὐτὴν
824 1998 910 2052 πρὸς
933 1998 973 2037 τὸ
985 1997 1161 2042 λυσιτελὲς

126 2063 213 2111 ἡμῖν
231 2059 456 2106 κατέστησεν.
479 2060 658 2111 Εἷσηγαγε
676 2058 738 2111 μὲν
754 2059 821 2112 γὰρ
838 2061 946 2106 αὖτης
958 2059 1021 2107 τὴν
1038 2060 1159 2112 χρείαν

125 2126 147 2169 ἡ
170 2120 327 2173 ἁμαρτία
347 2136 354 2143 “
370 2125 388 2160 ὁ
410 2120 445 2160 δὲ
464 2121 554 2165 Θεὸς
583 2122 671 2174 πρὸς
698 2121 738 2160 τὸ
762 2121 936 2174 συμφέρον
966 2125 1051 2172 ἡμῖν
1073 2123 1161 2160 ἀπε-

125 2183 295 2236 χρήσατο.
319 2183 390 2222 Καὶ
414 2182 574 2235 καθάπερ
595 2187 617 2230 ἡ
645 2182 748 2236 χρεία
779 2186 849 2222 τῶν
873 2183 1068 2236 φαρμάκων
1091 2183 1161 2222 ἀπὸ

125 2248 194 2283 τῶν
220 2244 433 2297 τραυμάτων
460 2244 608 2296 γίνεται,
627 2247 649 2291 ἡ
672 2243 708 2282 δὲ
733 2243 900 2296 ἐπαγωγὴ
925 2247 994 2282 τῶν
1015 2244 1161 2296 φαρμά-

128 2322 198 2344 κων
230 2305 302 2345 ἀπὸ
322 2309 385 2353 τῆς
409 2307 478 2344 τῶν
504 2307 633 2358 ἰατρῶν
654 2305 778 2359 σοφίας
791 2322 800 2330 ·
819 2305 911 2345 οὕτω
931 2305 991 2344 καὶ
1010 2309 1032 2352 ἡ
1057 2305 1161 2358 χρεία

128 2371 190 2415 τ’ῆς
205 2367 360 2412 δουλείας
378 2367 448 2406 ἀπὸ
470 2370 533 2414 τῆς
554 2367 728 2420 ἁμαρτίας
753 2367 891 2420 γέγονε·
911 2367 951 2406 τὸ
969 2366 1005 2406 δὲ
1020 2369 1066 2410 εἷς
1086 2367 1159 2406 δέον

129 2428 238 2475 αὐτὴν
260 2427 440 2481 ῥυθμίσαι,
457 2428 527 2467 ἀπὸ
548 2430 611 2474 τῆς
632 2432 693 2466 τοῦ
707 2430 800 2468 Θεοῦ
823 2427 958 2481 σοφίας.
973 2427 1079 2467 Ἀλλὰ
1092 2427 1161 2480 γὰρ

130 2490 354 2538 διανάστητε,
373 2489 433 2528 καὶ
457 2489 520 2537 τὴν
545 2489 716 2543 ῥᾳθυμίαν
737 2489 919 2529 ἀπόθεσθε.
940 2489 1045 2534 Τίνος
1058 2489 1161 2528 ἕνεκα

129 2555 230 2590 τοῦτο
248 2552 361 2603 λέγω,
381 2551 471 2602 Περὶ
492 2552 520 2589 Γ
525 2554 642 2605 ραφῶν
663 2555 744 2602 ὑμῖν
765 2550 993 2603 διηγούμεθα,
1011 2554 1110 2602 ὑμεῖς
1125 2550 1161 2589 δὲ

129 2612 206 2656 τοὺς
232 2611 429 2665 ὀφθαλμοὺς
459 2612 720 2659 ἀποστήσαντες
743 2615 858 2663 ἡμῶν,
879 2611 965 2664 πρὸς
984 2611 1045 2656 τὰς
1065 2613 1162 2663 λαμ-
1184 2625 1208 2656 c

129 2673 244 2717 πάδας
267 2673 328 2711 καὶ
352 2673 411 2711 τὸν
436 2672 499 2716 τὰς
524 2673 714 2724 λαμπάδας
735 2673 890 2712 ἅπτοντα
911 2672 1161 2725 μετεστήσατε.

133 2735 203 2773 Καὶ
231 2734 342 2781 πόσης
379 2739 480 2773 τοῦτο
510 2734 702 2787 ῥᾳθυμίας,
726 2737 821 2786 ἡμᾶς
853 2734 1023 2787 ἀφέντας,
1049 2734 1162 2787 τούτῳ

132 2794 337 2847 προσέχειν;
356 2800 370 2816 ‘⁵
383 2797 464 2847 Πῦρ
488 2796 634 2834 ἀνάπτω
653 2795 752 2848 κάγὼ
771 2796 811 2836 τὸ
826 2796 896 2835 ἀπὸ
911 2799 979 2835 τῶν
995 2797 1162 2849 Γραφῶν,

133 2856 193 2894 καὶ
214 2856 271 2895 ἐπὶ
284 2859 346 2902 τῆς
363 2855 522 2907 γλώττης
537 2859 600 2902 τῆς
615 2857 789 2911 ἡμετέρας
803 2858 1004 2908 λαμπάδιον
1025 2858 1163 2896 καίεται

134 2933 173 2956 το
187 2919 248 2963 τῆς
272 2915 509 2960 διοασκαὶίας.
527 2918 641 2956 Τοῦτο
667 2921 782 2969 μεῖζον
801 2934 861 2958 και
875 2919 1011 2971 βέλτιον
1032 2936 1071 2958 το
1092 2935 1163 2971 φως

136 2979 265 3017 εκείνου
288 2983 347 3016 τοῦ
372 2977 505 3030 φωτός·
517 2980 560 3017 οὐ
585 2978 653 3031 γὰρ
679 2979 721 3026 δὴ
755 2981 945 3034 θρυαλλίδα
977 2981 1163 3033 διάδροχον

135 3039 262 3091 ἐλαίῳ,
287 3039 444 3091 καθάπερ
467 3055 577 3086 ουτος,
609 3039 801 3091 ἐξάπτομεν
816 3071 826 3089 ,
857 3041 946 3080 ἀλλὰ
979 3042 1094 3095 ψυγὰς
1128 3043 1164 3080 ἐν

137 3100 296 3139 εὐσεὸεία
313 3100 504 3153 ἀροομένας
518 3103 561 3151 τῇ
578 3103 640 3146 τῆς
656 3100 854 3152 ἀκροάσεως
872 3102 1070 3154 ἀνάπτομεν
1085 3106 1161 3142 ἐπι-

137 3160 256 3213 θυμία.
277 3161 459 3213 Διελέγετό
481 3176 566 3200 ποτε
587 3162 647 3199 καὶ
667 3165 685 3200 ὁ
699 3163 842 3206 Παῦλος
860 3165 894 3201 ἐν
916 3164 1063 3218 ὑπερῴῳ
1083 3164 1162 3203 τινί.

2074 169 2161 231 7⁴37

1215 271 1292 322 ejus
1308 270 1534 321 corrigerent.
1556 267 1628 307 sed
1649 268 1678 306 si
1697 267 1822 316 vultis,
1853 281 1896 304 ex
1916 269 2026 305 veteri
2046 269 2167 306 'sesta-

1215 341 1333 370 mento
1360 331 1454 369 illud
1486 338 1711 383 spectemus,
1731 329 1777 366 ob
1813 338 1967 366 nostram
2000 330 2168 367 nimii-um

1214 393 1425 445 pravitatem
1458 393 1524 431 hoc
1546 406 1636 444 opus
1658 391 1765 429 fuisse
1785 390 1998 443 principatu.
2022 393 2170 442 Propter

1215 455 1358 506 iniquos
1375 454 1554 506 quispiam
1573 453 1742 506 propbeta
1757 466 1962 491 succensens
1979 452 2032 489 liis
2051 452 2170 490 verbis

1217 516 1350 554 utitur:
1377 517 1536 554 Tacebis
1558 516 1650 553 dum
1669 517 1809 567 impius
1827 515 1986 552 devorat
2003 515 2167 566 justum,
2186 530 2291 557 msa„-
2325 538 2346 556 ,r

1216 579 1386 632 etfacies
1402 579 1578 615 homines
1592 579 1705 628 quasi
1717 579 1839 627 pisces
1855 578 1987 621 maris,
2007 584 2041 613 et
2060 578 2172 628 quasi
2191 571 2223 600 ¹3
2247 574 2289 607 ¹31

1216 640 1372 691 reptilia
1393 654 1470 677 non
1493 640 1678 677 habentia
1692 638 1854 675 ducem?
1873 636 1968 687 Ergo
1998 637 2079 675 iden
2096 636 2174 675 dux

1217 710 1282 746 est,
1301 715 1344 739 ne
1362 710 1545 752 tamquam
1570 699 1710 752 reptilia
1732 699 1843 736 simus
1865 714 1872 735 z
1895 698 1973 736 ideo
1993 699 2171 750 print-eps,

1219 777 1262 801 ne
1278 772 1459 814 tamquam
1476 762 1589 815 pisces
1606 761 1828 800 nosiuvicem
1843 760 2065 799 devoremus.
2086 762 2174 798 Nam

1221 835 1261 864 ut
1283 834 1429 879 propter
1455 824 1598 863 morbos
1618 822 1873 861 medicamenta
1894 831 1975 859 sunt
2007 821 2104 866 data,
2126 822 2177 859 sie

1220 895 1368 939 propter
1381 886 1523 934 delicta,
1541 884 1730 938 supplicia.
1753 883 1934 931 Quoniam
1950 883 2043 921 enim
2062 883 2090 921 is
2113 882 2175 934 qui

1221 949 1354 987 virtute
1371 948 1542 1002 praeditus
1556 947 1662 995 vivit,
1683 945 1856 998 ejusmodi
1879 946 2087 998 praefectura
2108 959 2177 983 non

1222 1009 1372 1063 indiget,
1387 1010 1470 1048 audi
1487 1008 1574 1061 quid
1588 1008 1685 1046 dicat
1701 1007 1834 1045 Paulus
1858 1023 1866 1043 2
1884 1007 1952 1045 Sin
1967 1015 2095 1045 autem
2118 1009 2177 1045 vis
2194 1023 2283 1052 nom,
2299 1023 2377 1052 13⁴3,

1224 1088 1304 1111 non
1327 1077 1460 1111 timere
1474 1080 1720 1125 potestatem,
1747 1072 1889 1107 bonum
1905 1070 1989 1122 sae,
2012 1078 2047 1107 et
2061 1071 2178 1107 habe-

1226 1137 1283 1174 his
1298 1136 1452 1174 laudem
1476 1150 1523 1173 ex
1543 1135 1630 1172 illa.
1652 1134 1838 1185 Spectator
1860 1141 1955 1179 tuus,
1979 1131 2107 1181 inquit,
2129 1141 2180 1169 est

1220 1197 1346 1250 judex.
1362 1197 1401 1235 Si
1428 1205 1519 1235 recte
1543 1195 1658 1242 vivas,
1679 1207 1748 1232 non
1779 1200 1954 1244 spectator
1971 1191 2101 1241 solum,
2119 1191 2181 1229 scd

1224 1256 1593 1296 etiamlaudator.Sed
1604 1254 1692 1307 quid
1707 1267 1772 1305 ego
1787 1253 1831 1291 de
1842 1252 2181 1306 prineipumloquor

1225 1320 1531 1369 necessitate,eum
1539 1327 1571 1356 et
1582 1317 1626 1355 ali
1635 1315 1783 1354 ismulto
1795 1314 1990 1366 majoribus
1999 1314 2076 1352 subl
2085 1314 2181 1352 imio-

1224 1396 1280 1420 res
1291 1381 1361 1419 sint
1371 1380 1433 1432 qui
1447 1378 1715 1433 philosophiam
1726 1377 1845 1415 colunt
1857 1376 1874 1413 ἱ)
1886 1375 1972 1426 Siqu
1981 1374 2071 1413 idem
2084 1376 2182 1428 prin-

1223 1444 1345 1497 cipum
1361 1443 1522 1495 ipsorum
1539 1441 1716 1494 principes
1731 1448 1813 1478 sunt
1829 1438 2108 1490 legesAttamen
2123 1453 2183 1476 ne-

1225 1505 1444 1557 quelegibus
1459 1503 1595 1554 indiget
1611 1501 1722 1553 is,qui
1734 1514 1816 1540 cum
1831 1500 2001 1539 modestia
2019 1508 2052 1538 et
2072 1500 2182 1551 aequi-

1225 1575 1296 1605 tate
1308 1566 1402 1606 vixit
1421 1582 1428 1602 :
1444 1575 1551 1616 atque
1563 1565 1631 1602 hoc
1651 1572 1835 1602 testantem
1854 1561 1937 1600 audi
1957 1562 2111 1599 Paulum
2126 1562 2182 1599 liis

1225 1627 1358 1676 verbis,
1378 1627 1494 1665 Justo
1512 1626 1576 1663 lex
1606 1638 1684 1661 non
1700 1632 1755 1662 est
1783 1626 1925 1675 posita.
1947 1623 2053 1668 Quod
2076 1623 2104 1659 si
2124 1623 2181 1660 lex
2202 1628 2225 1647 ¹·
2250 1620 2313 1647 ΤΜ
2343 1628 2368 1646 ¹·

1226 1688 1342 1739 posita
1357 1701 1425 1725 non
1440 1696 1504 1736 est,
1518 1685 1632 1724 multo
1647 1684 1762 1735 magis
1775 1684 1939 1736 princeps
1952 1683 1982 1721 ei
1998 1684 2182 1736 praefectus
2195 1671 2227 1700 9·

1228 1763 1298 1788 non
1317 1758 1382 1788 est.
1406 1747 1462 1786 En
1477 1748 1540 1786 tibi
1561 1747 1705 1804 tertium
1724 1759 1836 1797 genus
1854 1745 2090 1798 principatus,
2121 1746 2183 1796 qui

1228 1821 1261 1849 et
1295 1809 1536 1864 ipse‘ductam
1562 1809 1671 1848 habet
1694 1809 1915 1846 occasionem
1938 1821 1957 1844 a
1988 1817 2132 1860 peccato
2151 1817 2185 1846 et

1229 1871 1468 1926 improbitate.

1283 1935 1322 1972 5.
1345 1934 1512 1981 Quonam
1540 1933 1652 1985 igitur
1674 1940 1777 1984 pacto
1807 1931 1857 1969 ait
1878 1931 2009 1969 Paulus
2024 1938 2183 1984 potesta-
2200 1927 2289 1959 Rom.
2305 1927 2386 1957 ¹3-2·

1231 2005 1302 2034 tem
1320 2009 1391 2034 non
1408 2009 1482 2033 esse
1494 1994 1561 2033 nisi
1576 2009 1596 2032 a
1617 1995 1693 2032 Deo
1707 1993 1725 2030 ἶ)
1739 1992 1847 2040 Quod
1863 1992 2034 2030 nimirum
2053 1991 2099 2030 ad
2116 1992 2185 2030 uti-

1231 2058 1366 2096 litatem
1385 2066 1543 2095 nostram
1565 2055 1668 2094 nobis
1700 2055 1801 2093 illam
1820 2056 1917 2093 Deus
1948 2054 2182 2092 constituerit.

1230 2120 1322 2158 Nam
1342 2127 1528 2172 peccatum
1547 2116 1692 2168 quidem
1724 2115 1968 2154 necessitatem
1994 2115 2070 2167 ejus
2089 2114 2188 2153 inve-

1231 2181 1308 2220 xit:
1331 2182 1429 2219 Deus
1444 2188 1563 2218 autem
1577 2177 1623 2217 ad
1644 2187 1800 2216 nostram
1814 2177 2008 2215 utilitatem
2025 2186 2077 2215 est
2090 2191 2186 2214 usus.

1231 2243 1279 2280 Et
1298 2240 1604 2294 quemadmodum
1626 2255 1671 2279 ex
1701 2239 1912 2279 vulneribus
1935 2239 1974 2276 sit
2001 2248 2042 2276 ut
2076 2238 2188 2276 modi-

1231 2305 1403 2344 camentis
1421 2303 1670 2356 indigeamus3
1691 2317 1737 2341 ex
1752 2301 1975 2340 medicorum
1996 2310 2115 2340 autem
2135 2316 2189 2340 sa-

1232 2367 1389 2421 pientia,
1412 2376 1452 2405 ut
1489 2365 1727 2405 adhibeantur
1763 2362 2019 2402 medicamenta
2044 2379 2052 2399 :
2075 2363 2126 2401 sic
2157 2372 2189 2400 et

1232 2428 1419 2468 necessitas
1438 2427 1620 2467 servitutis
1639 2435 1757 2464 ortum
1773 2425 1901 2463 babuit
1928 2439 1945 2462 a
1965 2434 2108 2477 peccato
2126 2440 2133 2461 :
2150 2433 2189 2461 ut

1232 2500 1351 2530 autem
1369 2489 1415 2528 ad
1430 2489 1467 2528 id
1486 2487 1583 2540 quod
1603 2501 1694 2540 opus
1717 2495 1792 2524 erat
1812 2486 1874 2524 illa
1895 2485 2128 2537 dirigeretur,
2151 2484 2189 2522 id

1231 2566 1315 2592 sane
1334 2551 1467 2590 divinae
1485 2557 1671 2601 acceptum
1690 2546 1876 2585 ferendum
1906 2555 1957 2584 est
1991 2545 2185 2597 sapientiae.

1233 2615 1373 2654 Verum
1388 2611 1507 2650 adeste
1521 2609 1663 2654 animis,
1680 2616 1713 2645 et
1727 2607 1906 2645 desidiam
1919 2620 2060 2644 omnem
2080 2620 2188 2643 excu-

1234 2676 1306 2714 tite.
1343 2675 1418 2712 Cur
1458 2670 1603 2709 tandem
1627 2669 1664 2707 id
1701 2668 1811 2706 dico?
1850 2667 2056 2719 Scripturas
2086 2666 2189 2705 vobis

1234 2748 1452 2784 enarramus,
1475 2746 1538 2772 vos
1566 2745 1651 2769 vero
1670 2729 1805 2768 aversis
1833 2743 1853 2767 a
1873 2729 1976 2767 nobis
1995 2728 2122 2771 oculis,
2142 2727 2190 2766 ad

1235 2798 1397 2835 lucernas
1416 2803 1450 2833 et
1471 2793 1612 2832 adeum
1629 2792 1689 2842 qui
1707 2791 1868 2829 lucernas
1886 2790 2115 2838 accendebat,
2131 2805 2189 2828 eos
2233 2802 2392 2839 lampade»-

1234 2856 1470 2897 convertistis.
1486 2856 1637 2902 Quantae
1653 2866 1758 2906 porro
1778 2861 1831 2890 est
1846 2852 1913 2890 hoc
1932 2852 2115 2901 socordiae,
2128 2866 2189 2889 no·
2204 2855 2263 2913 n¹J⁰
2284 2843 2393 2911 55:¹⁶3:

1235 2920 1291 2958 bis
1310 2918 1454 2966 relictis,
1486 2917 1571 2954 huic
1590 2914 1801 2954 attendere?
1819 2915 1942 2966 Ignem
1966 2928 2031 2966 ego
2050 2929 2190 2966 quoque
2205 2928 2237 2953 (ι.
2251 2929 2288 2952 ,aa
2343 2935 2392 2951 ac-

1236 2979 1401 3028 accendo,
1422 2978 1484 3029 qui
1519 2977 1604 3015 latet
1635 2976 1670 3014 in
1707 2975 1916 3028 Scripturis,
1950 2985 1983 3014 et
2016 2976 2051 3013 in
2073 2985 2190 3014 nostra
2207 2968 2374 3037 ἵζῗάώῃ·

1237 3042 1360 3093 lingua
1394 3038 1623 3078 succenditur
1642 3037 1784 3074 lucerna
1805 3035 1986 3075 doctrinm.
2023 3037 2100 3075 lioc
2131 3037 2192 3074 illo
2260 3030 2266 3036 ’

1237 3103 1351 3155 majus
1367 3111 1417 3139 est
1439 3101 1558 3138 lumen
1579 3112 1620 3137 ac
1639 3097 1767 3136 melius
1789 3113 1797 3134 ε
1821 3111 1888 3136 non
1910 3099 2004 3136 enim
2018 3098 2097 3137 oleo
2122 3112 2194 3135 nia-

1235 3164 1322 3202 dens
1337 3162 1573 3216 ellychnium,
1594 3169 1633 3198 ut
1661 3159 1740 3207 iste,
1758 3160 2000 3207 accendimus,
2026 3159 2087 3197 scd
2108 3159 2190 3196 irri-

139 3221 242 3260 Ἀλλὰ
255 3222 376 3273 μηδεὶς
391 3223 560 3273 νομιζέτω
578 3239 621 3273 με
638 3223 769 3277 Παύλῳ
792 3225 1033 3278 παραὸάλλειν
1054 3229 1161 3277 ἐμαυ-
1191 3240 1213 3270 ι)
1237 3234 1334 3277 gatas
1350 3223 1480 3277 pietate
1499 3221 1636 3260 animas
1649 3220 1819 3259 audiendi
1842 3221 2038 3273 cupiditate
2053 3220 2192 3258 inflam-

138 3281 216 3319 τόν·
235 3284 273 3321 οὗ
295 3282 362 3335 γὰρ
390 3282 480 3322 οὕτω
504 3284 666 3335 μέμηνα·
694 3286 772 3323 ἀλλ’
801 3284 857 3324 ἵνα
886 3285 1020 3337 μάθητε
1050 3288 1162 3334 πόσην

183 3398 195 3412 ⁶
217 3388 297 3432 Res.
314 3392 408 3431 ἰχθύες
427 3398 477 3428 τῆς
493 3395 640 3428 θαλάσσης
657 3404 768 3424 aaran.

1220 3402 1230 3414 ἢ
1258 3392 1336 3434 Rog.
1357 3394 1414 3433 πῦρ

1237 3299 1386 3324 mamus.
1417 3282 1620 3322 Disserebat
1639 3281 1744 3321 etiam
1781 3282 1912 3320 Paulus
1947 3280 2140 3331 aliquando
2158 3281 2191 3318 iu
2211 3291 2289 3322 Aa,
2315 3302 2362 3322 20,

1435 3393 1518 3423 ἂπτω
1534 3395 1625 3422 κατω.
