2516 3791
809 148 852 178 ΙΝ
889 143 1083 177 GENESIM

66 244 131 282 τῶν
150 238 327 292 ἡμετέρων
348 237 490 290 χειρῶν.
509 234 632 275 Βούλει
663 235 784 285 μαθεῖν
809 233 883 275 πῶς
913 228 1000 276 αὕτη
1023 227 1084 280 μὲν
1110 230 1133 261 Β
1156 236 1260 276 sunt,
1286 242 1395 279 quam
1424 243 1502 279 quae
1524 228 1559 268 in
1578 231 1707 269 nostris
1734 241 1816 270 sunt
1843 234 2021 273 manibus.
2049 237 2114 275 Ἣ»
2130 241 2184 268 [ιι-ἰ

176 278 182 291 ι
364 282 372 289 .
2128 284 2211 309 sima.

64 309 84 351 ἡ
104 302 174 349 ζωὴ
192 307 213 350 ἡ
230 304 389 353 παροῦσα
417 302 451 339 ἐν
482 297 600 350 ἀδήλῳ
620 303 733 336 κεῖται
742 293 951 360 διαπαντὸς,
971 292 1085 339 ἐκείνη

64 366 98 406 δὲ
116 370 138 413 ἡ
160 365 356 416 μέλλουσα,
376 365 398 409 ἡ
417 363 564 400 δοκοῦσα
582 360 709 406 ἄδηλος
730 361 819 396 εἶναι
833 387 843 404 ,
862 353 1087 409 φανερωτέρα

61 430 122 474 τῆς
137 424 312 478 παρούσης
327 423 400 463 ἐστὶ
415 423 475 462 καὶ
496 421 702 474 βεῧαιοτέρα
718 420 779 458 καὶ
795 418 960 471 μόνιμος;
983 415 1086 461 Ἐξε-

62 488 236 538 τάσωμεν,
265 488 295 525 εἰ
313 487 428 534 δοκεῖ,
446 484 492 524 τὰ
510 482 660 536 λαμπρὰ
680 484 746 529 τῆς
772 481 955 533 παρούσης
972 480 1063 525 ζωῆς
1075 506 1086 524 ,

62 551 119 590 τὸν
137 550 297 592 πλοῦτον,
326 547 390 596 τὴν
418 547 534 596 δόξαν,
560 545 625 593 τὴν
643 542 860 589 δυναστείαν,
891 540 953 586 τὰς
982 539 1088 592 τιμὰς

62 609 124 654 τὰς
138 607 236 660 παρὰ
255 607 447 660 ἀνθρώπων
462 622 471 631 ·
491 607 552 646 καὶ
564 606 642 659 ὄψει
656 603 786 643 τούτων
804 600 901 642 οὐδὲν
922 599 1088 648 ἀδηλότε-

64 683 133 721 ρον.
160 667 207 707 Τί
234 666 302 720 γὰρ
325 666 552 720 ἀπιστότερον
576 664 748 711 πλούτου,
775 665 836 701 τοῦ
865 660 954 713 μηδὲ
981 659 1087 712 μέχρι

61 732 123 777 τῆς
149 729 298 783 ἑσπέρας
323 729 492 773 πολλάκις
508 732 593 780 ἡμῖν
613 724 895 778 παραμένοντοςς
917 721 1088 773 Καθάπερ

61 790 129 844 γὰρ
154 790 328 845 δραπέτης
358 790 530 842 ἀγνώμων
551 788 621 828 ἀπὸ
637 786 758 826 τούτου
779 787 827 828 εἰς
849 787 977 824 ἐκεῖνον
1005 799 1086 823 συν-

62 854 149 906 εχῶς
170 852 398 902 μεθίσταται,
417 852 478 890 καὶ
494 850 602 890 πάλιν
622 849 692 888 ἀπὸ
718 847 841 887 τούτου
862 846 949 901 πρὸς
968 846 1085 885 ἄλλον.

59 914 224 952 Τοιοῦτόν
254 929 290 951 τι
313 913 374 952 καὶ
398 916 420 959 ἡ
451 911 531 957 δόξα
559 910 666 950 ἐστίν.
691 910 736 949 ‘O
764 909 831 962 γὰρ
862 909 932 962 πρὸ
965 907 1085 948 τούτου

59 975 218 1028 λαμπρὸς
231 975 292 1014 καὶ
309 975 498 1026 ἐπίσημος,
515 974 640 1026 ἄτιμος
655 974 716 1013 καὶ
733 971 912 1024 ἀνώνυμος
925 971 1087 1024 ἐξαίφνης

57 1036 190 1088 γίνεται
201 1051 210 1060 ·
231 1036 291 1075 καὶ
308 1037 349 1076 τὸ
364 1035 516 1076 ἐναντίον
536 1036 657 1075 πάλιν.
674 1034 746 1074 Καὶ
764 1035 924 1088 καθάπερ
938 1034 998 1073 τὸν
1012 1050 1090 1086 τρο-

58 1096 120 1148 χὸν
140 1100 292 1150 συνεχῶς
310 1098 540 1151 στρεφόμενον
563 1100 625 1137 οὐκ
648 1097 740 1136 ἔστιν
761 1100 844 1149 ὁρᾷν
865 1096 923 1135 ἐπὶ
941 1099 1002 1135 τοῦ
1019 1097 1087 1134 αὐ-

58 1162 118 1196 τοῦ
132 1161 196 1206 τῆς
217 1160 360 1212 ἄντυγος
383 1160 507 1213 μέρους
519 1175 528 1183 ·
547 1163 591 1212 τῇ
607 1158 676 1212 γὰρ
696 1158 888 1206 πυκνότητι
907 1161 970 1205 τῆς
993 1157 1089 1206 δίνης

60 1220 247 1264 διαπαντὸς
264 1220 310 1259 τὰ
327 1221 398 1259 ἅνω
425 1221 523 1260 κάτω
544 1221 700 1274 γίνεται,
727 1220 787 1259 καὶ
804 1220 1001 1259 τούναντίον
1020 1219 1089 1259 πά-

59 1282 130 1318 λιν·
148 1280 238 1319 οὕτω
263 1282 322 1320 καὶ
338 1286 359 1329 ἡ
377 1286 446 1321 τῶν
475 1284 694 1336 πραγμάτων
713 1285 782 1321 τῶν
799 1282 980 1335 ἡμετέρων
998 1282 1088 1337 φορὰ

60 1346 212 1396 συνεχῶς
234 1344 449 1397 στρεφομένη
463 1375 473 1391 ,
497 1344 541 1382 τὰ
565 1344 638 1383 ἄνω
654 1345 750 1383 κάτω
770 1350 883 1383 ποιεῖ·
916 1342 1008 1382 οὕτω
1027 1343 1087 1382 καὶ

58 1404 116 1443 ἐπὶ
137 1410 197 1444 τοῦ
221 1405 371 1445 πλούτου
394 1406 454 1445 καὶ
475 1406 534 1444 ἐπὶ
558 1409 622 1453 τῆς
640 1405 845 1450 δυναστείας
863 1405 924 1444 καὶ
942 1405 1086 1444 ἐπὶτῶν

59 1466 173 1505 ἄλλων
200 1467 376 1506 ἁπάντων.
409 1468 590 1508 Οὐδέποτε
619 1468 677 1508 ἐπὶ
707 1472 770 1516 τῆς
802 1470 908 1515 αὐτῆς
942 1467 1087 1516 ἕστηκεν

59 1528 161 1582 ἕδρας
176 1556 186 1574 ,
202 1528 293 1568 ἀλλὰ
305 1529 350 1568 τὰ
364 1533 433 1568 τῶν
453 1533 622 1582 ποταμῶν
643 1537 804 1583 μιμεῖται
821 1530 978 1583 ῥεύματα
992 1561 1002 1579 ,
1019 1547 1089 1582 μη-

59 1591 170 1641 δαμοῦ
188 1607 273 1630 ποτε
294 1591 480 1643 ἱστάμενα.
497 1592 546 1631 Τί
562 1587 620 1630 οὖν
638 1592 770 1632 τούτων
786 1592 912 1644 γένοιτ’
936 1592 977 1630 ἂν
998 1593 1088 1640 ἀδη-

1121 143 1269 173 sunno
1308 143 1368 174 lx.

1108 915 1132 946 C

2022 138 2111 184 803

1155 288 1292 327 discere
1309 291 1490 341 quomodo
1503 292 1581 330 baec
1597 292 1742 344 quidem
1757 294 1831 332 vita
1845 295 1880 332 in
1896 295 2029 334 incerto
2048 298 2114 338 sita

1156 359 1208 388 est
1236 365 1391 404 semper,
1416 353 1534 392 sutura
1550 363 1669 393 autem
1697 354 1772 405 illu,
1792 370 1871 406 quae
1890 356 2034 396 videtur
2056 358 2111 396 iu—

1157 421 1250 450 certa
1271 427 1360 464 esse,
1384 414 1451 453 hac
1477 416 1641 467 praesenti
1667 417 1796 454 certior
1814 417 1859 456 sit
1881 427 1915 456 et
1939 419 2114 458 solidior?

1157 474 1398 526 Inquiramus,
1420 476 1448 514 si
1476 476 1605 528 placet,
1626 491 1704 529 quae
1731 488 1814 517 sunt
1841 479 1903 518 illa
1932 481 2116 532 praesentis

1156 535 1242 576 vitae
1266 538 1461 590 praeclara3
1483 538 1645 589 divitiae,
1676 539 1808 591 gloria,
1838 542 2016 595 potentia;
2037 557 2114 581 ma-

1157 611 1269 651 gnum
1303 599 1503 638 existimari
1538 599 1584 638 ab
1620 600 1828 640 hominibus
1865 619 1872 639 :
1910 613 1944 641 et
1975 604 2116 642 videbis

1157 659 1250 698 nihil
1270 660 1342 699 illis
1369 675 1444 700 esse
1473 661 1657 702 incertius.
1681 663 1782 711 Quid
1809 665 1903 703 enim
1934 665 2116 705 infidelius

1156 721 1310 772 divitiis,
1328 737 1407 774 quae
1426 738 1519 777 saepe
1533 739 1596 763 uec
1615 739 1727 777 usque
1745 726 1791 764 ad
1810 741 1992 780 vesperam
2014 729 2115 767 nobis

1156 786 1392 836 permanent?
1413 786 1515 824 Sicut
1543 786 1638 825 enim
1667 787 1829 840 ingratus
1855 790 2053 840 transfuga,
2071 790 2118 828 ab

1157 845 1224 884 hoc
1237 846 1284 885 ad
1302 846 1422 898 illum,
1445 857 1478 886 et
1494 848 1540 886 ab
1561 848 1626 886 illo
1640 849 1687 888 ad
1705 849 1818 888 alium
1834 849 1988 888 subinde
2005 860 2118 889 trans-

1155 918 1254 947 eunt.
1285 909 1505 962 Hujusmodi
1543 920 1594 949 est
1620 911 1746 963 gloria.
1768 913 2019 964 Saepenumero
2053 913 2117 965 qui

1156 970 1273 1010 clarus
1289 981 1364 1010 erat
1381 981 1415 1011 et
1434 973 1578 1023 nobilis,
1594 982 1738 1026 repente
1749 983 1946 1012 contemtus
1960 984 1994 1012 et
2009 975 2116 1026 igno-

1155 1033 1242 1072 bilis
1263 1034 1418 1073 habetur
1446 1051 1454 1071 :
1484 1044 1517 1073 et
1536 1049 1556 1074 e
1580 1035 1724 1074 diverso
1756 1050 1896 1088 quoque
1925 1051 2018 1089 saepe
2048 1037 2115 1075 ob-

1155 1095 1249 1133 scuri
1277 1096 1396 1135 subito
1422 1097 1633 1135 clarescunt.
1655 1097 1703 1135 Et
1727 1097 1819 1136 sicut
1844 1098 1962 1136 videri
1992 1098 2115 1149 nequit

1156 1157 1191 1195 in
1208 1166 1296 1206 rota,
1320 1172 1399 1209 quae
1416 1158 1584 1197 continuo
1599 1168 1775 1204 versatur,
1787 1159 1907 1211 aliqua
1924 1174 2006 1212 pars
2021 1161 2112 1212 ejus,

1156 1232 1196 1256 eo
1225 1218 1321 1270 quod
1351 1219 1474 1258 crebra
1506 1220 1791 1259 circumferentia
1817 1235 1958 1274 semper
1976 1236 2116 1260 summa

1155 1279 1248 1318 fiunt
1262 1279 1348 1330 ima,
1363 1291 1396 1318 et
1411 1281 1482 1319 ima
1499 1296 1638 1319 summa
1653 1297 1660 1317 :
1675 1281 1724 1319 ita
1736 1290 1769 1320 et
1781 1291 1983 1320 nostrarum
1995 1298 2116 1322 rerum

1155 1338 1323 1392 impetus,
1344 1340 1433 1378 dum
1459 1341 1628 1379 continuo
1647 1350 1850 1392 vertuntur,
1871 1357 2011 1381 summa
2032 1344 2117 1383 facit

1156 1400 1281 1440 infima
1305 1418 1312 1438 :
1334 1411 1374 1440 ut
1395 1402 1520 1442 videre
1546 1403 1629 1442 licet
1657 1404 1694 1442 in
1713 1404 1865 1454 divitiis,
1885 1405 2064 1457 potentiis,
2084 1416 2118 1444 ct

1155 1463 1250 1501 aliis.
1270 1465 1479 1516 Numquam
1506 1466 1602 1504 enim
1630 1466 1665 1504 in
1687 1466 1812 1504 eodem
1833 1476 1928 1505 statu
1957 1478 2115 1517 manent,

1155 1525 1218 1565 sed
1241 1540 1380 1580 semper
1403 1528 1590 1567 instabiles
1607 1529 1800 1568 fluminum
1828 1529 1950 1569 ssuxus
1971 1531 2116 1570 imitan—

1157 1596 1229 1626 tur.
1252 1588 1351 1636 Quid
1374 1589 1486 1642 igitur
1504 1590 1562 1629 his
1589 1590 1772 1642 incertius,
1792 1606 1872 1643 quae
1897 1602 1973 1632 tam
1993 1595 2117 1632 crebro

2130 1157 2193 1181 Vllu-

59 1651 211 1704 λότερον,
250 1656 319 1691 τῶν
354 1653 446 1693 οὕτω
477 1657 632 1706 συνεχῶς
663 1653 992 1705 μεταὸαλλομένων,
1027 1653 1088 1692 καὶ
1109 1666 1134 1697 1)
1157 1651 1438 1701 transferuntur,
1465 1660 1500 1690 et
1531 1651 1742 1705 priusquam
1771 1662 1865 1691 recte
1897 1664 2113 1707 appareant,

59 1713 140 1764 πρὶν
159 1712 182 1759 ἢ
201 1716 352 1766 φανῆναι
381 1714 645 1766 «ἐφιπταμένων,
669 1714 751 1769 πρὶν
779 1713 802 1761 ἢ
828 1713 1087 1768 παραγενέσθαι

59 1774 320 1821 ἀποπηδιῖιντων
336 1792 344 1822 ;
361 1775 430 1814 Διὰ
445 1780 547 1815 τοῦτο
560 1777 620 1815 καὶ
633 1780 651 1815 6
665 1777 846 1830 προφήτης
859 1777 939 1829 περὶ
955 1779 1088 1830 τρυφῆς

60 1835 120 1873 καὶ
140 1836 291 1875 πλούτου
306 1837 364 1875 καὶ
384 1839 452 1875 τῶν
466 1837 630 1877 τοιούτων
648 1838 888 1890 διαλεγόμενος
899 1868 908 1885 ,
922 1838 981 1877 καὶ
997 1838 1087 1877 σκώ-

60 1915 156 1938 πτων
187 1902 236 1944 εἷς
262 1899 340 1944 τοὺς
363 1901 451 1954 πρὸς
469 1900 558 1940 αὐτὰ
576 1901 767 1955 κεχηνότας
785 1903 832 1946 ὥς
852 1901 1059 1953 διαμένοντα
1076 1929 1086 1948 ,

60 1962 183 2013 φησίν·
216 1961 278 2006 Ὡς
307 1964 442 2000 ἑστῶτα
470 1963 672 2014 ἐλογίσαντο
699 1968 828 2012 ταῦτα,
861 1962 921 2002 καὶ
948 1965 1012 2016 οὐχ
1039 1965 1087 2006 ὡς

60 2022 238 2075 φεύγοντα.
279 2026 356 2062 Οὐκ
395 2017 502 2072 εἶπεν,
545 2027 584 2064 οὐ
623 2024 891 2078 παρερχόμενα,
938 2026 1030 2075 ἀλλ’,
1069 2027 1088 2066 ὃ

59 2085 178 2137 πολλῷ
201 2085 315 2136 μεῖζόν
337 2087 446 2134 ἐστιν,
470 2085 535 2130 (Ως
563 2086 744 2140 φεύγοντα·
772 2087 848 2126 οὐδὲ
868 2087 936 2140 γὰρ
967 2089 1086 2143 ἠρέμα

59 2148 256 2200 ἀναχωρεῖ,
279 2148 371 2188 ἀλλὰ
387 2148 476 2199 μετὰ
491 2150 622 2188 πολλοῦ
639 2155 700 2189 τοῦ
716 2150 856 2203 τάχους.
879 2152 971 2190 Ἀλλ’
987 2153 1052 2204 οὐχ
1067 2155 1086 2190 6

57 2208 280 2262 πατριάρχης
309 2209 440 2258 οὕτως,
469 2210 561 2250 ἀλλὰ
582 2210 698 2250 πάντα
717 2217 828 2251 ταῦτα
857 2211 976 2265 ἀφεὶς,
998 2213 1085 2265 πρὸς

56 2267 117 2312 τὰς
149 2269 360 2320 ἐπαγγελίας
378 2270 440 2314 τὰς
465 2271 563 2324 παρὰ
597 2277 657 2311 τοῦ
683 2274 776 2312 Θεοῦ
804 2272 908 2324 μόνον
936 2273 1084 2323 ἔὸλεπε,

56 2331 290 2379 προοδοποιῶν
318 2331 402 2383 ἡμῖν
431 2332 517 2386 πρὸς
541 2332 604 2381 τὴν
631 2335 700 2372 τῶν
728 2334 926 2385 μελλόντων
953 2335 1084 2385 πίστιν,

57 2390 116 2436 ἵν’,
134 2390 215 2429 ὅταν
245 2393 505 2445 ἐπαγγέλληταί
536 2411 590 2434 σοι
609 2399 627 2434 6
646 2395 735 2441 Θεὸς
763 2396 808 2435 τὰ
834 2396 1006 2449 μέλλοντα
1024 2399 1084 2438 καὶ

58 2454 123 2505 οὐχ
141 2452 300 2504 δρώμενα
316 2485 326 2502 ,
346 2455 394 2505 μὴ
417 2456 522 2508 λέγῃς
536 2487 545 2505 ,
565 2457 619 2497 ὅτι
637 2458 751 2506 ἄδηλά
775 2461 869 2498 ἐστιν
889 2462 1005 2500 ε’κεὶνα
1023 2461 1084 2500 καὶ

61 2515 188 2565 ἀφανῆ.
203 2517 236 2554 Τ
239 2514 261 2554 ὰ
277 2515 343 2568 γὰρ
364 2517 478 2564 ἄδηλα
499 2520 613 2558 ἐκεῖνα
639 2519 771 2558 τούτων
791 2520 865 2560 ἐστὶ
885 2522 1084 2576 σαφέστερα

59 2577 126 2613 τῶν
142 2577 341 2628 ὁρωμένων,
363 2577 422 2617 ἐὰν
447 2578 525 2624 τοὺς
544 2583 606 2626 τῆς
622 2581 772 2626 πίστεως
795 2581 934 2634 ἔχωμεν
955 2585 1084 2636 ὀφθαλ-

59 2634 151 2684 μούς.
178 2636 221 2673 Εἰ
239 2635 306 2689 γὰρ
327 2638 387 2676 καὶ
412 2638 461 2689 μή
485 2639 690 2692 ἑωράκαμεν
714 2642 824 2690 αὐτὰ,
859 2644 936 2681 ἀλλ’
958 2647 976 2682 6
995 2643 1085 2689 Θεὸς

59 2695 146 2734 αὐτὰ
166 2699 397 2749 ἐπηγγείλατο
416 2701 475 2739 καὶ
494 2702 678 2755 ὑπέσχετο.
693 2702 809 2742 ’Ὅταν
828 2707 846 2743 6
864 2705 954 2750 Θεὸς
975 2708 1085 2758 ἐπαγ-

58 2755 241 2806 γέλληται,
267 2760 411 2810 οὐδεμία
435 2763 613 2812 μεταὸολὴ
631 2767 700 2802 τῶν
727 2765 950 2818 ὑποσχέσεων
968 2767 1082 2806 ἅπτε-

58 2833 133 2855 ται·
155 2817 245 2856 ὥστε
273 2822 386 2859 ἐκεῖνα
415 2824 569 2873 μάλιστα
592 2826 687 2877 μένει
711 2827 771 2866 καὶ
794 2828 950 2881 πέπηγεν
977 2831 1012 2867 ἐν
1038 2832 1082 2882 τῇ

56 2879 149 2931 χειρὶ
175 2885 235 2918 τοῦ
265 2883 368 2921 Θεοῦ.
395 2883 460 2922 Ἐκ
483 2885 552 2939 γὰρ
578 2890 638 2934 τῆς
669 2888 785 2943 χειρὸς
810 2893 870 2930 τοῦ
900 2893 992 2931 Θεοῦ
1018 2893 1081 2946 ἆρ-

55 2941 176 2985 πάζειν
217 2944 327 2988 οὐδεὶς
368 2945 532 2995 δύναται,
572 2951 687 3002 φησίν.
729 2952 910 3007 Ἁρπάζειν
944 2958 983 2996 ἐκ
1021 2960 1083 3004 τῆς

54 3001 169 3053 χειρὸς
203 3007 263 3042 τοῦ
289 3006 429 3059 Πατρός
463 3024 528 3059 μου
558 3011 665 3056 οὐδεὶς
698 3013 852 3055 δύναται.
886 3016 989 3057 Ἐπεὶ
1023 3013 1080 3057 οῧν

57 3126 91 3161 ἐν
120 3126 214 3180 δήλῳ
248 3128 343 3178 μένει
370 3133 533 3185 θησαυρῷ
554 3133 751 3180 διαπαντός.
771 3139 894 3177 Ταῦτα
926 3140 963 3179 δὲ
989 3159 1080 3181 παν-

59 3183 166 3228 τοίαις
195 3189 402 3237 μεταὸολαῖς
423 3192 604 3232 ὑπόκειται
624 3196 684 3234 καὶ
702 3205 865 3250 τροπαῖς·
890 3201 948 3240 διὰ
978 3207 1081 3243 τοῦτο

59 3246 226 3291 πολλάκις
258 3249 317 3288 τὸν
352 3251 414 3302 μὲν
446 3253 550 3291 πόνον
597 3257 710 3295 αὐτῶν
743 3261 979 3314 ὑπομένομεν,
1017 3269 1078 3303 τοῦ

46 3307 93 3344 ’δὲ
115 3308 231 3354 τέλους
251 3313 362 3350 αὐτῶν
383 3315 677 3369 ἀποστερούμεθα.
698 3319 784 3359 Ἐπὶ
810 3321 846 3360 δὲ
874 3327 942 3362 τῶν
973 3327 1074 3365 ἑλπί-

58 3369 122 3406 ἒων
147 3371 283 3410 ἐκείνων
305 3377 363 3412 οὐκ
383 3375 430 3414 ἔνι
451 3381 572 3425 τοῦτο,
594 3381 682 3419 ἀλλὰ
700 3381 756 3419 τὀν
779 3385 971 3426 πονέσαντα
987 3390 1074 3427 πείν-

1155 1712 1314 1760 avolant,
1338 1713 1548 1766 priusquam
1576 1713 1781 1761 adveniant,
1800 1715 2117 1769 resiliuntQUnde

1155 1774 1330 1827 propheta
1354 1774 1400 1813 de
1418 1775 1559 1814 deliciis
1579 1785 1613 1814 et
1631 1775 1771 1815 divitiis
1796 1777 1910 1829 deque
1932 1778 2038 1817 rebus
2056 1788 2115 1817 ta-

1154 1836 1252 1875 libus
1277 1836 1468 1886 disserens,
1490 1847 1524 1876 et
1548 1851 1607 1876 eos
1634 1838 1808 1877 insectans
1832 1839 1894 1891 qui
1919 1840 1992 1878 illis
2013 1841 2114 1892 quasi

1156 1899 1450 1951 permanentibus
1471 1909 1613 1948 vacant,
1631 1899 1719 1938 dicit
1739 1916 1746 1936 :
1767 1902 2011 1953 Reputarunt
2032 1904 2114 1942 lzoec
2129 1914 2216 1944 Amos

1156 1963 1270 2012 quasi
1296 1963 1464 2009 stantia,
1488 1970 1525 1999 et
1550 1975 1628 1999 non
1657 1965 1771 2014 quasi
1781 1964 2000 2015 fugientia.
2034 1965 2114 2003 Non

1155 2021 1265 2070 dixit,
1278 2022 1381 2073 quasi
1395 2023 1653 2075 praetereuntia,
1665 2022 1739 2073 sed,
1748 2023 1844 2074 quod
1858 2024 1970 2062 multo
1985 2026 2114 2077 majus,

1160 2084 1282 2135 Quasi
1285 2085 1491 2137 fugientia
1508 2101 1518 2122 .-
1533 2096 1602 2123 non
1622 2084 1717 2123 enim
1738 2085 1914 2137 paulatim
1934 2085 2115 2135 recedunt,

1154 2144 1217 2183 sed
1247 2145 1338 2184 mira
1370 2145 1560 2184 eeleritate.
1585 2148 1631 2184 At
1652 2146 1856 2199 patriarcba
1879 2147 1940 2185 ille
1966 2161 2035 2185 non
2065 2148 2116 2186 sic

1155 2206 1239 2259 egit,
1255 2207 1318 2246 sed
1345 2207 1480 2246 relictis
1505 2207 1673 2246 omnibus
1698 2208 1782 2258 illis,
1802 2216 1942 2246 tantum
1961 2208 2007 2246 ad
2031 2224 2115 2261 pro-

1152 2268 1337 2307 missiones
1361 2270 1429 2307 Dei
1454 2270 1640 2322 spectavit,
1661 2269 1759 2308 viam
1789 2269 1892 2307 nobis
1918 2284 2049 2322 parans
2068 2270 2116 2308 ad

1152 2328 1356 2368 futurorum
1385 2330 1496 2369 fidem
1517 2346 1524 2367 :
1546 2340 1585 2369 ut
1606 2344 1688 2369 cum
1709 2331 1912 2383 promiserit
1931 2331 1996 2369 tibi
2019 2333 2116 2369 Deus

1152 2392 1273 2430 futura
1294 2401 1328 2430 et
1347 2406 1426 2444 quae
1448 2407 1517 2431 non
1538 2392 1724 2443 videntur,
1747 2407 1790 2431 ne
1814 2392 1924 2441 dicas,
1946 2393 2022 2431 haec
2041 2408 2116 2431 esse

1153 2453 1286 2492 incerta
1313 2463 1348 2492 et
1378 2455 1541 2493 obscura.
1568 2455 1707 2493 Incerta
1746 2455 1841 2492 enim
1874 2454 1936 2492 illa
1965 2455 2113 2492 certiora

1153 2525 1235 2554 sunt
1263 2516 1308 2554 iis
1339 2531 1418 2568 quae
1445 2516 1626 2565 videntur,
1646 2516 1754 2554 modo
1778 2516 1900 2554 oculos
1929 2515 2014 2553 fidei
2050 2517 2113 2554 lia-

1151 2577 1312 2617 beamus.
1350 2578 1527 2625 Quamvis
1564 2577 1659 2615 enim
1694 2577 1756 2614 illa
1797 2591 1867 2615 non
1909 2576 2110 2623 videamus,

1152 2641 1249 2679 Deus
1264 2649 1380 2679 tamen
1397 2655 1435 2678 ea
1454 2640 1633 2693 promisit,
1648 2648 1682 2677 et
1702 2639 1887 2692 pollicitus
1902 2648 1967 2678 cst.
1984 2640 2110 2686 Quan-

1151 2702 1198 2741 do
1213 2705 1308 2741 Deus
1322 2702 1513 2755 promittit,
1530 2701 1629 2739 nulla
1644 2701 1796 2739 variatio
1813 2702 2112 2754 promissionibus

1152 2764 1380 2817 adjungitur3
1403 2773 1510 2815 atque
1541 2762 1630 2801 adeo
1662 2762 1725 2800 illa
1762 2763 1920 2801 maxime
1953 2773 2110 2807 manent,

1154 2841 1232 2877 quae
1257 2826 1292 2863 in
1316 2839 1424 2863 manu
1453 2824 1519 2863 Dei
1545 2834 1642 2863 sunt.
1666 2826 1731 2863 Ex
1755 2839 1873 2863 manu
1895 2825 1994 2876 enim¹
2018 2827 2107 2872 Dei,
2124 2837 2213 2866 Jmm.

1153 2887 1283 2938 inquit,
1301 2887 1432 2924 nullus
1452 2900 1587 2938 rapere
1600 2895 1739 2938 potest.
1753 2886 1870 2937 Igitur
1887 2887 1971 2938 quia
1991 2887 2112 2925 nullus
2128 2888 2176 2917 ‘²9-

1153 2963 1274 3002 rapere
1289 2957 1403 3001 potest
1425 2963 1470 2986 ex
1491 2963 1598 2986 manu
1619 2949 1697 2997 Dei,
1714 2958 1831 2987 certus
1851 2948 1912 2986 ille
1927 2949 2114 2987 thesaurus

1155 3025 1295 3064 semper
1319 3018 1447 3047 manet.
1470 3009 1657 3048 Przesentia
1684 3018 1802 3047 autem
1829 3009 2028 3061 omnigenis
2052 3024 2113 3048 va-

55 3064 162 3108 οὐδεὶς
194 3065 337 3106 δύναται
375 3070 542 3120 ἁρπάζειν
575 3073 615 3110 ἐκ
644 3076 705 3120 τῆς
736 3077 852 3128 γειρὸς
879 3083 938 3118 τοῦ
963 3049 1369 3130 (3203‚⁰1⁹(⁴1·iati011il›us
1400 3081 1434 3110 et
1468 3069 1779 3108 vicissitudinibus
1815 3080 1896 3108 sunt
1939 3071 2112 3114 obnoxia;

1157 3134 1236 3172 ideo
1248 3148 1314 3186 pro
1330 3134 1381 3171 eis
1396 3147 1488 3186 saepe
1503 3132 1662 3170 laborem
1676 3132 1834 3180 serimus,
1851 3142 1883 3170 et
1902 3133 1971 3171 line
1991 3147 2113 3171 eorum

1154 3197 1379 3234 frustramur.
1400 3195 1441 3232 In
1464 3194 1507 3231 iis
1526 3203 1644 3231 nutem
1665 3209 1743 3245 qua‘¹
1759 3209 1954 3246 speramus,
1975 3208 2042 3231 non
2065 3194 2111 3230 itu

1153 3267 1216 3308 est,
1237 3256 1298 3294 sed
1330 3257 1360 3294 is
1388 3256 1448 3307 qui
1475 3254 1667 3305 laboravit,
1686 3255 1881 3293 necessario
1904 3270 2050 3292 coronas
2078 3265 2109 3292 et

1153 3318 1298 3373 pra-mia
1318 3317 1560 3368 consequitur.
1577 3318 1668 3355 Nam
1688 3317 1777 3368 Spes
1802 3331 1876 3354 non
1893 3317 2106 3368 pudefacit,
2127 3335 2200 3363 nm„

1158 3389 1239 3440 quin
1262 3388 1328 3427 Dei
1351 3394 1401 3425 cst
1430 3383 1617 3437 promissio
1644 3399 1650 3419 τ
1673 3392 1703 3420 et
1732 3382 1821 3420 (lona
1854 3381 2024 3433 promissa
2059 3396 2107 3418 sc-

2150 1113 2206 1140 Res
2231 1113 2319 1151 lnujuz

2231 1167 2317 1192 (ΙΗᾸΙΙΙΙ

2130 1196 2203 1224 inve»
2213 1203 2256 1225 tze.

2244 1914 2322 1946 (ἦς’).
