2516 3791
652 243 693 272 ΙΝ
731 241 834 271 CM‘.
873 241 969 270 xm.

90 329 216 383 ἔρημον
235 326 299 369 ἕως
316 330 374 364 τοῦ
389 324 495 363 τόπου
517 317 554 362 οὗ
571 319 612 371 ἧν
629 326 650 370 ἡ
674 323 786 371 σκηνὴ
807 325 912 361 αὐτοῦ
930 322 968 361 τὸ
989 321 1114 373 πρότε-

92 404 160 440 ρον,
175 390 223 431 εἷς
241 387 298 425 τὸν
320 385 425 425 τόπον
445 388 503 423 τοῦ
521 383 767 438 θυσιαστηρίου
781 415 789 431 ,
804 378 842 421 οὗ
863 383 1025 429 ἐποίησεν
1045 384 1115 419 ἐκεῖ

88 447 150 495 τὴν
178 446 303 499 ἀρχὴν,
325 446 384 484 καὶ
415 444 651 485 ἐπεκαλέσατο
685 445 724 482 τὸ
752 444 862 496 ὄνομα
897 442 1025 495 Κυρίου
1055 445 1115 480 τοῦ

89 511 181 547 Θεοῦ
193 524 200 531 ·
219 507 353 546 Ἐννόει
371 522 430 556 μοι
449 510 524 550 πῶς
536 500 578 553 ἦν
593 505 742 558 ἡσυχίας
758 505 906 557 ἐραστὴς
926 503 985 542 καὶ
1002 506 1115 554 ἀπρα-

90 568 264 621 γμοσύνης
275 599 284 616 ,
305 568 364 607 καὶ
391 568 556 614 διηνεκῶς
571 566 795 618 ἀνακείμενος
807 569 850 618 τῇ
866 565 952 618 πρὸς
969 565 1008 603 τὸ
1026 568 1114 602 θεῖον

90 630 273 682 θεραπεία.
299 628 456 667 Ἐκεῖνον
474 628 563 680 γὰρ,
584 627 686 680 φησὶ,
706 628 764 666 τὸν
788 627 892 665 τόπον
910 624 1114 669 κατέλαίεν,

93 691 172 729 ἔνθα
192 686 232 738 ἧν
256 691 423 743 πρότερον
450 690 490 728 τὸ
510 689 752 742 θυσιαστήριον
783 683 1031 738 οἰκοδομήσας,
1055 685 1114 723 καὶ

92 751 389 802 ἐπικαλεσάμενος
408 751 447 788 τὸ
475 751 584 801 ὄνομα
618 752 677 788 τοῦ
706 751 816 796 Θεοῦ,
837 747 895 786 καὶ
927 745 1113 799 προλαὸὼν

91 812 159 859 ἤδη
180 812 308 850 ἄνωθεν
328 812 387 850 καὶ
407 810 441 855 ἐξ
458 813 570 862 ἀρχῆς
585 809 738 862 ἐπλήρου
758 808 797 846 τὸ
815 807 913 861 παρὰ
929 812 989 846 τοῦ
1004 807 1115 845 Δαυὶδ

92 872 286 926 εἰρημένον,
322 872 374 910 ὅτι
412 870 644 921 Ἔξελεξάμην
673 871 714 908 τὸ
735 871 1053 922 παραῤῥιπτεῖσθαι
1079 868 1114 904 ἐν

92 936 142 985 τῷ
162 932 245 984 οἴκῳ
266 937 324 971 τοῦ
344 934 436 970 Θεοῦ
453 946 517 981 μου
535 932 680 980 μᾶλλον,
695 928 718 976 ἢ
735 931 839 968 οἰκεῖν
855 945 898 980 με
922 931 955 967 ἐν
976 927 1114 976 σκηνώ-

93 1008 200 1044 μασιν
217 994 446 1046 ἁμαρτωλῶν.
463 991 508 1029 ‘ll
529 990 596 1043 γὰρ
616 989 745 1043 ἐρημία
771 990 827 1028 διὰ
852 989 913 1037 τὴν
935 990 1118 1037 ἐπίκλησιν

93 1059 152 1093 τοῦ
170 1054 335 1105 ὀνόματος
365 1056 424 1090 τοῦ
453 1054 546 1091 Θεοῦ
568 1051 803 1106 προτιμοτέρα
830 1053 923 1104 αὐτῷ
950 1051 1118 1103 ἐτύγχανε

93 1117 162 1153 τῶν
180 1114 329 1152 πόλεων.
349 1112 449 1168 ’ῌδει
468 1112 536 1165 γὰρ
548 1144 557 1161 ,
576 1113 652 1165 ᾔδει
668 1112 721 1151 ὅτι
739 1112 874 1157 πόλεως
896 1113 1037 1164 μέγεθος
1059 1115 1119 1151 οὐκ

52 1205 57 1211 ,
92 1175 380 1226 οἰκοδομημάτων
397 1179 488 1212 ποιεῖ
505 1174 631 1217 κάλλος
644 1204 654 1220 ,
670 1172 746 1212 οὐδὲ
763 1173 955 1226 οἰκητόρων
975 1175 1119 1221 πλῆθος,

95 1238 172 1275 ἀλλ’
193 1239 215 1283 ἡ
234 1238 303 1274 τῶν
323 1234 548 1273 ἐνοικούντων
576 1233 684 1286 ἀρετὴ
698 1265 708 1283 ,
729 1233 773 1272 δι’
788 1235 828 1282 ἣν
851 1234 911 1272 καὶ
939 1238 960 1281 ἡ
993 1234 1121 1286 ἔρημος

95 1301 163 1335 τῶν
184 1297 317 1335 πόλεων
340 1294 532 1349 τιμιωτέρα
546 1295 730 1348 ἐτύγχανεν
750 1295 896 1342 ὑπὸτῆς
909 1301 969 1334 τοῦ
989 1296 1121 1334 δικαίου

98 1360 224 1411 ἀρετῆς
245 1355 484 1408 κοσμουμένη,
505 1357 563 1394 καὶ
584 1357 811 1408 λαμπροτέρα
830 1358 893 1402 τῆς
920 1355 1125 1408 οἰκουμένης

97 1418 302 1470 φαινομένη.
323 1418 393 1455 Καὶ
412 1416 515 1464 Λὼτ,
535 1416 640 1468 φησὶ,
660 1419 710 1468 τῷ
727 1417 1020 1470 συμπορευομένῳ
1035 1417 1124 1469 μετὰ

101 1479 241 1531 Ἀδραμ
269 1473 311 1525 ἦν
336 1477 395 1516 καὶ
416 1476 578 1530 πρόὸατα
592 1507 601 1525 ,
623 1477 683 1515 καὶ
700 1477 797 1529 βόες,
826 1477 886 1516 καὶ
913 1478 1022 1525 κτήνη
1037 1494 1045 1502 ·
1065 1479 1125 1517 καὶ

98 1542 164 1579 οὐκ
184 1539 310 1592 ἐχώρει
341 1536 463 1582 αὐτοὺς
490 1541 511 1584 ἡ
542 1541 587 1590 γῆ
618 1544 792 1576 κατοικεῖν
812 1538 910 1588 ἅμα,
930 1539 983 1577 ὅτι
1012 1534 1054 1587 ἦν
1080 1539 1126 1578 τὰ

97 1600 305 1653 ὑπάρχοντα
324 1601 436 1638 αὐτῶν
456 1597 587 1646 πολλὰ,
604 1598 664 1637 καὶ
681 1599 742 1638 οὐκ
764 1598 936 1645 ἠδύναντο
951 1605 1126 1638 κατοικεῖν

98 1661 185 1711 ἅμα.
203 1662 256 1699 Οὐ
280 1659 382 1711 μόνον
398 1663 448 1711 τῷ
464 1659 667 1712 πατριάρχῃ
686 1659 731 1698 τὰ
755 1663 818 1706 τῆς
836 1660 1037 1712 περιουσίας
1055 1661 1124 1708 ηὔ-

99 1720 193 1769 ξετο,
209 1721 300 1760 ἀλλὰ
311 1721 380 1760 Καὶ
398 1723 448 1773 τῷ
474 1719 557 1758 Λὼτ
572 1714 627 1768 ἦν,
644 1720 745 1773 φησὶ,
765 1720 928 1774 πρόὸατα
940 1751 950 1769 ,
961 1722 1021 1760 καὶ
1036 1722 1125 1773 βόες,

97 1783 158 1821 καὶ
177 1782 300 1830 κτήνη.
318 1781 422 1826 Ἴσως
440 1781 484 1819 τὰ
513 1781 574 1832 μὲν
601 1782 701 1825 αὐτὸς
714 1812 723 1829 ,
743 1781 926 1834 φιλότιμος
953 1782 1013 1831 ὢν,
1034 1784 1125 1822 ἐδω-

99 1850 190 1896 ρεῖτο
207 1846 258 1896 τῷ
278 1844 452 1896 ἀδελφιδῷ
465 1873 475 1890 ,
495 1842 539 1880 τὰ
568 1842 604 1881 δὲ
623 1843 683 1881 καὶ
703 1843 818 1896 ἕτεροι
839 1846 932 1896 αὐτῷ
958 1850 1126 1897 παρεῖχον

99 1904 157 1943 διὰ
181 1903 243 1951 τὴν
266 1907 313 1948 εἷς
343 1904 400 1942 τὸν
427 1904 652 1957 πατριάρχην
672 1905 792 1954 τιμήν.
824 1905 895 1944 Καὶ
915 1908 976 1944 οὐκ
1003 1906 1128 1960 ἐχώρει

99 1965 242 2013 αὐτοὺς,
266 1965 383 2017 φησὶν,
402 1969 424 2011 ἡ
453 1968 520 2016 γῆ,
546 1964 600 2003 ὅτι
632 1959 674 2012 ἦν
704 1965 748 2003 τὰ
775 1965 981 2019 ὑπάρχοντα
1016 1970 1128 2006 αὐτῶν

100 2026 226 2065 πολλά.
245 2025 342 2077 “0901
359 2027 399 2065 τὸ
417 2028 550 2071 πλῆθος
575 2028 637 2072 τῆς
667 2025 870 2077 περιουσίας
897 2029 1020 2071 εὐθέως
1051 2029 1128 2066 δια-

102 2086 258 2130 στάσεως
278 2086 388 2124 αἶτιον
409 2086 601 2137 γινόμενον,
619 2087 678 2124 καὶ
697 2087 760 2134 τὴν
791 2087 957 2140 διαίρεσιν
981 2089 1128 2141 ἐργαζό-

103 2163 217 2198 μενον,
239 2148 299 2185 καὶ
324 2147 388 2195 τὴν
409 2147 571 2198 ὁμόνοιαν
597 2147 798 2197 διακόπτον,
817 2149 878 2187 καὶ
909 2152 972 2196 τῆς
1004 2166 1128 2202 συγγε-

100 2208 194 2251 νείας
213 2209 269 2247 τὸν
292 2209 482 2259 σύνδεσμον
510 2210 675 2261 διαιροῦν.
698 2209 768 2247 Καὶ
787 2210 924 2261 ἐγένετο
943 2210 1042 2263 μάχη
1063 2210 1130 2248 ἀνὰ

103 2269 206 2318 μέσον
235 2271 303 2307 τῶν
335 2269 511 2319 ποιμένων
538 2272 606 2307 τῶν
639 2273 776 2315 κτηνῶν
808 2274 868 2308 τοῦ
889 2270 1028 2325 Ἄδραμ
1045 2271 1130 2320 ,καὶ

102 2330 168 2369 ἀνὰ
196 2329 299 2381 μέσον
318 2333 387 2368 τῶν
406 2330 582 2380 ποιμένων
599 2336 658 2370 τοῦ
678 2330 773 2370 Λώτ.
794 2333 841 2370 Οἱ
872 2332 906 2370 δὲ
936 2333 1128 2371 Χαναναῖοι

103 2390 162 2427 καὶ
176 2392 207 2429 οἱ
223 2391 411 2442 Φερεζαῖοι
429 2390 507 2430 τότε
526 2391 705 2444 κατῴκουν
723 2391 785 2440 τὴν
806 2395 883 2445 γ’ῆν.
905 2393 1039 2431 Σκόπει
1055 2396 1130 2437 πῶς

102 2453 134 2488 οἱ
151 2450 380 2502 προσήκοντες
394 2450 457 2498 τὴν
469 2451 582 2504 ἀρχὴν
598 2455 661 2499 τῆς
677 2453 893 2497 διαστάσεως
908 2455 1128 2507 ἐργάζονται.

105 2513 283 2550 Ἐντεῦθεν
303 2511 371 2564 γὰρ
403 2511 456 2550 ἀεὶ
489 2512 605 2552 πάντα
633 2513 756 2566 φύεται
779 2515 823 2553 τὰ
850 2515 944 2554 κακὰ
975 2515 1044 2554 ἀπὸ
1069 2519 1131 2562 τῆς

105 2575 174 2610 τῶν
199 2572 334 2610 οἰκείων
361 2572 565 2625 μοχθηρίας.
586 2573 747 2624 Ἐγένετο
773 2574 864 2628 γὰρ,
897 2576 1001 2628 φησὶ,
1030 2576 1129 2629 μάχη

1011 238 1095 267 GEN
1106 238 1172 267 ES-

1212 236 1368 266 noant.-
1405 235 1564 265 xxxlu.

2042 222 2129 284 387

1186 319 1450 366 solitudinem,
1475 332 1593 372 usque
1615 320 1668 357 ad
1693 319 1819 357 locum
1845 321 1908 356 ubi
1932 322 2134 372 priussui!

1187 381 1483 418 tabernaculum
1511 383 1605 432 ejus,
1631 382 1686 419 ad
1710 381 1835 419 locum
1865 381 2005 418 altaris
2033 384 2139 433 qnod

1174 442 1279 493 secit
1294 443 1348 479 ibi
1359 444 1563 494 principio,
1583 450 1619 480 et
1632 443 1827 480 invocavit
1843 455 1982 480 nomen
2001 442 2137 479 Domi-

1138 509 1162 538 C
1188 505 1229 538 ni
1250 503 1336 540 Dei.
1360 503 1500 554 Cogita,
1522 503 1681 548 obsecro,
1713 512 1884 554 quantum
1909 512 1986 541 erat
2009 503 2138 554 quietis

1185 570 1218 599 et
1236 563 1503 613 tranquillitatis
1516 573 1664 613 amator,
1676 573 1709 601 et
1730 564 1764 602 in
1778 563 1904 608 divino
1917 565 2014 602 cultu
2029 578 2136 616 quam

1185 621 1341 660 sedulus.
1368 623 1421 660 Ad
1445 637 1525 662 eum
1546 625 1639 662 enim
1662 626 1794 675 locum,
1817 626 1948 677 inquit,
1974 626 2134 674 accessit,

1184 681 1302 732 inquo
1316 683 1414 734 prius
1433 684 1543 721 altare
1555 685 1851 736 aediflcavcrat,ct
1867 687 1899 724 in
1921 701 1992 738 quo
2006 701 2134 725 nomen

1183 743 1329 780 Domini
1345 743 1582 783 invocaverat.
1604 748 1696 784 Ecce
1711 748 1785 799 jam
1807 749 1930 785 multis
1947 758 2048 786 antea
2070 762 2135 786 sae-

1183 803 1273 841 culis
1294 803 1458 857 implevit
1478 805 1543 843 hoc
1560 806 1654 857 quod
1675 817 1795 858 postea
1819 823 1838 845 a
1859 809 1979 847 David
2000 809 2136 847 (lictum

1183 874 1235 903 est
1253 881 1261 901 ε
1283 867 1400 919 Elegi
1414 869 1587 919 abjectus
1603 881 1684 905 esse
1699 871 1740 905 in
1754 870 1867 906 domo
1878 871 1954 907 Dei
1970 873 2044 907 mei
2058 885 2139 907 ma-
2156 878 2239 905 Psal.
2255 876 2306 905 83.

1182 930 1241 979 gis
1249 941 1367 979 quam
1377 929 1604 967 liabitarein
1614 931 1876 968 tabernaculis
1880 939 2139 982 peccatorum.
2154 927 2164 948 ¹
2176 927 2201 947 ¹·

1186 988 1351 1027 Solitudo
1365 989 1459 1027 enim
1472 999 1618 1042 propter
1630 990 1889 1030 invocationem
1905 993 2060 1031 nominis
2077 994 2141 1031 Dei

1188 1049 1322 1101 gratior
1347 1050 1378 1088 ei
1401 1059 1490 1102 erat,
1521 1065 1631 1102 quam
1657 1052 1831 1091 civitates.
1861 1053 2003 1091 Sciebat
2031 1055 2139 1101 enim,

1188 1111 1320 1149 sciebat
1348 1112 1482 1163 utiquc,
1506 1112 1662 1151 civitatis
1689 1113 1972 1165 magnitudmem
2001 1130 2069 1153 non
2099 1131 2144 1154 cx

1189 1172 1423 1212 aediliciorum
1439 1173 1718 1225 pulchritudine,
1728 1189 1839 1226 neque
1848 1190 1894 1213 ex
1907 1175 2038 1215 civium
2051 1176 2144 1214 mul-

1144 1248 1168 1278 1)
1190 1233 1344 1272 titudine
1362 1243 1521 1273 constare
1537 1251 1545 1271 :
1563 1234 1623 1273 sed
1639 1249 1684 1274 ex
1700 1236 1979 1275 inhabitantium
1994 1237 2142 1285 virtute,

1189 1304 1334 1347 propter
1353 1309 1462 1346 quam
1487 1297 1563 1349 ipsa
1588 1296 1743 1335 solitudo
1769 1297 1977 1337 civitatibus
2000 1298 2146 1351 dignior

1189 1355 1272 1401 suit,
1300 1370 1380 1407 qua:
1403 1357 1537 1396 virtute
1560 1357 1648 1410 justi
1672 1358 1879 1407 ornabatur,
1906 1368 1940 1397 et
1966 1359 2050 1397 orbe
2074 1369 2147 1398 toto

1190 1416 1367 1468 fulgidior
1401 1427 1488 1456 erat.
1524 1419 1561 1456 5.
1598 1421 1653 1457 Et
1686 1421 1771 1469 Lot,
1802 1419 1930 1471 inquit,
1965 1423 2031 1474 qui
2062 1436 2149 1460 cum

1192 1478 1345 1516 Abram
1357 1481 1453 1527 ibat,
1465 1489 1577 1519 erant
1590 1489 1626 1519 et
1637 1495 1740 1531 oves,
1752 1490 1788 1520 et
1798 1483 1926 1529 boves,
1941 1492 1976 1520 et
1988 1497 2130 1535 pecora
2136 1503 2149 1528 ;

1191 1541 1230 1578 6.
1251 1554 1374 1592 neque
1394 1543 1572 1593 capiebat
1589 1556 1652 1581 eos
1667 1551 1786 1590 terra,
1805 1552 1846 1582 ut
1864 1546 1981 1582 simul
1993 1546 2149 1583 liabita—

1191 1609 1290 1639 rent.
1310 1603 1413 1640 Erat
1426 1605 1564 1655 qnippe
1573 1605 1794 1642 substantia
1806 1619 1939 1643 eorum
1953 1607 2091 1654 multa,
2108 1615 2145 1644 et

1193 1676 1271 1699 non
1277 1671 1459 1714 poterant
1470 1665 1648 1702 habitare
1654 1666 1783 1703 simul.
1791 1666 1868 1704 Non
1878 1666 1992 1704 solum
2000 1668 2149 1719 patriar-

1192 1722 1266 1760 chae
1285 1722 1472 1762 facultates
1493 1733 1605 1762 auctae
1628 1733 1725 1775 sunt,
1747 1725 1810 1763 sed
1831 1728 1885 1764 Et
1904 1728 1991 1773 Lot,
2017 1727 2147 1778 inquit,

1191 1789 1304 1819 erant
1332 1795 1435 1830 oves,
1457 1790 1494 1820 et
1517 1784 1642 1831 boves,
1665 1792 1702 1822 et
1718 1798 1871 1836 pecora.
1895 1786 1999 1824 Forte
2020 1786 2151 1838 partim

1194 1840 1341 1889 Abram,
1364 1851 1488 1894 utpote
1503 1843 1673 1893 liberalis,
1686 1844 1748 1882 illa
1767 1846 1834 1883 Lot
1853 1846 1973 1884 fratris
1994 1847 2070 1885 filio
2083 1846 2149 1885 do-

1152 1915 1173 1945 Ε
1195 1911 1353 1950 naverat,
1369 1903 1502 1955 partim
1517 1903 1581 1941 alii
1600 1903 1772 1944 dederant
1785 1906 1819 1943 in
1840 1907 2053 1959 patriarchae
2070 1922 2151 1960 gra-

1194 1962 1293 2002 tiam.
1308 1965 1363 2001 Et
1385 1978 1463 2001 non
1480 1967 1672 2016 capiebat,
1692 1965 1820 2017 inquit,
1844 1981 1906 2005 eos
1927 1976 2047 2017 terra,
2067 1978 2152 2006 erat

1195 2026 1335 2076 quippe
1346 2027 1569 2063 substantia
1577 2040 1710 2064 eorum
1718 2028 1854 2066 multa.
1865 2028 1963 2067 Vide
1971 2030 2150 2080 quomodo

1194 2085 1405 2124 facultatum
1420 2087 1521 2139 copia
1537 2087 1656 2125 statim
1674 2101 1778 2125 causa
1798 2089 1864 2127 fuit
1885 2091 2116 2142 separationis
2140 2107 2146 2127 :

1195 2145 1411 2185 divisionem
1430 2148 1524 2186 enim
1544 2158 1721 2200 operatur,
1742 2151 1967 2188 concordiam
1988 2151 2150 2204 impedit,

1195 2216 1229 2246 et
1256 2208 1477 2260 cognationis
1497 2208 1684 2247 vinculum
1706 2210 1858 2249 dirimit.
1891 2212 1927 2250 7.
1957 2214 2011 2250 Et
2036 2215 2151 2266 sacta

1195 2278 1250 2308 est
1274 2283 1407 2322 pugna
1434 2272 1536 2308 inter
1554 2280 1729 2323 pastores
1751 2287 1932 2324 pecorum
1953 2274 2088 2321 Abrae,
2115 2285 2152 2313 et

1196 2333 1300 2368 inter
1307 2339 1485 2382 pastores
1501 2333 1588 2370 Lot.
1607 2334 1827 2371 Chananaei
1844 2344 1973 2372 autern
1989 2344 2026 2373 et
2044 2337 2152 2373 Phe-

1196 2395 1310 2430 rezaei
1327 2401 1418 2431 tunc
1436 2394 1714 2432 inhabitabant
1730 2403 1887 2433 terram.
1903 2397 2053 2435 Attende
2066 2411 2152 2448 quo-

1197 2451 1304 2491 modo
1317 2467 1442 2505 genere
1455 2453 1597 2505 cognati
1611 2454 1835 2494 discessionis
1847 2456 1991 2494 initium
2004 2457 2150 2496 faciunt.

1198 2513 1291 2552 Hinc
1309 2513 1404 2552 enim
1422 2528 1561 2566 semper
1582 2514 1701 2553 omnia
1726 2516 1818 2553 mala
1843 2517 2036 2569 pullulant,
2060 2532 2079 2554 a
2099 2518 2151 2554 sa—

1199 2574 1382 2612 mulorum
1415 2574 1586 2625 nequitia.
1624 2577 1752 2613 Facta
1783 2586 1839 2614 est
1872 2577 1980 2625 enim,
2017 2578 2148 2628 inquit,

107 2633 171 2670 ἀνὰ
193 2632 296 2683 μέσον
313 2636 381 2671 τῶν
401 2633 588 2684 ποιμένων.
605 2629 714 2674 Οὗτοί
734 2638 819 2674 εἰσιν
849 2638 880 2675 οἵ
909 2640 971 2683 τῆς
1002 2638 1131 2691 διαιρέ-
1141 2666 1189 2693 334
1197 2649 1329 2688 pugna
1351 2637 1452 2672 inter
1469 2644 1655 2687 pastores.
1676 2636 1721 2673 Hi
1747 2636 1976 2675 dissensionis
1995 2639 2150 2677 occasio-

107 2709 194 2736 σεως
210 2693 272 2741 τὴν
292 2693 453 2747 ἀφορμὴν
472 2695 705 2747 παρέχοντες,
723 2699 754 2735 οἱ
777 2697 839 2746 τὴν
867 2701 1030 2750 ὁμόνοιαν
1050 2700 1106 2737 δια
1119 2722 1131 2728 -
1153 2704 1179 2734 Α
1199 2710 1281 2734 nem
1302 2696 1546 2748 praebuerunt,
1568 2695 1593 2733 ii
1619 2696 1845 2734 concordiam
1868 2696 2101 2749 dirimebant,
2125 2699 2148 2736 ii

110 2756 284 2801 σπῶντες,
304 2757 335 2792 οἱ
345 2753 477 2801 πολλὴν
497 2755 560 2802 τὴν
575 2757 824 2808 ἀγνωμοσύνην
839 2759 1130 2811 ἐπιδεικνύμενοι.

108 2816 156 2852 Οἱ
175 2814 209 2851 δὲ
229 2815 422 2853 Χαναναῖοι
436 2815 494 2853 καὶ
514 2819 546 2854 οἱ
566 2818 752 2869 Φερεζαῖοι
773 2818 851 2858 τότε
867 2820 1047 2873 κατῴκουν
1067 2821 1129 2869 τὴν

108 2875 187 2924 γῆν.
202 2873 305 2917 Τίνος
323 2873 435 2912 ἕνεκεν
455 2878 539 2926 ἡμῖν
565 2883 665 2916 τοῦτο
691 2880 955 2931 ἐπεσημήνατο,
982 2883 1130 2931 Ἐπειδὴ

112 2928 218 2979 εἶπεν,
238 2933 291 2971 ὅτι
311 2935 389 2972 Οὐκ
414 2934 538 2988 ἐχώρει
563 2938 686 2983 αὐτοὺς
714 2943 736 2987 ἡ
763 2944 808 2993 γῆ
838 2949 1013 2981 κατοικεῖν
1035 2943 1131 2995 ἅμα,

113 2993 174 3040 τὴν
195 2994 308 3031 αἰτίαν
330 2997 423 3045 ἡμᾶς
439 2996 575 3041 διδάξαι
595 2999 762 3047 ἠθέλησεν
780 3005 802 3048 ἡ
823 3001 897 3040 θεία
918 3004 1062 3056 Γραφὴ,
1080 3004 1133 3042 ὅτι

114 3054 170 3093 διὰ
184 3058 283 3093 τοῦτο
298 3055 419 3099 αὐτοὺς
433 3059 495 3095 οὐκ
509 3058 632 3112 ἐχώρει
647 3090 657 3107 ,
676 3061 794 3108 ἐπειδὴ
814 3062 864 3100 ἔτι
880 3064 1135 3116 προκατείχετο

113 3114 181 3153 ὑπὸ
199 3115 328 3154 τούτων
345 3119 413 3154 τῶν
433 3121 550 3157 ἐθνῶν.
571 3120 662 3159 Ἀλλ’
683 3123 810 3173 ἴδωμεν
833 3127 893 3161 τοῦ
914 3125 1133 3178 πατριάρχου

114 3176 178 3222 τὴν
195 3176 348 3228 φιλόθεον
365 3179 521 3230 γνώμην,
539 3179 632 3225 ὅπως
654 3184 884 3222 καταστέλλει
899 3184 963 3231 τὴν
985 3185 1129 3235 μέλλου-

117 3251 180 3274 σαν
194 3235 398 3280 ἐξάπτεσθαι
412 3240 524 3292 πυρὰν
543 3241 599 3280 διὰ
615 3245 677 3289 τῆς
689 3243 817 3287 οἰκείας
833 3245 1031 3290 ἐπιεικείας.
1046 3242 1137 3286 Eira-s

118 3296 154 3333 δὲ
167 3325 176 3342 ,
196 3297 312 3348 φησὶν,
331 3296 469 3351 Ἄδραμ
484 3303 534 3353 τῷ
550 3301 633 3340 Λώτ
646 3319 653 3327 ·
669 3303 718 3354 μὴ
739 3303 828 3342 ἔστω
851 3306 950 3358 μάχη
982 3307 1046 3345 ἀνὰ
1070 3309 1136 3358 με’-

120 3371 178 3394 σον
198 3359 281 3407 ἐμοῦ
304 3359 362 3396 καὶ
387 3364 468 3410 σοῦ,
482 3362 541 3400 καὶ
567 3362 632 3401 ἀνὰ
652 3365 756 3414 μέσον
788 3368 856 3403 τῶν
876 3367 1051 3418 ποιμένων
1073 3385 1137 3419 μου

121 3417 178 3455 καὶ
193 3420 260 3455 τῶν
281 3419 454 3469 ποιμένων
473 3437 534 3460 σου
547 3453 556 3471 ,
570 3422 622 3460 ὅτι
639 3425 779 3476 ἀδελφοὶ
793 3428 894 3477 ἡμεῖς
912 3428 1028 3478 ἐσμεν.
1042 3428 1139 3480 ’Ὅρα

1198 2757 1348 2795 multam
1372 2771 1512 2794 morum
1537 2756 1802 2809 improbitatem
1826 2772 1899 2809 prae
1921 2773 1958 2796 se
1980 2760 2173 2799 ferebant„

1201 2819 1419 2856 Clzananoei
1435 2826 1563 2855 autem
1582 2826 1616 2855 et
1633 2819 1832 2855 Pherezaei
1845 2827 1936 2856 tunc
1955 2822 2153 2859 inhabita-

1201 2881 1295 2916 bant
1308 2887 1465 2916 terram.
1480 2878 1598 2924 Quare
1612 2877 1789 2915 nobishoc
1801 2878 2041 2929 significavit?
2054 2883 2153 2929 Quo-

1200 2940 1298 2978 niam
1318 2939 1471 2985 dixerat,
1491 2940 1581 2977 ]Von
1596 2940 1773 2990 capiebat
1790 2953 1852 2977 eos
1869 2949 1973 2979 terra
1988 2950 2029 2979 ut
2045 2944 2154 2980 habi-

1203 3008 1329 3039 tarent
1348 3000 1480 3046 simul,
1503 3013 1644 3037 causam
1663 3013 1805 3051 quoque
1823 2999 1950 3039 docere
1966 3002 2081 3040 voluit
2094 3004 2154 3041 di-

1204 3061 1284 3100 vina
1313 3061 1512 3113 Scriptura,
1540 3058 1618 3097 idco
1644 3073 1702 3097 eos
1735 3073 1859 3112 capere
1886 3076 1955 3099 non
1983 3063 2152 3115 potuisse,

1203 3121 1373 3172 quoniam
1385 3120 1503 3158 adhuc
1517 3135 1535 3157 a
1552 3119 1716 3171 gentibus
1730 3120 1802 3158 illis
1818 3133 2062 3175 praeoccupata
2071 3135 2156 3164 erat.

1205 3185 1342 3222 Verum
1357 3195 1419 3219 nos
1434 3180 1634 3232 religiosam
1649 3181 1858 3232 patriarcha:
1873 3192 2025 3222 mentem
2042 3186 2157 3224 videa-

1206 3257 1300 3292 mus,
1313 3241 1489 3293 quomodo
1499 3255 1560 3278 sua
1573 3241 1715 3278 lenitate
1729 3255 1939 3281 exarsurum
1955 3244 2158 3284 incendium

1207 3304 1413 3354 restinguat.
1433 3303 1469 3340 8.
1491 3303 1604 3339 Dixit
1622 3310 1765 3349 autem,
1790 3302 1916 3354 inquit,
1937 3304 2089 3343 Abram
2108 3309 2160 3344 ad

1164 3370 1185 3399 B
1211 3366 1281 3402 Lot
1304 3380 1313 3399 .-
1337 3378 1383 3401 ne
1402 3365 1450 3401 sit
1473 3366 1562 3400 rixa
1584 3365 1685 3401 inter
1703 3377 1763 3401 me
1780 3371 1817 3401 et
1838 3372 1887 3410 te,
1911 3374 1947 3402 et
1969 3367 2070 3404 inter
2087 3381 2158 3418 pa-

1211 3436 1330 3466 stores
1352 3439 1450 3463 meos
1470 3433 1506 3463 et
1528 3433 1626 3471 tuos,
1649 3425 1905 3476 qm'asratres
1926 3439 2054 3465 snmus
2076 3442 2156 3464 νιος.

1911 3483 1974 3516 2⁴5.
