<?xml version="1.0" encoding="UTF-8"?>
<!DOCTYPE html PUBLIC "-//W3C//DTD XHTML 1.0 Transitional//EN"
    "http://www.w3.org/TR/xhtml1/DTD/xhtml1-transitional.dtd">
<html xmlns="http://www.w3.org/1999/xhtml" xml:lang="en" lang="en">
 <head>
  <title>
</title>
<meta http-equiv="Content-Type" content="text/html;charset=utf-8" />
  <meta name='ocr-system' content='tesseract 3.04.00' />
  <meta name='ocr-capabilities' content='ocr_page ocr_carea ocr_par ocr_line ocrx_word'/>
</head>
<body>
  <div class='ocr_page' id='page_1' title='image "./operaomniaquaeex04johnuoft/operaomniaquaeex04johnuoft_0711.png"; bbox 0 0 2516 3791; ppageno 0'>
   <div class='ocr_carea' id='block_1_1' title="bbox 700 180 882 210">
    <p class='ocr_par' dir='ltr' id='par_1_1' title="bbox 700 180 882 210">
     <span class='ocr_line' id='line_1_1' title="bbox 700 180 882 210; baseline -0.011 0"><span class='ocrx_word' id='word_1_1' title='bbox 700 180 741 210; x_wconf 82' lang='grc' dir='ltr'>ΙΝ</span> <span class='ocrx_word' id='word_1_2' title='bbox 780 180 882 209; x_wconf 65' lang='grc' dir='ltr'><strong>(ἶᾹΡ.</strong></span> 
     </span>
    </p>
   </div>
   <div class='ocr_carea' id='block_1_2' title="bbox 109 257 1152 1302">
    <p class='ocr_par' dir='ltr' id='par_1_2' title="bbox 109 257 1152 1302">
     <span class='ocr_line' id='line_1_2' title="bbox 126 257 1152 332; baseline -0.008 -26"><span class='ocrx_word' id='word_1_3' title='bbox 126 266 260 313; x_wconf 69' lang='grc' dir='ltr'>ἔλαθεν,</span> <span class='ocrx_word' id='word_1_4' title='bbox 295 267 359 318; x_wconf 74' lang='grc' dir='ltr'>οὐχ</span> <span class='ocrx_word' id='word_1_5' title='bbox 394 266 447 304; x_wconf 81' lang='grc' dir='ltr'>ὅτι</span> <span class='ocrx_word' id='word_1_6' title='bbox 482 264 617 311; x_wconf 81' lang='grc' dir='ltr'><strong>οἰκέτης</strong></span> <span class='ocrx_word' id='word_1_7' title='bbox 650 257 692 311; x_wconf 74' lang='grc' dir='ltr'>ἦν</span> <span class='ocrx_word' id='word_1_8' title='bbox 725 263 852 305; x_wconf 83' lang='grc' dir='ltr'>ἐκεῖνος</span> <span class='ocrx_word' id='word_1_9' title='bbox 865 292 874 309; x_wconf 91' lang='grc'>,</span> <span class='ocrx_word' id='word_1_10' title='bbox 896 263 973 300; x_wconf 83' lang='grc' dir='ltr'>ἀλλ’</span> <span class='ocrx_word' id='word_1_11' title='bbox 1004 261 1071 300; x_wconf 83' lang='grc' dir='ltr'>ὑπὸ</span> <span class='ocrx_word' id='word_1_12' title='bbox 1091 261 1152 332; x_wconf 60' lang='grc' dir='ltr'>τῇς</span> 
     </span>
     <span class='ocr_line' id='line_1_3' title="bbox 125 324 1151 380; baseline -0.009 -14"><span class='ocrx_word' id='word_1_13' title='bbox 125 327 311 380; x_wconf 71' lang='grc' dir='ltr'>εὐμορφίας</span> <span class='ocrx_word' id='word_1_14' title='bbox 330 327 480 372; x_wconf 82' lang='grc' dir='ltr'>ἁλοῦσα,</span> <span class='ocrx_word' id='word_1_15' title='bbox 504 325 563 363; x_wconf 86' lang='grc' dir='ltr'>καὶ</span> <span class='ocrx_word' id='word_1_16' title='bbox 582 325 638 363; x_wconf 89' lang='grc' dir='ltr'>τὸν</span> <span class='ocrx_word' id='word_1_17' title='bbox 661 325 871 378; x_wconf 80' lang='grc' dir='ltr'>ἐμπρησμὸν</span> <span class='ocrx_word' id='word_1_18' title='bbox 890 324 948 364; x_wconf 82' lang='grc' dir='ltr'>τὸν</span> <span class='ocrx_word' id='word_1_19' title='bbox 965 336 1151 362; x_wconf 89' lang='grc' dir='ltr'>σατανικον</span> 
     </span>
     <span class='ocr_line' id='line_1_4' title="bbox 124 384 1150 440; baseline -0.006 -13"><span class='ocrx_word' id='word_1_20' title='bbox 124 388 289 440; x_wconf 80' lang='grc' dir='ltr'>δεξαμένη</span> <span class='ocrx_word' id='word_1_21' title='bbox 304 417 313 435; x_wconf 90' lang='grc'>,</span> <span class='ocrx_word' id='word_1_22' title='bbox 344 388 517 440; x_wconf 79' lang='grc' dir='ltr'>ἐπιπηδᾷν</span> <span class='ocrx_word' id='word_1_23' title='bbox 537 386 711 440; x_wconf 78' lang='grc' dir='ltr'>ἐπεχείρει</span> <span class='ocrx_word' id='word_1_24' title='bbox 730 387 850 425; x_wconf 83' lang='grc' dir='ltr'>λοιπὸν</span> <span class='ocrx_word' id='word_1_25' title='bbox 878 388 928 438; x_wconf 82' lang='grc' dir='ltr'>τῷ</span> <span class='ocrx_word' id='word_1_26' title='bbox 955 384 1126 435; x_wconf 81' lang='grc' dir='ltr'>νεανίσκῳ</span> <span class='ocrx_word' id='word_1_27' title='bbox 1140 412 1150 430; x_wconf 84' lang='grc'>,</span> 
     </span>
     <span class='ocr_line' id='line_1_5' title="bbox 121 445 1150 502; baseline -0.007 -13"><span class='ocrx_word' id='word_1_28' title='bbox 121 451 180 490; x_wconf 79' lang='grc' dir='ltr'>καὶ</span> <span class='ocrx_word' id='word_1_29' title='bbox 209 451 268 489; x_wconf 87' lang='grc' dir='ltr'>τὸν</span> <span class='ocrx_word' id='word_1_30' title='bbox 287 449 437 502; x_wconf 84' lang='grc' dir='ltr'>πονηρὸν</span> <span class='ocrx_word' id='word_1_31' title='bbox 458 452 578 488; x_wconf 75' lang='grc' dir='ltr'>τοῦτον</span> <span class='ocrx_word' id='word_1_32' title='bbox 606 448 772 500; x_wconf 76' lang='grc' dir='ltr'>λογισμὸν</span> <span class='ocrx_word' id='word_1_33' title='bbox 793 450 827 486; x_wconf 84' lang='grc' dir='ltr'>ἐν</span> <span class='ocrx_word' id='word_1_34' title='bbox 845 450 888 498; x_wconf 84' lang='grc' dir='ltr'>τῇ</span> <span class='ocrx_word' id='word_1_35' title='bbox 915 445 1048 495; x_wconf 82' lang='grc' dir='ltr'>διανοίᾳ</span> <span class='ocrx_word' id='word_1_36' title='bbox 1068 460 1150 484; x_wconf 91' lang='grc' dir='ltr'>συν-</span> 
     </span>
     <span class='ocr_line' id='line_1_6' title="bbox 119 506 1149 565; baseline -0.007 -14"><span class='ocrx_word' id='word_1_37' title='bbox 119 512 248 565; x_wconf 82' lang='grc' dir='ltr'>έχουσα</span> <span class='ocrx_word' id='word_1_38' title='bbox 261 540 271 557; x_wconf 91' lang='grc'>,</span> <span class='ocrx_word' id='word_1_39' title='bbox 298 512 418 563; x_wconf 85' lang='grc' dir='ltr'>καιρὸν</span> <span class='ocrx_word' id='word_1_40' title='bbox 441 510 600 557; x_wconf 78' lang='grc' dir='ltr'>ἐπεζήτει</span> <span class='ocrx_word' id='word_1_41' title='bbox 628 510 688 549; x_wconf 75' lang='grc' dir='ltr'>καὶ</span> <span class='ocrx_word' id='word_1_42' title='bbox 707 509 856 562; x_wconf 81' lang='grc' dir='ltr'>ἐρημίαν</span> <span class='ocrx_word' id='word_1_43' title='bbox 873 508 937 556; x_wconf 78' lang='grc' dir='ltr'>τὴν</span> <span class='ocrx_word' id='word_1_44' title='bbox 955 506 1149 560; x_wconf 71' lang='grc' dir='ltr'>δυναμένην</span> 
     </span>
     <span class='ocr_line' id='line_1_7' title="bbox 118 566 1150 627; baseline -0.005 -16"><span class='ocrx_word' id='word_1_45' title='bbox 118 576 204 625; x_wconf 66' lang='grc' dir='ltr'>αὐτῇ</span> <span class='ocrx_word' id='word_1_46' title='bbox 225 572 428 627; x_wconf 78' lang='grc' dir='ltr'>συμπρᾶξαι</span> <span class='ocrx_word' id='word_1_47' title='bbox 447 572 533 626; x_wconf 85' lang='grc' dir='ltr'>πρὸς</span> <span class='ocrx_word' id='word_1_48' title='bbox 551 571 614 620; x_wconf 79' lang='grc' dir='ltr'>τὴν</span> <span class='ocrx_word' id='word_1_49' title='bbox 639 571 842 624; x_wconf 87' lang='grc' dir='ltr'>παράνομον</span> <span class='ocrx_word' id='word_1_50' title='bbox 867 569 996 617; x_wconf 84' lang='grc' dir='ltr'>ταύτην</span> <span class='ocrx_word' id='word_1_51' title='bbox 1018 566 1150 620; x_wconf 81' lang='grc' dir='ltr'>ἐπιχεί-</span> 
     </span>
     <span class='ocr_line' id='line_1_8' title="bbox 119 630 1148 688; baseline -0.006 -14"><span class='ocrx_word' id='word_1_52' title='bbox 119 651 228 687; x_wconf 87' lang='grc' dir='ltr'>ρησιν.</span> <span class='ocrx_word' id='word_1_53' title='bbox 249 635 294 674; x_wconf 87' lang='lat' dir='ltr'>‘O</span> <span class='ocrx_word' id='word_1_54' title='bbox 312 634 348 675; x_wconf 84' lang='grc' dir='ltr'>δὲ</span> <span class='ocrx_word' id='word_1_55' title='bbox 361 666 372 682; x_wconf 88' lang='lat'>,</span> <span class='ocrx_word' id='word_1_56' title='bbox 393 635 509 688; x_wconf 76' lang='grc' dir='ltr'>φησὶν,</span> <span class='ocrx_word' id='word_1_57' title='bbox 536 637 598 673; x_wconf 86' lang='grc' dir='ltr'>οὐκ</span> <span class='ocrx_word' id='word_1_58' title='bbox 617 634 738 681; x_wconf 85' lang='grc' dir='ltr'>ἤθελεν</span> <span class='ocrx_word' id='word_1_59' title='bbox 752 649 759 657; x_wconf 94' lang='grc'><em>·</em></span> <span class='ocrx_word' id='word_1_60' title='bbox 781 635 843 672; x_wconf 85' lang='grc' dir='ltr'>οὐκ</span> <span class='ocrx_word' id='word_1_61' title='bbox 862 632 1017 672; x_wconf 84' lang='grc' dir='ltr'>ἐπείθετο</span> <span class='ocrx_word' id='word_1_62' title='bbox 1030 660 1041 679; x_wconf 92' lang='grc'>,</span> <span class='ocrx_word' id='word_1_63' title='bbox 1070 630 1148 669; x_wconf 78' lang='grc' dir='ltr'>οὐδὲ</span> 
     </span>
     <span class='ocr_line' id='line_1_9' title="bbox 116 691 1146 750; baseline -0.007 -14"><span class='ocrx_word' id='word_1_64' title='bbox 116 697 324 750; x_wconf 80' lang='grc' dir='ltr'>κατεδέχετο</span> <span class='ocrx_word' id='word_1_65' title='bbox 348 697 393 736; x_wconf 85' lang='grc' dir='ltr'>τὰ</span> <span class='ocrx_word' id='word_1_66' title='bbox 407 698 490 750; x_wconf 86' lang='grc' dir='ltr'>παρ’</span> <span class='ocrx_word' id='word_1_67' title='bbox 511 696 642 743; x_wconf 82' lang='grc' dir='ltr'>ἐκείνης</span> <span class='ocrx_word' id='word_1_68' title='bbox 660 694 814 748; x_wconf 82' lang='grc' dir='ltr'>ῥήματα.</span> <span class='ocrx_word' id='word_1_69' title='bbox 830 693 932 749; x_wconf 74' lang='grc' dir='ltr'>’ῌδει</span> <span class='ocrx_word' id='word_1_70' title='bbox 951 691 1020 745; x_wconf 81' lang='grc' dir='ltr'>γὰρ</span> <span class='ocrx_word' id='word_1_71' title='bbox 1038 691 1146 730; x_wconf 80' lang='grc' dir='ltr'>πολὺν</span> 
     </span>
     <span class='ocr_line' id='line_1_10' title="bbox 116 751 1145 811; baseline -0.007 -15"><span class='ocrx_word' id='word_1_72' title='bbox 116 760 210 810; x_wconf 79' lang='grc' dir='ltr'>αὐτῷ</span> <span class='ocrx_word' id='word_1_73' title='bbox 242 758 389 811; x_wconf 74' lang='grc' dir='ltr'>φέροντα</span> <span class='ocrx_word' id='word_1_74' title='bbox 424 757 482 796; x_wconf 85' lang='grc' dir='ltr'>τὸν</span> <span class='ocrx_word' id='word_1_75' title='bbox 514 757 652 809; x_wconf 77' lang='grc' dir='ltr'>ὄλεθρον</span> <span class='ocrx_word' id='word_1_76' title='bbox 664 772 672 780; x_wconf 90' lang='grc'><em>·</em></span> <span class='ocrx_word' id='word_1_77' title='bbox 707 755 767 794; x_wconf 75' lang='grc' dir='ltr'>καὶ</span> <span class='ocrx_word' id='word_1_78' title='bbox 799 757 838 794; x_wconf 83' lang='grc' dir='ltr'>οὐ</span> <span class='ocrx_word' id='word_1_79' title='bbox 868 753 972 805; x_wconf 89' lang='grc' dir='ltr'>μόνον</span> <span class='ocrx_word' id='word_1_80' title='bbox 1001 751 1046 791; x_wconf 75' lang='grc' dir='ltr'>τὰ</span> <span class='ocrx_word' id='word_1_81' title='bbox 1068 754 1145 790; x_wconf 85' lang='grc' dir='ltr'>καθ’</span> 
     </span>
     <span class='ocr_line' id='line_1_11' title="bbox 115 814 1143 866; baseline -0.006 -9"><span class='ocrx_word' id='word_1_82' title='bbox 115 820 236 858; x_wconf 81' lang='grc' dir='ltr'>ἑαυτὸν</span> <span class='ocrx_word' id='word_1_83' title='bbox 255 819 410 866; x_wconf 77' lang='grc' dir='ltr'>ἐσκόπει,</span> <span class='ocrx_word' id='word_1_84' title='bbox 429 817 520 857; x_wconf 83' lang='grc' dir='ltr'>ἀλλὰ</span> <span class='ocrx_word' id='word_1_85' title='bbox 534 816 687 864; x_wconf 78' lang='grc' dir='ltr'>σπουδὴν</span> <span class='ocrx_word' id='word_1_86' title='bbox 702 818 853 855; x_wconf 84' lang='grc' dir='ltr'>ἐποιεῖτο</span> <span class='ocrx_word' id='word_1_87' title='bbox 871 814 1050 860; x_wconf 82' lang='grc' dir='ltr'>κάκείνην,</span> <span class='ocrx_word' id='word_1_88' title='bbox 1066 816 1143 852; x_wconf 83' lang='grc' dir='ltr'>καθ’</span> 
     </span>
     <span class='ocr_line' id='line_1_12' title="bbox 113 874 1145 930; baseline -0.005 -11"><span class='ocrx_word' id='word_1_89' title='bbox 113 883 192 919; x_wconf 83' lang='grc' dir='ltr'>ὅσον</span> <span class='ocrx_word' id='word_1_90' title='bbox 211 875 281 920; x_wconf 74' lang='grc' dir='ltr'>οἶόν</span> <span class='ocrx_word' id='word_1_91' title='bbox 296 897 333 918; x_wconf 90' lang='grc' dir='ltr'>τε</span> <span class='ocrx_word' id='word_1_92' title='bbox 350 874 408 927; x_wconf 73' lang='grc' dir='ltr'>ἦν,</span> <span class='ocrx_word' id='word_1_93' title='bbox 425 879 623 924; x_wconf 79' lang='grc' dir='ltr'>ἀπαλλάξαι</span> <span class='ocrx_word' id='word_1_94' title='bbox 639 881 701 925; x_wconf 75' lang='grc' dir='ltr'>τῆς</span> <span class='ocrx_word' id='word_1_95' title='bbox 722 877 848 930; x_wconf 88' lang='grc' dir='ltr'>μανίας</span> <span class='ocrx_word' id='word_1_96' title='bbox 859 876 919 915; x_wconf 70' lang='grc' dir='ltr'>καὶ</span> <span class='ocrx_word' id='word_1_97' title='bbox 933 879 995 923; x_wconf 72' lang='grc' dir='ltr'>τῆς</span> <span class='ocrx_word' id='word_1_98' title='bbox 1014 875 1145 915; x_wconf 87' lang='grc' dir='ltr'>ἀτόπου</span> 
     </span>
     <span class='ocr_line' id='line_1_13' title="bbox 112 939 1143 992; baseline -0.003 -13"><span class='ocrx_word' id='word_1_99' title='bbox 112 941 240 989; x_wconf 82' lang='grc' dir='ltr'>ταύτης</span> <span class='ocrx_word' id='word_1_100' title='bbox 267 941 463 992; x_wconf 81' lang='grc' dir='ltr'>ἐπιθυμίας,</span> <span class='ocrx_word' id='word_1_101' title='bbox 486 941 555 980; x_wconf 74' lang='grc' dir='ltr'>Καὶ</span> <span class='ocrx_word' id='word_1_102' title='bbox 584 940 786 992; x_wconf 70' lang='grc' dir='ltr'>συμὸουλὴν</span> <span class='ocrx_word' id='word_1_103' title='bbox 803 942 888 991; x_wconf 83' lang='grc' dir='ltr'>αὐτῇ</span> <span class='ocrx_word' id='word_1_104' title='bbox 911 939 1042 990; x_wconf 81' lang='grc' dir='ltr'>εἰσάγει</span> <span class='ocrx_word' id='word_1_105' title='bbox 1061 941 1143 977; x_wconf 83' lang='grc' dir='ltr'>ἱκα-</span> 
     </span>
     <span class='ocr_line' id='line_1_14' title="bbox 111 999 1141 1053; baseline -0.002 -13"><span class='ocrx_word' id='word_1_106' title='bbox 111 1002 172 1050; x_wconf 77' lang='grc' dir='ltr'>νὴν</span> <span class='ocrx_word' id='word_1_107' title='bbox 193 1003 303 1050; x_wconf 72' lang='grc' dir='ltr'>αὐτὴν</span> <span class='ocrx_word' id='word_1_108' title='bbox 322 1003 548 1050; x_wconf 87' lang='grc' dir='ltr'>καταιδέσαι,</span> <span class='ocrx_word' id='word_1_109' title='bbox 568 1002 627 1041; x_wconf 73' lang='grc' dir='ltr'>καὶ</span> <span class='ocrx_word' id='word_1_110' title='bbox 646 1004 792 1049; x_wconf 74' lang='grc' dir='ltr'>ποιῆσαι</span> <span class='ocrx_word' id='word_1_111' title='bbox 810 1002 850 1041; x_wconf 85' lang='grc' dir='ltr'>τὸ</span> <span class='ocrx_word' id='word_1_112' title='bbox 866 999 1040 1053; x_wconf 69' lang='grc' dir='ltr'>συμφέρον</span> <span class='ocrx_word' id='word_1_113' title='bbox 1066 1003 1141 1039; x_wconf 83' lang='grc' dir='ltr'>ἐπι-</span> 
     </span>
     <span class='ocr_line' id='line_1_15' title="bbox 110 1058 1142 1118; baseline -0.003 -15"><span class='ocrx_word' id='word_1_114' title='bbox 110 1068 250 1116; x_wconf 85' lang='grc' dir='ltr'>γνῶναι.</span> <span class='ocrx_word' id='word_1_115' title='bbox 273 1058 360 1104; x_wconf 61' lang='lat' dir='ltr'>Eine</span> <span class='ocrx_word' id='word_1_116' title='bbox 375 1065 443 1118; x_wconf 86' lang='grc' dir='ltr'>γὰρ</span> <span class='ocrx_word' id='word_1_117' title='bbox 455 1095 465 1112; x_wconf 92' lang='grc'>,</span> <span class='ocrx_word' id='word_1_118' title='bbox 483 1064 568 1117; x_wconf 72' lang='grc' dir='ltr'>φησὶ</span> <span class='ocrx_word' id='word_1_119' title='bbox 579 1094 593 1112; x_wconf 93' lang='lat'><em>‚</em></span> <span class='ocrx_word' id='word_1_120' title='bbox 609 1067 653 1116; x_wconf 82' lang='grc' dir='ltr'>τῇ</span> <span class='ocrx_word' id='word_1_121' title='bbox 667 1063 804 1116; x_wconf 77' lang='grc' dir='ltr'>γυναικὶ</span> <span class='ocrx_word' id='word_1_122' title='bbox 821 1067 880 1102; x_wconf 79' lang='grc' dir='ltr'>τοῦ</span> <span class='ocrx_word' id='word_1_123' title='bbox 899 1062 1017 1115; x_wconf 86' lang='grc' dir='ltr'>κυρίου</span> <span class='ocrx_word' id='word_1_124' title='bbox 1037 1065 1142 1100; x_wconf 80' lang='grc' dir='ltr'>αὐτοῦ</span> 
     </span>
     <span class='ocr_line' id='line_1_16' title="bbox 111 1124 1142 1181; baseline -0.004 -15"><span class='ocrx_word' id='word_1_125' title='bbox 111 1130 151 1174; x_wconf 84' lang='grc' dir='ltr'>(ἡ</span> <span class='ocrx_word' id='word_1_126' title='bbox 171 1126 336 1166; x_wconf 84' lang='grc' dir='ltr'>δέσποινα</span> <span class='ocrx_word' id='word_1_127' title='bbox 350 1127 447 1181; x_wconf 81' lang='grc' dir='ltr'>παρὰ</span> <span class='ocrx_word' id='word_1_128' title='bbox 465 1131 525 1166; x_wconf 78' lang='grc' dir='ltr'>τοῦ</span> <span class='ocrx_word' id='word_1_129' title='bbox 546 1126 668 1165; x_wconf 86' lang='grc' dir='ltr'>δούλου</span> <span class='ocrx_word' id='word_1_130' title='bbox 688 1125 889 1176; x_wconf 71' lang='grc' dir='ltr'>συμὸουλὴν</span> <span class='ocrx_word' id='word_1_131' title='bbox 905 1124 1046 1178; x_wconf 76' lang='grc' dir='ltr'>δέχεται</span> <span class='ocrx_word' id='word_1_132' title='bbox 1059 1128 1072 1173; x_wconf 93' lang='grc'>)</span> <span class='ocrx_word' id='word_1_133' title='bbox 1085 1140 1093 1148; x_wconf 90' lang='grc'><em>·</em></span> <span class='ocrx_word' id='word_1_134' title='bbox 1112 1127 1142 1163; x_wconf 82' lang='grc' dir='ltr'>εἰ</span> 
     </span>
     <span class='ocr_line' id='line_1_17' title="bbox 110 1185 1140 1242; baseline -0.004 -15"><span class='ocrx_word' id='word_1_135' title='bbox 110 1192 128 1227; x_wconf 84' lang='grc' dir='ltr'>ὃ</span> <span class='ocrx_word' id='word_1_136' title='bbox 146 1189 262 1242; x_wconf 83' lang='grc' dir='ltr'>κύριός</span> <span class='ocrx_word' id='word_1_137' title='bbox 292 1206 357 1240; x_wconf 88' lang='grc' dir='ltr'>μου</span> <span class='ocrx_word' id='word_1_138' title='bbox 390 1191 429 1229; x_wconf 82' lang='grc' dir='ltr'>οὗ</span> <span class='ocrx_word' id='word_1_139' title='bbox 459 1188 624 1242; x_wconf 81' lang='grc' dir='ltr'>γινώσκει</span> <span class='ocrx_word' id='word_1_140' title='bbox 652 1190 695 1227; x_wconf 82' lang='grc' dir='ltr'>δι’</span> <span class='ocrx_word' id='word_1_141' title='bbox 730 1187 791 1239; x_wconf 77' lang='grc' dir='ltr'>ἐμὲ</span> <span class='ocrx_word' id='word_1_142' title='bbox 825 1185 921 1226; x_wconf 81' lang='grc' dir='ltr'>οὐδὲν</span> <span class='ocrx_word' id='word_1_143' title='bbox 941 1189 1010 1225; x_wconf 84' lang='grc' dir='ltr'>τῶν</span> <span class='ocrx_word' id='word_1_144' title='bbox 1035 1187 1071 1224; x_wconf 81' lang='grc' dir='ltr'>ἐν</span> <span class='ocrx_word' id='word_1_145' title='bbox 1090 1188 1140 1238; x_wconf 85' lang='grc' dir='ltr'>τῷ</span> 
     </span>
     <span class='ocr_line' id='line_1_18' title="bbox 109 1248 1138 1302; baseline -0.003 -14"><span class='ocrx_word' id='word_1_146' title='bbox 109 1251 194 1302; x_wconf 87' lang='grc' dir='ltr'>οἴκῳ</span> <span class='ocrx_word' id='word_1_147' title='bbox 212 1256 227 1272; x_wconf 69' lang='lat'><em>³</em></span> <span class='ocrx_word' id='word_1_148' title='bbox 240 1253 361 1298; x_wconf 79' lang='grc' dir='ltr'>αὐτοῦ,</span> <span class='ocrx_word' id='word_1_149' title='bbox 380 1251 471 1290; x_wconf 83' lang='grc' dir='ltr'>ἀλλὰ</span> <span class='ocrx_word' id='word_1_150' title='bbox 500 1250 616 1289; x_wconf 87' lang='grc' dir='ltr'>πάντα</span> <span class='ocrx_word' id='word_1_151' title='bbox 648 1249 713 1289; x_wconf 76' lang='grc' dir='ltr'>ὅσα</span> <span class='ocrx_word' id='word_1_152' title='bbox 739 1249 832 1288; x_wconf 79' lang='grc' dir='ltr'>ἐστὶν</span> <span class='ocrx_word' id='word_1_153' title='bbox 852 1249 947 1301; x_wconf 79' lang='grc' dir='ltr'>αὐτῷ</span> <span class='ocrx_word' id='word_1_154' title='bbox 959 1277 969 1295; x_wconf 90' lang='grc'>,</span> <span class='ocrx_word' id='word_1_155' title='bbox 990 1248 1138 1286; x_wconf 83' lang='grc' dir='ltr'>δέδωκεν</span> 
     </span>
    </p>
   </div>
   <div class='ocr_carea' id='block_1_3' title="bbox 923 175 1285 208">
    <p class='ocr_par' dir='ltr' id='par_1_3' title="bbox 923 175 1285 208">
     <span class='ocr_line' id='line_1_19' title="bbox 923 175 1285 208; baseline -0.011 0"><span class='ocrx_word' id='word_1_156' title='bbox 923 179 1082 208; x_wconf 72' lang='lat' dir='ltr'>xxxix.</span> <span class='ocrx_word' id='word_1_157' title='bbox 1122 175 1285 205; x_wconf 63' lang='lat' dir='ltr'>Gumis.</span> 
     </span>
    </p>
   </div>
   <div class='ocr_carea' id='block_1_4' title="bbox 108 1308 1152 1365">
    <p class='ocr_par' dir='ltr' id='par_1_4' title="bbox 108 1308 1152 1365">
     <span class='ocr_line' id='line_1_20' title="bbox 108 1308 1152 1365; baseline -0.003 -15"><span class='ocrx_word' id='word_1_158' title='bbox 108 1314 155 1356; x_wconf 86' lang='grc' dir='ltr'>εἷς</span> <span class='ocrx_word' id='word_1_159' title='bbox 185 1311 247 1356; x_wconf 84' lang='grc' dir='ltr'>τὰς</span> <span class='ocrx_word' id='word_1_160' title='bbox 278 1313 398 1365; x_wconf 82' lang='grc' dir='ltr'>χεῖράς</span> <span class='ocrx_word' id='word_1_161' title='bbox 426 1328 504 1363; x_wconf 86' lang='grc' dir='ltr'>μου.</span> <span class='ocrx_word' id='word_1_162' title='bbox 523 1312 572 1351; x_wconf 83' lang='grc' dir='ltr'><em>Ὠ</em></span> <span class='ocrx_word' id='word_1_163' title='bbox 594 1310 856 1363; x_wconf 80' lang='grc' dir='ltr'>εὐγνωμοσύνης</span> <span class='ocrx_word' id='word_1_164' title='bbox 888 1309 1020 1361; x_wconf 76' lang='grc' dir='ltr'>ἀνδρός.</span> <span class='ocrx_word' id='word_1_165' title='bbox 1042 1308 1152 1361; x_wconf 77' lang='lat' dir='ltr'>‘&#39;Opot&#39;</span> 
     </span>
    </p>
   </div>
   <div class='ocr_carea' id='block_1_5' title="bbox 107 1371 1137 1426">
    <p class='ocr_par' dir='ltr' id='par_1_5' title="bbox 107 1371 1137 1426">
     <span class='ocr_line' id='line_1_21' title="bbox 107 1371 1137 1426; baseline -0.002 -15"><span class='ocrx_word' id='word_1_166' title='bbox 107 1376 181 1417; x_wconf 81' lang='grc' dir='ltr'>πῶς</span> <span class='ocrx_word' id='word_1_167' title='bbox 200 1376 452 1426; x_wconf 87' lang='grc' dir='ltr'>ἀπαριθμεῖται</span> <span class='ocrx_word' id='word_1_168' title='bbox 476 1377 536 1413; x_wconf 78' lang='grc' dir='ltr'>τοῦ</span> <span class='ocrx_word' id='word_1_169' title='bbox 564 1372 731 1412; x_wconf 85' lang='grc' dir='ltr'>δεσπότου</span> <span class='ocrx_word' id='word_1_170' title='bbox 758 1372 820 1415; x_wconf 86' lang='grc' dir='ltr'>τὰς</span> <span class='ocrx_word' id='word_1_171' title='bbox 844 1372 1060 1423; x_wconf 75' lang='grc' dir='ltr'>εὐεργεσίας,</span> <span class='ocrx_word' id='word_1_172' title='bbox 1079 1371 1137 1410; x_wconf 83' lang='grc' dir='ltr'>ἵνα</span> 
     </span>
    </p>
   </div>
   <div class='ocr_carea' id='block_1_6' title="bbox 1150 1414 1199 1439">
    <p class='ocr_par' dir='ltr' id='par_1_6' title="bbox 1150 1414 1199 1439">
     <span class='ocr_line' id='line_1_22' title="bbox 1150 1414 1199 1439; baseline 0.041 -2"><span class='ocrx_word' id='word_1_173' title='bbox 1150 1414 1199 1439; x_wconf 72' lang='lat'>597</span> 
     </span>
    </p>
   </div>
   <div class='ocr_carea' id='block_1_7' title="bbox 1212 178 2182 1440">
    <p class='ocr_par' dir='ltr' id='par_1_7' title="bbox 1212 178 2182 1440">
     <span class='ocr_line' id='line_1_23' title="bbox 1326 178 2169 242; baseline 0.019 -35"><span class='ocrx_word' id='word_1_174' title='bbox 1326 178 1481 210; x_wconf 69' lang='lat' dir='ltr'>uomit„</span> <span class='ocrx_word' id='word_1_175' title='bbox 1518 183 1626 215; x_wconf 68' lang='lat' dir='ltr'>Lxu,</span> <span class='ocrx_word' id='word_1_176' title='bbox 2086 178 2169 242; x_wconf 70' lang='lat'>‘39¹</span> 
     </span>
     <span class='ocr_line' id='line_1_24' title="bbox 1226 267 2180 336; baseline 0.019 -32"><span class='ocrx_word' id='word_1_177' title='bbox 1226 267 1443 310; x_wconf 78' lang='lat' dir='ltr'>formositate</span> <span class='ocrx_word' id='word_1_178' title='bbox 1453 283 1567 326; x_wconf 88' lang='lat' dir='ltr'>capta,</span> <span class='ocrx_word' id='word_1_179' title='bbox 1585 285 1618 315; x_wconf 85' lang='lat' dir='ltr'>et</span> <span class='ocrx_word' id='word_1_180' title='bbox 1628 277 1808 318; x_wconf 86' lang='lat' dir='ltr'>diabolico</span> <span class='ocrx_word' id='word_1_181' title='bbox 1825 280 1987 321; x_wconf 88' lang='lat' dir='ltr'>incendio</span> <span class='ocrx_word' id='word_1_182' title='bbox 2006 294 2180 336; x_wconf 77' lang='lat' dir='ltr'>suscepto,</span> 
     </span>
     <span class='ocr_line' id='line_1_25' title="bbox 1226 328 2181 397; baseline 0.019 -31"><span class='ocrx_word' id='word_1_183' title='bbox 1226 328 1445 382; x_wconf 75' lang='lat' dir='ltr'>injuvenem</span> <span class='ocrx_word' id='word_1_184' title='bbox 1480 345 1601 388; x_wconf 86' lang='lat' dir='ltr'>postea</span> <span class='ocrx_word' id='word_1_185' title='bbox 1630 338 1767 379; x_wconf 89' lang='lat' dir='ltr'>insilire</span> <span class='ocrx_word' id='word_1_186' title='bbox 1806 351 1940 381; x_wconf 88' lang='lat' dir='ltr'>tentat:</span> <span class='ocrx_word' id='word_1_187' title='bbox 1981 344 2181 397; x_wconf 85' lang='lat' dir='ltr'>malamque</span> 
     </span>
     <span class='ocr_line' id='line_1_26' title="bbox 1224 390 2181 460; baseline 0.018 -32"><span class='ocrx_word' id='word_1_188' title='bbox 1224 390 1325 431; x_wconf 89' lang='lat' dir='ltr'>illam</span> <span class='ocrx_word' id='word_1_189' title='bbox 1357 396 1610 447; x_wconf 74' lang='lat' dir='ltr'>cogitationem</span> <span class='ocrx_word' id='word_1_190' title='bbox 1646 401 1681 440; x_wconf 87' lang='lat' dir='ltr'>in</span> <span class='ocrx_word' id='word_1_191' title='bbox 1715 412 1833 442; x_wconf 90' lang='lat' dir='ltr'>mente</span> <span class='ocrx_word' id='word_1_192' title='bbox 1854 419 2011 454; x_wconf 85' lang='lat' dir='ltr'>servans,</span> <span class='ocrx_word' id='word_1_193' title='bbox 2043 416 2181 460; x_wconf 72' lang='lat' dir='ltr'>tempus</span> 
     </span>
     <span class='ocr_line' id='line_1_27' title="bbox 1224 452 2180 519; baseline 0.019 -30"><span class='ocrx_word' id='word_1_194' title='bbox 1224 452 1426 505; x_wconf 81' lang='lat' dir='ltr'>inquirebat</span> <span class='ocrx_word' id='word_1_195' title='bbox 1457 468 1490 497; x_wconf 93' lang='lat' dir='ltr'>et</span> <span class='ocrx_word' id='word_1_196' title='bbox 1512 461 1756 514; x_wconf 78' lang='lat' dir='ltr'>solitudinem,</span> <span class='ocrx_word' id='word_1_197' title='bbox 1773 480 1852 516; x_wconf 79' lang='lat' dir='ltr'>quoe</span> <span class='ocrx_word' id='word_1_198' title='bbox 1881 476 2021 519; x_wconf 83' lang='lat' dir='ltr'>possent</span> <span class='ocrx_word' id='word_1_199' title='bbox 2041 468 2071 505; x_wconf 90' lang='lat' dir='ltr'>ci</span> <span class='ocrx_word' id='word_1_200' title='bbox 2103 484 2180 507; x_wconf 86' lang='lat' dir='ltr'>coo-</span> 
     </span>
     <span class='ocr_line' id='line_1_28' title="bbox 1223 516 2182 568; baseline 0.018 -17"><span class='ocrx_word' id='word_1_201' title='bbox 1223 516 1341 567; x_wconf 86' lang='lat' dir='ltr'>perari</span> <span class='ocrx_word' id='word_1_202' title='bbox 1357 517 1402 555; x_wconf 92' lang='lat' dir='ltr'>ad</span> <span class='ocrx_word' id='word_1_203' title='bbox 1423 518 1593 560; x_wconf 90' lang='lat' dir='ltr'>illicitum</span> <span class='ocrx_word' id='word_1_204' title='bbox 1611 538 1716 563; x_wconf 89' lang='lat' dir='ltr'>suum</span> <span class='ocrx_word' id='word_1_205' title='bbox 1733 535 1909 565; x_wconf 88' lang='lat' dir='ltr'>conatum.</span> <span class='ocrx_word' id='word_1_206' title='bbox 1945 530 2085 567; x_wconf 85' lang='lat' dir='ltr'>Verum</span> <span class='ocrx_word' id='word_1_207' title='bbox 2114 531 2182 568; x_wconf 76' lang='lat' dir='ltr'>ille</span> 
     </span>
     <span class='ocr_line' id='line_1_29' title="bbox 1224 576 2180 638; baseline 0.02 -27"><span class='ocrx_word' id='word_1_208' title='bbox 1224 576 1349 614; x_wconf 79' lang='lat' dir='ltr'>noluit</span> <span class='ocrx_word' id='word_1_209' title='bbox 1367 593 1378 614; x_wconf 92' lang='grc'>.·</span> <span class='ocrx_word' id='word_1_210' title='bbox 1400 593 1514 631; x_wconf 89' lang='lat' dir='ltr'>neque</span> <span class='ocrx_word' id='word_1_211' title='bbox 1535 584 1666 635; x_wconf 85' lang='lat' dir='ltr'>paruit,</span> <span class='ocrx_word' id='word_1_212' title='bbox 1701 599 1813 638; x_wconf 87' lang='lat' dir='ltr'>neque</span> <span class='ocrx_word' id='word_1_213' title='bbox 1840 589 1947 627; x_wconf 76' lang='lat' dir='ltr'>verba</span> <span class='ocrx_word' id='word_1_214' title='bbox 1982 589 2080 629; x_wconf 91' lang='lat' dir='ltr'>illius</span> <span class='ocrx_word' id='word_1_215' title='bbox 2102 606 2180 629; x_wconf 90' lang='lat' dir='ltr'>sus-</span> 
     </span>
     <span class='ocr_line' id='line_1_30' title="bbox 1221 638 2179 703; baseline 0.018 -28"><span class='ocrx_word' id='word_1_216' title='bbox 1221 638 1326 690; x_wconf 87' lang='lat' dir='ltr'>cepit.</span> <span class='ocrx_word' id='word_1_217' title='bbox 1341 639 1484 680; x_wconf 84' lang='lat' dir='ltr'>Sciebat</span> <span class='ocrx_word' id='word_1_218' title='bbox 1499 644 1593 682; x_wconf 87' lang='lat' dir='ltr'>enim</span> <span class='ocrx_word' id='word_1_219' title='bbox 1609 645 1694 685; x_wconf 87' lang='lat' dir='ltr'>binc</span> <span class='ocrx_word' id='word_1_220' title='bbox 1708 648 1776 686; x_wconf 89' lang='lat' dir='ltr'>sibi</span> <span class='ocrx_word' id='word_1_221' title='bbox 1797 663 1963 702; x_wconf 81' lang='lat' dir='ltr'>magnam</span> <span class='ocrx_word' id='word_1_222' title='bbox 1987 653 2179 703; x_wconf 83' lang='lat' dir='ltr'>perniciem</span> 
     </span>
     <span class='ocr_line' id='line_1_31' title="bbox 1222 701 2179 764; baseline 0.017 -28"><span class='ocrx_word' id='word_1_223' title='bbox 1222 701 1339 738; x_wconf 81' lang='lat' dir='ltr'>enasci</span> <span class='ocrx_word' id='word_1_224' title='bbox 1367 711 1429 741; x_wconf 88' lang='lat' dir='ltr'>:et</span> <span class='ocrx_word' id='word_1_225' title='bbox 1457 718 1524 742; x_wconf 90' lang='lat' dir='ltr'>non</span> <span class='ocrx_word' id='word_1_226' title='bbox 1558 706 1675 745; x_wconf 89' lang='lat' dir='ltr'>solum</span> <span class='ocrx_word' id='word_1_227' title='bbox 1699 723 1755 746; x_wconf 91' lang='lat' dir='ltr'>res</span> <span class='ocrx_word' id='word_1_228' title='bbox 1787 724 1869 748; x_wconf 90' lang='lat' dir='ltr'>suas</span> <span class='ocrx_word' id='word_1_229' title='bbox 1896 713 2090 764; x_wconf 80' lang='lat' dir='ltr'>spectabat,</span> <span class='ocrx_word' id='word_1_230' title='bbox 2117 714 2179 752; x_wconf 88' lang='lat' dir='ltr'>sed</span> 
     </span>
     <span class='ocr_line' id='line_1_32' title="bbox 1221 761 2180 823; baseline 0.015 -27"><span class='ocrx_word' id='word_1_231' title='bbox 1221 772 1367 811; x_wconf 81' lang='lat' dir='ltr'>operam</span> <span class='ocrx_word' id='word_1_232' title='bbox 1389 761 1498 801; x_wconf 87' lang='lat' dir='ltr'>dabat</span> <span class='ocrx_word' id='word_1_233' title='bbox 1525 773 1563 801; x_wconf 93' lang='lat' dir='ltr'>ut</span> <span class='ocrx_word' id='word_1_234' title='bbox 1590 774 1624 802; x_wconf 92' lang='lat' dir='ltr'>et</span> <span class='ocrx_word' id='word_1_235' title='bbox 1658 765 1774 813; x_wconf 90' lang='lat' dir='ltr'>illam,</span> <span class='ocrx_word' id='word_1_236' title='bbox 1803 778 1977 819; x_wconf 80' lang='lat' dir='ltr'>quantuni</span> <span class='ocrx_word' id='word_1_237' title='bbox 2010 772 2180 823; x_wconf 81' lang='lat' dir='ltr'>possibile</span> 
     </span>
     <span class='ocr_line' id='line_1_33' title="bbox 1220 823 2177 878; baseline 0.015 -20"><span class='ocrx_word' id='word_1_238' title='bbox 1220 830 1306 871; x_wconf 88' lang='lat' dir='ltr'>erat,</span> <span class='ocrx_word' id='word_1_239' title='bbox 1322 823 1368 861; x_wconf 90' lang='lat' dir='ltr'>ab</span> <span class='ocrx_word' id='word_1_240' title='bbox 1386 823 1522 863; x_wconf 86' lang='lat' dir='ltr'>insania</span> <span class='ocrx_word' id='word_1_241' title='bbox 1544 826 1611 864; x_wconf 87' lang='lat' dir='ltr'>hac</span> <span class='ocrx_word' id='word_1_242' title='bbox 1631 826 1814 878; x_wconf 86' lang='lat' dir='ltr'>liberaret,</span> <span class='ocrx_word' id='word_1_243' title='bbox 1837 839 1870 867; x_wconf 90' lang='lat' dir='ltr'>et</span> <span class='ocrx_word' id='word_1_244' title='bbox 1891 830 1937 869; x_wconf 84' lang='lat' dir='ltr'>ab</span> <span class='ocrx_word' id='word_1_245' title='bbox 1955 831 2080 871; x_wconf 90' lang='lat' dir='ltr'>illicita</span> <span class='ocrx_word' id='word_1_246' title='bbox 2111 834 2177 872; x_wconf 86' lang='lat' dir='ltr'>ista</span> 
     </span>
     <span class='ocr_line' id='line_1_34' title="bbox 1219 884 2176 946; baseline 0.014 -26"><span class='ocrx_word' id='word_1_247' title='bbox 1219 884 1505 937; x_wconf 86' lang='lat' dir='ltr'>concupiscentia</span> <span class='ocrx_word' id='word_1_248' title='bbox 1528 903 1535 924; x_wconf 92' lang='lat'><strong>:</strong></span> <span class='ocrx_word' id='word_1_249' title='bbox 1561 897 1668 940; x_wconf 88' lang='lat' dir='ltr'>atque</span> <span class='ocrx_word' id='word_1_250' title='bbox 1683 890 1871 930; x_wconf 88' lang='lat' dir='ltr'>consilium</span> <span class='ocrx_word' id='word_1_251' title='bbox 1889 892 1919 930; x_wconf 89' lang='lat' dir='ltr'>ei</span> <span class='ocrx_word' id='word_1_252' title='bbox 1940 894 2055 943; x_wconf 78' lang='lat' dir='ltr'>affert,</span> <span class='ocrx_word' id='word_1_253' title='bbox 2079 895 2176 946; x_wconf 88' lang='lat' dir='ltr'>quod</span> 
     </span>
     <span class='ocr_line' id='line_1_35' title="bbox 1219 945 2177 1005; baseline 0.015 -23"><span class='ocrx_word' id='word_1_254' title='bbox 1219 945 1420 985; x_wconf 82' lang='lat' dir='ltr'>sufficiebat</span> <span class='ocrx_word' id='word_1_255' title='bbox 1446 948 1476 986; x_wconf 88' lang='lat' dir='ltr'>ei</span> <span class='ocrx_word' id='word_1_256' title='bbox 1509 958 1548 987; x_wconf 87' lang='lat' dir='ltr'>ut</span> <span class='ocrx_word' id='word_1_257' title='bbox 1575 950 1786 1004; x_wconf 85' lang='lat' dir='ltr'>pudcfieret,</span> <span class='ocrx_word' id='word_1_258' title='bbox 1816 963 1849 992; x_wconf 87' lang='lat' dir='ltr'>et</span> <span class='ocrx_word' id='word_1_259' title='bbox 1868 954 1958 1005; x_wconf 81' lang='lat' dir='ltr'>quid</span> <span class='ocrx_word' id='word_1_260' title='bbox 1986 956 2055 994; x_wconf 85' lang='lat' dir='ltr'>sibi</span> <span class='ocrx_word' id='word_1_261' title='bbox 2088 968 2177 996; x_wconf 77' lang='lat' dir='ltr'>esset</span> 
     </span>
     <span class='ocr_line' id='line_1_36' title="bbox 1218 1008 2174 1070; baseline 0.014 -26"><span class='ocrx_word' id='word_1_262' title='bbox 1218 1008 1447 1060; x_wconf 87' lang='lat' dir='ltr'>profuturum</span> <span class='ocrx_word' id='word_1_263' title='bbox 1463 1015 1699 1062; x_wconf 80' lang='lat' dir='ltr'>cognosceret.</span> <span class='ocrx_word' id='word_1_264' title='bbox 1723 1016 1760 1052; x_wconf 79' lang='lat'>8.</span> <span class='ocrx_word' id='word_1_265' title='bbox 1775 1016 1890 1054; x_wconf 60' lang='lat' dir='ltr'>Dia-it</span> <span class='ocrx_word' id='word_1_266' title='bbox 1909 1020 2026 1064; x_wconf 83' lang='lat' dir='ltr'>enim,</span> <span class='ocrx_word' id='word_1_267' title='bbox 2046 1018 2174 1070; x_wconf 87' lang='lat' dir='ltr'>inquit,</span> 
     </span>
     <span class='ocr_line' id='line_1_37' title="bbox 1219 1072 2174 1123; baseline 0.014 -17"><span class='ocrx_word' id='word_1_268' title='bbox 1219 1072 1497 1110; x_wconf 79' lang='lat' dir='ltr'>u.roridorni71i</span> <span class='ocrx_word' id='word_1_269' title='bbox 1528 1077 1589 1111; x_wconf 82' lang='lat' dir='ltr'>sui</span> <span class='ocrx_word' id='word_1_270' title='bbox 1620 1074 1779 1123; x_wconf 88' lang='lat' dir='ltr'>(domina</span> <span class='ocrx_word' id='word_1_271' title='bbox 1799 1091 1818 1115; x_wconf 86' lang='lat' dir='ltr'>a</span> <span class='ocrx_word' id='word_1_272' title='bbox 1846 1092 1949 1117; x_wconf 78' lang='lat' dir='ltr'>servo</span> <span class='ocrx_word' id='word_1_273' title='bbox 1984 1081 2174 1119; x_wconf 86' lang='lat' dir='ltr'>consilium</span> 
     </span>
     <span class='ocr_line' id='line_1_38' title="bbox 1216 1132 2173 1192; baseline 0.014 -24"><span class='ocrx_word' id='word_1_274' title='bbox 1216 1132 1353 1184; x_wconf 89' lang='lat' dir='ltr'>accepit</span> <span class='ocrx_word' id='word_1_275' title='bbox 1363 1136 1388 1182; x_wconf 90' lang='lat'>):</span> <span class='ocrx_word' id='word_1_276' title='bbox 1405 1134 1447 1172; x_wconf 88' lang='lat' dir='ltr'>Si</span> <span class='ocrx_word' id='word_1_277' title='bbox 1454 1135 1634 1174; x_wconf 80' lang='lat' dir='ltr'>dominus</span> <span class='ocrx_word' id='word_1_278' title='bbox 1647 1151 1752 1176; x_wconf 83' lang='lat' dir='ltr'>meus</span> <span class='ocrx_word' id='word_1_279' title='bbox 1757 1149 1914 1192; x_wconf 81' lang='lat' dir='ltr'>propter</span> <span class='ocrx_word' id='word_1_280' title='bbox 1922 1155 1982 1179; x_wconf 86' lang='lat' dir='ltr'>me</span> <span class='ocrx_word' id='word_1_281' title='bbox 1993 1143 2095 1179; x_wconf 73' lang='lat' dir='ltr'>nihil</span> <span class='ocrx_word' id='word_1_282' title='bbox 2102 1146 2173 1181; x_wconf 86' lang='lat' dir='ltr'>scit</span> 
     </span>
     <span class='ocr_line' id='line_1_39' title="bbox 1214 1194 2168 1253; baseline 0.014 -24"><span class='ocrx_word' id='word_1_283' title='bbox 1214 1195 1257 1229; x_wconf 84' lang='lat' dir='ltr'>in</span> <span class='ocrx_word' id='word_1_284' title='bbox 1275 1194 1389 1232; x_wconf 88' lang='lat' dir='ltr'>domo</span> <span class='ocrx_word' id='word_1_285' title='bbox 1405 1209 1491 1242; x_wconf 80' lang='lat' dir='ltr'>sua,</span> <span class='ocrx_word' id='word_1_286' title='bbox 1506 1199 1576 1234; x_wconf 87' lang='lat' dir='ltr'>sed</span> <span class='ocrx_word' id='word_1_287' title='bbox 1599 1202 1731 1236; x_wconf 87' lang='lat' dir='ltr'>omnia</span> <span class='ocrx_word' id='word_1_288' title='bbox 1752 1214 2003 1253; x_wconf 83' lang='lat' dir='ltr'>quoecumque</span> <span class='ocrx_word' id='word_1_289' title='bbox 2038 1205 2168 1250; x_wconf 81' lang='lat' dir='ltr'>habet,</span> 
     </span>
     <span class='ocr_line' id='line_1_40' title="bbox 1213 1254 2171 1312; baseline 0.014 -22"><span class='ocrx_word' id='word_1_290' title='bbox 1213 1254 1318 1292; x_wconf 77' lang='lat' dir='ltr'>dedit</span> <span class='ocrx_word' id='word_1_291' title='bbox 1341 1259 1383 1293; x_wconf 88' lang='lat' dir='ltr'>in</span> <span class='ocrx_word' id='word_1_292' title='bbox 1403 1271 1545 1296; x_wconf 86' lang='lat' dir='ltr'>manus</span> <span class='ocrx_word' id='word_1_293' title='bbox 1557 1273 1674 1298; x_wconf 83' lang='lat' dir='ltr'>meas.</span> <span class='ocrx_word' id='word_1_294' title='bbox 1687 1261 1719 1298; x_wconf 95' lang='grc' dir='ltr'>Ο</span> <span class='ocrx_word' id='word_1_295' title='bbox 1739 1270 1881 1312; x_wconf 83' lang='lat' dir='ltr'>gratum</span> <span class='ocrx_word' id='word_1_296' title='bbox 1898 1262 1968 1301; x_wconf 79' lang='lat' dir='ltr'>viri</span> <span class='ocrx_word' id='word_1_297' title='bbox 1983 1263 2171 1303; x_wconf 69' lang='lat' dir='ltr'>animum!</span> 
     </span>
     <span class='ocr_line' id='line_1_41' title="bbox 1214 1314 2170 1375; baseline 0.012 -21"><span class='ocrx_word' id='word_1_298' title='bbox 1214 1314 1310 1354; x_wconf 85' lang='lat' dir='ltr'>Vide</span> <span class='ocrx_word' id='word_1_299' title='bbox 1325 1318 1506 1368; x_wconf 87' lang='lat' dir='ltr'>quomodo</span> <span class='ocrx_word' id='word_1_300' title='bbox 1525 1330 1710 1360; x_wconf 89' lang='lat' dir='ltr'>enumerat</span> <span class='ocrx_word' id='word_1_301' title='bbox 1735 1321 1908 1361; x_wconf 82' lang='lat' dir='ltr'>beneficia</span> <span class='ocrx_word' id='word_1_302' title='bbox 1947 1324 2098 1375; x_wconf 86' lang='lat' dir='ltr'>domini,</span> <span class='ocrx_word' id='word_1_303' title='bbox 2130 1337 2170 1365; x_wconf 92' lang='lat' dir='ltr'>ut</span> 
     </span>
     <span class='ocr_line' id='line_1_42' title="bbox 1212 1376 2169 1440; baseline 0.014 -27"><span class='ocrx_word' id='word_1_304' title='bbox 1212 1376 1338 1416; x_wconf 90' lang='lat' dir='ltr'>doceat</span> <span class='ocrx_word' id='word_1_305' title='bbox 1352 1389 1527 1430; x_wconf 86' lang='lat' dir='ltr'>quantum</span> <span class='ocrx_word' id='word_1_306' title='bbox 1548 1382 1610 1421; x_wconf 86' lang='lat' dir='ltr'>illa</span> <span class='ocrx_word' id='word_1_307' title='bbox 1625 1397 1662 1422; x_wconf 89' lang='lat' dir='ltr'>se</span> <span class='ocrx_word' id='word_1_308' title='bbox 1680 1384 1857 1436; x_wconf 83' lang='lat' dir='ltr'>ingratam</span> <span class='ocrx_word' id='word_1_309' title='bbox 1877 1400 1959 1438; x_wconf 83' lang='lat' dir='ltr'>erga</span> <span class='ocrx_word' id='word_1_310' title='bbox 1980 1389 2169 1440; x_wconf 79' lang='lat' dir='ltr'>conjugem</span> 
     </span>
    </p>
   </div>
   <div class='ocr_carea' id='block_1_8' title="bbox 106 1432 2166 1499">
    <p class='ocr_par' dir='ltr' id='par_1_8' title="bbox 106 1432 2166 1499">
     <span class='ocr_line' id='line_1_43' title="bbox 106 1432 2166 1499; baseline 0.008 -27"><span class='ocrx_word' id='word_1_311' title='bbox 106 1434 197 1481; x_wconf 82' lang='grc' dir='ltr'>δείξη</span> <span class='ocrx_word' id='word_1_312' title='bbox 217 1435 281 1488; x_wconf 80' lang='grc' dir='ltr'>ὅσῃ</span> <span class='ocrx_word' id='word_1_313' title='bbox 308 1439 351 1487; x_wconf 84' lang='grc' dir='ltr'>τῇ</span> <span class='ocrx_word' id='word_1_314' title='bbox 373 1434 602 1487; x_wconf 82' lang='grc' dir='ltr'>ἀγνωμοσύνῃ</span> <span class='ocrx_word' id='word_1_315' title='bbox 631 1433 745 1481; x_wconf 79' lang='grc' dir='ltr'>ἐκείνη</span> <span class='ocrx_word' id='word_1_316' title='bbox 772 1432 944 1486; x_wconf 75' lang='grc' dir='ltr'>κέχρηται</span> <span class='ocrx_word' id='word_1_317' title='bbox 969 1433 1056 1486; x_wconf 79' lang='grc' dir='ltr'>πρὸς</span> <span class='ocrx_word' id='word_1_318' title='bbox 1076 1433 1135 1472; x_wconf 72' lang='grc' dir='ltr'>τὸν</span> <span class='ocrx_word' id='word_1_319' title='bbox 1161 1451 1187 1481; x_wconf 77' lang='grc' dir='ltr'><strong>Λ</strong></span> <span class='ocrx_word' id='word_1_320' title='bbox 1211 1439 1384 1478; x_wconf 81' lang='lat' dir='ltr'>ostendat.</span> <span class='ocrx_word' id='word_1_321' title='bbox 1397 1441 1436 1479; x_wconf 89' lang='lat' dir='ltr'>Si</span> <span class='ocrx_word' id='word_1_322' title='bbox 1455 1442 1550 1481; x_wconf 84' lang='lat' dir='ltr'>enim</span> <span class='ocrx_word' id='word_1_323' title='bbox 1570 1458 1648 1496; x_wconf 81' lang='lat' dir='ltr'>ego,</span> <span class='ocrx_word' id='word_1_324' title='bbox 1682 1445 1809 1497; x_wconf 87' lang='lat' dir='ltr'>inquit,</span> <span class='ocrx_word' id='word_1_325' title='bbox 1827 1448 1889 1499; x_wconf 86' lang='lat' dir='ltr'>qui</span> <span class='ocrx_word' id='word_1_326' title='bbox 1903 1448 2058 1488; x_wconf 81' lang='lat' dir='ltr'>famulus</span> <span class='ocrx_word' id='word_1_327' title='bbox 2074 1465 2166 1498; x_wconf 90' lang='lat' dir='ltr'>sum,</span> 
     </span>
    </p>
   </div>
   <div class='ocr_carea' id='block_1_9' title="bbox 87 1494 1134 3274">
    <p class='ocr_par' dir='ltr' id='par_1_9' title="bbox 102 1494 1134 1855">
     <span class='ocr_line' id='line_1_44' title="bbox 105 1494 1134 1550; baseline -0.003 -15"><span class='ocrx_word' id='word_1_328' title='bbox 105 1496 283 1549; x_wconf 82' lang='grc' dir='ltr'>ὃμόζυγον.</span> <span class='ocrx_word' id='word_1_329' title='bbox 312 1498 357 1535; x_wconf 82' lang='grc' dir='ltr'>Εἰ</span> <span class='ocrx_word' id='word_1_330' title='bbox 388 1496 456 1550; x_wconf 79' lang='grc' dir='ltr'>γὰρ</span> <span class='ocrx_word' id='word_1_331' title='bbox 486 1496 568 1548; x_wconf 83' lang='grc' dir='ltr'>ἐγὼ,</span> <span class='ocrx_word' id='word_1_332' title='bbox 598 1495 714 1548; x_wconf 68' lang='grc' dir='ltr'>φησὶν,</span> <span class='ocrx_word' id='word_1_333' title='bbox 733 1497 751 1533; x_wconf 81' lang='grc' dir='ltr'>ὃ</span> <span class='ocrx_word' id='word_1_334' title='bbox 769 1494 923 1542; x_wconf 82' lang='grc' dir='ltr'>οἰκέτης,</span> <span class='ocrx_word' id='word_1_335' title='bbox 944 1499 962 1533; x_wconf 84' lang='grc' dir='ltr'>ὁ</span> <span class='ocrx_word' id='word_1_336' title='bbox 983 1494 1074 1539; x_wconf 83' lang='grc' dir='ltr'>ξένος</span> <span class='ocrx_word' id='word_1_337' title='bbox 1087 1525 1096 1542; x_wconf 92' lang='grc'>,</span> <span class='ocrx_word' id='word_1_338' title='bbox 1117 1497 1134 1532; x_wconf 85' lang='grc' dir='ltr'><strong>ὁ</strong></span> 
     </span>
     <span class='ocr_line' id='line_1_45' title="bbox 105 1556 1132 1609; baseline 0 -14"><span class='ocrx_word' id='word_1_339' title='bbox 105 1557 327 1609; x_wconf 61' lang='grc' dir='ltr'>αἰχμάλωτος</span> <span class='ocrx_word' id='word_1_340' title='bbox 342 1589 350 1603; x_wconf 91' lang='grc'>,</span> <span class='ocrx_word' id='word_1_341' title='bbox 370 1557 542 1604; x_wconf 79' lang='grc' dir='ltr'>τοσαύτης</span> <span class='ocrx_word' id='word_1_342' title='bbox 561 1557 750 1604; x_wconf 86' lang='grc' dir='ltr'>ἀπήλαυσα</span> <span class='ocrx_word' id='word_1_343' title='bbox 771 1559 852 1607; x_wconf 85' lang='grc' dir='ltr'>παρ’</span> <span class='ocrx_word' id='word_1_344' title='bbox 873 1558 976 1594; x_wconf 71' lang='grc' dir='ltr'>αὐτοῦ</span> <span class='ocrx_word' id='word_1_345' title='bbox 995 1556 1132 1604; x_wconf 82' lang='grc' dir='ltr'>ἀδείας,</span> 
     </span>
     <span class='ocr_line' id='line_1_46' title="bbox 103 1604 1132 1671; baseline -0.001 -14"><span class='ocrx_word' id='word_1_346' title='bbox 103 1604 307 1662; x_wconf 49' lang='grc' dir='ltr'>ὡς-ἅπαντα</span> <span class='ocrx_word' id='word_1_347' title='bbox 328 1619 397 1658; x_wconf 76' lang='grc' dir='ltr'>ὑπὸ</span> <span class='ocrx_word' id='word_1_348' title='bbox 414 1618 478 1665; x_wconf 75' lang='grc' dir='ltr'>τὴν</span> <span class='ocrx_word' id='word_1_349' title='bbox 503 1625 605 1671; x_wconf 79' lang='grc' dir='ltr'>χεῖρα</span> <span class='ocrx_word' id='word_1_350' title='bbox 626 1612 713 1657; x_wconf 64' lang='grc' dir='ltr'>εἶναι</span> <span class='ocrx_word' id='word_1_351' title='bbox 737 1617 800 1664; x_wconf 71' lang='grc' dir='ltr'>τὴν</span> <span class='ocrx_word' id='word_1_352' title='bbox 823 1617 925 1668; x_wconf 75' lang='grc' dir='ltr'>ἐμὴν,</span> <span class='ocrx_word' id='word_1_353' title='bbox 947 1617 1006 1656; x_wconf 78' lang='grc' dir='ltr'>καὶ</span> <span class='ocrx_word' id='word_1_354' title='bbox 1037 1618 1132 1656; x_wconf 76' lang='grc' dir='ltr'>οὐδέν</span> 
     </span>
     <span class='ocr_line' id='line_1_47' title="bbox 103 1679 1132 1733; baseline 0 -15"><span class='ocrx_word' id='word_1_355' title='bbox 103 1681 195 1718; x_wconf 74' lang='grc' dir='ltr'>ἐστιν</span> <span class='ocrx_word' id='word_1_356' title='bbox 215 1680 234 1718; x_wconf 87' lang='grc' dir='ltr'>ὃ</span> <span class='ocrx_word' id='word_1_357' title='bbox 252 1679 486 1733; x_wconf 85' lang='grc' dir='ltr'>ὓπεξαιρεῖται</span> <span class='ocrx_word' id='word_1_358' title='bbox 509 1683 571 1727; x_wconf 79' lang='grc' dir='ltr'>τῆς</span> <span class='ocrx_word' id='word_1_359' title='bbox 588 1679 702 1733; x_wconf 79' lang='grc' dir='ltr'>χειρός</span> <span class='ocrx_word' id='word_1_360' title='bbox 725 1695 790 1730; x_wconf 93' lang='grc' dir='ltr'>μου</span> <span class='ocrx_word' id='word_1_361' title='bbox 803 1709 813 1727; x_wconf 88' lang='grc'>,</span> <span class='ocrx_word' id='word_1_362' title='bbox 841 1679 933 1726; x_wconf 83' lang='grc' dir='ltr'>πλὴν</span> <span class='ocrx_word' id='word_1_363' title='bbox 951 1683 1024 1727; x_wconf 78' lang='grc' dir='ltr'>σοῦ,</span> <span class='ocrx_word' id='word_1_364' title='bbox 1042 1679 1132 1718; x_wconf 80' lang='grc' dir='ltr'>ἀλλὰ</span> 
     </span>
     <span class='ocr_line' id='line_1_48' title="bbox 102 1738 1132 1792; baseline 0.001 -14"><span class='ocrx_word' id='word_1_365' title='bbox 102 1746 190 1779; x_wconf 81' lang='grc' dir='ltr'>πᾶσι</span> <span class='ocrx_word' id='word_1_366' title='bbox 216 1740 278 1791; x_wconf 89' lang='grc' dir='ltr'>μὲν</span> <span class='ocrx_word' id='word_1_367' title='bbox 294 1742 397 1784; x_wconf 82' lang='grc' dir='ltr'>αὐτὸς</span> <span class='ocrx_word' id='word_1_368' title='bbox 415 1741 617 1791; x_wconf 84' lang='grc' dir='ltr'>ἐπίκειμαι,</span> <span class='ocrx_word' id='word_1_369' title='bbox 634 1740 721 1792; x_wconf 84' lang='grc' dir='ltr'>μόνῃ</span> <span class='ocrx_word' id='word_1_370' title='bbox 739 1738 775 1778; x_wconf 80' lang='grc' dir='ltr'>δὲ</span> <span class='ocrx_word' id='word_1_371' title='bbox 795 1739 849 1778; x_wconf 80' lang='grc' dir='ltr'>σοὶ</span> <span class='ocrx_word' id='word_1_372' title='bbox 868 1739 1110 1792; x_wconf 82' lang='grc' dir='ltr'>ὑποτέταγμαι</span> <span class='ocrx_word' id='word_1_373' title='bbox 1122 1772 1132 1789; x_wconf 94' lang='grc'>,</span> 
     </span>
     <span class='ocr_line' id='line_1_49' title="bbox 103 1795 1132 1855; baseline 0 -16"><span class='ocrx_word' id='word_1_374' title='bbox 103 1802 162 1839; x_wconf 83' lang='grc' dir='ltr'>καὶ</span> <span class='ocrx_word' id='word_1_375' title='bbox 176 1801 240 1846; x_wconf 80' lang='grc' dir='ltr'>ἔξω</span> <span class='ocrx_word' id='word_1_376' title='bbox 253 1802 436 1855; x_wconf 74' lang='grc' dir='ltr'>τυγχάνεις</span> <span class='ocrx_word' id='word_1_377' title='bbox 453 1805 515 1849; x_wconf 74' lang='grc' dir='ltr'>τῆς</span> <span class='ocrx_word' id='word_1_378' title='bbox 530 1804 616 1853; x_wconf 79' lang='grc' dir='ltr'>ε’μ-’ἧς</span> <span class='ocrx_word' id='word_1_379' title='bbox 632 1801 800 1846; x_wconf 76' lang='grc' dir='ltr'>ἐξουσίας.</span> <span class='ocrx_word' id='word_1_380' title='bbox 821 1795 909 1840; x_wconf 66' lang='grc' dir='ltr'>Εἶτα</span> <span class='ocrx_word' id='word_1_381' title='bbox 921 1801 977 1839; x_wconf 74' lang='grc' dir='ltr'>ἵνα</span> <span class='ocrx_word' id='word_1_382' title='bbox 993 1802 1132 1855; x_wconf 86' lang='grc' dir='ltr'>καιρίαν</span> 
     </span>
    </p>

    <p class='ocr_par' dir='ltr' id='par_1_10' title="bbox 87 1863 1132 3274">
     <span class='ocr_line' id='line_1_50' title="bbox 125 1863 1132 1916; baseline 0.001 -15"><span class='ocrx_word' id='word_1_383' title='bbox 125 1866 150 1916; x_wconf 67' lang='grc' dir='ltr'>’ᾖ</span> <span class='ocrx_word' id='word_1_384' title='bbox 169 1863 232 1910; x_wconf 79' lang='grc' dir='ltr'>τὴν</span> <span class='ocrx_word' id='word_1_385' title='bbox 247 1864 399 1915; x_wconf 75' lang='grc' dir='ltr'>πληγὴν,</span> <span class='ocrx_word' id='word_1_386' title='bbox 415 1865 476 1903; x_wconf 78' lang='grc' dir='ltr'>καὶ</span> <span class='ocrx_word' id='word_1_387' title='bbox 491 1863 678 1915; x_wconf 80' lang='grc' dir='ltr'>ὑπομνήσῃ</span> <span class='ocrx_word' id='word_1_388' title='bbox 698 1867 760 1910; x_wconf 69' lang='grc' dir='ltr'>τῆς</span> <span class='ocrx_word' id='word_1_389' title='bbox 780 1863 910 1907; x_wconf 79' lang='grc' dir='ltr'>εὐνοίας</span> <span class='ocrx_word' id='word_1_390' title='bbox 923 1868 983 1902; x_wconf 78' lang='grc' dir='ltr'>τοῦ</span> <span class='ocrx_word' id='word_1_391' title='bbox 999 1864 1132 1916; x_wconf 85' lang='grc' dir='ltr'>ἀνδρὸς,</span> 
     </span>
     <span class='ocr_line' id='line_1_51' title="bbox 101 1924 1132 1977; baseline 0.002 -15"><span class='ocrx_word' id='word_1_392' title='bbox 101 1925 160 1963; x_wconf 84' lang='grc' dir='ltr'>καὶ</span> <span class='ocrx_word' id='word_1_393' title='bbox 181 1925 286 1977; x_wconf 72' lang='grc' dir='ltr'>πείσῃ</span> <span class='ocrx_word' id='word_1_394' title='bbox 307 1925 413 1973; x_wconf 71' lang='grc' dir='ltr'>αὐτὴν</span> <span class='ocrx_word' id='word_1_395' title='bbox 435 1926 484 1976; x_wconf 90' lang='grc' dir='ltr'>μὴ</span> <span class='ocrx_word' id='word_1_396' title='bbox 508 1924 694 1976; x_wconf 81' lang='grc' dir='ltr'>ἀγνώμονα</span> <span class='ocrx_word' id='word_1_397' title='bbox 718 1925 798 1976; x_wconf 83' lang='grc' dir='ltr'>περὶ</span> <span class='ocrx_word' id='word_1_398' title='bbox 818 1925 876 1963; x_wconf 83' lang='grc' dir='ltr'>τὸν</span> <span class='ocrx_word' id='word_1_399' title='bbox 897 1924 1051 1964; x_wconf 78' lang='grc' dir='ltr'>σύνοικον</span> <span class='ocrx_word' id='word_1_400' title='bbox 1071 1941 1132 1976; x_wconf 88' lang='grc' dir='ltr'>γε-</span> 
     </span>
     <span class='ocr_line' id='line_1_52' title="bbox 99 1987 1131 2042; baseline -0.001 -15"><span class='ocrx_word' id='word_1_401' title='bbox 99 1989 217 2028; x_wconf 84' lang='grc' dir='ltr'>νέσθαι</span> <span class='ocrx_word' id='word_1_402' title='bbox 232 2019 241 2037; x_wconf 87' lang='grc'>,</span> <span class='ocrx_word' id='word_1_403' title='bbox 261 1989 365 2042; x_wconf 72' lang='grc' dir='ltr'>φησί·</span> <span class='ocrx_word' id='word_1_404' title='bbox 388 1989 447 2028; x_wconf 74' lang='grc' dir='ltr'>καὶ</span> <span class='ocrx_word' id='word_1_405' title='bbox 466 1988 506 2028; x_wconf 79' lang='grc' dir='ltr'>σὺ</span> <span class='ocrx_word' id='word_1_406' title='bbox 525 1989 582 2027; x_wconf 77' lang='grc' dir='ltr'>διὰ</span> <span class='ocrx_word' id='word_1_407' title='bbox 600 1993 703 2027; x_wconf 71' lang='grc' dir='ltr'>τοῦτο</span> <span class='ocrx_word' id='word_1_408' title='bbox 724 1988 789 2033; x_wconf 84' lang='grc' dir='ltr'>ἔξω</span> <span class='ocrx_word' id='word_1_409' title='bbox 811 1991 874 2035; x_wconf 74' lang='grc' dir='ltr'>τῆς</span> <span class='ocrx_word' id='word_1_410' title='bbox 893 1987 1051 2032; x_wconf 80' lang='grc' dir='ltr'>ἐξουσίας</span> <span class='ocrx_word' id='word_1_411' title='bbox 1068 1992 1131 2036; x_wconf 76' lang='grc' dir='ltr'>τῆς</span> 
     </span>
     <span class='ocr_line' id='line_1_53' title="bbox 99 2044 1131 2103; baseline 0.003 -16"><span class='ocrx_word' id='word_1_412' title='bbox 99 2051 186 2100; x_wconf 78' lang='grc' dir='ltr'>ε’μῆς</span> <span class='ocrx_word' id='word_1_413' title='bbox 217 2051 424 2103; x_wconf 78' lang='grc' dir='ltr'>τυγχάνεις,</span> <span class='ocrx_word' id='word_1_414' title='bbox 455 2051 523 2088; x_wconf 85' lang='grc' dir='ltr'>Διὰ</span> <span class='ocrx_word' id='word_1_415' title='bbox 539 2051 592 2095; x_wconf 72' lang='grc' dir='ltr'>,τὸ</span> <span class='ocrx_word' id='word_1_416' title='bbox 616 2050 653 2089; x_wconf 80' lang='grc' dir='ltr'>σὲ</span> <span class='ocrx_word' id='word_1_417' title='bbox 673 2056 820 2101; x_wconf 88' lang='grc' dir='ltr'>γυναῖκα</span> <span class='ocrx_word' id='word_1_418' title='bbox 841 2052 944 2089; x_wconf 74' lang='grc' dir='ltr'>αὐτοῦ</span> <span class='ocrx_word' id='word_1_419' title='bbox 965 2044 1064 2089; x_wconf 69' lang='grc' dir='ltr'>εἶναι.</span> <span class='ocrx_word' id='word_1_420' title='bbox 1085 2053 1131 2090; x_wconf 82' lang='grc' dir='ltr'>Εἰ</span> 
     </span>
     <span class='ocr_line' id='line_1_54' title="bbox 98 2105 1130 2164; baseline 0.002 -16"><span class='ocrx_word' id='word_1_421' title='bbox 98 2111 210 2149; x_wconf 87' lang='grc' dir='ltr'>τοίνυν</span> <span class='ocrx_word' id='word_1_422' title='bbox 236 2111 323 2163; x_wconf 86' lang='grc' dir='ltr'>γυνὴ</span> <span class='ocrx_word' id='word_1_423' title='bbox 359 2114 464 2151; x_wconf 80' lang='grc' dir='ltr'>αὐτοῦ</span> <span class='ocrx_word' id='word_1_424' title='bbox 499 2112 682 2164; x_wconf 79' lang='grc' dir='ltr'>τυγχάνεις</span> <span class='ocrx_word' id='word_1_425' title='bbox 699 2142 708 2158; x_wconf 90' lang='grc'>,</span> <span class='ocrx_word' id='word_1_426' title='bbox 743 2114 818 2155; x_wconf 82' lang='grc' dir='ltr'>πῶς</span> <span class='ocrx_word' id='word_1_427' title='bbox 850 2105 908 2150; x_wconf 70' lang='grc' dir='ltr'>οῧν</span> <span class='ocrx_word' id='word_1_428' title='bbox 933 2111 1072 2158; x_wconf 84' lang='grc' dir='ltr'>ποιήσω</span> <span class='ocrx_word' id='word_1_429' title='bbox 1092 2112 1130 2150; x_wconf 83' lang='grc' dir='ltr'>τὸ</span> 
     </span>
     <span class='ocr_line' id='line_1_55' title="bbox 98 2173 1128 2227; baseline 0.001 -16"><span class='ocrx_word' id='word_1_430' title='bbox 98 2175 195 2226; x_wconf 75' lang='grc' dir='ltr'>ῥῆμα</span> <span class='ocrx_word' id='word_1_431' title='bbox 222 2174 263 2212; x_wconf 85' lang='grc' dir='ltr'>τὸ</span> <span class='ocrx_word' id='word_1_432' title='bbox 286 2174 436 2225; x_wconf 80' lang='grc' dir='ltr'>πονηρὸν</span> <span class='ocrx_word' id='word_1_433' title='bbox 458 2177 578 2221; x_wconf 77' lang='grc' dir='ltr'>τοῦτο,</span> <span class='ocrx_word' id='word_1_434' title='bbox 614 2175 674 2212; x_wconf 83' lang='grc' dir='ltr'>καὶ</span> <span class='ocrx_word' id='word_1_435' title='bbox 702 2173 955 2227; x_wconf 83' lang='grc' dir='ltr'>ἁμαρτήσομαι</span> <span class='ocrx_word' id='word_1_436' title='bbox 973 2173 1128 2213; x_wconf 83' lang='grc' dir='ltr'>ἐναντίον</span> 
     </span>
     <span class='ocr_line' id='line_1_56' title="bbox 95 2234 1127 2288; baseline 0.002 -16"><span class='ocrx_word' id='word_1_437' title='bbox 95 2238 155 2272; x_wconf 79' lang='grc' dir='ltr'>τοῦ</span> <span class='ocrx_word' id='word_1_438' title='bbox 184 2237 298 2283; x_wconf 72' lang='grc' dir='ltr'>Θεοῦ,</span> <span class='ocrx_word' id='word_1_439' title='bbox 316 2235 464 2283; x_wconf 78' lang='grc' dir='ltr'>Ἐπειδὴ</span> <span class='ocrx_word' id='word_1_440' title='bbox 496 2234 563 2288; x_wconf 78' lang='grc' dir='ltr'>γὰρ</span> <span class='ocrx_word' id='word_1_441' title='bbox 595 2236 710 2282; x_wconf 84' lang='grc' dir='ltr'>ἐκείνη</span> <span class='ocrx_word' id='word_1_442' title='bbox 736 2235 799 2282; x_wconf 77' lang='grc' dir='ltr'>τὴν</span> <span class='ocrx_word' id='word_1_443' title='bbox 823 2235 972 2288; x_wconf 81' lang='grc' dir='ltr'>ἐρημίαν</span> <span class='ocrx_word' id='word_1_444' title='bbox 991 2235 1127 2284; x_wconf 79' lang='grc' dir='ltr'>ἐζήτει,</span> 
     </span>
     <span class='ocr_line' id='line_1_57' title="bbox 94 2296 1127 2350; baseline 0.002 -17"><span class='ocrx_word' id='word_1_445' title='bbox 94 2297 154 2334; x_wconf 80' lang='grc' dir='ltr'>καὶ</span> <span class='ocrx_word' id='word_1_446' title='bbox 172 2297 290 2348; x_wconf 81' lang='grc' dir='ltr'>καιρὸν</span> <span class='ocrx_word' id='word_1_447' title='bbox 316 2296 460 2347; x_wconf 82' lang='grc' dir='ltr'>ἀνέμενε</span> <span class='ocrx_word' id='word_1_448' title='bbox 474 2326 484 2344; x_wconf 88' lang='grc'>,</span> <span class='ocrx_word' id='word_1_449' title='bbox 511 2297 628 2335; x_wconf 86' lang='grc' dir='ltr'>λαθεῖν</span> <span class='ocrx_word' id='word_1_450' title='bbox 648 2297 888 2341; x_wconf 77' lang='grc' dir='ltr'>σπουδάζουσα</span> <span class='ocrx_word' id='word_1_451' title='bbox 915 2297 972 2335; x_wconf 83' lang='grc' dir='ltr'>τὸν</span> <span class='ocrx_word' id='word_1_452' title='bbox 994 2297 1102 2350; x_wconf 82' lang='grc' dir='ltr'>ἄνδρα</span> <span class='ocrx_word' id='word_1_453' title='bbox 1117 2325 1127 2343; x_wconf 88' lang='grc'>,</span> 
     </span>
     <span class='ocr_line' id='line_1_58' title="bbox 95 2357 1126 2411; baseline 0 -16"><span class='ocrx_word' id='word_1_454' title='bbox 95 2357 153 2395; x_wconf 78' lang='grc' dir='ltr'>καὶ</span> <span class='ocrx_word' id='word_1_455' title='bbox 171 2357 250 2401; x_wconf 78' lang='grc' dir='ltr'>τοὺς</span> <span class='ocrx_word' id='word_1_456' title='bbox 269 2358 405 2402; x_wconf 83' lang='grc' dir='ltr'>οἰκέτας</span> <span class='ocrx_word' id='word_1_457' title='bbox 424 2358 502 2402; x_wconf 77' lang='grc' dir='ltr'>τοὺς</span> <span class='ocrx_word' id='word_1_458' title='bbox 524 2358 582 2396; x_wconf 83' lang='grc' dir='ltr'>ἐπὶ</span> <span class='ocrx_word' id='word_1_459' title='bbox 602 2361 664 2405; x_wconf 70' lang='grc' dir='ltr'>τῆς</span> <span class='ocrx_word' id='word_1_460' title='bbox 682 2358 793 2402; x_wconf 83' lang='grc' dir='ltr'>οἰκίας</span> <span class='ocrx_word' id='word_1_461' title='bbox 813 2358 970 2401; x_wconf 86' lang='grc' dir='ltr'>ἅπαντας</span> <span class='ocrx_word' id='word_1_462' title='bbox 983 2389 993 2406; x_wconf 90' lang='grc'>,</span> <span class='ocrx_word' id='word_1_463' title='bbox 1022 2358 1126 2411; x_wconf 77' lang='grc' dir='ltr'>φησὶν</span> 
     </span>
     <span class='ocr_line' id='line_1_59' title="bbox 95 2413 1126 2473; baseline 0.003 -17"><span class='ocrx_word' id='word_1_464' title='bbox 95 2413 192 2462; x_wconf 65' lang='grc' dir='ltr'>οὗτος</span> <span class='ocrx_word' id='word_1_465' title='bbox 204 2436 211 2443; x_wconf 94' lang='grc'>·</span> <span class='ocrx_word' id='word_1_466' title='bbox 234 2421 317 2464; x_wconf 83' lang='grc' dir='ltr'>Πῶς</span> <span class='ocrx_word' id='word_1_467' title='bbox 336 2420 531 2471; x_wconf 81' lang='grc' dir='ltr'>δυνήσομαι</span> <span class='ocrx_word' id='word_1_468' title='bbox 549 2423 696 2467; x_wconf 71' lang='grc' dir='ltr'>ποιῆσαι</span> <span class='ocrx_word' id='word_1_469' title='bbox 715 2421 754 2459; x_wconf 78' lang='grc' dir='ltr'>τὸ</span> <span class='ocrx_word' id='word_1_470' title='bbox 769 2420 919 2473; x_wconf 74' lang='grc' dir='ltr'>πονηρὸν</span> <span class='ocrx_word' id='word_1_471' title='bbox 935 2425 1047 2467; x_wconf 75' lang='grc' dir='ltr'>τοῦτο,</span> <span class='ocrx_word' id='word_1_472' title='bbox 1068 2421 1126 2459; x_wconf 83' lang='grc' dir='ltr'>καὶ</span> 
     </span>
     <span class='ocr_line' id='line_1_60' title="bbox 96 2482 1124 2534; baseline 0.002 -15"><span class='ocrx_word' id='word_1_473' title='bbox 96 2482 348 2533; x_wconf 83' lang='grc' dir='ltr'>ἇμαρτήσομαι</span> <span class='ocrx_word' id='word_1_474' title='bbox 381 2483 533 2520; x_wconf 83' lang='grc' dir='ltr'>ἐναντίον</span> <span class='ocrx_word' id='word_1_475' title='bbox 562 2487 622 2521; x_wconf 77' lang='grc' dir='ltr'>τοῦ</span> <span class='ocrx_word' id='word_1_476' title='bbox 645 2484 738 2522; x_wconf 78' lang='grc' dir='ltr'>Θεοῦ</span> <span class='ocrx_word' id='word_1_477' title='bbox 755 2500 764 2530; x_wconf 86' lang='grc'>;</span> <span class='ocrx_word' id='word_1_478' title='bbox 784 2485 818 2521; x_wconf 83' lang='lat' dir='ltr'>T</span> <span class='ocrx_word' id='word_1_479' title='bbox 822 2482 832 2520; x_wconf 93' lang='grc' dir='ltr'>ί</span> <span class='ocrx_word' id='word_1_480' title='bbox 850 2482 918 2534; x_wconf 83' lang='grc' dir='ltr'>γὰρ</span> <span class='ocrx_word' id='word_1_481' title='bbox 951 2482 1124 2533; x_wconf 84' lang='grc' dir='ltr'>νομίζεις;</span> 
     </span>
     <span class='ocr_line' id='line_1_61' title="bbox 94 2542 1124 2598; baseline 0.002 -16"><span class='ocrx_word' id='word_1_482' title='bbox 94 2542 167 2582; x_wconf 79' lang='grc' dir='ltr'>Κᾶν</span> <span class='ocrx_word' id='word_1_483' title='bbox 188 2544 322 2588; x_wconf 87' lang='grc' dir='ltr'>πάντας</span> <span class='ocrx_word' id='word_1_484' title='bbox 332 2546 450 2583; x_wconf 82' lang='grc' dir='ltr'>λαθεῖν</span> <span class='ocrx_word' id='word_1_485' title='bbox 471 2545 686 2595; x_wconf 81' lang='grc' dir='ltr'>δυνηθῶμεν,</span> <span class='ocrx_word' id='word_1_486' title='bbox 707 2544 765 2583; x_wconf 77' lang='grc' dir='ltr'>τὸν</span> <span class='ocrx_word' id='word_1_487' title='bbox 786 2543 978 2594; x_wconf 87' lang='grc' dir='ltr'>ἀκοίμητον</span> <span class='ocrx_word' id='word_1_488' title='bbox 998 2547 1124 2598; x_wconf 65' lang='grc' dir='ltr'>ὀφθαλ-</span> 
     </span>
     <span class='ocr_line' id='line_1_62' title="bbox 94 2603 1122 2656; baseline 0.003 -13"><span class='ocrx_word' id='word_1_489' title='bbox 94 2603 159 2655; x_wconf 78' lang='grc' dir='ltr'>μὸν</span> <span class='ocrx_word' id='word_1_490' title='bbox 195 2607 233 2643; x_wconf 81' lang='grc' dir='ltr'>οὖ</span> <span class='ocrx_word' id='word_1_491' title='bbox 265 2605 438 2656; x_wconf 80' lang='grc' dir='ltr'>δυνάμεθα</span> <span class='ocrx_word' id='word_1_492' title='bbox 465 2607 593 2644; x_wconf 88' lang='grc' dir='ltr'>λαθεῖν.</span> <span class='ocrx_word' id='word_1_493' title='bbox 613 2605 770 2644; x_wconf 82' lang='grc' dir='ltr'>Ἐκεῖνον</span> <span class='ocrx_word' id='word_1_494' title='bbox 806 2605 909 2656; x_wconf 84' lang='grc' dir='ltr'>μόνον</span> <span class='ocrx_word' id='word_1_495' title='bbox 931 2606 1122 2646; x_wconf 80' lang='grc' dir='ltr'>δεδοικέναι</span> 
     </span>
     <span class='ocr_line' id='line_1_63' title="bbox 93 2667 1121 2721; baseline 0.004 -17"><span class='ocrx_word' id='word_1_496' title='bbox 93 2667 160 2713; x_wconf 85' lang='grc' dir='ltr'>δεῖ,</span> <span class='ocrx_word' id='word_1_497' title='bbox 178 2667 237 2705; x_wconf 73' lang='grc' dir='ltr'>καὶ</span> <span class='ocrx_word' id='word_1_498' title='bbox 258 2670 410 2720; x_wconf 73' lang='grc' dir='ltr'>ἀγωνιᾷν</span> <span class='ocrx_word' id='word_1_499' title='bbox 429 2667 489 2706; x_wconf 86' lang='grc' dir='ltr'>καὶ</span> <span class='ocrx_word' id='word_1_500' title='bbox 504 2668 658 2721; x_wconf 80' lang='grc' dir='ltr'>τρέμειν,</span> <span class='ocrx_word' id='word_1_501' title='bbox 681 2668 771 2708; x_wconf 84' lang='grc' dir='ltr'>ὥστε</span> <span class='ocrx_word' id='word_1_502' title='bbox 792 2668 840 2719; x_wconf 82' lang='grc' dir='ltr'>μὴ</span> <span class='ocrx_word' id='word_1_503' title='bbox 860 2668 927 2707; x_wconf 82' lang='grc' dir='ltr'>ὑπὸ</span> <span class='ocrx_word' id='word_1_504' title='bbox 945 2673 1016 2712; x_wconf 89' lang='grc' dir='ltr'>τοῖς</span> <span class='ocrx_word' id='word_1_505' title='bbox 1031 2669 1121 2708; x_wconf 81' lang='grc' dir='ltr'>ἐκεί-</span> 
     </span>
     <span class='ocr_line' id='line_1_64' title="bbox 92 2729 1119 2782; baseline 0.004 -18"><span class='ocrx_word' id='word_1_506' title='bbox 92 2743 149 2766; x_wconf 89' lang='grc' dir='ltr'>νου</span> <span class='ocrx_word' id='word_1_507' title='bbox 168 2729 355 2781; x_wconf 63' lang='grc' dir='ltr'>ὀφθαλμοῖς</span> <span class='ocrx_word' id='word_1_508' title='bbox 381 2729 583 2781; x_wconf 84' lang='grc' dir='ltr'>παράνομόν</span> <span class='ocrx_word' id='word_1_509' title='bbox 612 2747 647 2768; x_wconf 92' lang='grc' dir='ltr'>τι</span> <span class='ocrx_word' id='word_1_510' title='bbox 680 2729 947 2782; x_wconf 81' lang='grc' dir='ltr'>διαπράξασθαι.</span> <span class='ocrx_word' id='word_1_511' title='bbox 968 2730 1039 2769; x_wconf 80' lang='grc' dir='ltr'>Καὶ</span> <span class='ocrx_word' id='word_1_512' title='bbox 1063 2731 1119 2770; x_wconf 77' lang='grc' dir='ltr'>ἵνα</span> 
     </span>
     <span class='ocr_line' id='line_1_65' title="bbox 93 2788 1119 2846; baseline 0.004 -20"><span class='ocrx_word' id='word_1_513' title='bbox 93 2788 258 2839; x_wconf 75' lang='grc' dir='ltr'>μάθωμεν</span> <span class='ocrx_word' id='word_1_514' title='bbox 278 2789 342 2836; x_wconf 74' lang='grc' dir='ltr'>τὴν</span> <span class='ocrx_word' id='word_1_515' title='bbox 357 2791 643 2844; x_wconf 68' lang='grc' dir='ltr'>ὖπερὸάλλουσαν</span> <span class='ocrx_word' id='word_1_516' title='bbox 659 2795 718 2830; x_wconf 76' lang='grc' dir='ltr'>τοῦ</span> <span class='ocrx_word' id='word_1_517' title='bbox 739 2791 872 2830; x_wconf 82' lang='grc' dir='ltr'>δικαίου</span> <span class='ocrx_word' id='word_1_518' title='bbox 903 2791 1043 2846; x_wconf 78' lang='grc' dir='ltr'>ἀρετὴν,</span> <span class='ocrx_word' id='word_1_519' title='bbox 1060 2793 1119 2831; x_wconf 81' lang='grc' dir='ltr'>καὶ</span> 
     </span>
     <span class='ocr_line' id='line_1_66' title="bbox 91 2848 1118 2905; baseline 0.005 -18"><span class='ocrx_word' id='word_1_520' title='bbox 91 2848 143 2887; x_wconf 76' lang='grc' dir='ltr'>ὅτι</span> <span class='ocrx_word' id='word_1_521' title='bbox 160 2850 226 2900; x_wconf 76' lang='grc' dir='ltr'>οὐχ</span> <span class='ocrx_word' id='word_1_522' title='bbox 242 2849 335 2894; x_wconf 80' lang='grc' dir='ltr'>ἅπαξ</span> <span class='ocrx_word' id='word_1_523' title='bbox 350 2851 427 2889; x_wconf 77' lang='grc' dir='ltr'>οὐδὲ</span> <span class='ocrx_word' id='word_1_524' title='bbox 446 2853 498 2895; x_wconf 84' lang='grc' dir='ltr'>δὶς</span> <span class='ocrx_word' id='word_1_525' title='bbox 510 2882 519 2899; x_wconf 92' lang='grc'>,</span> <span class='ocrx_word' id='word_1_526' title='bbox 543 2853 634 2891; x_wconf 82' lang='grc' dir='ltr'>ἀλλὰ</span> <span class='ocrx_word' id='word_1_527' title='bbox 653 2853 712 2891; x_wconf 80' lang='grc' dir='ltr'>καὶ</span> <span class='ocrx_word' id='word_1_528' title='bbox 734 2852 904 2897; x_wconf 88' lang='grc' dir='ltr'>πολλάκις</span> <span class='ocrx_word' id='word_1_529' title='bbox 922 2853 980 2892; x_wconf 78' lang='grc' dir='ltr'>τὸν</span> <span class='ocrx_word' id='word_1_530' title='bbox 999 2855 1118 2905; x_wconf 76' lang='grc' dir='ltr'>ἀγῶνα</span> 
     </span>
     <span class='ocr_line' id='line_1_67' title="bbox 91 2912 1117 2968; baseline 0.007 -21"><span class='ocrx_word' id='word_1_531' title='bbox 91 2914 210 2949; x_wconf 77' lang='grc' dir='ltr'>τοῦτον</span> <span class='ocrx_word' id='word_1_532' title='bbox 230 2912 418 2963; x_wconf 80' lang='grc' dir='ltr'>ὑπέμεινε,</span> <span class='ocrx_word' id='word_1_533' title='bbox 444 2914 503 2951; x_wconf 83' lang='grc' dir='ltr'>καὶ</span> <span class='ocrx_word' id='word_1_534' title='bbox 534 2916 597 2960; x_wconf 72' lang='grc' dir='ltr'>τῆς</span> <span class='ocrx_word' id='word_1_535' title='bbox 618 2914 740 2959; x_wconf 80' lang='grc' dir='ltr'>λέξεως</span> <span class='ocrx_word' id='word_1_536' title='bbox 768 2915 896 2963; x_wconf 86' lang='grc' dir='ltr'>ταύτης</span> <span class='ocrx_word' id='word_1_537' title='bbox 925 2915 1117 2968; x_wconf 74' lang='grc' dir='ltr'>ἠνέσχετο,</span> 
     </span>
     <span class='ocr_line' id='line_1_68' title="bbox 91 2972 1115 3030; baseline 0.007 -21"><span class='ocrx_word' id='word_1_538' title='bbox 91 2972 149 3009; x_wconf 84' lang='grc' dir='ltr'>καὶ</span> <span class='ocrx_word' id='word_1_539' title='bbox 183 2972 425 3023; x_wconf 76' lang='grc' dir='ltr'>συμὸουλεύων</span> <span class='ocrx_word' id='word_1_540' title='bbox 453 2975 516 3012; x_wconf 86' lang='grc' dir='ltr'>οὐκ</span> <span class='ocrx_word' id='word_1_541' title='bbox 545 2975 744 3024; x_wconf 83' lang='grc' dir='ltr'>ἐπαύσατο,</span> <span class='ocrx_word' id='word_1_542' title='bbox 772 2976 876 3029; x_wconf 74' lang='grc' dir='ltr'>φησὶν</span> <span class='ocrx_word' id='word_1_543' title='bbox 905 2981 927 3024; x_wconf 88' lang='grc' dir='ltr'>ἡ</span> <span class='ocrx_word' id='word_1_544' title='bbox 962 2977 1087 3030; x_wconf 66' lang='grc' dir='ltr'>Γραφή</span> <span class='ocrx_word' id='word_1_545' title='bbox 1108 2994 1115 3001; x_wconf 89' lang='grc'><em>·</em></span> 
     </span>
     <span class='ocr_line' id='line_1_69' title="bbox 89 3032 1114 3091; baseline 0.007 -20"><span class='ocrx_word' id='word_1_546' title='bbox 89 3032 217 3072; x_wconf 87' lang='grc' dir='ltr'>ἹΙνίκα</span> <span class='ocrx_word' id='word_1_547' title='bbox 235 3034 270 3072; x_wconf 78' lang='grc' dir='ltr'>δὲ</span> <span class='ocrx_word' id='word_1_548' title='bbox 288 3035 406 3073; x_wconf 83' lang='grc' dir='ltr'>ἐλάλει</span> <span class='ocrx_word' id='word_1_549' title='bbox 423 3035 557 3088; x_wconf 74' lang='grc' dir='ltr'>ἡμέραν</span> <span class='ocrx_word' id='word_1_550' title='bbox 577 3035 612 3080; x_wconf 82' lang='grc' dir='ltr'>ἐξ</span> <span class='ocrx_word' id='word_1_551' title='bbox 629 3037 782 3090; x_wconf 87' lang='grc' dir='ltr'>ἡμέρας,</span> <span class='ocrx_word' id='word_1_552' title='bbox 798 3038 857 3076; x_wconf 70' lang='grc' dir='ltr'>καὶ</span> <span class='ocrx_word' id='word_1_553' title='bbox 877 3041 941 3091; x_wconf 70' lang='grc' dir='ltr'>οὐχ</span> <span class='ocrx_word' id='word_1_554' title='bbox 955 3039 1114 3086; x_wconf 76' lang='grc' dir='ltr'>ὑπήκου-</span> 
     </span>
     <span class='ocr_line' id='line_1_70' title="bbox 87 3097 1116 3152; baseline 0.007 -20"><span class='ocrx_word' id='word_1_555' title='bbox 87 3110 145 3132; x_wconf 88' lang='grc' dir='ltr'>σεν</span> <span class='ocrx_word' id='word_1_556' title='bbox 165 3097 270 3142; x_wconf 56' lang='lat' dir='ltr'>menz&lt;</span> <span class='ocrx_word' id='word_1_557' title='bbox 284 3112 292 3119; x_wconf 93' lang='lat'><strong>·</strong></span> <span class='ocrx_word' id='word_1_558' title='bbox 314 3097 560 3148; x_wconf 74' lang='grc' dir='ltr'>ἐπιτηρήσασα</span> <span class='ocrx_word' id='word_1_559' title='bbox 579 3097 623 3136; x_wconf 84' lang='grc' dir='ltr'>τὰ</span> <span class='ocrx_word' id='word_1_560' title='bbox 643 3099 700 3136; x_wconf 79' lang='grc' dir='ltr'>ἐπὶ</span> <span class='ocrx_word' id='word_1_561' title='bbox 720 3102 782 3145; x_wconf 79' lang='grc' dir='ltr'>τῆς</span> <span class='ocrx_word' id='word_1_562' title='bbox 805 3099 917 3145; x_wconf 81' lang='grc' dir='ltr'>οἰκίας</span> <span class='ocrx_word' id='word_1_563' title='bbox 942 3101 1116 3152; x_wconf 84' lang='grc' dir='ltr'>διαπρατ-</span> 
     </span>
     <span class='ocr_line' id='line_1_71' title="bbox 87 3155 1114 3214; baseline 0.005 -21"><span class='ocrx_word' id='word_1_564' title='bbox 87 3155 228 3205; x_wconf 85' lang='grc' dir='ltr'>τόμενα,</span> <span class='ocrx_word' id='word_1_565' title='bbox 248 3158 404 3210; x_wconf 73' lang='grc' dir='ltr'>ἐπιπηδᾷ</span> <span class='ocrx_word' id='word_1_566' title='bbox 417 3161 468 3211; x_wconf 79' lang='grc' dir='ltr'>τῷ</span> <span class='ocrx_word' id='word_1_567' title='bbox 493 3159 675 3211; x_wconf 87' lang='grc' dir='ltr'>νεανίσκῳ,</span> <span class='ocrx_word' id='word_1_568' title='bbox 702 3160 859 3214; x_wconf 85' lang='grc' dir='ltr'>καθάπερ</span> <span class='ocrx_word' id='word_1_569' title='bbox 877 3161 994 3213; x_wconf 85' lang='grc' dir='ltr'>θηρίον</span> <span class='ocrx_word' id='word_1_570' title='bbox 1011 3164 1114 3213; x_wconf 80' lang='grc' dir='ltr'>θῆγον</span> 
     </span>
     <span class='ocr_line' id='line_1_72' title="bbox 87 3216 1112 3274; baseline 0.001 -14"><span class='ocrx_word' id='word_1_571' title='bbox 87 3216 165 3260; x_wconf 63' lang='grc' dir='ltr'>τοὺς</span> <span class='ocrx_word' id='word_1_572' title='bbox 179 3218 333 3265; x_wconf 71' lang='grc' dir='ltr'>ὀδόντας,</span> <span class='ocrx_word' id='word_1_573' title='bbox 351 3221 411 3258; x_wconf 77' lang='grc' dir='ltr'>καὶ</span> <span class='ocrx_word' id='word_1_574' title='bbox 425 3220 696 3271; x_wconf 85' lang='grc' dir='ltr'>ἐπισπασαμένη</span> <span class='ocrx_word' id='word_1_575' title='bbox 711 3224 779 3260; x_wconf 84' lang='grc' dir='ltr'>τῶν</span> <span class='ocrx_word' id='word_1_576' title='bbox 795 3222 944 3273; x_wconf 77' lang='grc' dir='ltr'>ἱματίων</span> <span class='ocrx_word' id='word_1_577' title='bbox 960 3229 1112 3274; x_wconf 76' lang='grc' dir='ltr'>κατεῖχε.</span> 
     </span>
    </p>
   </div>
   <div class='ocr_carea' id='block_1_10' title="bbox 91 3283 1112 3339">
    <p class='ocr_par' dir='ltr' id='par_1_11' title="bbox 91 3283 1112 3339">
     <span class='ocr_line' id='line_1_73' title="bbox 91 3283 1112 3339; baseline 0.004 -18"><span class='ocrx_word' id='word_1_578' title='bbox 91 3283 150 3329; x_wconf 76' lang='grc' dir='ltr'>Μὴ</span> <span class='ocrx_word' id='word_1_579' title='bbox 175 3285 293 3328; x_wconf 77' lang='grc' dir='ltr'>ἁπλῶς</span> <span class='ocrx_word' id='word_1_580' title='bbox 314 3291 414 3326; x_wconf 73' lang='grc' dir='ltr'>τοῦτο</span> <span class='ocrx_word' id='word_1_581' title='bbox 446 3287 748 3339; x_wconf 75' lang='grc' dir='ltr'>παραδράμωμεν,</span> <span class='ocrx_word' id='word_1_582' title='bbox 783 3290 859 3327; x_wconf 77' lang='grc' dir='ltr'>ἀλλ’</span> <span class='ocrx_word' id='word_1_583' title='bbox 894 3289 1112 3338; x_wconf 76' lang='grc' dir='ltr'>ἐννοήσωμεν</span> 
     </span>
    </p>
   </div>
   <div class='ocr_carea' id='block_1_11' title="bbox 132 3410 724 3453">
    <p class='ocr_par' dir='ltr' id='par_1_12' title="bbox 132 3410 724 3453">
     <span class='ocr_line' id='line_1_74' title="bbox 132 3410 724 3453; baseline 0.017 -15"><span class='ocrx_word' id='word_1_584' title='bbox 132 3422 142 3434; x_wconf 72' lang='lat' dir='ltr'>a</span> <span class='ocrx_word' id='word_1_585' title='bbox 170 3410 321 3452; x_wconf 64' lang='lat' dir='ltr'>Quinque</span> <span class='ocrx_word' id='word_1_586' title='bbox 339 3411 414 3444; x_wconf 67' lang='lat' dir='ltr'>Mss-</span> <span class='ocrx_word' id='word_1_587' title='bbox 436 3417 535 3453; x_wconf 60' lang='grc' dir='ltr'>νᾶτεῦ,</span> <span class='ocrx_word' id='word_1_588' title='bbox 554 3418 599 3446; x_wconf 70' lang='lat' dir='ltr'>tx&#39;i</span> <span class='ocrx_word' id='word_1_589' title='bbox 618 3419 724 3447; x_wconf 59' lang='lat'>:52:7-</span> 
     </span>
    </p>
   </div>
   <div class='ocr_carea' id='block_1_12' title="bbox 1192 1500 2188 3279">
    <p class='ocr_par' dir='ltr' id='par_1_13' title="bbox 1192 1500 2188 3279">
     <span class='ocr_line' id='line_1_75' title="bbox 1208 1500 2166 1565; baseline 0.014 -28"><span class='ocrx_word' id='word_1_590' title='bbox 1208 1500 1269 1551; x_wconf 90' lang='lat' dir='ltr'>qui</span> <span class='ocrx_word' id='word_1_591' title='bbox 1285 1503 1511 1554; x_wconf 80' lang='lat' dir='ltr'>peregrinus,</span> <span class='ocrx_word' id='word_1_592' title='bbox 1538 1506 1601 1557; x_wconf 90' lang='lat' dir='ltr'>qui</span> <span class='ocrx_word' id='word_1_593' title='bbox 1627 1507 1805 1560; x_wconf 77' lang='lat' dir='ltr'>captivus,</span> <span class='ocrx_word' id='word_1_594' title='bbox 1826 1518 1920 1547; x_wconf 88' lang='lat' dir='ltr'>tanta</span> <span class='ocrx_word' id='word_1_595' title='bbox 1951 1511 2051 1549; x_wconf 83' lang='lat' dir='ltr'>fruor</span> <span class='ocrx_word' id='word_1_596' title='bbox 2069 1513 2166 1565; x_wconf 87' lang='lat' dir='ltr'>apud</span> 
     </span>
     <span class='ocr_line' id='line_1_76' title="bbox 1209 1564 2165 1616; baseline 0.012 -16"><span class='ocrx_word' id='word_1_597' title='bbox 1209 1576 1291 1601; x_wconf 88' lang='lat' dir='ltr'>cum</span> <span class='ocrx_word' id='word_1_598' title='bbox 1320 1564 1499 1616; x_wconf 83' lang='lat' dir='ltr'>libertate⁷</span> <span class='ocrx_word' id='word_1_599' title='bbox 1531 1577 1569 1605; x_wconf 90' lang='lat' dir='ltr'>ut</span> <span class='ocrx_word' id='word_1_600' title='bbox 1595 1569 1715 1608; x_wconf 86' lang='lat' dir='ltr'>omnia</span> <span class='ocrx_word' id='word_1_601' title='bbox 1749 1584 1813 1608; x_wconf 87' lang='lat' dir='ltr'>sua</span> <span class='ocrx_word' id='word_1_602' title='bbox 1840 1571 1908 1609; x_wconf 90' lang='lat' dir='ltr'>sub</span> <span class='ocrx_word' id='word_1_603' title='bbox 1942 1586 2048 1610; x_wconf 87' lang='lat' dir='ltr'>manu</span> <span class='ocrx_word' id='word_1_604' title='bbox 2088 1588 2165 1611; x_wconf 85' lang='lat' dir='ltr'>mea</span> 
     </span>
     <span class='ocr_line' id='line_1_77' title="bbox 1210 1623 2164 1684; baseline 0.012 -23"><span class='ocrx_word' id='word_1_605' title='bbox 1210 1623 1421 1664; x_wconf 84' lang='lat' dir='ltr'>tradiderit:</span> <span class='ocrx_word' id='word_1_606' title='bbox 1443 1636 1475 1665; x_wconf 88' lang='lat' dir='ltr'>et</span> <span class='ocrx_word' id='word_1_607' title='bbox 1495 1628 1587 1666; x_wconf 84' lang='lat' dir='ltr'>nihil</span> <span class='ocrx_word' id='word_1_608' title='bbox 1613 1639 1665 1668; x_wconf 84' lang='lat' dir='ltr'>est</span> <span class='ocrx_word' id='word_1_609' title='bbox 1683 1631 1784 1681; x_wconf 90' lang='lat' dir='ltr'>quod</span> <span class='ocrx_word' id='word_1_610' title='bbox 1812 1632 1954 1684; x_wconf 82' lang='lat' dir='ltr'>excepit</span> <span class='ocrx_word' id='word_1_611' title='bbox 1981 1632 2026 1671; x_wconf 90' lang='lat' dir='ltr'>de</span> <span class='ocrx_word' id='word_1_612' title='bbox 2055 1648 2164 1672; x_wconf 87' lang='lat' dir='ltr'>manu</span> 
     </span>
     <span class='ocr_line' id='line_1_78' title="bbox 1208 1692 2164 1747; baseline 0.012 -24"><span class='ocrx_word' id='word_1_613' title='bbox 1208 1699 1298 1735; x_wconf 86' lang='lat' dir='ltr'>mea,</span> <span class='ocrx_word' id='word_1_614' title='bbox 1320 1697 1450 1740; x_wconf 84' lang='lat' dir='ltr'>praeter</span> <span class='ocrx_word' id='word_1_615' title='bbox 1468 1698 1502 1727; x_wconf 87' lang='lat' dir='ltr'>te</span> <span class='ocrx_word' id='word_1_616' title='bbox 1525 1705 1532 1726; x_wconf 76' lang='grc' dir='ltr'><strong><em>ε</em></strong></span> <span class='ocrx_word' id='word_1_617' title='bbox 1552 1699 1585 1728; x_wconf 86' lang='lat' dir='ltr'>et</span> <span class='ocrx_word' id='word_1_618' title='bbox 1611 1692 1778 1730; x_wconf 87' lang='lat' dir='ltr'>omnibus</span> <span class='ocrx_word' id='word_1_619' title='bbox 1805 1693 1886 1731; x_wconf 87' lang='lat' dir='ltr'>aliis</span> <span class='ocrx_word' id='word_1_620' title='bbox 1912 1707 1976 1745; x_wconf 81' lang='lat' dir='ltr'>ego</span> <span class='ocrx_word' id='word_1_621' title='bbox 1997 1709 2164 1747; x_wconf 79' lang='lat' dir='ltr'>praesum,</span> 
     </span>
     <span class='ocr_line' id='line_1_79' title="bbox 1208 1748 2164 1807; baseline 0.012 -22"><span class='ocrx_word' id='word_1_622' title='bbox 1208 1748 1273 1785; x_wconf 91' lang='lat' dir='ltr'>soli</span> <span class='ocrx_word' id='word_1_623' title='bbox 1301 1758 1419 1787; x_wconf 88' lang='lat' dir='ltr'>autem</span> <span class='ocrx_word' id='word_1_624' title='bbox 1453 1750 1518 1788; x_wconf 90' lang='lat' dir='ltr'>tibi</span> <span class='ocrx_word' id='word_1_625' title='bbox 1552 1752 1737 1805; x_wconf 84' lang='lat' dir='ltr'>subjicior,</span> <span class='ocrx_word' id='word_1_626' title='bbox 1773 1769 1879 1807; x_wconf 90' lang='lat' dir='ltr'>esque</span> <span class='ocrx_word' id='word_1_627' title='bbox 1910 1763 2011 1795; x_wconf 78' lang='lat' dir='ltr'>extra</span> <span class='ocrx_word' id='word_1_628' title='bbox 2048 1771 2164 1796; x_wconf 88' lang='lat' dir='ltr'>meam</span> 
     </span>
     <span class='ocr_line' id='line_1_80' title="bbox 1207 1812 2161 1870; baseline 0.013 -24"><span class='ocrx_word' id='word_1_629' title='bbox 1207 1819 1425 1862; x_wconf 86' lang='lat' dir='ltr'>potestatem.</span> <span class='ocrx_word' id='word_1_630' title='bbox 1448 1812 1587 1852; x_wconf 83' lang='lat' dir='ltr'>Deinde</span> <span class='ocrx_word' id='word_1_631' title='bbox 1609 1824 1648 1853; x_wconf 92' lang='lat' dir='ltr'>ut</span> <span class='ocrx_word' id='word_1_632' title='bbox 1663 1815 1806 1854; x_wconf 86' lang='lat' dir='ltr'>letalem</span> <span class='ocrx_word' id='word_1_633' title='bbox 1832 1817 1863 1855; x_wconf 90' lang='lat' dir='ltr'>ei</span> <span class='ocrx_word' id='word_1_634' title='bbox 1883 1818 2026 1870; x_wconf 81' lang='lat' dir='ltr'>plagam</span> <span class='ocrx_word' id='word_1_635' title='bbox 2045 1819 2161 1870; x_wconf 85' lang='lat' dir='ltr'>daret,</span> 
     </span>
     <span class='ocr_line' id='line_1_81' title="bbox 1206 1871 2161 1929; baseline 0.013 -21"><span class='ocrx_word' id='word_1_636' title='bbox 1206 1880 1241 1909; x_wconf 88' lang='lat' dir='ltr'>et</span> <span class='ocrx_word' id='word_1_637' title='bbox 1273 1871 1309 1910; x_wconf 92' lang='lat' dir='ltr'>in</span> <span class='ocrx_word' id='word_1_638' title='bbox 1346 1882 1500 1912; x_wconf 81' lang='lat' dir='ltr'>mentem</span> <span class='ocrx_word' id='word_1_639' title='bbox 1526 1887 1707 1915; x_wconf 80' lang='lat' dir='ltr'>revocaret</span> <span class='ocrx_word' id='word_1_640' title='bbox 1753 1878 1824 1917; x_wconf 85' lang='lat' dir='ltr'>viri</span> <span class='ocrx_word' id='word_1_641' title='bbox 1863 1879 2161 1929; x_wconf 79' lang='lat' dir='ltr'>benevolentiam,</span> 
     </span>
     <span class='ocr_line' id='line_1_82' title="bbox 1205 1933 2161 1995; baseline 0.014 -26"><span class='ocrx_word' id='word_1_642' title='bbox 1205 1933 1504 1986; x_wconf 85' lang='lat' dir='ltr'>persuaderetque</span> <span class='ocrx_word' id='word_1_643' title='bbox 1541 1936 1572 1974; x_wconf 89' lang='lat' dir='ltr'>ei</span> <span class='ocrx_word' id='word_1_644' title='bbox 1605 1951 1649 1975; x_wconf 90' lang='lat' dir='ltr'>ne</span> <span class='ocrx_word' id='word_1_645' title='bbox 1682 1947 1755 1976; x_wconf 86' lang='lat' dir='ltr'>tam</span> <span class='ocrx_word' id='word_1_646' title='bbox 1781 1939 1919 1992; x_wconf 84' lang='lat' dir='ltr'>ingrata</span> <span class='ocrx_word' id='word_1_647' title='bbox 1955 1952 2043 1980; x_wconf 90' lang='lat' dir='ltr'>essct</span> <span class='ocrx_word' id='word_1_648' title='bbox 2078 1958 2161 1995; x_wconf 81' lang='lat' dir='ltr'>erga</span> 
     </span>
     <span class='ocr_line' id='line_1_83' title="bbox 1208 1995 2162 2056; baseline 0.014 -25"><span class='ocrx_word' id='word_1_649' title='bbox 1208 1995 1396 2047; x_wconf 84' lang='lat' dir='ltr'>conjugem</span> <span class='ocrx_word' id='word_1_650' title='bbox 1412 2011 1533 2047; x_wconf 87' lang='lat' dir='ltr'>suum,</span> <span class='ocrx_word' id='word_1_651' title='bbox 1555 1998 1672 2050; x_wconf 89' lang='lat' dir='ltr'>inquit</span> <span class='ocrx_word' id='word_1_652' title='bbox 1695 2015 1704 2036; x_wconf 76' lang='grc' dir='ltr'>τ</span> <span class='ocrx_word' id='word_1_653' title='bbox 1721 2000 1767 2038; x_wconf 89' lang='lat' dir='ltr'>Et</span> <span class='ocrx_word' id='word_1_654' title='bbox 1787 2010 1823 2039; x_wconf 89' lang='lat' dir='ltr'>tu</span> <span class='ocrx_word' id='word_1_655' title='bbox 1844 2013 2032 2056; x_wconf 85' lang='lat' dir='ltr'>propterea</span> <span class='ocrx_word' id='word_1_656' title='bbox 2061 2014 2162 2043; x_wconf 84' lang='lat' dir='ltr'>extra</span> 
     </span>
     <span class='ocr_line' id='line_1_84' title="bbox 1205 2061 2161 2119; baseline 0.012 -26"><span class='ocrx_word' id='word_1_657' title='bbox 1205 2064 1413 2108; x_wconf 87' lang='lat' dir='ltr'>potestatem</span> <span class='ocrx_word' id='word_1_658' title='bbox 1433 2072 1550 2096; x_wconf 89' lang='lat' dir='ltr'>meam</span> <span class='ocrx_word' id='word_1_659' title='bbox 1571 2073 1619 2108; x_wconf 87' lang='lat' dir='ltr'>es,</span> <span class='ocrx_word' id='word_1_660' title='bbox 1646 2074 1686 2099; x_wconf 90' lang='lat' dir='ltr'>eo</span> <span class='ocrx_word' id='word_1_661' title='bbox 1706 2061 1742 2099; x_wconf 90' lang='lat'>9.</span> <span class='ocrx_word' id='word_1_662' title='bbox 1769 2063 1882 2112; x_wconf 84' lang='lat' dir='ltr'>Quod</span> <span class='ocrx_word' id='word_1_663' title='bbox 1900 2072 1941 2102; x_wconf 85' lang='lat' dir='ltr'>tu</span> <span class='ocrx_word' id='word_1_664' title='bbox 1961 2079 2060 2103; x_wconf 72' lang='lat' dir='ltr'>uxor</span> <span class='ocrx_word' id='word_1_665' title='bbox 2080 2069 2161 2119; x_wconf 82' lang='lat' dir='ltr'>ejus</span> 
     </span>
     <span class='ocr_line' id='line_1_85' title="bbox 1202 2117 2160 2180; baseline 0.011 -26"><span class='ocrx_word' id='word_1_666' title='bbox 1202 2119 1269 2155; x_wconf 84' lang='lat' dir='ltr'>sis.</span> <span class='ocrx_word' id='word_1_667' title='bbox 1291 2117 1382 2156; x_wconf 89' lang='lat' dir='ltr'>Cum</span> <span class='ocrx_word' id='word_1_668' title='bbox 1396 2119 1508 2170; x_wconf 82' lang='lat' dir='ltr'>igitur</span> <span class='ocrx_word' id='word_1_669' title='bbox 1520 2135 1612 2159; x_wconf 78' lang='lat' dir='ltr'>uxor</span> <span class='ocrx_word' id='word_1_670' title='bbox 1622 2121 1698 2174; x_wconf 88' lang='lat' dir='ltr'>ejus</span> <span class='ocrx_word' id='word_1_671' title='bbox 1712 2122 1775 2173; x_wconf 80' lang='lat' dir='ltr'>sis,</span> <span class='ocrx_word' id='word_1_672' title='bbox 1795 2125 2160 2180; x_wconf 41' lang='lat' dir='ltr'>Quomodo-faciam</span> 
     </span>
     <span class='ocr_line' id='line_1_86' title="bbox 1203 2179 2161 2235; baseline 0.013 -20"><span class='ocrx_word' id='word_1_673' title='bbox 1203 2179 1276 2216; x_wconf 78' lang='lat' dir='ltr'>hoc</span> <span class='ocrx_word' id='word_1_674' title='bbox 1293 2181 1441 2218; x_wconf 84' lang='lat' dir='ltr'>malum</span> <span class='ocrx_word' id='word_1_675' title='bbox 1454 2183 1631 2229; x_wconf 82' lang='lat' dir='ltr'>verbum,</span> <span class='ocrx_word' id='word_1_676' title='bbox 1653 2192 1690 2221; x_wconf 86' lang='lat' dir='ltr'>et</span> <span class='ocrx_word' id='word_1_677' title='bbox 1707 2187 1878 2235; x_wconf 84' lang='lat' dir='ltr'>peccabo</span> <span class='ocrx_word' id='word_1_678' title='bbox 1894 2200 2026 2225; x_wconf 86' lang='lat' dir='ltr'>coram</span> <span class='ocrx_word' id='word_1_679' title='bbox 2046 2189 2131 2226; x_wconf 91' lang='lat' dir='ltr'>Deo</span> <span class='ocrx_word' id='word_1_680' title='bbox 2144 2193 2161 2226; x_wconf 69' lang='grc' dir='ltr'><strong><em>Ρ</em></strong></span> 
     </span>
     <span class='ocr_line' id='line_1_87' title="bbox 1202 2239 2162 2300; baseline 0.013 -23"><span class='ocrx_word' id='word_1_681' title='bbox 1202 2239 1383 2286; x_wconf 83' lang='lat' dir='ltr'>Quoniam</span> <span class='ocrx_word' id='word_1_682' title='bbox 1401 2242 1496 2280; x_wconf 88' lang='lat' dir='ltr'>enim</span> <span class='ocrx_word' id='word_1_683' title='bbox 1515 2243 1579 2281; x_wconf 85' lang='lat' dir='ltr'>illa</span> <span class='ocrx_word' id='word_1_684' title='bbox 1603 2244 1836 2284; x_wconf 87' lang='lat' dir='ltr'>solitudinem</span> <span class='ocrx_word' id='word_1_685' title='bbox 1866 2247 2095 2300; x_wconf 70' lang='lat' dir='ltr'>observabat,</span> <span class='ocrx_word' id='word_1_686' title='bbox 2127 2259 2162 2288; x_wconf 89' lang='lat' dir='ltr'>et</span> 
     </span>
     <span class='ocr_line' id='line_1_88' title="bbox 1202 2304 2161 2361; baseline 0.013 -23"><span class='ocrx_word' id='word_1_687' title='bbox 1202 2309 1342 2354; x_wconf 86' lang='lat' dir='ltr'>tempus</span> <span class='ocrx_word' id='word_1_688' title='bbox 1355 2304 1584 2356; x_wconf 80' lang='lat' dir='ltr'>exspectabat</span> <span class='ocrx_word' id='word_1_689' title='bbox 1609 2320 1680 2356; x_wconf 91' lang='lat' dir='ltr'>quo</span> <span class='ocrx_word' id='word_1_690' title='bbox 1702 2306 1813 2346; x_wconf 85' lang='lat' dir='ltr'>latere</span> <span class='ocrx_word' id='word_1_691' title='bbox 1826 2318 1947 2361; x_wconf 88' lang='lat' dir='ltr'>posset</span> <span class='ocrx_word' id='word_1_692' title='bbox 1969 2310 2106 2361; x_wconf 72' lang='lat' dir='ltr'>virum,</span> <span class='ocrx_word' id='word_1_693' title='bbox 2127 2321 2161 2349; x_wconf 90' lang='lat' dir='ltr'>et</span> 
     </span>
     <span class='ocr_line' id='line_1_89' title="bbox 1202 2365 2159 2422; baseline 0.009 -22"><span class='ocrx_word' id='word_1_694' title='bbox 1202 2376 1323 2402; x_wconf 90' lang='lat' dir='ltr'>omnes</span> <span class='ocrx_word' id='word_1_695' title='bbox 1353 2365 1415 2415; x_wconf 87' lang='lat' dir='ltr'>qui</span> <span class='ocrx_word' id='word_1_696' title='bbox 1448 2365 1485 2403; x_wconf 91' lang='lat' dir='ltr'>in</span> <span class='ocrx_word' id='word_1_697' title='bbox 1512 2368 1620 2405; x_wconf 87' lang='lat' dir='ltr'>domo</span> <span class='ocrx_word' id='word_1_698' title='bbox 1651 2378 1762 2418; x_wconf 85' lang='lat' dir='ltr'>erant,</span> <span class='ocrx_word' id='word_1_699' title='bbox 1802 2369 1922 2408; x_wconf 85' lang='lat' dir='ltr'>dicit:</span> <span class='ocrx_word' id='word_1_700' title='bbox 1959 2374 2159 2422; x_wconf 75' lang='lat' dir='ltr'>Quomodo</span> 
     </span>
     <span class='ocr_line' id='line_1_90' title="bbox 1200 2427 2158 2484; baseline 0.011 -23"><span class='ocrx_word' id='word_1_701' title='bbox 1200 2433 1334 2476; x_wconf 76' lang='lat' dir='ltr'>potero</span> <span class='ocrx_word' id='word_1_702' title='bbox 1349 2427 1485 2478; x_wconf 85' lang='lat' dir='ltr'>facere</span> <span class='ocrx_word' id='word_1_703' title='bbox 1503 2429 1651 2467; x_wconf 84' lang='lat' dir='ltr'>malum</span> <span class='ocrx_word' id='word_1_704' title='bbox 1667 2431 1752 2477; x_wconf 80' lang='lat' dir='ltr'>hoc,</span> <span class='ocrx_word' id='word_1_705' title='bbox 1786 2441 1823 2470; x_wconf 86' lang='lat' dir='ltr'>et</span> <span class='ocrx_word' id='word_1_706' title='bbox 1835 2435 2004 2484; x_wconf 85' lang='lat' dir='ltr'>peccabo</span> <span class='ocrx_word' id='word_1_707' title='bbox 2026 2449 2158 2472; x_wconf 83' lang='lat' dir='ltr'>coram</span> 
     </span>
     <span class='ocr_line' id='line_1_91' title="bbox 1201 2487 2156 2544; baseline 0.01 -21"><span class='ocrx_word' id='word_1_708' title='bbox 1201 2487 1313 2525; x_wconf 78' lang='lat' dir='ltr'>Deo?</span> <span class='ocrx_word' id='word_1_709' title='bbox 1330 2487 1432 2536; x_wconf 87' lang='lat' dir='ltr'>Quid</span> <span class='ocrx_word' id='word_1_710' title='bbox 1453 2489 1548 2527; x_wconf 87' lang='lat' dir='ltr'>enim</span> <span class='ocrx_word' id='word_1_711' title='bbox 1579 2492 1710 2544; x_wconf 78' lang='lat' dir='ltr'>putas?</span> <span class='ocrx_word' id='word_1_712' title='bbox 1728 2491 1878 2531; x_wconf 85' lang='lat' dir='ltr'>Etiamsi</span> <span class='ocrx_word' id='word_1_713' title='bbox 1902 2494 2091 2533; x_wconf 83' lang='lat' dir='ltr'>fecerimus</span> <span class='ocrx_word' id='word_1_714' title='bbox 2119 2505 2156 2533; x_wconf 91' lang='lat' dir='ltr'>ut</span> 
     </span>
     <span class='ocr_line' id='line_1_92' title="bbox 1202 2548 2155 2608; baseline 0.008 -22"><span class='ocrx_word' id='word_1_715' title='bbox 1202 2562 1258 2587; x_wconf 89' lang='lat' dir='ltr'>res</span> <span class='ocrx_word' id='word_1_716' title='bbox 1272 2548 1363 2587; x_wconf 81' lang='lat' dir='ltr'>clam</span> <span class='ocrx_word' id='word_1_717' title='bbox 1376 2549 1422 2588; x_wconf 88' lang='lat' dir='ltr'>sit</span> <span class='ocrx_word' id='word_1_718' title='bbox 1442 2552 1622 2599; x_wconf 89' lang='lat' dir='ltr'>omnibus,</span> <span class='ocrx_word' id='word_1_719' title='bbox 1643 2552 1788 2591; x_wconf 90' lang='lat' dir='ltr'>oculum</span> <span class='ocrx_word' id='word_1_720' title='bbox 1803 2562 1920 2592; x_wconf 89' lang='lat' dir='ltr'>tamen</span> <span class='ocrx_word' id='word_1_721' title='bbox 1952 2555 2070 2605; x_wconf 82' lang='lat' dir='ltr'>illum,</span> <span class='ocrx_word' id='word_1_722' title='bbox 2092 2557 2155 2608; x_wconf 90' lang='lat' dir='ltr'>qui</span> 
     </span>
     <span class='ocr_line' id='line_1_93' title="bbox 1197 2609 2188 2668; baseline 0.008 -20"><span class='ocrx_word' id='word_1_723' title='bbox 1197 2609 1392 2650; x_wconf 88' lang='lat' dir='ltr'>dormitare</span> <span class='ocrx_word' id='word_1_724' title='bbox 1405 2613 1541 2664; x_wconf 84' lang='lat' dir='ltr'>nequit,</span> <span class='ocrx_word' id='word_1_725' title='bbox 1574 2613 1684 2652; x_wconf 89' lang='lat' dir='ltr'>latere</span> <span class='ocrx_word' id='word_1_726' title='bbox 1704 2629 1773 2652; x_wconf 92' lang='lat' dir='ltr'>non</span> <span class='ocrx_word' id='word_1_727' title='bbox 1805 2616 2000 2668; x_wconf 88' lang='lat' dir='ltr'>poterimus</span> <span class='ocrx_word' id='word_1_728' title='bbox 2022 2633 2030 2653; x_wconf 75' lang='grc' dir='ltr'>ε</span> <span class='ocrx_word' id='word_1_729' title='bbox 2050 2618 2155 2657; x_wconf 86' lang='lat' dir='ltr'>illum</span> <span class='ocrx_word' id='word_1_730' title='bbox 2169 2613 2188 2630; x_wconf 75' lang='lat'>²²</span> 
     </span>
     <span class='ocr_line' id='line_1_94' title="bbox 1199 2672 2156 2730; baseline 0.009 -21"><span class='ocrx_word' id='word_1_731' title='bbox 1199 2672 1316 2710; x_wconf 90' lang='lat' dir='ltr'>solum</span> <span class='ocrx_word' id='word_1_732' title='bbox 1337 2673 1462 2711; x_wconf 89' lang='lat' dir='ltr'>timere</span> <span class='ocrx_word' id='word_1_733' title='bbox 1480 2683 1631 2726; x_wconf 89' lang='lat' dir='ltr'>oportet,</span> <span class='ocrx_word' id='word_1_734' title='bbox 1652 2684 1685 2713; x_wconf 90' lang='lat' dir='ltr'>et</span> <span class='ocrx_word' id='word_1_735' title='bbox 1707 2684 1855 2714; x_wconf 86' lang='lat' dir='ltr'>tremere</span> <span class='ocrx_word' id='word_1_736' title='bbox 1890 2691 1930 2715; x_wconf 87' lang='lat' dir='ltr'>ac</span> <span class='ocrx_word' id='word_1_737' title='bbox 1950 2692 2094 2730; x_wconf 79' lang='lat' dir='ltr'>pavere,</span> <span class='ocrx_word' id='word_1_738' title='bbox 2117 2689 2156 2718; x_wconf 88' lang='lat' dir='ltr'>ut</span> 
     </span>
     <span class='ocr_line' id='line_1_95' title="bbox 1197 2733 2154 2791; baseline 0.008 -20"><span class='ocrx_word' id='word_1_739' title='bbox 1197 2747 1239 2771; x_wconf 90' lang='lat' dir='ltr'>ne</span> <span class='ocrx_word' id='word_1_740' title='bbox 1260 2733 1295 2772; x_wconf 93' lang='lat' dir='ltr'>in</span> <span class='ocrx_word' id='word_1_741' title='bbox 1319 2744 1510 2787; x_wconf 83' lang='lat' dir='ltr'>conspectu</span> <span class='ocrx_word' id='word_1_742' title='bbox 1544 2736 1621 2788; x_wconf 87' lang='lat' dir='ltr'>ejus</span> <span class='ocrx_word' id='word_1_743' title='bbox 1646 2736 1732 2774; x_wconf 81' lang='lat' dir='ltr'>mali</span> <span class='ocrx_word' id='word_1_744' title='bbox 1766 2737 1955 2791; x_wconf 84' lang='lat' dir='ltr'>quidpiam</span> <span class='ocrx_word' id='word_1_745' title='bbox 1969 2740 2154 2781; x_wconf 82' lang='lat' dir='ltr'>faciamus.</span> 
     </span>
     <span class='ocr_line' id='line_1_96' title="bbox 1196 2794 2155 2849; baseline 0.009 -17"><span class='ocrx_word' id='word_1_746' title='bbox 1196 2794 1244 2833; x_wconf 90' lang='lat' dir='ltr'>Et</span> <span class='ocrx_word' id='word_1_747' title='bbox 1276 2805 1316 2834; x_wconf 86' lang='lat' dir='ltr'>ut</span> <span class='ocrx_word' id='word_1_748' title='bbox 1330 2795 1512 2835; x_wconf 86' lang='lat' dir='ltr'>discamus</span> <span class='ocrx_word' id='word_1_749' title='bbox 1526 2797 1617 2849; x_wconf 87' lang='lat' dir='ltr'>justi</span> <span class='ocrx_word' id='word_1_750' title='bbox 1644 2798 1876 2838; x_wconf 77' lang='lat' dir='ltr'>excellentem</span> <span class='ocrx_word' id='word_1_751' title='bbox 1901 2800 2088 2847; x_wconf 85' lang='lat' dir='ltr'>virtutem,</span> <span class='ocrx_word' id='word_1_752' title='bbox 2122 2813 2155 2842; x_wconf 87' lang='lat' dir='ltr'>et</span> 
     </span>
     <span class='ocr_line' id='line_1_97' title="bbox 1195 2856 2153 2913; baseline 0.007 -19"><span class='ocrx_word' id='word_1_753' title='bbox 1195 2870 1276 2894; x_wconf 89' lang='lat' dir='ltr'>eum</span> <span class='ocrx_word' id='word_1_754' title='bbox 1291 2869 1359 2894; x_wconf 90' lang='lat' dir='ltr'>non</span> <span class='ocrx_word' id='word_1_755' title='bbox 1376 2857 1483 2894; x_wconf 91' lang='lat' dir='ltr'>semel</span> <span class='ocrx_word' id='word_1_756' title='bbox 1502 2870 1615 2907; x_wconf 89' lang='lat' dir='ltr'>neque</span> <span class='ocrx_word' id='word_1_757' title='bbox 1637 2856 1705 2906; x_wconf 89' lang='lat' dir='ltr'>bis,</span> <span class='ocrx_word' id='word_1_758' title='bbox 1733 2857 1794 2896; x_wconf 89' lang='lat' dir='ltr'>sed</span> <span class='ocrx_word' id='word_1_759' title='bbox 1819 2868 1853 2897; x_wconf 89' lang='lat' dir='ltr'>et</span> <span class='ocrx_word' id='word_1_760' title='bbox 1882 2860 2011 2913; x_wconf 70' lang='lat' dir='ltr'>saeprius</span> <span class='ocrx_word' id='word_1_761' title='bbox 2037 2872 2153 2901; x_wconf 83' lang='lat' dir='ltr'>certa—</span> 
     </span>
     <span class='ocr_line' id='line_1_98' title="bbox 1195 2917 2154 2971; baseline 0.008 -17"><span class='ocrx_word' id='word_1_762' title='bbox 1195 2932 1275 2955; x_wconf 87' lang='lat' dir='ltr'>men</span> <span class='ocrx_word' id='word_1_763' title='bbox 1298 2917 1365 2955; x_wconf 89' lang='lat' dir='ltr'>hoc</span> <span class='ocrx_word' id='word_1_764' title='bbox 1390 2917 1613 2966; x_wconf 85' lang='lat' dir='ltr'>sustinuisse,</span> <span class='ocrx_word' id='word_1_765' title='bbox 1636 2927 1670 2956; x_wconf 87' lang='lat' dir='ltr'>et</span> <span class='ocrx_word' id='word_1_766' title='bbox 1685 2919 1910 2971; x_wconf 87' lang='lat' dir='ltr'>colloquium</span> <span class='ocrx_word' id='word_1_767' title='bbox 1930 2921 1999 2960; x_wconf 84' lang='lat' dir='ltr'>hoe</span> <span class='ocrx_word' id='word_1_768' title='bbox 2020 2923 2154 2971; x_wconf 88' lang='lat' dir='ltr'>tulisse,</span> 
     </span>
     <span class='ocr_line' id='line_1_99' title="bbox 1195 2978 2151 3037; baseline 0.005 -21"><span class='ocrx_word' id='word_1_769' title='bbox 1195 2978 1449 3029; x_wconf 86' lang='lat' dir='ltr'>consulereque</span> <span class='ocrx_word' id='word_1_770' title='bbox 1467 2992 1535 3016; x_wconf 92' lang='lat' dir='ltr'>non</span> <span class='ocrx_word' id='word_1_771' title='bbox 1562 2979 1765 3028; x_wconf 85' lang='lat' dir='ltr'>cessavisse,</span> <span class='ocrx_word' id='word_1_772' title='bbox 1799 2981 1923 3021; x_wconf 88' lang='lat' dir='ltr'>subdit</span> <span class='ocrx_word' id='word_1_773' title='bbox 1939 2983 2124 3037; x_wconf 86' lang='lat' dir='ltr'>Scriptura</span> <span class='ocrx_word' id='word_1_774' title='bbox 2144 3002 2151 3021; x_wconf 90' lang='lat'>:</span> 
     </span>
     <span class='ocr_line' id='line_1_100' title="bbox 1196 3039 2151 3091; baseline 0.008 -16"><span class='ocrx_word' id='word_1_775' title='bbox 1196 3040 1259 3076; x_wconf 74' lang='lat' dir='ltr'>to.</span> <span class='ocrx_word' id='word_1_776' title='bbox 1280 3039 1377 3076; x_wconf 82' lang='lat' dir='ltr'>Cum</span> <span class='ocrx_word' id='word_1_777' title='bbox 1400 3046 1529 3075; x_wconf 81' lang='lat' dir='ltr'>autem</span> <span class='ocrx_word' id='word_1_778' title='bbox 1546 3039 1764 3091; x_wconf 83' lang='lat' dir='ltr'>loqueretur</span> <span class='ocrx_word' id='word_1_779' title='bbox 1781 3042 1829 3079; x_wconf 83' lang='lat' dir='ltr'>de</span> <span class='ocrx_word' id='word_1_780' title='bbox 1847 3043 1910 3080; x_wconf 82' lang='lat' dir='ltr'>die</span> <span class='ocrx_word' id='word_1_781' title='bbox 1923 3046 1964 3080; x_wconf 82' lang='lat' dir='ltr'>in</span> <span class='ocrx_word' id='word_1_782' title='bbox 1978 3045 2094 3091; x_wconf 84' lang='lat' dir='ltr'>diem,</span> <span class='ocrx_word' id='word_1_783' title='bbox 2115 3055 2151 3083; x_wconf 86' lang='lat' dir='ltr'>et</span> 
     </span>
     <span class='ocr_line' id='line_1_101' title="bbox 1195 3100 2151 3145; baseline 0.008 -8"><span class='ocrx_word' id='word_1_784' title='bbox 1195 3115 1273 3138; x_wconf 85' lang='lat' dir='ltr'>non</span> <span class='ocrx_word' id='word_1_785' title='bbox 1293 3101 1461 3137; x_wconf 83' lang='lat' dir='ltr'>obediret</span> <span class='ocrx_word' id='word_1_786' title='bbox 1474 3102 1509 3137; x_wconf 86' lang='lat' dir='ltr'>ei</span> <span class='ocrx_word' id='word_1_787' title='bbox 1522 3115 1532 3135; x_wconf 94' lang='lat'><em>:</em></span> <span class='ocrx_word' id='word_1_788' title='bbox 1552 3100 1612 3138; x_wconf 91' lang='lat' dir='ltr'>ubi</span> <span class='ocrx_word' id='word_1_789' title='bbox 1628 3101 1832 3141; x_wconf 87' lang='lat' dir='ltr'>observavit</span> <span class='ocrx_word' id='word_1_790' title='bbox 1848 3104 1884 3142; x_wconf 92' lang='lat' dir='ltr'>in</span> <span class='ocrx_word' id='word_1_791' title='bbox 1895 3104 2002 3143; x_wconf 90' lang='lat' dir='ltr'>domo</span> <span class='ocrx_word' id='word_1_792' title='bbox 2021 3106 2151 3145; x_wconf 87' lang='lat' dir='ltr'>sacien-</span> 
     </span>
     <span class='ocr_line' id='line_1_102' title="bbox 1194 3160 2148 3217; baseline 0.006 -17"><span class='ocrx_word' id='word_1_793' title='bbox 1194 3171 1264 3200; x_wconf 89' lang='lat' dir='ltr'>tem</span> <span class='ocrx_word' id='word_1_794' title='bbox 1292 3160 1443 3212; x_wconf 81' lang='lat' dir='ltr'>aliquid,</span> <span class='ocrx_word' id='word_1_795' title='bbox 1477 3161 1607 3200; x_wconf 81' lang='lat' dir='ltr'>assiliit</span> <span class='ocrx_word' id='word_1_796' title='bbox 1649 3163 1685 3202; x_wconf 88' lang='lat' dir='ltr'>in</span> <span class='ocrx_word' id='word_1_797' title='bbox 1716 3165 1902 3217; x_wconf 76' lang='lat' dir='ltr'>juvenem,</span> <span class='ocrx_word' id='word_1_798' title='bbox 1945 3168 2037 3206; x_wconf 91' lang='lat' dir='ltr'>sicut</span> <span class='ocrx_word' id='word_1_799' title='bbox 2079 3169 2148 3206; x_wconf 86' lang='lat' dir='ltr'>sera</span> 
     </span>
     <span class='ocr_line' id='line_1_103' title="bbox 1192 3221 2148 3279; baseline 0.005 -18"><span class='ocrx_word' id='word_1_800' title='bbox 1192 3223 1360 3261; x_wconf 89' lang='lat' dir='ltr'>dentibus</span> <span class='ocrx_word' id='word_1_801' title='bbox 1394 3221 1574 3273; x_wconf 80' lang='lat' dir='ltr'>frendens,</span> <span class='ocrx_word' id='word_1_802' title='bbox 1604 3232 1637 3262; x_wconf 90' lang='lat' dir='ltr'>et</span> <span class='ocrx_word' id='word_1_803' title='bbox 1659 3225 1895 3279; x_wconf 75' lang='lat' dir='ltr'>‘apprehensis</span> <span class='ocrx_word' id='word_1_804' title='bbox 1930 3229 2148 3266; x_wconf 74' lang='lat' dir='ltr'>vestimentis</span> 
     </span>
    </p>
   </div>
   <div class='ocr_carea' id='block_1_13' title="bbox 1184 3287 2147 3344">
    <p class='ocr_par' dir='ltr' id='par_1_14' title="bbox 1184 3287 2147 3344">
     <span class='ocr_line' id='line_1_104' title="bbox 1184 3287 2147 3344; baseline 0.005 -18"><span class='ocrx_word' id='word_1_805' title='bbox 1184 3287 1296 3326; x_wconf 87' lang='lat' dir='ltr'>tenuit</span> <span class='ocrx_word' id='word_1_806' title='bbox 1311 3302 1404 3326; x_wconf 90' lang='lat' dir='ltr'>eum.</span> <span class='ocrx_word' id='word_1_807' title='bbox 1437 3289 1515 3326; x_wconf 73' lang='lat' dir='ltr'>Non</span> <span class='ocrx_word' id='word_1_808' title='bbox 1548 3287 1761 3343; x_wconf 84' lang='lat' dir='ltr'>simpliciter</span> <span class='ocrx_word' id='word_1_809' title='bbox 1788 3291 1855 3330; x_wconf 87' lang='lat' dir='ltr'>boe</span> <span class='ocrx_word' id='word_1_810' title='bbox 1881 3301 2147 3344; x_wconf 67' lang='lat' dir='ltr'>praetereamus,</span> 
     </span>
    </p>
   </div>
   <div class='ocr_carea' id='block_1_14' title="bbox 2191 2521 2360 2591">
    <p class='ocr_par' dir='ltr' id='par_1_15' title="bbox 2191 2521 2360 2591">
     <span class='ocr_line' id='line_1_105' title="bbox 2191 2521 2359 2549; baseline -0.012 -1"><span class='ocrx_word' id='word_1_811' title='bbox 2191 2521 2268 2548; x_wconf 60' lang='lat' dir='ltr'>Dens*</span> <span class='ocrx_word' id='word_1_812' title='bbox 2282 2523 2359 2549; x_wconf 59' lang='lat' dir='ltr'>Solu:</span> 
     </span>
     <span class='ocr_line' id='line_1_106' title="bbox 2211 2565 2360 2591; baseline 0.007 -2"><span class='ocrx_word' id='word_1_813' title='bbox 2211 2565 2360 2591; x_wconf 64' lang='lat' dir='ltr'>timendus</span> 
     </span>
    </p>
   </div>
   <div class='ocr_carea' id='block_1_15' title="bbox 2191 2604 2260 2634">
    <p class='ocr_par' dir='ltr' id='par_1_16' title="bbox 2191 2604 2260 2634">
     <span class='ocr_line' id='line_1_107' title="bbox 2191 2604 2260 2634; baseline 0 -3"><span class='ocrx_word' id='word_1_814' title='bbox 2191 2604 2260 2634; x_wconf 65' lang='lat' dir='ltr'>ltur.</span> 
     </span>
    </p>
   </div>
  </div>
 </body>
</html>
