2516 3791
667 231 706 260 ΙΝ
745 230 847 259 (m).
888 229 948 258 tx.
987 227 1146 257 mixtis.

71 320 198 371 τεχνῶν
229 315 501 365 ἐπιτηδεύματα.
528 312 572 352 ‘0
592 312 659 365 γὰρ
679 315 815 365 πρῶτος
842 311 904 357 τὴν
927 309 1090 364 ἐργασίαν

70 374 146 432 εὗρε
164 380 226 424 τῆς
253 379 336 428 γῆς,
356 379 374 414 ὃ
393 377 468 427 μετ’
490 375 591 414 αὐτὸν
617 373 680 420 τὴν
710 371 956 423 ποιμαντικὴν,
977 371 1091 424 ἕτερος

69 439 130 487 τὴν
163 436 427 490 κτηνοτροφίαν,
449 436 508 474 καὶ
539 435 642 477 ἄλλος
668 434 731 480 τὴν
764 432 948 485 μουσικὴν,
975 432 1091 484 ἕτερος

68 499 129 547 τὴν
145 498 380 552 χαλκευτικήν
396 513 403 521 ·
422 492 519 541 οὗτος
538 495 574 535 δὲ
589 498 606 533 ὁ
624 495 754 539 δίκαιος
771 495 834 542 τὴν
858 496 1092 545 ἀμπελουργι-
1115 499 1139 529 E
1165 521 1179 529 r

68 560 131 608 χὴν
155 560 224 598 ἀπὸ
254 562 315 606 τῆς
343 561 546 611 ἐγκειμένης
573 559 617 609 τῇ
641 556 740 609 φύσει
767 555 993 598 διδασκαλίας
1012 557 1093 593 ἐπε·

68 621 181 668 νόησε.
206 622 276 660 Καὶ
304 621 453 673 ἤρξατο,
486 620 593 673 φησὶ,
623 621 702 657 ’Νῶε
733 618 911 669 ἄνθρωπος
939 616 1092 668 γεωργὸς

69 687 153 735 γῆς,
190 684 249 722 καὶ
288 683 468 736 ἐφύτευσεν
502 683 717 764 ἀμπελῶνα
710 709 719 725 ,
755 679 815 717 καὶ
847 678 942 717 ἔπιεν
972 679 1012 714 ἐκ
1032 682 1092 716 τοῦ

71 744 181 791 οινου,
204 744 262 782 καὶ
292 743 476 795 {meolati-r..
505 741 637 780 Σκόπει
665 756 739 783 πως
771 739 810 776 τὸ
845 741 907 784 τῆς
942 736 1091 787 ἀθυμίας

71 805 320 858 φάρμακον,τὸ
343 807 404 850 τῆς
421 802 553 854 ὑγιείας
571 800 766 846 ποιητικὸν,
789 797 909 845 ἐπειδὴ
931 799 978 841 εἷς
1004 799 1091 847 ἀμε-

71 864 169 917 τρίαν
188 864 338 917 ὑπερέὸη
368 863 423 901 δια
447 862 555 909 div*
533 877 687 913 αγνοιαν,
709 862 746 898 οὖ
764 859 867 910 μόνον
889 859 984 897 οὐδέν
1001 857 1092 910 ὠφέ-

69 928 174 972 λησεν
196 925 311 971 αὐτὸν,
331 923 421 962 ἀλλὰ
442 938 501 960 και
518 922 716 972 ἐλυμήνατο
733 921 837 959 αὐτοῦ
855 923 898 971 τῇ
916 919 1092 957 καταστά-
1107 950 1153 976 282

70 1002 134 1024 σει.
148 985 237 1024 Ἀλλ’
256 985 338 1028 ἴσως
357 983 448 1022 εἴποι
467 999 518 1027 τις
529 983 570 1021 ἄν
583 998 590 1004 ·
609 981 668 1020 καὶ
684 981 775 1024 τίνος
789 980 905 1018 ἕνεκεν
921 979 1092 1018 τοσούτων
1117 987 1143 1016 Λ

70 1046 177 1098 γέμον
211 1049 328 1084 κακῶν
361 1060 464 1097 φυτον
505 1046 552 1088 εἷς
584 1042 641 1081 τὸν
680 1042 754 1094 βίον
786 1041 996 1094 εἰσηνέχθη·
988 1072 997 1089 ,
1031 1041 1092 1089 Μὴ

72 1108 190 1151 ἁπλῶς
206 1106 251 1145 τὰ
266 1106 408 1145 ἐπιόντα
427 1104 596 1158 φθέγγου,
618 1104 791 1155 ἄνθρωπε.
815 1104 868 1141 Οὐ
891 1102 958 1154 γὰρ
973 1102 1014 1141 τὸ
1029 1118 1094 1154 φυ-

71 1167 128 1205 τὸν
162 1183 281 1214 κακον,
312 1167 370 1205 οὔτ
358 1183 389 1204 ε
419 1168 437 1203 ὃ
468 1169 555 1208 οἰνος
590 1163 754 1216 πονηρὸν,
775 1165 851 1201 ἀλλ’
883 1166 904 1209 ἡ
934 1162 1032 1215 παρὰ
1054 1163 1094 1201 τὸ

72 1229 146 1267 δέον
162 1230 299 1280 χρῆσις.
318 1227 405 1266 Οτι
420 1242 487 1279 γαρ
506 1228 544 1264 οὗ
565 1224 661 1279 παρὰ
680 1225 738 1262 τὸν
762 1229 851 1262 οἶνον
871 1240 915 1261 τα
934 1223 1094 1276 ἁμαρτή-

73 1305 167 1339 ματα
185 1289 229 1326 τὰ
256 1288 395 1339 ὀλέθρια
420 1287 600 1332 τίκτεται,
620 1286 710 1325 ἀλλὰ
736 1285 834 1338 παρὰ
851 1285 914 1333 τὴν
932 1286 1095 1339 διεφθαρ-

74 1350 180 1399 μένην
196 1349 351 1401 γνώμην,
371 1347 431 1386 καὶ
458 1351 508 1400 τῷ
535 1350 579 1398 τῇ
608 1347 760 1400 ἀμετρία
785 1347 1016 1397 λυμαίνεσθαι
1029 1346 1094 1393 τὴν

73 1415 111 1449 ἐκ
126 1412 246 1449 τούτου
265 1409 488 1461 ἐγγινομένην
509 1408 680 1460 ὠφέλειαν
697 1423 704 1431 ·
725 1407 783 1446 διὰ
804 1412 906 1446 τοῦτο
925 1411 983 1446 νῦν
1005 1407 1095 1459 μετὰ

73 1473 130 1510 τὸν
155 1471 401 1522 κατακλυσμὸν
432 1469 583 1508 δείκνυσί
611 1485 667 1508 σοι
702 1472 761 1507 τοῦ
793 1469 884 1508 οἴνου
912 1468 975 1517 τὴν
1006 1471 1095 1521 χρῆ-

75 1550 142 1581 σιν,
157 1533 213 1571 ἵνα
247 1532 360 1583 μάθῃς
389 1531 441 1570 ὅτι
470 1531 529 1569 καὶ
548 1531 617 1583 πρὸ
644 1534 706 1577 τ’ῆς
734 1535 794 1570 τοῦ
825 1530 915 1570 οἴνου
935 1530 1095 1584 χρήσεως

73 1595 132 1633 καὶ
166 1597 212 1638 εἷς
244 1593 427 1646 ἀσέλγειαν
457 1592 743 1645 ὑπερὸάλλουσαν
770 1592 948 1638 ἐξώκειλεν
975 1597 997 1640 ἡ
1025 1595 1093 1631 τῶν

75 1658 264 1708 ἀνθρώπων
286 1655 405 1708 φύσις,
425 1655 483 1692 καὶ
502 1653 634 1701 πολλὴν
655 1657 723 1692 τῶν
749 1655 1016 1707 ἁμαρτημάτων
1031 1654 1096 1702 τὴν

74 1716 232 1756 ἐπίτασιν
262 1716 477 1764 ἐπεδείξατο,
496 1716 557 1754 καὶ
575 1719 686 1754 ταῦτα
705 1715 795 1754 οἴνου
825 1717 988 1766 μηδαμοῦ
1018 1731 1097 1768 φαι-

75 1778 217 1827 νομένου
231 1794 238 1801 ·
258 1777 313 1815 ἵνα
333 1776 393 1816 καὶ
414 1776 495 1815 ὅταν
515 1776 588 1829 ἴδῃς
615 1776 678 1823 τὴν
697 1780 757 1815 τοῦ
775 1776 867 1814 οἴνου
889 1779 1029 1828 χρῆσιν,
1048 1776 1097 1828 μὴ

75 1840 125 1890 τῷ
144 1838 224 1889 οἴνῳ
240 1839 279 1876 τὸ
301 1844 368 1876 πᾶν
393 1837 535 1889 λογίσῃ,
566 1836 657 1875 ἀλλὰ
678 1840 720 1888 τῇ
740 1837 941 1889 προαιρέσει
967 1840 1010 1889 τῇ
1031 1839 1099 1875 διε·

78 1899 256 1951 φθαρμένῃ
268 1929 276 1944 ,
292 1899 351 1937 καὶ
365 1900 449 1951 πρὸς
464 1898 525 1946 τὴν
541 1898 667 1936 κακίαν
679 1897 1101 1949 αὖτομολησάσῃ.Ἄλλως

77 1960 113 1998 δὲ
146 1959 205 1998 καὶ
233 1959 391 2007 ἐννόησον
413 1963 478 1997 ποῦ
507 1959 680 2012 χρήσιμος
708 1958 846 2011 γέγονεν
868 1961 886 1996 ὁ
904 1952 992 2003 οἶνος
1009 1989 1018 2007 ,
1040 1960 1100 1997 καὶ

78 2019 206 2072 φρῖξον,
223 2021 394 2073 ἄνθρωπε.
411 2020 461 2058 ‘H'
472 2020 538 2072 γὰρ
554 2020 714 2063 ὑπόθεσις
728 2022 791 2065 τῆς
810 2019 983 2073 σωτηρίας
998 2023 1098 2071 ἡμῶν

76 2085 144 2120 τῶν
165 2083 301 2134 ἀγαθῶν
321 2081 378 2120 διὰ
401 2081 523 2119 τούτου
551 2083 714 2119 τελεῖται.
737 2080 873 2119 Ἰσασιν
901 2084 932 2119 οἱ
961 2097 1099 2132 μεμυη-

78 2143 173 2193 μένοι
204 2143 242 2181 τὸ
278 2143 474 2194 λεγόμενον.
510 2142 580 2180 Καὶ
610 2141 740 2193 ἤρξατο
772 2143 874 2187 ΊΝῶε,
903 2142 1020 2194 φησὶν,
1043 2142 1098 2180 ἄν·

76 2208 212 2257 θρωπος
226 2204 378 2256 γεωργὸς
400 2206 485 2254 γῆς,
516 2202 576 2240 καὶ
595 2201 776 2254 ἐφύτευσεν
802 2204 995 2253 ἀμπελῶνα
1010 2233 1019 2250 ,
1040 2204 1098 2241 καὶ

75 2265 170 2302 ἔπιεν
191 2266 230 2302 ἐκ
255 2267 314 2301 τοῦ
335 2263 425 2302 οἴνου
438 2292 448 2310 ,
468 2263 527 2302 καὶ
556 2263 728 2314 ἐμεθύσθη
741 2294 750 2311 ,
780 2262 841 2300 καὶ
858 2262 1042 2314 ἐγυμνώθη
1063 2267 1097 2303 ἐν

74 2328 124 2377 τῷ
154 2324 239 2378 οἴκῳ
282 2326 399 2363 αὐτοῦ.
429 2324 549 2362 Δεινὸν
583 2323 670 2376 γὰρ,
711 2324 834 2372 δεινὸν,
867 2323 1042 2376 ἀγαπητὲ,
1075 2324 1096 2371 ἦ

75 2386 163 2436 μέθη
178 2416 188 2433 ,
207 2386 267 2424 καὶ
287 2385 388 2433 ἱκανὴ
408 2389 573 2438 πηρῶσαι
595 2385 657 2429 τὰς
690 2385 889 2434 αἰσθήσεις,
910 2385 970 2424 καὶ
989 2402 1098 2425 κατα-

75 2447 245 2485 Gamzo-22
273 2447 330 2485 τὸν
364 2447 544 2497 λογισμόν.
564 2446 635 2486 Τὸν
656 2446 723 2499 γὰρ
741 2447 880 2498 λογικὸν
901 2448 1096 2500 ἄνθρωπον,
1121 2458 1145 2488 C

74 2508 134 2546 καὶ
150 2507 212 2554 τὴν
229 2507 319 2546 κατὰ
339 2507 480 2546 πάντων
502 2507 615 2560 ἀρχὴν
635 2508 920 2560 ἀναδεδεγμένον,
938 2508 1096 2562 καθάπερ

73 2570 192 2621 νεκρὸν
213 2569 272 2607 καὶ
292 2568 532 2620 ἀνενέργητον,
555 2570 695 2620 δεσμοῖς
721 2585 812 2608 τισιν
835 2570 972 2615 ἀλύτοις
990 2571 1098 2619 πεδή-

75 2646 166 2669 σισα
183 2633 318 2668 κεῖσθαι
349 2629 632 2683 παρασκευάζει·
661 2631 794 2681 μᾶλλον
826 2630 862 2670 δὲ
887 2647 947 2669 και
977 2636 1098 2686 νεκροῦ

74 2695 202 2742 χεῖρον.
217 2689 262 2729 Ὁ
299 2689 360 2741 μὲν
393 2690 461 2744 γὰρ
492 2690 550 2728 καὶ
581 2691 696 2754 πρὸςω
696 2691 740 2730 τὰ
765 2692 858 2731 καλὰ
876 2691 935 2731 και
954 2693 1040 2747 πρὸς
1054 2692 1099 2732 τὰ

75 2751 167 2789 κακα
187 2751 410 2804 ἀνενέργητος
441 2768 481 2789 τυ
484 2767 625 2804 (lavet,
659 2746 757 2796 οὗτος
788 2753 823 2792 δὲ
856 2769 968 2806 προς
962 2754 1024 2794 μὲν
1053 2755 1098 2794 τὰ

76 2811 205 2850 καλὰ’
187 2811 431 2864 ανενέργητος,
461 2812 548 2865 πρὸς
567 2814 602 2851 δὲ
622 2813 667 2852 τὰ
685 2814 779 2853 κακὰ
801 2816 964 2865 μᾶλλον’
949 2823 1098 2869 ενεργεῖ,

77 2871 136 2909 καὶ
156 2873 266 2916 κοινὸς
285 2879 372 2911 πᾶσι
391 2873 500 2925 γέλως
519 2873 721 2928 πρόκειται,
741 2875 801 2914 καὶ
819 2879 862 2928 τῇ
882 2877 1021 2928 γυναικὶ
1039 2877 1099 2916 καὶ

76 2939 146 2976 τοῖς
160 2933 310 2977 παιδίοις
330 2934 389 2972 καὶ
404 2936 519 2979 αὐτοῖς
544 2941 614 2980 τοῖς
632 2936 794 2981 οἰκέταις.
811 2939 858 2976 Οἱ
880 2937 942 2988 μὲν
960 2938 1028 2991 γὰρ
1045 2938 1100 2992 φί-

76 2995 129 3032 λοι
143 2993 271 3032 οἰκείαν
291 2993 353 3041 τὴν
374 2995 542 3047 αἰσχύνην
560 2997 776 3048 λογιζόμενοι
795 2999 1075 3050 ἐγκαλύπτονται
1090 3030 1100 3048 ,

76 3054 134 3092 καὶ
145 3055 384 3108 αἶσχῦνονται,
397 3058 428 3095 οἱ
439 3058 474 3095 δὲ
490 3059 608 3132 ἐχθροὶ
619 3060 805 3112 ἐφήδονται
819 3060 878 3100 καὶ
891 3063 1100 3115 κωμῳδοῦσι
1123 3073 1148 3102 D

77 3115 135 3152 καὶ
152 3117 367 3167 ἐπαρῶνται,
385 3134 568 3171 μονονουχι
580 3125 690 3159 ταῦτα
702 3120 862 3173 λέγοντες
875 3122 919 3160 τὰ
932 3123 1098 3176 ῥήματα·

78 3179 197 3214 τοῦτον
225 3177 275 3215 δεῖ
292 3177 380 3222 δ’)ως
399 3181 484 3231 ζῇν;
503 3185 621 3220 τοῦτον
643 3183 693 3220 δεῖ
722 3184 887 3222 ἀναπνεῖν
917 3199 973 3222 τον
993 3185 1101 3237 ἀέρας

82 3253 120 3275 το
136 3236 298 3288 βόσκημα
312 3268 321 3286 ,
339 3240 396 3278 τὸν
416 3246 547 3293 χοῖρον,
567 3259 627 3281 και
646 3243 696 3282 ἔτι
718 3243 849 3282 τούτων
869 3246 1102 3298 χαλεπώτερα

83 3298 320 3349 φθεγγόμενοι.
349 3302 430 3339 Τῶν
459 3303 526 3355 γὰρ
564 3304 634 3342 ἀπὸ
663 3321 730 3343 των
760 3305 924 3356 πολέμων
959 3308 1105 3346 ἐπανελ-

84 3359 224 3406 θόντων,
244 3361 302 3398 καὶ
328 3362 389 3405 τὰς
415 3370 535 3415 γεὶρας
559 3379 634 3415 τμα
636 3366 763 3416 γμένας
784 3366 948 3418 ἐχόντων,
969 3385 1028 3407 και
1047 3385 1105 3420 ρο-

90 3418 192 3470 ραδην
208 3421 386 3472 ἀγομένων
399 3429 514 3475 χεῖρον
531 3427 589 3464 οὔτ
593 3442 623 3464 οι
639 3426 842 3466 διακεινται
851 3427 894 3467 Ι
897 3444 933 3466 κ
941 3428 1028 3472 ι’νους
1044 3429 1085 3478 μὲ
1091 3446 1106 3467 ν

1187 227 1342 258 ιιοΜιι,.
1383 227 1508 258 xxix.
2023 216 2104 259 331

1162 309 1254 348 alius
1273 311 1538 358 armentariam,
1564 310 1657 348 alius
1679 309 1870 357 musicam,
1893 310 1985 348 alius
2004 311 2115 348 sabri-

1162 370 1232 408 lem
1257 371 1342 409 :hic
1375 381 1495 410 autem
1519 372 1638 424 justus
1672 371 1784 410 vineae
1815 370 1972 408 colenda:
2003 381 2116 409 artem

1164 431 1315 469 naturali
1346 432 1487 470 solertia
1507 431 1734 484 excogitavit.
1759 432 1811 469 Et
1833 434 1958 483 caepit,
1983 432 2113 482 inquit,

1197 493 1249 529 ὐἕ
1278 494 1391 530 homo
1419 494 1593 545 agricola
1627 502 1751 539 terrae,
1780 502 1815 531 et
1835 494 2033 544 plantavit
2054 497 2116 531 vi-

1166 567 1293 599 neam,
1315 563 1351 592 et
1371 557 1467 592 bibit
1488 569 1508 593 e
1524 558 1636 605 vino,
1659 564 1694 593 et
1713 557 1925 593 inebriatus
1945 564 2016 593 est.
2043 555 2114 593 Co-

1163 613 1234 665 gita
1254 614 1434 665 quomodo
1453 615 1520 653 boc
1547 616 1700 654 tristitiae
1723 615 2037 664 medicamentum,
2055 630 2115 654 sa—

1164 674 1266 712 nitati
1309 674 1474 726 paranda:
1516 685 1641 728 aptum
1656 706 1666 725 ,
1700 677 1731 714 ei
1772 677 1834 728 qui
1868 676 2015 715 modum
2053 692 2117 730 per

1164 734 1403 785 ignorantiam
1422 736 1653 783 transcendit,
1676 751 1745 774 nou
1776 738 1891 776 solum
1921 738 2012 776 nibil
2035 754 2117 792 pro-

1164 795 1244 843 fuit,
1261 795 1324 834 sed
1343 805 1376 833 et
1390 804 1520 834 statum
1541 797 1618 848 ejus
1637 797 1798 836 offendit.
1817 800 1896 836 Jam
1916 799 2004 836 forte
2022 815 2118 850 ‹pice-

1166 864 1219 892 rat
1234 855 1378 907 aliquis,
1394 856 1514 902 Quare
1530 856 1650 909 planta
1668 866 1718 894 tot
1733 858 1836 896 malis
1854 859 1955 910 plena
1975 860 2008 896 in
2027 860 2117 898 hauc

1165 916 1277 954 vitam
1312 917 1486 970 producta
1519 926 1570 956 est
1586 918 1603 955 Ρ
1622 919 1674 956 Ne
1697 918 1745 956 ita
1773 927 1905 957 temere
1934 920 2092 970 loquaris
2107 951 2117 969 ,

1166 979 1297 1028 homo,
1316 979 1435 1018 omnia
1464 993 1542 1030 quae
1564 979 1598 1017 iu
1618 979 1768 1019 buccam
1790 980 1947 1019 veniunt.
1969 983 2046 1019 Non
2068 992 2117 1020 est

1166 1040 1371 1092 plautaliaec
1383 1040 1490 1089 mala,
1507 1055 1618 1091 neque
1634 1040 1759 1078 vinum
1777 1040 1926 1090 malum,
1941 1042 2001 1080 sed
2019 1043 2117 1082 illius

1165 1102 1316 1152 abusus,
1335 1103 1418 1155 quia
1443 1117 1512 1140 non
1534 1117 1579 1140 ex
1600 1102 1700 1151 vino,
1722 1101 1784 1140 sed
1803 1117 1846 1140 ex
1863 1118 2028 1155 perversa
2056 1120 2118 1142 x'o-

1165 1163 1302 1202 luntate
1328 1164 1462 1202 nefaria
1492 1164 1622 1202 seelera
1641 1171 1846 1216 patrantur:
1862 1173 1894 1201 et
1915 1178 1997 1202 cum
2025 1165 2060 1202 in
2079 1180 2120 1203 eo

1166 1225 1212 1263 sit
1223 1225 1374 1276 utilitas,
1389 1226 1417 1263 si
1434 1234 1569 1274 noceat,
1587 1225 1622 1262 in
1642 1239 1747 1263 causa
1765 1233 1816 1262 est
1836 1224 2118 1278 intemperantia.

1168 1287 1346 1335 Quocirca
1365 1302 1459 1325 nunc
1478 1297 1558 1340 post
1583 1287 1764 1326 diluvium
1785 1287 1938 1326 ostendit
1958 1289 2023 1326 tibi
2045 1290 2120 1328 vini

1167 1362 1287 1398 usum,
1308 1358 1349 1386 ut
1364 1348 1526 1387 ostendat
1551 1348 1657 1386 etiam
1676 1358 1757 1387 ante
1774 1348 1850 1388 vini
1871 1364 1974 1387 usum
1992 1350 2027 1387 iu
2049 1351 2119 1389 im-

1167 1409 1348 1448 modicam
1378 1410 1564 1448 luxuriam
1583 1410 1783 1448 humanum
1804 1425 1914 1461 genus
1935 1410 2117 1461 incidisse,

1166 1471 1361 1522 multisque
1373 1470 1526 1524 peccatis
1540 1485 1576 1509 se
1586 1471 1895 1519 contaminavisse,
1907 1486 1988 1509 cum
2003 1472 2121 1511 adhuc

1167 1532 1244 1570 vini
1265 1547 1351 1571 usus
1367 1532 1578 1571 nesciretur:
1592 1541 1633 1570 ut
1648 1541 1682 1570 et
1699 1531 1842 1584 quando
1864 1532 1999 1571 videris
2016 1548 2121 1572 usum

1168 1593 1258 1642 vini,
1278 1607 1348 1632 non
1363 1593 1448 1632 vino
1469 1602 1584 1631 totum
1600 1593 1737 1631 tribuas
1751 1623 1762 1644 ,
1785 1593 1848 1632 sed
1866 1604 2042 1647 eorruptae
2061 1609 2121 1633 vo-

1168 1653 1299 1692 luntati
1317 1669 1380 1693 sua
1399 1663 1523 1706 sponte
1549 1654 1596 1692 ad
1622 1655 1758 1693 malum
1780 1656 1910 1694 ruenti.
1930 1656 2012 1694 Alia
2033 1671 2120 1707 quo-

1124 1727 1146 1756 l}
1170 1730 1238 1767 que
1256 1716 1392 1754 ratione
1422 1715 1619 1765 considera,
1645 1716 1707 1754 ubi
1733 1716 1860 1755 vinum
1890 1717 1997 1755 fuerit
2016 1718 2120 1769 utile,

1170 1786 1203 1814 et
1221 1776 1464 1824 contremisce,
1484 1776 1534 1814 mi
1554 1776 1674 1815 homo.
1694 1779 1787 1816 Nam
1806 1793 1868 1830 per
1887 1778 1954 1817 boc
1974 1781 2123 1818 materia

1172 1838 1349 1875 bonorum
1379 1837 1504 1875 salutis
1536 1847 1662 1876 nostrae
1692 1839 1889 1891 perficitur.
1915 1840 2041 1879 Sciunt
2062 1842 2123 1893 qui

1174 1899 1355 1951 mysteriis
1377 1898 1507 1937 initiati
1532 1909 1629 1949 sunt,
1652 1899 1742 1950 quid
1760 1899 1912 1939 dicatur.
1942 1903 1994 1940 Et
2014 1907 2123 1954 caepit

1174 1960 1302 2010 iuquit,
1320 1961 1405 1998 Νοὲ
1423 1961 1600 2012 agricola
1623 1969 1746 2008 terrce,
1778 1970 1813 1998 et
1839 1962 2037 2013 plantavit
2057 1967 2122 2001 vi-

1175 2035 1302 2069 neam,
1321 2029 1357 2059 et
1377 2023 1470 2059 bibit
1492 2022 1539 2058 de
1568 2024 1676 2068 vino,
1697 2030 1735 2059 et
1762 2024 1976 2062 inebriatus
1997 2033 2066 2070 est,
2087 2034 2123 2063 et

1174 2083 1342 2120 nudatus
1361 2091 1417 2120 est
1437 2085 1478 2119 in
1497 2083 1610 2120 domo
1629 2096 1716 2121 sua.
1738 2083 2003 2122 Gravissimum
2021 2085 2125 2136 quid·

1172 2143 1256 2181 dam
1272 2152 1323 2181 est
1338 2143 1756 2191 ebrietas,dilectissime,
1767 2143 1866 2195 quod
1885 2145 1994 2197 possit
2011 2160 2124 2185 excae-

1173 2218 1252 2242 care
1272 2218 1409 2252 sensus,
1432 2213 1466 2242 et
1484 2204 1712 2256 submergere
1738 2213 1904 2244 mentem.
1935 2206 2124 2246 Hominem

1171 2265 1305 2318 quippe
1324 2265 1550 2314 rationalem,
1568 2265 1630 2316 qui
1651 2280 1759 2318 super
1784 2266 1903 2305 omnia
1924 2267 2124 2307 dominium

1171 2327 1341 2379 suscepit,
1365 2326 1505 2378 injectis
1536 2326 1692 2370 vinculis
1721 2326 1993 2378 insolubilibus,
2022 2331 2123 2381 quasi

1171 2397 1352 2426 mortuum
1366 2396 1400 2426 et
1415 2387 1619 2440 operatione
1636 2398 1813 2427 carentem
1826 2391 2015 2442 prosternit
2029 2407 2036 2428 ε
2051 2392 2124 2430 imo

1171 2448 1326 2487 deterius
1339 2449 1550 2499 habentem,
1570 2464 1677 2500 quam
1696 2459 1892 2488 mortuum.
1918 2453 2010 2490 Nam
2029 2467 2123 2490 mor-

1171 2519 1254 2549 tuus
1284 2524 1397 2562 neque
1428 2509 1536 2559 hona,
1571 2525 1682 2561 neque
1703 2511 1798 2548 mala
1819 2513 1955 2564 operari
1978 2523 2092 2565 potest
2111 2530 2118 2550 :

1170 2571 1289 2609 ebrius
1309 2580 1427 2609 autem
1449 2571 1542 2609 nihil
1570 2571 1656 2608 boni
1689 2571 1784 2609 valet
1802 2573 1957 2624 operari,
1981 2573 2026 2610 ad
2047 2588 2122 2611 ma-

1171 2632 1245 2670 lum
1267 2641 1384 2670 tamen
1401 2631 1604 2670 faciendum
1623 2631 1703 2684 plus
1716 2642 1842 2684 potest,
1854 2634 2018 2685 jacetque
2034 2634 2123 2672 ridi-

1172 2693 1274 2732 culus
1303 2693 1494 2742 omnibus,
1525 2702 1558 2731 et
1588 2692 1693 2731 uxori
1720 2702 1754 2730 et
1789 2693 1875 2731 filiis
1903 2704 1936 2732 et
1962 2695 2122 2733 stimulis.

1171 2754 1289 2792 Amici
1305 2754 1401 2791 enim
1414 2768 1515 2792 suam
1532 2753 1766 2805 ignominiam
1780 2754 1986 2805 cogitantes,
1996 2756 2127 2795 rubore

2175 946 2233 971 Cur
2256 948 2322 972 viti<

2134 987 2161 1013 iu
2186 988 2259 1012 lianc
2278 988 2321 1012 vi·

2133 1033 2188 1054 tam
2229 1028 2324 1055 intru-

2133 1069 2231 1096 ductu.

2172 1667 2282 1695 Vinum
2296 1679 2325 1695 ιιι

2138 1711 2294 1748 ηι)’5ῑυιίἒε.

1172 2824 1206 2853 et
1233 2815 1370 2868 pudore
1398 2813 1682 2853 suffunduntur:
1701 2814 1839 2852 inimici
1870 2826 1989 2854 autem
2019 2817 2124 2856 oble·
2156 2848 2165 2853 ,

1172 2885 1325 2926 etantur,
1345 2885 1378 2914 et
1399 2875 1568 2924 irrident,
1588 2885 1621 2913 et
1641 2885 1885 2925 exsecrantur,
1901 2877 1978 2916 haec
1999 2893 2126 2932 propc-

1173 2937 1321 2975 modum
1347 2936 1738 2989 loquentes:llunccine
1767 2937 1953 2990 oportebat
1974 2941 2125 2978 vivere?

1173 3008 1206 3037 et
1227 2999 1401 3038 hunccine
1425 2998 1610 3051 oportebat
1631 2998 1767 3050 spirare
1793 3000 1934 3037 aerem?
1953 3014 1973 3037 o
1992 3000 2123 3053 pecus!

1173 3073 1193 3097 o
1214 3059 1382 3112 porcum!
1404 3068 1437 3097 et
1454 3059 1574 3099 adbuc
1592 3058 1758 3110 graviora
1791 3058 2000 3111 loquuntur.
2024 3063 2129 3100 Dete-

1175 3122 1267 3160 riore
1283 3122 1377 3160 enim
1398 3121 1433 3159 in
1454 3130 1545 3158 statu
1567 3129 1648 3158 sunt
1667 3135 1774 3172 quam
1791 3121 1832 3171 ii,
1849 3123 1910 3173 qui
1930 3137 1974 3160 ex
1994 3124 2129 3176 pra-liis

1174 3181 1321 3220 redeunt
1331 3183 1426 3220 ccede
1437 3181 1674 3232 coinquinatis
1683 3182 1858 3231 manibus,
1869 3192 1902 3221 et
1914 3185 2130 3223 tumultuose

1176 3253 1414 3296 reportantur.
1432 3243 1518 3281 Illos
1548 3243 1641 3281 enim
1660 3243 1819 3281 fortassis
1839 3244 1943 3282 multi
1960 3245 2130 3283 laudibus

1177 3306 1353 3344 extollunt
1370 3313 1515 3357 propter
1534 3314 1678 3357 tropa‘a,
1696 3314 1842 3358 propter
1855 3306 2033 3351 victorias,
2051 3322 2129 3359 pro-

1180 3377 1254 3418 pter
1291 3367 1439 3404 vulnera
1471 3375 1504 3403 et
1535 3365 1646 3403 caedcs
1665 3382 1671 3402 :
1689 3365 1806 3404 ebrios
1839 3376 1955 3405 autem
1988 3369 2130 3405 misero<

1180 3428 1414 3479 proclamant,
1451 3442 1666 3466 wrumuosos
1705 3437 1852 3478 vocant,
1882 3438 1912 3466 et
1950 3429 2131 3467 innumera
