2516 3791
320 138 411 201 472
742 151 780 182 S.
817 149 996 182 JOANMS
1031 146 1271 178 minvsosr

330 236 426 273 niam
441 242 474 273 et
490 233 659 285 medicus,
679 233 822 286 quando
839 233 1023 271 infirmum
1043 237 1153 276 curat,
1168 241 1279 278 neque

329 309 465 348 semper
483 295 602 348 inopia
628 294 699 332 cibi
722 302 868 345 torquet,
890 305 1002 341 neque
1019 302 1156 341 semper
1181 288 1279 338 larga

330 370 449 395 mensa
466 356 537 394 frui
555 356 650 404 sinit,
665 369 708 392 ne
729 353 903 392 voracitas
916 350 1044 388 febrim
1060 348 1201 401 pariens
1216 362 1277 386 au-

329 427 409 469 geat
426 417 606 465 morbum,
625 414 695 452 cibi
711 427 795 452 vero
811 411 931 464 inopia
949 409 1184 448 infirmiorem
1198 423 1280 447 eum

329 478 484 517 efficiat:
513 475 573 514 sed
597 475 795 526 conjectans
820 471 917 524 apud
954 485 1010 522 se,
1039 479 1178 522 quantae
1209 470 1281 508 sint

329 536 530 589 aegrotantiS
545 539 637 573 vires
653 565 663 583 ,
678 543 711 572 et
729 534 919 585 diligenter
935 541 1036 571 utens
1053 541 1146 581 arte,
1161 531 1280 570 omnia

327 613 389 636 sua
402 598 437 634 in
457 596 614 634 medium
628 596 751 633 affert:
768 593 934 633 similiter
945 603 978 632 et
995 592 1170 645 benignus
1182 593 1279 630 Deus

326 658 439 696 sciens
458 657 544 708 quid
574 656 688 696 cuivis
707 655 887 709 expediat,
910 653 1102 706 aliquando
1121 652 1280 692 concedit

325 719 426 758 nobis
443 718 673 771 prosperitate
693 718 779 768 stui,
794 716 985 769 aliquando
1003 724 1123 754 autem
1144 714 1276 753 exerci-

324 780 467 819 tationis
484 780 597 832 gratia
616 779 867 818 tentationibus
881 792 944 816 nos
958 775 1166 815 circumdat.
1185 777 1276 814 Nam
1289 806 1336 832 403

324 842 353 880 si
372 842 505 881 virtute
522 841 663 893 praediti
679 849 760 878 sunt
776 839 837 891 qui
857 838 1066 877 tentationes
1087 837 1277 889 experiun-
1300 845 1326 873 Α

325 911 394 951 tur,
422 902 587 940 clariores
605 900 786 949 evadunt,
812 898 1109 938 abundantiorem
1129 897 1198 935 sibi
1218 912 1277 935 su-

325 977 472 1015 pernam
496 963 648 1014 gratiam
677 960 905 1000 conciliantes
932 958 985 996 :si
1014 966 1135 995 autem
1156 966 1195 994 ut
1215 970 1279 995 nos

323 1032 523 1076 peccatores
542 1023 626 1071 sint,
646 1031 679 1060 et
700 1036 780 1060 cum
797 1020 994 1072 gratiarum
1012 1019 1150 1056 actione
1168 1026 1278 1055 tenta-

324 1085 435 1123 tiones
453 1085 579 1131 serant,
601 1097 746 1135 gravem
765 1081 942 1134 deponent
963 1087 1189 1132 peccatorum
1204 1092 1278 1116 sar-

326 1145 463 1195 cinam,
498 1144 680 1195 multaque
707 1143 810 1182 xenia
838 1152 871 1180 et
892 1141 960 1194 ipsi
979 1141 1170 1193 potientur.
1194 1139 1278 1177 Ideo

325 1206 482 1256 obsecro,
503 1220 585 1244 cum
613 1205 765 1244 sciamus
791 1203 985 1258 potentiam
1004 1211 1037 1240 et
1069 1201 1278 1255 sapientiam

324 1267 458 1306 Medici
474 1267 674 1305 animarum
694 1275 910 1315 nostrarum,
926 1277 1122 1315 numquam
1142 1262 1278 1300 curiose

324 1330 401 1381 ejus
427 1328 703 1381 dispensationes
732 1327 963 1378 inquiramus.
991 1324 1082 1362 Cum
1101 1323 1196 1361 enim
1220 1336 1278 1360 eas

325 1405 422 1429 mens
438 1399 557 1428 nostra
577 1386 872 1441 comprehendere
891 1394 1064 1437 nequeat,
1092 1384 1175 1422 hinc
1201 1397 1275 1421 ma-

325 1452 379 1503 gis
396 1452 685 1503 obstupescamus
701 1479 711 1498 ,
741 1457 774 1485 et
802 1447 1042 1499 glorificemus
1063 1446 1181 1482 Deum
1211 1458 1277 1497 pro

324 1513 502 1561 omnibus,
523 1511 619 1563 quod
638 1511 743 1548 talem
763 1509 959 1547 habeamus
980 1508 1194 1556 Dominum,
1215 1521 1276 1544 eu-

320 1575 380 1626 jus
409 1573 688 1625 dispensationes
714 1584 825 1622 neque
860 1584 958 1608 mens
987 1579 1105 1607 nostra
1122 1599 1132 1618 ,
1166 1582 1278 1619 neque
1298 1578 1321 1608 Β

323 1635 487 1672 humanae
506 1643 639 1671 naturae
658 1633 748 1670 ratio
768 1645 890 1683 capere
903 1640 1029 1682 potest.
1046 1632 1166 1680 Neque
1182 1630 1277 1667 enim

323 1705 396 1734 tam
409 1696 496 1733 bene
517 1695 647 1732 scimus
663 1692 751 1744 quid
767 1691 867 1730 nobis
884 1691 1061 1744 expediat,
1077 1705 1186 1741 quam
1201 1690 1277 1742 ipse

323 1757 400 1807 scit,
415 1770 527 1807 neque
539 1756 590 1794 sic
599 1763 718 1792 nostra
729 1768 792 1792 nos
803 1767 982 1801 curamus,
994 1752 1116 1804 utipse
1125 1751 1277 1790 salutem

323 1829 500 1867 nostram,
516 1827 550 1856 et
570 1817 689 1855 omnia
709 1816 793 1854 facit
814 1825 846 1853 ct
865 1815 1027 1861 molitur,
1043 1823 1083 1851 ut
1100 1813 1142 1851 ad
1164 1813 1275 1851 virtu-

323 1890 395 1918 tem
415 1894 478 1918 nos
506 1878 667 1926 inducat,
688 1886 721 1915 et
749 1892 768 1915 a
787 1876 925 1914 diaboli
943 1875 1110 1914 manibus
1137 1874 1274 1927 eripiat.

324 1943 371 1980 Et
390 1957 472 1980 cum
493 1940 590 1980 videt
609 1939 701 1977 nihil
715 1938 881 1991 prodesse
896 1938 999 1976 nobis
1012 1936 1274 1990 prosperitates,

325 2014 409 2042 tunc
430 2004 519 2041 sicut
533 2003 648 2040 bonus
659 2000 832 2049 medicus,
848 2000 910 2051 qui
925 1997 1179 2038 animadvertit
1193 1997 1274 2034 obe-

325 2065 432 2103 siorcs
461 2064 538 2102 fieri
564 2077 642 2112 e08,
674 2076 826 2114 quorum
851 2075 973 2099 curam
998 2059 1108 2111 gerit,
1132 2068 1277 2111 propter

325 2125 522 2177 crapulam,
539 2123 584 2161 ad
600 2123 785 2161 sanitatem
799 2136 862 2174 per
877 2121 1102 2159 sobrietatem
1117 2118 1254 2157 reducit
1268 2133 1275 2155 :

325 2186 374 2223 ita
398 2195 432 2223 et
460 2184 612 2223 eximius
645 2182 846 2220 animarum
880 2191 1081 2219 nostrarum
1113 2179 1278 2217 Medicus

324 2248 499 2301 permittit
524 2246 704 2299 paulisper
735 2258 799 2283 nos
830 2243 975 2292 tentari,
1010 2251 1049 2281 ut
1084 2240 1278 2280 sentiamus

326 2318 500 2361 quantum
518 2307 639 2346 damni
657 2322 701 2345 ex
715 2306 948 2359 prosperitate
968 2304 1230 2357 acceperimus,
1246 2313 1281 2342 et
1301 2308 1324 2339 C

326 2369 468 2421 quando
488 2369 585 2408 videt
606 2368 802 2407 restitutam
831 2367 1015 2405 sanitatem
1033 2395 1042 2414 ,
1063 2374 1147 2403 tunc
1176 2365 1280 2403 celeri

327 2431 428 2469 nobis
453 2430 612 2469 subsidio
632 2428 790 2468 concedit
816 2437 855 2466 ut
873 2443 892 2466 a
913 2426 1164 2465 tentationibus
1192 2426 1280 2464 libe—

325 2509 455 2543 remur,
473 2503 506 2531 et
525 2507 595 2531 suae
608 2489 837 2545 providentiae
854 2503 976 2528 curam
992 2488 1148 2526 ubertim
1164 2487 1280 2526 decla-

325 2565 390 2595 rat.
412 2557 537 2606 Itaque
556 2554 620 2592 etsi
638 2553 749 2603 aliqui
777 2552 911 2590 virtute
938 2548 1080 2602 praediti
1110 2549 1146 2587 in
1168 2558 1277 2587 tenta-

325 2623 436 2661 tiones
454 2621 624 2669 incidant,
638 2633 681 2657 ne
701 2618 903 2667 turbentur,
919 2615 980 2654 sed
999 2615 1083 2653 hine
1095 2614 1278 2652 meliorem

326 2704 423 2742 spem
457 2687 678 2740 concipiant,
710 2684 792 2737 quia
826 2683 1061 2722 tentationum
1091 2681 1254 2720 incursus
1269 2711 1279 2730 ,

327 2771 535 2794 coronarum
573 2764 605 2793 ct
638 2753 869 2806 praemiorum
909 2751 959 2789 eis
995 2758 1077 2788 sunt
1118 2749 1276 2786 materia.

327 2823 433 2870 Quod
449 2822 478 2861 si
506 2823 542 2860 in
568 2821 719 2874 peccatis
739 2834 820 2857 cum
839 2819 920 2869 sint,
943 2817 979 2856 in
1007 2816 1156 2855 adversa
1190 2815 1278 2853 iuci-

327 2891 423 2939 dant,
438 2904 480 2927 nc
492 2898 676 2942 propterea
693 2887 869 2939 gravatim
882 2886 1007 2934 ferant,
1022 2883 1169 2922 scientes
1182 2881 1279 2920 omni

327 2969 484 3010 tempore
514 2965 653 3009 peccata
681 2954 839 2992 adversis
864 2952 1031 3005 purgari,
1058 2949 1163 2989 modo
1196 2962 1277 2987 cum

328 3025 521 3075 gratiarum
535 3023 669 3061 actione
686 3021 918 3074 suscipiamus
937 3033 975 3057 ea
997 3032 1076 3070 quae
1099 3016 1275 3055 eveniunt.

328 3092 431 3131 Grati
454 3091 547 3129 euim
565 3089 685 3127 famuli
708 3097 770 3136 est,
787 3101 854 3125 non
878 3086 993 3125 solum
1022 3084 1153 3137 gratias
1175 3096 1278 3135 agere

326 3155 654 3208 domino,‹p1:uul‹›
686 3153 839 3192 ubertim
867 3167 931 3205 pro
960 3150 1130 3190 sententia
1159 3148 1275 3188 omnia

327 3223 537 3269 succedunt;
558 3220 619 3259 scd
638 3230 669 3257 et
690 3220 717 3257 si
741 3219 774 3256 in
803 3217 976 3267 adversis,
995 3216 1154 3254 eamdem
1184 3215 1274 3267 grati

326 3292 434 3330 animi
455 3288 746 3339 significationem
773 3286 842 3324 det.
874 3285 932 3323 Sic
953 3285 1047 3323 enim
1076 3283 1274 3336 patriarcha

325 3360 385 3397 ille
399 3357 588 3396 celebriset
603 3354 749 3393 illustris
761 3354 838 3398 suit,
853 3362 884 3390 et
902 3361 1031 3391 tantam
1048 3350 1141 3402 apud
1159 3352 1272 3389 Deum

1313 145 1515 175 ARCHIEP.
1553 145 1905 176 CONSTANTINOP.

1354 227 1415 265 δὰν
1426 229 1604 280 ἄρ’ῥωστον
1619 229 1806 282 θεραπεύῃ,
1821 229 1899 268 οὔτε
1914 229 1968 266 ἀεὶ
1981 229 2175 267 κατατείνει
2187 232 2230 283 τῇ
2245 231 2376 278 ἀσιτία,

1353 287 1431 326 οὔτε
1464 288 1517 327 ἀεὶ
1547 290 1655 333 ἀδεῶς
1688 290 1876 328 ἀπολαύειν
1904 289 2084 341 ἐπιτρέπει
2101 292 2164 336 τῆς
2181 274 2376 342 τραπέζης,

1351 349 1408 387 ἵνα
1425 349 1473 400 μὴ
1493 353 1514 397 ἡ
1532 350 1730 403 ἀδδηφαγία
1744 351 1890 403 πυρετὸν
1910 353 2061 389 τεκοῦσα
2079 351 2216 403 ἐκτείνῃ
2235 352 2298 399 τὴν
2320 355 2380 406 ἆῤ-

1353 411 1519 462 ῥωστίαν,
1561 412 1623 459 ηδὲ
1636 415 1678 463 τῇ
1696 412 1813 464 ἀσιτίᾳ
1832 412 1886 450 ἀεὶ
1902 412 2114 451 κατατείνων
2132 413 2378 467 ἀσθενέστερον

1352 471 1563 523 ἐργάσηται·
1594 473 1685 511 ἀλλὰ
1715 473 2063 524 καταστοχαζόμενος
2093 477 2157 521 τῆς
2177 475 2379 526 δυνάμεως,

1352 533 1411 571 καὶ
1444 535 1619 584 ἐπιμελῶς
1639 537 1682 586 τῇ
1716 533 1821 586 τέχνῃ
1843 534 2079 585 κεχρημένος,
2110 534 2200 573 οὕτω
2228 535 2273 574 τὰ
2293 540 2376 589 παρ’

1353 597 1475 633 ἑαυτοῦ
1494 594 1777 647 παρατάττεται·
1794 595 1851 634 τὸν
1870 595 1972 633 αὐτὸν
1993 595 2033 643 δὴ
2051 596 2178 648 τρόπον
2199 597 2259 635 καὶ
2278 600 2296 635 ὃ
2318 613 2378 650 φι-

1351 654 1552 708 λάνθρωπος
1583 655 1674 699 Θεὸς
1707 655 1806 699 εἰδὼς
1828 656 1867 694 τὸ
1899 655 2037 708 ἑκάστῳ
2057 659 2157 707 ’ἡμῶν
2191 658 2379 710 συμφέρον,

1351 717 1435 755 ποτὲ
1466 717 1528 768 μὲν
1563 717 1711 760 ἀνέσεως
1739 721 1832 767 ἡμᾶς
1855 716 2043 756 ἀπολαύειν
2074 724 2272 770 συγχωρεῖ,
2293 719 2378 758 ποτὲ

1352 777 1388 816 δὲ
1407 778 1466 815 καὶ
1483 778 1676 829 γυμνασίας
1699 778 1813 816 ἕνεκεν
1832 783 2038 830 πειρασμοῖς
2055 779 2272 830 περιὸάλλει.
2295 780 2378 818 Εἴτε

1350 838 1418 891 γὰρ
1435 840 1590 892 ἐνάρετοί
1608 856 1697 884 τινες
1714 834 1795 887 εἷεν,
1818 841 1874 878 διὰ
1899 843 1960 887 τῆς
1982 842 2050 877 τῶν
2070 844 2275 893 πειρασμῶν
2293 843 2377 879 ἐπα-

1349 902 1465 950 γωγῆς
1483 901 1721 953 λαμπρότεροι
1744 900 1980 951 δεικνύμενοι,
2000 900 2144 940 πλείονα
2164 901 2228 948 τὴν
2248 902 2378 940 ἄνωθεν

1349 960 1529 1011 εὐμένειαν
1559 962 1836 1000 ἐπισπάσονται·
1868 961 1937 999 εἴτε
1956 964 2033 1000 καθ’
2052 966 2147 1013 ἡμᾶς
2173 964 2377 1015 ἁμαρτωλοὶ

1349 1020 1566 1073 τυγχάνοιεν,
1607 1022 1821 1074 εὐχαρίστως
1860 1022 2040 1073 δεχόμενοι
2072 1025 2140 1060 τῶν
2172 1026 2378 1075 πειρασμῶν

1349 1081 1413 1129 τὴν
1433 1082 1634 1133 ἐπαγωγὴν,
1651 1081 1690 1119 τὸ
1708 1081 1795 1134 βαρὺ
1813 1084 1882 1119 τῶν
1904 1082 2171 1134 ἁμαρτημάτων
2188 1085 2378 1131 ἀποθησον-

1350 1160 1408 1182 ται
1427 1143 1580 1197 φορτίον,
1613 1142 1673 1181 καὶ
1694 1144 1825 1189 πολλῆς
1845 1143 1903 1180 καὶ
1923 1142 2020 1181 αὐτοὶ
2050 1143 2260 1195 συγγνώμης
2287 1148 2377 1184 ἀπο-

1350 1204 1530 1244 λαύσουσι.
1561 1207 1615 1242 Δι’
1645 1204 1683 1251 ὃ,
1714 1205 1929 1255 παρακαλῶ,
1959 1204 2087 1247 εἰδότες
2120 1204 2159 1242 τὸ
2179 1205 2377 1258 εὐμήχανον

1352 1266 1411 1305 καὶ
1430 1267 1534 1318 σοφὸν
1560 1268 1618 1303 τοῦ
1638 1266 1757 1316 ἷατροῧ
1780 1268 1848 1303 τῶν
1867 1266 1988 1317 ψυχῶν
2010 1267 2078 1302 τῶν
2093 1264 2287 1317 ἡμετέρων,
2305 1283 2378 1317 μη-

1353 1328 1475 1366 δέποτε
1503 1326 1812 1380 περιεργαζώμεθα
1845 1328 1949 1364 αὐτοῦ
1980 1325 2041 1369 τὰς
2071 1327 2278 1378 οἰκονομίας.
2300 1326 2378 1366 Κᾶν

1350 1389 1418 1441 γὰρ
1438 1393 1459 1435 ἢ
1488 1388 1621 1427 διάνοια
1650 1391 1672 1434 ἡ
1695 1386 1851 1439 ἡμετέρα
1879 1390 1990 1424 ταῦτα
2019 1387 2305 1438 καταλαμὸάνειν
2327 1388 2376 1439 μὴ

1351 1450 1519 1497 δύνηται,
1543 1449 1652 1501 ταύτῃ
1674 1450 1806 1499 μᾶλλον
1826 1448 2106 1499 ἐκπληττώμεθα
2125 1452 2185 1487 τοῦ
2205 1450 2299 1488 Θεοῦ
2317 1449 2379 1493 τὰς

1350 1511 1546 1561 οἰκονομίας
1560 1539 1567 1553 ,
1591 1510 1649 1548 καὶ
1669 1509 1865 1560 δοξάζωμεν
1893 1509 1996 1547 αὐτὸν
2016 1509 2103 1561 ὑπὲρ
2126 1510 2304 1557 ἁπάντων,
2323 1510 2377 1550 ὅτι

1349 1577 1502 1611 τοιοῦτον
1523 1572 1648 1624 ἔχομεν
1667 1570 1863 1617 Δεσπότην,
1879 1564 1917 1607 οὗ
1946 1570 2035 1620 μηδὲ
2055 1573 2219 1622 χωρῆσαι
2233 1571 2378 1610 δύναται

1348 1637 1370 1677 ἧ
1398 1634 1530 1671 διάνοια
1547 1637 1569 1679 ἡ
1591 1631 1748 1683 ’ἡμετέρα
1770 1632 1829 1669 καὶ
1860 1635 1877 1669 ὃ
1908 1633 1971 1676 τῆς
1998 1630 2216 1682 ἀνθρωπίνης
2242 1632 2378 1685 φύσεως

1347 1695 1513 1746 λογισμὸς
1533 1693 1593 1737 τὰς
1610 1691 1818 1743 οἰκονομίας.
1837 1691 1930 1730 Οὐδὲ
1948 1691 2014 1743 γὰρ
2034 1691 2142 1734 οὕτως
2161 1695 2264 1742 ἡμεῖς
2277 1693 2378 1743 ἴσμεν

1347 1755 1386 1794 τὸ
1406 1755 1581 1808 συμφέρον
1602 1757 1698 1805 ἡμῖν,
1727 1756 1774 1796 ὡς
1803 1751 1904 1796 αὐτὸς
1931 1752 2144 1790 ἐπίσταται·
2177 1754 2244 1805 οὐχ
2270 1752 2380 1798 οὕτως

1346 1821 1448 1868 ἡμεῖς
1475 1817 1653 1866 κηδόμεθα
1675 1816 1820 1860 ἑαυτῶν,
1843 1816 1889 1857 ὡς
1911 1813 2010 1857 αὐτὸς
2029 1813 2176 1860 κήδεται
2195 1816 2297 1865 ἡμῶν
2316 1817 2379 1861 τῆς

1348 1878 1522 1931 σωτηρίας
1533 1907 1542 1925 ,
1559 1877 1619 1916 καὶ
1637 1876 1754 1915 πάντα
1773 1880 1865 1913 ποιεῖ
1885 1874 1944 1913 καὶ
1961 1873 2271 1926 πραγματεύεται,
2287 1873 2378 1913 ὥστε

1347 1941 1432 1993 πρὸς
1451 1939 1515 1987 τὴν
1534 1938 1661 1992 ἀρετὴν
1686 1941 1780 1989 ἡμᾶς
1799 1939 2082 1989 χειραγωγῆσαι,
2103 1935 2162 1974 καὶ
2181 1935 2376 1988 ἐξαρπάσαι

1345 2004 1414 2039 τῶν
1431 2006 1491 2039 τοῦ
1503 2000 1665 2039 διαὲόλου
1684 2001 1824 2052 χειρῶν.
1843 1997 1912 2035 Καὶ
1931 1997 2013 2035 ὅταν
2028 1995 2085 2048 ἴδῃ
2105 1995 2154 2047 μὴ
2171 1995 2380 2047 δυναμένους

1345 2063 1508 2114 κερδᾶναι
1526 2061 1595 2098 ἀπὸ
1611 2064 1672 2108 τῆς
1690 2058 1896 2111 εὐημερίας,
1913 2056 2071 2110 καθάπερ
2088 2057 2203 2110 ἰατρὸς
2220 2057 2379 2110 ἄριστος,

1346 2123 1487 2162 ἐπειδὰν
1508 2122 1677 2168 θεάσηται
1707 2121 1777 2158 ἀπὸ
1795 2120 1927 2166 πολλῆς
1945 2118 2159 2170 λαιμαργίας
2186 2121 2234 2162 εἷς
2261 2120 2375 2157 πολυ-

1348 2184 1494 2236 σαρκίαν
1523 2182 1699 2229 ἐξιόντας,
1732 2181 1789 2219 διὰ
1821 2183 1884 2227 τῆς
1905 2178 2109 2231 ἐγκρατείας
2128 2179 2214 2231 πρὸς
2247 2179 2379 2231 ὑγίειαν

1348 2245 1532 2297 ἐπανάγει·
1551 2244 1641 2284 οὕτω
1673 2243 1714 2291 δὴ
1747 2242 1806 2281 καὶ
1838 2245 1855 2280 ὃ
1889 2240 2082 2291 θαυμάσιος
2110 2242 2179 2278 τῶν
2196 2241 2380 2293 ἡμετέρων

1350 2311 1472 2362 Ι’μυχῶν
1492 2308 1606 2360 ἰατρὸς
1634 2305 1757 2359 ἀφίησι
1780 2303 1902 2356 μικρὸν
1927 2303 1982 2340 ’διὰ
1999 2305 2060 2349 τῆς
2086 2305 2154 2340 τῶν
2173 2306 2379 2355 πειρασμῶν

1350 2371 1536 2421 ἐπαγωγῆς
1555 2371 1601 2412 εἷς
1621 2368 1781 2413 αἴσθησιν
1803 2367 1911 2404 ἐλθεῖν
1932 2367 1994 2410 τῆς
2014 2363 2148 2415 βλάῧης
2163 2394 2172 2411 ,
2195 2363 2237 2410 ἣν
2256 2365 2296 2402 ἐκ
2317 2367 2380 2411 τῆς

1351 2430 1537 2482 εὐημερίας
1555 2427 1806 2479 ὑπεμείναμεν,
1838 2425 1898 2463 καὶ
1926 2424 2008 2462 ὅταν
2028 2424 2085 2476 ἴδῃ
2113 2425 2230 2468 καλῶς
2255 2424 2298 2462 τὰ
2317 2427 2381 2471 τῆς

1350 2491 1480 2544 ὑγιείας
1512 2488 1796 2542 κατορθωθέντα,
1818 2487 1896 2525 τότε
1927 2486 2049 2524 λοιπὸν
2074 2484 2132 2523 διὰ
2159 2488 2222 2532 τῆς
2250 2485 2381 2529 οἰκείας

1352 2553 1566 2604 ἀντιλήψεως
1584 2550 1643 2590 καὶ
1663 2553 1732 2588 τῶν
1752 2550 1958 2601 πειρασμῶν
1981 2545 2163 2598 χαρίζεται
2179 2546 2242 2593 τὴν
2260 2547 2379 2584 ἀπαλ-

1349 2614 1475 2665 λαγὴν,
1507 2613 1566 2652 καὶ
1600 2612 1664 2659 τὴν
1688 2612 1771 2663 παρ’
1799 2612 1923 2647 ἑαυτοῦ
1951 2606 2114 2659 πρόνοιαν
2144 2606 2381 2645 ἐπιδείκνυται

1352 2676 1439 2727 μετὰ
1460 2676 1591 2721 πολλῆς
1611 2676 1672 2720 τῆς
1692 2670 1882 2724 δαψιλείας.
1912 2669 1995 2708 Εἴτε
2015 2663 2073 2707 οὐν
2099 2670 2134 2706 ἐν
2158 2669 2265 2720 ἀρετῇ
2286 2668 2381 2712 ὄντες

1351 2737 1439 2781 τινὲς
1480 2740 1688 2787 πειρασμοῖς
1724 2731 1960 2784 περιπέσοιεν,
1999 2729 2048 2781 μὴ
2088 2729 2380 2782 θορυὸείσθωσαν,

1352 2797 1442 2836 ἀλλὰ
1461 2797 1570 2848 ταύτῃ
1593 2796 1722 2846 μᾶλλον
1744 2798 1819 2836 ταῖς
1844 2797 2017 2844 χρησταῖς
2042 2790 2161 2828 ἐλπίσι
2180 2789 2380 2843 τρεφέσθω-

1352 2875 1427 2906 σαν,
1449 2859 1500 2897 ὅτι
1515 2862 1536 2904 ἦ
1556 2860 1625 2895 τῶν
1645 2858 1849 2907 πειρασμῶν
1867 2852 2033 2904 ἐπαγωγὴ
2053 2851 2233 2904 στεφάνων
2251 2851 2381 2890 ὑπόθε-

1352 2937 1404 2964 σις
1424 2921 1538 2962 αὐτοῖς
1556 2918 1689 2970 γίνεται
1708 2917 1766 2954 καὶ
1788 2914 1960 2968 βραξείων
1973 2930 1980 2937 ·
1999 2913 2068 2951 εἴτε
2088 2915 2122 2951 ἐν
2143 2912 2382 2965 ἁμαρτήμασι

1351 2982 1528 3033 γεγονότες
1544 2986 1613 3023 τοῖς
1631 2980 1800 3030 λυπηροῖς
1821 2975 2020 3028 ἐναφίενται
2034 3003 2042 3019 ,
2071 2973 2160 3024 μηδὲ
2186 2972 2278 3011 οὕτω
2299 2974 2381 3011 δυσ-

1353 3041 1666 3094 ανασχετείτιι)σαν,
1688 3038 1815 3080 εἰδότες
1844 3037 1897 3075 ὅτι
1913 3035 2102 3086 καθάρσιον
2123 3037 2192 3072 τῶν
2213 3035 2378 3086 ἁμαρτη-

1354 3104 1479 3142 θέντων
1500 3105 1532 3141 ἐν
1559 3102 1664 3140 παντὶ
1684 3103 1733 3152 τῷ
1753 3098 1868 3151 χρόνῳ
1887 3095 2072 3148 γενήσεται
2092 3098 2114 3141 ἡ
2135 3093 2266 3132 τούτων
2294 3097 2379 3133 ἐπα-

1353 3164 1472 3216 γωγὴ,
1505 3163 1644 3202 ἐπειδᾶν
1676 3163 1751 3212 μετ’
1782 3157 2006 3210 εὐχαριστίας
2034 3156 2150 3193 πάντα
2173 3155 2216 3193 τὰ
2237 3155 2379 3194 ἐπιόντα

1352 3225 1548 3277 δεχώμεθα.
1577 3226 1692 3262 Τοῦτο
1724 3221 1791 3273 γὰρ
1824 3218 2038 3271 εὐγνώμονος
2074 3216 2227 3264 οἰκέτου,
2258 3217 2297 3255 τὸ
2326 3217 2375 3267 μὴ

1353 3287 1468 3336 μόνον,
1488 3286 1592 3332 ἡνίκα
1625 3284 1740 3326 ἀδείας
1771 3281 1952 3332 ἀπολαύῃ,
1987 3282 2204 3331 εὐχαριστεῖν
2237 3280 2287 3329 τῷ
2319 3278 2374 3314 δε-

1350 3348 1460 3399 σπότῃ
1476 3377 1484 3395 ,
1503 3347 1593 3385 ἀλλὰ
1621 3346 1677 3383 καὶ
1698 3347 1731 3384 ἐν
1752 3349 1822 3388 τοῖς
1844 3341 2008 3384 ἐναντίοις
2029 3340 2092 3387 τὴν
2117 3339 2223 3386 αὐτὴν
2241 3339 2371 3389 εὐγνω-
