2516 3791
658 209 698 239 ΙΝ
739 209 841 240 CAP.
884 211 925 240 1..
965 210 1127 241 GENES.

70 288 127 328 τὸν
147 288 282 341 πατέρα
309 305 394 340 μου,
414 289 474 328 καὶ
490 291 778 344 ἐπανελεύσομαι.
801 293 988 347 Προσῆκόν
1008 295 1083 332 ἐστι
1093 322 1105 342 ,

68 350 170 402 φησὶ,
196 349 240 388 τὰ
266 353 350 404 παρ’
381 353 484 390 αὐτοῦ
513 353 722 404 διαταγέντα
754 355 984 406 πληρωθῆναι
1019 357 1104 407 παρ’

67 413 163 462 ἐμοῦ.
193 412 351 460 Ποιήσας
370 405 428 451 οὖν
445 413 489 450 τὰ
508 412 656 458 δόξαντα
677 418 788 468 αὐτῷ,
813 414 1102 466 ἐπανελεύσομαι.

68 474 101 510 Τ
103 476 190 511 αὔτα
224 474 375 518 ἀκούσας
410 474 597 527 ἐπέτρεψεν
629 479 647 514 6
681 477 832 530 Φαραώ.
866 477 935 516 Καὶ
969 477 1075 524 ἀνέὸη
1090 506 1100 525 ,

66 533 190 585 φησὶν,
212 534 342 588 Ἰωσὴφ
369 535 478 589 θάψαι
505 537 563 576 τὸν
579 537 715 590 πατέρα
735 540 860 585 αὐτοῦ,
881 538 940 577 καὶ
957 538 1100 577 συνανέ-

67 593 178 641 ὅησαν
212 597 286 646 μετ’
308 597 412 636 αὐτοῦ
431 597 558 642 πάντες
585 601 616 637 οἱ
639 600 761 644 παῖδες
775 598 928 652 Φαραώ.
946 599 1016 638 Καὶ
1037 598 1100 646 τὴν

65 656 286 708 συγγένειαν,
318 659 377 697 καὶ
413 658 491 703 τοὺς
526 659 608 711 βόας
634 661 693 699 καὶ
711 661 755 700 τὰ
775 660 937 714 πρόὸατα
956 661 1101 699 ὑπελεί-

62 732 180 757 ποντο.
196 719 267 758 Καὶ
286 719 524 767 συνανέὸησαν
540 724 616 773 μετ’
628 725 730 762 αὐτοῦ
742 722 884 776 ἅρματα
898 722 958 760 καὶ
970 725 1100 770 ἱππεῖς,

64 778 124 817 καὶ
153 780 288 832 ἐγένετο
305 785 326 828 ἡ
346 781 553 835 παρεμέολὴ
589 782 725 834 μεγάλη
757 784 900 836 σφόδρα.
919 781 1017 836 “Ορα
1043 784 1100 823 διὰ

62 840 126 888 τὴν
154 843 200 886 εἰς
219 842 276 881 τὸν
297 842 428 896 Ἰωσὴφ
451 842 558 893 τιμὴν
578 843 690 892 πόσην
711 843 964 883 ἐπιδείκνυνται
992 860 1097 883 σπου-

62 901 123 949 δὴν
155 906 186 941 οἱ
216 903 421 955 Αἰγύπτιοι,
456 904 515 942 καὶ
550 905 821 958 συνανέρχονται
855 907 905 958 τῷ
941 905 1097 959 Ἰωσὴφ,
1122 915 1145 944 Β

61 963 152 1002 ὥστε
179 964 338 1015 γενέσθαι
353 964 475 1008 αὐτοὺς
494 965 724 1019 παρεμὸολὴν
753 966 924 1018 μεγάλην.
945 967 1016 1005 Καὶ
1031 983 1098 1005 πα-

64 1025 285 1079 ραγενόμενοι
314 1026 350 1064 ἔν
378 1026 442 1064 τινι
470 1025 588 1079 τόπῳ,
617 1026 788 1079 ἐκόψαντο
816 1027 918 1066 αὐτὸν
951 1028 1096 1067 κοπετὸν

61 1087 170 1139 μέγαν
186 1088 246 1126 καὶ
267 1088 409 1141 ἰσχυρὸν
437 1087 582 1141 σφόδρα.
602 1089 672 1127 Καὶ
689 1088 831 1136 ἐποίησε
848 1088 888 1127 τὸ
905 1089 1029 1133 πένθος
1047 1092 1097 1143 τῷ

59 1150 169 1202 πατρὶ
189 1150 291 1188 αὐτοῦ
310 1149 400 1188 ἑτι-τὰ
419 1149 564 1201 ἡμέρας.
601 1150 670 1188 Καὶ
696 1144 783 1190 εἶδον
805 1153 836 1190 οἱ
858 1156 1098 1196 κατοικοῦντες

59 1210 206 1249 Χαναὰν
217 1242 226 1259 ,
244 1210 303 1249 καὶ
321 1203 420 1248 εἶπαν
432 1226 439 1234 ·
456 1211 579 1255 πένθος
598 1211 688 1263 μέγα
701 1212 776 1250 ἐστὶ
790 1218 861 1256 τοῖς
878 1212 1096 1263 Αἰγυπτίοις.

59 1271 128 1309 Διὰ
146 1277 246 1310 τοῦτο
261 1271 405 1310 ἐκάλεσε
429 1272 468 1310 τὸ
487 1271 595 1323 ὄνομα
612 1277 672 1311 τοῦ
691 1272 797 1312 τόπου
809 1304 818 1320 ,
846 1273 969 1317 πένθος
988 1273 1095 1324 Αἰγύ-

59 1349 146 1371 πτου
162 1363 170 1379 ,
193 1333 212 1371 ὃ
240 1335 315 1371 ἐστι
348 1332 457 1385 πέραν
482 1338 543 1372 τοῦ
563 1333 754 1385 Ἰορδάνου.
788 1334 894 1373 Ἀλλὰ
925 1334 966 1372 σὺ
985 1339 1096 1373 ταῦτα

59 1393 207 1440 ἀκούων,
231 1394 413 1446 ἀγαπητὲ,
445 1393 494 1444 μὴ
525 1395 645 1438 ἁπλῶς
676 1395 896 1448 παράτρεχε,
914 1395 1003 1434 ἀλλὰ
1037 1396 1095 1434 τὸν

57 1454 178 1507 καιρὸν
208 1457 352 1503 ἐννοῶν,
373 1458 450 1494 καθ’
478 1455 515 1494 ὃν
533 1455 685 1505 ἐγίνετο,
704 1456 822 1502 πάσης
843 1456 958 1500 αἰτίας
981 1456 1095 1495 ἀπάλ-

55 1518 161 1555 λαττε
193 1517 251 1555 τὸν
283 1517 427 1569 Ἰωσήφ.
456 1517 606 1556 Οὐδέπω
639 1516 707 1569 γὰρ
735 1511 826 1564 ἦσαν
855 1522 916 1556 τοῦ
947 1518 1030 1571 ᾅδου
1059 1521 1095 1557 αἱ

56 1577 164 1616 πύλαι
193 1580 490 1630 συγκλασθεῖσαι,
522 1577 599 1616 οὐδὲ
632 1584 693 1618 τοῦ
731 1579 879 1618 θανάτου
902 1579 947 1619 τὰ
981 1580 1094 1644 δεσμὰ

57 1639 286 1688 διαλυθέντα,
311 1639 386 1678 οὐδὲ
418 1639 582 1691 κοίμησις
608 1643 626 1678 6
661 1640 805 1685 θάνατος
824 1641 1009 1694 λεγόμενος
1037 1646 1093 1687 ἠν.
1116 1643 1139 1673 C

447 1701 550 1715 ’'551
731 1702 738 1714 ἱ

55 1700 124 1739 Διὰ
155 1706 256 1740 τοῦτο
287 1702 408 1748 ἐπειδὴ
441 1716 672 1741 εοεσοικεισαν
707 1718 765 1740 τον
785 1701 949 1750 θάνατον,
984 1708 1095 1742 ταῦτα

56 1759 213 1798 ἐποίουν·
240 1761 315 1799 νυνὶ
344 1760 381 1798 δὲ
411 1761 467 1799 διὰ
497 1760 560 1808 τὴν
591 1765 651 1799 τοῦ
685 1763 777 1800 Θεοῦ
812 1761 940 1813 χάριν,
973 1762 1092 1809 ἐπειδὴ

56 1820 161 1866 ὕπνος
184 1825 202 1860 6
221 1822 366 1866 θάνατος
384 1821 503 1874 γέγονε
516 1853 525 1870 ,
549 1822 609 1860 καὶ
630 1822 794 1874 κοίμησις
811 1827 832 1870 ἡ
851 1822 1020 1871 τελευτὴ,
1035 1824 1094 1862 καὶ

54 1883 168 1931 πολλὴ
188 1886 251 1930 τῆς
271 1883 494 1927 ἀναστάσεως
509 1886 531 1930 ἡ
552 1884 774 1937 πληροφορία
787 1913 797 1931 ,
823 1886 868 1928 ὡς
898 1884 968 1922 ἀπὸ
1002 1887 1092 1932 ζωῆς

55 1947 102 1989 εἷς
121 1944 213 1991 ζωὴν
243 1945 508 1996 μεθιστάμενοι,
541 1944 648 1989 οὕτως
679 1945 903 1998 ἀγαλλόμεθα
938 1946 998 1984 καὶ
1031 1948 1091 1984 εὖ-

54 2005 282 2059 φραινόμεθα.
310 2006 380 2045 Καὶ
407 2005 441 2044 τί
465 2006 557 2058 λέγω
577 2005 647 2045 ἀπὸ
667 2009 758 2054 ζωῆς
791 2009 839 2051 εἷς
863 2007 976 2054 ζωήνς
1008 2007 1092 2046 Ἀπὸ

53 2072 116 2116 τῆς
134 2068 289 2121 χείρονος
310 2068 369 2106 ἐπὶ
394 2068 459 2115 τὴν
479 2068 660 2120 βελτίονα,
690 2069 759 2107 ἀπὸ
784 2071 846 2115 τ’ῆς
873 2069 1090 2122 προσκαίρου

54 2130 111 2169 ἐπὶ
129 2130 193 2177 τὴν
211 2129 360 2177 αἰώνιον,
376 2130 446 2168 ἀπὸ
467 2133 530 2176 τῆς
544 2129 698 2181 ἐπιγείου
717 2129 774 2168 ἐπὶ
792 2129 855 2176 τὴν
872 2129 1089 2182 ἐπουράνιον.

57 2192 128 2232 Καὶ
147 2190 338 2244 πληρώσας
352 2192 487 2236 πάντα,
507 2192 631 2244 φησὶν,
654 2189 788 2244 Ἰωσὴφ
809 2191 1023 2245 ὑπέστρεψεν
1043 2195 1091 2238 εἷς

54 2254 244 2304 Αἴγυπτον,
262 2253 364 2297 αὐτὸς
382 2253 442 2291 καὶ
463 2256 495 2292 οἱ
515 2253 656 2305 ἀδελφοὶ
677 2255 793 2301 αὐτοῦ,
810 2253 870 2291 καὶ
887 2257 918 2292 οἱ
936 2270 1090 2293 συνανα-

54 2315 176 2360 ὅάντες
209 2317 284 2366 μετ’
307 2317 422 2354 αὐτοῦ.
441 2316 531 2353 Ἀλλ’
551 2314 614 2366 ὅρα
635 2331 693 2365 μοι
721 2314 842 2353 λοιπὸν
860 2317 1008 2354 ἐνταῦθα
1021 2319 1090 2355 τῶν

53 2376 210 2428 ἀδελφῶν
230 2379 290 2414 τοῦ
318 2375 450 2429 Ἰωσὴφ
469 2376 532 2423 τὴν
554 2375 685 2414 δειλίαν
699 2406 708 2424 ,
728 2375 787 2414 καὶ
808 2376 867 2414 τὸν
894 2375 1000 2428 φόὸον
1032 2378 1089 2416 τὸν
1112 2387 1138 2416 D

54 2436 284 2475 κατασείοντα
305 2439 418 2475 αὐτῶν
433 2437 497 2484 τὴν
517 2437 683 2476 διάνοιαν.
701 2435 846 2481 Ἰδόντες
860 2436 950 2489 γὰρ,
967 2438 1090 2491 φησὶν,

53 2500 85 2536 οἱ
113 2497 255 2550 ἀδελφοὶ
284 2497 434 2551 Ἰωσὴφ,
465 2498 520 2537 ὅτι
556 2498 719 2545 τέθνηκεν
751 2501 768 2536 6
796 2497 915 2550 πατὴρ
953 2501 1088 2550 αὐτῶν,

54 2552 173 2597 εἶπαν·
191 2559 328 2610 μήποτε
346 2559 595 2611 μνησικακῆσῃ
620 2563 705 2611 ἡμῖν
730 2557 880 2612 Ἰωσὴφ,
906 2560 966 2598 καὶ
983 2563 1091 2599 ἀντα-

53 2621 150 2672 ποδῷ
177 2620 405 2671 ἀνταπόδομα
423 2624 524 2671 ἡμῖν,
545 2621 661 2660 πάντα
691 2620 734 2659 τὰ
755 2620 848 2659 κακὰ
874 2620 896 2658 ἃ
914 2621 1089 2667 ἐνεδειξά-

54 2685 143 2732 μεθα
160 2682 291 2734 θαύτῷ.
322 2681 497 2733 Μεγάλως
517 2684 628 2721 αὐτῶν
656 2685 674 2720 6
703 2681 807 2734 φόὸος
837 2682 1005 2734 ἐτάραττε
1025 2683 1089 2731 τὴν

53 2744 218 2792 διάνοιαν,
238 2744 298 2781 καὶ
318 2744 387 2782 ὑπὸ
402 2748 462 2782 τοῦ
477 2744 670 2788 συνειδότος
689 2744 909 2796 κεντούμενοι
922 2746 984 2784 οὐκ
995 2740 1088 2799 εἶχον

52 2805 73 2844 ὅ
92 2821 126 2843 τι
142 2804 311 2857 πράξωσι.
341 2805 410 2843 Διὰ
428 2810 549 2854 τοῦτο,
569 2807 673 2859 φησὶ,
689 2806 896 2858 θεασάμενοι
924 2811 984 2846 τοῦ
1014 2825 1088 2847 πα·-

53 2867 133 2919 τρὸς
168 2866 232 2912 τὴν
260 2866 444 2914 τελευτὴν,
479 2868 539 2906 καὶ
568 2869 785 2920 ὑπιδόμενοι,
818 2868 867 2919 μὴ
900 2868 964 2916 τὴν
987 2869 1086 2914 ἀξίαν

54 2927 175 2971 αὐτοὺς
209 2925 440 2978 εἷσπράξηται
470 2928 570 2975 δίκην
608 2932 626 2967 6
654 2929 786 2983 Ἰωσὴφ
822 2929 910 2983 ὑπὲρ
938 2932 1008 2968 τῶν
1037 2933 1085 2975 εἰς

54 2990 157 3028 αὐτὸν
196 2987 461 3042 εἰργασμένων,
508 2990 819 3042 Παραγενόμενοι,
854 2991 967 3044 φησὶ,
1001 2992 1085 3045 πρὸς

54 3051 156 3090 αὐτὸν
180 3054 276 3088 εἷπον
291 3065 298 3072 ·
323 3052 341 3086 ὁ
363 3048 484 3101 πατήρ
500 3064 561 3087 σου
588 3049 734 3102 ὥρκωσε
751 3053 820 3106 πρὸ
837 3058 898 3091 τοῦ
923 3055 1086 3100 τελευτῆ-
1111 3069 1133 3098 Ε

53 3127 112 3151 σαι
145 3111 260 3157 αὐτὸν,
285 3109 396 3161 λέγων
411 3125 418 3132 ·
447 3110 568 3148 εἴπατε
589 3110 743 3163 Ἰωσὴφ,
769 3113 852 3165 ἄφες
885 3115 997 3158 αὐτοῖς
1021 3113 1084 3161 τὴν

54 3171 192 3211 ἀδικίαν
214 3171 274 3212 καὶ
302 3169 365 3218 τὴν
392 3170 568 3223 ἁμαρτίαν
598 3172 724 3210 αὐτῶν.
748 3172 843 3226 “Opot
867 3174 990 3223 πάλιν,
1011 3179 1086 3220 πῶς

56 3233 151 3272 αὐτοὶ
170 3235 302 3271 ἑαυτῶν
330 3232 519 3285 κατήγοροι
543 3231 709 3283 γίνονται.
728 3233 844 3272 Βλέπε
859 3234 937 3273 ὅσον
955 3236 1047 3274 ἐστὶν
1068 3240 1085 3275 ὁ

17 3321 20 3324 -
55 3298 114 3333 τοῦ
135 3293 326 3337 συνειδότος
346 3292 499 3346 ἔλεγ’(ος.
529 3292 646 3337 (Ὀλως
666 3293 756 3343 ἴστε,
776 3293 830 3332 ὅτι
858 3296 996 3336 ἀδικίαν
1023 3298 1082 3336 καὶ

101 3402 114 3417 ³
138 3393 240 3427 savii.
255 3402 287 3427 et
303 3393 440 3438 quidam
455 3395 532 3429 Mss.
553 3399 643 3439 αὐτῷ.
664 3401 800 3439 γενναίως
818 3400 925 3431 αὐτῶν.

1168 211 1326 242 nomn..
1367 213 1508 245 van.
2046 208 2136 269 743

1182 296 1302 346 igitur
1318 297 1527 334 ascendam
1540 326 1552 344 ,
1572 305 1609 334 et
1627 298 1812 349 sepeliam
1823 309 1974 351 patrem
1994 317 2133 352 meum,

1179 364 1214 393 et
1235 357 1382 395 redibo,
1408 356 1569 409 AEquum
1598 368 1674 407 est,
1705 358 1843 411 inquit,
1869 371 1907 398 ut
1926 376 2005 413 quic
2033 365 2077 401 al·
2097 381 2136 403 eo

1178 427 1354 470 praecepta
1377 429 1486 464 sunt,
1516 419 1699 472 impleam.
1724 421 1797 459 Ubi
1830 421 1941 472 igitur
1960 439 1999 461 ca
2025 426 2136 465 secero

1178 491 1257 527 ‹1¹1ae
1274 479 1444 530 jusserit,
1468 481 1606 520 redibo.
1637 482 1722 520 Haec
1759 492 1797 520 ut
1818 483 1953 534 audiit,
1976 487 2138 537 permisit

1178 539 1329 578 Pharao.
1353 542 1388 578 7.
1402 543 1455 579 Et
1473 545 1672 591 ascendit,
1692 544 1831 595 inquit,
1853 547 1997 598 Josepk
2021 556 2061 585 ut
2081 563 2136 586 se-

1169 601 1307 652 peliret
1324 611 1477 654 patrem
1507 618 1637 649 suum,
1669 614 1705 643 et
1734 608 1852 644 simul
1879 610 2135 648 ascenderunt

1171 675 1260 699 cum
1275 676 1319 700 eo
1335 678 1467 703 omnes
1486 668 1586 703 servi
1601 667 1839 706 Pharaonis.
1861 671 1898 707 8.
1922 671 1974 708 Et
1996 685 2137 723 cogna-

1173 725 1336 770 tionem,
1360 733 1396 762 εἰ
1429 728 1543 764 boves
1569 737 1604 765 ct
1632 742 1719 766 oves
1746 730 2007 782 reliqzwruttl,
2033 734 2069 768 9.
2101 742 2137 770 et

1171 784 1293 821 simul
1311 786 1572 824 ascenderunt
1592 802 1678 825 cum
1700 803 1744 826 eo
1764 803 1898 828 currus
1915 799 1949 828 ec
1974 794 2134 843 equites,

1170 852 1207 881 et
1209 846 1332 897 sacta
1349 855 1439 883 sunt
1454 856 1586 885 castra
1603 863 1750 901 magna
1763 851 1896 888 valde.
1915 851 2011 890 Yide
2024 867 2137 903 quan-

1171 914 1248 944 tum
1267 906 1429 945 officium
1445 907 1626 947 declarent
1646 910 1808 963 AEgyptii
1832 911 1867 949 in
1887 912 2058 951 honorem
2075 915 2137 952 Jo-

1170 966 1282 1019 seph,
1307 977 1340 1006 et
1369 978 1540 1007 venerunt
1561 984 1643 1008 cum
1672 972 1830 1024 ,lost-ph,
1861 973 1909 1011 ita
1943 984 1982 1012 ut
2012 976 2137 1013 fierent

1170 1035 1285 1064 castra
1312 1041 1456 1080 magna.
1484 1029 1545 1066 10.
1567 1031 1621 1068 Et
1649 1039 1690 1069 ut
1723 1043 1917 1071 venerunt
1937 1036 1991 1072 ad
2010 1036 2137 1073 Iocum

1169 1089 1376 1139 quemdam
1392 1119 1404 1136 ,
1425 1090 1668 1141 planxerunt
1682 1106 1768 1130 eum
1786 1094 1949 1145 planctu
1968 1110 2110 1148 magno
2124 1127 2132 1141 ,

1169 1157 1205 1186 et
1227 1150 1352 1188 valde
1366 1152 1601 1190 vehementi.
1624 1154 1792 1207 Elsecit
1809 1155 2013 1207 planctum
2031 1161 2138 1209 paeri

1167 1223 1236 1248 suo
1255 1220 1397 1263 septem
1419 1213 1515 1251 dies.
1536 1215 1578 1251 11
1593 1244 1599 1251 .
1619 1216 1673 1252 Et
1690 1217 1875 1254 viderunt
1890 1219 2135 1257 habitatores

1170 1273 1201 1310 C
1203 1274 1381 1320 Ιιαηααη,
1405 1283 1441 1312 et
1455 1276 1639 1314 direrunt
1656 1292 1666 1312 :
1683 1278 1879 1316 Planctus
1898 1292 2063 1331 magnus
2079 1290 2135 1318 est

1168 1335 1380 1387 AEgyptiis.
1404 1337 1572 1388 Propter
1591 1339 1663 1375 hoc
1683 1342 1843 1378 vocavit
1875 1354 2015 1378 nomen
2035 1342 2129 1389 loci,

1166 1396 1362 1434 Planctus
1378 1397 1563 1449 AEgypti,
1591 1401 1658 1450 qui
1685 1408 1741 1437 est
1765 1409 1874 1438 trans
1896 1402 2128 1440 Jordanem.

1167 1456 1307 1494 Verum
1325 1466 1364 1494 tu
1383 1457 1461 1495 haec
1479 1459 1628 1497 audiens
1641 1490 1653 1510 ‚
1685 1460 1815 1498 dilecte
1827 1491 1837 1510 ‚
1855 1475 1898 1499 ne
1919 1462 2131 1515 simpliciter

1165 1526 1419 1569 praetercurre,
1440 1519 1505 1557 sed
1524 1529 1666 1573 tempus
1681 1521 1797 1573 cogita
1808 1552 1821 1569 ,
1838 1537 1909 1573 quo
1921 1523 2013 1561 facta
2031 1534 2128 1573 sunt,

1166 1587 1199 1615 et
1214 1578 1260 1616 ab
1278 1580 1376 1618 omni
1395 1581 1500 1633 culpa
1524 1581 1638 1620 libera
1665 1583 1811 1636 Joseph.
1833 1584 2005 1623 Nondum
2032 1586 2127 1625 enim
2194 1599 2254 1627 Cur
2271 1609 2333 1628 nu.

1164 1639 1303 1680 fuerant
1332 1650 1444 1693 portae
1472 1642 1600 1681 inferni
1628 1644 1817 1682 confractae
1834 1675 1843 1693 ‚
1867 1660 1980 1697 neque
2002 1647 2126 1686 mortis
2140 1642 2332 1711 {affiinplxff'gl

1164 1700 1311 1739 vincula
1323 1701 1497 1740 dissoluta
1510 1733 1521 1753 ‚
1540 1717 1654 1755 neque
1676 1719 1772 1743 mors
1788 1705 1974 1745 dicebatur
1992 1707 2122 1747 dormi·
2141 1726 2193 1752 ueri
2224 1724 2329 1752 Testa-

1163 1761 1227 1799 tio.
1251 1762 1298 1800 Et
1310 1762 1444 1801 ideirco
1458 1764 1543 1815 quia
1562 1764 1759 1805 timuerunt
1778 1776 1928 1806 mortem
1942 1798 1954 1818 ,
1976 1769 2052 1807 haec
2071 1770 2124 1808 fa-
2139 1772 2251 1795 memo.

1163 1823 1304 1861 ciebant
1325 1839 1332 1860 :
1353 1838 1447 1862 nunc
1475 1834 1595 1863 autem
1620 1836 1768 1879 propter
1791 1829 1943 1880 gratiam
1964 1830 2122 1879 Christi,

1162 1884 1247 1936 quia
1266 1900 1363 1924 mors
1396 1886 1488 1924 facta
1519 1897 1570 1925 est
1593 1902 1765 1939 somnus,
1798 1892 2058 1930 consummatio
2090 1902 2124 1931 et

1163 1945 1284 1997 quies,
1309 1961 1349 1985 ac
1364 1957 1459 1986 certa
1476 1949 1660 2001 multaque
1676 1960 1758 1989 sunt
1781 1954 2050 1993 resurrectionis
2069 1955 2124 1993 in-

1162 2005 1274 2055 dicia,
1303 2008 1406 2059 quasi
1425 2008 1470 2047 de
1501 2009 1577 2048 vita
1599 2010 1635 2049 in
1662 2011 1776 2050 vitam
1796 2015 2052 2066 transferendi,
2074 2017 2124 2056 sic

1161 2068 1382 2107 exsultamus
1403 2078 1436 2108 ct
1453 2070 1629 2109 laetamur.
1655 2071 1702 2110 Et
1723 2073 1815 2124 quid
1831 2074 1912 2114 dico
1930 2076 1976 2114 de
1990 2077 2064 2115 vita
2086 2078 2123 2116 in

1161 2128 1299 2167 vitam?
1319 2131 1372 2168 De
1391 2130 1561 2170 deteriori
1579 2131 1625 2170 ad
1646 2133 1852 2183 meliorem,
1870 2135 1914 2174 de
1934 2139 2124 2190 temporali

1161 2189 1209 2227 ad
1238 2200 1428 2242 aeternam,
1464 2193 1509 2231 de
1529 2202 1667 2232 terrena
1697 2193 1744 2232 ad
1778 2196 2125 2238 caelestem.14.Et

1160 2252 1313 2304 peractis
1331 2253 1497 2292 omnibus
1509 2284 1521 2305 ,
1545 2255 1679 2306 inquit,
1699 2271 1874 2296 reversus
1901 2268 1956 2297 est
1977 2261 2124 2313 Joseph

1161 2315 1203 2350 in
1217 2315 1457 2368 AEgyptum,
1482 2318 1562 2368 ipse
1575 2325 1612 2354 et
1619 2318 1776 2370 fratres
1801 2322 1907 2372 ejus,
1928 2330 1965 2359 et
1992 2336 2123 2362 omnes

1161 2378 1229 2426 qui
1266 2389 1354 2416 cum
1385 2389 1430 2414 eo
1463 2379 1735 2417 ascenderant.
1778 2380 1851 2419 Sed
1883 2381 1964 2420 vide
2002 2398 2123 2423 consc-

1159 2446 1306 2488 quenter
1319 2437 1471 2476 fratrum
1483 2439 1505 2478 J
1508 2439 1618 2491 oseph
1639 2439 1805 2479 timorem
1817 2441 1887 2490 hic,
1903 2452 1935 2481 et
1951 2452 2123 2483 terrorem

1159 2513 1284 2537 eorum
1301 2509 1455 2537 mentem
1476 2501 1748 2540 concutientem.
1774 2503 1836 2540 113.
1864 2506 1913 2541 Kc
1938 2507 2121 2544 viderunt

1160 2569 1290 2599 autem
1316 2562 1464 2613 fratres
1492 2562 1662 2613 Joseph,
1695 2565 1801 2615 quod
1824 2573 1998 2603 mortuus
2024 2576 2121 2604 esset

1157 2631 1271 2674 pater
1302 2636 1413 2669 suus,
1447 2623 1629 2660 dixerunt
1650 2639 1660 2658 :
1677 2625 1737 2661 Ne
1756 2626 1871 2676 sorte
1900 2640 2047 2664 memor
2070 2631 2119 2666 sit

1160 2686 1314 2736 injuria?
1337 2691 1478 2721 nostroe
1495 2684 1659 2736 Joseph,
1683 2693 1721 2722 et
1745 2688 1934 2724 retribuat
1957 2691 2120 2727 retribu-

1162 2748 1304 2783 tionem
1331 2747 1463 2791 nobis,
1496 2753 1532 2782 et
1558 2748 1690 2783 omnia
1721 2747 1829 2784 mala
1851 2763 1936 2800 quse
1963 2751 2004 2786 in
2033 2765 2120 2789 eum

1160 2808 1437 2844 commisimus.
1475 2806 1608 2843 Terror
1641 2806 1786 2844 validus
1813 2822 1937 2847 eorum
1965 2821 2120 2850 mentem

1159 2867 1380 2918 perculerat,
1393 2875 1426 2903 et
1440 2881 1458 2904 a
1474 2866 1689 2905 conscientia
1706 2868 1902 2919 stimulati,
1917 2864 2119 2910 ne'scicbant

1160 2928 1248 2979 quid
1269 2929 1432 2966 facerent.
1451 2928 1642 2980 Propterea
1659 2959 1668 2977 ,
1696 2929 1808 2979 dicit,
1836 2945 1918 2969 cum
1944 2932 2118 2972 vidissent

1159 2990 1271 3043 patris
1289 2999 1462 3038 mortem,
1483 2990 1588 3028 veriti
1618 3004 1661 3029 ne
1689 2990 1837 3043 dignam
1857 2993 1901 3032 de
1919 3009 1957 3032 se
1975 3010 2116 3048 poenam

1159 3061 1313 3091 sumeret
1334 3051 1465 3103 Joseph
1481 3081 1490 3099 ‚
1520 3051 1566 3089 ob
1592 3066 1631 3090 ea
1656 3065 1735 3103 quae
1755 3053 1790 3092 in
1815 3055 1921 3094 illum
1948 3071 2117 3109 peccave-

1159 3122 1258 3162 rant,
1278 3114 1338 3150 16.
1357 3112 1625 3151 ΑιΙνωιιέιιίες
1644 3115 1699 3151 ad
1710 3129 1795 3152 eum
1812 3117 1995 3155 dixerunt
2010 3134 2019 3155 :
2036 3120 2116 3156 Pa-

1159 3183 1217 3213 ter
1231 3183 1318 3212 tuus
1335 3174 1532 3225 adjuravit
1550 3188 1618 3212 nos
1629 3177 1737 3226 prius
1756 3191 1871 3229 quam
1888 3188 2111 3225 moreretur,

1158 3237 1289 3273 dicens
1313 3251 1323 3271 :
1346 3235 1475 3272 Dicite
1501 3235 1645 3287 Joseph
1657 3265 1670 3282 ,
1704 3238 1855 3276 ‹limita›
1883 3241 1936 3276 eis
1956 3242 2112 3291 injusti—

1159 3299 1254 3337 tiam
1274 3296 1376 3334 hanc
1398 3303 1434 3334 et
1451 3304 1653 3347 peccatum
1672 3311 1814 3336 eorum.
1841 3298 1938 3338 vide
1967 3299 2113 3343 iterum,
