<?xml version="1.0" encoding="UTF-8"?>
<!DOCTYPE html PUBLIC "-//W3C//DTD XHTML 1.0 Transitional//EN"
    "http://www.w3.org/TR/xhtml1/DTD/xhtml1-transitional.dtd">
<html xmlns="http://www.w3.org/1999/xhtml" xml:lang="en" lang="en">
 <head>
  <title>
</title>
<meta http-equiv="Content-Type" content="text/html;charset=utf-8" />
  <meta name='ocr-system' content='tesseract 3.04.00' />
  <meta name='ocr-capabilities' content='ocr_page ocr_carea ocr_par ocr_line ocrx_word'/>
</head>
<body>
  <div class='ocr_page' id='page_1' title='image "./operaomniaquaeex04johnuoft_0165.png"; bbox 0 0 2483 3791; ppageno 0'>
   <div class='ocr_carea' id='block_1_1' title="bbox 739 185 1009 218">
    <p class='ocr_par' dir='ltr' id='par_1_1' title="bbox 739 185 1009 218">
     <span class='ocr_line' id='line_1_1' title="bbox 739 185 1009 218; baseline -0.011 0"><span class='ocrx_word' id='word_1_1' title='bbox 739 186 780 218; x_wconf 85' lang='lat' dir='ltr'>lN</span> <span class='ocrx_word' id='word_1_2' title='bbox 819 185 924 218; x_wconf 65' lang='lat' dir='ltr'>cu).</span> <span class='ocrx_word' id='word_1_3' title='bbox 965 185 1009 216; x_wconf 80' lang='grc'>11.</span> 
     </span>
    </p>
   </div>
   <div class='ocr_carea' id='block_1_2' title="bbox 100 269 1146 1249">
    <p class='ocr_par' dir='ltr' id='par_1_2' title="bbox 100 269 1146 1249">
     <span class='ocr_line' id='line_1_2' title="bbox 100 269 1125 326; baseline -0.013 -7"><span class='ocrx_word' id='word_1_4' title='bbox 100 278 163 318; x_wconf 60' lang='grc' dir='ltr'>καὶ</span> <span class='ocrx_word' id='word_1_5' title='bbox 182 277 386 325; x_wconf 78' lang='grc' dir='ltr'>ἀκόλαστος,</span> <span class='ocrx_word' id='word_1_6' title='bbox 401 274 461 315; x_wconf 70' lang='grc' dir='ltr'>καὶ</span> <span class='ocrx_word' id='word_1_7' title='bbox 481 274 496 294; x_wconf 80' lang='grc'>“’</span> <span class='ocrx_word' id='word_1_8' title='bbox 511 272 600 326; x_wconf 77' lang='grc' dir='ltr'>μετὰ</span> <span class='ocrx_word' id='word_1_9' title='bbox 621 272 738 317; x_wconf 85' lang='grc' dir='ltr'>ἀδείας</span> <span class='ocrx_word' id='word_1_10' title='bbox 757 272 843 324; x_wconf 79' lang='grc' dir='ltr'>πρὸς</span> <span class='ocrx_word' id='word_1_11' title='bbox 856 270 900 309; x_wconf 75' lang='grc' dir='ltr'>τὰ</span> <span class='ocrx_word' id='word_1_12' title='bbox 925 269 1037 316; x_wconf 77' lang='grc' dir='ltr'>κάλλη</span> <span class='ocrx_word' id='word_1_13' title='bbox 1056 270 1125 306; x_wconf 85' lang='grc' dir='ltr'>τῶν</span> 
     </span>
     <span class='ocr_line' id='line_1_3' title="bbox 103 332 1126 392; baseline -0.011 -13"><span class='ocrx_word' id='word_1_14' title='bbox 103 339 277 392; x_wconf 79' lang='grc' dir='ltr'>σωμάτων</span> <span class='ocrx_word' id='word_1_15' title='bbox 309 336 541 389; x_wconf 83' lang='grc' dir='ltr'>ἐπτοημένος,</span> <span class='ocrx_word' id='word_1_16' title='bbox 572 333 775 388; x_wconf 82' lang='grc' dir='ltr'>χαλινώσας</span> <span class='ocrx_word' id='word_1_17' title='bbox 805 335 909 371; x_wconf 79' lang='grc' dir='ltr'>αὐτοῦ</span> <span class='ocrx_word' id='word_1_18' title='bbox 940 333 998 370; x_wconf 81' lang='grc' dir='ltr'>τὸν</span> <span class='ocrx_word' id='word_1_19' title='bbox 1025 332 1126 383; x_wconf 85' lang='grc' dir='ltr'>λογι-</span> 
     </span>
     <span class='ocr_line' id='line_1_4' title="bbox 104 393 1127 452; baseline -0.01 -13"><span class='ocrx_word' id='word_1_20' title='bbox 104 401 204 452; x_wconf 86' lang='grc' dir='ltr'>σμὸν,</span> <span class='ocrx_word' id='word_1_21' title='bbox 224 399 283 438; x_wconf 72' lang='grc' dir='ltr'>καὶ</span> <span class='ocrx_word' id='word_1_22' title='bbox 303 399 361 437; x_wconf 82' lang='grc' dir='ltr'>τὸν</span> <span class='ocrx_word' id='word_1_23' title='bbox 381 397 483 450; x_wconf 91' lang='grc' dir='ltr'>νόμον</span> <span class='ocrx_word' id='word_1_24' title='bbox 505 400 566 436; x_wconf 89' lang='grc' dir='ltr'>τοῦ</span> <span class='ocrx_word' id='word_1_25' title='bbox 584 397 737 448; x_wconf 78' lang='grc' dir='ltr'>Χριστοῦ</span> <span class='ocrx_word' id='word_1_26' title='bbox 757 397 803 438; x_wconf 84' lang='grc' dir='ltr'>εἰς</span> <span class='ocrx_word' id='word_1_27' title='bbox 820 394 861 433; x_wconf 77' lang='grc' dir='ltr'>τὸ</span> <span class='ocrx_word' id='word_1_28' title='bbox 875 393 1005 436; x_wconf 79' lang='grc' dir='ltr'>πλάτος</span> <span class='ocrx_word' id='word_1_29' title='bbox 1025 395 1127 430; x_wconf 81' lang='grc' dir='ltr'>αὐτοῦ</span> 
     </span>
     <span class='ocr_line' id='line_1_5' title="bbox 103 453 1129 512; baseline -0.01 -12"><span class='ocrx_word' id='word_1_30' title='bbox 103 465 166 509; x_wconf 75' lang='grc' dir='ltr'>τῆς</span> <span class='ocrx_word' id='word_1_31' title='bbox 191 460 343 503; x_wconf 84' lang='grc' dir='ltr'>διανοίας</span> <span class='ocrx_word' id='word_1_32' title='bbox 370 457 546 512; x_wconf 81' lang='grc' dir='ltr'>ἐγγράψας</span> <span class='ocrx_word' id='word_1_33' title='bbox 574 457 631 495; x_wconf 84' lang='grc' dir='ltr'>τὸν</span> <span class='ocrx_word' id='word_1_34' title='bbox 660 456 828 507; x_wconf 90' lang='grc' dir='ltr'>λέγοντα,</span> <span class='ocrx_word' id='word_1_35' title='bbox 854 454 923 492; x_wconf 77' lang='lat' dir='ltr'>⁰‘O</span> <span class='ocrx_word' id='word_1_36' title='bbox 951 453 1129 505; x_wconf 60' lang='grc' dir='ltr'>ἐμίᾶλέψας</span> 
     </span>
     <span class='ocr_line' id='line_1_6' title="bbox 103 515 1130 575; baseline -0.01 -13"><span class='ocrx_word' id='word_1_37' title='bbox 103 522 241 575; x_wconf 69' lang='grc' dir='ltr'>γυναικὶ</span> <span class='ocrx_word' id='word_1_38' title='bbox 266 521 352 573; x_wconf 76' lang='grc' dir='ltr'>πρὸς</span> <span class='ocrx_word' id='word_1_39' title='bbox 377 521 417 559; x_wconf 82' lang='grc' dir='ltr'>τὸ</span> <span class='ocrx_word' id='word_1_40' title='bbox 448 521 661 571; x_wconf 76' lang='grc' dir='ltr'>ἐπιθυμῆσαι</span> <span class='ocrx_word' id='word_1_41' title='bbox 689 520 796 563; x_wconf 70' lang='grc' dir='ltr'>αὐτῆς</span> <span class='ocrx_word' id='word_1_42' title='bbox 830 517 897 564; x_wconf 73' lang='grc' dir='ltr'>ἤδη</span> <span class='ocrx_word' id='word_1_43' title='bbox 930 515 1130 567; x_wconf 73' lang='grc' dir='ltr'>ἐμοίχευσεν</span> 
     </span>
     <span class='ocr_line' id='line_1_7' title="bbox 105 576 1132 635; baseline -0.01 -12"><span class='ocrx_word' id='word_1_44' title='bbox 105 584 214 631; x_wconf 84' lang='grc' dir='ltr'>αὐτὴν</span> <span class='ocrx_word' id='word_1_45' title='bbox 241 585 275 622; x_wconf 83' lang='grc' dir='ltr'>ἐν</span> <span class='ocrx_word' id='word_1_46' title='bbox 305 585 349 635; x_wconf 80' lang='grc' dir='ltr'>τῇ</span> <span class='ocrx_word' id='word_1_47' title='bbox 379 581 506 635; x_wconf 72' lang='grc' dir='ltr'>καρδία</span> <span class='ocrx_word' id='word_1_48' title='bbox 534 583 659 628; x_wconf 82' lang='grc' dir='ltr'>αὐτοῦ,</span> <span class='ocrx_word' id='word_1_49' title='bbox 687 580 727 618; x_wconf 87' lang='grc' dir='ltr'>τὸ</span> <span class='ocrx_word' id='word_1_50' title='bbox 757 578 819 630; x_wconf 86' lang='grc' dir='ltr'>μὲν</span> <span class='ocrx_word' id='word_1_51' title='bbox 849 581 911 625; x_wconf 76' lang='grc' dir='ltr'>τῆς</span> <span class='ocrx_word' id='word_1_52' title='bbox 941 576 1132 619; x_wconf 84' lang='grc' dir='ltr'>ἀκολασίας</span> 
     </span>
     <span class='ocr_line' id='line_1_8' title="bbox 105 636 1130 698; baseline -0.012 -13"><span class='ocrx_word' id='word_1_53' title='bbox 105 646 215 690; x_wconf 77' lang='grc' dir='ltr'>πάθος</span> <span class='ocrx_word' id='word_1_54' title='bbox 245 644 486 698; x_wconf 77' lang='grc' dir='ltr'>φυγαδευέτω,</span> <span class='ocrx_word' id='word_1_55' title='bbox 507 642 572 690; x_wconf 79' lang='grc' dir='ltr'>τὴν</span> <span class='ocrx_word' id='word_1_56' title='bbox 594 641 630 680; x_wconf 82' lang='grc' dir='ltr'>δὲ</span> <span class='ocrx_word' id='word_1_57' title='bbox 649 639 873 694; x_wconf 75' lang='grc' dir='ltr'>σωφροσύνην</span> <span class='ocrx_word' id='word_1_58' title='bbox 899 636 1130 689; x_wconf 84' lang='grc' dir='ltr'>κατορθούτω,</span> 
     </span>
     <span class='ocr_line' id='line_1_9' title="bbox 108 699 1130 760; baseline -0.013 -13"><span class='ocrx_word' id='word_1_59' title='bbox 108 708 154 747; x_wconf 76' lang='lat' dir='ltr'>‘O</span> <span class='ocrx_word' id='word_1_60' title='bbox 169 707 346 760; x_wconf 82' lang='grc' dir='ltr'>προπετὴς</span> <span class='ocrx_word' id='word_1_61' title='bbox 366 708 400 745; x_wconf 82' lang='grc' dir='ltr'>ἐν</span> <span class='ocrx_word' id='word_1_62' title='bbox 422 704 566 758; x_wconf 82' lang='grc' dir='ltr'>γλώσσῃ</span> <span class='ocrx_word' id='word_1_63' title='bbox 592 704 651 743; x_wconf 78' lang='grc' dir='ltr'>καὶ</span> <span class='ocrx_word' id='word_1_64' title='bbox 668 704 788 746; x_wconf 84' lang='grc' dir='ltr'>ἁπλῶς</span> <span class='ocrx_word' id='word_1_65' title='bbox 803 700 849 738; x_wconf 80' lang='grc' dir='ltr'>τὰ</span> <span class='ocrx_word' id='word_1_66' title='bbox 866 699 1009 739; x_wconf 82' lang='grc' dir='ltr'>ἐπιόντα</span> <span class='ocrx_word' id='word_1_67' title='bbox 1026 701 1130 750; x_wconf 88' lang='grc' dir='ltr'>φθεγ-</span> 
     </span>
     <span class='ocr_line' id='line_1_10' title="bbox 108 758 1133 822; baseline -0.012 -14"><span class='ocrx_word' id='word_1_68' title='bbox 108 770 251 822; x_wconf 77' lang='grc' dir='ltr'>γόμενος</span> <span class='ocrx_word' id='word_1_69' title='bbox 270 767 444 820; x_wconf 84' lang='grc' dir='ltr'>μιμείσθω</span> <span class='ocrx_word' id='word_1_70' title='bbox 468 766 574 805; x_wconf 82' lang='grc' dir='ltr'>πάλιν</span> <span class='ocrx_word' id='word_1_71' title='bbox 593 765 652 804; x_wconf 82' lang='grc' dir='ltr'>τὸν</span> <span class='ocrx_word' id='word_1_72' title='bbox 678 762 850 815; x_wconf 85' lang='grc' dir='ltr'>μακάριον</span> <span class='ocrx_word' id='word_1_73' title='bbox 871 759 1053 814; x_wconf 78' lang='grc' dir='ltr'>προφήτην</span> <span class='ocrx_word' id='word_1_74' title='bbox 1074 758 1133 797; x_wconf 78' lang='grc' dir='ltr'>καὶ</span> 
     </span>
     <span class='ocr_line' id='line_1_11' title="bbox 108 820 1134 881; baseline -0.01 -13"><span class='ocrx_word' id='word_1_75' title='bbox 108 829 259 881; x_wconf 85' lang='grc' dir='ltr'>λεγέτω·</span> <span class='ocrx_word' id='word_1_76' title='bbox 288 830 382 873; x_wconf 84' lang='grc' dir='ltr'>Θοῦ,</span> <span class='ocrx_word' id='word_1_77' title='bbox 400 827 508 879; x_wconf 82' lang='grc' dir='ltr'>Κύριε</span> <span class='ocrx_word' id='word_1_78' title='bbox 521 856 531 875; x_wconf 91' lang='grc'>,</span> <span class='ocrx_word' id='word_1_79' title='bbox 552 825 711 878; x_wconf 84' lang='grc' dir='ltr'>φυλακὴν</span> <span class='ocrx_word' id='word_1_80' title='bbox 739 826 789 876; x_wconf 85' lang='grc' dir='ltr'>τῷ</span> <span class='ocrx_word' id='word_1_81' title='bbox 819 821 969 873; x_wconf 84' lang='grc' dir='ltr'>στόματί</span> <span class='ocrx_word' id='word_1_82' title='bbox 991 837 1056 873; x_wconf 89' lang='grc' dir='ltr'>μου</span> <span class='ocrx_word' id='word_1_83' title='bbox 1074 820 1134 858; x_wconf 75' lang='grc' dir='ltr'>καὶ</span> 
     </span>
     <span class='ocr_line' id='line_1_12' title="bbox 109 883 1136 943; baseline -0.009 -14"><span class='ocrx_word' id='word_1_84' title='bbox 109 890 215 943; x_wconf 77' lang='grc' dir='ltr'>Θύραν</span> <span class='ocrx_word' id='word_1_85' title='bbox 246 891 413 942; x_wconf 76' lang='grc' dir='ltr'>περιοχῆς</span> <span class='ocrx_word' id='word_1_86' title='bbox 434 888 515 940; x_wconf 75' lang='grc' dir='ltr'>περὶ</span> <span class='ocrx_word' id='word_1_87' title='bbox 543 887 588 926; x_wconf 82' lang='grc' dir='ltr'>τὰ</span> <span class='ocrx_word' id='word_1_88' title='bbox 611 887 714 940; x_wconf 84' lang='grc' dir='ltr'>χείλη</span> <span class='ocrx_word' id='word_1_89' title='bbox 746 900 811 937; x_wconf 90' lang='grc' dir='ltr'>μου</span> <span class='ocrx_word' id='word_1_90' title='bbox 829 900 837 908; x_wconf 82' lang='grc'>·</span> <span class='ocrx_word' id='word_1_91' title='bbox 868 883 927 922; x_wconf 71' lang='grc' dir='ltr'>καὶ</span> <span class='ocrx_word' id='word_1_92' title='bbox 961 883 1136 935; x_wconf 82' lang='grc' dir='ltr'>μηδέποτε</span> 
     </span>
     <span class='ocr_line' id='line_1_13' title="bbox 109 945 1136 1002; baseline -0.008 -12"><span class='ocrx_word' id='word_1_93' title='bbox 109 953 230 995; x_wconf 86' lang='grc' dir='ltr'>ἁπλῶς</span> <span class='ocrx_word' id='word_1_94' title='bbox 262 950 321 989; x_wconf 78' lang='grc' dir='ltr'>καὶ</span> <span class='ocrx_word' id='word_1_95' title='bbox 353 953 399 994; x_wconf 81' lang='grc' dir='ltr'>ὡς</span> <span class='ocrx_word' id='word_1_96' title='bbox 428 949 531 1002; x_wconf 79' lang='grc' dir='ltr'>ἔτυχε</span> <span class='ocrx_word' id='word_1_97' title='bbox 557 947 761 1001; x_wconf 69' lang='grc' dir='ltr'>προφερέτω</span> <span class='ocrx_word' id='word_1_98' title='bbox 788 946 832 985; x_wconf 80' lang='grc' dir='ltr'>τὰ</span> <span class='ocrx_word' id='word_1_99' title='bbox 865 945 1032 998; x_wconf 80' lang='grc' dir='ltr'>ῥήματα,</span> <span class='ocrx_word' id='word_1_100' title='bbox 1060 945 1136 983; x_wconf 86' lang='grc' dir='ltr'>ἀλλ’</span> 
     </span>
     <span class='ocr_line' id='line_1_14' title="bbox 110 1006 1140 1063; baseline -0.01 -10"><span class='ocrx_word' id='word_1_101' title='bbox 110 1012 265 1053; x_wconf 76' lang='grc' dir='ltr'>ἀκουέτω</span> <span class='ocrx_word' id='word_1_102' title='bbox 283 1012 424 1051; x_wconf 82' lang='grc' dir='ltr'>Παύλου</span> <span class='ocrx_word' id='word_1_103' title='bbox 440 1010 618 1063; x_wconf 81' lang='grc' dir='ltr'>λέγοντος,</span> <span class='ocrx_word' id='word_1_104' title='bbox 635 1011 743 1048; x_wconf 87' lang='grc' dir='ltr'>Πᾶσα</span> <span class='ocrx_word' id='word_1_105' title='bbox 759 1007 915 1063; x_wconf 85' lang='grc' dir='ltr'>κραυγὴ,</span> <span class='ocrx_word' id='word_1_106' title='bbox 936 1007 996 1046; x_wconf 81' lang='grc' dir='ltr'>καὶ</span> <span class='ocrx_word' id='word_1_107' title='bbox 1012 1006 1118 1057; x_wconf 74' lang='grc' dir='ltr'>θυμὸς</span> <span class='ocrx_word' id='word_1_108' title='bbox 1130 1037 1140 1054; x_wconf 84' lang='grc'>,</span> 
     </span>
     <span class='ocr_line' id='line_1_15' title="bbox 111 1067 1141 1126; baseline -0.007 -14"><span class='ocrx_word' id='word_1_109' title='bbox 111 1074 171 1112; x_wconf 79' lang='grc' dir='ltr'>καὶ</span> <span class='ocrx_word' id='word_1_110' title='bbox 203 1073 427 1126; x_wconf 74' lang='grc' dir='ltr'>βλασφημία,</span> <span class='ocrx_word' id='word_1_111' title='bbox 461 1072 521 1110; x_wconf 82' lang='grc' dir='ltr'>καὶ</span> <span class='ocrx_word' id='word_1_112' title='bbox 549 1069 802 1124; x_wconf 78' lang='grc' dir='ltr'>αἱσχρολογία,</span> <span class='ocrx_word' id='word_1_113' title='bbox 836 1069 895 1107; x_wconf 78' lang='grc' dir='ltr'>καὶ</span> <span class='ocrx_word' id='word_1_114' title='bbox 930 1067 1141 1121; x_wconf 80' lang='grc' dir='ltr'>εὐτραπελία</span> 
     </span>
     <span class='ocr_line' id='line_1_16' title="bbox 112 1128 1146 1187; baseline -0.007 -13"><span class='ocrx_word' id='word_1_115' title='bbox 112 1134 253 1187; x_wconf 82' lang='grc' dir='ltr'>ἀρθήτω</span> <span class='ocrx_word' id='word_1_116' title='bbox 273 1136 331 1187; x_wconf 73' lang='grc' dir='ltr'>ἀφ’</span> <span class='ocrx_word' id='word_1_117' title='bbox 358 1137 470 1186; x_wconf 82' lang='grc' dir='ltr'>ὑμῶν,</span> <span class='ocrx_word' id='word_1_118' title='bbox 497 1132 557 1172; x_wconf 75' lang='grc' dir='ltr'>σὺν</span> <span class='ocrx_word' id='word_1_119' title='bbox 580 1133 677 1185; x_wconf 82' lang='grc' dir='ltr'>πάσῃ</span> <span class='ocrx_word' id='word_1_120' title='bbox 698 1130 827 1186; x_wconf 70' lang='grc' dir='ltr'>κακίᾳ·</span> <span class='ocrx_word' id='word_1_121' title='bbox 857 1130 918 1169; x_wconf 78' lang='grc' dir='ltr'>καὶ</span> <span class='ocrx_word' id='word_1_122' title='bbox 948 1130 1067 1177; x_wconf 86' lang='grc' dir='ltr'>πάλιν,</span> <span class='ocrx_word' id='word_1_123' title='bbox 1101 1128 1146 1167; x_wconf 61' lang='lat' dir='ltr'>lii</span> 
     </span>
     <span class='ocr_line' id='line_1_17' title="bbox 113 1191 1142 1249; baseline -0.006 -14"><span class='ocrx_word' id='word_1_124' title='bbox 113 1212 165 1241; x_wconf 81' lang='grc' dir='ltr'>τις</span> <span class='ocrx_word' id='word_1_125' title='bbox 177 1195 277 1248; x_wconf 86' lang='grc' dir='ltr'>λόγος</span> <span class='ocrx_word' id='word_1_126' title='bbox 297 1196 424 1247; x_wconf 84' lang='grc' dir='ltr'>ἀγαθὸς</span> <span class='ocrx_word' id='word_1_127' title='bbox 444 1195 530 1249; x_wconf 77' lang='grc' dir='ltr'>πρὸς</span> <span class='ocrx_word' id='word_1_128' title='bbox 545 1194 733 1244; x_wconf 79' lang='grc' dir='ltr'>οἰκοδομὴν</span> <span class='ocrx_word' id='word_1_129' title='bbox 759 1196 821 1240; x_wconf 68' lang='grc' dir='ltr'>τῆς</span> <span class='ocrx_word' id='word_1_130' title='bbox 847 1192 968 1245; x_wconf 84' lang='grc' dir='ltr'>χρείας</span> <span class='ocrx_word' id='word_1_131' title='bbox 985 1222 995 1240; x_wconf 87' lang='grc'>,</span> <span class='ocrx_word' id='word_1_132' title='bbox 1018 1191 1075 1230; x_wconf 76' lang='grc' dir='ltr'>ἵνα</span> <span class='ocrx_word' id='word_1_133' title='bbox 1094 1193 1142 1244; x_wconf 76' lang='grc' dir='ltr'>δῷ</span> 
     </span>
    </p>
   </div>
   <div class='ocr_carea' id='block_1_3' title="bbox 115 1254 1193 1310">
    <p class='ocr_par' dir='ltr' id='par_1_3' title="bbox 115 1254 1193 1310">
     <span class='ocr_line' id='line_1_18' title="bbox 115 1254 1193 1310; baseline -0.006 -14"><span class='ocrx_word' id='word_1_134' title='bbox 115 1258 220 1310; x_wconf 74' lang='grc' dir='ltr'>χάριν</span> <span class='ocrx_word' id='word_1_135' title='bbox 240 1263 311 1301; x_wconf 87' lang='grc' dir='ltr'>τοῖς</span> <span class='ocrx_word' id='word_1_136' title='bbox 336 1256 511 1296; x_wconf 83' lang='grc' dir='ltr'>ἀκούουσι.</span> <span class='ocrx_word' id='word_1_137' title='bbox 535 1256 606 1295; x_wconf 80' lang='grc' dir='ltr'>Καὶ</span> <span class='ocrx_word' id='word_1_138' title='bbox 628 1255 706 1300; x_wconf 77' lang='grc' dir='ltr'>τοὺς</span> <span class='ocrx_word' id='word_1_139' title='bbox 730 1255 853 1308; x_wconf 82' lang='grc' dir='ltr'>ὅρκους</span> <span class='ocrx_word' id='word_1_140' title='bbox 871 1254 907 1294; x_wconf 77' lang='grc' dir='ltr'>δὲ</span> <span class='ocrx_word' id='word_1_141' title='bbox 936 1254 1146 1299; x_wconf 64' lang='grc' dir='ltr'>11παντελῶς</span> <span class='ocrx_word' id='word_1_142' title='bbox 1169 1259 1193 1289; x_wconf 88' lang='lat' dir='ltr'>C</span> 
     </span>
    </p>
   </div>
   <div class='ocr_carea' id='block_1_4' title="bbox 115 1317 1152 2776">
    <p class='ocr_par' dir='ltr' id='par_1_4' title="bbox 115 1317 1152 2776">
     <span class='ocr_line' id='line_1_19' title="bbox 115 1317 1146 1372; baseline -0.004 -14"><span class='ocrx_word' id='word_1_143' title='bbox 115 1319 292 1372; x_wconf 80' lang='grc' dir='ltr'>φευγέτω,</span> <span class='ocrx_word' id='word_1_144' title='bbox 319 1318 454 1358; x_wconf 85' lang='grc' dir='ltr'>ἀκούων</span> <span class='ocrx_word' id='word_1_145' title='bbox 487 1321 550 1365; x_wconf 75' lang='grc' dir='ltr'>τῆς</span> <span class='ocrx_word' id='word_1_146' title='bbox 581 1317 789 1370; x_wconf 69' lang='grc' dir='ltr'>ἀποφάσεως</span> <span class='ocrx_word' id='word_1_147' title='bbox 814 1321 874 1355; x_wconf 90' lang='grc' dir='ltr'>τοῦ</span> <span class='ocrx_word' id='word_1_148' title='bbox 902 1318 1056 1371; x_wconf 77' lang='grc' dir='ltr'>Χριστοῦ</span> <span class='ocrx_word' id='word_1_149' title='bbox 1083 1320 1146 1363; x_wconf 63' lang='grc' dir='ltr'>τῆς</span> 
     </span>
     <span class='ocr_line' id='line_1_20' title="bbox 116 1378 1148 1433; baseline -0.002 -15"><span class='ocrx_word' id='word_1_150' title='bbox 116 1380 372 1433; x_wconf 78' lang='grc' dir='ltr'>λεγούσης,ὁ’τι</span> <span class='ocrx_word' id='word_1_151' title='bbox 388 1379 546 1433; x_wconf 77' lang='grc' dir='ltr'>Ἐῤῥῆθη</span> <span class='ocrx_word' id='word_1_152' title='bbox 576 1384 648 1423; x_wconf 87' lang='grc' dir='ltr'>τοῖς</span> <span class='ocrx_word' id='word_1_153' title='bbox 681 1378 862 1432; x_wconf 73' lang='grc' dir='ltr'>ἀρχαίοις,</span> <span class='ocrx_word' id='word_1_154' title='bbox 887 1380 950 1416; x_wconf 83' lang='grc' dir='ltr'>οὐκ</span> <span class='ocrx_word' id='word_1_155' title='bbox 981 1378 1148 1431; x_wconf 79' lang='grc' dir='ltr'>ἐπιορκή-</span> 
     </span>
     <span class='ocr_line' id='line_1_21' title="bbox 119 1438 1147 1494; baseline -0.004 -13"><span class='ocrx_word' id='word_1_156' title='bbox 119 1457 190 1486; x_wconf 88' lang='grc' dir='ltr'>σεις</span> <span class='ocrx_word' id='word_1_157' title='bbox 205 1458 213 1465; x_wconf 90' lang='grc'><em>·</em></span> <span class='ocrx_word' id='word_1_158' title='bbox 240 1440 308 1493; x_wconf 79' lang='grc' dir='ltr'>ἐγὼ</span> <span class='ocrx_word' id='word_1_159' title='bbox 327 1440 363 1480; x_wconf 81' lang='grc' dir='ltr'>δὲ</span> <span class='ocrx_word' id='word_1_160' title='bbox 393 1440 486 1494; x_wconf 86' lang='grc' dir='ltr'>λέγω</span> <span class='ocrx_word' id='word_1_161' title='bbox 505 1443 600 1492; x_wconf 76' lang='grc' dir='ltr'>ὑμῖν,</span> <span class='ocrx_word' id='word_1_162' title='bbox 622 1440 670 1491; x_wconf 85' lang='grc' dir='ltr'>μὴ</span> <span class='ocrx_word' id='word_1_163' title='bbox 687 1440 816 1491; x_wconf 82' lang='grc' dir='ltr'>ὀμόσαι</span> <span class='ocrx_word' id='word_1_164' title='bbox 830 1439 930 1483; x_wconf 76' lang='grc' dir='ltr'>ὅλως.</span> <span class='ocrx_word' id='word_1_165' title='bbox 953 1438 1014 1486; x_wconf 90' lang='grc' dir='ltr'>Μὴ</span> <span class='ocrx_word' id='word_1_166' title='bbox 1035 1439 1147 1478; x_wconf 87' lang='grc' dir='ltr'>τοίνυν</span> 
     </span>
     <span class='ocr_line' id='line_1_22' title="bbox 120 1499 1149 1554; baseline -0.002 -14"><span class='ocrx_word' id='word_1_167' title='bbox 120 1519 178 1553; x_wconf 84' lang='grc' dir='ltr'>μοι</span> <span class='ocrx_word' id='word_1_168' title='bbox 197 1502 276 1554; x_wconf 84' lang='grc' dir='ltr'>λέγε</span> <span class='ocrx_word' id='word_1_169' title='bbox 289 1533 298 1550; x_wconf 93' lang='grc'>,</span> <span class='ocrx_word' id='word_1_170' title='bbox 314 1502 369 1540; x_wconf 81' lang='grc' dir='ltr'>ὅτι</span> <span class='ocrx_word' id='word_1_171' title='bbox 384 1502 441 1540; x_wconf 85' lang='grc' dir='ltr'>ἐπὶ</span> <span class='ocrx_word' id='word_1_172' title='bbox 457 1501 582 1554; x_wconf 86' lang='grc' dir='ltr'>δικαίῳ</span> <span class='ocrx_word' id='word_1_173' title='bbox 601 1501 750 1552; x_wconf 84' lang='grc' dir='ltr'>ὄμνυμι·</span> <span class='ocrx_word' id='word_1_174' title='bbox 774 1503 836 1539; x_wconf 84' lang='grc' dir='ltr'>οὐκ</span> <span class='ocrx_word' id='word_1_175' title='bbox 856 1500 968 1545; x_wconf 83' lang='grc' dir='ltr'>ἔξεστι</span> <span class='ocrx_word' id='word_1_176' title='bbox 982 1500 1050 1554; x_wconf 83' lang='grc' dir='ltr'>γὰρ</span> <span class='ocrx_word' id='word_1_177' title='bbox 1071 1499 1149 1539; x_wconf 82' lang='grc' dir='ltr'>οὔτε</span> 
     </span>
     <span class='ocr_line' id='line_1_23' title="bbox 118 1560 1149 1616; baseline 0 -17"><span class='ocrx_word' id='word_1_178' title='bbox 118 1563 177 1600; x_wconf 84' lang='grc' dir='ltr'>ἐπὶ</span> <span class='ocrx_word' id='word_1_179' title='bbox 196 1562 338 1615; x_wconf 81' lang='grc' dir='ltr'>δικαίῳ,</span> <span class='ocrx_word' id='word_1_180' title='bbox 357 1562 434 1601; x_wconf 85' lang='grc' dir='ltr'>οὔτε</span> <span class='ocrx_word' id='word_1_181' title='bbox 455 1562 512 1601; x_wconf 75' lang='grc' dir='ltr'>ἐπὶ</span> <span class='ocrx_word' id='word_1_182' title='bbox 529 1562 640 1616; x_wconf 77' lang='grc' dir='ltr'>ἀδίκῳ</span> <span class='ocrx_word' id='word_1_183' title='bbox 662 1560 818 1612; x_wconf 78' lang='grc' dir='ltr'>ὀμνύναι.</span> <span class='ocrx_word' id='word_1_184' title='bbox 838 1562 1001 1615; x_wconf 80' lang='grc' dir='ltr'>Καθαρὸν</span> <span class='ocrx_word' id='word_1_185' title='bbox 1015 1561 1149 1600; x_wconf 67' lang='grc' dir='ltr'>οτοίνυν</span> 
     </span>
     <span class='ocr_line' id='line_1_24' title="bbox 119 1622 1150 1676; baseline -0.002 -14"><span class='ocrx_word' id='word_1_186' title='bbox 119 1627 281 1675; x_wconf 85' lang='grc' dir='ltr'>τηρῶμεν</span> <span class='ocrx_word' id='word_1_187' title='bbox 310 1623 404 1676; x_wconf 80' lang='grc' dir='ltr'>ὅρκῳ</span> <span class='ocrx_word' id='word_1_188' title='bbox 434 1624 474 1663; x_wconf 78' lang='grc' dir='ltr'>τὸ</span> <span class='ocrx_word' id='word_1_189' title='bbox 503 1623 642 1675; x_wconf 72' lang='grc' dir='ltr'>στόμα,</span> <span class='ocrx_word' id='word_1_190' title='bbox 669 1623 729 1661; x_wconf 82' lang='grc' dir='ltr'>καὶ</span> <span class='ocrx_word' id='word_1_191' title='bbox 751 1622 885 1666; x_wconf 81' lang='grc' dir='ltr'>τούτοις</span> <span class='ocrx_word' id='word_1_192' title='bbox 904 1623 1015 1661; x_wconf 86' lang='grc' dir='ltr'>ἅπασι</span> <span class='ocrx_word' id='word_1_193' title='bbox 1034 1622 1150 1675; x_wconf 76' lang='grc' dir='ltr'>τειχί-</span> 
     </span>
     <span class='ocr_line' id='line_1_25' title="bbox 120 1684 1150 1738; baseline 0 -15"><span class='ocrx_word' id='word_1_194' title='bbox 120 1688 232 1737; x_wconf 87' lang='grc' dir='ltr'>ζωμεν</span> <span class='ocrx_word' id='word_1_195' title='bbox 266 1687 367 1737; x_wconf 87' lang='grc' dir='ltr'>ἡμῶν</span> <span class='ocrx_word' id='word_1_196' title='bbox 396 1686 456 1724; x_wconf 86' lang='grc' dir='ltr'>καὶ</span> <span class='ocrx_word' id='word_1_197' title='bbox 488 1685 552 1736; x_wconf 82' lang='grc' dir='ltr'>τὴν</span> <span class='ocrx_word' id='word_1_198' title='bbox 572 1687 746 1737; x_wconf 83' lang='grc' dir='ltr'>γλῶτταν,</span> <span class='ocrx_word' id='word_1_199' title='bbox 777 1684 836 1723; x_wconf 80' lang='grc' dir='ltr'>καὶ</span> <span class='ocrx_word' id='word_1_200' title='bbox 864 1684 908 1723; x_wconf 84' lang='grc' dir='ltr'>τὰ</span> <span class='ocrx_word' id='word_1_201' title='bbox 936 1684 1062 1738; x_wconf 81' lang='grc' dir='ltr'>χείλη,</span> <span class='ocrx_word' id='word_1_202' title='bbox 1091 1684 1150 1723; x_wconf 86' lang='grc' dir='ltr'>καὶ</span> 
     </span>
     <span class='ocr_line' id='line_1_26' title="bbox 120 1743 1148 1796; baseline 0 -13"><span class='ocrx_word' id='word_1_203' title='bbox 120 1746 183 1792; x_wconf 68' lang='grc' dir='ltr'>τὴν</span> <span class='ocrx_word' id='word_1_204' title='bbox 207 1745 372 1791; x_wconf 75' lang='grc' dir='ltr'>διάνοιαν,</span> <span class='ocrx_word' id='word_1_205' title='bbox 394 1744 484 1783; x_wconf 80' lang='grc' dir='ltr'>ὥστε</span> <span class='ocrx_word' id='word_1_206' title='bbox 506 1744 555 1796; x_wconf 81' lang='grc' dir='ltr'>μὴ</span> <span class='ocrx_word' id='word_1_207' title='bbox 579 1745 712 1784; x_wconf 81' lang='grc' dir='ltr'>ἔνδοθεν</span> <span class='ocrx_word' id='word_1_208' title='bbox 732 1743 910 1782; x_wconf 80' lang='grc' dir='ltr'>τίκτεσθαί</span> <span class='ocrx_word' id='word_1_209' title='bbox 935 1760 970 1782; x_wconf 89' lang='grc' dir='ltr'>τι</span> <span class='ocrx_word' id='word_1_210' title='bbox 993 1746 1062 1782; x_wconf 89' lang='grc' dir='ltr'>τῶν</span> <span class='ocrx_word' id='word_1_211' title='bbox 1082 1761 1148 1783; x_wconf 88' lang='grc' dir='ltr'>πο-</span> 
     </span>
     <span class='ocr_line' id='line_1_27' title="bbox 120 1804 1150 1860; baseline -0.001 -16"><span class='ocrx_word' id='word_1_212' title='bbox 120 1810 234 1860; x_wconf 79' lang='grc' dir='ltr'>νηρῶν</span> <span class='ocrx_word' id='word_1_213' title='bbox 248 1808 437 1857; x_wconf 82' lang='grc' dir='ltr'>λογισμῶν,</span> <span class='ocrx_word' id='word_1_214' title='bbox 459 1806 548 1856; x_wconf 81' lang='grc' dir='ltr'>μήτε</span> <span class='ocrx_word' id='word_1_215' title='bbox 569 1806 626 1844; x_wconf 80' lang='grc' dir='ltr'>διὰ</span> <span class='ocrx_word' id='word_1_216' title='bbox 645 1804 806 1857; x_wconf 82' lang='grc' dir='ltr'>γλώττης</span> <span class='ocrx_word' id='word_1_217' title='bbox 820 1805 1066 1858; x_wconf 65' lang='grc' dir='ltr'>προφέρεσθαι.</span> <span class='ocrx_word' id='word_1_218' title='bbox 1081 1805 1150 1843; x_wconf 79' lang='grc' dir='ltr'>Καὶ</span> 
     </span>
     <span class='ocr_line' id='line_1_28' title="bbox 122 1865 1150 1919; baseline -0.001 -14"><span class='ocrx_word' id='word_1_219' title='bbox 122 1867 182 1911; x_wconf 68' lang='grc' dir='ltr'>τὰς</span> <span class='ocrx_word' id='word_1_220' title='bbox 218 1867 324 1911; x_wconf 79' lang='grc' dir='ltr'>ἀκοὰς</span> <span class='ocrx_word' id='word_1_221' title='bbox 358 1866 394 1905; x_wconf 79' lang='grc' dir='ltr'>δὲ</span> <span class='ocrx_word' id='word_1_222' title='bbox 419 1869 583 1919; x_wconf 71' lang='grc' dir='ltr'>ἀσφαλῶς</span> <span class='ocrx_word' id='word_1_223' title='bbox 619 1867 912 1918; x_wconf 73' lang='grc' dir='ltr'>ἀποφράττωμεν,</span> <span class='ocrx_word' id='word_1_224' title='bbox 937 1865 1028 1904; x_wconf 82' lang='grc' dir='ltr'>ὥστε</span> <span class='ocrx_word' id='word_1_225' title='bbox 1060 1866 1150 1917; x_wconf 78' lang='grc' dir='ltr'>μήτε</span> 
     </span>
     <span class='ocr_line' id='line_1_29' title="bbox 124 1926 1152 1980; baseline 0 -14"><span class='ocrx_word' id='word_1_226' title='bbox 124 1931 188 1966; x_wconf 68' lang='lat' dir='ltr'>rixo</span> <span class='ocrx_word' id='word_1_227' title='bbox 206 1945 231 1975; x_wconf 58' lang='grc' dir='ltr'>,ν</span> <span class='ocrx_word' id='word_1_228' title='bbox 259 1927 410 1978; x_wconf 80' lang='grc' dir='ltr'>ματαίαν</span> <span class='ocrx_word' id='word_1_229' title='bbox 442 1926 725 1979; x_wconf 78' lang='grc' dir='ltr'>παραδέχεσθαι,</span> <span class='ocrx_word' id='word_1_230' title='bbox 754 1927 911 1978; x_wconf 85' lang='grc' dir='ltr'>καθάπερ</span> <span class='ocrx_word' id='word_1_231' title='bbox 935 1930 953 1965; x_wconf 86' lang='grc' dir='ltr'>ὁ</span> <span class='ocrx_word' id='word_1_232' title='bbox 982 1927 1152 1980; x_wconf 78' lang='grc' dir='ltr'>μακάριος</span> 
     </span>
     <span class='ocr_line' id='line_1_30' title="bbox 124 1987 1151 2041; baseline 0 -14"><span class='ocrx_word' id='word_1_233' title='bbox 124 1991 278 2034; x_wconf 80' lang='grc' dir='ltr'>Μωϋσῆς</span> <span class='ocrx_word' id='word_1_234' title='bbox 292 1988 504 2040; x_wconf 78' lang='grc' dir='ltr'>παρήγγειλε</span> <span class='ocrx_word' id='word_1_235' title='bbox 521 1987 646 2037; x_wconf 86' lang='grc' dir='ltr'>λέγων,</span> <span class='ocrx_word' id='word_1_236' title='bbox 665 1987 789 2035; x_wconf 53' lang='lat' dir='ltr'>&#39;Ano-&gt;p</span> <span class='ocrx_word' id='word_1_237' title='bbox 808 1987 959 2037; x_wconf 83' lang='grc' dir='ltr'>ματαίαν</span> <span class='ocrx_word' id='word_1_238' title='bbox 976 1988 1024 2039; x_wconf 87' lang='grc' dir='ltr'>μὴ</span> <span class='ocrx_word' id='word_1_239' title='bbox 1036 2004 1151 2041; x_wconf 87' lang='grc' dir='ltr'>παρα-</span> 
     </span>
     <span class='ocr_line' id='line_1_31' title="bbox 125 2048 1148 2101; baseline 0 -14"><span class='ocrx_word' id='word_1_240' title='bbox 125 2049 203 2101; x_wconf 71' lang='grc' dir='ltr'>δέξῃ</span> <span class='ocrx_word' id='word_1_241' title='bbox 216 2065 224 2072; x_wconf 90' lang='grc'><em>·</em></span> <span class='ocrx_word' id='word_1_242' title='bbox 241 2048 300 2087; x_wconf 71' lang='grc' dir='ltr'>καὶ</span> <span class='ocrx_word' id='word_1_243' title='bbox 326 2049 431 2087; x_wconf 76' lang='grc' dir='ltr'>πάλιν</span> <span class='ocrx_word' id='word_1_244' title='bbox 451 2051 468 2087; x_wconf 86' lang='grc' dir='ltr'><strong>ὁ</strong></span> <span class='ocrx_word' id='word_1_245' title='bbox 488 2048 661 2100; x_wconf 80' lang='grc' dir='ltr'>μακάριος</span> <span class='ocrx_word' id='word_1_246' title='bbox 678 2049 789 2086; x_wconf 79' lang='grc' dir='ltr'>Δαυὶδ</span> <span class='ocrx_word' id='word_1_247' title='bbox 807 2048 903 2101; x_wconf 83' lang='grc' dir='ltr'>ἔλεγε</span> <span class='ocrx_word' id='word_1_248' title='bbox 919 2079 928 2097; x_wconf 86' lang='grc'>,</span> <span class='ocrx_word' id='word_1_249' title='bbox 948 2049 1018 2088; x_wconf 83' lang='grc' dir='ltr'>Τὸν</span> <span class='ocrx_word' id='word_1_250' title='bbox 1037 2065 1148 2087; x_wconf 85' lang='grc' dir='ltr'>κατα-</span> 
     </span>
     <span class='ocr_line' id='line_1_32' title="bbox 123 2109 1147 2162; baseline 0 -13"><span class='ocrx_word' id='word_1_251' title='bbox 123 2113 294 2149; x_wconf 84' lang='grc' dir='ltr'>λαλοῦντα</span> <span class='ocrx_word' id='word_1_252' title='bbox 311 2110 423 2162; x_wconf 75' lang='grc' dir='ltr'>λάθρα</span> <span class='ocrx_word' id='word_1_253' title='bbox 438 2114 498 2148; x_wconf 87' lang='grc' dir='ltr'>τοῦ</span> <span class='ocrx_word' id='word_1_254' title='bbox 514 2109 661 2156; x_wconf 86' lang='grc' dir='ltr'>πλησίον</span> <span class='ocrx_word' id='word_1_255' title='bbox 679 2112 782 2148; x_wconf 87' lang='grc' dir='ltr'>αὐτοῦ</span> <span class='ocrx_word' id='word_1_256' title='bbox 797 2139 806 2157; x_wconf 92' lang='grc'>,</span> <span class='ocrx_word' id='word_1_257' title='bbox 822 2113 941 2148; x_wconf 87' lang='grc' dir='ltr'>τοῦτον</span> <span class='ocrx_word' id='word_1_258' title='bbox 957 2109 1147 2154; x_wconf 76' lang='grc' dir='ltr'>ἐξεδίωκον.</span> 
     </span>
     <span class='ocr_line' id='line_1_33' title="bbox 124 2165 1144 2224; baseline -0.002 -14"><span class='ocrx_word' id='word_1_259' title='bbox 124 2165 225 2214; x_wconf 70' lang='grc' dir='ltr'>Εἶδες</span> <span class='ocrx_word' id='word_1_260' title='bbox 239 2202 249 2219; x_wconf 91' lang='grc'>,</span> <span class='ocrx_word' id='word_1_261' title='bbox 280 2170 439 2224; x_wconf 83' lang='grc' dir='ltr'>ἀγαπητὲ</span> <span class='ocrx_word' id='word_1_262' title='bbox 453 2199 462 2215; x_wconf 93' lang='grc'>,</span> <span class='ocrx_word' id='word_1_263' title='bbox 480 2169 563 2216; x_wconf 81' lang='grc' dir='ltr'>ὅσης</span> <span class='ocrx_word' id='word_1_264' title='bbox 582 2174 667 2221; x_wconf 82' lang='grc' dir='ltr'>ἡμῖν</span> <span class='ocrx_word' id='word_1_265' title='bbox 697 2170 889 2222; x_wconf 87' lang='grc' dir='ltr'>ἀγρυπνίας</span> <span class='ocrx_word' id='word_1_266' title='bbox 915 2170 1040 2222; x_wconf 80' lang='grc' dir='ltr'>χρεία,</span> <span class='ocrx_word' id='word_1_267' title='bbox 1063 2171 1144 2210; x_wconf 81' lang='grc' dir='ltr'>ὅσου</span> 
     </span>
     <span class='ocr_line' id='line_1_34' title="bbox 124 2230 1148 2285; baseline -0.002 -14"><span class='ocrx_word' id='word_1_268' title='bbox 124 2232 228 2271; x_wconf 88' lang='grc' dir='ltr'>πόνου</span> <span class='ocrx_word' id='word_1_269' title='bbox 251 2232 336 2284; x_wconf 87' lang='grc' dir='ltr'>πρὸς</span> <span class='ocrx_word' id='word_1_270' title='bbox 353 2231 416 2279; x_wconf 83' lang='grc' dir='ltr'>τὴν</span> <span class='ocrx_word' id='word_1_271' title='bbox 443 2231 594 2284; x_wconf 83' lang='grc' dir='ltr'>ἀρετήν;</span> <span class='ocrx_word' id='word_1_272' title='bbox 615 2235 690 2276; x_wconf 85' lang='grc' dir='ltr'>πῶς</span> <span class='ocrx_word' id='word_1_273' title='bbox 711 2231 770 2270; x_wconf 78' lang='grc' dir='ltr'>καὶ</span> <span class='ocrx_word' id='word_1_274' title='bbox 791 2230 904 2285; x_wconf 81' lang='grc' dir='ltr'>βραχὺ</span> <span class='ocrx_word' id='word_1_275' title='bbox 933 2231 1036 2284; x_wconf 86' lang='grc' dir='ltr'>μέρος</span> <span class='ocrx_word' id='word_1_276' title='bbox 1055 2233 1148 2283; x_wconf 86' lang='grc' dir='ltr'>ἀμε-</span> 
     </span>
     <span class='ocr_line' id='line_1_35' title="bbox 121 2292 1149 2345; baseline 0.002 -14"><span class='ocrx_word' id='word_1_277' title='bbox 121 2293 223 2341; x_wconf 81' lang='grc' dir='ltr'>ληθὲν</span> <span class='ocrx_word' id='word_1_278' title='bbox 237 2293 426 2345; x_wconf 83' lang='grc' dir='ltr'>ὁλόκληρον</span> <span class='ocrx_word' id='word_1_279' title='bbox 450 2296 535 2344; x_wconf 86' lang='grc' dir='ltr'>ἡμῖν</span> <span class='ocrx_word' id='word_1_280' title='bbox 554 2293 679 2344; x_wconf 85' lang='grc' dir='ltr'>ἐπάγει</span> <span class='ocrx_word' id='word_1_281' title='bbox 693 2292 752 2331; x_wconf 86' lang='grc' dir='ltr'>τὸν</span> <span class='ocrx_word' id='word_1_282' title='bbox 768 2293 944 2341; x_wconf 67' lang='grc' dir='ltr'>κίνδυνον,</span> <span class='ocrx_word' id='word_1_283' title='bbox 961 2293 1031 2332; x_wconf 79' lang='grc' dir='ltr'>Διὰ</span> <span class='ocrx_word' id='word_1_284' title='bbox 1046 2297 1149 2333; x_wconf 83' lang='grc' dir='ltr'>τοῦτο</span> 
     </span>
     <span class='ocr_line' id='line_1_36' title="bbox 121 2353 1149 2408; baseline 0.001 -16"><span class='ocrx_word' id='word_1_285' title='bbox 121 2354 180 2393; x_wconf 74' lang='grc' dir='ltr'>καὶ</span> <span class='ocrx_word' id='word_1_286' title='bbox 213 2354 355 2407; x_wconf 83' lang='grc' dir='ltr'>ἑτέρωθι</span> <span class='ocrx_word' id='word_1_287' title='bbox 386 2353 471 2394; x_wconf 70' lang='grc' dir='ltr'>ἐὸόα</span> <span class='ocrx_word' id='word_1_288' title='bbox 500 2357 519 2392; x_wconf 82' lang='grc' dir='ltr'>ὁ</span> <span class='ocrx_word' id='word_1_289' title='bbox 551 2354 722 2408; x_wconf 82' lang='grc' dir='ltr'>μακάριος</span> <span class='ocrx_word' id='word_1_290' title='bbox 755 2354 866 2397; x_wconf 75' lang='grc' dir='ltr'>Δαυὶδ</span> <span class='ocrx_word' id='word_1_291' title='bbox 899 2356 1056 2406; x_wconf 80' lang='grc' dir='ltr'>ἐγκαλῶν</span> <span class='ocrx_word' id='word_1_292' title='bbox 1098 2359 1149 2408; x_wconf 82' lang='grc' dir='ltr'>τῷ</span> 
     </span>
     <span class='ocr_line' id='line_1_37' title="bbox 120 2416 1148 2469; baseline 0.002 -16"><span class='ocrx_word' id='word_1_293' title='bbox 120 2420 220 2454; x_wconf 86' lang='grc' dir='ltr'>τοῦτο</span> <span class='ocrx_word' id='word_1_294' title='bbox 248 2419 423 2454; x_wconf 76' lang='grc' dir='ltr'>ποιοῦντι·</span> <span class='ocrx_word' id='word_1_295' title='bbox 454 2416 661 2466; x_wconf 86' lang='grc' dir='ltr'>Καθήμενος</span> <span class='ocrx_word' id='word_1_296' title='bbox 697 2416 790 2457; x_wconf 78' lang='grc' dir='ltr'>κατὰ</span> <span class='ocrx_word' id='word_1_297' title='bbox 820 2420 880 2463; x_wconf 81' lang='grc' dir='ltr'>τοῦ</span> <span class='ocrx_word' id='word_1_298' title='bbox 908 2418 1058 2469; x_wconf 74' lang='grc' dir='ltr'>ἀδελφοῦ</span> <span class='ocrx_word' id='word_1_299' title='bbox 1087 2433 1148 2455; x_wconf 88' lang='grc' dir='ltr'>σου</span> 
     </span>
     <span class='ocr_line' id='line_1_38' title="bbox 122 2476 1150 2530; baseline 0.002 -16"><span class='ocrx_word' id='word_1_300' title='bbox 122 2477 347 2524; x_wconf 86' lang='grc' dir='ltr'>κατελάλεις,</span> <span class='ocrx_word' id='word_1_301' title='bbox 362 2477 420 2514; x_wconf 84' lang='grc' dir='ltr'>καὶ</span> <span class='ocrx_word' id='word_1_302' title='bbox 437 2476 529 2514; x_wconf 84' lang='grc' dir='ltr'>κατὰ</span> <span class='ocrx_word' id='word_1_303' title='bbox 547 2482 606 2516; x_wconf 84' lang='grc' dir='ltr'>τοῦ</span> <span class='ocrx_word' id='word_1_304' title='bbox 621 2479 696 2520; x_wconf 79' lang='grc' dir='ltr'>υἱοῦ</span> <span class='ocrx_word' id='word_1_305' title='bbox 711 2481 774 2525; x_wconf 76' lang='grc' dir='ltr'>τῆς</span> <span class='ocrx_word' id='word_1_306' title='bbox 794 2477 926 2530; x_wconf 90' lang='grc' dir='ltr'>μητρός</span> <span class='ocrx_word' id='word_1_307' title='bbox 946 2494 1007 2517; x_wconf 91' lang='grc' dir='ltr'>σου</span> <span class='ocrx_word' id='word_1_308' title='bbox 1028 2477 1150 2523; x_wconf 79' lang='grc' dir='ltr'>ἐτίθεις</span> 
     </span>
     <span class='ocr_line' id='line_1_39' title="bbox 125 2537 1151 2592; baseline 0.003 -18"><span class='ocrx_word' id='word_1_309' title='bbox 125 2537 330 2576; x_wconf 83' lang='grc' dir='ltr'>σκάνδαλον.</span> <span class='ocrx_word' id='word_1_310' title='bbox 352 2537 439 2576; x_wconf 82' lang='grc' dir='ltr'>Ἐὰν</span> <span class='ocrx_word' id='word_1_311' title='bbox 461 2537 569 2583; x_wconf 82' lang='grc' dir='ltr'>οὕτως</span> <span class='ocrx_word' id='word_1_312' title='bbox 589 2541 690 2590; x_wconf 83' lang='grc' dir='ltr'>ἡμῶν</span> <span class='ocrx_word' id='word_1_313' title='bbox 711 2538 850 2577; x_wconf 84' lang='grc' dir='ltr'>ἅπαντα</span> <span class='ocrx_word' id='word_1_314' title='bbox 868 2538 912 2577; x_wconf 80' lang='grc' dir='ltr'>τὰ</span> <span class='ocrx_word' id='word_1_315' title='bbox 931 2538 1020 2591; x_wconf 84' lang='grc' dir='ltr'>μέλη</span> <span class='ocrx_word' id='word_1_316' title='bbox 1037 2539 1151 2592; x_wconf 78' lang='grc' dir='ltr'>τειχί-</span> 
     </span>
     <span class='ocr_line' id='line_1_40' title="bbox 125 2598 1152 2653; baseline 0.003 -16"><span class='ocrx_word' id='word_1_317' title='bbox 125 2613 254 2648; x_wconf 83' lang='grc' dir='ltr'>σωμεν,</span> <span class='ocrx_word' id='word_1_318' title='bbox 271 2598 488 2651; x_wconf 83' lang='grc' dir='ltr'>δυνησόμεθα</span> <span class='ocrx_word' id='word_1_319' title='bbox 503 2600 563 2638; x_wconf 76' lang='grc' dir='ltr'>καὶ</span> <span class='ocrx_word' id='word_1_320' title='bbox 579 2600 663 2652; x_wconf 86' lang='grc' dir='ltr'>πρὸς</span> <span class='ocrx_word' id='word_1_321' title='bbox 681 2599 726 2639; x_wconf 81' lang='grc' dir='ltr'>τὰ</span> <span class='ocrx_word' id='word_1_322' title='bbox 745 2604 808 2647; x_wconf 73' lang='grc' dir='ltr'>τῆς</span> <span class='ocrx_word' id='word_1_323' title='bbox 827 2603 953 2653; x_wconf 63' lang='grc' dir='ltr'>ἀρετῆς</span> <span class='ocrx_word' id='word_1_324' title='bbox 972 2601 1057 2653; x_wconf 80' lang='grc' dir='ltr'>ἔργα</span> <span class='ocrx_word' id='word_1_325' title='bbox 1079 2602 1152 2640; x_wconf 81' lang='grc' dir='ltr'>διε-</span> 
     </span>
     <span class='ocr_line' id='line_1_41' title="bbox 123 2660 1152 2715; baseline 0.002 -18"><span class='ocrx_word' id='word_1_326' title='bbox 123 2663 306 2712; x_wconf 77' lang='grc' dir='ltr'>γερθῆναι,</span> <span class='ocrx_word' id='word_1_327' title='bbox 322 2661 382 2698; x_wconf 82' lang='grc' dir='ltr'>καὶ</span> <span class='ocrx_word' id='word_1_328' title='bbox 407 2661 471 2708; x_wconf 78' lang='grc' dir='ltr'>τὴν</span> <span class='ocrx_word' id='word_1_329' title='bbox 503 2660 567 2712; x_wconf 81' lang='grc' dir='ltr'>μὲν</span> <span class='ocrx_word' id='word_1_330' title='bbox 593 2663 752 2714; x_wconf 87' lang='grc' dir='ltr'>γλῶτταν</span> <span class='ocrx_word' id='word_1_331' title='bbox 772 2662 856 2715; x_wconf 81' lang='grc' dir='ltr'>πρὸς</span> <span class='ocrx_word' id='word_1_332' title='bbox 877 2662 1074 2715; x_wconf 81' lang='grc' dir='ltr'>δοξολογίαν</span> <span class='ocrx_word' id='word_1_333' title='bbox 1093 2662 1152 2700; x_wconf 85' lang='grc' dir='ltr'>καὶ</span> 
     </span>
     <span class='ocr_line' id='line_1_42' title="bbox 124 2719 1151 2776; baseline 0.004 -18"><span class='ocrx_word' id='word_1_334' title='bbox 124 2719 251 2771; x_wconf 75' lang='grc' dir='ltr'>ὕμνους</span> <span class='ocrx_word' id='word_1_335' title='bbox 269 2720 348 2766; x_wconf 78' lang='grc' dir='ltr'>τοὺς</span> <span class='ocrx_word' id='word_1_336' title='bbox 372 2723 420 2766; x_wconf 91' lang='grc' dir='ltr'>εἷς</span> <span class='ocrx_word' id='word_1_337' title='bbox 437 2722 496 2763; x_wconf 84' lang='grc' dir='ltr'>τὸν</span> <span class='ocrx_word' id='word_1_338' title='bbox 525 2726 593 2766; x_wconf 85' lang='grc' dir='ltr'>τῶν</span> <span class='ocrx_word' id='word_1_339' title='bbox 619 2721 710 2767; x_wconf 75' lang='grc' dir='ltr'>ὅλων</span> <span class='ocrx_word' id='word_1_340' title='bbox 731 2723 821 2762; x_wconf 79' lang='grc' dir='ltr'>Θεὸν</span> <span class='ocrx_word' id='word_1_341' title='bbox 839 2726 1070 2776; x_wconf 63' lang='grc' dir='ltr'>ἀπανηρλεῖν,</span> <span class='ocrx_word' id='word_1_342' title='bbox 1088 2725 1151 2772; x_wconf 88' lang='grc' dir='ltr'>τὴν</span> 
     </span>
    </p>
   </div>
   <div class='ocr_carea' id='block_1_5' title="bbox 1050 183 1212 214">
    <p class='ocr_par' dir='ltr' id='par_1_5' title="bbox 1050 183 1212 214">
     <span class='ocr_line' id='line_1_43' title="bbox 1050 183 1212 214; baseline 0 0"><span class='ocrx_word' id='word_1_343' title='bbox 1050 183 1212 214; x_wconf 63' lang='lat' dir='ltr'>Gumis.</span> 
     </span>
    </p>
   </div>
   <div class='ocr_carea' id='block_1_6' title="bbox 1157 455 1178 484">
    <p class='ocr_par' dir='ltr' id='par_1_6' title="bbox 1157 455 1178 484">
     <span class='ocr_line' id='line_1_44' title="bbox 1157 455 1178 484; baseline 0 0"><span class='ocrx_word' id='word_1_344' title='bbox 1157 455 1178 484; x_wconf 76' lang='grc' dir='ltr'>Β</span> 
     </span>
    </p>
   </div>
   <div class='ocr_carea' id='block_1_7' title="bbox 126 2781 1204 2836">
    <p class='ocr_par' dir='ltr' id='par_1_7' title="bbox 126 2781 1204 2836">
     <span class='ocr_line' id='line_1_45' title="bbox 126 2781 1204 2836; baseline 0.005 -17"><span class='ocrx_word' id='word_1_345' title='bbox 126 2781 162 2819; x_wconf 78' lang='grc' dir='ltr'>δὲ</span> <span class='ocrx_word' id='word_1_346' title='bbox 180 2781 299 2829; x_wconf 78' lang='grc' dir='ltr'>,ἀκοὴν</span> <span class='ocrx_word' id='word_1_347' title='bbox 319 2782 405 2836; x_wconf 81' lang='grc' dir='ltr'>πρὸς</span> <span class='ocrx_word' id='word_1_348' title='bbox 431 2783 597 2836; x_wconf 84' lang='grc' dir='ltr'>ἀκρόασιν</span> <span class='ocrx_word' id='word_1_349' title='bbox 615 2784 675 2822; x_wconf 80' lang='grc' dir='ltr'>καὶ</span> <span class='ocrx_word' id='word_1_350' title='bbox 695 2784 847 2836; x_wconf 84' lang='grc' dir='ltr'>μάθησιν</span> <span class='ocrx_word' id='word_1_351' title='bbox 877 2788 946 2823; x_wconf 85' lang='grc' dir='ltr'>τῶν</span> <span class='ocrx_word' id='word_1_352' title='bbox 971 2785 1071 2824; x_wconf 88' lang='grc' dir='ltr'>θείων</span> <span class='ocrx_word' id='word_1_353' title='bbox 1093 2788 1154 2824; x_wconf 93' lang='grc' dir='ltr'>λο-</span> <span class='ocrx_word' id='word_1_354' title='bbox 1179 2797 1204 2828; x_wconf 80' lang='grc' dir='ltr'>Ε,</span> 
     </span>
    </p>
   </div>
   <div class='ocr_carea' id='block_1_8' title="bbox 127 2842 1163 3207">
    <p class='ocr_par' dir='ltr' id='par_1_8' title="bbox 127 2842 1163 3207">
     <span class='ocr_line' id='line_1_46' title="bbox 127 2842 1154 2898; baseline 0.006 -18"><span class='ocrx_word' id='word_1_355' title='bbox 127 2842 224 2894; x_wconf 83' lang='grc' dir='ltr'>γίων,</span> <span class='ocrx_word' id='word_1_356' title='bbox 256 2844 315 2882; x_wconf 74' lang='grc' dir='ltr'>καὶ</span> <span class='ocrx_word' id='word_1_357' title='bbox 345 2844 409 2891; x_wconf 76' lang='grc' dir='ltr'>τὴν</span> <span class='ocrx_word' id='word_1_358' title='bbox 441 2845 594 2884; x_wconf 83' lang='grc' dir='ltr'>διάνοιαν</span> <span class='ocrx_word' id='word_1_359' title='bbox 630 2846 716 2898; x_wconf 78' lang='grc' dir='ltr'>πρὸς</span> <span class='ocrx_word' id='word_1_360' title='bbox 747 2846 811 2893; x_wconf 84' lang='grc' dir='ltr'>τὴν</span> <span class='ocrx_word' id='word_1_361' title='bbox 846 2847 1057 2895; x_wconf 83' lang='grc' dir='ltr'>κατανόησιν</span> <span class='ocrx_word' id='word_1_362' title='bbox 1085 2851 1154 2886; x_wconf 86' lang='grc' dir='ltr'>τῶν</span> 
     </span>
     <span class='ocr_line' id='line_1_47' title="bbox 129 2906 1158 2962; baseline 0.008 -21"><span class='ocrx_word' id='word_1_363' title='bbox 129 2907 372 2954; x_wconf 83' lang='grc' dir='ltr'>πνευματικῶν</span> <span class='ocrx_word' id='word_1_364' title='bbox 395 2906 631 2958; x_wconf 81' lang='grc' dir='ltr'>διδαγμάτων,</span> <span class='ocrx_word' id='word_1_365' title='bbox 660 2907 720 2946; x_wconf 73' lang='grc' dir='ltr'>καὶ</span> <span class='ocrx_word' id='word_1_366' title='bbox 744 2907 806 2951; x_wconf 78' lang='grc' dir='ltr'>τὰς</span> <span class='ocrx_word' id='word_1_367' title='bbox 838 2915 960 2962; x_wconf 74' lang='grc' dir='ltr'>χεῖρας</span> <span class='ocrx_word' id='word_1_368' title='bbox 991 2909 1040 2960; x_wconf 85' lang='grc' dir='ltr'>μὴ</span> <span class='ocrx_word' id='word_1_369' title='bbox 1072 2911 1158 2962; x_wconf 81' lang='grc' dir='ltr'>πρὸς</span> 
     </span>
     <span class='ocr_line' id='line_1_48' title="bbox 130 2964 1159 3022; baseline 0.008 -21"><span class='ocrx_word' id='word_1_370' title='bbox 130 2964 291 3017; x_wconf 76' lang='grc' dir='ltr'>ἁρπαγὴν</span> <span class='ocrx_word' id='word_1_371' title='bbox 310 2966 370 3004; x_wconf 76' lang='grc' dir='ltr'>καὶ</span> <span class='ocrx_word' id='word_1_372' title='bbox 387 2966 601 3016; x_wconf 82' lang='grc' dir='ltr'>πλεονεξίαν,</span> <span class='ocrx_word' id='word_1_373' title='bbox 621 2969 712 3007; x_wconf 79' lang='grc' dir='ltr'>ἀλλὰ</span> <span class='ocrx_word' id='word_1_374' title='bbox 736 2970 822 3022; x_wconf 83' lang='grc' dir='ltr'>πρὸς</span> <span class='ocrx_word' id='word_1_375' title='bbox 840 2971 1076 3021; x_wconf 81' lang='grc' dir='ltr'>ἐλεημοσύνην</span> <span class='ocrx_word' id='word_1_376' title='bbox 1097 2972 1159 3010; x_wconf 73' lang='grc' dir='ltr'>καὶ</span> 
     </span>
     <span class='ocr_line' id='line_1_49' title="bbox 132 3026 1162 3082; baseline 0.007 -19"><span class='ocrx_word' id='word_1_377' title='bbox 132 3026 194 3072; x_wconf 64' lang='grc' dir='ltr'>τὴν</span> <span class='ocrx_word' id='word_1_378' title='bbox 215 3028 284 3064; x_wconf 89' lang='grc' dir='ltr'>τῶν</span> <span class='ocrx_word' id='word_1_379' title='bbox 312 3029 451 3078; x_wconf 85' lang='grc' dir='ltr'>ἀγαθῶν</span> <span class='ocrx_word' id='word_1_380' title='bbox 478 3027 638 3080; x_wconf 78' lang='grc' dir='ltr'>πράξεων</span> <span class='ocrx_word' id='word_1_381' title='bbox 658 3030 836 3082; x_wconf 83' lang='grc' dir='ltr'>ἐργασίαν,</span> <span class='ocrx_word' id='word_1_382' title='bbox 868 3031 928 3068; x_wconf 77' lang='grc' dir='ltr'>καὶ</span> <span class='ocrx_word' id='word_1_383' title='bbox 951 3031 1030 3074; x_wconf 80' lang='grc' dir='ltr'>τοὺς</span> <span class='ocrx_word' id='word_1_384' title='bbox 1053 3033 1162 3075; x_wconf 79' lang='grc' dir='ltr'>πόδας</span> 
     </span>
     <span class='ocr_line' id='line_1_50' title="bbox 135 3086 1163 3144; baseline 0.006 -19"><span class='ocrx_word' id='word_1_385' title='bbox 135 3087 185 3138; x_wconf 80' lang='grc' dir='ltr'>μὴ</span> <span class='ocrx_word' id='word_1_386' title='bbox 207 3089 255 3132; x_wconf 88' lang='grc' dir='ltr'>εἷς</span> <span class='ocrx_word' id='word_1_387' title='bbox 275 3086 404 3141; x_wconf 80' lang='grc' dir='ltr'>θέατρα</span> <span class='ocrx_word' id='word_1_388' title='bbox 422 3089 482 3127; x_wconf 76' lang='grc' dir='ltr'>καὶ</span> <span class='ocrx_word' id='word_1_389' title='bbox 516 3090 768 3144; x_wconf 75' lang='grc' dir='ltr'>ἱπποδρομίας,</span> <span class='ocrx_word' id='word_1_390' title='bbox 797 3092 858 3130; x_wconf 77' lang='grc' dir='ltr'>καὶ</span> <span class='ocrx_word' id='word_1_391' title='bbox 876 3092 939 3136; x_wconf 79' lang='grc' dir='ltr'>τὰς</span> <span class='ocrx_word' id='word_1_392' title='bbox 959 3093 1163 3136; x_wconf 64' lang='grc' dir='ltr'>ἐπιίλαὸεῖς</span> 
     </span>
     <span class='ocr_line' id='line_1_51' title="bbox 135 3149 1161 3207; baseline 0.005 -20"><span class='ocrx_word' id='word_1_393' title='bbox 135 3149 297 3202; x_wconf 82' lang='grc' dir='ltr'>θεωρίας,</span> <span class='ocrx_word' id='word_1_394' title='bbox 317 3151 395 3188; x_wconf 85' lang='grc' dir='ltr'>ἀλλ’</span> <span class='ocrx_word' id='word_1_395' title='bbox 428 3153 475 3195; x_wconf 84' lang='grc' dir='ltr'>εἷς</span> <span class='ocrx_word' id='word_1_396' title='bbox 505 3152 696 3199; x_wconf 82' lang='grc' dir='ltr'>ἐκκλησίαν</span> <span class='ocrx_word' id='word_1_397' title='bbox 716 3153 775 3191; x_wconf 81' lang='grc' dir='ltr'>καὶ</span> <span class='ocrx_word' id='word_1_398' title='bbox 804 3156 853 3198; x_wconf 87' lang='grc' dir='ltr'>εἷς</span> <span class='ocrx_word' id='word_1_399' title='bbox 887 3154 1087 3207; x_wconf 79' lang='grc' dir='ltr'>εὐκτηρίους</span> <span class='ocrx_word' id='word_1_400' title='bbox 1115 3155 1161 3194; x_wconf 90' lang='grc' dir='ltr'>οἴ-</span> 
     </span>
    </p>
   </div>
   <div class='ocr_carea' id='block_1_9' title="bbox 144 3256 1152 3440">
    <p class='ocr_par' dir='ltr' id='par_1_9' title="bbox 144 3256 1152 3342">
     <span class='ocr_line' id='line_1_52' title="bbox 179 3256 1152 3307; baseline 0.01 -21"><span class='ocrx_word' id='word_1_401' title='bbox 179 3256 196 3279; x_wconf 83' lang='lat' dir='ltr'>b</span> <span class='ocrx_word' id='word_1_402' title='bbox 211 3256 291 3299; x_wconf 75' lang='lat' dir='ltr'>neg.</span> <span class='ocrx_word' id='word_1_403' title='bbox 310 3267 394 3289; x_wconf 89' lang='lat' dir='ltr'>unus</span> <span class='ocrx_word' id='word_1_404' title='bbox 408 3263 491 3300; x_wconf 81' lang='grc' dir='ltr'>μετὰ</span> <span class='ocrx_word' id='word_1_405' title='bbox 505 3261 630 3297; x_wconf 64' lang='lat' dir='ltr'>‹ix-03:¹24·</span> <span class='ocrx_word' id='word_1_406' title='bbox 647 3286 655 3301; x_wconf 93' lang='lat'>,</span> <span class='ocrx_word' id='word_1_407' title='bbox 672 3258 776 3292; x_wconf 80' lang='lat' dir='ltr'>Sav&#39;il.</span> <span class='ocrx_word' id='word_1_408' title='bbox 797 3260 829 3292; x_wconf 89' lang='lat' dir='ltr'>in</span> <span class='ocrx_word' id='word_1_409' title='bbox 847 3271 954 3303; x_wconf 79' lang='lat' dir='ltr'>marg.</span> <span class='ocrx_word' id='word_1_410' title='bbox 972 3264 1042 3303; x_wconf 82' lang='grc' dir='ltr'>μετ’</span> <span class='ocrx_word' id='word_1_411' title='bbox 1058 3267 1152 3307; x_wconf 61' lang='grc' dir='ltr'>ἀτρα-</span> 
     </span>
     <span class='ocr_line' id='line_1_53' title="bbox 144 3309 234 3342; baseline -0.022 -4"><span class='ocrx_word' id='word_1_412' title='bbox 144 3309 234 3342; x_wconf 77' lang='grc' dir='ltr'>λείας.</span> 
     </span>
    </p>

    <p class='ocr_par' dir='ltr' id='par_1_10' title="bbox 183 3357 1070 3440">
     <span class='ocr_line' id='line_1_54' title="bbox 183 3357 1070 3406; baseline 0.008 -19"><span class='ocrx_word' id='word_1_413' title='bbox 183 3368 196 3382; x_wconf 81' lang='lat' dir='ltr'>c</span> <span class='ocrx_word' id='word_1_414' title='bbox 213 3357 267 3389; x_wconf 82' lang='lat' dir='ltr'>Sic</span> <span class='ocrx_word' id='word_1_415' title='bbox 283 3368 398 3389; x_wconf 80' lang='lat' dir='ltr'>omnes</span> <span class='ocrx_word' id='word_1_416' title='bbox 414 3365 531 3400; x_wconf 79' lang='lat' dir='ltr'>praetei·</span> <span class='ocrx_word' id='word_1_417' title='bbox 546 3358 662 3392; x_wconf 81' lang='lat' dir='ltr'>Morel.</span> <span class='ocrx_word' id='word_1_418' title='bbox 680 3358 736 3404; x_wconf 90' lang='lat' dir='ltr'>qui</span> <span class='ocrx_word' id='word_1_419' title='bbox 754 3359 855 3393; x_wconf 85' lang='lat' dir='ltr'>babet</span> <span class='ocrx_word' id='word_1_420' title='bbox 872 3365 886 3395; x_wconf 75' lang='grc' dir='ltr'><strong>ὁ</strong></span> <span class='ocrx_word' id='word_1_421' title='bbox 905 3366 1070 3406; x_wconf 62' lang='grc' dir='ltr'>ἐμὸὶέπωυ.</span> 
     </span>
     <span class='ocr_line' id='line_1_55' title="bbox 328 3415 512 3440; baseline 0.011 -2"><span class='ocrx_word' id='word_1_422' title='bbox 328 3415 426 3440; x_wconf 83' lang='grc' dir='ltr'><strong>ΤΟΜ.</strong></span> <span class='ocrx_word' id='word_1_423' title='bbox 459 3416 512 3440; x_wconf 79' lang='lat' dir='ltr'>lv.</span> 
     </span>
    </p>
   </div>
   <div class='ocr_carea' id='block_1_10' title="bbox 1256 164 2157 224">
    <p class='ocr_par' dir='ltr' id='par_1_11' title="bbox 1256 164 2157 224">
     <span class='ocr_line' id='line_1_56' title="bbox 1256 164 2157 224; baseline -0.004 -11"><span class='ocrx_word' id='word_1_424' title='bbox 1256 181 1412 213; x_wconf 61' lang='lat' dir='ltr'>nonni„</span> <span class='ocrx_word' id='word_1_425' title='bbox 1452 183 1529 213; x_wconf 73' lang='lat' dir='ltr'>xv.</span> <span class='ocrx_word' id='word_1_426' title='bbox 2070 164 2157 224; x_wconf 73' lang='lat'>145</span> 
     </span>
    </p>
   </div>
   <div class='ocr_carea' id='block_1_11' title="bbox 1204 261 2369 930">
    <p class='ocr_par' dir='ltr' id='par_1_12' title="bbox 1204 261 2158 317">
     <span class='ocr_line' id='line_1_57' title="bbox 1204 261 2158 317; baseline -0.004 -12"><span class='ocrx_word' id='word_1_427' title='bbox 1204 280 1285 305; x_wconf 82' lang='lat' dir='ltr'>rum</span> <span class='ocrx_word' id='word_1_428' title='bbox 1295 266 1455 305; x_wconf 88' lang='lat' dir='ltr'>curiosus</span> <span class='ocrx_word' id='word_1_429' title='bbox 1467 272 1643 317; x_wconf 84' lang='lat' dir='ltr'>spectator</span> <span class='ocrx_word' id='word_1_430' title='bbox 1659 261 1887 314; x_wconf 82' lang='lat' dir='ltr'>cogitationes</span> <span class='ocrx_word' id='word_1_431' title='bbox 1900 275 1982 301; x_wconf 82' lang='lat' dir='ltr'>suas</span> <span class='ocrx_word' id='word_1_432' title='bbox 1995 263 2158 305; x_wconf 80' lang='lat' dir='ltr'>refrenet,</span> 
     </span>
    </p>

    <p class='ocr_par' dir='ltr' id='par_1_13' title="bbox 1205 323 2159 375">
     <span class='ocr_line' id='line_1_58' title="bbox 1205 323 2159 375; baseline -0.005 -9"><span class='ocrx_word' id='word_1_433' title='bbox 1205 337 1239 366; x_wconf 92' lang='lat' dir='ltr'>et</span> <span class='ocrx_word' id='word_1_434' title='bbox 1255 328 1289 366; x_wconf 92' lang='lat' dir='ltr'>in</span> <span class='ocrx_word' id='word_1_435' title='bbox 1306 326 1495 366; x_wconf 90' lang='lat' dir='ltr'>latitudine</span> <span class='ocrx_word' id='word_1_436' title='bbox 1507 325 1634 365; x_wconf 87' lang='lat' dir='ltr'>mentis</span> <span class='ocrx_word' id='word_1_437' title='bbox 1649 339 1721 363; x_wconf 79' lang='lat' dir='ltr'>suae</span> <span class='ocrx_word' id='word_1_438' title='bbox 1738 323 1909 362; x_wconf 85' lang='lat' dir='ltr'>inscribat</span> <span class='ocrx_word' id='word_1_439' title='bbox 1925 324 2040 375; x_wconf 77' lang='lat' dir='ltr'>legem</span> <span class='ocrx_word' id='word_1_440' title='bbox 2055 324 2159 361; x_wconf 82' lang='lat' dir='ltr'>Chri-</span> 
     </span>
    </p>

    <p class='ocr_par' dir='ltr' id='par_1_14' title="bbox 1206 386 2342 503">
     <span class='ocr_line' id='line_1_59' title="bbox 1206 386 2342 440; baseline -0.005 -12"><span class='ocrx_word' id='word_1_441' title='bbox 1206 389 1250 428; x_wconf 87' lang='lat' dir='ltr'>sti</span> <span class='ocrx_word' id='word_1_442' title='bbox 1265 390 1455 437; x_wconf 81' lang='lat' dir='ltr'><strong>dicentem,</strong></span> <span class='ocrx_word' id='word_1_443' title='bbox 1474 389 1548 440; x_wconf 82' lang='lat' dir='ltr'>Qui</span> <span class='ocrx_word' id='word_1_444' title='bbox 1567 389 1774 440; x_wconf 67' lang='lat' dir='ltr'><em>inspexerit</em></span> <span class='ocrx_word' id='word_1_445' title='bbox 1793 386 1992 424; x_wconf 81' lang='lat' dir='ltr'>mulierem</span> <span class='ocrx_word' id='word_1_446' title='bbox 2013 394 2054 423; x_wconf 79' lang='lat' dir='ltr'>ut</span> <span class='ocrx_word' id='word_1_447' title='bbox 2071 399 2159 423; x_wconf 84' lang='lat' dir='ltr'>con-</span> <span class='ocrx_word' id='word_1_448' title='bbox 2175 403 2287 430; x_wconf 60' lang='lat' dir='ltr'>Mnus„</span> <span class='ocrx_word' id='word_1_449' title='bbox 2310 400 2342 431; x_wconf 77' lang='lat'>5,</span> 
     </span>
     <span class='ocr_line' id='line_1_60' title="bbox 1206 446 2225 503; baseline -0.006 -14"><span class='ocrx_word' id='word_1_450' title='bbox 1206 454 1377 503; x_wconf 80' lang='lat' dir='ltr'>cupiscat</span> <span class='ocrx_word' id='word_1_451' title='bbox 1392 452 1612 502; x_wconf 85' lang='lat' dir='ltr'>illam‚jam</span> <span class='ocrx_word' id='word_1_452' title='bbox 1626 449 1860 487; x_wconf 79' lang='lat' dir='ltr'><em>adulterium</em></span> <span class='ocrx_word' id='word_1_453' title='bbox 1873 449 2064 485; x_wconf 77' lang='lat' dir='ltr'>commisit</span> <span class='ocrx_word' id='word_1_454' title='bbox 2075 460 2162 484; x_wconf 81' lang='lat' dir='ltr'>cum</span> <span class='ocrx_word' id='word_1_455' title='bbox 2176 446 2225 474; x_wconf 81' lang='lat'>28.</span> 
     </span>
    </p>

    <p class='ocr_par' dir='ltr' id='par_1_15' title="bbox 1206 509 2162 560">
     <span class='ocr_line' id='line_1_61' title="bbox 1206 509 2162 560; baseline -0.005 -9"><span class='ocrx_word' id='word_1_456' title='bbox 1206 514 1285 550; x_wconf 66' lang='lat' dir='ltr'>illa</span> <span class='ocrx_word' id='word_1_457' title='bbox 1296 516 1337 550; x_wconf 84' lang='lat' dir='ltr'>in</span> <span class='ocrx_word' id='word_1_458' title='bbox 1351 514 1464 551; x_wconf 78' lang='lat' dir='ltr'>corde</span> <span class='ocrx_word' id='word_1_459' title='bbox 1479 526 1562 558; x_wconf 79' lang='lat' dir='ltr'>suo,</span> <span class='ocrx_word' id='word_1_460' title='bbox 1580 510 1840 549; x_wconf 72' lang='lat' dir='ltr'>incontinentia:</span> <span class='ocrx_word' id='word_1_461' title='bbox 1853 509 1984 547; x_wconf 85' lang='lat' dir='ltr'>vitium</span> <span class='ocrx_word' id='word_1_462' title='bbox 1999 509 2162 560; x_wconf 80' lang='lat' dir='ltr'>effugiat,</span> 
     </span>
    </p>

    <p class='ocr_par' dir='ltr' id='par_1_16' title="bbox 1207 570 2164 685">
     <span class='ocr_line' id='line_1_62' title="bbox 1207 570 2164 625; baseline -0.003 -13"><span class='ocrx_word' id='word_1_463' title='bbox 1207 583 1239 611; x_wconf 86' lang='lat' dir='ltr'>et</span> <span class='ocrx_word' id='word_1_464' title='bbox 1252 573 1451 612; x_wconf 71' lang='lat' dir='ltr'>sobrietatis</span> <span class='ocrx_word' id='word_1_465' title='bbox 1466 573 1635 612; x_wconf 83' lang='lat' dir='ltr'>virtutem</span> <span class='ocrx_word' id='word_1_466' title='bbox 1647 580 1822 625; x_wconf 75' lang='lat' dir='ltr'>operetur.</span> <span class='ocrx_word' id='word_1_467' title='bbox 1836 571 1908 618; x_wconf 84' lang='lat' dir='ltr'>Qui</span> <span class='ocrx_word' id='word_1_468' title='bbox 1927 570 2119 624; x_wconf 81' lang='lat' dir='ltr'>praecipitis</span> <span class='ocrx_word' id='word_1_469' title='bbox 2131 579 2164 609; x_wconf 88' lang='lat' dir='ltr'>et</span> 
     </span>
     <span class='ocr_line' id='line_1_63' title="bbox 1208 632 2163 685; baseline -0.002 -13"><span class='ocrx_word' id='word_1_470' title='bbox 1208 635 1401 673; x_wconf 75' lang='lat' dir='ltr'>temeraria·</span> <span class='ocrx_word' id='word_1_471' title='bbox 1427 634 1557 685; x_wconf 67' lang='lat' dir='ltr'>lingua}</span> <span class='ocrx_word' id='word_1_472' title='bbox 1577 643 1642 679; x_wconf 86' lang='lat' dir='ltr'>est,</span> <span class='ocrx_word' id='word_1_473' title='bbox 1664 643 1697 671; x_wconf 91' lang='lat' dir='ltr'>et</span> <span class='ocrx_word' id='word_1_474' title='bbox 1718 647 1949 685; x_wconf 76' lang='lat' dir='ltr'>qua-cumque</span> <span class='ocrx_word' id='word_1_475' title='bbox 1968 632 2163 670; x_wconf 87' lang='lat' dir='ltr'>obvenien-</span> 
     </span>
    </p>

    <p class='ocr_par' dir='ltr' id='par_1_17' title="bbox 1209 693 2163 746">
     <span class='ocr_line' id='line_1_64' title="bbox 1209 693 2163 746; baseline -0.001 -14"><span class='ocrx_word' id='word_1_476' title='bbox 1209 696 1257 732; x_wconf 85' lang='lat' dir='ltr'>tia</span> <span class='ocrx_word' id='word_1_477' title='bbox 1278 695 1411 745; x_wconf 80' lang='lat' dir='ltr'>effutit,</span> <span class='ocrx_word' id='word_1_478' title='bbox 1443 695 1601 732; x_wconf 81' lang='lat' dir='ltr'>imitetur</span> <span class='ocrx_word' id='word_1_479' title='bbox 1629 695 1774 732; x_wconf 91' lang='lat' dir='ltr'>beatum</span> <span class='ocrx_word' id='word_1_480' title='bbox 1806 694 2031 746; x_wconf 87' lang='lat' dir='ltr'>proplietam,</span> <span class='ocrx_word' id='word_1_481' title='bbox 2052 702 2085 732; x_wconf 87' lang='lat' dir='ltr'>et</span> <span class='ocrx_word' id='word_1_482' title='bbox 2104 693 2163 732; x_wconf 92' lang='lat' dir='ltr'>di-</span> 
     </span>
    </p>

    <p class='ocr_par' dir='ltr' id='par_1_18' title="bbox 1209 757 2369 930">
     <span class='ocr_line' id='line_1_65' title="bbox 1209 757 2369 814; baseline -0.001 -20"><span class='ocrx_word' id='word_1_483' title='bbox 1209 765 1265 794; x_wconf 88' lang='lat' dir='ltr'>cat</span> <span class='ocrx_word' id='word_1_484' title='bbox 1280 772 1287 792; x_wconf 89' lang='lat'>:</span> <span class='ocrx_word' id='word_1_485' title='bbox 1304 758 1429 806; x_wconf 83' lang='lat' dir='ltr'>Pone,</span> <span class='ocrx_word' id='word_1_486' title='bbox 1461 757 1637 801; x_wconf 81' lang='lat' dir='ltr'>Domini,</span> <span class='ocrx_word' id='word_1_487' title='bbox 1673 757 1890 793; x_wconf 75' lang='lat' dir='ltr'>custodiam</span> <span class='ocrx_word' id='word_1_488' title='bbox 1922 758 1980 793; x_wconf 81' lang='lat' dir='ltr'>ori</span> <span class='ocrx_word' id='word_1_489' title='bbox 2010 769 2107 804; x_wconf 84' lang='lat' dir='ltr'>meo,</span> <span class='ocrx_word' id='word_1_490' title='bbox 2129 764 2168 794; x_wconf 76' lang='lat' dir='ltr'>et</span> <span class='ocrx_word' id='word_1_491' title='bbox 2181 774 2268 804; x_wconf 72' lang='lat' dir='ltr'>Psal.</span> <span class='ocrx_word' id='word_1_492' title='bbox 2299 778 2369 814; x_wconf 73' lang='lat'>¹40·</span> 
     </span>
     <span class='ocr_line' id='line_1_66' title="bbox 1211 815 2211 868; baseline -0.001 -13"><span class='ocrx_word' id='word_1_493' title='bbox 1211 820 1351 855; x_wconf 81' lang='lat' dir='ltr'>ostium</span> <span class='ocrx_word' id='word_1_494' title='bbox 1378 819 1605 855; x_wconf 79' lang='lat' dir='ltr'>municionis</span> <span class='ocrx_word' id='word_1_495' title='bbox 1638 817 1754 854; x_wconf 79' lang='lat' dir='ltr'>labiis</span> <span class='ocrx_word' id='word_1_496' title='bbox 1782 818 1875 854; x_wconf 79' lang='lat' dir='ltr'>meis</span> <span class='ocrx_word' id='word_1_497' title='bbox 1893 832 1903 851; x_wconf 90' lang='lat'>.·</span> <span class='ocrx_word' id='word_1_498' title='bbox 1919 825 1952 854; x_wconf 89' lang='lat' dir='ltr'>et</span> <span class='ocrx_word' id='word_1_499' title='bbox 1971 830 2167 868; x_wconf 85' lang='lat' dir='ltr'>numquam</span> <span class='ocrx_word' id='word_1_500' title='bbox 2181 815 2211 844; x_wconf 85' lang='grc'>3·</span> 
     </span>
     <span class='ocr_line' id='line_1_67' title="bbox 1210 877 2169 930; baseline 0 -14"><span class='ocrx_word' id='word_1_501' title='bbox 1210 887 1340 917; x_wconf 88' lang='lat' dir='ltr'>temere</span> <span class='ocrx_word' id='word_1_502' title='bbox 1350 888 1383 917; x_wconf 90' lang='lat' dir='ltr'>et</span> <span class='ocrx_word' id='word_1_503' title='bbox 1397 879 1530 930; x_wconf 84' lang='lat' dir='ltr'>absque</span> <span class='ocrx_word' id='word_1_504' title='bbox 1546 877 1701 916; x_wconf 87' lang='lat' dir='ltr'>utilitate</span> <span class='ocrx_word' id='word_1_505' title='bbox 1720 878 1875 929; x_wconf 83' lang='lat' dir='ltr'>proferat</span> <span class='ocrx_word' id='word_1_506' title='bbox 1890 877 2011 927; x_wconf 87' lang='lat' dir='ltr'>verba,</span> <span class='ocrx_word' id='word_1_507' title='bbox 2031 878 2092 916; x_wconf 89' lang='lat' dir='ltr'>sed</span> <span class='ocrx_word' id='word_1_508' title='bbox 2105 893 2169 916; x_wconf 90' lang='lat' dir='ltr'>au-</span> 
     </span>
    </p>
   </div>
   <div class='ocr_carea' id='block_1_12' title="bbox 1211 939 2358 993">
    <p class='ocr_par' dir='ltr' id='par_1_19' title="bbox 1211 939 2358 993">
     <span class='ocr_line' id='line_1_68' title="bbox 1211 939 2358 993; baseline 0.003 -15"><span class='ocrx_word' id='word_1_509' title='bbox 1211 940 1288 978; x_wconf 86' lang='lat' dir='ltr'>diat</span> <span class='ocrx_word' id='word_1_510' title='bbox 1315 941 1468 979; x_wconf 81' lang='lat' dir='ltr'>Paulum</span> <span class='ocrx_word' id='word_1_511' title='bbox 1489 939 1687 978; x_wconf 86' lang='lat' dir='ltr'>dicentem:</span> <span class='ocrx_word' id='word_1_512' title='bbox 1710 940 1846 977; x_wconf 79' lang='lat' dir='ltr'>Omnis</span> <span class='ocrx_word' id='word_1_513' title='bbox 1863 940 2112 993; x_wconf 78' lang='lat' dir='ltr'>vociferatio,</span> <span class='ocrx_word' id='word_1_514' title='bbox 2135 948 2171 977; x_wconf 83' lang='lat' dir='ltr'>et</span> <span class='ocrx_word' id='word_1_515' title='bbox 2187 954 2295 990; x_wconf 61' lang='lat' dir='ltr'>[ephes.</span> <span class='ocrx_word' id='word_1_516' title='bbox 2325 955 2358 990; x_wconf 68' lang='grc'>4.</span> 
     </span>
    </p>
   </div>
   <div class='ocr_carea' id='block_1_13' title="bbox 1202 996 2237 1055">
    <p class='ocr_par' dir='ltr' id='par_1_20' title="bbox 1202 996 2237 1055">
     <span class='ocr_line' id='line_1_69' title="bbox 1202 996 2237 1055; baseline 0 -16"><span class='ocrx_word' id='word_1_517' title='bbox 1202 1003 1338 1055; x_wconf 82' lang='lat' dir='ltr'>furor,</span> <span class='ocrx_word' id='word_1_518' title='bbox 1358 1010 1395 1040; x_wconf 82' lang='lat' dir='ltr'>et</span> <span class='ocrx_word' id='word_1_519' title='bbox 1417 1002 1675 1053; x_wconf 78' lang='lat' dir='ltr'>blasphemia,</span> <span class='ocrx_word' id='word_1_520' title='bbox 1694 1008 1732 1038; x_wconf 84' lang='lat' dir='ltr'>et</span> <span class='ocrx_word' id='word_1_521' title='bbox 1751 1001 1995 1047; x_wconf 81' lang='lat' dir='ltr'>obseoenitas,</span> <span class='ocrx_word' id='word_1_522' title='bbox 2012 1008 2050 1038; x_wconf 81' lang='lat' dir='ltr'>et</span> <span class='ocrx_word' id='word_1_523' title='bbox 2067 1014 2171 1039; x_wconf 79' lang='lat' dir='ltr'>seur·</span> <span class='ocrx_word' id='word_1_524' title='bbox 2187 996 2237 1024; x_wconf 82' lang='lat'>3¹·</span> 
     </span>
    </p>
   </div>
   <div class='ocr_carea' id='block_1_14' title="bbox 1215 1061 2383 3201">
    <p class='ocr_par' dir='ltr' id='par_1_21' title="bbox 1215 1061 2176 1110">
     <span class='ocr_line' id='line_1_70' title="bbox 1215 1061 2176 1110; baseline 0 -10"><span class='ocrx_word' id='word_1_525' title='bbox 1215 1063 1343 1100; x_wconf 84' lang='lat' dir='ltr'>rilitas</span> <span class='ocrx_word' id='word_1_526' title='bbox 1358 1063 1522 1100; x_wconf 77' lang='lat' dir='ltr'>tollatur</span> <span class='ocrx_word' id='word_1_527' title='bbox 1536 1075 1561 1100; x_wconf 82' lang='lat' dir='ltr'>a</span> <span class='ocrx_word' id='word_1_528' title='bbox 1577 1063 1704 1108; x_wconf 79' lang='lat' dir='ltr'>vobis,</span> <span class='ocrx_word' id='word_1_529' title='bbox 1719 1074 1806 1099; x_wconf 85' lang='lat' dir='ltr'>cum</span> <span class='ocrx_word' id='word_1_530' title='bbox 1821 1063 1928 1098; x_wconf 87' lang='lat' dir='ltr'>omni</span> <span class='ocrx_word' id='word_1_531' title='bbox 1944 1061 2098 1099; x_wconf 83' lang='lat' dir='ltr'>malitia</span> <span class='ocrx_word' id='word_1_532' title='bbox 2109 1076 2127 1110; x_wconf 89' lang='lat'><em>;</em></span> <span class='ocrx_word' id='word_1_533' title='bbox 2141 1071 2176 1100; x_wconf 87' lang='lat' dir='ltr'>et</span> 
     </span>
    </p>

    <p class='ocr_par' dir='ltr' id='par_1_22' title="bbox 1215 1122 2381 1483">
     <span class='ocr_line' id='line_1_71' title="bbox 1215 1122 2379 1176; baseline -0.002 -15"><span class='ocrx_word' id='word_1_534' title='bbox 1215 1124 1345 1162; x_wconf 89' lang='lat' dir='ltr'>iterum</span> <span class='ocrx_word' id='word_1_535' title='bbox 1358 1123 1414 1162; x_wconf 87' lang='lat' dir='ltr'>:Si</span> <span class='ocrx_word' id='word_1_536' title='bbox 1427 1126 1514 1176; x_wconf 83' lang='lat' dir='ltr'>quis</span> <span class='ocrx_word' id='word_1_537' title='bbox 1524 1137 1646 1161; x_wconf 82' lang='lat' dir='ltr'>sermo</span> <span class='ocrx_word' id='word_1_538' title='bbox 1658 1124 1794 1168; x_wconf 81' lang='lat' dir='ltr'>bonus,</span> <span class='ocrx_word' id='word_1_539' title='bbox 1812 1122 1866 1159; x_wconf 84' lang='lat' dir='ltr'>ad</span> <span class='ocrx_word' id='word_1_540' title='bbox 1875 1122 2175 1174; x_wconf 70' lang='lat' dir='ltr'>(edificationem</span> <span class='ocrx_word' id='word_1_541' title='bbox 2191 1137 2302 1164; x_wconf 34' lang='grc' dir='ltr'>[ιη-(ιχ,</span> <span class='ocrx_word' id='word_1_542' title='bbox 2324 1145 2379 1173; x_wconf 69' lang='lat'>20·</span> 
     </span>
     <span class='ocr_line' id='line_1_72' title="bbox 1217 1184 2381 1240; baseline -0.003 -16"><span class='ocrx_word' id='word_1_543' title='bbox 1217 1186 1338 1233; x_wconf 80' lang='lat' dir='ltr'>utilis,</span> <span class='ocrx_word' id='word_1_544' title='bbox 1358 1194 1401 1224; x_wconf 80' lang='lat' dir='ltr'>ut</span> <span class='ocrx_word' id='word_1_545' title='bbox 1420 1187 1484 1223; x_wconf 84' lang='lat' dir='ltr'>det</span> <span class='ocrx_word' id='word_1_546' title='bbox 1502 1187 1673 1238; x_wconf 80' lang='lat' dir='ltr'>gratiam</span> <span class='ocrx_word' id='word_1_547' title='bbox 1692 1184 1951 1221; x_wconf 81' lang='lat' dir='ltr'>audientibus.</span> <span class='ocrx_word' id='word_1_548' title='bbox 1969 1185 2176 1223; x_wconf 83' lang='lat' dir='ltr'>Juramcnta</span> <span class='ocrx_word' id='word_1_549' title='bbox 2192 1233 2198 1240; x_wconf 43' lang='lat'><strong>·</strong></span> <span class='ocrx_word' id='word_1_550' title='bbox 2270 1193 2381 1223; x_wconf 68' lang='lat' dir='ltr'>comta</span> 
     </span>
     <span class='ocr_line' id='line_1_73' title="bbox 1217 1240 2369 1299; baseline -0.003 -13"><span class='ocrx_word' id='word_1_551' title='bbox 1217 1262 1357 1299; x_wconf 84' lang='lat' dir='ltr'>quoque</span> <span class='ocrx_word' id='word_1_552' title='bbox 1368 1247 1483 1286; x_wconf 89' lang='lat' dir='ltr'>modis</span> <span class='ocrx_word' id='word_1_553' title='bbox 1490 1245 1792 1298; x_wconf 84' lang='lat' dir='ltr'>omnibusfugiat,</span> <span class='ocrx_word' id='word_1_554' title='bbox 1801 1244 1952 1283; x_wconf 89' lang='lat' dir='ltr'>audiens</span> <span class='ocrx_word' id='word_1_555' title='bbox 1969 1240 2369 1283; x_wconf 60' lang='lat' dir='ltr'>sententiam1¹¹f²¹¹¹⁰¹·¹···</span> 
     </span>
     <span class='ocr_line' id='line_1_74' title="bbox 1220 1307 2365 1360; baseline -0.003 -13"><span class='ocrx_word' id='word_1_556' title='bbox 1220 1309 1376 1357; x_wconf 84' lang='lat' dir='ltr'>Christi,</span> <span class='ocrx_word' id='word_1_557' title='bbox 1391 1322 1470 1360; x_wconf 81' lang='lat' dir='ltr'>quae</span> <span class='ocrx_word' id='word_1_558' title='bbox 1488 1307 1578 1347; x_wconf 78' lang='lat' dir='ltr'>dicit</span> <span class='ocrx_word' id='word_1_559' title='bbox 1597 1324 1604 1344; x_wconf 77' lang='grc' dir='ltr'>ε</span> <span class='ocrx_word' id='word_1_560' title='bbox 1623 1309 1785 1346; x_wconf 80' lang='lat' dir='ltr'>Dictum</span> <span class='ocrx_word' id='word_1_561' title='bbox 1802 1316 1859 1345; x_wconf 83' lang='lat' dir='ltr'>est</span> <span class='ocrx_word' id='word_1_562' title='bbox 1883 1309 2077 1359; x_wconf 82' lang='lat' dir='ltr'>antiquis.-</span> <span class='ocrx_word' id='word_1_563' title='bbox 2090 1308 2180 1346; x_wconf 82' lang='lat' dir='ltr'>Non</span> <span class='ocrx_word' id='word_1_564' title='bbox 2194 1316 2307 1346; x_wconf 71' lang='lat' dir='ltr'>Manh.</span> <span class='ocrx_word' id='word_1_565' title='bbox 2333 1314 2365 1345; x_wconf 82' lang='lat'>5.</span> 
     </span>
     <span class='ocr_line' id='line_1_75' title="bbox 1218 1357 2315 1423; baseline -0.003 -15"><span class='ocrx_word' id='word_1_566' title='bbox 1218 1373 1411 1423; x_wconf 77' lang='lat' dir='ltr'>pejerabis</span> <span class='ocrx_word' id='word_1_567' title='bbox 1429 1386 1440 1406; x_wconf 90' lang='lat'><em>:</em></span> <span class='ocrx_word' id='word_1_568' title='bbox 1455 1384 1522 1423; x_wconf 79' lang='lat' dir='ltr'>ego</span> <span class='ocrx_word' id='word_1_569' title='bbox 1541 1377 1672 1408; x_wconf 82' lang='lat' dir='ltr'>autem</span> <span class='ocrx_word' id='word_1_570' title='bbox 1692 1369 1779 1406; x_wconf 89' lang='lat' dir='ltr'>dico</span> <span class='ocrx_word' id='word_1_571' title='bbox 1793 1370 1922 1414; x_wconf 77' lang='lat' dir='ltr'>vobis,</span> <span class='ocrx_word' id='word_1_572' title='bbox 1943 1382 2021 1405; x_wconf 88' lang='lat' dir='ltr'>non</span> <span class='ocrx_word' id='word_1_573' title='bbox 2030 1370 2179 1421; x_wconf 82' lang='lat' dir='ltr'>juran-</span> <span class='ocrx_word' id='word_1_574' title='bbox 2194 1357 2246 1388; x_wconf 81' lang='lat'>33·</span> <span class='ocrx_word' id='word_1_575' title='bbox 2263 1357 2315 1403; x_wconf 71' lang='lat'>34.</span> 
     </span>
     <span class='ocr_line' id='line_1_76' title="bbox 1222 1429 2181 1483; baseline -0.002 -13"><span class='ocrx_word' id='word_1_576' title='bbox 1222 1433 1314 1470; x_wconf 78' lang='lat' dir='ltr'>dum</span> <span class='ocrx_word' id='word_1_577' title='bbox 1326 1434 1496 1469; x_wconf 86' lang='lat' dir='ltr'>omnino.</span> <span class='ocrx_word' id='word_1_578' title='bbox 1511 1432 1564 1469; x_wconf 85' lang='lat' dir='ltr'>Ne</span> <span class='ocrx_word' id='word_1_579' title='bbox 1581 1430 1693 1483; x_wconf 83' lang='lat' dir='ltr'>igitur</span> <span class='ocrx_word' id='word_1_580' title='bbox 1708 1429 1808 1468; x_wconf 85' lang='lat' dir='ltr'>dicat</span> <span class='ocrx_word' id='word_1_581' title='bbox 1823 1429 1966 1480; x_wconf 88' lang='lat' dir='ltr'>aliquis,</span> <span class='ocrx_word' id='word_1_582' title='bbox 1977 1430 2018 1468; x_wconf 88' lang='lat' dir='ltr'>ln</span> <span class='ocrx_word' id='word_1_583' title='bbox 2033 1443 2071 1467; x_wconf 85' lang='lat' dir='ltr'>re</span> <span class='ocrx_word' id='word_1_584' title='bbox 2083 1429 2181 1482; x_wconf 86' lang='lat' dir='ltr'>justa</span> 
     </span>
    </p>

    <p class='ocr_par' dir='ltr' id='par_1_23' title="bbox 1219 1490 2183 1546">
     <span class='ocr_line' id='line_1_77' title="bbox 1219 1490 2183 1546; baseline -0.001 -16"><span class='ocrx_word' id='word_1_585' title='bbox 1219 1494 1302 1546; x_wconf 91' lang='lat' dir='ltr'>juro</span> <span class='ocrx_word' id='word_1_586' title='bbox 1312 1509 1320 1529; x_wconf 93' lang='lat'>:</span> <span class='ocrx_word' id='word_1_587' title='bbox 1329 1506 1443 1544; x_wconf 85' lang='lat' dir='ltr'>neque</span> <span class='ocrx_word' id='word_1_588' title='bbox 1454 1492 1549 1530; x_wconf 89' lang='lat' dir='ltr'>enim</span> <span class='ocrx_word' id='word_1_589' title='bbox 1559 1491 1595 1530; x_wconf 89' lang='lat' dir='ltr'>in</span> <span class='ocrx_word' id='word_1_590' title='bbox 1603 1506 1640 1529; x_wconf 90' lang='lat' dir='ltr'>re</span> <span class='ocrx_word' id='word_1_591' title='bbox 1646 1491 1745 1544; x_wconf 83' lang='lat' dir='ltr'>justa</span> <span class='ocrx_word' id='word_1_592' title='bbox 1755 1505 1866 1542; x_wconf 88' lang='lat' dir='ltr'>neque</span> <span class='ocrx_word' id='word_1_593' title='bbox 1875 1490 1912 1528; x_wconf 90' lang='lat' dir='ltr'>in</span> <span class='ocrx_word' id='word_1_594' title='bbox 1924 1490 1972 1542; x_wconf 90' lang='lat' dir='ltr'>inj</span> <span class='ocrx_word' id='word_1_595' title='bbox 1979 1498 2056 1528; x_wconf 89' lang='lat' dir='ltr'>usta</span> <span class='ocrx_word' id='word_1_596' title='bbox 2059 1504 2073 1542; x_wconf 74' lang='lat' dir='ltr'>J</span> <span class='ocrx_word' id='word_1_597' title='bbox 2080 1504 2183 1529; x_wconf 85' lang='lat' dir='ltr'>urare</span> 
     </span>
    </p>

    <p class='ocr_par' dir='ltr' id='par_1_24' title="bbox 1222 1552 2181 1607">
     <span class='ocr_line' id='line_1_78' title="bbox 1222 1552 2181 1607; baseline -0.004 -14"><span class='ocrx_word' id='word_1_598' title='bbox 1222 1555 1316 1594; x_wconf 89' lang='lat' dir='ltr'>licet.</span> <span class='ocrx_word' id='word_1_599' title='bbox 1345 1553 1484 1593; x_wconf 83' lang='lat' dir='ltr'>Purum</span> <span class='ocrx_word' id='word_1_600' title='bbox 1507 1554 1620 1607; x_wconf 84' lang='lat' dir='ltr'>igitur</span> <span class='ocrx_word' id='word_1_601' title='bbox 1638 1568 1658 1592; x_wconf 88' lang='lat' dir='ltr'>a</span> <span class='ocrx_word' id='word_1_602' title='bbox 1674 1552 1887 1606; x_wconf 85' lang='lat' dir='ltr'>juramentis</span> <span class='ocrx_word' id='word_1_603' title='bbox 1916 1566 1955 1590; x_wconf 92' lang='lat' dir='ltr'>os</span> <span class='ocrx_word' id='word_1_604' title='bbox 1980 1565 2181 1591; x_wconf 83' lang='lat' dir='ltr'>servemus:</span> 
     </span>
    </p>

    <p class='ocr_par' dir='ltr' id='par_1_25' title="bbox 1225 1614 2185 1667">
     <span class='ocr_line' id='line_1_79' title="bbox 1225 1614 2185 1667; baseline -0.004 -11"><span class='ocrx_word' id='word_1_605' title='bbox 1225 1617 1330 1656; x_wconf 87' lang='lat' dir='ltr'>ethis</span> <span class='ocrx_word' id='word_1_606' title='bbox 1346 1617 1514 1656; x_wconf 88' lang='lat' dir='ltr'>omnibus</span> <span class='ocrx_word' id='word_1_607' title='bbox 1538 1616 1742 1655; x_wconf 84' lang='lat' dir='ltr'>muniamus</span> <span class='ocrx_word' id='word_1_608' title='bbox 1764 1624 1920 1653; x_wconf 87' lang='lat' dir='ltr'>nostram</span> <span class='ocrx_word' id='word_1_609' title='bbox 1937 1614 2112 1667; x_wconf 84' lang='lat' dir='ltr'>linguam,</span> <span class='ocrx_word' id='word_1_610' title='bbox 2134 1615 2185 1653; x_wconf 91' lang='lat' dir='ltr'>la-</span> 
     </span>
    </p>

    <p class='ocr_par' dir='ltr' id='par_1_26' title="bbox 1222 1676 2186 1729">
     <span class='ocr_line' id='line_1_80' title="bbox 1222 1676 2186 1729; baseline -0.004 -12"><span class='ocrx_word' id='word_1_611' title='bbox 1222 1679 1298 1729; x_wconf 80' lang='lat' dir='ltr'>hia,</span> <span class='ocrx_word' id='word_1_612' title='bbox 1316 1687 1349 1716; x_wconf 91' lang='lat' dir='ltr'>et</span> <span class='ocrx_word' id='word_1_613' title='bbox 1364 1687 1531 1726; x_wconf 86' lang='lat' dir='ltr'>mentem,</span> <span class='ocrx_word' id='word_1_614' title='bbox 1556 1692 1599 1716; x_wconf 91' lang='lat' dir='ltr'>ne</span> <span class='ocrx_word' id='word_1_615' title='bbox 1620 1677 1678 1716; x_wconf 82' lang='lat' dir='ltr'>vel</span> <span class='ocrx_word' id='word_1_616' title='bbox 1695 1677 1784 1728; x_wconf 90' lang='lat' dir='ltr'>quid</span> <span class='ocrx_word' id='word_1_617' title='bbox 1803 1676 1981 1723; x_wconf 83' lang='lat' dir='ltr'>malarum</span> <span class='ocrx_word' id='word_1_618' title='bbox 2000 1676 2186 1727; x_wconf 82' lang='lat' dir='ltr'>cogitatio-</span> 
     </span>
    </p>

    <p class='ocr_par' dir='ltr' id='par_1_27' title="bbox 1225 1737 2184 1853">
     <span class='ocr_line' id='line_1_81' title="bbox 1225 1737 2184 1790; baseline -0.002 -13"><span class='ocrx_word' id='word_1_619' title='bbox 1225 1754 1312 1778; x_wconf 87' lang='lat' dir='ltr'>num</span> <span class='ocrx_word' id='word_1_620' title='bbox 1328 1739 1539 1777; x_wconf 81' lang='lat' dir='ltr'>intrinsecus</span> <span class='ocrx_word' id='word_1_621' title='bbox 1558 1747 1736 1787; x_wconf 86' lang='lat' dir='ltr'>nascatur,</span> <span class='ocrx_word' id='word_1_622' title='bbox 1750 1737 1806 1776; x_wconf 80' lang='lat' dir='ltr'>vel</span> <span class='ocrx_word' id='word_1_623' title='bbox 1827 1752 1889 1790; x_wconf 85' lang='lat' dir='ltr'>per</span> <span class='ocrx_word' id='word_1_624' title='bbox 1907 1737 2070 1789; x_wconf 84' lang='lat' dir='ltr'>linguam</span> <span class='ocrx_word' id='word_1_625' title='bbox 2087 1738 2184 1781; x_wconf 84' lang='lat' dir='ltr'>foras</span> 
     </span>
     <span class='ocr_line' id='line_1_82' title="bbox 1225 1798 2181 1853; baseline -0.003 -15"><span class='ocrx_word' id='word_1_626' title='bbox 1225 1801 1437 1853; x_wconf 85' lang='lat' dir='ltr'>proferatur.</span> <span class='ocrx_word' id='word_1_627' title='bbox 1462 1803 1576 1838; x_wconf 82' lang='lat' dir='ltr'>Aures</span> <span class='ocrx_word' id='word_1_628' title='bbox 1596 1812 1736 1850; x_wconf 90' lang='lat' dir='ltr'>quoque</span> <span class='ocrx_word' id='word_1_629' title='bbox 1766 1798 1959 1850; x_wconf 82' lang='lat' dir='ltr'>diligenter</span> <span class='ocrx_word' id='word_1_630' title='bbox 1987 1798 2181 1850; x_wconf 83' lang='lat' dir='ltr'>sepiamus,</span> 
     </span>
    </p>

    <p class='ocr_par' dir='ltr' id='par_1_28' title="bbox 1227 1859 2184 1912">
     <span class='ocr_line' id='line_1_83' title="bbox 1227 1859 2184 1912; baseline -0.002 -12"><span class='ocrx_word' id='word_1_631' title='bbox 1227 1876 1270 1900; x_wconf 90' lang='lat' dir='ltr'>ne</span> <span class='ocrx_word' id='word_1_632' title='bbox 1288 1875 1418 1900; x_wconf 71' lang='lat' dir='ltr'>vanam</span> <span class='ocrx_word' id='word_1_633' title='bbox 1434 1859 1654 1898; x_wconf 87' lang='lat' dir='ltr'>auditionem</span> <span class='ocrx_word' id='word_1_634' title='bbox 1672 1859 1868 1912; x_wconf 84' lang='lat' dir='ltr'>suscipiant</span> <span class='ocrx_word' id='word_1_635' title='bbox 1884 1875 1892 1895; x_wconf 73' lang='grc' dir='ltr'><em>τ</em></span> <span class='ocrx_word' id='word_1_636' title='bbox 1907 1859 1999 1897; x_wconf 85' lang='lat' dir='ltr'>sicut</span> <span class='ocrx_word' id='word_1_637' title='bbox 2013 1868 2047 1897; x_wconf 92' lang='lat' dir='ltr'>et</span> <span class='ocrx_word' id='word_1_638' title='bbox 2059 1859 2184 1899; x_wconf 76' lang='lat' dir='ltr'>beatus</span> 
     </span>
    </p>

    <p class='ocr_par' dir='ltr' id='par_1_29' title="bbox 1223 1921 2383 2220">
     <span class='ocr_line' id='line_1_84' title="bbox 1226 1921 2363 1975; baseline -0.003 -14"><span class='ocrx_word' id='word_1_639' title='bbox 1226 1924 1345 1961; x_wconf 87' lang='lat' dir='ltr'>Moses</span> <span class='ocrx_word' id='word_1_640' title='bbox 1372 1922 1555 1975; x_wconf 83' lang='lat' dir='ltr'>praecepit,</span> <span class='ocrx_word' id='word_1_641' title='bbox 1583 1921 1705 1960; x_wconf 89' lang='lat' dir='ltr'>dicens</span> <span class='ocrx_word' id='word_1_642' title='bbox 1725 1937 1733 1958; x_wconf 75' lang='lat' dir='ltr'>t</span> <span class='ocrx_word' id='word_1_643' title='bbox 1750 1921 1792 1959; x_wconf 84' lang='lat' dir='ltr'><em>A</em></span> <span class='ocrx_word' id='word_1_644' title='bbox 1796 1922 2010 1959; x_wconf 73' lang='lat' dir='ltr'>aditionem</span> <span class='ocrx_word' id='word_1_645' title='bbox 2032 1935 2184 1959; x_wconf 81' lang='lat' dir='ltr'>vanam</span> <span class='ocrx_word' id='word_1_646' title='bbox 2198 1926 2293 1954; x_wconf 79' lang='lat' dir='ltr'>Exod-</span> <span class='ocrx_word' id='word_1_647' title='bbox 2314 1924 2363 1953; x_wconf 84' lang='lat'>23-</span> 
     </span>
     <span class='ocr_line' id='line_1_85' title="bbox 1228 1977 2227 2037; baseline -0.003 -14"><span class='ocrx_word' id='word_1_648' title='bbox 1228 1999 1306 2024; x_wconf 84' lang='lat' dir='ltr'>non</span> <span class='ocrx_word' id='word_1_649' title='bbox 1323 1987 1505 2037; x_wconf 77' lang='lat' dir='ltr'>suscipies</span> <span class='ocrx_word' id='word_1_650' title='bbox 1512 2001 1527 2030; x_wconf 92' lang='lat'>,·</span> <span class='ocrx_word' id='word_1_651' title='bbox 1541 1994 1573 2022; x_wconf 93' lang='lat' dir='ltr'>et</span> <span class='ocrx_word' id='word_1_652' title='bbox 1586 1984 1717 2022; x_wconf 87' lang='lat' dir='ltr'>iterum</span> <span class='ocrx_word' id='word_1_653' title='bbox 1733 1983 1860 2022; x_wconf 89' lang='lat' dir='ltr'>beatus</span> <span class='ocrx_word' id='word_1_654' title='bbox 1878 1983 2000 2022; x_wconf 84' lang='lat' dir='ltr'>David</span> <span class='ocrx_word' id='word_1_655' title='bbox 2017 1982 2181 2022; x_wconf 83' lang='lat' dir='ltr'>dicebat:</span> <span class='ocrx_word' id='word_1_656' title='bbox 2203 1977 2227 1995; x_wconf 73' lang='lat'>¹⁴</span> 
     </span>
     <span class='ocr_line' id='line_1_86' title="bbox 1224 2047 2383 2097; baseline -0.002 -12"><span class='ocrx_word' id='word_1_657' title='bbox 1224 2048 1506 2085; x_wconf 70' lang='lat' dir='ltr'>Detrahenoem</span> <span class='ocrx_word' id='word_1_658' title='bbox 1550 2054 1695 2084; x_wconf 80' lang='lat' dir='ltr'>secreto</span> <span class='ocrx_word' id='word_1_659' title='bbox 1729 2048 1907 2097; x_wconf 72' lang='lat' dir='ltr'>proximo</span> <span class='ocrx_word' id='word_1_660' title='bbox 1959 2059 2042 2094; x_wconf 81' lang='lat' dir='ltr'>suo,</span> <span class='ocrx_word' id='word_1_661' title='bbox 2078 2047 2183 2084; x_wconf 84' lang='lat' dir='ltr'>hunc</span> <span class='ocrx_word' id='word_1_662' title='bbox 2198 2055 2286 2084; x_wconf 78' lang='lat' dir='ltr'>Psal.</span> <span class='ocrx_word' id='word_1_663' title='bbox 2317 2064 2383 2091; x_wconf 73' lang='lat' dir='ltr'>uoq.</span> 
     </span>
     <span class='ocr_line' id='line_1_87' title="bbox 1223 2098 2227 2160; baseline 0 -14"><span class='ocrx_word' id='word_1_664' title='bbox 1223 2110 1492 2160; x_wconf 82' lang='lat' dir='ltr'>persequebar.</span> <span class='ocrx_word' id='word_1_665' title='bbox 1509 2106 1659 2155; x_wconf 87' lang='lat' dir='ltr'>Vidisti,</span> <span class='ocrx_word' id='word_1_666' title='bbox 1674 2106 1816 2156; x_wconf 87' lang='lat' dir='ltr'>dilecte,</span> <span class='ocrx_word' id='word_1_667' title='bbox 1833 2115 1964 2157; x_wconf 87' lang='lat' dir='ltr'>quanta</span> <span class='ocrx_word' id='word_1_668' title='bbox 1981 2105 2084 2145; x_wconf 89' lang='lat' dir='ltr'>nobis</span> <span class='ocrx_word' id='word_1_669' title='bbox 2100 2121 2184 2146; x_wconf 89' lang='lat' dir='ltr'>con-</span> <span class='ocrx_word' id='word_1_670' title='bbox 2198 2098 2227 2127; x_wconf 90' lang='lat'>5.</span> 
     </span>
     <span class='ocr_line' id='line_1_88' title="bbox 1225 2167 2184 2220; baseline -0.001 -12"><span class='ocrx_word' id='word_1_671' title='bbox 1225 2169 1395 2219; x_wconf 84' lang='lat' dir='ltr'>tentione,</span> <span class='ocrx_word' id='word_1_672' title='bbox 1427 2177 1560 2219; x_wconf 87' lang='lat' dir='ltr'>quanta</span> <span class='ocrx_word' id='word_1_673' title='bbox 1581 2168 1770 2219; x_wconf 69' lang='lat' dir='ltr'>vigilantia</span> <span class='ocrx_word' id='word_1_674' title='bbox 1788 2167 1833 2206; x_wconf 88' lang='lat' dir='ltr'>ad</span> <span class='ocrx_word' id='word_1_675' title='bbox 1856 2167 2028 2207; x_wconf 72' lang='lat' dir='ltr'>virtutem</span> <span class='ocrx_word' id='word_1_676' title='bbox 2055 2183 2184 2220; x_wconf 87' lang='lat' dir='ltr'>paran-</span> 
     </span>
    </p>

    <p class='ocr_par' dir='ltr' id='par_1_30' title="bbox 1225 2228 2182 2283">
     <span class='ocr_line' id='line_1_89' title="bbox 1225 2228 2182 2283; baseline 0 -15"><span class='ocrx_word' id='word_1_677' title='bbox 1225 2230 1310 2269; x_wconf 81' lang='lat' dir='ltr'>dam</span> <span class='ocrx_word' id='word_1_678' title='bbox 1337 2244 1427 2283; x_wconf 86' lang='lat' dir='ltr'>opus</span> <span class='ocrx_word' id='word_1_679' title='bbox 1449 2229 1523 2267; x_wconf 75' lang='lat' dir='ltr'>sit?</span> <span class='ocrx_word' id='word_1_680' title='bbox 1544 2228 1722 2280; x_wconf 86' lang='lat' dir='ltr'>quomodo</span> <span class='ocrx_word' id='word_1_681' title='bbox 1742 2238 1776 2267; x_wconf 90' lang='lat' dir='ltr'>et</span> <span class='ocrx_word' id='word_1_682' title='bbox 1794 2243 1904 2282; x_wconf 78' lang='lat' dir='ltr'>parva</span> <span class='ocrx_word' id='word_1_683' title='bbox 1923 2229 2099 2282; x_wconf 86' lang='lat' dir='ltr'>particula</span> <span class='ocrx_word' id='word_1_684' title='bbox 2118 2243 2182 2268; x_wconf 89' lang='lat' dir='ltr'>ne-</span> 
     </span>
    </p>

    <p class='ocr_par' dir='ltr' id='par_1_31' title="bbox 1225 2290 2186 2345">
     <span class='ocr_line' id='line_1_90' title="bbox 1225 2290 2186 2345; baseline 0 -15"><span class='ocrx_word' id='word_1_685' title='bbox 1225 2292 1354 2345; x_wconf 87' lang='lat' dir='ltr'>glecta,</span> <span class='ocrx_word' id='word_1_686' title='bbox 1389 2291 1497 2329; x_wconf 87' lang='lat' dir='ltr'>totius</span> <span class='ocrx_word' id='word_1_687' title='bbox 1540 2290 1742 2342; x_wconf 86' lang='lat' dir='ltr'>periculum</span> <span class='ocrx_word' id='word_1_688' title='bbox 1775 2291 1910 2329; x_wconf 76' lang='lat' dir='ltr'>insert?</span> <span class='ocrx_word' id='word_1_689' title='bbox 1944 2290 2122 2338; x_wconf 82' lang='lat' dir='ltr'>Quocirca</span> <span class='ocrx_word' id='word_1_690' title='bbox 2151 2301 2186 2330; x_wconf 91' lang='lat' dir='ltr'>et</span> 
     </span>
    </p>

    <p class='ocr_par' dir='ltr' id='par_1_32' title="bbox 1225 2351 2184 2401">
     <span class='ocr_line' id='line_1_91' title="bbox 1225 2351 2184 2401; baseline -0.001 -10"><span class='ocrx_word' id='word_1_691' title='bbox 1225 2353 1313 2392; x_wconf 89' lang='lat' dir='ltr'>alibi</span> <span class='ocrx_word' id='word_1_692' title='bbox 1333 2353 1463 2390; x_wconf 81' lang='lat' dir='ltr'>clamat</span> <span class='ocrx_word' id='word_1_693' title='bbox 1480 2352 1606 2390; x_wconf 84' lang='lat' dir='ltr'>beatus</span> <span class='ocrx_word' id='word_1_694' title='bbox 1626 2351 1760 2401; x_wconf 82' lang='lat' dir='ltr'>David,</span> <span class='ocrx_word' id='word_1_695' title='bbox 1777 2366 1946 2390; x_wconf 85' lang='lat' dir='ltr'>accusans</span> <span class='ocrx_word' id='word_1_696' title='bbox 1958 2352 2027 2390; x_wconf 90' lang='lat' dir='ltr'>hoc</span> <span class='ocrx_word' id='word_1_697' title='bbox 2046 2352 2184 2394; x_wconf 87' lang='lat' dir='ltr'>facien-</span> 
     </span>
    </p>

    <p class='ocr_par' dir='ltr' id='par_1_33' title="bbox 1226 2414 2367 2577">
     <span class='ocr_line' id='line_1_92' title="bbox 1226 2414 2367 2466; baseline -0.006 -13"><span class='ocrx_word' id='word_1_698' title='bbox 1226 2424 1296 2453; x_wconf 88' lang='lat' dir='ltr'>tem</span> <span class='ocrx_word' id='word_1_699' title='bbox 1310 2415 1471 2453; x_wconf 81' lang='lat' dir='ltr'>:Sedens</span> <span class='ocrx_word' id='word_1_700' title='bbox 1491 2414 1676 2451; x_wconf 80' lang='lat' dir='ltr'>adversus</span> <span class='ocrx_word' id='word_1_701' title='bbox 1688 2414 1856 2466; x_wconf 78' lang='lat' dir='ltr'>fratrem</span> <span class='ocrx_word' id='word_1_702' title='bbox 1873 2422 1980 2451; x_wconf 80' lang='lat' dir='ltr'>tutcm</span> <span class='ocrx_word' id='word_1_703' title='bbox 2001 2414 2184 2466; x_wconf 78' lang='lat' dir='ltr'>loqueba·</span> <span class='ocrx_word' id='word_1_704' title='bbox 2198 2420 2287 2450; x_wconf 81' lang='lat' dir='ltr'>Psal.</span> <span class='ocrx_word' id='word_1_705' title='bbox 2315 2421 2367 2459; x_wconf 66' lang='lat'>49.</span> 
     </span>
     <span class='ocr_line' id='line_1_93' title="bbox 1226 2473 2250 2528; baseline -0.003 -12"><span class='ocrx_word' id='word_1_706' title='bbox 1226 2481 1294 2524; x_wconf 84' lang='lat' dir='ltr'>ris,</span> <span class='ocrx_word' id='word_1_707' title='bbox 1305 2485 1343 2514; x_wconf 84' lang='lat' dir='ltr'>et</span> <span class='ocrx_word' id='word_1_708' title='bbox 1354 2475 1633 2528; x_wconf 82' lang='lat' dir='ltr'>eontrafilinm</span> <span class='ocrx_word' id='word_1_709' title='bbox 1647 2478 1783 2513; x_wconf 85' lang='lat' dir='ltr'>matris</span> <span class='ocrx_word' id='word_1_710' title='bbox 1798 2484 1873 2513; x_wconf 82' lang='lat' dir='ltr'>tuoe</span> <span class='ocrx_word' id='word_1_711' title='bbox 1887 2477 2060 2527; x_wconf 79' lang='lat' dir='ltr'>ponebas</span> <span class='ocrx_word' id='word_1_712' title='bbox 2075 2489 2185 2513; x_wconf 77' lang='lat' dir='ltr'>scan-</span> <span class='ocrx_word' id='word_1_713' title='bbox 2201 2473 2250 2492; x_wconf 80' lang='lat'>²⁰·</span> 
     </span>
     <span class='ocr_line' id='line_1_94' title="bbox 1227 2535 2185 2577; baseline -0.004 0"><span class='ocrx_word' id='word_1_714' title='bbox 1227 2539 1375 2577; x_wconf 84' lang='lat' dir='ltr'>dalum.</span> <span class='ocrx_word' id='word_1_715' title='bbox 1393 2537 1432 2575; x_wconf 82' lang='lat' dir='ltr'>Si</span> <span class='ocrx_word' id='word_1_716' title='bbox 1452 2536 1503 2574; x_wconf 88' lang='lat' dir='ltr'>sie</span> <span class='ocrx_word' id='word_1_717' title='bbox 1532 2545 1651 2573; x_wconf 82' lang='lat' dir='ltr'>nostra</span> <span class='ocrx_word' id='word_1_718' title='bbox 1669 2535 1789 2573; x_wconf 89' lang='lat' dir='ltr'>omnia</span> <span class='ocrx_word' id='word_1_719' title='bbox 1809 2536 1968 2574; x_wconf 82' lang='lat' dir='ltr'>membra</span> <span class='ocrx_word' id='word_1_720' title='bbox 1990 2535 2185 2573; x_wconf 77' lang='lat' dir='ltr'>muniveri-</span> 
     </span>
    </p>

    <p class='ocr_par' dir='ltr' id='par_1_34' title="bbox 1227 2595 2188 2652">
     <span class='ocr_line' id='line_1_95' title="bbox 1227 2595 2188 2652; baseline -0.007 -12"><span class='ocrx_word' id='word_1_721' title='bbox 1227 2615 1321 2648; x_wconf 83' lang='lat' dir='ltr'>mus,</span> <span class='ocrx_word' id='word_1_722' title='bbox 1337 2598 1532 2652; x_wconf 88' lang='lat' dir='ltr'>poterimus</span> <span class='ocrx_word' id='word_1_723' title='bbox 1546 2597 1593 2635; x_wconf 91' lang='lat' dir='ltr'>ad</span> <span class='ocrx_word' id='word_1_724' title='bbox 1610 2596 1755 2634; x_wconf 86' lang='lat' dir='ltr'>virtutis</span> <span class='ocrx_word' id='word_1_725' title='bbox 1771 2611 1875 2649; x_wconf 86' lang='lat' dir='ltr'>opera</span> <span class='ocrx_word' id='word_1_726' title='bbox 1893 2596 2057 2646; x_wconf 78' lang='lat' dir='ltr'>excitari,</span> <span class='ocrx_word' id='word_1_727' title='bbox 2073 2605 2107 2634; x_wconf 88' lang='lat' dir='ltr'>et</span> <span class='ocrx_word' id='word_1_728' title='bbox 2118 2595 2188 2634; x_wconf 85' lang='lat' dir='ltr'>lin-</span> 
     </span>
    </p>

    <p class='ocr_par' dir='ltr' id='par_1_35' title="bbox 1229 2657 2187 2715">
     <span class='ocr_line' id='line_1_96' title="bbox 1229 2657 2187 2715; baseline -0.004 -15"><span class='ocrx_word' id='word_1_729' title='bbox 1229 2676 1337 2715; x_wconf 83' lang='lat' dir='ltr'>guam</span> <span class='ocrx_word' id='word_1_730' title='bbox 1352 2662 1388 2699; x_wconf 89' lang='lat' dir='ltr'>in</span> <span class='ocrx_word' id='word_1_731' title='bbox 1406 2659 1575 2698; x_wconf 79' lang='lat' dir='ltr'>laudibus</span> <span class='ocrx_word' id='word_1_732' title='bbox 1589 2667 1624 2697; x_wconf 81' lang='lat' dir='ltr'>et</span> <span class='ocrx_word' id='word_1_733' title='bbox 1637 2658 1896 2709; x_wconf 79' lang='lat' dir='ltr'>glorificatione</span> <span class='ocrx_word' id='word_1_734' title='bbox 1914 2657 1982 2695; x_wconf 82' lang='lat' dir='ltr'>Dei</span> <span class='ocrx_word' id='word_1_735' title='bbox 1999 2671 2187 2712; x_wconf 75' lang='lat' dir='ltr'>occupare²</span> 
     </span>
    </p>

    <p class='ocr_par' dir='ltr' id='par_1_36' title="bbox 1229 2718 2188 2835">
     <span class='ocr_line' id='line_1_97' title="bbox 1229 2718 2187 2771; baseline -0.005 -9"><span class='ocrx_word' id='word_1_736' title='bbox 1229 2738 1330 2762; x_wconf 87' lang='lat' dir='ltr'>aures</span> <span class='ocrx_word' id='word_1_737' title='bbox 1357 2732 1476 2761; x_wconf 86' lang='lat' dir='ltr'>autem</span> <span class='ocrx_word' id='word_1_738' title='bbox 1503 2721 1539 2759; x_wconf 90' lang='lat' dir='ltr'>in</span> <span class='ocrx_word' id='word_1_739' title='bbox 1569 2720 1694 2759; x_wconf 87' lang='lat' dir='ltr'>auditu</span> <span class='ocrx_word' id='word_1_740' title='bbox 1715 2729 1747 2758; x_wconf 93' lang='lat' dir='ltr'>et</span> <span class='ocrx_word' id='word_1_741' title='bbox 1769 2719 1960 2771; x_wconf 85' lang='lat' dir='ltr'>disciplina</span> <span class='ocrx_word' id='word_1_742' title='bbox 1979 2718 2187 2757; x_wconf 79' lang='lat' dir='ltr'>divinorum</span> 
     </span>
     <span class='ocr_line' id='line_1_98' title="bbox 1230 2778 2188 2835; baseline -0.005 -12"><span class='ocrx_word' id='word_1_743' title='bbox 1230 2784 1507 2835; x_wconf 84' lang='lat' dir='ltr'>eloquiorum‚et</span> <span class='ocrx_word' id='word_1_744' title='bbox 1521 2790 1672 2820; x_wconf 86' lang='lat' dir='ltr'>mentem</span> <span class='ocrx_word' id='word_1_745' title='bbox 1687 2781 1722 2818; x_wconf 89' lang='lat' dir='ltr'>in</span> <span class='ocrx_word' id='word_1_746' title='bbox 1742 2779 1990 2832; x_wconf 80' lang='lat' dir='ltr'>spiritualibus</span> <span class='ocrx_word' id='word_1_747' title='bbox 2009 2778 2188 2832; x_wconf 84' lang='lat' dir='ltr'>dogmati-</span> 
     </span>
    </p>

    <p class='ocr_par' dir='ltr' id='par_1_37' title="bbox 1231 2841 2188 2897">
     <span class='ocr_line' id='line_1_99' title="bbox 1231 2841 2188 2897; baseline -0.005 -12"><span class='ocrx_word' id='word_1_748' title='bbox 1231 2848 1298 2885; x_wconf 87' lang='lat' dir='ltr'>bus</span> <span class='ocrx_word' id='word_1_749' title='bbox 1331 2843 1626 2897; x_wconf 84' lang='lat' dir='ltr'>contemplandis,</span> <span class='ocrx_word' id='word_1_750' title='bbox 1644 2856 1770 2880; x_wconf 84' lang='lat' dir='ltr'>manus</span> <span class='ocrx_word' id='word_1_751' title='bbox 1797 2855 1880 2880; x_wconf 73' lang='lat' dir='ltr'>vero</span> <span class='ocrx_word' id='word_1_752' title='bbox 1913 2855 1981 2879; x_wconf 90' lang='lat' dir='ltr'>non</span> <span class='ocrx_word' id='word_1_753' title='bbox 2003 2841 2040 2879; x_wconf 91' lang='lat' dir='ltr'>in</span> <span class='ocrx_word' id='word_1_754' title='bbox 2063 2841 2188 2894; x_wconf 82' lang='lat' dir='ltr'>rapina</span> 
     </span>
    </p>

    <p class='ocr_par' dir='ltr' id='par_1_38' title="bbox 1234 2903 2194 3079">
     <span class='ocr_line' id='line_1_100' title="bbox 1234 2903 2190 2957; baseline -0.007 -10"><span class='ocrx_word' id='word_1_755' title='bbox 1234 2918 1267 2947; x_wconf 86' lang='lat' dir='ltr'>et</span> <span class='ocrx_word' id='word_1_756' title='bbox 1280 2907 1447 2957; x_wconf 77' lang='lat' dir='ltr'>avaritia,</span> <span class='ocrx_word' id='word_1_757' title='bbox 1465 2905 1527 2944; x_wconf 87' lang='lat' dir='ltr'>sed</span> <span class='ocrx_word' id='word_1_758' title='bbox 1545 2906 1580 2943; x_wconf 93' lang='lat' dir='ltr'>in</span> <span class='ocrx_word' id='word_1_759' title='bbox 1597 2904 1820 2956; x_wconf 73' lang='lat' dir='ltr'>eleemosyna</span> <span class='ocrx_word' id='word_1_760' title='bbox 1843 2912 1876 2940; x_wconf 91' lang='lat' dir='ltr'>et</span> <span class='ocrx_word' id='word_1_761' title='bbox 1899 2903 2003 2942; x_wconf 90' lang='lat' dir='ltr'>bonis</span> <span class='ocrx_word' id='word_1_762' title='bbox 2021 2904 2190 2956; x_wconf 87' lang='lat' dir='ltr'>operibus</span> 
     </span>
     <span class='ocr_line' id='line_1_101' title="bbox 1236 2964 2194 3019; baseline -0.005 -12"><span class='ocrx_word' id='word_1_763' title='bbox 1236 2969 1417 3018; x_wconf 82' lang='lat' dir='ltr'>faciendis,</span> <span class='ocrx_word' id='word_1_764' title='bbox 1438 2977 1471 3006; x_wconf 90' lang='lat' dir='ltr'>et</span> <span class='ocrx_word' id='word_1_765' title='bbox 1490 2967 1596 3019; x_wconf 83' lang='lat' dir='ltr'>pedes</span> <span class='ocrx_word' id='word_1_766' title='bbox 1618 2980 1687 3003; x_wconf 80' lang='lat' dir='ltr'>non</span> <span class='ocrx_word' id='word_1_767' title='bbox 1708 2965 1742 3003; x_wconf 87' lang='lat' dir='ltr'>in</span> <span class='ocrx_word' id='word_1_768' title='bbox 1766 2964 1914 3003; x_wconf 86' lang='lat' dir='ltr'>theatris</span> <span class='ocrx_word' id='word_1_769' title='bbox 1932 2974 1966 3003; x_wconf 89' lang='lat' dir='ltr'>et</span> <span class='ocrx_word' id='word_1_770' title='bbox 1983 2965 2194 3018; x_wconf 86' lang='lat' dir='ltr'>spectaculis</span> 
     </span>
     <span class='ocr_line' id='line_1_102' title="bbox 1238 3026 2192 3079; baseline -0.005 -10"><span class='ocrx_word' id='word_1_771' title='bbox 1238 3030 1429 3077; x_wconf 82' lang='lat' dir='ltr'>damnosis,</span> <span class='ocrx_word' id='word_1_772' title='bbox 1449 3028 1744 3079; x_wconf 82' lang='lat' dir='ltr'>equestribusque</span> <span class='ocrx_word' id='word_1_773' title='bbox 1760 3026 1946 3073; x_wconf 81' lang='lat' dir='ltr'>ludis‚sed</span> <span class='ocrx_word' id='word_1_774' title='bbox 1965 3026 2001 3064; x_wconf 91' lang='lat' dir='ltr'>in</span> <span class='ocrx_word' id='word_1_775' title='bbox 2022 3026 2192 3073; x_wconf 83' lang='lat' dir='ltr'>ecclesiis,</span> 
     </span>
    </p>

    <p class='ocr_par' dir='ltr' id='par_1_39' title="bbox 1239 3089 2195 3141">
     <span class='ocr_line' id='line_1_103' title="bbox 1239 3089 2195 3141; baseline -0.008 -10"><span class='ocrx_word' id='word_1_776' title='bbox 1239 3101 1272 3131; x_wconf 88' lang='lat' dir='ltr'>ct</span> <span class='ocrx_word' id='word_1_777' title='bbox 1290 3091 1456 3130; x_wconf 82' lang='lat' dir='ltr'>domibus</span> <span class='ocrx_word' id='word_1_778' title='bbox 1488 3089 1748 3141; x_wconf 86' lang='lat' dir='ltr'>precationum,</span> <span class='ocrx_word' id='word_1_779' title='bbox 1770 3096 1805 3125; x_wconf 91' lang='lat' dir='ltr'>et</span> <span class='ocrx_word' id='word_1_780' title='bbox 1824 3096 2029 3125; x_wconf 86' lang='lat' dir='ltr'>sanctorum</span> <span class='ocrx_word' id='word_1_781' title='bbox 2058 3095 2195 3138; x_wconf 88' lang='lat' dir='ltr'>marty-</span> 
     </span>
    </p>

    <p class='ocr_par' dir='ltr' id='par_1_40' title="bbox 1239 3148 2198 3201">
     <span class='ocr_line' id='line_1_104' title="bbox 1239 3148 2198 3201; baseline -0.006 -9"><span class='ocrx_word' id='word_1_782' title='bbox 1239 3168 1321 3192; x_wconf 85' lang='lat' dir='ltr'>rum</span> <span class='ocrx_word' id='word_1_783' title='bbox 1351 3152 1478 3191; x_wconf 86' lang='lat' dir='ltr'>loculis</span> <span class='ocrx_word' id='word_1_784' title='bbox 1485 3166 1496 3201; x_wconf 78' lang='lat'>3</span> <span class='ocrx_word' id='word_1_785' title='bbox 1518 3158 1556 3187; x_wconf 89' lang='lat' dir='ltr'>ut</span> <span class='ocrx_word' id='word_1_786' title='bbox 1583 3149 1629 3187; x_wconf 87' lang='lat' dir='ltr'>ab</span> <span class='ocrx_word' id='word_1_787' title='bbox 1663 3148 1736 3187; x_wconf 88' lang='lat' dir='ltr'>illis</span> <span class='ocrx_word' id='word_1_788' title='bbox 1767 3148 2050 3188; x_wconf 86' lang='lat' dir='ltr'>benedictionem</span> <span class='ocrx_word' id='word_1_789' title='bbox 2080 3148 2198 3201; x_wconf 89' lang='lat' dir='ltr'>perci-</span> 
     </span>
    </p>
   </div>
   <div class='ocr_carea' id='block_1_15' title="bbox 1234 3259 2138 3355">
    <p class='ocr_par' dir='ltr' id='par_1_41' title="bbox 1234 3259 2138 3355">
     <span class='ocr_line' id='line_1_105' title="bbox 1234 3259 1841 3302; baseline -0.003 -11"><span class='ocrx_word' id='word_1_790' title='bbox 1234 3260 1249 3285; x_wconf 80' lang='lat' dir='ltr'>¹l</span> <span class='ocrx_word' id='word_1_791' title='bbox 1268 3261 1347 3301; x_wconf 61' lang='lat' dir='ltr'>Rvg.</span> <span class='ocrx_word' id='word_1_792' title='bbox 1365 3270 1448 3290; x_wconf 80' lang='lat' dir='ltr'>unus</span> <span class='ocrx_word' id='word_1_793' title='bbox 1475 3260 1627 3295; x_wconf 62' lang='grc' dir='ltr'>παντελῶς</span> <span class='ocrx_word' id='word_1_794' title='bbox 1644 3259 1841 3302; x_wconf 56' lang='lat' dir='ltr'>pontis-airm-</span> 
     </span>
     <span class='ocr_line' id='line_1_106' title="bbox 1236 3306 2138 3355; baseline -0.002 -12"><span class='ocrx_word' id='word_1_795' title='bbox 1236 3319 1247 3331; x_wconf 53' lang='grc' dir='ltr'><strong>θ</strong></span> <span class='ocrx_word' id='word_1_796' title='bbox 1264 3313 1345 3352; x_wconf 65' lang='lat'>1103.</span> <span class='ocrx_word' id='word_1_797' title='bbox 1371 3322 1454 3342; x_wconf 81' lang='lat' dir='ltr'>unus</span> <span class='ocrx_word' id='word_1_798' title='bbox 1471 3317 1565 3343; x_wconf 61' lang='grc' dir='ltr'>τοῖ’,ιν</span> <span class='ocrx_word' id='word_1_799' title='bbox 1582 3314 1699 3355; x_wconf 59' lang='grc' dir='ltr'>ὁρῶμεν</span> <span class='ocrx_word' id='word_1_800' title='bbox 1717 3314 1795 3354; x_wconf 69' lang='grc' dir='ltr'>ὅρκῳ</span> <span class='ocrx_word' id='word_1_801' title='bbox 1815 3319 1856 3352; x_wconf 66' lang='grc' dir='ltr'>τῷ</span> <span class='ocrx_word' id='word_1_802' title='bbox 1874 3316 2020 3352; x_wconf 79' lang='grc' dir='ltr'>στόματι,</span> <span class='ocrx_word' id='word_1_803' title='bbox 2040 3306 2138 3341; x_wconf 69' lang='lat' dir='ltr'>male.</span> 
     </span>
    </p>
   </div>
   <div class='ocr_carea' id='block_1_16' title="bbox 1979 3418 2018 3443">
    <p class='ocr_par' dir='ltr' id='par_1_42' title="bbox 1979 3418 2018 3443">
     <span class='ocr_line' id='line_1_107' title="bbox 1979 3418 2018 3443; baseline 0.026 -1"><span class='ocrx_word' id='word_1_804' title='bbox 1979 3418 2018 3443; x_wconf 81' lang='grc' dir='ltr'>ΙΙ</span> 
     </span>
    </p>
   </div>
  </div>
 </body>
</html>
