2433 3775
286 181 303 191 »a

280 194 336 225 DO
678 193 716 223 S.
754 191 936 221 JOANMS
971 188 1215 220 CHRYSOST.
1254 185 1460 218 ARcfflEP.
1501 187 1858 218 CONSTANTINOP.

275 285 365 314 stras
381 275 611 325 oblectemus,
621 274 676 314 vel
689 273 786 325 quod
799 273 938 311 laudari
955 272 1090 311 avobis
1101 270 1222 322 cupia-
1294 269 1466 315 τοσαύτην
1497 268 1625 319 ζημίαν
1652 270 1870 321 ὑπομένομεν
1898 272 1974 309 καθ’
2003 271 2153 317 ἑκάστην
2180 271 2316 324 ἡμέραν

274 336 379 374 mus?
391 336 468 374 Nisi
482 336 622 374 lucrum
632 335 787 374 vobissit
796 349 841 373 ex
851 332 1072 373 sermonibus
1083 331 1223 378 nostris,
1295 329 1495 381 σπείροντες
1514 329 1596 380 μὲν,
1612 329 1718 380 μηδὲν
1736 330 1771 369 δὲ
1787 335 2026 384 ςκαρποῧσθαι
2042 332 2236 383 δυνάμενοι.
2253 333 2315 380 Μὴ

274 398 386 436 satius
415 397 520 435 fuerit
547 410 610 434 nos
640 396 788 448 posthac
818 395 936 433 silere.
958 392 1098 432 Nollem
1129 390 1224 428 enim
1295 389 1362 442 γὰρ
1381 389 1439 427 διὰ
1457 394 1557 428 τοῦτο
1574 389 1686 441 λέγειν
1707 392 1964 443 σπουδάζομεν,
1982 392 2072 431 ὥστε
2097 395 2217 438 ἁπλῶς
2240 393 2316 445 τέρ-

274 459 376 497 vobis
389 459 532 512 majoris
550 457 787 496 damnationis
803 469 907 494 causa
924 453 1013 492 fieri.
1030 452 1224 491 Enimvero
1295 451 1359 502 ψαι
1378 452 1475 496 ὑμῶν
1496 450 1559 497 τὴν
1585 450 1712 500 ἀκοὴν,
1735 451 1757 498 ἢ
1777 455 1823 497 ὡς
1841 458 1901 492 τοῦ
1933 456 2016 506 παρ’
2045 457 2143 505 ὑμῶν
2174 454 2316 493 ἐπαίνου

272 520 365 558 sicut
390 519 603 571 negotiator,
628 518 689 569 qui
723 530 805 554 cum
835 515 957 553 multis
982 513 1159 551 mercibus
1191 520 1224 550 et
1295 510 1489 564 ἐφιέμενοι,
1506 513 1551 550 Εἰ
1573 510 1621 563 μὴ
1639 512 1799 562 μέλλοιτέ
1819 529 1854 552 τι
1871 515 2061 567 κερδαίνειν
2087 517 2210 555 ἐκτῶν
2232 518 2316 567 παρ”

271 580 400 632 opibus
412 578 631 631 congregatis
640 591 768 616 navem
781 575 998 628 impleverit,
1013 573 1134 612 subito
1147 582 1223 612 orta
1248 576 1272 606 E
1295 575 1395 623 ἡμῶν
1416 572 1633 624 λεγομένων,
1652 573 1786 624 βέλτιον
1802 577 1896 624 ἡμᾶς
1911 579 2054 626 σιγῆσαι
2072 577 2206 616 λοιπόν.
2226 577 2318 616 Οὐδὲ

271 648 488 692 tempestate,
516 648 550 677 et
581 638 794 690 praevalente
821 645 1009 676 ventorum
1041 633 1223 683 violentia,
1293 632 1360 685 γὰρ
1391 632 1562 685 βούλομαι
1580 636 1660 683 ὑμῖν
1678 633 1821 672 πλείονα
1844 633 1908 680 τὴν
1930 635 2140 688 κατάκρισιν
2171 637 2317 690 ἐργάζε-

270 715 383 738 mersa
401 714 481 738 cum
495 699 698 738 vectoribus
718 713 820 747 nave,
833 699 875 736 fit
893 697 1060 737 omuibus
1079 695 1224 734 misera·
1293 697 1385 732 σθαι.
1420 693 1588 745 Καθάπερ
1621 693 1689 747 γὰρ
1725 694 1893 748 ἔμπορος,
1930 696 2068 734 ἐπειδὰν
2096 696 2230 736 ιιπολὺν
2260 699 2317 737 τὸν

268 761 340 799 bile
366 761 626 813 spectaculum,
654 757 772 798 nudus
798 768 939 812 repente
966 771 1158 810 apparem,
1189 765 1223 794 et
1293 755 1418 808 φόρτον
1449 755 1652 807 συναγάγῃ,
1682 755 1742 793 καὶ
1771 755 2052 808 πεπληρωμένην
2087 757 2150 804 τὴν
2186 759 2317 797 ὁλκάδα

267 831 348 874 post
364 822 534 874 plurimas
547 822 805 872 immensasque
816 819 1009 859 divitiasin
1023 827 1221 857 extremam
1293 817 1382 869 ἔχων
1401 818 1531 856 πολλοῦ
1549 821 1609 855 τοῦ
1627 816 1795 865 πλούτου,
1828 817 1954 870 ἀθρόας
1981 820 2179 871 καταιγίδος
2206 837 2318 874 προσ-

265 882 430 921 redactus
457 891 647 935 egestatem
663 913 674 933 ‚
702 883 750 920 ita
782 891 815 920 et
842 881 1026 921 vobiscum
1055 879 1220 917 diabolus
1292 874 1487 921 πεσούσης,
1511 875 1572 914 καὶ
1600 878 1662 922 τῆς
1695 877 1763 912 τῶν
1793 876 2003 927 πνευμάτων
2037 877 2114 929 βίας
2141 894 2317 932 περιγενο-

266 958 360 982 nunc
376 944 459 996 egit.
476 945 569 982 Nam
584 943 668 994 quia
680 943 814 982 invenit
837 956 962 981 navem
983 951 1135 980 vestram
1151 940 1222 993 spi·
1294 935 1400 986 μένης
1416 936 1604 989 αὔτανδρον
1624 936 1804 988 καταδύσῃ
1824 937 1863 975 ’τὸ
1879 937 2026 990 σκάφος,
2046 939 2190 977 ἐλεεινὸν
2206 940 2316 978 ἅπασι

265 1005 431 1044 ritualem
452 1005 575 1043 multis
590 1004 728 1043 divitiis
748 1013 943 1052 oneratam,
958 1013 991 1042 et
1008 1004 1099 1041 vidit
1116 1018 1219 1055 gran·
1293 993 1407 1044 θέαμα
1427 995 1558 1046 Υίνὲταῑ
1570 1023 1579 1041 2
1599 994 1727 1045 γυμνὸς
1742 994 1901 1048 ἐξαίφνης
1916 997 2045 1048 φανεὶς,
2062 998 2120 1035 καὶ
2146 998 2236 1049 μετὰ
2250 1013 2316 1036 πθ·

264 1067 347 1104 dem
377 1066 596 1114 thesaurum,
615 1079 722 1116 quem
752 1078 796 1102 ex
814 1064 962 1115 jejuniis
984 1072 1018 1101 ct
1043 1063 1219 1101 continuis
1241 1084 1272 1109 41
1291 1054 1352 1092 λὺν
1377 1055 1436 1093 καὶ
1461 1055 1592 1107 ἄφατον
1619 1057 1766 1094 πλοῦτον
1786 1057 1821 1093 ἓν
1846 1056 1977 1108 {qd-eq]
1996 1057 2099 1112 πενίᾳ
2120 1058 2316 1106 καταστὰς,

264 1127 435 1166 doctrinis
464 1126 632 1177 colligere
665 1125 828 1178 potuistis
850 1139 857 1161 ε
878 1124 978 1175 quasi
1011 1132 1220 1177 tempestate
1243 1121 1269 1150 Α
1291 1115 1348 1154 τὸν
1374 1115 1477 1154 αὐτὸν
1496 1115 1538 1162 δὴ
1561 1115 1688 1167 τρόπον
1710 1116 1769 1153 καὶ
1788 1119 1879 1167 ὖμᾶς
1905 1123 1961 1156 νῦν
1988 1121 2006 1156 ὃ
2027 1118 2185 1162 ὃιάὸολος
2204 1119 2315 1166 διέθη-

263 1188 431 1240 quapiam
459 1187 631 1236 immissa,
651 1186 777 1224 inutile
805 1194 838 1223 ct
861 1185 1099 1237 perniciosum
1124 1184 1219 1223 illud
1292 1192 1362 1215 κεν·
1383 1175 1506 1228 Εὓρὼν
1527 1175 1594 1227 γὰρ
1610 1177 1707 1225 ὑμῶν
1727 1177 2007 1229 πεπληρωμένην
2026 1178 2090 1224 τὴν
2105 1180 2238 1218 ὁλκάδα
2253 1179 2315 1227 τὴν

263 1259 421 1301 equestre
440 1257 616 1288 certamen
627 1247 722 1297 dico,
735 1261 798 1300 per
811 1246 904 1284 illud
916 1247 1037 1299 ipsum
1051 1246 1217 1285 omnibus
1289 1236 1534 1289 πνευματικὴν
1561 1238 1690 1275 πολλοῦ
1712 1236 1862 1275 πλούτου
1875 1267 1885 1286 ,
1911 1237 1970 1276 καὶ
1999 1239 2129 1291 ἄφατον
2157 1240 2239 1278 ἰδὼν
2258 1241 2316 1278 τὸν

263 1325 327 1350 vos
345 1311 486 1349 divitiis
505 1309 668 1348 destituit
688 1318 721 1347 et
738 1308 919 1361 spoliavit.
1289 1295 1461 1347 θησαυρὸν
1475 1323 1484 1341 2
1500 1295 1535 1333 ὃν
1558 1293 1628 1333 ἀπό
1644 1310 1681 1332 ’ῐὸ
1705 1297 1768 1341 τῆς
1785 1295 1967 1343 νηστείας,
1993 1296 2062 1334 ἀπό
2090 1314 2127 1336 τε
2146 1301 2208 1345 τῆς
2233 1314 2317 1337 συν-

1289 1361 1386 1409 εχοῦς
1423 1354 1650 1398 διδασκαλίας
1683 1361 1891 1407 συναγαγεῖν
1920 1357 2132 1406 ἠδυνήθητε,
2162 1359 2319 1412 καθάπερ

1287 1417 1475 1469 καταιγίδα
1507 1416 1585 1455 τινὰ
1618 1416 1761 1469 ἐπαφεὶς
1791 1416 1853 1464 τὴν
1884 1417 2050 1464 ἀνόνητον
2087 1419 2221 1467 ἐκείνην
2257 1422 2318 1459 καὶ

1291 1479 1465 1525 ἐπιὸλαὸἧ
1491 1480 1560 1515 τῶν
1588 1477 1705 1516 ἵππων
1737 1477 1905 1528 ἅμιλλαν,
1930 1480 1973 1516 δι’
2005 1479 2138 1527 ἐκείνης
2166 1481 2318 1534 ἐρήμους

1289 1540 1348 1578 καὶ
1368 1538 1518 1592 γυμνοὺς
1537 1538 1653 1586 πάσης
1671 1541 1733 1585 τῆς
1753 1538 1914 1591 εὐπορίας
1933 1540 2158 1588 κατέστησεν.

314 1604 350 1639 ἐξ.
380 1602 461 1640 Scio
495 1614 551 1639 me
575 1599 835 1639 vehementiore
873 1598 1112 1651 increpatione
1148 1598 1214 1647 uti,
1341 1595 1433 1639 Οἶδα
1453 1601 1505 1639 ὅτι
1533 1601 1667 1652 σφοδρᾷ
1693 1603 1736 1651 τῇ
1767 1599 1971 1650 ἐπιτιμήσει
1999 1600 2195 1653 κέχρημαι,
2227 1602 2317 1640 ἀλλὰ

262 1661 321 1700 sed
351 1661 563 1715 ignoscatis,
584 1675 672 1699 oro:
693 1661 740 1698 ita
773 1660 907 1712 quippe
936 1659 1058 1698 dolens
1097 1660 1214 1697 anima
1289 1659 1488 1711 σύγγνωτε,
1527 1661 1747 1711 παρακαλῶ·
1775 1662 1927 1697 τοιοῦτον
1963 1658 2030 1711 γὰρ
2062 1663 2083 1705 ἡ
2115 1659 2316 1711 ὀδυνωμένη

262 1724 359 1761 solet.
381 1724 501 1774 Neque
521 1722 615 1760 enim
637 1736 682 1760 ex
706 1721 849 1759 inimico
884 1730 1024 1773 pectore
1055 1721 1131 1758 haec
1159 1720 1213 1758 lo—
1289 1720 1398 1772 ψυχή.
1415 1719 1503 1758 Οὐδὲ
1529 1719 1598 1772 γὰρ
1616 1719 1648 1764 ἐξ
1666 1719 1854 1771 ἀπεχθείας
1871 1722 1980 1757 ταῦτα
2006 1719 2218 1772 φθέγγομαι,
2239 1722 2315 1758 ἀλλ’

264 1798 366 1835 quor,
401 1784 459 1821 sed
487 1797 532 1821 ex
574 1782 721 1820 sollicita
754 1781 934 1832 vestrique
976 1781 1218 1818 amantissima
1241 1783 1264 1813 B
1292 1781 1360 1819 ἀπὸ
1375 1780 1582 1831 κηδεμονίας
1601 1780 1661 1819 καὶ
1677 1780 1904 1833 φιλοστόργου
1924 1782 2039 1833 ψυχῆς
2055 1796 2063 1804 ·
2085 1783 2137 1820 διὸ
2157 1784 2218 1827 τῆς
2237 1797 2319 1834 σφο-

263 1847 380 1884 auima
400 1853 610 1897 :propterea
629 1857 674 1881 ex
696 1843 883 1880 severitate
904 1841 1040 1893 aliquid
1060 1841 1216 1891 remitto,
1246 1867 1255 1871 «
1292 1842 1455 1894 δρότητος
1468 1842 1590 1893 μικρὸν
1608 1842 1784 1893 καθυφεὶς,
1798 1842 1917 1889 ἐπειδὴ
1936 1845 2041 1888 αὐτῆς
2055 1846 2116 1890 τῆς
2137 1847 2244 1895 νομῆς
2259 1847 2318 1882 τοῦ

264 1915 297 1944 et
331 1906 414 1957 quia
448 1905 550 1942 ulcus
583 1917 725 1956 serpens
754 1902 914 1952 cohibui,
939 1902 1123 1940 caritatem
1151 1916 1218 1941 ve-
1290 1902 1412 1946 ἕλκους
1432 1902 1652 1955 περι-γέγονα,
1674 1902 1844 1954 βούλομαι
1862 1903 1921 1941 καὶ
1940 1905 1987 1947 εἷς
2007 1904 2149 1947 ἐλπίδας
2162 1905 2320 1956 χρηστὰς

264 1977 372 2006 stram
399 1967 529 2005 iterum
545 1966 638 2004 bona
667 1978 727 2017 spe
743 1964 899 2002 animare
917 1963 1011 2013 volo,
1028 1978 1072 2002 ne
1090 1963 1219 2016 despe-
1292 1967 1433 2017 ἀγαγεῖν
1451 1964 1514 2012 τὴν
1537 1963 1708 2017 ὑμετέραν
1729 1964 1868 2016 ἀγάπην
1881 1994 1890 2011 ,
1911 1963 2001 2003 ὥστε
2023 1964 2072 2016 μὴ
2096 1967 2317 2017 ἀπογνῶναι,

265 2028 363 2078 retis,
385 2042 448 2066 nec
466 2028 625 2065 animum
641 2025 898 2077 desponde-atis.
916 2027 997 2064 Non
1017 2025 1112 2063 enim
1126 2025 1218 2063 sicut
1293 2025 1381 2076 μηδὲ
1399 2027 1649 2079 ἀπαγορεῦσαι.
1667 2024 1760 2063 Οὐδὲ
1781 2025 1848 2077 γὰρ
1864 2026 2023 2078 καθάπερ
2039 2026 2096 2064 ἐπὶ
2117 2029 2184 2065 τῶν
2201 2028 2319 2074 αἰσθη-

266 2089 301 2127 in
319 2088 546 2127 sensibilibus
569 2086 684 2133 rebus,
701 2086 750 2123 ita
769 2095 802 2123 et
818 2085 878 2123 hic
896 2099 962 2123 usu
982 2086 1118 2135 evenit;
1144 2085 1219 2123 illic
1291 2090 1360 2125 τῶν
1378 2086 1511 2137 γίνεται
1526 2086 1758 2139 πραγμάτων,
1774 2085 1861 2124 οὕτω
1876 2087 1936 2124 καὶ
1951 2088 2102 2124 ἐνταῦθα
2116 2088 2319 2138 συμὸαίνει·

266 2163 417 2200 namque
438 2149 467 2186 is
486 2148 548 2199 qui
568 2162 613 2185 cx
631 2146 770 2186 divitiis
788 2146 826 2185 in
843 2154 1040 2185 extremam
1054 2146 1218 2185 redactus
1293 2147 1364 2184 ἐκεῖ
1384 2145 1446 2196 μὲν
1461 2146 1528 2197 γὰρ
1550 2148 1612 2184 οὐκ
1629 2145 1679 2183 ἔνι
1695 2146 1752 2184 τὸν
1777 2146 1846 2184 ἀπὸ
1864 2150 1923 2185 τοῦ
1943 2145 2094 2184 πλούτου
2121 2148 2251 2186 ἐκείνου
2273 2149 2320 2190 εἰς

266 2211 372 2248 suerit
400 2209 573 2262 inopiam,
590 2208 691 2246 brevi
718 2221 775 2245 eas
803 2221 966 2260 reparare
992 2208 1133 2258 nequit3
1156 2208 1218 2246 hic
1291 2207 1354 2255 τὴν
1375 2207 1527 2259 ἐσχάτην
1547 2207 1668 2246 πενίαν
1689 2208 1942 2260 κατενεχθέντα
1966 2208 2088 2252 εὐθέως
2108 2211 2318 2260 ἀνενεγκεῖν·

267 2280 385 2310 autem
411 2285 474 2323 per
495 2268 776 2308 misericordiam
800 2268 883 2315 Dei,
901 2268 930 2306 si
950 2268 1057 2307 modo
1082 2268 1217 2307 conde-
1293 2271 1438 2306 ἐνταῦθα
1459 2269 1493 2306 δὲ
1513 2268 1568 2307 διὰ
1583 2268 1644 2315 τὴν
1666 2273 1724 2307 τοῦ
1744 2270 1835 2307 Θεοῦ
1855 2268 2115 2321 φιλανθρωπίαν
2129 2300 2138 2317 ,
2158 2269 2216 2307 ἐὰν
2235 2272 2318 2320 βου-

268 2347 388 2371 mnare
407 2333 496 2370 facta
516 2340 646 2380 nostra,
661 2331 784 2383 etjam
806 2329 928 2368 sistere
949 2329 1131 2381 ignaviam
1150 2344 1219 2369 vo-
1293 2329 1435 2380 λώμεθα
1467 2329 1569 2380 μόνον
1608 2331 1830 2380 καταγνῶναι
1866 2333 1935 2368 τῶν
1975 2329 2042 2377 ἤδη
2082 2330 2317 2382 εἰργασμένων

267 2393 450 2443 luerimus,
466 2392 661 2445 poterimus
686 2391 806 2429 statim
825 2389 872 2429 ad
895 2390 1083 2443 pristinam
1099 2391 1218 2429 abun—
1294 2393 1396 2440 ἡμῖν,
1421 2391 1481 2428 καὶ
1504 2390 1610 2443 μέχρι
1628 2390 1749 2429 τούτου
1769 2394 1896 2437 στῆσαι
1915 2390 1959 2428 τὰ
1978 2394 2039 2437 τῆς
2060 2391 2248 2442 ῥᾳθυμίας,
2265 2393 2319 2430 δυ-

269 2454 429 2492 damiam
442 2453 570 2492 redire.
593 2453 695 2490 Talis
714 2451 809 2490 enim
828 2461 878 2490 est
892 2452 1069 2490 Dominus
1086 2462 1216 2502 noster,
1294 2450 1428 2502 νάμεθα
1457 2452 1592 2503 ταχέως
1619 2451 1675 2489 ἐπὶ
1694 2451 1756 2498 τὴν
1784 2450 1957 2505 προτέραν
1986 2452 2148 2505 εὐπορίαν
2171 2454 2318 2491 ἐπανελ-

269 2524 412 2567 tamque
429 2514 640 2567 magnificus
659 2523 692 2552 et
716 2513 876 2551 liberalis
896 2529 904 2549 τ
926 2513 1019 2552 uude
1038 2523 1071 2551 ct
1091 2514 1219 2552 clamat
1245 2523 1269 2554 C
1294 2515 1374 2550 θεῖν.
1392 2515 1555 2557 Τοιοῦτος
1580 2512 1647 2565 γὰρ
1667 2515 1685 2550 ὃ
1703 2512 1885 2558 Δεσπότης
1904 2515 1921 2550 ὁ
1936 2512 2127 2565 ἡμέτερος,
2147 2512 2238 2551 οὕτω
2264 2529 2319 2565 φι-

67 2586 237 2618 E:e‹-l1.18.
267 2590 330 2628 per
348 2575 576 2628 prophetam,
595 2573 715 2612 dicens
738 2590 745 2609 :
772 2574 982 2612 Volunlale
1004 2574 1092 2612 nolo
1113 2590 1217 2613 mor-
1292 2573 1432 2623 λότιμος
1448 2573 1507 2611 καὶ
1530 2573 1790 2625 μεγαλόδωρος·
1812 2573 1871 2611 καὶ
1891 2575 1956 2624 βοᾷ
1976 2572 2033 2610 διὰ
2049 2576 2107 2611 τοῦ
2126 2573 2318 2628 προφήτου,

68 2630 116 2657 ²3·
269 2646 345 2675 tem
360 2639 587 2689 peccatoris,
607 2636 676 2674 sed
691 2644 730 2673 ut
751 2644 1010 2682 convertatur,
1036 2645 1072 2674 et
1098 2639 1217 2674 vivat.
1292 2633 1420 2685 λέγων’
1437 2637 1490 2673 Οὐ
1512 2635 1649 2681 θελήσει
1665 2634 1754 2672 θέλω
1774 2634 1831 2672 τὸν
1851 2634 1996 2671 θάνατον
2018 2638 2077 2672 τοῦ
2094 2635 2318 2686 ἁμαρτωλοῧ,

268 2698 350 2736 Scio
366 2712 429 2735 vos
448 2697 542 2749 frugi
563 2696 723 2734 homines
743 2710 830 2745 esse,
850 2705 883 2733 et
902 2696 1041 2748 lapsum
1060 2706 1217 2735 vestrum
1293 2697 1339 2738 ὡς
1357 2697 1396 2733 τὸ
1413 2695 1619 2749 ἐπιστρέψαι
1635 2695 1694 2733 καὶ
1712 2697 1772 2746 ζῇν
1791 2695 1903 2733 αὐτόν.
1928 2688 2019 2732 Οἶδα
2034 2694 2087 2732 ὅτι
2106 2694 2319 2746 εὐγνώμονες

268 2758 528 2809 persentiscere.
546 2758 624 2795 Non
646 2766 764 2795 autem
785 2771 896 2809 parva
919 2755 965 2794 ad
989 2757 1132 2795 virtutis
1157 2772 1215 2795 re-
1293 2756 1386 2799 ὄντες
1401 2757 1602 2795 αἰσθάνεσθε
1615 2758 1684 2794 τῶν
1711 2755 1951 2806 ἐπταισμένων
1969 2758 2061 2805 ὑμῖν.
2082 2757 2135 2793 Οὐ
2152 2755 2260 2808 μικρὰ
2283 2755 2318 2794 δὲ

266 2819 384 2857 ditum
402 2818 459 2856 via
484 2828 545 2868 est,
566 2819 654 2855 scire
670 2827 896 2871 peccatorum
918 2818 1214 2870 magnitudinem.
1293 2818 1367 2861 ὅδος
1395 2818 1480 2869 πρὸς
1508 2817 1571 2864 τὴν
1593 2817 1757 2855 ἐπάνοδον
1785 2819 1846 2863 τῆς
1867 2818 1991 2868 ἀρετῆς
2022 2816 2061 2854 τὸ
2090 2816 2217 2854 εἰδέναι
2246 2820 2314 2855 τῶν

267 2881 347 2918 Jam
364 2893 406 2916 ne
427 2879 507 2929 quis
526 2878 613 2915 mihi
637 2879 766 2916 iterum
787 2878 957 2916 diabolici
973 2879 1071 2917 illius
1090 2880 1218 2918 erroris
1292 2879 1551 2930 ἦμαρτημένιι)ν
1582 2878 1621 2916 τὸ
1649 2877 1800 2929 μέγεθος.
1832 2877 1935 2915 Ἀλλὰ
1965 2878 2013 2927 μή
2045 2893 2103 2927 μοι
2130 2877 2236 2916 πάλιν
2256 2881 2318 2924 τῆς

107 2950 139 2977 ln
168 2949 254 2979 Car-:0
267 2941 375 2980 verba
399 2941 532 2989 afferat,
560 2940 704 2978 dicens:
727 2941 842 2987 Quale
870 2950 1053 2992 peccatum
1076 2950 1140 2988 cst,
1159 2943 1215 2980 vi-
1294 2939 1492 2985 διαὸολικῆς
1520 2938 1653 2986 ἐκείνης
1687 2937 1823 2985 ἀπάτης
1853 2937 1994 2990 ῥήματά
2026 2954 2077 2982 τις
2109 2937 2315 2991 παραγέτω,

63 2993 173 3060 fffcf'ffa
190 3003 257 3061 Ἓξ.
267 3001 350 3040 dere
384 3009 562 3039 currentes
594 3002 724 3051 equos?
757 3002 794 3039 si
833 3001 986 3040 volueris
1023 3001 1217 3054 prudenter
1292 3000 1400 3051 λέγων
1414 3016 1421 3023 ·
1441 3006 1537 3038 ποῖον
1552 2998 1619 3051 γὰρ
1639 2999 1846 3052 ἁμάρτημα,
1865 2999 1947 3036 ἷδεὶν
1971 2998 2094 3042 ἵππους
2109 2999 2313 3051 τρέχοντας

62 3072 244 3103 serebamus.
267 3062 384 3101 omnia
410 3061 544 3100 discere
563 3076 640 3112 quae
662 3061 711 3099 ibi
741 3062 842 3111 fiunt,
859 3062 1017 3100 invenies
1039 3062 1157 3100 omnia
1172 3078 1214 3101 cx
1292 3062 1377 3099 Ἰζὰν
1397 3060 1465 3112 γὰρ
1490 3062 1660 3111 βουληθῇς
1690 3059 1913 3111 εὐγνωμόνως
1934 3063 2148 3110 καταμαθεῖν
2176 3060 2313 3097 ἅπαντα

265 3121 420 3160 satanica
441 3121 642 3173 operatione
665 3120 815 3173 prodire.
836 3123 913 3159 Nou
938 3121 1030 3159 enim
1049 3121 1217 3161 videntur
1289 3122 1332 3160 τὰ
1363 3123 1433 3160 ἐκεῖ
1461 3122 1644 3172 γινόμενα,
1673 3121 1828 3173 εὑρήσεις
1856 3119 2105 3170 πάνταμεστὰ
2127 3123 2314 3166 σατανικῆς

264 3181 328 3220 soli
343 3180 423 3232 equi
443 3188 635 3226 currentes,
655 3178 715 3216 scd
732 3188 765 3216 et
786 3179 969 3228 clamores,
989 3190 1022 3218 ct
1043 3180 1212 3233 blasplic-
1239 3191 1264 3221 Ι)
1289 3181 1470 3234 ἐνεργείας.
1487 3182 1540 3219 Οὐ
1561 3180 1663 3231 μόνον
1679 3179 1746 3230 γὰρ
1762 3177 1887 3221 ἵππους
1903 3177 2088 3231 τρέχοντάς
2103 3180 2194 3216 ἐστιν
2215 3178 2311 3222 ἰδεῖν,

307 3315 318 3327 ⁰
337 3304 390 3335 Sic
416 3302 515 3335 Sfll‘il·
545 3309 577 3332 (Ἰ
600 3300 786 3341 complures
814 3302 885 3334 MSS⁴
914 3301 1028 3335 Morcl.
1050 3313 1126 3336 xero
1144 3311 1268 3349 καρπώ-
1345 3303 1361 3327 ¹¹
1379 3301 1514 3335 Coislin.
1535 3305 1624 3336 πολὺν
1639 3306 1765 3336 πλοῦτον
1780 3308 1940 3344 συναγάγῃ.

264 3363 376 3390 :2:973
