<?xml version="1.0" encoding="UTF-8"?>
<!DOCTYPE html PUBLIC "-//W3C//DTD XHTML 1.0 Transitional//EN"
    "http://www.w3.org/TR/xhtml1/DTD/xhtml1-transitional.dtd">
<html xmlns="http://www.w3.org/1999/xhtml" xml:lang="en" lang="en">
 <head>
  <title>
</title>
<meta http-equiv="Content-Type" content="text/html;charset=utf-8" />
  <meta name='ocr-system' content='tesseract 3.04.00' />
  <meta name='ocr-capabilities' content='ocr_page ocr_carea ocr_par ocr_line ocrx_word'/>
</head>
<body>
  <div class='ocr_page' id='page_1' title='image "./operaomniaquaeex04johnuoft_0050.png"; bbox 0 0 2433 3775; ppageno 0'>
   <div class='ocr_carea' id='block_1_1' title="bbox 224 218 1193 262">
    <p class='ocr_par' dir='ltr' id='par_1_1' title="bbox 224 218 1193 262">
     <span class='ocr_line' id='line_1_1' title="bbox 224 218 1193 262; baseline -0.007 -1"><span class='ocrx_word' id='word_1_1' title='bbox 224 218 281 262; x_wconf 81' lang='lat'>50</span> <span class='ocrx_word' id='word_1_2' title='bbox 650 229 689 259; x_wconf 88' lang='lat' dir='ltr'>s.</span> <span class='ocrx_word' id='word_1_3' title='bbox 725 227 912 259; x_wconf 68' lang='lat' dir='ltr'>JOANMS</span> <span class='ocrx_word' id='word_1_4' title='bbox 949 225 1193 256; x_wconf 74' lang='lat' dir='ltr'>cnRYsosr.</span> 
     </span>
    </p>
   </div>
   <div class='ocr_carea' id='block_1_2' title="bbox 223 307 1211 3171">
    <p class='ocr_par' dir='ltr' id='par_1_2' title="bbox 223 307 1211 3171">
     <span class='ocr_line' id='line_1_2' title="bbox 224 307 1176 364; baseline -0.008 -12"><span class='ocrx_word' id='word_1_5' title='bbox 224 312 403 363; x_wconf 80' lang='lat' dir='ltr'><strong>calcitrat,</strong></span> <span class='ocrx_word' id='word_1_6' title='bbox 422 325 504 351; x_wconf 85' lang='lat' dir='ltr'>suos</span> <span class='ocrx_word' id='word_1_7' title='bbox 521 311 626 364; x_wconf 88' lang='lat' dir='ltr'>pedes</span> <span class='ocrx_word' id='word_1_8' title='bbox 650 319 811 350; x_wconf 87' lang='lat' dir='ltr'>cruentat</span> <span class='ocrx_word' id='word_1_9' title='bbox 831 326 838 347; x_wconf 91' lang='lat'><strong>:</strong></span> <span class='ocrx_word' id='word_1_10' title='bbox 859 311 896 348; x_wconf 91' lang='lat' dir='ltr'>in</span> <span class='ocrx_word' id='word_1_11' title='bbox 911 308 1008 347; x_wconf 90' lang='lat' dir='ltr'>hunc</span> <span class='ocrx_word' id='word_1_12' title='bbox 1027 307 1176 345; x_wconf 83' lang='lat' dir='ltr'>modum</span> 
     </span>
     <span class='ocr_line' id='line_1_3' title="bbox 223 367 1176 414; baseline -0.012 0"><span class='ocrx_word' id='word_1_13' title='bbox 223 389 278 414; x_wconf 89' lang='lat' dir='ltr'>res</span> <span class='ocrx_word' id='word_1_14' title='bbox 297 389 333 413; x_wconf 92' lang='lat' dir='ltr'>se</span> <span class='ocrx_word' id='word_1_15' title='bbox 349 373 483 412; x_wconf 87' lang='lat' dir='ltr'>habent</span> <span class='ocrx_word' id='word_1_16' title='bbox 502 381 630 412; x_wconf 83' lang='lat' dir='ltr'>nostrae</span> <span class='ocrx_word' id='word_1_17' title='bbox 650 386 732 410; x_wconf 92' lang='lat' dir='ltr'>cum</span> <span class='ocrx_word' id='word_1_18' title='bbox 753 370 878 410; x_wconf 90' lang='lat' dir='ltr'>salutis</span> <span class='ocrx_word' id='word_1_19' title='bbox 899 378 1025 407; x_wconf 87' lang='lat' dir='ltr'>nostrae</span> <span class='ocrx_word' id='word_1_20' title='bbox 1042 367 1176 406; x_wconf 80' lang='lat' dir='ltr'>adver-</span> 
     </span>
     <span class='ocr_line' id='line_1_4' title="bbox 225 427 1179 485; baseline -0.01 -11"><span class='ocrx_word' id='word_1_21' title='bbox 225 435 337 485; x_wconf 91' lang='lat' dir='ltr'>sario,</span> <span class='ocrx_word' id='word_1_22' title='bbox 353 435 384 474; x_wconf 94' lang='lat' dir='ltr'>si</span> <span class='ocrx_word' id='word_1_23' title='bbox 401 433 531 483; x_wconf 87' lang='lat' dir='ltr'>armis,</span> <span class='ocrx_word' id='word_1_24' title='bbox 548 447 625 485; x_wconf 80' lang='lat' dir='ltr'>quae</span> <span class='ocrx_word' id='word_1_25' title='bbox 640 432 743 471; x_wconf 90' lang='lat' dir='ltr'>nobis</span> <span class='ocrx_word' id='word_1_26' title='bbox 761 431 918 483; x_wconf 86' lang='lat' dir='ltr'>Spiritus</span> <span class='ocrx_word' id='word_1_27' title='bbox 935 429 1045 468; x_wconf 81' lang='lat' dir='ltr'>sancti</span> <span class='ocrx_word' id='word_1_28' title='bbox 1065 427 1179 479; x_wconf 85' lang='lat' dir='ltr'>gratia</span> 
     </span>
     <span class='ocr_line' id='line_1_5' title="bbox 224 488 1180 544; baseline -0.013 -7"><span class='ocrx_word' id='word_1_29' title='bbox 224 497 385 544; x_wconf 85' lang='lat' dir='ltr'>exhibet,</span> <span class='ocrx_word' id='word_1_30' title='bbox 415 495 582 535; x_wconf 89' lang='lat' dir='ltr'>continuo</span> <span class='ocrx_word' id='word_1_31' title='bbox 611 508 674 532; x_wconf 90' lang='lat' dir='ltr'>nos</span> <span class='ocrx_word' id='word_1_32' title='bbox 701 493 918 531; x_wconf 88' lang='lat' dir='ltr'>muniamus.</span> <span class='ocrx_word' id='word_1_33' title='bbox 948 491 1065 529; x_wconf 86' lang='lat' dir='ltr'>Tanta</span> <span class='ocrx_word' id='word_1_34' title='bbox 1085 488 1180 527; x_wconf 88' lang='lat' dir='ltr'>enim</span> 
     </span>
     <span class='ocr_line' id='line_1_6' title="bbox 225 550 1181 605; baseline -0.01 -8"><span class='ocrx_word' id='word_1_35' title='bbox 225 559 374 597; x_wconf 90' lang='lat' dir='ltr'>illorum</span> <span class='ocrx_word' id='word_1_36' title='bbox 398 557 513 594; x_wconf 85' lang='lat' dir='ltr'>virtus</span> <span class='ocrx_word' id='word_1_37' title='bbox 540 564 614 605; x_wconf 88' lang='lat' dir='ltr'>est,</span> <span class='ocrx_word' id='word_1_38' title='bbox 643 563 684 592; x_wconf 91' lang='lat' dir='ltr'>ut</span> <span class='ocrx_word' id='word_1_39' title='bbox 711 553 831 591; x_wconf 85' lang='lat' dir='ltr'>radios</span> <span class='ocrx_word' id='word_1_40' title='bbox 855 550 939 589; x_wconf 68' lang='lat' dir='ltr'>inde</span> <span class='ocrx_word' id='word_1_41' title='bbox 957 551 1181 602; x_wconf 79' lang='lat' dir='ltr'><strong>fulgurantes</strong></span> 
     </span>
     <span class='ocr_line' id='line_1_7' title="bbox 225 610 1182 666; baseline -0.01 -8"><span class='ocrx_word' id='word_1_42' title='bbox 225 618 449 659; x_wconf 80' lang='lat' dir='ltr'>adversarius</span> <span class='ocrx_word' id='word_1_43' title='bbox 475 616 648 655; x_wconf 89' lang='lat' dir='ltr'>sustinere</span> <span class='ocrx_word' id='word_1_44' title='bbox 668 628 738 652; x_wconf 92' lang='lat' dir='ltr'>non</span> <span class='ocrx_word' id='word_1_45' title='bbox 757 613 891 666; x_wconf 85' lang='lat' dir='ltr'><strong>possit,</strong></span> <span class='ocrx_word' id='word_1_46' title='bbox 913 612 975 651; x_wconf 87' lang='lat' dir='ltr'>sed</span> <span class='ocrx_word' id='word_1_47' title='bbox 996 611 1068 650; x_wconf 88' lang='lat' dir='ltr'>illis</span> <span class='ocrx_word' id='word_1_48' title='bbox 1087 610 1182 649; x_wconf 90' lang='lat' dir='ltr'>oculi</span> 
     </span>
     <span class='ocr_line' id='line_1_8' title="bbox 225 674 1182 732; baseline -0.008 -14"><span class='ocrx_word' id='word_1_49' title='bbox 225 681 302 732; x_wconf 87' lang='lat' dir='ltr'>ejus</span> <span class='ocrx_word' id='word_1_50' title='bbox 318 686 549 717; x_wconf 77' lang='lat' dir='ltr'>excaecentur.</span> <span class='ocrx_word' id='word_1_51' title='bbox 570 676 653 725; x_wconf 91' lang='lat' dir='ltr'>His,</span> <span class='ocrx_word' id='word_1_52' title='bbox 669 689 789 727; x_wconf 78' lang='lat' dir='ltr'>quaeso</span> <span class='ocrx_word' id='word_1_53' title='bbox 803 705 813 724; x_wconf 92' lang='lat'>,</span> <span class='ocrx_word' id='word_1_54' title='bbox 833 674 944 713; x_wconf 88' lang='lat' dir='ltr'>armis</span> <span class='ocrx_word' id='word_1_55' title='bbox 963 687 1101 725; x_wconf 86' lang='lat' dir='ltr'>semper</span> <span class='ocrx_word' id='word_1_56' title='bbox 1119 686 1182 710; x_wconf 92' lang='lat' dir='ltr'>nos</span> 
     </span>
     <span class='ocr_line' id='line_1_9' title="bbox 227 735 1183 790; baseline -0.007 -11"><span class='ocrx_word' id='word_1_57' title='bbox 227 741 455 790; x_wconf 88' lang='lat' dir='ltr'>muniamus,</span> <span class='ocrx_word' id='word_1_58' title='bbox 477 748 512 776; x_wconf 91' lang='lat' dir='ltr'>et</span> <span class='ocrx_word' id='word_1_59' title='bbox 532 739 563 778; x_wconf 91' lang='lat' dir='ltr'>si</span> <span class='ocrx_word' id='word_1_60' title='bbox 581 738 712 777; x_wconf 91' lang='lat' dir='ltr'>muniti</span> <span class='ocrx_word' id='word_1_61' title='bbox 734 737 772 775; x_wconf 89' lang='lat' dir='ltr'>in</span> <span class='ocrx_word' id='word_1_62' title='bbox 802 737 921 774; x_wconf 87' lang='lat' dir='ltr'>forum</span> <span class='ocrx_word' id='word_1_63' title='bbox 939 749 1003 774; x_wconf 91' lang='lat' dir='ltr'>nos</span> <span class='ocrx_word' id='word_1_64' title='bbox 1023 735 1183 773; x_wconf 84' lang='lat' dir='ltr'>confera-</span> 
     </span>
     <span class='ocr_line' id='line_1_10' title="bbox 227 798 1185 852; baseline -0.006 -13"><span class='ocrx_word' id='word_1_65' title='bbox 227 816 329 851; x_wconf 90' lang='lat' dir='ltr'>mus;</span> <span class='ocrx_word' id='word_1_66' title='bbox 348 801 399 839; x_wconf 87' lang='lat' dir='ltr'>sic</span> <span class='ocrx_word' id='word_1_67' title='bbox 427 799 526 852; x_wconf 82' lang='lat' dir='ltr'>apud.</span> <span class='ocrx_word' id='word_1_68' title='bbox 543 800 676 838; x_wconf 88' lang='lat' dir='ltr'>amicos</span> <span class='ocrx_word' id='word_1_69' title='bbox 700 798 832 848; x_wconf 85' lang='lat' dir='ltr'>simus,</span> <span class='ocrx_word' id='word_1_70' title='bbox 854 798 904 836; x_wconf 86' lang='lat' dir='ltr'>sic</span> <span class='ocrx_word' id='word_1_71' title='bbox 923 811 1029 850; x_wconf 84' lang='lat' dir='ltr'>opera</span> <span class='ocrx_word' id='word_1_72' title='bbox 1056 810 1185 848; x_wconf 82' lang='lat' dir='ltr'>aggre—</span> 
     </span>
     <span class='ocr_line' id='line_1_11' title="bbox 227 857 1185 913; baseline -0.008 -11"><span class='ocrx_word' id='word_1_73' title='bbox 227 864 382 902; x_wconf 84' lang='lat' dir='ltr'><strong>diamur.</strong></span> <span class='ocrx_word' id='word_1_74' title='bbox 398 862 446 900; x_wconf 90' lang='lat' dir='ltr'>Et</span> <span class='ocrx_word' id='word_1_75' title='bbox 461 861 549 913; x_wconf 88' lang='lat' dir='ltr'>quid</span> <span class='ocrx_word' id='word_1_76' title='bbox 562 861 642 899; x_wconf 87' lang='lat' dir='ltr'>dico</span> <span class='ocrx_word' id='word_1_77' title='bbox 663 861 698 899; x_wconf 94' lang='lat' dir='ltr'>in</span> <span class='ocrx_word' id='word_1_78' title='bbox 716 860 863 898; x_wconf 74' lang='lat' dir='ltr'>forum?</span> <span class='ocrx_word' id='word_1_79' title='bbox 881 859 1002 897; x_wconf 88' lang='lat' dir='ltr'>Etiam</span> <span class='ocrx_word' id='word_1_80' title='bbox 1021 858 1057 896; x_wconf 93' lang='lat' dir='ltr'>in</span> <span class='ocrx_word' id='word_1_81' title='bbox 1075 857 1185 896; x_wconf 90' lang='lat' dir='ltr'>eccle-</span> 
     </span>
     <span class='ocr_line' id='line_1_12' title="bbox 231 920 1186 976; baseline -0.007 -13"><span class='ocrx_word' id='word_1_82' title='bbox 231 925 323 963; x_wconf 87' lang='lat' dir='ltr'>siam</span> <span class='ocrx_word' id='word_1_83' title='bbox 348 931 531 976; x_wconf 84' lang='lat' dir='ltr'><strong>pergentes</strong></span> <span class='ocrx_word' id='word_1_84' title='bbox 550 922 713 961; x_wconf 84' lang='lat' dir='ltr'>instructi</span> <span class='ocrx_word' id='word_1_85' title='bbox 731 921 803 959; x_wconf 84' lang='lat' dir='ltr'>illis</span> <span class='ocrx_word' id='word_1_86' title='bbox 832 921 961 969; x_wconf 91' lang='lat' dir='ltr'>simus,</span> <span class='ocrx_word' id='word_1_87' title='bbox 981 929 1014 958; x_wconf 90' lang='lat' dir='ltr'>et</span> <span class='ocrx_word' id='word_1_88' title='bbox 1035 920 1186 958; x_wconf 83' lang='lat' dir='ltr'>domum</span> 
     </span>
     <span class='ocr_line' id='line_1_13' title="bbox 229 981 1186 1033; baseline -0.007 -9"><span class='ocrx_word' id='word_1_89' title='bbox 229 985 442 1033; x_wconf 87' lang='lat' dir='ltr'>redeuntes,</span> <span class='ocrx_word' id='word_1_90' title='bbox 470 993 503 1023; x_wconf 89' lang='lat' dir='ltr'>et</span> <span class='ocrx_word' id='word_1_91' title='bbox 523 983 753 1032; x_wconf 83' lang='lat' dir='ltr'>dormientes,</span> <span class='ocrx_word' id='word_1_92' title='bbox 769 992 803 1020; x_wconf 89' lang='lat' dir='ltr'>et</span> <span class='ocrx_word' id='word_1_93' title='bbox 830 981 1057 1033; x_wconf 62' lang='lat' dir='ltr'>evigilantes,</span> <span class='ocrx_word' id='word_1_94' title='bbox 1074 994 1186 1031; x_wconf 86' lang='lat' dir='ltr'>neque</span> 
     </span>
     <span class='ocr_line' id='line_1_14' title="bbox 231 1041 1187 1098; baseline -0.008 -14"><span class='ocrx_word' id='word_1_95' title='bbox 231 1060 403 1097; x_wconf 89' lang='lat' dir='ltr'>umquam</span> <span class='ocrx_word' id='word_1_96' title='bbox 423 1060 486 1098; x_wconf 85' lang='lat' dir='ltr'>per</span> <span class='ocrx_word' id='word_1_97' title='bbox 509 1054 620 1083; x_wconf 89' lang='lat' dir='ltr'>totam</span> <span class='ocrx_word' id='word_1_98' title='bbox 636 1045 751 1083; x_wconf 86' lang='lat' dir='ltr'>vitam</span> <span class='ocrx_word' id='word_1_99' title='bbox 770 1051 928 1080; x_wconf 85' lang='lat' dir='ltr'>nostram</span> <span class='ocrx_word' id='word_1_100' title='bbox 942 1041 1004 1078; x_wconf 82' lang='lat' dir='ltr'>illa</span> <span class='ocrx_word' id='word_1_101' title='bbox 1025 1041 1187 1093; x_wconf 84' lang='lat' dir='ltr'>depona—</span> 
     </span>
     <span class='ocr_line' id='line_1_15' title="bbox 231 1100 1189 1157; baseline -0.007 -13"><span class='ocrx_word' id='word_1_102' title='bbox 231 1121 332 1155; x_wconf 81' lang='lat' dir='ltr'>mus3</span> <span class='ocrx_word' id='word_1_103' title='bbox 359 1106 598 1157; x_wconf 80' lang='lat' dir='ltr'>commigrant</span> <span class='ocrx_word' id='word_1_104' title='bbox 618 1104 713 1142; x_wconf 88' lang='lat' dir='ltr'>enim</span> <span class='ocrx_word' id='word_1_105' title='bbox 737 1102 922 1140; x_wconf 88' lang='lat' dir='ltr'>nobiscum</span> <span class='ocrx_word' id='word_1_106' title='bbox 936 1130 947 1151; x_wconf 95' lang='lat'>,</span> <span class='ocrx_word' id='word_1_107' title='bbox 969 1110 1004 1138; x_wconf 90' lang='lat' dir='ltr'>et</span> <span class='ocrx_word' id='word_1_108' title='bbox 1022 1100 1067 1138; x_wconf 90' lang='lat' dir='ltr'>ad</span> <span class='ocrx_word' id='word_1_109' title='bbox 1089 1100 1189 1138; x_wconf 89' lang='lat' dir='ltr'>illam</span> 
     </span>
     <span class='ocr_line' id='line_1_16' title="bbox 231 1163 1188 1219; baseline -0.008 -12"><span class='ocrx_word' id='word_1_110' title='bbox 231 1168 344 1207; x_wconf 63' lang='lat' dir='ltr'>vitam</span> <span class='ocrx_word' id='word_1_111' title='bbox 357 1181 528 1219; x_wconf 85' lang='lat' dir='ltr'>magnum</span> <span class='ocrx_word' id='word_1_112' title='bbox 542 1165 684 1204; x_wconf 88' lang='lat' dir='ltr'>fiduciae</span> <span class='ocrx_word' id='word_1_113' title='bbox 700 1163 804 1202; x_wconf 87' lang='lat' dir='ltr'>nohis</span> <span class='ocrx_word' id='word_1_114' title='bbox 823 1171 1075 1214; x_wconf 82' lang='lat' dir='ltr'><strong>argumentum</strong></span> <span class='ocrx_word' id='word_1_115' title='bbox 1094 1170 1188 1199; x_wconf 88' lang='lat' dir='ltr'>sunt.</span> 
     </span>
     <span class='ocr_line' id='line_1_17' title="bbox 233 1225 1186 1275; baseline -0.009 -8"><span class='ocrx_word' id='word_1_116' title='bbox 233 1230 313 1266; x_wconf 85' lang='lat' dir='ltr'>Non</span> <span class='ocrx_word' id='word_1_117' title='bbox 333 1228 425 1266; x_wconf 89' lang='lat' dir='ltr'>enim</span> <span class='ocrx_word' id='word_1_118' title='bbox 445 1228 535 1266; x_wconf 89' lang='lat' dir='ltr'>sicut</span> <span class='ocrx_word' id='word_1_119' title='bbox 551 1225 733 1265; x_wconf 81' lang='lat' dir='ltr'>sensibilia</span> <span class='ocrx_word' id='word_1_120' title='bbox 748 1238 847 1262; x_wconf 87' lang='lat' dir='ltr'>arma</span> <span class='ocrx_word' id='word_1_121' title='bbox 862 1237 990 1275; x_wconf 87' lang='lat' dir='ltr'>corpus</span> <span class='ocrx_word' id='word_1_122' title='bbox 1009 1231 1159 1273; x_wconf 83' lang='lat' dir='ltr'>gravant</span> <span class='ocrx_word' id='word_1_123' title='bbox 1179 1237 1186 1258; x_wconf 91' lang='lat'><strong>:</strong></span> 
     </span>
     <span class='ocr_line' id='line_1_18' title="bbox 234 1282 1189 1337; baseline -0.008 -10"><span class='ocrx_word' id='word_1_124' title='bbox 234 1289 297 1327; x_wconf 89' lang='lat' dir='ltr'>sed</span> <span class='ocrx_word' id='word_1_125' title='bbox 318 1288 434 1327; x_wconf 76' lang='lat' dir='ltr'>levius</span> <span class='ocrx_word' id='word_1_126' title='bbox 453 1287 608 1326; x_wconf 85' lang='lat' dir='ltr'>reddunt</span> <span class='ocrx_word' id='word_1_127' title='bbox 623 1295 656 1324; x_wconf 91' lang='lat' dir='ltr'>et</span> <span class='ocrx_word' id='word_1_128' title='bbox 677 1284 894 1337; x_wconf 73' lang='lat' dir='ltr'>expeditius,</span> <span class='ocrx_word' id='word_1_129' title='bbox 916 1297 957 1321; x_wconf 89' lang='lat' dir='ltr'>ac</span> <span class='ocrx_word' id='word_1_130' title='bbox 974 1282 1164 1321; x_wconf 84' lang='lat' dir='ltr'>sublimius</span> <span class='ocrx_word' id='word_1_131' title='bbox 1178 1312 1189 1332; x_wconf 97' lang='lat'>,</span> 
     </span>
     <span class='ocr_line' id='line_1_19' title="bbox 235 1342 1193 1399; baseline -0.007 -13"><span class='ocrx_word' id='word_1_132' title='bbox 235 1349 417 1399; x_wconf 85' lang='lat' dir='ltr'>roburque</span> <span class='ocrx_word' id='word_1_133' title='bbox 432 1356 562 1399; x_wconf 82' lang='lat' dir='ltr'>augent</span> <span class='ocrx_word' id='word_1_134' title='bbox 577 1362 585 1383; x_wconf 73' lang='grc' dir='ltr'>τ</span> <span class='ocrx_word' id='word_1_135' title='bbox 603 1354 742 1383; x_wconf 90' lang='lat' dir='ltr'>tantum</span> <span class='ocrx_word' id='word_1_136' title='bbox 755 1358 847 1382; x_wconf 87' lang='lat' dir='ltr'>curae</span> <span class='ocrx_word' id='word_1_137' title='bbox 864 1343 930 1390; x_wconf 84' lang='lat' dir='ltr'>sit,</span> <span class='ocrx_word' id='word_1_138' title='bbox 955 1351 993 1380; x_wconf 90' lang='lat' dir='ltr'>ut</span> <span class='ocrx_word' id='word_1_139' title='bbox 1007 1342 1083 1395; x_wconf 89' lang='lat' dir='ltr'>ipsa</span> <span class='ocrx_word' id='word_1_140' title='bbox 1102 1357 1193 1393; x_wconf 84' lang='lat' dir='ltr'>quo—</span> 
     </span>
     <span class='ocr_line' id='line_1_20' title="bbox 235 1403 1194 1460; baseline -0.007 -12"><span class='ocrx_word' id='word_1_141' title='bbox 235 1409 324 1447; x_wconf 87' lang='lat' dir='ltr'>tidie</span> <span class='ocrx_word' id='word_1_142' title='bbox 339 1409 602 1460; x_wconf 78' lang='lat' dir='ltr'>abstergamus,</span> <span class='ocrx_word' id='word_1_143' title='bbox 623 1408 673 1445; x_wconf 82' lang='lat' dir='ltr'>ita</span> <span class='ocrx_word' id='word_1_144' title='bbox 693 1415 733 1444; x_wconf 89' lang='lat' dir='ltr'>ut</span> <span class='ocrx_word' id='word_1_145' title='bbox 758 1404 899 1457; x_wconf 85' lang='lat' dir='ltr'>fulgida</span> <span class='ocrx_word' id='word_1_146' title='bbox 919 1404 1007 1453; x_wconf 88' lang='lat' dir='ltr'>sint,</span> <span class='ocrx_word' id='word_1_147' title='bbox 1033 1413 1067 1442; x_wconf 88' lang='lat' dir='ltr'>et</span> <span class='ocrx_word' id='word_1_148' title='bbox 1084 1403 1194 1442; x_wconf 84' lang='lat' dir='ltr'>radiis</span> 
     </span>
     <span class='ocr_line' id='line_1_21' title="bbox 237 1465 1194 1520; baseline -0.007 -10"><span class='ocrx_word' id='word_1_149' title='bbox 237 1480 416 1510; x_wconf 71' lang='lat' dir='ltr'>excaecent</span> <span class='ocrx_word' id='word_1_150' title='bbox 432 1471 555 1508; x_wconf 85' lang='lat' dir='ltr'>oculos</span> <span class='ocrx_word' id='word_1_151' title='bbox 570 1468 720 1520; x_wconf 83' lang='lat' dir='ltr'>maligni</span> <span class='ocrx_word' id='word_1_152' title='bbox 732 1466 921 1515; x_wconf 84' lang='lat' dir='ltr'>daemonis,</span> <span class='ocrx_word' id='word_1_153' title='bbox 937 1465 1055 1504; x_wconf 91' lang='lat' dir='ltr'>omnia</span> <span class='ocrx_word' id='word_1_154' title='bbox 1074 1475 1194 1504; x_wconf 88' lang='lat' dir='ltr'>contra</span> 
     </span>
     <span class='ocr_line' id='line_1_22' title="bbox 236 1527 1194 1579; baseline -0.005 -10"><span class='ocrx_word' id='word_1_155' title='bbox 236 1532 388 1570; x_wconf 87' lang='lat' dir='ltr'>salutem</span> <span class='ocrx_word' id='word_1_156' title='bbox 419 1540 581 1569; x_wconf 90' lang='lat' dir='ltr'>nostram</span> <span class='ocrx_word' id='word_1_157' title='bbox 610 1527 859 1568; x_wconf 86' lang='lat' dir='ltr'>machinantis.</span> <span class='ocrx_word' id='word_1_158' title='bbox 894 1528 968 1579; x_wconf 79' lang='lat' dir='ltr'>Age</span> <span class='ocrx_word' id='word_1_159' title='bbox 979 1556 990 1576; x_wconf 90' lang='grc'>,</span> <span class='ocrx_word' id='word_1_160' title='bbox 1026 1527 1194 1578; x_wconf 89' lang='lat' dir='ltr'>quoniam</span> 
     </span>
     <span class='ocr_line' id='line_1_23' title="bbox 237 1590 1195 1638; baseline -0.006 -6"><span class='ocrx_word' id='word_1_161' title='bbox 237 1593 323 1632; x_wconf 88' lang='lat' dir='ltr'>satis</span> <span class='ocrx_word' id='word_1_162' title='bbox 349 1607 413 1632; x_wconf 86' lang='lat' dir='ltr'>vos</span> <span class='ocrx_word' id='word_1_163' title='bbox 436 1592 548 1630; x_wconf 89' lang='lat' dir='ltr'>armis</span> <span class='ocrx_word' id='word_1_164' title='bbox 579 1590 838 1638; x_wconf 81' lang='lat' dir='ltr'>instruximus,</span> <span class='ocrx_word' id='word_1_165' title='bbox 865 1597 1068 1626; x_wconf 87' lang='lat' dir='ltr'>consuetam</span> <span class='ocrx_word' id='word_1_166' title='bbox 1101 1602 1195 1626; x_wconf 90' lang='lat' dir='ltr'>nune</span> 
     </span>
     <span class='ocr_line' id='line_1_24' title="bbox 237 1649 1195 1706; baseline -0.006 -13"><span class='ocrx_word' id='word_1_167' title='bbox 237 1654 340 1693; x_wconf 88' lang='lat' dir='ltr'>vobis</span> <span class='ocrx_word' id='word_1_168' title='bbox 355 1668 514 1692; x_wconf 89' lang='lat' dir='ltr'>mensam</span> <span class='ocrx_word' id='word_1_169' title='bbox 531 1665 774 1706; x_wconf 79' lang='lat' dir='ltr'>apponamus,</span> <span class='ocrx_word' id='word_1_170' title='bbox 792 1659 826 1688; x_wconf 90' lang='lat' dir='ltr'>et</span> <span class='ocrx_word' id='word_1_171' title='bbox 839 1663 879 1687; x_wconf 88' lang='lat' dir='ltr'>ea</span> <span class='ocrx_word' id='word_1_172' title='bbox 899 1663 976 1700; x_wconf 84' lang='lat' dir='ltr'>quae</span> <span class='ocrx_word' id='word_1_173' title='bbox 993 1649 1195 1688; x_wconf 81' lang='lat' dir='ltr'>hesternam</span> 
     </span>
     <span class='ocr_line' id='line_1_25' title="bbox 237 1710 1195 1766; baseline -0.006 -13"><span class='ocrx_word' id='word_1_174' title='bbox 237 1715 426 1753; x_wconf 88' lang='lat' dir='ltr'>lectionem</span> <span class='ocrx_word' id='word_1_175' title='bbox 453 1723 649 1766; x_wconf 85' lang='lat' dir='ltr'>sequuntur</span> <span class='ocrx_word' id='word_1_176' title='bbox 666 1742 678 1763; x_wconf 94' lang='lat'>,</span> <span class='ocrx_word' id='word_1_177' title='bbox 708 1711 874 1763; x_wconf 86' lang='lat' dir='ltr'>deinceps</span> <span class='ocrx_word' id='word_1_178' title='bbox 901 1710 1039 1748; x_wconf 85' lang='lat' dir='ltr'>caritati</span> <span class='ocrx_word' id='word_1_179' title='bbox 1071 1719 1195 1749; x_wconf 67' lang='lat' dir='ltr'>vestrae</span> 
     </span>
     <span class='ocr_line' id='line_1_26' title="bbox 238 1771 1196 1828; baseline -0.005 -14"><span class='ocrx_word' id='word_1_180' title='bbox 238 1789 500 1828; x_wconf 86' lang='lat' dir='ltr'>proponamus,</span> <span class='ocrx_word' id='word_1_181' title='bbox 522 1788 666 1812; x_wconf 88' lang='lat' dir='ltr'>rursum</span> <span class='ocrx_word' id='word_1_182' title='bbox 684 1771 933 1811; x_wconf 86' lang='lat' dir='ltr'>admirabilem</span> <span class='ocrx_word' id='word_1_183' title='bbox 952 1771 1056 1808; x_wconf 87' lang='lat' dir='ltr'>illum</span> <span class='ocrx_word' id='word_1_184' title='bbox 1076 1772 1196 1809; x_wconf 68' lang='lat' dir='ltr'>convi-</span> 
     </span>
     <span class='ocr_line' id='line_1_27' title="bbox 238 1835 1195 1885; baseline -0.005 -10"><span class='ocrx_word' id='word_1_185' title='bbox 238 1836 292 1876; x_wconf 86' lang='lat' dir='ltr'>vii</span> <span class='ocrx_word' id='word_1_186' title='bbox 310 1836 550 1874; x_wconf 75' lang='lat' dir='ltr'>exhibitorem</span> <span class='ocrx_word' id='word_1_187' title='bbox 568 1835 715 1873; x_wconf 87' lang='lat' dir='ltr'>beatum</span> <span class='ocrx_word' id='word_1_188' title='bbox 732 1835 869 1871; x_wconf 86' lang='lat' dir='ltr'>Mosem</span> <span class='ocrx_word' id='word_1_189' title='bbox 885 1862 896 1882; x_wconf 97' lang='lat'>,</span> <span class='ocrx_word' id='word_1_190' title='bbox 919 1845 1089 1884; x_wconf 85' lang='lat' dir='ltr'>magnum</span> <span class='ocrx_word' id='word_1_191' title='bbox 1107 1847 1195 1885; x_wconf 89' lang='lat' dir='ltr'>pro—</span> 
     </span>
     <span class='ocr_line' id='line_1_28' title="bbox 239 1892 1192 1950; baseline -0.006 -15"><span class='ocrx_word' id='word_1_192' title='bbox 239 1897 384 1950; x_wconf 86' lang='lat' dir='ltr'>phetam</span> <span class='ocrx_word' id='word_1_193' title='bbox 396 1926 407 1947; x_wconf 89' lang='lat'><em>‚</em></span> <span class='ocrx_word' id='word_1_194' title='bbox 427 1897 530 1934; x_wconf 87' lang='lat' dir='ltr'>bonae</span> <span class='ocrx_word' id='word_1_195' title='bbox 548 1896 658 1948; x_wconf 86' lang='lat' dir='ltr'>hujus</span> <span class='ocrx_word' id='word_1_196' title='bbox 677 1893 847 1932; x_wconf 85' lang='lat' dir='ltr'>doctrinae</span> <span class='ocrx_word' id='word_1_197' title='bbox 867 1892 995 1930; x_wconf 86' lang='lat' dir='ltr'>ducem</span> <span class='ocrx_word' id='word_1_198' title='bbox 1012 1893 1192 1930; x_wconf 86' lang='lat' dir='ltr'>facientes.</span> 
     </span>
     <span class='ocr_line' id='line_1_29' title="bbox 240 1952 1199 2009; baseline -0.006 -13"><span class='ocrx_word' id='word_1_199' title='bbox 240 1957 440 1996; x_wconf 88' lang='lat' dir='ltr'>Videamus</span> <span class='ocrx_word' id='word_1_200' title='bbox 463 1957 576 2009; x_wconf 85' lang='lat' dir='ltr'>igitur</span> <span class='ocrx_word' id='word_1_201' title='bbox 594 1968 756 2007; x_wconf 83' lang='lat' dir='ltr'>quaenam</span> <span class='ocrx_word' id='word_1_202' title='bbox 772 1953 843 1992; x_wconf 88' lang='lat' dir='ltr'>sint</span> <span class='ocrx_word' id='word_1_203' title='bbox 861 1968 902 1992; x_wconf 86' lang='lat' dir='ltr'>ea</span> <span class='ocrx_word' id='word_1_204' title='bbox 919 1967 995 2005; x_wconf 84' lang='lat' dir='ltr'>quae</span> <span class='ocrx_word' id='word_1_205' title='bbox 1014 1952 1121 1991; x_wconf 90' lang='lat' dir='ltr'>hodie</span> <span class='ocrx_word' id='word_1_206' title='bbox 1136 1967 1199 1991; x_wconf 89' lang='lat' dir='ltr'>nos</span> 
     </span>
     <span class='ocr_line' id='line_1_30' title="bbox 240 2015 1196 2070; baseline -0.007 -11"><span class='ocrx_word' id='word_1_207' title='bbox 240 2019 367 2058; x_wconf 82' lang='lat' dir='ltr'>docere</span> <span class='ocrx_word' id='word_1_208' title='bbox 383 2019 476 2070; x_wconf 88' lang='lat' dir='ltr'>vult,</span> <span class='ocrx_word' id='word_1_209' title='bbox 491 2028 524 2057; x_wconf 91' lang='lat' dir='ltr'>et</span> <span class='ocrx_word' id='word_1_210' title='bbox 537 2018 730 2069; x_wconf 82' lang='lat' dir='ltr'>diligenter</span> <span class='ocrx_word' id='word_1_211' title='bbox 742 2015 848 2054; x_wconf 89' lang='lat' dir='ltr'>dictis</span> <span class='ocrx_word' id='word_1_212' title='bbox 864 2016 940 2068; x_wconf 88' lang='lat' dir='ltr'>ejus</span> <span class='ocrx_word' id='word_1_213' title='bbox 958 2015 1196 2053; x_wconf 84' lang='lat' dir='ltr'>attendamus.</span> 
     </span>
     <span class='ocr_line' id='line_1_31' title="bbox 242 2076 1201 2129; baseline -0.007 -9"><span class='ocrx_word' id='word_1_214' title='bbox 242 2084 322 2121; x_wconf 86' lang='lat' dir='ltr'>Non</span> <span class='ocrx_word' id='word_1_215' title='bbox 343 2081 438 2120; x_wconf 90' lang='lat' dir='ltr'>enim</span> <span class='ocrx_word' id='word_1_216' title='bbox 457 2095 521 2118; x_wconf 91' lang='lat' dir='ltr'>sua</span> <span class='ocrx_word' id='word_1_217' title='bbox 540 2079 675 2119; x_wconf 70' lang='lat' dir='ltr'>virtute</span> <span class='ocrx_word' id='word_1_218' title='bbox 691 2078 869 2129; x_wconf 88' lang='lat' dir='ltr'>loquitur,</span> <span class='ocrx_word' id='word_1_219' title='bbox 888 2076 946 2115; x_wconf 84' lang='lat' dir='ltr'>sed</span> <span class='ocrx_word' id='word_1_220' title='bbox 967 2089 1201 2127; x_wconf 81' lang='lat' dir='ltr'>quaecumque</span> 
     </span>
     <span class='ocr_line' id='line_1_32' title="bbox 244 2139 1203 2195; baseline -0.006 -14"><span class='ocrx_word' id='word_1_221' title='bbox 244 2143 301 2181; x_wconf 92' lang='lat' dir='ltr'>illi</span> <span class='ocrx_word' id='word_1_222' title='bbox 325 2142 483 2195; x_wconf 87' lang='lat' dir='ltr'>Spiritus</span> <span class='ocrx_word' id='word_1_223' title='bbox 506 2141 617 2180; x_wconf 87' lang='lat' dir='ltr'>sancti</span> <span class='ocrx_word' id='word_1_224' title='bbox 641 2139 753 2192; x_wconf 80' lang='lat' dir='ltr'>gratia</span> <span class='ocrx_word' id='word_1_225' title='bbox 777 2139 933 2187; x_wconf 86' lang='lat' dir='ltr'>insonat,</span> <span class='ocrx_word' id='word_1_226' title='bbox 961 2152 998 2176; x_wconf 87' lang='lat' dir='ltr'>ca</span> <span class='ocrx_word' id='word_1_227' title='bbox 1020 2153 1082 2190; x_wconf 83' lang='lat' dir='ltr'>per</span> <span class='ocrx_word' id='word_1_228' title='bbox 1101 2152 1203 2176; x_wconf 88' lang='lat' dir='ltr'>suam</span> 
     </span>
     <span class='ocr_line' id='line_1_33' title="bbox 242 2199 1199 2257; baseline -0.007 -14"><span class='ocrx_word' id='word_1_229' title='bbox 242 2205 421 2257; x_wconf 81' lang='lat' dir='ltr'>linguam,</span> <span class='ocrx_word' id='word_1_230' title='bbox 455 2201 614 2241; x_wconf 85' lang='lat' dir='ltr'>docendo</span> <span class='ocrx_word' id='word_1_231' title='bbox 651 2201 849 2239; x_wconf 88' lang='lat' dir='ltr'>humanum</span> <span class='ocrx_word' id='word_1_232' title='bbox 891 2213 1000 2252; x_wconf 84' lang='lat' dir='ltr'>genus</span> <span class='ocrx_word' id='word_1_233' title='bbox 1014 2229 1024 2248; x_wconf 88' lang='lat'>,</span> <span class='ocrx_word' id='word_1_234' title='bbox 1054 2199 1199 2251; x_wconf 87' lang='lat' dir='ltr'>profert.</span> 
     </span>
     <span class='ocr_line' id='line_1_34' title="bbox 245 2261 1203 2315; baseline -0.008 -10"><span class='ocrx_word' id='word_1_235' title='bbox 245 2267 499 2305; x_wconf 84' lang='lat' dir='ltr'>consummato</span> <span class='ocrx_word' id='word_1_236' title='bbox 519 2264 630 2315; x_wconf 86' lang='lat' dir='ltr'>igitur</span> <span class='ocrx_word' id='word_1_237' title='bbox 651 2262 694 2300; x_wconf 90' lang='lat' dir='ltr'>de</span> <span class='ocrx_word' id='word_1_238' title='bbox 709 2261 768 2300; x_wconf 89' lang='lat' dir='ltr'>die</span> <span class='ocrx_word' id='word_1_239' title='bbox 781 2261 897 2314; x_wconf 88' lang='lat' dir='ltr'>primo</span> <span class='ocrx_word' id='word_1_240' title='bbox 914 2274 1086 2311; x_wconf 87' lang='lat' dir='ltr'>sermone,</span> <span class='ocrx_word' id='word_1_241' title='bbox 1108 2269 1203 2312; x_wconf 90' lang='lat' dir='ltr'>post-</span> 
     </span>
     <span class='ocr_line' id='line_1_35' title="bbox 245 2322 1203 2378; baseline -0.006 -14"><span class='ocrx_word' id='word_1_242' title='bbox 245 2341 353 2378; x_wconf 91' lang='lat' dir='ltr'>quam</span> <span class='ocrx_word' id='word_1_243' title='bbox 373 2327 523 2363; x_wconf 86' lang='lat' dir='ltr'>formata</span> <span class='ocrx_word' id='word_1_244' title='bbox 543 2325 622 2362; x_wconf 88' lang='lat' dir='ltr'>luce</span> <span class='ocrx_word' id='word_1_245' title='bbox 646 2322 753 2371; x_wconf 72' lang='lat' dir='ltr'>dixit,</span> <span class='ocrx_word' id='word_1_246' title='bbox 778 2324 946 2360; x_wconf 80' lang='lat' dir='ltr'>Factum</span> <span class='ocrx_word' id='word_1_247' title='bbox 966 2329 1021 2359; x_wconf 83' lang='lat' dir='ltr'>est</span> <span class='ocrx_word' id='word_1_248' title='bbox 1047 2334 1203 2372; x_wconf 77' lang='lat' dir='ltr'>vespere</span> 
     </span>
     <span class='ocr_line' id='line_1_36' title="bbox 245 2381 1198 2440; baseline -0.008 -14"><span class='ocrx_word' id='word_1_249' title='bbox 245 2396 282 2426; x_wconf 86' lang='lat' dir='ltr'>et</span> <span class='ocrx_word' id='word_1_250' title='bbox 298 2389 452 2440; x_wconf 84' lang='lat' dir='ltr'>factum</span> <span class='ocrx_word' id='word_1_251' title='bbox 467 2394 523 2423; x_wconf 84' lang='lat' dir='ltr'>est</span> <span class='ocrx_word' id='word_1_252' title='bbox 545 2398 677 2430; x_wconf 82' lang='lat' dir='ltr'>mane,</span> <span class='ocrx_word' id='word_1_253' title='bbox 697 2385 778 2421; x_wconf 82' lang='lat' dir='ltr'>dies</span> <span class='ocrx_word' id='word_1_254' title='bbox 793 2396 916 2428; x_wconf 79' lang='lat' dir='ltr'>unus,</span> <span class='ocrx_word' id='word_1_255' title='bbox 939 2382 1067 2419; x_wconf 82' lang='lat' dir='ltr'>iterum</span> <span class='ocrx_word' id='word_1_256' title='bbox 1085 2381 1174 2419; x_wconf 85' lang='lat' dir='ltr'>dicit</span> <span class='ocrx_word' id='word_1_257' title='bbox 1191 2397 1198 2417; x_wconf 90' lang='lat'>:</span> 
     </span>
     <span class='ocr_line' id='line_1_37' title="bbox 246 2443 1203 2499; baseline -0.008 -11"><span class='ocrx_word' id='word_1_258' title='bbox 246 2450 284 2488; x_wconf 91' lang='grc'>6.</span> <span class='ocrx_word' id='word_1_259' title='bbox 306 2450 497 2499; x_wconf 79' lang='lat' dir='ltr'>Dixitque</span> <span class='ocrx_word' id='word_1_260' title='bbox 510 2447 616 2484; x_wconf 84' lang='lat' dir='ltr'>Deus</span> <span class='ocrx_word' id='word_1_261' title='bbox 630 2461 640 2481; x_wconf 88' lang='lat'><em>:</em></span> <span class='ocrx_word' id='word_1_262' title='bbox 657 2443 1053 2496; x_wconf 80' lang='lat' dir='ltr'>Fiatfirnzamentmn</span> <span class='ocrx_word' id='word_1_263' title='bbox 1069 2444 1111 2479; x_wconf 84' lang='lat' dir='ltr'>in</span> <span class='ocrx_word' id='word_1_264' title='bbox 1128 2456 1203 2480; x_wconf 81' lang='lat' dir='ltr'>me-</span> 
     </span>
     <span class='ocr_line' id='line_1_38' title="bbox 248 2505 1205 2561; baseline -0.009 -13"><span class='ocrx_word' id='word_1_265' title='bbox 248 2511 314 2548; x_wconf 89' lang='lat' dir='ltr'>dio</span> <span class='ocrx_word' id='word_1_266' title='bbox 336 2522 465 2561; x_wconf 83' lang='lat' dir='ltr'>aquae,</span> <span class='ocrx_word' id='word_1_267' title='bbox 489 2515 527 2545; x_wconf 83' lang='lat' dir='ltr'>et</span> <span class='ocrx_word' id='word_1_268' title='bbox 551 2510 601 2545; x_wconf 83' lang='lat' dir='ltr'>sit</span> <span class='ocrx_word' id='word_1_269' title='bbox 626 2506 867 2556; x_wconf 81' lang='lat' dir='ltr'>distinguens</span> <span class='ocrx_word' id='word_1_270' title='bbox 887 2505 988 2541; x_wconf 79' lang='lat' dir='ltr'>inter</span> <span class='ocrx_word' id='word_1_271' title='bbox 1006 2516 1150 2555; x_wconf 82' lang='lat' dir='ltr'>aquam</span> <span class='ocrx_word' id='word_1_272' title='bbox 1170 2511 1205 2540; x_wconf 76' lang='lat' dir='ltr'>et</span> 
     </span>
     <span class='ocr_line' id='line_1_39' title="bbox 249 2562 1203 2623; baseline -0.01 -14"><span class='ocrx_word' id='word_1_273' title='bbox 249 2583 410 2623; x_wconf 82' lang='lat' dir='ltr'>aquam.</span> <span class='ocrx_word' id='word_1_274' title='bbox 434 2567 583 2606; x_wconf 87' lang='lat' dir='ltr'>Attende</span> <span class='ocrx_word' id='word_1_275' title='bbox 609 2566 689 2614; x_wconf 86' lang='lat' dir='ltr'>hic,</span> <span class='ocrx_word' id='word_1_276' title='bbox 707 2563 905 2613; x_wconf 89' lang='lat' dir='ltr'>carissime,</span> <span class='ocrx_word' id='word_1_277' title='bbox 924 2562 1095 2601; x_wconf 79' lang='lat' dir='ltr'>doctrinae</span> <span class='ocrx_word' id='word_1_278' title='bbox 1116 2576 1203 2600; x_wconf 90' lang='lat' dir='ltr'>con-</span> 
     </span>
     <span class='ocr_line' id='line_1_40' title="bbox 249 2623 1204 2683; baseline -0.009 -13"><span class='ocrx_word' id='word_1_279' title='bbox 249 2630 483 2683; x_wconf 87' lang='lat' dir='ltr'>sequentiam.</span> <span class='ocrx_word' id='word_1_280' title='bbox 513 2628 694 2676; x_wconf 86' lang='lat' dir='ltr'>Quoniam</span> <span class='ocrx_word' id='word_1_281' title='bbox 718 2625 813 2664; x_wconf 91' lang='lat' dir='ltr'>enim</span> <span class='ocrx_word' id='word_1_282' title='bbox 838 2633 938 2663; x_wconf 88' lang='lat' dir='ltr'>antea</span> <span class='ocrx_word' id='word_1_283' title='bbox 969 2624 1071 2662; x_wconf 85' lang='lat' dir='ltr'>nobis</span> <span class='ocrx_word' id='word_1_284' title='bbox 1098 2623 1204 2674; x_wconf 80' lang='lat' dir='ltr'>dixit,</span> 
     </span>
     <span class='ocr_line' id='line_1_41' title="bbox 250 2686 1205 2746; baseline -0.012 -14"><span class='ocrx_word' id='word_1_285' title='bbox 250 2702 330 2746; x_wconf 88' lang='lat' dir='ltr'>post</span> <span class='ocrx_word' id='word_1_286' title='bbox 353 2691 429 2730; x_wconf 67' lang='lat' dir='ltr'>eceli</span> <span class='ocrx_word' id='word_1_287' title='bbox 462 2699 496 2729; x_wconf 90' lang='lat' dir='ltr'>et</span> <span class='ocrx_word' id='word_1_288' title='bbox 520 2699 622 2728; x_wconf 84' lang='lat' dir='ltr'>terrae</span> <span class='ocrx_word' id='word_1_289' title='bbox 657 2686 870 2726; x_wconf 87' lang='lat' dir='ltr'>creationem</span> <span class='ocrx_word' id='word_1_290' title='bbox 893 2700 900 2722; x_wconf 92' lang='lat'>:</span> <span class='ocrx_word' id='word_1_291' title='bbox 927 2686 1046 2723; x_wconf 81' lang='lat' dir='ltr'>Terra</span> <span class='ocrx_word' id='word_1_292' title='bbox 1076 2694 1205 2722; x_wconf 83' lang='lat' dir='ltr'>autem</span> 
     </span>
     <span class='ocr_line' id='line_1_42' title="bbox 251 2750 1207 2801; baseline -0.012 -8"><span class='ocrx_word' id='word_1_293' title='bbox 251 2763 334 2793; x_wconf 84' lang='lat' dir='ltr'>erat</span> <span class='ocrx_word' id='word_1_294' title='bbox 347 2752 556 2792; x_wconf 76' lang='lat' dir='ltr'>invisibilis</span> <span class='ocrx_word' id='word_1_295' title='bbox 569 2759 606 2789; x_wconf 83' lang='lat' dir='ltr'>et</span> <span class='ocrx_word' id='word_1_296' title='bbox 620 2752 632 2788; x_wconf 90' lang='lat' dir='ltr'>i</span> <span class='ocrx_word' id='word_1_297' title='bbox 636 2750 890 2801; x_wconf 78' lang='lat' dir='ltr'>ncornposita;</span> <span class='ocrx_word' id='word_1_298' title='bbox 901 2755 934 2785; x_wconf 87' lang='lat' dir='ltr'>et</span> <span class='ocrx_word' id='word_1_299' title='bbox 945 2760 1085 2784; x_wconf 83' lang='lat' dir='ltr'>causam</span> <span class='ocrx_word' id='word_1_300' title='bbox 1097 2759 1207 2797; x_wconf 90' lang='lat' dir='ltr'>appo-</span> 
     </span>
     <span class='ocr_line' id='line_1_43' title="bbox 251 2807 1207 2866; baseline -0.009 -13"><span class='ocrx_word' id='word_1_301' title='bbox 251 2815 348 2865; x_wconf 89' lang='lat' dir='ltr'>suit,</span> <span class='ocrx_word' id='word_1_302' title='bbox 374 2821 516 2866; x_wconf 87' lang='lat' dir='ltr'>propter</span> <span class='ocrx_word' id='word_1_303' title='bbox 533 2812 600 2850; x_wconf 90' lang='lat' dir='ltr'>hoc</span> <span class='ocrx_word' id='word_1_304' title='bbox 620 2811 730 2849; x_wconf 87' lang='lat' dir='ltr'>fuisse</span> <span class='ocrx_word' id='word_1_305' title='bbox 747 2808 987 2859; x_wconf 82' lang='lat' dir='ltr'>invisibilem,</span> <span class='ocrx_word' id='word_1_306' title='bbox 1009 2807 1091 2859; x_wconf 85' lang='lat' dir='ltr'>quia</span> <span class='ocrx_word' id='word_1_307' title='bbox 1113 2817 1207 2845; x_wconf 89' lang='lat' dir='ltr'>tene-</span> 
     </span>
     <span class='ocr_line' id='line_1_44' title="bbox 252 2869 1209 2924; baseline -0.007 -11"><span class='ocrx_word' id='word_1_308' title='bbox 252 2875 329 2914; x_wconf 84' lang='lat' dir='ltr'>bris</span> <span class='ocrx_word' id='word_1_309' title='bbox 358 2883 391 2912; x_wconf 86' lang='lat' dir='ltr'>et</span> <span class='ocrx_word' id='word_1_310' title='bbox 422 2873 522 2924; x_wconf 87' lang='lat' dir='ltr'>aquis</span> <span class='ocrx_word' id='word_1_311' title='bbox 550 2872 782 2924; x_wconf 85' lang='lat' dir='ltr'>obtegebatur</span> <span class='ocrx_word' id='word_1_312' title='bbox 810 2886 818 2907; x_wconf 90' lang='lat'><strong>:</strong></span> <span class='ocrx_word' id='word_1_313' title='bbox 843 2869 962 2908; x_wconf 90' lang='lat' dir='ltr'>omnia</span> <span class='ocrx_word' id='word_1_314' title='bbox 986 2869 1082 2908; x_wconf 91' lang='lat' dir='ltr'>enim</span> <span class='ocrx_word' id='word_1_315' title='bbox 1110 2878 1209 2907; x_wconf 86' lang='lat' dir='ltr'>erant</span> 
     </span>
     <span class='ocr_line' id='line_1_45' title="bbox 255 2932 1209 2988; baseline -0.006 -14"><span class='ocrx_word' id='word_1_316' title='bbox 255 2951 346 2988; x_wconf 84' lang='lat' dir='ltr'>aqua</span> <span class='ocrx_word' id='word_1_317' title='bbox 376 2944 409 2973; x_wconf 89' lang='lat' dir='ltr'>et</span> <span class='ocrx_word' id='word_1_318' title='bbox 436 2935 606 2984; x_wconf 64' lang='lat' dir='ltr'>tenebrae,</span> <span class='ocrx_word' id='word_1_319' title='bbox 637 2943 670 2972; x_wconf 88' lang='lat' dir='ltr'>et</span> <span class='ocrx_word' id='word_1_320' title='bbox 697 2932 788 2971; x_wconf 87' lang='lat' dir='ltr'>nihil</span> <span class='ocrx_word' id='word_1_321' title='bbox 809 2941 1000 2985; x_wconf 84' lang='lat' dir='ltr'>praeterea;</span> <span class='ocrx_word' id='word_1_322' title='bbox 1031 2939 1066 2969; x_wconf 89' lang='lat' dir='ltr'>et</span> <span class='ocrx_word' id='word_1_323' title='bbox 1089 2939 1209 2983; x_wconf 87' lang='lat' dir='ltr'>postca</span> 
     </span>
     <span class='ocr_line' id='line_1_46' title="bbox 251 2992 1209 3050; baseline -0.004 -17"><span class='ocrx_word' id='word_1_324' title='bbox 251 3005 427 3050; x_wconf 82' lang='lat' dir='ltr'>praecepto</span> <span class='ocrx_word' id='word_1_325' title='bbox 444 2995 590 3033; x_wconf 91' lang='lat' dir='ltr'>Domini</span> <span class='ocrx_word' id='word_1_326' title='bbox 611 2994 821 3047; x_wconf 88' lang='lat' dir='ltr'>productam</span> <span class='ocrx_word' id='word_1_327' title='bbox 841 3006 914 3032; x_wconf 89' lang='lat' dir='ltr'>csse</span> <span class='ocrx_word' id='word_1_328' title='bbox 933 2993 1048 3030; x_wconf 90' lang='lat' dir='ltr'>lucem</span> <span class='ocrx_word' id='word_1_329' title='bbox 1064 2992 1209 3030; x_wconf 82' lang='lat' dir='ltr'>factam-</span> 
     </span>
     <span class='ocr_line' id='line_1_47' title="bbox 255 3053 1210 3110; baseline -0.007 -14"><span class='ocrx_word' id='word_1_330' title='bbox 255 3073 324 3110; x_wconf 88' lang='lat' dir='ltr'>que</span> <span class='ocrx_word' id='word_1_331' title='bbox 342 3056 607 3096; x_wconf 81' lang='lat' dir='ltr'>distinctionem</span> <span class='ocrx_word' id='word_1_332' title='bbox 638 3056 728 3094; x_wconf 90' lang='lat' dir='ltr'>lucis</span> <span class='ocrx_word' id='word_1_333' title='bbox 758 3064 792 3093; x_wconf 90' lang='lat' dir='ltr'>et</span> <span class='ocrx_word' id='word_1_334' title='bbox 819 3054 1069 3104; x_wconf 68' lang='lat' dir='ltr'>tenebrarum,</span> <span class='ocrx_word' id='word_1_335' title='bbox 1101 3053 1150 3090; x_wconf 87' lang='lat' dir='ltr'>ita</span> <span class='ocrx_word' id='word_1_336' title='bbox 1170 3062 1210 3090; x_wconf 90' lang='lat' dir='ltr'>ut</span> 
     </span>
     <span class='ocr_line' id='line_1_48' title="bbox 255 3114 1211 3171; baseline -0.006 -13"><span class='ocrx_word' id='word_1_337' title='bbox 255 3120 318 3158; x_wconf 88' lang='lat' dir='ltr'>illa</span> <span class='ocrx_word' id='word_1_338' title='bbox 336 3119 405 3158; x_wconf 92' lang='lat' dir='ltr'>diei</span> <span class='ocrx_word' id='word_1_339' title='bbox 426 3117 697 3171; x_wconf 83' lang='lat' dir='ltr'>appellationem</span> <span class='ocrx_word' id='word_1_340' title='bbox 716 3115 916 3169; x_wconf 85' lang='lat' dir='ltr'>acceperit,</span> <span class='ocrx_word' id='word_1_341' title='bbox 941 3114 1016 3153; x_wconf 85' lang='lat' dir='ltr'>haec</span> <span class='ocrx_word' id='word_1_342' title='bbox 1040 3128 1125 3153; x_wconf 84' lang='lat' dir='ltr'>vero</span> <span class='ocrx_word' id='word_1_343' title='bbox 1147 3127 1211 3152; x_wconf 93' lang='lat' dir='ltr'>no-</span> 
     </span>
    </p>
   </div>
   <div class='ocr_carea' id='block_1_3' title="bbox 1234 225 1842 257">
    <p class='ocr_par' dir='ltr' id='par_1_3' title="bbox 1234 225 1842 257">
     <span class='ocr_line' id='line_1_49' title="bbox 1234 225 1842 257; baseline 0.002 -3"><span class='ocrx_word' id='word_1_344' title='bbox 1234 225 1440 255; x_wconf 73' lang='lat' dir='ltr'>ARCHIEP.</span> <span class='ocrx_word' id='word_1_345' title='bbox 1480 225 1842 257; x_wconf 69' lang='lat' dir='ltr'><strong>CONSTANTINOP.</strong></span> 
     </span>
    </p>
   </div>
   <div class='ocr_carea' id='block_1_4' title="bbox 1251 306 2308 3163">
    <p class='ocr_par' dir='ltr' id='par_1_4' title="bbox 1251 306 2308 3163">
     <span class='ocr_line' id='line_1_50' title="bbox 1252 306 2272 358; baseline 0.002 -15"><span class='ocrx_word' id='word_1_346' title='bbox 1252 306 1377 358; x_wconf 83' lang='grc' dir='ltr'>κέντρα</span> <span class='ocrx_word' id='word_1_347' title='bbox 1392 306 1576 356; x_wconf 80' lang='grc' dir='ltr'>λακτίζων,</span> <span class='ocrx_word' id='word_1_348' title='bbox 1593 307 1672 351; x_wconf 77' lang='grc' dir='ltr'>τοὺς</span> <span class='ocrx_word' id='word_1_349' title='bbox 1689 308 1834 351; x_wconf 81' lang='grc' dir='ltr'>οἰκείους</span> <span class='ocrx_word' id='word_1_350' title='bbox 1854 307 2019 357; x_wconf 79' lang='grc' dir='ltr'>αἱμάσσει</span> <span class='ocrx_word' id='word_1_351' title='bbox 2035 308 2161 352; x_wconf 84' lang='grc' dir='ltr'>πόδας·</span> <span class='ocrx_word' id='word_1_352' title='bbox 2183 308 2272 347; x_wconf 74' lang='grc' dir='ltr'>οὕτω</span> 
     </span>
     <span class='ocr_line' id='line_1_51' title="bbox 1251 366 2275 420; baseline 0.002 -17"><span class='ocrx_word' id='word_1_353' title='bbox 1251 366 1293 412; x_wconf 84' lang='grc' dir='ltr'>δὴ</span> <span class='ocrx_word' id='word_1_354' title='bbox 1314 366 1374 404; x_wconf 85' lang='grc' dir='ltr'>καὶ</span> <span class='ocrx_word' id='word_1_355' title='bbox 1393 368 1444 418; x_wconf 76' lang='grc' dir='ltr'>ἐφ’</span> <span class='ocrx_word' id='word_1_356' title='bbox 1462 370 1562 418; x_wconf 82' lang='grc' dir='ltr'>ἡμῶν</span> <span class='ocrx_word' id='word_1_357' title='bbox 1578 368 1676 407; x_wconf 81' lang='grc' dir='ltr'>ἔσται</span> <span class='ocrx_word' id='word_1_358' title='bbox 1694 369 1754 407; x_wconf 84' lang='grc' dir='ltr'>καὶ</span> <span class='ocrx_word' id='word_1_359' title='bbox 1766 374 1826 408; x_wconf 80' lang='grc' dir='ltr'>τοῦ</span> <span class='ocrx_word' id='word_1_360' title='bbox 1840 368 2009 419; x_wconf 84' lang='grc' dir='ltr'>πολεμίου</span> <span class='ocrx_word' id='word_1_361' title='bbox 2019 371 2086 415; x_wconf 67' lang='grc' dir='ltr'>’τῆς</span> <span class='ocrx_word' id='word_1_362' title='bbox 2101 368 2275 420; x_wconf 85' lang='grc' dir='ltr'>σωτηρίας</span> 
     </span>
     <span class='ocr_line' id='line_1_52' title="bbox 1252 427 2274 480; baseline 0.003 -16"><span class='ocrx_word' id='word_1_363' title='bbox 1252 429 1314 472; x_wconf 80' lang='grc' dir='ltr'>τῆς</span> <span class='ocrx_word' id='word_1_364' title='bbox 1342 427 1527 480; x_wconf 81' lang='grc' dir='ltr'>ἡμετέρας,</span> <span class='ocrx_word' id='word_1_365' title='bbox 1553 427 1611 466; x_wconf 79' lang='grc' dir='ltr'>ἐὰν</span> <span class='ocrx_word' id='word_1_366' title='bbox 1642 435 1713 473; x_wconf 92' lang='grc' dir='ltr'>τοῖς</span> <span class='ocrx_word' id='word_1_367' title='bbox 1741 428 1860 473; x_wconf 76' lang='grc' dir='ltr'>ὅπλοις</span> <span class='ocrx_word' id='word_1_368' title='bbox 1888 435 1959 473; x_wconf 88' lang='grc' dir='ltr'>τοῖς</span> <span class='ocrx_word' id='word_1_369' title='bbox 1978 429 2171 480; x_wconf 75' lang='grc' dir='ltr'>δεδομένοις</span> <span class='ocrx_word' id='word_1_370' title='bbox 2190 432 2274 479; x_wconf 84' lang='grc' dir='ltr'>ἡμῖν</span> 
     </span>
     <span class='ocr_line' id='line_1_53' title="bbox 1255 486 2277 541; baseline 0.004 -17"><span class='ocrx_word' id='word_1_371' title='bbox 1255 486 1351 539; x_wconf 87' lang='grc' dir='ltr'>παρὰ</span> <span class='ocrx_word' id='word_1_372' title='bbox 1376 490 1438 534; x_wconf 74' lang='grc' dir='ltr'>τῆς</span> <span class='ocrx_word' id='word_1_373' title='bbox 1464 491 1524 525; x_wconf 79' lang='grc' dir='ltr'>τοῦ</span> <span class='ocrx_word' id='word_1_374' title='bbox 1548 487 1754 539; x_wconf 81' lang='grc' dir='ltr'>Πνεύματος</span> <span class='ocrx_word' id='word_1_375' title='bbox 1780 490 1924 541; x_wconf 79' lang='grc' dir='ltr'>χάριτος</span> <span class='ocrx_word' id='word_1_376' title='bbox 1949 490 2090 534; x_wconf 78' lang='grc' dir='ltr'>ἑαυτοὺς</span> <span class='ocrx_word' id='word_1_377' title='bbox 2112 492 2277 537; x_wconf 81' lang='grc' dir='ltr'>διηνεκῶς</span> 
     </span>
     <span class='ocr_line' id='line_1_54' title="bbox 1255 548 2278 602; baseline 0.003 -17"><span class='ocrx_word' id='word_1_378' title='bbox 1255 548 1475 602; x_wconf 86' lang='grc' dir='ltr'>φράττωμεν.</span> <span class='ocrx_word' id='word_1_379' title='bbox 1507 548 1673 596; x_wconf 84' lang='grc' dir='ltr'>Τοσαύτη</span> <span class='ocrx_word' id='word_1_380' title='bbox 1704 549 1773 602; x_wconf 86' lang='grc' dir='ltr'>γὰρ</span> <span class='ocrx_word' id='word_1_381' title='bbox 1806 550 1936 589; x_wconf 81' lang='grc' dir='ltr'>τούτων</span> <span class='ocrx_word' id='word_1_382' title='bbox 1968 556 1990 599; x_wconf 85' lang='grc' dir='ltr'>ἧ</span> <span class='ocrx_word' id='word_1_383' title='bbox 2030 551 2190 602; x_wconf 79' lang='grc' dir='ltr'>δύναμις,</span> <span class='ocrx_word' id='word_1_384' title='bbox 2221 553 2278 594; x_wconf 79' lang='grc' dir='ltr'>’ὥς</span> 
     </span>
     <span class='ocr_line' id='line_1_55' title="bbox 1257 609 2278 663; baseline 0.002 -14"><span class='ocrx_word' id='word_1_385' title='bbox 1257 609 1346 661; x_wconf 80' lang='grc' dir='ltr'>μηδὲ</span> <span class='ocrx_word' id='word_1_386' title='bbox 1371 610 1434 658; x_wconf 82' lang='grc' dir='ltr'>τὴν</span> <span class='ocrx_word' id='word_1_387' title='bbox 1458 609 1490 654; x_wconf 83' lang='grc' dir='ltr'>ἐξ</span> <span class='ocrx_word' id='word_1_388' title='bbox 1521 612 1633 648; x_wconf 86' lang='grc' dir='ltr'>αὐτῶν</span> <span class='ocrx_word' id='word_1_389' title='bbox 1658 611 1844 663; x_wconf 82' lang='grc' dir='ltr'>ἀστραπὴν</span> <span class='ocrx_word' id='word_1_390' title='bbox 1859 612 2070 663; x_wconf 72' lang='grc' dir='ltr'>ὑφίστασθαι</span> <span class='ocrx_word' id='word_1_391' title='bbox 2087 614 2144 651; x_wconf 79' lang='grc' dir='ltr'>τὸν</span> <span class='ocrx_word' id='word_1_392' title='bbox 2175 612 2278 651; x_wconf 78' lang='grc' dir='ltr'>πολέ-</span> 
     </span>
     <span class='ocr_line' id='line_1_56' title="bbox 1258 671 2280 724; baseline 0.001 -14"><span class='ocrx_word' id='word_1_393' title='bbox 1258 688 1356 723; x_wconf 87' lang='grc' dir='ltr'>μιον,</span> <span class='ocrx_word' id='word_1_394' title='bbox 1389 673 1465 710; x_wconf 83' lang='grc' dir='ltr'>ἀλλ’</span> <span class='ocrx_word' id='word_1_395' title='bbox 1494 673 1776 724; x_wconf 72' lang='grc' dir='ltr'>ἀποτυφλοῧσθαι</span> <span class='ocrx_word' id='word_1_396' title='bbox 1802 671 1864 715; x_wconf 80' lang='grc' dir='ltr'>τὰς</span> <span class='ocrx_word' id='word_1_397' title='bbox 1890 672 1985 724; x_wconf 77' lang='grc' dir='ltr'>ὄψεις</span> <span class='ocrx_word' id='word_1_398' title='bbox 2010 673 2050 710; x_wconf 78' lang='grc' dir='ltr'>ἐκ</span> <span class='ocrx_word' id='word_1_399' title='bbox 2078 676 2141 720; x_wconf 70' lang='grc' dir='ltr'>τῆς</span> <span class='ocrx_word' id='word_1_400' title='bbox 2173 675 2280 723; x_wconf 75' lang='grc' dir='ltr'>αὗγῆς</span> 
     </span>
     <span class='ocr_line' id='line_1_57' title="bbox 1256 732 2282 787; baseline 0 -16"><span class='ocrx_word' id='word_1_401' title='bbox 1256 732 1338 780; x_wconf 63' lang='grc' dir='ltr'>Ῑτῆς</span> <span class='ocrx_word' id='word_1_402' title='bbox 1356 735 1483 772; x_wconf 84' lang='grc' dir='ltr'>ἐκεῖθεν</span> <span class='ocrx_word' id='word_1_403' title='bbox 1504 733 1785 784; x_wconf 83' lang='grc' dir='ltr'>ἐκπεμπομένης.</span> <span class='ocrx_word' id='word_1_404' title='bbox 1805 733 1964 781; x_wconf 82' lang='grc' dir='ltr'>Τούτοις,</span> <span class='ocrx_word' id='word_1_405' title='bbox 1987 735 2195 787; x_wconf 79' lang='grc' dir='ltr'>παρακαλῶ,</span> <span class='ocrx_word' id='word_1_406' title='bbox 2211 739 2282 776; x_wconf 86' lang='grc' dir='ltr'>τοῖς</span> 
     </span>
     <span class='ocr_line' id='line_1_58' title="bbox 1256 795 2282 848; baseline -0.001 -14"><span class='ocrx_word' id='word_1_407' title='bbox 1256 795 1376 839; x_wconf 80' lang='grc' dir='ltr'>ὅπλοις</span> <span class='ocrx_word' id='word_1_408' title='bbox 1405 796 1592 840; x_wconf 78' lang='grc' dir='ltr'>διαπαντὸς</span> <span class='ocrx_word' id='word_1_409' title='bbox 1623 795 1764 838; x_wconf 75' lang='grc' dir='ltr'>ἑαυτοὺς</span> <span class='ocrx_word' id='word_1_410' title='bbox 1783 796 2006 848; x_wconf 77' lang='grc' dir='ltr'>τειχίζοντες,</span> <span class='ocrx_word' id='word_1_411' title='bbox 2036 796 2127 834; x_wconf 72' lang='grc' dir='ltr'>οὕτω</span> <span class='ocrx_word' id='word_1_412' title='bbox 2146 795 2207 834; x_wconf 79' lang='grc' dir='ltr'>καὶ</span> <span class='ocrx_word' id='word_1_413' title='bbox 2235 797 2282 838; x_wconf 85' lang='grc' dir='ltr'>εἷς</span> 
     </span>
     <span class='ocr_line' id='line_1_59' title="bbox 1259 856 2282 911; baseline -0.002 -15"><span class='ocrx_word' id='word_1_414' title='bbox 1259 856 1388 911; x_wconf 81' lang='grc' dir='ltr'>ἀγορὰν</span> <span class='ocrx_word' id='word_1_415' title='bbox 1416 858 1670 908; x_wconf 63' lang='grc' dir='ltr'>ἐμὸοίλλωμεν,</span> <span class='ocrx_word' id='word_1_416' title='bbox 1703 857 1762 895; x_wconf 82' lang='grc' dir='ltr'>καὶ</span> <span class='ocrx_word' id='word_1_417' title='bbox 1791 857 1900 910; x_wconf 67' lang='grc' dir='ltr'>φίλοις</span> <span class='ocrx_word' id='word_1_418' title='bbox 1931 857 2191 909; x_wconf 82' lang='grc' dir='ltr'>συγγενώμεθα,</span> <span class='ocrx_word' id='word_1_419' title='bbox 2221 856 2282 895; x_wconf 85' lang='grc' dir='ltr'>καὶ</span> 
     </span>
     <span class='ocr_line' id='line_1_60' title="bbox 1259 917 2281 972; baseline -0.003 -14"><span class='ocrx_word' id='word_1_420' title='bbox 1259 918 1452 972; x_wconf 85' lang='grc' dir='ltr'>πράγματα</span> <span class='ocrx_word' id='word_1_421' title='bbox 1473 918 1782 971; x_wconf 79' lang='grc' dir='ltr'>μεταχειρίζωμεν.</span> <span class='ocrx_word' id='word_1_422' title='bbox 1800 918 1870 957; x_wconf 79' lang='grc' dir='ltr'>Καὶ</span> <span class='ocrx_word' id='word_1_423' title='bbox 1891 921 1927 957; x_wconf 86' lang='grc' dir='ltr'>τί</span> <span class='ocrx_word' id='word_1_424' title='bbox 1953 919 2044 970; x_wconf 88' lang='grc' dir='ltr'>λέγω</span> <span class='ocrx_word' id='word_1_425' title='bbox 2069 922 2116 961; x_wconf 85' lang='grc' dir='ltr'>εἷς</span> <span class='ocrx_word' id='word_1_426' title='bbox 2135 917 2281 970; x_wconf 76' lang='grc' dir='ltr'>ἀγοράν,</span> 
     </span>
     <span class='ocr_line' id='line_1_61' title="bbox 1261 980 2283 1032; baseline -0.004 -13"><span class='ocrx_word' id='word_1_427' title='bbox 1261 981 1332 1019; x_wconf 83' lang='grc' dir='ltr'>Καὶ</span> <span class='ocrx_word' id='word_1_428' title='bbox 1359 983 1404 1024; x_wconf 86' lang='grc' dir='ltr'>εἰς</span> <span class='ocrx_word' id='word_1_429' title='bbox 1433 980 1621 1026; x_wconf 81' lang='grc' dir='ltr'>ἐκκλησίαν</span> <span class='ocrx_word' id='word_1_430' title='bbox 1650 981 1870 1023; x_wconf 81' lang='grc' dir='ltr'>ἀπαντῶντες</span> <span class='ocrx_word' id='word_1_431' title='bbox 1894 983 2007 1018; x_wconf 71' lang='grc' dir='ltr'>ταῦτα</span> <span class='ocrx_word' id='word_1_432' title='bbox 2035 980 2171 1032; x_wconf 76' lang='grc' dir='ltr'>ἔχωμεν</span> <span class='ocrx_word' id='word_1_433' title='bbox 2198 982 2283 1029; x_wconf 79' lang='grc' dir='ltr'>ἡμῖν</span> 
     </span>
     <span class='ocr_line' id='line_1_62' title="bbox 1262 1040 2285 1092; baseline -0.002 -13"><span class='ocrx_word' id='word_1_434' title='bbox 1262 1041 1506 1092; x_wconf 82' lang='grc' dir='ltr'>περικείμενα,</span> <span class='ocrx_word' id='word_1_435' title='bbox 1530 1040 1589 1079; x_wconf 80' lang='grc' dir='ltr'>καὶ</span> <span class='ocrx_word' id='word_1_436' title='bbox 1611 1040 1728 1079; x_wconf 87' lang='grc' dir='ltr'>οἴκαδε</span> <span class='ocrx_word' id='word_1_437' title='bbox 1752 1041 1950 1084; x_wconf 79' lang='grc' dir='ltr'>ἐπανιόντες</span> <span class='ocrx_word' id='word_1_438' title='bbox 1971 1041 2030 1079; x_wconf 80' lang='grc' dir='ltr'>καὶ</span> <span class='ocrx_word' id='word_1_439' title='bbox 2050 1040 2285 1087; x_wconf 71' lang='grc' dir='ltr'>καθεύδοντες,</span> 
     </span>
     <span class='ocr_line' id='line_1_63' title="bbox 1262 1098 2285 1150; baseline 0 -14"><span class='ocrx_word' id='word_1_440' title='bbox 1262 1099 1322 1137; x_wconf 85' lang='grc' dir='ltr'>καὶ</span> <span class='ocrx_word' id='word_1_441' title='bbox 1351 1099 1629 1149; x_wconf 84' lang='grc' dir='ltr'>διανιστάμενοι,</span> <span class='ocrx_word' id='word_1_442' title='bbox 1658 1099 1718 1137; x_wconf 80' lang='grc' dir='ltr'>καὶ</span> <span class='ocrx_word' id='word_1_443' title='bbox 1749 1099 1924 1150; x_wconf 86' lang='grc' dir='ltr'>μηδέποτε</span> <span class='ocrx_word' id='word_1_444' title='bbox 1950 1099 2038 1138; x_wconf 82' lang='grc' dir='ltr'>αὐτὰ</span> <span class='ocrx_word' id='word_1_445' title='bbox 2055 1098 2285 1150; x_wconf 50' lang='grc' dir='ltr'>1Ἱοῖποθιίῃιιεθα</span> 
     </span>
     <span class='ocr_line' id='line_1_64' title="bbox 1263 1156 2286 1210; baseline 0 -16"><span class='ocrx_word' id='word_1_446' title='bbox 1263 1156 1360 1208; x_wconf 74' lang='grc' dir='ltr'>παρὰ</span> <span class='ocrx_word' id='word_1_447' title='bbox 1381 1163 1497 1195; x_wconf 74' lang='grc' dir='ltr'>πᾶσαν</span> <span class='ocrx_word' id='word_1_448' title='bbox 1517 1159 1618 1207; x_wconf 75' lang='grc' dir='ltr'>ἡμῶν</span> <span class='ocrx_word' id='word_1_449' title='bbox 1642 1157 1705 1204; x_wconf 77' lang='grc' dir='ltr'>τὴν</span> <span class='ocrx_word' id='word_1_450' title='bbox 1725 1157 1835 1203; x_wconf 76' lang='grc' dir='ltr'>ζωήν·</span> <span class='ocrx_word' id='word_1_451' title='bbox 1857 1158 1975 1196; x_wconf 80' lang='grc' dir='ltr'>ἄπεισι</span> <span class='ocrx_word' id='word_1_452' title='bbox 1993 1158 2060 1210; x_wconf 80' lang='grc' dir='ltr'>γὰρ</span> <span class='ocrx_word' id='word_1_453' title='bbox 2077 1159 2151 1209; x_wconf 86' lang='grc' dir='ltr'>μεθ’</span> <span class='ocrx_word' id='word_1_454' title='bbox 2165 1161 2286 1208; x_wconf 74' lang='grc' dir='ltr'>ἡμῶν,</span> 
     </span>
     <span class='ocr_line' id='line_1_65' title="bbox 1264 1217 2289 1270; baseline 0.001 -15"><span class='ocrx_word' id='word_1_455' title='bbox 1264 1217 1324 1255; x_wconf 78' lang='grc' dir='ltr'>καὶ</span> <span class='ocrx_word' id='word_1_456' title='bbox 1343 1221 1405 1264; x_wconf 66' lang='grc' dir='ltr'>τῆς</span> <span class='ocrx_word' id='word_1_457' title='bbox 1432 1219 1502 1255; x_wconf 81' lang='grc' dir='ltr'>ἐκεῖ</span> <span class='ocrx_word' id='word_1_458' title='bbox 1520 1217 1720 1270; x_wconf 68' lang='grc' dir='ltr'>παρρησίας</span> <span class='ocrx_word' id='word_1_459' title='bbox 1739 1217 1899 1260; x_wconf 79' lang='grc' dir='ltr'>ὑπόθεσις</span> <span class='ocrx_word' id='word_1_460' title='bbox 1921 1222 2008 1269; x_wconf 75' lang='grc' dir='ltr'>ἡμῖν</span> <span class='ocrx_word' id='word_1_461' title='bbox 2036 1219 2182 1269; x_wconf 85' lang='grc' dir='ltr'>μεγίστη</span> <span class='ocrx_word' id='word_1_462' title='bbox 2199 1218 2289 1270; x_wconf 85' lang='grc' dir='ltr'>γίνε-</span> 
     </span>
     <span class='ocr_line' id='line_1_66' title="bbox 1264 1275 2290 1329; baseline -0.001 -15"><span class='ocrx_word' id='word_1_463' title='bbox 1264 1293 1335 1315; x_wconf 88' lang='grc' dir='ltr'>ται.</span> <span class='ocrx_word' id='word_1_464' title='bbox 1359 1275 1450 1314; x_wconf 79' lang='grc' dir='ltr'>Οὐδὲ</span> <span class='ocrx_word' id='word_1_465' title='bbox 1477 1275 1544 1327; x_wconf 73' lang='grc' dir='ltr'>γὰρ</span> <span class='ocrx_word' id='word_1_466' title='bbox 1569 1275 1694 1326; x_wconf 79' lang='grc' dir='ltr'>ὁμοίιος</span> <span class='ocrx_word' id='word_1_467' title='bbox 1720 1282 1790 1319; x_wconf 88' lang='grc' dir='ltr'>τοῖς</span> <span class='ocrx_word' id='word_1_468' title='bbox 1813 1279 1988 1323; x_wconf 84' lang='grc' dir='ltr'>αἰσθητοῖς</span> <span class='ocrx_word' id='word_1_469' title='bbox 2004 1277 2123 1320; x_wconf 80' lang='grc' dir='ltr'>ὅπλοις</span> <span class='ocrx_word' id='word_1_470' title='bbox 2148 1277 2290 1329; x_wconf 81' lang='grc' dir='ltr'>βαρύνει</span> 
     </span>
     <span class='ocr_line' id='line_1_67' title="bbox 1265 1335 2290 1388; baseline 0.001 -15"><span class='ocrx_word' id='word_1_471' title='bbox 1265 1336 1305 1374; x_wconf 83' lang='grc' dir='ltr'>τὸ</span> <span class='ocrx_word' id='word_1_472' title='bbox 1321 1338 1437 1387; x_wconf 81' lang='grc' dir='ltr'>σῶμα,</span> <span class='ocrx_word' id='word_1_473' title='bbox 1458 1335 1548 1374; x_wconf 77' lang='grc' dir='ltr'>ἀλλὰ</span> <span class='ocrx_word' id='word_1_474' title='bbox 1567 1336 1700 1385; x_wconf 80' lang='grc' dir='ltr'>μᾶλλον</span> <span class='ocrx_word' id='word_1_475' title='bbox 1723 1335 1887 1388; x_wconf 68' lang='grc' dir='ltr'>κουφίζει,</span> <span class='ocrx_word' id='word_1_476' title='bbox 1908 1337 1968 1374; x_wconf 83' lang='grc' dir='ltr'>καὶ</span> <span class='ocrx_word' id='word_1_477' title='bbox 1989 1336 2173 1388; x_wconf 83' lang='grc' dir='ltr'>μετάρσιον</span> <span class='ocrx_word' id='word_1_478' title='bbox 2192 1336 2290 1388; x_wconf 79' lang='grc' dir='ltr'>ἐργά-</span> 
     </span>
     <span class='ocr_line' id='line_1_68' title="bbox 1267 1392 2288 1445; baseline 0.001 -13"><span class='ocrx_word' id='word_1_479' title='bbox 1267 1396 1380 1441; x_wconf 88' lang='grc' dir='ltr'>ζεται,</span> <span class='ocrx_word' id='word_1_480' title='bbox 1397 1393 1456 1432; x_wconf 80' lang='grc' dir='ltr'>καὶ</span> <span class='ocrx_word' id='word_1_481' title='bbox 1481 1392 1544 1439; x_wconf 83' lang='grc' dir='ltr'>τὴν</span> <span class='ocrx_word' id='word_1_482' title='bbox 1566 1392 1663 1445; x_wconf 28' lang='grc' dir='ltr'>ἰσχόὺν</span> <span class='ocrx_word' id='word_1_483' title='bbox 1683 1394 1870 1432; x_wconf 82' lang='grc' dir='ltr'>ἐπιτείνει·</span> <span class='ocrx_word' id='word_1_484' title='bbox 1895 1393 1996 1445; x_wconf 80' lang='grc' dir='ltr'>μόνον</span> <span class='ocrx_word' id='word_1_485' title='bbox 2018 1395 2076 1433; x_wconf 80' lang='grc' dir='ltr'>ἐὰν</span> <span class='ocrx_word' id='word_1_486' title='bbox 2097 1395 2184 1433; x_wconf 77' lang='grc' dir='ltr'>αὐτὰ</span> <span class='ocrx_word' id='word_1_487' title='bbox 2211 1396 2288 1433; x_wconf 80' lang='grc' dir='ltr'>καθ’</span> 
     </span>
     <span class='ocr_line' id='line_1_69' title="bbox 1267 1454 2290 1508; baseline -0.001 -14"><span class='ocrx_word' id='word_1_488' title='bbox 1267 1456 1420 1502; x_wconf 77' lang='grc' dir='ltr'>ἑκάστην</span> <span class='ocrx_word' id='word_1_489' title='bbox 1440 1455 1576 1507; x_wconf 75' lang='grc' dir='ltr'>ἡμέραν</span> <span class='ocrx_word' id='word_1_490' title='bbox 1597 1455 1862 1508; x_wconf 73' lang='grc' dir='ltr'>ἁποσμήχωμεν</span> <span class='ocrx_word' id='word_1_491' title='bbox 1872 1486 1882 1504; x_wconf 93' lang='grc'>,</span> <span class='ocrx_word' id='word_1_492' title='bbox 1905 1455 1996 1493; x_wconf 78' lang='grc' dir='ltr'>ὥστε</span> <span class='ocrx_word' id='word_1_493' title='bbox 2009 1455 2157 1507; x_wconf 75' lang='grc' dir='ltr'>λαμπρὰ</span> <span class='ocrx_word' id='word_1_494' title='bbox 2172 1454 2290 1508; x_wconf 85' lang='grc' dir='ltr'>φαινό-</span> 
     </span>
     <span class='ocr_line' id='line_1_70' title="bbox 1270 1515 2289 1569; baseline -0.001 -14"><span class='ocrx_word' id='word_1_495' title='bbox 1270 1533 1356 1568; x_wconf 89' lang='grc' dir='ltr'>μενα</span> <span class='ocrx_word' id='word_1_496' title='bbox 1373 1515 1428 1554; x_wconf 84' lang='grc' dir='ltr'>διὰ</span> <span class='ocrx_word' id='word_1_497' title='bbox 1446 1518 1507 1562; x_wconf 79' lang='grc' dir='ltr'>τῆς</span> <span class='ocrx_word' id='word_1_498' title='bbox 1527 1515 1654 1559; x_wconf 79' lang='grc' dir='ltr'>οἰκείας</span> <span class='ocrx_word' id='word_1_499' title='bbox 1672 1517 1854 1568; x_wconf 68' lang='grc' dir='ltr'>ἀστραπῆς</span> <span class='ocrx_word' id='word_1_500' title='bbox 1876 1521 2007 1569; x_wconf 64' lang='grc' dir='ltr'>πηροῦν</span> <span class='ocrx_word' id='word_1_501' title='bbox 2034 1517 2096 1560; x_wconf 80' lang='grc' dir='ltr'>τὰς</span> <span class='ocrx_word' id='word_1_502' title='bbox 2117 1517 2210 1569; x_wconf 74' lang='grc' dir='ltr'>ὄψεις</span> <span class='ocrx_word' id='word_1_503' title='bbox 2230 1520 2289 1555; x_wconf 79' lang='grc' dir='ltr'>τοῦ</span> 
     </span>
     <span class='ocr_line' id='line_1_71' title="bbox 1268 1576 2291 1630; baseline 0 -14"><span class='ocrx_word' id='word_1_504' title='bbox 1268 1581 1421 1630; x_wconf 78' lang='grc' dir='ltr'>πονηροῦ</span> <span class='ocrx_word' id='word_1_505' title='bbox 1451 1576 1637 1627; x_wconf 85' lang='grc' dir='ltr'>δαίμονος,</span> <span class='ocrx_word' id='word_1_506' title='bbox 1665 1577 1781 1615; x_wconf 77' lang='grc' dir='ltr'>πάντα</span> <span class='ocrx_word' id='word_1_507' title='bbox 1815 1577 1905 1615; x_wconf 87' lang='grc' dir='ltr'>κατὰ</span> <span class='ocrx_word' id='word_1_508' title='bbox 1938 1581 2001 1624; x_wconf 73' lang='grc' dir='ltr'>τῆς</span> <span class='ocrx_word' id='word_1_509' title='bbox 2028 1578 2202 1630; x_wconf 82' lang='grc' dir='ltr'>σωτηρίας</span> <span class='ocrx_word' id='word_1_510' title='bbox 2230 1580 2291 1623; x_wconf 74' lang='grc' dir='ltr'>τῆς</span> 
     </span>
     <span class='ocr_line' id='line_1_72' title="bbox 1267 1638 2290 1692; baseline -0.001 -15"><span class='ocrx_word' id='word_1_511' title='bbox 1267 1639 1440 1691; x_wconf 77' lang='grc' dir='ltr'>ἡμετέρας</span> <span class='ocrx_word' id='word_1_512' title='bbox 1458 1638 1726 1690; x_wconf 73' lang='grc' dir='ltr'>μηχανωμένου.</span> <span class='ocrx_word' id='word_1_513' title='bbox 1744 1638 1840 1692; x_wconf 77' lang='grc' dir='ltr'>Φέρε</span> <span class='ocrx_word' id='word_1_514' title='bbox 1856 1639 1895 1685; x_wconf 75' lang='grc' dir='ltr'>δὴ</span> <span class='ocrx_word' id='word_1_515' title='bbox 1912 1639 2046 1688; x_wconf 77' lang='grc' dir='ltr'>λοιπὸν,</span> <span class='ocrx_word' id='word_1_516' title='bbox 2069 1639 2189 1686; x_wconf 81' lang='grc' dir='ltr'>ἐπειδὴ</span> <span class='ocrx_word' id='word_1_517' title='bbox 2207 1643 2290 1678; x_wconf 88' lang='grc' dir='ltr'>ἱκα-</span> 
     </span>
     <span class='ocr_line' id='line_1_73' title="bbox 1268 1699 2290 1754; baseline -0.002 -15"><span class='ocrx_word' id='word_1_518' title='bbox 1268 1704 1334 1744; x_wconf 79' lang='grc' dir='ltr'>νῶς</span> <span class='ocrx_word' id='word_1_519' title='bbox 1349 1705 1439 1751; x_wconf 79' lang='grc' dir='ltr'>ὑμᾶς</span> <span class='ocrx_word' id='word_1_520' title='bbox 1452 1699 1738 1750; x_wconf 85' lang='grc' dir='ltr'>καθωπλίσαμεν,</span> <span class='ocrx_word' id='word_1_521' title='bbox 1754 1699 1815 1747; x_wconf 69' lang='grc' dir='ltr'>τὴν</span> <span class='ocrx_word' id='word_1_522' title='bbox 1833 1700 1962 1747; x_wconf 76' lang='grc' dir='ltr'>συνήθη</span> <span class='ocrx_word' id='word_1_523' title='bbox 1979 1705 2193 1754; x_wconf 81' lang='grc' dir='ltr'>παραθῶμεν</span> <span class='ocrx_word' id='word_1_524' title='bbox 2209 1703 2290 1751; x_wconf 81' lang='grc' dir='ltr'>ὑμῖν</span> 
     </span>
     <span class='ocr_line' id='line_1_74' title="bbox 1268 1760 2290 1816; baseline -0.001 -16"><span class='ocrx_word' id='word_1_525' title='bbox 1268 1762 1455 1816; x_wconf 74' lang='grc' dir='ltr'>τράπεζαν,</span> <span class='ocrx_word' id='word_1_526' title='bbox 1477 1760 1594 1798; x_wconf 79' lang='grc' dir='ltr'>καὶτὰ</span> <span class='ocrx_word' id='word_1_527' title='bbox 1614 1761 1784 1799; x_wconf 79' lang='grc' dir='ltr'>ἀκόλουθα</span> <span class='ocrx_word' id='word_1_528' title='bbox 1803 1764 1872 1799; x_wconf 75' lang='grc' dir='ltr'>τῶν</span> <span class='ocrx_word' id='word_1_529' title='bbox 1894 1761 1975 1813; x_wconf 68' lang='grc' dir='ltr'>χθὲς</span> <span class='ocrx_word' id='word_1_530' title='bbox 1994 1765 2078 1813; x_wconf 78' lang='grc' dir='ltr'>ἡμῖν</span> <span class='ocrx_word' id='word_1_531' title='bbox 2099 1762 2290 1813; x_wconf 77' lang='grc' dir='ltr'>εἰρημένων</span> 
     </span>
     <span class='ocr_line' id='line_1_75' title="bbox 1268 1821 2292 1876; baseline -0.001 -15"><span class='ocrx_word' id='word_1_532' title='bbox 1268 1825 1449 1876; x_wconf 77' lang='grc' dir='ltr'>προθῶμεν</span> <span class='ocrx_word' id='word_1_533' title='bbox 1466 1821 1522 1860; x_wconf 78' lang='grc' dir='ltr'>ε’πὶ</span> <span class='ocrx_word' id='word_1_534' title='bbox 1536 1825 1596 1868; x_wconf 62' lang='grc' dir='ltr'>τῆς</span> <span class='ocrx_word' id='word_1_535' title='bbox 1610 1821 1779 1873; x_wconf 80' lang='grc' dir='ltr'>ὑμετέρας</span> <span class='ocrx_word' id='word_1_536' title='bbox 1794 1823 1947 1872; x_wconf 80' lang='grc' dir='ltr'>ἀγάπης,</span> <span class='ocrx_word' id='word_1_537' title='bbox 1963 1822 2068 1861; x_wconf 80' lang='grc' dir='ltr'>πάλιν</span> <span class='ocrx_word' id='word_1_538' title='bbox 2085 1823 2143 1862; x_wconf 79' lang='grc' dir='ltr'>τὸν</span> <span class='ocrx_word' id='word_1_539' title='bbox 2159 1822 2292 1874; x_wconf 82' lang='grc' dir='ltr'>θαυμά-</span> 
     </span>
     <span class='ocr_line' id='line_1_76' title="bbox 1269 1883 2294 1936; baseline -0.001 -13"><span class='ocrx_word' id='word_1_540' title='bbox 1269 1901 1341 1924; x_wconf 91' lang='grc' dir='ltr'>σιον</span> <span class='ocrx_word' id='word_1_541' title='bbox 1358 1884 1541 1935; x_wconf 80' lang='grc' dir='ltr'>ἑστιάτορα</span> <span class='ocrx_word' id='word_1_542' title='bbox 1560 1884 1617 1921; x_wconf 76' lang='grc' dir='ltr'>τὸν</span> <span class='ocrx_word' id='word_1_543' title='bbox 1640 1883 1810 1935; x_wconf 80' lang='grc' dir='ltr'>μακάριον</span> <span class='ocrx_word' id='word_1_544' title='bbox 1826 1883 1992 1931; x_wconf 72' lang='grc' dir='ltr'>Μωυσέα,</span> <span class='ocrx_word' id='word_1_545' title='bbox 2010 1885 2067 1922; x_wconf 71' lang='grc' dir='ltr'>τὀν</span> <span class='ocrx_word' id='word_1_546' title='bbox 2086 1884 2194 1936; x_wconf 82' lang='grc' dir='ltr'>μέγαν</span> <span class='ocrx_word' id='word_1_547' title='bbox 2210 1899 2294 1936; x_wconf 88' lang='grc' dir='ltr'>προ-</span> 
     </span>
     <span class='ocr_line' id='line_1_77' title="bbox 1272 1943 2296 1999; baseline -0.001 -16"><span class='ocrx_word' id='word_1_548' title='bbox 1272 1946 1382 1999; x_wconf 65' lang='grc' dir='ltr'>φήτην</span> <span class='ocrx_word' id='word_1_549' title='bbox 1399 1948 1460 1991; x_wconf 73' lang='grc' dir='ltr'>’.ἧς</span> <span class='ocrx_word' id='word_1_550' title='bbox 1475 1947 1583 1992; x_wconf 49' lang='lat' dir='ltr'>nul-712</span> <span class='ocrx_word' id='word_1_551' title='bbox 1597 1943 1726 1991; x_wconf 79' lang='grc' dir='ltr'>ταύτης</span> <span class='ocrx_word' id='word_1_552' title='bbox 1741 1943 1967 1987; x_wconf 73' lang='grc' dir='ltr'>διδασκαλίας</span> <span class='ocrx_word' id='word_1_553' title='bbox 1980 1944 2133 1996; x_wconf 80' lang='grc' dir='ltr'>ἡγεμόνα</span> <span class='ocrx_word' id='word_1_554' title='bbox 2149 1944 2296 1991; x_wconf 83' lang='grc' dir='ltr'>ποιησά-</span> 
     </span>
     <span class='ocr_line' id='line_1_78' title="bbox 1274 1999 2295 2060; baseline -0.003 -14"><span class='ocrx_word' id='word_1_555' title='bbox 1274 2024 1382 2060; x_wconf 84' lang='grc' dir='ltr'>μενοι.</span> <span class='ocrx_word' id='word_1_556' title='bbox 1398 2007 1545 2056; x_wconf 81' lang='grc' dir='ltr'>Ἴδωμεν</span> <span class='ocrx_word' id='word_1_557' title='bbox 1564 1999 1620 2044; x_wconf 62' lang='grc' dir='ltr'>οὖν</span> <span class='ocrx_word' id='word_1_558' title='bbox 1638 2005 1715 2044; x_wconf 89' lang='grc' dir='ltr'>τίνα</span> <span class='ocrx_word' id='word_1_559' title='bbox 1734 2008 1839 2053; x_wconf 81' lang='grc' dir='ltr'>ἐστιν,</span> <span class='ocrx_word' id='word_1_560' title='bbox 1856 2005 1878 2042; x_wconf 78' lang='grc' dir='ltr'>ἃ</span> <span class='ocrx_word' id='word_1_561' title='bbox 1894 2005 1953 2044; x_wconf 76' lang='grc' dir='ltr'>καὶ</span> <span class='ocrx_word' id='word_1_562' title='bbox 1969 2005 2120 2058; x_wconf 71' lang='grc' dir='ltr'>σήμερον</span> <span class='ocrx_word' id='word_1_563' title='bbox 2136 2009 2230 2057; x_wconf 82' lang='grc' dir='ltr'>ἡμᾶς</span> <span class='ocrx_word' id='word_1_564' title='bbox 2245 2007 2295 2043; x_wconf 77' lang='grc' dir='ltr'>δι-</span> 
     </span>
     <span class='ocr_line' id='line_1_79' title="bbox 1274 2066 2296 2120; baseline -0.001 -13"><span class='ocrx_word' id='word_1_565' title='bbox 1274 2069 1372 2113; x_wconf 83' lang='grc' dir='ltr'>δοίξαι</span> <span class='ocrx_word' id='word_1_566' title='bbox 1405 2067 1586 2119; x_wconf 73' lang='grc' dir='ltr'>βούλεται,</span> <span class='ocrx_word' id='word_1_567' title='bbox 1607 2067 1666 2104; x_wconf 81' lang='grc' dir='ltr'>καὶ</span> <span class='ocrx_word' id='word_1_568' title='bbox 1686 2066 1914 2119; x_wconf 67' lang='grc' dir='ltr'>προσέχωμεν</span> <span class='ocrx_word' id='word_1_569' title='bbox 1936 2067 2088 2120; x_wconf 66' lang='grc' dir='ltr'>ἀκριὸῶς</span> <span class='ocrx_word' id='word_1_570' title='bbox 2114 2074 2184 2111; x_wconf 85' lang='grc' dir='ltr'>τοῖς</span> <span class='ocrx_word' id='word_1_571' title='bbox 2214 2069 2296 2120; x_wconf 87' lang='grc' dir='ltr'>παρ’</span> 
     </span>
     <span class='ocr_line' id='line_1_80' title="bbox 1276 2127 2295 2181; baseline -0.004 -11"><span class='ocrx_word' id='word_1_572' title='bbox 1276 2133 1378 2170; x_wconf 77' lang='grc' dir='ltr'>αὐτοῦ</span> <span class='ocrx_word' id='word_1_573' title='bbox 1392 2129 1603 2180; x_wconf 82' lang='grc' dir='ltr'>λεγομένοις.</span> <span class='ocrx_word' id='word_1_574' title='bbox 1620 2127 1712 2167; x_wconf 74' lang='grc' dir='ltr'>Οὐδὲ</span> <span class='ocrx_word' id='word_1_575' title='bbox 1727 2127 1794 2180; x_wconf 75' lang='grc' dir='ltr'>γὰρ</span> <span class='ocrx_word' id='word_1_576' title='bbox 1813 2127 1922 2181; x_wconf 73' lang='grc' dir='ltr'>οἰκεία</span> <span class='ocrx_word' id='word_1_577' title='bbox 1937 2128 2080 2179; x_wconf 75' lang='grc' dir='ltr'>δυνάμει</span> <span class='ocrx_word' id='word_1_578' title='bbox 2096 2128 2295 2180; x_wconf 71' lang='grc' dir='ltr'>φθέγγεται,</span> 
     </span>
     <span class='ocr_line' id='line_1_81' title="bbox 1277 2188 2297 2243; baseline -0.006 -12"><span class='ocrx_word' id='word_1_579' title='bbox 1277 2194 1351 2231; x_wconf 83' lang='grc' dir='ltr'>ἀλλ’</span> <span class='ocrx_word' id='word_1_580' title='bbox 1371 2191 1458 2243; x_wconf 78' lang='grc' dir='ltr'>ἅπερ</span> <span class='ocrx_word' id='word_1_581' title='bbox 1479 2191 1518 2228; x_wconf 83' lang='grc' dir='ltr'>ἂν</span> <span class='ocrx_word' id='word_1_582' title='bbox 1537 2193 1558 2236; x_wconf 77' lang='grc' dir='ltr'>ἡ</span> <span class='ocrx_word' id='word_1_583' title='bbox 1580 2193 1638 2228; x_wconf 78' lang='grc' dir='ltr'>τοῦ</span> <span class='ocrx_word' id='word_1_584' title='bbox 1654 2188 1861 2240; x_wconf 81' lang='grc' dir='ltr'>Πνεύματος</span> <span class='ocrx_word' id='word_1_585' title='bbox 1880 2189 1981 2240; x_wconf 72' lang='grc' dir='ltr'>χάρις</span> <span class='ocrx_word' id='word_1_586' title='bbox 1997 2189 2168 2240; x_wconf 74' lang='grc' dir='ltr'>ἐνηχῆσῃ,</span> <span class='ocrx_word' id='word_1_587' title='bbox 2188 2193 2297 2227; x_wconf 75' lang='grc' dir='ltr'>ταῦτα</span> 
     </span>
     <span class='ocr_line' id='line_1_82' title="bbox 1277 2248 2296 2303; baseline -0.003 -12"><span class='ocrx_word' id='word_1_588' title='bbox 1277 2253 1334 2292; x_wconf 71' lang='grc' dir='ltr'>διὰ</span> <span class='ocrx_word' id='word_1_589' title='bbox 1354 2256 1415 2299; x_wconf 57' lang='grc' dir='ltr'>τῆς</span> <span class='ocrx_word' id='word_1_590' title='bbox 1438 2250 1565 2293; x_wconf 79' lang='grc' dir='ltr'>οἰκείας</span> <span class='ocrx_word' id='word_1_591' title='bbox 1586 2250 1748 2303; x_wconf 64' lang='grc' dir='ltr'>προφέρει</span> <span class='ocrx_word' id='word_1_592' title='bbox 1771 2248 1940 2301; x_wconf 80' lang='grc' dir='ltr'>γλώττης,</span> <span class='ocrx_word' id='word_1_593' title='bbox 1957 2249 2129 2288; x_wconf 83' lang='grc' dir='ltr'>διδάσκων</span> <span class='ocrx_word' id='word_1_594' title='bbox 2148 2250 2210 2298; x_wconf 70' lang='grc' dir='ltr'>τὴν</span> <span class='ocrx_word' id='word_1_595' title='bbox 2229 2253 2296 2289; x_wconf 79' lang='grc' dir='ltr'>τῶν</span> 
     </span>
     <span class='ocr_line' id='line_1_83' title="bbox 1279 2310 2299 2367; baseline -0.003 -14"><span class='ocrx_word' id='word_1_596' title='bbox 1279 2313 1468 2367; x_wconf 80' lang='grc' dir='ltr'>ἀνθρώπων</span> <span class='ocrx_word' id='word_1_597' title='bbox 1486 2311 1599 2364; x_wconf 71' lang='grc' dir='ltr'>φύσιν.</span> <span class='ocrx_word' id='word_1_598' title='bbox 1614 2311 1823 2363; x_wconf 83' lang='grc' dir='ltr'>Ἀπαρτίσας</span> <span class='ocrx_word' id='word_1_599' title='bbox 1835 2310 1946 2348; x_wconf 83' lang='grc' dir='ltr'>τοίνυν</span> <span class='ocrx_word' id='word_1_600' title='bbox 1960 2311 2017 2349; x_wconf 75' lang='grc' dir='ltr'>τὸν</span> <span class='ocrx_word' id='word_1_601' title='bbox 2036 2311 2115 2363; x_wconf 78' lang='grc' dir='ltr'>περὶ</span> <span class='ocrx_word' id='word_1_602' title='bbox 2131 2315 2192 2358; x_wconf 80' lang='grc' dir='ltr'>τῆς</span> <span class='ocrx_word' id='word_1_603' title='bbox 2206 2311 2299 2365; x_wconf 69' lang='grc' dir='ltr'>πριῖν</span> 
     </span>
     <span class='ocr_line' id='line_1_84' title="bbox 1278 2371 2298 2427; baseline -0.002 -13"><span class='ocrx_word' id='word_1_604' title='bbox 1278 2392 1340 2422; x_wconf 89' lang='grc' dir='ltr'>της</span> <span class='ocrx_word' id='word_1_605' title='bbox 1367 2374 1500 2427; x_wconf 73' lang='grc' dir='ltr'>ἡμέρας</span> <span class='ocrx_word' id='word_1_606' title='bbox 1528 2373 1648 2424; x_wconf 78' lang='grc' dir='ltr'>λόγον,</span> <span class='ocrx_word' id='word_1_607' title='bbox 1669 2373 1727 2410; x_wconf 78' lang='grc' dir='ltr'>καὶ</span> <span class='ocrx_word' id='word_1_608' title='bbox 1757 2371 1862 2410; x_wconf 75' lang='grc' dir='ltr'>εἰπὼν</span> <span class='ocrx_word' id='word_1_609' title='bbox 1892 2372 1981 2422; x_wconf 78' lang='grc' dir='ltr'>μετὰ</span> <span class='ocrx_word' id='word_1_610' title='bbox 2010 2371 2074 2419; x_wconf 73' lang='grc' dir='ltr'>τὴν</span> <span class='ocrx_word' id='word_1_611' title='bbox 2098 2378 2157 2412; x_wconf 73' lang='grc' dir='ltr'>τοῦ</span> <span class='ocrx_word' id='word_1_612' title='bbox 2188 2373 2298 2426; x_wconf 74' lang='grc' dir='ltr'>φωτὸς</span> 
     </span>
     <span class='ocr_line' id='line_1_85' title="bbox 1281 2433 2300 2488; baseline -0.004 -12"><span class='ocrx_word' id='word_1_613' title='bbox 1281 2435 1525 2488; x_wconf 82' lang='grc' dir='ltr'>δημιουργίαν,</span> <span class='ocrx_word' id='word_1_614' title='bbox 1556 2434 1718 2485; x_wconf 81' lang='grc' dir='ltr'>Ἐγένετο</span> <span class='ocrx_word' id='word_1_615' title='bbox 1758 2433 1907 2485; x_wconf 82' lang='grc' dir='ltr'>ἑσπέρα,</span> <span class='ocrx_word' id='word_1_616' title='bbox 1934 2433 1993 2471; x_wconf 78' lang='grc' dir='ltr'>καὶ</span> <span class='ocrx_word' id='word_1_617' title='bbox 2025 2433 2160 2484; x_wconf 80' lang='grc' dir='ltr'>ἐγένετο</span> <span class='ocrx_word' id='word_1_618' title='bbox 2191 2435 2300 2486; x_wconf 83' lang='grc' dir='ltr'>πρωῒ,</span> 
     </span>
     <span class='ocr_line' id='line_1_86' title="bbox 1279 2488 2301 2550; baseline -0.002 -14"><span class='ocrx_word' id='word_1_619' title='bbox 1279 2498 1394 2550; x_wconf 78' lang='grc' dir='ltr'>ἡμέρα</span> <span class='ocrx_word' id='word_1_620' title='bbox 1412 2496 1488 2548; x_wconf 88' lang='grc' dir='ltr'>μία,</span> <span class='ocrx_word' id='word_1_621' title='bbox 1507 2495 1611 2534; x_wconf 71' lang='grc' dir='ltr'>πάλιν</span> <span class='ocrx_word' id='word_1_622' title='bbox 1629 2494 1712 2547; x_wconf 69' lang='grc' dir='ltr'>φησί</span> <span class='ocrx_word' id='word_1_623' title='bbox 1725 2510 1732 2517; x_wconf 92' lang='grc'><em>·</em></span> <span class='ocrx_word' id='word_1_624' title='bbox 1753 2494 1822 2533; x_wconf 83' lang='grc' dir='ltr'>Καὶ</span> <span class='ocrx_word' id='word_1_625' title='bbox 1842 2488 1935 2532; x_wconf 67' lang='grc' dir='ltr'>εἶπεν</span> <span class='ocrx_word' id='word_1_626' title='bbox 1949 2497 1966 2532; x_wconf 84' lang='grc' dir='ltr'>ὁ</span> <span class='ocrx_word' id='word_1_627' title='bbox 1989 2494 2079 2538; x_wconf 64' lang='grc' dir='ltr'>(θεός</span> <span class='ocrx_word' id='word_1_628' title='bbox 2095 2510 2102 2518; x_wconf 90' lang='grc'><em>·</em></span> <span class='ocrx_word' id='word_1_629' title='bbox 2121 2496 2301 2546; x_wconf 76' lang='grc' dir='ltr'>γενηθήτω</span> 
     </span>
     <span class='ocr_line' id='line_1_87' title="bbox 1280 2554 2301 2613; baseline -0.005 -15"><span class='ocrx_word' id='word_1_630' title='bbox 1280 2560 1462 2613; x_wconf 83' lang='grc' dir='ltr'>στερέωμα</span> <span class='ocrx_word' id='word_1_631' title='bbox 1482 2560 1515 2596; x_wconf 79' lang='grc' dir='ltr'>ἐν</span> <span class='ocrx_word' id='word_1_632' title='bbox 1538 2555 1633 2608; x_wconf 80' lang='grc' dir='ltr'>μέσῳ</span> <span class='ocrx_word' id='word_1_633' title='bbox 1657 2559 1715 2594; x_wconf 83' lang='grc' dir='ltr'>τοῧ</span> <span class='ocrx_word' id='word_1_634' title='bbox 1745 2554 1885 2603; x_wconf 72' lang='grc' dir='ltr'>ὕδατος,</span> <span class='ocrx_word' id='word_1_635' title='bbox 1911 2555 1970 2593; x_wconf 81' lang='grc' dir='ltr'>καὶ</span> <span class='ocrx_word' id='word_1_636' title='bbox 1991 2554 2079 2594; x_wconf 83' lang='grc' dir='ltr'>ἔστω</span> <span class='ocrx_word' id='word_1_637' title='bbox 2097 2557 2301 2608; x_wconf 68' lang='grc' dir='ltr'>διαχωρίζον</span> 
     </span>
     <span class='ocr_line' id='line_1_88' title="bbox 1281 2616 2300 2672; baseline -0.005 -13"><span class='ocrx_word' id='word_1_638' title='bbox 1281 2620 1452 2672; x_wconf 76' lang='grc' dir='ltr'>ἀναμέσον</span> <span class='ocrx_word' id='word_1_639' title='bbox 1482 2618 1604 2660; x_wconf 73' lang='grc' dir='ltr'>ὕδατος</span> <span class='ocrx_word' id='word_1_640' title='bbox 1635 2617 1693 2655; x_wconf 78' lang='grc' dir='ltr'>καὶ</span> <span class='ocrx_word' id='word_1_641' title='bbox 1724 2617 1858 2659; x_wconf 75' lang='grc' dir='ltr'>ὕδατος.</span> <span class='ocrx_word' id='word_1_642' title='bbox 1891 2616 2024 2654; x_wconf 78' lang='grc' dir='ltr'>Σκόπει</span> <span class='ocrx_word' id='word_1_643' title='bbox 2046 2632 2105 2666; x_wconf 89' lang='grc' dir='ltr'>μοι</span> <span class='ocrx_word' id='word_1_644' title='bbox 2135 2619 2300 2664; x_wconf 71' lang='grc' dir='ltr'>ἐνταῦθα,</span> 
     </span>
     <span class='ocr_line' id='line_1_89' title="bbox 1281 2676 2301 2735; baseline -0.002 -17"><span class='ocrx_word' id='word_1_645' title='bbox 1281 2678 1460 2735; x_wconf 69' lang='grc' dir='ltr'>ἀγαπητὲ,</span> <span class='ocrx_word' id='word_1_646' title='bbox 1484 2678 1708 2721; x_wconf 74' lang='grc' dir='ltr'>διδασκαλίας</span> <span class='ocrx_word' id='word_1_647' title='bbox 1723 2677 1937 2716; x_wconf 81' lang='grc' dir='ltr'>ἀκολουθίαν.</span> <span class='ocrx_word' id='word_1_648' title='bbox 1956 2676 2101 2724; x_wconf 74' lang='grc' dir='ltr'>Ἐπειδὴ</span> <span class='ocrx_word' id='word_1_649' title='bbox 2124 2677 2192 2730; x_wconf 82' lang='grc' dir='ltr'>γὰρ</span> <span class='ocrx_word' id='word_1_650' title='bbox 2211 2693 2301 2729; x_wconf 88' lang='grc' dir='ltr'>προ-</span> 
     </span>
     <span class='ocr_line' id='line_1_90' title="bbox 1279 2734 2303 2792; baseline -0.007 -10"><span class='ocrx_word' id='word_1_651' title='bbox 1279 2743 1397 2783; x_wconf 64' lang='grc' dir='ltr'>λαὸὼν</span> <span class='ocrx_word' id='word_1_652' title='bbox 1420 2745 1504 2792; x_wconf 78' lang='grc' dir='ltr'>ἡμῖν</span> <span class='ocrx_word' id='word_1_653' title='bbox 1524 2734 1598 2778; x_wconf 66' lang='grc' dir='ltr'>εἷπε</span> <span class='ocrx_word' id='word_1_654' title='bbox 1625 2738 1713 2790; x_wconf 74' lang='grc' dir='ltr'>μετὰ</span> <span class='ocrx_word' id='word_1_655' title='bbox 1731 2737 1793 2785; x_wconf 75' lang='grc' dir='ltr'>τὴν</span> <span class='ocrx_word' id='word_1_656' title='bbox 1814 2742 1873 2776; x_wconf 66' lang='grc' dir='ltr'>τοῦΙ</span> <span class='ocrx_word' id='word_1_657' title='bbox 1893 2739 2036 2788; x_wconf 70' lang='grc' dir='ltr'>οὐρανοῦ</span> <span class='ocrx_word' id='word_1_658' title='bbox 2068 2738 2126 2775; x_wconf 84' lang='grc' dir='ltr'>καὶ</span> <span class='ocrx_word' id='word_1_659' title='bbox 2153 2740 2216 2784; x_wconf 76' lang='grc' dir='ltr'>τ’ἧς</span> <span class='ocrx_word' id='word_1_660' title='bbox 2240 2742 2303 2789; x_wconf 70' lang='grc' dir='ltr'>γῆς</span> 
     </span>
     <span class='ocr_line' id='line_1_91' title="bbox 1282 2793 2304 2856; baseline -0.006 -13"><span class='ocrx_word' id='word_1_661' title='bbox 1282 2803 1534 2856; x_wconf 80' lang='grc' dir='ltr'>δημιουργίαν,</span> <span class='ocrx_word' id='word_1_662' title='bbox 1560 2800 1614 2840; x_wconf 79' lang='grc' dir='ltr'>ὅτι</span> <span class='ocrx_word' id='word_1_663' title='bbox 1640 2799 1686 2837; x_wconf 86' lang='lat' dir='ltr'>‘H</span> <span class='ocrx_word' id='word_1_664' title='bbox 1713 2798 1748 2838; x_wconf 75' lang='grc' dir='ltr'>δὲ</span> <span class='ocrx_word' id='word_1_665' title='bbox 1774 2802 1818 2851; x_wconf 76' lang='grc' dir='ltr'>γῆ</span> <span class='ocrx_word' id='word_1_666' title='bbox 1847 2793 1888 2845; x_wconf 68' lang='grc' dir='ltr'>ἦν</span> <span class='ocrx_word' id='word_1_667' title='bbox 1919 2798 2064 2851; x_wconf 82' lang='grc' dir='ltr'>ἀόρατος</span> <span class='ocrx_word' id='word_1_668' title='bbox 2094 2798 2153 2836; x_wconf 81' lang='grc' dir='ltr'>καὶ</span> <span class='ocrx_word' id='word_1_669' title='bbox 2172 2802 2304 2838; x_wconf 85' lang='grc' dir='ltr'>ἀκατα-</span> 
     </span>
     <span class='ocr_line' id='line_1_92' title="bbox 1283 2858 2305 2911; baseline 0.002 -14"><span class='ocrx_word' id='word_1_670' title='bbox 1283 2865 1468 2907; x_wconf 44' lang='lat' dir='ltr'>majas-coc,</span> <span class='ocrx_word' id='word_1_671' title='bbox 1480 2893 1489 2911; x_wconf 89' lang='lat'>,</span> <span class='ocrx_word' id='word_1_672' title='bbox 1506 2863 1564 2901; x_wconf 80' lang='grc' dir='ltr'>καὶ</span> <span class='ocrx_word' id='word_1_673' title='bbox 1580 2861 1642 2908; x_wconf 74' lang='grc' dir='ltr'>τὴν</span> <span class='ocrx_word' id='word_1_674' title='bbox 1661 2859 1774 2898; x_wconf 81' lang='grc' dir='ltr'>αἰτίαν</span> <span class='ocrx_word' id='word_1_675' title='bbox 1792 2858 2026 2911; x_wconf 84' lang='grc' dir='ltr'>προσέθηκεν,</span> <span class='ocrx_word' id='word_1_676' title='bbox 2042 2859 2096 2898; x_wconf 77' lang='grc' dir='ltr'>ὅτι</span> <span class='ocrx_word' id='word_1_677' title='bbox 2121 2860 2178 2897; x_wconf 78' lang='grc' dir='ltr'>διὰ</span> <span class='ocrx_word' id='word_1_678' title='bbox 2204 2864 2305 2899; x_wconf 75' lang='grc' dir='ltr'>τοῦτο</span> 
     </span>
     <span class='ocr_line' id='line_1_93' title="bbox 1284 2921 2305 2978; baseline -0.005 -13"><span class='ocrx_word' id='word_1_679' title='bbox 1284 2923 1324 2975; x_wconf 61' lang='grc' dir='ltr'>ἦν</span> <span class='ocrx_word' id='word_1_680' title='bbox 1360 2927 1520 2978; x_wconf 78' lang='grc' dir='ltr'>ἀόρατος,</span> <span class='ocrx_word' id='word_1_681' title='bbox 1546 2923 1603 2962; x_wconf 69' lang='grc' dir='ltr'>διὰ</span> <span class='ocrx_word' id='word_1_682' title='bbox 1633 2922 1672 2960; x_wconf 81' lang='grc' dir='ltr'>τὸ</span> <span class='ocrx_word' id='word_1_683' title='bbox 1703 2921 1939 2960; x_wconf 82' lang='grc' dir='ltr'>καλύπτεσθαι</span> <span class='ocrx_word' id='word_1_684' title='bbox 1969 2921 2036 2959; x_wconf 80' lang='grc' dir='ltr'>ὑπὸ</span> <span class='ocrx_word' id='word_1_685' title='bbox 2061 2925 2120 2959; x_wconf 78' lang='grc' dir='ltr'>τοῦ</span> <span class='ocrx_word' id='word_1_686' title='bbox 2152 2922 2305 2970; x_wconf 87' lang='grc' dir='ltr'>σκότους,</span> 
     </span>
     <span class='ocr_line' id='line_1_94' title="bbox 1287 2977 2305 3036; baseline -0.006 -8"><span class='ocrx_word' id='word_1_687' title='bbox 1287 2989 1430 3028; x_wconf 72' lang='grc' dir='ltr'>καὶτῶν</span> <span class='ocrx_word' id='word_1_688' title='bbox 1460 2986 1594 3025; x_wconf 75' lang='grc' dir='ltr'>ὑδάτων</span> <span class='ocrx_word' id='word_1_689' title='bbox 1611 2999 1618 3007; x_wconf 86' lang='grc'><em>·</em></span> <span class='ocrx_word' id='word_1_690' title='bbox 1642 2983 1734 3036; x_wconf 78' lang='grc' dir='ltr'>ὕδωρ</span> <span class='ocrx_word' id='word_1_691' title='bbox 1753 2982 1820 3034; x_wconf 73' lang='grc' dir='ltr'>γὰρ</span> <span class='ocrx_word' id='word_1_692' title='bbox 1846 2977 1887 3029; x_wconf 72' lang='grc' dir='ltr'>ἧν</span> <span class='ocrx_word' id='word_1_693' title='bbox 1904 2981 1943 3019; x_wconf 80' lang='grc' dir='ltr'>τὸ</span> <span class='ocrx_word' id='word_1_694' title='bbox 1968 2988 2056 3030; x_wconf 75' lang='grc' dir='ltr'>πᾶν,</span> <span class='ocrx_word' id='word_1_695' title='bbox 2085 2983 2144 3020; x_wconf 77' lang='grc' dir='ltr'>καὶ</span> <span class='ocrx_word' id='word_1_696' title='bbox 2173 2983 2305 3029; x_wconf 84' lang='grc' dir='ltr'>σκότος,</span> 
     </span>
     <span class='ocr_line' id='line_1_95' title="bbox 1283 3037 2305 3099; baseline -0.007 -10"><span class='ocrx_word' id='word_1_697' title='bbox 1283 3050 1342 3089; x_wconf 75' lang='grc' dir='ltr'>καί</span> <span class='ocrx_word' id='word_1_698' title='bbox 1362 3049 1458 3087; x_wconf 76' lang='grc' dir='ltr'>οὐδὲν</span> <span class='ocrx_word' id='word_1_699' title='bbox 1482 3047 1619 3099; x_wconf 78' lang='grc' dir='ltr'>ἕτερον·</span> <span class='ocrx_word' id='word_1_700' title='bbox 1648 3037 1723 3082; x_wconf 60' lang='grc' dir='ltr'>εἶτα</span> <span class='ocrx_word' id='word_1_701' title='bbox 1747 3047 1805 3080; x_wconf 71' lang='grc' dir='ltr'>τοῦ</span> <span class='ocrx_word' id='word_1_702' title='bbox 1833 3042 2011 3081; x_wconf 74' lang='grc' dir='ltr'>Δεσπότου</span> <span class='ocrx_word' id='word_1_703' title='bbox 2029 3043 2305 3095; x_wconf 83' lang='grc' dir='ltr'>προστάξαντος,</span> 
     </span>
     <span class='ocr_line' id='line_1_96' title="bbox 1284 3104 2308 3163; baseline -0.002 -17"><span class='ocrx_word' id='word_1_704' title='bbox 1284 3112 1450 3163; x_wconf 66' lang='grc' dir='ltr'>παρήχθη</span> <span class='ocrx_word' id='word_1_705' title='bbox 1469 3110 1508 3148; x_wconf 78' lang='grc' dir='ltr'>τὸ</span> <span class='ocrx_word' id='word_1_706' title='bbox 1524 3111 1594 3160; x_wconf 65' lang='grc' dir='ltr'>φῶς</span> <span class='ocrx_word' id='word_1_707' title='bbox 1607 3137 1616 3155; x_wconf 89' lang='grc'>,</span> <span class='ocrx_word' id='word_1_708' title='bbox 1636 3104 1720 3144; x_wconf 45' lang='grc' dir='ltr'>καθ’</span> <span class='ocrx_word' id='word_1_709' title='bbox 1733 3105 1970 3157; x_wconf 65' lang='grc' dir='ltr'>διαχ(·)ρισμος</span> <span class='ocrx_word' id='word_1_710' title='bbox 1984 3104 2103 3156; x_wconf 81' lang='grc' dir='ltr'>γέγονε</span> <span class='ocrx_word' id='word_1_711' title='bbox 2119 3105 2229 3156; x_wconf 69' lang='grc' dir='ltr'>φωτὸς</span> <span class='ocrx_word' id='word_1_712' title='bbox 2247 3107 2308 3144; x_wconf 84' lang='grc' dir='ltr'>καὶ</span> 
     </span>
    </p>
   </div>
   <div class='ocr_carea' id='block_1_5' title="bbox 259 3240 2309 3350">
    <p class='ocr_par' dir='ltr' id='par_1_5' title="bbox 259 3240 2309 3350">
     <span class='ocr_line' id='line_1_97' title="bbox 303 3240 2309 3289; baseline -0.007 -2"><span class='ocrx_word' id='word_1_713' title='bbox 303 3256 316 3279; x_wconf 81' lang='lat' dir='ltr'>s</span> <span class='ocrx_word' id='word_1_714' title='bbox 330 3255 394 3287; x_wconf 83' lang='lat' dir='ltr'>Sex</span> <span class='ocrx_word' id='word_1_715' title='bbox 410 3253 487 3286; x_wconf 83' lang='lat' dir='ltr'>Mss.</span> <span class='ocrx_word' id='word_1_716' title='bbox 510 3259 544 3284; x_wconf 73' lang='lat' dir='ltr'>ct</span> <span class='ocrx_word' id='word_1_717' title='bbox 566 3250 668 3283; x_wconf 77' lang='lat' dir='ltr'>Smil.</span> <span class='ocrx_word' id='word_1_718' title='bbox 684 3260 735 3289; x_wconf 77' lang='grc' dir='ltr'>τῆς</span> <span class='ocrx_word' id='word_1_719' title='bbox 756 3256 901 3285; x_wconf 73' lang='grc' dir='ltr'>ἐντεῦθεν.</span> <span class='ocrx_word' id='word_1_720' title='bbox 930 3248 1044 3283; x_wconf 76' lang='lat' dir='ltr'>Metel.</span> <span class='ocrx_word' id='word_1_721' title='bbox 1068 3256 1119 3286; x_wconf 80' lang='grc' dir='ltr'>τῆς</span> <span class='ocrx_word' id='word_1_722' title='bbox 1146 3251 1264 3280; x_wconf 70' lang='grc' dir='ltr'>ἐκεῖθεν.</span> <span class='ocrx_word' id='word_1_723' title='bbox 1302 3251 1398 3278; x_wconf 69' lang='grc' dir='ltr'>ἀπεισι</span> <span class='ocrx_word' id='word_1_724' title='bbox 1416 3250 1472 3288; x_wconf 57' lang='grc' dir='ltr'>γάρ</span> <span class='ocrx_word' id='word_1_725' title='bbox 1489 3247 1557 3286; x_wconf 74' lang='grc' dir='ltr'>μεθ’</span> <span class='ocrx_word' id='word_1_726' title='bbox 1576 3248 1659 3285; x_wconf 64' lang='grc' dir='ltr'>ἡμῶν</span> <span class='ocrx_word' id='word_1_727' title='bbox 1675 3247 1724 3276; x_wconf 65' lang='grc' dir='ltr'>καὶ</span> <span class='ocrx_word' id='word_1_728' title='bbox 1742 3250 1791 3279; x_wconf 67' lang='grc' dir='ltr'>τῆς</span> <span class='ocrx_word' id='word_1_729' title='bbox 1806 3246 1863 3274; x_wconf 76' lang='grc' dir='ltr'>ἐκεῖ</span> <span class='ocrx_word' id='word_1_730' title='bbox 1878 3245 2061 3286; x_wconf 41' lang='lat' dir='ltr'>ansila-cefaz,</span> <span class='ocrx_word' id='word_1_731' title='bbox 2075 3240 2226 3273; x_wconf 67' lang='lat' dir='ltr'>rccthn</span> <span class='ocrx_word' id='word_1_732' title='bbox 2240 3241 2309 3272; x_wconf 77' lang='lat' dir='ltr'>Mo-</span> 
     </span>
     <span class='ocr_line' id='line_1_98' title="bbox 259 3293 2175 3350; baseline -0.006 -12"><span class='ocrx_word' id='word_1_733' title='bbox 259 3305 360 3338; x_wconf 73' lang='lat' dir='ltr'>Paulo</span> <span class='ocrx_word' id='word_1_734' title='bbox 376 3313 452 3348; x_wconf 85' lang='lat' dir='ltr'>post</span> <span class='ocrx_word' id='word_1_735' title='bbox 474 3304 610 3337; x_wconf 88' lang='lat' dir='ltr'>Coisliu.</span> <span class='ocrx_word' id='word_1_736' title='bbox 631 3310 670 3337; x_wconf 81' lang='grc' dir='ltr'>τά</span> <span class='ocrx_word' id='word_1_737' title='bbox 693 3310 862 3350; x_wconf 70' lang='grc' dir='ltr'>πράγματα</span> <span class='ocrx_word' id='word_1_738' title='bbox 885 3306 1146 3348; x_wconf 66' lang='grc' dir='ltr'>διαχειριςώμεθα.</span> <span class='ocrx_word' id='word_1_739' title='bbox 1163 3297 1264 3332; x_wconf 74' lang='grc' dir='ltr'>δειιὶῑ.</span> <span class='ocrx_word' id='word_1_740' title='bbox 1303 3296 1360 3328; x_wconf 84' lang='lat' dir='ltr'>rel.</span> <span class='ocrx_word' id='word_1_741' title='bbox 1381 3295 1450 3327; x_wconf 69' lang='lat' dir='ltr'>lucc</span> <span class='ocrx_word' id='word_1_742' title='bbox 1467 3307 1484 3326; x_wconf 85' lang='lat' dir='ltr'>a</span> <span class='ocrx_word' id='word_1_743' title='bbox 1505 3293 1754 3339; x_wconf 70' lang='lat' dir='ltr'>typographicis</span> <span class='ocrx_word' id='word_1_744' title='bbox 1771 3294 1877 3335; x_wconf 76' lang='lat' dir='ltr'>operis</span> <span class='ocrx_word' id='word_1_745' title='bbox 1895 3294 2058 3334; x_wconf 75' lang='lat' dir='ltr'>permixta</span> <span class='ocrx_word' id='word_1_746' title='bbox 2075 3293 2175 3326; x_wconf 74' lang='lat' dir='ltr'>sucre.</span> 
     </span>
    </p>
   </div>
   <div class='ocr_carea' id='block_1_6' title="bbox 259 3362 551 3403">
    <p class='ocr_par' dir='ltr' id='par_1_6' title="bbox 259 3362 551 3403">
     <span class='ocr_line' id='line_1_99' title="bbox 259 3362 551 3403; baseline -0.017 -10"><span class='ocrx_word' id='word_1_747' title='bbox 259 3362 551 3403; x_wconf 68' lang='grc' dir='ltr'>μεταχειριζώμεθα.</span> 
     </span>
    </p>
   </div>
   <div class='ocr_carea' id='block_1_7' title="bbox 306 3401 1664 3451">
    <p class='ocr_par' dir='ltr' id='par_1_7' title="bbox 306 3401 1664 3451">
     <span class='ocr_line' id='line_1_100' title="bbox 306 3401 1664 3451; baseline -0.009 -10"><span class='ocrx_word' id='word_1_748' title='bbox 306 3422 316 3433; x_wconf 63' lang='lat'>³·</span> <span class='ocrx_word' id='word_1_749' title='bbox 336 3410 435 3442; x_wconf 55' lang='lat' dir='ltr'>Snvil⁴</span> <span class='ocrx_word' id='word_1_750' title='bbox 449 3417 483 3441; x_wconf 89' lang='lat' dir='ltr'>(·t</span> <span class='ocrx_word' id='word_1_751' title='bbox 500 3408 578 3451; x_wconf 77' lang='lat' dir='ltr'>Reg.</span> <span class='ocrx_word' id='word_1_752' title='bbox 595 3412 777 3451; x_wconf 54' lang='grc' dir='ltr'>ᾀποθολμεθα.</span> <span class='ocrx_word' id='word_1_753' title='bbox 793 3412 875 3450; x_wconf 58' lang='grc' dir='ltr'>παρ’)</span> <span class='ocrx_word' id='word_1_754' title='bbox 891 3415 986 3440; x_wconf 67' lang='grc' dir='ltr'>πᾶσαν</span> <span class='ocrx_word' id='word_1_755' title='bbox 1005 3411 1085 3448; x_wconf 64' lang='grc' dir='ltr'>ἡμῶν</span> <span class='ocrx_word' id='word_1_756' title='bbox 1102 3411 1153 3443; x_wconf 64' lang='grc' dir='ltr'>τὴν</span> <span class='ocrx_word' id='word_1_757' title='bbox 1172 3412 1258 3444; x_wconf 70' lang='grc' dir='ltr'>ζωήν·</span> <span class='ocrx_word' id='word_1_758' title='bbox 1297 3409 1405 3445; x_wconf 59' lang='grc' dir='ltr'>γέγονε.</span> <span class='ocrx_word' id='word_1_759' title='bbox 1424 3401 1535 3433; x_wconf 64' lang='lat' dir='ltr'>Mon-vl.</span> <span class='ocrx_word' id='word_1_760' title='bbox 1557 3404 1664 3443; x_wconf 54' lang='grc' dir='ltr'>ῧιυςχης</span> 
     </span>
    </p>
   </div>
   <div class='ocr_carea' id='block_1_8' title="bbox 1346 3346 2310 3392">
    <p class='ocr_par' dir='ltr' id='par_1_8' title="bbox 1346 3346 2310 3392">
     <span class='ocr_line' id='line_1_101' title="bbox 1346 3346 2310 3392; baseline -0.002 -12"><span class='ocrx_word' id='word_1_761' title='bbox 1346 3350 1361 3373; x_wconf 68' lang='grc' dir='ltr'>Ι»</span> <span class='ocrx_word' id='word_1_762' title='bbox 1381 3348 1480 3380; x_wconf 71' lang='lat' dir='ltr'>Snxil.</span> <span class='ocrx_word' id='word_1_763' title='bbox 1509 3352 1708 3392; x_wconf 64' lang='grc' dir='ltr'>διαχωρισμὸς</span> <span class='ocrx_word' id='word_1_764' title='bbox 1742 3350 1866 3387; x_wconf 70' lang='grc' dir='ltr'>ἐγένετο.</span> <span class='ocrx_word' id='word_1_765' title='bbox 1895 3347 1980 3377; x_wconf 78' lang='lat' dir='ltr'>Octo</span> <span class='ocrx_word' id='word_1_766' title='bbox 2012 3346 2084 3378; x_wconf 71' lang='lat' dir='ltr'>MSS.</span> <span class='ocrx_word' id='word_1_767' title='bbox 2113 3350 2310 3390; x_wconf 43' lang='lat' dir='ltr'>stupratam,-</span> 
     </span>
    </p>
   </div>
   <div class='ocr_carea' id='block_1_9' title="bbox 1674 3415 1801 3436">
    <p class='ocr_par' dir='ltr' id='par_1_9' title="bbox 1674 3415 1801 3436">
     <span class='ocr_line' id='line_1_102' title="bbox 1674 3415 1801 3436; baseline 0 -5"><span class='ocrx_word' id='word_1_768' title='bbox 1674 3415 1752 3436; x_wconf 59' lang='grc' dir='ltr'>’ταας</span> <span class='ocrx_word' id='word_1_769' title='bbox 1773 3418 1801 3434; x_wconf 58' lang='grc' dir='ltr'>ιμ</span> 
     </span>
    </p>
   </div>
   <div class='ocr_carea' id='block_1_10' title="bbox 2382 0 2433 966">
    <p class='ocr_par' dir='ltr' id='par_1_10' title="bbox 2382 0 2433 966">
     <span class='ocr_line' id='line_1_103' title="bbox 2382 0 2433 966; baseline 0 0"><span class='ocrx_word' id='word_1_770' title='bbox 2382 0 2433 966; x_wconf 95' lang='lat' dir='ltr'> </span> 
     </span>
    </p>
   </div>
  </div>
 </body>
</html>
