2516 3791
864 218 921 248 DE
959 216 1079 246 ANNA
1120 213 1269 243 §Ennio
1307 213 1350 242 V.

77 302 168 342 ἔστιν
186 301 279 354 ἅγιος
305 301 396 347 πλήν
415 316 489 340 σου.
508 301 682 350 Ἀληπτος
706 302 775 355 γὰρ
794 304 816 348 ἡ
840 300 952 354 κρίσις
974 299 1078 337 αὐτοῦ
1091 327 1101 345 ,

77 362 174 415 φησὶ,
189 362 326 416 καθαρὰ
347 362 407 400 καὶ
426 362 707 414 ἀπαραλόγιστος
725 366 748 409 ἡ
767 365 891 415 ψῆφος.
912 355 1013 405 Εἶδες
1032 362 1099 411 ψυ-

74 426 141 476 χῆς
159 422 370 475 εὐγνώμονος
401 423 554 473 ἔννοιαν,
573 427 628 463 Οὐ
646 424 714 477 γὰρ
742 418 818 463 εἶπε
844 423 930 476 πρὸς
955 421 1079 468 ἑαυτήν
1093 436 1100 444 ·

75 485 110 523 τί
135 485 202 537 γάρ
236 501 295 535 μοι
323 484 415 537 μέγα
442 485 580 538 γέγονε;
607 486 643 524 τί
670 487 706 525 δὲ
735 486 840 525 πλέον
864 489 934 524 τῶν
964 484 1099 528 ἄλλων;

73 545 191 600 Ὅπερ
211 549 231 593 ἡ
249 546 428 594 ἀντίζηλος
445 547 557 586 πάλαι
576 547 681 587 ἔλαὸε
698 548 757 587 καὶ
780 547 871 599 μετὰ
891 547 1023 591 πολλ’ἧς
1038 547 1100 591 τῆς

75 607 269 660 δαψιλείας,
294 611 395 646 τοῦτο
416 607 505 660 μετὰ
526 607 635 648 πολὺν
662 609 787 662 χρόνον
810 607 898 661 ἐγὼ,
919 605 1008 660 μετὰ
1030 621 1098 644 κα-

74 668 197 720 μάτου,
217 668 276 708 καὶ
291 669 448 721 δακρύων
464 700 473 717 ,
491 670 552 708 καὶ
571 670 761 724 ἱκετηρίας,
776 670 835 709 καὶ
851 671 1001 716 δεήσεως
1013 698 1023 715 ,
1040 667 1100 706 καὶ

73 730 177 769 πόνου
191 732 336 770 πολλοῦ.
362 731 454 770 Ἀλλ’
473 731 593 778 ἐπειδὴ
611 734 726 776 καλῶς
739 730 926 770 ἐπέπειστο
941 729 1021 782 περὶ
1037 731 1100 775 τῆς

72 795 132 830 τοῦ
156 794 249 831 Θεοῦ
275 792 450 846 προνοίας,
472 794 535 832 οὐκ
554 795 696 832 ἀπαιτεῖ
715 793 774 832 τὸν
797 791 981 838 Δεσπότην
1004 790 1100 829 εὐθύ-

73 869 133 897 νας
147 856 217 892 τῶν
236 854 438 906 γινομένων,
457 853 476 892 ὃ
494 853 617 892 πολλοὶ
638 857 706 892 τῶν
728 852 920 907 ἀνθρώπων
942 857 1099 900 ποιοῦσι,

73 917 150 952 καθ’
169 914 319 961 ἑκάστην
339 914 475 966 ἡμέραν
492 917 544 967 τῷ
563 916 646 968 Θεῷ
668 915 876 960 δικάζοντες.
904 914 979 953 Κᾶν
1000 913 1099 953 ἴδωσι

72 976 129 1014 τὸν
150 974 212 1028 μὲν
231 977 465 1023 πλουτοῦντα,
481 975 540 1014 τὸν
561 975 597 1014 δὲ
624 976 826 1029 πενόμενον,
848 975 990 1028 μυρίους
1008 975 1100 1014 κατὰ

72 1040 134 1083 τῆς
152 1038 314 1090 προνοίας
344 1039 449 1076 αὐτοῦ
480 1043 612 1078 κινοῦσι
638 1039 773 1091 λόγους.
805 1041 838 1078 Τ
843 1038 853 1077 ί
881 1044 1013 1083 ποιεῖς,
1040 1038 1100 1076 ἄν-

2040 197 2122 242 861

1176 309 1284 346 agens
1301 295 1442 335 dicebat
1464 312 1470 333 :
1490 296 1581 336 Non
1600 304 1655 335 est
1672 304 1844 342 sanctus,
1865 305 1904 335 ut
1921 304 1976 335 est
1994 297 2130 336 Domi-
2149 315 2173 336 ι.
2191 307 2253 344 Itcg
2284 318 2309 337 2.

1177 370 1262 407 nus,
1277 366 1314 395 ec
1339 371 1418 395 non
1442 367 1497 396 est
1517 361 1648 411 justus
1673 360 1771 397 sicut
1796 358 1902 396 Deus
1934 367 2074 405 noster,
2095 369 2131 398 et
2147 358 2174 378 ²‘

1125 430 1150 460 D
1177 430 1255 455 non
1272 427 1328 456 est
1348 427 1507 457 sanctus
1520 428 1662 471 praeter
1677 428 1726 457 te.
1747 418 1889 456 Etenim
1911 418 2131 472 irreprehen-

1175 478 1292 526 sibile,
1314 479 1638 532 inquit,judicium
1664 481 1753 532 ejus,
1768 489 1802 518 et
1837 479 2041 533 incorrupta
2078 481 2131 519 in-

1173 539 1411 592 fallibilisque
1434 541 1620 580 sententia.
1640 541 1779 581 Vidisti
1806 551 1914 594 gratae
1927 542 2054 580 animae
2068 557 2130 582 co-

1171 601 1350 653 gitatum?
1386 604 1463 641 Non
1519 603 1613 642 dixit
1665 604 1758 643 intra
1807 619 1844 643 se
1876 621 1883 641 :
1911 604 2010 652 Quid
2059 620 2130 644 ma-

1172 675 1298 713 gnum,
1319 672 1381 700 aut
1400 662 1488 714 quid
1507 678 1579 716 prae
1601 663 1683 702 aliis
1701 664 1848 717 accepi?
1864 665 1972 712 Quod
1994 665 2130 704 aemuloe

1172 737 1258 762 meae
1286 724 1363 777 jam
1384 724 1525 764 dudum
1557 725 1699 779 copiose
1729 726 1890 779 contigit,
1913 726 1948 765 id
1971 741 2037 778 ego
2067 728 2131 767 vix

1171 785 1315 824 tandem
1335 800 1465 838 magno
1486 796 1627 837 conatu,
1647 797 1681 826 et
1704 787 1884 841 lacrymis,
1897 798 1930 827 et
1951 789 2129 842 precibus,

1171 855 1205 885 et
1233 848 1556 901 supplicationibus
1588 849 1788 902 impetravi.
1838 850 1911 889 Sed
1959 851 2128 902 quoniam
2176 863 2262 892 nau«,
2278 866 2330 892 tm-

1171 908 1261 948 bene
1288 910 1463 949 sentiebat
1477 910 1522 950 de
1540 911 1605 949 Dei
1622 911 1862 964 providentia,
1879 913 2049 952 rationem
2065 914 2127 952 be·
2142 957 2154 974 1
2173 907 2329 975 ’ἱζῗὲᾟὶῑ

1171 971 1366 1011 neficentiae
1394 986 1464 1011 non
1495 973 1649 1026 reposcit
1671 989 1690 1013 a
1717 975 1998 1027 Domino,quod
2023 968 2331 1028 111ultiicposcex1112.

1171 1031 1318 1082 faciunt,
1332 1032 1495 1084 quotidie
1515 1035 1633 1072 Deum
1653 1033 1763 1087 injus
1781 1045 1957 1074 vocantes.
1973 1037 2012 1075 Si
2028 1036 2128 1076 vide-

71 1102 208 1152 ορωπε;
229 1100 292 1152 Τῷ
311 1098 487 1152 ουνδούλῳ
506 1100 657 1145 δικάζειν
680 1116 719 1139 σε
738 1102 800 1139 οὐχ
820 1103 934 1153 ἀφῆκε
959 1101 1102 1143 Παῦλος
1126 1112 1150 1142 Ε
1174 1093 1245 1132 rint
1266 1094 1361 1134 hunc
1381 1094 1546 1145 divitem,
1566 1095 1678 1134 alium
1700 1096 1854 1149 inopem,
1877 1111 1947 1136 non
1963 1097 2129 1137 desinunt

71 1158 162 1199 οὕτω
179 1160 290 1212 λέγων
302 1177 309 1183 ·
326 1159 441 1200 υΩστε
463 1160 512 1212 μὴ
529 1162 598 1215 πρὸ
613 1167 736 1215 καιροῦ
753 1178 788 1200 τι
806 1162 960 1216 κρίνετε,
977 1160 1042 1206 ἕως
1060 1160 1101 1198 ἂν

71 1223 153 1274 ἔλθῃ
169 1224 187 1259 6
204 1221 329 1274 Κύριος
342 1237 350 1246 ·
373 1222 432 1260 καὶ
450 1223 509 1262 τὸν
535 1223 718 1271 Δεσπότην
739 1225 786 1267 εἰς
801 1223 1026 1275 δικαστήριον
1046 1221 1102 1261 ἕλ-

72 1299 164 1331 κεις,
190 1283 250 1322 καὶ
278 1283 379 1336 λόγον
409 1286 569 1329 ἀπαιτεῖς
588 1287 656 1323 τῶν
676 1284 947 1338 πεπραγμένων,
977 1284 1036 1323 καὶ
1062 1286 1101 1324 οὗ

71 1345 241 1399 φρίττεις,
258 1346 334 1384 οὐδὲ
354 1346 534 1394 δέδοικας,
552 1347 622 1386 Καὶ
635 1347 738 1392 ποίας
751 1347 854 1399 τεύξῃ
872 1345 1101 1399 συγγνώμης,

70 1407 172 1452 ποίας
192 1407 227 1446 δὲ
244 1407 448 1460 ἀπολογίας,
466 1409 542 1447 εἶπέ
559 1425 639 1460 μοι,
661 1409 833 1454 τοσαύτας
849 1407 911 1460 μὲν
933 1412 997 1455 τῆς
1016 1424 1102 1461 προ-

70 1469 163 1513 νοίας
180 1471 284 1508 αὐτοῦ
301 1471 378 1508 καθ’
392 1469 543 1518 ἑκάστην
557 1471 694 1523 ἡμέραν
714 1471 774 1510 καὶ
793 1470 888 1523 ὥραν
909 1470 1102 1515 ἀποδείξεις

71 1530 273 1582 λαμὸάνων,
294 1531 363 1570 ἀπὸ
382 1531 418 1570 δὲ
438 1534 501 1578 τῆς
517 1531 610 1571 κατὰ
629 1533 687 1572 τὸν
712 1535 860 1573 πλοῦτον
878 1532 938 1572 καὶ
955 1532 1019 1581 τὴν
1039 1549 1100 1572 πε-

70 1592 145 1630 νίαν
171 1591 337 1640 δοκούσης
359 1593 562 1645 ἀνωμαλίας
578 1588 667 1633 εἶναι
692 1595 1020 1648 καταψηφιζόμενος
1038 1597 1102 1641 τῆς

71 1655 106 1691 ἐν
122 1654 252 1692 ἅπασιν
275 1653 453 1702 εὐταξίας,
481 1655 541 1693 καὶ
559 1660 670 1694 ταῦτα
692 1656 838 1705 ἀδίκως;
858 1659 903 1696 Ei.
922 1656 991 1710 γὰρ
1012 1656 1100 1707 μετὰ

1114 1696 1161 1722 w·

1171 1154 1363 1195 adversum
1379 1158 1456 1211 ejus
1470 1157 1733 1211 providentiam
1748 1159 1908 1212 obloqui.
1924 1160 2020 1207 Quid
2031 1161 2129 1211 sacis,

1173 1232 1193 1255 o
1208 1217 1347 1257 homo?
1362 1220 1416 1258 De
1435 1234 1604 1260 conservo
1625 1229 1660 1260 te
1669 1220 1834 1274 judicare
1852 1235 1921 1260 non
1942 1221 2026 1260 sinit
2039 1223 2130 1260 Pau-

1174 1279 1232 1319 lus
1256 1280 1394 1331 dicens,
1414 1283 1548 1322 Nolite
1567 1292 1660 1322 ante
1687 1293 1834 1336 tempus
1847 1286 2042 1337 judicare,
2065 1287 2131 1324 do·
2150 1295 2278 1331 rcum
2301 1295 2328 1321 3.

1174 1357 1243 1381 nec
1265 1346 1410 1382 veniat
1428 1346 1646 1384 Dominus:
1667 1354 1700 1384 et
1716 1355 1754 1384 tu
1770 1347 1971 1385 Dominum
1990 1347 2133 1400 injudi-

1171 1403 1269 1442 cium
1285 1405 1413 1456 trahis,
1432 1415 1466 1444 et
1487 1407 1663 1445 factorum
1685 1408 1861 1446 rationem
1881 1409 1928 1447 ab
1947 1424 1987 1448 eo
2001 1409 2130 1462 exigiS,

1171 1478 1236 1505 nec
1262 1466 1433 1506 exhorres
1458 1477 1521 1506 aut
1551 1468 1846 1521 expavescis?Et
1875 1485 1983 1522 quam
2015 1485 2133 1510 conse-

1169 1527 1288 1578 queris
1302 1528 1460 1579 veniam,
1475 1529 1638 1579 obsecro,
1653 1544 1763 1582 quam
1783 1531 2049 1575 excusationem
2067 1532 2132 1570 ha—

1170 1588 1285 1639 bebis,
1307 1603 1389 1628 cum
1412 1590 1563 1643 singulis
1597 1591 1740 1640 diebus,
1773 1592 1846 1632 imo
1871 1607 1957 1632 vero
1981 1594 2133 1646 singulis

1172 1649 1273 1689 horis
1286 1651 1575 1704 experimentum
1593 1652 1832 1705 providentia?
1848 1654 1926 1706 ejus
1945 1655 2082 1707 capias;
2102 1665 2135 1693 et

70 1719 132 1762 τῆς
147 1715 391 1768 προσηκούσης
407 1715 574 1768 γνώμης,
595 1717 656 1756 ml.
683 1718 928 1769 πεπονημένης
947 1717 1102 1761 διανοίας
1126 1733 1152 1763 Α
1174 1718 1290 1749 tamen
1315 1711 1362 1749 ob
1394 1711 1690 1763 inaequalitatem,
1719 1727 1798 1764 quae
1827 1713 1919 1751 inter
1944 1713 2075 1754 divites
2102 1725 2135 1753 et

71 1777 131 1815 καὶ
150 1782 259 1816 ταῦτα
274 1776 444 1822 ἐξετάζειν
464 1778 604 1826 ἤθελες,
622 1781 651 1818 εἶ
666 1779 726 1818 καὶ
747 1779 856 1831 μηδὲν
870 1779 986 1833 ἕτερον
1000 1773 1042 1826 ἦν
1062 1780 1102 1819 τὸ

70 1841 238 1877 συνιστῶν
268 1837 331 1885 τὴν
364 1842 423 1878 τοῦ
453 1841 546 1879 Θεοῦ
575 1840 755 1892 πρόνοιαν,
775 1844 793 1879 6
808 1843 956 1885 πλοῦτος
987 1840 1048 1879 καὶ
1078 1844 1100 1887 ἡ

69 1899 171 1938 πενία
195 1899 324 1947 ταύτην
351 1899 392 1938 ἂν
423 1900 577 1951 μάλιστα
600 1905 723 1954 σαφῶς
742 1902 931 1947 ἀπέδειξεν.
953 1901 1013 1941 Ἂν
1035 1901 1102 1955 γὰρ

70 1962 195 2014 ἀνέλῃς
219 1961 281 2009 τὴν
314 1962 449 2009 πενίαν,
480 1966 540 2002 τοῦ
570 1963 645 2015 βίου
673 1963 735 2011 τὴν
772 1963 939 2003 σύστασιν
971 1966 1103 2009 ἀνεῖλες

69 2024 224 2073 ἅπασαν,
251 2024 311 2063 καὶ
341 2024 537 2079 διέφθειρας
569 2029 671 2077 ἡμῶν
699 2026 763 2074 τὴν
790 2026 901 2073 ζωήν·
933 2026 993 2064 καὶ
1023 2026 1101 2066 οὔτε

68 2084 215 2133 ναύτης,
235 2084 314 2124 οὔτε
331 2085 546 2138 κυὸερνῆτης
557 2118 566 2134 ,
581 2089 620 2126 οὐ
639 2087 802 2140 γεωργὸς,
822 2089 884 2126 οὔκ
900 2087 1079 2139 οἰκοδόμος
1090 2119 1100 2136 ,

69 2147 134 2198 οὐχ
152 2146 323 2198 ὑφάντης,
351 2148 417 2199 οὐχ
443 2148 801 2203 ὑποδηματοῤῥάφος,
829 2151 867 2189 οὗ
892 2149 1037 2199 τέκτων,
1062 2152 1101 2188 οὗ

68 2207 302 2260 χαλκοτύπος,
316 2211 354 2247 οὔ
365 2210 588 2261 σκυτοτόμος,
601 2212 639 2248 οὐ
654 2211 841 2260 σιτοποιὸς,
853 2213 915 2250 οὐκ
926 2211 1029 2255 ἄλλος
1047 2228 1100 2256 τις

69 2273 137 2308 τῶν
156 2271 378 2324 δημιουργῶν
397 2271 495 2310 ἔσται
514 2272 645 2311 τούτων
659 2289 666 2296 ·
687 2273 819 2312 τούτων
839 2273 874 2312 δὲ
895 2275 957 2313 οὐκ
975 2273 1097 2321 ὄντων,

69 2331 184 2370 πάντα
194 2334 278 2382 ἡμῖν
289 2332 485 2384 οἰχήσεται.
499 2334 572 2372 Νῦν
588 2332 650 2386 μὲν
663 2334 743 2389 γὰρ,
756 2335 915 2389 καθάπερ
931 2335 1098 2374 διδάσκα-

69 2391 128 2434 λός
139 2407 191 2435 τις
212 2392 352 2444 ἀρίστη,
365 2393 501 2446 ἑκάστῳ
512 2395 643 2434 τούτων
662 2397 903 2449 ἐπικαθημένη
920 2400 942 2444 ἠ
960 2401 1022 2446 τ’ἥς
1038 2415 1097 2437 πε-

71 2451 145 2496 νίας
158 2452 306 2503 ἀνάγκη,
321 2454 407 2506 πρὸς
422 2455 468 2494 τὰ
490 2454 575 2507 ἔργα
591 2457 651 2494 καὶ
666 2457 815 2502 ἄκοντας
828 2461 989 2498 συνωθεῖ·
1009 2461 1039 2498 εἷ
1060 2458 1096 2498 δὲ

72 2513 221 2558 ἅπαντες
241 2514 386 2564 ἔμελλον
408 2517 584 2566 πλουτεῖν,
603 2518 753 2563 ἅπαντες
773 2518 918 2570 ἔμελλον
936 2522 972 2559 ἐν
992 2520 1097 2574 ἀργίᾳ

72 2577 145 2626 ζῇν·
168 2575 228 2613 καὶ
252 2574 340 2614 οὕτω
360 2576 474 2615 πάντα
503 2577 544 2616 ἂν
563 2578 725 2618 ἀπώλετο
739 2580 800 2619 καὶ
815 2581 996 2634 διεφθάρη.
1017 2583 1098 2622 Χω-

73 2637 123 2688 ρὶς
143 2635 179 2674 δὲ
197 2639 266 2675 τῶν
285 2637 478 2689 εἰρημένων
500 2639 560 2678 καὶ
581 2641 707 2694 ἑτέρως
735 2642 858 2687 αὐτοὺς
886 2646 947 2682 ἀπ’
970 2645 1097 2693 αὐτῶν,

71 2690 118 2734 ὧν
141 2697 348 2749 ἐγκαλοῦσι,
376 2698 482 2738 πάλιν
502 2701 727 2753 ἐπιστομίσαι
747 2703 877 2756 ῥᾴδιον.
904 2704 1009 2750 Τίνος
1029 2706 1098 2760 γὰρ

72 2757 198 2805 ἕνεκεν,
218 2758 294 2797 εἶπέ
316 2775 374 2808 μοι
387 2790 397 2807 ,
429 2768 634 2814 κατηγορεῖς
650 2767 714 2811 τῆς
729 2768 790 2803 τοῦ
804 2767 896 2805 Θεοῦ
912 2767 1096 2819 προνοίας;

72 2817 193 2880 ἐπειδὴ
206 2821 225 2856 6
239 2818 302 2869 μὲν
325 2820 455 2869 πλείω,
474 2825 493 2861 6
511 2823 548 2862 δὲ
566 2824 702 2864 ἐλάττω
719 2825 887 2874 κέκτηται
910 2828 1081 2880 χρήματα
1088 2845 1098 2876 ;

73 2878 121 2916 Τί
134 2881 212 2926 οὖν;
228 2878 270 2916 ἂν
285 2880 320 2917 ἐν
336 2885 406 2925 τοῖς
419 2884 716 2935 ἀναγκαιοτάτοις,
733 2887 794 2926 καὶ
807 2890 928 2941 πολλῷ
948 2889 1097 2940 μείζοσι,

73 2939 134 3002 καὶ
154 2941 355 2992 συνέχουσιν
375 2945 477 2993 ἡμῶν
496 2943 560 2991 τὴν
587 2945 692 2994 ζωὴν,
719 2947 884 3000 δείξωμεν
903 2949 1098 3002 ἰσομοιρίαν

71 3003 177 3039 οὖσαν
197 3007 302 3040 πᾶσιν
323 3003 539 3056 ἀνθρώποις,
561 3007 674 3059 ψηφιῇ
689 3011 732 3060 τῇ
745 3013 806 3048 τοῦ
819 3013 913 3050 Θεοῦ
932 3011 1099 3064 προνοίᾳ;

73 3062 221 3114 Ἀνάγκη
241 3069 350 3103 πᾶσα,
383 3066 426 3103 Εἰ
445 3065 514 3119 γὰρ
539 3066 580 3105 τὸ
606 3067 656 3118 μὴ
678 3069 811 3115 πάντας
832 3072 984 3119 ’ἐπίσης
1006 3074 1098 3111 ἀπο-

72 3123 189 3162 λαύειν
210 3124 282 3169 ἑνὸς
303 3125 510 3178 πράγματος
523 3158 532 3175 ,
558 3129 752 3182 χρημάτων
777 3132 889 3184 λέγω,
922 3134 1096 3179 ἀπόδειξιν

72 3187 155 3236 ποιῇ
174 3189 235 3224 τοῦ
253 3187 429 3237 μηδεμίαν
448 3183 536 3227 εἶναι
552 3189 729 3243 πρόνοιαν,
749 3192 790 3231 ἂν
810 3197 963 3246 φανῶσιν
983 3195 1098 3242 ἐξίσης

74 3245 222 3290 ἅπαντες
252 3249 513 3299 ἀπολαύοντας,
544 3254 608 3303 οὐχ
654 3252 728 3296 ἑνὸς
759 3255 987 3307 πράγματος,
1018 3257 1095 3296 οὐδὲ

74 3304 180 3350 οὕτως
202 3309 376 3356 εὐτελοῦς,
408 3311 497 3350 ἀλλὰ
524 3313 692 3352 πλειόνων
717 3314 775 3352 καὶ
801 3317 888 3355 πολὺ
915 3319 1093 3369 μειζόνων,

118 3420 132 3435 ³
156 3410 251 3445 colb.
270 3422 301 3447 et
321 3415 400 3459 neg.
422 3422 537 3456 ἑξίσης.

1123 2349 1146 2380 B

1172 1785 1346 1825 pauperes
1375 1772 1540 1824 videtur,
1567 1774 1730 1813 omnium
1757 1790 1877 1813 rerum
1907 1776 2039 1814 bonam
2075 1791 2136 1816 or—

1171 1833 1392 1873 dinationem
1415 1833 1578 1886 damnes,
1598 1835 1707 1887 idque
1728 1836 1882 1889 injuste?
1905 1837 1944 1876 Si
1968 1837 2063 1876 enim
2086 1838 2136 1876 ita

1173 1904 1213 1933 ut
1238 1895 1401 1946 decebat,
1424 1911 1506 1936 cum
1533 1910 1664 1949 magna
1693 1897 1822 1936 mentis
1850 1899 2041 1938 attentione
2060 1900 2136 1938 haee

1172 1959 1323 1997 scrutari
1341 1958 1529 2009 voluisses,
1552 1959 1691 1997 etiamsi
1714 1960 1856 1998 nullum
1882 1961 1983 1999 aliud
2001 1960 2134 1999 divinae

1171 2019 1407 2072 providentiae
1423 2030 1676 2072 argumentum
1690 2021 1889 2072 habuisses,
1904 2032 1998 2062 certe
2015 2038 2060 2062 cx
2079 2023 2135 2061 di-

1171 2080 1270 2120 vitiis
1288 2091 1322 2120 et
1335 2091 1542 2135 paupertate
1560 2097 1639 2121 eam
1660 2081 1924 2136 deprehendere
1945 2085 2131 2137 potuisses.

1172 2144 1387 2196 Paupertate
1405 2144 1501 2182 enim
1525 2144 1677 2194 sublata,
1693 2145 1775 2184 vitae
1795 2145 1907 2185 totius
1931 2146 2137 2185 constitutio

1170 2205 1366 2256 tolleretur,
1388 2214 1421 2244 et
1453 2206 1569 2244 omnis
1600 2206 1749 2246 vivendi
1780 2207 1872 2246 ratio
1903 2208 2132 2261 perturbare·

1171 2276 1229 2305 tur
1255 2282 1264 2305 ε
1289 2282 1402 2321 neque
1428 2277 1536 2307 nauta
1566 2268 1634 2307 erit
1658 2283 1772 2321 neque
1799 2270 2041 2322 gubernator,
2065 2285 2135 2309 nou

1170 2329 1350 2382 agricola,
1377 2344 1449 2369 non
1487 2330 1752 2381 caementarius,
1787 2345 1857 2370 non
1888 2341 2028 2382 textor,
2060 2347 2129 2371 non

1169 2399 1283 2442 sutor,
1310 2405 1380 2430 non
1411 2391 1526 2442 faber,
1548 2405 1619 2430 non
1653 2392 1816 2442 aerarius,
1839 2407 1910 2432 non
1944 2394 2131 2443 coriarius,

1168 2452 1344 2506 pistorve,
1365 2467 1429 2492 nec
1446 2453 1556 2510 ‘alius
1583 2453 1681 2493 ullus
1709 2454 1832 2507 opifex
1855 2470 1863 2491 :
1888 2455 2020 2506 quibus
2060 2470 2130 2494 non

1169 2514 1410 2565 exstantibus,
1430 2514 1550 2554 omnia
1584 2528 1730 2567 pessum
1750 2515 1868 2553 ibunt.
1892 2516 1997 2555 Nunc
2015 2517 2124 2567 enim,

1168 2576 1272 2628 quasi
1289 2577 1459 2628 magistra
1482 2575 1650 2627 quaedam
1670 2576 1817 2629 optima,
1831 2577 2018 2617 necessitas
2036 2593 2128 2632 pau-—

1169 2638 1319 2691 pertatis
1346 2637 1506 2690 singulos
1534 2637 1581 2675 ad
1610 2652 1718 2691 opera
1750 2637 1808 2676 vel
1837 2638 1969 2678 invitos
2001 2651 2127 2694 urget:

1171 2697 1268 2750 quod
1293 2698 1325 2736 si
1349 2712 1474 2737 omnes
1503 2707 1618 2737 essent
1642 2698 1786 2749 divites,
1813 2714 1934 2739 omnes
1957 2701 2065 2740 etiam
2092 2703 2128 2742 in

1169 2760 1242 2798 otio
1268 2759 1446 2810 viverent,
1467 2769 1573 2812 atque
1600 2760 1649 2799 ita
1668 2761 1788 2799 omnia
1809 2775 1952 2814 pessum
1969 2763 2074 2814 irent,
2095 2775 2128 2803 et

1170 2820 1261 2859 nihil
1282 2834 1352 2858 non
1370 2820 1513 2874 periret.
1536 2821 1709 2859 Praeterea
1728 2821 1805 2860 suis
1829 2822 1994 2878 ipsorum·
2008 2825 2128 2863 verbis

1170 2882 1333 2921 convinci
1362 2891 1527 2934 possunt,
1552 2890 1586 2920 et
1613 2881 1660 2920 ad
1685 2882 1869 2921 silentium
1900 2884 2028 2935 redigi.
2054 2887 2127 2925 Cur

2197 2526 2330 2565 Pauper-

2142 2573 2182 2596 tas
2196 2574 2271 2597 artes
2287 2570 2333 2596 in-

2142 2611 2232 2638 venit.

1122 2953 1147 2985 c
1169 2944 1276 2991 enim,
1295 2957 1430 2994 quaeso,
1452 2943 1519 2981 Dei
1538 2942 1802 2995 providentiam
1817 2947 1988 2986 accusas?
2001 2961 2126 3000 nempe

1170 3003 1267 3055 quod
1285 3003 1380 3042 alius
1399 3003 1496 3056 plus,
1518 3003 1610 3041 alius
1625 3003 1745 3042 minus
1758 3005 1993 3057 pecuniarum
2007 3008 2123 3059 possi-

1169 3065 1240 3103 det.
1260 3063 1358 3112 Quid
1381 3064 1490 3102 tum?
1510 3063 1539 3102 si
1559 3064 1594 3102 in
1618 3064 1816 3116 majoribus
1851 3067 1971 3116 rebus,
1994 3077 2027 3105 et
2045 3068 2124 3118 qui-

1168 3126 1236 3164 bus
1254 3126 1329 3164 vita
1349 3134 1468 3164 nostra
1486 3133 1638 3173 constat,
1657 3139 1759 3177 pares
1780 3139 1854 3164 esse
1872 3141 1992 3165 omnes
2008 3127 2121 3164 liomi·

1167 3202 1228 3227 nes
1247 3186 1444 3234 ostendam,
1455 3199 1593 3224 neeesse
1607 3185 1673 3224 erit
1693 3195 1732 3234 ut
1747 3201 1810 3239 per
1822 3189 1940 3225 omnia
1959 3187 2119 3225 divinam

1169 3247 1432 3302 providentiam
1461 3246 1650 3300 approbes.
1677 3248 1767 3286 Nam
1807 3249 1836 3285 si
1866 3247 1947 3285 inde
1982 3247 2120 3297 colligis

1170 3317 1306 3355 null-nm
1332 3330 1405 3355 esse
1436 3314 1712 3367 providentiam.
1730 3315 1825 3365 quod
1855 3329 1920 3352 una
1948 3314 1981 3352 in
2003 3328 2039 3352 re
2061 3329 2122 3368 po-
