2516 3791
651 232 690 261 ΙΝ
731 232 830 261 CAP-

86 316 363 369 κληρονομήσετι
382 315 444 362 τὴν
471 317 533 365 γῆν
564 315 630 352 τῶν
651 315 810 368 πατέρων
835 317 944 365 ὑμῶν,
971 315 1024 354 ὅτι
1057 315 1115 352 καὶ

84 377 146 424 τὴν
166 376 336 427 Σηκίμων
362 375 462 415 πόλιν
480 391 534 414 σοι
553 375 679 425 δίδωμι
705 375 939 428 κληρονομίαν
961 375 1114 427 Ἐξαίρε-

82 453 137 476 τον
166 437 253 489 ὑπὲρ
286 436 363 480 τοὺς
392 436 558 489 ἀδελφούς
587 451 667 483 σου,
699 436 740 482 ἣν
773 436 896 475 ἔλαὸον
929 438 968 474 ἐκ
998 435 1114 487 χειρὸς

81 498 300 552 Ἀμορραίων
331 500 365 536 ἓν
387 498 548 552 μαχαίρᾳ
570 515 635 549 μου
658 499 718 537 καὶ
743 498 847 550 τόξῳ.
873 498 920 537 Τί
950 496 991 544 δὴ
1012 496 1113 536 τοῦτό

80 562 177 608 ἐστι,
201 561 256 599 Τὰ
278 560 376 614 παρὰ
392 565 451 599 τοῦ
473 560 622 612 ...υμεὼν
649 560 708 599 καὶ
728 560 814 599 Λευὶ
837 558 1051 612 γεγενημένα
1065 561 1112 601 εἰς

78 621 156 666 τοὺς
174 623 209 660 ἐν
227 622 399 673 Σηκίμοις
419 624 604 661 οἰκειοῦται
617 652 626 670 ,
643 623 703 660 καὶ
720 620 777 660 διὰ
796 626 896 660 τοῦτο
911 620 1022 672 λέγει·
1041 618 1109 658 Ἣν

78 683 204 722 ἐλαὸον
240 687 274 722 ἐν
311 683 471 738 μαχαίρᾳ
505 699 570 734 μου
609 683 668 722 καὶ
699 682 800 735 τόξῳ.
833 681 924 720 Ἀλλ’
964 683 1110 720 ἐνταῦθα

872 232 997 261 thx.
1038 232 1200 262 Gumis.

1242 231 1398 262 uomit„
1442 233 1549 263 cvu.
2046 225 2133 286 7²37

1185 323 1217 352 et
1235 314 1457 353 Seeimorum
1476 315 1656 354 civitatem
1674 316 1736 354 tibi
1757 315 1803 353 ‹lo
1825 316 2055 355 hereditatem
2070 321 2136 357 ele-

1182 384 1276 414 ctam
1292 378 1582 429 Proesratribus
1601 380 1689 425 tuis,
1710 391 1826 429 quum
1846 381 1928 430 cepi
1952 379 1999 417 de
2021 393 2137 417 ηιαιιιι

1184 437 1503 476 Amorrhaeorum
1524 441 1564 475 in
1578 439 1713 490 gladio
1733 453 1816 475 meo
1840 447 1875 477 et
1891 453 1998 477 arcu.
2023 440 2138 486 Quid-

1182 498 1345 536 namhoc
1362 500 1438 536 est?
1451 502 1539 546 Qua·
1559 515 1577 537 a
1598 500 1775 553 Symeone
1793 509 1826 538 et
1848 501 1934 540 Levi
1950 502 2039 539 sacta
2058 511 2138 540 sunt

1181 568 1302 598 contra
1323 560 1510 598 Secimitas
1535 561 1570 598 in
1594 576 1779 613 personam
1810 562 1993 614 propriam
2022 571 2137 600 trans-

1179 622 1246 659 sert
1267 637 1274 658 :
1297 631 1331 660 et
1344 632 1490 676 propter
1509 623 1576 661 lioc
1595 622 1698 673 dicit,
1725 625 1818 674 Quce
1837 627 1922 675 cepi
1941 627 1982 661 in
2004 625 2137 676 gladio

1181 696 1264 720 meo
1294 692 1329 721 et
1363 698 1472 722 arcu.
1506 683 1575 723 Sed
1609 683 1668 721 hic
1701 694 1902 737 opportune
1934 685 2139 736 quaesiverit

79 746 247 799 εὐκαίρως
266 745 445 792 ζητήσειεν
464 745 504 783 ἄν
520 761 571 788 τις
582 774 591 791 ,
607 745 698 788 τίνος
717 744 830 782 ἕνεκεν
841 742 1110 793 οἰκειωσάμενος
1119 782 1166 806 630
1181 744 1360 797 quispiam
1377 761 1384 782 :
1405 745 1451 783 Et
1467 759 1576 798 quare
1591 746 1658 783 hoc
1673 746 1810 784 sacInus
1826 761 1931 784 suum
1949 747 2043 795 lacit,
2056 762 2136 785 eum

78 806 118 844 τὸ
136 807 381 859 γεγενημένον,
402 808 420 843 ὁ
442 806 532 857 μετὰ
551 812 661 845 ταῦτα
681 804 818 855 μέλλων
844 804 1109 852 διατάττεσθαι,

78 867 300 920 ἀνάγραπτον
333 867 395 915 τὴν
432 869 510 906 κατ’
544 870 654 905 αὐτῶν
688 872 840 904 ποιεῖται
875 865 1110 918 κατηγορίαν,

77 930 158 981 Οὐχ
175 932 288 982 ἑαυτῷ
315 929 573 981 ἐναντιούμενος
592 932 610 967 ὁ
633 927 785 976 δίκαιος,
808 926 898 967 ἀλλὰ
918 926 1051 973 δεικνὺς
1071 927 1110 967 τὸ

75 990 206 1042 ἥμερον
227 992 332 1029 αὐτοῦ
346 994 409 1038 τῆς
437 989 598 1043 γνώμης,
618 989 678 1029 καὶ
702 989 755 1028 ὅτι
783 989 882 1043 παρὰ
912 990 975 1038 τὴν
1005 994 1109 1030 αὐτοῦ

75 1050 218 1104 γνώμην
235 1057 337 1092 τοῦτο
357 1052 582 1106 διεπράττετο
595 1067 603 1075 ·
619 1052 658 1090 οὐ
678 1050 746 1105 γὰρ
772 1051 874 1102 μόνον
894 1054 956 1091 οὐκ
972 1053 1106 1105 ’ἠρέσθη

73 1119 143 1157 τοῖς
163 1113 376 1166 γινομένοις,
408 1114 500 1153 ἀλλὰ
519 1112 579 1152 καὶ
600 1113 803 1167 ἐμέμψατο,
823 1113 944 1162 ἐπειδὴ
975 1115 1106 1167 γέγονε.

74 1174 144 1213 Διὰ
180 1179 282 1214 τοῦτο
313 1176 422 1215 θέλων
447 1176 556 1220 δεῖξαι
584 1173 648 1222 τὴν
670 1175 750 1227 περὶ
777 1175 836 1214 τὸν
853 1175 985 1229 Ἰωσὴφ
1005 1179 1106 1229 φιλο-

74 1237 250 1289 στοργίαν,
282 1239 376 1291 αὐτῷ
394 1242 602 1289 παραχωρεῖ
622 1235 668 1274 τὰ
699 1236 862 1288 Σήκιμα,
891 1238 952 1276 καί
982 1254 1106 1291 φησιν·

72 1297 142 1336 ζἬν
161 1298 286 1336 ἔλαὸον
317 1300 352 1336 ἐν
375 1299 536 1352 μαχαίρᾳ
560 1314 627 1350 μου
655 1297 716 1336 καὶ
750 1297 851 1352 τόξῳ.
871 1300 915 1338 Εἰ
947 1299 1014 1353 γὰρ
1045 1301 1106 1339 καὶ

72 1359 212 1398 ἐκείνων
245 1360 286 1398 τὸ
321 1359 420 1413 ἔργον
451 1360 604 1412 γέγονεν,
638 1360 714 1398 ἀλλ’
750 1362 786 1398 ἐν
819 1363 862 1412 τῇ
898 1362 966 1413 ἐμῇ
992 1368 1104 1401 κεῖται

73 1420 222 1473 ἐξουσίᾳ.
258 1423 302 1460 Εἰ
335 1422 403 1475 γὰρ
435 1425 503 1461 τῶν
543 1421 678 1460 παίδων
713 1421 884 1470 δεσπότης
913 1426 932 1461 ὁ
965 1423 1102 1478 πατὴρ,

74 1483 193 1533 πολλῷ
218 1482 351 1532 μᾶλλον
373 1484 442 1520 τῶν
472 1484 529 1521 ὑπ’
559 1484 672 1520 αὐτῶν
696 1482 892 1528 κτηθέντων
923 1482 1039 1536 κύριος
1063 1484 1104 1522 ἂν

72 1540 126 1588 εἴη
139 1556 147 1563 ·
163 1542 194 1578 εἷ
209 1541 245 1579 δὲ
265 1541 402 1594 κύριος,
419 1541 478 1581 καὶ
494 1542 512 1580 ὃ
529 1541 692 1594 βούλεται
703 1541 878 1593 διανέμειν
894 1542 934 1580 ἂν
952 1542 1101 1582 δύναιτο.

71 1605 175 1645 Ἐπεὶ
193 1601 250 1644 οὐν
271 1606 431 1646 ἐὸούλετο
444 1607 552 1652 δεῖξαι
568 1606 629 1654 τὴν
641 1606 721 1659 περὶ
734 1606 791 1645 τὸν
808 1605 1102 1659 Ἰωσὴφεῦνοιαν,

72 1667 110 1704 οὐ
144 1664 246 1716 μόνον
280 1665 336 1703 διὰ
366 1668 428 1712 τῆς
447 1669 507 1705 τοῦ
540 1667 700 1718 Ἐφραὶμ
731 1665 791 1703 καὶ
825 1669 885 1703 τοῦ
922 1668 1100 1714 Μανασσῆ

71 1724 228 1776 εὐλογίας
245 1728 346 1763 τοῦτο
361 1724 566 1772 πεποίηκεν,
589 1723 678 1762 ἀλλὰ
698 1723 757 1761 καὶ
783 1722 840 1761 διὰ
861 1728 921 1762 τοῦ
945 1723 1009 1771 τὴν
1027 1726 1102 1772 Σή-

71 1800 160 1835 κιμα
192 1783 366 1836 ἐξαίρετον
399 1783 636 1835 κληρονομίαν
669 1784 874 1821 καταλιπεῖν
905 1786 955 1836 τῷ
987 1785 1101 1824 παιδί.

70 1843 142 1882 Καὶ
152 1843 307 1889 ἐκάλεσε,
319 1843 402 1896 φησὶ
414 1874 425 1892 ,
442 1842 520 1887 τοὺς
535 1842 627 1886 υἱοὺς
644 1845 748 1881 αὐτοῦ
764 1841 895 1881 Ἰακὼὸ
905 1873 914 1891 ,
930 1843 987 1881 καὶ
1004 1838 1079 1883 εἶπε
1092 1861 1100 1868 ·

69 1905 285 1958 συνάχθητε,
308 1903 365 1943 ἵνα
385 1905 581 1957 ἀναγγείλω
602 1907 684 1956 ὑμῖν
703 1904 737 1942 τί
760 1903 1000 1952 ἀπαντήσεται
1021 1909 1101 1958 ὑμῖν

69 1968 124 2006 ἐπ’
143 1966 302 2019 ἐσχάτων
327 1969 395 2005 τῶν
416 1969 570 2019 ἡμερῶν.
590 1965 829 2019 Ἀθροίσθητε,
844 1967 905 2004 καὶ
929 1967 1101 2007 ἀκούσατε

68 2027 216 2080 Ἰσραὴλ
248 2032 308 2066 τοῦ
339 2028 470 2079 πατρὸς
500 2030 610 2078 ὑμῶν.
643 2027 738 2080 ”Ορα
769 2031 841 2075 4τοῦ
875 2028 1008 2067 δικαίου
1037 2029 1100 2076 τὴν

69 2088 217 2126 σύνεσιν.
235 2086 383 2134 Ἐπειδὴ
416 2086 563 2139 προῄδει
594 2090 656 2133 τῆς
684 2088 847 2134 τελευτῆς
876 2087 936 2126 τὸν
966 2087 1100 2141 καιρὸν,

69 2151 169 2187 καλεῖ
186 2148 265 2192 τοὺς
284 2149 411 2192 παῖδας
429 2148 513 2200 πρὸς
530 2148 664 2197 ἑαυτὸν,
686 2148 747 2186 καί
763 2164 865 2202 φησι·
881 2149 1100 2203 Συνάχθητε,

68 2209 124 2247 ἵνα
150 2213 230 2261 ὑμῖν
265 2209 333 2256 ἤδη
366 2208 655 2262 προαναφωνήσω
684 2209 720 2248 τί
749 2213 830 2261 ὑμῖν
859 2212 1100 2259 ἀπαντήσεται

67 2273 121 2309 ἐπ’
143 2270 302 2322 ἐσχάτων
322 2273 390 2309 τῶν
413 2273 568 2323 ἡμερῶν.
589 2269 828 2323 Ἀθροίσθητε,
847 2271 907 2310 καὶ
927 2272 1099 2311 ἀκούσατε

1132 819 1157 848 Α
1181 815 1301 857 postea
1331 815 1581 844 testamentum
1607 807 1771 845 editurus
1794 808 2018 846 accusatione
2045 809 2137 847 clare

1181 867 1313 920 scripta
1334 882 1392 906 eos
1420 869 1576 919 arguat?
1596 869 1674 907 Non
1701 883 1821 907 secum
1842 879 1975 921 pugnat
1999 870 2134 922 justus,

1180 928 1242 967 sed
1255 929 1411 967 declarat
1427 929 1738 968 mansuetudinem
1756 930 1883 968 mentis
1901 945 1984 977 suae,
2000 940 2032 968 et
2049 946 2139 983 pra:-

1180 998 1232 1028 tcr
1248 1004 1320 1028 suae
1339 991 1467 1029 mentis
1482 990 1692 1029 sententiam
1720 990 1787 1029 hoc
1802 991 1934 1028 sactum
1950 1005 2023 1029 esse
2039 1007 2046 1028 :
2069 1006 2136 1030 non

1179 1050 1296 1090 solum
1315 1052 1411 1090 enim
1426 1066 1495 1090 non
1514 1052 1683 1105 probavit
1704 1053 1853 1102 sactum,
1871 1052 1934 1090 sed
1952 1061 1985 1090 et
2002 1053 2136 1104 arguit,

1178 1122 1368 1165 postquam
1405 1112 1443 1151 id
1475 1113 1609 1152 sactum
1640 1114 1767 1152 suerat.
1792 1116 1981 1166 Propterea
2017 1115 2138 1154 volens

1178 1183 1376 1212 monstrare
1393 1189 1492 1212 suam
1505 1189 1587 1226 erga
1601 1175 1733 1228 ,Ioseph
1750 1175 1992 1226 dilectionem,
2007 1176 2037 1213 ei
2055 1190 2137 1214 con-

1178 1235 1273 1274 cedit
1313 1236 1466 1287 Secima,
1497 1246 1530 1274 et
1554 1236 1668 1275 dicit:
1691 1238 1786 1287 Quae
1818 1238 1902 1288 cepi
1935 1239 1978 1273 in
2002 1237 2137 1289 gladio

1177 1311 1260 1336 meo
1279 1305 1316 1336 et
1333 1311 1442 1336 arcu.
1466 1298 1560 1336 Nam
1578 1297 1662 1336 licet
1683 1297 1830 1335 illorum
1849 1297 1957 1334 suerit
1976 1311 2082 1350 opus,
2099 1298 2136 1336 in

1176 1372 1254 1396 mea
1275 1367 1392 1397 tamen
1414 1367 1587 1411 potestate
1602 1358 1761 1411 positum
1777 1367 1841 1396 est.
1865 1357 1905 1396 Si
1928 1358 2023 1396 enim
2042 1358 2137 1397 filio-

1175 1433 1257 1456 rum
1274 1418 1441 1459 dominus
1461 1428 1577 1473 pater,
1600 1419 1714 1458 multo
1738 1420 1854 1472 magis
1874 1433 1996 1458 eorum
2015 1434 2095 1471 quae
2116 1435 2136 1458 a

1173 1479 1259 1519 filiis
1291 1481 1520 1533 possidentur
1546 1497 1553 1518 :
1585 1480 1753 1520 stantem
1772 1481 1957 1531 dominus,
1976 1491 2010 1520 et
2040 1481 2137 1532 quod

1173 1538 1330 1578 voluerit
1361 1539 1446 1578 darc
1475 1539 1600 1593 possit.
1636 1540 1761 1592 Itaque
1799 1540 1983 1579 declarare
2012 1541 2136 1580 volens

1124 1620 1147 1650 B
1172 1613 1275 1638 suam
1309 1614 1392 1652 erga
1425 1601 1560 1653 Joscph
1585 1601 1884 1651 benevolentiam,
1914 1615 1985 1640 non
2019 1601 2135 1639 solum

1173 1663 1354 1714 Ephra'i'm
1371 1671 1404 1700 et
1423 1664 1611 1700 Manassen
1640 1662 1832 1710 benedicit,
1853 1662 1915 1700 sed
1944 1671 1976 1700 et
1996 1662 2134 1701 Secima

1172 1722 1320 1761 electam
1338 1723 1572 1762 hereditatem
1598 1723 1769 1774 relinquit
1784 1723 1872 1760 filio.
1889 1725 1925 1761 ’1.
1944 1724 1997 1760 Et
2015 1736 2135 1760 voca·
2152 1734 2249 1774 Caput
2281 1738 2333 1774 349.

1175 1787 1242 1831 vit,
1255 1784 1385 1835 inquit,
1395 1785 1519 1823 Jacob
1533 1785 1649 1838 filios
1665 1798 1767 1831 suos,
1783 1793 1818 1823 et
1829 1785 1927 1822 dixit
1940 1800 1950 1820 :
1962 1785 2134 1836 Congre-

1169 1847 1334 1897 gamini,
1355 1853 1397 1882 ut
1413 1848 1644 1883 annuntiem
1660 1847 1775 1883 vobis
1796 1845 1892 1897 quid
1905 1853 2135 1882 eventurum

1171 1908 1221 1944 sit
1247 1908 1362 1944 vohis
1382 1909 1424 1944 in
1445 1908 1663 1945 novissimis
1685 1906 1831 1944 diebus.
1853 1908 1890 1944 2
1913 1906 2134 1957 Congrega-

1175 1969 1284 2015 mini,
1302 1977 1338 2006 et
1353 1969 1486 2006 audite
1505 1968 1634 2006 Israel
1651 1976 1802 2019 patrem
1826 1976 2014 2006 vestrum.
2039 1965 2135 2005 Vide

1167 2029 1258 2081 justi
1292 2029 1581 2080 intelligentiam.
1619 2029 1714 2075 Quia
1754 2028 1965 2081 p1·aesciebat
2008 2027 2134 2065 mortis

1172 2097 1323 2141 tempus,
1339 2089 1483 2127 vocavit
1509 2089 1603 2127 filios
1624 2103 1706 2127 suos
1725 2088 1771 2127 ad
1791 2097 1882 2136 se,et
1897 2087 1986 2125 dicit
2003 2103 2010 2123 :
2029 2088 2133 2125 Con—

1169 2153 1400 2203 gregamini,
1424 2139 1464 2188 ut
1492 2153 1606 2188 vohis
1617 2153 1705 2204 jam
1718 2152 1929 2203 praedicam
1950 2151 2045 2201 quid
2059 2162 2130 2186 vo-

1174 2211 1230 2247 bis
1250 2217 1477 2247 eventurum
1492 2212 1542 2247 sit
1567 2211 1609 2246 in
1629 2210 1778 2247 ultimis
1794 2210 1944 2248 diebus.
1961 2211 2131 2263 Congre-

1169 2273 1346 2321 gamim',
1381 2279 1419 2308 et
1448 2272 1581 2308 audite
1608 2271 1736 2309 Israel
1761 2279 1913 2323 patrem
1947 2281 2130 2311 vestrum.

66 2331 214 2384 Ἰσραὴλ
223 2335 282 2370 τοῦ
305 2331 436 2384 πατρὸς
467 2333 578 2382 ὑμῶν.
611 2334 742 2380 Δεῦτε,
758 2332 865 2385 φησὶ,
886 2333 946 2371 καὶ
970 2333 1098 2385 μάθετε
1120 2340 1144 2371 C
1171 2332 1316 2382 Venite,
1333 2331 1470 2383 inquit,
1492 2341 1526 2370 et
1543 2330 1670 2370 discite
1688 2346 1708 2369 a
1729 2346 1799 2382 me,
1819 2346 1889 2370 non
1919 2334 2128 2386 praesentia,

67 2396 150 2447 παρ’
170 2397 274 2445 ἐμοῦ,
292 2395 330 2433 οὐ
352 2393 396 2432 τὰ
421 2393 577 2446 παρόντα
591 2424 601 2443 ,
623 2396 661 2432 οὖ
689 2393 734 2433 τὰ
751 2394 840 2445 μετὰ
869 2394 1002 2448 βραχὺν
1022 2396 1098 2435 ἐσό-

70 2471 158 2506 μενα
187 2455 325 2509 χρόνον,
345 2454 435 2493 ἀλλὰ
455 2454 500 2493 τὰ
534 2457 568 2494 ἐν
601 2455 768 2509 ἐσχάταις
787 2456 937 2509 ἡμέραις
955 2456 1098 2509 γενησό-

68 2532 170 2566 μενα.
191 2516 262 2555 Καὶ
277 2520 388 2554 ταῦτα
408 2519 490 2567 ὑμῖν
507 2517 570 2554 οὐκ
591 2519 654 2555 ἀπ’
681 2519 834 2568 ἐμαυτοῦ
853 2517 976 2568 μηνύω
989 2549 999 2566 ,
1018 2518 1098 2557 ἀλλ’

67 2577 133 2616 ὑπὸ
160 2582 221 2616 τοῦ
244 2576 450 2629 Πνεύματος
482 2576 731 2630 ἐνηχούμενος·
765 2578 822 2616 διὰ
841 2582 944 2618 τοῦτο
974 2579 1034 2620 καὶ
1053 2579 1098 2618 τὰ

68 2637 157 2689 μετὰ
175 2637 307 2683 πολλὰς
335 2638 476 2692 ὕστερον
507 2638 656 2690 ἐσόμενα
684 2639 804 2691 γενεὰς
839 2640 908 2687 ἤδη
939 2657 1097 2694 προανα-

67 2702 182 2751 φωνῶ.
204 2698 274 2738 Καὶ
300 2698 368 2752 γὰρ
397 2699 534 2751 μέλλων
552 2699 615 2747 τὴν
635 2700 726 2748 ζωὴν
744 2700 876 2749 ταύτην
896 2701 1096 2751 καταλύειν,

68 2760 240 2811 βούλομαι
270 2760 406 2813 ἑκάστῳ
441 2764 551 2812 ὑμῶν,
583 2761 705 2816 ὥσπερ
738 2765 772 2801 ἐν
812 2763 925 2816 στήλῃ
957 2765 1095 2817 χαλκῇ,

68 2819 298 2858 ἐναποθὲσθαι
312 2820 374 2868 τὴν
399 2821 554 2873 μνήμην.
577 2822 710 2862 Σκόπει
729 2823 764 2862 δὲ
780 2824 838 2863 τὸν
860 2824 1005 2874 δίκαιον,
1021 2827 1095 2870 πῶς

67 2881 303 2933 συναχθέντων
328 2884 397 2920 τῶν
429 2883 564 2921 παίδων
596 2887 639 2936 τῇ
674 2883 769 2929 τάξει
790 2885 1013 2939 χρησάμενος
1032 2891 1095 2934 τῆς

66 2942 130 2986 ἔξω
150 2941 333 2994 γενέσεως,
351 2941 440 2980 οὕτω
466 2943 529 2992 τὴν
557 2945 797 2998 ἁρμόττουσαν
832 2948 919 3000 πρὸς
946 2947 1093 2987 ἕκαστον

67 3010 216 3042 ποιεῖται
244 3002 266 3049 ἢ
294 3004 463 3056 κατάραν,
496 3005 518 3051 ἢ
546 3007 715 3058 εὐλογίαν,
736 3011 800 3046 κάν
830 3010 940 3062 τούτῳ
961 3010 1094 3054 δεικνὺς

67 3068 128 3111 τῆς
146 3064 275 3108 οἰκείας
296 3065 420 3116 ἀρετῆς
438 3065 503 3112 τὴν
535 3068 744 3118 ὑπερὸολήν.
769 3069 839 3108 Καὶ
861 3070 1008 3123 ἄρχεται
1025 3072 1094 3109 ἀπὸ

67 3129 126 3163 τοῦ
156 3125 307 3178 πρώτου.
336 3126 510 3174 Ῥουὸὴν,
537 3127 652 3180 φησὶν,
681 3132 699 3166 ὁ
727 3131 964 3181 πρωτότοκος,
998 3132 1094 3183 ἰσχύς

72 3202 154 3237 μου,
176 3187 235 3225 καὶ
257 3189 350 3240 ἀρχὴ
379 3188 508 3226 τέκνων
530 3206 616 3239 μου·
652 3192 802 3243 σκληρὸς
834 3193 1014 3244 φέρεσθαι,
1035 3193 1094 3231 καὶ

69 3247 217 3300 σκληρὸς
252 3249 412 3295 αὐθάδης.
430 3249 527 3301 υΟρα
555 3251 646 3298 πόση
682 3255 703 3297 ἡ
728 3252 831 3304 σοφία
858 3258 918 3292 τοῦ
947 3254 1092 3292 δικαίου.

14 3322 17 3325 ·
69 3306 219 3351 Μείζονα
238 3307 305 3359 γὰρ
322 3307 384 3354 τὴν
404 3311 482 3346 κατ’
505 3311 606 3347 αὐτοῦ
621 3310 832 3362 κατηγορίαν
853 3310 999 3358 αὐξῆσαι
1015 3314 1093 3362 βου-

68 3364 227 3414 λόμενος,
247 3368 413 3419 πρότερον
436 3361 510 3406 εἶπε
540 3368 582 3406 τα
603 3370 671 3407 ἀπὸ
693 3372 753 3415 τ’ἧς
774 3369 905 3421 φύσεως
927 3372 1021 3422 αὐτῷ
1043 3373 1093 3408 ἐν-

69 3422 269 3475 υπάρχοντα
306 3426 577 3478 προτερήματα,
611 3428 668 3466 καὶ
702 3427 767 3475 τὴν
809 3430 1016 3482 προεδρίαν,
1054 3425 1093 3475 ἧς

1171 2404 1240 2430 non
1253 2406 1333 2442 quae
1348 2402 1429 2446 post
1440 2407 1593 2446 parvum
1606 2402 1746 2445 tempus
1759 2402 1942 2444 eventura,
1956 2395 2017 2432 sed
2033 2396 2133 2446 quod

1170 2453 1307 2491 accidet
1335 2453 1371 2492 in
1390 2454 1528 2492 ultimis
1551 2453 1690 2492 diebus.
1709 2453 1757 2493 Et
1782 2454 1860 2492 haec
1890 2455 1995 2494 vobis
2022 2470 2092 2494 non
2111 2471 2131 2494 a

1170 2514 1381 2568 memetipso
1409 2516 1581 2554 annuntio
1596 2546 1606 2565 ,
1626 2516 1687 2554 sed
1705 2516 1847 2554 afflatus
1864 2530 1882 2553 a
1907 2516 2046 2568 Spiritu
2068 2533 2075 2552 :
2098 2527 2132 2555 et

1170 2574 1304 2614 idcirco
1331 2591 1409 2627 quae
1433 2577 1558 2614 multis
1584 2586 1703 2629 postea
1729 2576 2017 2628 generationibus
2048 2591 2131 2615 con-

1169 2636 1306 2688 tingent
1320 2637 1491 2690 praedico.
1510 2637 1654 2675 Etenim
1671 2651 1690 2675 e
1708 2637 1781 2675 vita
1810 2636 1876 2674 hac
1893 2637 2128 2687 migraturus,

1169 2698 1252 2737 volo
1272 2698 1465 2749 unicuique
1483 2708 1642 2737 vestrum
1659 2697 1760 2748 quasi
1780 2697 1815 2735 in
1838 2697 1944 2736 titulo
1964 2707 1998 2736 et
2024 2699 2128 2737 colu-

1169 2773 1252 2798 mna
1271 2773 1360 2797 aerea
1382 2759 1592 2797 memoriam
1610 2759 1819 2811 insculpere.
1841 2758 2037 2798 Considera
2064 2775 2127 2799 au-

1168 2829 1238 2858 tem
1251 2820 1407 2872 justum,
1431 2820 1610 2871 quomodo
1629 2819 1851 2871 congregatis
1873 2819 2007 2877 liberiS,
2027 2831 2127 2860 nata·
2205 2839 2331 2868 nemu,

1168 2881 1259 2918 lium
1279 2889 1416 2919 servato
1428 2880 1565 2931 ordine,
1582 2880 1778 2931 unicuique
1797 2891 2048 2933 congruentem
2065 2882 2126 2921 det
2139 2882 2250 2947 ⁶¹³1ffl¹5³³
2276 2882 2328 2950 ³2·

2139 2933 2171 2949 (Ἰ.)
2186 2935 2191 2947 )
2220 2934 2249 2949 ln
2305 2935 2327 2949 1-

1169 2942 1226 2980 vel
1245 2941 1533 2980 maledictionem
1554 2941 1609 2981 vel
1626 2941 1934 2981 benedictionem:
1954 2953 1987 2981 ct
2007 2943 2042 2981 in
2059 2944 2126 2982 hoc
2139 2964 2204 2992 1505.

1169 3012 1369 3041 monstrans
1388 3017 1458 3041 suae
1489 3002 1635 3041 virtutis
1666 3002 1913 3052 eminentiam,
1941 3003 2086 3057 incipiat
2106 3020 2126 3043 a

1119 3073 1143 3103 D
1169 3063 1299 3116 primo.
1322 3064 1358 3101 5.
1376 3065 1524 3110 Ruben,
1543 3063 1660 3114 inquit
1673 3093 1683 3112 ‚
1700 3066 2125 3118 primogeni1115,sorti-

1171 3126 1261 3163 tudo
1282 3139 1366 3162 mea
1380 3154 1389 3170 ,
1413 3133 1448 3162 et
1466 3127 1698 3176 principium
1714 3126 1896 3177 filiorum
1926 3140 2092 3164 meorum
2113 3144 2120 3162 .-

1169 3187 1289 3223 (Ιιιιίις
1310 3186 1364 3223 ad
1379 3185 1603 3237 serendum,
1627 3187 1744 3225 durus
1761 3196 1796 3224 et
1814 3190 2012 3238 pervicax.
2030 3187 2125 3226 tide

1168 3256 1297 3297 quanta
1330 3246 1502 3298 sapientia
1519 3247 1621 3299 justi.
1646 3247 1780 3285 Yolens
1801 3247 1895 3285 enim
1927 3248 2122 3285 accusatio-

1171 3323 1248 3345 nem
1280 3307 1394 3357 magis
1419 3307 1570 3353 intendi,
1600 3309 1700 3361 prius
1723 3308 1817 3346 dixit
1841 3307 2028 3361 privilegia
2049 3309 2078 3345 ei
2103 3324 2119 3344 a

1171 3379 1294 3407 natura
1329 3383 1508 3417 concessa,
1528 3379 1559 3407 et
1586 3369 1795 3422 dignitatem
1828 3384 1933 3421 quam
1967 3369 2119 3411 tenebat,

1170 3445 1250 3468 eum
1267 3445 1391 3482 nempe
1410 3430 1623 3483 principium
1657 3431 1826 3472 liliorum,
1848 3440 1878 3468 et
1910 3430 2122 3481 primcgeui-
