2433 3775
24 370 136 399 Marde.
157 379 187 408 7.

25 410 73 440 26.

15 2276 86 2303 Gen.
111 2281 137 2303 1.
155 2282 181 2303 1.

19 2404 95 2432 (len.
125 2411 151 2431 1.
171 2403 201 2432 5.

231 202 282 246 18
653 217 692 248 S.

223 299 396 353 pervenit,
409 308 442 338 et
457 313 528 338 non
544 299 591 337 ad
601 314 723 353 opera,
740 314 823 338 eum
841 298 991 337 stultum
1004 296 1151 336 vocavit
1167 312 1175 332 :

222 360 347 399 merito
360 369 452 400 certe
472 376 481 398 :
502 360 584 412 quia
608 361 670 400 ille
691 360 840 399 domum
866 372 967 397 suam
981 371 1086 408 super
1103 370 1178 393 are-

223 436 306 460 nam
334 421 544 471 aedificavit;
560 431 748 476 propterea
769 433 882 471 neque
897 427 1083 458 ventorum
1101 416 1178 454 vim

220 484 312 522 ferre
325 483 440 536 potuit
450 513 460 532 ,
478 482 539 522 sed
561 483 681 521 statim
695 481 844 519 corruit.
865 479 971 517 Tales
983 477 1077 515 enim
1095 483 1178 513 sunt

221 545 360 584 desides
371 545 509 593 animae,
517 557 588 582 non
600 543 757 581 solidatae
770 554 875 592 super
886 539 1028 577 firmam
1039 546 1176 590 petram

222 606 442 659 spiritualem
459 620 467 641 ε
484 618 554 642 non
582 603 677 642 enim
701 602 745 640 de
770 600 923 640 aedifieio
950 608 983 638 et
1011 599 1055 637 de
1072 598 1177 636 domo

221 681 316 704 nunc
333 675 383 704 est
399 679 513 703 sermo
525 694 536 715 ,
551 664 615 703 sed
633 663 678 702 de
693 663 811 702 anima
825 693 834 711 ,
855 675 934 713 quae
950 675 969 699 a
985 659 1177 698 tentatione

221 727 347 777 quavis
358 726 528 777 quatitur.
541 726 635 764 Nam
649 724 759 773 venti,
773 723 920 777 pluviae,
935 731 969 760 et
979 721 1177 760 fluviorum

219 787 425 826 nominibus
457 787 667 825 tentationes
695 785 797 823 nobis
830 782 1082 823 subindicavit.
1115 783 1177 820 At-

219 848 314 886 enim
339 848 401 899 qui
430 857 613 897 constans,
633 847 743 899 vigil,
775 855 809 884 et
838 845 978 884 sobrius
1009 852 1061 881 cst
1075 873 1085 892 ‚
1105 843 1174 883 hac

216 908 352 946 ratione
374 908 514 946 firmior
537 907 679 956 evadit3
708 915 742 945 et
771 914 903 957 quanto
933 904 1086 957 majores
1114 904 1169 942 in-

216 978 397 1008 tentantur
410 969 635 1017 afflictiones,
654 977 750 1006 tanto
773 967 849 1019 ejus
866 965 1021 1005 virilitas
1039 974 1073 1003 et
1093 965 1172 1003 sor-

215 1029 332 1068 titudo
347 1030 461 1081 magis
478 1039 653 1082 augentur
668 1044 675 1066 :
695 1028 795 1066 deses
813 1036 932 1065 autem
951 1035 984 1064 et
1003 1026 1168 1077 supinus,

216 1092 243 1129 si
260 1092 317 1130 vel
335 1091 449 1129 tenuis
465 1090 628 1142 quaedam
655 1088 890 1127 tentationum
911 1100 997 1124 aura
1023 1085 1174 1135 afflat-it,

215 1155 335 1190 statim
349 1151 511 1202 vacillat,
529 1160 562 1189 et
580 1151 701 1189 animo
730 1147 904 1197 concidit5
921 1160 992 1184 non
1008 1145 1055 1184 ob
1071 1155 1173 1183 natu-

215 1227 291 1250 ram
306 1213 551 1261 tentationum,
567 1211 630 1249 sed
640 1211 686 1249 ob
702 1208 900 1249 voluntatis
914 1206 1171 1245 infirmitatem.

214 1274 390 1321 Quocirca
416 1282 553 1326 oportet
579 1271 716 1311 sobrios
736 1285 830 1320 esse,
852 1279 886 1309 et
902 1269 1032 1321 vigiles
1046 1298 1055 1316 ,
1070 1276 1104 1305 et
1127 1268 1174 1306 ad

214 1335 330 1374 omnia
349 1343 567 1388 praeparatos
588 1350 596 1370 :
614 1343 654 1371 ut
669 1342 701 1372 et
716 1333 752 1371 in
768 1331 1003 1385 prosperitate
1020 1329 1174 1367 modesti

214 1412 255 1435 ac
274 1412 342 1435 non
355 1396 470 1447 effusi,
488 1405 521 1434 et
545 1396 582 1434 in
599 1393 854 1433 afflictionibus
883 1406 961 1444 quae
990 1391 1094 1430 nobis
1117 1391 1172 1432 in-

215 1458 387 1510 ssiguntur
400 1488 410 1507 ,
431 1457 541 1495 sobrii
556 1466 590 1495 et
601 1456 806 1509 prudentes,
825 1462 1016 1507 perpetuas
1040 1452 1172 1505 gratias

214 1519 408 1557 referamus
432 1519 585 1571 benigno
602 1519 688 1556 Deo.
704 1517 743 1556 Si
759 1517 878 1555 sicres
905 1524 1042 1553 nostras
1068 1513 1172 1551 insti-

213 1580 403 1629 tuerimus,
420 1580 576 1618 multum
602 1579 723 1630 gratiae
752 1576 885 1616 divinae
911 1589 1141 1627 assequemur
1162 1590 1170 1611 ε

209 1637 478 1693 'poterimusque
488 1649 695 1692 praesentem
707 1639 819 1677 vitam
829 1651 948 1675 secure
961 1635 1172 1675 transmitte-

213 1715 264 1752 re,
278 1711 311 1740 et
324 1702 359 1739 in
370 1702 489 1739 futura
500 1701 575 1740 vita
588 1713 725 1752 magnae
736 1698 877 1737 fiduciae
889 1711 972 1750 opes
984 1710 1151 1749 reponere
1163 1711 1170 1732 :

213 1777 321 1813 quam
336 1762 438 1800 nobis
460 1761 626 1800 omnibus
642 1759 781 1811 assequi
797 1758 991 1809 contingat,
1012 1756 1124 1809 gratia
1139 1764 1172 1794 et

212 1824 430 1876 benignitate
446 1822 590 1861 Domini
607 1821 717 1860 nostri
731 1822 817 1860 Jesu
834 1819 981 1867 Christi,
997 1832 1078 1856 cum
1099 1832 1169 1868 quo

213 1885 311 1922 Patri
330 1884 436 1923 simul
456 1893 489 1922 et
507 1892 627 1922 saneto
644 1881 796 1935 Spiritui
816 1880 945 1932 gloria,
962 1879 1168 1931 imperium,

212 1947 344 1996 honor,
363 1961 458 1986 nunc
473 1955 506 1985 et
522 1959 671 1998 semper,
687 1953 722 1983 et
739 1943 776 1982 in
790 1942 919 1982 saecula
939 1942 1167 1981 saeculorum.

216 2011 339 2047 Amen.

536 2135 748 2175 HOMILIA
780 2135 846 2173 III.

217 2264 278 2300 De
302 2264 349 2300 iis
374 2274 459 2313 quoe
482 2267 685 2312 supersunt
717 2257 884 2295 dicenda
911 2258 953 2293 in
977 2254 1092 2301 illud,
1125 2255 1167 2292 In

269 2321 445 2376 principio
463 2321 546 2358 feeit
572 2321 670 2357 Deus
691 2318 819 2358 caelum
837 2326 871 2355 et
889 2324 1032 2365 terram,
1051 2329 1168 2367 usque

268 2385 322 2422 ad
348 2384 462 2429 illud,
491 2381 537 2419 Et
558 2381 694 2419 factum
717 2388 768 2418 est
792 2391 951 2430 vespere,
975 2385 1007 2415 et
1035 2376 1167 2415 factum

267 2453 319 2484 est
333 2457 450 2492 mane,
469 2442 546 2480 dies
558 2455 661 2479 unus.

269 2586 296 2608 1.
326 2568 511 2606 Thesauro
526 2564 684 2618 cuipiam
701 2571 927 2615 comparatur
951 2559 1167 2600 divinarum

213 2631 481 2683 Scripturarum
496 2627 610 2666 lectio.
625 2627 719 2664 Nam
743 2625 836 2663 sicut
859 2638 904 2661 ex
929 2622 992 2660 illo
1008 2621 1168 2672 quisquis

214 2694 271 2733 vel
288 2691 483 2730 frustulum
513 2702 655 2741 carpere
676 2687 791 2736 valet,
815 2685 945 2723 multas
968 2683 1036 2722 sihi
1066 2692 1166 2735 parat

212 2755 359 2794 divitias
377 2769 384 2789 :
400 2753 448 2790 ita
465 2751 546 2789 etin
563 2764 660 2789 sacra
676 2749 877 2801 Scriptura,
892 2745 998 2784 etiam
1012 2744 1047 2783 in
1063 2745 1164 2783 brevi

211 2816 378 2861 dictione,
388 2814 564 2863 ingentem
576 2810 829 2850 sententiarum
839 2808 914 2847 vim
929 2816 963 2845 et
976 2806 1166 2844 immensas

211 2877 357 2915 divitias
382 2873 542 2913 invenire
568 2872 663 2911 licet.
694 2872 741 2910 Et
766 2884 836 2909 non
856 2869 972 2908 solum
999 2868 1164 2906 thesauro

211 2938 341 2978 similia
369 2945 449 2974 sunt
474 2934 598 2972 divina
624 2934 762 2985 eloquia
778 2963 788 2982 ,
810 2931 872 2970 sed
896 2930 984 2969 fonti
1005 2943 1162 2981 quoque,

211 2999 319 3049 largis
332 2996 611 3051 perennibusque
624 2994 826 3033 scaturienti
839 2992 998 3031 fluentis:
1011 2989 1049 3029 id
1064 2989 1161 3041 quod

210 3076 253 3099 cx
282 3061 385 3098 rebus
418 3057 502 3110 ipsis
532 3056 607 3094 heri
636 3071 756 3093 omues
787 3054 992 3093 didicimus.
1012 3054 1103 3091 Nam
1124 3060 1161 3088 ut

208 3121 376 3175 prooemia
386 3119 468 3157 libri
480 3120 654 3155 chcscos
666 3117 875 3168 incepimus,
892 3116 927 3153 in
935 3112 1159 3167 explanando

206 3185 273 3223 hoc
290 3183 407 3225 dicto,
436 3183 484 3217 In
501 3181 691 3231 principio
715 3180 807 3229 fecit
841 3179 946 3215 Deus
973 3176 1109 3214 caelum
1123 3183 1158 3213 ει

205 3255 360 3289 terram,
382 3250 493 3280 totum
532 3238 708 3277 tmdcndae
746 3239 913 3277 doctrinm
945 3237 1160 3275 destinatum

204 3316 343 3357 tempus
357 3302 598 3349 insumimus,
615 3309 647 3337 ct
662 3314 772 3350 neque
790 3299 838 3336 sic
857 3308 970 3337 totum
984 3297 1158 3350 expedire

1203 982 1226 1012 D

728 216 909 248 JOANMS
934 203 1184 245 'CHRYSOST.
1225 215 1429 245 ARCHIEP.
1467 215 1817 246 CONSTANTmOP.

1248 296 1366 347 ἅμμον
1396 296 1459 342 τὴν
1493 296 1604 335 οἰκίαν
1636 299 1738 336 αὐτοῦ
1768 296 1994 349 ᾠκοδόμησε·
2025 299 2077 336 διὸ
2104 299 2179 337 οὐδὲ
2209 299 2272 348 τὴν

1248 355 1447 407 προσὸολὴν
1476 359 1544 394 τῶν
1572 356 1709 408 ἀνέμων
1728 360 1876 408 ἐνεγκεῖν
1905 358 2058 406 ἠδυνήθη
2071 389 2081 407 ,
2104 359 2194 398 ἀλλὰ
2213 377 2274 398 τα-

1248 415 1338 466 χέως
1365 415 1550 455 κατέπεσε.
1566 419 1736 456 Τοιαῦται
1752 417 1820 470 γὰρ
1840 419 1875 456 αἱ
1895 420 2046 471 ῥᾴθυμοι
2061 420 2172 472 ψυχαὶ
2185 448 2195 466 ,
2214 420 2274 458 καὶ

1250 475 1297 526 μὴ
1317 476 1373 515 ἐπὶ
1387 479 1450 523 τῆς
1466 477 1596 529 πέτρας
1618 480 1680 525 τῆς
1695 483 1934 530 πνευματικῆς
1949 481 2197 534 ἐστηριγμέναι
2209 497 2217 505 ·
2237 484 2274 520 οὗ

1400 538 1671 554 „„„„„

1246 600 1367 651 ψυχῶν
1386 601 1459 638 ἐστι
1487 600 1526 638 τὸ
1546 599 1739 652 εἰρημένον,
1768 603 1836 639 τῶν
1856 602 1916 640 καὶ
1946 603 2015 641 ἀπὸ
2034 607 2093 641 τοῦ
2110 604 2275 656 τυχόντος

1246 665 1442 714 πειρασμοῦ
1468 662 1572 700 σάλον
1590 664 1850 713 ὓπομενουσῶν.
1872 662 1949 714 Τῷ
1963 662 2031 715 γὰρ
2049 649 2195 714 ὀνόματι
2213 668 2274 703 τοῦ

1247 722 1374 773 ἀνέμου
1387 753 1397 772 ,
1420 723 1477 760 καὶ
1495 720 1558 770 τῆς
1579 725 1729 776 βροχῆς,
1746 724 1806 761 καὶ
1822 725 1891 762 τῶν
1908 725 2091 775 ποταμῶν,
2110 728 2178 762 τῶν
2198 741 2275 763 πει-

1248 786 1391 835 ρασμῶν
1407 788 1491 833 ἡμῖν
1512 783 1574 831 τὴν
1597 783 1783 835 ἐπαγωγὴν
1804 783 1958 835 ᾐνίξατο.
1979 783 2024 822 Ὁ
2040 784 2109 837 γὰρ
2133 785 2275 838 στεῤῥὸς

1246 844 1305 882 καὶ
1326 845 1521 899 ἐγρηγορὼς
1539 845 1600 884 καὶ
1617 845 1735 897 νήφων
1760 845 1870 897 ταύτῃ
1896 846 2028 896 μᾶλλον
2050 845 2275 899 ἰσχυρότερος

1244 904 1394 957 γίνεται·
1414 907 1474 944 καὶ
1493 907 1562 960 ὅσῳ
1580 906 1624 944 τὰ
1638 909 1701 952 τῆς
1718 906 1866 958 θλίψεως
1884 905 2104 954 ἐπιτείνεται,
2121 907 2275 959 τοσούτῳ

1245 966 1305 1004 καὶ
1323 966 1368 1004 τὰ
1386 970 1448 1014 τῆς
1476 967 1635 1021 ἀνδρείας
1658 966 1814 1011 αὔξεται·
1835 971 1853 1005 ὃ
1873 966 1908 1005 δὲ
1938 968 2089 1019 ῥᾴθυμος
2109 967 2168 1005 καὶ
2191 969 2275 1006 ἀνα-

1245 1027 1457 1077 πεπτωκὼς,
1489 1028 1552 1067 κᾶν
1583 1028 1732 1081 βραχεῖά
1757 1045 1810 1072 τις
1835 1027 1926 1081 αὔρα
1947 1033 2144 1080 πειρασμοῦ
2166 1044 2274 1079 προσ-

1245 1089 1357 1140 πέσῃ,
1390 1090 1513 1134 εὖθέως
1547 1090 1728 1129 σαλεύεται
1755 1090 1815 1128 καὶ
1843 1089 2078 1138 καταπίπτει,
2110 1091 2148 1127 οὐ
2175 1089 2274 1144 παρὰ

1244 1148 1308 1195 τὴν
1327 1152 1396 1187 τῶν
1415 1153 1620 1202 πειρασμῶν
1638 1150 1753 1202 φύσιν,
1772 1150 1863 1189 ἀλλὰ
1881 1150 1981 1226 παρὰ
1992 1151 2054 1198 τὴν
2072 1154 2135 1198 τῆς
2155 1167 2275 1203 προαι-

1248 1227 1282 1264 ρε
1269 1211 1372 1255 ’σεως
1386 1212 1576 1250 ἀσθένειαν.
1588 1212 1678 1249 Διὸ
1667 1211 1737 1264 χρὴ
1753 1211 1874 1264 νήφειν
1892 1226 1950 1249 και
1967 1213 2205 1288 ἐγρηγορέναι,
2215 1214 2274 1252 καὶ

1245 1272 1331 1326 πρὸς
1349 1272 1465 1311 πάντα
1492 1271 1842 1326 παρεσκευασμένους
1870 1276 1980 1319 εἶναι,
2010 1273 2067 1311 ἵνα
2086 1289 2146 1311 και
2173 1275 2208 1312 ἐν
2229 1291 2272 1327 τῃ

1245 1335 1359 1374 ἀνέσει
1388 1333 1703 1398 συγκεκροτημένοι
1723 1337 1832 1385 ὠαεν,
1860 1350 1920 1372 και
1939 1336 1974 1372 ἐν
2003 1341 2080 1378 ταῖς
2100 1335 2275 1387 ἐπαγομέ-

1244 1412 1319 1440 ναις
1336 1397 1472 1450 θλίψεσι
1491 1399 1668 1448 νήφωμεν,
1693 1412 1753 1434 και
1772 1395 1903 1442 πολλὴν
1925 1395 1988 1442 τὴν
2009 1395 2272 1447 εὐγνωμοσυνην

1245 1457 1518 1510 ἐπιδειξώμεθα,
1543 1459 1708 1504 διηνεκῶς
1723 1456 1786 1503 τὴν
1808 1455 2030 1509 εὐχαριστίαν
2048 1457 2274 1508 ἀναπέμπον-

1245 1535 1299 1562 τες
1315 1522 1365 1571 τῷ
1385 1518 1620 1573 φιλανθρώπῳ
1642 1520 1736 1570 Θεῷ.
1757 1515 1818 1555 Ἂν
1846 1516 1937 1555 οὕτω
1956 1517 2000 1555 τὰ
2028 1520 2105 1556 καθ’
2133 1517 2274 1562 ἑαυτοὺς

1245 1582 1499 1655 οἷκονομῶμεν,
1526 1581 1659 1625 πολλῆς
1677 1577 1951 1630 ἀπολαυσόμεθα
1974 1581 2036 1626 τ’ἧς
2053 1579 2182 1617 ἄνωθεν
2216 1583 2273 1632 ῥο-

1244 1644 1333 1689 πῆς,
1368 1641 1427 1679 καὶ
1463 1657 1552 1680 ουτω
1585 1640 1805 1691 δυνησόμεθα
1830 1656 1889 1678 και
1917 1640 1976 1678 τὸν
2010 1641 2167 1693 παρόντα
2198 1641 2271 1692 βίον

1244 1704 1409 1754 ἀσφαλι)ς
1442 1717 1622 1755 οιαπεραν,
1653 1717 1711 1738 και
1740 1702 1826 1753 πρὸς
1853 1718 1916 1748 την
1943 1702 2139 1751 μέλλουσαν
2166 1701 2270 1750 ζωὴν,

1243 1762 1375 1810 πολλὴν
1406 1765 1539 1806 ἑαυτοῖς
1569 1761 1866 1814 προαποτίθεσθαι
1895 1762 1957 1809 τὴν
1988 1765 2144 1836 παρρησι
2137 1763 2210 1801 ’·αν
2230 1758 2271 1810 ἧς

1241 1823 1374 1876 γένοιτο
1391 1824 1524 1867 πάντας
1540 1828 1635 1875 ἡμας
1654 1827 1846 1875 ἐπιτυχεῖν
1863 1839 1984 1877 χαριτι
1999 1840 2058 1862 και
2076 1826 2135 1877 φιλ
2138 1828 2268 1877 ανθρω-

1240 1884 1306 1923 πία
1336 1888 1396 1923 τοῦ
1425 1884 1553 1936 Κυρίου
1580 1889 1680 1935 ημων
1710 1883 1827 1930 Ἰησοῦ
1851 1886 2025 1936 Χριστοῦ,
2051 1885 2126 1935 «14³0
2150 1889 2189 1923 οὗ
2218 1902 2268 1924 τι)

1241 1945 1392 1998 Πατρι
1379 1945 1453 1996 οίμα
1473 1947 1524 1998 τῴ
1551 1945 1639 1997 ἁγίῳ
1660 1945 1841 1995 Πνεύαατι
1868 1945 1969 1993 δόξα,
1989 1945 2138 1999 κράτος,
2158 1946 2268 1998 τιμὴ,

1240 2013 1297 2046 νῦν
1314 2007 1373 2046 καὶ
1390 2007 1442 2046 ἀεὶ
1451 2038 1461 2057 ,
1477 2008 1537 2047 καὶ
1559 2010 1605 2051 εἷς
1622 2006 1699 2051 τοὺς
1720 2010 1848 2051 αἰῶνας
1861 2009 1932 2045 τῶν
1951 2006 2097 2046 αἰώνων.
2118 2007 2238 2059 Ἀμήν.

1620 2141 1801 2178 ouum
1829 2138 1872 2190 γ’.

1240 2263 1302 2306 Εἷς
1319 2261 1362 2300 τὰ
1382 2262 1555 2300 ὑπόλοιπα
1574 2266 1633 2300 τοῦ
1649 2292 1657 2310 ,
1680 2261 1741 2300 Ἐν
1764 2263 1856 2314 ἀρχῇ
1880 2262 2042 2309 ἐποίησεν
2064 2265 2081 2301 ὃ
2099 2263 2188 2307 Θεὸς
2207 2263 2265 2302 τὸν

1294 2324 1437 2376 οὐρανὸν
1456 2324 1514 2362 καὶ
1528 2323 1591 2371 τὴν
1609 2327 1688 2375 γῆν,
1701 2323 1764 2367 ἕως
1779 2328 1860 2371 τοῦ,
1876 2324 1946 2362 Καὶ
1966 2324 2101 2376 ἐγένετο
2120 2324 2265 2376 ἑσπέρα,

1293 2386 1352 2425 καὶ
1374 2386 1509 2438 ἐγένετο
1528 2385 1638 2438 πρωῒ,
1657 2385 1772 2437 ἡμέρα
1791 2384 1866 2435 μία.

1291 2560 1471 2610 Θησαυρῷ
1504 2574 1571 2595 τινι
1602 2556 1804 2609 προσέοικεν
1823 2560 1936 2604 ἡτῶν
1976 2557 2074 2596 θείων
2112 2559 2261 2610 Γραφῶν

1238 2621 1443 2672 ἀνάγνωσις.
1484 2619 1652 2671 Καθάπερ
1685 2618 1752 2671 γὰρ
1783 2619 1911 2657 ἐκεῖθέν
1943 2635 1995 2662 τις
2035 2619 2099 2656 κᾶν
2137 2619 2261 2670 μικρὸν

1236 2683 1361 2734 Ιψῆγμα
1387 2681 1507 2718 λαὸεῖν
1538 2679 1716 2726 δυνηθείη,
1748 2678 1856 2717 πολὺν
1886 2681 1999 2731 ἑαυτῷ
2026 2679 2083 2716 τὸν
2109 2681 2258 2718 πλοῦτον

1236 2741 1435 2793 ἐργάζεται·
1455 2741 1544 2780 οὕτω
1561 2740 1600 2787 δὴ
1617 2739 1676 2777 καὶ
1692 2739 1750 2777 ἐπὶ
1764 2743 1826 2785 τῆς
1849 2739 1940 2784 θείας
1961 2741 2102 2792 Γραφῆς
2116 2770 2125 2787 ,
2145 2739 2204 2777 καὶ
2225 2741 2260 2777 ἐν

1238 2802 1386 2855 βραχείᾳ
1400 2802 1490 2846 λέξει
1512 2801 1643 2847 πολλήν
1665 2803 1758 2839 ἐστιν
1781 2802 1890 2853 εὑρεῖν
1908 2802 1976 2838 τῶν
1991 2801 2177 2851 νοημάτων
2197 2800 2260 2848 τὴν

1234 2865 1392 2916 δύναμιν,
1424 2863 1483 2902 καὶ
1511 2863 1641 2914 ἄφατον
1668 2861 1725 2899 τὸν
1754 2863 1914 2899 πλοῦτον.
1938 2862 2007 2900 Καὶ
2028 2864 2065 2900 οὐ
2088 2862 2260 2914 θησαυρὸν

1236 2927 1352 2977 μόνον,
1378 2924 1468 2964 ἀλλὰ
1492 2924 1550 2962 καὶ
1579 2922 1695 2974 πηγὴν
1715 2929 1875 2973 μιμεῖται
1896 2922 1939 2960 τὰ
1959 2927 2031 2961 θεῖα
2050 2923 2173 2974 λόγια,
2196 2925 2258 2962 δα-

1233 2989 1317 3039 ψιλῆ
1348 2987 1391 3025 τὰ
1415 2986 1554 3037 νάματα
1582 2983 1853 3030 ἀναὸλύζουσαν,
1873 2984 1933 3022 καὶ
1954 2984 2087 3031 πολλὴν
2107 2984 2256 3036 ἔχουσαν

1232 3049 1295 3095 τὴν
1318 3047 1507 3102 ἐπιρροήν·
1530 3046 1707 3085 καὶτοῦτο
1736 3045 1778 3082 δι’
1802 3047 1913 3082 αὐτῶν
1941 3049 2008 3082 τῶν
2038 3045 2146 3096 ἔργων
2176 3045 2256 3096 χθὲς

1233 3111 1381 3153 ἅπαντες
1409 3107 1674 3159 μεμαθήκαμεν.
1694 3107 1775 3143 Τῶν
1801 3105 1868 3157 γὰρ
1889 3105 2080 3157 προοιμίων
2100 3103 2256 3156 ἀρξάμε-

1230 3188 1281 3210 νοι
1297 3175 1356 3209 τοῦ
1374 3173 1434 3216 τῆς
1449 3168 1593 3211 κτίσεως
1611 3165 1745 3218 βιῧλιόυ
1764 3169 1812 3210 εἷς
1829 3167 1885 3212 τὸ,
1904 3166 1965 3203 Ἑν
1982 3168 2075 3218 ἀρχῇ
2094 3165 2254 3211 ἐποίησεν

1229 3237 1247 3271 ὁ
1269 3233 1357 3275 Θεὸς
1388 3231 1445 3268 τὸν
1475 3229 1617 3282 οὐρανὸν
1646 3227 1706 3266 καὶ
1732 3227 1795 3273 τὴν
1816 3230 1898 3278 γῆν,
1926 3233 2042 3265 πᾶσαν
2070 3226 2132 3273 τὴν
2161 3227 2253 3263 διδα-

1230 3293 1374 3333 σκαλίαν
1397 3291 1660 3341 ἐτελειώσαμεν,
1693 3288 1750 3327 καὶ
1782 3289 1857 3327 οὐδὲ
1877 3289 1985 3332 οὕτως
2006 3288 2044 3326 τὸ
2070 3294 2137 3325 πᾶν
2156 3293 2169 3308 ³
2186 3303 2253 3325 xat—

246 3440 255 3452 ἢ
275 3427 409 3460 coislin.
425 3433 459 3458 et
480 3423 582 3458 Savil.
608 3424 640 3456 in
662 3430 753 3455 textu
772 3425 970 3462 καταλαέεῖυ,
991 3428 1090 3455 recte.
1117 3418 1233 3454 Morcl.
1261 3424 1291 3451 et
1306 3415 1407 3451 suxit.
1427 3417 1458 3448 in
1475 3426 1577 3456 marg.
1594 3417 1746 3447 καταὲκλε
1761 3430 1784 3444 ν.
