2516 3791
675 271 715 300 lx
754 270 855 299 mv.
892 270 955 300 tx.
993 268 1154 298 GENES.

106 355 165 396 καὶ
196 353 240 392 τὰ
268 353 358 392 ἄλλα
385 352 429 391 τὰ
455 354 540 404 παρ’
570 353 703 390 ἑαυτῶν
733 352 917 404 εἰσφέρειν,
939 350 1127 402 συντριδὴν

107 415 275 462 διανοίας,
296 413 480 458 κατοίνυξιν
495 415 623 465 ἀκριὸἢ
635 443 645 460 ,
667 413 901 464 ἐλεημοσύνην
920 414 1048 465 δαψιλῆ
1062 443 1071 456 ,
1086 412 1130 451 τὰ

105 475 209 516 λοιπὰ
233 475 328 522 πάθη
361 475 405 514 τὰ
430 475 704 527 διαταράττοντα
739 477 841 525 ἡμῶν
873 474 930 512 τὸν
963 473 1130 525 λογισμὸν

105 539 281 590 χαλινοῧν,
311 537 370 575 καὶ
412 536 573 587 ἐξορίζειν
601 539 663 582 τῆς
698 535 872 588 ἡμετέρας
905 537 1036 587 ψυχῆς,
1069 533 1128 571 καὶ
1150 537 1173 566 D

106 598 194 649 μήτε
222 599 290 637 ὑπὸ
313 601 375 645 τῆς
403 599 471 636 τῶν
496 597 690 650 χρημάτων
722 596 908 647 ἐπιθυμίας
936 597 1128 646 πολιορκεῖ-

105 662 206 706 σθαι,
244 659 331 709 μήτε
367 664 594 709 μνησικακεῖν
635 658 721 710 πρὸς
762 657 840 699 τοὺς
876 655 1037 703 πλησίον,
1068 655 1126 693 καὶ

106 722 288 772 ἐχθρωδῶς
304 721 496 758 διακεῖσθαι
514 719 600 770 πρὸς
615 718 692 761 τοὺς
706 722 892 769 ὁμογενεῖς.
910 715 1023 755 Οὐδὲν
1039 715 1126 767 γὰρ,

105 781 200 818 οὐδὲν
219 779 326 823 οὕτως
345 782 362 817 6
381 779 469 821 Θεὸς
497 785 592 828 μισεῖ
616 778 675 816 καὶ
705 776 979 829 ἀποστρέφεται,
1001 778 1048 819 ὡς
1068 776 1125 814 τὸν

106 844 390 890 μνησικακοῦντα
417 839 598 891 ἄνθριιιπον
617 839 676 877 καὶ
698 837 762 883 τὴν
789 837 916 889 ἔχθραν
947 835 1010 882 τὴν
1040 837 1126 888 πρὸς

104 900 162 938 τὸν
195 899 342 947 πλησίον
376 900 434 937 ἐπὶ
463 902 525 945 τῆς
548 901 664 951 ψυχῆς
690 899 855 944 διηνεκῶς
893 897 1124 948 φυλάττοντα.

104 960 267 1007 Τοσαύτη
287 960 354 1012 γὰρ
369 961 497 1007 ταύτης
526 960 599 998 ἐστὶ
618 962 680 1005 τῆς
705 958 879 1011 ἁμαρτίας
897 961 919 1004 ἡ
941 957 1055 1008 λύμη,
1072 957 1126 996 ὅτι

104 1021 163 1061 καὶ
190 1021 450 1074 φιλανθρωπίαν
481 1023 574 1060 Θεοῦ
596 1020 842 1059 ἀνεκαλέσατο.
873 1019 945 1058 Καὶ
973 1018 1030 1058 ἵνα
1059 1019 1127 1071 μοί-

105 1087 203 1130 Οητε,
225 1086 422 1134 ὑπομνῆσαι
441 1085 532 1134 ὑμᾶς
563 1082 732 1134 βούλομαι
753 1084 815 1128 τῆς
841 1080 1045 1133 παραδολῆς
1063 1083 1127 1127 τῆς

105 1146 139 1182 ἐν
160 1146 210 1196 τῷ
237 1143 426 1196 εὐαγγελίῳ
455 1143 639 1194 κειμένης,
657 1142 750 1186 ὅπως
780 1144 906 1185 ἐκεῖνος
927 1144 945 1179 6
965 1144 1033 1180 τῶν
1064 1157 1127 1192 μυ-

108 1206 188 1258 ρίων
213 1206 392 1244 ταλάντων
408 1205 472 1252 τὴν
495 1204 717 1257 συγΛώρησιν
735 1203 919 1254 δεξάμενος
948 1203 1045 1256 παρὰ
1066 1207 1127 1241 τοῦ

106 1268 275 1306 δεσπότου
289 1297 299 1314 ,
319 1266 438 1314 ἐπειδὴ
467 1267 682 1318 προσέπεσε,
704 1265 763 1304 καὶ
794 1265 917 1311 ἐδεήθη
931 1294 941 1311 ,
967 1264 1026 1303 καὶ
1055 1263 1126 1303 ἱκέ-

105 1344 217 1367 τευσε.
250 1326 530 1380 Σπλαγχνισθεὶς
556 1326 641 1379 γὰρ,
671 1326 788 1379 φησὶν,
815 1329 832 1364 6
866 1325 982 1379 κύριος
1020 1326 1125 1363 αὐτοῦ
1146 1339 1169 1369 E

107 1388 275 1428 ἀπέλυσεν
298 1389 412 1436 αὐτὸν,
432 1389 490 1426 καὶ
519 1388 558 1426 τὸ
585 1387 716 1426 δάνειον
741 1386 986 1439 συνεχώρησεν
1021 1389 1125 1438 αὐτῷ.

107 1444 207 1493 Εἶδες
226 1449 483 1502 εὖσπλαγχνίαν
504 1448 690 1497 δεσπότου,
709 1449 865 1492 Ἐκεῖνος
888 1446 1126 1500 προσέπιπτεν

104 1511 267 1550 ἱκετεύων
293 1510 509 1564 προθεσμίαν
529 1512 623 1562 αὐτῷ
655 1512 811 1557 δοθῆναι.
843 1508 1126 1562 Μακροθύμησον

103 1571 170 1624 γὰρ
189 1571 244 1610 ἐπ’
259 1572 358 1620 ἐμοὶ,
378 1571 481 1623 φησὶ,
501 1571 560 1610 καὶ
578 1571 692 1610 πάντα
711 1587 765 1610 σοι
788 1570 976 1609 ἀποδώσω.
998 1569 1090 1610 Ἀλλ’
1109 1573 1127 1608 6

104 1632 230 1684 ἀγαθὸς
251 1633 440 1680 δεσπότης,
462 1636 480 1671 ὃ
501 1632 663 1684 κηδεμὼν
684 1632 743 1670 καὶ
762 1631 1061 1684 φιλάνθρωπος,’
1045 1648 1126 1670 επι-

1194 268 1349 299 nomn..

1389 269 1534 299 xxvn.
2063 258 2152 320 δικ)

1203 359 1236 389 et
1253 351 1322 388 alia
1337 365 1417 402 qum
1438 366 1458 389 a
1476 350 1579 389 nobis
1595 350 1790 401 exiguntur
1808 351 1934 388 asseri-e
1949 366 1955 386 z
1972 352 2152 390 contritio-

1202 426 1281 450 nem
1299 414 1429 461 contis,
1447 412 1753 465 compunctionem
1770 426 1901 462 veram,
1914 412 2049 463 largam
2064 414 2152 451 elee-

1202 487 1404 526 1uosyna¹113
1424 474 1626 512 affectiones
1643 489 1722 526 qua:
1742 483 1897 512 mentem
1924 483 2082 512 nostram
2100 476 2151 513 in-

1201 534 1398 573 terturbant
1419 536 1593 573 refrenare
1606 565 1616 584 ,
1636 544 1668 573 et
1688 549 1731 573 ex
1752 535 1870 573 anima
1889 535 2151 573 eliminarezita

1200 603 1237 631 ut
1269 608 1380 645 neque
1409 595 1621 633 divitiarum
1657 596 1854 648 cupiditate
1883 609 2149 648 exmgnemur,

1199 668 1311 705 neque
1329 655 1476 707 iujurias
1491 656 1607 694 illatas
1626 657 1806 695 vindicare
1826 657 2024 710 cupiamus,
2039 671 2152 708 neque

1198 714 1378 753 hostiliter
1393 716 1427 753 in
1445 717 1652 768 proximum
1667 718 1782 755 affecti
1798 718 1921 757 simus.
1932 718 2030 756 Nihil
2043 719 2151 767 enim,

1198 775 1288 813 nihil
1306 777 1428 827 utique
1446 777 1608 814 omnium
1624 778 1722 815 Deus
1742 778 1788 815 ita
1805 778 1881 816 odit
1899 788 1930 816 et
1949 790 2147 826 aversatur,

1197 845 1236 874 ut
1253 836 1434 875 hominem
1463 838 1610 877 ultionis
1634 838 1800 889 avidum,
1823 848 1856 876 et
1883 840 1918 877 in
1947 841 2066 879 animo
2085 857 2150 881 suo

1196 907 1384 950 perpetuas
1402 898 1573 937 adversus
1588 899 1795 952 proximum
1812 910 2011 938 servantem
2031 902 2149 941 inimi-

1197 958 1310 997 citias.
1333 960 1493 998 Tantum
1515 961 1609 999 enim
1634 962 1710 1013 ejus
1737 962 1870 1014 peccati
1889 961 2061 1001 damnum
2081 975 2146 1014 est,

1198 1029 1238 1059 ut
1253 1020 1534 1060 misericordiam
1551 1022 1616 1060 Dei
1631 1032 1787 1073 revocet,
1803 1037 1865 1061 nee
1886 1023 2003 1062 locum
2022 1024 2152 1063 habere

1198 1082 1301 1120 sinat.
1321 1084 1429 1131 Quod
1449 1092 1487 1121 ut
1506 1083 1648 1132 sciatis,
1664 1084 1906 1136 evangelicam
1925 1086 2030 1124 vobis
2046 1101 2151 1139 para-

1197 1143 1317 1186 bolam
1349 1145 1461 1182 resero
1474 1175 1484 1193 ‚
1521 1145 1703 1196 quomodo
1742 1145 1803 1184 ille
1833 1145 1956 1184 decem
1996 1148 2150 1187 millium

1196 1205 1413 1244 talentorum
1433 1205 1586 1256 debitor,
1606 1206 1849 1245 remissionem
1869 1208 2030 1247 omnium
2051 1224 2069 1247 a
2089 1210 2152 1249 do-

1197 1266 1294 1304 mino
1310 1277 1546 1318 consequutus
1563 1267 1620 1317 sit,
1630 1268 1786 1321 procidit
1801 1277 1835 1306 et
1852 1269 1980 1308 oravit.
1999 1272 2152 1310 Miseri·
2169 1289 2281 1318 malm,
2307 1289 2352 1319 ,3,

1197 1329 1332 1366 cordia
1361 1328 1456 1366 enim
1499 1338 1640 1379 motus,
1677 1329 1806 1380 inquit,
1838 1331 2017 1369 dominus
2052 1335 2148 1385 ejus,
2169 1338 2217 1368 ²7-

1196 1391 1315 1426 etiam
1327 1390 1500 1427 debitum
1513 1393 1549 1427 ei
1557 1393 1715 1429 remisit.
1725 1389 1859 1430 Vidisti
1871 1391 2153 1432 misericordiam

1195 1449 1357 1487 domini?
1372 1449 1438 1487 Ille
1453 1450 1620 1502 procidit,
1637 1459 1671 1489 et
1687 1451 1828 1503 rogavit
1849 1461 1886 1490 ut
1911 1452 2054 1504 longius
2080 1454 2151 1492 sibi

1196 1519 1337 1564 tempus
1352 1511 1605 1563 praefiniretur.
1624 1514 1866 1551 Patientiam
1893 1515 1994 1553 habe
2018 1517 2060 1552 in
2077 1529 2151 1563 me,

1197 1573 1329 1624 inquit,
1341 1583 1379 1612 et
1393 1577 1526 1612 omnia
1543 1577 1613 1612 tibi
1626 1576 1800 1614 reddam.
1816 1575 1889 1614 Sed
1903 1576 2019 1614 bonus
2039 1576 2154 1614 domi-

1197 1635 1512 1684 nus‚mise1ic01s,
1533 1637 1715 1687 nostrique
1729 1650 1851 1675 emam
1867 1651 1986 1689 agens,
1999 1638 2153 1690 supplici

103 1693 272 1745 καμφθεις
288 1709 337 1731 τι)
359 1693 456 1745 ἱκέτῃ
470 1724 479 1741 ,
497 1696 562 1746 οὐχ
579 1692 698 1732 ὅσον”
676 1708 808 1745 ῃτησε,
828 1697 988 1731 τοσοῦτον
1017 1692 1126 1744 παρέ-
1136 1731 1166 1755 2
1154 1732 1183 1755 65
1198 1696 1389 1748 propitius,
1401 1710 1470 1734 non
1485 1697 1601 1735 solum
1615 1707 1789 1748 quantum
1806 1698 1929 1750 petiit,
1952 1698 2015 1736 scd
2040 1713 2153 1749 quan-

104 1771 199 1807 esav,
218 1757 294 1793 ἀλλ’
331 1754 410 1793 ὅσον
441 1755 519 1794 οὐδὲ
547 1754 717 1801 ἐνενόησε.
741 1756 907 1792 Ἰοιοῧτον
933 1753 1001 1806 γὰρ
1033 1755 1126 1792 αὐτω
1149 1768 1174 1797 Λ
1200 1767 1276 1795 tum
1303 1771 1347 1795 ne
1378 1757 1533 1808 cogitate
1562 1757 1707 1823 quidem
1736 1773 1843 1797 ausus
1866 1759 1949 1807 suit,
1981 1759 2093 1797 dedit.
2119 1761 2152 1798 Is

104 1816 210 1860 ἔθος’
192 1832 230 1854 αε
236 1831 358 1853 ινικαν
381 1830 440 1854 και
459 1816 667 1868 προφθάνειν
690 1814 786 1858 τὰς(
769 1830 876 1865 ηιιετε
863 1814 943 1866 ε’ρας
961 1814 1127 1861 αιτήσεις.

104 1876 147 1914 Ἐ
150 1876 261 1916 κείνου
280 1877 390 1914 τοίνυν
407 1878 585 1923 ἐνδοθηναι
606 1876 791 1927 παρακαλέ
794 1890 939 1923 σαντος,
958 1876 1017 1912 καὶ
1036 1877 1127 1913 ὑπο-

107 1938 278 1989 σχομένου
297 1944 412 1975 πᾶσαν
430 1937 644 1984 ποιήσασθαι
663 1937 726 1983 τὴν
746 1935 890 1983 ἔκτισιν,
906 1939 924 1974 6
939 1935 1128 1988 ἀγαθότητι

105 2002 209 2036 νικῶν
246 1999 291 2037 τὰ
323 1998 479 2051 ἡμέτερα
510 1998 825 2048 πλημμελήματα,
857 1997 1129 2049 σπλαγχνισθεὶς

105 2060 224 2098 λοιπὸν
246 2059 415 2098 ἀπέλυσεν
436 2059 551 2106 αὐτὸν,
570 2059 630 2096 καὶ
647 2059 687 2096 τὸ
713 2058 846 2096 δάνειον
864 2061 995 2110 ἀφῆκεν
1022 2060 1127 2111 αὐτῷ.

105 2114 206 2164 Εἶδες
226 2120 259 2158 τί
279 2120 340 2171 μὲν
365 2124 383 2158 6
401 2121 519 2163 δοῦλος
545 2119 720 2171 ᾐτήσατο,
744 2118 823 2157 ὅσον
854 2118 889 2157 δὲ
918 2122 936 2156 6
958 2119 1128 2167 δεσπότης

105 2181 310 2232 ἐχαρίσατο;
339 2179 433 2233 “Opoe
458 2181 562 2219 πάλιν
587 2181 691 2218 αὐτοῦ
717 2179 837 2218 τούτου
857 2180 921 2226 τὴν
949 2180 1127 2219 ἀπόνοιαν.

103 2242 188 2280 Δέον
215 2242 283 2293 γὶρ
301 2241 391 2280 κατὰ
417 2241 480 2288 τὴν
503 2240 674 2287 τοσαύτην
695 2239 957 2292 φιλανθρωπίαν
974 2242 1034 2279 καὶ
1063 2241 1126 2290 τὴν

104 2303 234 2354 ἄφατον
267 2301 464 2354 εὐεργεσίαν
494 2300 556 2348 τὴν
579 2303 627 2345 εἷς
656 2302 759 2339 αὐτὸν
785 2301 1019 2354 γεγενημένην
1040 2318 1126 2353 συμ-

102 2362 319 2401 παθέστατον
342 2362 444 2400 αὐτὸν
467 2365 684 2408 καταστῆναι
706 2361 786 2414 περὶ
810 2361 887 2406 τοὺς
903 2365 1126 2415 ὁμογενεῖς,ὁ

104 2424 140 2463 δὲ
159 2424 197 2462 τὸ
213 2423 364 2462 ἐναντίον
384 2423 804 2467 ἐπιδείκνυται.Ἐξελθὼν
827 2423 912 2476 γὰρ,
927 2426 1045 2478 φησὶν,
1069 2421 1124 2464 οὗ·
1145 2435 1168 2466 Β

103 2501 159 2528 τος
174 2485 290 2532 αὐτὸς,
303 2487 321 2522 6
336 2487 405 2522 τῶν
419 2483 548 2536 μυρίων
563 2483 740 2522 ταλάντων
755 2484 819 2532 τὴν
834 2486 1058 2540 συγχώρησιν
1070 2489 1124 2527 δε-

105 2546 258 2620 ξάμενος.
275 2545 443 2593 Ἀκούετε,
455 2547 664 2597 παρακαλῶ,
678 2545 767 2596 μετὰ
780 2546 959 2598 ἀκριὸείας
970 2563 978 2570 ·
994 2548 1039 2586 τὰ
1054 2548 1123 2603 γὰρ

103 2608 212 2658 τούτῳ
234 2605 444 2657 συμὸάντα“
437 2606 538 2644 ικανὰ
555 2606 759 2645 καθικεσθαι
779 2609 841 2653 τῆς
862 2608 1034 2661 ἡμετερας
1056 2613 1124 2663 ψυ-

102 2684 190 2720 7ης,
210 2668 271 2706 καὶ
288 2672 406 2706 πεῖσαι
426 2666 465 2706 τὸ
490 2667 645 2720 χαλεπὸν
675 2671 778 2706 τοῦτο
807 2667 946 2720 νόσημα
972 2670 1122 2723 ἐξορίσαι

102 2731 164 2774 τῆς
178 2727 328 2771 διανοίας
346 2743 409 2774 της
425 2727 612 2781 ἡμετέρας.
630 2722 742 2773 Οὗτος
759 2729 872 2768 τοίνυν
893 2730 1036 2776 εξελθὼν
1059 2737 1121 2770 εὓ-

106 2805 160 2841 ρεν
182 2789 242 2827 ἕνα
265 2790 333 2826 τῶν
351 2788 542 2827 συνδούλων
565 2791 690 2838 αὐτοῦ,
711 2790 747 2834 ὃς
765 2790 909 2843 ὤφειλεν
927 2794 1022 2845 αὐτῳ
1040 2796 1122 2832 ἑκα-

103 2866 161 2888 τον
182 2849 338 2902 δηνάρια.
356 2848 487 2887 Σκόπει
504 2849 611 2889 πόσον
630 2850 670 2889 τὸ
696 2850 814 2902 μέσον.
833 2845 920 2891 ’Ὧδε
940 2853 1122 2899 σύνδουλος

104 2926 122 2949 ο
142 2910 285 2962 ὀφείλων
304 2910 463 2948 ἑκατὸν
444 2911 609 2962 δηνάρια,
629 2914 701 2950 ἐκεῖ
720 2912 890 2961 δεσπότης
908 2917 926 2953 6
949 2917 1122 2966 ἀπαιτων,

104 2972 163 3010 καὶ
191 2971 297 3024 μύρια
316 2987 358 3017 ην
390 2971 564 3010 τάλαντα·
583 2973 642 3011 καὶ
669 2972 764 3026 ὅμως
789 2975 909 3023 ἐπειδὴ
941 2971 1028 3014 εἶδεν
1049 2979 1121 3016 ἱκε-

103 3034 244 3072 τεύοντα
271 3047 330 3070 και
359 3034 646 3084 παρακαλοῦντα,
669 3034 928 3089 συνεχώρησεν·
957 3041 1055 3082 ουτος
1085 3037 1122 3076 δὲ

105 3093 289 3146 Κρατήσας
321 3093 422 3156 αὖῖὸν
453 3093 592 3146 ἔπνιγε,
620 3095 751 3148 λέγων·
779 3097 907 3141 ἀπόδος
938 3114 997 3148 μοι
1031 3098 1062 3138 εἴ
1087 3116 1122 3138 τι
1143 3105 1167 3136 C

105 3156 261 3207 ὀφείλεις.
281 3153 328 3192 Τί
354 3157 428 3201 οὐν;
451 3155 588 3203 Πεσὼν,
605 3157 724 3208 φησὶν,
751 3159 769 3195 6
791 3157 972 3202 σύνδουλος
997 3162 1119 3199 αὐτοῦ.

104 3216 200 3268 ‘'Opa
222 3216 296 3259 πῶς
315 3219 466 3267 συνεχῶς
488 3216 628 3270 στρέφει
645 3218 685 3256 τὸ
718 3221 816 3270 ῥῆμα
847 3224 947 3258 τοῦτο
976 3222 994 3258 6
1022 3222 1122 3273 εὐαγ-

107 3275 286 3327 γελιστὴς,
307 3275 352 3314 ‘O
371 3276 551 3322 σύνδουλος
576 3280 679 3316 αὐτοῦ
693 3309 702 3326 ,
718 3280 783 3331 οὐχ
809 3280 947 3328 ἁπλῶς,
968 3282 1044 3320 ἀλλ’
1065 3282 1120 3320 ἵνα

109 3337 287 3387 μάθωμεν,
302 3335 354 3374 ὅτι
369 3338 464 3376 οὐδὲν
481 3338 609 3389 μεταξὺ
626 3342 738 3378 αὐτῶν
752 3341 792 3379 τὸ
813 3340 928 3391 μέσον.
945 3343 1016 3381 Καὶ
1030 3343 1124 3394 ὅμως

108 3399 170 3443 τὴν
191 3397 298 3443 αὐτὴν
316 3397 492 3451 ἱκετηρίαν
520 3400 604 3452 πρὸς
634 3401 734 3438 αὐτὸν
765 3401 977 3450 ἐποιήσατο,
1011 3404 1126 3449 ἦνκαὶ

111 3455 203 3502 οὗτος
219 3458 303 3509 πρὸς
319 3459 375 3497 τὀν
398 3459 588 3509 δεσπότην,
614 3460 742 3512 λέγων·
768 3463 1050 3515 Μακροθύμησον
1074 3467 1127 3504 ἐπ’

1199 1816 1294 1855 enim
1313 1817 1389 1869 ejus
1411 1831 1486 1855 mos
1503 1825 1568 1865 est,
1588 1825 1628 1854 ut
1648 1817 1780 1866 vincat,
1797 1826 1831 1855 et
1847 1818 2041 1870 praeveniat
2063 1819 2151 1870 peti-

1198 1878 1311 1916 tiones
1330 1886 1480 1916 nostras.
1504 1878 1572 1916 Illo
1594 1877 1712 1929 itaque
1730 1888 1852 1917 orante
1872 1888 1911 1916 ut
1928 1880 2150 1918 severitatem

1198 1938 1366 1977 dominus
1396 1938 1604 1987 remitteret,
1626 1947 1660 1976 et
1688 1939 1917 1991 promittente
1950 1941 2151 1979 soluturum

1199 2013 1235 2037 se
1249 1999 1367 2037 omnia
1380 2029 1390 2048 ‚
1409 1999 1575 2037 dominus
1593 1999 1752 2038 bonitate
1778 2015 1841 2038 sua
1869 2001 2015 2039 vincens
2034 2011 2151 2040 nostra

1197 2059 1342 2109 delicta,
1356 2060 1598 2099 misericordia
1617 2070 1750 2111 motus,
1772 2061 1910 2100 dimisit
1934 2077 2015 2100 eum
2028 2094 2037 2111 ‚
2053 2063 2152 2101 debi-

1197 2129 1346 2172 tumque
1367 2130 1481 2159 totum
1509 2120 1541 2159 ei
1565 2121 1714 2160 remisit.
1746 2121 1880 2161 Vidisti
1911 2123 2000 2174 quid
2026 2137 2151 2162 servus

1196 2181 1406 2230 oraverit,et
1419 2190 1591 2232 quantum
1607 2182 1637 2220 ei
1651 2181 1818 2221 dominus
1833 2181 2040 2222 dimiserit?
2056 2184 2151 2225 Vide

1195 2256 1214 2280 e
1229 2238 1372 2280 diverso
1385 2251 1418 2280 et
1432 2242 1526 2280 servi
1543 2242 1766 2281 insolentiam
1781 2257 1881 2281 :eum
1899 2244 2042 2283 deberet
2055 2246 2149 2284 euim

1195 2302 1393 2341 seeundum
1423 2311 1559 2341 tantam
1587 2303 1842 2355 benignitatem
1866 2313 1900 2342 et
1931 2305 2149 2344 ineffabilem

1193 2364 1462 2403 beneficentiam
1483 2364 1552 2402 sibi
1572 2363 1787 2415 exhibitam,
1817 2374 1851 2403 et
1869 2365 1944 2418 ipse
1960 2380 2041 2418 erga
2057 2381 2144 2420 pro-

1193 2426 1332 2465 ximum
1363 2426 1452 2464 bene
1483 2426 1630 2464 affectus
1662 2440 1758 2475 esse,
1793 2427 1969 2465 contrario
2001 2443 2146 2481 prorsus

1194 2487 1302 2526 modo
1318 2501 1354 2525 se
1375 2487 1493 2538 gessit.
1512 2488 1702 2539 Egressus
1721 2486 1830 2535 enim,
1843 2488 1973 2538 inquit,
1987 2490 2068 2535 ille,
2083 2490 2145 2540 qui
2162 2495 2207 2526 lb.
2227 2507 2254 2524 v.
2278 2495 2327 2525 28.

1193 2549 1316 2588 decem
1329 2548 1485 2586 millium
1496 2547 1709 2586 talentorum
1725 2548 1966 2587 remissionem
1978 2564 2146 2601 assequu-

1193 2621 1250 2650 tus
1277 2619 1364 2649 erat.
1399 2609 1547 2660 Audite,
1573 2609 1734 2658 obsecro,
1756 2609 1946 2661 diligenter
1966 2625 2066 2661 :qum
2090 2612 2144 2650 illi

1192 2673 1413 2720 acciderunt,
1445 2670 1629 2708 sufficiunt
1659 2670 1706 2708 ad
1739 2671 1980 2723 corripiendas
2008 2673 2144 2711 animas

1193 2745 1329 2774 nostras
1343 2765 1352 2782 ‚
1373 2742 1406 2771 et
1425 2732 1469 2770 ad
1495 2732 1783 2785 persuadendum
1803 2742 1842 2771 ut
1860 2735 2006 2772 tollatur
2025 2737 2145 2787 gravis

1192 2797 1253 2834 ille
1271 2794 1417 2833 morbus
1435 2807 1454 2830 e
1471 2802 1588 2830 mente
1612 2802 1744 2833 nostra„
1778 2795 1855 2832 Hic
1874 2794 1995 2847 igitur,
2013 2796 2143 2848 inquit,

1192 2860 1381 2910 Egressus
1410 2856 1556 2892 invenit
1577 2868 1696 2892 unum
1713 2868 1733 2892 e
1748 2859 1942 2895 conservis
1959 2860 2053 2907 suis,
2077 2863 2145 2911 qui

1192 2920 1355 2957 debebat
1381 2918 1417 2954 ei
1443 2923 1597 2953 centum
1624 2917 1819 2955 denarios.
1851 2917 1947 2957 Vide
1968 2929 2142 2970 quantum

1192 2977 1425 3018 interest.Hic
1439 2990 1629 3015 conservus
1645 2976 1797 3015 debebat
1811 2987 1949 3017 centum
1965 2979 2142 3030 denarios,

1191 3040 1266 3078 illic
1297 3037 1465 3076 dominus
1497 3045 1570 3074 erat
1591 3037 1652 3087 qui
1677 3038 1854 3090 repetebat
1878 3039 1999 3079 decem
2029 3042 2141 3080 millia

1192 3101 1425 3139 talentorum:
1442 3097 1678 3137 nihilominus
1706 3099 1789 3150 quia
1818 3099 1912 3139 vidit
1931 3103 2142 3154 supplican-

1192 3171 1262 3200 tem
1279 3170 1312 3199 et
1328 3168 1501 3202 or‚antem
1518 3157 1667 3196 dimisit.
1699 3161 1742 3196 At
1762 3159 1826 3200 iste
1847 3161 2144 3213 Apprehensum

1193 3236 1345 3262 servum
1374 3221 1615 3273 suffocabat,
1648 3221 1812 3259 dicens.-
1835 3223 1965 3261 Redde
1992 3227 2086 3262 mihi
2111 3229 2146 3264 si

1192 3284 1288 3336 quid
1309 3283 1435 3320 debes.
1469 3279 1565 3326 Quid
1599 3280 1741 3331 igitur?
1760 3283 1988 3331 Procedens,
2013 3285 2143 3337 inquit,
2158 3297 2274 3326 llum.
2292 3300 2343 3328 29·

1194 3355 1400 3382 conservus
1416 3343 1508 3393 ejus.
1530 3340 1628 3379 Vide
1656 3342 1834 3392 quomodo
1865 3344 2016 3383 subinde
2031 3361 2141 3385 evan-

1198 3405 1320 3456 gelista
1336 3402 1502 3452 verbum,
1520 3403 1750 3448 Conservus,
1768 3413 1898 3454 versat,
1916 3419 1983 3443 non
2002 3415 2142 3450 temere,

1201 3465 1260 3504 sed
1287 3473 1323 3502 ut
1341 3462 1521 3502 discamus
1542 3462 1622 3500 illos
1653 3477 1754 3514 pares
1776 3464 1919 3503 omnino
1939 3465 2056 3504 fuisse.
2079 3469 2149 3506 Ye-
