2516 3791
630 256 672 286 IN
710 256 809 286 CAP.
848 255 1005 285 xhvul.

81 341 230 395 γίνεται,
249 339 331 379 ὅταν
350 339 398 391 μὴ
424 339 499 391 εἰδῇ
527 345 598 383 τοῖς
624 338 804 392 χρήμασιν
823 342 840 377 ὁ
858 339 932 382 νέος
955 340 1002 382 εἰς
1031 337 1105 376 δέον

81 405 286 455 κεχρῆσθαι.
308 400 378 439 Καὶ
408 399 568 453 καθάπερ
586 401 630 439 τὰ
661 400 785 438 παιδία
803 400 847 438 τὰ
869 400 994 454 μικρὰ,
1011 400 1108 437 ἐπει-

82 462 143 502 δὰν
165 462 342 514 μαχαίρας
355 460 569 507 ἐπιλοίὸηται
588 461 609 507 ἢ
630 461 760 514 ξίφους,
778 461 835 500 διὰ
861 462 901 501 τὸ
917 460 965 512 μὴ
983 459 1108 499 εἰδέναι

81 525 225 567 δεόντως
260 526 454 576 κεχρῆσθαι
467 554 476 572 ,
509 523 679 566 πολλάκις
716 525 764 568 εἷς
794 527 969 575 προῦπτον
1001 519 1110 559 ἑαυτὰ

81 586 234 624 κίνδυνον
272 585 441 636 ἐμὸοίλλει
452 615 462 633 ,
495 584 569 624 ὅθεν
607 583 682 623 οὐδὲ
713 587 854 637 ἀφιᾶσιν
889 586 926 622 αἱ
965 580 1112 634 μητέρες

81 647 191 690 ἀδεῶς
204 649 273 684 τῶν
293 646 455 685 τοιούτων
472 646 686 699 ἐφάπτεσθαι
700 662 708 669 ·
725 646 815 684 οὕτω
829 644 872 690 δὴ
893 643 952 682 καὶ
972 645 1003 681 οἱ
1020 642 1110 689 νέοι,

36 755 40 763 .
85 706 228 745 ἐπειδὰν
260 707 454 760 χρημάτων
475 706 677 760 περιουσίαν
704 705 949 751 διαδέξωνται,
984 703 1039 742 διὰ
1074 702 1113 740 τὸ

83 767 132 820 μὴ
150 768 259 807 θέλειν
290 771 404 812 αὐτοῖς
438 768 581 811 δεόντως
614 769 808 821 κεχρῆσθαι
822 796 836 814 ,
871 768 918 809 εἷς
951 767 1111 817 προφανῆ

82 830 236 868 κίνδυνον
255 829 397 873 ἑαυτοὺς
413 830 671 881 περιπείρουσι,
690 829 748 867 τὸν
771 827 895 880 φόρτον
911 830 979 865 τῶν
999 827 1114 879 ἁμαρ-

83 892 252 942 τημάτων
269 893 422 929 ἐντεῦθεν
437 893 570 933 ἑαυτοῖς
585 889 818 940 συλλέγοντες.
836 890 881 926 Αἱ
894 888 961 941 γὰρ
974 887 1114 940 τρυφαὶ,

84 953 143 991 καὶ
164 955 200 990 αἱ
223 952 346 991 ἄτοποι
362 951 500 999 ἡδοναὶ,
520 950 580 989 καὶ
595 950 640 989 τὰ
654 949 760 1004 μυρία
777 949 871 988 κακὰ
891 951 1044 988 ἐντεῦθεν
1059 949 1114 987 τί-

84 1030 204 1054 κτεται
216 1031 224 1038 ·
241 1016 305 1067 οὐχ
319 1015 438 1056 ἁπλῶς
453 1012 523 1052 ἀπὸ
538 1012 734 1067 χρημάτων
749 1012 861 1065 λέγω,
884 1013 961 1051 ἀλλ’
977 1011 1046 1050 ἀπὸ
1057 1016 1116 1050 τοῦ

87 1076 135 1127 μὴ
153 1076 280 1115 εἰδέναι
299 1075 548 1128 προσηκόντως
566 1076 682 1119 αὐτοῖς
695 1077 891 1127 κεχρῆσθαι
909 1072 987 1118 τοὺς
1005 1077 1117 1112 ταῦτα

87 1138 361 1189 διαδεξαμένους.
377 1137 445 1176 Διὰ
459 1141 560 1176 τοῦτο
580 1136 640 1175 καὶ
662 1136 765 1189 σοφός
778 1152 830 1180 τις
848 1136 964 1188 ἔλεγεν
979 1151 986 1159 ·
1009 1135 1115 1188 Ἀγα-

87 1201 144 1245 θὸς
169 1205 187 1239 ὁ
212 1202 380 1246 πλοῦτος,
399 1195 428 1252 ᾧ
463 1200 511 1250 μή
541 1201 633 1238 ἐστιν
667 1198 836 1252 ἁμαρτία.
872 1198 975 1238 Ἐπεὶ
1005 1199 1065 1238 καὶ
1099 1201 1117 1236 ὃ

88 1262 250 1315 Ἀίῗραὰμ
267 1260 430 1305 πλούσιος
447 1255 502 1309 ἦν,
529 1261 588 1299 καὶ
609 1264 626 1299 ὁ
645 1260 729 1299 ’lc->6
747 1260 911 1305 πλούσιος
927 1255 982 1308 ἧν,
1002 1260 1061 1299 καὶ
1078 1261 1116 1298 οὗ

89 1324 192 1375 μόνον
208 1323 302 1362 οὐδὲν
324 1323 394 1362 ἀπὸ
406 1326 466 1361 τοῦ
483 1323 633 1362 πλούτου
645 1322 934 1376 παρεὸλοίέησαν,
955 1323 1045 1362 ἀλλὰ
1061 1323 1120 1361 καὶΙ

90 1383 255 1435 μειζόνως
271 1383 520 1435 εὐδοκίμησαν.
542 1384 647 1428 Τίνος
671 1383 785 1423 ἕνεκεν
806 1384 865 1423 καὶ
886 1383 943 1422 διὰ
964 1384 1018 1431 τί;
1033 1383 1121 1423 “O-:t

90 1447 151 1485 οὒκ
179 1448 227 1489 εἷς
245 1446 374 1484 οἰκείαν
402 1446 595 1485 ἀπόλαυσιν
631 1446 733 1497 μόνον
764 1445 876 1498 τούτῳ
911 1444 1121 1498 ἐκέχρηντο,

91 1506 181 1546 ἀλλὰ
200 1506 287 1559 πρὸς
303 1506 365 1554 τὴν
386 1510 454 1545 τῶν
478 1507 593 1545 ἄλλων
614 1506 856 1559 παραμυθίαν,
878 1506 937 1544 καὶ
965 1506 1029 1551 τὰς
1055 1509 1124 1545 τῶν

91 1567 265 1620 δεομένων
276 1567 513 1620 διορθούμενοι
528 1568 660 1617 πενίας,
674 1568 735 1607 καὶ
747 1571 768 1614 ἡ
784 1567 878 1606 οἷκία
893 1570 1006 1606 αὐτῶν
1020 1572 1127 1610 παντὶ

93 1629 177 1683 ξένῳ
198 1625 241 1677 ἦν
259 1629 476 1682 ἀνεῳγμένη.
494 1629 615 1669 Ἄκουε
635 1629 704 1683 γὰρ
724 1629 798 1673 ἑνὸς
816 1631 930 1668 αὐτῶν
946 1629 1106 1682 λέγοντος
1120 1642 1127 1649 ·
1150 1637 1174 1667 C

93 1692 138 1730 Εἰ
158 1691 195 1730 δὲ
216 1691 276 1729 καὶ
296 1691 418 1737 ἐξῆλθέ
437 1707 489 1735 τις
511 1693 550 1729 ἐκ
571 1695 630 1730 τοῦ
651 1691 745 1730 οἴκου
777 1706 843 1742 μου
865 1691 988 1743 κόλπῳ
1018 1693 1127 1744 κενῷ,

92 1753 152 1791 καὶ
172 1752 336 1792 ἀδύνατοι
357 1752 393 1791 δὲ
407 1782 416 1800 ,
440 1752 472 1791 εἴ
490 1768 575 1791 ποτε
599 1746 692 1805 εἶχον
711 1752 846 1805 χρείαν,
862 1753 924 1791 οὔκ
942 1751 1127 1804 ἀπέτυχον.

93 1815 164 1854 Καὶ
185 1817 222 1853 οὔ
244 1814 346 1866 μόνον
364 1813 427 1861 τὴν
457 1814 515 1853 διὰ
533 1814 728 1868 χρημάτων
748 1815 949 1868 ἐπικουρίαν
977 1816 1025 1858 εἷς
1051 1812 1129 1858 τοὺς

94 1876 273 1928 δεομένους
294 1875 555 1923 ἐπεδείκνυντο,
577 1875 669 1914 ἀλλὰ
690 1876 750 1914 καὶ
774 1875 837 1923 τὴν
858 1875 915 1914 διὰ
945 1879 1007 1923 τῆς
1036 1890 1127 1927 προ-

97 1937 243 1982 στασίας
255 1937 433 1990 πρόνοιαν.
445 1937 543 1989 Ἐγὼ
557 1936 625 1991 γὰρ
638 1937 748 1989 ἤμην,
766 1937 850 1990 φησὶ
861 1967 872 1985 ,
887 1936 973 1980 ποὺς
988 1935 1128 1989 χωλῶν,

95 2001 271 2053 ὀφθαλμὸς
289 1999 324 2038 δὲ
343 2000 496 2052 τυφλῶν,
521 1999 582 2037 καὶ
602 2002 640 2038 ἐκ
660 1999 766 2050 μέσου
785 1998 932 2038 ὀδόντων
955 1998 1130 2043 ἐξέσπασα

96 2061 279 2113 ἅρπαγμα.
296 2061 405 2114 (Ορᾷς
425 2059 526 2098 αὐτὸν
547 2061 606 2099 καὶ
625 2063 839 2112 προνοοῦντα
862 2064 931 2099 τῶν
948 2060 1130 2111 ἀδικουμέ-

97 2138 178 2167 νων,
193 2123 252 2160 καὶ
269 2122 345 2160 ἀντὶ
363 2125 432 2160 τῶν
448 2121 715 2173 πεπηρωμένων
732 2123 847 2172 μελῶν
867 2121 978 2159 ἅπασι
993 2121 1129 2172 γινόμε-

99 2200 154 2222 νον
166 2201 175 2231 ;
188 2186 321 2223 Τοῦτον
339 2184 496 2228 ἅπαντας
509 2185 616 2235 ε’χρῆν
633 2185 769 2230 ζηλοῦν,
786 2183 844 2221 τὸν
856 2183 924 2235 πρὸ
936 2187 996 2221 τοῦ
1010 2182 1131 2233 νόμου,

98 2244 155 2283 τὸν
172 2245 241 2298 πρὸ
258 2248 320 2291 τ’ἥς
334 2244 478 2297 χάριτος
496 2244 671 2290 τοσαύτην
691 2243 895 2296 φιλοσοφίαν
913 2243 1132 2294 ἐπιδειξάμε-

98 2321 170 2352 νον,
183 2306 242 2344 καὶ
262 2309 374 2344 ταῦτα
394 2305 470 2344 οὐδὲ
486 2305 694 2344 διδάσκαλον
710 2306 900 2357 ἐσχηκότα,
911 2305 991 2344 οὔτε
1005 2304 1134 2358 προγό-

200 2370 210 2381 9
285 2367 294 2380 Ι
426 2369 435 2381 5
490 2366 498 2383 N
550 2366 564 2381 Ἰ
735 2365 742 2381 ἱ
790 2369 800 2381 5
834 2367 843 2379 Χ
926 2365 934 2379 Ι
1037 2368 1047 2381 5
1094 2368 1116 2377 ω

99 2383 174 2411 νους
195 2383 394 2420 εναρετους,
418 2369 508 2405 αλλα
531 2370 663 2405 οικοθεν
687 2382 747 2404 και
781 2382 851 2405 απο
870 2382 1013 2419 γνωμης
1031 2370 1134 2418 ορθης
1156 2373 1181 2403 D

100 2429 159 2467 ἐπὶ
179 2428 242 2475 τὴν
263 2427 422 2482 χρηστὴν
448 2428 578 2475 ταύτην
598 2427 779 2466 πολιτείαν
797 2427 952 2466 ἐλθόντα.
976 2427 1047 2466 Καὶ
1067 2427 1135 2480 γὰρ

101 2490 245 2534 ἕκαστος
267 2492 368 2540 ἡμῶν
399 2492 432 2528 ἐν
457 2491 544 2542 αὐτῇ
565 2493 608 2541 τῇ
642 2489 741 2542 φύσει
769 2489 1042 2540 ἐναποκειμένην
1063 2488 1136 2541 ἔχει

100 2551 163 2598 τὴν
185 2554 312 2603 γνῶσιν
330 2554 393 2598 τῆς
419 2553 544 2602 ἀρετῆς
561 2566 568 2573 ·
589 2551 647 2588 καὶ
668 2552 697 2589 εἰ
730 2550 778 2601 μή
799 2565 851 2594 τις
886 2552 1038 2602 βουληθῇ
1068 2549 1138 2589 ἀπὸ

102 2613 272 2664 ῥᾳθυμίας
307 2612 371 2659 τὴν
405 2613 534 2651 οἰκείαν
564 2613 752 2665 προδοῦναι
782 2611 969 2664 εὐγένειαν,
1000 2613 1061 2650 οὐκ
1093 2612 1134 2650 ἄν

102 2688 186 2712 ποτε
217 2673 346 2720 ταύτης
380 2673 597 2727 ἀμοιρήσειε.
634 2672 776 2712 Γένοιτο
813 2672 848 2712 δὲ
876 2672 1010 2716 πάντας
1041 2675 1135 2724 ἡμᾶς

102 2734 234 2782 ταύτην
253 2734 456 2786 ἑλομένους,
476 2735 536 2773 καὶ
555 2734 644 2786 μετὰ
665 2734 845 2787 ἀκριέείας
863 2734 993 2782 ταύτην
1011 2749 1135 2788 κατορ-

106 2794 297 2844 θώσαντας,
316 2796 376 2834 καὶ
397 2799 465 2835 τῶν
496 2799 529 2835 ἐν
551 2796 775 2848 ἐπαγγελίαις
805 2795 973 2847 κειμένων
987 2797 1134 2847 ’ἀγαθῶν

107 2861 178 2899 τοῖς
202 2857 383 2907 ἀγαπῶσιν
404 2857 505 2895 αὐτὸν
522 2859 711 2910 ἐπιτυχεῖν,
731 2856 852 2909 χάριτι
868 2857 927 2895 καὶ
943 2859 1135 2910 φιλανθρω-

107 2916 172 2968 πία
197 2920 256 2954 τοῦ
288 2916 416 2968 Κυρίου
436 2920 537 2968 ἡμῶν
571 2917 686 2964 Ἰησοῦ
713 2919 888 2971 Χριστοῦ,
920 2920 995 2970 μεθ’
1019 2911 1056 2956 οῦ
1085 2919 1135 2970 τῷ

109 2978 243 3030 Πατρὶ,
280 2978 354 3029 ἅμα
387 2981 437 3029 τῷ
476 2977 564 3030 ἁγίῳ
607 2978 790 3030 Πνεύματι
805 3011 815 3028 ,
854 2979 956 3028 δόξα,
989 2978 1136 3031 κράτος,

1044 254 1205 284 GENES.

1246 253 1403 284 nomn..
1443 252 1564 283 vat.

2042 256 2063 294 7
2075 237 2096 280 3
2107 236 2130 281 5

1178 336 1261 375 dem
1290 336 1450 376 nesciunt
1479 334 1639 388 pecuniis·
1667 334 1718 371 uti
1748 334 1896 385 juvenes·
1925 341 1962 369 ut
1984 342 2130 384 oportet.

1180 401 1227 439 Et
1248 402 1339 440 sicut
1366 401 1469 454 parvi
1493 400 1595 453 pueri
1617 413 1730 452 saepe,
1756 397 1899 449 quaudo
1919 397 2081 435 cultellos·
2102 407 2134 434 et

1181 462 1320 513 gladios
1345 463 1543 514 arripiunt,
1572 475 1612 498 eo
1643 459 1739 511 quod
1770 458 1930 497 nesciunt
1950 458 2038 494 hvm—
2066 457 2136 494 illisv

1182 522 1256 571 uti,
1274 522 1524 575 periclitantur
1538 552 1546 567 ‚
1567 520 1662 559 unde
1693 529 1820 558 matres
1841 534 1907 557 uon
1927 518 2138 572 permittunt

1182 587 1255 625 illis
1272 601 1330 626 eos
1354 588 1499 640 impune
1517 587 1688 636 attingere
1707 603 1713 623 :
1734 586 1779 624 ita
1801 586 1957 639 prosectu
1979 593 2012 622 et
2027 585 2137 637 juve-

1184 663 1244 687 nes
1257 678 1267 698 ,
1285 648 1346 700 qui
1365 648 1598 702 pecuniarum
1621 647 1879 685 abundantiam
1896 645 2136 698 susceperint,

1185 724 1267 748 cum
1288 710 1415 748 nolunt
1437 710 1486 747 eis
1511 711 1602 749 benc
1623 709 1670 746 uti
1691 740 1699 757 ,
1727 709 1761 745 in
1782 708 1981 761 perieulum
2004 715 2140 744 certum

1185 785 1221 809 se
1249 771 1494 824 praecipitant,
1516 770 1691 808 sarcinam
1718 779 1942 822 peccatorum
1964 768 2030 806 sibi
2060 767 2142 805 inde

1186 832 1402 885 colligentes.
1427 833 1633 871 Nascuntur
1667 832 1762 870 euim
1795 831 1876 869 ind‹·
1897 831 2024 878 luxus,
2045 829 2142 867 ‹leli—

1186 893 1263 945 ciae,
1280 903 1313 932 et
1332 894 1500 933 absurdae
1515 894 1717 946 voluptates
1736 903 1768 931 et
1785 893 1921 931 infinita
1938 892 2029 930 mala
2049 908 2055 928 z
2078 906 2144 929 non

1187 955 1398 1008 simpliciter
1418 971 1436 994 a
1465 956 1624 1009 pecuniis
1645 955 1750 1006 dieo7
1776 954 1836 993 sed
1864 953 1945 992 idco
1971 953 2054 1005 quia
2083 953 2149 1004 qui

1187 1016 1267 1055 illas
1284 1027 1503 1071 receperunt,
1519 1017 1570 1055 cis
1590 1017 1750 1055 nesciunt
1769 1025 1861 1054 recte
1879 1016 1940 1054 uti.
1957 1017 2146 1068 Propterea

1187 1087 1221 1116 et
1233 1079 1374 1132 sapiens
1393 1079 1542 1130 quidam
1557 1078 1701 1117 dicebat
1718 1094 1724 1114 :
1743 1079 1863 1115 Bonoe
1877 1079 2041 1124 (Ιίνὶιίιρ,
2063 1080 2146 1130 qui·
2162 1086 2213 1113 Em
2225 1085 2258 1112 (ι’.
2281 1083 2325 1111 13.

1190 1143 1258 1179 bus
1294 1155 1373 1178 non
1403 1150 1457 1179 est
1478 1143 1727 1194 conjunctum
1744 1149 1960 1192 peccatum.
1992 1140 2086 1187 Quia
2116 1126 2213 1176 et30‘

1192 1202 1372 1240 Abraham
1389 1201 1490 1240 dives
1516 1211 1591 1240 erat
1604 1233 1612 1249 ‚
1634 1211 1667 1239 et
1691 1201 1761 1241 Job
1780 1200 1882 1238 dives
1899 1209 1996 1246 erat,
2028 1209 2061 1237 ct
2081 1214 2150 1237 non

1191 1263 1307 1301 solum
1330 1263 1422 1319 nihil
1450 1263 1573 1301 damni
1591 1262 1641 1301 eis
1664 1261 1795 1300 accidit
1814 1276 1833 1298 a
1852 1260 2013 1309 divitiis,
2038 1260 2100 1298 scd
2119 1269 2151 1297 et

1192 1324 1360 1364 clariores
1399 1325 1557 1362 suerunt.
1584 1323 1731 1371 Quare?
1758 1322 1854 1370 Quia
1884 1336 1954 1360 non
1981 1322 2017 1360 in
2048 1336 2153 1360 usum

1194 1400 1300 1424 suum
1321 1395 1459 1424 tantum
1478 1386 1542 1424 has
1563 1384 1818 1438 possidebant,
1839 1382 1901 1422 scd
1920 1393 1957 1422 ut
1989 1383 2032 1421 iis
2047 1384 2154 1436 juva-

1195 1456 1273 1485 rent
1285 1447 1392 1486 etiam
1414 1447 1516 1497 alios,
1532 1461 1686 1499 quorum
1700 1454 1945 1485 succurrerent
1961 1445 2106 1497 inopiae,
2123 1455 2156 1482 et

1198 1518 1288 1547 esset
1315 1508 1444 1547 domus
1467 1523 1592 1547 eorum
1614 1518 1736 1561 aperta
1760 1507 1957 1561 peregrinis
1976 1506 2154 1545 omnibus.

1200 1570 1295 1608 Audi
1324 1570 1420 1609 enim
1445 1585 1559 1609 unum
1587 1584 1710 1608 eorum
1732 1569 1908 1608 dicentem
1930 1569 1996 1607 :Si
2027 1577 2155 1606 autem
2169 1580 2351 1610 Jnhssrffi.

1199 1646 1371 1685 egressus
1391 1641 1448 1670 est
1468 1635 1554 1684 quis
1573 1633 1620 1670 de
1649 1633 1761 1669 domo
1780 1645 1866 1669 mea
1886 1633 1973 1668 sime
1993 1644 2121 1668 vacuo
2143 1645 2153 1665 :

1199 1702 1379 1731 coeterum
1397 1702 1434 1731 et
1450 1695 1677 1745 impotentes
1693 1693 1859 1738 viribus,
1876 1694 1910 1729 si
1923 1691 2081 1743 quando
2097 1693 2155 1727 in-

1199 1755 1384 1807 digebant
1413 1755 1605 1800 subsidio,
1631 1766 1708 1790 non
1726 1753 1997 1804 privabantur.
2017 1750 2065 1788 Et
2086 1764 2154 1788 non

1199 1815 1315 1854 solum
1326 1829 1391 1868 per
1403 1814 1568 1867 pecunias
1583 1813 1789 1852 subsidium
1807 1812 2052 1864 indigentibus
2066 1813 2154 1850 fere-

1198 1877 1283 1915 bant
1297 1906 1306 1925 ,
1331 1875 1393 1914 sed
1410 1885 1442 1914 et
1457 1875 1738 1914 sollicitudinem
1757 1889 1880 1912 eorum
1903 1873 2082 1926 gerebant.
2100 1874 2155 1910 Et
2169 1884 2235 1911 Joh.
2250 1881 2356 1922 29.15.

1198 1952 1324 1984 eram,
1351 1937 1490 1988 inquit,
1509 1951 1576 1989 pes
1593 1937 1759 1983 claudis,
1783 1936 1915 1974 oculus
1935 1938 2059 1980 caecis,
2083 1943 2120 1972 et
2137 1948 2156 1972 e
2173 1934 2221 1964 ¹7·

1199 2001 1324 2038 medio
1348 2000 1522 2037 dentium
1557 2000 1679 2050 eripui
1706 1998 1891 2050 proedam.
1912 1996 2027 2036 Yidcs
2054 1996 2158 2034 illum

1199 2071 1233 2100 et
1250 2075 1374 2099 curam
1393 2073 1496 2112 agere
1513 2073 1636 2097 eorum
1649 2057 1710 2110 qui
1733 2058 1863 2110 injuria
1879 2057 2110 2107 afficiuntur,
2126 2066 2160 2095 et

1200 2122 1382 2161 debilibus
1407 2121 1650 2159 membrorum
1669 2119 1786 2158 vicem
1804 2133 1867 2172 per
1885 2118 2004 2157 omnia
2030 2132 2160 2171 reprae-

1201 2194 1337 2224 sentare
1352 2185 1369 2222 Ξ)
1382 2184 1488 2222 Hunc
1501 2196 1622 2221 omnes
1638 2191 1775 2234 oportet
1791 2181 1946 2231 imitari,
1964 2180 2062 2218 hunc
2074 2210 2086 2231 ,
2105 2180 2160 2217 in-

1200 2260 1330 2298 quam,
1344 2245 1502 2296 quiante
1519 2243 1635 2296 legem
1653 2242 1738 2292 fuit,
1761 2251 1795 2280 et
1812 2250 1894 2279 ante
1913 2240 2066 2293 gratiam
2091 2250 2161 2279 tam

1201 2308 1290 2346 bene
1305 2315 1480 2345 moratam
1499 2302 1613 2343 vitam
1627 2303 1735 2356 gessit
1750 2302 1880 2354 :idque
1893 2317 1975 2340 cum
1990 2316 2054 2340 nec
2071 2316 2160 2355 prae-

1204 2377 1382 2421 ceptorem
1401 2365 1591 2417 habuerit,
1626 2379 1739 2416 neque
1762 2364 2007 2417 progenitores
2031 2363 2165 2402 virtute

1203 2429 1397 2484 praeditos,
1417 2428 1482 2468 sed
1499 2442 1520 2466 a
1541 2436 1651 2466 semet
1673 2427 1751 2480 ipso
1778 2435 1811 2464 et
1825 2440 1845 2463 a
1870 2425 2042 2463 sententia
2070 2434 2165 2463 reeta

1205 2492 1242 2530 in
1262 2489 1393 2529 bonam
1411 2490 1504 2528 hanc
1519 2487 1632 2527 vitam
1657 2486 1843 2540 prodierit.
1858 2487 1952 2524 Nam
1973 2485 2163 2536 unusquis-

1207 2566 1276 2604 que
1293 2560 1455 2590 nostrum
1474 2549 1510 2587 in
1529 2558 1655 2587 natm‘a
1678 2562 1741 2586 sua
1763 2547 1870 2585 habet
1890 2546 2034 2584 insitam
2053 2545 2163 2583 scien-

1206 2615 1293 2653 tiam
1308 2612 1454 2652 virtutis
1470 2620 1523 2649 :et
1531 2609 1598 2648 nisi
1619 2608 1699 2660 quis
1713 2623 1791 2647 eam
1810 2607 1965 2645 voluerit
1976 2621 2040 2659 per
2055 2606 2160 2658 igna-

1205 2676 1303 2715 viam
1321 2688 1423 2713 suam
1438 2671 1585 2725 perdere
1604 2669 1888 2722 generositatem,
1908 2682 2103 2718 numquam
2121 2681 2162 2706 ea

1207 2736 1422 2790 privabitur.
1439 2733 1588 2772 Utinam
1606 2740 1726 2769 autem
1741 2744 1816 2768 eam
1829 2743 1951 2767 omncs
1972 2743 2036 2766 nos
2052 2728 2162 2781 eliga-

1207 2812 1299 2847 mus,
1320 2805 1354 2835 et
1371 2810 1452 2834 cum
1471 2792 1660 2845 diligentia
1675 2805 1923 2841 exerceamus,
1941 2790 1990 2828 ita
2008 2799 2047 2828 ut
2068 2790 2164 2828 bona

1208 2873 1286 2911 quae
1297 2855 1532 2908 diligentibus
1549 2855 1665 2892 Deum
1679 2851 1852 2905 promissa
1869 2860 1952 2889 sunt
1968 2860 2163 2902 'consequa-

1209 2934 1291 2958 mur
1306 2949 1315 2967 ‚
1338 2917 1453 2970 gratia
1471 2925 1504 2953 et
1521 2913 1766 2953 misericordia
1786 2912 1931 2951 Domini
1955 2912 2065 2950 nostri
2078 2913 2162 2951 Jesu

1212 2979 1346 3019 Christi
1362 3009 1373 3029 ,
1393 2977 1449 3016 cui
1465 2991 1546 3015 cum
1563 2977 1667 3013 Patre
1681 2984 1714 3013 et
1727 2983 1848 3013 sancto
1869 2974 2008 3027 Spiritu
2023 2974 2068 3012 sit
2088 2974 2163 3026 glo-

108 3040 214 3090 τιμὴ,
233 3043 290 3078 νῦν
311 3039 370 3078 καὶ
391 3039 466 3087 ἀεὶ,
487 3039 546 3077 καὶ
575 3041 622 3083 εἷς
645 3039 724 3084 τοὺς
743 3043 872 3086 αἰῶνας
891 3042 958 3079 τῶν
988 3039 1136 3079 αἰώνων.
1161 3047 1185 3078 Ε
1212 3043 1265 3081 ria
1279 3071 1289 3091 ‚
1307 3037 1652 3092 imperium‚honor‚
1668 3050 1762 3075 nunc
1778 3045 1810 3075 et
1825 3049 1983 3088 semper,
2000 3044 2033 3074 et
2048 3035 2082 3075 in
2100 3049 2164 3074 sae-

109 3099 143 3138 Ἀ
150 3100 229 3151 μήν.

1215 3103 1293 3141 cula
1307 3100 1530 3140 saeculorum.
1544 3100 1666 3137 Amen.
