2566 3791
404 238 494 282 2³32
832 254 869 283 S.
909 254 1094 284 JOANNJS
1130 254 1372 283 CHRYSOST.
1411 253 1616 283 ARCHIEP.
1654 252 2015 282 CONSTAN'HNOP.

402 349 471 385 que
502 344 598 384 sunt,
623 345 729 386 atque
761 337 806 374 ob
828 337 980 388 impium
1008 336 1075 373 hoe
1097 349 1185 387 opus
1205 348 1354 386 superna
1428 334 1570 386 ἀτάκτῳ
1585 334 1751 387 ἐπιθυμία
1771 337 1831 372 οὐκ
1849 335 2114 382 ἠὸουλήθησαν·
2135 334 2226 373 ἀλλὰ
2244 335 2449 388 ὓποὸρύχιοι

402 396 628 447 providentia
647 411 720 434 sese
739 411 871 435 vacuos
891 395 1136 434 reddiderunt.
1161 395 1208 432 Et
1227 403 1266 431 ut
1293 394 1354 431 di-
1382 397 1404 425 Β
1428 395 1610 445 γεγόνασιν
1625 395 1692 433 ὑπὸ
1713 399 1776 442 τῆς
1795 395 1874 440 θέας
1888 396 2112 449 χειρωθέντες
2125 425 2134 443 ,
2148 396 2207 434 καὶ
2219 396 2275 434 διὰ
2293 396 2356 443 τὴν
2377 413 2446 434 πα-

403 470 542 495 scamus
570 457 665 510 ipsos
693 472 762 495 non
791 457 868 508 lege
896 456 1118 507 nuptiarum,
1140 469 1252 505 neque
1273 469 1355 507 pro·
1429 454 1577 506 ράνομον
1597 455 1726 502 ταύτην
1743 455 1867 509 πρᾶξιν
1885 458 2034 509 ἐρήμους
2048 456 2189 500 ἑαυτοὺς
2205 457 2449 503 καταστήσαν-

403 518 638 557 creandorum
660 518 816 555 filiorum
836 517 948 568 gratia
968 517 1035 554 hoc
1053 516 1188 565 fecisse,
1209 525 1356 569 propter
1428 531 1484 559 τες
1501 519 1563 562 τῆς
1585 517 1716 555 ἄνωθεν
1745 516 1921 569 προνοίας.
1943 518 2014 556 Καὶ
2050 517 2105 556 ἵνα
2131 517 2297 568 μάθωμεν
2329 517 2383 557 ὅτι
2410 520 2448 556 οὗ

402 579 470 617 hoc
484 579 592 617 dicit:
615 581 654 617 U
652 587 665 616 t
683 580 867 616 viderunt
891 579 995 629 quod
1020 578 1195 629 pulchroe
1213 578 1352 628 essent,
1428 576 1525 629 νόμῳ
1541 577 1655 628 γάμου
1670 607 1678 622 ,
1696 577 1773 616 οὐδὲ
1797 578 2019 621 παιδοποιίας
2035 578 2148 616 ἕνεκεν
2183 583 2282 617 τοῦτο
2302 580 2448 631 διεπρά-

403 648 621 678 sumserunt
647 641 893 690 sibimetipsis
925 653 1063 677 uxores
1088 639 1135 678 de
1161 641 1350 686 omnibus,
1426 637 1546 685 ξαντο,
1559 638 1617 677 διὰ
1632 638 1732 678 τοῦτό
1751 655 1876 691 φησιν·
1894 638 2038 683 Ἰδόντες
2055 639 2108 677 ὅτι
2124 640 2230 677 καλαί
2252 643 2351 686 εἰσιν,
2368 641 2448 679 ἔλα-

403 714 500 751 quas
529 701 739 752 elegerant.
778 699 877 747 Quid
908 699 1046 751 igitur?
1079 700 1356 752 reprehendetne
1426 698 1486 736 δον
1505 702 1639 743 ἑαυτοῖς
1658 705 1823 751 γυναῖκας
1845 700 1915 739 ἀπὸ
1937 702 2076 747 πασῶν,
2105 694 2152 737 ὧν
2173 699 2380 745 ἐξελέξαντο.
2402 701 2448 738 Τί

401 761 530 812 aliquis
559 771 741 814 aspectum
772 761 988 800 oculorum?
1003 761 1082 799 Non
1098 777 1105 798 z
1121 775 1235 812 neque
1259 762 1354 799 enim
1426 755 1482 798 οὖν
1494 777 1504 809 ;
1525 763 1594 799 τῶν
1613 763 1800 814 ὀφθαλμῶν
1823 762 1886 809 τὴν
1912 761 1991 800 θέαν
2010 761 2050 799 ἄν
2066 778 2117 805 τις
2137 763 2351 810 αἷτιάσαιτο;
2372 765 2448 801 Οὗ-

399 822 526 861 oculus
545 823 656 862 ruinae
669 837 772 862 causa
788 823 868 872 suit,
884 822 947 861 scd
965 822 1160 861 voluntatis
1174 823 1354 875 negligen-
1426 822 1545 873 δαμῶς
1557 839 1565 846 ·
1583 823 1660 861 οὐδὲ
1679 823 1748 875 γὰρ
1763 825 1781 860 ὁ
1795 823 1971 874 ὀφθαλμὸς
1990 826 2050 860 τοῦ
2065 823 2203 861 ὀλίσθου
2224 823 2332 866 αἴτιος
2351 823 2447 874 γέγο-

400 884 448 921 tia
468 893 502 921 et
520 884 687 922 effrenata
706 884 1002 936 concupiscentia.
1020 884 1113 922 Nam
1129 885 1252 922 oculus
1271 899 1353 936 pro·
1424 898 1492 930 νεν,
1516 884 1592 921 ἀλλ’
1615 884 1640 931 ’ἡ
1669 887 1730 930 τῆς
1755 883 1992 937 προαιρέσεως
2012 884 2163 936 ῥᾳθυμία
2179 915 2189 932 ,
2224 884 2283 922 καὶ
2317 884 2358 922 τὸ
2386 888 2447 931 τῆς

398 954 518 997 pterea
536 945 649 983 factus
678 954 743 993 est,
766 954 806 983 ut
825 945 914 983 dum
940 944 1038 984 videt
1069 954 1248 983 creaturas
1267 947 1349 996 Dei,
1423 944 1609 995 ἐπιθυμίας
1635 944 1863 997 ἀχαλίνωτον.
1883 944 1928 984 Ὁ
1953 945 2020 997 γὰρ
2048 944 2226 997 ὀφθαλμὸς
2259 945 2315 984 διὰ
2347 951 2448 984 τοῦτο

398 1005 558 1058 ipsarum
574 1006 804 1045 Conditorem
823 1006 985 1044 celebret.
1005 1007 1131 1056 Itaque
1149 1006 1244 1044 oculi
1263 1021 1351 1059 opus
1421 1005 1682 1057 ἐδημιουργήθη
1694 1035 1703 1052 ,
1731 1005 1823 1043 ὥστε
1856 1005 1915 1044 διὰ
1943 1005 2066 1044 τούτου
2095 1006 2371 1050 κατοπτεύοντας
2401 1006 2446 1044 τὰ

398 1076 449 1105 est
465 1067 609 1106 videre:
625 1068 717 1106 male
732 1076 847 1105 autem
868 1066 1034 1115 viderc‚a
1057 1077 1174 1105 mente
1189 1077 1254 1118 cst,
1271 1082 1350 1118 quae
1421 1068 1480 1102 τοῦ
1498 1067 1591 1105 Θεοῦ
1608 1066 1925 1117 δημιουργήματα,
1947 1065 2097 1110 δοξάζειν
2124 1067 2181 1105 τὸν
2195 1067 2325 1105 τούτων
2345 1083 2446 1113 ποιη-

396 1128 609 1167 intrinsecus
634 1129 819 1180 gubernat.
841 1129 934 1167 Nam
953 1128 1110 1166 membra
1132 1138 1252 1166 nostra
1273 1129 1347 1167 uti-
1373 1129 1396 1159 C
1420 1126 1497 1172 τήν.
1517 1128 1590 1165 Τοῦ
1609 1129 1788 1179 ὀφθαλμοῦ
1807 1127 1920 1166 τοίνυν
1944 1127 2037 1166 ἐστὶν
2056 1128 2155 1179 ἔργον
2181 1128 2220 1166 τὸ
2236 1131 2318 1182 ὃρξίν
2331 1144 2338 1152 ·
2355 1128 2446 1167 τὸδὲ

393 1190 442 1228 lia
463 1190 508 1228 ab
537 1190 672 1228 bonum
704 1189 922 1242 operandum
952 1188 1093 1227 condita
1125 1198 1243 1227 sunta
1268 1191 1346 1227 Do—
1419 1191 1536 1231 κακῶς
1558 1191 1641 1240 ὁρᾷν
1667 1189 1738 1227 ἀπὸ
1768 1193 1828 1227 τοῦ
1864 1189 1997 1227 ἔνδοθεν
2026 1193 2248 1241 ἡνιοχοῦντος
2276 1191 2444 1241 λογισμοῦ

393 1251 491 1288 mino
505 1281 515 1300 ‚
537 1260 570 1289 et
600 1251 791 1303 gubernari
818 1265 857 1288 ea
886 1250 1056 1289 concessit
1076 1250 1120 1288 ab
1139 1250 1345 1303 incorporea
1417 1248 1562 1301 γίνεται.
1576 1250 1632 1288 Τὰ
1649 1249 1717 1302 γὰρ
1734 1249 1824 1301 μέλη
1845 1250 1930 1302 πρὸς
1956 1249 2019 1296 τὴν
2038 1253 2106 1289 τῶν
2123 1252 2261 1302 ἀγαθῶν
2279 1250 2445 1303 ἐργασίαν

392 1313 604 1363 substantia,
619 1311 664 1350 de
677 1312 795 1350 anima
811 1311 902 1349 dico.
926 1312 1119 1362 Postquam
1139 1320 1256 1349 autem
1269 1312 1346 1350 haec
1417 1314 1502 1361 ἡμῖν
1522 1305 1610 1349 εἶναι
1631 1310 1794 1365 χρήσιμα
1821 1310 2096 1364 ἐδημιούργησεν
2123 1314 2140 1349 ὃ
2166 1311 2367 1360 Δεσπότης,
2386 1307 2445 1350 καὶ

391 1374 572 1425 negligens
589 1388 674 1419 esse,
690 1382 723 1413 et
737 1373 892 1412 habenas
911 1373 1034 1411 laxare
1049 1373 1204 1425 eoeperit,
1219 1387 1343 1424 quem-
1416 1375 1634 1424 ἡνιοχεῖσθαι
1659 1371 1902 1424 συνεχώρησεν
1925 1372 1992 1410 ὑπὸ
2011 1375 2073 1419 τ’ἧς
2100 1373 2288 1424 ἀσωμάτου
2303 1372 2422 1417 οὐσίας
2437 1404 2447 1421 ,

390 1434 587 1473 admodum
622 1435 748 1487 auriga
778 1434 935 1473 nesciens
972 1448 1144 1485 equorum
1177 1434 1342 1474 ferociam
1416 1435 1479 1479 τ’ῆς
1503 1435 1616 1485 ψυχῆς
1638 1433 1742 1485 λέγω.
1769 1433 1937 1472 Ἐπειδὰν
1967 1426 2025 1471 οὖν
2055 1433 2171 1481 ἐκείνη
2202 1435 2250 1477 εἷς
2274 1433 2444 1486 ῥαθυμίαν

391 1506 626 1544 compescere,
657 1492 814 1530 remissis
846 1492 966 1541 frenis,
997 1501 1030 1530 et
1060 1507 1167 1543 equos
1199 1508 1344 1533 currum
1419 1495 1685 1545 ἀποκλίνῃ,καὶ
1713 1494 1776 1538 τὰς
1807 1494 1906 1542 ἡνίας
1933 1494 2099 1547 χαλάσῃ,
2119 1495 2278 1548 καθάπερ
2305 1495 2444 1548 ἣνίαχος

389 1554 568 1592 trahentes
603 1563 637 1592 et
673 1553 829 1605 seipsum
868 1553 905 1591 in
936 1567 1093 1606 praeceps
1124 1554 1248 1606 dejicit
1268 1572 1275 1591 :
1295 1557 1346 1594 sic
1418 1559 1480 1595 οὐκ
1495 1555 1593 1600 εἷδὼς
1612 1555 1656 1594 τὰ
1675 1556 1812 1594 ἄτακτα
1840 1559 1909 1594 τῶν
1929 1554 2046 1594 ἵππων
2079 1556 2305 1610 σκιρτήματα
2330 1572 2441 1594 κατα-

388 1615 493 1667 plane
511 1623 545 1652 et
562 1614 726 1655 voluntas
751 1623 870 1653 nostra
899 1614 1040 1664 quando
1061 1614 1207 1665 quidem
1234 1618 1344 1655 nescit
1419 1616 1591 1665 στέλλειν,
1613 1621 1690 1659 ταῖς
1709 1616 1822 1663 ἡνίαις
1839 1615 1953 1660 ἐνδοὺς
1966 1647 1975 1665 ,
1994 1616 2145 1661 καὶτοὺς
2162 1616 2289 1661 ἵππους
2308 1617 2385 1662 τοὺς
2404 1618 2444 1656 τὸ

387 1676 560 1714 membris
583 1685 622 1713 ut
649 1684 788 1728 oportet
818 1675 885 1726 uti,
908 1675 1121 1714 inordinatis
1153 1676 1344 1729 indulgens
1419 1677 1516 1728 ἅρμα
1535 1676 1700 1722 ἕλκοντας
1725 1678 1785 1715 καὶ
1811 1678 1932 1716 ἑαυτὸν
1965 1677 2261 1730 κατακρημνίζει·
2282 1677 2373 1715 οὕτω
2399 1678 2440 1725 δὴ

387 1736 683 1789 concupiscentiis
713 1736 865 1788 seipsam
905 1736 1117 1787 submergit.
1152 1739 1341 1790 Propterea
1416 1738 1476 1776 καὶ
1496 1741 1517 1784 ἠ
1539 1737 1740 1791 προαίρεσις
1769 1743 1790 1786 ἡ
1819 1738 1993 1792 ἡμετέρα,
2013 1738 2154 1777 ἐπειδὰν
2185 1739 2235 1789 μὴ
2268 1740 2342 1791 εἰδῇ
2372 1746 2442 1783 τοῖς

387 1798 565 1836 Dominus
593 1806 710 1835 noster
733 1797 911 1846 Christus,
941 1797 1053 1835 sciens
1074 1797 1239 1848 fragilem
1272 1813 1341 1837 no—
1367 1797 1392 1826 D
1417 1799 1537 1850 μέλεσι
1557 1799 1700 1843 δεόντως
1719 1803 1935 1852 κεχρῆσθαι,
1958 1805 2035 1843 ταῖς
2055 1800 2220 1843 ἀτάκτοις
2241 1799 2441 1849 ἐπιθυμίαις

387 1869 497 1898 stram
512 1867 676 1897 naturam
689 1867 724 1897 et
737 1857 931 1898 voluntatis
948 1858 1215 1910 negligentiam,
1227 1860 1341 1911 legem
1416 1861 1559 1899 ἐνδοῦσα
1587 1861 1800 1914 ὓποὸρύχιον
1826 1860 1953 1907 ἑαυτὴν
1986 1861 2179 1913 ἐργάζεται.
2204 1861 2274 1900 Διὰ
2300 1865 2402 1900 τοῦτο
2423 1865 2442 1900 ὁ

385 1920 506 1972 posuit
520 1935 599 1970 qua:
619 1920 773 1957 muniret
787 1932 828 1957 ac
844 1918 1050 1971 prohiberet
1065 1919 1241 1958 curiosam
1259 1935 1340 1960 con·
1415 1921 1599 1968 Δεσπότης
1622 1925 1723 1972 ἡμῶν
1764 1922 1914 1974 Χριστὸς
1944 1921 2041 1966 εἰδὼς
2077 1924 2140 1968 τῆς
2170 1921 2302 1975 φύσεως
2339 1924 2440 1973 ἡμῶν

386 1981 636 2020 siderationem
652 2011 662 2029 ‚
685 1989 725 2018 ut
754 1994 899 2018 nascens
925 1980 962 2018 iu
991 1980 1092 2019 nobis
1118 1980 1338 2033 incendium,
1415 1983 1454 2021 τὸ
1473 1982 1727 2035 εὖεπηρέαστον
1748 1982 1809 2021 καὶ
1828 1986 1892 2030 τῆς
1909 1981 2147 2035 προαιρέσεως
2167 1982 2231 2029 τὴν
2254 1983 2440 2037 ῥαθυμίαν,

191 2075 299 2105 munh.
318 2074 348 2102 5·
386 2057 469 2081 eum
487 2042 605 2081 adhuc
632 2041 759 2094 procul
777 2050 843 2092 est,
869 2041 1094 2093 exstinguat3
1113 2050 1146 2079 et
1173 2043 1247 2080 ait:
1267 2044 1342 2094 Qui
1413 2044 1518 2096 νόμον
1533 2044 1653 2092 ἔθηκεν
1675 2044 1944 2097 ἀποτειχίζοντα
1963 2044 2024 2083 καὶ
2043 2043 2224 2083 κωλύοντα
2250 2044 2313 2091 τὴν
2344 2046 2440 2098 περί-

187 2118 235 2145 23.
387 2106 525 2155 aspicit
546 2103 759 2148 mulierem,
784 2110 824 2140 ut
845 2104 1093 2153 concupiscat
1111 2103 1237 2149 illam,
1254 2106 1341 2155 jam
1416 2121 1514 2159 εργον
1536 2106 1697 2159 θεωρίαν,
1717 2105 1774 2144 ἵνα
1789 2107 1828 2144 ἐκ
1850 2108 1980 2145 πολλοῦ
1996 2110 2057 2145 τοῦ
2075 2106 2312 2157 διαστήματος
2324 2107 2387 2155 τὴν
2405 2111 2440 2147 ἐν

389 2164 622 2202 adulterium
642 2166 832 2201 commisit
851 2177 938 2200 cum
959 2163 1033 2201 illa
1054 2166 1096 2200 in
1121 2166 1236 2202 corde
1255 2179 1338 2203 suO.
1415 2170 1501 2217 ἡμῖν
1526 2165 1734 2218 τικτομένην
1759 2166 1871 2217 πυρὰν
1894 2166 2002 2216 σὸέσῃ
2017 2197 2027 2214 ,
2054 2166 2115 2204 καί
2147 2182 2272 2218 φησιν·
2301 2167 2346 2206 Ὁ
2373 2169 2439 2218 ἐμ-

389 2227 538 2276 Propter
562 2224 649 2273 hoc,
669 2223 808 2274 inquit,
837 2222 1009 2261 interdico
1042 2224 1144 2261 vobis
1174 2224 1342 2262 illicitum
1415 2226 1545 2278 ὅλέψας
1569 2225 1746 2277 Ῐ’γυναῖκα
1775 2227 1860 2278 πρὸς
1888 2226 1928 2264 τὸ
1965 2229 2178 2277 ἐπιθυμῆσαι
2215 2228 2342 2274 αὐτῆς,
2369 2228 2436 2273 ἤδη

391 2285 523 2332 visum,
547 2294 586 2323 ut
604 2285 649 2323 ab
669 2298 774 2336 opere
792 2284 918 2322 illicito
938 2298 1001 2323 vos
1019 2284 1178 2323 liberem.
1198 2287 1251 2324 Ne
1272 2301 1339 2338 pu·
1415 2288 1618 2339 ἐμοίχευσεν
1655 2287 1761 2333 αὐτὴν
1786 2289 1819 2325 ἐν
1850 2291 1893 2340 τῇ
1927 2287 2055 2340 καρδίᾳ
2083 2290 2201 2327 αὐτοῦ,
2219 2288 2288 2327 Διὰ
2313 2286 2435 2331 τοῦτο,

390 2356 453 2397 tes,
473 2347 600 2398 inquit,
628 2360 817 2398 congressu
833 2346 948 2384 solum
967 2355 1151 2398 peecatum
1169 2347 1341 2386 fieri:vo-
1414 2349 1531 2400 φησὶν,
1563 2348 1771 2400 ἀπαγορεύω
1801 2347 1864 2394 τὴν
1901 2349 2094 2388 ἀκόλαστον
2129 2350 2221 2401 ὄψιν,
2248 2349 2306 2387 ἵνα
2342 2352 2437 2388 ἐλευ-

391 2409 507 2447 luntas
527 2417 578 2447 cst
604 2423 683 2460 qnae
711 2407 981 2446 condemnatur.
1016 2407 1131 2459 Igitur
1151 2408 1240 2446 ethi
1260 2409 1343 2447 visae
1414 2409 1555 2463 θερώσω
1580 2412 1642 2455 τῆς
1664 2409 1794 2448 ἀτόπου
1815 2409 1987 2463 πράξεως.
2018 2409 2079 2456 Μὴ
2109 2410 2177 2462 γὰρ
2205 2410 2247 2457 δὴ
2273 2410 2436 2462 νομίσῃς,

390 2469 670 2522 pulchritudinis
686 2468 888 2521 spectaculo
917 2467 1011 2520 capti
1044 2477 1136 2506 sunt.
1156 2470 1342 2507 Viderunt
1415 2471 1533 2525 φησὶν,
1548 2471 1601 2510 ὅτι
1625 2474 1645 2517 ἡ
1674 2471 1859 2522 συμπλοκὴ
1887 2472 1990 2523 μόνον
2012 2471 2074 2519 τὴν
2099 2471 2274 2524 ἁμαρτίαν
2296 2472 2437 2524 ἐργάζε-

390 2530 497 2581 enim,
517 2530 648 2581 inquit,
670 2530 775 2582 quod
789 2529 964 2581 pulchrae
980 2537 1120 2575 essent,
1141 2538 1175 2567 et
1198 2544 1342 2568 sumse-
1367 2533 1390 2563 E
1414 2549 1489 2572 ται·
1512 2537 1534 2580 ἡ
1554 2532 1677 2585 γνώμη
1702 2532 1794 2570 ἐστὶν
1815 2535 1836 2578 ἡ
1854 2532 1917 2579 τὴν
1938 2533 2143 2586 κατάκρισιν
2167 2533 2351 2585 δεχομένη.
2367 2533 2437 2572 Καὶ

391 2599 479 2628 runt
495 2592 569 2628 sibi
584 2603 720 2628 uxores
735 2603 783 2628 ex
803 2590 993 2635 omnibus,
1018 2602 1116 2640 quas
1133 2590 1340 2640 elegerant.
1415 2588 1507 2633 οὗτοι
1527 2594 1639 2632 τοίνυν
1670 2593 1790 2639 ἐπειδὴ
1812 2593 1851 2631 τὸ
1870 2593 1995 2637 κάλλος
2015 2594 2194 2642 ίἐ’ίδοσαν,
2213 2593 2370 2632 ἑάλωσαν
2390 2597 2434 2646 τῇ

391 2652 461 2691 Sed
481 2651 665 2690 videamus
683 2650 790 2688 etiam
808 2659 888 2702 post
909 2649 1072 2687 illicitam
1089 2650 1234 2688 illorum
1260 2664 1342 2703 ope·
1415 2655 1488 2707 θέᾳ.
1508 2649 1611 2694 Εἶδον
1641 2654 1733 2706 γὰρ,
1754 2654 1871 2705 φησὶν,
1901 2652 1953 2691 ὅτι
1977 2654 2083 2692 καλαί
2113 2656 2199 2702 εἰσι,
2231 2654 2289 2692 καὶ
2310 2655 2434 2693 ἔλαὸον

391 2713 577 2762 rationem,
611 2720 645 2749 et
671 2711 959 2763 intemperantem
989 2710 1164 2761 animum,
1197 2711 1342 2749 Domini
1415 2717 1546 2760 ἑαυτοῖς
1565 2715 1634 2754 ἀπὸ
1651 2717 1786 2762 πασῶν,
1807 2709 1854 2752 ὧν
1875 2714 2082 2759 ἐξελέξαντο.
2101 2715 2192 2753 Ἀλλ’
2219 2714 2347 2765 ἴδωμεν
2374 2716 2434 2754 καὶ

395 2774 458 2811 Dei
492 2773 698 2811 bonitatem.
743 2773 780 2809 5.
823 2773 950 2818 Dixit,
985 2771 1114 2823 inquit,
1151 2773 1342 2811 Dominus
1415 2776 1503 2825 μετὰ
1523 2776 1584 2823 τὴν
1604 2776 1731 2814 ἄτοπον
1760 2775 1890 2822 ταύτην
1920 2775 2058 2827 πρᾶξιν,
2081 2776 2139 2814 καὶ
2157 2775 2221 2822 τὴν
2241 2775 2434 2815 ἀκόλαστον

394 2836 498 2872 Deus
516 2836 627 2872 :Non
643 2835 885 2885 permanebit
902 2833 1065 2885 Spiritus
1085 2847 1189 2871 meus
1213 2836 1254 2870 in
1273 2835 1340 2871 Ιιο-
1413 2839 1568 2890 γνώμην,
1596 2843 1655 2877 τοῦ
1677 2840 1768 2877 Θεοῦ
1787 2837 1850 2884 τὴν
1882 2837 2092 2889 ἀγαθότητα.
2114 2838 2183 2876 Καὶ
2206 2831 2298 2885 εἷπε,
2330 2838 2433 2890 φησὶ,

393 2898 561 2933 minibus
577 2898 637 2933 leis
658 2898 700 2932 in
723 2895 922 2941 saeculum,
942 2909 985 2932 eo
1001 2896 1106 2947 quod
1119 2897 1192 2946 ipsi
1205 2908 1340 2933 carnes
1414 2901 1540 2952 Κύριος
1558 2903 1575 2937 ὁ
1595 2900 1700 2943 Θεός·
1722 2901 1759 2937 οὐ
1782 2898 1829 2949 μὴ
1853 2898 2048 2950 καταμείνῃ
2073 2899 2113 2938 τὸ
2131 2899 2279 2949 Πνεῦμά
2312 2914 2377 2948 μου
2399 2902 2433 2938 ἐν

393 2959 483 2994 sint.
506 2958 633 2994 Erunt
658 2964 788 2993 autem
815 2957 895 2993 dies
916 2958 1084 3006 ipsorum
1104 2965 1256 2993 centvm
1276 2959 1340 2993 vi—
1416 2967 1482 3004 τοῖς
1513 2960 1706 3012 ἀνθρώποις
1729 2959 1861 3003 τούτοις
1885 2961 1931 3003 εἷς
1957 2959 2014 2997 τὸν
2039 2962 2170 3008 αἰῶνα,
2195 2959 2252 2997 διὰ
2274 2959 2314 2997 τὸ
2346 2964 2432 2998 εἶναι

391 3020 490 3067 ginci
508 3020 615 3053 (inni.
634 3016 701 3053 llic
719 3015 753 3053 in
770 3016 892 3067 paucis
908 3016 1024 3054 verbis
1039 3017 1190 3068 abyssus
1206 3016 1342 3054 miscri-
1415 3023 1534 3065 αὐτοὺς
1549 3023 1691 3074 σάρκας,
1706 3021 1874 3059 Ἔσονται
1892 3020 1926 3058 δὲ
1945 3023 1980 3058 αἱ
1996 3020 2125 3072 ἡμέραι
2146 3021 2258 3058 αὐτῶν
2278 3020 2338 3067 ἔτη
2351 3023 2431 3059 ἑκα-

393 3076 521 3114 ιῸιίΠευ
537 3076 646 3114 videri
664 3085 787 3128 potest.
804 3077 856 3113 Et
870 3077 982 3123 dia-ic,
1001 3076 1131 3127 inquit,
1149 3077 1340 3116 Dominus
1354 3118 1400 3142 10³
1414 3085 1470 3122 τὸν
1491 3083 1612 3122 εἴκοσι.
1631 3082 1799 3121 Ἄῦυσσον
1816 3081 2076 3133 φιλανθρωπίας
2096 3080 2186 3119 ἔστιν
2212 3082 2293 3119 ἰδεῖν
2309 3083 2343 3119 ἐν
2362 3088 2432 3125 τοῖς

394 3139 500 3174 Deus
517 3153 526 3172 :
546 3138 634 3174 Non
651 3138 889 3187 permanebit
905 3137 1068 3187 Spiritus
1089 3151 1193 3175 meus
1212 3140 1254 3175 in
1273 3139 1340 3175 Ιιο-
1367 3134 1389 3183 {x
1417 3144 1565 3196 βραχέσι
1585 3143 1718 3187 τούτοις
1741 3143 1886 3196 ῥήμασι.
1914 3142 1982 3179 Καὶ
2014 3135 2111 3188 εἶπε,
2137 3141 2239 3192 φησὶ,
2270 3141 2395 3196 Κύριος
2413 3145 2431 3180 ὁ

395 3199 559 3234 minibus
580 3199 639 3234 his
656 3199 697 3233 in
715 3197 911 3243 swculum,
930 3211 973 3234 eo
993 3199 1098 3249 quod
1112 3201 1185 3249 ipsi
1203 3212 1339 3238 carnes
1414 3206 1518 3247 fflgo'g·
1540 3207 1577 3242 οὐ
1600 3204 1648 3255 μὴ
1671 3202 1864 3254 καταμείνῃ
1888 3202 1927 3240 τὸ
1954 3202 2098 3252 Πνεῦμα
2119 3217 2184 3253 μοι)
2212 3204 2246 3240 ἐν
2277 3209 2346 3246 τοῖς
2364 3205 2429 3241 ἀν-

393 3259 667 3310 sint.spi1·itu111
691 3258 748 3295 hic
772 3259 965 3309 polentiam
991 3274 1104 3309 sunm,
1127 3275 1194 3311 qua
1219 3275 1340 3299 curam
1413 3267 1561 3319 θρώποις
1591 3265 1739 3311 τούτοις,
1773 3264 1829 3302 διὰ
1862 3263 1901 3301 τὸ
1936 3257 2022 3300 εἶναι
2052 3263 2171 3306 αὐτοὺς
2209 3263 2350 3315 σάρκας.
2377 3265 2430 3303 Τὸ

395 3325 501 3363 nostri
524 3324 609 3374 agit,
635 3333 731 3361 vocnt
748 3354 757 3372 ,
790 3325 930 3362 illorum
962 3325 1142 3364 interitum
1174 3342 1337 3378 praenun-
1415 3329 1558 3377 Πνεῦμα
1580 3329 1723 3365 ἐνταῦθα
1738 3325 1801 3372 τὴν
1817 3323 2048 3377 προνοητικὴν
2070 3326 2172 3363 αὐτοῦ
2186 3324 2328 3374 δύναμιν
2350 3325 2427 3362 ἐκά-

438 3433 451 3455 ῐι
470 3433 531 3463 ὃν).
551 3433 625 3463 qu.
648 3437 767 3471 ‘mm
1476 3447 1480 3455 =
1506 3431 1665 3470 {Sinniu}
1689 3439 1777 3464 ιωιιι
1797 3432 1961 3473 εὶἰἶ;;κν,ἰυ
1977 3442 2078 3474 marg.
2096 3442 2111 3463 c
2130 3429 2426 3471 mulcentes-³:25]
