2483 3791
296 234 314 261 ἰ
325 216 386 273 48
698 228 736 259 s.
774 226 959 258 JOANMS
995 223 1238 255 cnnrsosr.

291 312 486 352 domestica
506 311 687 364 animalia,
713 312 761 350 ita
787 320 820 349 et
842 311 913 348 sera
940 318 974 347 et
1007 307 1239 345 immansueta

291 383 377 413 tunc
389 373 491 412 mitia
512 373 630 412 fuisse.

343 438 381 474 2.
398 436 444 473 At
457 435 547 472 forte
567 434 627 472 hic
645 432 865 471 dubitaverit
883 430 965 481 quis
984 437 1018 466 et
1043 423 1236 477 quaesierit,

289 509 379 534 num
392 505 427 534 et
440 496 509 534 hoc
521 494 654 533 animal
668 492 815 531 rationis
826 490 935 528 fuerit
947 487 1136 540 particeps..
1158 485 1238 522 Non

288 555 339 593 ita
355 564 422 593 est:
448 555 560 602 absit,
583 553 645 591 sed
675 552 701 590 ii
730 551 792 602 qui
818 550 1020 601 Scripturas
1042 554 1239 597 sequuntur

289 614 489 665 intelligant
509 620 658 664 oportet,
683 610 791 649 verba
821 608 967 660 quidem
988 620 1062 644 esse
1085 603 1236 652 diaboli,

290 688 396 725 quem
412 672 549 712 invidia
564 671 774 720 concitabat,
798 679 838 707 ut
859 669 907 707 ita
938 667 1119 707 hominem
1143 666 1239 703 falle-

89 742 364 779 sarpensquirct:
396 733 543 772 animali
567 742 686 771 autem
705 732 775 770 hoc
792 740 832 769 ut
860 730 986 768 idoneo
1006 729 1239 766 instrumento

86 783 180 851 semi?
216 784 277 851 ἐξ
291 795 455 833 utebatur
484 794 668 843 diabolus,
684 807 753 845 quo
780 806 926 830 suarum
952 790 1136 831 fraudium
1162 803 1238 827 esca

87 835 148 892 erge
163 847 275 892 iatione
289 855 463 905 immissa,
481 855 710 907 supplantare
722 853 882 906 primum
898 860 1015 904 posset
1039 850 1238 898 mulierem,

85 906 236 943 praeditus.
287 931 365 968 quae
377 915 520 955 facilius
542 915 661 968 decipi
682 923 832 967 poterat,
854 922 888 951 et
910 921 1030 965 postea
1052 926 1115 963 per
1138 910 1239 948 illam

287 979 395 1016 etiam
426 977 688 1030 protoplastum
720 975 977 1028 supplantaret.
1010 973 1134 1022 Itaque
1171 971 1240 1008 hoc

285 1038 392 1076 bruto
411 1038 524 1076 utitur
546 1036 592 1075 ad
605 1036 754 1075 insidias
769 1034 967 1083 struendas,
987 1042 1020 1071 et
1037 1047 1099 1085 per
1120 1032 1239 1083 ipsum

285 1098 428 1136 mulieri
459 1097 631 1149 loquitur,
662 1106 694 1135 et
721 1097 770 1134 ait
794 1112 800 1132 :
835 1097 963 1146 Quare
986 1095 1085 1131 dixit
1113 1094 1235 1139 Deus,

285 1161 346 1198 Ne
360 1160 571 1197 comedatis
586 1173 633 1196 ex
648 1160 753 1195 omni
767 1157 872 1209 ligno
885 1155 989 1207 quod
1004 1162 1060 1191 est
1071 1155 1113 1190 in
1122 1166 1240 1204 para·

286 1221 396 1258 diso?
415 1218 658 1267 Considerate,
683 1218 841 1264 obsecro,
870 1213 1104 1266 malignitatis
1135 1213 1237 1251 calli-

283 1280 470 1318 dissimam
483 1279 728 1318 subtilitatem.
740 1277 884 1316 Inducit
893 1276 987 1314 enim
998 1276 1135 1313 ratione
1154 1289 1237 1313 con-

284 1341 369 1388 silii,
389 1350 423 1379 et
446 1340 745 1392 interrogationis,
776 1339 882 1377 etiam
909 1336 1005 1389 quod
1030 1351 1049 1374 a
1080 1337 1156 1374 Deo
1180 1335 1262 1398 di-1

284 1411 382 1440 ctum
402 1416 472 1440 non
491 1410 577 1451 erat,
596 1402 697 1452 quasi
714 1400 849 1438 scilicet
863 1413 985 1438 curam
995 1398 1156 1450 ipsorum
1176 1397 1237 1434 ha-

289 1462 408 1500 beret:
441 1461 479 1499 id
503 1461 600 1513 quod
628 1461 840 1509 ostenditur,
870 1474 952 1497 cum
981 1459 1128 1509 inquit:
1159 1459 1238 1496 Cur

284 1525 384 1561 dixit
398 1524 523 1573 Deus,
542 1524 602 1561 Ne
612 1523 823 1560 comedatis
835 1523 882 1558 de
893 1524 998 1558 omni
1013 1521 1118 1573 ligno
1134 1521 1239 1572 quod

284 1593 340 1623 est
354 1587 396 1621 in
406 1585 593 1635 paradiso
603 1588 619 1621 P
635 1584 735 1634 quasi
749 1582 883 1620 diceret
895 1581 1075 1632 malignus
1094 1581 1154 1618 ille
1164 1580 1234 1618 dce-

285 1659 367 1683 mon
385 1646 527 1693 :Quare
546 1646 643 1683 Deus
663 1643 821 1696 privavit
843 1657 908 1682 vos
928 1651 1022 1680 tanta
1039 1642 1236 1680 fruitione?

285 1721 348 1743 cur
363 1719 433 1744 non
449 1705 610 1744 concedit
622 1715 661 1743 ut
674 1705 865 1757 participes
876 1704 953 1742 sitis
970 1704 1147 1742 bonorum
1159 1718 1236 1755 quae

284 1777 367 1805 sunt
386 1767 422 1805 in
441 1767 630 1819 paradiso,
655 1766 716 1805 sed
734 1766 899 1818 praestitit
919 1765 1064 1816 quidem
1090 1775 1128 1804 ut
1156 1766 1235 1804 visu

282 1828 509 1877 frueremini,
529 1842 599 1866 non
623 1837 742 1865 tamen
769 1841 809 1865 eo
831 1826 902 1864 frui
926 1826 1023 1876 sinit,
1050 1836 1085 1865 et
1110 1828 1236 1880 majori

282 1889 468 1941 voluptate
491 1888 682 1927 interdicit.
711 1890 791 1927 Cur
810 1889 910 1926 dixit
934 1888 1071 1925 Deus?
1092 1888 1233 1940 Quare,

281 1950 411 2001 inquit,
424 1949 524 1988 hoc?
547 1965 625 2001 quae
653 1949 791 1987 utilitas
826 1949 962 1988 versari
989 1949 1026 1987 in
1057 1949 1236 2002 paradiso,

282 2020 315 2047 et
334 2024 402 2048 non
419 2011 489 2048 frui
505 2011 563 2049 his
578 2025 657 2062 quae
680 2011 718 2048 in
739 2011 802 2048 illo
822 2019 918 2060 sunt,
944 2010 1002 2048 sed
1021 2010 1102 2049 ideo
1121 2013 1236 2064 majo-

282 2083 358 2107 rem
382 2070 474 2107 ferre
494 2070 670 2118 dolorem,
684 2069 780 2120 quod
801 2078 957 2121 spectare
970 2069 1114 2121 quidem
1134 2071 1237 2110 vobis

281 2130 399 2178 liceat,
432 2130 503 2167 frui
534 2145 603 2168 non
639 2130 771 2167 liceat?
802 2129 940 2168 Vidisti
969 2130 1149 2181 quomodo
1174 2146 1237 2184 per

284 2191 524 2241 verba,quasi
556 2205 620 2243 per
646 2204 763 2228 escam
785 2190 885 2229 virus
911 2205 1016 2228 suum
1043 2191 1237 2230 immittit?

285 2251 448 2290 Debebat
459 2251 588 2289 mulier
603 2265 648 2289 ex
662 2251 738 2303 ipso
751 2264 919 2302 aggressu
932 2251 1143 2289 eminentem
1155 2267 1237 2290 con-

281 2313 414 2364 jectare
432 2311 621 2362 malitiam,
634 2321 711 2349 tum
729 2311 826 2362 quod
839 2311 883 2349 (le
896 2311 1068 2349 industria
1079 2327 1157 2362 quae
1169 2327 1238 2351 non

287 2372 539 2423 erantdiceret,
550 2382 626 2410 tum
645 2372 738 2423 quod
753 2372 853 2423 quasi
866 2386 987 2410 curam
1003 2372 1161 2425 ipsorum
1175 2389 1238 2425 ge-

288 2443 393 2483 reret,
413 2443 454 2471 ut
473 2434 563 2472 scire
580 2442 698 2486 posset
715 2447 792 2484 quac
818 2433 892 2470 illis
907 2447 927 2470 a
950 2434 1026 2471 Deo
1049 2444 1237 2487 praecepta,

287 2504 319 2532 et
338 2494 389 2532 sic
404 2494 450 2532 ad
474 2494 802 2547 praevaricationem
819 2494 913 2546 ipsos
933 2494 1096 2533 traheret.
1123 2496 1238 2547 Igitur

289 2569 371 2593 cum
389 2565 506 2608 posset
528 2556 647 2594 statim
667 2554 764 2593 illius
789 2555 1024 2607 imposturam
1047 2555 1185 2606 videre,
1204 2567 1237 2594 et

286 2617 441 2655 aversari
460 2617 570 2656 verba
588 2616 638 2653 uti
656 2615 821 2667 nugacia,
833 2624 867 2653 et
887 2615 1041 2668 seipsam
1054 2615 1089 2654 in
1103 2626 1237 2655 tantam

288 2678 460 2716 vilitatem
495 2693 562 2716 non
590 2678 754 2730 dejicere,
786 2677 911 2715 noluit.
942 2677 1154 2730 Oportebat,
1183 2679 1236 2717 in-

289 2753 408 2789 quam,
426 2739 527 2777 initio
543 2738 763 2789 colloquium
777 2738 874 2775 itlius
888 2752 958 2776 non
979 2739 1084 2789 ferre,
1107 2740 1168 2778 sed
1182 2740 1237 2778 illi

288 2799 352 2837 soli
368 2800 481 2851 loqui,
502 2810 646 2853 propter
667 2814 783 2851 quem,
796 2809 828 2838 et
844 2800 881 2837 in
898 2801 1000 2853 cujus
1018 2800 1236 2853 adjutorium

287 2860 459 2911 producta
477 2871 565 2912 erat,
588 2862 765 2914 particeps
795 2860 981 2913 dignitatis
1007 2862 1105 2900 illius
1134 2863 1236 2902 saeta.

289 2921 360 2967 Qui
375 2930 506 2969 autem,
524 2923 639 2961 nescio
657 2922 836 2974 quomodo
849 2923 989 2971 allecta,
1018 2923 1236 2974 colloquium

291 2983 462 3035 serpentis
493 2983 586 3028 tulit,
625 2998 689 3036 per
719 2998 839 3035 quem,
878 2993 917 3021 ut
945 2983 1231 3032 instrumentum,

288 3043 484 3093 perniciosa
515 3043 647 3082 diaboli
690 3045 797 3082 verba
832 3045 1006 3097 suscepit,
1037 3059 1235 3097 congruum

287 3113 361 3142 (arat
387 3105 506 3143 statim
536 3119 617 3143 cum
639 3105 788 3143 disceret
815 3120 859 3144 ex
886 3106 1005 3145 verbis
1038 3107 1126 3159 ejus,
1161 3121 1234 3146 csse

287 3169 347 3206 illa
367 3183 447 3207 cum
461 3170 607 3208 veritate
627 3171 820 3222 pugnantia
844 3180 875 3208 et
895 3170 962 3209 alia
981 3170 1123 3222 quidem
1140 3172 1232 3210 Con-

283 3229 435 3270 ditorem
458 3231 657 3283 imperasse,
674 3231 753 3270 *alia
779 3241 896 3270 autem
918 3233 1033 3282 illum,
1063 3241 1096 3271 et
1126 3233 1231 3285 plane

328 3339 342 3363 ¹¹
362 3337 461 3371 δίη-Η.
480 3342 782 3374 κατακοὶουθοῦυτας.

327 3399 337 3412 ‘
354 3390 453 3424 Saxil.
474 3397 524 3424 τοῦ
548 3396 575 3423 ἐν
591 3399 632 3432 τῷ
651 3393 830 3435 auserim-21.

1272 222 1475 251 ARCfflEP.
1515 221 1877 250 CONSTANTINOP.

1314 303 1424 355 θάπερ
1445 306 1501 341 νῦν
1520 302 1564 340 τὰ
1581 303 1717 356 ἥμερα,
1735 302 1823 342 οὕτω
1837 303 1895 341 καὶ
1914 302 1957 340 τὰ
1971 302 2075 354 ἄγρια
2092 300 2150 339 καὶ
2166 300 2336 339 ἀτίθασσα

1312 364 1390 402 τότε
1411 363 1579 416 χειροήθη
1602 363 1805 416 ἐτύγχανεν.

1366 423 1457 461 Ἀλλ’
1479 424 1560 467 ἴσως
1576 427 1721 463 ἐνταῦθα
1738 424 1979 476 διαπορήσειεν
1999 424 2040 461 ἄν
2057 439 2127 470 τις,
2140 422 2199 460 καὶ
2215 425 2338 472 μαθεῖν

1313 483 1508 531 ζητήσειεν,
1534 488 1563 523 εἷ
1583 485 1640 523 καὶ
1656 486 1695 524 τὸ
1714 485 1829 539 θηρίον
1845 485 1949 536 λόγου
1965 490 2135 537 μετεῖχεν.
2153 485 2206 522 Οὐ
2217 487 2335 521 τοῦτο·

1314 545 1362 595 μὴ
1379 545 1510 596 γένοιτο
1526 563 1533 570 ·
1553 549 1629 584 ἀλλ’
1647 546 1700 584 ἀεὶ
1719 545 1735 566 ¹¹
1750 548 2020 589 ἀκολουθοῦντας
2037 549 2080 597 τῆ
2099 547 2222 597 Γραφῇ
2238 549 2340 583 τοῦτο

1311 606 1509 657 λογίζεσθαι
1526 607 1616 660 χρὴ,
1633 607 1686 645 ὅτι
1709 607 1753 646 τὰ
1780 608 1842 658 μὲν
1859 607 2000 659 ῥήματα
2025 602 2066 653 ῆν
2093 611 2153 645 τοῦ
2172 605 2337 645 διαὸόλου

1313 672 1372 706 τοῦ
1389 669 1446 706 διὰ
1467 669 1524 707 τὸν
1551 672 1675 708 οἰκεῖον
1704 668 1824 721 φθόνον
1842 669 1926 720 πρὸς
1951 667 2014 714 τὴν
2043 667 2183 712 ἀπάτην
2209 667 2338 713 ταύτην

1315 729 1624 782 διεγερθέντος-τῷ
1653 730 1687 768 δὲ
1719 729 1828 782 θηρίῳ
1853 728 1966 781 τούτῳ
2004 728 2122 779 ὥσπερ
2151 727 2338 778 ἐπιτηδείῳ

1263 793 1287 823 Ε
1313 790 1449 843 ὀργάνῳ
1468 791 1660 844 ἐχρήσατο,
1680 791 1737 828 ἵνα
1757 793 1883 841 δυνηθῇ
1908 789 1946 827 τὸ
1974 789 2094 840 δέλεαρ
2125 791 2186 834 τῆς
2212 787 2340 830 οἰκείας

1314 851 1451 899 ἀπάτης
1467 853 1584 899 ἐνιεὶς,
1604 852 1831 891 ὑποσκελίσαι
1841 852 2007 905 πρότερον
2020 849 2082 902 μὲν
2093 850 2155 897 τὴν
2170 856 2315 900 γυναῖκα
2329 878 2338 894 ,

1314 913 1373 951 ἅτε
1404 913 1457 952 ἀεὶ
1490 905 1720 966 εὐκολώτερον
1741 913 1931 964 δυναμένην
1956 914 2197 959 ἀπατηθῆναι,
2217 911 2339 950 ἔπειτα

1314 975 1349 1012 δὲ
1380 976 1424 1013 δι’
1445 976 1551 1021 αὐτῆς
1580 976 1638 1014 καὶ
1666 976 1723 1014 τὸν
1751 975 2038 1027 πρωτόπλαστον.
2055 976 2088 1012 Τ
2091 976 2119 1026 ᾧ
2143 967 2200 1011 οὖν
2220 973 2337 1025 ἀλόγῳ

1313 1035 1424 1090 τούτῳ
1453 1037 1674 1090 χρησάμενος
1699 1037 1784 1089 πρὸς
1818 1036 1880 1084 τὴν
1911 1039 1972 1082 τῆς
2004 1035 2190 1081 ἐπιῧουλῆς
2225 1051 2339 1073 κατα-

1313 1096 1452 1145 σκευὴν,
1469 1097 1513 1134 δι’
1531 1100 1634 1135 αὐτοῦ
1671 1101 1714 1149 τῆ
1742 1098 1877 1149 γυναικὶ
1915 1096 2130 1147 διαλέγεται,
2149 1095 2209 1133 καί
2228 1111 2335 1148 φησι·

1311 1157 1359 1195 Τί
1374 1156 1426 1194 ὅτι
1443 1151 1536 1196 εἶπεν
1551 1161 1568 1195 ὁ
1586 1159 1674 1201 Θεὸς
1686 1188 1696 1204 ,
1721 1160 1758 1196 οὐ
1779 1158 1826 1209 μὴ
1852 1158 1985 1210 φάγητε
2004 1158 2072 1196 ἀπὸ
2091 1159 2218 1201 παντὸς
2239 1156 2336 1201 ξύλου

1311 1222 1392 1257 ‘roffi
1405 1219 1634 1271 παραδείσου;
1646 1221 1815 1258 Σκοπεῖτε
1837 1221 1983 1258 ἐνταῦθα
2002 1219 2212 1271 κακουργίας
2227 1223 2336 1271 ὓπερ-

1311 1279 1416 1326 Cot->w
1446 1281 1677 1328 λεπτοτάτην.
1710 1281 1762 1318 Τὸ
1797 1280 1845 1332 μὴ
1882 1279 1982 1333 ῥηθὲν
2002 1281 2069 1318 ὑπὸ
2098 1283 2158 1318 τοῦ
2184 1282 2277 1319 Θεοῦ
2302 1282 2338 1318 ἐν

1267 1375 1298 1399 25
1309 1340 1404 1385 τάξει
1425 1341 1624 1392 συμὸουλῆς
1651 1342 1710 1380 καὶ
1736 1342 1936 1394 ἐρωτήσεως
1956 1341 2108 1393 εἰσάγει,
2125 1341 2185 1380 καὶ
2210 1341 2338 1380 ὡσανεὶ

1262 1412 1287 1440 Λ
1309 1401 1373 1449 τὴν
1392 1402 1477 1454 ὑπὲρ
1512 1404 1623 1440 αὐτῶν
1654 1402 1862 1453 κηδεμονίαν
1897 1402 2117 1453 ποιούμενος·
2145 1405 2247 1441 τοῦτο
2269 1402 2337 1454 γάρ

1310 1464 1402 1501 ἐστιν
1420 1464 1680 1514 ἐνδεικνυμένου
1694 1493 1703 1510 ,
1722 1465 1761 1502 τὸ
1787 1464 1915 1515 λέγειν,
1937 1463 1984 1502 Τί
2007 1463 2059 1502 ὅτι
2084 1457 2176 1501 εἶπεν
2193 1466 2211 1501 ὁ
2226 1462 2316 1506 Θεὸς
2328 1495 2338 1512 ,

1311 1525 1347 1561 οὐ
1379 1523 1427 1574 μὴ
1443 1523 1576 1576 φάγητε
1598 1525 1666 1563 ἀπὸ
1684 1525 1812 1569 παντὸς
1831 1524 1928 1569 ξύλου
1944 1529 2004 1563 τοῦ
2024 1523 2255 1577 παραδείσου,
2275 1538 2338 1574 μο-

1311 1585 1445 1638 νονουχὶ
1463 1585 1572 1637 λέγων
1602 1590 1620 1624 ὃ
1648 1586 1796 1638 πονηρὸς
1821 1581 1917 1629 οὗτος
1942 1586 2092 1637 δαίμων,
2112 1584 2202 1628 τίνος
2222 1585 2338 1624 ἕνεκεν

1312 1647 1545 1698 ἀπεστέρησεν
1564 1650 1653 1698 ὑμᾶς
1682 1651 1744 1694 τῆς
1769 1648 1940 1694 τοσαύτης
1960 1647 2208 1695 &wolffo-amq
2228 1646 2284 1684 διὰ
2303 1647 2338 1684 τί

1310 1711 1347 1746 οὐ
1371 1716 1545 1762 συγχωρεῖ
1570 1708 1727 1761 μετέχειν
1746 1712 1815 1747 τῶν
1835 1711 1870 1747 ἐν
1893 1713 1943 1761 τῷ
1963 1709 2165 1761 παραδείσῳ
2184 1711 2338 1761 ἀγαθῶν,

1312 1770 1401 1808 ἀλλὰ
1428 1774 1491 1816 τῆς
1527 1770 1588 1822 μὲν
1614 1771 1692 1815 θέας
1722 1771 1785 1818 τὴν
1807 1772 1997 1810 ἀπόλαυσιν
2020 1771 2245 1822 ἐδωρήσατο,
2275 1771 2338 1808 οὐκ

1312 1832 1436 1883 ἀφίησι
1452 1832 1487 1871 δὲ
1505 1833 1714 1882 μεταλαὸεῖν
1727 1862 1736 1879 ,
1759 1834 1820 1871 καὶ
1839 1832 1982 1871 πλείονα
2001 1831 2256 1885 καρπώσασθαι
2272 1831 2337 1878 τὴν

1311 1892 1523 1940 ἢδονήν;Τί
1553 1892 1605 1930 ὅτι
1631 1887 1723 1931 εἶπεν
1743 1896 1760 1931 ὃ
1783 1893 1892 1941 Θεός,
1914 1893 1982 1931 Διὰ
2005 1893 2056 1941 τί,
2078 1893 2183 1945 φησὶ,
2215 1898 2336 1939 τοῦτο;

1311 1953 1345 1992 τί
1372 1954 1412 1992 τὸ
1439 1954 1560 2005 ὄφελος
1588 1957 1650 2000 τῆς
1679 1957 1713 1993 ἐν
1741 1958 1791 2008 τῷ
1819 1954 2021 2006 παραδείσῳ
2045 1955 2236 2006 διαγωγῆς,
2255 1953 2337 1992 ὅταν

1313 2015 1361 2066 μὴ
1376 2015 1434 2067 ἐξῆ
1454 2019 1522 2054 τῶν
1542 2019 1575 2055 ἐν
1600 2017 1693 2069 αὐτῷ
1715 2016 1916 2065 ἀπολαύειν,
1938 2015 2028 2054 ἀλλὰ
2047 2016 2155 2069 ταύτῃ
2183 2016 2337 2067 μάλιστα

1261 2078 1285 2110 Β
1311 2076 1455 2114 πλείονα
1473 2077 1536 2124 τὴν
1557 2077 1678 2123 ὀδύνην
1696 2077 1803 2130 ἔχειν,
1824 2076 1906 2116 ὅταν
1924 2077 1984 2116 θέα
2007 2077 2068 2128 μὲν
2084 2072 2106 2130 ἦ
2117 2107 2127 2124 ,
2145 2077 2339 2121 ἀπόλαυσις

1313 2137 1348 2176 δὲ
1363 2141 1406 2184 ῧὴ
1429 2138 1498 2176 ἀπὸ
1521 2141 1583 2184 τῆς
1607 2139 1836 2190 μεταλήψεως
1864 2138 1912 2188 μὴ
1945 2138 2103 2188 γίνηται,
2123 2133 2224 2182 Εἶδες
2239 2141 2337 2186 πῶς,

1311 2198 1468 2249 καθάπερ
1497 2198 1637 2250 δέλεαρ,
1660 2199 1714 2237 διὰ
1734 2203 1802 2237 τῶν
1823 2198 1988 2250 ῥημάτιον
2009 2198 2139 2245 ἐνίησιν
2157 2201 2261 2238 αὐτοῦ
2279 2200 2337 2239 τὸν

1312 2259 1383 2307 ἰόν,
1414 2259 1499 2298 Δέον
1522 2259 1584 2307 τὴν
1617 2267 1763 2311 γυναῖκα
1784 2259 1819 2304 ἐξ
1857 2261 1964 2306 αὐτῆς
1997 2263 2058 2305 τῆς
2086 2260 2338 2312 ἐπιχειρήσεως

1311 2323 1525 2366 κατανοῆσαι
1549 2325 1610 2368 τῆς
1640 2322 1765 2372 μανίας
1791 2320 1855 2368 τὴν
1887 2321 2100 2374 ὑπερὲολὴν,
2122 2322 2182 2360 καὶ
2209 2321 2262 2359 ὅτι
2292 2321 2336 2359 τὰ

1312 2381 1360 2432 μὴ
1384 2382 1467 2420 ὄντα
1500 2382 1659 2429 ἐπίτηδες
1692 2383 1809 2435 λέγει,
1829 2383 1887 2420 καὶ
1915 2385 1949 2419 ἐν
1976 2382 2072 2427 τάξει
2098 2383 2198 2430 δῆθεν
2232 2385 2335 2429 κηδε-

1313 2443 1451 2493 μονίας,
1472 2443 1526 2482 ἴνα
1551 2449 1670 2495 μαθεῖν
1701 2445 1827 2496 δυνηθῇ
1849 2445 1893 2483 τὰ
1911 2444 2007 2498 παρὰ
2023 2449 2082 2483 τοῦ
2107 2446 2200 2483 Θεοῦ
2220 2447 2337 2489 αὐτοῖς

1311 2502 1536 2552 ἐνταλθέντα,
1556 2504 1615 2542 καὶ
1635 2504 1725 2542 οὕτω
1748 2505 1832 2557 πρὸς
1848 2504 1910 2551 τὴν
1930 2504 2130 2556 παράὲασιν
2147 2503 2270 2547 αὐτοὺς
2279 2506 2336 2542 ἑλ-

1310 2564 1411 2616 κύσῃ.
1442 2565 1627 2615 Δυναμένη
1655 2566 1767 2604 τοίνυν
1799 2566 1922 2609 εὐθέως
1953 2567 2100 2605 συνιδεῖν
2136 2569 2240 2604 αὐτοῦ
2271 2564 2335 2612 τὴν

1312 2626 1473 2674 ἀπάτην,
1493 2627 1551 2664 καὶ
1585 2629 1853 2679 ἀποστραφῆναι
1878 2627 1999 2665 λοιπὸν
2030 2626 2091 2674 τὴν
2115 2627 2201 2680 πρὸς
2233 2626 2336 2665 αὐτὸν

1312 2686 1458 2731 διάλεξιν
1473 2690 1519 2732 ὡς
1539 2688 1687 2741 περιττὰ
1712 2689 1875 2740 λέγοντα,
1893 2689 1951 2726 καὶ
1975 2688 2023 2739 μὴ
2045 2687 2171 2734 ἑαυτὴν
2202 2689 2250 2731 εἷς
2279 2702 2336 2725 το-

1312 2749 1440 2796 σαύτην
1458 2751 1691 2797 ταπεινότητα
1711 2755 1934 2802 καταγαγεῖν,
1958 2752 2019 2788 οὐκ
2039 2749 2220 2795 ἠθέλησεν.
2236 2749 2335 2788 Ἔδει

1261 2813 1285 2843 C
1312 2809 1374 2858 μὲν
1393 2810 1459 2862 γὰρ
1488 2811 1576 2862 μηδὲ
1607 2811 1640 2855 ἐξ
1669 2813 1779 2864 ἀρχῆς
1809 2811 2024 2862 ἀνασχέσθαι
2043 2813 2105 2856 τῆς
2123 2810 2208 2863 πρὸς
2231 2811 2334 2849 αὐτὸν

1312 2871 1513 2920 διαλέξεως,
1533 2873 1609 2910 ἀλλ’
1628 2872 1747 2925 ἐκείνῳ
1765 2872 1858 2925 μόνῳ
1875 2871 2112 2922 διαλέγεσθαι,
2140 2872 2184 2909 δι’
2205 2870 2241 2910 ὃν
2260 2887 2334 2909 πα-

1313 2933 1423 2985 ρήχθη
1436 2962 1445 2979 ,
1468 2934 1527 2971 καὶ
1549 2934 1709 2977 κοινωνὸς
1736 2934 1826 2972 κατὰ
1845 2932 1909 2980 τὴν
1929 2933 2024 2977 ἀξίαν
2042 2932 2179 2984 γέγονε,
2200 2932 2257 2970 καὶ
2286 2935 2334 2976 εἰς

1312 2994 1470 3043 βοήθειαν
1488 2995 1759 3047 ἐδημιουργήθη.
1777 2994 1924 3042 Ἐπειδὴ
1943 2994 1978 3033 δὲ
1998 2997 2059 3032 οὐκ
2077 2988 2140 3031 οἶδ’
2156 2992 2250 3037 ὅπως
2269 3010 2334 3032 πα-

1311 3062 1495 3106 ρασυρεῖσα
1516 3056 1685 3109 ἠνέσχετο
1704 3061 1766 3105 τῆς
1785 3056 1922 3107 ὁμιλίας
1954 3059 2016 3102 τῆς
2044 3055 2130 3107 πρὸς
2154 3054 2213 3092 τὸν
2234 3054 2331 3105 ὄφιν,

1308 3116 1365 3154 καὶ
1397 3117 1535 3169 ἐδέχετο
1566 3118 1609 3155 τὰ
1639 3119 1778 3170 ὀλέθρια
1811 3118 1951 3171 ῥήματα
1984 3121 2043 3155 τοῦ
2076 3115 2237 3154 διαὸόλου
2276 3115 2331 3153 διὰ

1306 3176 1424 3214 τούτου
1453 3180 1499 3221 ὡς
1525 3179 1568 3215 δι’
1598 3178 1762 3230 ὀργάνου,
1782 3178 1966 3217 ἀκόλουθον
1986 3171 2026 3224 ῆν
2051 3176 2174 3219 εὐθέως
2203 3179 2330 3227 μαθοῦ-

1303 3251 1367 3272 σαν
1398 3238 1436 3273 ἐκ
1468 3240 1536 3275 τῶν
1565 3240 1647 3289 παρ’
1684 3240 1786 3276 αὐτοῦ
1829 3235 2020 3289 λεχθέντων
2061 3235 2122 3282 τὴν
2166 3235 2329 3273 ἐναντίω-

1367 3352 1377 3365 2
1394 3340 1537 3382 Quidam
1557 3343 1630 3377 nse.
1651 3349 1666 3382 ἡ
1685 3350 1743 3378 ἀπ’)
1761 3351 1809 3382 τῆς
1828 3348 1904 3381 θέεις·
