2533 3791
110 600 136 620 1.
166 592 245 624 Tim.
265 592 294 624 (ἦ

104 635 140 665 8.

320 194 403 240 180
718 214 755 244 s.

311 293 405 331 enim
418 293 583 334 mulieres
595 295 679 335 huic
687 299 849 337 mollitiei
856 299 983 338 deditae
1001 310 1083 338 sunt
1099 317 1106 337 :
1121 301 1255 350 Quare,

309 351 572 406 dico‚0bsecr0,
593 371 722 410 eorpus
734 359 782 397 ita
799 374 918 411 ornas,
937 371 971 398 et
982 360 1114 412 gaudes
1127 361 1257 412 ejusce-

311 414 409 453 modi
424 416 581 455 amictu?
594 432 663 457 non
691 420 823 471 cogitas
835 435 900 472 pro
916 435 1043 472 magno
1058 421 1254 473 supplicio,

309 485 456 528 propter
477 479 810 529 transgressionem,
831 489 969 531 tegmen
990 481 1059 518 hoc
1080 480 1259 533 excogita-

309 545 388 574 tum
402 541 498 579 esse?
511 539 556 576 Et
570 554 678 589 quare
693 553 763 578 non
775 541 879 578 audjs
894 541 1046 579 Paulum
1060 541 1257 580 dicentem:

310 599 508 638 Habentes
527 603 676 639 victum
697 609 733 638 et
761 605 960 652 amictum,
980 605 1062 642 illis
1087 607 1260 642 contenti

309 660 476 696 erimus?
495 658 606 696 Vides
640 659 746 696 unius
764 659 952 699 dumtaxat
983 661 1035 699 rei
1056 661 1258 700 habendam

308 731 382 755 esse
426 732 572 756 curam:
591 719 771 769 videlicet,
798 734 842 758 ne
872 735 1000 774 corpus
1027 722 1166 760 nudum
1198 723 1256 773 sit,

308 778 369 816 sed
388 788 427 817 ut
445 788 598 832 tegatur,
620 795 684 819 nec
697 782 852 834 amplius
868 782 914 820 de
926 783 1096 822 varietate
1104 783 1257 822 vestium

308 853 455 879 essenos
474 841 646 879 sollicitos
662 844 997 895 oportet.Caeterum
1020 844 1064 882 ad
1079 846 1256 895 sequentia

306 901 503 940 veniamus.
526 905 591 940 92
614 904 669 940 Et
680 904 780 941 discit
798 905 991 942 Dominus
1006 906 1113 943 Deus
1127 921 1138 941 .·
1153 907 1190 943 E
1193 919 1258 944 cce

307 961 444 1000 Adam
464 965 606 1016 factus
632 973 689 1002 est
717 968 816 1002 sicut
844 979 945 1003 unus
977 980 1024 1003 ex
1059 969 1180 1013 nobis,
1204 968 1259 1004 ad

308 1025 504 1061 sciendum
519 1026 660 1062 honum
675 1034 712 1062 et
725 1026 884 1063 malum.
899 1028 953 1063 Et
973 1040 1076 1064 nunc
1092 1029 1257 1080 neforte

306 1085 491 1122 extendat
515 1099 674 1123 manum
695 1099 820 1134 suam,
833 1095 869 1123 et
886 1089 1054 1138 accipiat
1070 1089 1118 1125 de
1150 1089 1256 1140 ligno

304 1147 412 1191 vitoe,
448 1153 485 1182 et
509 1147 700 1195 comedat,
721 1155 758 1183 et
776 1149 887 1185 vivat
903 1150 944 1184 in
960 1148 1156 1186 soeculum.
1185 1150 1251 1190 25.

304 1207 357 1242 Et
386 1208 511 1244 emisit
529 1207 644 1245 illum
666 1208 860 1246 Dominus
878 1209 986 1247 Deus
998 1224 1045 1247 ex
1068 1211 1254 1261 paradiso

302 1266 531 1317 voluptatis,
543 1276 585 1305 ut
599 1277 824 1319 operaretur
834 1277 989 1318 terram,
1003 1271 1050 1308 de
1058 1285 1136 1323 qua
1152 1285 1252 1309 sum-

303 1335 364 1364 tus
383 1336 480 1365 erat.
498 1327 567 1365 Hic
593 1343 734 1380 quoque
753 1329 840 1368 vide
870 1345 979 1381 quam
998 1331 1133 1370 idoneis
1151 1332 1252 1370 infir-

301 1387 417 1425 mitati
433 1398 560 1427 nostrae
574 1390 693 1428 verbis
722 1399 843 1428 utatur
856 1392 967 1430 Deus.
988 1394 1043 1431 Et
1065 1395 1177 1443 dixit,
1198 1395 1251 1432 in-

302 1448 392 1497 quit,
413 1450 607 1488 Dominus
619 1452 727 1488 Deus
749 1467 758 1488 :
775 1453 880 1490 Ecce
896 1453 1037 1491 Adam
1039 1457 1179 1507 factus
1196 1465 1252 1494 est

301 1512 414 1559 quasi
429 1524 529 1549 unus
545 1525 592 1548 ex
611 1513 735 1559 nobis,
753 1514 807 1550 ad
819 1516 1018 1553 sciendum
1039 1519 1181 1555 bonum
1214 1528 1252 1556 et

300 1571 459 1609 malum.
474 1571 608 1610 Vidisti
621 1582 751 1623 quanta
766 1574 933 1614 dictionis
947 1577 1133 1617 humilitas
1143 1581 1251 1618 PHaec

298 1640 429 1681 autem,
461 1642 500 1671 ut
525 1633 636 1683 decet,
668 1634 775 1686 (ligne
814 1637 859 1674 de
888 1639 962 1676 Deo
996 1639 1247 1693 intelligamus.

298 1693 389 1730 Vult
406 1694 502 1732 enim
518 1709 582 1747 per
601 1696 675 1734 haec
694 1698 803 1736 verba
819 1698 856 1736 in
875 1701 1083 1739 memoriam
1103 1704 1245 1754 referre,

296 1755 475 1802 quomodo
494 1756 633 1809 decepti
648 1758 781 1797 fuerint
794 1774 813 1797 a
837 1760 981 1799 diabolo
1010 1777 1074 1815 per
1107 1778 1246 1817 serpen-

296 1822 379 1852 tem.
412 1815 713 1868 Quandoquidem
736 1819 797 1857 ille
819 1820 973 1869 dicebat,
995 1824 1036 1861 Si
1075 1827 1246 1863 comede-

296 1877 396 1925 ritis,
421 1879 526 1914 eritis
546 1885 588 1914 ut
602 1878 671 1925 dii,
687 1887 720 1916 et
754 1892 815 1931 spe
838 1880 1014 1932 potiendae
1033 1884 1246 1934 aequalitatis

295 1949 378 1973 cum
402 1938 476 1975 Deo
495 1937 616 1976 cibum
644 1939 740 1977 hunc
754 1954 893 1979 sumere
914 1943 990 1981 ausi
1010 1954 1103 1982 sunt.
1131 1948 1245 1997 Atque

295 2000 360 2038 hac
379 2001 424 2038 de
443 2016 546 2040 causa
566 2004 662 2041 Deus
678 2004 806 2042 iterum
830 2005 910 2044 illos
925 2021 1066 2046 monere
1098 2011 1242 2060 volens,

294 2070 333 2097 ut
355 2061 524 2099 sentirent
541 2076 647 2112 quam
667 2064 822 2114 graviter
837 2075 948 2103 essent
965 2067 1055 2119 lapsi
1082 2084 1145 2120 per
1169 2070 1242 2108 ino-

292 2120 508 2159 bedientiam
527 2131 561 2160 et
579 2122 834 2175 deceptionem,
850 2125 963 2176 inquit
976 2130 1096 2166 :Ecce
1107 2131 1242 2168 Adam

279 2182 422 2233 sactus
438 2191 493 2219 est
507 2186 620 2234 quasi
636 2198 734 2222 unus
756 2200 803 2222 ea:
822 2189 940 2225 nobis.
958 2189 997 2225 ln
1012 2197 1149 2227 tantum
1182 2206 1241 2228 ru-

291 2241 413 2279 borem
443 2242 511 2280 hoc
543 2244 691 2282 verbnm
727 2245 855 2297 injicit,
884 2256 923 2284 ut
947 2257 1240 2300 transgressorem

291 2302 448 2353 graviter
476 2312 618 2355 tangere
650 2307 777 2344 valcat.
800 2307 908 2356 Ideo,
929 2309 1058 2360 inquit,
1087 2321 1238 2350 contem-

290 2363 367 2401 sisti
378 2364 586 2406 mandatum
609 2380 727 2404 meum
741 2367 837 2418 quod
853 2370 1023 2420 :equalem
1040 2381 1072 2408 te
1080 2373 1153 2409 Deo
1165 2374 1239 2411 fore

290 2426 459 2475 putares?
485 2425 576 2464 Ecce
605 2427 717 2465 factus
735 2442 770 2466 es
797 2429 892 2479 quod
917 2434 1145 2483 exspectasti:
1166 2434 1238 2472 imo

1255 2473 1302 2497 153

794 216 980 248 JOANMS
1015 219 1258 250 CHRYSOST.
1298 222 1504 252 ARCHIEP.
1540 222 1900 255 CONSTANTINOP-

1327 303 1447 341 λοιπὸν
1468 304 1512 341 τὰ
1532 305 1602 342 ἀπὸ
1629 309 1690 342 τοῦ
1720 306 1810 358 ἐρίου
1837 309 1906 345 τῶν
1937 307 2122 360 προὸάτων
2154 310 2350 361 ἐνδύματα,

1329 363 1421 400 ἀλλὰ
1453 363 1498 401 τὰ
1525 365 1653 418 σηρικὰ
1679 367 2011 419 ὅπεριὸαλλόμενοι,
2032 369 2092 407 καὶ
2111 372 2158 413 εἷς
2187 376 2350 409 τοσοῦτον

1329 422 1560 469 ἐξοκείλαντες
1579 425 1724 476 μανίας,
1745 431 1792 472 ὡς
1807 429 1867 467 καὶ
1880 429 2020 481 χρυσίον
2041 431 2258 484 συνυφαίνειν
2279 437 2351 475 τοῖς

1329 484 1497 536 ἐνδύμασι
1508 502 1517 510 ·
1531 486 1686 537 μάλιστα
1699 487 1768 540 γὰρ
1783 489 1822 526 τὸ
1837 492 1907 527 τῶν
1922 493 2092 542 γυναικῶν
2107 492 2204 542 γένος
2219 492 2349 539 ταύτην

1285 551 1309 583 C
1329 548 1416 596 ἡμῖν
1447 547 1680 586 ἐπιδείκνυται
1703 548 1768 595 τὴν
1800 551 1985 600 βλακείαν
2011 552 2102 596 τίνος
2128 552 2196 606 γὰρ
2223 553 2351 601 ἕνεκεν,

1327 606 1404 645 εἶπέ
1417 623 1495 658 μοι,
1506 608 1640 652 τούτοις
1651 609 1692 647 τὸ
1704 612 1808 659 σῶμα
1821 611 2071 659 καλλωπίζεις,
2084 612 2143 650 καὶ
2158 611 2292 664 χαίρεις
2305 616 2349 664 τῇ

1328 669 1482 708 ἐντεῦθεν
1500 670 1691 722 περιὸολῆ,
1708 671 1768 709 καὶ
1785 672 1848 709 οὒκ
1867 673 1991 715 ἐννοεῖς
2012 671 2066 709 ὅτι
2085 672 2161 710 ἀντὶ
2183 673 2350 723 μεγίστης

1326 730 1498 784 τιμωρίας
1514 731 1571 770 διὰ
1588 731 1650 779 τὴν
1670 731 1870 784 παράὲασιν
1884 736 1906 779 ἠ
1926 733 2038 779 σκέπη
2055 732 2144 779 αὕτη
2162 733 2347 780 ἐπενοήθη;

1327 791 1395 828 Διὰ
1413 791 1447 829 τί
1474 792 1540 846 γὰρ
1571 792 1618 843 μὴ
1651 793 1786 837 ἀκούεις
1805 794 1949 833 Παύλου
1978 793 2158 846 λέγοντος·
2182 793 2351 846 Ἔχοντες

1328 853 1514 906 διατροφὰς
1531 854 1590 892 καὶ
1613 854 1846 906 σκεπάσματα
1859 885 1868 903 ,
1886 855 2018 900 τούτοις
2039 855 2348 908 ἀρκεσθησόμεθα,

1327 913 1436 967 (Ορᾷς
1452 914 1504 952 ὅτι
1532 915 1605 959 ἑνὸς
1636 915 1740 967 μόνου
1760 917 1810 954 δεῖ
1841 917 2045 969 φροντίζειν,
2064 922 2123 955 τοῦ
2150 916 2198 968 μὴ
2218 916 2348 967 γυμνὸν

1327 966 1415 1011 εἶναι
1429 975 1469 1013 τὸ
1493 979 1608 1026 σῶμα,
1629 976 1716 1016 1’τοῦ
1736 977 1926 1016 σκέπεσθαι
1944 978 2060 1029 μόνον,
2082 977 2209 1029 μηκέτι
2232 976 2268 1015 δὲ
2287 977 2349 1015 καὶ

1326 1034 1406 1086 περὶ
1434 1036 1599 1088 διαφορᾶς
1623 1039 1764 1085 ἐσθῆτος
1782 1039 1947 1092 φροντίδα
1973 1043 2162 1078 ποιεῖσθαι.
2180 1039 2273 1078 Ἀλλ’
2290 1039 2348 1077 ἐπὶ

1324 1096 1389 1142 τὴν
1428 1099 1632 1138 ἀκολουθίαν
1666 1101 1835 1152 ἔλθωμεν.
1866 1102 1936 1141 Καὶ
1969 1097 2062 1141 εἶπεν
2089 1106 2107 1140 6
2135 1101 2226 1146 Θεός
2238 1118 2245 1125 ·
2275 1101 2347 1140 ἰδοὺ

1326 1156 1437 1208 Ἀδὰμ
1450 1159 1588 1210 γέγονεν
1604 1163 1650 1205 ὡς
1676 1156 1723 1205 εἷς
1751 1162 1784 1205 ἐξ
1811 1165 1924 1210 ἡμῶν,
1944 1166 2003 1201 τοῦ
2037 1162 2220 1213 γινώσκειν
2240 1163 2346 1201 καλὸν

1325 1218 1383 1257 καὶ
1418 1235 1506 1266 πονη
1514 1221 1581 1273 ρόν.
1617 1222 1686 1260 Καὶ
1718 1227 1777 1261 νῦν
1811 1223 1948 1274 μήποτε
1978 1223 2115 1275 ἐκτείνῃ
2149 1223 2213 1269 τὴν
2245 1230 2347 1277 χεῖρα

1279 1282 1304 1311 D
1324 1283 1445 1329 αὐτοῦ,
1466 1282 1525 1320 καὶ
1545 1283 1638 1335 λάὲῃ
1665 1283 1735 1322 ἀπὸ
1753 1288 1812 1324 τοῦ
1837 1284 1935 1329 ξύλου
1958 1287 2022 1330 τῆς
2041 1287 2150 1331 ζωῆς,
2167 1285 2226 1323 καὶ
2249 1286 2345 1338 φάγῃ

1321 1342 1379 1380 καὶ
1397 1343 1538 1390 ζήσεται
1568 1347 1615 1388 εἰς
1643 1345 1850 1384 τὸνάἷῶνα.
1880 1346 1950 1384 Καὶ
1969 1345 2211 1390 ἐξαπέστειλεν
2243 1347 2346 1385 αὐτὸν

1321 1403 1450 1455 Κύριος
1463 1409 1480 1444 6
1496 1405 1586 1450 Θεὸς
1611 1408 1650 1444 ἐκ
1667 1410 1726 1453 τοῦ
1746 1407 1960 1459 παραδείσου
1983 1411 2046 1455 τῆς
2064 1411 2196 1460 τρυφῆς
2208 1438 2218 1455 ,
2247 1407 2347 1457 ἐργά-

1322 1466 1439 1508 ζεσθαι
1473 1465 1535 1512 τὴν
1565 1469 1628 1517 γῆν
1667 1467 1702 1511 ἐξ
1733 1462 1775 1514 ἧς
1810 1468 1955 1521 ἐλήφθη.
1987 1467 2086 1521 “Ορα
2117 1468 2223 1506 πάλιν
2253 1470 2347 1507 Θεοῦ

1322 1526 1595 1576 συγκατάὸασιν.
1616 1528 1686 1566 Καὶ
1720 1522 1795 1567 εἷπε
1808 1559 1817 1576 ,
1838 1529 1942 1581 φησὶ,
1960 1529 2086 1581 Κύριος
2109 1532 2127 1567 6
2147 1529 2253 1572 Θεός·
2273 1529 2345 1567 ἰδοὺ

1321 1586 1432 1638 Ἀδὰμ
1446 1588 1584 1639 γέγονεν
1598 1592 1645 1633 ὡς
1666 1584 1715 1633 εἷς
1735 1590 1769 1634 ἐξ
1795 1592 1913 1641 ἡμῶν,
1936 1594 1997 1628 τοῦ
2026 1589 2210 1642 γινώσκειν
2239 1590 2345 1629 καλὸν

1320 1647 1379 1685 καὶ
1403 1649 1567 1702 πονηρόν.
1591 1644 1693 1694 Εἶδες
1710 1651 1802 1698 πόση
1830 1653 1893 1697 τῆς
1917 1650 2042 1694 λέξεως
2071 1654 2093 1697 ἡ
2120 1650 2344 1698 ταπείνωσις;

1320 1711 1445 1747 Ταῦτα
1464 1710 1499 1748 δὲ
1520 1710 1658 1749 ἅπαντα
1681 1714 1880 1765 θεοπρεπῶς
1909 1714 2056 1762 νοῶμεν.
2076 1711 2246 1750 Βούλεται
2274 1713 2343 1764 γὰρ

1320 1772 1468 1808 ἐνταῦθα
1488 1771 1545 1809 διὰ
1564 1775 1632 1810 τῶν
1655 1772 1821 1824 ῥημάτων
1847 1771 1979 1810 τούτων
1998 1775 2061 1819 τῆς
2093 1773 2231 1819 ἀπάτης
2249 1776 2343 1823 ἡμᾶς

1319 1834 1542 1883 ὑπομνῆσαι,
1559 1833 1602 1880 ἣν
1616 1834 1849 1881 ἠπατήθησαν
1863 1834 1930 1872 ὑπὸ
1942 1837 2002 1871 τοῦ
2023 1833 2185 1872 διαῧόλου
2205 1833 2262 1872 διὰ
2280 1837 2341 1871 τοῦ

1318 1893 1438 1945 ὄφεως.
1454 1893 1600 1942 Ἐπειδὴ
1617 1895 1684 1948 γὰρ
1702 1894 1819 1946 ἔλεγεν
1841 1896 1969 1938 ἐκεῖνος
1983 1924 1992 1942 ,
2010 1893 2063 1932 ὅτι
2079 1893 2164 1932 Ἐὰν
2184 1894 2317 1946 φάγητε
2329 1924 2340 1942 ,

1318 1954 1435 1993 ἔσεσθε
1447 1958 1493 1999 ὡς
1509 1956 1578 1994 θεοὶ
1594 1985 1602 2003 ,
1619 1955 1678 1994 καὶ
1694 1956 1842 2000 ἷσοθεΐας
1855 1956 1970 1994 ἐλπίδι
1986 1958 2048 2001 τῆς
2064 1954 2226 2009 βρώσεως
2238 1971 2341 1994 κατε-

1317 2016 1520 2067 τόλμησαν·
1557 2016 1614 2055 διὰ
1644 2021 1746 2056 τοῦτο
1781 2018 1840 2056 καὶ
1868 2021 1886 2055 6
1916 2017 2006 2061 Θεὸς
2035 2017 2142 2056 πάλιν
2177 2016 2340 2069 ἓντρέψαι

1317 2077 1440 2121 αὐτοὺς
1474 2078 1701 2128 βουλόμενος,
1728 2079 1788 2116 καὶ
1822 2080 1870 2122 εἷς
1901 2078 2060 2126 αἴσθησιν
2092 2079 2234 2129 ἀγαγεῖν
2268 2081 2338 2116 τῶν

1315 2139 1570 2189 ἓπταισμένων,
1594 2139 1653 2176 καὶ
1675 2141 1737 2184 τῆς
1765 2142 1947 2190 παρακοῆς
1968 2139 2007 2177 τὸ
2039 2138 2182 2190 μέγεθος
2207 2138 2336 2185 δεῖξαι,

1313 2199 1373 2236 καὶ
1395 2202 1456 2244 τῆς
1475 2199 1613 2245 ἀπάτης
1631 2198 1695 2246 τὴν
1714 2199 1922 2250 ὓπερὸολὴν,
1943 2198 2046 2250 φησίν
2060 2213 2067 2221 ·
2088 2197 2178 2236 Ἰδοὺ
2195 2197 2334 2249 γέγονεν

1312 2259 1421 2309 Ἀδὰμ
1442 2262 1488 2303 ὡς
1515 2255 1560 2302 εἷς
1594 2259 1628 2303 ἐξ
1644 2261 1757 2310 ἡμῶν.
1776 2259 1923 2310 Μεγάλη
1951 2262 2011 2297 τοῦ
2043 2258 2196 2311 ῥήματος
2229 2262 2250 2305 ἡ
2272 2260 2331 2296 ἓν-

1310 2320 1439 2371 τροπὴ,
1464 2320 1667 2359 καθικέσθαι
1700 2320 1874 2370 δυναμένη
1906 2324 1965 2358 τοῦ
1993 2319 2230 2372 παραὸάντος.
2263 2320 2332 2358 Διὰ

1310 2386 1427 2429 τοῦτο,
1454 2381 1558 2434 φησὶ,
1593 2380 1854 2433 κατεφρόνησας
1888 2384 1952 2427 τῆς
1981 2383 2122 2428 ἐντολῆς
2154 2383 2217 2426 τῆς
2242 2382 2331 2431 ἐμῆς

1312 2445 1325 2461 ⁰
1338 2441 1487 2480 ἷσοθείάν
1508 2442 1729 2493 φαντασθείς,
1746 2441 1836 2480 Ἰδοὺ
1851 2442 1994 2493 γέγονας
2011 2442 2029 2480 ὃ
2047 2441 2309 2493 προσεδόκησας
2321 2458 2329 2466 ·

291 2498 358 2523 non
387 2486 484 2536 quod
515 2489 741 2540 exspectasti,
764 2489 825 2527 sed
851 2492 994 2542 qualem
1018 2502 1050 2531 te
1075 2494 1150 2532 fleri
1182 2495 1236 2533 di·
1268 2489 1292 2538 ,ι’
1313 2505 1444 2553 μᾶλλον
1462 2503 1496 2542 δὲ
1519 2505 1585 2555 0¹37.
1612 2503 1629 2541 ὃ
1656 2503 1916 2555 προσεδόκησας
1931 2533 1940 2551 ,
1965 2502 2044 2541 ἀλλ’
2069 2502 2154 2555 ὅπερ
2177 2497 2218 2549 ἧς
2237 2503 2330 2548 ἄξιος

289 2559 399 2595 gnum
433 2557 518 2585 erat.
552 2550 668 2598 Ecce,
702 2550 829 2601 inquit,
859 2551 996 2590 Adam
1012 2555 1153 2607 sactus
1180 2565 1234 2594 est

287 2611 403 2658 quasi
417 2623 515 2647 unus
529 2623 576 2647 ex
604 2613 726 2657 nobis,
751 2613 806 2649 ad
819 2615 1017 2652 sciendum
1045 2617 1185 2655 bonum
1200 2628 1236 2656 et

287 2669 448 2707 malum.
476 2670 553 2709 Hoc
570 2672 665 2710 enim
683 2673 794 2711 fallax
814 2673 978 2714 diabolus
996 2675 1137 2716 dicebat
1172 2693 1235 2731 per

286 2739 494 2780 serpentem,
530 2732 770 2783 Aperientur
794 2736 898 2774 oculi
929 2741 1063 2785 vestri,
1107 2743 1232 2778 eritis—

284 2804 358 2840 que
375 2794 473 2830 sicut
496 2794 565 2839 dii,
591 2798 752 2834 scientes
783 2799 922 2834 bonum
936 2807 972 2835 et.
988 2800 1148 2838 malum.
1177 2803 1230 2839 Et

286 2863 387 2888 nunc
408 2866 455 2889 ne
461 2854 573 2904 sorte
601 2857 786 2894 extendat
805 2871 964 2896 manum
980 2868 1017 2898 et
1035 2869 1171 2913 tangat
1184 2863 1232 2901 li-

280 2925 399 2961 gnum
414 2916 520 2960 vitoe,
539 2923 575 2953 et
594 2918 783 2963 comedat,
797 2926 834 2956 et
850 2921 961 2958 vivat
971 2923 1010 2957 in
1027 2931 1224 2961 oeternum.

284 2971 391 3021 Vide,
412 2987 488 3021 oro,
510 2974 569 3013 hic
593 2976 872 3019 misericordiam
900 2981 1058 3020 Domini.
1079 2984 1228 3035 Oportet

280 3032 374 3070 enim
393 3034 490 3084 quod
508 3035 645 3073 dictum
659 3046 708 3075 est
723 3038 913 3091 diligenter
927 3043 1094 3094 scrutari,
1111 3053 1151 3082 ut
1171 3045 1225 3083 ni-

278 3093 330 3130 hil
348 3107 470 3132 eorum
488 3110 566 3146 quac
586 3097 621 3135 in
640 3098 749 3137 fundo
778 3111 859 3140 sunt
880 3103 1101 3153 abscondita,
1119 3105 1227 3144 latere

1308 2565 1479 2615 γενέσθαι.
1498 2564 1598 2612 Ἰδοὺ,
1618 2566 1716 2616 φησὶ,
1733 2565 1871 2617 γέγονεν
1893 2565 2003 2615 Ἀδὰμ
2022 2566 2069 2608 ὡς
2086 2558 2132 2608 εἶς
2152 2564 2187 2608 ἐξ
2213 2567 2329 2614 ἡμῶν,

1307 2629 1365 2663 τοῦ
1384 2625 1562 2676 γινώσκειν
1589 2627 1694 2664 καλὸν
1714 2626 1772 2663 καὶ
1791 2625 1952 2677 πονηρόν.
1968 2627 2082 2663 Τοῦτο
2101 2624 2168 2677 γὰρ
2187 2628 2206 2662 6
2231 2627 2328 2662 ἀπα-

1306 2686 1392 2724 τεὼν
1413 2686 1570 2731 διάῧολος
1591 2688 1705 2729 αὐτοῖς
1725 2686 1820 2737 ἔλεγε
1846 2685 1903 2724 διὰ
1922 2689 1983 2723 τοῦ
2003 2686 2132 2737 ὄφεως,
2151 2685 2206 2724 ὅτι
2235 2687 2326 2722 Δια-

1307 2747 1549 2798 νοιχθησονται
1573 2749 1670 2797 ὑμῶν
1688 2749 1719 2784 οἱ
1744 2746 1936 2798 ὀφθαλμοὶ,
1953 2746 2012 2783 καὶ
2030 2746 2146 2784 ἔσεσθε
2166 2748 2211 2788 ὡς
2233 2745 2324 2793 θεοὶ,

1306 2808 1532 2857 γιν(ι’)σκοντες
1562 2807 1668 2845 καλὸν
1697 2807 1756 2845 καὶ
1788 2807 1949 2859 πονηρόν.
1972 2806 2040 2845 Καὶ
2064 2810 2122 2844 νῦν
2158 2807 2206 2857 μή
2238 2822 2324 2845 ποτε

1306 2868 1438 2919 ἐκτείνη
1456 2868 1519 2915 τὴν
1536 2874 1656 2920 χεῖρα,
1673 2868 1732 2906 καὶ
1752 2868 1886 2920 ἅψηται
1911 2871 1970 2905 τοῦ
1992 2867 2091 2912 ξύλου
2121 2870 2183 2914 τῆς
2208 2869 2322 2915 ζωῆς,

1305 2929 1363 2966 καὶ
1380 2930 1495 2981 φάγῃ,
1522 2930 1581 2967 καὶ
1603 2930 1746 2977 ζήσεται
1766 2932 1813 2973 εἰς
1833 2930 1890 2968 τὸν
1915 2931 2035 2968 αἰῶνα.
2064 2928 2160 2981 ςὈρα
2181 2944 2239 2979 μοι
2267 2930 2322 2966 ἐν·

1302 2995 1410 3028 ταῦθα
1436 2991 1695 3043 φιλανθρωπίαν
1715 2991 1906 3030 Δεσπότου.
1930 2992 1992 3028 Δεῖ
2010 2990 2079 3042 γὰρ
2100 2989 2189 3040 μετὰ
2219 2992 2321 3041 ἀκρι-

1300 3052 1395 3095 ὅείας
1427 3058 1440 3073 ⁰
1453 3053 1668 3104 διερευνῆσαι
1693 3052 1732 3090 τὸ
1763 3052 1956 3104 εἰρημένον,
1992 3051 2048 3088 ἵνα
2085 3050 2191 3101 μηδὲν
2224 3054 2319 3100 ἡμᾶς

1297 3115 1411 3151 λαθεῖν
1427 3114 1552 3164 δυνηθῇ
1573 3115 1641 3150 τῶν
1665 3114 1699 3149 ἐν
1726 3115 1776 3163 τῷ
1795 3113 1893 3164 βάθει
1912 3111 2022 3163 τούτῳ
2051 3111 2314 3163 κεκρυμμένων.

275 3175 338 3200 nos
356 3171 473 3214 queat.
491 3164 583 3202 Cum
605 3166 701 3203 Deus
716 3165 852 3207 Adamo
885 3170 1093 3210 mandatum
1108 3172 1221 3223 daret,
1249 3183 1271 3213 Β
1296 3173 1422 3212 Ἧνίκα
1454 3173 1516 3220 τὴν
1533 3173 1674 3221 ἐντολὴν
1696 3173 1807 3211 ἐδίδου
1826 3176 1876 3226 τῷ
1892 3173 2002 3223 Ἀδὰμ
2022 3175 2039 3210 6
2055 3171 2163 3217 Θεὸς,
2181 3173 2316 3215 οὐδενος

311 3291 324 3306 ⁸
342 3280 402 3313 Alii
419 3285 674 3327 περιέεςλημένοι.
693 3285 792 3326 [Mox
806 3286 908 3320 Savil.
929 3294 986 3333 γάρ
1005 3290 1096 3322 uncis
1110 3289 1269 3333 inclusit.]
1305 3289 1425 3322 benun-
1448 3293 1478 3322 in
1499 3292 1601 3324 savit.
1627 3301 1660 3325 et
1676 3291 1803 3334 aliquot
1822 3294 1898 3324 Mss-

311 3336 325 3357 Ι)
341 3334 441 3367 Savil.
462 3341 494 3366 et
511 3334 565 3366 alii
582 3340 633 3369 τοῦ
651 3342 805 3371 σκέπεσθαι
821 3343 894 3373 αὐτὸ
909 3347 1009 3382 μόνον.

1347 3353 1359 3366 ¹·
1375 3343 1429 3375 Sic
1445 3344 1502 3375 Sm
1514 3343 1547 3375 il.
1566 3351 1597 3376 et
1615 3343 1729 3377 Morel,
1746 3343 1882 3377 Coislin.
1902 3354 1980 3376 vero
1996 3346 2213 3388 διερμηνεῦσκι.
2230 3344 2312 3377 Tres

307 3397 319 3411 ⁸
338 3388 464 3422 Ισοθιῖαν
491 3392 680 3431 φαντασθιῐς,
700 3387 769 3420 brec
792 3388 911 3422 dosunt
936 3392 969 3424 in
995 3392 1107 3427 Morel.
1126 3392 1183 3425 sed
1210 3392 1266 3426 ha·
1302 3395 1377 3426 Mss.
1395 3399 1555 3440 ἐρευνῆσαι.
