<?xml version="1.0" encoding="UTF-8"?>
<!DOCTYPE html PUBLIC "-//W3C//DTD XHTML 1.0 Transitional//EN"
    "http://www.w3.org/TR/xhtml1/DTD/xhtml1-transitional.dtd">
<html xmlns="http://www.w3.org/1999/xhtml" xml:lang="en" lang="en">
 <head>
  <title>
</title>
<meta http-equiv="Content-Type" content="text/html;charset=utf-8" />
  <meta name='ocr-system' content='tesseract 3.04.00' />
  <meta name='ocr-capabilities' content='ocr_page ocr_carea ocr_par ocr_line ocrx_word'/>
</head>
<body>
  <div class='ocr_page' id='page_1' title='image "./operaomniaquaeex04johnuoft/operaomniaquaeex04johnuoft_0266.png"; bbox 0 0 2566 3791; ppageno 0'>
   <div class='ocr_carea' id='block_1_1' title="bbox 367 205 1941 266">
    <p class='ocr_par' dir='ltr' id='par_1_1' title="bbox 367 205 1941 266">
     <span class='ocr_line' id='line_1_1' title="bbox 367 205 1941 266; baseline -0.008 -13"><span class='ocrx_word' id='word_1_1' title='bbox 367 205 461 266; x_wconf 75' lang='lat'>246</span> <span class='ocrx_word' id='word_1_2' title='bbox 775 222 813 250; x_wconf 86' lang='lat' dir='ltr'>s.</span> <span class='ocrx_word' id='word_1_3' title='bbox 850 218 1028 250; x_wconf 69' lang='lat' dir='ltr'>JoANNts</span> <span class='ocrx_word' id='word_1_4' title='bbox 1062 214 1308 247; x_wconf 72' lang='lat' dir='ltr'>cnanos&#39;r.</span> <span class='ocrx_word' id='word_1_5' title='bbox 1347 211 1552 243; x_wconf 77' lang='lat' dir='ltr'>ARCHIEP.</span> <span class='ocrx_word' id='word_1_6' title='bbox 1590 209 1941 241; x_wconf 64' lang='lat' dir='ltr'>consummor.</span> 
     </span>
    </p>
   </div>
   <div class='ocr_carea' id='block_1_2' title="bbox 163 298 1352 2103">
    <p class='ocr_par' dir='ltr' id='par_1_2' title="bbox 366 298 1310 356">
     <span class='ocr_line' id='line_1_2' title="bbox 366 298 1310 356; baseline -0.013 -13"><span class='ocrx_word' id='word_1_7' title='bbox 366 318 446 343; x_wconf 86' lang='lat' dir='ltr'>mus</span> <span class='ocrx_word' id='word_1_8' title='bbox 463 319 470 341; x_wconf 74' lang='grc' dir='ltr'>ε</span> <span class='ocrx_word' id='word_1_9' title='bbox 492 303 551 342; x_wconf 84' lang='lat' dir='ltr'>sed</span> <span class='ocrx_word' id='word_1_10' title='bbox 584 312 728 356; x_wconf 87' lang='lat' dir='ltr'>propter</span> <span class='ocrx_word' id='word_1_11' title='bbox 755 302 857 340; x_wconf 88' lang='lat' dir='ltr'>illum</span> <span class='ocrx_word' id='word_1_12' title='bbox 891 301 1006 338; x_wconf 87' lang='lat' dir='ltr'>solum</span> <span class='ocrx_word' id='word_1_13' title='bbox 1039 298 1100 348; x_wconf 91' lang='lat' dir='ltr'>qui</span> <span class='ocrx_word' id='word_1_14' title='bbox 1133 304 1310 334; x_wconf 86' lang='lat' dir='ltr'>scrutatur</span> 
     </span>
    </p>

    <p class='ocr_par' dir='ltr' id='par_1_3' title="bbox 366 358 1311 413">
     <span class='ocr_line' id='line_1_3' title="bbox 366 358 1311 413; baseline -0.014 -9"><span class='ocrx_word' id='word_1_15' title='bbox 366 365 474 404; x_wconf 90' lang='lat' dir='ltr'>corda</span> <span class='ocrx_word' id='word_1_16' title='bbox 491 373 524 403; x_wconf 88' lang='lat' dir='ltr'>et</span> <span class='ocrx_word' id='word_1_17' title='bbox 542 378 655 413; x_wconf 87' lang='lat' dir='ltr'>renes,</span> <span class='ocrx_word' id='word_1_18' title='bbox 673 362 818 402; x_wconf 85' lang='lat' dir='ltr'>virtutis</span> <span class='ocrx_word' id='word_1_19' title='bbox 837 374 944 413; x_wconf 86' lang='lat' dir='ltr'>opera</span> <span class='ocrx_word' id='word_1_20' title='bbox 964 358 1135 396; x_wconf 84' lang='lat' dir='ltr'>faciamus</span> <span class='ocrx_word' id='word_1_21' title='bbox 1147 386 1159 407; x_wconf 94' lang='lat'>,</span> <span class='ocrx_word' id='word_1_22' title='bbox 1175 364 1209 393; x_wconf 90' lang='lat' dir='ltr'>et</span> <span class='ocrx_word' id='word_1_23' title='bbox 1227 368 1311 406; x_wconf 86' lang='lat' dir='ltr'>pec-</span> 
     </span>
    </p>

    <p class='ocr_par' dir='ltr' id='par_1_4' title="bbox 366 414 1311 476">
     <span class='ocr_line' id='line_1_4' title="bbox 366 414 1311 476; baseline -0.014 -12"><span class='ocrx_word' id='word_1_24' title='bbox 366 434 442 463; x_wconf 83' lang='lat' dir='ltr'>cata</span> <span class='ocrx_word' id='word_1_25' title='bbox 469 425 660 476; x_wconf 83' lang='lat' dir='ltr'>fugiamus.</span> <span class='ocrx_word' id='word_1_26' title='bbox 687 421 928 468; x_wconf 87' lang='lat' dir='ltr'>Quamobrem</span> <span class='ocrx_word' id='word_1_27' title='bbox 955 417 1117 455; x_wconf 85' lang='lat' dir='ltr'>Christus</span> <span class='ocrx_word' id='word_1_28' title='bbox 1147 414 1311 453; x_wconf 88' lang='lat' dir='ltr'>erudiens</span> 
     </span>
    </p>

    <p class='ocr_par' dir='ltr' id='par_1_5' title="bbox 366 475 1312 535">
     <span class='ocr_line' id='line_1_5' title="bbox 366 475 1312 535; baseline -0.014 -11"><span class='ocrx_word' id='word_1_29' title='bbox 366 499 430 524; x_wconf 91' lang='lat' dir='ltr'>nos</span> <span class='ocrx_word' id='word_1_30' title='bbox 442 494 482 523; x_wconf 89' lang='lat' dir='ltr'>ut</span> <span class='ocrx_word' id='word_1_31' title='bbox 495 499 538 523; x_wconf 90' lang='lat' dir='ltr'>ne</span> <span class='ocrx_word' id='word_1_32' title='bbox 550 482 733 535; x_wconf 82' lang='lat' dir='ltr'><strong>captandis</strong></span> <span class='ocrx_word' id='word_1_33' title='bbox 742 480 929 518; x_wconf 87' lang='lat' dir='ltr'>hominum</span> <span class='ocrx_word' id='word_1_34' title='bbox 938 477 1108 515; x_wconf 88' lang='lat' dir='ltr'>laudibus</span> <span class='ocrx_word' id='word_1_35' title='bbox 1121 475 1312 524; x_wconf 84' lang='lat' dir='ltr'>inhiemus,</span> 
     </span>
    </p>

    <p class='ocr_par' dir='ltr' id='par_1_6' title="bbox 365 535 1310 597">
     <span class='ocr_line' id='line_1_6' title="bbox 365 535 1310 597; baseline -0.013 -13"><span class='ocrx_word' id='word_1_36' title='bbox 365 554 444 597; x_wconf 88' lang='lat' dir='ltr'>post</span> <span class='ocrx_word' id='word_1_37' title='bbox 462 545 576 582; x_wconf 88' lang='lat' dir='ltr'>multa</span> <span class='ocrx_word' id='word_1_38' title='bbox 593 543 664 580; x_wconf 90' lang='lat' dir='ltr'>alia</span> <span class='ocrx_word' id='word_1_39' title='bbox 690 540 834 579; x_wconf 89' lang='lat' dir='ltr'>tandem</span> <span class='ocrx_word' id='word_1_40' title='bbox 862 548 897 578; x_wconf 89' lang='lat' dir='ltr'>et</span> <span class='ocrx_word' id='word_1_41' title='bbox 921 538 990 576; x_wconf 88' lang='lat' dir='ltr'>hoc</span> <span class='ocrx_word' id='word_1_42' title='bbox 1008 536 1130 575; x_wconf 89' lang='lat' dir='ltr'>intulit</span> <span class='ocrx_word' id='word_1_43' title='bbox 1141 565 1151 585; x_wconf 91' lang='lat'>,</span> <span class='ocrx_word' id='word_1_44' title='bbox 1167 535 1310 573; x_wconf 85' lang='lat' dir='ltr'>dicens:</span> 
     </span>
    </p>

    <p class='ocr_par' dir='ltr' id='par_1_7' title="bbox 164 599 1312 713">
     <span class='ocr_line' id='line_1_7' title="bbox 164 599 1312 654; baseline -0.01 -10"><span class='ocrx_word' id='word_1_45' title='bbox 164 614 236 643; x_wconf 71' lang='lat' dir='ltr'><em>Luc.</em></span> <span class='ocrx_word' id='word_1_46' title='bbox 256 614 283 644; x_wconf 83' lang='lat'>6.</span> <span class='ocrx_word' id='word_1_47' title='bbox 299 614 348 644; x_wconf 83' lang='lat'>26.</span> <span class='ocrx_word' id='word_1_48' title='bbox 367 607 433 643; x_wconf 71' lang='lat' dir='ltr'>Vre</span> <span class='ocrx_word' id='word_1_49' title='bbox 447 606 572 652; x_wconf 82' lang='lat' dir='ltr'>vobis,</span> <span class='ocrx_word' id='word_1_50' title='bbox 589 602 745 654; x_wconf 86' lang='lat' dir='ltr'>quando</span> <span class='ocrx_word' id='word_1_51' title='bbox 767 600 1032 639; x_wconf 76' lang='lat' dir='ltr'><strong><em>benedixerint</em></strong></span> <span class='ocrx_word' id='word_1_52' title='bbox 1048 599 1161 635; x_wconf 81' lang='lat' dir='ltr'>vobis</span> <span class='ocrx_word' id='word_1_53' title='bbox 1181 608 1312 634; x_wconf 80' lang='lat' dir='ltr'>omnes</span> 
     </span>
     <span class='ocr_line' id='line_1_8' title="bbox 364 655 1312 713; baseline -0.009 -10"><span class='ocrx_word' id='word_1_54' title='bbox 364 667 549 703; x_wconf 78' lang='lat' dir='ltr'>homines.</span> <span class='ocrx_word' id='word_1_55' title='bbox 569 662 763 701; x_wconf 84' lang='lat' dir='ltr'>Considera</span> <span class='ocrx_word' id='word_1_56' title='bbox 780 659 959 713; x_wconf 88' lang='lat' dir='ltr'>quomodo</span> <span class='ocrx_word' id='word_1_57' title='bbox 974 673 1039 712; x_wconf 85' lang='lat' dir='ltr'>per</span> <span class='ocrx_word' id='word_1_58' title='bbox 1059 659 1096 696; x_wconf 90' lang='lat' dir='ltr'><em>V</em></span> <span class='ocrx_word' id='word_1_59' title='bbox 1092 672 1124 697; x_wconf 76' lang='grc' dir='ltr'>ιε</span> <span class='ocrx_word' id='word_1_60' title='bbox 1137 656 1239 696; x_wconf 91' lang='lat' dir='ltr'>nobis</span> <span class='ocrx_word' id='word_1_61' title='bbox 1251 655 1312 694; x_wconf 88' lang='lat' dir='ltr'>de·</span> 
     </span>
    </p>

    <p class='ocr_par' dir='ltr' id='par_1_8' title="bbox 363 717 1311 776">
     <span class='ocr_line' id='line_1_9' title="bbox 363 717 1311 776; baseline -0.009 -13"><span class='ocrx_word' id='word_1_62' title='bbox 363 725 473 763; x_wconf 88' lang='lat' dir='ltr'>clarat</span> <span class='ocrx_word' id='word_1_63' title='bbox 501 723 699 776; x_wconf 80' lang='lat' dir='ltr'>quotuplex</span> <span class='ocrx_word' id='word_1_64' title='bbox 727 722 809 760; x_wconf 91' lang='lat' dir='ltr'>illos</span> <span class='ocrx_word' id='word_1_65' title='bbox 834 734 938 774; x_wconf 88' lang='lat' dir='ltr'>poena</span> <span class='ocrx_word' id='word_1_66' title='bbox 964 728 1114 758; x_wconf 84' lang='lat' dir='ltr'>maneat.</span> <span class='ocrx_word' id='word_1_67' title='bbox 1129 720 1198 759; x_wconf 82' lang='lat' dir='ltr'>Vae</span> <span class='ocrx_word' id='word_1_68' title='bbox 1216 717 1311 755; x_wconf 88' lang='lat' dir='ltr'>enim</span> 
     </span>
    </p>

    <p class='ocr_par' dir='ltr' id='par_1_9' title="bbox 362 777 1311 830">
     <span class='ocr_line' id='line_1_10' title="bbox 362 777 1311 830; baseline -0.008 -7"><span class='ocrx_word' id='word_1_69' title='bbox 362 785 508 824; x_wconf 91' lang='lat' dir='ltr'>lamenti</span> <span class='ocrx_word' id='word_1_70' title='bbox 526 784 694 822; x_wconf 91' lang='lat' dir='ltr'>nuntium</span> <span class='ocrx_word' id='word_1_71' title='bbox 712 783 865 821; x_wconf 89' lang='lat' dir='ltr'>verbum</span> <span class='ocrx_word' id='word_1_72' title='bbox 879 789 931 820; x_wconf 89' lang='lat' dir='ltr'>est</span> <span class='ocrx_word' id='word_1_73' title='bbox 947 795 955 816; x_wconf 90' lang='lat'>:</span> <span class='ocrx_word' id='word_1_74' title='bbox 973 779 1067 818; x_wconf 89' lang='lat' dir='ltr'>unde</span> <span class='ocrx_word' id='word_1_75' title='bbox 1086 777 1187 830; x_wconf 85' lang='lat' dir='ltr'>quasi</span> <span class='ocrx_word' id='word_1_76' title='bbox 1208 777 1311 815; x_wconf 89' lang='lat' dir='ltr'>mise-</span> 
     </span>
    </p>

    <p class='ocr_par' dir='ltr' id='par_1_10' title="bbox 363 839 1312 946">
     <span class='ocr_line' id='line_1_11' title="bbox 363 839 1310 893; baseline -0.011 -7"><span class='ocrx_word' id='word_1_77' title='bbox 363 860 422 885; x_wconf 91' lang='lat' dir='ltr'>ros</span> <span class='ocrx_word' id='word_1_78' title='bbox 443 860 502 885; x_wconf 92' lang='lat' dir='ltr'>eos</span> <span class='ocrx_word' id='word_1_79' title='bbox 518 858 648 885; x_wconf 89' lang='lat' dir='ltr'>vocans</span> <span class='ocrx_word' id='word_1_80' title='bbox 660 873 671 893; x_wconf 92' lang='lat'>,</span> <span class='ocrx_word' id='word_1_81' title='bbox 690 843 803 882; x_wconf 88' lang='lat' dir='ltr'>dicit:</span> <span class='ocrx_word' id='word_1_82' title='bbox 824 844 889 880; x_wconf 83' lang='lat' dir='ltr'>Vae</span> <span class='ocrx_word' id='word_1_83' title='bbox 909 844 1037 888; x_wconf 78' lang='lat' dir='ltr'>vobis,</span> <span class='ocrx_word' id='word_1_84' title='bbox 1065 839 1224 891; x_wconf 84' lang='lat' dir='ltr'>quando</span> <span class='ocrx_word' id='word_1_85' title='bbox 1248 840 1310 876; x_wconf 85' lang='lat' dir='ltr'>be-</span> 
     </span>
     <span class='ocr_line' id='line_1_12' title="bbox 365 897 1312 946; baseline -0.011 -2"><span class='ocrx_word' id='word_1_86' title='bbox 365 908 584 946; x_wconf 72' lang='lat' dir='ltr'>nedixerint</span> <span class='ocrx_word' id='word_1_87' title='bbox 615 907 728 943; x_wconf 82' lang='lat' dir='ltr'>vobis</span> <span class='ocrx_word' id='word_1_88' title='bbox 767 916 895 941; x_wconf 86' lang='lat' dir='ltr'>omnes</span> <span class='ocrx_word' id='word_1_89' title='bbox 926 903 1114 939; x_wconf 82' lang='lat' dir='ltr'>homines.</span> <span class='ocrx_word' id='word_1_90' title='bbox 1151 898 1200 937; x_wconf 91' lang='lat' dir='ltr'>Et</span> <span class='ocrx_word' id='word_1_91' title='bbox 1228 897 1312 936; x_wconf 85' lang='lat' dir='ltr'>vide</span> 
     </span>
    </p>

    <p class='ocr_par' dir='ltr' id='par_1_11' title="bbox 364 957 1312 1018">
     <span class='ocr_line' id='line_1_13' title="bbox 364 957 1312 1018; baseline -0.012 -13"><span class='ocrx_word' id='word_1_92' title='bbox 364 981 473 1018; x_wconf 91' lang='lat' dir='ltr'>quam</span> <span class='ocrx_word' id='word_1_93' title='bbox 490 975 591 1005; x_wconf 83' lang='lat' dir='ltr'>caute</span> <span class='ocrx_word' id='word_1_94' title='bbox 609 965 758 1003; x_wconf 82' lang='lat' dir='ltr'>dictum.</span> <span class='ocrx_word' id='word_1_95' title='bbox 784 964 864 1002; x_wconf 87' lang='lat' dir='ltr'>Non</span> <span class='ocrx_word' id='word_1_96' title='bbox 888 960 1097 1013; x_wconf 87' lang='lat' dir='ltr'>simpliciter</span> <span class='ocrx_word' id='word_1_97' title='bbox 1113 958 1223 1009; x_wconf 80' lang='lat' dir='ltr'>dixit,</span> <span class='ocrx_word' id='word_1_98' title='bbox 1243 957 1312 995; x_wconf 92' lang='lat' dir='ltr'>ho-</span> 
     </span>
    </p>

    <p class='ocr_par' dir='ltr' id='par_1_12' title="bbox 163 1018 1313 1375">
     <span class='ocr_line' id='line_1_14' title="bbox 225 1018 1313 1077; baseline -0.012 -9"><span class='ocrx_word' id='word_1_99' title='bbox 225 1048 352 1076; x_wconf 70' lang='lat' dir='ltr'>Laudari</span> <span class='ocrx_word' id='word_1_100' title='bbox 365 1028 493 1075; x_wconf 90' lang='lat' dir='ltr'>mines,</span> <span class='ocrx_word' id='word_1_101' title='bbox 508 1027 584 1077; x_wconf 88' lang='lat' dir='ltr'>sed,</span> <span class='ocrx_word' id='word_1_102' title='bbox 609 1028 749 1064; x_wconf 79' lang='lat' dir='ltr'>Omnes</span> <span class='ocrx_word' id='word_1_103' title='bbox 764 1025 951 1062; x_wconf 79' lang='lat' dir='ltr'>homines.</span> <span class='ocrx_word' id='word_1_104' title='bbox 971 1019 1197 1073; x_wconf 85' lang='lat' dir='ltr'>Impossibile</span> <span class='ocrx_word' id='word_1_105' title='bbox 1217 1018 1313 1056; x_wconf 92' lang='lat' dir='ltr'>enim</span> 
     </span>
     <span class='ocr_line' id='line_1_15' title="bbox 163 1084 1312 1140; baseline -0.011 -11"><span class='ocrx_word' id='word_1_106' title='bbox 163 1091 345 1135; x_wconf 55' lang='lat'>‘3&#39;·¹¹·*¹³³,¹¹1¹⁵</span> <span class='ocrx_word' id='word_1_107' title='bbox 365 1098 431 1140; x_wconf 90' lang='lat' dir='ltr'>est,</span> <span class='ocrx_word' id='word_1_108' title='bbox 446 1097 486 1126; x_wconf 88' lang='lat' dir='ltr'>ut</span> <span class='ocrx_word' id='word_1_109' title='bbox 514 1088 570 1127; x_wconf 87' lang='lat' dir='ltr'>vir</span> <span class='ocrx_word' id='word_1_110' title='bbox 593 1087 727 1140; x_wconf 88' lang='lat' dir='ltr'>probus</span> <span class='ocrx_word' id='word_1_111' title='bbox 754 1084 815 1136; x_wconf 78' lang='lat' dir='ltr'>qui</span> <span class='ocrx_word' id='word_1_112' title='bbox 834 1097 896 1136; x_wconf 90' lang='lat' dir='ltr'>per</span> <span class='ocrx_word' id='word_1_113' title='bbox 910 1091 1097 1134; x_wconf 83' lang='lat' dir='ltr'>angustam</span> <span class='ocrx_word' id='word_1_114' title='bbox 1117 1089 1152 1119; x_wconf 90' lang='lat' dir='ltr'>et</span> <span class='ocrx_word' id='word_1_115' title='bbox 1178 1088 1312 1117; x_wconf 88' lang='lat' dir='ltr'>arctam</span> 
     </span>
     <span class='ocr_line' id='line_1_16' title="bbox 163 1131 1312 1207; baseline -0.011 -17"><span class='ocrx_word' id='word_1_116' title='bbox 163 1131 350 1207; x_wconf 48' lang='lat' dir='ltr'>:isqfflfubus</span> <span class='ocrx_word' id='word_1_117' title='bbox 364 1148 507 1189; x_wconf 88' lang='lat' dir='ltr'>virtutis</span> <span class='ocrx_word' id='word_1_118' title='bbox 537 1148 636 1186; x_wconf 74' lang='lat' dir='ltr'>viam</span> <span class='ocrx_word' id='word_1_119' title='bbox 668 1145 828 1184; x_wconf 80' lang='lat' dir='ltr'>ambulat</span> <span class='ocrx_word' id='word_1_120' title='bbox 851 1175 860 1193; x_wconf 91' lang='lat'>,</span> <span class='ocrx_word' id='word_1_121' title='bbox 885 1153 920 1182; x_wconf 88' lang='lat' dir='ltr'>et</span> <span class='ocrx_word' id='word_1_122' title='bbox 950 1141 1118 1181; x_wconf 88' lang='lat' dir='ltr'>mandata</span> <span class='ocrx_word' id='word_1_123' title='bbox 1152 1140 1312 1191; x_wconf 85' lang='lat' dir='ltr'>sequitur</span> 
     </span>
     <span class='ocr_line' id='line_1_17' title="bbox 363 1200 1311 1257; baseline -0.009 -10"><span class='ocrx_word' id='word_1_124' title='bbox 363 1209 518 1257; x_wconf 83' lang='lat' dir='ltr'>Christi,</span> <span class='ocrx_word' id='word_1_125' title='bbox 541 1208 586 1246; x_wconf 87' lang='lat' dir='ltr'>ab</span> <span class='ocrx_word' id='word_1_126' title='bbox 615 1206 780 1245; x_wconf 87' lang='lat' dir='ltr'>omnihus</span> <span class='ocrx_word' id='word_1_127' title='bbox 806 1204 995 1253; x_wconf 90' lang='lat' dir='ltr'>laudetur,</span> <span class='ocrx_word' id='word_1_128' title='bbox 1023 1211 1057 1240; x_wconf 86' lang='lat' dir='ltr'>et</span> <span class='ocrx_word' id='word_1_129' title='bbox 1083 1200 1311 1239; x_wconf 83' lang='lat' dir='ltr'>admirationi</span> 
     </span>
     <span class='ocr_line' id='line_1_18' title="bbox 361 1261 1310 1316; baseline -0.008 -9"><span class='ocrx_word' id='word_1_130' title='bbox 361 1269 549 1307; x_wconf 79' lang='lat' dir='ltr'>habeatur.</span> <span class='ocrx_word' id='word_1_131' title='bbox 569 1267 635 1305; x_wconf 89' lang='lat' dir='ltr'>Est</span> <span class='ocrx_word' id='word_1_132' title='bbox 648 1267 743 1305; x_wconf 90' lang='lat' dir='ltr'>enim</span> <span class='ocrx_word' id='word_1_133' title='bbox 758 1274 792 1304; x_wconf 91' lang='lat' dir='ltr'>et</span> <span class='ocrx_word' id='word_1_134' title='bbox 807 1265 868 1302; x_wconf 87' lang='lat' dir='ltr'>illa</span> <span class='ocrx_word' id='word_1_135' title='bbox 882 1264 1005 1316; x_wconf 88' lang='lat' dir='ltr'>ingens</span> <span class='ocrx_word' id='word_1_136' title='bbox 1020 1262 1170 1311; x_wconf 90' lang='lat' dir='ltr'>malitia,</span> <span class='ocrx_word' id='word_1_137' title='bbox 1184 1261 1310 1301; x_wconf 88' lang='lat' dir='ltr'>virtuti</span> 
     </span>
     <span class='ocr_line' id='line_1_19' title="bbox 361 1323 1310 1375; baseline -0.009 -7"><span class='ocrx_word' id='word_1_138' title='bbox 361 1329 559 1368; x_wconf 77' lang='lat' dir='ltr'>adversari.</span> <span class='ocrx_word' id='word_1_139' title='bbox 585 1327 740 1367; x_wconf 86' lang='lat' dir='ltr'>Proinde</span> <span class='ocrx_word' id='word_1_140' title='bbox 763 1325 939 1364; x_wconf 90' lang='lat' dir='ltr'>Dominus</span> <span class='ocrx_word' id='word_1_141' title='bbox 967 1323 1078 1362; x_wconf 85' lang='lat' dir='ltr'>sciens</span> <span class='ocrx_word' id='word_1_142' title='bbox 1108 1337 1178 1361; x_wconf 92' lang='lat' dir='ltr'>non</span> <span class='ocrx_word' id='word_1_143' title='bbox 1208 1336 1310 1375; x_wconf 89' lang='lat' dir='ltr'>posse</span> 
     </span>
    </p>

    <p class='ocr_par' dir='ltr' id='par_1_13' title="bbox 362 1383 1352 1440">
     <span class='ocr_line' id='line_1_20' title="bbox 362 1383 1352 1440; baseline -0.009 -11"><span class='ocrx_word' id='word_1_144' title='bbox 362 1390 439 1428; x_wconf 84' lang='lat' dir='ltr'>fieri</span> <span class='ocrx_word' id='word_1_145' title='bbox 461 1399 498 1428; x_wconf 91' lang='lat' dir='ltr'>ut</span> <span class='ocrx_word' id='word_1_146' title='bbox 516 1389 546 1428; x_wconf 88' lang='lat' dir='ltr'>is</span> <span class='ocrx_word' id='word_1_147' title='bbox 565 1389 626 1440; x_wconf 87' lang='lat' dir='ltr'>qui</span> <span class='ocrx_word' id='word_1_148' title='bbox 643 1388 813 1426; x_wconf 84' lang='lat' dir='ltr'>virtutem</span> <span class='ocrx_word' id='word_1_149' title='bbox 833 1385 1022 1436; x_wconf 81' lang='lat' dir='ltr'>diligenter</span> <span class='ocrx_word' id='word_1_150' title='bbox 1040 1392 1190 1433; x_wconf 81' lang='lat' dir='ltr'>exercet,</span> <span class='ocrx_word' id='word_1_151' title='bbox 1210 1392 1243 1421; x_wconf 91' lang='lat' dir='ltr'>et</span> <span class='ocrx_word' id='word_1_152' title='bbox 1263 1383 1309 1421; x_wconf 89' lang='lat' dir='ltr'>ah</span> <span class='ocrx_word' id='word_1_153' title='bbox 1329 1394 1352 1424; x_wconf 83' lang='grc' dir='ltr'>Ε</span> 
     </span>
    </p>

    <p class='ocr_par' dir='ltr' id='par_1_14' title="bbox 361 1444 1308 1503">
     <span class='ocr_line' id='line_1_21' title="bbox 361 1444 1308 1503; baseline -0.01 -14"><span class='ocrx_word' id='word_1_154' title='bbox 361 1451 440 1503; x_wconf 85' lang='lat' dir='ltr'>ipso</span> <span class='ocrx_word' id='word_1_155' title='bbox 459 1459 595 1488; x_wconf 88' lang='lat' dir='ltr'>tantum</span> <span class='ocrx_word' id='word_1_156' title='bbox 615 1448 758 1486; x_wconf 89' lang='lat' dir='ltr'>laudem</span> <span class='ocrx_word' id='word_1_157' title='bbox 777 1456 816 1484; x_wconf 92' lang='lat' dir='ltr'>ut</span> <span class='ocrx_word' id='word_1_158' title='bbox 837 1445 987 1497; x_wconf 88' lang='lat' dir='ltr'>accipiat</span> <span class='ocrx_word' id='word_1_159' title='bbox 1002 1444 1241 1497; x_wconf 81' lang='lat' dir='ltr'>praestolatur,</span> <span class='ocrx_word' id='word_1_160' title='bbox 1261 1444 1308 1482; x_wconf 88' lang='lat' dir='ltr'>ah</span> 
     </span>
    </p>

    <p class='ocr_par' dir='ltr' id='par_1_15' title="bbox 361 1503 1307 1553">
     <span class='ocr_line' id='line_1_22' title="bbox 361 1503 1307 1553; baseline -0.011 -3"><span class='ocrx_word' id='word_1_161' title='bbox 361 1511 527 1550; x_wconf 89' lang='lat' dir='ltr'>omnibus</span> <span class='ocrx_word' id='word_1_162' title='bbox 536 1508 743 1548; x_wconf 82' lang='lat' dir='ltr'>hominibus</span> <span class='ocrx_word' id='word_1_163' title='bbox 753 1505 929 1552; x_wconf 85' lang='lat' dir='ltr'>laudetur,</span> <span class='ocrx_word' id='word_1_164' title='bbox 939 1513 972 1543; x_wconf 86' lang='lat' dir='ltr'>et</span> <span class='ocrx_word' id='word_1_165' title='bbox 981 1505 1070 1542; x_wconf 87' lang='lat' dir='ltr'>hene</span> <span class='ocrx_word' id='word_1_166' title='bbox 1083 1503 1216 1553; x_wconf 87' lang='lat' dir='ltr'>audiat,</span> <span class='ocrx_word' id='word_1_167' title='bbox 1227 1503 1307 1542; x_wconf 93' lang='lat' dir='ltr'>ideo</span> 
     </span>
    </p>

    <p class='ocr_par' dir='ltr' id='par_1_16' title="bbox 360 1564 1308 1619">
     <span class='ocr_line' id='line_1_23' title="bbox 360 1564 1308 1619; baseline -0.008 -10"><span class='ocrx_word' id='word_1_168' title='bbox 360 1571 508 1609; x_wconf 88' lang='lat' dir='ltr'>miseros</span> <span class='ocrx_word' id='word_1_169' title='bbox 526 1579 629 1608; x_wconf 79' lang='lat' dir='ltr'>vocat</span> <span class='ocrx_word' id='word_1_170' title='bbox 644 1583 701 1608; x_wconf 91' lang='lat' dir='ltr'>eos</span> <span class='ocrx_word' id='word_1_171' title='bbox 713 1567 774 1619; x_wconf 92' lang='lat' dir='ltr'>qui</span> <span class='ocrx_word' id='word_1_172' title='bbox 793 1575 936 1619; x_wconf 86' lang='lat' dir='ltr'>propter</span> <span class='ocrx_word' id='word_1_173' title='bbox 951 1565 1146 1603; x_wconf 86' lang='lat' dir='ltr'>humanam</span> <span class='ocrx_word' id='word_1_174' title='bbox 1164 1564 1308 1602; x_wconf 91' lang='lat' dir='ltr'>laudem</span> 
     </span>
    </p>

    <p class='ocr_par' dir='ltr' id='par_1_17' title="bbox 359 1624 1306 1739">
     <span class='ocr_line' id='line_1_24' title="bbox 360 1624 1304 1681; baseline -0.008 -12"><span class='ocrx_word' id='word_1_175' title='bbox 360 1632 531 1669; x_wconf 70' lang='lat' dir='ltr'>virtutem</span> <span class='ocrx_word' id='word_1_176' title='bbox 549 1629 745 1681; x_wconf 82' lang='lat' dir='ltr'>negligunt.</span> <span class='ocrx_word' id='word_1_177' title='bbox 759 1628 853 1666; x_wconf 88' lang='lat' dir='ltr'>Nam</span> <span class='ocrx_word' id='word_1_178' title='bbox 869 1625 1040 1664; x_wconf 87' lang='lat' dir='ltr'>celebrari</span> <span class='ocrx_word' id='word_1_179' title='bbox 1058 1624 1104 1662; x_wconf 86' lang='lat' dir='ltr'>ab</span> <span class='ocrx_word' id='word_1_180' title='bbox 1123 1624 1304 1673; x_wconf 86' lang='lat' dir='ltr'>omnibus,</span> 
     </span>
     <span class='ocr_line' id='line_1_25' title="bbox 359 1684 1306 1739; baseline -0.01 -10"><span class='ocrx_word' id='word_1_181' title='bbox 359 1691 560 1729; x_wconf 85' lang='lat' dir='ltr'>maximum</span> <span class='ocrx_word' id='word_1_182' title='bbox 575 1689 683 1727; x_wconf 86' lang='lat' dir='ltr'>fuerit</span> <span class='ocrx_word' id='word_1_183' title='bbox 700 1694 951 1739; x_wconf 86' lang='lat' dir='ltr'>argumentum</span> <span class='ocrx_word' id='word_1_184' title='bbox 968 1699 1036 1723; x_wconf 91' lang='lat' dir='ltr'>non</span> <span class='ocrx_word' id='word_1_185' title='bbox 1058 1697 1226 1735; x_wconf 88' lang='lat' dir='ltr'>magnam</span> <span class='ocrx_word' id='word_1_186' title='bbox 1243 1684 1306 1721; x_wconf 90' lang='lat' dir='ltr'>ha-</span> 
     </span>
    </p>

    <p class='ocr_par' dir='ltr' id='par_1_18' title="bbox 359 1744 1307 1793">
     <span class='ocr_line' id='line_1_26' title="bbox 359 1744 1307 1793; baseline -0.008 -4"><span class='ocrx_word' id='word_1_187' title='bbox 359 1752 437 1789; x_wconf 86' lang='lat' dir='ltr'>beri</span> <span class='ocrx_word' id='word_1_188' title='bbox 455 1750 598 1790; x_wconf 79' lang='lat' dir='ltr'>virtutis</span> <span class='ocrx_word' id='word_1_189' title='bbox 615 1749 798 1788; x_wconf 86' lang='lat' dir='ltr'>rationem.</span> <span class='ocrx_word' id='word_1_190' title='bbox 817 1744 1005 1793; x_wconf 91' lang='lat' dir='ltr'>Quomodo</span> <span class='ocrx_word' id='word_1_191' title='bbox 1024 1744 1118 1782; x_wconf 90' lang='lat' dir='ltr'>enim</span> <span class='ocrx_word' id='word_1_192' title='bbox 1134 1745 1179 1782; x_wconf 88' lang='lat' dir='ltr'>ab</span> <span class='ocrx_word' id='word_1_193' title='bbox 1193 1744 1307 1782; x_wconf 85' lang='lat' dir='ltr'>omni-</span> 
     </span>
    </p>

    <p class='ocr_par' dir='ltr' id='par_1_19' title="bbox 360 1804 1304 1864">
     <span class='ocr_line' id='line_1_27' title="bbox 360 1804 1304 1864; baseline -0.01 -14"><span class='ocrx_word' id='word_1_194' title='bbox 360 1813 428 1850; x_wconf 85' lang='lat' dir='ltr'>bus</span> <span class='ocrx_word' id='word_1_195' title='bbox 447 1810 591 1864; x_wconf 88' lang='lat' dir='ltr'>probari</span> <span class='ocrx_word' id='word_1_196' title='bbox 606 1808 736 1862; x_wconf 88' lang='lat' dir='ltr'>poterit</span> <span class='ocrx_word' id='word_1_197' title='bbox 747 1807 944 1854; x_wconf 85' lang='lat' dir='ltr'>virbonus,</span> <span class='ocrx_word' id='word_1_198' title='bbox 965 1805 995 1843; x_wconf 94' lang='lat' dir='ltr'>si</span> <span class='ocrx_word' id='word_1_199' title='bbox 1013 1805 1093 1844; x_wconf 75' lang='lat' dir='ltr'>mlt</span> <span class='ocrx_word' id='word_1_200' title='bbox 1107 1804 1238 1857; x_wconf 84' lang='lat' dir='ltr'>injuria</span> <span class='ocrx_word' id='word_1_201' title='bbox 1253 1805 1304 1841; x_wconf 86' lang='lat' dir='ltr'>af-</span> 
     </span>
    </p>

    <p class='ocr_par' dir='ltr' id='par_1_20' title="bbox 358 1865 1308 1924">
     <span class='ocr_line' id='line_1_28' title="bbox 358 1865 1308 1924; baseline -0.008 -14"><span class='ocrx_word' id='word_1_202' title='bbox 358 1873 468 1910; x_wconf 85' lang='lat' dir='ltr'>fectos</span> <span class='ocrx_word' id='word_1_203' title='bbox 483 1872 617 1924; x_wconf 86' lang='lat' dir='ltr'>eripere</span> <span class='ocrx_word' id='word_1_204' title='bbox 635 1870 681 1908; x_wconf 90' lang='lat' dir='ltr'>ab</span> <span class='ocrx_word' id='word_1_205' title='bbox 706 1869 749 1907; x_wconf 85' lang='lat' dir='ltr'>iis</span> <span class='ocrx_word' id='word_1_206' title='bbox 770 1867 832 1919; x_wconf 86' lang='lat' dir='ltr'>qui</span> <span class='ocrx_word' id='word_1_207' title='bbox 853 1866 986 1919; x_wconf 87' lang='lat' dir='ltr'>injuria</span> <span class='ocrx_word' id='word_1_208' title='bbox 1007 1865 1180 1914; x_wconf 85' lang='lat' dir='ltr'>afficiunt,</span> <span class='ocrx_word' id='word_1_209' title='bbox 1200 1874 1234 1903; x_wconf 91' lang='lat' dir='ltr'>et</span> <span class='ocrx_word' id='word_1_210' title='bbox 1251 1879 1308 1903; x_wconf 88' lang='lat' dir='ltr'>eos</span> 
     </span>
    </p>

    <p class='ocr_par' dir='ltr' id='par_1_21' title="bbox 359 1925 1308 1983">
     <span class='ocr_line' id='line_1_29' title="bbox 359 1925 1308 1983; baseline -0.006 -14"><span class='ocrx_word' id='word_1_211' title='bbox 359 1933 421 1983; x_wconf 87' lang='lat' dir='ltr'>qui</span> <span class='ocrx_word' id='word_1_212' title='bbox 433 1941 623 1982; x_wconf 83' lang='lat' dir='ltr'>vexantur,</span> <span class='ocrx_word' id='word_1_213' title='bbox 639 1931 686 1970; x_wconf 86' lang='lat' dir='ltr'>ah</span> <span class='ocrx_word' id='word_1_214' title='bbox 703 1930 747 1968; x_wconf 89' lang='lat' dir='ltr'>iis</span> <span class='ocrx_word' id='word_1_215' title='bbox 760 1929 823 1980; x_wconf 90' lang='lat' dir='ltr'>qui</span> <span class='ocrx_word' id='word_1_216' title='bbox 838 1927 930 1966; x_wconf 88' lang='lat' dir='ltr'>male</span> <span class='ocrx_word' id='word_1_217' title='bbox 943 1926 1078 1965; x_wconf 86' lang='lat' dir='ltr'>faciunt</span> <span class='ocrx_word' id='word_1_218' title='bbox 1089 1926 1106 1964; x_wconf 77' lang='lat'>‚⁹</span> <span class='ocrx_word' id='word_1_219' title='bbox 1119 1926 1166 1964; x_wconf 87' lang='lat' dir='ltr'>Et</span> <span class='ocrx_word' id='word_1_220' title='bbox 1180 1925 1308 1964; x_wconf 88' lang='lat' dir='ltr'>iterum</span> 
     </span>
    </p>

    <p class='ocr_par' dir='ltr' id='par_1_22' title="bbox 360 1987 1309 2043">
     <span class='ocr_line' id='line_1_30' title="bbox 360 1987 1309 2043; baseline -0.007 -13"><span class='ocrx_word' id='word_1_221' title='bbox 360 1993 390 2030; x_wconf 90' lang='lat' dir='ltr'>si</span> <span class='ocrx_word' id='word_1_222' title='bbox 403 1993 481 2031; x_wconf 79' lang='lat' dir='ltr'>vult</span> <span class='ocrx_word' id='word_1_223' title='bbox 494 1992 668 2043; x_wconf 87' lang='lat' dir='ltr'>corrigere</span> <span class='ocrx_word' id='word_1_224' title='bbox 679 1998 873 2043; x_wconf 82' lang='lat' dir='ltr'>peccantes,</span> <span class='ocrx_word' id='word_1_225' title='bbox 888 1996 921 2026; x_wconf 92' lang='lat' dir='ltr'>et</span> <span class='ocrx_word' id='word_1_226' title='bbox 935 1987 1081 2025; x_wconf 89' lang='lat' dir='ltr'>laudare</span> <span class='ocrx_word' id='word_1_227' title='bbox 1098 1987 1188 2025; x_wconf 89' lang='lat' dir='ltr'>bene</span> <span class='ocrx_word' id='word_1_228' title='bbox 1203 2000 1309 2038; x_wconf 87' lang='lat' dir='ltr'>agen-</span> 
     </span>
    </p>

    <p class='ocr_par' dir='ltr' id='par_1_23' title="bbox 359 2047 1308 2103">
     <span class='ocr_line' id='line_1_31' title="bbox 359 2047 1308 2103; baseline -0.007 -12"><span class='ocrx_word' id='word_1_229' title='bbox 359 2062 425 2103; x_wconf 80' lang='lat' dir='ltr'>tes,</span> <span class='ocrx_word' id='word_1_230' title='bbox 439 2067 551 2091; x_wconf 91' lang='lat' dir='ltr'>nonne</span> <span class='ocrx_word' id='word_1_231' title='bbox 559 2051 752 2091; x_wconf 83' lang='lat' dir='ltr'>verisimile</span> <span class='ocrx_word' id='word_1_232' title='bbox 764 2058 826 2098; x_wconf 87' lang='lat' dir='ltr'>est,</span> <span class='ocrx_word' id='word_1_233' title='bbox 835 2062 916 2087; x_wconf 90' lang='lat' dir='ltr'>eum</span> <span class='ocrx_word' id='word_1_234' title='bbox 927 2048 972 2086; x_wconf 87' lang='lat' dir='ltr'>ab</span> <span class='ocrx_word' id='word_1_235' title='bbox 982 2047 1062 2085; x_wconf 90' lang='lat' dir='ltr'>aliis</span> <span class='ocrx_word' id='word_1_236' title='bbox 1074 2047 1308 2096; x_wconf 89' lang='lat' dir='ltr'>laudandum,</span> 
     </span>
    </p>
   </div>
   <div class='ocr_carea' id='block_1_3' title="bbox 1319 2092 1367 2117">
    <p class='ocr_par' dir='ltr' id='par_1_24' title="bbox 1319 2092 1367 2117">
     <span class='ocr_line' id='line_1_32' title="bbox 1319 2092 1367 2117; baseline 0 -1"><span class='ocrx_word' id='word_1_237' title='bbox 1319 2092 1367 2117; x_wconf 79' lang='lat'>210</span> 
     </span>
    </p>
   </div>
   <div class='ocr_carea' id='block_1_4' title="bbox 1374 290 2404 2101">
    <p class='ocr_par' dir='ltr' id='par_1_25' title="bbox 1374 290 2404 2101">
     <span class='ocr_line' id='line_1_33' title="bbox 1382 290 2401 344; baseline -0.002 -14"><span class='ocrx_word' id='word_1_238' title='bbox 1382 292 1529 344; x_wconf 83' lang='grc' dir='ltr'>θρώπων</span> <span class='ocrx_word' id='word_1_239' title='bbox 1545 291 1686 329; x_wconf 83' lang='grc' dir='ltr'>ἐπαίνου</span> <span class='ocrx_word' id='word_1_240' title='bbox 1697 321 1707 339; x_wconf 91' lang='grc'>,</span> <span class='ocrx_word' id='word_1_241' title='bbox 1727 291 1814 342; x_wconf 79' lang='grc' dir='ltr'>μηδὲ</span> <span class='ocrx_word' id='word_1_242' title='bbox 1832 291 1896 338; x_wconf 82' lang='grc' dir='ltr'>τὴν</span> <span class='ocrx_word' id='word_1_243' title='bbox 1914 290 2011 344; x_wconf 79' lang='grc' dir='ltr'>παρὰ</span> <span class='ocrx_word' id='word_1_244' title='bbox 2025 290 2154 329; x_wconf 85' lang='grc' dir='ltr'>τούτων</span> <span class='ocrx_word' id='word_1_245' title='bbox 2174 291 2342 343; x_wconf 73' lang='grc' dir='ltr'>εὐφημίαν</span> <span class='ocrx_word' id='word_1_246' title='bbox 2361 293 2401 329; x_wconf 85' lang='grc' dir='ltr'>ἐκ</span> 
     </span>
     <span class='ocr_line' id='line_1_34' title="bbox 1381 350 2402 403; baseline -0.005 -11"><span class='ocrx_word' id='word_1_247' title='bbox 1381 352 1511 396; x_wconf 86' lang='grc' dir='ltr'>παντὸς</span> <span class='ocrx_word' id='word_1_248' title='bbox 1531 351 1659 403; x_wconf 87' lang='grc' dir='ltr'>τρόπου</span> <span class='ocrx_word' id='word_1_249' title='bbox 1681 354 1862 403; x_wconf 81' lang='grc' dir='ltr'>ζητῶμεν,</span> <span class='ocrx_word' id='word_1_250' title='bbox 1883 351 1973 391; x_wconf 79' lang='grc' dir='ltr'>ἀλλὰ</span> <span class='ocrx_word' id='word_1_251' title='bbox 2002 351 2062 390; x_wconf 78' lang='grc' dir='ltr'>καὶ</span> <span class='ocrx_word' id='word_1_252' title='bbox 2079 353 2123 389; x_wconf 83' lang='grc' dir='ltr'>δι’</span> <span class='ocrx_word' id='word_1_253' title='bbox 2147 353 2274 390; x_wconf 87' lang='grc' dir='ltr'>ἐκεῖνον</span> <span class='ocrx_word' id='word_1_254' title='bbox 2299 350 2402 401; x_wconf 87' lang='grc' dir='ltr'>μόνον</span> 
     </span>
     <span class='ocr_line' id='line_1_35' title="bbox 1380 411 2401 464; baseline -0.002 -14"><span class='ocrx_word' id='word_1_255' title='bbox 1380 412 1438 451; x_wconf 74' lang='grc' dir='ltr'>τὸν</span> <span class='ocrx_word' id='word_1_256' title='bbox 1455 412 1621 456; x_wconf 85' lang='grc' dir='ltr'>ἐτάζοντα</span> <span class='ocrx_word' id='word_1_257' title='bbox 1636 411 1782 464; x_wconf 87' lang='grc' dir='ltr'>καρδίας</span> <span class='ocrx_word' id='word_1_258' title='bbox 1800 412 1861 451; x_wconf 80' lang='grc' dir='ltr'>καὶ</span> <span class='ocrx_word' id='word_1_259' title='bbox 1878 411 2037 464; x_wconf 77' lang='grc' dir='ltr'>νεφροὺς,</span> <span class='ocrx_word' id='word_1_260' title='bbox 2062 411 2180 450; x_wconf 78' lang='grc' dir='ltr'>καὶτὰ</span> <span class='ocrx_word' id='word_1_261' title='bbox 2197 414 2259 458; x_wconf 74' lang='grc' dir='ltr'>τῆς</span> <span class='ocrx_word' id='word_1_262' title='bbox 2274 413 2401 464; x_wconf 74' lang='grc' dir='ltr'>ἀρετ-ῆς</span> 
     </span>
     <span class='ocr_line' id='line_1_36' title="bbox 1381 470 2402 526; baseline -0.003 -15"><span class='ocrx_word' id='word_1_263' title='bbox 1381 473 1466 526; x_wconf 88' lang='grc' dir='ltr'>ἔργα</span> <span class='ocrx_word' id='word_1_264' title='bbox 1486 472 1661 524; x_wconf 81' lang='grc' dir='ltr'>μετίωμεν</span> <span class='ocrx_word' id='word_1_265' title='bbox 1675 503 1685 521; x_wconf 96' lang='grc'>,</span> <span class='ocrx_word' id='word_1_266' title='bbox 1703 471 1764 511; x_wconf 79' lang='grc' dir='ltr'>καὶ</span> <span class='ocrx_word' id='word_1_267' title='bbox 1789 473 1852 518; x_wconf 77' lang='grc' dir='ltr'>τὴν</span> <span class='ocrx_word' id='word_1_268' title='bbox 1877 472 2003 510; x_wconf 78' lang='grc' dir='ltr'>κακίαν</span> <span class='ocrx_word' id='word_1_269' title='bbox 2029 471 2221 524; x_wconf 76' lang='grc' dir='ltr'>φεύγωμεν.</span> <span class='ocrx_word' id='word_1_270' title='bbox 2240 470 2309 509; x_wconf 77' lang='grc' dir='ltr'>Διὰ</span> <span class='ocrx_word' id='word_1_271' title='bbox 2332 470 2402 523; x_wconf 85' lang='grc' dir='ltr'>γὰρ</span> 
     </span>
     <span class='ocr_line' id='line_1_37' title="bbox 1378 530 2401 585; baseline -0.003 -14"><span class='ocrx_word' id='word_1_272' title='bbox 1378 538 1480 572; x_wconf 85' lang='grc' dir='ltr'>τοῦτο</span> <span class='ocrx_word' id='word_1_273' title='bbox 1505 533 1566 572; x_wconf 81' lang='grc' dir='ltr'>καὶ</span> <span class='ocrx_word' id='word_1_274' title='bbox 1595 535 1613 571; x_wconf 87' lang='grc' dir='ltr'><em>ὃ</em></span> <span class='ocrx_word' id='word_1_275' title='bbox 1639 532 1790 585; x_wconf 79' lang='grc' dir='ltr'>Χριστὸς</span> <span class='ocrx_word' id='word_1_276' title='bbox 1816 533 1990 571; x_wconf 80' lang='grc' dir='ltr'>παιδεύων</span> <span class='ocrx_word' id='word_1_277' title='bbox 2017 535 2111 582; x_wconf 76' lang='grc' dir='ltr'>ἡμᾶς</span> <span class='ocrx_word' id='word_1_278' title='bbox 2141 530 2190 582; x_wconf 89' lang='grc' dir='ltr'>μὴ</span> <span class='ocrx_word' id='word_1_279' title='bbox 2216 530 2401 583; x_wconf 75' lang='grc' dir='ltr'>κεχηνέναι</span> 
     </span>
     <span class='ocr_line' id='line_1_38' title="bbox 1379 589 2402 647; baseline -0.006 -14"><span class='ocrx_word' id='word_1_280' title='bbox 1379 594 1465 646; x_wconf 83' lang='grc' dir='ltr'>πρὸς</span> <span class='ocrx_word' id='word_1_281' title='bbox 1483 594 1545 638; x_wconf 83' lang='grc' dir='ltr'>τὰς</span> <span class='ocrx_word' id='word_1_282' title='bbox 1560 593 1659 647; x_wconf 83' lang='grc' dir='ltr'>παρὰ</span> <span class='ocrx_word' id='word_1_283' title='bbox 1680 596 1750 632; x_wconf 84' lang='grc' dir='ltr'>τῶν</span> <span class='ocrx_word' id='word_1_284' title='bbox 1766 591 1956 643; x_wconf 85' lang='grc' dir='ltr'>ἀνθρώπων</span> <span class='ocrx_word' id='word_1_285' title='bbox 1972 591 2163 644; x_wconf 78' lang='grc' dir='ltr'>εὐφημίας,</span> <span class='ocrx_word' id='word_1_286' title='bbox 2179 590 2269 641; x_wconf 79' lang='grc' dir='ltr'>μετὰ</span> <span class='ocrx_word' id='word_1_287' title='bbox 2286 589 2402 628; x_wconf 80' lang='grc' dir='ltr'>πολλὰ</span> 
     </span>
     <span class='ocr_line' id='line_1_39' title="bbox 1379 650 2402 708; baseline -0.004 -16"><span class='ocrx_word' id='word_1_288' title='bbox 1379 655 1483 708; x_wconf 80' lang='grc' dir='ltr'>ἕτερα</span> <span class='ocrx_word' id='word_1_289' title='bbox 1507 657 1704 694; x_wconf 86' lang='grc' dir='ltr'>τελευταῖον</span> <span class='ocrx_word' id='word_1_290' title='bbox 1734 653 1794 692; x_wconf 87' lang='grc' dir='ltr'>καὶ</span> <span class='ocrx_word' id='word_1_291' title='bbox 1815 656 1917 691; x_wconf 88' lang='grc' dir='ltr'>τοῦτο</span> <span class='ocrx_word' id='word_1_292' title='bbox 1947 652 2118 703; x_wconf 80' lang='grc' dir='ltr'>ἐπήνεγκε</span> <span class='ocrx_word' id='word_1_293' title='bbox 2145 650 2255 702; x_wconf 86' lang='grc' dir='ltr'>λέγων</span> <span class='ocrx_word' id='word_1_294' title='bbox 2272 666 2280 674; x_wconf 93' lang='grc'><strong><em>·</em></strong></span> <span class='ocrx_word' id='word_1_295' title='bbox 2310 650 2402 689; x_wconf 77' lang='grc' dir='ltr'>Οὐαὶ</span> 
     </span>
     <span class='ocr_line' id='line_1_40' title="bbox 1379 712 2402 766; baseline -0.006 -12"><span class='ocrx_word' id='word_1_296' title='bbox 1379 716 1481 766; x_wconf 78' lang='grc' dir='ltr'>ὑμῖν,</span> <span class='ocrx_word' id='word_1_297' title='bbox 1500 716 1582 754; x_wconf 76' lang='grc' dir='ltr'>ὅταν</span> <span class='ocrx_word' id='word_1_298' title='bbox 1604 717 1720 759; x_wconf 86' lang='grc' dir='ltr'>καλῶς</span> <span class='ocrx_word' id='word_1_299' title='bbox 1740 713 1883 753; x_wconf 80' lang='grc' dir='ltr'>εἴπωσιν</span> <span class='ocrx_word' id='word_1_300' title='bbox 1903 716 1994 764; x_wconf 75' lang='grc' dir='ltr'>ὑμᾶς</span> <span class='ocrx_word' id='word_1_301' title='bbox 2015 712 2143 756; x_wconf 84' lang='grc' dir='ltr'>πάντες</span> <span class='ocrx_word' id='word_1_302' title='bbox 2160 713 2192 750; x_wconf 82' lang='grc' dir='ltr'>οἱ</span> <span class='ocrx_word' id='word_1_303' title='bbox 2213 713 2402 762; x_wconf 87' lang='grc' dir='ltr'>ἄνθρωποι.</span> 
     </span>
     <span class='ocr_line' id='line_1_41' title="bbox 1380 771 2401 827; baseline -0.006 -11"><span class='ocrx_word' id='word_1_304' title='bbox 1380 777 1515 816; x_wconf 82' lang='grc' dir='ltr'>Σκόπει</span> <span class='ocrx_word' id='word_1_305' title='bbox 1536 779 1611 821; x_wconf 83' lang='grc' dir='ltr'>πῶς</span> <span class='ocrx_word' id='word_1_306' title='bbox 1639 776 1696 815; x_wconf 82' lang='grc' dir='ltr'>διὰ</span> <span class='ocrx_word' id='word_1_307' title='bbox 1713 781 1775 815; x_wconf 83' lang='grc' dir='ltr'>τοῦ</span> <span class='ocrx_word' id='word_1_308' title='bbox 1804 776 1896 815; x_wconf 80' lang='grc' dir='ltr'>Οὐαὶ</span> <span class='ocrx_word' id='word_1_309' title='bbox 1926 778 2012 826; x_wconf 77' lang='grc' dir='ltr'>ἡμῖν</span> <span class='ocrx_word' id='word_1_310' title='bbox 2041 773 2239 827; x_wconf 71' lang='grc' dir='ltr'>ἐνεφάνισε,</span> <span class='ocrx_word' id='word_1_311' title='bbox 2258 771 2401 818; x_wconf 73' lang='grc' dir='ltr'>ποταπὴ</span> 
     </span>
     <span class='ocr_line' id='line_1_42' title="bbox 1379 832 2403 890; baseline -0.007 -14"><span class='ocrx_word' id='word_1_312' title='bbox 1379 843 1451 881; x_wconf 84' lang='grc' dir='ltr'>τοῖς</span> <span class='ocrx_word' id='word_1_313' title='bbox 1475 837 1640 887; x_wconf 86' lang='grc' dir='ltr'>τοιούτοις</span> <span class='ocrx_word' id='word_1_314' title='bbox 1667 837 1821 876; x_wconf 89' lang='grc' dir='ltr'>κείσεται</span> <span class='ocrx_word' id='word_1_315' title='bbox 1844 835 2011 890; x_wconf 79' lang='grc' dir='ltr'>τιμωρία.</span> <span class='ocrx_word' id='word_1_316' title='bbox 2038 835 2092 874; x_wconf 81' lang='grc' dir='ltr'>Τὸ</span> <span class='ocrx_word' id='word_1_317' title='bbox 2110 834 2178 888; x_wconf 82' lang='grc' dir='ltr'>γὰρ</span> <span class='ocrx_word' id='word_1_318' title='bbox 2196 832 2271 873; x_wconf 75' lang='grc' dir='ltr'>οὐαὶ</span> <span class='ocrx_word' id='word_1_319' title='bbox 2300 835 2403 871; x_wconf 89' lang='grc' dir='ltr'>τοῦτο</span> 
     </span>
     <span class='ocr_line' id='line_1_43' title="bbox 1381 893 2402 950; baseline -0.005 -14"><span class='ocrx_word' id='word_1_320' title='bbox 1381 899 1552 950; x_wconf 77' lang='grc' dir='ltr'>θρηνῶδές</span> <span class='ocrx_word' id='word_1_321' title='bbox 1566 900 1660 936; x_wconf 83' lang='grc' dir='ltr'>ἐστιν</span> <span class='ocrx_word' id='word_1_322' title='bbox 1680 898 1877 950; x_wconf 71' lang='grc' dir='ltr'>ἐπίφθεγμα</span> <span class='ocrx_word' id='word_1_323' title='bbox 1894 913 1901 921; x_wconf 91' lang='grc'><em>·</em></span> <span class='ocrx_word' id='word_1_324' title='bbox 1923 895 2105 948; x_wconf 77' lang='grc' dir='ltr'>μονονουχὶ</span> <span class='ocrx_word' id='word_1_325' title='bbox 2123 897 2190 947; x_wconf 77' lang='grc' dir='ltr'>γὰρ</span> <span class='ocrx_word' id='word_1_326' title='bbox 2210 893 2402 938; x_wconf 86' lang='grc' dir='ltr'>ταλανίζων</span> 
     </span>
     <span class='ocr_line' id='line_1_44' title="bbox 1380 955 2403 1011; baseline -0.005 -15"><span class='ocrx_word' id='word_1_327' title='bbox 1380 959 1504 1003; x_wconf 81' lang='grc' dir='ltr'>αὐτούς</span> <span class='ocrx_word' id='word_1_328' title='bbox 1523 975 1626 1011; x_wconf 82' lang='grc' dir='ltr'>φησιν</span> <span class='ocrx_word' id='word_1_329' title='bbox 1641 974 1650 982; x_wconf 86' lang='grc'><em>·</em></span> <span class='ocrx_word' id='word_1_330' title='bbox 1681 959 1773 998; x_wconf 80' lang='grc' dir='ltr'>Οὐαὶ</span> <span class='ocrx_word' id='word_1_331' title='bbox 1792 961 1892 1008; x_wconf 78' lang='grc' dir='ltr'>ὑμῖν,</span> <span class='ocrx_word' id='word_1_332' title='bbox 1911 958 1993 996; x_wconf 81' lang='grc' dir='ltr'>ὅταν</span> <span class='ocrx_word' id='word_1_333' title='bbox 2013 959 2129 1000; x_wconf 80' lang='grc' dir='ltr'>καλῶς</span> <span class='ocrx_word' id='word_1_334' title='bbox 2149 955 2290 994; x_wconf 87' lang='grc' dir='ltr'>εἴπωσιν</span> <span class='ocrx_word' id='word_1_335' title='bbox 2307 958 2403 1005; x_wconf 79' lang='grc' dir='ltr'>ἡμᾶς</span> 
     </span>
     <span class='ocr_line' id='line_1_45' title="bbox 1378 1015 2402 1071; baseline -0.004 -14"><span class='ocrx_word' id='word_1_336' title='bbox 1378 1018 1505 1062; x_wconf 87' lang='grc' dir='ltr'>πάντες</span> <span class='ocrx_word' id='word_1_337' title='bbox 1519 1022 1550 1057; x_wconf 81' lang='grc' dir='ltr'>οἱ</span> <span class='ocrx_word' id='word_1_338' title='bbox 1567 1020 1756 1071; x_wconf 85' lang='grc' dir='ltr'>ἅνθρωποι.</span> <span class='ocrx_word' id='word_1_339' title='bbox 1768 1018 1840 1057; x_wconf 75' lang='grc' dir='ltr'>Καὶ</span> <span class='ocrx_word' id='word_1_340' title='bbox 1853 1018 1919 1071; x_wconf 79' lang='grc' dir='ltr'>δ’ρα</span> <span class='ocrx_word' id='word_1_341' title='bbox 1929 1021 1989 1056; x_wconf 88' lang='grc' dir='ltr'>τοῦ</span> <span class='ocrx_word' id='word_1_342' title='bbox 2003 1020 2108 1070; x_wconf 79' lang='grc' dir='ltr'>ῥητοῦ</span> <span class='ocrx_word' id='word_1_343' title='bbox 2124 1016 2186 1064; x_wconf 86' lang='grc' dir='ltr'>τὴν</span> <span class='ocrx_word' id='word_1_344' title='bbox 2208 1015 2402 1068; x_wconf 68' lang='grc' dir='ltr'>ἀκρίὸειαν.</span> 
     </span>
     <span class='ocr_line' id='line_1_46' title="bbox 1379 1075 2404 1132; baseline -0.006 -13"><span class='ocrx_word' id='word_1_345' title='bbox 1379 1083 1456 1120; x_wconf 78' lang='grc' dir='ltr'>Οὐκ</span> <span class='ocrx_word' id='word_1_346' title='bbox 1484 1075 1578 1119; x_wconf 65' lang='grc' dir='ltr'>εἶπεν</span> <span class='ocrx_word' id='word_1_347' title='bbox 1614 1081 1758 1129; x_wconf 80' lang='grc' dir='ltr'>ἁπλῶς,</span> <span class='ocrx_word' id='word_1_348' title='bbox 1789 1082 1820 1118; x_wconf 80' lang='grc' dir='ltr'>οἳ</span> <span class='ocrx_word' id='word_1_349' title='bbox 1852 1079 2049 1132; x_wconf 83' lang='grc' dir='ltr'>ἄνθρωποι,</span> <span class='ocrx_word' id='word_1_350' title='bbox 2081 1077 2187 1124; x_wconf 77' lang='grc' dir='ltr'>ἀλλὰ,</span> <span class='ocrx_word' id='word_1_351' title='bbox 2206 1077 2342 1119; x_wconf 84' lang='grc' dir='ltr'>Πάντες</span> <span class='ocrx_word' id='word_1_352' title='bbox 2370 1078 2404 1113; x_wconf 82' lang='grc' dir='ltr'>οἱ</span> 
     </span>
     <span class='ocr_line' id='line_1_47' title="bbox 1378 1135 2401 1194; baseline -0.006 -14"><span class='ocrx_word' id='word_1_353' title='bbox 1378 1142 1567 1190; x_wconf 86' lang='grc' dir='ltr'>ἄνθρωποι.</span> <span class='ocrx_word' id='word_1_354' title='bbox 1587 1141 1679 1180; x_wconf 80' lang='grc' dir='ltr'>Οὐδὲ</span> <span class='ocrx_word' id='word_1_355' title='bbox 1700 1140 1767 1194; x_wconf 82' lang='grc' dir='ltr'>γὰρ</span> <span class='ocrx_word' id='word_1_356' title='bbox 1797 1135 1866 1179; x_wconf 69' lang='grc' dir='ltr'>οἶόν</span> <span class='ocrx_word' id='word_1_357' title='bbox 1895 1155 1934 1178; x_wconf 89' lang='grc' dir='ltr'>τε</span> <span class='ocrx_word' id='word_1_358' title='bbox 1959 1140 2018 1179; x_wconf 79' lang='grc' dir='ltr'>τὸν</span> <span class='ocrx_word' id='word_1_359' title='bbox 2048 1138 2228 1191; x_wconf 81' lang='grc' dir='ltr'>ἐνάρετον,</span> <span class='ocrx_word' id='word_1_360' title='bbox 2256 1136 2317 1175; x_wconf 79' lang='grc' dir='ltr'>καὶ</span> <span class='ocrx_word' id='word_1_361' title='bbox 2336 1136 2401 1184; x_wconf 75' lang='grc' dir='ltr'>τὴν</span> 
     </span>
     <span class='ocr_line' id='line_1_48' title="bbox 1379 1198 2400 1253; baseline -0.004 -13"><span class='ocrx_word' id='word_1_362' title='bbox 1379 1202 1502 1250; x_wconf 71' lang='grc' dir='ltr'>στενὴν</span> <span class='ocrx_word' id='word_1_363' title='bbox 1522 1202 1583 1241; x_wconf 78' lang='grc' dir='ltr'>καὶ</span> <span class='ocrx_word' id='word_1_364' title='bbox 1596 1201 1830 1253; x_wconf 86' lang='grc' dir='ltr'>τεθλιμμένην</span> <span class='ocrx_word' id='word_1_365' title='bbox 1851 1200 1928 1239; x_wconf 81' lang='grc' dir='ltr'>ὁδὸν</span> <span class='ocrx_word' id='word_1_366' title='bbox 1946 1199 2119 1246; x_wconf 84' lang='grc' dir='ltr'>ὁδεύοντα,</span> <span class='ocrx_word' id='word_1_367' title='bbox 2133 1198 2193 1237; x_wconf 72' lang='grc' dir='ltr'>καὶ</span> <span class='ocrx_word' id='word_1_368' title='bbox 2213 1204 2289 1241; x_wconf 86' lang='grc' dir='ltr'>ταῖς</span> <span class='ocrx_word' id='word_1_369' title='bbox 2307 1200 2400 1236; x_wconf 86' lang='grc' dir='ltr'>ἐντο-</span> 
     </span>
     <span class='ocr_line' id='line_1_49' title="bbox 1377 1258 2400 1314; baseline -0.006 -13"><span class='ocrx_word' id='word_1_370' title='bbox 1377 1264 1453 1306; x_wconf 88' lang='grc' dir='ltr'>λαῖς</span> <span class='ocrx_word' id='word_1_371' title='bbox 1466 1268 1525 1302; x_wconf 85' lang='grc' dir='ltr'>τοῦ</span> <span class='ocrx_word' id='word_1_372' title='bbox 1543 1264 1698 1314; x_wconf 75' lang='grc' dir='ltr'>Χριστοῦ</span> <span class='ocrx_word' id='word_1_373' title='bbox 1720 1263 2044 1300; x_wconf 84' lang='grc' dir='ltr'>κατακολουθοῦντα</span> <span class='ocrx_word' id='word_1_374' title='bbox 2060 1258 2158 1314; x_wconf 83' lang='grc' dir='ltr'>παρὰ</span> <span class='ocrx_word' id='word_1_375' title='bbox 2177 1258 2318 1297; x_wconf 88' lang='grc' dir='ltr'>πάντων</span> <span class='ocrx_word' id='word_1_376' title='bbox 2336 1261 2400 1297; x_wconf 86' lang='grc' dir='ltr'>ἀν-</span> 
     </span>
     <span class='ocr_line' id='line_1_50' title="bbox 1377 1317 2402 1375; baseline -0.004 -16"><span class='ocrx_word' id='word_1_377' title='bbox 1377 1322 1525 1375; x_wconf 85' lang='grc' dir='ltr'>θρώπων</span> <span class='ocrx_word' id='word_1_378' title='bbox 1557 1325 1773 1361; x_wconf 83' lang='grc' dir='ltr'>ἐπαινεῖσθαι</span> <span class='ocrx_word' id='word_1_379' title='bbox 1807 1321 1867 1359; x_wconf 81' lang='grc' dir='ltr'>καὶ</span> <span class='ocrx_word' id='word_1_380' title='bbox 1896 1320 2144 1371; x_wconf 87' lang='grc' dir='ltr'>θαυμάζεσθαι.</span> <span class='ocrx_word' id='word_1_381' title='bbox 2172 1317 2295 1365; x_wconf 84' lang='grc' dir='ltr'>Πολλὴ</span> <span class='ocrx_word' id='word_1_382' title='bbox 2333 1317 2402 1371; x_wconf 85' lang='grc' dir='ltr'>γὰρ</span> 
     </span>
     <span class='ocr_line' id='line_1_51' title="bbox 1375 1379 2401 1433; baseline -0.004 -13"><span class='ocrx_word' id='word_1_383' title='bbox 1375 1385 1437 1428; x_wconf 62' lang='grc' dir='ltr'>τῆς</span> <span class='ocrx_word' id='word_1_384' title='bbox 1460 1381 1585 1425; x_wconf 88' lang='grc' dir='ltr'>κακίας</span> <span class='ocrx_word' id='word_1_385' title='bbox 1603 1386 1624 1429; x_wconf 88' lang='grc' dir='ltr'>ἡ</span> <span class='ocrx_word' id='word_1_386' title='bbox 1643 1382 1802 1426; x_wconf 81' lang='grc' dir='ltr'>ἐπίτασις</span> <span class='ocrx_word' id='word_1_387' title='bbox 1814 1412 1824 1430; x_wconf 96' lang='grc'>,</span> <span class='ocrx_word' id='word_1_388' title='bbox 1848 1381 1909 1420; x_wconf 79' lang='grc' dir='ltr'>καὶ</span> <span class='ocrx_word' id='word_1_389' title='bbox 1924 1384 1947 1427; x_wconf 80' lang='grc' dir='ltr'>ἦ</span> <span class='ocrx_word' id='word_1_390' title='bbox 1967 1381 2053 1433; x_wconf 80' lang='grc' dir='ltr'>πρὸς</span> <span class='ocrx_word' id='word_1_391' title='bbox 2075 1379 2138 1427; x_wconf 81' lang='grc' dir='ltr'>τὴν</span> <span class='ocrx_word' id='word_1_392' title='bbox 2154 1379 2280 1430; x_wconf 78' lang='grc' dir='ltr'>ἀρετὴν</span> <span class='ocrx_word' id='word_1_393' title='bbox 2301 1379 2401 1416; x_wconf 91' lang='grc' dir='ltr'>ἐναν-</span> 
     </span>
     <span class='ocr_line' id='line_1_52' title="bbox 1374 1436 2402 1491; baseline -0.004 -10"><span class='ocrx_word' id='word_1_394' title='bbox 1374 1442 1507 1486; x_wconf 86' lang='grc' dir='ltr'>τίωσις.</span> <span class='ocrx_word' id='word_1_395' title='bbox 1527 1441 1642 1487; x_wconf 81' lang='grc' dir='ltr'>Εἰδὼς</span> <span class='ocrx_word' id='word_1_396' title='bbox 1659 1436 1715 1480; x_wconf 73' lang='grc' dir='ltr'>οῧν</span> <span class='ocrx_word' id='word_1_397' title='bbox 1732 1446 1750 1481; x_wconf 85' lang='grc' dir='ltr'>ὃ</span> <span class='ocrx_word' id='word_1_398' title='bbox 1763 1442 1958 1490; x_wconf 83' lang='grc' dir='ltr'>Δεσπότης,</span> <span class='ocrx_word' id='word_1_399' title='bbox 1975 1441 2028 1479; x_wconf 77' lang='grc' dir='ltr'>ὅτι</span> <span class='ocrx_word' id='word_1_400' title='bbox 2043 1441 2100 1479; x_wconf 77' lang='grc' dir='ltr'>τὸν</span> <span class='ocrx_word' id='word_1_401' title='bbox 2119 1439 2208 1491; x_wconf 81' lang='grc' dir='ltr'>μετὰ</span> <span class='ocrx_word' id='word_1_402' title='bbox 2224 1439 2402 1491; x_wconf 73' lang='grc' dir='ltr'>ἀκριὸείας</span> 
     </span>
     <span class='ocr_line' id='line_1_53' title="bbox 1375 1500 2399 1556; baseline -0.003 -16"><span class='ocrx_word' id='word_1_403' title='bbox 1375 1502 1436 1550; x_wconf 73' lang='grc' dir='ltr'>τὴν</span> <span class='ocrx_word' id='word_1_404' title='bbox 1456 1501 1584 1556; x_wconf 87' lang='grc' dir='ltr'>ἀρετὴν</span> <span class='ocrx_word' id='word_1_405' title='bbox 1610 1502 1796 1553; x_wconf 88' lang='grc' dir='ltr'>μετιόντα,</span> <span class='ocrx_word' id='word_1_406' title='bbox 1817 1502 1878 1540; x_wconf 81' lang='grc' dir='ltr'>καὶ</span> <span class='ocrx_word' id='word_1_407' title='bbox 1894 1501 1952 1539; x_wconf 80' lang='grc' dir='ltr'>τὸν</span> <span class='ocrx_word' id='word_1_408' title='bbox 1979 1503 2064 1553; x_wconf 86' lang='grc' dir='ltr'>παρ’</span> <span class='ocrx_word' id='word_1_409' title='bbox 2086 1501 2190 1539; x_wconf 81' lang='grc' dir='ltr'>αὗτοῦ</span> <span class='ocrx_word' id='word_1_410' title='bbox 2214 1500 2316 1550; x_wconf 88' lang='grc' dir='ltr'>μόνον</span> <span class='ocrx_word' id='word_1_411' title='bbox 2336 1501 2399 1537; x_wconf 90' lang='grc' dir='ltr'>ἐκ-</span> 
     </span>
     <span class='ocr_line' id='line_1_54' title="bbox 1375 1559 2400 1615; baseline -0.004 -14"><span class='ocrx_word' id='word_1_412' title='bbox 1375 1563 1559 1615; x_wconf 78' lang='grc' dir='ltr'>δεχόμενον</span> <span class='ocrx_word' id='word_1_413' title='bbox 1575 1562 1728 1610; x_wconf 82' lang='grc' dir='ltr'>ἔπαινον,</span> <span class='ocrx_word' id='word_1_414' title='bbox 1742 1564 1812 1600; x_wconf 81' lang='grc' dir='ltr'>τῶν</span> <span class='ocrx_word' id='word_1_415' title='bbox 1828 1561 2006 1601; x_wconf 80' lang='grc' dir='ltr'>ἀδυνάτων</span> <span class='ocrx_word' id='word_1_416' title='bbox 2019 1560 2060 1599; x_wconf 81' lang='grc' dir='ltr'>ἂν</span> <span class='ocrx_word' id='word_1_417' title='bbox 2075 1559 2128 1606; x_wconf 83' lang='grc' dir='ltr'>εἴη</span> <span class='ocrx_word' id='word_1_418' title='bbox 2142 1560 2240 1612; x_wconf 83' lang='grc' dir='ltr'>παρὰ</span> <span class='ocrx_word' id='word_1_419' title='bbox 2259 1559 2400 1598; x_wconf 83' lang='grc' dir='ltr'>πάντων</span> 
     </span>
     <span class='ocr_line' id='line_1_55' title="bbox 1376 1620 2402 1675; baseline -0.002 -14"><span class='ocrx_word' id='word_1_420' title='bbox 1376 1622 1567 1675; x_wconf 83' lang='grc' dir='ltr'>ἀνθρώπων</span> <span class='ocrx_word' id='word_1_421' title='bbox 1588 1624 1816 1670; x_wconf 87' lang='grc' dir='ltr'>ἐπαινεῖσθαι,</span> <span class='ocrx_word' id='word_1_422' title='bbox 1833 1622 1893 1661; x_wconf 83' lang='grc' dir='ltr'>καὶ</span> <span class='ocrx_word' id='word_1_423' title='bbox 1915 1623 2031 1666; x_wconf 82' lang='grc' dir='ltr'>καλῶς</span> <span class='ocrx_word' id='word_1_424' title='bbox 2050 1621 2189 1659; x_wconf 85' lang='grc' dir='ltr'>ἀκούειν</span> <span class='ocrx_word' id='word_1_425' title='bbox 2200 1649 2210 1667; x_wconf 93' lang='grc'>,</span> <span class='ocrx_word' id='word_1_426' title='bbox 2227 1620 2284 1659; x_wconf 83' lang='grc' dir='ltr'>διὰ</span> <span class='ocrx_word' id='word_1_427' title='bbox 2299 1623 2402 1659; x_wconf 84' lang='grc' dir='ltr'>τοῦτο</span> 
     </span>
     <span class='ocr_line' id='line_1_56' title="bbox 1374 1685 2399 1738; baseline -0.002 -15"><span class='ocrx_word' id='word_1_428' title='bbox 1374 1686 1550 1731; x_wconf 79' lang='grc' dir='ltr'>ταλανίζει</span> <span class='ocrx_word' id='word_1_429' title='bbox 1565 1686 1644 1730; x_wconf 75' lang='grc' dir='ltr'>τοὺς</span> <span class='ocrx_word' id='word_1_430' title='bbox 1663 1687 1720 1725; x_wconf 71' lang='grc' dir='ltr'>διὰ</span> <span class='ocrx_word' id='word_1_431' title='bbox 1737 1687 1795 1726; x_wconf 83' lang='grc' dir='ltr'>τὸν</span> <span class='ocrx_word' id='word_1_432' title='bbox 1817 1686 1915 1738; x_wconf 76' lang='grc' dir='ltr'>παρὰ</span> <span class='ocrx_word' id='word_1_433' title='bbox 1931 1685 2061 1724; x_wconf 85' lang='grc' dir='ltr'>τούτων</span> <span class='ocrx_word' id='word_1_434' title='bbox 2082 1685 2221 1723; x_wconf 86' lang='grc' dir='ltr'>ἔπαινον</span> <span class='ocrx_word' id='word_1_435' title='bbox 2240 1687 2303 1731; x_wconf 67' lang='grc' dir='ltr'>τῆς</span> <span class='ocrx_word' id='word_1_436' title='bbox 2318 1685 2399 1736; x_wconf 82' lang='grc' dir='ltr'>ἀρε-</span> 
     </span>
     <span class='ocr_line' id='line_1_57' title="bbox 1374 1745 2399 1801; baseline 0 -17"><span class='ocrx_word' id='word_1_437' title='bbox 1374 1749 1436 1793; x_wconf 80' lang='grc' dir='ltr'>τῆς</span> <span class='ocrx_word' id='word_1_438' title='bbox 1456 1749 1680 1797; x_wconf 74' lang='grc' dir='ltr'>ἀμελοῦντας.</span> <span class='ocrx_word' id='word_1_439' title='bbox 1706 1747 1752 1786; x_wconf 88' lang='grc' dir='ltr'><strong><em>Ἡ</em></strong></span> <span class='ocrx_word' id='word_1_440' title='bbox 1782 1748 1851 1801; x_wconf 80' lang='grc' dir='ltr'>γὰρ</span> <span class='ocrx_word' id='word_1_441' title='bbox 1876 1746 1974 1800; x_wconf 77' lang='grc' dir='ltr'>παρὰ</span> <span class='ocrx_word' id='word_1_442' title='bbox 1999 1746 2140 1784; x_wconf 87' lang='grc' dir='ltr'>πάντων</span> <span class='ocrx_word' id='word_1_443' title='bbox 2163 1745 2318 1797; x_wconf 76' lang='grc' dir='ltr'>εὐφημία</span> <span class='ocrx_word' id='word_1_444' title='bbox 2344 1761 2399 1784; x_wconf 84' lang='grc' dir='ltr'>τε·</span> 
     </span>
     <span class='ocr_line' id='line_1_58' title="bbox 1376 1806 2401 1860; baseline -0.002 -15"><span class='ocrx_word' id='word_1_445' title='bbox 1376 1808 1524 1859; x_wconf 74' lang='grc' dir='ltr'>κμῆριον</span> <span class='ocrx_word' id='word_1_446' title='bbox 1552 1807 1592 1845; x_wconf 80' lang='grc' dir='ltr'>ἂν</span> <span class='ocrx_word' id='word_1_447' title='bbox 1622 1808 1674 1855; x_wconf 87' lang='grc' dir='ltr'>εἴη</span> <span class='ocrx_word' id='word_1_448' title='bbox 1704 1808 1867 1860; x_wconf 85' lang='grc' dir='ltr'>μέγιστον</span> <span class='ocrx_word' id='word_1_449' title='bbox 1892 1810 1951 1846; x_wconf 85' lang='grc' dir='ltr'>τοῦ</span> <span class='ocrx_word' id='word_1_450' title='bbox 1980 1807 2028 1858; x_wconf 89' lang='grc' dir='ltr'>μὴ</span> <span class='ocrx_word' id='word_1_451' title='bbox 2053 1806 2162 1845; x_wconf 76' lang='grc' dir='ltr'>πολὺν</span> <span class='ocrx_word' id='word_1_452' title='bbox 2184 1808 2246 1852; x_wconf 77' lang='grc' dir='ltr'>τῆς</span> <span class='ocrx_word' id='word_1_453' title='bbox 2275 1807 2401 1857; x_wconf 78' lang='grc' dir='ltr'>ἁρετῆς</span> 
     </span>
     <span class='ocr_line' id='line_1_59' title="bbox 1376 1867 2400 1921; baseline -0.001 -15"><span class='ocrx_word' id='word_1_454' title='bbox 1376 1868 1476 1920; x_wconf 82' lang='grc' dir='ltr'>λόγον</span> <span class='ocrx_word' id='word_1_455' title='bbox 1495 1872 1682 1907; x_wconf 90' lang='grc' dir='ltr'>ποιεῖσθαι.</span> <span class='ocrx_word' id='word_1_456' title='bbox 1698 1871 1782 1912; x_wconf 79' lang='grc' dir='ltr'>Πῶς</span> <span class='ocrx_word' id='word_1_457' title='bbox 1805 1868 1872 1921; x_wconf 82' lang='grc' dir='ltr'>γὰρ</span> <span class='ocrx_word' id='word_1_458' title='bbox 1888 1867 1986 1919; x_wconf 80' lang='grc' dir='ltr'>παρὰ</span> <span class='ocrx_word' id='word_1_459' title='bbox 2007 1867 2147 1906; x_wconf 87' lang='grc' dir='ltr'>πάντων</span> <span class='ocrx_word' id='word_1_460' title='bbox 2169 1867 2364 1914; x_wconf 89' lang='grc' dir='ltr'>ἐπαινεθείη</span> <span class='ocrx_word' id='word_1_461' title='bbox 2381 1870 2400 1905; x_wconf 83' lang='grc' dir='ltr'><strong><em>ὃ</em></strong></span> 
     </span>
     <span class='ocr_line' id='line_1_60' title="bbox 1377 1927 2400 1982; baseline -0.001 -14"><span class='ocrx_word' id='word_1_462' title='bbox 1377 1929 1551 1982; x_wconf 81' lang='grc' dir='ltr'>ἐνάρετος,</span> <span class='ocrx_word' id='word_1_463' title='bbox 1572 1931 1602 1967; x_wconf 87' lang='grc' dir='ltr'>εἷ</span> <span class='ocrx_word' id='word_1_464' title='bbox 1626 1929 1786 1981; x_wconf 86' lang='grc' dir='ltr'>βούλοιτο</span> <span class='ocrx_word' id='word_1_465' title='bbox 1817 1929 1895 1972; x_wconf 74' lang='grc' dir='ltr'>τοὺς</span> <span class='ocrx_word' id='word_1_466' title='bbox 1920 1928 2166 1977; x_wconf 80' lang='grc' dir='ltr'>ἀδικουμένους</span> <span class='ocrx_word' id='word_1_467' title='bbox 2195 1927 2400 1980; x_wconf 83' lang='grc' dir='ltr'>ἐξαρπάζειν</span> 
     </span>
     <span class='ocr_line' id='line_1_61' title="bbox 1376 1987 2399 2040; baseline -0.001 -13"><span class='ocrx_word' id='word_1_468' title='bbox 1376 1992 1445 2027; x_wconf 79' lang='grc' dir='ltr'>τῶν</span> <span class='ocrx_word' id='word_1_469' title='bbox 1480 1989 1712 2037; x_wconf 75' lang='grc' dir='ltr'>ἀδικούντων,</span> <span class='ocrx_word' id='word_1_470' title='bbox 1742 1989 1820 2032; x_wconf 80' lang='grc' dir='ltr'>τοὺς</span> <span class='ocrx_word' id='word_1_471' title='bbox 1849 1987 2144 2040; x_wconf 77' lang='grc' dir='ltr'>ἐπηρεαζομένους</span> <span class='ocrx_word' id='word_1_472' title='bbox 2173 1991 2242 2026; x_wconf 84' lang='grc' dir='ltr'>τῶν</span> <span class='ocrx_word' id='word_1_473' title='bbox 2282 1991 2399 2032; x_wconf 85' lang='grc' dir='ltr'>κακῶς</span> 
     </span>
     <span class='ocr_line' id='line_1_62' title="bbox 1376 2048 2400 2101; baseline 0 -14"><span class='ocrx_word' id='word_1_474' title='bbox 1376 2056 1485 2088; x_wconf 83' lang='grc' dir='ltr'>ποιεῖν</span> <span class='ocrx_word' id='word_1_475' title='bbox 1509 2050 1748 2100; x_wconf 74' lang='grc' dir='ltr'>βουλομένων,</span> <span class='ocrx_word' id='word_1_476' title='bbox 1770 2050 1885 2088; x_wconf 87' lang='grc' dir='ltr'>Πάλιν</span> <span class='ocrx_word' id='word_1_477' title='bbox 1905 2051 1934 2087; x_wconf 85' lang='grc' dir='ltr'>εἷ</span> <span class='ocrx_word' id='word_1_478' title='bbox 1958 2048 2115 2100; x_wconf 88' lang='grc' dir='ltr'>βούλοιτο</span> <span class='ocrx_word' id='word_1_479' title='bbox 2144 2049 2298 2101; x_wconf 76' lang='grc' dir='ltr'>διορθοῦν</span> <span class='ocrx_word' id='word_1_480' title='bbox 2320 2048 2400 2093; x_wconf 83' lang='grc' dir='ltr'>τοὺς</span> 
     </span>
    </p>
   </div>
   <div class='ocr_carea' id='block_1_5' title="bbox 361 2107 2399 2164">
    <p class='ocr_par' dir='ltr' id='par_1_26' title="bbox 361 2107 2399 2164">
     <span class='ocr_line' id='line_1_63' title="bbox 361 2107 2399 2164; baseline -0.002 -12"><span class='ocrx_word' id='word_1_481' title='bbox 361 2114 407 2152; x_wconf 86' lang='lat' dir='ltr'>ab</span> <span class='ocrx_word' id='word_1_482' title='bbox 431 2113 511 2151; x_wconf 90' lang='lat' dir='ltr'>aliis</span> <span class='ocrx_word' id='word_1_483' title='bbox 535 2110 810 2164; x_wconf 75' lang='lat' dir='ltr'>vituperandum</span> <span class='ocrx_word' id='word_1_484' title='bbox 831 2109 930 2147; x_wconf 73' lang='lat' dir='ltr'>esse?</span> <span class='ocrx_word' id='word_1_485' title='bbox 950 2110 1139 2159; x_wconf 84' lang='lat' dir='ltr'>Propterea</span> <span class='ocrx_word' id='word_1_486' title='bbox 1163 2107 1304 2158; x_wconf 86' lang='lat' dir='ltr'>inquit:</span> <span class='ocrx_word' id='word_1_487' title='bbox 1331 2129 1357 2158; x_wconf 73' lang='grc' dir='ltr'><strong>Α</strong></span> <span class='ocrx_word' id='word_1_488' title='bbox 1376 2111 1639 2162; x_wconf 74' lang='grc' dir='ltr'>ἁμαρτάνοντας</span> <span class='ocrx_word' id='word_1_489' title='bbox 1653 2140 1663 2158; x_wconf 84' lang='grc'>,</span> <span class='ocrx_word' id='word_1_490' title='bbox 1678 2111 1737 2148; x_wconf 71' lang='grc' dir='ltr'>χαὶ</span> <span class='ocrx_word' id='word_1_491' title='bbox 1757 2113 1909 2149; x_wconf 76' lang='grc' dir='ltr'>ἐπαινεῖν</span> <span class='ocrx_word' id='word_1_492' title='bbox 1937 2108 2015 2153; x_wconf 74' lang='grc' dir='ltr'>τοὺς</span> <span class='ocrx_word' id='word_1_493' title='bbox 2033 2113 2303 2161; x_wconf 82' lang='grc' dir='ltr'>κατορθοῦντας,</span> <span class='ocrx_word' id='word_1_494' title='bbox 2337 2112 2399 2148; x_wconf 77' lang='grc' dir='ltr'>οὐκ</span> 
     </span>
    </p>
   </div>
   <div class='ocr_carea' id='block_1_6' title="bbox 363 2169 1355 3311">
    <p class='ocr_par' dir='ltr' id='par_1_27' title="bbox 363 2169 1355 3311">
     <span class='ocr_line' id='line_1_64' title="bbox 365 2169 1308 2223; baseline -0.005 -12"><span class='ocrx_word' id='word_1_495' title='bbox 365 2176 430 2211; x_wconf 80' lang='lat' dir='ltr'>Vce</span> <span class='ocrx_word' id='word_1_496' title='bbox 449 2175 573 2218; x_wconf 83' lang='lat' dir='ltr'>vobis,</span> <span class='ocrx_word' id='word_1_497' title='bbox 589 2171 746 2223; x_wconf 83' lang='lat' dir='ltr'>quando</span> <span class='ocrx_word' id='word_1_498' title='bbox 766 2172 876 2208; x_wconf 84' lang='lat' dir='ltr'>vobis</span> <span class='ocrx_word' id='word_1_499' title='bbox 895 2169 1159 2207; x_wconf 70' lang='lat' dir='ltr'>benedizerint</span> <span class='ocrx_word' id='word_1_500' title='bbox 1178 2182 1308 2206; x_wconf 81' lang='lat' dir='ltr'>omnes</span> 
     </span>
     <span class='ocr_line' id='line_1_65' title="bbox 363 2227 1309 2281; baseline -0.006 -10"><span class='ocrx_word' id='word_1_501' title='bbox 363 2236 548 2271; x_wconf 81' lang='lat' dir='ltr'>homines.</span> <span class='ocrx_word' id='word_1_502' title='bbox 573 2230 760 2279; x_wconf 90' lang='lat' dir='ltr'>Quomodo</span> <span class='ocrx_word' id='word_1_503' title='bbox 780 2230 890 2281; x_wconf 84' lang='lat' dir='ltr'>igitur</span> <span class='ocrx_word' id='word_1_504' title='bbox 906 2242 976 2266; x_wconf 92' lang='lat' dir='ltr'>non</span> <span class='ocrx_word' id='word_1_505' title='bbox 995 2228 1060 2265; x_wconf 91' lang='lat' dir='ltr'>erit</span> <span class='ocrx_word' id='word_1_506' title='bbox 1076 2227 1309 2266; x_wconf 79' lang='lat' dir='ltr'>admiratione</span> 
     </span>
     <span class='ocr_line' id='line_1_66' title="bbox 364 2288 1310 2345; baseline -0.005 -14"><span class='ocrx_word' id='word_1_507' title='bbox 364 2303 397 2331; x_wconf 90' lang='lat' dir='ltr'>et</span> <span class='ocrx_word' id='word_1_508' title='bbox 410 2293 514 2332; x_wconf 87' lang='lat' dir='ltr'>laude</span> <span class='ocrx_word' id='word_1_509' title='bbox 530 2293 660 2344; x_wconf 85' lang='lat' dir='ltr'>dignus</span> <span class='ocrx_word' id='word_1_510' title='bbox 677 2293 794 2345; x_wconf 80' lang='lat' dir='ltr'>justus</span> <span class='ocrx_word' id='word_1_511' title='bbox 813 2289 891 2337; x_wconf 77' lang='lat' dir='ltr'>iste,</span> <span class='ocrx_word' id='word_1_512' title='bbox 909 2288 971 2339; x_wconf 91' lang='lat' dir='ltr'>qui</span> <span class='ocrx_word' id='word_1_513' title='bbox 990 2302 1029 2326; x_wconf 90' lang='lat' dir='ltr'>ea</span> <span class='ocrx_word' id='word_1_514' title='bbox 1044 2302 1123 2338; x_wconf 83' lang='lat' dir='ltr'>quae</span> <span class='ocrx_word' id='word_1_515' title='bbox 1144 2288 1310 2326; x_wconf 86' lang='lat' dir='ltr'>Christus</span> 
     </span>
     <span class='ocr_line' id='line_1_67' title="bbox 364 2348 1308 2404; baseline -0.003 -13"><span class='ocrx_word' id='word_1_516' title='bbox 364 2354 556 2393; x_wconf 87' lang='lat' dir='ltr'>adveniens</span> <span class='ocrx_word' id='word_1_517' title='bbox 571 2353 708 2402; x_wconf 84' lang='lat' dir='ltr'>docuit,</span> <span class='ocrx_word' id='word_1_518' title='bbox 730 2351 829 2404; x_wconf 87' lang='lat' dir='ltr'>prius</span> <span class='ocrx_word' id='word_1_519' title='bbox 848 2350 922 2402; x_wconf 88' lang='lat' dir='ltr'>ipse</span> <span class='ocrx_word' id='word_1_520' title='bbox 934 2363 954 2386; x_wconf 88' lang='lat' dir='ltr'>a</span> <span class='ocrx_word' id='word_1_521' title='bbox 970 2348 1047 2399; x_wconf 86' lang='lat' dir='ltr'>lege</span> <span class='ocrx_word' id='word_1_522' title='bbox 1067 2358 1202 2387; x_wconf 83' lang='lat' dir='ltr'>naturae</span> <span class='ocrx_word' id='word_1_523' title='bbox 1225 2349 1308 2388; x_wconf 87' lang='lat' dir='ltr'>edo-</span> 
     </span>
     <span class='ocr_line' id='line_1_68' title="bbox 365 2408 1309 2464; baseline -0.004 -12"><span class='ocrx_word' id='word_1_524' title='bbox 365 2424 459 2464; x_wconf 88' lang='lat' dir='ltr'>ctus,</span> <span class='ocrx_word' id='word_1_525' title='bbox 475 2413 694 2452; x_wconf 77' lang='lat' dir='ltr'>‹ledjtissima</span> <span class='ocrx_word' id='word_1_526' title='bbox 723 2425 828 2464; x_wconf 90' lang='lat' dir='ltr'>opera</span> <span class='ocrx_word' id='word_1_527' title='bbox 855 2409 1080 2461; x_wconf 78' lang='lat' dir='ltr'>adimplevit,</span> <span class='ocrx_word' id='word_1_528' title='bbox 1098 2408 1309 2461; x_wconf 86' lang='lat' dir='ltr'>laudemque</span> 
     </span>
     <span class='ocr_line' id='line_1_69' title="bbox 363 2468 1309 2522; baseline -0.004 -10"><span class='ocrx_word' id='word_1_529' title='bbox 363 2475 556 2512; x_wconf 86' lang='lat' dir='ltr'>humanam</span> <span class='ocrx_word' id='word_1_530' title='bbox 569 2470 834 2520; x_wconf 87' lang='lat' dir='ltr'>contemnendo,</span> <span class='ocrx_word' id='word_1_531' title='bbox 846 2470 997 2522; x_wconf 88' lang='lat' dir='ltr'>gratiam</span> <span class='ocrx_word' id='word_1_532' title='bbox 1009 2468 1107 2522; x_wconf 88' lang='lat' dir='ltr'>apud</span> <span class='ocrx_word' id='word_1_533' title='bbox 1119 2470 1235 2507; x_wconf 91' lang='lat' dir='ltr'>Deum</span> <span class='ocrx_word' id='word_1_534' title='bbox 1247 2485 1309 2522; x_wconf 88' lang='lat' dir='ltr'>per</span> 
     </span>
     <span class='ocr_line' id='line_1_70' title="bbox 363 2529 1305 2581; baseline -0.004 -9"><span class='ocrx_word' id='word_1_535' title='bbox 363 2535 532 2573; x_wconf 83' lang='lat' dir='ltr'>virtutem</span> <span class='ocrx_word' id='word_1_536' title='bbox 562 2532 720 2572; x_wconf 87' lang='lat' dir='ltr'>invenire</span> <span class='ocrx_word' id='word_1_537' title='bbox 744 2530 906 2570; x_wconf 81' lang='lat' dir='ltr'>studuit?</span> <span class='ocrx_word' id='word_1_538' title='bbox 924 2531 1008 2568; x_wconf 77' lang='grc' dir='ltr'>Νοέ</span> <span class='ocrx_word' id='word_1_539' title='bbox 1036 2529 1130 2567; x_wconf 88' lang='lat' dir='ltr'>enim</span> <span class='ocrx_word' id='word_1_540' title='bbox 1147 2558 1157 2578; x_wconf 89' lang='lat'>,</span> <span class='ocrx_word' id='word_1_541' title='bbox 1173 2529 1305 2581; x_wconf 86' lang='lat' dir='ltr'>inquit,</span> 
     </span>
     <span class='ocr_line' id='line_1_71' title="bbox 363 2591 1307 2646; baseline -0.004 -13"><span class='ocrx_word' id='word_1_542' title='bbox 363 2597 512 2633; x_wconf 75' lang='lat' dir='ltr'>invenit</span> <span class='ocrx_word' id='word_1_543' title='bbox 533 2596 703 2646; x_wconf 78' lang='lat' dir='ltr'>gratiam</span> <span class='ocrx_word' id='word_1_544' title='bbox 732 2604 863 2631; x_wconf 84' lang='lat' dir='ltr'>coram</span> <span class='ocrx_word' id='word_1_545' title='bbox 887 2591 1057 2628; x_wconf 79' lang='lat' dir='ltr'>Domino</span> <span class='ocrx_word' id='word_1_546' title='bbox 1080 2591 1176 2628; x_wconf 88' lang='lat' dir='ltr'>Deo.</span> <span class='ocrx_word' id='word_1_547' title='bbox 1197 2591 1307 2629; x_wconf 81' lang='lat' dir='ltr'>Caete-</span> 
     </span>
     <span class='ocr_line' id='line_1_72' title="bbox 365 2649 1307 2707; baseline -0.003 -15"><span class='ocrx_word' id='word_1_548' title='bbox 365 2670 444 2692; x_wconf 85' lang='lat' dir='ltr'>rum</span> <span class='ocrx_word' id='word_1_549' title='bbox 468 2655 585 2707; x_wconf 88' lang='lat' dir='ltr'>ipsum</span> <span class='ocrx_word' id='word_1_550' title='bbox 604 2662 748 2707; x_wconf 88' lang='lat' dir='ltr'>propter</span> <span class='ocrx_word' id='word_1_551' title='bbox 767 2651 913 2691; x_wconf 81' lang='lat' dir='ltr'>virtutes</span> <span class='ocrx_word' id='word_1_552' title='bbox 933 2664 1021 2701; x_wconf 89' lang='lat' dir='ltr'>quas</span> <span class='ocrx_word' id='word_1_553' title='bbox 1039 2649 1191 2689; x_wconf 83' lang='lat' dir='ltr'>habebat</span> <span class='ocrx_word' id='word_1_554' title='bbox 1208 2651 1307 2690; x_wconf 86' lang='lat' dir='ltr'>inve-</span> 
     </span>
     <span class='ocr_line' id='line_1_73' title="bbox 366 2711 1355 2766; baseline -0.002 -15"><span class='ocrx_word' id='word_1_555' title='bbox 366 2715 456 2753; x_wconf 82' lang='lat' dir='ltr'>nisse</span> <span class='ocrx_word' id='word_1_556' title='bbox 464 2715 613 2766; x_wconf 83' lang='lat' dir='ltr'>gratiam</span> <span class='ocrx_word' id='word_1_557' title='bbox 627 2727 746 2752; x_wconf 89' lang='lat' dir='ltr'>coram</span> <span class='ocrx_word' id='word_1_558' title='bbox 760 2711 915 2750; x_wconf 92' lang='lat' dir='ltr'>Domino</span> <span class='ocrx_word' id='word_1_559' title='bbox 926 2711 1018 2761; x_wconf 81' lang='lat' dir='ltr'>Deo,</span> <span class='ocrx_word' id='word_1_560' title='bbox 1036 2711 1192 2749; x_wconf 80' lang='lat' dir='ltr'>narravit</span> <span class='ocrx_word' id='word_1_561' title='bbox 1206 2712 1309 2750; x_wconf 90' lang='lat' dir='ltr'>nobis</span> <span class='ocrx_word' id='word_1_562' title='bbox 1333 2737 1355 2766; x_wconf 75' lang='lat' dir='ltr'>B</span> 
     </span>
     <span class='ocr_line' id='line_1_74' title="bbox 366 2771 1307 2826; baseline -0.003 -14"><span class='ocrx_word' id='word_1_563' title='bbox 366 2775 586 2814; x_wconf 79' lang='lat' dir='ltr'>admirabilis</span> <span class='ocrx_word' id='word_1_564' title='bbox 599 2775 658 2813; x_wconf 86' lang='lat' dir='ltr'>ille</span> <span class='ocrx_word' id='word_1_565' title='bbox 670 2773 841 2826; x_wconf 87' lang='lat' dir='ltr'>propheta</span> <span class='ocrx_word' id='word_1_566' title='bbox 854 2771 993 2824; x_wconf 85' lang='lat' dir='ltr'>Spiritu</span> <span class='ocrx_word' id='word_1_567' title='bbox 1009 2780 1128 2809; x_wconf 88' lang='lat' dir='ltr'>sancto</span> <span class='ocrx_word' id='word_1_568' title='bbox 1146 2772 1286 2811; x_wconf 85' lang='lat' dir='ltr'>afflatus</span> <span class='ocrx_word' id='word_1_569' title='bbox 1300 2789 1307 2809; x_wconf 93' lang='lat'>:</span> 
     </span>
     <span class='ocr_line' id='line_1_75' title="bbox 366 2831 1307 2888; baseline -0.003 -14"><span class='ocrx_word' id='word_1_570' title='bbox 366 2851 480 2888; x_wconf 79' lang='lat' dir='ltr'>opera:</span> <span class='ocrx_word' id='word_1_571' title='bbox 500 2836 651 2887; x_wconf 85' lang='lat' dir='ltr'>pretium</span> <span class='ocrx_word' id='word_1_572' title='bbox 671 2835 790 2885; x_wconf 84' lang='lat' dir='ltr'>itaque</span> <span class='ocrx_word' id='word_1_573' title='bbox 806 2843 845 2871; x_wconf 89' lang='lat' dir='ltr'>ut</span> <span class='ocrx_word' id='word_1_574' title='bbox 866 2842 900 2871; x_wconf 89' lang='lat' dir='ltr'>et</span> <span class='ocrx_word' id='word_1_575' title='bbox 917 2832 1095 2883; x_wconf 87' lang='lat' dir='ltr'>sequentia</span> <span class='ocrx_word' id='word_1_576' title='bbox 1113 2831 1307 2885; x_wconf 86' lang='lat' dir='ltr'>discamus,</span> 
     </span>
     <span class='ocr_line' id='line_1_76' title="bbox 366 2894 1309 2947; baseline -0.001 -12"><span class='ocrx_word' id='word_1_577' title='bbox 366 2907 400 2935; x_wconf 67' lang='lat' dir='ltr'>ct</span> <span class='ocrx_word' id='word_1_578' title='bbox 420 2896 603 2935; x_wconf 77' lang='lat' dir='ltr'>videamus</span> <span class='ocrx_word' id='word_1_579' title='bbox 630 2895 720 2947; x_wconf 84' lang='lat' dir='ltr'>quid</span> <span class='ocrx_word' id='word_1_580' title='bbox 742 2895 787 2933; x_wconf 89' lang='lat' dir='ltr'>dc</span> <span class='ocrx_word' id='word_1_581' title='bbox 811 2895 874 2933; x_wconf 86' lang='lat' dir='ltr'>illo</span> <span class='ocrx_word' id='word_1_582' title='bbox 900 2894 1028 2932; x_wconf 85' lang='lat' dir='ltr'>sentiat</span> <span class='ocrx_word' id='word_1_583' title='bbox 1048 2894 1156 2932; x_wconf 92' lang='lat' dir='ltr'>Deus.</span> <span class='ocrx_word' id='word_1_584' title='bbox 1176 2895 1212 2932; x_wconf 86' lang='lat'>9.</span> <span class='ocrx_word' id='word_1_585' title='bbox 1236 2897 1309 2934; x_wconf 85' lang='lat' dir='ltr'>Jlae</span> 
     </span>
     <span class='ocr_line' id='line_1_77' title="bbox 366 2955 1310 3008; baseline -0.001 -13"><span class='ocrx_word' id='word_1_586' title='bbox 366 2966 495 2995; x_wconf 79' lang='lat' dir='ltr'>autem</span> <span class='ocrx_word' id='word_1_587' title='bbox 508 2986 518 3006; x_wconf 89' lang='lat'>,</span> <span class='ocrx_word' id='word_1_588' title='bbox 540 2957 676 3006; x_wconf 85' lang='lat' dir='ltr'>inquit,</span> <span class='ocrx_word' id='word_1_589' title='bbox 697 2965 784 2994; x_wconf 81' lang='lat' dir='ltr'>sunt</span> <span class='ocrx_word' id='word_1_590' title='bbox 810 2957 1076 3008; x_wconf 76' lang='lat' dir='ltr'>generationes</span> <span class='ocrx_word' id='word_1_591' title='bbox 1094 2955 1179 2993; x_wconf 75' lang='grc' dir='ltr'>Νοέ</span> <span class='ocrx_word' id='word_1_592' title='bbox 1196 2971 1207 2991; x_wconf 92' lang='grc'>.·</span> <span class='ocrx_word' id='word_1_593' title='bbox 1226 2958 1310 2994; x_wconf 59' lang='lat' dir='ltr'>Noe?</span> 
     </span>
     <span class='ocr_line' id='line_1_78' title="bbox 367 3018 1305 3070; baseline -0.002 -15"><span class='ocrx_word' id='word_1_594' title='bbox 367 3020 480 3055; x_wconf 75' lang='lat' dir='ltr'>homo</span> <span class='ocrx_word' id='word_1_595' title='bbox 492 3020 640 3069; x_wconf 73' lang='lat' dir='ltr'>justus,</span> <span class='ocrx_word' id='word_1_596' title='bbox 661 3018 851 3070; x_wconf 83' lang='lat' dir='ltr'>perfectus</span> <span class='ocrx_word' id='word_1_597' title='bbox 880 3019 920 3053; x_wconf 83' lang='lat' dir='ltr'>in</span> <span class='ocrx_word' id='word_1_598' title='bbox 938 3019 1186 3068; x_wconf 79' lang='lat' dir='ltr'>generatione</span> <span class='ocrx_word' id='word_1_599' title='bbox 1208 3030 1305 3055; x_wconf 84' lang='lat' dir='ltr'>sua:</span> 
     </span>
     <span class='ocr_line' id='line_1_79' title="bbox 367 3078 1308 3130; baseline 0.001 -15"><span class='ocrx_word' id='word_1_600' title='bbox 367 3080 450 3115; x_wconf 83' lang='lat' dir='ltr'>Deo</span> <span class='ocrx_word' id='word_1_601' title='bbox 469 3079 618 3130; x_wconf 78' lang='lat' dir='ltr'>placuit</span> <span class='ocrx_word' id='word_1_602' title='bbox 638 3079 730 3115; x_wconf 78' lang='grc' dir='ltr'>Νοέ.</span> <span class='ocrx_word' id='word_1_603' title='bbox 753 3078 867 3114; x_wconf 83' lang='lat' dir='ltr'>Rarus</span> <span class='ocrx_word' id='word_1_604' title='bbox 894 3086 927 3114; x_wconf 81' lang='lat' dir='ltr'>et</span> <span class='ocrx_word' id='word_1_605' title='bbox 956 3091 1067 3115; x_wconf 88' lang='lat' dir='ltr'>novus</span> <span class='ocrx_word' id='word_1_606' title='bbox 1098 3078 1308 3129; x_wconf 64' lang='lat' dir='ltr'>genealogice</span> 
     </span>
     <span class='ocr_line' id='line_1_80' title="bbox 367 3137 1308 3188; baseline 0.002 -13"><span class='ocrx_word' id='word_1_607' title='bbox 367 3139 504 3177; x_wconf 80' lang='lat' dir='ltr'>modus.</span> <span class='ocrx_word' id='word_1_608' title='bbox 537 3139 629 3176; x_wconf 79' lang='lat' dir='ltr'>Nam</span> <span class='ocrx_word' id='word_1_609' title='bbox 662 3146 700 3175; x_wconf 87' lang='lat' dir='ltr'>ut</span> <span class='ocrx_word' id='word_1_610' title='bbox 728 3137 851 3176; x_wconf 76' lang='lat' dir='ltr'>divina</span> <span class='ocrx_word' id='word_1_611' title='bbox 883 3137 1068 3188; x_wconf 86' lang='lat' dir='ltr'>Scriptura</span> <span class='ocrx_word' id='word_1_612' title='bbox 1097 3137 1208 3187; x_wconf 81' lang='lat' dir='ltr'>dixit,</span> <span class='ocrx_word' id='word_1_613' title='bbox 1234 3140 1308 3177; x_wconf 83' lang='lat' dir='ltr'>Jloe</span> 
     </span>
     <span class='ocr_line' id='line_1_81' title="bbox 367 3200 1303 3252; baseline -0.001 -14"><span class='ocrx_word' id='word_1_614' title='bbox 367 3209 453 3238; x_wconf 77' lang='lat' dir='ltr'>sunl</span> <span class='ocrx_word' id='word_1_615' title='bbox 468 3202 732 3252; x_wconf 78' lang='lat' dir='ltr'>generationes</span> <span class='ocrx_word' id='word_1_616' title='bbox 751 3200 834 3237; x_wconf 61' lang='lat' dir='ltr'>No&amp;</span> <span class='ocrx_word' id='word_1_617' title='bbox 850 3214 860 3234; x_wconf 90' lang='lat'><em>:</em></span> <span class='ocrx_word' id='word_1_618' title='bbox 878 3207 910 3236; x_wconf 87' lang='lat' dir='ltr'>et</span> <span class='ocrx_word' id='word_1_619' title='bbox 932 3212 1033 3236; x_wconf 86' lang='lat' dir='ltr'>aures</span> <span class='ocrx_word' id='word_1_620' title='bbox 1052 3207 1188 3237; x_wconf 87' lang='lat' dir='ltr'>nostras</span> <span class='ocrx_word' id='word_1_621' title='bbox 1206 3200 1303 3237; x_wconf 75' lang='lat' dir='ltr'>cxci-</span> 
     </span>
     <span class='ocr_line' id='line_1_82' title="bbox 369 3259 1305 3311; baseline 0 -12"><span class='ocrx_word' id='word_1_622' title='bbox 369 3261 453 3299; x_wconf 70' lang='lat' dir='ltr'>tnvit</span> <span class='ocrx_word' id='word_1_623' title='bbox 467 3291 474 3309; x_wconf 84' lang='lat'>,</span> <span class='ocrx_word' id='word_1_624' title='bbox 489 3260 589 3311; x_wconf 81' lang='lat' dir='ltr'>quasi</span> <span class='ocrx_word' id='word_1_625' title='bbox 607 3259 845 3311; x_wconf 81' lang='lat' dir='ltr'>genealogiam</span> <span class='ocrx_word' id='word_1_626' title='bbox 860 3259 957 3297; x_wconf 82' lang='lat' dir='ltr'>illius</span> <span class='ocrx_word' id='word_1_627' title='bbox 969 3268 1168 3309; x_wconf 80' lang='lat' dir='ltr'>narratura,</span> <span class='ocrx_word' id='word_1_628' title='bbox 1181 3269 1212 3298; x_wconf 88' lang='lat' dir='ltr'>et</span> <span class='ocrx_word' id='word_1_629' title='bbox 1226 3261 1305 3311; x_wconf 77' lang='lat' dir='ltr'>quis</span> 
     </span>
    </p>
   </div>
   <div class='ocr_carea' id='block_1_7' title="bbox 406 3363 1310 3411">
    <p class='ocr_par' dir='ltr' id='par_1_28' title="bbox 406 3363 1310 3411">
     <span class='ocr_line' id='line_1_83' title="bbox 406 3363 1310 3411; baseline -0.006 -11"><span class='ocrx_word' id='word_1_630' title='bbox 406 3377 417 3390; x_wconf 81' lang='lat'><strong>¹</strong></span> <span class='ocrx_word' id='word_1_631' title='bbox 437 3366 488 3399; x_wconf 71' lang='lat' dir='ltr'>Sic</span> <span class='ocrx_word' id='word_1_632' title='bbox 507 3364 605 3398; x_wconf 62' lang='lat' dir='ltr'>Sat-nl.</span> <span class='ocrx_word' id='word_1_633' title='bbox 625 3371 656 3396; x_wconf 80' lang='lat' dir='ltr'>ct</span> <span class='ocrx_word' id='word_1_634' title='bbox 673 3374 725 3396; x_wconf 82' lang='lat' dir='ltr'>sex</span> <span class='ocrx_word' id='word_1_635' title='bbox 744 3363 818 3396; x_wconf 76' lang='lat' dir='ltr'>Mss.</span> <span class='ocrx_word' id='word_1_636' title='bbox 838 3364 877 3395; x_wconf 84' lang='lat' dir='ltr'>Iu</span> <span class='ocrx_word' id='word_1_637' title='bbox 894 3363 1006 3395; x_wconf 68' lang='lat' dir='ltr'>Mon-vl.</span> <span class='ocrx_word' id='word_1_638' title='bbox 1027 3369 1202 3411; x_wconf 59' lang='lat' dir='ltr'>&#39;ot-tw-&#39;J&#39;fiws</span> <span class='ocrx_word' id='word_1_639' title='bbox 1219 3365 1310 3402; x_wconf 57' lang='lat'>03:95.</span> 
     </span>
    </p>
   </div>
   <div class='ocr_carea' id='block_1_8' title="bbox 1376 2169 2401 3313">
    <p class='ocr_par' dir='ltr' id='par_1_29' title="bbox 1376 2169 2401 3313">
     <span class='ocr_line' id='line_1_84' title="bbox 1376 2169 2401 2222; baseline -0.001 -14"><span class='ocrx_word' id='word_1_640' title='bbox 1376 2171 1465 2214; x_wconf 84' lang='grc' dir='ltr'>εἷκὸς</span> <span class='ocrx_word' id='word_1_641' title='bbox 1487 2170 1566 2214; x_wconf 79' lang='grc' dir='ltr'>τοὺς</span> <span class='ocrx_word' id='word_1_642' title='bbox 1591 2170 1652 2221; x_wconf 79' lang='grc' dir='ltr'>μὲν</span> <span class='ocrx_word' id='word_1_643' title='bbox 1675 2173 1842 2218; x_wconf 83' lang='grc' dir='ltr'>ἐπαινεῖν,</span> <span class='ocrx_word' id='word_1_644' title='bbox 1868 2169 1947 2212; x_wconf 75' lang='grc' dir='ltr'>τοὺς</span> <span class='ocrx_word' id='word_1_645' title='bbox 1974 2169 2009 2206; x_wconf 80' lang='grc' dir='ltr'>δὲ</span> <span class='ocrx_word' id='word_1_646' title='bbox 2035 2169 2172 2222; x_wconf 79' lang='grc' dir='ltr'>ψέγειν;</span> <span class='ocrx_word' id='word_1_647' title='bbox 2198 2169 2267 2207; x_wconf 85' lang='grc' dir='ltr'>Διὰ</span> <span class='ocrx_word' id='word_1_648' title='bbox 2297 2170 2401 2207; x_wconf 85' lang='grc' dir='ltr'>τοῦτό</span> 
     </span>
     <span class='ocr_line' id='line_1_85' title="bbox 1377 2229 2399 2282; baseline -0.002 -13"><span class='ocrx_word' id='word_1_649' title='bbox 1377 2246 1481 2282; x_wconf 73' lang='grc' dir='ltr'>φησιν</span> <span class='ocrx_word' id='word_1_650' title='bbox 1500 2246 1507 2253; x_wconf 94' lang='grc'><em>·</em></span> <span class='ocrx_word' id='word_1_651' title='bbox 1527 2231 1618 2268; x_wconf 79' lang='grc' dir='ltr'>Οὐαὶ</span> <span class='ocrx_word' id='word_1_652' title='bbox 1633 2233 1727 2281; x_wconf 82' lang='grc' dir='ltr'>ὑμῖν,</span> <span class='ocrx_word' id='word_1_653' title='bbox 1744 2230 1825 2268; x_wconf 80' lang='grc' dir='ltr'>ὅταν</span> <span class='ocrx_word' id='word_1_654' title='bbox 1841 2231 1957 2274; x_wconf 81' lang='grc' dir='ltr'>καλῶς</span> <span class='ocrx_word' id='word_1_655' title='bbox 1971 2232 2061 2279; x_wconf 79' lang='grc' dir='ltr'>ὑμᾶς</span> <span class='ocrx_word' id='word_1_656' title='bbox 2082 2229 2206 2267; x_wconf 86' lang='grc' dir='ltr'>εἴπωσι</span> <span class='ocrx_word' id='word_1_657' title='bbox 2222 2229 2349 2272; x_wconf 87' lang='grc' dir='ltr'>πάντες</span> <span class='ocrx_word' id='word_1_658' title='bbox 2367 2232 2399 2267; x_wconf 81' lang='grc' dir='ltr'>οἱ</span> 
     </span>
     <span class='ocr_line' id='line_1_86' title="bbox 1377 2285 2400 2343; baseline -0.001 -15"><span class='ocrx_word' id='word_1_659' title='bbox 1377 2291 1563 2343; x_wconf 80' lang='grc' dir='ltr'>ἅνθρωποι.</span> <span class='ocrx_word' id='word_1_660' title='bbox 1589 2293 1674 2334; x_wconf 86' lang='grc' dir='ltr'>Πῶς</span> <span class='ocrx_word' id='word_1_661' title='bbox 1696 2285 1753 2330; x_wconf 62' lang='grc' dir='ltr'>οὖν</span> <span class='ocrx_word' id='word_1_662' title='bbox 1773 2292 1835 2329; x_wconf 83' lang='grc' dir='ltr'>οὐκ</span> <span class='ocrx_word' id='word_1_663' title='bbox 1849 2290 1942 2334; x_wconf 85' lang='grc' dir='ltr'>ἄξιον</span> <span class='ocrx_word' id='word_1_664' title='bbox 1963 2289 2150 2341; x_wconf 85' lang='grc' dir='ltr'>θαυμάζειν</span> <span class='ocrx_word' id='word_1_665' title='bbox 2166 2289 2226 2327; x_wconf 76' lang='grc' dir='ltr'>καὶ</span> <span class='ocrx_word' id='word_1_666' title='bbox 2245 2290 2400 2337; x_wconf 86' lang='grc' dir='ltr'>ἐκπλήτ-</span> 
     </span>
     <span class='ocr_line' id='line_1_87' title="bbox 1377 2349 2399 2403; baseline -0.002 -13"><span class='ocrx_word' id='word_1_667' title='bbox 1377 2356 1497 2390; x_wconf 82' lang='grc' dir='ltr'>τεσθαι</span> <span class='ocrx_word' id='word_1_668' title='bbox 1517 2352 1573 2391; x_wconf 75' lang='grc' dir='ltr'>τὸν</span> <span class='ocrx_word' id='word_1_669' title='bbox 1596 2352 1727 2391; x_wconf 82' lang='grc' dir='ltr'>δίκαιον</span> <span class='ocrx_word' id='word_1_670' title='bbox 1742 2357 1874 2402; x_wconf 90' lang='grc' dir='ltr'>τοῦτον,</span> <span class='ocrx_word' id='word_1_671' title='bbox 1892 2351 1946 2390; x_wconf 80' lang='grc' dir='ltr'>ὅτι</span> <span class='ocrx_word' id='word_1_672' title='bbox 1967 2351 2055 2402; x_wconf 84' lang='grc' dir='ltr'>ἅπερ</span> <span class='ocrx_word' id='word_1_673' title='bbox 2076 2354 2094 2388; x_wconf 83' lang='grc' dir='ltr'>ὃ</span> <span class='ocrx_word' id='word_1_674' title='bbox 2109 2349 2259 2402; x_wconf 83' lang='grc' dir='ltr'>Χριστὸς</span> <span class='ocrx_word' id='word_1_675' title='bbox 2280 2366 2399 2403; x_wconf 87' lang='grc' dir='ltr'>παρα-</span> 
     </span>
     <span class='ocr_line' id='line_1_88' title="bbox 1377 2410 2399 2464; baseline -0.001 -15"><span class='ocrx_word' id='word_1_676' title='bbox 1377 2412 1558 2464; x_wconf 82' lang='grc' dir='ltr'>γενόμενος</span> <span class='ocrx_word' id='word_1_677' title='bbox 1577 2413 1757 2462; x_wconf 79' lang='grc' dir='ltr'>ἐδίδασκε,</span> <span class='ocrx_word' id='word_1_678' title='bbox 1777 2418 1885 2451; x_wconf 82' lang='grc' dir='ltr'>ταῦτα</span> <span class='ocrx_word' id='word_1_679' title='bbox 1904 2411 2092 2464; x_wconf 74' lang='grc' dir='ltr'>προλαὸὼν</span> <span class='ocrx_word' id='word_1_680' title='bbox 2114 2410 2181 2449; x_wconf 78' lang='grc' dir='ltr'>ὑπὸ</span> <span class='ocrx_word' id='word_1_681' title='bbox 2201 2415 2261 2449; x_wconf 86' lang='grc' dir='ltr'>τοῦ</span> <span class='ocrx_word' id='word_1_682' title='bbox 2289 2413 2323 2449; x_wconf 86' lang='grc' dir='ltr'>ἐν</span> <span class='ocrx_word' id='word_1_683' title='bbox 2355 2413 2399 2463; x_wconf 82' lang='grc' dir='ltr'>τῇ</span> 
     </span>
     <span class='ocr_line' id='line_1_89' title="bbox 1377 2470 2400 2524; baseline -0.002 -14"><span class='ocrx_word' id='word_1_684' title='bbox 1377 2472 1475 2523; x_wconf 82' lang='grc' dir='ltr'>φύσει</span> <span class='ocrx_word' id='word_1_685' title='bbox 1497 2473 1698 2524; x_wconf 77' lang='grc' dir='ltr'>ἐγκειμένου</span> <span class='ocrx_word' id='word_1_686' title='bbox 1716 2473 1821 2523; x_wconf 83' lang='grc' dir='ltr'>νόμου</span> <span class='ocrx_word' id='word_1_687' title='bbox 1839 2471 2034 2516; x_wconf 73' lang='grc' dir='ltr'>παιδευθεὶς</span> <span class='ocrx_word' id='word_1_688' title='bbox 2059 2470 2148 2522; x_wconf 80' lang='grc' dir='ltr'>μετὰ</span> <span class='ocrx_word' id='word_1_689' title='bbox 2174 2471 2308 2517; x_wconf 87' lang='grc' dir='ltr'>πολλ’ῆς</span> <span class='ocrx_word' id='word_1_690' title='bbox 2335 2487 2400 2522; x_wconf 80' lang='grc' dir='ltr'>με-</span> 
     </span>
     <span class='ocr_line' id='line_1_90' title="bbox 1377 2531 2399 2586; baseline -0.001 -16"><span class='ocrx_word' id='word_1_691' title='bbox 1377 2533 1454 2584; x_wconf 80' lang='grc' dir='ltr'>τῄει</span> <span class='ocrx_word' id='word_1_692' title='bbox 1465 2537 1527 2580; x_wconf 70' lang='grc' dir='ltr'>τῆς</span> <span class='ocrx_word' id='word_1_693' title='bbox 1543 2535 1747 2586; x_wconf 60' lang='grc' dir='ltr'>ὑπερὲολῆς,</span> <span class='ocrx_word' id='word_1_694' title='bbox 1758 2534 1819 2572; x_wconf 77' lang='grc' dir='ltr'>καὶ</span> <span class='ocrx_word' id='word_1_695' title='bbox 1833 2534 1891 2572; x_wconf 82' lang='grc' dir='ltr'>τὸν</span> <span class='ocrx_word' id='word_1_696' title='bbox 1904 2533 2002 2585; x_wconf 84' lang='grc' dir='ltr'>παρὰ</span> <span class='ocrx_word' id='word_1_697' title='bbox 2017 2535 2084 2570; x_wconf 79' lang='grc' dir='ltr'>τῶν</span> <span class='ocrx_word' id='word_1_698' title='bbox 2100 2531 2291 2582; x_wconf 81' lang='grc' dir='ltr'>ἀνθρώπων</span> <span class='ocrx_word' id='word_1_699' title='bbox 2301 2531 2399 2570; x_wconf 85' lang='grc' dir='ltr'>ἔπαι-</span> 
     </span>
     <span class='ocr_line' id='line_1_91' title="bbox 1377 2592 2399 2646; baseline -0.001 -16"><span class='ocrx_word' id='word_1_700' title='bbox 1377 2609 1432 2631; x_wconf 87' lang='grc' dir='ltr'>νον</span> <span class='ocrx_word' id='word_1_701' title='bbox 1448 2594 1763 2646; x_wconf 71' lang='grc' dir='ltr'>ἀποπεμψάμενος,</span> <span class='ocrx_word' id='word_1_702' title='bbox 1786 2594 1843 2632; x_wconf 85' lang='grc' dir='ltr'>διὰ</span> <span class='ocrx_word' id='word_1_703' title='bbox 1862 2597 1924 2640; x_wconf 73' lang='grc' dir='ltr'>τῆς</span> <span class='ocrx_word' id='word_1_704' title='bbox 1945 2595 2012 2631; x_wconf 79' lang='grc' dir='ltr'>τῶν</span> <span class='ocrx_word' id='word_1_705' title='bbox 2035 2592 2255 2643; x_wconf 71' lang='grc' dir='ltr'>βεὸιωμένων</span> <span class='ocrx_word' id='word_1_706' title='bbox 2274 2593 2399 2643; x_wconf 71' lang='grc' dir='ltr'>ἀρετῆς</span> 
     </span>
     <span class='ocr_line' id='line_1_92' title="bbox 1377 2652 2398 2707; baseline -0.002 -16"><span class='ocrx_word' id='word_1_707' title='bbox 1377 2653 1440 2699; x_wconf 81' lang='grc' dir='ltr'>τὴν</span> <span class='ocrx_word' id='word_1_708' title='bbox 1459 2655 1554 2707; x_wconf 81' lang='grc' dir='ltr'>παρὰ</span> <span class='ocrx_word' id='word_1_709' title='bbox 1571 2658 1619 2706; x_wconf 81' lang='grc' dir='ltr'>τῷ</span> <span class='ocrx_word' id='word_1_710' title='bbox 1638 2658 1720 2706; x_wconf 84' lang='grc' dir='ltr'>Θεῷ</span> <span class='ocrx_word' id='word_1_711' title='bbox 1739 2655 1841 2706; x_wconf 79' lang='grc' dir='ltr'>χάριν</span> <span class='ocrx_word' id='word_1_712' title='bbox 1859 2657 1968 2707; x_wconf 78' lang='grc' dir='ltr'>εὑρεῖν</span> <span class='ocrx_word' id='word_1_713' title='bbox 1988 2652 2198 2699; x_wconf 70' lang='grc' dir='ltr'>ἐσπούδαζες</span> <span class='ocrx_word' id='word_1_714' title='bbox 2214 2653 2295 2690; x_wconf 82' lang='grc' dir='ltr'>Νῶε</span> <span class='ocrx_word' id='word_1_715' title='bbox 2316 2652 2398 2704; x_wconf 85' lang='grc' dir='ltr'>γὰρ,</span> 
     </span>
     <span class='ocr_line' id='line_1_93' title="bbox 1378 2711 2397 2767; baseline -0.002 -14"><span class='ocrx_word' id='word_1_716' title='bbox 1378 2715 1501 2766; x_wconf 69' lang='grc' dir='ltr'>φησιν,</span> <span class='ocrx_word' id='word_1_717' title='bbox 1529 2711 1604 2766; x_wconf 73' lang='grc' dir='ltr'>εῧρε</span> <span class='ocrx_word' id='word_1_718' title='bbox 1629 2716 1731 2766; x_wconf 71' lang='grc' dir='ltr'>χάριν</span> <span class='ocrx_word' id='word_1_719' title='bbox 1761 2714 1913 2753; x_wconf 82' lang='grc' dir='ltr'>ἐναντίον</span> <span class='ocrx_word' id='word_1_720' title='bbox 1941 2713 2070 2767; x_wconf 84' lang='grc' dir='ltr'>Κυρίου</span> <span class='ocrx_word' id='word_1_721' title='bbox 2096 2716 2156 2752; x_wconf 83' lang='grc' dir='ltr'>τοῦ</span> <span class='ocrx_word' id='word_1_722' title='bbox 2182 2714 2285 2752; x_wconf 89' lang='grc' dir='ltr'>Θεοῦ.</span> <span class='ocrx_word' id='word_1_723' title='bbox 2305 2712 2397 2751; x_wconf 79' lang='grc' dir='ltr'>Ἀλλ’</span> 
     </span>
     <span class='ocr_line' id='line_1_94' title="bbox 1378 2767 2397 2827; baseline 0 -16"><span class='ocrx_word' id='word_1_724' title='bbox 1378 2774 1430 2812; x_wconf 77' lang='grc' dir='ltr'>ὅτι</span> <span class='ocrx_word' id='word_1_725' title='bbox 1461 2775 1522 2825; x_wconf 82' lang='grc' dir='ltr'>μὲν</span> <span class='ocrx_word' id='word_1_726' title='bbox 1543 2775 1600 2813; x_wconf 78' lang='grc' dir='ltr'>διὰ</span> <span class='ocrx_word' id='word_1_727' title='bbox 1628 2776 1690 2822; x_wconf 75' lang='grc' dir='ltr'>τὴν</span> <span class='ocrx_word' id='word_1_728' title='bbox 1711 2778 1907 2827; x_wconf 86' lang='grc' dir='ltr'>προσοῦσαν</span> <span class='ocrx_word' id='word_1_729' title='bbox 1929 2776 2024 2827; x_wconf 72' lang='grc' dir='ltr'>αὐτῷ</span> <span class='ocrx_word' id='word_1_730' title='bbox 2044 2773 2170 2826; x_wconf 73' lang='grc' dir='ltr'>ἀρετὴν</span> <span class='ocrx_word' id='word_1_731' title='bbox 2199 2767 2276 2825; x_wconf 60' lang='grc' dir='ltr'>εἶρε</span> <span class='ocrx_word' id='word_1_732' title='bbox 2294 2774 2397 2826; x_wconf 74' lang='grc' dir='ltr'>χάριν</span> 
     </span>
     <span class='ocr_line' id='line_1_95' title="bbox 1379 2834 2396 2888; baseline -0.002 -14"><span class='ocrx_word' id='word_1_733' title='bbox 1379 2835 1528 2874; x_wconf 83' lang='grc' dir='ltr'>ἐναντίον</span> <span class='ocrx_word' id='word_1_734' title='bbox 1546 2836 1673 2888; x_wconf 86' lang='grc' dir='ltr'>Κυρίου</span> <span class='ocrx_word' id='word_1_735' title='bbox 1686 2839 1745 2874; x_wconf 82' lang='grc' dir='ltr'>τοῦ</span> <span class='ocrx_word' id='word_1_736' title='bbox 1761 2837 1866 2882; x_wconf 89' lang='grc' dir='ltr'>Θεοῦ,</span> <span class='ocrx_word' id='word_1_737' title='bbox 1889 2835 2080 2885; x_wconf 75' lang='grc' dir='ltr'>διηγήσατο</span> <span class='ocrx_word' id='word_1_738' title='bbox 2101 2836 2186 2885; x_wconf 75' lang='grc' dir='ltr'>ἡμῖν</span> <span class='ocrx_word' id='word_1_739' title='bbox 2204 2837 2222 2872; x_wconf 82' lang='grc' dir='ltr'><em>ὃ</em></span> <span class='ocrx_word' id='word_1_740' title='bbox 2238 2834 2396 2884; x_wconf 66' lang='lat' dir='ltr'>‘&#39;Gany-oi-</span> 
     </span>
     <span class='ocr_line' id='line_1_96' title="bbox 1380 2890 2399 2948; baseline -0.001 -14"><span class='ocrx_word' id='word_1_741' title='bbox 1380 2912 1451 2938; x_wconf 84' lang='grc' dir='ltr'>σιος</span> <span class='ocrx_word' id='word_1_742' title='bbox 1467 2890 1563 2939; x_wconf 63' lang='grc' dir='ltr'>οὗτος</span> <span class='ocrx_word' id='word_1_743' title='bbox 1577 2896 1756 2948; x_wconf 63' lang='grc' dir='ltr'>προφήτης</span> <span class='ocrx_word' id='word_1_744' title='bbox 1772 2895 2000 2948; x_wconf 77' lang='grc' dir='ltr'>ἑνηχούμενος</span> <span class='ocrx_word' id='word_1_745' title='bbox 2014 2896 2081 2934; x_wconf 77' lang='grc' dir='ltr'>ὑπὸ</span> <span class='ocrx_word' id='word_1_746' title='bbox 2096 2899 2156 2934; x_wconf 86' lang='grc' dir='ltr'>τοῦ</span> <span class='ocrx_word' id='word_1_747' title='bbox 2171 2894 2269 2947; x_wconf 80' lang='grc' dir='ltr'>ἁγίου</span> <span class='ocrx_word' id='word_1_748' title='bbox 2286 2894 2399 2933; x_wconf 89' lang='grc' dir='ltr'>Πνεύ-</span> 
     </span>
     <span class='ocr_line' id='line_1_97' title="bbox 1380 2955 2398 3008; baseline -0.001 -15"><span class='ocrx_word' id='word_1_749' title='bbox 1380 2972 1487 3006; x_wconf 81' lang='grc' dir='ltr'>ματος</span> <span class='ocrx_word' id='word_1_750' title='bbox 1504 2972 1511 2979; x_wconf 90' lang='grc'>·</span> <span class='ocrx_word' id='word_1_751' title='bbox 1535 2960 1722 3007; x_wconf 86' lang='grc' dir='ltr'>ἀναγκαῖον</span> <span class='ocrx_word' id='word_1_752' title='bbox 1743 2956 1778 2995; x_wconf 75' lang='grc' dir='ltr'>δὲ</span> <span class='ocrx_word' id='word_1_753' title='bbox 1798 2957 1857 2994; x_wconf 84' lang='grc' dir='ltr'>καὶ</span> <span class='ocrx_word' id='word_1_754' title='bbox 1881 2956 1926 2995; x_wconf 84' lang='grc' dir='ltr'>τὰ</span> <span class='ocrx_word' id='word_1_755' title='bbox 1951 2955 2027 3002; x_wconf 79' lang='grc' dir='ltr'>ἑξῆς</span> <span class='ocrx_word' id='word_1_756' title='bbox 2049 2955 2214 3008; x_wconf 81' lang='grc' dir='ltr'>εἰρημένα</span> <span class='ocrx_word' id='word_1_757' title='bbox 2230 2970 2398 3004; x_wconf 86' lang='grc' dir='ltr'>καταμα-</span> 
     </span>
     <span class='ocr_line' id='line_1_98' title="bbox 1379 3016 2398 3070; baseline -0.002 -15"><span class='ocrx_word' id='word_1_758' title='bbox 1379 3022 1471 3063; x_wconf 83' lang='grc' dir='ltr'>θεῖν,</span> <span class='ocrx_word' id='word_1_759' title='bbox 1498 3019 1557 3056; x_wconf 76' lang='grc' dir='ltr'>καὶ</span> <span class='ocrx_word' id='word_1_760' title='bbox 1590 3019 1673 3056; x_wconf 80' lang='grc' dir='ltr'>ἰδεῖν</span> <span class='ocrx_word' id='word_1_761' title='bbox 1694 3018 1752 3056; x_wconf 76' lang='grc' dir='ltr'>καὶ</span> <span class='ocrx_word' id='word_1_762' title='bbox 1784 3017 1847 3064; x_wconf 76' lang='grc' dir='ltr'>τὴν</span> <span class='ocrx_word' id='word_1_763' title='bbox 1867 3020 1979 3070; x_wconf 68' lang='grc' dir='ltr'>ψῆφον</span> <span class='ocrx_word' id='word_1_764' title='bbox 2008 3017 2070 3064; x_wconf 82' lang='grc' dir='ltr'>τὴν</span> <span class='ocrx_word' id='word_1_765' title='bbox 2089 3016 2187 3068; x_wconf 85' lang='grc' dir='ltr'>παρὰ</span> <span class='ocrx_word' id='word_1_766' title='bbox 2214 3020 2274 3054; x_wconf 87' lang='grc' dir='ltr'>τοῦ</span> <span class='ocrx_word' id='word_1_767' title='bbox 2305 3018 2398 3054; x_wconf 86' lang='grc' dir='ltr'>Θεοῦ</span> 
     </span>
     <span class='ocr_line' id='line_1_99' title="bbox 1378 3073 2396 3130; baseline -0.003 -14"><span class='ocrx_word' id='word_1_768' title='bbox 1378 3079 1458 3130; x_wconf 77' lang='grc' dir='ltr'>περὶ</span> <span class='ocrx_word' id='word_1_769' title='bbox 1476 3081 1578 3116; x_wconf 76' lang='grc' dir='ltr'>αὐτοῦ</span> <span class='ocrx_word' id='word_1_770' title='bbox 1601 3078 1796 3130; x_wconf 81' lang='grc' dir='ltr'>γινομένην.</span> <span class='ocrx_word' id='word_1_771' title='bbox 1820 3073 1930 3116; x_wconf 66' lang='grc' dir='ltr'>Αῧται</span> <span class='ocrx_word' id='word_1_772' title='bbox 1957 3079 1993 3116; x_wconf 79' lang='grc' dir='ltr'>δὲ</span> <span class='ocrx_word' id='word_1_773' title='bbox 2007 3107 2016 3124; x_wconf 95' lang='grc'>,</span> <span class='ocrx_word' id='word_1_774' title='bbox 2044 3077 2168 3129; x_wconf 77' lang='grc' dir='ltr'>φησὶν,</span> <span class='ocrx_word' id='word_1_775' title='bbox 2188 3079 2224 3114; x_wconf 81' lang='grc' dir='ltr'>αἱ</span> <span class='ocrx_word' id='word_1_776' title='bbox 2247 3076 2396 3127; x_wconf 86' lang='grc' dir='ltr'>γενέσεις</span> 
     </span>
     <span class='ocr_line' id='line_1_100' title="bbox 1379 3137 2396 3192; baseline -0.004 -14"><span class='ocrx_word' id='word_1_777' title='bbox 1379 3141 1458 3178; x_wconf 63' lang='grc' dir='ltr'>Νῶε</span> <span class='ocrx_word' id='word_1_778' title='bbox 1475 3156 1482 3162; x_wconf 93' lang='grc'><em>·</em></span> <span class='ocrx_word' id='word_1_779' title='bbox 1511 3141 1588 3177; x_wconf 63' lang='grc' dir='ltr'>Νῶε</span> <span class='ocrx_word' id='word_1_780' title='bbox 1604 3140 1782 3192; x_wconf 82' lang='grc' dir='ltr'>ἅνθρωπος</span> <span class='ocrx_word' id='word_1_781' title='bbox 1798 3139 1948 3187; x_wconf 78' lang='grc' dir='ltr'>δίκαιος,</span> <span class='ocrx_word' id='word_1_782' title='bbox 1975 3139 2104 3181; x_wconf 90' lang='grc' dir='ltr'>τέλειος</span> <span class='ocrx_word' id='word_1_783' title='bbox 2117 3137 2164 3174; x_wconf 87' lang='grc' dir='ltr'>ὢν</span> <span class='ocrx_word' id='word_1_784' title='bbox 2182 3139 2216 3175; x_wconf 84' lang='grc' dir='ltr'>ἐν</span> <span class='ocrx_word' id='word_1_785' title='bbox 2230 3139 2274 3188; x_wconf 83' lang='grc' dir='ltr'>τῇ</span> <span class='ocrx_word' id='word_1_786' title='bbox 2294 3143 2396 3189; x_wconf 76' lang='grc' dir='ltr'>γενεᾷ</span> 
     </span>
     <span class='ocr_line' id='line_1_101' title="bbox 1379 3197 2395 3253; baseline -0.002 -16"><span class='ocrx_word' id='word_1_787' title='bbox 1379 3203 1499 3239; x_wconf 80' lang='grc' dir='ltr'>αὐτοῦ·</span> <span class='ocrx_word' id='word_1_788' title='bbox 1523 3203 1572 3251; x_wconf 80' lang='grc' dir='ltr'>τῷ</span> <span class='ocrx_word' id='word_1_789' title='bbox 1595 3203 1678 3252; x_wconf 80' lang='grc' dir='ltr'>Θεῷ</span> <span class='ocrx_word' id='word_1_790' title='bbox 1698 3201 1908 3253; x_wconf 78' lang='grc' dir='ltr'>εὐηρέστησε</span> <span class='ocrx_word' id='word_1_791' title='bbox 1934 3201 2025 3238; x_wconf 61' lang='grc' dir='ltr'>ιἰῦε.</span> <span class='ocrx_word' id='word_1_792' title='bbox 2050 3198 2157 3242; x_wconf 85' lang='grc' dir='ltr'>Ξένος</span> <span class='ocrx_word' id='word_1_793' title='bbox 2177 3197 2395 3249; x_wconf 85' lang='grc' dir='ltr'>γενεαλογίας</span> 
     </span>
     <span class='ocr_line' id='line_1_102' title="bbox 1379 3252 2393 3313; baseline -0.003 -15"><span class='ocrx_word' id='word_1_794' title='bbox 1379 3261 1516 3313; x_wconf 68' lang='grc' dir='ltr'>τρόπος.</span> <span class='ocrx_word' id='word_1_795' title='bbox 1543 3263 1699 3300; x_wconf 79' lang='grc' dir='ltr'>Εἰποῦσα</span> <span class='ocrx_word' id='word_1_796' title='bbox 1728 3261 1794 3313; x_wconf 83' lang='grc' dir='ltr'>γὰρ</span> <span class='ocrx_word' id='word_1_797' title='bbox 1823 3265 1844 3307; x_wconf 80' lang='grc' dir='ltr'>ἡ</span> <span class='ocrx_word' id='word_1_798' title='bbox 1877 3261 1951 3298; x_wconf 85' lang='grc' dir='ltr'>θεία</span> <span class='ocrx_word' id='word_1_799' title='bbox 1980 3258 2121 3312; x_wconf 71' lang='grc' dir='ltr'>Γραφὴ,</span> <span class='ocrx_word' id='word_1_800' title='bbox 2152 3252 2263 3297; x_wconf 56' lang='lat' dir='ltr'>afim</span> <span class='ocrx_word' id='word_1_801' title='bbox 2294 3256 2328 3296; x_wconf 80' lang='grc' dir='ltr'>δὲ</span> <span class='ocrx_word' id='word_1_802' title='bbox 2358 3261 2393 3295; x_wconf 87' lang='grc' dir='ltr'>αἱ</span> 
     </span>
    </p>
   </div>
  </div>
 </body>
</html>
