2516 3791
616 192 689 244 iffi
729 215 831 244 CAP.
874 213 968 242 vlu.
1006 210 1166 241 CRM-25.
1211 209 1365 239 nomi„
1408 207 1550 238 XXVI!-
2028 208 2116 254 290

71 302 165 355 ῥίζαν
191 300 249 339 καὶ
274 297 386 352 ἀρχὴν
409 298 566 351 γενέσθαι
589 300 648 334 τοῖ’,
668 299 735 334 τῶν
756 296 946 349 ἀνθρώπων
966 294 1092 346 γένους.
1171 292 1214 330 Et
1235 292 1316 331 vide
1332 291 1480 337 iterum,
1494 297 1664 340 quantam
1680 301 1762 338 erga
1777 289 1916 340 justum
1929 288 2030 325 illum
2050 289 2115 326 de—

71 361 140 400 Καὶ
159 360 264 399 πάλιν
285 359 408 399 σκόπει
426 359 538 406 πόσην
558 357 637 410 περὶ
661 357 762 396 αὐτὸν
779 357 1014 396 ἐπιδείκνυται
1031 355 1093 402 τὴν
1168 354 1276 392 claret
1292 352 1556 392 liberalitatem.
1578 351 1712 388 Totum
1733 350 1928 387 humanum
1946 363 2056 399 genus
2074 351 2119 387 ali

70 420 282 475 φιλοτιμίαν.
309 420 393 459 Ἀπὸ
416 425 476 459 τοῦ
503 419 636 457 δικαίου
657 418 779 456 τούτου
803 418 949 457 καὶτῶν
973 416 1093 456 τούτου
1169 431 1208 454 eo
1230 424 1263 454 et
1285 415 1371 453 filiis
1390 411 1697 467 ejus-instauravit
1713 442 1722 459 ‚
1743 411 1829 449 etin
1851 419 1984 448 tantam
1998 410 2120 448 multi-

69 484 152 521 υἱῶν
175 482 316 520 ἅπασαν
337 481 401 528 τὴν
421 483 490 519 τῶν
510 478 701 532 ἀνθρώπων
728 480 828 532 φύσιν
859 480 905 521 εἰς
934 481 1093 517 τοσοῦτον
1108 504 1157 528 255
1170 477 1327 515 tudinem
1343 489 1545 514 excrescere
1563 473 1704 512 curavit
1719 503 1730 523 ,
1751 472 1998 526 paulatimque
2005 473 2122 524 justos

69 545 199 590 πλῆθος
233 542 425 582 ἐπιδιδόναι
458 541 718 594 παρεσκεύασε,
751 540 811 579 καὶ
849 538 940 578 κατὰ
971 539 1095 591 μικρὸν
1121 541 1144 569 Λ
1168 539 1313 589 eligens,
1327 537 1548 590 patriarchas
1568 535 1662 582 dico,
1683 543 1914 588 praeceptores
1927 533 2025 571 dedit
2042 534 2123 572 reli-

69 603 147 648 τοὺς
176 603 329 648 δικαίους
357 602 582 654 ἐκλεξάμενος
597 631 607 650 ,
636 601 716 646 τοὺς
742 601 964 653 πατριάρχας
990 598 1095 651 λέγω,
1170 614 1240 651 quo
1264 599 1448 637 bominum
1461 597 1602 649 generi,
1622 597 1681 648 qui
1699 611 1763 634 sua
1780 598 1914 635 virtute
1926 610 2046 634 omnes
2061 611 2123 634 nos

70 665 298 709 διδασκάλους
317 664 488 710 ἐπέστησε
507 665 557 716 τῷ
583 665 696 715 λοιπῷ
715 665 784 701 τῶν
812 660 1003 714 ἀνθρώπων
1031 658 1093 711 γέ·
1170 660 1376 707 instituere,
1395 668 1449 707 et,
1470 658 1570 708 quasi
1595 657 1721 695 medici
1740 687 1749 703 ‚
1771 666 1979 708 zrgrotantes
2000 671 2124 695 curare

69 742 138 771 νει,
154 725 210 764 διὰ
231 729 293 773 τῆς
311 724 440 768 οἰκείας
464 726 589 778 ἀρετῆς
609 724 766 766 ἅπαντας
787 725 965 773 ἐναγαγεῖν
989 720 1094 758 δυνα-
1168 721 1319 773 possint.
1342 720 1389 757 Et
1408 719 1514 757 modo
1537 732 1593 756 eos
1614 718 1648 755 in
1672 719 1896 756 Palrestinam
1916 750 1924 763 ,
1954 719 2061 757 modo
2087 719 2123 757 in

71 786 211 838 μένους,
229 787 287 825 καὶ
313 786 472 839 καθάπερ
494 782 650 836 ἰατροὺς,
679 783 757 828 τοὺς
786 780 1015 829 νενοσηκότας
1044 784 1096 818 θε·
1169 782 1370 833 AEgyptum
1392 779 1538 818 deducit
1556 808 1566 827 ,
1585 778 1693 817 simul
1717 787 1750 815 et
1769 792 1954 816 servorum
1977 794 2123 818 suorum

71 847 229 900 ραπεύειν
251 845 474 898 δυναμένους.
500 844 592 884 Ποτὲ
612 843 674 895 μὲν
692 845 739 887 εἰς
761 843 824 890 τὴν
841 842 1096 888 Παλαιστίνην,
1171 842 1376 895 patientiam
1392 854 1558 878 exercens
1581 870 1592 889 ‚
1621 848 1654 877 et
1681 853 1781 877 suam
1801 839 1970 877 virtutem
1988 841 2121 879 clario-

68 909 152 948 ποτὲ
173 908 208 947 δὲ
238 910 285 952 εἰς
307 907 484 959 Αἴγυπτον
506 906 672 957 κατάγει,
691 907 778 956 ὁμοῦ
808 903 868 942 καὶ
892 906 960 941 τῶν
990 904 1095 941 αὐτοῦ
1169 918 1244 942 rem
1259 912 1458 941 monstrans
1473 933 1484 953 ,
1506 901 1706 952 mansitque
1726 915 1864 953 semper
1880 903 2001 939 eodem
2019 903 2124 940 modo

69 970 198 1008 δούλων
232 969 455 1020 ἐγγυμνάζων
482 967 547 1014 τὴν
578 966 777 1018 ὑπομονὴν,
799 965 858 1004 καὶ
882 965 945 1012 τὴν
966 963 1096 1003 οἰκείαν
1169 965 1334 1004 humanas·
1356 965 1481 1004 salutis
1508 977 1631 1003 curam
1655 976 1778 1015 gerens
1805 978 1813 999 :
1837 962 2005 1001 exhibuit
2036 979 2121 1016 pro-

69 1031 215 1083 δύναμιν
234 1030 532 1084 περιφανεστέραν
552 1028 684 1073 δεικνύς
698 1045 705 1052 ·
733 1028 793 1067 καὶ
819 1028 985 1074 διηνεκῶς
1007 1025 1097 1066 οὕτω
1170 1027 1307 1080 phetas,
1329 1036 1363 1065 ct
1382 1041 1444 1080 per
1459 1026 1541 1065 illos
1561 1025 1662 1077 signa
1680 1033 1714 1063 et
1737 1024 1901 1078 prodigia
1918 1024 2042 1063 edidit.
2062 1028 2124 1064 At-

69 1093 241 1133 διετέλεσε
271 1091 458 1145 φροντίζων
484 1093 547 1137 τῆς
574 1093 644 1128 τῶν
679 1089 872 1144 ἀνθρώπων
904 1087 1098 1140 σωτηρίας,
1169 1103 1261 1141 que,
1285 1098 1324 1126 ut
1345 1088 1492 1128 brevius
1519 1087 1639 1126 dicam
1665 1103 1673 1124 :
1700 1086 2002 1138 quemadmodum
2030 1088 2126 1126 enim

69 1154 249 1209 προφήτας
277 1151 497 1200 ἀναδεικνὺς,
528 1151 590 1190 καὶ
613 1157 744 1202 σημεῖα
774 1150 834 1188 καὶ
861 1149 1023 1201 θαύματα
1055 1149 1098 1186 δι’
1170 1150 1277 1188 maris
1293 1150 1424 1188 fluctus
1444 1180 1455 1199 ‚
1477 1147 1643 1200 quamvis
1660 1147 1854 1187 sexcenties
1873 1146 1912 1184 id
1932 1161 2126 1196 conemur,

71 1217 183 1254 αὐτῶν
200 1217 436 1254 ἐπιτελεῖσθαι
453 1217 574 1253 ποιῶν.
593 1207 695 1259 Εἶτα,
717 1213 774 1251 ἵνα
791 1211 971 1263 συντεμὼν
988 1211 1076 1250 εἴπω
1089 1226 1097 1234 ·
1123 1222 1146 1252 Β
1169 1224 1376 1249 enumerare
1396 1223 1594 1261 numquam
1613 1209 1809 1262 poterimus
1829 1224 1837 1245 ε
1864 1209 1913 1246 ita
1932 1222 2044 1259 neque
2057 1209 2125 1247 be-

72 1276 230 1330 καθάπερ
247 1276 315 1329 γὰρ
330 1279 392 1323 τῆς
409 1274 583 1321 θαλάττης
598 1273 642 1312 τὰ
667 1274 809 1325 κύματα
823 1303 832 1321 ,
850 1273 914 1311 κᾶν
936 1272 1100 1324 μυριάκις
1170 1272 1378 1310 neficiorum
1399 1272 1489 1321 Dei,
1511 1286 1590 1323 quae
1611 1271 1647 1309 in
1668 1279 1825 1309 nostram
1846 1271 1999 1309 contulit
2020 1281 2125 1309 natu-

72 1334 290 1385 βιασώμεθα,
310 1336 371 1372 οὐκ
390 1334 431 1371 άν
456 1349 541 1372 ποτε
567 1333 795 1383 δυνηθείημεν
823 1331 1098 1384 ἐξαριθμεῖσθαι,
1170 1347 1262 1383 ram,
1279 1333 1504 1371 varietatem.
1528 1332 1692 1371 Tandem
1709 1332 1770 1371 ubi
1787 1331 1880 1370 vidit
1894 1341 1974 1384 post
1992 1341 2128 1370 tantam

71 1394 178 1438 οὕτως
194 1394 270 1434 οὐδὲ
287 1395 326 1433 τὸ
341 1394 498 1433 ποικίλον
525 1397 593 1432 τῶν
614 1395 818 1445 εὐεργεσιῶν
840 1397 900 1431 τοῦ
918 1393 1033 1439 Θεοῦ,
1051 1385 1099 1429 ὧν
1169 1408 1271 1433 suam
1296 1393 1562 1446 providentiam
1598 1393 1717 1432 adhuc
1744 1393 1858 1431 multa
1883 1403 1917 1432 et
1953 1394 2128 1431 ineffabili

70 1457 151 1510 περὶ
177 1456 241 1504 τὴν
271 1455 446 1508 ἡμετέραν
473 1455 574 1508 φύσιν
603 1455 815 1499 ἐπεδείξατο.
834 1454 888 1493 Τὸ
916 1453 951 1492 δὲ
977 1454 1098 1492 τελευ-
1170 1455 1417 1494 misericordia
1435 1455 1598 1507 indigere
1615 1455 1815 1493 humanum
1835 1468 1945 1506 genus
1960 1485 1970 1503 ‚
1989 1464 2022 1493 et
2036 1455 2128 1493 nibil

70 1524 179 1566 ταῖον,
199 1517 318 1565 ἐπειδὴ
332 1511 400 1556 εἶδε
418 1517 508 1568 μετὰ
525 1516 697 1565 τοσαύτην
713 1515 877 1570 πρόνοιαν
898 1515 950 1554 ἔτι
966 1517 1100 1562 πολλῆς
1170 1517 1252 1570 plus
1271 1517 1394 1555 fecisse
1411 1517 1468 1555 vel
1491 1516 1715 1570 patriarchas
1730 1546 1742 1567 ,
1759 1517 1818 1555 vel
1834 1516 2026 1569 prophetas
2042 1547 2051 1565 ,
2071 1517 2129 1555 vel

71 1578 130 1618 καὶ
154 1579 286 1632 ἀφάτου
312 1578 574 1632 φιλανθρωπίας
602 1580 768 1629 δεομένην
787 1577 850 1626 τὴν
872 1581 940 1616 τῶν
967 1576 1100 1630 ἀνθρώ·
1172 1578 1273 1630 signa
1287 1578 1516 1618 admirabilia
1529 1610 1540 1626 ,
1563 1579 1622 1617 vel
1641 1592 1776 1631 poenas,
1791 1578 1850 1616 vel
1868 1578 2130 1617 admonitiones

73 1656 146 1679 πων
166 1639 286 1692 φύσιν,
308 1639 367 1678 καὶ
384 1639 478 1679 οὐδὲν
501 1639 606 1678 πλέον
626 1639 856 1692 ἰσχύσαντας,
873 1641 911 1678 οὐ
931 1637 1008 1682 τοὺς
1032 1653 1101 1675 πα-
1173 1640 1254 1678 illas
1288 1641 1574 1692 frequentissime
1603 1640 1786 1678 adhibitas
1808 1671 1817 1689 ,
1843 1649 1877 1678 et
1907 1640 2131 1693 captivitates

73 1701 261 1754 τριάρχας,
282 1703 321 1739 οὐ
346 1699 426 1745 τοὺς
452 1700 656 1753 προφήτας,
676 1703 713 1739 οὐ
740 1700 785 1739 τὰ
805 1699 968 1751 θαύματα
987 1703 1102 1738 ἐκεῖνα
1172 1702 1254 1740 illas
1278 1702 1347 1740 sibi
1366 1702 1522 1740 invicem
1546 1701 1772 1740 succedentes
1791 1717 1798 1738 :
1821 1702 1921 1752 quasi
1944 1702 2131 1740 miseratus

74 1762 118 1801 τὰ
137 1763 332 1814 παράδοξα,
352 1764 389 1801 οὐ
410 1761 472 1806 τὰς
490 1761 661 1814 τιμωρίας
685 1762 745 1800 καὶ
763 1761 824 1805 τὰς
844 1760 1023 1805 νουθεσίας
1041 1760 1104 1804 τὰς
1175 1777 1286 1816 genus
1306 1773 1466 1802 nostrum
1490 1794 1500 1813 ,
1522 1764 1619 1802 misit
1643 1762 1688 1801 ad
1702 1777 1765 1801 nos
1780 1763 1981 1801 animarum
1999 1778 2129 1816 corpo-

76 1826 154 1862 καθ’
175 1824 319 1863 ἕκαστον
338 1823 572 1875 ἐπαγομένας,
590 1823 649 1861 καὶ
668 1822 730 1866 τὰς
753 1822 999 1875 αἰχμαλωσίας
1018 1821 1104 1861 ἐκεί·
1176 1839 1329 1876 rumque
1343 1824 1538 1873 medicum,
1559 1824 1780 1876 unigenitum
1800 1839 1904 1862 suum
1922 1825 2069 1869 Filium,
2086 1839 2131 1864 ex

77 1901 137 1928 νας
151 1884 212 1928 τὰς
226 1885 457 1930 ἐπαλλήλους,
473 1883 594 1937 ὥσπερ
609 1883 780 1936 οἰκτείρας
795 1884 834 1922 τὸ
849 1883 944 1934 γένος
958 1883 998 1922 τὸ
1018 1882 1104 1933 ἡμέ-
1176 1886 1347 1938 paternis,
1374 1895 1413 1923 ut
1433 1885 1480 1923 ita
1497 1885 1627 1933 dicam,
1648 1885 1787 1923 sinibus
1804 1885 1964 1923 excitans
1985 1901 1992 1922 :
2016 1886 2132 1924 voluit

77 1962 174 1997 τερον
187 1976 196 1992 ,
217 1949 285 1984 τῶν
299 1948 421 1998 ψυχῶν
437 1945 496 1983 καὶ
511 1948 578 1983 τῶν
598 1945 770 1996 σωμάτων
790 1945 927 1997 ἰατρὸν,
944 1944 1002 1982 τὸν
1021 1945 1102 1983 Υἱὸν
1127 1959 1150 1989 c
1177 1956 1338 2000 suscepta
1356 1947 1449 1985 servi
1471 1947 1585 1985 forma
1605 1961 1624 1985 e
1643 1947 1795 1998 Virgine
1829 1946 1936 1995 nasci,
1957 1956 1991 1985 et
2010 1947 2132 1986 nobis-

78 2011 181 2048 αὐτοῦ
209 2008 266 2047 τὸν
297 2010 463 2060 μονογενῆ
492 2009 531 2046 ἐκ
557 2011 626 2046 τῶν
654 2007 794 2046 κολπων
812 2007 1012 2054 ἀναστήσας
1028 2037 1037 2052 ‚
1057 2009 1104 2052 ὡς
1177 2023 1258 2048 cum
1280 2008 1493 2057 conversari,
1509 2018 1542 2046 et
1553 2008 1672 2046 omnia
1691 2017 1808 2046 nostra
1828 2009 1919 2047 ferre
1937 2040 1946 2057 ‚
1964 2018 2003 2047 ut
2022 2022 2134 2060 genus

77 2071 207 2117 εἰπεῖν,
236 2073 305 2108 τῶν
333 2072 536 2121 πατρικῶν,
563 2068 682 2107 δούλου
715 2068 850 2121 μορφὴν
883 2068 1104 2107 ἀναλαέόντα
1176 2079 1338 2109 nostrum
1359 2068 1513 2122 peccatis
1539 2083 1749 2122 oppressum
1771 2070 1892 2121 jacens
1918 2084 1936 2108 a
1967 2070 2068 2108 terris
2096 2070 2132 2108 in

77 2129 338 2184 παρεσκεύασεν
365 2133 404 2169 ἐκ
428 2130 598 2182 παρθένου
631 2132 821 2181 τεχθῆναι,
850 2129 910 2167 καὶ
929 2128 990 2168 σὺν
1017 2133 1103 2181 ἡμῖν
1177 2132 1304 2170 caelum
1333 2131 1530 2169 subvehere
1560 2130 1684 2183 possit.
1715 2130 1764 2168 Et
1795 2130 1862 2168 hoc
1883 2131 2135 2184 obstupescens

78 2193 344 2244 ἀναστραφῆναι
355 2219 365 2237 ,
382 2190 442 2229 καὶ
456 2191 573 2229 πάντα
586 2191 773 2240 ὑπομεῖναι
788 2190 833 2228 τὰ
855 2190 1028 2242 ἡμέτερα,
1048 2190 1104 2228 ἵνα
1176 2191 1328 2229 tonitrui
1345 2191 1452 2239 silius,
1468 2189 1767 2240 consideransque
1781 2188 1983 2227 dilectionis
1999 2190 2134 2228 divinae

75 2252 138 2300 τὴν
154 2252 326 2304 ἡμετέραν
349 2252 448 2304 φύσιν
464 2251 561 2290 κάτω
581 2267 646 2290 που
671 2251 838 2302 κειμένην
857 2251 924 2290 ὑπὸ
949 2257 1009 2291 τοῦ
1035 2254 1104 2290 τῶν
1176 2251 1426 2292 excellentiam
1443 2281 1453 2299 ‚
1477 2266 1585 2303 quam
1605 2265 1686 2303 erga
1707 2265 1817 2303 genus
1836 2259 1997 2289 nostrum
2016 2251 2136 2290 deela-

76 2314 342 2368 ἇμαρτημάτων
358 2313 511 2361 πλήθους
530 2316 717 2365 ἀναγαγεῖν
732 2314 861 2364 δυνηθῇ
882 2313 952 2352 ἀπὸ
966 2316 1029 2360 τ’ἤς
1041 2317 1105 2367 γῆς
1177 2314 1271 2353 ravit
1288 2344 1300 2364 ,
1321 2313 1497 2352 clamabat
1514 2323 1546 2351 et
1565 2313 1708 2352 dicebat
1730 2329 1738 2349 :
1756 2313 1818 2352 Sic
1835 2315 1936 2351 enim
1954 2315 2063 2352 Deus
2076 2315 2134 2352 di-
2147 2317 2333 2347 Joan.3.=6.

76 2377 124 2419 εἷς
138 2376 196 2414 τὸν
213 2374 367 2427 οὐρανόν.
389 2374 459 2413 Καὶ
475 2377 578 2412 τοῦτο
597 2373 875 2424 ἐκπληττόμενος
893 2377 911 2413 ὃ
925 2377 988 2421 τῆς
1005 2377 1105 2427 βρῦν·
1179 2381 1276 2419 lexit
1310 2380 1510 2418 mundum.
1534 2379 1632 2418 Vide
1660 2387 1793 2431 quanto
1823 2378 1998 2417 miraculo
2029 2379 2133 2431 plena

75 2439 138 2483 τ’ῗις
151 2437 220 2480 υἱὸς
231 2467 240 2484 ,
255 2436 314 2475 καὶ
331 2438 453 2474 ἕννῡῶν
470 2439 532 2482 ῒῆς
546 2435 684 2486 ἀγάπης
697 2440 756 2475 τοῦ
771 2438 864 2475 Θεοῦ
879 2435 942 2484 τὴν
957 2436 1106 2488 ὓπερὸο-
1176 2441 1253 2479 haec
1268 2440 1380 2479 dictio
1403 2456 1414 2477 .·
1441 2441 1503 2480 Sic
1515 2471 1525 2489 ,
1542 2440 1607 2489 ait,
1629 2440 1678 2478 rei
1697 2439 1981 2491 magnitudinem
1999 2455 2133 2493 expen—

75 2498 159 2546 λὴν,
173 2498 214 2545 ἣν
230 2497 308 2550 περὶ
324 2497 363 2535 τὸ
377 2501 447 2536 τῶν
465 2496 657 2549 ἀνθρώπων
673 2497 770 2549 γένος
799 2498 1106 2546 ἕπεδείξατο,ἕὲόα
1176 2502 1263 2541 dens
1277 2532 1287 2550 ‚
1310 2517 1419 2554 quam
1441 2502 1603 2540 dicturus
1629 2510 1704 2539 erat
1727 2517 1735 2538 ι
1758 2511 1941 2553 propterea
1965 2501 2011 2538 ad
2039 2501 2135 2539 bunc

76 2559 134 2598 καὶ
153 2560 268 2611 ἔλεγεν
284 2575 292 2582 ·
315 2559 421 2598 Οὕτω
436 2558 504 2612 γὰρ
522 2559 706 2610 ἠγάπησεν
731 2562 749 2597 ὁ
772 2559 863 2604 Θεὸς
881 2560 939 2599 τὸν
960 2560 1103 2612 κόσμον.
1176 2561 1326 2600 modum
1345 2575 1492 2600 exorsus
1507 2569 1558 2599 est
1573 2577 1580 2597 :
1598 2561 1660 2599 Sic
1680 2561 1832 2600 dilexit.
1856 2559 1924 2597 Dic
1946 2559 2056 2610 igitur
2071 2574 2134 2598 no-

74 2619 172 2674 εὈρα
189 2620 299 2659 πόσου
317 2620 495 2671 θαύματος
513 2619 614 2672 γέμει
632 2627 654 2668 ὴ
671 2619 762 2665 λέξις
775 2636 782 2643 ·
798 2620 923 2669 Οὕτω,
940 2622 1044 2674 φησὶ,
1064 2622 1105 2660 τὸ
1176 2623 1245 2672 his,
1271 2623 1373 2662 beate
1392 2624 1559 2666 Joannes,
1580 2621 1759 2672 quomodo
1781 2622 1844 2660 Sic
1865 2621 1882 2658 ,⁰
1901 2620 1960 2658 dic
1984 2635 2133 2659 mensu-

75 2681 218 2734 μέγεθος
246 2681 553 2733 ἀναλογιζόμενος,
585 2681 670 2735 ὅπερ
707 2681 859 2732 ἤμελλεν
895 2685 1008 2736 ἐρεῖν·
1046 2684 1102 2722 διὰ
1129 2695 1154 2725 D
1177 2699 1269 2734 ram,
1292 2685 1352 2723 dic
1374 2682 1674 2734 magnitudinem,
1691 2682 1778 2720 doce
1791 2696 1853 2720 nos
1869 2681 2129 2720 excellentiam.

74 2747 175 2782 τοῦτο
208 2742 315 2787 Οὕτως
347 2741 488 2795 ἤρξατο·
525 2742 615 2781 Εἰπὲ
651 2736 709 2781 Οῧν
747 2746 855 2794 ἡμῖν,
888 2737 917 2782 ὦ
951 2745 1104 2798 μακάριε
1176 2747 1238 2785 Sic
1258 2749 1358 2784 enim
1385 2746 1525 2782 dilexit
1552 2745 1659 2782 Deus
1681 2745 1893 2789 mundum,
1921 2752 1963 2781 ut
1983 2745 2135 2782 Filium

76 2804 222 2850 Ἰωάννη
237 2820 245 2827 ·
266 2803 393 2853 Οὕτω,
413 2806 507 2852 πῶς;
531 2803 608 2844 εἰπὲ
628 2804 666 2843 τὸ
697 2804 823 2856 μέτρον
838 2835 848 2852 ,
871 2804 946 2844 εἰπὲ
975 2806 1014 2844 τὸ
1035 2805 1103 2857 μέ-
1176 2822 1288 2847 suum
1310 2809 1551 2859 unigenitum
1565 2807 1676 2842 daret
1690 2835 1701 2851 ‚
1722 2813 1763 2842 ut
1783 2807 1907 2842 omnis
1927 2807 1995 2857 qui
2013 2808 2134 2844 credit
2148 2853 2157 2858 ι

75 2869 194 2916 γεθος,
215 2864 348 2909 δίδαξον
368 2869 462 2916 ἡμᾶς
479 2865 542 2913 τὴν
565 2865 773 2918 ὑπερὸολήν.
796 2865 902 2904 Οὕτω
923 2865 989 2919 γὰρ
1009 2866 1103 2917 ἠγά-
1176 2873 1218 2907 in
1238 2870 1363 2916 illum,
1380 2883 1457 2906 non
1475 2875 1621 2919 pereat,
1641 2867 1709 2905 sed
1723 2867 1865 2904 habeat
1889 2869 2008 2905 vitam
2030 2877 2134 2906 oeter-

76 2941 187 2972 πησεν
207 2929 225 2964 ὁ
244 2925 334 2970 Θεὸς
353 2926 411 2964 τὸν
432 2926 584 2977 κόσμον,
612 2926 703 2966 ὥστε
731 2927 789 2965 τὸν
809 2927 893 2966 Υἱὸν
914 2928 1020 2966 αὐτοῦ
1045 2928 1103 2966 τὸν
1177 2945 1282 2969 nam.
1307 2929 1441 2969 Vidisti
1463 2942 1605 2966 causam
1625 2927 1801 2966 adventus
1821 2927 1904 2966 Filii
1927 2928 2019 2967 hanc
2040 2943 2128 2979 esse,
2210 2944 2300 2972 caus,

78 2988 244 3037 μονογενῆ
266 2986 435 3035 δέδωκεν,
451 2986 512 3025 ἵνα
532 2993 599 3031 πᾶς
617 2990 634 3026 ὁ
653 2988 826 3027 πιστεύων
853 2991 900 3032 εἷς
930 2990 1031 3029 αὐτὸν
1051 2989 1101 3040 μὴ
1176 2999 1214 3028 ut
1234 3004 1296 3042 per
1319 2988 1427 3026 sidem
1450 2988 1483 3025 in
1505 2987 1643 3025 illumii
1662 2986 1722 3037 qui
1738 2987 1886 3039 perituri
1907 2998 2022 3038 erant,
2038 2990 2132 3027 salu-
2146 2989 2286 3037 ἤὼὲΜΨ

77 3048 268 3095 ἀποληται,
297 3049 374 3085 ἀλλ’
406 3045 470 3100 ἔχῃ
490 3048 579 3096 ζωὴν
600 3048 750 3090 αἰώνιον.
773 3043 873 3093 Εἶδες
897 3050 958 3097 τὴν
988 3050 1102 3088 αἰτίαν
1177 3050 1220 3089 tis
1241 3050 1462 3088 occasionem
1479 3048 1907 3094 invenirentPQuomodo
1921 3049 2001 3101 quis
2018 3061 2133 3091 mente
2145 3032 2266 3057 ‘'inm''

76 3111 137 3155 τῆς
154 3113 213 3147 τοῦ
228 3110 313 3148 Υῖοῧ
330 3110 523 3162 παρουσίας
537 3111 666 3159 ταύτην
678 3105 798 3159 οὖσαν,
815 3112 906 3151 ὥστε
921 3111 1000 3156 τοὺς
1019 3112 1107 3164 μέλ-
1181 3111 1380 3164 conceperit
1396 3123 1561 3161 magnam
1573 3118 1605 3147 ct
1616 3109 1864 3148 admirabilem
1882 3110 1994 3160 illam,
2009 3122 2132 3163 etqua:

75 3171 197 3214 λοντας
216 3170 433 3210 ἀπόλλυσθαι
456 3172 631 3226 σωτηρίας
651 3173 813 3226 ἀφορμὴν
831 3176 940 3226 εὑρεῖν
960 3174 1017 3213 διὰ
1041 3177 1104 3221 τῆς
1181 3188 1321 3212 omnem
1349 3172 1521 3211 rationem
1545 3171 1656 3210 vincit
1680 3202 1689 3220 ‚
1718 3172 1967 3211 liberalitatem
1984 3204 1995 3223 ‚
2025 3189 2133 3225 quam

79 3234 125 3275 εἰς
157 3231 256 3274 αὐτὸν
275 3232 509 3281 πίττεως;”Γί
540 3234 579 3272 ἄν
610 3250 663 3277 τις
687 3235 868 3286 λογίσαιτο
897 3237 945 3279 εἰς
972 3236 1103 3274 ἔννοιαν
1181 3245 1316 3273 naturae
1340 3243 1465 3271 nostra:
1494 3247 1556 3285 per
1585 3232 1718 3271 donum
1748 3234 1917 3287 baptismi
1947 3237 2129 3283 concessit,

79 3292 185 3330 ἐλθὼν
209 3295 270 3338 τῆς
291 3294 489 3346 φιλοτιμίας
513 3295 646 3342 ἐκείνης
666 3299 727 3342 τῆς
757 3297 914 3348 μεγάλης
939 3298 999 3336 καὶ
1019 3301 1103 3336 θαυ-
1180 3297 1338 3335 omnium
1349 3304 1573 3348 pcccatorum
1589 3304 1790 3334 nostrorum
1803 3296 1884 3334 data
1897 3297 2133 3335 remissione?

81 3356 214 3404 μαστῆς
226 3384 234 3400 ,
257 3355 315 3392 καὶ
337 3354 452 3394 πάντα
471 3356 620 3403 νικώσης
639 3357 740 3407 λόγον
753 3385 762 3401 ,
786 3357 828 3403 ἢν
849 3358 1041 3410 ἐχαρίσατο
1060 3362 1103 3411 τῇ
1181 3357 1250 3397 Sed
1262 3357 1349 3408 quid
1368 3356 1510 3394 dicam?
1528 3371 1639 3408 neque
1655 3372 1753 3395 incus
1769 3358 1919 3401 suflicit,
1935 3373 2049 3409 neque
2061 3373 2132 3397 ser·

532 3419 553 3426 ι..

82 3414 179 3465 φύσει
199 3418 240 3465 τῇ
261 3415 414 3469 ἡμετέρα
435 3416 491 3455 διὰ
510 3433 570 3462 της
603 3422 660 3455 τοῦ
690 3417 932 3468 βαπτίσματος
954 3420 1101 3470 δωρεῖς,
1132 3430 1153 3459 Ε
1183 3434 1237 3457 ino
1264 3418 1355 3456 valet
1385 3426 1508 3456 caetera
1539 3431 1757 3457 enumerare.
1785 3420 1875 3458 bam
1901 3420 2133 3469 quamuinvis
