2433 3775
756 179 796 209 ΙΝ
835 179 936 210 ΟΑΡ.
976 178 1006 208 1.

167 263 258 303 Ἀλλ’
293 265 387 302 οὑτοι
428 261 536 314 μηδὲν
580 263 649 300 τῶν
696 263 906 314 ἐγκειμένων
948 260 1142 311 συνιέντες,

1045 177 1207 209 (ΞΕΝΕΞ.
1247 178 1401 210 nomn..
1444 181 1531 211 Vm.

2113 175 2171 235 73

1270 263 1308 300 5.
1342 264 1480 303 Verum
1513 264 1568 302 1111
1603 264 1695 303 1111111
1721 280 1845 304 00111111
1873 281 1953 318 qua:
1978 269 2174 321 Scriptura:

114 327 234 368 ἁπλῶς
252 324 292 362 τὸ
323 325 419 363 ἐπιὸν
456 323 674 376 φθέγγονται.
712 323 845 377 Διόπερ
879 323 1049 377 προσήκει
1079 322 1142 370 τὴν
1169 337 1192 367 Β
1218 323 1337 362 verbis
1366 324 1594 363 continentur
1627 325 1885 377 intelligentes,
1919 336 2046 365 10111010
2079 330 2176 380 quod

114 385 251 425 ἐκείνων
282 384 458 438 ληρωδίαν
478 385 777 437 παρωσαμένους,
797 385 932 430 διδάξαι
961 389 1024 433 τῆς
1054 385 1143 424 Ἐκ-

113 447 260 494 κλησίας
278 446 323 485 τὰ
344 447 448 486 τέκνα
468 449 537 485 τῶν
557 446 749 499 εἰρημένων
775 448 838 494 τὴν
869 447 1048 494 ἀλήθειαν.
1080 447 1113 486 Τ
1118 446 1145 490 ίς

113 502 202 548 οὖν’
187 523 280 547 εστιν
288 503 398 553 οὗτος
410 539 419 555 ,
434 508 520 560 πρὸς
534 510 570 546 ὅν
588 524 693 560 φησι,
710 508 923 560 Ποιήσωμεν
943 509 1143 560 ἄνθρωπον,

114 570 179 614 Τίς
199 569 233 608 δὲ
253 570 375 617 ἄλλος,
395 571 472 608 ἀλλ’
491 568 513 615 ἢ
533 573 551 608 6
573 573 635 616 τῆς
657 570 810 622 μεγάλης
841 572 966 621 βουλῆς
983 571 1144 621 ἄγγελος,

114 635 132 670 6
153 632 350 683 θαυμαστὸς
369 631 528 683 σύμὸου)
522 635 621 679 ος,ὁ
646 631 887 680 ἐξουσιαστὴς,
909 631 966 669 6
944 647 1062 682 αρχων
1082 634 1144 677 τῆς

114 693 273 747 εἰρήνης,
294 697 311 732 6
329 693 448 745 πατὴρ
464 698 524 732 τοῦ
545 693 732 744 μέλλοντος
757 695 900 736 αἰῶνος,
919 696 936 730 ὃ
957 692 1142 743 μονογενὴς

114 760 173 793 τοῦ
193 758 284 795 Θεοῦ
305 756 416 801 Παῖς,
439 758 458 793 ὁ
471 757 521 807 τῷ
537 754 653 807 Πατρὶ
676 754 794 806 ὅμοιος
812 754 904 792 κατὰ
922 752 985 798 τὴν
1011 753 1143 800 οὐσίαν,

114 818 158 854 δι’
175 811 214 854 οῦ
243 817 288 854 τὰ
306 816 423 855 πάντα
441 815 630 868 παρήχθη·
622 845 631 863 ,
651 815 776 868 Ἰούτῳ
796 814 902 868 φησὶ,
928 814 1141 865 Ποιησωμεν

112 877 293 932 ἄνθρωπον
314 893 381 915 κατ
414 878 529 916 εἰκόνα
552 877 748 930 ἡμετέραν,
764 877 824 915 καὶ
851 879 927 915 καθ’
962 875 1141 927 ὁμοίωσιν,

112 937 286 977 Ἐνταῦθα
301 937 361 976 καὶ
382 945 453 982 τοῖς
470 937 514 976 τὰ
533 938 664 992 Ἀρείου
684 942 846 991 φρονοῦσι
862 936 1002 989 καιρίαν
1022 937 1143 976 δίδωσι

1216 385 1371 423 occurrit
1386 386 1568 424 effutiunt.
1585 386 1724 425 Ε11ι100
1743 388 1904 425 refutatis
1923 388 2068 426 illorum
2085 389 2176 427 ‹leli-

1215 447 1398 497 ramentis,
1426 448 1605 486 (lictorum
1637 449 1770 487 veritas
1803 448 1972 486 Ecclesiae
2001 450 2087 487 filiis
2121 450 2176 488 di-

1215 511 1342 550 scenda
1378 522 1442 551 est.
1475 513 1565 559 Quis
1592 513 1703 565 igitur
1727 513 1802 563 hic,
1833 513 1882 551 ad
1908 527 2014 564 quem
2042 513 2174 565 inquit,

1218 574 1430 611 Faciamus
1459 575 1681 612 hominem?
1697 574 1788 621 Quis
1807 584 1925 613 autem
1941 574 2047 622 alius,
2067 589 2176 626 quam

1216 633 1276 671 ille
1292 635 1412 685 magni
1431 636 1573 673 consilii
1598 636 1757 688 angelus,
1774 636 1836 674 1110
1851 635 2077 674 admirabilis
2092 650 2176 675 con·
2195 650 2270 679 lsai.
2288 650 2355 689 9.6.

1215 694 1716 750 5111011115,11010115,]111110οΙ15
1736 698 1846 750 pacis,
1858 707 1959 750 pater
1976 698 2089 736 futuri
2109 712 2176 736 510-

1214 755 1302 806 01111,
1324 757 1529 807 unigenitus
1546 758 1610 794 Dei
1628 759 1755 805 Filius,
1771 759 1867 796 Patri
1882 759 2028 809 aequalis
2049 773 2176 798 secun-

1214 815 1302 853 dum
1330 818 1578 867 substantiam,
1611 833 1674 871 per
1709 834 1815 870 quem
1847 821 1965 858 omnia
2001 820 2175 872 producta

1213 878 1322 915 sunt?
1339 878 1432 916 Huic
1452 878 1542 917 dicit
1561 881 1798 919 :Faciamus
1818 882 2014 919 hominem
2037 896 2176 920 secun—

1214 938 1332 975 dum*
1318 941 1528 991 imaginem
1550 948 1736 986 nostram,
1755 947 1791 978 et
1805 941 2017 978 secundum
2034 943 2174 980 simili—

111 999 174 1047 τὴν
195 994 348 1051 πῖηγήν.
368 999 460 1039 Οὐδὲ
478 1000 546 1053 γὰρ
570 1016 837 1052 προστακτικως
865 1003 939 1038 εἰπε
956 998 1142 1046 ,ποίησον,
1169 1011 1191 1042 (;
1215 1001 1400 1037 tudinem.
1413 1000 1481 1038 1110,
1491 1000 1685 1039 Arianislez
1689 1001 1780 1038 alem
1791 1001 2085 1053 pl'1“am1nss1git
2094 1003 2172 1041 Non
2189 1012 2289 1040 Ariani
2305 1022 2379 1041 con-

111 1063 158 1104 ὡς
184 1060 494 1115 ὑποδεεστέριμ),
475 1078 498 1107 η
531 1064 575 1106 ὡς
606 1061 764 1100 ἐλάττονι
795 1061 887 1100 κατὰ
911 1060 976 1106 τὴν
1009 1060 1142 1108 οὐσίαν,

111 1122 202 1161 ἀλλὰ
219 1123 309 1174 μετὰ
337 1125 470 1170 πολλῆς
502 1126 565 1170 τῆς
605 1123 795 1175 ἰσοτιμίας,
817 1123 1051 1173 Ποιήσωμεν·
1083 1123 1142 1161 καὶ

109 1184 148 1222 τὸ
167 1183 244 1231 ἑξῆς
262 1183 326 1224 ι’δὲ
355 1184 488 1232 πολλὴν
508 1184 680 1224 δείκνυσιν
712 1188 798 1235 ἡμῖν
832 1187 895 1231 τῆς
932 1183 1050 1228 οὐσίας
1078 1184 1142 1232 τὴν

109 1244 312 1295 ὁμοιότητα.
345 1246 556 1296 Ποιησωμεν
582 1245 668 1297 γὰρ,
704 1245 823 1296 φησὶν,
856 1245 1037 1298 ἄνθρωπον
1062 1248 1140 1284 κατ’

111 1306 228 1345 εἰκόνα
249 1306 438 1360 ἡμετέραν,
469 1307 529 1345 καὶ
557 1309 636 1345 καθ’
669 1306 850 1358 ὁμοίωσιν.
872 1306 964 1345 Αλλ’
997 1308 1143 1345 ἐνταῦθα

109 1367 248 1406 πάλιν’
232 1367 436 1420 επιφόονται
456 1367 567 1421 ἕτεροι
594 1368 780 1420 αἱρετικοὶ,
808 1367 1059 1418 λυμαινόμενοι
1079 1372 1142 1415 τῆς

108 1428 323 1476 Ἐκκλησίας
351 1428 396 1467 τὰ
418 1429 596 1480 δόγματα,
616 1429 676 1467 καί
692 1445 809 1482 φασιν,
831 1404 902 1468 ἰδοὺ
933 1422 1031 1477 εἷπε,
1052 1431 1140 1468 Κατ’

111 1490 227 1529 εἰκόνα
238 1490 432 1542 ἡμετέραν,
445 1491 505 1529 καὶ
522 1493 675 1530 ἐντεῦθεν
692 1491 875 1543 βούλονται
890 1490 1141 1545 ἀνθρωπόμορ-

110 1566 172 1602 φον
190 1549 304 1603 λέγειν
322 1551 362 1590 τὸ
392 1554 495 1600 θεῖον,
513 1551 600 1604 ὅπερ
625 1552 779 1606 ἐσχάτης
812 1551 853 1590 ἂν
874 1551 928 1598 εἴη
949 1553 1140 1605 παραπλη-

111 1611 182 1657 ξίας
194 1642 203 1660 ,
225 1612 284 1650 τὸν
305 1612 589 1665 ἀσχημάτιστον,
607 1613 666 1652 καὶ
685 1613 850 1662 ἀνείδεον,
868 1613 927 1651 καὶ
945 1612 1142 1652 ἀναλλοίω-

109 1688 167 1713 τον
195 1676 243 1718 εἰς
263 1674 399 1726 μορφὴν
423 1674 642 1727 ἀνθρωπίνην
673 1675 852 1726 κατάγειν,
878 1673 940 1712 καὶ
971 1674 1140 1727 σχήματα

1214 1060 1309 1098 0111111
1337 1061 1546 1114 imperando
1568 1061 1677 1110 dixit,
1700 1063 1783 1111 Fac,
1805 1071 1846 1099 ut
1870 1061 2014 1100 subdito
2033 1071 2066 1101 et
2086 1063 2173 1102 inse-
2190 1053 2335 1085 summm·

1214 1121 1314 1167 riori,
1327 1123 1386 1161 vel
1402 1132 1439 1161 ut
1450 1123 1579 1162 minori
1592 1092 1789 1161 500111κ111111
1803 1124 2003 1173 essentiam,
2018 1124 2082 1163 sed
2093 1140 2175 1167 cum

1214 1183 1418 1222 omnimoda
1435 1185 1646 1236 aequalitate‚
1662 1187 1875 1223 Faciamus
1889 1201 1899 1222 :
1915 1187 2054 1237 etquod
2063 1187 2175 1238 sequi-

1212 1254 1273 1284 tur
1303 1259 1427 1285 rursus
1465 1246 1742 1285 similitudinem
1768 1247 1976 1285 substantia?
2007 1248 2173 1287 ostendit.

1213 1309 1428 1346 Faciamus
1441 1307 1547 1357 0111111,
1562 1308 1622 1356 ait,
1638 1309 1834 1346 hominem
1850 1310 2062 1347 secundum
2077 1313 2174 1348 ima-

1209 1371 1340 1420 ginem
1361 1377 1549 1416 nostram,
1573 1377 1610 1407 et
1627 1370 1840 1407 secundum
1858 1371 2172 1409 similitudinem.

1211 1429 1348 1467 Iterum
1364 1429 1422 1468 hic
1437 1430 1628 1481 insurgunt
1651 1430 1809 1468 liaeretici
1824 1430 1900 1479 alii,
1918 1429 2085 1469 Ecclesia:
2108 1431 2174 1470 do-
2203 1441 2377 1481 Anthropo-

1212 1500 1331 1541 gmata
1351 1491 1625 1544 impugnantes,
1645 1500 1678 1530 et
1705 1491 1858 1530 dicunt:
1878 1491 1970 1530 Ecce
1989 1491 2092 1539 dicit,
2108 1493 2172 1531 Se·
2215 1486 2377 1554 ΓΙᾞΞΞΞᾚΞ

1211 1553 1383 1590 cundum
1410 1555 1619 1605 imaginem
1654 1561 1862 1591 nostram:
1884 1561 1918 1591 01
1937 1552 2020 1591 inde
2047 1553 2172 1592 volunt
2200 1568 2378 1608 Chry-sosio-

2188 1620 2262 1638 mus.

1212 1615 1288 1652 Deo
1308 1614 1503 1652 humanam
1528 1615 1681 1652 sormam
1713 1614 1900 1653 tr·ibue1e:
1925 1614 1962 1653 id
1995 1615 2089 1666 quod
2109 1630 2171 1654 ex-

1211 1684 1332 1714 tremae
1361 1676 1470 1714 fuerit
1496 1676 1672 1721 amentiae,
1690 1685 1731 1714 ut
1746 1676 1790 1721 is,
1805 1676 1867 1727 qui
1897 1676 2011 1714 forma
2039 1677 2171 1729 specie-

109 1736 169 1774 καὶ
198 1737 287 1787 μέλη
307 1736 520 1790 περιτιθέναι
540 1739 591 1789 τῷ
626 1737 819 1789 ἀσωμάτῳ.
843 1738 875 1775 T
880 1736 890 1774 ί
921 1738 983 1782 τῆς
1014 1736 1140 1787 μανίας
1165 1744 1190 1773 D
1210 1750 1281 1787 que
1301 1746 1410 1787 caret,
1432 1746 1465 1774 et
1484 1736 1576 1776 nulli
1599 1736 1789 1775 mutationi
1818 1737 1997 1775 obnoxius
2021 1747 2085 1785 est,
2104 1738 2172 1776 sub

108 1797 238 1846 ταύτης
260 1797 334 1836 ἴσον
354 1798 480 1850 γένοιτ’
498 1798 554 1848 ἂν,
573 1798 656 1838 ὅταν
678 1799 726 1850 μὴ
755 1799 858 1849 μόνον
877 1798 1071 1850 κερδαίνειν
1089 1798 1138 1848 μὴ

111 1858 305 1910 βούλωνται
322 1860 392 1898 ἀπὸ
421 1863 484 1907 τῆς
505 1862 575 1898 τῶν
603 1860 839 1899 θεοπνεύστων
868 1862 1018 1912 Γραφῶν
1041 1860 1140 1897 διδα-

110 1921 274 1967 σκαλίας,
308 1921 398 1959 ἀλλὰ
431 1921 489 1959 καὶ
525 1921 672 1973 μέγιστα
702 1923 858 1960 ἐντεῦθεν
894 1921 1140 1973 βλάπτωνται;

110 1983 142 2020 Τ
145 1986 276 2020 οιοῦτον
295 1981 364 2035 γὰρ
381 1983 412 2021 οἱ
438 1986 636 2030 νοσοῦντες,
652 1983 711 2020 καὶ
743 1985 774 2021 οἱ
803 1983 865 2027 τὰς
891 1982 986 2034 ὄψεις
1011 1981 1139 2026 ταύτας

109 2043 172 2087 τὰς
201 2043 405 2094 σωματικὰς
436 2045 588 2087 ἀσθενῶς
617 2043 843 2094 διακείμενοι.
880 2043 1050 2097 Καθάπερ
1071 2043 1139 2097 γὰρ

109 2098 202 2142 οὗτοι
218 2104 276 2141 καὶ
296 2104 382 2156 πρὸς
396 2103 436 2141 τὸ
453 2105 600 2151 ἡλιακὸν
627 2108 697 2156 φῶς
725 2105 984 2156 ἀπεχθάνονται
1001 2104 1057 2142 διὰ
1073 2103 1138 2151 τὴν

107 2167 170 2211 τῆς
197 2165 308 2217 ὅψεως
335 2164 528 2213 ἀσθένειαν,
545 2164 603 2203 καὶ
623 2169 654 2204 οἱ
673 2169 850 2208 νοσοῦντες
868 2166 927 2203 καὶ
950 2165 994 2203 τὰ
1024 2167 1137 2216 ὑγιει-
1168 2184 1171 2186 ·

105 2226 230 2279 νότερα
245 2229 313 2264 τῶν
330 2226 451 2264 σιτίων
472 2226 770 2279 ἀποστρέφονται·
792 2226 881 2264 οὕτω
901 2225 942 2273 δὴ
964 2226 1024 2264 καὶ
1044 2221 1138 2266 οῦτοι

104 2292 283 2330 νοσοῦντες
305 2286 368 2335 τὴν
391 2287 522 2340 ψυχὴν,
541 2289 601 2326 καὶ
621 2288 660 2326 τὸ
680 2292 743 2335 τῆς
772 2287 925 2331 διανοίας
953 2287 1052 2339 ὄμμα
1069 2304 1137 2327 πε-

104 2347 326 2400 πηρωμένοι,
349 2350 435 2401 πρὸς
451 2350 492 2388 τὸ
510 2351 581 2402 φῶς
595 2352 657 2396 τῆς
677 2349 842 2396 ἀληθείας
861 2349 1059 2389 ἐνατενίσαι
1074 2352 1136 2388 οὐκ

106 2408 278 2461 ἰσχύουσι.
299 2411 363 2450 Διὸ
381 2410 425 2449 τὰ
442 2413 527 2463 παρ’
548 2413 650 2462 ἡμῶν
668 2413 782 2449 αὐτῶν
801 2410 1061 2463 πληρώσωμεν,
1076 2413 1135 2450 καὶ

103 2477 205 2522 χεῖρα
227 2474 342 2516 αὐτοῖς
371 2471 557 2545 ὀρέξωμεν,
581 2471 670 2523 μετα
699 2474 832 2519 πολλης
853 2475 915 2519 τῆς
947 2473 1134 2517 ἐπιεικείας
1161 2488 1182 2517 Ε

103 2531 189 2584 πρὸς
210 2532 332 2576 αὖτους
350 2534 446 2571 διαλε
423 2532 600 2584 εγόμενοι
622 2534 692 2573 Και
715 2550 782 2594 γαρ
801 2537 820 2573 6
837 2534 1011 2607 μακάριος
1031 2536 1132 2572 Παῦ-

102 2594 158 2637 λος
185 2610 276 2632 ουτω
303 2594 482 2648 παρῄνεσε
511 2594 636 2646 λέγων,
659 2595 701 2634 F
703 2612 720 2633 ν
752 2595 927 2648 πραότητι
957 2596 1133 2634 παιδεύειν

101 2654 179 2699 τοὺς
198 2655 554 2707 ἀντιδιατιθεμένους,
576 2656 624 2707 μή
645 2672 730 2695 ποτε
764 2658 813 2695 δω
834 2659 949 2701 αυτοῖς
977 2660 995 2695 6
1020 2658 1131 2706 Θεὸς,

101 2717 206 2769 φησὶ,
228 2716 413 2768 μετάνοιαν
435 2720 483 2761 εἰς
501 2717 689 2770 ἐπίγνωσιν
722 2698 904 2766 ἀληθείας,
925 2719 984 2757 καὶ
1005 2719 1132 2766 ἀνανή-

100 2779 211 2829 ψωσιν
243 2780 282 2816 ἐκ
311 2781 375 2825 τ’ἧς
407 2782 467 2817 τοῦ
501 2778 664 2818 διαὸόλου
695 2779 842 2830 παγίδος
855 2808 865 2825 ,
896 2779 1132 2834 ἐζωγρημένοι

102 2840 158 2876 ὑπ’
179 2839 284 2877 αὐτοῦ
303 2841 351 2882 εἰς
370 2839 409 2877 τὸ
429 2839 560 2878 ἐκείνου
580 2840 730 2888 θέλημα.
754 2840 863 2894 Ὁρᾷς
884 2845 959 2886 πῶς
987 2841 1131 2894 ἐνέφηνε

101 2898 158 2937 διὰ
179 2902 248 2937 τῶν
270 2899 450 2952 ῥημάτων,
479 2900 532 2939 ὅτι
559 2902 721 2955 καθάπερ
740 2902 808 2940 ὑπὸ
829 2902 937 2953 μέθης
952 2902 1044 2947 τινός
1065 2905 1132 2941 εἰσι

1211 1797 1408 1835 humanam
1444 1797 1631 1849 redigatur
1679 1799 1850 1846 formam,
1889 1807 1923 1836 et
1961 1798 2171 1851 incorporeo

1211 1859 1371 1896 membra
1395 1867 1429 1896 et
1456 1859 1668 1896 lineamenta
1689 1858 1946 1897 attribuantur.
1969 1860 2059 1905 Quae
2085 1859 2171 1898 huie

1211 1919 1347 1957 insania
1364 1934 1429 1971 par
1445 1919 1571 1967 suerit,
1592 1933 1673 1957 cum
1692 1933 1762 1957 non
1780 1919 1896 1957 solum
1927 1920 2018 1957 nihil
2039 1920 2130 1958 lucri
2149 1936 2170 1959 a

1211 1979 1408 2032 Scripturis
1438 1979 1614 2018 divinitus
1643 1979 1825 2032 inspiratis
1854 1980 2030 2030 reserant,
2052 1980 2114 2019 sed
2137 1990 2171 2021 et

1212 2040 1412 2092 plurimum
1432 2039 1516 2077 inde
1540 2039 1792 2077 offendantur?
1808 2039 1927 2078 Simili
1947 2040 2042 2078 enim
2064 2041 2170 2080 modo

1210 2100 1328 2137 affecti
1348 2109 1444 2150 sunt,
1462 2109 1569 2151 atque
1581 2100 1611 2138 si
1624 2099 1686 2151 qui
1702 2100 1827 2138 morbo
1853 2100 2031 2150 laborant,
2045 2111 2077 2140 ct
2093 2117 2169 2141 cor-

1209 2161 1396 2213 poralibus
1424 2161 1538 2199 0011115
1567 2161 1809 2198 infirmantur.
1841 2163 1891 2199 Ut
1917 2162 2011 2199 enim
2039 2163 2093 2201 1111
2123 2164 2169 2202 01)

1210 2222 1397 2260 oculorum
1417 2236 1563 2261 suorum
1580 2222 1826 2260 infirmitatem
1845 2223 1929 2261 solis
1941 2223 2058 2262 lucem
2077 2239 2170 2277 aegre

1208 2283 1348 2332 ferunt,
1366 2292 1399 2322 et
1419 2283 1505 2336 aegri
1530 2284 1638 2321 etiam
1662 2283 1816 2336 optimos
1845 2283 2170 2337 saluberrimosque

1209 2347 1308 2385 cibos
1335 2355 1548 2384 aversantur
1569 2363 1577 2383 :
1602 2346 1651 2384 ita
1677 2355 1710 2384 et
1735 2346 1773 2384 hi
1798 2347 1916 2384 anima
1943 2357 2166 2398 aegrotantes,

1207 2417 1240 2446 et
1260 2408 1388 2447 mentis
1403 2408 1515 2446 oculis
1535 2408 1647 2460 capti,
1668 2407 1714 2446 ad
1733 2408 1855 2446 lumen
1874 2409 2034 2447 veritatis
2052 2411 2168 2464 respi-

1207 2483 1284 2508 cere
1299 2484 1368 2508 non
1385 2478 1547 2522 possunt.
1569 2468 1709 2507 Idcirco
1733 2478 1852 2508 nostro
1877 2470 2063 2522 fungentes
2087 2486 2166 2510 mu-

1207 2545 1310 2579 nere,
1345 2545 1472 2568 manns
1506 2544 1556 2568 015
1595 2544 1823 2582 porrigamus
1839 2561 1848 2579 ‚
1885 2545 2083 2583 magnaque
2115 2533 2166 2572 015

1205 2592 1478 2631 mansuetudine
1509 2593 1711 2642 loquamur.
1740 2593 1832 2629 Nam
1860 2601 1894 2630 et
1917 2592 2042 2630 beatus
2072 2594 2165 2632 Pau-

1203 2655 1261 2693 lus
1278 2655 1327 2692 ita
1342 2668 1405 2692 nos
1422 2652 1560 2691 monuit
1574 2652 1718 2691 dicens:
1739 2655 1788 2691 Ut
1807 2656 1847 2690 in
1867 2656 2164 2694 mansuetudine
2179 2673 2209 2694 2.
2238 2665 2317 2695 Tim.
2335 2677 2365 2697 2.

1206 2718 1440 2756 erudiantur
1469 2715 1699 2760 adversarii,
1721 2716 1755 2752 si
1767 2715 1881 2766 sorte
1903 2715 1967 2752 det
1986 2718 2040 2754 eis
2057 2717 2163 2755 Deus
2180 2707 2230 2737 ²5·

1201 2779 1471 2832 paenitentiam
1499 2778 1540 2813 in
1569 2778 1807 2828 agnitionem
1835 2778 2030 2824 veritatis,
2052 2787 2089 2816 et
2111 2780 2166 2825 ad

1203 2842 1450 2879 sobrietatem
1482 2838 1621 2874 mentis
1646 2836 1808 2873 redeant
1836 2838 1884 2874 de
1907 2837 2047 2889 laqueo
2078 2841 2164 2878 dia-

1206 2903 1298 2948 boli,
1315 2915 1341 2938 a
1353 2914 1429 2952 quo
1449 2899 1594 2949 captivi
1613 2905 1804 2944 tenentur,
1822 2899 1876 2935 ad
1886 2899 1994 2937 illius
2011 2901 2162 2938 volun-

100 2961 433 3012 κατακεχωσμένοι;
454 2962 506 3000 Τὸ
534 2962 603 3015 γὰρ
623 2965 744 3011 εἰπεῖν,
761 2963 1012 3015 Ἀνανήψωσιν,
1027 2963 1131 3008 ἔδειξε
1151 2989 1179 3014 ⁶1
1205 2972 1338 3002 tatem.
1362 2959 1475 2999 Vides
1500 2956 1679 3009 quomodo
1712 2957 1833 2996 verbis
1862 2958 2080 3009 declaravit,
2104 2975 2162 3000 005

99 3021 197 3060 κάτω
213 3037 278 3060 που
302 3023 340 3072 βε
344 3021 601 3072 δαπτισμένους
621 3024 758 3068 αὐτούς.
785 3024 853 3064 Koa
872 3026 991 3072 πάλιν,
1012 3024 1126 3070 Εζω-
1156 3028 1182 3056 Λ
1204 3024 1306 3076 quasi
1339 3022 1508 3060 ebrietate
1545 3018 1713 3071 quapiam
1750 3019 1898 3058 obrutos
1933 3021 2032 3059 esse?
2068 3024 2161 3062 Nam

97 3083 286 3135 γρημένοι,
306 3098 424 3134 φησιν,
444 3083 510 3122 ὑπὸ
527 3088 586 3123 τοῦ
604 3085 786 3132 διαὸόλου,
803 3085 1050 3137 μονονουχιλέ·
1049 3101 1124 3138 (ων,

98 3145 257 3198 καθάπερ
285 3146 320 3182 ἐν
353 3145 502 3188 δικτύοις
536 3146 621 3184 εἰσιν
655 3135 927 3198 ἀπειλημμένοι.
947 3147 1048 3185 “Kal
1077 3147 1127 3185 δεῖ

97 3207 227 3254 πολλῆς
253 3209 338 3257 ἡμῖν
363 3222 425 3253 της
445 3207 651 3256 ἐπιεικείας,
679 3223 739 3246 και
771 3211 833 3254 τῆς
865 3207 1125 3260 μακροθυμίας,

142 3331 158 3354 b
175 3329 228 3362 Sic
252 3329 354 3362 Savil.
382 3338 415 3362 et
434 3342 550 3363 ornnes
577 3331 642 3363 sere
664 3331 800 3365 Mss.1n
827 3330 943 3364 Mon-el.
963 3334 993 3366 δὲ
1020 3335 1110 3366 πάλιν

97 3386 245 3420 δείκνυσιν,
262 3391 448 3424 perperam.

1207 3084 1304 3139 quod
1320 3083 1430 3131 dicit,
1450 3081 1522 3119 Ad
1543 3082 1789 3118 sobrietatem
1819 3084 1958 3120 mentis
1982 3083 2156 3130 redeant,

1208 3142 1359 3182 ostendit
1380 3155 1437 3178 005
1456 3139 1490 3177 111
1512 3139 1689 3191 profundo
1709 3139 1830 3191 aliquo
1851 3155 1984 3179 11101505
2002 3156 2088 3180 0550.
2114 3143 2159 3182 Et

1202 3206 1331 3244 iterum
1344 3233 1353 3250 ,
1374 3200 1499 3254 Capti,
1517 3199 1655 3251 inquit,
1670 3214 1688 3237 a
1709 3199 1872 3250 diabolo,
1892 3203 1992 3253 quasi
2011 3202 2157 3248 diceret,

1189 3341 1201 3355 a
1218 3330 1299 3369 neg.
1321 3337 1403 3358 unus
1423 3329 1471 3358 καὶ
1487 3326 1590 3362 διπλῆς
1607 3328 1689 3366 ἡμῖν.
