2516 3791
658 155 722 203 ⁴[N
763 156 864 186 ew.
905 155 1032 186 xxiv.
1073 154 1235 186 GENES.
1276 155 1433 187 noMtL.
1472 157 1627 190 xLVttt.

143 247 243 287 τεῖον,
257 243 319 286 τῆς
340 238 445 293 κόρης
463 242 482 276 6
500 238 626 290 τρόπος
638 253 646 262 ·
666 239 818 289 οὐδαμοῦ
843 238 1010 288 κύμὸαλα
1031 238 1091 276 καὶ
1109 254 1168 290 χο-

143 307 242 354 ρεῖαι.
265 300 333 339 Καὶ
348 305 448 339 τοῦτο
463 298 537 351 εἴσῃ
553 329 562 345 ,
583 298 722 338 ἐπειδὰν
738 299 823 351 πρὸς
851 299 907 337 τὸν
931 298 1076 351 νυμφίον
1103 298 1166 346 τὴν

139 361 245 415 κόρην
264 362 338 414 ἴδῃς
356 364 624 412 ἐπαναχθεῖσαν.
641 359 804 404 Ἀκούσας
819 360 886 412 γὰρ
903 364 920 399 6
936 366 1018 404 παῖς
1035 365 1145 398 ταῦτα
1156 390 1166 407 ,

139 424 240 476 φησὶ,
257 421 353 475 παρὰ
373 426 431 460 τοῦ
447 421 576 474 πατρὸς
593 421 651 459 καὶ
667 426 726 460 τοῦ
744 423 892 473 ἀδελφοῦ
903 451 912 468 ,
928 421 1166 474 προσεκύνησε

137 487 187 537 τῷ
208 487 290 536 Θεῷ
313 484 370 522 ἐπὶ
392 482 454 531 τὴν
483 486 560 534 γῆν.
580 481 676 535 υΟρα
709 487 783 526 πῶς
813 484 889 520 καθ’
922 482 1067 520 ἕκαστον
1095 485 1164 520 τῶν

137 544 330 596 γενομένων
351 547 401 597 τῷ
435 543 596 594 Δεσπότῃ
629 546 698 581 τῶν
730 544 818 581 ὅλων
845 542 908 590 τὴν
942 541 1165 596 εὐχαριστίαν

137 606 311 659 ἀναφέρει.
339 606 449 650 Αὐτὸς
479 605 546 657 γὰρ
575 600 617 652 ἦν
647 609 666 644 6
694 605 806 644 πάντα
834 605 1083 657 προοδοποιῶν,
1105 603 1165 641 καὶ

139 666 229 705 κατὰ
245 668 284 705 τὸ
301 670 396 718 ῥῆμα
425 671 484 705 τοῦ
502 665 720 718 πατριάρχου
733 695 743 711 ,
767 666 912 717 ἄγγελον
932 663 1164 716 προαποστεί-

135 729 198 771 λας
213 727 406 781 ἔμπροσθεν
430 730 532 766 αὐτοῦ
544 757 553 775 ,
569 726 614 765 τὰ
640 727 754 765 πάντα
772 727 866 778 αὐτῷ
886 725 1163 777 ἐξευμαρίζοντα.

135 789 206 826 Καὶ
219 790 338 827 λοιπὸν
369 788 489 839 μαθὼν
512 791 559 831 ὡς
577 787 674 830 τέλος
702 789 794 838 αὐτῷ
813 787 852 825 τὸ
884 785 1161 836 σπουδαζόμενον

133 848 246 900 ἔσχεν,
265 848 469 900 Ἰἰξενέγκας
487 848 594 895 σκεύη
610 853 724 900 χρυσᾶ
743 847 802 885 καὶ
823 850 958 900 ἀργυρᾶ
972 877 981 894 ,
999 846 1059 884 καὶ
1079 849 1161 897 ἱμα-

131 909 268 960 τισμὸν,
287 910 395 948 ἔδωκε
415 913 457 961 τῇ
473 908 658 961 Ῥεόέκκᾳ.
681 907 811 946 Λοιπὸν
843 907 932 958 μετὰ
961 907 1160 959 παρρησίας

132 970 238 1017 αὐτὴν
269 969 474 1024 θεραπεύει,
494 973 541 1014 ὡς
571 969 638 1016 ἤδη
660 969 718 1008 διὰ
740 973 807 1008 τῶν
834 969 1000 1021 ῥημάτων
1026 970 1158 1021 ἐγγυη-

131 1035 245 1073 θεῖσαν
271 1035 321 1084 τῷ
348 1031 483 1070 Ἰσαάκ.
505 1033 605 1084 Τιμᾷ
625 1030 661 1070 δὲ
684 1030 806 1084 δώροις
836 1030 895 1070 καὶ
927 1031 984 1069 τὸν
1011 1030 1158 1082 ἀδελφὸν

130 1092 190 1130 καὶ
208 1091 271 1139 τὴν
292 1092 448 1146 μητέρα,
469 1092 528 1130 καὶ
557 1094 613 1130 ὅτε
635 1094 682 1135 εἷς
701 1092 799 1144 ἔργον
819 1085 905 1130 εἶδεν
925 1090 1078 1129 ἐκὸδίσαν
1093 1090 1156 1138 τὴν

129 1153 226 1205 παρὰ
245 1158 304 1193 τοῦ
334 1153 502 1192 δεσπότου
534 1155 688 1200 ἐντολὴν,
705 1153 783 1190 τότε
805 1153 926 1191 λοιπὸν
947 1155 1008 1198 τῆς
1028 1151 1157 1195 οἰκείας

129 1214 356 1259 ἀναπαύσεως
377 1215 524 1266 γίνεται.
545 1214 703 1266 Ἔφαγον
724 1214 791 1267 γὰρ
808 1245 818 1262 ,
832 1214 916 1266 φησὶ
929 1244 939 1261 ,
958 1213 1019 1251 καὶ
1047 1212 1155 1261 ἔπιον,

129 1277 230 1320 αὐτὸς
245 1275 305 1314 καὶ
328 1279 360 1315 οἱ
381 1277 500 1328 ἄνδρες
519 1279 550 1314 οἱ
571 1277 648 1326 μετ’
667 1277 771 1313 αὐτοῦ
786 1304 796 1321 ,
818 1275 874 1312 καὶ
904 1274 1155 1325 ἐκοιμήθησαν.

128 1337 198 1374 Καὶ
237 1337 388 1381 ἀναστὰς
419 1340 468 1390 τῷ
502 1335 597 1388 πρωῒ
628 1329 733 1374 εἶπεν·
774 1335 979 1386 ἐκπέμψατέ
1009 1351 1070 1386 με,
1099 1333 1156 1372 ἵνα

127 1397 268 1436 ἀπέλθω
299 1399 385 1450 πρὸς
416 1398 473 1436 τὸν
505 1396 622 1449 κύριόν
652 1413 731 1447 μου.
759 1395 906 1443 Ἐπειδὴ
944 1394 1059 1434 πάντα
1095 1411 1154 1446 μοι

126 1458 216 1497 οὕτω
242 1459 492 1507 κατευωδώθη,
522 1459 628 1512 φησὶ,
656 1458 717 1496 καὶ
744 1457 839 1496 οὐδέν
871 1459 945 1496 ἐστι
975 1457 1096 1495 λοιπὸν
1115 1457 1155 1495 τὸ

126 1519 296 1566 ἐλλεῖπον,
313 1518 402 1556 ἀλλὰ
414 1518 473 1556 καὶ
490 1522 570 1569 ὑμῖν
586 1522 686 1556 τοῦτο
697 1517 840 1570 ἀρεστὸν
856 1516 965 1569 ἐφάνη
975 1546 985 1564 ,
998 1515 1154 1566 Ἐκπέμ-

123 1579 213 1631 ψατέ
233 1596 298 1631 με,
316 1579 374 1618 ἵνα
396 1580 536 1618 ἀπέλθω
558 1580 644 1632 πρὸς
659 1579 716 1617 τὸν
731 1577 849 1631 κύριόν
867 1594 944 1629 μου.
962 1571 1078 1615 Εἶπαν
1099 1576 1154 1622 δὲ,

123 1639 248 1692 φησὶν,
265 1643 296 1679 οἱ
319 1641 460 1692 ἀδελφοὶ
474 1640 534 1678 καὶ
559 1645 581 1688 ἡ
605 1641 739 1692 μήτηρ,
762 1639 916 1691 μεινάτω
940 1643 962 1686 ἡ
985 1637 1154 1691 παρθένος

125 1702 199 1750 μεθ’
219 1704 318 1752 ἡμῶν
334 1701 469 1754 ἡμέρας
492 1701 575 1739 ὡσεὶ
599 1701 698 1748 δέκα,
716 1701 776 1738 καὶ
806 1699 895 1751 μετὰ
923 1704 1035 1738 ταῦτα
1066 1700 1154 1736 ἀπε-

122 1760 297 1800 λεύσεσθε.
319 1761 363 1800 Ὁ
384 1761 419 1799 δὲ
440 1756 515 1800 εἷπε
541 1762 626 1815 πρὸς
654 1760 778 1805 αὐτούς
791 1776 798 1783 ·
819 1760 868 1811 μὴ
889 1760 1057 1812 κατέχετε
1086 1775 1152 1810 με,

124 1822 184 1859 καὶ
207 1822 335 1875 Κύριος
352 1822 513 1861 εὖώδωσε
529 1821 545 1843 ¹²
558 1823 621 1869 τὴν
641 1822 718 1860 ὁδόν
747 1838 812 1872 μου
826 1837 834 1845 ·
854 1820 1060 1873 ἐκπέμψατέ
1090 1837 1151 1871 με,

121 1881 178 1920 ἵνα
215 1883 354 1922 ἀπέλθω
391 1883 478 1937 πρὸς
507 1884 566 1922 τὸν
612 1882 729 1937 κύριόν
767 1898 844 1934 μου.
879 1882 983 1925 Τίνος
1023 1881 1151 1931 ἕνεκεν,

121 1944 239 1996 φησὶν,
273 1944 495 1997 ὑπερτίθεσθε
534 1945 594 1983 καὶ
631 1944 923 1991 διαναὸάλλεσθε,
960 1948 1020 1982 τοῦ
1059 1945 1152 1982 Θεοῦ

120 2005 294 2052 τοσαύτην
310 2006 467 2044 εὐκολίαν
486 2007 520 2043 ἐν
541 2006 652 2044 ἅπασί
668 2022 726 2056 μοι
753 2004 1034 2058 παρεσχηκότος
1051 2004 1146 2042 Ἀπο-

120 2065 249 2105 λύσατέ
278 2082 320 2117 με
334 2098 344 2115 ,
371 2067 427 2105 ἵνα
450 2068 592 2106 ἀπέλθω
608 2068 693 2120 πρὸς
714 2067 772 2105 τὸν
793 2066 909 2120 κύριόν
939 2082 1017 2117 μου.
1033 2069 1079 2104 Οἱ
1096 2065 1150 2114 δὲ,

119 2128 237 2179 φησὶν,
261 2123 377 2167 εἷπον·
410 2129 616 2180 καλέσωμεν
646 2128 710 2175 τὴν
741 2131 870 2176 παῖδα,
898 2129 985 2167 εικαὶ
1015 2128 1148 2180 ἐρωτή-

119 2204 234 2239 σωμεν
270 2190 395 2236 αὐτήν.
427 2191 497 2229 Καὶ
531 2190 713 2235 ἐκάλεσαν,
735 2190 794 2228 καὶ
821 2183 922 2227 εἶπαν
957 2191 1062 2240 αὐτῇ·
1082 2204 1147 2226 πο-

119 2248 221 2301 ρεύσῃ
240 2250 330 2301 μετὰ
347 2255 406 2290 τοῦ
429 2250 634 2304 ἀνθρώπου;
660 2249 704 2288 Ἥ
728 2249 764 2289 δὲ
794 2244 887 2298 εἷπε,
917 2249 1148 2301 πορεύσομαι.

116 2311 186 2349 Καὶ
205 2311 404 2363 ἐξέπεμψαν
437 2312 636 2351 Ῥεὸέκκαν
660 2311 725 2358 τὴν
757 2311 910 2364 ἀδελφὴν
938 2313 1067 2357 αὐτῶν,
1088 2311 1147 2349 καὶ

115 2370 159 2408 τὰ
179 2372 382 2425 ὑπάρχοντα
412 2375 540 2421 αὐτ-ἧς,
569 2374 628 2412 καὶ
657 2372 716 2411 τὸν
745 2375 855 2412 παῖδα
873 2376 933 2411 τοῦ
964 2371 1146 2424 Ἀὅραὰμ,

116 2433 175 2470 καὶ
199 2433 275 2476 τοὺς
298 2437 374 2484 μετ’
398 2437 522 2481 αὐτοῦ,
542 2435 602 2473 καὶ
635 2434 829 2485 εὐλόγησαν
849 2432 1064 2480 Ῥεὸέκκαν,
1086 2431 1146 2469 καὶ

115 2487 213 2532 εἶπον
234 2497 341 2547 αὐτῇ,
361 2497 492 2548 ἀδελφὴ
513 2500 614 2547 ἡμῶν
636 2490 686 2543 εἷ,
702 2500 801 2547 γενοῦ
822 2498 871 2539 εἷς
889 2494 1052 2547 χιλιάδας
1073 2510 1144 2545 μυ-

117 2554 255 2606 ριάδων,
282 2557 342 2594 καὶ
362 2558 662 2609 κληρονομησάτω
682 2558 721 2596 τὸ
741 2556 884 2609 σπέρμα
911 2572 972 2594 σου
992 2555 1055 2598 τὰς
1074 2554 1144 2594 πό-

114 2616 192 2659 λεις
210 2620 279 2655 τῶν
298 2619 526 2656 ὑπεναντίων.
544 2618 642 2671 θΟρα
658 2621 733 2662 πῶς
755 2619 814 2657 καὶ
831 2612 926 2656 οὗτοι
941 2620 1144 2669 ἀγνοοῦντες

115 2678 326 2724 σημαίνουσι
346 2683 389 2731 τῇ
410 2680 495 2733 κόρῃ
519 2679 563 2717 τὰ
588 2681 762 2730 μέλλοντα
791 2680 950 2727 ἔσεσθαι,
967 2683 1027 2717 τοῦ
1048 2681 1141 2718 Θεοῦ

115 2737 179 2783 τὴν
197 2739 348 2777 διάνοιαν
367 2742 478 2778 αὐτῶν
495 2742 580 2794 πρὸς
598 2745 700 2779 τοῦτο
719 2739 1035 2784 κατευοδώσαντος.
1054 2739 1141 2791 Ἀμ-

116 2798 244 2851 φότερα
263 2799 331 2852 γὰρ
352 2803 438 2853 αὐτῇ
466 2802 737 2855 προμηνύουσιν,
749 2803 804 2842 ὅτι
829 2802 888 2840 καὶ
910 2804 958 2846 εἷς
974 2802 1140 2854 χιλιάδας

116 2858 293 2910 μυριάδων
331 2859 450 2906 ἔσται,
470 2860 528 2897 καὶ
554 2860 609 2898 ὅτι
639 2862 897 2913 κληρονομήσει
925 2861 964 2899 τὸ
997 2861 1138 2914 σπέρμα

115 2919 222 2964 αὐτῆς
238 2918 300 2962 τὰς
319 2919 436 2962 πόλεις
456 2922 525 2957 τῶν
544 2920 770 2961 ὑπεναντίων.
791 2916 890 2965 Εἶδες
911 2921 967 2960 διὰ
996 2922 1137 2960 πάντων

114 2978 341 3030 δεικνυμένην
355 2981 482 3032 ἐναργῆ
499 2984 558 3018 τοῦ
580 2982 673 3019 Θεοῦ
693 2982 756 3028 τὴν
783 2982 961 3036 πρόνοιαν,
982 2985 1058 3027 πῶς
1079 2983 1138 3021 καὶ

114 3039 172 3077 διὰ
190 3042 258 3078 τῶν
277 3041 433 3079 ἀπίστων
458 3042 722 3094 προμηνύεσθαι
744 3044 787 3081 τὰ
815 3045 988 3095 μέλλοντα
1008 3047 1139 3084 οἰκονο-

115 3105 173 3149 μεῖ
192 3104 210 3138 6
226 3104 295 3139 τῶν
314 3103 477 3141 ἁπάντων
498 3104 698 3151 Δεσπότης;
719 3104 790 3143 Καὶ
810 3108 1010 3155 ἀναστᾶσα,
1033 3107 1138 3160 φησὶ,

114 3158 286 3200 Ῥεὸέκκα
296 3163 355 3200 καὶ
369 3166 405 3201 αἱ
421 3163 526 3216 ἅὸραι
541 3167 646 3212 αὐτῆς
657 3194 667 3212 ,
683 3166 858 3212 ἐπέδησαν
874 3167 932 3205 ἐπὶ
946 3167 1007 3211 τὰς
1021 3168 1138 3219 καμή-

160 3301 176 3324 b
201 3300 304 3343 [Cod.
325 3302 431 3338 vatic.
459 3306 538 3348 τῶν]
554 3306 605 3339 O'.
624 3313 679 3346 τὴν
695 3310 759 3342 ὁδόν
779 3323 839 3350 μου
855 3313 885 3342 ἐν
906 3313 982 3352 ἐμοὶ.
1010 3309 1114 3351 [Cod.

115 3351 205 3385 Alex.
225 3359 255 3387 ἐν
267 3359 334 3397 ἐμοὶ
350 3366 416 3388 om.
431 3355 442 3400 ]

2099 147 2189 195 565

1238 247 1272 277 et
1287 240 1518 279 securissimae
1531 242 1662 280 tabulae
1683 250 1782 280 erant
1792 242 1943 294 virginis
1958 257 2092 282 mores:
2107 260 2190 283 nus-

1237 313 1345 350 quam
1363 301 1529 353 cymbala
1554 312 1587 341 ct
1606 303 1753 341 choreae.
1773 303 1819 341 Et
1836 303 1903 341 hoc
1931 304 2030 351 scies,
2050 306 2191 355 qnando

1238 359 1283 397 ad
1303 375 1473 413 sponsum
1494 363 1672 415 virginem
1687 363 1821 402 videris
1842 363 2032 401 introduci.
2052 366 2116 401 52.
2143 367 2190 403 [³1

1238 424 1342 458 enim
1376 425 1526 461 audivit
1553 439 1699 472 servus,
1727 425 1856 476 inquit,
1877 426 1960 463 lm’c
1977 440 2001 463 α
2027 434 2138 477 patre
2157 435 2193 463 et

1236 483 1378 531 fratre,
1403 486 1581 524 adoravit
1610 488 1737 525 Deum
1766 501 1880 539 super
1906 496 2064 525 terram.
2098 487 2194 526 Vide

1235 545 1414 594 quomodo
1438 547 1472 584 in
1500 547 1651 599 singulis
1670 563 1749 600 qna:
1776 549 1922 596 fiebant,
1943 549 2193 587 universorum

1237 604 1389 642 Domino
1411 607 1542 656 gratias
1560 609 1677 646 offert.
1701 611 1780 661 lpse
1798 610 1890 648 enini
1914 619 1987 648 erat
2005 610 2066 661 qni
2092 619 2194 648 antea

1236 665 1459 716 pra-parabat
1474 668 1604 715 omnia,
1619 678 1651 705 et
1663 669 1858 707 secundum
1882 671 2092 722 patriarcha}
2114 685 2193 708 ver-

1235 723 1323 762 bum
1340 726 1576 776 praemittebat
1591 729 1758 778 angelum
1771 739 1852 767 ante
1866 731 1981 779 illum,
1997 732 2058 782 qni
2073 732 2191 770 omnia

1234 784 1384 823 feliciter
1405 787 1606 826 ordinabat.
1634 790 1796 840 Denique
1822 791 1905 841 qnia
1933 793 2060 829 certior
2079 793 2192 830 sactus

1184 860 1208 889 ι)
1232 845 1276 884 de
1288 848 1428 899 negotio
1441 849 1591 888 feliciter
1605 851 1773 902 perfecto,
1790 852 1851 889 55.
1867 853 2045 896 Prolata,
2064 853 2191 904 inquit,

1234 921 1336 946 vasa
1359 923 1494 957 aurea,
1515 919 1551 948 et
1565 921 1763 964 argentea,
1784 921 1820 950 et
1840 922 1986 950 vestem
2000 915 2104 952 dedit
2119 917 2191 953 Re-

1233 971 1368 1008 beccoe.
1401 972 1504 1009 Nunc
1536 986 1617 1010 cum
1651 973 1786 1012 fiducia
1817 987 1894 1011 eam
1929 974 1996 1011 sibi
2027 975 2191 1014 conciliat

1229 1030 1371 1078 officiis,
1408 1032 1509 1083 quasi
1544 1033 1621 1085 jam
1649 1034 1770 1072 verbis
1806 1034 2055 1086 desponsatam
2080 1037 2188 1074 Isaac.

1229 1091 1389 1130 Honorat
1411 1102 1529 1131 autem
1562 1094 1665 1133 donis
1686 1106 1718 1134 et
1740 1088 1899 1143 fratrem,
1922 1104 1955 1133 et
1972 1106 2135 1145 matrem,
2156 1106 2191 1135 et

1229 1166 1311 1190 cum
1338 1153 1431 1192 vidit
1466 1155 1650 1206 negotium
1681 1165 1714 1194 et
1743 1155 1953 1194 mandatum
1987 1156 2186 1208 impletum,

1227 1221 1312 1251 tunc
1334 1215 1476 1253 tandem
1499 1216 1596 1254 refici
1629 1232 1667 1255 se
1696 1232 1822 1270 passus
1841 1226 1905 1255 est.
1924 1219 1986 1256 54.
2004 1219 2186 1256 Comede-

1227 1284 1318 1313 runt
1349 1276 1458 1326 enim,
1498 1276 1626 1328 inquit,
1656 1287 1692 1316 et
1729 1280 1906 1316 biberunt
1927 1281 2007 1330 ipse
2037 1288 2073 1317 et
2103 1282 2184 1318 viri

1227 1339 1294 1387 qui
1313 1350 1398 1374 cum
1427 1351 1471 1376 eo
1497 1347 1621 1385 erant,
1645 1348 1682 1377 et
1709 1341 1986 1378 dormiverunt.
2012 1342 2184 1393 Cumque

1227 1410 1342 1435 mane
1373 1402 1616 1447 surrexisset,
1659 1401 1758 1439 dixit
1775 1416 1786 1436 :
1813 1402 2010 1439 Dimittite
2029 1416 2102 1448 me,
2142 1410 2182 1440 ut

1226 1461 1375 1498 vadam
1389 1462 1444 1498 ad
1461 1463 1660 1500 dominum
1691 1478 1830 1502 meum.
1853 1464 2033 1510 Quoniam
2065 1464 2185 1502 omnia

1175 1525 1198 1554 E
1226 1521 1316 1559 mihi
1345 1531 1424 1560 tum
1443 1523 1595 1562 feliciter
1610 1535 1871 1575 successerunt,
1887 1525 2015 1576 inquit,
2035 1534 2068 1563 et
2093 1525 2185 1563 nihil

1226 1583 1390 1633 estquod
1411 1593 1527 1632 restet,
1559 1585 1622 1623 scd
1650 1585 1695 1623 ad
1726 1587 1901 1639 placitum
1939 1596 2098 1624 vestrum
2130 1601 2185 1624 res

1223 1642 1356 1694 agitur,
1377 1645 1574 1683 Dimittite
1594 1661 1667 1693 me,
1688 1655 1729 1684 ut
1745 1649 1883 1684 abeam
1906 1649 1960 1685 ad
1984 1648 2184 1685 dominum

1224 1717 1362 1741 meum.
1384 1706 1453 1742 55.
1486 1707 1682 1744 Dia-erunt
1713 1717 1857 1753 autem,
1891 1707 2183 1761 inquit‚sratres

1223 1773 1260 1801 et
1298 1774 1453 1803 mater.-
1479 1768 1643 1805 ‚Maneat
1676 1770 1874 1806 nobiscum
1905 1771 2017 1821 virgo
2049 1770 2183 1806 diebus

1224 1829 1338 1877 quasi
1358 1828 1502 1874 decem,
1523 1837 1559 1866 et
1586 1838 1672 1881 post
1705 1831 1788 1868 haec
1813 1832 1984 1868 abibitis.
2024 1831 2084 1869 56.
2107 1831 2183 1868 Ille

1223 1896 1352 1924 aretem
1382 1889 1483 1926 dixit
1509 1890 1563 1927 ad
1580 1903 1643 1928 eos
1667 1906 1677 1926 :
1733 1892 1761 1928 'e
1795 1906 1855 1929 me
1885 1893 2105 1938 detineatis,
2129 1901 2181 1930 et-

1222 1951 1324 1985 enim
1342 1950 1536 1988 Dominus
1564 1965 1788 2003 prosperum
1809 1954 1916 2006 fecit
1935 1955 2008 1991 iter
2027 1968 2151 1992 meum
2167 1970 2179 1990 :

1159 2042 1207 2067 49⁰
1222 2009 1406 2047 dimittite
1425 2025 1484 2048 me
1504 2020 1545 2048 ut
1566 2013 1705 2049 abeam
1725 2014 1779 2050 ad
1805 2014 2004 2051 dominum
2036 2029 2176 2052 meum.

1172 2079 1194 2108 Λ
1223 2070 1358 2119 Quare,
1379 2070 1507 2121 inquit,
1538 2070 1693 2109 differtis
1727 2082 1760 2110 et
1789 2074 2068 2125 procrastinatis,
2097 2089 2179 2113 cum

1221 2130 1318 2167 Deus
1339 2140 1475 2169 tantam
1494 2131 1704 2170 facilitatem
1725 2133 1816 2170 mihi
1834 2133 1870 2171 in
1890 2135 2057 2172 omnibus
2072 2134 2178 2173 dede-

1218 2190 1293 2228 rit?
1312 2192 1510 2230 Dimittite
1529 2207 1602 2239 me,
1643 2202 1686 2231 ut
1724 2196 1864 2232 abeam
1893 2196 1947 2233 ad
1979 2198 2179 2235 dominum

1218 2265 1358 2290 meum.
1385 2254 1446 2291 57.
1486 2255 1556 2292 Illi
1591 2263 1721 2293 autem
1755 2256 1939 2295 dixerunt
1961 2273 1969 2294 :
1992 2260 2178 2299 Vocemus

1215 2313 1404 2364 puellam,
1423 2323 1461 2352 et
1480 2317 1757 2368 interrogemus
1779 2331 1879 2355 eam.
1903 2318 1966 2357 58.
1984 2321 2038 2357 Et
2058 2334 2177 2358 voca-

1221 2383 1356 2412 verunt
1370 2390 1470 2422 eam,
1495 2377 1753 2429 dixeruntque
1772 2380 1831 2415 ei:
1845 2381 1927 2417 Ibis
1947 2393 2034 2417 cum
2055 2382 2176 2419 homi-

1219 2449 1267 2473 ne
1279 2440 1296 2473 Ρ
1314 2437 1396 2474 Illa
1416 2446 1545 2475 autem
1565 2439 1679 2485 dixit,
1701 2440 1786 2477 Ibo.
1803 2440 1865 2477 59.
1880 2442 1933 2478 Et
1948 2442 2176 2480 dimiserunt

1214 2499 1428 2536 Rebeccam
1450 2513 1619 2537 sororem
1637 2510 1804 2547 suam,et
1818 2504 2056 2540 substantias
2075 2505 2170 2555 ejus,

1214 2568 1251 2597 et
1264 2573 1417 2598 servum
1430 2561 1654 2607 Abraham,
1672 2570 1708 2599 et
1720 2576 1796 2608 eos,
1813 2565 1880 2615 qui
1890 2577 1976 2600 cum
1988 2576 2032 2600 eo
2044 2573 2169 2602 erant.

1213 2621 1278 2658 60.
1303 2622 1357 2658 Et
1378 2621 1655 2658 benedixerunt
1681 2623 1909 2669 Rebeccam,
1932 2632 1966 2661 et
1990 2625 2172 2663 dixerunt

1213 2684 1249 2719 ei
1263 2682 1403 2719 :Soror
1421 2690 1555 2719 nostra
1574 2695 1627 2725 es,
1632 2682 1718 2734 fias
1738 2685 1780 2719 in
1799 2684 1926 2721 millia
1940 2685 2070 2722 decem
2085 2687 2171 2723 mil-

1213 2743 1321 2788 lium,
1346 2751 1382 2780 et
1399 2743 1613 2780 hereditate
1629 2744 1824 2794 possideat
1839 2758 1969 2782 semen
1989 2754 2097 2784 tuum
2117 2750 2170 2784 ci-

1164 2805 1186 2834 B
1215 2806 1354 2842 vitates
1370 2805 1626 2841 inimicorum.
1644 2803 1739 2841 Vide
1753 2804 1933 2854 quomodo
1949 2814 1981 2843 et
1998 2806 2049 2844 illi
2069 2807 2170 2858 igno-

1211 2873 1327 2901 rantes
1348 2863 1479 2915 virgini
1499 2877 1578 2913 quae
1606 2863 1727 2900 futura
1761 2873 1843 2901 sunt
1877 2865 2168 2917 praesignificant‚

1212 2926 1287 2963 Deo
1307 2933 1460 2962 mentem
1480 2938 1603 2962 eorum
1619 2924 1666 2962 ad
1686 2924 1753 2962 hoc
1770 2924 1948 2977 dirigente
1962 2936 1996 2965 et
2013 2928 2166 2966 incitan-

1212 2994 1255 3023 te.
1280 2987 1442 3036 L‘traque
1463 2985 1558 3022 enim
1589 2985 1759 3037 praedicta
1782 2996 1876 3037 sunt.
1908 2997 1985 3026 tum
2012 2989 2110 3040 quod
2131 2991 2166 3028 in

1211 3046 1325 3084 millia
1345 3044 1552 3098 myriadum
1574 3046 1695 3083 futura
1713 3055 1816 3095 esset,
1835 3056 1913 3086 tum
1931 3050 2029 3100 quod
2049 3065 2164 3089 semen

1210 3107 1286 3158 ejus
1306 3104 1499 3143 hereditate
1510 3118 1755 3156 possessurum
1770 3115 1857 3143 esset
1874 3107 2035 3145 civitates
2047 3109 2165 3146 inimi-

1211 3181 1344 3205 corum.
1366 3165 1503 3206 Vidisti
1518 3179 1582 3217 per
1599 3165 1718 3203 omnia
1734 3165 1934 3205 evidentem
1954 3169 2018 3207 Dei
2042 3184 2122 3222 prm
2136 3170 2162 3207 i-

1197 3318 1211 3333 =¹
1234 3308 1284 3342 O',
1298 3306 1422 3340 liabent.
1435 3312 1484 3341 καὶ
1500 3311 1696 3351 ἑρωτήσωμεν
1711 3312 1744 3341 τὸ
1760 3314 1859 3349 στὸμα
1873 3312 1972 3345 αὐτῆς.

2255 3180 2365 3209 infide-
