<?xml version="1.0" encoding="UTF-8"?>
<!DOCTYPE html PUBLIC "-//W3C//DTD XHTML 1.0 Transitional//EN"
    "http://www.w3.org/TR/xhtml1/DTD/xhtml1-transitional.dtd">
<html xmlns="http://www.w3.org/1999/xhtml" xml:lang="en" lang="en">
 <head>
  <title>
</title>
<meta http-equiv="Content-Type" content="text/html;charset=utf-8" />
  <meta name='ocr-system' content='tesseract 3.04.00' />
  <meta name='ocr-capabilities' content='ocr_page ocr_carea ocr_par ocr_line ocrx_word'/>
</head>
<body>
  <div class='ocr_page' id='page_1' title='image "./operaomniaquaeex04johnuoft/operaomniaquaeex04johnuoft_0676.png"; bbox 0 0 2516 3791; ppageno 0'>
   <div class='ocr_carea' id='block_1_1' title="bbox 39 731 206 771">
    <p class='ocr_par' dir='ltr' id='par_1_1' title="bbox 39 731 206 771">
     <span class='ocr_line' id='line_1_1' title="bbox 39 731 206 771; baseline 0.006 -12"><span class='ocrx_word' id='word_1_1' title='bbox 39 732 138 771; x_wconf 72' lang='lat' dir='ltr'>Caput</span> <span class='ocrx_word' id='word_1_2' title='bbox 158 731 206 761; x_wconf 75' lang='lat'>28.</span> 
     </span>
    </p>
   </div>
   <div class='ocr_carea' id='block_1_2' title="bbox 25 3268 207 3294">
    <p class='ocr_par' dir='ltr' id='par_1_2' title="bbox 25 3268 207 3294">
     <span class='ocr_line' id='line_1_2' title="bbox 25 3268 207 3294; baseline 0.005 -1"><span class='ocrx_word' id='word_1_3' title='bbox 25 3269 142 3293; x_wconf 60' lang='lat' dir='ltr'>lrfll&#39;wn</span> <span class='ocrx_word' id='word_1_4' title='bbox 161 3268 207 3294; x_wconf 70' lang='lat' dir='ltr'>da-</span> 
     </span>
    </p>
   </div>
   <div class='ocr_carea' id='block_1_3' title="bbox 25 3309 86 3333">
    <p class='ocr_par' dir='ltr' id='par_1_3' title="bbox 25 3309 86 3333">
     <span class='ocr_line' id='line_1_3' title="bbox 25 3309 86 3333; baseline 0.033 -3"><span class='ocrx_word' id='word_1_5' title='bbox 25 3309 86 3333; x_wconf 55' lang='lat' dir='ltr'>rub,</span> 
     </span>
    </p>
   </div>
   <div class='ocr_carea' id='block_1_4' title="bbox 238 128 705 175">
    <p class='ocr_par' dir='ltr' id='par_1_4' title="bbox 238 128 705 175">
     <span class='ocr_line' id='line_1_4' title="bbox 238 128 705 175; baseline -0.004 -2"><span class='ocrx_word' id='word_1_6' title='bbox 238 128 332 175; x_wconf 78' lang='lat'>656</span> <span class='ocrx_word' id='word_1_7' title='bbox 666 143 705 172; x_wconf 85' lang='lat' dir='ltr'>s.</span> 
     </span>
    </p>
   </div>
   <div class='ocr_carea' id='block_1_5' title="bbox 229 217 1234 1007">
    <p class='ocr_par' dir='ltr' id='par_1_5' title="bbox 229 217 1234 1007">
     <span class='ocr_line' id='line_1_5' title="bbox 236 217 1234 276; baseline -0.01 -12"><span class='ocrx_word' id='word_1_8' title='bbox 236 228 258 266; x_wconf 89' lang='lat' dir='ltr'>J</span> <span class='ocrx_word' id='word_1_9' title='bbox 261 225 443 263; x_wconf 78' lang='lat' dir='ltr'>udaeorum</span> <span class='ocrx_word' id='word_1_10' title='bbox 454 224 610 262; x_wconf 75' lang='lat' dir='ltr'>maxime</span> <span class='ocrx_word' id='word_1_11' title='bbox 625 225 720 276; x_wconf 86' lang='lat' dir='ltr'>genti</span> <span class='ocrx_word' id='word_1_12' title='bbox 748 222 948 275; x_wconf 85' lang='lat' dir='ltr'>peculiaris.</span> <span class='ocrx_word' id='word_1_13' title='bbox 964 221 1056 258; x_wconf 89' lang='lat' dir='ltr'>Nam</span> <span class='ocrx_word' id='word_1_14' title='bbox 1068 219 1131 269; x_wconf 87' lang='lat' dir='ltr'>qui</span> <span class='ocrx_word' id='word_1_15' title='bbox 1143 217 1188 256; x_wconf 88' lang='lat' dir='ltr'>de</span> <span class='ocrx_word' id='word_1_16' title='bbox 1209 222 1234 253; x_wconf 83' lang='lat' dir='ltr'>E</span> 
     </span>
     <span class='ocr_line' id='line_1_6' title="bbox 234 279 1187 337; baseline -0.009 -14"><span class='ocrx_word' id='word_1_17' title='bbox 234 285 416 324; x_wconf 85' lang='lat' dir='ltr'>beneficiis</span> <span class='ocrx_word' id='word_1_18' title='bbox 433 298 527 337; x_wconf 85' lang='lat' dir='ltr'>saepe</span> <span class='ocrx_word' id='word_1_19' title='bbox 547 298 723 322; x_wconf 88' lang='lat' dir='ltr'>summam</span> <span class='ocrx_word' id='word_1_20' title='bbox 744 297 816 335; x_wconf 85' lang='lat' dir='ltr'>prae</span> <span class='ocrx_word' id='word_1_21' title='bbox 838 295 873 319; x_wconf 88' lang='lat' dir='ltr'>se</span> <span class='ocrx_word' id='word_1_22' title='bbox 889 281 1045 318; x_wconf 86' lang='lat' dir='ltr'>tulerunt</span> <span class='ocrx_word' id='word_1_23' title='bbox 1064 279 1187 329; x_wconf 83' lang='lat' dir='ltr'>ingra-</span> 
     </span>
     <span class='ocr_line' id='line_1_7' title="bbox 237 338 1187 393; baseline -0.011 -9"><span class='ocrx_word' id='word_1_24' title='bbox 237 356 311 384; x_wconf 85' lang='lat' dir='ltr'>tam</span> <span class='ocrx_word' id='word_1_25' title='bbox 328 346 562 391; x_wconf 87' lang='lat' dir='ltr'>voluntatem,</span> <span class='ocrx_word' id='word_1_26' title='bbox 587 344 699 381; x_wconf 90' lang='lat' dir='ltr'>multo</span> <span class='ocrx_word' id='word_1_27' title='bbox 727 343 855 393; x_wconf 77' lang='lat' dir='ltr'>magis,</span> <span class='ocrx_word' id='word_1_28' title='bbox 875 340 941 378; x_wconf 87' lang='lat' dir='ltr'>nisi</span> <span class='ocrx_word' id='word_1_29' title='bbox 971 339 1039 376; x_wconf 89' lang='lat' dir='ltr'>hoc</span> <span class='ocrx_word' id='word_1_30' title='bbox 1065 338 1187 376; x_wconf 86' lang='lat' dir='ltr'>fuisset</span> 
     </span>
     <span class='ocr_line' id='line_1_8' title="bbox 237 402 1187 457; baseline -0.012 -10"><span class='ocrx_word' id='word_1_31' title='bbox 237 409 387 457; x_wconf 83' lang='lat' dir='ltr'>factum,</span> <span class='ocrx_word' id='word_1_32' title='bbox 403 407 521 445; x_wconf 87' lang='lat' dir='ltr'>omnia</span> <span class='ocrx_word' id='word_1_33' title='bbox 541 420 619 456; x_wconf 80' lang='lat' dir='ltr'>quae</span> <span class='ocrx_word' id='word_1_34' title='bbox 638 420 657 441; x_wconf 86' lang='lat' dir='ltr'>a</span> <span class='ocrx_word' id='word_1_35' title='bbox 677 406 752 442; x_wconf 90' lang='lat' dir='ltr'>Deo</span> <span class='ocrx_word' id='word_1_36' title='bbox 767 403 803 440; x_wconf 88' lang='lat' dir='ltr'>in</span> <span class='ocrx_word' id='word_1_37' title='bbox 820 402 914 454; x_wconf 85' lang='lat' dir='ltr'>ipsos</span> <span class='ocrx_word' id='word_1_38' title='bbox 938 402 1029 438; x_wconf 83' lang='lat' dir='ltr'>sacta</span> <span class='ocrx_word' id='word_1_39' title='bbox 1049 409 1145 449; x_wconf 89' lang='lat' dir='ltr'>sunt,</span> <span class='ocrx_word' id='word_1_40' title='bbox 1170 414 1187 437; x_wconf 89' lang='lat' dir='ltr'>e</span> 
     </span>
     <span class='ocr_line' id='line_1_9' title="bbox 237 460 1188 519; baseline -0.009 -12"><span class='ocrx_word' id='word_1_41' title='bbox 237 477 353 507; x_wconf 87' lang='lat' dir='ltr'>mente</span> <span class='ocrx_word' id='word_1_42' title='bbox 370 482 433 506; x_wconf 91' lang='lat' dir='ltr'>sua</span> <span class='ocrx_word' id='word_1_43' title='bbox 450 466 670 519; x_wconf 85' lang='lat' dir='ltr'>abjecissent.</span> <span class='ocrx_word' id='word_1_44' title='bbox 696 464 871 501; x_wconf 81' lang='lat' dir='ltr'>Caeterum</span> <span class='ocrx_word' id='word_1_45' title='bbox 888 460 1074 499; x_wconf 79' lang='lat' dir='ltr'>videamus</span> <span class='ocrx_word' id='word_1_46' title='bbox 1093 474 1188 498; x_wconf 91' lang='lat' dir='ltr'>nune</span> 
     </span>
     <span class='ocr_line' id='line_1_10' title="bbox 237 523 1187 581; baseline -0.009 -14"><span class='ocrx_word' id='word_1_47' title='bbox 237 528 412 581; x_wconf 86' lang='lat' dir='ltr'>quomodo</span> <span class='ocrx_word' id='word_1_48' title='bbox 425 527 526 564; x_wconf 85' lang='lat' dir='ltr'>fratri</span> <span class='ocrx_word' id='word_1_49' title='bbox 538 540 601 563; x_wconf 89' lang='lat' dir='ltr'>suo</span> <span class='ocrx_word' id='word_1_50' title='bbox 614 524 766 564; x_wconf 88' lang='lat' dir='ltr'>Jacobus</span> <span class='ocrx_word' id='word_1_51' title='bbox 781 523 983 561; x_wconf 83' lang='lat' dir='ltr'>occurrerit.</span> <span class='ocrx_word' id='word_1_52' title='bbox 994 523 1187 573; x_wconf 88' lang='lat' dir='ltr'>Postquam</span> 
     </span>
     <span class='ocr_line' id='line_1_11' title="bbox 237 583 1187 638; baseline -0.009 -9"><span class='ocrx_word' id='word_1_53' title='bbox 237 591 330 628; x_wconf 87' lang='lat' dir='ltr'>enim</span> <span class='ocrx_word' id='word_1_54' title='bbox 344 604 388 627; x_wconf 77' lang='lat' dir='ltr'>ex</span> <span class='ocrx_word' id='word_1_55' title='bbox 406 588 448 626; x_wconf 92' lang='lat' dir='ltr'>iis</span> <span class='ocrx_word' id='word_1_56' title='bbox 463 601 540 638; x_wconf 84' lang='lat' dir='ltr'>quae</span> <span class='ocrx_word' id='word_1_57' title='bbox 555 587 646 623; x_wconf 86' lang='lat' dir='ltr'>sacta</span> <span class='ocrx_word' id='word_1_58' title='bbox 667 593 760 633; x_wconf 88' lang='lat' dir='ltr'>sunt,</span> <span class='ocrx_word' id='word_1_59' title='bbox 777 583 938 622; x_wconf 79' lang='lat' dir='ltr'>idoneam</span> <span class='ocrx_word' id='word_1_60' title='bbox 951 583 1087 635; x_wconf 78' lang='lat' dir='ltr'>accepit</span> <span class='ocrx_word' id='word_1_61' title='bbox 1106 597 1187 621; x_wconf 92' lang='lat' dir='ltr'>eon-</span> 
     </span>
     <span class='ocr_line' id='line_1_12' title="bbox 237 645 1188 700; baseline -0.009 -10"><span class='ocrx_word' id='word_1_62' title='bbox 237 652 440 690; x_wconf 79' lang='lat' dir='ltr'>solationem</span> <span class='ocrx_word' id='word_1_63' title='bbox 453 658 486 687; x_wconf 87' lang='lat' dir='ltr'>et</span> <span class='ocrx_word' id='word_1_64' title='bbox 500 647 769 700; x_wconf 85' lang='lat' dir='ltr'>promissionem</span> <span class='ocrx_word' id='word_1_65' title='bbox 799 645 896 697; x_wconf 89' lang='lat' dir='ltr'>quod</span> <span class='ocrx_word' id='word_1_66' title='bbox 922 645 1024 683; x_wconf 86' lang='lat' dir='ltr'>fortis</span> <span class='ocrx_word' id='word_1_67' title='bbox 1048 645 1188 682; x_wconf 78' lang='lat' dir='ltr'>tuturus</span> 
     </span>
     <span class='ocr_line' id='line_1_13' title="bbox 235 706 1187 762; baseline -0.008 -12"><span class='ocrx_word' id='word_1_68' title='bbox 235 721 335 759; x_wconf 86' lang='lat' dir='ltr'>esset,</span> <span class='ocrx_word' id='word_1_69' title='bbox 355 721 387 749; x_wconf 89' lang='lat' dir='ltr'>et</span> <span class='ocrx_word' id='word_1_70' title='bbox 408 719 530 762; x_wconf 87' lang='lat' dir='ltr'>potens</span> <span class='ocrx_word' id='word_1_71' title='bbox 561 709 667 746; x_wconf 89' lang='lat' dir='ltr'>etiam</span> <span class='ocrx_word' id='word_1_72' title='bbox 693 716 813 746; x_wconf 85' lang='lat' dir='ltr'>contra</span> <span class='ocrx_word' id='word_1_73' title='bbox 844 706 1017 755; x_wconf 88' lang='lat' dir='ltr'>homines,</span> <span class='ocrx_word' id='word_1_74' title='bbox 1038 708 1072 743; x_wconf 72' lang='lat' dir='ltr'>t.</span> <span class='ocrx_word' id='word_1_75' title='bbox 1094 706 1187 743; x_wconf 90' lang='lat' dir='ltr'>Ele-</span> 
     </span>
     <span class='ocr_line' id='line_1_14' title="bbox 238 768 1184 819; baseline -0.008 -8"><span class='ocrx_word' id='word_1_76' title='bbox 238 776 335 812; x_wconf 79' lang='lat' dir='ltr'>vatis</span> <span class='ocrx_word' id='word_1_77' title='bbox 355 771 476 809; x_wconf 81' lang='lat' dir='ltr'>oculis</span> <span class='ocrx_word' id='word_1_78' title='bbox 492 770 609 815; x_wconf 82' lang='lat' dir='ltr'>vidit,</span> <span class='ocrx_word' id='word_1_79' title='bbox 635 777 672 807; x_wconf 87' lang='lat' dir='ltr'>et</span> <span class='ocrx_word' id='word_1_80' title='bbox 695 781 780 806; x_wconf 87' lang='lat' dir='ltr'>ecce</span> <span class='ocrx_word' id='word_1_81' title='bbox 800 769 910 805; x_wconf 68' lang='lat' dir='ltr'>Esau</span> <span class='ocrx_word' id='word_1_82' title='bbox 927 769 1063 819; x_wconf 88' lang='lat' dir='ltr'>frater</span> <span class='ocrx_word' id='word_1_83' title='bbox 1088 768 1184 818; x_wconf 84' lang='lat' dir='ltr'>ejus,</span> 
     </span>
     <span class='ocr_line' id='line_1_15' title="bbox 233 828 1186 886; baseline -0.008 -14"><span class='ocrx_word' id='word_1_84' title='bbox 233 844 269 872; x_wconf 83' lang='lat' dir='ltr'>et</span> <span class='ocrx_word' id='word_1_85' title='bbox 285 833 559 886; x_wconf 82' lang='lat' dir='ltr'><em>quadringenti</em></span> <span class='ocrx_word' id='word_1_86' title='bbox 574 833 653 868; x_wconf 85' lang='lat' dir='ltr'>viri</span> <span class='ocrx_word' id='word_1_87' title='bbox 668 843 754 867; x_wconf 89' lang='lat' dir='ltr'>cum</span> <span class='ocrx_word' id='word_1_88' title='bbox 770 843 825 867; x_wconf 86' lang='lat' dir='ltr'>eo.</span> <span class='ocrx_word' id='word_1_89' title='bbox 840 830 892 866; x_wconf 91' lang='lat' dir='ltr'>Et</span> <span class='ocrx_word' id='word_1_90' title='bbox 913 830 1044 866; x_wconf 78' lang='lat' dir='ltr'>divisit</span> <span class='ocrx_word' id='word_1_91' title='bbox 1060 828 1186 865; x_wconf 83' lang='lat' dir='ltr'><em>Jacob</em></span> 
     </span>
     <span class='ocr_line' id='line_1_16' title="bbox 229 888 1183 947; baseline -0.008 -14"><span class='ocrx_word' id='word_1_92' title='bbox 229 908 367 947; x_wconf 81' lang='lat' dir='ltr'>pueros</span> <span class='ocrx_word' id='word_1_93' title='bbox 381 894 435 931; x_wconf 86' lang='lat' dir='ltr'>ad</span> <span class='ocrx_word' id='word_1_94' title='bbox 449 894 563 930; x_wconf 87' lang='lat' dir='ltr'>Liam</span> <span class='ocrx_word' id='word_1_95' title='bbox 578 900 612 929; x_wconf 87' lang='lat' dir='ltr'>et</span> <span class='ocrx_word' id='word_1_96' title='bbox 632 890 795 936; x_wconf 79' lang='lat' dir='ltr'><em>Rachel,</em></span> <span class='ocrx_word' id='word_1_97' title='bbox 818 898 854 927; x_wconf 88' lang='lat' dir='ltr'>et</span> <span class='ocrx_word' id='word_1_98' title='bbox 874 890 974 927; x_wconf 75' lang='lat' dir='ltr'>(luas</span> <span class='ocrx_word' id='word_1_99' title='bbox 1001 888 1183 925; x_wconf 83' lang='lat' dir='ltr'><em>ancillas.</em></span> 
     </span>
     <span class='ocr_line' id='line_1_17' title="bbox 231 951 1188 1007; baseline -0.009 -13"><span class='ocrx_word' id='word_1_100' title='bbox 231 959 271 994; x_wconf 58' lang='grc' dir='ltr'>ἓ.</span> <span class='ocrx_word' id='word_1_101' title='bbox 286 957 322 993; x_wconf 89' lang='lat' dir='ltr'><em>E</em></span> <span class='ocrx_word' id='word_1_102' title='bbox 327 964 340 993; x_wconf 83' lang='lat' dir='ltr'>t</span> <span class='ocrx_word' id='word_1_103' title='bbox 352 957 479 1007; x_wconf 82' lang='lat' dir='ltr'>posuit</span> <span class='ocrx_word' id='word_1_104' title='bbox 494 954 593 990; x_wconf 81' lang='lat' dir='ltr'>duas</span> <span class='ocrx_word' id='word_1_105' title='bbox 607 952 776 989; x_wconf 76' lang='lat' dir='ltr'>ancillas</span> <span class='ocrx_word' id='word_1_106' title='bbox 790 959 825 988; x_wconf 89' lang='lat' dir='ltr'>et</span> <span class='ocrx_word' id='word_1_107' title='bbox 835 963 973 1002; x_wconf 83' lang='lat' dir='ltr'>pueros</span> <span class='ocrx_word' id='word_1_108' title='bbox 998 962 1132 987; x_wconf 84' lang='lat' dir='ltr'>earum</span> <span class='ocrx_word' id='word_1_109' title='bbox 1146 951 1188 985; x_wconf 86' lang='lat' dir='ltr'>in</span> 
     </span>
    </p>
   </div>
   <div class='ocr_carea' id='block_1_6' title="bbox 742 141 928 173">
    <p class='ocr_par' dir='ltr' id='par_1_6' title="bbox 742 141 928 173">
     <span class='ocr_line' id='line_1_18' title="bbox 742 141 928 173; baseline -0.011 0"><span class='ocrx_word' id='word_1_110' title='bbox 742 141 928 173; x_wconf 69' lang='lat' dir='ltr'>JOANMS</span> 
     </span>
    </p>
   </div>
   <div class='ocr_carea' id='block_1_7' title="bbox 966 136 1854 171">
    <p class='ocr_par' dir='ltr' id='par_1_7' title="bbox 966 136 1854 171">
     <span class='ocr_line' id='line_1_19' title="bbox 966 136 1854 171; baseline -0.006 0"><span class='ocrx_word' id='word_1_111' title='bbox 966 139 1208 171; x_wconf 81' lang='lat' dir='ltr'><strong>CHRYSOST.</strong></span> <span class='ocrx_word' id='word_1_112' title='bbox 1250 136 1455 168; x_wconf 78' lang='lat' dir='ltr'>ARcmEP.</span> <span class='ocrx_word' id='word_1_113' title='bbox 1495 136 1666 167; x_wconf 76' lang='lat' dir='ltr'>CONSTA</span> <span class='ocrx_word' id='word_1_114' title='bbox 1674 137 1854 167; x_wconf 72' lang='lat' dir='ltr'><strong>NTINOP.</strong></span> 
     </span>
    </p>
   </div>
   <div class='ocr_carea' id='block_1_8' title="bbox 1259 216 2291 995">
    <p class='ocr_par' dir='ltr' id='par_1_8' title="bbox 1259 216 2291 995">
     <span class='ocr_line' id='line_1_20' title="bbox 1260 216 2285 271; baseline 0 -16"><span class='ocrx_word' id='word_1_115' title='bbox 1260 219 1306 255; x_wconf 84' lang='grc' dir='ltr'>Οἱ</span> <span class='ocrx_word' id='word_1_116' title='bbox 1321 218 1390 270; x_wconf 84' lang='grc' dir='ltr'>γὰρ</span> <span class='ocrx_word' id='word_1_117' title='bbox 1409 217 1468 256; x_wconf 81' lang='grc' dir='ltr'>καὶ</span> <span class='ocrx_word' id='word_1_118' title='bbox 1492 221 1575 271; x_wconf 90' lang='grc' dir='ltr'>παρ’</span> <span class='ocrx_word' id='word_1_119' title='bbox 1609 219 1715 261; x_wconf 74' lang='grc' dir='ltr'>αὐτὰς</span> <span class='ocrx_word' id='word_1_120' title='bbox 1733 217 1794 262; x_wconf 80' lang='grc' dir='ltr'>τὰς</span> <span class='ocrx_word' id='word_1_121' title='bbox 1810 218 2006 271; x_wconf 77' lang='grc' dir='ltr'>εὐεργεσίας</span> <span class='ocrx_word' id='word_1_122' title='bbox 2036 219 2204 263; x_wconf 77' lang='grc' dir='ltr'>πολλάκις</span> <span class='ocrx_word' id='word_1_123' title='bbox 2219 216 2285 265; x_wconf 82' lang='grc' dir='ltr'>τὴν</span> 
     </span>
     <span class='ocr_line' id='line_1_21' title="bbox 1259 278 2282 331; baseline 0.002 -16"><span class='ocrx_word' id='word_1_124' title='bbox 1259 279 1388 316; x_wconf 78' lang='grc' dir='ltr'>οἰκείαν</span> <span class='ocrx_word' id='word_1_125' title='bbox 1411 279 1659 330; x_wconf 83' lang='grc' dir='ltr'>ἀγνωμοσύνην</span> <span class='ocrx_word' id='word_1_126' title='bbox 1691 278 1992 329; x_wconf 78' lang='grc' dir='ltr'>ἐπιδεικνύμενοι,</span> <span class='ocrx_word' id='word_1_127' title='bbox 2010 280 2129 331; x_wconf 82' lang='grc' dir='ltr'>πολλῷ</span> <span class='ocrx_word' id='word_1_128' title='bbox 2151 281 2282 330; x_wconf 84' lang='grc' dir='ltr'>μᾶλλον</span> 
     </span>
     <span class='ocr_line' id='line_1_22' title="bbox 1260 338 2289 391; baseline 0 -15"><span class='ocrx_word' id='word_1_129' title='bbox 1260 341 1290 376; x_wconf 87' lang='grc' dir='ltr'>εἷ</span> <span class='ocrx_word' id='word_1_130' title='bbox 1321 338 1369 389; x_wconf 89' lang='grc' dir='ltr'>μὴ</span> <span class='ocrx_word' id='word_1_131' title='bbox 1388 343 1490 377; x_wconf 80' lang='grc' dir='ltr'>τοῦτο</span> <span class='ocrx_word' id='word_1_132' title='bbox 1506 338 1657 389; x_wconf 82' lang='grc' dir='ltr'>ἐγίνετο,</span> <span class='ocrx_word' id='word_1_133' title='bbox 1674 339 1791 377; x_wconf 91' lang='grc' dir='ltr'>πάντα</span> <span class='ocrx_word' id='word_1_134' title='bbox 1811 338 1850 377; x_wconf 83' lang='grc' dir='ltr'>ἂν</span> <span class='ocrx_word' id='word_1_135' title='bbox 1871 339 1915 377; x_wconf 83' lang='grc' dir='ltr'>τὰ</span> <span class='ocrx_word' id='word_1_136' title='bbox 1935 338 2034 391; x_wconf 81' lang='grc' dir='ltr'>παρὰ</span> <span class='ocrx_word' id='word_1_137' title='bbox 2048 342 2108 376; x_wconf 78' lang='grc' dir='ltr'>τοῦ</span> <span class='ocrx_word' id='word_1_138' title='bbox 2129 340 2222 377; x_wconf 77' lang='grc' dir='ltr'>Θεοῦ</span> <span class='ocrx_word' id='word_1_139' title='bbox 2242 341 2289 382; x_wconf 87' lang='grc' dir='ltr'>εἷς</span> 
     </span>
     <span class='ocr_line' id='line_1_23' title="bbox 1261 397 2290 451; baseline 0 -14"><span class='ocrx_word' id='word_1_140' title='bbox 1261 400 1384 442; x_wconf 77' lang='grc' dir='ltr'>αὐτοὺς</span> <span class='ocrx_word' id='word_1_141' title='bbox 1403 397 1617 451; x_wconf 78' lang='grc' dir='ltr'>γεγενημένα</span> <span class='ocrx_word' id='word_1_142' title='bbox 1630 398 1790 442; x_wconf 68' lang='grc' dir='ltr'>ἐξέὸαλον</span> <span class='ocrx_word' id='word_1_143' title='bbox 1801 402 1862 445; x_wconf 82' lang='grc' dir='ltr'>τ’ῆς</span> <span class='ocrx_word' id='word_1_144' title='bbox 1879 399 2007 442; x_wconf 83' lang='grc' dir='ltr'>οἰκείας</span> <span class='ocrx_word' id='word_1_145' title='bbox 2023 398 2184 441; x_wconf 80' lang='grc' dir='ltr'>διανοίας.</span> <span class='ocrx_word' id='word_1_146' title='bbox 2199 399 2290 437; x_wconf 85' lang='grc' dir='ltr'>Ἀλλ’</span> 
     </span>
     <span class='ocr_line' id='line_1_24' title="bbox 1261 459 2289 511; baseline 0 -15"><span class='ocrx_word' id='word_1_147' title='bbox 1261 460 1387 510; x_wconf 83' lang='grc' dir='ltr'>ἴδωμεν</span> <span class='ocrx_word' id='word_1_148' title='bbox 1414 459 1549 506; x_wconf 77' lang='grc' dir='ltr'>λοιπὸν,</span> <span class='ocrx_word' id='word_1_149' title='bbox 1579 462 1653 503; x_wconf 83' lang='grc' dir='ltr'>πῶς</span> <span class='ocrx_word' id='word_1_150' title='bbox 1691 459 1734 497; x_wconf 80' lang='grc' dir='ltr'>τὰ</span> <span class='ocrx_word' id='word_1_151' title='bbox 1772 463 1835 505; x_wconf 69' lang='grc' dir='ltr'>τῆς</span> <span class='ocrx_word' id='word_1_152' title='bbox 1869 460 2053 511; x_wconf 75' lang='grc' dir='ltr'>συντυχίας</span> <span class='ocrx_word' id='word_1_153' title='bbox 2074 459 2208 510; x_wconf 86' lang='grc' dir='ltr'>γίνεται</span> <span class='ocrx_word' id='word_1_154' title='bbox 2239 461 2289 510; x_wconf 80' lang='grc' dir='ltr'>τῷ</span> 
     </span>
     <span class='ocr_line' id='line_1_25' title="bbox 1262 519 2291 572; baseline -0.001 -15"><span class='ocrx_word' id='word_1_155' title='bbox 1262 519 1392 558; x_wconf 65' lang='grc' dir='ltr'>Ἰακὼὲ</span> <span class='ocrx_word' id='word_1_156' title='bbox 1421 519 1507 572; x_wconf 72' lang='grc' dir='ltr'>πρὸς</span> <span class='ocrx_word' id='word_1_157' title='bbox 1542 520 1600 557; x_wconf 83' lang='grc' dir='ltr'>τὸν</span> <span class='ocrx_word' id='word_1_158' title='bbox 1634 520 1790 572; x_wconf 66' lang='grc' dir='ltr'>ἀδελφόν.</span> <span class='ocrx_word' id='word_1_159' title='bbox 1830 519 1978 565; x_wconf 81' lang='grc' dir='ltr'>Ἐπειδὴ</span> <span class='ocrx_word' id='word_1_160' title='bbox 2013 519 2080 572; x_wconf 78' lang='grc' dir='ltr'>γὰρ</span> <span class='ocrx_word' id='word_1_161' title='bbox 2116 523 2291 572; x_wconf 76' lang='grc' dir='ltr'>ἀρκοῦσαν</span> 
     </span>
     <span class='ocr_line' id='line_1_26' title="bbox 1261 579 2290 633; baseline 0 -14"><span class='ocrx_word' id='word_1_162' title='bbox 1261 581 1365 620; x_wconf 69' lang='grc' dir='ltr'>ἔλαὸε</span> <span class='ocrx_word' id='word_1_163' title='bbox 1386 581 1607 633; x_wconf 85' lang='grc' dir='ltr'>παράκλησιν</span> <span class='ocrx_word' id='word_1_164' title='bbox 1636 582 1675 618; x_wconf 81' lang='grc' dir='ltr'>ἐκ</span> <span class='ocrx_word' id='word_1_165' title='bbox 1700 583 1769 618; x_wconf 81' lang='grc' dir='ltr'>τῶν</span> <span class='ocrx_word' id='word_1_166' title='bbox 1789 579 2028 632; x_wconf 82' lang='grc' dir='ltr'>γεγενημένων</span> <span class='ocrx_word' id='word_1_167' title='bbox 2049 580 2110 618; x_wconf 77' lang='grc' dir='ltr'>καὶ</span> <span class='ocrx_word' id='word_1_168' title='bbox 2141 579 2290 632; x_wconf 81' lang='grc' dir='ltr'>ὑπόσχε-</span> 
     </span>
     <span class='ocr_line' id='line_1_27' title="bbox 1262 639 2289 695; baseline -0.003 -14"><span class='ocrx_word' id='word_1_169' title='bbox 1262 658 1314 680; x_wconf 87' lang='grc' dir='ltr'>σιν</span> <span class='ocrx_word' id='word_1_170' title='bbox 1346 642 1483 687; x_wconf 79' lang='grc' dir='ltr'>ἐδέξατο</span> <span class='ocrx_word' id='word_1_171' title='bbox 1503 642 1556 681; x_wconf 76' lang='grc' dir='ltr'>ὅτι</span> <span class='ocrx_word' id='word_1_172' title='bbox 1584 641 1721 695; x_wconf 79' lang='grc' dir='ltr'>ἰσχυρὸς</span> <span class='ocrx_word' id='word_1_173' title='bbox 1753 641 1871 689; x_wconf 84' lang='grc' dir='ltr'>ἔσται,</span> <span class='ocrx_word' id='word_1_174' title='bbox 1899 641 1962 679; x_wconf 88' lang='grc' dir='ltr'>καὶ·</span> <span class='ocrx_word' id='word_1_175' title='bbox 1981 640 2067 691; x_wconf 85' lang='grc' dir='ltr'>μετὰ</span> <span class='ocrx_word' id='word_1_176' title='bbox 2098 639 2289 694; x_wconf 82' lang='grc' dir='ltr'>ἀνθρώπων</span> 
     </span>
     <span class='ocr_line' id='line_1_28' title="bbox 1261 697 2291 755; baseline -0.001 -15"><span class='ocrx_word' id='word_1_177' title='bbox 1261 704 1421 750; x_wconf 83' lang='grc' dir='ltr'>δυνατὸς,</span> <span class='ocrx_word' id='word_1_178' title='bbox 1441 703 1654 755; x_wconf 64' lang='grc' dir='ltr'>Ἀναὸλέψας</span> <span class='ocrx_word' id='word_1_179' title='bbox 1668 703 1822 754; x_wconf 73' lang='grc' dir='ltr'>,·φησὶν,</span> <span class='ocrx_word' id='word_1_180' title='bbox 1851 697 1937 749; x_wconf 62' lang='grc' dir='ltr'>εἶδε,</span> <span class='ocrx_word' id='word_1_181' title='bbox 1958 701 2017 740; x_wconf 85' lang='grc' dir='ltr'>καὶ</span> <span class='ocrx_word' id='word_1_182' title='bbox 2040 700 2111 739; x_wconf 79' lang='grc' dir='ltr'>ἰδοὺ</span> <span class='ocrx_word' id='word_1_183' title='bbox 2139 701 2252 740; x_wconf 47' lang='grc' dir='ltr'>(Ησαῦ</span> <span class='ocrx_word' id='word_1_184' title='bbox 2272 705 2291 739; x_wconf 95' lang='lat'>6</span> 
     </span>
     <span class='ocr_line' id='line_1_29' title="bbox 1262 762 2289 816; baseline -0.003 -14"><span class='ocrx_word' id='word_1_185' title='bbox 1262 765 1407 816; x_wconf 77' lang='grc' dir='ltr'>ἀδελφὸς</span> <span class='ocrx_word' id='word_1_186' title='bbox 1440 766 1560 813; x_wconf 75' lang='grc' dir='ltr'>αὐτοῦ,</span> <span class='ocrx_word' id='word_1_187' title='bbox 1584 764 1644 802; x_wconf 79' lang='grc' dir='ltr'>καὶ</span> <span class='ocrx_word' id='word_1_188' title='bbox 1675 763 1894 816; x_wconf 78' lang='grc' dir='ltr'>τετρακόσιοι</span> <span class='ocrx_word' id='word_1_189' title='bbox 1932 762 2051 815; x_wconf 85' lang='grc' dir='ltr'>ἄνδρες</span> <span class='ocrx_word' id='word_1_190' title='bbox 2079 764 2154 813; x_wconf 88' lang='grc' dir='ltr'>μετ’</span> <span class='ocrx_word' id='word_1_191' title='bbox 2173 763 2289 801; x_wconf 76' lang='grc' dir='ltr'>αὐτοῦ.</span> 
     </span>
     <span class='ocr_line' id='line_1_30' title="bbox 1263 822 2291 875; baseline -0.003 -13"><span class='ocrx_word' id='word_1_192' title='bbox 1263 824 1332 862; x_wconf 85' lang='grc' dir='ltr'>Καὶ</span> <span class='ocrx_word' id='word_1_193' title='bbox 1351 825 1474 862; x_wconf 87' lang='grc' dir='ltr'>διεῖλεν</span> <span class='ocrx_word' id='word_1_194' title='bbox 1497 823 1626 862; x_wconf 60' lang='lat' dir='ltr'>&#39;lambe&#39;</span> <span class='ocrx_word' id='word_1_195' title='bbox 1644 823 1689 861; x_wconf 72' lang='grc' dir='ltr'>τὰ</span> <span class='ocrx_word' id='word_1_196' title='bbox 1709 823 1833 862; x_wconf 81' lang='grc' dir='ltr'>παιδία</span> <span class='ocrx_word' id='word_1_197' title='bbox 1853 823 1910 861; x_wconf 80' lang='grc' dir='ltr'>ἐπὶ</span> <span class='ocrx_word' id='word_1_198' title='bbox 1942 822 2048 860; x_wconf 86' lang='grc' dir='ltr'>Λείαν</span> <span class='ocrx_word' id='word_1_199' title='bbox 2065 822 2125 860; x_wconf 81' lang='grc' dir='ltr'>καὶ</span> <span class='ocrx_word' id='word_1_200' title='bbox 2151 822 2291 875; x_wconf 80' lang='grc' dir='ltr'>Ῥαχὴλ</span> 
     </span>
     <span class='ocr_line' id='line_1_31' title="bbox 1262 882 2291 928; baseline 0.001 -7"><span class='ocrx_word' id='word_1_201' title='bbox 1262 885 1320 921; x_wconf 81' lang='grc' dir='ltr'>καὶ</span> <span class='ocrx_word' id='word_1_202' title='bbox 1339 885 1401 928; x_wconf 86' lang='grc' dir='ltr'>τὰς</span> <span class='ocrx_word' id='word_1_203' title='bbox 1426 884 1485 923; x_wconf 85' lang='grc' dir='ltr'>δύο</span> <span class='ocrx_word' id='word_1_204' title='bbox 1502 884 1701 927; x_wconf 86' lang='grc' dir='ltr'>παιδίσκας.</span> <span class='ocrx_word' id='word_1_205' title='bbox 1732 884 1800 922; x_wconf 83' lang='grc' dir='ltr'>Καὶ</span> <span class='ocrx_word' id='word_1_206' title='bbox 1823 883 1917 921; x_wconf 80' lang='grc' dir='ltr'>ἔΟετο</span> <span class='ocrx_word' id='word_1_207' title='bbox 1938 883 1999 926; x_wconf 80' lang='grc' dir='ltr'>τὰς</span> <span class='ocrx_word' id='word_1_208' title='bbox 2026 882 2086 920; x_wconf 83' lang='grc' dir='ltr'>δύο</span> <span class='ocrx_word' id='word_1_209' title='bbox 2103 883 2291 926; x_wconf 86' lang='grc' dir='ltr'>παιδίσκας</span> 
     </span>
     <span class='ocr_line' id='line_1_32' title="bbox 1262 942 2291 995; baseline 0.001 -14"><span class='ocrx_word' id='word_1_210' title='bbox 1262 944 1320 981; x_wconf 81' lang='grc' dir='ltr'>καὶ</span> <span class='ocrx_word' id='word_1_211' title='bbox 1339 944 1418 987; x_wconf 71' lang='grc' dir='ltr'>τοὺς</span> <span class='ocrx_word' id='word_1_212' title='bbox 1439 943 1532 988; x_wconf 83' lang='grc' dir='ltr'>υἱοὺς</span> <span class='ocrx_word' id='word_1_213' title='bbox 1553 946 1665 982; x_wconf 80' lang='grc' dir='ltr'>αὐτῶν</span> <span class='ocrx_word' id='word_1_214' title='bbox 1687 946 1721 981; x_wconf 79' lang='grc' dir='ltr'>ἐν</span> <span class='ocrx_word' id='word_1_215' title='bbox 1741 942 1910 995; x_wconf 79' lang='grc' dir='ltr'>πρώτοις,</span> <span class='ocrx_word' id='word_1_216' title='bbox 1929 943 1989 981; x_wconf 74' lang='grc' dir='ltr'>καὶ</span> <span class='ocrx_word' id='word_1_217' title='bbox 2016 943 2123 981; x_wconf 88' lang='grc' dir='ltr'>Λείαν</span> <span class='ocrx_word' id='word_1_218' title='bbox 2158 943 2217 982; x_wconf 82' lang='grc' dir='ltr'>καὶ</span> <span class='ocrx_word' id='word_1_219' title='bbox 2246 944 2291 982; x_wconf 82' lang='grc' dir='ltr'>τὰ</span> 
     </span>
    </p>
   </div>
   <div class='ocr_carea' id='block_1_9' title="bbox 229 1003 2290 1068">
    <p class='ocr_par' dir='ltr' id='par_1_9' title="bbox 229 1003 2290 1068">
     <span class='ocr_line' id='line_1_33' title="bbox 229 1003 2290 1068; baseline -0.006 -14"><span class='ocrx_word' id='word_1_220' title='bbox 229 1018 433 1068; x_wconf 85' lang='lat' dir='ltr'>principio,</span> <span class='ocrx_word' id='word_1_221' title='bbox 460 1022 497 1052; x_wconf 89' lang='lat' dir='ltr'>et</span> <span class='ocrx_word' id='word_1_222' title='bbox 520 1015 633 1051; x_wconf 88' lang='lat' dir='ltr'>Liam</span> <span class='ocrx_word' id='word_1_223' title='bbox 655 1020 692 1049; x_wconf 85' lang='lat' dir='ltr'>et</span> <span class='ocrx_word' id='word_1_224' title='bbox 708 1025 846 1063; x_wconf 81' lang='lat' dir='ltr'>pueros</span> <span class='ocrx_word' id='word_1_225' title='bbox 871 1013 953 1062; x_wconf 81' lang='lat' dir='ltr'>ejus</span> <span class='ocrx_word' id='word_1_226' title='bbox 974 1018 1122 1061; x_wconf 85' lang='lat' dir='ltr'>postea,</span> <span class='ocrx_word' id='word_1_227' title='bbox 1151 1017 1188 1047; x_wconf 80' lang='lat' dir='ltr'>et</span> <span class='ocrx_word' id='word_1_228' title='bbox 1200 1039 1246 1064; x_wconf 86' lang='lat'>567</span> <span class='ocrx_word' id='word_1_229' title='bbox 1261 1004 1385 1042; x_wconf 84' lang='grc' dir='ltr'>παιδία</span> <span class='ocrx_word' id='word_1_230' title='bbox 1413 1006 1520 1051; x_wconf 77' lang='grc' dir='ltr'>αὐτῆς</span> <span class='ocrx_word' id='word_1_231' title='bbox 1539 1004 1669 1051; x_wconf 86' lang='grc' dir='ltr'>ὀπίσω,</span> <span class='ocrx_word' id='word_1_232' title='bbox 1695 1004 1753 1042; x_wconf 76' lang='grc' dir='ltr'>καὶ</span> <span class='ocrx_word' id='word_1_233' title='bbox 1773 1003 1914 1056; x_wconf 88' lang='grc' dir='ltr'>Ῥαχὴλ</span> <span class='ocrx_word' id='word_1_234' title='bbox 1939 1004 1999 1041; x_wconf 82' lang='grc' dir='ltr'>καὶ</span> <span class='ocrx_word' id='word_1_235' title='bbox 2027 1004 2084 1042; x_wconf 80' lang='grc' dir='ltr'>τὸν</span> <span class='ocrx_word' id='word_1_236' title='bbox 2099 1004 2230 1057; x_wconf 81' lang='grc' dir='ltr'>Ἰωσὴφ</span> <span class='ocrx_word' id='word_1_237' title='bbox 2255 1007 2290 1042; x_wconf 88' lang='grc' dir='ltr'>ἐν</span> 
     </span>
    </p>
   </div>
   <div class='ocr_carea' id='block_1_10' title="bbox 225 1072 1237 3189">
    <p class='ocr_par' dir='ltr' id='par_1_10' title="bbox 225 1072 1237 3189">
     <span class='ocr_line' id='line_1_34' title="bbox 236 1072 1237 1125; baseline -0.009 -10"><span class='ocrx_word' id='word_1_238' title='bbox 236 1078 381 1115; x_wconf 78' lang='lat' dir='ltr'><em>Rachel</em></span> <span class='ocrx_word' id='word_1_239' title='bbox 417 1089 464 1113; x_wconf 89' lang='lat' dir='ltr'>ac</span> <span class='ocrx_word' id='word_1_240' title='bbox 494 1075 638 1125; x_wconf 75' lang='lat' dir='ltr'>Joseph</span> <span class='ocrx_word' id='word_1_241' title='bbox 669 1081 893 1125; x_wconf 80' lang='lat' dir='ltr'>postremos.</span> <span class='ocrx_word' id='word_1_242' title='bbox 927 1072 962 1108; x_wconf 85' lang='lat'>5.</span> <span class='ocrx_word' id='word_1_243' title='bbox 996 1073 1084 1122; x_wconf 80' lang='lat' dir='ltr'>Ipse</span> <span class='ocrx_word' id='word_1_244' title='bbox 1116 1084 1186 1108; x_wconf 84' lang='lat' dir='ltr'>au-</span> <span class='ocrx_word' id='word_1_245' title='bbox 1212 1077 1237 1104; x_wconf 82' lang='grc' dir='ltr'>Α</span> 
     </span>
     <span class='ocr_line' id='line_1_35' title="bbox 233 1133 1189 1189; baseline -0.009 -13"><span class='ocrx_word' id='word_1_246' title='bbox 233 1148 308 1176; x_wconf 83' lang='lat' dir='ltr'>tem</span> <span class='ocrx_word' id='word_1_247' title='bbox 343 1138 537 1189; x_wconf 64' lang='lat' dir='ltr'>praecessit</span> <span class='ocrx_word' id='word_1_248' title='bbox 570 1143 662 1172; x_wconf 87' lang='lat' dir='ltr'>ante</span> <span class='ocrx_word' id='word_1_249' title='bbox 695 1147 758 1172; x_wconf 83' lang='lat' dir='ltr'>eos</span> <span class='ocrx_word' id='word_1_250' title='bbox 790 1141 826 1171; x_wconf 85' lang='lat' dir='ltr'>et</span> <span class='ocrx_word' id='word_1_251' title='bbox 865 1133 1045 1170; x_wconf 76' lang='lat' dir='ltr'>adoravit</span> <span class='ocrx_word' id='word_1_252' title='bbox 1075 1145 1189 1182; x_wconf 79' lang='lat' dir='ltr'>super</span> 
     </span>
     <span class='ocr_line' id='line_1_36' title="bbox 233 1193 1189 1249; baseline -0.007 -13"><span class='ocrx_word' id='word_1_253' title='bbox 233 1208 374 1238; x_wconf 81' lang='lat' dir='ltr'>terram</span> <span class='ocrx_word' id='word_1_254' title='bbox 421 1199 571 1249; x_wconf 76' lang='lat' dir='ltr'>septies,</span> <span class='ocrx_word' id='word_1_255' title='bbox 614 1196 735 1233; x_wconf 85' lang='lat' dir='ltr'>donec</span> <span class='ocrx_word' id='word_1_256' title='bbox 771 1194 1096 1246; x_wconf 73' lang='lat' dir='ltr'><em>appropinquavit</em></span> <span class='ocrx_word' id='word_1_257' title='bbox 1135 1193 1189 1230; x_wconf 87' lang='lat' dir='ltr'>ad</span> 
     </span>
     <span class='ocr_line' id='line_1_37' title="bbox 232 1253 1186 1309; baseline -0.009 -11"><span class='ocrx_word' id='word_1_258' title='bbox 232 1262 395 1309; x_wconf 82' lang='lat' dir='ltr'>fratrem</span> <span class='ocrx_word' id='word_1_259' title='bbox 415 1271 540 1296; x_wconf 87' lang='lat' dir='ltr'>suum.</span> <span class='ocrx_word' id='word_1_260' title='bbox 563 1255 659 1295; x_wconf 88' lang='lat' dir='ltr'>Vide</span> <span class='ocrx_word' id='word_1_261' title='bbox 681 1255 858 1306; x_wconf 89' lang='lat' dir='ltr'>quomodo</span> <span class='ocrx_word' id='word_1_262' title='bbox 879 1253 1055 1292; x_wconf 85' lang='lat' dir='ltr'>divisione</span> <span class='ocrx_word' id='word_1_263' title='bbox 1080 1253 1186 1303; x_wconf 86' lang='lat' dir='ltr'>facta,</span> 
     </span>
     <span class='ocr_line' id='line_1_38' title="bbox 232 1315 1187 1372; baseline -0.007 -14"><span class='ocrx_word' id='word_1_264' title='bbox 232 1321 307 1372; x_wconf 84' lang='lat' dir='ltr'>ipse</span> <span class='ocrx_word' id='word_1_265' title='bbox 328 1333 400 1372; x_wconf 68' lang='lat' dir='ltr'>prae</span> <span class='ocrx_word' id='word_1_266' title='bbox 421 1318 586 1356; x_wconf 89' lang='lat' dir='ltr'>omnibus</span> <span class='ocrx_word' id='word_1_267' title='bbox 613 1316 778 1355; x_wconf 81' lang='lat' dir='ltr'>occurrit.</span> <span class='ocrx_word' id='word_1_268' title='bbox 799 1317 852 1353; x_wconf 89' lang='lat' dir='ltr'>Et</span> <span class='ocrx_word' id='word_1_269' title='bbox 876 1315 1057 1352; x_wconf 73' lang='lat' dir='ltr'>adoravit</span> <span class='ocrx_word' id='word_1_270' title='bbox 1074 1327 1187 1365; x_wconf 86' lang='lat' dir='ltr'>super</span> 
     </span>
     <span class='ocr_line' id='line_1_39' title="bbox 236 1377 1186 1430; baseline -0.005 -13"><span class='ocrx_word' id='word_1_271' title='bbox 236 1390 394 1426; x_wconf 80' lang='lat' dir='ltr'>terram,</span> <span class='ocrx_word' id='word_1_272' title='bbox 407 1379 535 1430; x_wconf 86' lang='lat' dir='ltr'>inquit,</span> <span class='ocrx_word' id='word_1_273' title='bbox 553 1380 703 1430; x_wconf 82' lang='lat' dir='ltr'>septies,</span> <span class='ocrx_word' id='word_1_274' title='bbox 727 1378 847 1414; x_wconf 84' lang='lat' dir='ltr'>donec</span> <span class='ocrx_word' id='word_1_275' title='bbox 864 1377 1186 1427; x_wconf 75' lang='lat' dir='ltr'><em>appropinquavit</em></span> 
     </span>
     <span class='ocr_line' id='line_1_40' title="bbox 234 1435 1184 1494; baseline -0.006 -15"><span class='ocrx_word' id='word_1_276' title='bbox 234 1443 464 1494; x_wconf 83' lang='lat' dir='ltr'>adsratrem</span> <span class='ocrx_word' id='word_1_277' title='bbox 486 1453 597 1477; x_wconf 86' lang='lat' dir='ltr'>suum</span> <span class='ocrx_word' id='word_1_278' title='bbox 611 1454 621 1474; x_wconf 80' lang='grc'>.-</span> <span class='ocrx_word' id='word_1_279' title='bbox 638 1452 699 1489; x_wconf 86' lang='lat' dir='ltr'>per</span> <span class='ocrx_word' id='word_1_280' title='bbox 721 1446 853 1488; x_wconf 81' lang='lat' dir='ltr'>gestus,</span> <span class='ocrx_word' id='word_1_281' title='bbox 880 1445 913 1474; x_wconf 89' lang='lat' dir='ltr'>et</span> <span class='ocrx_word' id='word_1_282' title='bbox 932 1450 994 1488; x_wconf 87' lang='lat' dir='ltr'>per</span> <span class='ocrx_word' id='word_1_283' title='bbox 1009 1435 1184 1474; x_wconf 85' lang='lat' dir='ltr'>adoratio-</span> 
     </span>
     <span class='ocr_line' id='line_1_41' title="bbox 233 1496 1185 1548; baseline -0.007 -8"><span class='ocrx_word' id='word_1_284' title='bbox 233 1516 311 1539; x_wconf 87' lang='lat' dir='ltr'>nem</span> <span class='ocrx_word' id='word_1_285' title='bbox 330 1503 474 1539; x_wconf 83' lang='lat' dir='ltr'>fratrem</span> <span class='ocrx_word' id='word_1_286' title='bbox 494 1499 529 1536; x_wconf 90' lang='lat' dir='ltr'>in</span> <span class='ocrx_word' id='word_1_287' title='bbox 549 1499 603 1535; x_wconf 91' lang='lat' dir='ltr'>sui</span> <span class='ocrx_word' id='word_1_288' title='bbox 619 1497 905 1536; x_wconf 81' lang='lat' dir='ltr'>benevolentiam</span> <span class='ocrx_word' id='word_1_289' title='bbox 922 1510 1117 1548; x_wconf 78' lang='lat' dir='ltr'>provocans</span> <span class='ocrx_word' id='word_1_290' title='bbox 1130 1512 1137 1532; x_wconf 91' lang='lat'>:</span> <span class='ocrx_word' id='word_1_291' title='bbox 1150 1496 1185 1534; x_wconf 90' lang='lat' dir='ltr'>id</span> 
     </span>
     <span class='ocr_line' id='line_1_42' title="bbox 231 1559 1183 1612; baseline -0.005 -13"><span class='ocrx_word' id='word_1_292' title='bbox 231 1561 325 1612; x_wconf 83' lang='lat' dir='ltr'>quod</span> <span class='ocrx_word' id='word_1_293' title='bbox 346 1570 379 1598; x_wconf 91' lang='lat' dir='ltr'>et</span> <span class='ocrx_word' id='word_1_294' title='bbox 401 1561 532 1597; x_wconf 89' lang='lat' dir='ltr'>factum</span> <span class='ocrx_word' id='word_1_295' title='bbox 554 1567 615 1596; x_wconf 88' lang='lat' dir='ltr'>est.</span> <span class='ocrx_word' id='word_1_296' title='bbox 639 1559 675 1594; x_wconf 68' lang='lat'>4.</span> <span class='ocrx_word' id='word_1_297' title='bbox 700 1559 805 1595; x_wconf 83' lang='lat' dir='ltr'>Nam</span> <span class='ocrx_word' id='word_1_298' title='bbox 828 1559 938 1595; x_wconf 76' lang='lat' dir='ltr'>Esaii</span> <span class='ocrx_word' id='word_1_299' title='bbox 963 1570 1183 1603; x_wconf 83' lang='lat' dir='ltr'>accurrens,</span> 
     </span>
     <span class='ocr_line' id='line_1_43' title="bbox 230 1618 1184 1672; baseline -0.004 -13"><span class='ocrx_word' id='word_1_300' title='bbox 230 1622 358 1672; x_wconf 87' lang='lat' dir='ltr'>inquit,</span> <span class='ocrx_word' id='word_1_301' title='bbox 385 1620 629 1671; x_wconf 76' lang='lat' dir='ltr'><em>amplexatus</em></span> <span class='ocrx_word' id='word_1_302' title='bbox 648 1626 704 1655; x_wconf 80' lang='lat' dir='ltr'>est</span> <span class='ocrx_word' id='word_1_303' title='bbox 720 1632 820 1663; x_wconf 87' lang='lat' dir='ltr'>eum,</span> <span class='ocrx_word' id='word_1_304' title='bbox 842 1627 878 1655; x_wconf 88' lang='lat' dir='ltr'>et</span> <span class='ocrx_word' id='word_1_305' title='bbox 899 1618 1093 1655; x_wconf 80' lang='lat' dir='ltr'>osculatus</span> <span class='ocrx_word' id='word_1_306' title='bbox 1114 1626 1184 1664; x_wconf 84' lang='lat' dir='ltr'>est,</span> 
     </span>
     <span class='ocr_line' id='line_1_44' title="bbox 228 1676 1183 1732; baseline -0.005 -14"><span class='ocrx_word' id='word_1_307' title='bbox 228 1681 470 1732; x_wconf 83' lang='lat' dir='ltr'><em>prociditque</em></span> <span class='ocrx_word' id='word_1_308' title='bbox 480 1681 522 1715; x_wconf 87' lang='lat' dir='ltr'>in</span> <span class='ocrx_word' id='word_1_309' title='bbox 533 1677 676 1715; x_wconf 88' lang='lat' dir='ltr'>collum</span> <span class='ocrx_word' id='word_1_310' title='bbox 689 1679 770 1729; x_wconf 82' lang='lat' dir='ltr'>ejus</span> <span class='ocrx_word' id='word_1_311' title='bbox 783 1692 793 1712; x_wconf 89' lang='lat'><em>:</em></span> <span class='ocrx_word' id='word_1_312' title='bbox 809 1685 845 1714; x_wconf 88' lang='lat' dir='ltr'>et</span> <span class='ocrx_word' id='word_1_313' title='bbox 841 1676 1001 1730; x_wconf 83' lang='lat' dir='ltr'>flebant</span> <span class='ocrx_word' id='word_1_314' title='bbox 1011 1684 1183 1728; x_wconf 83' lang='lat' dir='ltr'>uterque,</span> 
     </span>
     <span class='ocr_line' id='line_1_45' title="bbox 284 1734 1187 1790; baseline -0.003 -13"><span class='ocrx_word' id='word_1_315' title='bbox 284 1742 318 1777; x_wconf 68' lang='lat'>4.</span> <span class='ocrx_word' id='word_1_316' title='bbox 350 1739 446 1779; x_wconf 80' lang='lat' dir='ltr'>Vide</span> <span class='ocrx_word' id='word_1_317' title='bbox 490 1737 789 1790; x_wconf 85' lang='lat' dir='ltr'>dispensationem</span> <span class='ocrx_word' id='word_1_318' title='bbox 820 1736 887 1773; x_wconf 89' lang='lat' dir='ltr'>Dei</span> <span class='ocrx_word' id='word_1_319' title='bbox 922 1751 929 1771; x_wconf 78' lang='grc' dir='ltr'>ε</span> <span class='ocrx_word' id='word_1_320' title='bbox 965 1734 1062 1787; x_wconf 90' lang='lat' dir='ltr'>quod</span> <span class='ocrx_word' id='word_1_321' title='bbox 1093 1736 1187 1774; x_wconf 90' lang='lat' dir='ltr'>enim</span> 
     </span>
     <span class='ocr_line' id='line_1_46' title="bbox 230 1797 1234 1857; baseline -0.005 -17"><span class='ocrx_word' id='word_1_322' title='bbox 230 1803 305 1840; x_wconf 83' lang='lat' dir='ltr'>heri</span> <span class='ocrx_word' id='word_1_323' title='bbox 326 1802 504 1849; x_wconf 80' lang='lat' dir='ltr'>dicebam,</span> <span class='ocrx_word' id='word_1_324' title='bbox 521 1799 559 1837; x_wconf 93' lang='lat' dir='ltr'>id</span> <span class='ocrx_word' id='word_1_325' title='bbox 577 1798 773 1837; x_wconf 87' lang='lat' dir='ltr'>etiamnum</span> <span class='ocrx_word' id='word_1_326' title='bbox 791 1797 922 1835; x_wconf 84' lang='lat' dir='ltr'>dicam.</span> <span class='ocrx_word' id='word_1_327' title='bbox 944 1797 1096 1844; x_wconf 86' lang='lat' dir='ltr'>Quando</span> <span class='ocrx_word' id='word_1_328' title='bbox 1111 1797 1188 1837; x_wconf 89' lang='lat' dir='ltr'>vult</span> <span class='ocrx_word' id='word_1_329' title='bbox 1212 1828 1234 1857; x_wconf 70' lang='grc' dir='ltr'>Β</span> 
     </span>
     <span class='ocr_line' id='line_1_47' title="bbox 231 1858 1187 1912; baseline -0.004 -12"><span class='ocrx_word' id='word_1_330' title='bbox 231 1863 391 1900; x_wconf 85' lang='lat' dir='ltr'>omnium</span> <span class='ocrx_word' id='word_1_331' title='bbox 411 1860 588 1900; x_wconf 86' lang='lat' dir='ltr'>Dominus</span> <span class='ocrx_word' id='word_1_332' title='bbox 613 1874 715 1898; x_wconf 85' lang='lat' dir='ltr'>suam</span> <span class='ocrx_word' id='word_1_333' title='bbox 731 1872 814 1910; x_wconf 86' lang='lat' dir='ltr'>erga</span> <span class='ocrx_word' id='word_1_334' title='bbox 830 1873 893 1897; x_wconf 93' lang='lat' dir='ltr'>nos</span> <span class='ocrx_word' id='word_1_335' title='bbox 909 1858 1088 1897; x_wconf 88' lang='lat' dir='ltr'>declarare</span> <span class='ocrx_word' id='word_1_336' title='bbox 1105 1873 1187 1912; x_wconf 84' lang='lat' dir='ltr'>pro—</span> 
     </span>
     <span class='ocr_line' id='line_1_48' title="bbox 232 1920 1188 1972; baseline -0.003 -12"><span class='ocrx_word' id='word_1_337' title='bbox 232 1923 441 1971; x_wconf 79' lang='lat' dir='ltr'>videntiam,</span> <span class='ocrx_word' id='word_1_338' title='bbox 467 1935 525 1960; x_wconf 84' lang='lat' dir='ltr'>eos</span> <span class='ocrx_word' id='word_1_339' title='bbox 545 1921 650 1959; x_wconf 82' lang='lat' dir='ltr'>etiam</span> <span class='ocrx_word' id='word_1_340' title='bbox 683 1920 745 1972; x_wconf 91' lang='lat' dir='ltr'>qui</span> <span class='ocrx_word' id='word_1_341' title='bbox 777 1920 886 1958; x_wconf 85' lang='lat' dir='ltr'>atroci</span> <span class='ocrx_word' id='word_1_342' title='bbox 912 1920 948 1958; x_wconf 90' lang='lat' dir='ltr'>in</span> <span class='ocrx_word' id='word_1_343' title='bbox 977 1934 1040 1959; x_wconf 89' lang='lat' dir='ltr'>nos</span> <span class='ocrx_word' id='word_1_344' title='bbox 1070 1920 1188 1958; x_wconf 85' lang='lat' dir='ltr'>animo</span> 
     </span>
     <span class='ocr_line' id='line_1_49' title="bbox 234 1980 1189 2034; baseline -0.001 -13"><span class='ocrx_word' id='word_1_345' title='bbox 234 1993 326 2032; x_wconf 83' lang='lat' dir='ltr'>sunt,</span> <span class='ocrx_word' id='word_1_346' title='bbox 345 1984 474 2022; x_wconf 74' lang='lat' dir='ltr'>ovibus</span> <span class='ocrx_word' id='word_1_347' title='bbox 489 1982 741 2020; x_wconf 80' lang='lat' dir='ltr'>mansuetiores</span> <span class='ocrx_word' id='word_1_348' title='bbox 756 1980 854 2019; x_wconf 78' lang='lat' dir='ltr'>facit.</span> <span class='ocrx_word' id='word_1_349' title='bbox 872 1981 1064 2020; x_wconf 84' lang='lat' dir='ltr'>Considera</span> <span class='ocrx_word' id='word_1_350' title='bbox 1080 1983 1189 2034; x_wconf 81' lang='lat' dir='ltr'>igitur</span> 
     </span>
     <span class='ocr_line' id='line_1_50' title="bbox 235 2042 1189 2096; baseline 0 -15"><span class='ocrx_word' id='word_1_351' title='bbox 235 2054 402 2096; x_wconf 84' lang='lat' dir='ltr'>quantam</span> <span class='ocrx_word' id='word_1_352' title='bbox 433 2044 662 2081; x_wconf 76' lang='lat' dir='ltr'>mutationem</span> <span class='ocrx_word' id='word_1_353' title='bbox 693 2042 849 2079; x_wconf 82' lang='lat' dir='ltr'>declarat</span> <span class='ocrx_word' id='word_1_354' title='bbox 872 2042 977 2080; x_wconf 77' lang='lat' dir='ltr'>Esau.</span> <span class='ocrx_word' id='word_1_355' title='bbox 1007 2043 1189 2081; x_wconf 79' lang='lat' dir='ltr'><em>Accurrit</em></span> 
     </span>
     <span class='ocr_line' id='line_1_51' title="bbox 235 2105 1185 2156; baseline 0 -14"><span class='ocrx_word' id='word_1_356' title='bbox 235 2106 342 2154; x_wconf 81' lang='lat' dir='ltr'>enim,</span> <span class='ocrx_word' id='word_1_357' title='bbox 361 2105 488 2155; x_wconf 86' lang='lat' dir='ltr'>inquit,</span> <span class='ocrx_word' id='word_1_358' title='bbox 518 2108 559 2141; x_wconf 81' lang='lat' dir='ltr'>in</span> <span class='ocrx_word' id='word_1_359' title='bbox 584 2117 783 2142; x_wconf 82' lang='lat' dir='ltr'>occursum</span> <span class='ocrx_word' id='word_1_360' title='bbox 804 2105 900 2154; x_wconf 83' lang='lat' dir='ltr'>ejus,</span> <span class='ocrx_word' id='word_1_361' title='bbox 927 2113 963 2141; x_wconf 86' lang='lat' dir='ltr'>et</span> <span class='ocrx_word' id='word_1_362' title='bbox 985 2105 1185 2156; x_wconf 76' lang='lat' dir='ltr'>amplexa-</span> 
     </span>
     <span class='ocr_line' id='line_1_52' title="bbox 236 2162 1186 2217; baseline -0.003 -13"><span class='ocrx_word' id='word_1_363' title='bbox 236 2176 296 2204; x_wconf 82' lang='lat' dir='ltr'>tus</span> <span class='ocrx_word' id='word_1_364' title='bbox 329 2179 414 2203; x_wconf 86' lang='lat' dir='ltr'>eum</span> <span class='ocrx_word' id='word_1_365' title='bbox 445 2165 640 2202; x_wconf 83' lang='lat' dir='ltr'>osculatus</span> <span class='ocrx_word' id='word_1_366' title='bbox 672 2172 744 2208; x_wconf 82' lang='lat' dir='ltr'>est;</span> <span class='ocrx_word' id='word_1_367' title='bbox 773 2172 809 2200; x_wconf 78' lang='lat' dir='ltr'>et</span> <span class='ocrx_word' id='word_1_368' title='bbox 826 2162 1027 2217; x_wconf 76' lang='lat' dir='ltr'>fleverunt</span> <span class='ocrx_word' id='word_1_369' title='bbox 1059 2167 1186 2202; x_wconf 85' lang='lat' dir='ltr'>ambo.</span> 
     </span>
     <span class='ocr_line' id='line_1_53' title="bbox 235 2223 1191 2276; baseline -0.002 -11"><span class='ocrx_word' id='word_1_370' title='bbox 235 2227 313 2265; x_wconf 65' lang='lat' dir='ltr'>‘Vix</span> <span class='ocrx_word' id='word_1_371' title='bbox 344 2225 487 2264; x_wconf 85' lang='lat' dir='ltr'>tandem</span> <span class='ocrx_word' id='word_1_372' title='bbox 511 2227 630 2276; x_wconf 83' lang='lat' dir='ltr'>justus</span> <span class='ocrx_word' id='word_1_373' title='bbox 661 2223 850 2275; x_wconf 77' lang='lat' dir='ltr'>respiravit</span> <span class='ocrx_word' id='word_1_374' title='bbox 880 2233 913 2261; x_wconf 83' lang='lat' dir='ltr'>et</span> <span class='ocrx_word' id='word_1_375' title='bbox 938 2224 1104 2262; x_wconf 77' lang='lat' dir='ltr'>timorem</span> <span class='ocrx_word' id='word_1_376' title='bbox 1131 2239 1191 2263; x_wconf 83' lang='lat' dir='ltr'>ex-</span> 
     </span>
     <span class='ocr_line' id='line_1_54' title="bbox 236 2285 1191 2335; baseline -0.002 -10"><span class='ocrx_word' id='word_1_377' title='bbox 236 2287 360 2335; x_wconf 78' lang='lat' dir='ltr'>cussit,</span> <span class='ocrx_word' id='word_1_378' title='bbox 395 2286 588 2325; x_wconf 75' lang='lat' dir='ltr'>animo-sior</span> <span class='ocrx_word' id='word_1_379' title='bbox 622 2285 745 2322; x_wconf 79' lang='lat' dir='ltr'>factus.</span> <span class='ocrx_word' id='word_1_380' title='bbox 779 2285 816 2322; x_wconf 87' lang='lat'>5.</span> <span class='ocrx_word' id='word_1_381' title='bbox 850 2285 1028 2323; x_wconf 76' lang='lat' dir='ltr'>Elevatis</span> <span class='ocrx_word' id='word_1_382' title='bbox 1062 2294 1191 2323; x_wconf 87' lang='lat' dir='ltr'>autem</span> 
     </span>
     <span class='ocr_line' id='line_1_55' title="bbox 238 2344 1191 2396; baseline -0.003 -12"><span class='ocrx_word' id='word_1_383' title='bbox 238 2347 375 2395; x_wconf 80' lang='lat' dir='ltr'>oculis,</span> <span class='ocrx_word' id='word_1_384' title='bbox 408 2344 535 2396; x_wconf 86' lang='lat' dir='ltr'>inquit,</span> <span class='ocrx_word' id='word_1_385' title='bbox 560 2345 669 2382; x_wconf 75' lang='lat' dir='ltr'>Esau</span> <span class='ocrx_word' id='word_1_386' title='bbox 704 2344 807 2381; x_wconf 79' lang='lat' dir='ltr'>vidit</span> <span class='ocrx_word' id='word_1_387' title='bbox 838 2344 1014 2381; x_wconf 84' lang='lat' dir='ltr'>mulieres</span> <span class='ocrx_word' id='word_1_388' title='bbox 1044 2352 1079 2381; x_wconf 81' lang='lat' dir='ltr'>el</span> <span class='ocrx_word' id='word_1_389' title='bbox 1099 2358 1191 2394; x_wconf 90' lang='lat' dir='ltr'>pue-</span> 
     </span>
     <span class='ocr_line' id='line_1_56' title="bbox 236 2403 1191 2454; baseline -0.004 -9"><span class='ocrx_word' id='word_1_390' title='bbox 236 2421 311 2453; x_wconf 85' lang='lat' dir='ltr'>ros,</span> <span class='ocrx_word' id='word_1_391' title='bbox 343 2416 380 2444; x_wconf 89' lang='lat' dir='ltr'>et</span> <span class='ocrx_word' id='word_1_392' title='bbox 410 2407 523 2451; x_wconf 68' lang='lat' dir='ltr'>dixit,</span> <span class='ocrx_word' id='word_1_393' title='bbox 564 2404 666 2454; x_wconf 83' lang='lat' dir='ltr'>Quid</span> <span class='ocrx_word' id='word_1_394' title='bbox 692 2405 773 2441; x_wconf 81' lang='lat' dir='ltr'>hoec</span> <span class='ocrx_word' id='word_1_395' title='bbox 806 2405 876 2440; x_wconf 80' lang='lat' dir='ltr'>tibi</span> <span class='ocrx_word' id='word_1_396' title='bbox 909 2408 1028 2440; x_wconf 75' lang='lat' dir='ltr'>sunt?</span> <span class='ocrx_word' id='word_1_397' title='bbox 1054 2403 1191 2443; x_wconf 81' lang='lat' dir='ltr'>Videns</span> 
     </span>
     <span class='ocr_line' id='line_1_57' title="bbox 235 2463 1189 2513; baseline -0.004 -8"><span class='ocrx_word' id='word_1_398' title='bbox 235 2468 327 2505; x_wconf 82' lang='lat' dir='ltr'>enim</span> <span class='ocrx_word' id='word_1_399' title='bbox 352 2466 471 2504; x_wconf 82' lang='lat' dir='ltr'>fratris</span> <span class='ocrx_word' id='word_1_400' title='bbox 497 2464 691 2513; x_wconf 81' lang='lat' dir='ltr'>facultates,</span> <span class='ocrx_word' id='word_1_401' title='bbox 718 2464 753 2501; x_wconf 92' lang='lat' dir='ltr'>in</span> <span class='ocrx_word' id='word_1_402' title='bbox 778 2463 1050 2501; x_wconf 86' lang='lat' dir='ltr'>admirationem</span> <span class='ocrx_word' id='word_1_403' title='bbox 1074 2463 1189 2502; x_wconf 87' lang='lat' dir='ltr'>addu-</span> 
     </span>
     <span class='ocr_line' id='line_1_58' title="bbox 236 2523 1191 2577; baseline -0.005 -11"><span class='ocrx_word' id='word_1_404' title='bbox 236 2538 311 2566; x_wconf 85' lang='lat' dir='ltr'>ctus</span> <span class='ocrx_word' id='word_1_405' title='bbox 337 2537 400 2577; x_wconf 86' lang='lat' dir='ltr'>est,</span> <span class='ocrx_word' id='word_1_406' title='bbox 420 2526 498 2564; x_wconf 87' lang='lat' dir='ltr'>ideo</span> <span class='ocrx_word' id='word_1_407' title='bbox 521 2535 554 2563; x_wconf 87' lang='lat' dir='ltr'>et</span> <span class='ocrx_word' id='word_1_408' title='bbox 576 2537 700 2576; x_wconf 80' lang='lat' dir='ltr'>rogare</span> <span class='ocrx_word' id='word_1_409' title='bbox 729 2524 855 2562; x_wconf 84' lang='lat' dir='ltr'>voluit.</span> <span class='ocrx_word' id='word_1_410' title='bbox 881 2523 981 2572; x_wconf 86' lang='lat' dir='ltr'>Quid</span> <span class='ocrx_word' id='word_1_411' title='bbox 1008 2524 1117 2575; x_wconf 81' lang='lat' dir='ltr'>igitur</span> <span class='ocrx_word' id='word_1_412' title='bbox 1133 2527 1191 2577; x_wconf 64' lang='lat' dir='ltr'>ju»</span> 
     </span>
     <span class='ocr_line' id='line_1_59' title="bbox 236 2587 1235 2638; baseline -0.003 -11"><span class='ocrx_word' id='word_1_413' title='bbox 236 2590 337 2627; x_wconf 71' lang='lat' dir='ltr'>stus?</span> <span class='ocrx_word' id='word_1_414' title='bbox 352 2589 462 2634; x_wconf 84' lang='lat' dir='ltr'>Filii,</span> <span class='ocrx_word' id='word_1_415' title='bbox 481 2587 609 2638; x_wconf 87' lang='lat' dir='ltr'>inquit,</span> <span class='ocrx_word' id='word_1_416' title='bbox 623 2594 726 2632; x_wconf 83' lang='lat' dir='ltr'>sunt,</span> <span class='ocrx_word' id='word_1_417' title='bbox 746 2587 884 2637; x_wconf 82' lang='lat' dir='ltr'>quibus</span> <span class='ocrx_word' id='word_1_418' title='bbox 894 2587 1188 2624; x_wconf 80' lang='lat' dir='ltr'>misericorditer</span> <span class='ocrx_word' id='word_1_419' title='bbox 1212 2602 1235 2631; x_wconf 81' lang='lat' dir='ltr'>C</span> 
     </span>
     <span class='ocr_line' id='line_1_60' title="bbox 235 2646 1188 2697; baseline -0.003 -9"><span class='ocrx_word' id='word_1_420' title='bbox 235 2653 394 2690; x_wconf 74' lang='lat' dir='ltr'>donavit</span> <span class='ocrx_word' id='word_1_421' title='bbox 423 2651 528 2688; x_wconf 82' lang='lat' dir='ltr'>Deus</span> <span class='ocrx_word' id='word_1_422' title='bbox 554 2661 705 2686; x_wconf 75' lang='lat' dir='ltr'>servum</span> <span class='ocrx_word' id='word_1_423' title='bbox 732 2655 852 2685; x_wconf 85' lang='lat' dir='ltr'>tuum.</span> <span class='ocrx_word' id='word_1_424' title='bbox 888 2646 984 2686; x_wconf 90' lang='lat' dir='ltr'>Vide</span> <span class='ocrx_word' id='word_1_425' title='bbox 1016 2655 1188 2697; x_wconf 90' lang='lat' dir='ltr'>quantum</span> 
     </span>
     <span class='ocr_line' id='line_1_61' title="bbox 233 2708 1188 2761; baseline -0.004 -10"><span class='ocrx_word' id='word_1_426' title='bbox 233 2711 514 2751; x_wconf 84' lang='lat' dir='ltr'>mansuetudinis</span> <span class='ocrx_word' id='word_1_427' title='bbox 528 2711 639 2748; x_wconf 86' lang='lat' dir='ltr'>robur</span> <span class='ocrx_word' id='word_1_428' title='bbox 654 2725 661 2745; x_wconf 93' lang='lat'>:</span> <span class='ocrx_word' id='word_1_429' title='bbox 677 2718 710 2747; x_wconf 89' lang='lat' dir='ltr'>et</span> <span class='ocrx_word' id='word_1_430' title='bbox 723 2708 901 2759; x_wconf 87' lang='lat' dir='ltr'>quomodo</span> <span class='ocrx_word' id='word_1_431' title='bbox 918 2722 981 2761; x_wconf 87' lang='lat' dir='ltr'>per</span> <span class='ocrx_word' id='word_1_432' title='bbox 999 2709 1188 2747; x_wconf 86' lang='lat' dir='ltr'>verborum</span> 
     </span>
     <span class='ocr_line' id='line_1_62' title="bbox 232 2770 1188 2821; baseline -0.004 -9"><span class='ocrx_word' id='word_1_433' title='bbox 232 2774 427 2812; x_wconf 80' lang='lat' dir='ltr'>modestam</span> <span class='ocrx_word' id='word_1_434' title='bbox 446 2771 688 2809; x_wconf 83' lang='lat' dir='ltr'>humilitatem</span> <span class='ocrx_word' id='word_1_435' title='bbox 706 2770 803 2807; x_wconf 85' lang='lat' dir='ltr'>illius</span> <span class='ocrx_word' id='word_1_436' title='bbox 823 2770 1104 2821; x_wconf 84' lang='lat' dir='ltr'>indignationem</span> <span class='ocrx_word' id='word_1_437' title='bbox 1121 2771 1188 2808; x_wconf 85' lang='lat' dir='ltr'>sre-</span> 
     </span>
     <span class='ocr_line' id='line_1_63' title="bbox 234 2831 1187 2883; baseline -0.004 -11"><span class='ocrx_word' id='word_1_438' title='bbox 234 2835 285 2883; x_wconf 75' lang='lat' dir='ltr'>git</span> <span class='ocrx_word' id='word_1_439' title='bbox 304 2843 338 2872; x_wconf 88' lang='lat' dir='ltr'>et</span> <span class='ocrx_word' id='word_1_440' title='bbox 365 2833 553 2883; x_wconf 72' lang='lat' dir='ltr'>mitigavit.</span> <span class='ocrx_word' id='word_1_441' title='bbox 569 2834 607 2869; x_wconf 79' lang='lat'>(3.</span> <span class='ocrx_word' id='word_1_442' title='bbox 627 2833 678 2868; x_wconf 85' lang='lat' dir='ltr'>Et</span> <span class='ocrx_word' id='word_1_443' title='bbox 695 2832 1116 2882; x_wconf 74' lang='lat' dir='ltr'>appropinquaverunt,</span> <span class='ocrx_word' id='word_1_444' title='bbox 1134 2831 1187 2869; x_wconf 85' lang='lat' dir='ltr'>in-</span> 
     </span>
     <span class='ocr_line' id='line_1_64' title="bbox 231 2892 1189 2945; baseline -0.001 -14"><span class='ocrx_word' id='word_1_445' title='bbox 231 2895 322 2945; x_wconf 86' lang='lat' dir='ltr'>quit,</span> <span class='ocrx_word' id='word_1_446' title='bbox 349 2894 504 2931; x_wconf 66' lang='lat' dir='ltr'>ancillae</span> <span class='ocrx_word' id='word_1_447' title='bbox 531 2901 567 2929; x_wconf 75' lang='lat' dir='ltr'>et</span> <span class='ocrx_word' id='word_1_448' title='bbox 586 2892 684 2943; x_wconf 83' lang='lat' dir='ltr'>filii,</span> <span class='ocrx_word' id='word_1_449' title='bbox 708 2900 742 2929; x_wconf 83' lang='lat' dir='ltr'>et</span> <span class='ocrx_word' id='word_1_450' title='bbox 767 2893 1027 2929; x_wconf 75' lang='lat' dir='ltr'>adoraverunt</span> <span class='ocrx_word' id='word_1_451' title='bbox 1056 2893 1128 2930; x_wconf 88' lang='lat' dir='ltr'>Lia</span> <span class='ocrx_word' id='word_1_452' title='bbox 1152 2899 1189 2930; x_wconf 79' lang='lat' dir='ltr'>et</span> 
     </span>
     <span class='ocr_line' id='line_1_65' title="bbox 234 2953 1181 3003; baseline -0.001 -11"><span class='ocrx_word' id='word_1_453' title='bbox 234 2955 391 2992; x_wconf 81' lang='lat' dir='ltr'><em>Rachel.</em></span> <span class='ocrx_word' id='word_1_454' title='bbox 424 2956 462 2991; x_wconf 75' lang='lat'>8.</span> <span class='ocrx_word' id='word_1_455' title='bbox 497 2955 549 2991; x_wconf 85' lang='lat' dir='ltr'>Et</span> <span class='ocrx_word' id='word_1_456' title='bbox 583 2954 681 2990; x_wconf 57' lang='lat' dir='ltr'>dii-it</span> <span class='ocrx_word' id='word_1_457' title='bbox 703 2969 712 2988; x_wconf 89' lang='lat'><em>:</em></span> <span class='ocrx_word' id='word_1_458' title='bbox 737 2953 839 3003; x_wconf 80' lang='lat' dir='ltr'>Quid</span> <span class='ocrx_word' id='word_1_459' title='bbox 866 2954 947 2989; x_wconf 82' lang='lat' dir='ltr'>hoec</span> <span class='ocrx_word' id='word_1_460' title='bbox 982 2954 1051 2989; x_wconf 80' lang='lat' dir='ltr'>tibi</span> <span class='ocrx_word' id='word_1_461' title='bbox 1078 2961 1181 2999; x_wconf 80' lang='lat' dir='ltr'>sunt,</span> 
     </span>
     <span class='ocr_line' id='line_1_66' title="bbox 229 3013 1185 3064; baseline 0 -13"><span class='ocrx_word' id='word_1_462' title='bbox 229 3018 359 3053; x_wconf 85' lang='lat' dir='ltr'>omnia</span> <span class='ocrx_word' id='word_1_463' title='bbox 373 3023 502 3052; x_wconf 82' lang='lat' dir='ltr'>castra</span> <span class='ocrx_word' id='word_1_464' title='bbox 515 3013 588 3050; x_wconf 87' lang='lat' dir='ltr'>illa</span> <span class='ocrx_word' id='word_1_465' title='bbox 602 3026 687 3064; x_wconf 76' lang='lat' dir='ltr'>qua²</span> <span class='ocrx_word' id='word_1_466' title='bbox 699 3015 793 3051; x_wconf 70' lang='lat' dir='ltr'>milii</span> <span class='ocrx_word' id='word_1_467' title='bbox 807 3015 961 3050; x_wconf 74' lang='lat' dir='ltr'>obviam</span> <span class='ocrx_word' id='word_1_468' title='bbox 974 3018 1185 3051; x_wconf 79' lang='lat' dir='ltr'>venerunt?</span> 
     </span>
     <span class='ocr_line' id='line_1_67' title="bbox 230 3075 1182 3114; baseline 0 -1"><span class='ocrx_word' id='word_1_469' title='bbox 230 3077 303 3114; x_wconf 89' lang='lat' dir='ltr'>Ille</span> <span class='ocrx_word' id='word_1_470' title='bbox 340 3084 471 3113; x_wconf 85' lang='lat' dir='ltr'>autem</span> <span class='ocrx_word' id='word_1_471' title='bbox 502 3075 627 3111; x_wconf 54' lang='lat' dir='ltr'>dii-ic.-</span> <span class='ocrx_word' id='word_1_472' title='bbox 653 3075 701 3111; x_wconf 80' lang='lat' dir='ltr'>Ut</span> <span class='ocrx_word' id='word_1_473' title='bbox 737 3077 910 3114; x_wconf 78' lang='lat' dir='ltr'>inveniat</span> <span class='ocrx_word' id='word_1_474' title='bbox 935 3087 1066 3112; x_wconf 76' lang='lat' dir='ltr'>servus</span> <span class='ocrx_word' id='word_1_475' title='bbox 1095 3084 1182 3114; x_wconf 85' lang='lat' dir='ltr'>tuus</span> 
     </span>
     <span class='ocr_line' id='line_1_68' title="bbox 225 3133 1180 3189; baseline -0.001 -14"><span class='ocrx_word' id='word_1_476' title='bbox 225 3141 395 3185; x_wconf 63' lang='lat' dir='ltr'>gratiam</span> <span class='ocrx_word' id='word_1_477' title='bbox 408 3149 539 3173; x_wconf 78' lang='lat' dir='ltr'>coram</span> <span class='ocrx_word' id='word_1_478' title='bbox 553 3143 598 3171; x_wconf 85' lang='lat' dir='ltr'>te.</span> <span class='ocrx_word' id='word_1_479' title='bbox 617 3133 820 3183; x_wconf 79' lang='lat' dir='ltr'>Considera,</span> <span class='ocrx_word' id='word_1_480' title='bbox 831 3138 990 3187; x_wconf 84' lang='lat' dir='ltr'>obsecro,</span> <span class='ocrx_word' id='word_1_481' title='bbox 1003 3136 1180 3189; x_wconf 87' lang='lat' dir='ltr'>quomodo</span> 
     </span>
    </p>
   </div>
   <div class='ocr_carea' id='block_1_11' title="bbox 54 3180 1177 3253">
    <p class='ocr_par' dir='ltr' id='par_1_11' title="bbox 54 3180 1177 3253">
     <span class='ocr_line' id='line_1_69' title="bbox 54 3180 1177 3253; baseline -0.001 -18"><span class='ocrx_word' id='word_1_482' title='bbox 54 3180 426 3253; x_wconf 45' lang='lat' dir='ltr'>¹¹¹¹¹³ffizj³i1luunilitate</span> <span class='ocrx_word' id='word_1_483' title='bbox 458 3195 588 3247; x_wconf 77' lang='lat' dir='ltr'>ingenti</span> <span class='ocrx_word' id='word_1_484' title='bbox 620 3195 763 3232; x_wconf 78' lang='lat' dir='ltr'>fratrem</span> <span class='ocrx_word' id='word_1_485' title='bbox 797 3197 967 3238; x_wconf 79' lang='lat' dir='ltr'>devicerit</span> <span class='ocrx_word' id='word_1_486' title='bbox 989 3215 995 3236; x_wconf 94' lang='lat'><strong>:</strong></span> <span class='ocrx_word' id='word_1_487' title='bbox 1016 3209 1049 3237; x_wconf 86' lang='lat' dir='ltr'>et</span> <span class='ocrx_word' id='word_1_488' title='bbox 1073 3213 1177 3250; x_wconf 85' lang='lat' dir='ltr'>quem</span> 
     </span>
    </p>
   </div>
   <div class='ocr_carea' id='block_1_12' title="bbox 222 3255 1175 3311">
    <p class='ocr_par' dir='ltr' id='par_1_12' title="bbox 222 3255 1175 3311">
     <span class='ocr_line' id='line_1_70' title="bbox 222 3255 1175 3311; baseline 0.001 -14"><span class='ocrx_word' id='word_1_489' title='bbox 222 3259 367 3311; x_wconf 81' lang='lat' dir='ltr'>putabat</span> <span class='ocrx_word' id='word_1_490' title='bbox 392 3258 485 3295; x_wconf 69' lang='lat' dir='ltr'>affici</span> <span class='ocrx_word' id='word_1_491' title='bbox 512 3271 591 3307; x_wconf 71' lang='lat' dir='ltr'>erga</span> <span class='ocrx_word' id='word_1_492' title='bbox 615 3270 650 3293; x_wconf 69' lang='lat' dir='ltr'>se</span> <span class='ocrx_word' id='word_1_493' title='bbox 670 3255 846 3296; x_wconf 81' lang='lat' dir='ltr'>hostiliter</span> <span class='ocrx_word' id='word_1_494' title='bbox 868 3270 900 3297; x_wconf 84' lang='lat' dir='ltr'>et</span> <span class='ocrx_word' id='word_1_495' title='bbox 919 3261 1095 3309; x_wconf 76' lang='lat' dir='ltr'>atrociter,</span> <span class='ocrx_word' id='word_1_496' title='bbox 1129 3261 1175 3298; x_wconf 80' lang='lat' dir='ltr'>ita</span> 
     </span>
    </p>
   </div>
   <div class='ocr_carea' id='block_1_13' title="bbox 1257 1064 2292 3131">
    <p class='ocr_par' dir='ltr' id='par_1_13' title="bbox 1259 1064 2292 1727">
     <span class='ocr_line' id='line_1_71' title="bbox 1262 1064 2290 1118; baseline 0 -14"><span class='ocrx_word' id='word_1_497' title='bbox 1262 1066 1435 1118; x_wconf 72' lang='grc' dir='ltr'>ἐσχάτοις.</span> <span class='ocrx_word' id='word_1_498' title='bbox 1457 1065 1569 1108; x_wconf 79' lang='grc' dir='ltr'>Αὐτὸς</span> <span class='ocrx_word' id='word_1_499' title='bbox 1594 1065 1630 1103; x_wconf 77' lang='grc' dir='ltr'>δὲ</span> <span class='ocrx_word' id='word_1_500' title='bbox 1658 1067 1829 1117; x_wconf 71' lang='grc' dir='ltr'>προῆλθεν</span> <span class='ocrx_word' id='word_1_501' title='bbox 1861 1064 2054 1117; x_wconf 83' lang='grc' dir='ltr'>ἔμπροσθεν</span> <span class='ocrx_word' id='word_1_502' title='bbox 2082 1067 2211 1114; x_wconf 79' lang='grc' dir='ltr'>αὐτῶν,</span> <span class='ocrx_word' id='word_1_503' title='bbox 2230 1066 2290 1104; x_wconf 82' lang='grc' dir='ltr'>καὶ</span> 
     </span>
     <span class='ocr_line' id='line_1_72' title="bbox 1261 1126 2290 1179; baseline 0 -14"><span class='ocrx_word' id='word_1_504' title='bbox 1261 1126 1514 1178; x_wconf 80' lang='grc' dir='ltr'>προσεκύνησεν</span> <span class='ocrx_word' id='word_1_505' title='bbox 1545 1127 1603 1164; x_wconf 77' lang='grc' dir='ltr'>ἐπὶ</span> <span class='ocrx_word' id='word_1_506' title='bbox 1622 1126 1686 1173; x_wconf 89' lang='grc' dir='ltr'>τὴν</span> <span class='ocrx_word' id='word_1_507' title='bbox 1706 1129 1771 1177; x_wconf 72' lang='grc' dir='ltr'>γῆν</span> <span class='ocrx_word' id='word_1_508' title='bbox 1792 1126 1955 1174; x_wconf 76' lang='grc' dir='ltr'>ἑπτάκις,</span> <span class='ocrx_word' id='word_1_509' title='bbox 1983 1126 2048 1169; x_wconf 78' lang='grc' dir='ltr'>ἕως</span> <span class='ocrx_word' id='word_1_510' title='bbox 2083 1126 2207 1179; x_wconf 84' lang='grc' dir='ltr'>ἤγγικε</span> <span class='ocrx_word' id='word_1_511' title='bbox 2239 1130 2290 1179; x_wconf 83' lang='grc' dir='ltr'>τῷ</span> 
     </span>
     <span class='ocr_line' id='line_1_73' title="bbox 1261 1186 2291 1241; baseline 0.002 -16"><span class='ocrx_word' id='word_1_512' title='bbox 1261 1189 1400 1241; x_wconf 76' lang='grc' dir='ltr'>ἀδελφῷ</span> <span class='ocrx_word' id='word_1_513' title='bbox 1421 1190 1538 1226; x_wconf 73' lang='grc' dir='ltr'>αὐτοῦ.</span> <span class='ocrx_word' id='word_1_514' title='bbox 1554 1186 1653 1240; x_wconf 71' lang='grc' dir='ltr'>”Ορα</span> <span class='ocrx_word' id='word_1_515' title='bbox 1673 1190 1747 1230; x_wconf 83' lang='grc' dir='ltr'>πῶς</span> <span class='ocrx_word' id='word_1_516' title='bbox 1773 1187 1836 1233; x_wconf 85' lang='grc' dir='ltr'>τὴν</span> <span class='ocrx_word' id='word_1_517' title='bbox 1853 1186 2020 1240; x_wconf 81' lang='grc' dir='ltr'>διαίρεσιν</span> <span class='ocrx_word' id='word_1_518' title='bbox 2034 1187 2268 1239; x_wconf 77' lang='grc' dir='ltr'>ποιησάμενος</span> <span class='ocrx_word' id='word_1_519' title='bbox 2279 1218 2291 1236; x_wconf 88' lang='grc'>,</span> 
     </span>
     <span class='ocr_line' id='line_1_74' title="bbox 1261 1247 2291 1302; baseline 0.002 -17"><span class='ocrx_word' id='word_1_520' title='bbox 1261 1247 1362 1291; x_wconf 83' lang='grc' dir='ltr'>αὐτὸς</span> <span class='ocrx_word' id='word_1_521' title='bbox 1375 1248 1443 1300; x_wconf 77' lang='grc' dir='ltr'>πρὸ</span> <span class='ocrx_word' id='word_1_522' title='bbox 1457 1248 1597 1286; x_wconf 85' lang='grc' dir='ltr'>πάντων</span> <span class='ocrx_word' id='word_1_523' title='bbox 1616 1247 1680 1295; x_wconf 79' lang='grc' dir='ltr'>την</span> <span class='ocrx_word' id='word_1_524' title='bbox 1698 1247 1884 1299; x_wconf 75' lang='grc' dir='ltr'>συντυχίαν</span> <span class='ocrx_word' id='word_1_525' title='bbox 1910 1254 2073 1287; x_wconf 80' lang='grc' dir='ltr'>ποιεῖται.</span> <span class='ocrx_word' id='word_1_526' title='bbox 2093 1249 2164 1286; x_wconf 81' lang='grc' dir='ltr'>Καὶ</span> <span class='ocrx_word' id='word_1_527' title='bbox 2182 1265 2291 1302; x_wconf 83' lang='grc' dir='ltr'>προσ-</span> 
     </span>
     <span class='ocr_line' id='line_1_75' title="bbox 1260 1303 2292 1361; baseline 0.002 -15"><span class='ocrx_word' id='word_1_528' title='bbox 1260 1308 1423 1356; x_wconf 83' lang='grc' dir='ltr'>εκύνησε,</span> <span class='ocrx_word' id='word_1_529' title='bbox 1437 1309 1554 1361; x_wconf 72' lang='grc' dir='ltr'>φησὶν,</span> <span class='ocrx_word' id='word_1_530' title='bbox 1578 1309 1635 1347; x_wconf 81' lang='grc' dir='ltr'>ἐπὶ</span> <span class='ocrx_word' id='word_1_531' title='bbox 1654 1307 1717 1354; x_wconf 85' lang='grc' dir='ltr'>τὴν</span> <span class='ocrx_word' id='word_1_532' title='bbox 1732 1311 1796 1360; x_wconf 76' lang='grc' dir='ltr'>γῆν</span> <span class='ocrx_word' id='word_1_533' title='bbox 1812 1308 1975 1356; x_wconf 78' lang='grc' dir='ltr'>ἑπτάκις,</span> <span class='ocrx_word' id='word_1_534' title='bbox 2003 1309 2068 1352; x_wconf 80' lang='grc' dir='ltr'>ἕως</span> <span class='ocrx_word' id='word_1_535' title='bbox 2098 1303 2137 1346; x_wconf 62' lang='grc' dir='ltr'>οἷ</span> <span class='ocrx_word' id='word_1_536' title='bbox 2167 1309 2292 1360; x_wconf 85' lang='grc' dir='ltr'>ἤγγισε</span> 
     </span>
     <span class='ocr_line' id='line_1_76' title="bbox 1259 1369 2292 1423; baseline 0.002 -16"><span class='ocrx_word' id='word_1_537' title='bbox 1259 1373 1308 1423; x_wconf 80' lang='grc' dir='ltr'>τῷ</span> <span class='ocrx_word' id='word_1_538' title='bbox 1326 1371 1464 1422; x_wconf 71' lang='grc' dir='ltr'>ἀδελφῷ</span> <span class='ocrx_word' id='word_1_539' title='bbox 1485 1372 1607 1408; x_wconf 78' lang='grc' dir='ltr'>αὐτοῦ·</span> <span class='ocrx_word' id='word_1_540' title='bbox 1629 1369 1854 1421; x_wconf 71' lang='grc' dir='ltr'>ἐφελκόμενος</span> <span class='ocrx_word' id='word_1_541' title='bbox 1873 1370 1932 1408; x_wconf 85' lang='grc' dir='ltr'>καὶ</span> <span class='ocrx_word' id='word_1_542' title='bbox 1952 1370 2009 1408; x_wconf 76' lang='grc' dir='ltr'>διὰ</span> <span class='ocrx_word' id='word_1_543' title='bbox 2029 1375 2089 1408; x_wconf 78' lang='grc' dir='ltr'>τοῦ</span> <span class='ocrx_word' id='word_1_544' title='bbox 2109 1370 2292 1422; x_wconf 79' lang='grc' dir='ltr'>σχήματος</span> 
     </span>
     <span class='ocr_line' id='line_1_77' title="bbox 1260 1430 2290 1483; baseline 0.001 -14"><span class='ocrx_word' id='word_1_545' title='bbox 1260 1431 1319 1469; x_wconf 84' lang='grc' dir='ltr'>καὶ</span> <span class='ocrx_word' id='word_1_546' title='bbox 1346 1430 1403 1468; x_wconf 84' lang='grc' dir='ltr'>διὰ</span> <span class='ocrx_word' id='word_1_547' title='bbox 1432 1433 1495 1476; x_wconf 76' lang='grc' dir='ltr'>τῆς</span> <span class='ocrx_word' id='word_1_548' title='bbox 1529 1430 1797 1482; x_wconf 81' lang='grc' dir='ltr'>προσκυνήσεως</span> <span class='ocrx_word' id='word_1_549' title='bbox 1819 1431 1876 1468; x_wconf 83' lang='grc' dir='ltr'>τὸν</span> <span class='ocrx_word' id='word_1_550' title='bbox 1897 1431 2042 1483; x_wconf 71' lang='grc' dir='ltr'>ἀδελφὸν</span> <span class='ocrx_word' id='word_1_551' title='bbox 2060 1434 2106 1474; x_wconf 85' lang='grc' dir='ltr'>εἷς</span> <span class='ocrx_word' id='word_1_552' title='bbox 2128 1431 2189 1478; x_wconf 83' lang='grc' dir='ltr'>τὴν</span> <span class='ocrx_word' id='word_1_553' title='bbox 2210 1432 2290 1483; x_wconf 80' lang='grc' dir='ltr'>περὶ</span> 
     </span>
     <span class='ocr_line' id='line_1_78' title="bbox 1261 1489 2289 1545; baseline 0.002 -17"><span class='ocrx_word' id='word_1_554' title='bbox 1261 1491 1361 1529; x_wconf 86' lang='grc' dir='ltr'>αὐτὸν</span> <span class='ocrx_word' id='word_1_555' title='bbox 1385 1490 1541 1529; x_wconf 85' lang='grc' dir='ltr'>εὔνοιαν·</span> <span class='ocrx_word' id='word_1_556' title='bbox 1577 1489 1595 1528; x_wconf 85' lang='grc' dir='ltr'>ὃ</span> <span class='ocrx_word' id='word_1_557' title='bbox 1620 1490 1661 1537; x_wconf 79' lang='grc' dir='ltr'>δὴ</span> <span class='ocrx_word' id='word_1_558' title='bbox 1687 1491 1746 1528; x_wconf 82' lang='grc' dir='ltr'>καὶ</span> <span class='ocrx_word' id='word_1_559' title='bbox 1766 1491 1899 1543; x_wconf 80' lang='grc' dir='ltr'>γέγονε.</span> <span class='ocrx_word' id='word_1_560' title='bbox 1933 1491 2174 1545; x_wconf 83' lang='grc' dir='ltr'>Προσδραμὼν</span> <span class='ocrx_word' id='word_1_561' title='bbox 2197 1492 2289 1545; x_wconf 82' lang='grc' dir='ltr'>γὰρ,</span> 
     </span>
     <span class='ocr_line' id='line_1_79' title="bbox 1262 1552 2289 1606; baseline 0.003 -17"><span class='ocrx_word' id='word_1_562' title='bbox 1262 1552 1377 1603; x_wconf 67' lang='grc' dir='ltr'>φησὶν,</span> <span class='ocrx_word' id='word_1_563' title='bbox 1415 1552 1548 1599; x_wconf 60' lang='grc' dir='ltr'>εΗσαῗί,</span> <span class='ocrx_word' id='word_1_564' title='bbox 1580 1552 1640 1590; x_wconf 76' lang='grc' dir='ltr'>καὶ</span> <span class='ocrx_word' id='word_1_565' title='bbox 1671 1552 1871 1604; x_wconf 70' lang='grc' dir='ltr'>περιλαὸὼν</span> <span class='ocrx_word' id='word_1_566' title='bbox 1895 1554 1996 1591; x_wconf 82' lang='grc' dir='ltr'>αὐτὸν</span> <span class='ocrx_word' id='word_1_567' title='bbox 2034 1554 2197 1606; x_wconf 83' lang='grc' dir='ltr'>ἐφίλησε,</span> <span class='ocrx_word' id='word_1_568' title='bbox 2229 1555 2289 1592; x_wconf 86' lang='grc' dir='ltr'>καὶ</span> 
     </span>
     <span class='ocr_line' id='line_1_80' title="bbox 1261 1614 2291 1666; baseline 0.002 -14"><span class='ocrx_word' id='word_1_569' title='bbox 1261 1614 1475 1666; x_wconf 81' lang='grc' dir='ltr'>προσέπεσεν</span> <span class='ocrx_word' id='word_1_570' title='bbox 1511 1614 1569 1651; x_wconf 82' lang='grc' dir='ltr'>ἐπὶ</span> <span class='ocrx_word' id='word_1_571' title='bbox 1597 1614 1654 1652; x_wconf 72' lang='grc' dir='ltr'>τὸν</span> <span class='ocrx_word' id='word_1_572' title='bbox 1687 1615 1863 1666; x_wconf 76' lang='grc' dir='ltr'>τράχηλον</span> <span class='ocrx_word' id='word_1_573' title='bbox 1890 1617 2012 1653; x_wconf 72' lang='grc' dir='ltr'>αὐτοῦ·</span> <span class='ocrx_word' id='word_1_574' title='bbox 2041 1615 2100 1653; x_wconf 76' lang='grc' dir='ltr'>καὶ</span> <span class='ocrx_word' id='word_1_575' title='bbox 2121 1615 2291 1654; x_wconf 87' lang='grc' dir='ltr'>ἔκλαυσαν</span> 
     </span>
     <span class='ocr_line' id='line_1_81' title="bbox 1261 1675 1464 1727; baseline 0.01 -15"><span class='ocrx_word' id='word_1_576' title='bbox 1261 1675 1464 1727; x_wconf 72' lang='grc' dir='ltr'>ἀμφότεροι.</span> 
     </span>
    </p>

    <p class='ocr_par' dir='ltr' id='par_1_14' title="bbox 1257 1734 2292 3131">
     <span class='ocr_line' id='line_1_82' title="bbox 1315 1734 2292 1790; baseline 0.003 -17"><span class='ocrx_word' id='word_1_577' title='bbox 1315 1734 1408 1787; x_wconf 68' lang='lat' dir='ltr'>r&#39;Opot</span> <span class='ocrx_word' id='word_1_578' title='bbox 1435 1737 1527 1775; x_wconf 81' lang='grc' dir='ltr'>Θεοῦ</span> <span class='ocrx_word' id='word_1_579' title='bbox 1566 1736 1781 1787; x_wconf 83' lang='grc' dir='ltr'>οἰκονομίαν·</span> <span class='ocrx_word' id='word_1_580' title='bbox 1823 1736 1908 1790; x_wconf 78' lang='grc' dir='ltr'>ὅπερ</span> <span class='ocrx_word' id='word_1_581' title='bbox 1936 1736 2003 1789; x_wconf 84' lang='grc' dir='ltr'>γὰρ</span> <span class='ocrx_word' id='word_1_582' title='bbox 2034 1736 2115 1789; x_wconf 77' lang='grc' dir='ltr'>χθὲς</span> <span class='ocrx_word' id='word_1_583' title='bbox 2148 1736 2292 1786; x_wconf 83' lang='grc' dir='ltr'>ἔλεγον,</span> 
     </span>
     <span class='ocr_line' id='line_1_83' title="bbox 1260 1797 2289 1851; baseline 0.003 -17"><span class='ocrx_word' id='word_1_584' title='bbox 1260 1801 1359 1835; x_wconf 70' lang='grc' dir='ltr'>τοῦτο</span> <span class='ocrx_word' id='word_1_585' title='bbox 1378 1798 1437 1835; x_wconf 82' lang='grc' dir='ltr'>καὶ</span> <span class='ocrx_word' id='word_1_586' title='bbox 1456 1802 1514 1835; x_wconf 77' lang='grc' dir='ltr'>νῦν</span> <span class='ocrx_word' id='word_1_587' title='bbox 1535 1800 1603 1851; x_wconf 81' lang='grc' dir='ltr'>ἐρῶ</span> <span class='ocrx_word' id='word_1_588' title='bbox 1615 1814 1622 1821; x_wconf 91' lang='grc'><em>·</em></span> <span class='ocrx_word' id='word_1_589' title='bbox 1641 1798 1694 1836; x_wconf 79' lang='grc' dir='ltr'>ὅτι</span> <span class='ocrx_word' id='word_1_590' title='bbox 1710 1797 1792 1836; x_wconf 82' lang='grc' dir='ltr'>ὅταν</span> <span class='ocrx_word' id='word_1_591' title='bbox 1810 1797 1976 1848; x_wconf 88' lang='grc' dir='ltr'>βούληται</span> <span class='ocrx_word' id='word_1_592' title='bbox 1996 1801 2014 1836; x_wconf 98' lang='lat'>6</span> <span class='ocrx_word' id='word_1_593' title='bbox 2028 1800 2096 1836; x_wconf 81' lang='grc' dir='ltr'>τῶν</span> <span class='ocrx_word' id='word_1_594' title='bbox 2118 1797 2206 1837; x_wconf 78' lang='grc' dir='ltr'>δ’λων</span> <span class='ocrx_word' id='word_1_595' title='bbox 2225 1801 2289 1837; x_wconf 89' lang='grc' dir='ltr'>Δε-</span> 
     </span>
     <span class='ocr_line' id='line_1_84' title="bbox 1261 1858 2290 1911; baseline 0.001 -15"><span class='ocrx_word' id='word_1_596' title='bbox 1261 1858 1391 1904; x_wconf 87' lang='grc' dir='ltr'>σπότης</span> <span class='ocrx_word' id='word_1_597' title='bbox 1411 1858 1473 1906; x_wconf 83' lang='grc' dir='ltr'>τὴν</span> <span class='ocrx_word' id='word_1_598' title='bbox 1502 1860 1582 1911; x_wconf 77' lang='grc' dir='ltr'>περὶ</span> <span class='ocrx_word' id='word_1_599' title='bbox 1602 1863 1696 1909; x_wconf 80' lang='grc' dir='ltr'>ἡμᾶς</span> <span class='ocrx_word' id='word_1_600' title='bbox 1724 1859 1932 1909; x_wconf 84' lang='grc' dir='ltr'>κηδεμονίαν</span> <span class='ocrx_word' id='word_1_601' title='bbox 1952 1859 2207 1907; x_wconf 83' lang='grc' dir='ltr'>ἐπιδείξασθαι,</span> <span class='ocrx_word' id='word_1_602' title='bbox 2229 1861 2290 1898; x_wconf 82' lang='grc' dir='ltr'>καὶ</span> 
     </span>
     <span class='ocr_line' id='line_1_85' title="bbox 1260 1920 2290 1974; baseline 0.002 -16"><span class='ocrx_word' id='word_1_603' title='bbox 1260 1920 1337 1964; x_wconf 74' lang='grc' dir='ltr'>τοὺς</span> <span class='ocrx_word' id='word_1_604' title='bbox 1374 1921 1559 1974; x_wconf 80' lang='grc' dir='ltr'>ἀνημέρως</span> <span class='ocrx_word' id='word_1_605' title='bbox 1590 1922 1674 1973; x_wconf 82' lang='grc' dir='ltr'>πρὸς</span> <span class='ocrx_word' id='word_1_606' title='bbox 1705 1925 1796 1971; x_wconf 81' lang='grc' dir='ltr'>ἡμᾶς</span> <span class='ocrx_word' id='word_1_607' title='bbox 1833 1920 2069 1972; x_wconf 82' lang='grc' dir='ltr'>διακειμένους</span> <span class='ocrx_word' id='word_1_608' title='bbox 2102 1921 2290 1974; x_wconf 67' lang='grc' dir='ltr'>προὸάτων</span> 
     </span>
     <span class='ocr_line' id='line_1_86' title="bbox 1261 1982 2289 2036; baseline 0.002 -17"><span class='ocrx_word' id='word_1_609' title='bbox 1261 1982 1504 2034; x_wconf 79' lang='grc' dir='ltr'>ἡμερωτέρους</span> <span class='ocrx_word' id='word_1_610' title='bbox 1523 1983 1718 2036; x_wconf 84' lang='grc' dir='ltr'>ἐργάζεται.</span> <span class='ocrx_word' id='word_1_611' title='bbox 1742 1982 1874 2021; x_wconf 88' lang='grc' dir='ltr'>Σκόπει</span> <span class='ocrx_word' id='word_1_612' title='bbox 1895 1982 2024 2030; x_wconf 86' lang='grc' dir='ltr'>τοίνυν,</span> <span class='ocrx_word' id='word_1_613' title='bbox 2040 1982 2124 2028; x_wconf 79' lang='grc' dir='ltr'>ὅσην</span> <span class='ocrx_word' id='word_1_614' title='bbox 2141 1983 2289 2034; x_wconf 73' lang='grc' dir='ltr'>μεταὸο·</span> 
     </span>
     <span class='ocr_line' id='line_1_87' title="bbox 1261 2042 2289 2096; baseline 0 -15"><span class='ocrx_word' id='word_1_615' title='bbox 1261 2044 1324 2090; x_wconf 85' lang='grc' dir='ltr'>λὴν</span> <span class='ocrx_word' id='word_1_616' title='bbox 1344 2044 1581 2082; x_wconf 78' lang='grc' dir='ltr'>ἐπιδείκνυται</span> <span class='ocrx_word' id='word_1_617' title='bbox 1601 2047 1620 2082; x_wconf 86' lang='grc' dir='ltr'>ὁ</span> <span class='ocrx_word' id='word_1_618' title='bbox 1645 2043 1775 2081; x_wconf 58' lang='grc' dir='ltr'>(Ησαῦ.</span> <span class='ocrx_word' id='word_1_619' title='bbox 1793 2042 2024 2096; x_wconf 80' lang='grc' dir='ltr'>Προσέδραμε</span> <span class='ocrx_word' id='word_1_620' title='bbox 2054 2043 2142 2096; x_wconf 80' lang='grc' dir='ltr'>γὰρ,</span> <span class='ocrx_word' id='word_1_621' title='bbox 2172 2043 2289 2096; x_wconf 69' lang='grc' dir='ltr'>φησὶν,</span> 
     </span>
     <span class='ocr_line' id='line_1_88' title="bbox 1262 2104 2289 2156; baseline 0 -14"><span class='ocrx_word' id='word_1_622' title='bbox 1262 2107 1310 2148; x_wconf 82' lang='grc' dir='ltr'>εἰς</span> <span class='ocrx_word' id='word_1_623' title='bbox 1339 2105 1545 2151; x_wconf 83' lang='grc' dir='ltr'>συνάντησιν</span> <span class='ocrx_word' id='word_1_624' title='bbox 1572 2107 1696 2152; x_wconf 79' lang='grc' dir='ltr'>αὐτοῦ,</span> <span class='ocrx_word' id='word_1_625' title='bbox 1729 2104 1787 2142; x_wconf 83' lang='grc' dir='ltr'>καὶ</span> <span class='ocrx_word' id='word_1_626' title='bbox 1823 2104 2022 2155; x_wconf 70' lang='grc' dir='ltr'>περιλαὸὼν</span> <span class='ocrx_word' id='word_1_627' title='bbox 2043 2104 2203 2156; x_wconf 70' lang='grc' dir='ltr'>ἐφίλησε·</span> <span class='ocrx_word' id='word_1_628' title='bbox 2229 2106 2289 2144; x_wconf 87' lang='grc' dir='ltr'>καὶ</span> 
     </span>
     <span class='ocr_line' id='line_1_89' title="bbox 1263 2163 2288 2216; baseline 0 -14"><span class='ocrx_word' id='word_1_629' title='bbox 1263 2167 1433 2203; x_wconf 83' lang='grc' dir='ltr'>ἔκλαυσαν</span> <span class='ocrx_word' id='word_1_630' title='bbox 1451 2165 1656 2216; x_wconf 77' lang='grc' dir='ltr'>ἀμφότεροι.</span> <span class='ocrx_word' id='word_1_631' title='bbox 1674 2164 1785 2207; x_wconf 82' lang='grc' dir='ltr'>Μόλις</span> <span class='ocrx_word' id='word_1_632' title='bbox 1801 2164 1884 2202; x_wconf 78' lang='grc' dir='ltr'>ποτὲ</span> <span class='ocrx_word' id='word_1_633' title='bbox 1903 2168 1922 2202; x_wconf 87' lang='lat'>6</span> <span class='ocrx_word' id='word_1_634' title='bbox 1942 2164 2071 2207; x_wconf 88' lang='grc' dir='ltr'>δίκαιος</span> <span class='ocrx_word' id='word_1_635' title='bbox 2085 2163 2288 2212; x_wconf 81' lang='grc' dir='ltr'>ἀνέπνευσε,</span> 
     </span>
     <span class='ocr_line' id='line_1_90' title="bbox 1262 2225 2289 2278; baseline 0 -15"><span class='ocrx_word' id='word_1_636' title='bbox 1262 2227 1320 2263; x_wconf 83' lang='grc' dir='ltr'>καὶ</span> <span class='ocrx_word' id='word_1_637' title='bbox 1339 2226 1396 2263; x_wconf 82' lang='grc' dir='ltr'>τὸν</span> <span class='ocrx_word' id='word_1_638' title='bbox 1422 2226 1524 2277; x_wconf 49' lang='grc' dir='ltr'>’.ῥόδον</span> <span class='ocrx_word' id='word_1_639' title='bbox 1543 2225 1754 2264; x_wconf 79' lang='grc' dir='ltr'>ἀπεσείσατο</span> <span class='ocrx_word' id='word_1_640' title='bbox 1768 2255 1778 2271; x_wconf 89' lang='grc'>,</span> <span class='ocrx_word' id='word_1_641' title='bbox 1802 2225 1862 2262; x_wconf 86' lang='grc' dir='ltr'>καὶ</span> <span class='ocrx_word' id='word_1_642' title='bbox 1878 2228 1940 2271; x_wconf 74' lang='grc' dir='ltr'>τῆς</span> <span class='ocrx_word' id='word_1_643' title='bbox 1959 2225 2088 2268; x_wconf 85' lang='grc' dir='ltr'>δειλίας</span> <span class='ocrx_word' id='word_1_644' title='bbox 2106 2227 2289 2278; x_wconf 85' lang='grc' dir='ltr'>ἐλευθερω-</span> 
     </span>
     <span class='ocr_line' id='line_1_91' title="bbox 1261 2285 2286 2339; baseline 0 -15"><span class='ocrx_word' id='word_1_645' title='bbox 1261 2288 1348 2332; x_wconf 79' lang='grc' dir='ltr'>Οεὶς,</span> <span class='ocrx_word' id='word_1_646' title='bbox 1370 2287 1649 2338; x_wconf 81' lang='grc' dir='ltr'>Οαρσαλεώτερος</span> <span class='ocrx_word' id='word_1_647' title='bbox 1678 2285 1827 2337; x_wconf 81' lang='grc' dir='ltr'>γέγονεν.</span> <span class='ocrx_word' id='word_1_648' title='bbox 1857 2285 2067 2338; x_wconf 43' lang='lat' dir='ltr'>&#39;Amen-{quq</span> <span class='ocrx_word' id='word_1_649' title='bbox 2089 2285 2145 2334; x_wconf 78' lang='grc' dir='ltr'>δὲ,</span> <span class='ocrx_word' id='word_1_650' title='bbox 2168 2287 2286 2339; x_wconf 75' lang='grc' dir='ltr'>φησὶν,</span> 
     </span>
     <span class='ocr_line' id='line_1_92' title="bbox 1263 2341 2289 2398; baseline 0 -13"><span class='ocrx_word' id='word_1_651' title='bbox 1263 2350 1377 2386; x_wconf 75' lang='grc' dir='ltr'>ἹΙσαῖὶ</span> <span class='ocrx_word' id='word_1_652' title='bbox 1400 2342 1466 2386; x_wconf 64' lang='grc' dir='ltr'>εἶδε</span> <span class='ocrx_word' id='word_1_653' title='bbox 1489 2346 1549 2390; x_wconf 72' lang='grc' dir='ltr'>τὰς</span> <span class='ocrx_word' id='word_1_654' title='bbox 1569 2353 1734 2398; x_wconf 80' lang='grc' dir='ltr'>γυναῖκας</span> <span class='ocrx_word' id='word_1_655' title='bbox 1748 2347 1808 2385; x_wconf 79' lang='grc' dir='ltr'>καὶ</span> <span class='ocrx_word' id='word_1_656' title='bbox 1831 2346 1874 2384; x_wconf 83' lang='grc' dir='ltr'>τὰ</span> <span class='ocrx_word' id='word_1_657' title='bbox 1893 2346 2035 2394; x_wconf 87' lang='grc' dir='ltr'>παιδία,</span> <span class='ocrx_word' id='word_1_658' title='bbox 2053 2347 2112 2384; x_wconf 84' lang='grc' dir='ltr'>καὶ</span> <span class='ocrx_word' id='word_1_659' title='bbox 2128 2341 2202 2385; x_wconf 64' lang='grc' dir='ltr'>εἷπε</span> <span class='ocrx_word' id='word_1_660' title='bbox 2216 2363 2224 2371; x_wconf 93' lang='grc'><em>·</em></span> <span class='ocrx_word' id='word_1_661' title='bbox 2242 2348 2289 2385; x_wconf 82' lang='grc' dir='ltr'>Τί</span> 
     </span>
     <span class='ocr_line' id='line_1_93' title="bbox 1260 2408 2290 2462; baseline 0.001 -16"><span class='ocrx_word' id='word_1_662' title='bbox 1260 2409 1372 2447; x_wconf 76' lang='grc' dir='ltr'>ταῦτά</span> <span class='ocrx_word' id='word_1_663' title='bbox 1401 2410 1454 2447; x_wconf 90' lang='grc' dir='ltr'>σοί</span> <span class='ocrx_word' id='word_1_664' title='bbox 1473 2412 1582 2457; x_wconf 81' lang='grc' dir='ltr'>ἐστιν;</span> <span class='ocrx_word' id='word_1_665' title='bbox 1602 2409 1718 2462; x_wconf 73' lang='grc' dir='ltr'>Ὁρῶν</span> <span class='ocrx_word' id='word_1_666' title='bbox 1733 2408 1800 2461; x_wconf 81' lang='grc' dir='ltr'>γὰρ</span> <span class='ocrx_word' id='word_1_667' title='bbox 1818 2411 1876 2447; x_wconf 77' lang='grc' dir='ltr'>τοῦ</span> <span class='ocrx_word' id='word_1_668' title='bbox 1894 2408 2042 2460; x_wconf 75' lang='grc' dir='ltr'>ἀδελφοῦ</span> <span class='ocrx_word' id='word_1_669' title='bbox 2072 2408 2135 2455; x_wconf 85' lang='grc' dir='ltr'>τὴν</span> <span class='ocrx_word' id='word_1_670' title='bbox 2155 2424 2290 2462; x_wconf 90' lang='grc' dir='ltr'>περιου-</span> 
     </span>
     <span class='ocr_line' id='line_1_94' title="bbox 1264 2468 2289 2521; baseline -0.002 -13"><span class='ocrx_word' id='word_1_671' title='bbox 1264 2471 1355 2515; x_wconf 84' lang='grc' dir='ltr'>σίαν,</span> <span class='ocrx_word' id='word_1_672' title='bbox 1375 2470 1538 2515; x_wconf 81' lang='grc' dir='ltr'>ἐξενίζετο</span> <span class='ocrx_word' id='word_1_673' title='bbox 1568 2470 1627 2508; x_wconf 78' lang='grc' dir='ltr'>καὶ</span> <span class='ocrx_word' id='word_1_674' title='bbox 1652 2469 1846 2520; x_wconf 77' lang='grc' dir='ltr'>ἐθαύμαζε·</span> <span class='ocrx_word' id='word_1_675' title='bbox 1873 2469 1925 2507; x_wconf 80' lang='grc' dir='ltr'>διὸ</span> <span class='ocrx_word' id='word_1_676' title='bbox 1955 2469 2013 2506; x_wconf 79' lang='grc' dir='ltr'>καὶ</span> <span class='ocrx_word' id='word_1_677' title='bbox 2035 2471 2166 2521; x_wconf 75' lang='grc' dir='ltr'>ἐρωτᾷν</span> <span class='ocrx_word' id='word_1_678' title='bbox 2189 2468 2289 2507; x_wconf 67' lang='grc' dir='ltr'>ἐδού-</span> 
     </span>
     <span class='ocr_line' id='line_1_95' title="bbox 1262 2523 2287 2581; baseline -0.003 -12"><span class='ocrx_word' id='word_1_679' title='bbox 1262 2533 1350 2569; x_wconf 80' lang='grc' dir='ltr'>λετο.</span> <span class='ocrx_word' id='word_1_680' title='bbox 1369 2531 1414 2569; x_wconf 89' lang='grc' dir='ltr'>Τί</span> <span class='ocrx_word' id='word_1_681' title='bbox 1439 2525 1496 2570; x_wconf 63' lang='grc' dir='ltr'>οὖν</span> <span class='ocrx_word' id='word_1_682' title='bbox 1515 2534 1533 2569; x_wconf 91' lang='lat'>6</span> <span class='ocrx_word' id='word_1_683' title='bbox 1552 2532 1699 2577; x_wconf 68' lang='grc' dir='ltr'>δίκαιος,</span> <span class='ocrx_word' id='word_1_684' title='bbox 1719 2530 1777 2568; x_wconf 78' lang='grc' dir='ltr'>Τὰ</span> <span class='ocrx_word' id='word_1_685' title='bbox 1801 2529 1945 2576; x_wconf 89' lang='grc' dir='ltr'>παιδία,</span> <span class='ocrx_word' id='word_1_686' title='bbox 1974 2530 2091 2581; x_wconf 77' lang='grc' dir='ltr'>φησὶν,</span> <span class='ocrx_word' id='word_1_687' title='bbox 2110 2523 2158 2572; x_wconf 68' lang='grc' dir='ltr'>οἷς</span> <span class='ocrx_word' id='word_1_688' title='bbox 2177 2529 2287 2575; x_wconf 81' lang='grc' dir='ltr'>ἠλέη-</span> 
     </span>
     <span class='ocr_line' id='line_1_96' title="bbox 1263 2590 2286 2644; baseline -0.003 -14"><span class='ocrx_word' id='word_1_689' title='bbox 1263 2608 1318 2630; x_wconf 86' lang='grc' dir='ltr'>σεν</span> <span class='ocrx_word' id='word_1_690' title='bbox 1334 2596 1351 2630; x_wconf 86' lang='lat'>6</span> <span class='ocrx_word' id='word_1_691' title='bbox 1367 2593 1455 2636; x_wconf 84' lang='grc' dir='ltr'>Θεὸς</span> <span class='ocrx_word' id='word_1_692' title='bbox 1473 2593 1531 2631; x_wconf 80' lang='grc' dir='ltr'>τὸν</span> <span class='ocrx_word' id='word_1_693' title='bbox 1548 2592 1657 2630; x_wconf 84' lang='grc' dir='ltr'>παῖδά</span> <span class='ocrx_word' id='word_1_694' title='bbox 1675 2608 1749 2630; x_wconf 88' lang='grc' dir='ltr'>σου.</span> <span class='ocrx_word' id='word_1_695' title='bbox 1766 2591 1862 2644; x_wconf 46' lang='grc' dir='ltr'>(Ὅρα</span> <span class='ocrx_word' id='word_1_696' title='bbox 1877 2590 1970 2636; x_wconf 87' lang='grc' dir='ltr'>πόση</span> <span class='ocrx_word' id='word_1_697' title='bbox 1984 2593 2046 2636; x_wconf 71' lang='grc' dir='ltr'>τῆς</span> <span class='ocrx_word' id='word_1_698' title='bbox 2062 2590 2246 2633; x_wconf 84' lang='grc' dir='ltr'>ἐπιεικείας</span> <span class='ocrx_word' id='word_1_699' title='bbox 2264 2594 2286 2636; x_wconf 85' lang='grc' dir='ltr'>ἡ</span> 
     </span>
     <span class='ocr_line' id='line_1_97' title="bbox 1263 2651 2289 2704; baseline -0.001 -13"><span class='ocrx_word' id='word_1_700' title='bbox 1263 2652 1380 2704; x_wconf 77' lang='grc' dir='ltr'>ἰσχὺς,</span> <span class='ocrx_word' id='word_1_701' title='bbox 1401 2653 1460 2691; x_wconf 81' lang='grc' dir='ltr'>καὶ</span> <span class='ocrx_word' id='word_1_702' title='bbox 1478 2652 1572 2696; x_wconf 78' lang='grc' dir='ltr'>ὅπως</span> <span class='ocrx_word' id='word_1_703' title='bbox 1593 2652 1648 2690; x_wconf 75' lang='grc' dir='ltr'>διὰ</span> <span class='ocrx_word' id='word_1_704' title='bbox 1665 2656 1727 2699; x_wconf 80' lang='grc' dir='ltr'>τ’ἧς</span> <span class='ocrx_word' id='word_1_705' title='bbox 1745 2655 1813 2690; x_wconf 83' lang='grc' dir='ltr'>τῶν</span> <span class='ocrx_word' id='word_1_706' title='bbox 1831 2651 1996 2704; x_wconf 80' lang='grc' dir='ltr'>ῥημάτων</span> <span class='ocrx_word' id='word_1_707' title='bbox 2024 2652 2289 2704; x_wconf 82' lang='grc' dir='ltr'>ταπεινοφροσύ-</span> 
     </span>
     <span class='ocr_line' id='line_1_98' title="bbox 1261 2713 2288 2767; baseline 0.002 -17"><span class='ocrx_word' id='word_1_708' title='bbox 1261 2730 1322 2759; x_wconf 78' lang='grc' dir='ltr'>νης</span> <span class='ocrx_word' id='word_1_709' title='bbox 1344 2714 1473 2752; x_wconf 81' lang='grc' dir='ltr'>ἐκείνου</span> <span class='ocrx_word' id='word_1_710' title='bbox 1494 2714 1551 2752; x_wconf 75' lang='grc' dir='ltr'>τὸν</span> <span class='ocrx_word' id='word_1_711' title='bbox 1572 2715 1678 2765; x_wconf 79' lang='grc' dir='ltr'>Ουμὸν</span> <span class='ocrx_word' id='word_1_712' title='bbox 1699 2714 1927 2767; x_wconf 79' lang='grc' dir='ltr'>κατεπράϋνε.</span> <span class='ocrx_word' id='word_1_713' title='bbox 1949 2713 2018 2751; x_wconf 68' lang='grc' dir='ltr'>Καὶ</span> <span class='ocrx_word' id='word_1_714' title='bbox 2036 2714 2288 2766; x_wconf 70' lang='grc' dir='ltr'>προσήγγισαν,</span> 
     </span>
     <span class='ocr_line' id='line_1_99' title="bbox 1264 2773 2290 2826; baseline -0.001 -14"><span class='ocrx_word' id='word_1_715' title='bbox 1264 2775 1382 2826; x_wconf 72' lang='grc' dir='ltr'>φησὶν,</span> <span class='ocrx_word' id='word_1_716' title='bbox 1402 2778 1437 2813; x_wconf 81' lang='grc' dir='ltr'>αἱ</span> <span class='ocrx_word' id='word_1_717' title='bbox 1454 2775 1637 2813; x_wconf 76' lang='grc' dir='ltr'>παιδίσκαὶ</span> <span class='ocrx_word' id='word_1_718' title='bbox 1659 2775 1718 2813; x_wconf 83' lang='grc' dir='ltr'>καὶ</span> <span class='ocrx_word' id='word_1_719' title='bbox 1737 2775 1781 2812; x_wconf 83' lang='grc' dir='ltr'>τὰ</span> <span class='ocrx_word' id='word_1_720' title='bbox 1800 2773 1923 2816; x_wconf 83' lang='grc' dir='ltr'>τέκνα,</span> <span class='ocrx_word' id='word_1_721' title='bbox 1948 2774 2006 2812; x_wconf 81' lang='grc' dir='ltr'>καὶ</span> <span class='ocrx_word' id='word_1_722' title='bbox 2026 2774 2290 2825; x_wconf 84' lang='grc' dir='ltr'>προσεκύνησαν</span> 
     </span>
     <span class='ocr_line' id='line_1_100' title="bbox 1259 2829 2288 2887; baseline 0 -15"><span class='ocrx_word' id='word_1_723' title='bbox 1259 2841 1280 2882; x_wconf 78' lang='grc' dir='ltr'>ἡ</span> <span class='ocrx_word' id='word_1_724' title='bbox 1304 2835 1390 2873; x_wconf 55' lang='grc' dir='ltr'>,λεία</span> <span class='ocrx_word' id='word_1_725' title='bbox 1409 2836 1467 2873; x_wconf 68' lang='grc' dir='ltr'>καὶ</span> <span class='ocrx_word' id='word_1_726' title='bbox 1489 2840 1510 2882; x_wconf 77' lang='grc' dir='ltr'>ἡ</span> <span class='ocrx_word' id='word_1_727' title='bbox 1529 2834 1678 2887; x_wconf 81' lang='grc' dir='ltr'>Ἱ)αχὴλ.</span> <span class='ocrx_word' id='word_1_728' title='bbox 1714 2835 1782 2872; x_wconf 76' lang='grc' dir='ltr'>Καὶ</span> <span class='ocrx_word' id='word_1_729' title='bbox 1803 2829 1936 2873; x_wconf 68' lang='grc' dir='ltr'>εἷπε·τί</span> <span class='ocrx_word' id='word_1_730' title='bbox 1967 2835 2079 2873; x_wconf 67' lang='grc' dir='ltr'>ταῦτά</span> <span class='ocrx_word' id='word_1_731' title='bbox 2111 2835 2164 2874; x_wconf 86' lang='grc' dir='ltr'>σοί</span> <span class='ocrx_word' id='word_1_732' title='bbox 2189 2836 2264 2873; x_wconf 82' lang='grc' dir='ltr'>ἐστι</span> <span class='ocrx_word' id='word_1_733' title='bbox 2279 2865 2288 2881; x_wconf 89' lang='grc'>,</span> 
     </span>
     <span class='ocr_line' id='line_1_101' title="bbox 1259 2891 2290 2948; baseline 0 -14"><span class='ocrx_word' id='word_1_734' title='bbox 1259 2904 1369 2934; x_wconf 79' lang='grc' dir='ltr'>πᾶσαι</span> <span class='ocrx_word' id='word_1_735' title='bbox 1399 2899 1433 2933; x_wconf 80' lang='grc' dir='ltr'>αἱ</span> <span class='ocrx_word' id='word_1_736' title='bbox 1463 2896 1684 2948; x_wconf 64' lang='grc' dir='ltr'>παρεμὲολαὶ</span> <span class='ocrx_word' id='word_1_737' title='bbox 1720 2891 1845 2940; x_wconf 72' lang='grc' dir='ltr'>αῧται,</span> <span class='ocrx_word' id='word_1_738' title='bbox 1871 2891 1922 2939; x_wconf 71' lang='grc' dir='ltr'>αἶς</span> <span class='ocrx_word' id='word_1_739' title='bbox 1951 2897 2157 2943; x_wconf 65' lang='grc' dir='ltr'>ἀπήντηκας</span> <span class='ocrx_word' id='word_1_740' title='bbox 2179 2896 2224 2935; x_wconf 82' lang='lat' dir='ltr'>‘O</span> <span class='ocrx_word' id='word_1_741' title='bbox 2254 2897 2290 2934; x_wconf 82' lang='grc' dir='ltr'>δὲ</span> 
     </span>
     <span class='ocr_line' id='line_1_102' title="bbox 1258 2951 2290 3011; baseline 0 -17"><span class='ocrx_word' id='word_1_742' title='bbox 1258 2951 1351 2995; x_wconf 68' lang='grc' dir='ltr'>εἶπεν</span> <span class='ocrx_word' id='word_1_743' title='bbox 1366 2974 1373 2981; x_wconf 89' lang='grc'><em>·</em></span> <span class='ocrx_word' id='word_1_744' title='bbox 1400 2957 1453 2995; x_wconf 79' lang='grc' dir='ltr'>ἰ’να</span> <span class='ocrx_word' id='word_1_745' title='bbox 1480 2958 1560 3011; x_wconf 68' lang='grc' dir='ltr'>εὕρῃ</span> <span class='ocrx_word' id='word_1_746' title='bbox 1577 2962 1594 2996; x_wconf 89' lang='lat'>6</span> <span class='ocrx_word' id='word_1_747' title='bbox 1615 2964 1695 3000; x_wconf 87' lang='grc' dir='ltr'>παῖς</span> <span class='ocrx_word' id='word_1_748' title='bbox 1728 2973 1788 2996; x_wconf 88' lang='grc' dir='ltr'>σου</span> <span class='ocrx_word' id='word_1_749' title='bbox 1822 2958 1925 3009; x_wconf 83' lang='grc' dir='ltr'>χάριν</span> <span class='ocrx_word' id='word_1_750' title='bbox 1945 2958 2099 2996; x_wconf 80' lang='grc' dir='ltr'>ἐναντίον</span> <span class='ocrx_word' id='word_1_751' title='bbox 2120 2973 2192 2996; x_wconf 91' lang='grc' dir='ltr'>σου.</span> <span class='ocrx_word' id='word_1_752' title='bbox 2213 2958 2290 2996; x_wconf 87' lang='grc' dir='ltr'>Θέα</span> 
     </span>
     <span class='ocr_line' id='line_1_103' title="bbox 1258 3017 2284 3071; baseline 0 -16"><span class='ocrx_word' id='word_1_753' title='bbox 1258 3034 1316 3068; x_wconf 80' lang='grc' dir='ltr'>μοι</span> <span class='ocrx_word' id='word_1_754' title='bbox 1335 3020 1409 3061; x_wconf 86' lang='grc' dir='ltr'>πῶς</span> <span class='ocrx_word' id='word_1_755' title='bbox 1440 3021 1482 3068; x_wconf 76' lang='grc' dir='ltr'>τῇ</span> <span class='ocrx_word' id='word_1_756' title='bbox 1511 3018 1685 3070; x_wconf 63' lang='grc' dir='ltr'>ὑπερὸολῇ</span> <span class='ocrx_word' id='word_1_757' title='bbox 1703 3022 1765 3065; x_wconf 80' lang='grc' dir='ltr'>τ’ἧς</span> <span class='ocrx_word' id='word_1_758' title='bbox 1784 3017 2101 3071; x_wconf 76' lang='grc' dir='ltr'>ταπεινοφροσύνης</span> <span class='ocrx_word' id='word_1_759' title='bbox 2121 3019 2284 3055; x_wconf 86' lang='grc' dir='ltr'>κατεδου-</span> 
     </span>
     <span class='ocr_line' id='line_1_104' title="bbox 1257 3078 2284 3131; baseline 0.001 -16"><span class='ocrx_word' id='word_1_760' title='bbox 1257 3078 1394 3117; x_wconf 81' lang='grc' dir='ltr'>λώσατο</span> <span class='ocrx_word' id='word_1_761' title='bbox 1426 3079 1483 3117; x_wconf 75' lang='grc' dir='ltr'>τὸν</span> <span class='ocrx_word' id='word_1_762' title='bbox 1521 3080 1667 3130; x_wconf 78' lang='grc' dir='ltr'>ἀδελφὸν</span> <span class='ocrx_word' id='word_1_763' title='bbox 1701 3079 1760 3117; x_wconf 82' lang='grc' dir='ltr'>καὶ</span> <span class='ocrx_word' id='word_1_764' title='bbox 1783 3078 1820 3116; x_wconf 83' lang='grc' dir='ltr'>ὃν</span> <span class='ocrx_word' id='word_1_765' title='bbox 1855 3079 2006 3129; x_wconf 80' lang='grc' dir='ltr'>ἐνόμιζεν</span> <span class='ocrx_word' id='word_1_766' title='bbox 2042 3078 2170 3131; x_wconf 78' lang='grc' dir='ltr'>ἀγρίως</span> <span class='ocrx_word' id='word_1_767' title='bbox 2199 3078 2284 3131; x_wconf 83' lang='grc' dir='ltr'>πρὸς</span> 
     </span>
    </p>
   </div>
   <div class='ocr_carea' id='block_1_14' title="bbox 1256 3134 2339 3192">
    <p class='ocr_par' dir='ltr' id='par_1_15' title="bbox 1256 3134 2339 3192">
     <span class='ocr_line' id='line_1_105' title="bbox 1256 3134 2339 3192; baseline 0 -16"><span class='ocrx_word' id='word_1_768' title='bbox 1256 3140 1356 3178; x_wconf 79' lang='grc' dir='ltr'>αὐτὸν</span> <span class='ocrx_word' id='word_1_769' title='bbox 1379 3142 1591 3188; x_wconf 79' lang='grc' dir='ltr'>διακεῖσθαι,</span> <span class='ocrx_word' id='word_1_770' title='bbox 1612 3139 1721 3184; x_wconf 80' lang='grc' dir='ltr'>οὕτως</span> <span class='ocrx_word' id='word_1_771' title='bbox 1742 3134 1838 3192; x_wconf 73' lang='grc' dir='ltr'>εῧρεν</span> <span class='ocrx_word' id='word_1_772' title='bbox 1858 3140 2001 3191; x_wconf 80' lang='grc' dir='ltr'>ἥμερον,</span> <span class='ocrx_word' id='word_1_773' title='bbox 2023 3142 2068 3183; x_wconf 84' lang='grc' dir='ltr'>ὡς</span> <span class='ocrx_word' id='word_1_774' title='bbox 2104 3139 2287 3190; x_wconf 84' lang='grc' dir='ltr'>βούλεσθαι</span> <span class='ocrx_word' id='word_1_775' title='bbox 2336 3157 2339 3160; x_wconf 87' lang='grc'><em>·</em></span> 
     </span>
    </p>
   </div>
   <div class='ocr_carea' id='block_1_15' title="bbox 1252 3199 2288 3314">
    <p class='ocr_par' dir='ltr' id='par_1_16' title="bbox 1252 3199 2288 3314">
     <span class='ocr_line' id='line_1_106' title="bbox 1252 3199 2284 3254; baseline 0 -17"><span class='ocrx_word' id='word_1_776' title='bbox 1252 3201 1337 3251; x_wconf 63' lang='grc' dir='ltr'>πρὸς</span> <span class='ocrx_word' id='word_1_777' title='bbox 1357 3201 1542 3254; x_wconf 79' lang='grc' dir='ltr'>θεραπείαν</span> <span class='ocrx_word' id='word_1_778' title='bbox 1560 3203 1662 3239; x_wconf 78' lang='grc' dir='ltr'>αὐτοῦ</span> <span class='ocrx_word' id='word_1_779' title='bbox 1689 3201 1803 3239; x_wconf 90' lang='grc' dir='ltr'>πάντα</span> <span class='ocrx_word' id='word_1_780' title='bbox 1826 3199 1869 3238; x_wconf 83' lang='grc' dir='ltr'>τὰ</span> <span class='ocrx_word' id='word_1_781' title='bbox 1902 3203 1984 3252; x_wconf 87' lang='grc' dir='ltr'>παρ’</span> <span class='ocrx_word' id='word_1_782' title='bbox 2018 3203 2140 3238; x_wconf 78' lang='grc' dir='ltr'>ἑαυτοῦ</span> <span class='ocrx_word' id='word_1_783' title='bbox 2156 3201 2284 3238; x_wconf 82' lang='grc' dir='ltr'>ἐπιδεί-</span> 
     </span>
     <span class='ocr_line' id='line_1_107' title="bbox 1254 3256 2288 3314; baseline 0 -16"><span class='ocrx_word' id='word_1_784' title='bbox 1254 3262 1386 3306; x_wconf 74' lang='grc' dir='ltr'>ξασθαι.</span> <span class='ocrx_word' id='word_1_785' title='bbox 1411 3256 1499 3300; x_wconf 56' lang='lat' dir='ltr'>lii-xe</span> <span class='ocrx_word' id='word_1_786' title='bbox 1521 3263 1609 3314; x_wconf 76' lang='grc' dir='ltr'>γὰρ,</span> <span class='ocrx_word' id='word_1_787' title='bbox 1632 3263 1748 3313; x_wconf 77' lang='grc' dir='ltr'>φησὶν,</span> <span class='ocrx_word' id='word_1_788' title='bbox 1782 3262 1855 3299; x_wconf 85' lang='grc' dir='ltr'>ἔστι</span> <span class='ocrx_word' id='word_1_789' title='bbox 1890 3277 1947 3311; x_wconf 89' lang='grc' dir='ltr'>μοι</span> <span class='ocrx_word' id='word_1_790' title='bbox 1975 3261 2106 3306; x_wconf 87' lang='grc' dir='ltr'>πολλὰ,</span> <span class='ocrx_word' id='word_1_791' title='bbox 2141 3261 2288 3311; x_wconf 72' lang='grc' dir='ltr'>ἀδελφὲ,</span> 
     </span>
    </p>
   </div>
   <div class='ocr_carea' id='block_1_16' title="bbox 223 3319 2285 3372">
    <p class='ocr_par' dir='ltr' id='par_1_17' title="bbox 223 3319 2285 3372">
     <span class='ocr_line' id='line_1_108' title="bbox 223 3319 2285 3372; baseline 0 -15"><span class='ocrx_word' id='word_1_792' title='bbox 223 3321 394 3358; x_wconf 73' lang='lat' dir='ltr'>invenerit</span> <span class='ocrx_word' id='word_1_793' title='bbox 415 3327 638 3357; x_wconf 77' lang='lat' dir='ltr'>mansuetum</span> <span class='ocrx_word' id='word_1_794' title='bbox 662 3328 697 3354; x_wconf 80' lang='lat' dir='ltr'>ut</span> <span class='ocrx_word' id='word_1_795' title='bbox 720 3319 867 3358; x_wconf 75' lang='lat' dir='ltr'>voluerit</span> <span class='ocrx_word' id='word_1_796' title='bbox 887 3322 920 3359; x_wconf 85' lang='lat' dir='ltr'>in</span> <span class='ocrx_word' id='word_1_797' title='bbox 939 3322 1174 3361; x_wconf 82' lang='lat' dir='ltr'>ministcrimn</span> <span class='ocrx_word' id='word_1_798' title='bbox 1202 3332 1223 3361; x_wconf 82' lang='lat' dir='ltr'>t)</span> <span class='ocrx_word' id='word_1_799' title='bbox 1250 3323 1338 3360; x_wconf 77' lang='grc' dir='ltr'>ἔστω</span> <span class='ocrx_word' id='word_1_800' title='bbox 1356 3338 1408 3360; x_wconf 84' lang='grc' dir='ltr'>σοι</span> <span class='ocrx_word' id='word_1_801' title='bbox 1430 3323 1471 3360; x_wconf 78' lang='grc' dir='ltr'>τὰ</span> <span class='ocrx_word' id='word_1_802' title='bbox 1501 3323 1555 3360; x_wconf 83' lang='grc' dir='ltr'>σά,</span> <span class='ocrx_word' id='word_1_803' title='bbox 1575 3323 1664 3360; x_wconf 75' lang='grc' dir='ltr'>Ἀλλ’</span> <span class='ocrx_word' id='word_1_804' title='bbox 1686 3323 1761 3361; x_wconf 78' lang='grc' dir='ltr'>οὐδὲ</span> <span class='ocrx_word' id='word_1_805' title='bbox 1783 3321 1891 3365; x_wconf 78' lang='grc' dir='ltr'>οὕτως</span> <span class='ocrx_word' id='word_1_806' title='bbox 1909 3321 2076 3372; x_wconf 74' lang='grc' dir='ltr'>ἠνέσγετο</span> <span class='ocrx_word' id='word_1_807' title='bbox 2093 3324 2110 3359; x_wconf 84' lang='lat'>6</span> <span class='ocrx_word' id='word_1_808' title='bbox 2130 3320 2260 3359; x_wconf 64' lang='grc' dir='ltr'>Ἰακὼῖἱ</span> <span class='ocrx_word' id='word_1_809' title='bbox 2274 3348 2285 3364; x_wconf 86' lang='grc'>,</span> 
     </span>
    </p>
   </div>
  </div>
 </body>
</html>
