2516 3791
117 2703 244 2733 undem.

321 150 435 221 '376
774 170 812 199 s.

341 254 400 291 dis
415 254 543 292 Saulis
564 253 801 292 clanculum.
826 251 937 292 vides
967 259 1098 301 quanta
1119 250 1178 286 irae
1198 257 1288 286 tem-

340 323 455 367 pestas
474 324 590 353 coorta
614 315 746 352 fuerit?
769 316 816 352 At
840 327 908 350 non
932 310 1103 364 processit
1122 309 1288 358 ulterius,

340 389 452 426 neque
469 376 550 414 fecit
569 375 809 427 naufragium,
827 388 867 412 eo
883 372 980 423 quod
996 370 1230 423 gubernatrix
1245 369 1290 407 il-

338 436 408 475 lico
426 438 577 476 sentiens
592 435 802 488 periculum,
814 433 981 471 videlicet
999 432 1057 484 pia
1077 430 1181 478 ratio,
1200 440 1290 468 tem-

337 508 509 551 pestatem
545 497 651 536 vertit
685 496 720 533 in
757 493 1062 545 tranquillitatem.
1093 494 1290 530 Percussit

337 560 452 608 enim,
483 558 620 609 inquit,
650 557 842 594 Davidem
871 569 939 594 eor
971 557 1103 607 ipsius,
1125 567 1167 591 ac
1191 552 1290 592 velut

337 635 468 671 equum
500 618 744 659 subsilientem
772 631 812 655 ac
843 616 1080 664 ferocientem,
1109 613 1290 653 revocavit

336 682 438 718 iram.

388 742 427 779 6.
457 741 674 794 Hujusmodi
691 750 773 778 sunt
786 748 990 778 sanctorum
1004 738 1130 776 animae
1148 736 1287 789 :prius-

334 817 439 854 quam
460 803 660 854 concidant,
683 811 887 854 resurgunt,
905 801 1115 853 priusquam
1133 798 1180 836 ad
1203 813 1285 850 pec-

333 874 450 904 catum
472 865 694 918 perveniant,
718 864 952 913 refrenantur,
974 876 1014 899 co
1039 859 1134 913 quod
1160 859 1284 898 sobriae

854 168 1041 199 mmsis
1077 144 1317 198 cunrsos‘r.

1357 165 1563 195 ARCHIEP.
1603 167 1963 197 CONSTANTINOP-

1363 248 1535 294 ἐποίησεν.
1547 247 1722 293 Ἐπάταξε
1739 250 1806 301 γὰρ
1821 250 1935 296 αὐτὸν,
1955 250 2072 302 φησὶν,
2086 254 2107 298 ἡ
2125 252 2250 305 καρδία
2263 255 2366 293 αὐτοῦ
2378 285 2388 304 ,

1362 308 1421 347 καὶ
1451 308 1608 361 καθάπερ
1639 313 1836 361 σκιρτῶντα
1867 311 1926 349 καὶ
1959 311 2164 362 μαινόμενον
2191 312 2310 362 ἵππον,
2332 315 2391 352 τὸν

1363 368 1469 418 θυμὸν
1492 367 1704 419 ἀνεχαίτισε.
2243 374 2245 376 ’

1415 740 1587 777 Ἱόιαὶῐται
1602 742 1669 778 τῶν
1691 740 1798 791 ἁγίων
1819 742 1853 778 αἱ
1872 740 1982 792 ψυχαί
1997 756 2003 763 ·
2026 741 2106 793 πρὶν
2122 741 2144 788 ἢ
2159 749 2297 791 πεσεῖν,
2315 744 2390 784 ἁνί-

1360 815 1523 846 στανται,
1539 800 1620 852 πρὶν
1636 801 1656 846 ἢ
1676 800 1762 852 πρὸς
1781 800 1845 848 τὴν
1866 801 2042 854 ἁμαρτίαν
2059 804 2186 851 ἐλθεῖν,
2209 806 2389 857 ἀναγαιτί-

1357 863 1492 909 ζονται,
1514 861 1634 908 ἐπειδὴ
1653 861 1798 914 νήφουσι
1826 862 1885 899 καὶ
1919 863 2106 907 διαπαντός
2132 866 2217 902 εἰσιν
2242 867 2386 917 ἐγρηγο-

331 927 413 975 sint,
449 940 655 979 semperque
688 924 850 977 vigilent.
885 923 932 961 Et
961 932 1079 961 tamen
1109 931 1282 972 quantum
1295 953 1342 979 757
1359 928 1462 976 ρυῖαι.
1483 922 1608 960 Καίτοι
1631 921 1737 960 πόσον
1758 928 1817 961 τοῦ
1844 923 2005 974 σώματος
2024 919 2065 971 ἦν
2087 925 2145 962 καὶ
2165 930 2224 963 τοῦ
2245 927 2385 965 ἱματίου

330 997 404 1025 erat
432 987 659 1026 intervallum
684 986 776 1023 inter
799 999 925 1037 corpus
945 993 980 1021 et
996 983 1155 1022 vestem?
1178 985 1277 1020 Atta-
1305 991 1331 1020 A
1356 984 1394 1022 τὸ
1410 983 1536 1033 μέσον,
1552 983 1643 1021 Ἀλλ’
1665 982 1758 1032 ὅμοκ
1776 983 1898 1035 ’io-Luce
1919 984 1967 1034 μὴ
1984 986 2162 1037 προελθεῖν
2177 965 2385 1039 περαιτέρω,

329 1064 408 1087 men
445 1050 504 1087 ille
537 1049 692 1101 seipsum
728 1046 903 1097 cohibuit,
937 1059 980 1083 ne
1006 1043 1280 1097 progrederetur

327 1111 475 1149 ulterius
497 1127 503 1147 ε
525 1111 739 1163 insuperque
756 1109 802 1147 ob
819 1109 887 1146 hoc
913 1108 1032 1160 ipsum
1054 1106 1210 1158 graviter
1227 1120 1279 1143 se-

309 1172 446 1225 .ipsum
480 1171 739 1210 condemnavit.
772 1172 968 1208 Percussit
1004 1167 1113 1215 enim,
1146 1167 1278 1218 inquit,

328 1235 440 1272 illum
460 1248 526 1272 eor
544 1237 675 1286 ipsius,
697 1233 802 1285 quod
823 1230 1045 1269 abstulisset
1066 1236 1280 1266 extremum

327 1297 566 1345 chlamydis,
590 1296 765 1346 dixitque
787 1293 842 1330 ad
858 1295 966 1329 viros
988 1306 998 1325 :
1018 1291 1279 1341 Nequaquam

328 1358 400 1395 hoc
422 1359 517 1395 mihi
543 1359 593 1394 sit
615 1370 641 1394 a
666 1356 849 1393 Domino.
876 1350 975 1399 Quid
1000 1360 1050 1388 est
1072 1349 1178 1399 illud,
1202 1351 1278 1387 Ne-

327 1432 525 1471 quaquam
544 1419 615 1455 hoe
634 1420 683 1456 sit
705 1417 802 1453 mihi
819 1429 844 1452 a
859 1415 1030 1451 Domino
1043 1417 1059 1449 Ρ
1075 1410 1275 1463 Propitius,

326 1480 454 1530 inquit,
477 1480 521 1517 sit
540 1479 644 1528 mihi,
665 1479 696 1516 si
716 1478 785 1514 hoc
808 1475 1000 1513 voluissem
1020 1490 1027 1510 ε
1047 1488 1091 1511 ne
1110 1471 1276 1511 concedat

326 1555 496 1592 umquam
516 1550 555 1578 ut
579 1540 647 1577 hoe
675 1539 804 1577 faciam
829 1539 940 1586 Deus,
961 1548 1073 1586 neque
1095 1533 1276 1587 permittat

325 1616 381 1640 me
396 1601 441 1639 ad
457 1611 594 1639 tantum
613 1599 779 1639 devenire
795 1598 916 1636 scelus.
939 1595 1118 1643 Quoniam
1131 1593 1276 1631 videbat

322 1663 414 1700 hanc
438 1661 702 1715 philosophiam
728 1673 896 1712 superare
914 1670 1002 1710 pene
1022 1664 1187 1693 naturam
1202 1655 1273 1692 hu—

322 1739 478 1775 manam,
503 1723 701 1774 caelestique
728 1735 817 1774 opus
841 1720 972 1758 habere
996 1717 1148 1767 auxilio,
1169 1729 1275 1767 seque

321 1801 410 1839 pene
430 1785 476 1824 ad
494 1785 628 1823 eaedem
642 1782 866 1837 processisse,
889 1789 1068 1834 precatur,
1086 1787 1126 1815 ut
1144 1777 1272 1816 Domi-

321 1863 386 1887 nus
411 1848 480 1887 sibi
508 1855 688 1886 conservet
717 1858 862 1882 manum
899 1841 1138 1894 impollutam.
1173 1837 1274 1886 Quid

320 1910 389 1948 hoc
407 1910 525 1948 animo
543 1908 656 1962 possit
674 1921 746 1945 esse
762 1904 910 1944 mitius?
925 1905 982 1941 An
997 1902 1093 1939 hune
1111 1900 1272 1938 dicemus

319 1971 515 2021 hominem,
537 1970 652 2022 quiin
671 1978 795 2007 natura
818 1967 975 2004 humana
994 1964 1107 2003 vitam
1133 1962 1272 2015 praesti—

319 2032 401 2070 terit
415 2031 636 2085 angelicam?
652 2032 790 2069 Vemm
805 2027 845 2066 id
860 2041 929 2065 non
944 2039 1101 2079 passurae
1118 2033 1200 2062 sunt
1214 2023 1271 2062 di-

319 2093 411 2131 vinae
439 2093 545 2145 leges.
579 2091 670 2140 Quis
695 2090 804 2140 enim,
838 2088 998 2138 obsecro,
1028 2087 1132 2125 facile
1153 2101 1173 2124 a
1196 2086 1271 2123 Deo

319 2154 494 2207 ejusmodi
525 2168 601 2192 rem
631 2151 752 2205 petat?
777 2149 877 2197 Quid
907 2148 1001 2199 dixi,
1034 2146 1270 2200 hujusmodi?

323 2216 413 2265 Quis
431 2215 632 2264 sustineret,
657 2227 727 2250 non
750 2210 886 2263 precari
914 2209 1084 2248 adversus
1109 2223 1191 2246 eum
1207 2207 1269 2259 qui

320 2278 488 2316 molestus
505 2274 652 2313 fuisset?
676 2274 768 2311 Nam
794 2272 956 2324 plerique
979 2270 1144 2308 mortales
1159 2284 1198 2307 eo
1214 2270 1269 2307 fe-

320 2340 348 2377 ri
354 2339 434 2377 tatis
447 2337 583 2390 abrepti
593 2345 685 2385 sunt,
695 2343 735 2372 ut
748 2348 829 2371 cum
841 2332 910 2370 sint
919 2332 1006 2369 adeo
1017 2331 1223 2379 imbecilles,
1232 2339 1271 2368 ut

320 2415 389 2438 non
407 2407 535 2451 queant
555 2412 636 2436 eum
659 2412 679 2434 a
700 2410 770 2447 quo
791 2393 944 2432 lacessiti
973 2401 1054 2430 sunt
1082 2391 1156 2430 ullo
1175 2392 1269 2430 malo

318 2461 472 2512 afficere,
505 2462 623 2498 Deum
655 2458 700 2496 ad
724 2457 896 2494 ultionem
928 2454 1105 2503 invocent,
1132 2463 1170 2491 ut
1200 2454 1268 2492 sihi

318 2522 377 2561 det
393 2522 597 2560 facultatem
616 2517 765 2558 nocendi
780 2517 837 2566 iis,
853 2515 916 2567 qui
936 2513 1005 2552 sihi
1024 2515 1117 2552 mala
1140 2515 1268 2553 intule-

317 2597 367 2620 re.
395 2582 463 2619 Hic
486 2595 571 2621 vero
600 2579 672 2617 illis
702 2577 867 2617 omnibus
895 2575 993 2613 velut
1019 2589 1064 2613 ex
1093 2575 1267 2614 diametro

317 2644 490 2683 contraria
509 2641 698 2696 precando,
720 2648 821 2691 rogat
835 2653 878 2676 ne
890 2637 1074 2690 permittat
1088 2646 1126 2675 ut
1141 2651 1266 2675 manus

316 2706 466 2758 injiciat,
499 2705 645 2754 loquens
669 2702 766 2739 hune
791 2700 826 2737 in
858 2699 1005 2737 modum
1038 2714 1045 2734 τ
1077 2700 1136 2736 Ne
1170 2700 1266 2736 mihi

316 2769 387 2805 hoe
409 2767 562 2805 accidat
583 2779 607 2802 a
634 2765 818 2809 Domino,
839 2770 879 2799 ut
899 2762 1075 2813 injiciam
1103 2774 1264 2798 manum

313 2841 438 2868 meam
459 2831 500 2865 in
525 2827 637 2864 illum
658 2823 835 2877 :perinde
862 2821 962 2872 quasi
989 2820 1033 2859 de
1061 2821 1137 2859 filio
1161 2830 1194 2859 et
1218 2821 1263 2859 de

310 2892 423 2944 prole,
442 2889 489 2927 ita
505 2888 550 2925 de
564 2887 664 2924 hoste
679 2885 847 2936 loquitur.
864 2884 984 2933 Neque
1001 2882 1159 2934 pepercit
1178 2891 1259 2920 tan-

310 2963 401 3002 tum,
417 2964 541 2990 verum
560 2958 593 2986 et
609 2946 871 2985 exeusationem
893 2958 958 2996 pro
976 2958 1015 2981 eo
1030 2953 1141 2996 parat.
1164 2943 1260 2983 Vide

309 3028 392 3054 vero
408 3026 513 3064 quam
535 3009 726 3063 prudenter
746 3020 922 3058 quamque
939 3005 1123 3057 sapienter.
1141 3005 1259 3057 Siqui-

307 3077 387 3116 dem
408 3069 622 3114 cum‘vitam
644 3069 763 3107 Saulis
790 3076 1027 3120 perscrutans,
1050 3066 1139 3104 nihil
1159 3067 1259 3105 inve-

304 3140 412 3177 nisset
434 3135 533 3185 boni,
559 3142 598 3170 nt
624 3131 740 3169 dicere
771 3138 901 3181 posset,
933 3129 1010 3166 Non
1031 3142 1109 3165 sum
1131 3129 1176 3166 ab
1196 3129 1258 3168 illo

302 3202 424 3241 lzesus,
447 3211 510 3235 nec
547 3194 618 3231 ullo
649 3192 794 3230 affectus
827 3189 1051 3227 incommodo
1074 3190 1258 3242 (protinus

300 3262 393 3298 enini
412 3259 468 3296 his
484 3252 709 3295 reclamaturi
736 3261 833 3290 erant
858 3251 987 3288 milites
1009 3250 1072 3301 qui
1093 3251 1254 3300 aderant,

1352 1045 1410 1083 καὶ
1437 1047 1490 1082 ἐπ’
1519 1047 1612 1097 αὐτῷ
1642 1043 1677 1082 δὲ
1710 1044 1821 1096 τούτῳ
1849 1044 1982 1098 σφόδρα
2001 1046 2121 1084 ἑαυτὸν
2147 1048 2385 1088 κατεδίκασεν.

1353 1105 1530 1149 Ἰίπάταξε
1548 1106 1615 1158 γὰρ
1632 1105 1734 1143 αὐτὸν
1754 1109 1775 1151 ἡ
1793 1106 1919 1158 καρδία
1935 1107 2050 1153 αὐτοῦ,
2065 1108 2181 1160 φησὶν,
2198 1109 2251 1147 ὅτι
2266 1110 2385 1162 ἀφεῖλε

1353 1168 1392 1206 τὸ
1406 1167 1591 1220 πτερύγιον
1619 1169 1682 1213 τῆς
1709 1166 1901 1215 διπλοΐδος,
1927 1168 1986 1206 καὶ
2007 1163 2081 1207 εἷπε
2110 1171 2195 1222 πρὸς
2215 1170 2294 1214 τοὺς
2326 1171 2386 1209 ἄν·

1352 1230 1450 1281 δρας·
1474 1229 1645 1280 μηδαμῶς
1665 1229 1742 1279 ἐμοὶ
1764 1230 1861 1280 παρὰ
1882 1229 2024 1281 Κυρίου.
2040 1230 2109 1269 ἔ’Τί
2138 1233 2212 1269 ἐστι
2226 1260 2236 1278 ,
2257 1232 2386 1279 Μηδα-

1353 1294 1427 1342 μῶς
1455 1291 1532 1342 ἐμοὶ
1552 1289 1648 1343 παρὰ
1668 1289 1817 1342 Κυρίου;
1842 1290 1934 1329 Ἀντὶ
1953 1295 2031 1340 τοῦ,
2045 1291 2148 1336 ἵλεώς
2165 1309 2223 1343 μοι
2237 1291 2385 1345 Κύριος,

1351 1352 1455 1403 φησὶ,
1477 1351 1536 1390 καὶ
1568 1352 1669 1395 αὐτὸς
1701 1354 1730 1389 εἷ
1765 1352 1984 1403 βουληθείην,
2006 1353 2053 1404 μὴ
2075 1354 2303 1407 συγχωρήσαι
2323 1354 2385 1405 μοί

1997 1414 2085 1464 μηδὲ
2109 1415 2322 1467 ἐπιτρέψειεν
2337 1417 2385 1459 εἷς

1351 1428 1434 1450 ποτε
1458 1417 1559 1451 τοῦτο
1582 1412 1798 1466 ἐργάσασθαι
1816 1417 1833 1451 ὃ
1853 1413 1942 1457 Θεὸς
1959 1444 1968 1460 ,

1349 1473 1479 1519 ταύτην
1506 1475 1616 1512 ἐλθεῖν
1647 1473 1710 1520 τὴν
1737 1474 1924 1526 ἁμαρτίαν.
1945 1474 2092 1522 Ἐπειδὴ
2122 1475 2190 1527 γὰρ
2221 1470 2291 1514 οἶδε
2318 1475 2382 1523 τὴν

1348 1533 1511 1580 τοιαύτην
1542 1534 1744 1586 φιλοσοφίαν
1773 1534 1894 1586 σχεδὸν
1925 1533 1989 1580 τὴν
2029 1535 2250 1586 ἀνθρωπίνην
2274 1538 2383 1588 ὑπερ-

1349 1594 1533 1632 Εαίνουσαν
1552 1594 1667 1647 φύσιν,
1703 1594 1762 1632 καὶ
1794 1597 1856 1640 τῆς
1882 1594 2011 1632 ἄνωθεν
2052 1595 2220 1645 δεομένην
2252 1598 2381 1647 ῥοπῆς,

1347 1655 1406 1692 καὶ
1438 1659 1564 1707 μικροῦ
1597 1653 1855 1707 περιτραπέντα
1879 1654 1964 1706 πρὸς
1984 1654 2047 1701 τὴν
2071 1654 2221 1707 σφαγὴν,
2241 1655 2383 1708 εὔχεται

1345 1716 1480 1765 λοιπὸν,
1497 1715 1586 1754 ὥστε
1603 1715 1760 1768 καθαρὰν
1780 1715 1838 1754 τὸν
1854 1716 1944 1755 Θεὸν
1966 1718 2060 1769 αὐτῷ
2077 1702 2304 1770 διατηρῆσαι4
2317 1718 2382 1766 τὴν

1345 1783 1459 1829 χεῖρα.
1480 1776 1528 1815 Τί
1550 1776 1679 1824 ταύτης
1702 1776 1828 1829 γένοιτ’
1851 1775 1891 1814 ἂν
1913 1780 1975 1824 τῆς
1999 1779 2114 1830 ψυχῆς
2137 1778 2380 1832 ἡμερώτερον,

1343 1839 1432 1890 ’Ἆρα
1452 1837 1631 1890 ἄνθρωπον
1647 1839 1698 1876 ἔτι
1728 1842 1848 1875 τοῦτον
1869 1840 2029 1891 ἐροῦμεν,
2048 1840 2105 1883 τὸν
2125 1842 2160 1878 ἐν
2182 1841 2380 1893 ἀνθρωπεία

1345 1901 1445 1954 φύσει
1473 1900 1650 1938 πολιτείαν
1685 1899 1871 1952 ἀγγελικὴν
1895 1900 2178 1952 ἐπιδειξάμενον,
2205 1901 2296 1940 Ἀλλ’
2317 1904 2380 1942 οὐκ

1345 1961 1385 2000 ἂν
1408 1962 1616 2015 ἀνάσχοιντο
1638 1963 1668 2000 οἳ
1694 1965 1776 2001 θεῖοι
1790 1961 1906 2012 νόμοι.
1928 1962 1993 2006 Τίς
2016 1963 2082 2016 γὰρ
2104 1963 2165 2011 ἂν,
2199 1964 2278 2002 εἶπέ
2298 1980 2377 2015 μοι,

1343 2024 1478 2077 ταχέως
1497 2023 1610 2063 ἕλοιτο
1633 2023 1798 2070 τοιαύτην
1825 2023 1930 2076 εὐχὴν
1951 2024 2113 2068 εὔξασθαι
2131 2027 2182 2078 τῷ
2201 2027 2302 2079 Θεῷ;
2329 2027 2378 2065 Τί

1342 2086 1454 2137 λέγω,
1473 2086 1657 2132 τοιαύτην;
1679 2085 1740 2132 Μὴ
1769 2085 1999 2129 κατεύξασθαι
2027 2085 2089 2137 μὲν
2108 2080 2166 2124 οἶν
2187 2090 2246 2125 τοῦ
2271 2089 2377 2125 λελυ-

1342 2149 1493 2195 πηκότος
1513 2148 1563 2192 τίς
1583 2148 1623 2185 ἂν
1644 2147 1769 2200 ῥᾳδίως
1791 2146 2012 2197 ὑπομείνειε,
2039 2148 2106 2185 Καὶ
2122 2148 2190 2202 γὰρ
2208 2151 2256 2191 εἷς
2271 2153 2372 2188 τοῦτο

1309 2216 1316 2224 ’
1343 2209 1528 2263 θηριωδίας
1549 2209 1761 2256 ἐληλάκασιν
1781 2209 1812 2246 οἱ
1831 2208 1955 2246 πολλοὶ
1984 2212 2054 2246 τῶν
2074 2210 2278 2262 ἀνθρώπων,
2306 2213 2373 2258 ὡς,

1343 2271 1483 2309 ἐπειδὰν
1500 2270 1737 2317 ἀσθενήσιιωι,
1758 2269 1817 2307 καὶ
1838 2269 1946 2319 μηδὲν
1964 2270 2135 2316 δυνηθῶσι
2150 2271 2257 2309 κακὸν
2275 2275 2373 2319 ποιῆ-

1344 2348 1402 2369 σαι
1416 2332 1473 2370 τὸν
1492 2332 1714 2377 λελυπηκότα
1725 2360 1735 2377 ,
1752 2330 1853 2368 αὐτὸν
1871 2329 1928 2368 ἐπὶ
1947 2329 2010 2377 τὴν
2031 2331 2165 2381 ἄμυναν
2184 2333 2302 2371 καλεῖν
2316 2332 2374 2371 τὸν

1342 2394 1444 2441 Θεὸν,
1465 2393 1523 2431 καὶ
1545 2393 1760 2445 παρακαλεῖν
1778 2393 1896 2429 δοῦναι
1928 2394 2043 2436 αὐτοῖς
2075 2392 2268 2436 ἐπεξελθεῖν
2302 2399 2373 2438 τοῖς

1340 2454 1556 2501 ἠδικηκόσιν.
1578 2447 1690 2496 Οῧτος
1707 2452 1742 2491 δὲ
1761 2452 1880 2504 ὥσπερ
1896 2455 1935 2491 ἐκ
1955 2453 2140 2505 διαμέτρου
2162 2461 2268 2493 πᾶσιν
2285 2455 2373 2494 ἐκεί-

1341 2530 1408 2558 νοις
1440 2515 1497 2553 καὶ
1528 2513 1733 2557 ἀπεναντίας
1752 2513 1955 2564 ποιούμενος
1985 2513 2047 2560 τὴν
2065 2513 2184 2566 εὐχὴν,
2204 2531 2371 2569 παρακα-

1339 2577 1392 2614 λεῖ
1421 2576 1469 2626 μὴ
1499 2576 1616 2613 δοῦναι
1636 2573 1846 2622 ἐπεξελθεῖν,
1866 2573 1956 2611 οὕτω
1985 2574 2117 2625 λέγων·
2148 2575 2210 2622 Μή
2232 2591 2290 2626 μοι
2308 2576 2368 2627 γέ-

1338 2653 1430 2676 νοιτο
1455 2637 1552 2689 παρὰ
1586 2635 1734 2688 Κυρίου,
1760 2637 1957 2687 ἐπενεγκεῖν
1990 2636 2053 2683 τὴν
2083 2637 2187 2688 χεῖρά
2217 2651 2282 2687 μου
2311 2639 2367 2676 ἐπ’

1339 2697 1461 2746 αὐτὸν,
1484 2701 1530 2740 ὡς
1549 2697 1630 2749 περὶ
1657 2699 1732 2734 υἱοῦ
1751 2700 1811 2734 τοῦ
1837 2695 2005 2746 πολεμίου
2030 2696 2292 2748 διαλεγόμενος,
2321 2701 2368 2741 ὡς

1337 2759 1416 2812 περὶ
1444 2758 1586 2809 γνησίου
1610 2757 1743 2800 παιδός.
1774 2756 1844 2794 Καὶ
1868 2758 1905 2794 οὐ
1932 2756 2034 2806 μόνον
2055 2756 2241 2808 ἐφείσατο,
2277 2758 2368 2797 ἀλλὰ

1337 2821 1394 2859 καὶ
1409 2818 1598 2870 ἀπολογίαν
1619 2818 1682 2864 τὴν
1697 2817 1784 2869 ὑπὲρ
1799 2819 1904 2854 αὐτοῦ’
1924 2817 2112 2864 συντίθησι.
2129 2818 2198 2856 Καὶ
2211 2818 2275 2871 ὅρα
2293 2823 2367 2864 πῶς

1335 2884 1483 2924 συνετῶς
1516 2880 1575 2918 καὶ
1596 2882 1720 2931 σοφῶς.
1743 2877 1889 2924 Ἐπειδὴ
1911 2877 1978 2931 γὰρ
2005 2877 2063 2915 τὸν
2084 2879 2157 2929 βίον
2174 2881 2277 2918 αὐτοῦ
2297 2881 2364 2918 διε-

1337 2942 1546 2998 ρευνώμενος
1558 2972 1567 2988 ,
1585 2941 1681 2979 οὐδὲν
1696 2940 1853 2992 εὕρισκεν
1870 2939 2012 2991 ἀγαθὸν,
2035 2941 2110 2978 οὐδὲ
2133 2934 2224 2992 εἶχεν
2243 2943 2364 2991 εἰπεῖν,

1333 3006 1385 3044 ὅτι
1415 3006 1476 3042 οὐκ
1507 3002 1682 3052 ἠδίκημαι
1714 3004 1797 3054 παρ’
1820 3002 1948 3047 αὐτοῦ,
1977 3000 2054 3039 οὐδὲ
2085 3001 2211 3039 ἔπαθον
2247 3007 2363 3047 κακῶς

1332 3066 1502 3117 (ἔμελλον
1527 3063 1593 3116 γὰρ
1622 3063 1909 3116 ἀντιφθέγγεσῡαι
1940 3061 2071 3105 τούτοις
2097 3065 2128 3100 οἱ
2148 3067 2362 3114 στρατιῶται

1330 3127 1520 3182 παρόντες,
1541 3129 1572 3165 οἱ
1590 3129 1633 3177 τῇ
1650 3126 1755 3179 πείρα
1776 3123 1942 3175 μαθόντες
1962 3126 2064 3162 αὐτοῦ
2081 3123 2142 3171 τὴν
2155 3126 2361 3177 πονηρίαν),

1329 3189 1554 3242 περιέρχεται
1580 3187 1744 3239 ἑτέρωθεν
1776 3187 1890 3231 ζητῶν
1922 3183 2112 3236 ἀπολογίαν
2132 3185 2357 3239 εὐπρόσωπον

1329 3254 1450 3303 εὑρεῖν.
1473 3243 1561 3288 Εἶτα
1580 3249 1642 3286 οὐκ
1668 3248 1756 3300 ἔχων
1778 3246 1847 3286 ἀπὸ
1876 3249 1935 3284 τοῦ
1972 3245 2065 3295 βίον,
2087 3245 2163 3285 οὐδὲ
2187 3246 2255 3285 ἀπὸ
2289 3251 2356 3287 τῶν

336 3391 347 3404 ¹
379 3379 433 3411 Sic
450 3378 531 3419 Reg.
557 3375 618 3406 uic
647 3370 796 3415 quadan]
815 3369 933 3401 omiasa
959 3367 1085 3400 fuerant
1106 3366 1137 3399 iu
1154 3364 1269 3399 Morel.
1289 3365 1328 3401 δι’
1348 3368 1569 3409 ἐμοιοτϋευτον
