2516 3791
353 144 376 157 Π

352 157 441 187 022
788 161 826 191 ἢ.

789 182 803 190 Γ

864 163 1048 193 1οΑΝΝ13
1084 162 1323 194 cnm'sos'r.
1362 162 1568 192 Ancurssr.
1609 162 1963 194 coxs‘rmrmor.

352 242 528 294 praefectis
553 257 740 296 operarum
767 247 1007 298 patiebantur,
1035 248 1151 286 valuit
1184 246 1304 284 immi·
1315 278 1364 301 276
1379 247 1574 283 ἐλαττῶσαι
1603 248 1715 284 αὐτῶν
1741 248 1782 286 τὸ
1804 251 1952 295 πλῆθος,
1981 249 2070 287 ἀλλὰ
2101 251 2160 288 καὶ
2192 252 2323 302 μᾶλλον
2351 253 2398 294 εἰς

350 318 458 341 nuere
471 304 615 343 illorum
628 306 907 356 multitudinem,
922 307 981 345 sed
995 307 1110 358 magis
1119 306 1304 357 magisque
1328 312 1353 341 Α
1377 307 1507 351 πλῆθος
1522 305 1711 345 ἐπεδίδουν.
1734 306 1780 345 Ἡ
1803 308 1872 360 γὰρ
1899 309 2026 347 ἄνωθεν
2046 309 2136 362 ῥοπὴ
2155 305 2197 357 ἧν
2216 315 2238 357 ἡ
2261 311 2317 349 διὰ
2332 314 2400 349 τῶν

356 379 502 403 numero
520 367 752 418 augebantur.
770 367 855 404 Erat
870 368 962 405 enim
980 367 1104 404 divina
1123 365 1304 418 dispensa-

350 426 415 476 tio,
434 441 513 477 quze
533 427 650 464 omnia
666 441 709 463 ex
724 427 882 465 adversis
899 428 1126 479 operabatur.

408 489 442 525 5.
464 486 617 535 Quando
636 486 745 537 igitur
765 486 941 525 Dominus
955 487 1130 541 praecipit,
1148 501 1191 524 ne
1209 501 1305 538 quae-

355 563 410 585 ras
429 557 467 584 ut
486 548 641 584 humano
665 561 762 585 more
783 561 890 600 opera
907 549 1153 601 perficiantur.
1179 549 1306 586 Poten-

353 609 421 646 tior
440 608 534 645 enim
554 622 659 658 quam
680 617 820 657 natura,
835 623 904 648 non
919 619 996 662 eget
1014 619 1148 648 naturae
1163 609 1252 647 serie
1266 623 1307 647 ac

351 668 559 716 ministerio,
573 668 637 706 sed
656 677 689 706 et
703 683 766 721 per
778 684 817 707 ea
829 685 907 721 quae
920 670 1079 722 alioquin
1095 669 1307 723 impediunt,

351 743 405 766 res
425 729 592 780 adauget.
613 728 666 766 Eo
686 729 792 768 modo
811 740 842 768 et
867 745 961 769 nunc
979 746 1042 784 per
1061 740 1131 769 tres
1150 731 1231 768 illos
1252 739 1307 768 to-

349 800 424 828 tum
448 790 570 828 orbem
600 790 776 844 implevit.
799 793 842 830 A
864 795 983 831 tribus
1013 793 1107 831 enim
1133 794 1227 840 illis,
1253 793 1305 830 in-

347 851 438 901 quit,
463 853 624 903 dispersi
644 861 733 890 sunt
755 855 796 890 in
816 857 1040 892 nniversam
1063 863 1219 891 terram.
1237 854 1304 893 Vi-

347 911 433 949 disti
455 913 521 950 Dei
546 913 738 964 potentiam
757 914 774 951 ἶ)
794 914 915 952 vidisti
934 914 1129 965 quomode,
1148 913 1211 952 etsi
1232 914 1303 952 sint

347 973 458 1010 multa
479 973 678 1016 obstacula,
702 973 793 1010 nibil
814 983 931 1012 tamen
949 975 1046 1012 illius
1065 983 1225 1012 moratur
1244 989 1302 1013 vo·

147 1044 200 1070 Ρρ.
228 1046 276 1071 aa
287 1056 332 1071 ι».-
348 1033 541 1071 luntatem.
533 1034 551 1059 ’)
566 1034 729 1085 ldipsum
744 1042 777 1072 et
792 1035 829 1072 in
844 1035 913 1072 fine
922 1035 1045 1073 licebit
1057 1034 1194 1073 videre
1209 1035 1300 1074 Cum

145 1087 438 1155 ss2¹¹⁴5⁵JJ2sji¹¹cnim
461 1095 547 1132 tales
566 1104 683 1132 essent
698 1094 759 1145 qui
780 1105 1050 1148 oppugnat-,ent
1067 1104 1119 1133 tot
1133 1095 1194 1146 qui
1211 1095 1298 1134 insi-

144 1168 179 1192 m·
211 1176 327 1195 ..mem
345 1154 543 1203 diarentur,
563 1164 595 1192 ct
614 1169 724 1207 reges,
746 1164 778 1193 et
797 1156 954 1208 tyranni,
975 1165 1008 1194 et
1027 1155 1183 1208 populi
1173 1169 1296 1194 insur-

343 1225 477 1265 gentes,
494 1225 528 1254 et
541 1216 658 1253 omnia
672 1215 838 1254 facientes
852 1225 891 1254 ut
913 1216 1183 1268 exstinguerent
1201 1216 1296 1254 scin-

341 1277 454 1314 tillam
475 1276 572 1324 fidei,
593 1291 658 1329 per
677 1276 914 1326 insidiatores,
932 1291 995 1329 per
1013 1291 1072 1315 eos
1091 1277 1153 1328 qui
1175 1286 1296 1315 vetare

341 1338 522 1387 volebant,
546 1347 640 1375 tanta
660 1337 801 1389 pietatis
821 1337 962 1376 flamma
980 1337 1110 1390 erupit,
1127 1346 1166 1375 ut
1180 1346 1295 1376 totum

338 1398 459 1436 orbem
467 1398 668 1436 habitatum
677 1407 710 1435 et
720 1397 960 1436 inhabitatum
969 1398 1294 1437 invaseritEtiam-

337 1460 364 1496 si
382 1458 427 1496 ad
441 1459 548 1496 Indos
567 1459 710 1508 abieris,
729 1468 761 1497 et
777 1459 821 1497 ad
839 1460 1006 1513 Scythas,
1020 1469 1054 1498 et
1071 1460 1118 1498 ad
1133 1460 1221 1498 fines
1235 1474 1293 1497 or-

336 1519 390 1556 his
409 1528 528 1567 terrzr,
549 1519 686 1557 etiamsi
712 1519 758 1557 ad
780 1519 899 1572 ipsum
923 1521 1105 1558 Oceanum
1122 1550 1132 1569 ,
1160 1520 1292 1571 ubique

335 1579 492 1617 inrenies
512 1580 642 1617 Christi
659 1580 862 1618 doctrinam
879 1581 1117 1620 illustrantem
1131 1581 1291 1619 omnium

332 1641 482 1678 animos.
523 1641 635 1688 Quod
680 1642 776 1679 enim
821 1641 1035 1680 admirabile
1076 1653 1110 1680 et
1149 1652 1292 1694 stupore

333 1702 490 1753 plenum,
523 1701 590 1753 piac
618 1701 803 1752 religionis
832 1702 995 1740 doctrina
1028 1702 1124 1755 ipsas
1153 1704 1290 1741 barba—

333 1776 388 1798 ras
414 1761 572 1799 nationes
591 1762 784 1808 convertit,
808 1762 857 1800 ita
887 1771 926 1800 ut
954 1763 1205 1815 philosophari
1230 1764 1289 1801 di·-

332 1821 495 1871 dicerint,
517 1830 549 1858 et
564 1821 699 1873 abjecta
716 1820 867 1874 pristina
882 1822 1139 1860 consuetudine
1152 1823 1201 1860 ad
1213 1823 1288 1875 pie-

334 1891 438 1919 tatem
456 1882 632 1920 translatae
655 1882 737 1920 sint.
765 1882 812 1920 Et
837 1883 930 1921 sicut
949 1898 1011 1935 per
1030 1893 1100 1922 tres
1121 1884 1202 1922 illos
1222 1885 1288 1922 ho-

333 1942 470 1979 minum
494 1955 603 1993 genus
623 1941 880 1994 multiplicavit
903 1943 1060 1981 universi
1085 1944 1255 1982 Conditor
1278 1960 1286 1980 :

332 2003 381 2040 ita
401 2017 541 2054 quoque
560 2013 592 2041 et
616 2004 650 2040 in
671 2002 743 2041 fide
764 2017 828 2055 per
846 1997 1016 2041 undecim'
1033 2004 1225 2056 piscatores
1244 2005 1290 2044 il-

333 2063 490 2101 literatos
513 2073 545 2101 ct
568 2063 708 2113 idiotas,
735 2065 798 2115 qui
818 2079 929 2115 neque
955 2079 993 2102 os
1015 2066 1152 2117 aperire
1179 2067 1288 2105 aude-

337 2125 435 2171 bant,
455 2138 595 2162 omnem
610 2124 679 2161 sibi
694 2125 817 2162 orbem
834 2126 996 2171 attraxit,
1009 2136 1114 2177 atque
1130 2127 1288 2166 illiterati

337 2185 410 2234 isti,
431 2195 464 2222 et
485 2185 615 2231 idiotae,
634 2194 666 2222 et
688 2185 893 2236 piscatores,
911 2187 1207 2239 philosophorum
1225 2190 1289 2227 ob-

338 2255 547 2283 turaverunt
578 2260 650 2293 ora,
672 2255 706 2283 et
738 2255 1022 2285 transcurrerunt
1044 2249 1166 2285 orbem
1187 2250 1287 2299 quasi

338 2307 436 2354 alati,
456 2306 668 2344 seminantes
687 2306 851 2344 veritatis
880 2322 1089 2357 sermonem,
1109 2318 1141 2346 et
1167 2310 1287 2362 spinas

338 2377 553 2412 enecantes,
577 2377 610 2404 et
637 2367 804 2419 pristinas
833 2367 1035 2406 affectiones
1062 2369 1284 2422 revellentes,

339 2428 544 2478 Christique
571 2427 664 2478 leges
687 2428 819 2478 ubique
842 2428 1039 2481 plantantes
1067 2446 1074 2466 :
1104 2444 1144 2468 ac
1175 2445 1287 2482 neque

336 2489 434 2539 quod
454 2488 557 2540 pauci
580 2497 704 2536 essent,
724 2503 837 2539 neque
854 2489 951 2540 quod
970 2491 1103 2543 privati
1121 2501 1154 2530 et
1171 2493 1284 2531 illite-

338 2550 428 2597 rati,
454 2563 566 2600 neque
598 2549 694 2599 quod
720 2558 858 2587 austera
883 2559 917 2588 et
942 2550 1083 2589 insolita
1103 2553 1284 2605 juberent,

338 2626 450 2662 neque
471 2610 569 2661 quod
587 2610 697 2648 veteri
725 2610 980 2649 consuetudine
1001 2612 1199 2651 humanum
1227 2629 1285 2666 gc-

338 2687 404 2710 nus
423 2681 643 2724 praeventunl
663 2681 766 2721 esset,
785 2672 968 2710 obstaculo
986 2673 1035 2711 eis
1056 2688 1130 2712 esse
1145 2676 1281 2727 potuit:

336 2734 397 2771 sed
418 2733 550 2785 przevia
575 2732 687 2783 gratia
707 2732 853 2770 sustulit
872 2733 948 2770 haec
969 2734 1086 2772 omnia
1103 2765 1112 2782 ,
1135 2750 1284 2787 magna-

335 2809 403 2845 que
416 2794 583 2832 facilitate
597 2793 730 2845 opcrati
749 2802 831 2830 sunt
846 2793 978 2841 omnia,
995 2809 1058 2847 per
1076 2796 1150 2848 ipsa
1166 2797 1284 2835 obsta-

336 2856 415 2893 cula
435 2856 603 2906 majorem
622 2854 831 2906 accipientes
844 2854 1073 2894 alacritatem.
1091 2857 1284 2897 Enimvero

335 2915 514 2954 interdum
535 2915 703 2963 flagellati
732 2914 947 2953 decedebant
981 2917 1187 2968 gaudentes,
1215 2934 1283 2958 non

135 3001 202 3027 Aa,
223 2998 251 3027 5¹
268 3000 318 3036 4¹·
334 2986 477 3029 propter
506 2975 644 3027 flagella
666 2975 888 3027 simpliciter,
911 2976 972 3014 sed
1000 2979 1100 3029 Quia
1125 2994 1195 3031 pro
1217 2996 1283 3019 no-

333 3041 436 3076 mine
463 3037 607 3073 Christi
634 3037 742 3087 digni
767 3037 893 3073 hahiti
914 3047 1003 3075 sunt
1029 3042 1282 3090 ignominiam

329 3102 429 3150 μιαί,-
446 3096 623 3134 interdum
638 3106 754 3133 autem
770 3099 804 3134 in
819 3110 992 3136 carcerem
1007 3101 1169 3153 conjecti,
1187 3114 1282 3155 post-

135 3173 478 3210 111ff11.v.19.cnq11a1n
510 3157 556 3193 ab
589 3157 711 3207 angelo
737 3157 855 3195 educti
880 3159 1038 3207 suerunt,
1073 3163 1200 3201 iteruin
1225 3179 1283 3203 ea-

131 3227 191 3252 ςἸΨ
330 3221 411 3258 (lem
443 3218 594 3256 continu
591 3233 631 3255 u
636 3227 750 3265 er,unt
771 3228 802 3256 et
836 3219 869 3256 iu
902 3222 1073 3273 templum
1102 3225 1284 3274 abeuntes,

330 3281 498 3319 ‹locu-ina.
516 3294 710 3316 sermonem
726 3281 1000 3329 seminaverunt,
1014 3286 1167 3337 populos
1182 3302 1282 3338 quasi

331 3340 499 3396 piscando
519 3340 561 3377 ad
585 3340 748 3392 pictatem
767 3340 996 3393 inducentes,
1015 3354 1047 3382 et
1071 3346 1199 3385 iterum
1221 3348 1281 3387 dc·

152 497 207 523 Dei
236 507 339 533 [πεφευ-

154 545 201 572 pto
239 543 339 564 ‘'ttttfl3

153 580 307 607 otu-diunt.

1377 365 1542 403 ἐναντίων
1561 366 1701 404 ἅπαντα
1718 369 1945 421 ἐργαζομένη.

1428 484 1543 524 “Οταν
1559 486 1672 525 τοίνυν
1689 490 1706 525 ὃ
1720 488 1809 532 Θεὸς
1840 489 1984 541 κελεύῃ,
2006 491 2054 541 μὴ
2075 490 2170 537 ζήτει
2196 490 2287 529 κατὰ
2313 493 2401 529 ἀκο-

1376 546 1516 585 λουθίαν
1533 547 1750 599 ἀνθρωπίνην
1767 549 2004 602 διερευνᾶσθαι
2018 550 2062 588 τὰ
2077 550 2282 603 πράγματα.
2299 551 2402 590 Ἀνώ-

1377 623 1473 659 τερος
1492 607 1560 661 γὰρ
1580 608 1626 646 ὢν
1650 612 1713 655 τῆς
1744 608 1899 661 φύσεως,
1926 613 1964 648 οὐ
1989 611 2099 649 δεῖται
2118 615 2180 657 τῆς
2202 612 2403 655 ἀκολουθίας

1378 670 1441 714 τῆς
1461 669 1614 721 φύσεως,
1635 669 1725 708 ἀλλὰ
1742 670 1802 708 καὶ
1829 671 1872 708 δι’
1905 673 2018 709 αὐτῶν
2045 674 2114 709 τῶν
2135 671 2338 710 κωλυόντων
2359 672 2403 711 τὰ

1379 728 1581 782 πράγματα
1607 731 1813 776 αὐξάνεσθαι
1844 732 2114 785 παρασκευάζει.
2135 733 2206 771 Τὸν
2234 732 2335 771 αὐτὸν
2359 733 2400 780 δὴ

1377 791 1504 843 τρόπον
1521 793 1581 830 καὶ
1599 796 1658 830 νῦν
1679 793 1748 831 ἀπὸ
1762 796 1830 831 τῶν
1845 797 1950 844 τριῶν
1969 794 2099 833 τούτων
2111 793 2173 840 τὴν
2194 794 2398 845 οἰκουμένην

1378 852 1518 890 ἅπασαν
1541 853 1799 905 ἀνεπλήρωσεν.
1822 853 1906 892 Ἀπὸ
1925 855 2054 893 τούτων
2082 855 2167 908 γὰρ,
2198 855 2300 907 φησὶ,
2329 857 2398 893 τῶν

1378 915 1481 965 τριῶν
1501 913 1741 965 διεσπάρησαν
1761 915 1818 952 ἐπὶ
1836 921 1952 953 πᾶσαν
1983 915 2047 962 τὴν
2071 919 2149 967 γῆν.
2181 910 2281 958 Εἶδες
2310 917 2402 954 Θεοῦ

1378 972 1541 1023 δύναμιν,
1558 968 1657 1017 ,εἶδες
1684 978 1780 1023 πῶς,
1808 975 1872 1013 κᾶν
1892 976 2007 1014 πολλὰ
2035 971 2077 1023 ἦν
2106 976 2151 1014 τὰ
2184 976 2399 1026 κωλύματα,

1375 1032 1470 1070 οὐδέν
1491 1035 1564 1071 ἐστι
1581 1034 1620 1072 τὸ
1640 1034 1825 1073 διακόπτον
1850 1038 1953 1074 αὐτοῦ
1975 1036 2015 1074 τὸ
2041 1035 2224 1088 βούλημα,
2243 1037 2275 1074 Τ
2278 1037 2295 1074 ὸ
2317 1036 2400 1074 αὐτὸ

1324 1103 1347 1132 Β
1373 1092 1432 1130 καὶ
1458 1093 1517 1131 ἐπὶ
1539 1097 1601 1140 τῆς
1623 1094 1773 1138 πίστεώς
1793 1098 1884 1134 ἐστιν
1908 1097 1990 1133 ἰδεῖν
2008 1096 2203 1147 γινόμενον.
2223 1096 2399 1134 Τοιούτων

1371 1153 1439 1207 γὰρ
1465 1154 1571 1192 ὄντων
1601 1158 1670 1193 τῶν
1699 1156 1944 1206 πολεμούντων
1959 1186 1969 1204 ,
1999 1156 2171 1195 τοσούτων
2193 1157 2299 1195 ὄντων
2328 1159 2398 1194 τῶν

1370 1215 1676 1264 ἐπιδουλευόντων,
1708 1217 1768 1255 καὶ
1799 1216 1985 1268 βασιλέων,
2024 1217 2083 1254 καὶ
2115 1217 2305 1270 τυράννων,
2336 1217 2397 1256 καὶ

1369 1276 1489 1327 δήμων
1530 1277 1902 1328 κατεξανισταμένων,
1936 1278 1996 1315 καὶ
2030 1278 2147 1316 πάντα
2178 1277 2396 1327 ποιούντων,

1367 1336 1459 1375 ὥστε
1490 1337 1615 1376 σὸέσαι
1643 1338 1700 1377 τὸν
1734 1342 1908 1392 σπινθῆρα
1931 1342 1994 1385 τῆς
2020 1339 2187 1387 πίστεως,
2215 1339 2258 1376 δι’
2280 1339 2395 1376 αὐτῶν

1366 1401 1436 1436 τῶν
1463 1399 1768 1445 ἐπιδουλευόντων,
1798 1400 1855 1438 διὰ
1885 1402 1953 1438 τῶν
1985 1399 2130 1438 κωλύειν
2164 1399 2396 1451 βουλομένων,

1366 1459 1520 1507 τοσαύτη
1536 1460 1626 1512 ἤρθη
1638 1464 1700 1507 τῆς
1715 1460 1891 1504 εὐσεὸείας
1906 1465 1927 1507 ἡ
1942 1460 2024 1513 φλὸξ
2038 1491 2047 1508 ,
2067 1464 2114 1503 ὡς
2132 1460 2272 1500 ἅπασαν
2288 1476 2396 1499 κατα-

1366 1520 1484 1558 λαὸεῖν
1505 1521 1568 1567 τὴν
1588 1521 1807 1571 οἰκουμένην,
1838 1522 1897 1559 καὶ
1926 1521 1988 1568 τὴν
2018 1521 2192 1568 ἀοίκητον.
2213 1522 2287 1560 Κᾶν
2308 1522 2394 1574 πρὸς

1367 1579 1494 1624 Ἰνδοὺς
1512 1581 1580 1634 γὰρ
1611 1582 1778 1634 ἀπέλθῃς,
1805 1582 1869 1620 κᾶν
1901 1583 1986 1635 πρὸς
2019 1583 2172 1630 Σκύθας,
2209 1584 2273 1620 κᾶν
2307 1583 2392 1634 πρὸς

1365 1640 1454 1678 αὐτὰ
1479 1640 1523 1679 τὰ
1549 1641 1686 1693 πέρατα
1713 1645 1775 1688 τ’ἤς
1804 1643 2008 1693 οἰκουμένης
2016 1672 2027 1689 ,
2051 1643 2114 1680 κᾶν
2144 1644 2192 1686 εἷς
2211 1643 2314 1680 αὐτὸν
2332 1643 2390 1681 τὸν

1364 1701 1530 1750 ὠκεανὸν,
1550 1707 1730 1754 πανταχοῦ
1754 1703 1911 1756 εὑρήσεις
1931 1707 1989 1742 τοῦ
2017 1704 2170 1754 Χριστοῦ
2200 1703 2264 1748 τὴν
2296 1703 2391 1740 διδα-

1314 1775 1338 1805 C
1365 1762 1510 1801 σκαλίαν
1533 1764 1816 1814 καταυγάζουσαν
1836 1763 1898 1806 τὰς
1918 1763 2081 1802 ἁπάντων
2101 1763 2227 1815 ψυχάς.
2248 1764 2302 1801 Τὸ
2322 1762 2390 1814 γὰρ

1364 1824 1564 1874 Θαυμαστὸν
1592 1825 1652 1862 καὶ
1671 1825 1879 1877 παράδοξον,
1901 1824 1954 1862 ὅτι
1970 1825 2029 1862 καὶ
2058 1824 2148 1863 αὐτὰ
2165 1825 2210 1862 τὰ
2228 1824 2390 1877 βάρὸαρα

1364 1884 1442 1932 ἔθνη
1465 1884 1736 1938 μετερρύθμισεν
1753 1889 1770 1923 ὁ
1789 1889 1851 1933 τῆς
1877 1885 2052 1929 εὔσεὲείας
2069 1885 2186 1937 λόγος,
2204 1885 2264 1923 καὶ
2290 1887 2392 1937 φιλο-

1364 1952 1482 1995 σοφεῖν
1498 1946 1624 1998 ἔμαθον
1645 1947 1704 1985 καὶ
1721 1951 1782 1994 τῆς
1803 1950 1957 1992 παλαιᾶς
1977 1948 2160 1995 συνηθείας
2178 1948 2394 1992 ἀποστάντες

1363 2008 1449 2060 πρὸς
1476 2008 1539 2054 την
1570 2007 1748 2046 εὖσέῧειαν
1778 2007 2023 2059 μετετάξαντο.
2058 2008 2128 2046 Καὶ
2158 2007 2316 2060 καθάπερ
2336 2008 2393 2046 διὰ

1363 2072 1431 2106 τῶν
1448 2073 1552 2120 τριῶν
1569 2069 1699 2107 τούτων
1715 2069 1755 2107 τὸ
1772 2072 1840 2107 τῶν
1858 2069 2051 2123 ἀνθρώπων
2067 2071 2199 2117 πλῆθος
2215 2071 2394 2107 ἐπιδοῦναι

1364 2130 1622 2181 παρεσκεύασεν
1644 2135 1662 2168 ὃ
1685 2133 1754 2168 τῶν
1774 2131 1864 2170 ὅλων
1885 2132 2114 2183 δημιουργός·
2142 2131 2200 2169 τὸν
2224 2131 2328 2169 αὐτὸν
2349 2131 2392 2178 δὴ

1363 2189 1490 2242 τρόπον
1520 2191 1578 2227 καὶ
1603 2191 1661 2229 ἐπὶ
1688 2195 1750 2237 τῆς
1775 2192 1925 2234 πίστεως
1948 2192 2004 2229 διὰ
2036 2195 2104 2229 τῶν
2137 2191 2282 2239 ἕνδεκα,
2321 2195 2391 2230 τῶν

1363 2251 1500 2298 ἁλιέων,
1529 2255 1598 2290 τῶν
1629 2253 1886 2305 ἀγραμμάτων,
1909 2256 1978 2290 τῶν
2008 2254 2168 2300 ἰδιωτῶν,
2199 2256 2268 2290 τῶν
2300 2254 2390 2303 μηδὲ

1363 2330 1480 2364 οιαραι
1496 2314 1534 2352 τὸ
1551 2313 1665 2364 στόμα
1684 2313 1906 2364 τολμώντων,
1926 2314 2066 2353 ἅπασαν
2087 2314 2312 2352 επεσπάσατο
2326 2331 2390 2362 την

2251 2376 2282 2389 ’Ἰ
2301 2379 2322 2388 Ν

1361 2377 1455 2413 Οἷκῡυ
1460 2391 1578 2426 μΕνηΙ.
1602 2375 1673 2412 Καὶ
1692 2378 1723 2413 Οἱ
1745 2376 1973 2427 OE'Ypffllffsslldl‘ffl.
1989 2380 2103 2423 Ουτοι,
2126 2392 2184 2413 mu
2201 2379 2231 2414 Οῑ
2252 2391 2389 2414 [Οῑωΐαῑ

1361 2436 1418 2474 >ml
1435 2440 1465 2474 Οἱ
1482 2438 1589 2479 ἁΙῑΞῑς
1617 2452 1681 2473 ἴων
1700 2450 1758 2474 St!
1761 2451 1894 2473 ocowtov
1916 2436 2115 2489 ἀπίἴῢραξαν
2137 2435 2181 2474 τὰ
2203 2451 2388 2487 σῖῠματα,

1310 2515 1334 2544 Ῑ)
1360 2498 1419 2535 md.
1435 2497 1591 2537 ἉἏΟαἹῖΞΩ
1612 2495 1820 2549 ὖπΟπἘρΟῑ,
1839 2509 1962 2534 Ourtu')
1950 2513 2004 2544 ιἸἻ
2024 2496 2229 2547 Oinoursssvnv
2244 2497 2384 2535 ἅπασαν

1361 2557 1546 2609 διέδραμον
1574 2558 1871 2610 κατασπείραντες
1899 2558 1957 2596 τὸν
1985 2560 2047 2603 τ’ἧς
2075 2557 2250 2602 εὗσεὸείας
2283 2558 2384 2610 λόγον

1360 2634 1418 2656 και
1431 2619 1492 2661 τὰς
1506 2618 1684 2662 ἀκάνθας’
1670 2618 1907 2669 εκτέμνοντες,
1923 2635 1982 2656 και
1998 2618 2041 2656 τα
2053 2619 2221 2657 παλαιὰ’
2203 2622 2385 2657 ανασπῶν-

1357 2695 1446 2722 τεςε
1437 2681 1515 2727 θη,
1535 2696 1594 2717 και
1616 2696 1694 2723 τους
1711 2686 1770 2718 τοῦ
1792 2681 1942 2732 Χριστοῦ
1963 2680 2088 2730 νόμους
2106 2696 2197 2718 παντ
2179 2685 2286 2743 ιζαχοῧ
2315 2695 2384 2718 κα-

1356 2756 1468 2793 ταφυτ
1472 2741 1566 2779 εύοντ
1569 2757 1618 2784 ες·
1643 2757 1702 2779 και
1717 2741 1794 2779 οὔτε
1814 2742 1852 2778 τὸ
1867 2742 2000 2792 ὀλίγους
2024 2741 2180 2784 αὐτους·ἓ
2167 2745 2255 2779 εἰναι
2276 2773 2284 2789 ,
2308 2741 2384 2780 οὔτε

1357 2807 1378 2849 ἡ
1411 2803 1453 2839 ἷδ
1451 2819 1586 2850 .ι)τεια,
1618 2803 1696 2840 οὔτε
1732 2820 1771 2841 το
1803 2803 1973 2855 αὐστηρον
2013 2804 2080 2840 τῶν
2121 2803 2386 2854 ἐπιταγμάτων,

1358 2861 1435 2901 οὔτε
1449 2878 1488 2900 το
1503 2865 1575 2901 παλ
1567 2869 1636 2915 αιᾷ
1653 2879 1712 2901 συν
1716 2863 1816 2915 ηθεία
1832 2863 2165 2916 προκατειλῆφθαι
2152 2879 2244 2902 απαν
2259 2864 2299 2902 τὸ
2317 2865 2384 2900 τῶν
2426 2889 2429 2896 ,

1359 2922 1548 2973 ἀνθρώπων
1577 2924 1695 2974 γένος,
1729 2925 1850 2976 ἴσχυσε
1879 2924 2026 2975 κώλυμα
2061 2925 2176 2967 αὐτοῖς
2207 2923 2386 2975 γενέσθαι,

1357 2984 1446 3022 ἀλλὰ
1474 2991 1582 3023 ταῦτα
1612 2985 1728 3023 πάντα
1762 2985 1882 3038 ἀνῄρει
1914 2987 2190 3037 προοδοποιοῧσα
2209 2989 2230 3031 ἡ
2254 2985 2355 3036 χάρις
2372 3013 2382 3029 ,

1356 3046 1414 3083 καὶ
1436 3047 1510 3096 μετ’
1531 3046 1688 3089 εὐκολίας
1712 3047 1851 3084 ἅπαντα
1881 3047 2093 3097 εἰργάζοντο,
2112 3047 2156 3083 δι’
2179 3047 2291 3083 αὐτῶν
2314 3049 2383 3083 τῶν

1306 3104 1329 3133 Ε
1356 3107 1573 3156 κωλυμάτιι)ν
1605 3108 1743 3156 μείζονα
1772 3107 1953 3158 δεχόμενοι
1983 3106 2045 3152 τὴν
2078 3105 2285 3158 προθυμίαν.
2314 3106 2383 3143 Καὶ

1355 3167 1420 3218 γάρ
1444 3184 1525 3205 ποτε
1555 3168 1616 3219 μὲν
1645 3167 1891 3219 μαστιζόμενοι
1920 3166 2116 3219 ἀνεχώρουν
2145 3167 2325 3219 χαίροντες
2346 3169 2383 3205 οὗ

1358 3228 1414 3266 διὰ
1435 3229 1496 3272 τὰς
1518 3229 1691 3280 μάστιγας
1706 3229 1825 3271 ἁπλῶς
1838 3259 1847 3275 ,
1863 3230 1940 3266 ἀλλ’
1956 3227 2041 3265 “Ort
2061 3227 2147 3279 ὑπὲρ
2169 3231 2229 3264 τοῦ
2249 3227 2383 3277 ὀνόμα-

1354 3304 1411 3332 τος
1434 3293 1492 3327 τοῦ
1514 3290 1666 3341 Χριστοῦ
1689 3289 1954 3335 κατηξιώθησαν
1978 3291 2240 3338 ἀτιμασθῆναι·
2261 3287 2385 3325 ἄλλοτε

1354 3349 1389 3387 δὲ
1413 3353 1459 3393 εἷς
1481 3351 1722 3403 δεσμιιπῆριον
1746 3350 1998 3401 ἐμὸληθέντες,
2020 3348 2142 3395 ἐπειδὴ
2159 3351 2217 3386 ὑπ’
2236 3348 2383 3399 ἀγγέλου
