2433 3775
952 366 1309 454 INDEX

373 597 731 665 OPERUM.
772 598 834 663 S.
872 596 1231 664 JOANNIS
1274 596 1886 665 CHRYSOSTOMI

617 813 735 860 QUAE
764 814 812 852 IN
842 813 1049 860 QUARTO
1079 814 1224 853 TOMO
1255 813 1629 852 CONTINENTUR.

947 1007 1351 1027 ——QW

96 1191 139 1228 In
156 1189 325 1229 Genesim
344 1188 511 1227 Homiliae
534 1189 717 1240 sexaginta
739 1198 886 1241 septem.
910 1203 945 1241 p.
971 1190 1007 1226 1.
1033 1188 1072 1226 In
1094 1189 1206 1227 Savil.
1229 1189 1335 1227 Tom.
1354 1189 1385 1226 I.
1409 1204 1443 1242 p.
1466 1191 1504 1226 1.
1526 1189 1563 1227 in
1581 1188 1708 1227 Morel.
1732 1190 1780 1228 T.
1800 1190 1849 1227 ΙΙ.
1870 1205 1904 1243 p.
1929 1193 1962 1227 1.

98 1261 138 1298 In
156 1260 325 1299 Genesim
344 1260 530 1298 Sermones
550 1269 642 1297 octo.
661 1260 809 1312 p36—745.
832 1258 943 1297 Savil.
968 1260 1072 1298 Tom.
1096 1261 1144 1299 V.
1166 1274 1204 1312 p.
1229 1261 1264 1296 1.
1283 1259 1411 1298 Morel.
1429 1259 1535 1298 Tom.
1555 1259 1604 1298 II.
1624 1275 1662 1313 p.
1685 1260 1774 1299 795.

98 1332 138 1368 In
154 1330 323 1369 Genesim
336 1330 461 1368 Sermo
479 1318 604 1366 nouus.
622 1343 658 1380 p.
679 1328 771 1367 (587.
795 1329 908 1368 Savil.
927 1329 1032 1367 Tom.
1048 1331 1095 1368 V.
1118 1344 1151 1382 p.
1171 1331 1234 1368 51.
1254 1329 1383 1367 Morel.
1403 1330 1511 1368 Tom.
1532 1330 1579 1368 Π.
1596 1345 1632 1383 p.
1654 1332 1746 1368 775.

96 1402 151 1438 De
171 1404 273 1438 Anna
296 1400 482 1438 Sermones
501 1400 670 1451 quinque.
694 1414 729 1452 p.
750 1400 839 1438 699.
861 1400 974 1439 Savil.
994 1400 1103 1438 Tom.
1120 1402 1166 1440 V.
1188 1415 1224 1454 p.
1247 1401 1309 1439 50.
1333 1401 1463 1439 Morel.
1484 1402 1592 1440 Tom.
1617 1402 1664 1440 II.
1683 1415 1719 1455 p.
1741 1401 1830 1441 784.

95 1472 150 1509 Dc
180 1470 319 1508 Davide
347 1479 380 1508 et
410 1470 517 1509 Same
551 1469 718 1508 Homiliae
745 1478 826 1508 tres.
856 1485 895 1523 p.
924 1469 1014 1509 748.
1036 1470 1076 1509 In
1105 1470 1217 1511 Savil.
1253 1471 1370 1524 prima
1394 1471 1503 1511 Tom.
1538 1473 1641 1510 VIII.
1668 1486 1704 1525 p.
1730 1474 1790 1511 16.
1817 1473 1970 1512 secunda
1993 1484 2026 1513 et
2050 1476 2149 1514 tertia

150 1541 254 1579 Tom.
272 1542 319 1580 V.
340 1556 377 1592 p.
400 1540 462 1580 85.
484 1540 610 1579 Morel.
633 1541 737 1579 Tom.
760 1541 806 1579 II.
827 1555 863 1594 p.
885 1540 974 1583 841.

92 1611 229 1650 selecta
246 1625 291 1649 ex
310 1612 405 1651 notis
424 1611 566 1650 Henrici
589 1611 717 1651 savilii
734 1620 768 1650 et
788 1611 934 1651 Joannis
956 1611 1079 1650 Boisii.

301 3402 395 3427 10³1.
423 3406 475 3433 u,
1923 3414 1942 3436 2
