2433 3775
86 1699 112 1719 1.
130 1689 198 1718 Cor.
220 1695 266 1716 11.

87 1928 204 1958 Geth&
223 1929 268 1959 16.

95 2739 123 2758 π.
142 2731 214 2756 Tim.
230 2737 256 2756 2,

93 2770 143 2798 25.

95 3016 279 3053 .1!‹!.17.23).

286 181 345 237 74
717 190 755 220 S.
797 188 986 220 JOANMS
1022 187 1263 219 cnanosm

279 280 462 325 tamquam
481 273 616 325 laqueis
628 272 844 324 quibusdam
866 271 994 310 irretiti
1015 279 1107 309 sunt.
1130 269 1235 308 Unde

278 344 312 372 et
326 334 430 372 nobis
444 348 572 387 magna
589 348 678 386 opus
697 342 748 371 est
767 331 1037 370 mansuetudine
1052 339 1086 368 et
1099 329 1234 382 patien-

279 395 348 444 tia,
371 404 411 434 ut
435 396 614 448 possimus
640 409 698 432 eos
724 395 859 445 eripere
886 401 919 430 et
944 392 1093 430 educere
1112 403 1158 427 ex
1184 389 1233 426 la-

279 455 380 506 queis
404 456 551 494 diaboli.
580 455 750 493 Dicamus
782 453 891 504 igitur
923 452 974 489 eis
996 466 1004 486 ε
1026 448 1234 500 Resipiscite

277 517 472 569 paulisper,
486 516 634 568 aspicite
648 515 768 552 lumen
784 512 949 565 justitiae,
967 509 1157 562 expendite
1169 523 1233 547 vo-

276 577 417 614 biscum
431 577 623 614 verborum
633 574 909 612 accurationem.
919 573 1040 622 Neque
1047 571 1142 608 enim
1153 585 1236 608 cum

277 637 368 675 dicit
388 654 395 673 ι
416 640 629 675 Faciamus
649 637 843 673 hominem
866 633 1076 671 secundum
1095 634 1235 682 imagi—

279 713 364 735 nem
377 706 562 744 nostram,
577 705 613 734 et
626 695 835 734 secandam
848 694 1156 738 similitudinem,
1174 692 1235 730 hic

277 772 472 796 sermonem
488 758 604 807 sistit,
622 756 684 795 sed
702 770 766 809 per
779 769 818 793 ea
835 769 914 806 qnae
934 754 1101 806 adjungit
1115 753 1233 806 palam

277 819 380 857 nobis
398 819 495 867 facit,
511 833 581 869 quo
598 832 702 856 sensu
725 830 850 854 nomen
870 815 1036 867 imaginis
1062 815 1231 867 posuerit.
1260 823 1281 852 Β

278 880 378 927 Quid
391 880 487 918 enim
500 879 614 917 dicit?
632 880 685 917 Et
700 879 948 916 dominentur
960 879 1128 928 piscihus
1148 890 1232 914 ma—

279 944 346 989 ris,
360 951 397 980 et
409 942 640 980 volatilibus
664 940 763 985 eceli,
783 947 818 977 et
839 940 1016 975 omnibus
1035 938 1233 989 reptilibus

279 1005 499 1054 repentibus
518 1015 631 1053 super
647 1009 800 1038 terram.
812 1001 1028 1050 Imaginem
1041 1011 1125 1048 ergo
1138 997 1234 1034 dixit

280 1062 475 1101 secundum
491 1062 734 1115 principatum
747 1068 781 1097 et
795 1058 1008 1105 dominium,
1021 1071 1091 1095 non
1109 1071 1233 1094 secun-

280 1123 368 1161 dum
380 1123 481 1161 aliud
494 1123 701 1174 quidpiam:
714 1119 842 1158 etenim
851 1120 947 1156 Deus
956 1118 1039 1156 fecit
1052 1118 1233 1155 hominem

280 1185 479 1237 principem
497 1184 658 1222 omnium
687 1195 765 1233 quae
787 1189 869 1217 sunt
896 1193 1003 1231 super
1030 1188 1159 1217 terram
1174 1210 1183 1227 ,
1201 1187 1235 1217 et

279 1245 369 1283 nihil
384 1259 491 1298 super
506 1254 636 1283 terram
659 1242 803 1282 homine
824 1241 940 1293 majus
955 1249 1017 1290 est,
1034 1239 1095 1278 sed
1116 1240 1235 1278 omnia

279 1307 347 1344 sub
367 1316 540 1359 potestate
558 1306 656 1344 illius
678 1313 770 1343 sunt.

332 1368 369 1406 4.
397 1368 504 1414 Quod
522 1368 551 1406 si
569 1378 649 1421 post
668 1375 803 1405 tantam
831 1364 1010 1403 dictorum
1040 1365 1235 1405 accuratio-

280 1443 362 1467 nem
389 1428 507 1466 adhuc
525 1443 565 1468 ea
582 1429 680 1467 dicta
705 1441 779 1465 esse
804 1426 1018 1466 contendant
1043 1425 1088 1465 de
1113 1427 1234 1465 formae

281 1489 454 1541 imagine,
475 1488 635 1528 dicemus
664 1489 714 1528 eis
735 1505 743 1526 ε
764 1489 880 1541 Igitur
902 1489 1000 1526 Deus
1027 1501 1097 1525 non
1120 1488 1235 1526 solum

281 1551 407 1600 homo,
428 1551 488 1589 sed
503 1560 537 1589 et
552 1552 681 1590 mulier
695 1551 761 1589 erit
768 1567 780 1601 3
803 1550 887 1601 quia
906 1549 1065 1588 eamdem
1085 1550 1235 1588 formam

281 1621 429 1663 uterque
460 1612 605 1650 habent.
637 1613 777 1652 Verum
806 1611 875 1648 hoc
904 1610 1103 1649 absurdum
1135 1620 1233 1649 esset.

283 1672 378 1710 Audi
402 1673 496 1710 enim
521 1673 676 1711 Paulum
703 1672 905 1710 dicentem:
932 1673 1001 1709 Vir
1026 1675 1130 1709 enim
1159 1687 1237 1710 non
1261 1678 1285 1709 C

283 1735 394 1772 debet
413 1735 550 1772 velare
570 1742 700 1786 caput,
723 1735 852 1785 imago
865 1741 901 1771 et
915 1732 1042 1784 gloria
1057 1734 1135 1770 Dei
1150 1736 1235 1771 exi—

282 1804 386 1833 stens
402 1811 413 1831 .·
430 1796 570 1833 mulier
586 1804 715 1832 autem
729 1794 857 1846 gloria
875 1796 956 1831 viri
973 1802 1040 1832 est.
1057 1794 1127 1833 Vir
1143 1794 1237 1832 enim

283 1857 457 1909 imperat,
489 1856 618 1893 mulier
647 1864 766 1893 autem
799 1855 958 1906 subjecta
987 1862 1066 1892 est:
1087 1854 1178 1893 sicut
1205 1865 1239 1893 et

285 1920 382 1956 Deus
401 1918 446 1954 ab
466 1917 569 1954 initio
585 1915 633 1954 ad
648 1930 725 1954 eam
745 1915 841 1953 dixit
859 1931 866 1951 ε
885 1915 957 1952 Ad
980 1918 1110 1953 viram
1132 1924 1239 1954 taum

285 1981 484 2018 conversio
503 1987 586 2024 tua,
603 1980 734 2029 etipse
761 1978 830 2014 tibi
854 1976 1130 2016 dominabitur.
1147 1977 1241 2024 Quia

285 2040 381 2079 enim
399 2038 595 2078 secundum
614 2038 788 2076 rationem
811 2036 962 2075 dominii
984 2037 1030 2075 ad
1050 2038 1242 2089 imaginem

286 2103 399 2140 factus
415 2110 477 2150 est,
491 2115 561 2138 non
577 2099 624 2137 ad
640 2100 803 2147 formam,
818 2099 877 2137 vir
891 2107 1009 2136 autem
1038 2099 1242 2138 dominatur

286 2162 471 2207 omnibus,
493 2160 621 2197 mulier
641 2173 726 2197 vero
747 2159 907 2211 subjecta
929 2168 981 2197 est
1005 2175 1013 2195 ε
1037 2160 1170 2199 idcirco
1188 2161 1243 2199 di-

287 2223 336 2261 cit
360 2222 405 2260 de
430 2222 509 2260 viro
538 2220 692 2269 Paulus,
719 2220 816 2271 quod
840 2219 958 2270 imago
986 2229 1019 2258 et
1043 2221 1156 2272 gloria
1176 2222 1244 2260 Dei

289 2284 348 2330 sit,
377 2283 506 2321 mulier
527 2291 644 2319 autem
662 2280 775 2332 gloria
788 2279 873 2318 viri.
896 2279 1003 2326 Quod
1022 2281 1051 2318 si
1071 2280 1116 2319 de
1130 2282 1245 2320 forma

289 2344 347 2382 vel
380 2344 497 2394 figura
526 2342 692 2389 dixisset,
721 2355 791 2378 non
819 2341 943 2391 utique
970 2355 1007 2379 ea
1034 2341 1240 2380 divisisset:

292 2404 412 2444 eadem
436 2404 530 2442 enim
555 2404 670 2454 ligura
698 2410 750 2440 est
779 2401 847 2439 viri
866 2410 900 2439 et
917 2401 1088 2440 mulieris.
1109 2403 1244 2442 Vidisti

293 2466 433 2517 plenam
456 2463 672 2502 veritatem?
693 2461 872 2513 quomodo
899 2462 1040 2500 nullum
1071 2463 1245 2503 defensio-
1271 2473 1294 2501 l)

293 2528 347 2565 nis
377 2535 591 2579 praetextum
619 2523 786 2574 relinquit
813 2523 857 2561 iis
879 2523 941 2573 qui
968 2524 1099 2562 frustra
1126 2525 1244 2578 impu·

292 2588 414 2626 dentes
433 2601 506 2624 esse
523 2585 674 2625 volunt?
698 2586 953 2624 Verumtamen
982 2585 1088 2623 etiam
1108 2586 1179 2625 illis
1197 2587 1245 2625 ita

293 2664 329 2687 sc
344 2648 576 2696 habentibus,
594 2661 637 2684 ne
655 2659 828 2684 cessemus
854 2658 984 2696 magna
1003 2659 1085 2683 cum
1104 2647 1246 2686 lenitate

295 2724 377 2748 cum
397 2709 482 2761 ipsis
501 2722 617 2760 agere,
641 2707 802 2760 Sisorte
825 2707 889 2744 det
908 2707 989 2745 illis
1007 2708 1114 2746 Deus
1127 2713 1247 2760 poeni-

296 2774 455 2809 tentiam
469 2772 522 2808 ad
534 2771 770 2822 agnitionem
788 2770 984 2807 veritatis.
1000 2769 1053 2807 Ne
1068 2784 1150 2821 ergo
1169 2779 1247 2808 tor-

295 2846 477 2884 pescamus
489 2861 498 2879 ,
517 2831 547 2868 si
568 2846 637 2882 quo
664 2839 770 2883 pacto
784 2844 849 2883 per
865 2830 1146 2869 mansuetudinis
1174 2841 1247 2870 stu-

293 2893 395 2931 dium
419 2891 595 2944 possimus
623 2891 717 2943 ipsos
749 2891 884 2943 eripere
902 2905 920 2929 a
943 2890 1148 2943 deceptione
1169 2892 1245 2930 dia-

294 2954 385 3002 holi;
400 2963 446 3002 ct,
463 2953 491 2991 si
508 2952 863 3004 placet,adducamus
877 2952 1005 2990 iterum
1019 2952 1092 2992 iltis
1105 2953 1247 2992 beatum

296 3015 469 3060 Paulum,
493 3013 554 3063 qui
584 3013 862 3051 Atheniensibus
890 3013 941 3051 sic
965 3012 1106 3052 dicebat
1127 3029 1135 3050 :
1157 3016 1247 3053 Non

296 3077 474 3114 debemus
501 3076 722 3112 existimare
752 3088 862 3121 auro,
886 3074 954 3112 vel
983 3083 1158 3127 argente,
1181 3077 1248 3114 vel

298 3138 433 3189 lapidi,
458 3136 524 3172 vel
557 3135 763 3185 sculpturae
792 3137 889 3173 artis
921 3135 989 3172 vel
1013 3137 1247 3175 inventionis
1271 3145 1294 3176 F.

297 3200 463 3236 hominis
483 3197 636 3233 Numen
663 3209 744 3232 esse
770 3197 907 3234 simile.
935 3195 1090 3235 Vidistis
1117 3206 1245 3247 quanta

296 3258 480 3309 diligentia
500 3271 637 3294 omnem
669 3256 810 3293 illorum
839 3271 992 3295 errorem
1015 3257 1153 3310 sapiens
1173 3273 1245 3296 ma-

344 3376 357 3397 l·
375 3370 508 3405 coislin.
533 3382 589 3404 τῶν
608 3374 698 3411 λόγων
716 3376 768 3407 τὴν
786 3375 943 3413 αἶκρίὶειαν.

1301 185 1509 217 ΑΒΕΗῙΕΡ.
1549 186 1892 218 CONSTANTINOI’
1901 206 1909 216 .

1311 267 1403 306 ὥστε
1421 268 1610 315 δυνηθῆναι
1629 269 1751 313 αὐτοὺς
1780 269 1992 322 ἐξαρπάσαι,
2010 269 2070 306 καὶ
2095 269 2273 320 ἐξαγαγεῖν
2293 270 2332 306 ἐκ

1307 331 1376 365 τῶν
1410 328 1568 379 παγίδων
1598 333 1658 367 τοῦ
1688 330 1862 368 διαὸολου.
1898 330 2065 380 Εἴπωμεν
2101 329 2214 367 τοίνυν
2247 329 2332 381 πρὸς

1308 388 1430 432 αὐτοὺς
1443 418 1453 435 ,
1473 390 1673 442 ἀνανήψατε
1695 391 1832 443 μικρὸν,
1851 391 2063 443 &tami-,bave
2091 391 2176 443 πρὸς
2198 391 2238 428 τὸ
2262 394 2333 442 φῶς

1305 450 1369 494 τῆς
1388 449 1627 497 δικαιοσύνης,
1647 451 1830 498 ἐννοήσατε
1851 450 1947 490 ι’τῶν
1970 451 2135 505 ῥημάτων
2153 451 2216 498 τὴν
2234 450 2333 502 ἀκρί-

1307 508 1416 548 ὅειαν.
1437 509 1529 548 Οὐδὲ
1557 510 1625 563 γὰρ
1657 511 1778 559 εἰπὼν,
1799 512 2010 562 Ποιήσωμεν
2042 513 2223 565 ἄνθρωπον
2253 513 2332 549 κατ’

1307 570 1423 608 εἰκόνα
1449 570 1638 624 ἡμετέραν,
1670 572 1731 609 καὶ
1764 573 1841 609 καθ’
1872 572 2051 622 ὁμοίωσιν,
2075 572 2181 625 μέχρι
2210 573 2332 610 τούτου

1310 630 1393 678 ἔστη
1410 659 1419 676 ,
1442 631 1533 671 ἀλλὰ
1553 631 1609 670 διὰ
1636 635 1699 678 τῆς
1718 633 2026 683 ἐπαγωγῆςὸἧλον
2059 635 2145 683 ἡμῖν
2168 633 2331 680 ἐποίησε,

1307 691 1398 730 κατὰ
1417 698 1515 731 ποῖον
1533 692 1702 743 λογισμὸν
1728 692 1768 730 τὸ
1786 693 1896 742 ὄνομα
1914 695 1975 738 τῆς
1995 692 2124 735 εἰκόνος
2151 692 2268 731 ἔλαὸε.
2284 693 2332 731 Τί

1305 752 1374 806 γάρ
1393 769 1496 805 φησι,
1516 753 1585 792 Καὶ
1600 753 1803 805 ἀρχέτωσαν
1817 755 1885 791 τῶν
1906 753 2034 805 ἰχθύων
2054 755 2116 799 τ’ἧς
2135 753 2333 801 Θαλάσσης,

1305 814 1365 851 καὶ
1383 817 1451 852 τῶν
1471 816 1637 852 πετεινῶν
1658 818 1716 852 τοῦ
1739 815 1904 867 οὐρανοῦ,
1925 813 1983 852 καὶ
2015 814 2155 852 πάντων
2181 817 2248 852 τῶν
2277 816 2332 865 ἑρ-

1306 878 1420 913 πετῶν
1439 879 1508 913 τῶν
1529 875 1705 927 ἑρπόντων
1726 876 1783 913 ἐπὶ
1801 878 1862 922 τῆς
1882 878 1957 926 γῆς.
1977 875 2077 914 Κατὰ
2097 875 2161 921 τὴν
2180 878 2242 921 τῆς
2265 878 2331 928 ἀρ-

1305 939 1372 988 χῆς
1400 930 1457 975 οῦν
1489 936 1621 975 Εἷκόνα
1653 937 1770 988 φησὶν,
1787 939 1824 975 οὗ
1854 939 1930 974 καθ’
1963 935 2080 987 ἕτερόν
2100 952 2152 973 τι·
2173 936 2232 973 καὶ
2265 935 2332 987 γὰρ

1305 997 1446 1035 πάντων
1465 992 1534 1035 τῶν
1552 998 1608 1035 ἐπὶ
1634 1000 1696 1044 τῆς
1721 1001 1786 1050 γῆς
1807 1000 1960 1049 ἄρχοντα
1977 997 2034 1034 τὸν
2056 997 2235 1049 ἄνθρωπον
2252 998 2332 1043 ἐδη-

1307 1058 1516 1111 μιούργησεν
1536 1062 1554 1096 ὃ
1576 1060 1686 1106 Θεὸς,
1703 1058 1762 1096 καὶ
1787 1059 1883 1097 οὐδὲν
1903 1061 1971 1096 τῶν
1994 1058 2051 1096 ἐπὶ
2079 1061 2140 1104 τῆς
2167 1060 2231 1110 γῆς
2261 1061 2334 1096 ἐστι

1306 1117 1428 1156 τούτου
1450 1120 1581 1169 μεῖζον,
1601 1118 1691 1157 ἀλλὰ
1711 1119 1827 1157 πάντα
1840 1119 1906 1158 ὑπὸ
1921 1119 1983 1166 τὴν
2000 1118 2154 1162 ἐξουσίαν
2173 1118 2237 1166 τὴν
2259 1118 2334 1157 τού-

1306 1193 1367 1216 του
1383 1178 1562 1230 τυγχάνει.

1396 1367 1407 1404 ἰ
1428 1365 1463 1403 δὲ
1483 1365 1535 1403 ἔτι
1551 1364 1610 1402 καὶ
1634 1363 1722 1414 μετὰ
1750 1363 1814 1410 τὴν
1840 1363 2014 1411 τοσαύτην
2043 1366 2112 1402 τῶν
2144 1364 2334 1416 εἰρημένων

1308 1425 1489 1479 ἀκρίὲειαν
1508 1427 1779 1477 φιλονεικοῦντες
1798 1423 1943 1475 λέγοιεν,
1966 1424 2056 1463 κατὰ
2075 1424 2138 1471 τὴν
2158 1427 2220 1470 τῆς
2246 1441 2334 1479 μορ-

1308 1491 1374 1541 φῆς
1396 1486 1511 1525 εἰκόνα
1529 1488 1709 1537 εἰρῆσθαι,
1731 1489 1874 1538 ἐροῦμεν
1888 1486 1973 1538 πρὸς
1993 1485 2113 1529 αὐτούς
2129 1500 2137 1508 ·
2157 1488 2276 1524 οὐκοῦν
2296 1488 2334 1525 οὗ

1310 1550 1412 1600 μόνον
1434 1550 1452 1585 ὁ
1485 1547 1686 1598 ἄνθρωπος,
1713 1546 1803 1585 ἀλλὰ
1832 1547 1890 1584 καὶ
1920 1550 1942 1593 ἡ
1969 1546 2053 1598 γυνὴ
2075 1546 2253 1592 δηλονότι·
2272 1546 2334 1594 τὴν

1310 1608 1418 1656 αὐτὴν
1433 1608 1501 1661 γὰρ
1523 1606 1658 1660 μορφὴν
1674 1607 1831 1658 ἑκάτεροι
1850 1607 2000 1660 ἔχουσιν.
2016 1607 2108 1645 Ἀλλ’
2128 1610 2191 1646 οὐκ
2207 1607 2246 1646 ἂν
2261 1608 2336 1660 ἔχοι

1309 1674 1410 1708 τοῦτο
1428 1669 1541 1717 λόγον.
1565 1667 1688 1707 Ἄκουε
1706 1668 1773 1720 γὰρ
1790 1672 1849 1707 τοῦ
1866 1668 2009 1707 Παύλου
2034 1667 2194 1720 λέγοντος
2208 1684 2216 1692 ·
2234 1668 2336 1720 Ἀνὴρ

1312 1730 1374 1782 μὲν
1397 1730 1465 1782 γὰρ
1485 1731 1548 1767 οὐκ
1568 1729 1696 1782 ὀφείλει
1714 1729 2045 1768 κατακαλύπτεσθαι
2073 1729 2137 1776 τὴν
2169 1729 2336 1782 κεφαλὴν,

1311 1791 1413 1831 εἰκὼν
1430 1792 1490 1829 καὶ
1506 1790 1586 1835 δόξα
1601 1793 1694 1830 Θεοῦ
1715 1790 1884 1842 ὑπάρχων
1898 1806 1906 1813 ·
1923 1794 1944 1837 ἡ
1962 1790 1997 1828 δὲ
2011 1790 2096 1842 γυνὴ
2117 1790 2197 1835 δόξα
2215 1791 2336 1844 ἀνδρός

1312 1850 1418 1891 ἔστιν.
1438 1852 1483 1890 ‘O
1505 1851 1566 1902 μὲν
1597 1851 1665 1903 γὰρ
1694 1851 1818 1903 ἄρχει,
1837 1854 1859 1897 ἡ
1889 1850 1925 1889 ’δὲ
1954 1851 2204 1900 ὑποτέτακται,
2223 1851 2337 1897 καθὼς

1313 1914 1373 1952 καὶ
1390 1917 1408 1952 ὃ
1421 1914 1510 1957 Θεὸς
1520 1913 1554 1958 ἐξ
1571 1916 1683 1965 ἀρχῆς
1702 1913 1788 1964 πρὸς
1804 1912 1909 1959 αὐτήν
1925 1928 2028 1964 φησι,
2048 1913 2141 1964 Πρὸς
2156 1912 2213 1950 τὸν
2229 1914 2337 1965 ἄνδρα

1314 1991 1374 2015 σου
1411 1978 1433 2021 ἡ
1467 1974 1667 2027 ἀποστροφή
1705 1989 1765 2011 σου
1778 2004 1788 2021 ,
1819 1973 1877 2011 καὶ
1921 1972 2021 2016 αὐτός
2058 1990 2118 2012 σου
2153 1973 2334 2026 κυριεύσει.

1314 2035 1462 2082 Ἐπειδὴ
1478 2035 1547 2088 γὰρ
1565 2034 1658 2073 κατὰ
1674 2034 1732 2072 τὸν
1751 2038 1813 2080 τῆς
1834 2035 1944 2086 ἀρχῆς
1961 2034 2061 2085 λόγον
2076 2035 2115 2073 τὸ
2130 2038 2192 2081 τῆς
2210 2035 2337 2079 εἰκόνος

1314 2096 1530 2149 παρείληφε,
1548 2096 1609 2134 καὶ
1624 2098 1661 2133 οὐ
1679 2095 1770 2133 κατὰ
1792 2095 1854 2141 τὴν
1874 2095 2022 2147 μορφὴν,
2049 2099 2066 2133 ὁ
2093 2095 2130 2132 δὲ
2160 2096 2338 2148 ἄνθρωπος

1315 2159 1416 2212 ἄρχει
1442 2159 1596 2206 πάντων,
1625 2162 1647 2204 ἡ
1679 2157 1716 2196 δὲ
1745 2157 1830 2208 γυνὴ
1862 2157 2122 2203 ὑποτέτακται,
2151 2158 2207 2195 διὰ
2238 2158 2340 2197 τοῦτό

1316 2235 1402 2272 φησι
1419 2219 1498 2271 περὶ
1517 2223 1577 2257 τοῦ
1597 2219 1718 2270 ἀνδρὸς
1747 2220 1764 2255 ὁ
1792 2219 1931 2261 Παῦλος
1944 2246 1953 2263 ,
1970 2217 2022 2256 ὅτι
2050 2218 2151 2256 εἰκὼν
2181 2219 2240 2257 καὶ
2259 2219 2339 2264 δόξα

1315 2284 1407 2321 Θεοῦ
1427 2281 1637 2334 ὓπάρχει,ἡ
1669 2280 1704 2319 δὲ
1730 2281 1816 2333 γυνθΙ
1849 2280 1930 2324 δόξα
1958 2280 2080 2332 ἀνδρός
2102 2282 2206 2319 ἐστιν.
2232 2283 2276 2319 Εἰ
2303 2281 2338 2319 δὲ

1316 2343 1396 2397 περὶ
1417 2346 1550 2394 μορφῆς
1566 2341 1695 2393 ἔλεγεν,
1715 2344 1777 2380 οὐκ
1798 2342 1837 2379 ἂν
1867 2342 1990 2379 διεῖλεν
2004 2357 2011 2364 ·
2030 2341 2128 2395 ὁγὰρ
2158 2343 2258 2385 αὐτὸς
2282 2343 2339 2381 τύ·

1317 2420 1380 2448 πος
1403 2405 1461 2442 καὶ
1482 2404 1603 2457 ἀνδρὸς
1622 2403 1681 2441 καὶ
1706 2403 1877 2455 γυναικός.
1899 2398 1997 2446 Εἶδες
2016 2406 2077 2449 τῆς
2094 2403 2258 2450 ἀληθείας
2276 2403 2339 2451 τὴν

1317 2466 1530 2519 περιουσίαν,
1563 2467 1637 2509 πῶς
1665 2465 1828 2515 οὐδεμίαν
1859 2464 2118 2516 καταλιμπάνει
2152 2465 2340 2516 ἀπολογίας

1317 2527 1490 2579 πρόφασιν
1505 2532 1574 2569 τοῖς
1596 2526 1708 2576 μάτην
1726 2528 1965 2577 ἀναισχυντεῖν
1988 2524 2226 2577 βουλομένοις,
2247 2527 2338 2565 Ἀλλ’

1316 2588 1412 2638 ὅμως
1450 2588 1509 2626 καὶ
1541 2587 1671 2625 τούτων
1702 2585 1809 2630 οὕτως
1847 2586 2010 2638 ἐχόντων,
2043 2586 2091 2638 μὴ
2125 2587 2340 2639 παυσώμεθα

1317 2651 1428 2700 πολλῇ
1449 2652 1491 2700 τῇ
1514 2648 1736 2702 μακροθυμίᾳ
1763 2648 1848 2700 πρὸς
1878 2647 1999 2691 αὐτοὺς
2029 2648 2258 2700 κεχρημένοι,
2279 2650 2339 2696 Μή

1317 2725 1400 2748 ποτε
1424 2710 1472 2761 δῷ
1496 2711 1610 2753 αὐτοῖς
1628 2713 1646 2747 ὃ
1661 2710 1750 2752 Θεὸς
1773 2709 1958 2760 μετάνοιαν
1978 2711 2024 2752 εἰς
2046 2708 2233 2759 ἐπίγνωσιν
2255 2711 2342 2758 ἀλη-

1318 2771 1419 2814 Οείας.
1453 2776 1466 2792 ⁰
1478 2769 1538 2816 Μὴ
1569 2770 1680 2808 τοίνυν
1710 2769 1940 2821 ναρκήσωμεν
1969 2769 2102 2815 πολλὴν
2136 2771 2198 2819 τὴν
2232 2772 2342 2810 ἐπιεί-

1318 2848 1413 2870 κειαν
1432 2831 1722 2882 ἐπιδεικνύμενοι,
1743 2831 1846 2874 εἴπως
1860 2830 2086 2881 δυνηθείημεν
2104 2831 2226 2876 αὐτοὺς
2243 2833 2338 2885 ἐξαρ-

1318 2892 1429 2930 πάσαι
1443 2894 1505 2938 τῆς
1524 2896 1583 2930 τοῦ
1600 2892 1760 2930 διαὲόλου
1776 2892 1934 2937 ἀπάτης·
1958 2891 2036 2936 καὶ,
2052 2894 2081 2930 εἷ
2102 2893 2194 2931 δοκεῖ
2207 2923 2215 2938 ,
2236 2895 2342 2933 πάλιν

1319 2954 1563 3004 ἐπιστήσωμεν
1585 2955 1699 2997 αὐτοῖς
1720 2953 1777 2991 τὸν
1800 2952 1970 3004 μακάριον
2000 2954 2140 2991 Παῦλον
2171 2953 2262 2992 οὕτω
2280 2956 2339 2994 λε’-

1319 3031 1422 3066 γοντα
1438 3014 1523 3067 πρὸς
1544 3014 1621 3057 τοὺς
1647 3013 1709 3056 τὰς
1728 3013 1872 3060 Ἀῡήνας
1899 3015 2092 3057 οἰκοῦντας·
2109 3017 2185 3053 Οὐκ
2201 3017 2340 3067 ὀφείλο-

1321 3091 1382 3124 μεν
1396 3075 1546 3124 νομίζειν
1566 3077 1685 3126 χρυσῷ
1697 3104 1706 3121 ,
1723 3073 1745 3119 ἢ
1763 3074 1921 3126 ἀργύρῳ,
1941 3074 1963 3119 ἢ
1983 3071 2120 3127 λίῡιμ,ἢ
2136 3077 2342 3127 χαράγματι

1318 3135 1477 3187 τέχνηςῆ
1495 3131 1713 3186 ἐνθυμήσεως
1731 3133 1912 3185 ἀνθρώπου
1932 3135 1972 3172 τὸ
1984 3138 2087 3173 Θεῖον
2109 3130 2196 3174 εἶναι
2208 3137 2339 3186 ὅμοιον.

1318 3192 1419 3239 Εἶδες
1438 3197 1495 3234 τὸν
1515 3197 1618 3247 σοφὸν
1635 3195 1859 3237 διδάσκαλον,
1877 3198 1952 3244 μεθ’
1974 3196 2056 3243 ὅσης
2075 3197 2254 3248 ἀκριὲείας
2272 3205 2340 3237 πᾶ-

1319 3274 1380 3296 σαν
1402 3260 1514 3295 αὐτῶν
1533 3257 1670 3307 ἐξέκοψε
1691 3256 1752 3303 τὴν
1774 3256 1935 3303 invit-qn
1956 3259 2009 3295 Οὐ
2031 3257 2133 3307 μόνον
2149 3258 2215 3310 γὰρ
2234 3260 2340 3299 τύπου

1379 3383 1390 3395 c
1410 3372 1481 3402 Duo
1498 3371 1572 3402 Mss.
1590 3377 1633 3412 μὴ
1652 3376 1743 3404 τοί-,ω
1762 3377 1946 3415 :inmundus-³.
