2433 3775
997 120 1224 152 PRAEFA'HO
1234 141 1244 151 .
2086 124 2131 152 X!

134 206 288 260 Insignis
314 214 367 245 est
388 205 487 245 locus
502 220 538 259 p.
568 205 662 255 579,
688 218 733 243 ex
751 205 865 257 capite
883 205 950 257 55,
969 218 1074 245 versu
1092 206 1143 244 16
1156 234 1167 255 ,
1183 204 1246 243 ubi
1270 203 1376 243 LXX
1400 204 1542 254 habent,
1563 204 1711 256 Εγένετο
1736 205 1771 243 δὲ
1791 205 1893 250 ἡνίκα
1912 207 2052 257 ἤγγισεν
2084 209 2130 250 εἰς

82 268 253 320 Χαὸραθᾶ
274 271 333 306 τοῦ
363 270 472 307 ἐλθεῖν
502 269 549 311 εἷς
575 265 638 313 τὴν
663 266 835 319 Ἐφραθᾶ.
861 266 1138 320 Chrysostomus
1156 280 1240 305 vero
1265 265 1315 304 sie
1334 265 1455 314 habet,
1474 265 1565 305 “Ore
1584 265 1707 317 ἤγγισε
1730 269 1788 304 τοῦ
1814 267 1978 304 εἰσελθεῖν
2001 270 2047 311 εἷς
2067 268 2130 314 τὴν

80 329 240 382 Ἰἰφραῡᾶ
253 359 263 378 ,
279 328 408 368 omissa
425 342 512 368 voce
530 328 719 382 Χαὸραθᾶ,
733 343 811 380 quae
831 328 927 367 viros
946 327 1068 367 doctos
1088 327 1258 366 hactenus
1278 327 1392 368 torsit.
1408 327 1486 380 Ego
1504 340 1589 365 vero
1609 341 1678 365 non
1697 328 1814 365 ausim
1829 326 1947 365 dicere
1961 327 1995 366 in
2010 342 2128 366 exem-

79 390 172 443 plari
192 391 231 429 S.
255 390 502 443 Chrysostomi
521 404 590 428 non
613 389 740 440 fuiss-03
763 389 950 443 probabile
969 389 1103 442 quippe
1121 398 1174 428 est
1190 389 1294 428 illum
1314 403 1391 428 eam
1405 419 1414 437 ‚
1435 388 1533 441 quod
1559 402 1629 427 non
1659 388 1915 440 intelligeretur
1929 419 1940 438 ,
1958 388 2127 427 omisisse.

81 452 175 491 Vide
189 467 267 504 qua:
286 452 332 491 de
349 453 415 490 bac
434 467 520 491 voce
539 452 702 490 diximus
721 452 758 491 in
778 452 951 505 Hexaplis
970 451 1111 491 nostris.
1133 451 1269 491 Caetera
1290 450 1334 490 iis
1351 450 1574 491 observanda
1594 449 1842 502 relinquimus,
1861 450 1923 502 qui
1945 450 2128 489 varietates

77 514 236 553 Biblicas
253 529 298 553 ex
318 515 473 567 professo
493 523 656 553 tractant.

1048 637 1074 688 §
1104 639 1149 677 V.

615 768 719 819 Quid
738 769 788 806 sit
808 766 996 806 centesima
1013 780 1038 804 a
1058 767 1340 816 Clzrysostomo
1357 775 1586 805 memorata.

128 892 284 931 Homilia
299 894 324 931 5
345 892 381 931 in
399 891 568 931 Genesim
587 905 622 943 p.
640 893 707 941 91,
731 891 778 941 Β,
795 890 1074 943 Chrysostomus
1099 889 1145 928 de
1165 889 1307 928 Christo
1326 889 1485 941 loquens,
1505 890 1555 928 ait
1572 905 1579 926 ε
1601 889 1693 928 Οὐδὲ
1703 889 1770 942 γὰρ
1799 892 1957 944 καθάπερ
1985 894 2131 931 ἐνταῖιῡα

76 953 266 1001 ἑκατοστὴν
286 953 387 1004 μόνον
408 957 630 1006 ὑπισχνεῖται
649 951 786 1000 δώσειν,
802 951 893 991 ἀλλὰ
919 950 1263 990 ἑκατονταπλασίονα
1283 954 1351 989 τῶν
1373 951 1560 1002 διδομένων
1574 951 1616 990 εἰ.
1639 965 1668 990 e.
1691 951 1830 1003 Neque
1849 955 1966 1000 enim,
1994 967 2128 1006 quem-

74 1016 284 1054 admodum
309 1017 388 1062 laic,
415 1017 665 1054 centesimam
684 1014 810 1053 solum
832 1016 1037 1065 promittit,
1059 1014 1128 1052 sed
1151 1013 1331 1064 centuplo
1351 1013 1468 1065 plura
1489 1013 1606 1051 datis.
1634 1012 1832 1051 Centesima
1863 1013 1959 1051 varie
1978 1014 2130 1066 accipie-

73 1077 180 1114 batur
198 1092 205 1112 :
225 1085 298 1115 erat
313 1075 448 1130 quippe
467 1075 656 1114 centesima
676 1074 896 1124 auctionum,
912 1073 1080 1113 videlicet
1099 1087 1219 1112 rerum
1240 1073 1275 1111 in
1295 1073 1460 1111 auctione
1476 1073 1705 1112 venditarum
1725 1074 1914 1112 centesima
1930 1089 2033 1127 pars,
2050 1089 2130 1126 qure

75 1138 202 1176 aerario
221 1137 366 1190 publico
385 1137 443 1176 vel
459 1137 544 1175 fisco
562 1136 707 1175 cedebat
725 1152 732 1172 :
753 1145 827 1174 erat
844 1149 985 1186 quoque
1001 1134 1189 1173 centesima
1205 1148 1323 1172 rerum
1336 1135 1518 1173 venalium
1531 1149 1610 1186 qnae
1626 1135 1838 1187 exigebatur
1853 1152 1860 1172 :
1881 1137 2035 1187 itemque
2050 1150 2131 1174 cen·

76 1199 199 1237 tesima
217 1212 327 1250 genus
347 1199 487 1238 tributi.
507 1199 731 1249 Domumque
747 1197 937 1236 centesima
957 1211 1074 1235 usurae
1091 1210 1213 1248 genus,
1226 1196 1398 1244 ἑκατοστὴ
1420 1197 1560 1235 Graecis
1573 1226 1584 1246 ,
1606 1210 1677 1248 qua
1699 1197 1759 1248 qui
1787 1197 1823 1235 in
1845 1199 1957 1236 soenus
1978 1198 2130 1250 accipie-

74 1260 174 1309 bant,
193 1259 343 1311 singulis
364 1259 546 1298 mensibus
567 1258 793 1297 centesimam
820 1267 955 1311 partem
982 1258 1174 1307 solverent,
1197 1257 1246 1295 ita
1262 1266 1301 1295 ut
1328 1266 1471 1296 centum
1494 1257 1676 1296 mensibus
1702 1268 1833 1297 sortem
1849 1269 2040 1310 aequarent.
2056 1259 2131 1297 Hoc

73 1335 157 1359 vero
173 1330 390 1373 postremum
409 1334 519 1373 genus
552 1322 756 1368 ἑκατοστῆς,
776 1319 852 1358 sive
867 1319 1064 1358 centesimae
1079 1349 1089 1368 ‚
1105 1319 1165 1357 hic
1191 1319 1360 1371 intelligit
1379 1320 1668 1374 Chiysostomus,
1690 1330 1728 1359 ut
1747 1321 1880 1374 optime
1899 1323 2047 1374 conjecit
2065 1319 2130 1360 Sa-

74 1381 195 1421 vilius.
208 1382 277 1420 Hic
296 1382 389 1420 enim
406 1382 526 1434 agitur
547 1381 592 1419 de
611 1381 799 1420 centesima
820 1395 899 1432 quae
918 1381 1166 1434 promittitur3
1189 1381 1226 1419 id
1246 1381 1341 1433 qnod
1361 1381 1406 1419 de
1432 1382 1499 1420 hac
1511 1383 1626 1420 solum
1640 1396 1729 1431 ,non
1750 1397 1833 1422 vero
1852 1383 1897 1421 de
1916 1384 2131 1436 supradictis

76 1443 226 1494 intelligi
240 1453 355 1496 potest
373 1459 380 1479 :
404 1442 575 1490 {namet->1
598 1457 683 1481 vero
707 1443 770 1480 illa
788 1443 951 1494 frequens
976 1442 1075 1495 apud
1099 1443 1246 1483 Graecos
1265 1453 1352 1482 erat.
1371 1443 1446 1482 Hac
1465 1442 1511 1482 de
1529 1458 1567 1482 re
1585 1443 1670 1483 vide
1685 1444 1771 1493 Joh,
1786 1446 1813 1483 F
1816 1444 2014 1484 redericum
2035 1446 2130 1485 Gro-

73 1505 218 1542 novium
233 1506 287 1543 De
302 1505 452 1558 pecunia
468 1504 580 1544 veteri
597 1504 665 1544 lib.·
680 1506 719 1556 5,
740 1519 818 1557 cap.
839 1506 901 1544 15.

1038 1646 1062 1698 S
1092 1647 1157 1686 VI.

136 1780 198 1818 De
216 1793 361 1832 magna
379 1779 645 1827 Hebdomade,
672 1778 720 1816 de
738 1779 800 1816 die
815 1778 916 1832 κυρίᾳ
937 1792 1024 1831 quae
1041 1787 1098 1817 est
1115 1779 1329 1818 Dominica
1346 1780 1526 1827 Paschae,
1547 1788 1584 1818 et
1596 1781 1645 1819 de
1662 1780 1767 1820 horis
1786 1783 2058 1835 inaequalibus.

122 1903 239 1949 Quam
255 1916 317 1941 nos
336 1911 493 1941 sanctam
512 1909 546 1940 et
565 1902 737 1954 majorem
768 1900 1031 1940 hebdomadem
1052 1914 1234 1951 vocamus,
1252 1915 1331 1953 quae
1347 1910 1398 1940 est
1418 1901 1712 1954 Quadragesimae
1739 1903 1877 1955 ultima,
1896 1920 1975 1944 eam
1997 1909 2123 1947 Antio-

69 1962 171 2001 cheni
191 1963 323 2015 aliique
342 1977 508 2015 magnam
526 1962 788 2000 hebdomadem
807 1962 983 2002 vocabant
1003 1978 1011 1998 :
1033 1976 1103 2013 qua
1121 1961 1166 2000 de
1181 1976 1219 2000 re
1245 1963 1338 2000 hune
1355 1962 1531 2015 insignem
1554 1964 1820 2016 Cluysostomi,
1840 1981 1874 2018 p.
1895 1968 1986 2016 ⁶294,
2005 1968 2123 2007 locum

67 2025 269 2063 afferimus:
287 2027 320 2063 T
322 2026 359 2064 ὸν
381 2025 482 2063 αὐτὸν
505 2023 546 2072 δὴ
567 2024 695 2078 τρόπον
714 2024 775 2062 καὶ
799 2027 894 2074 ἡμᾶς
916 2023 1101 2076 προσήκει,
1114 2023 1234 2070 ἐπειδὴ
1255 2026 1302 2068 εἷς
1319 2024 1382 2072 τὴν
1404 2025 1560 2077 μεγάλην
1580 2025 1709 2072 ταύτην
1730 2025 1909 2078 ἑὸδομάδα
1926 2029 2127 2081 ἐφθάσαμεν

68 2089 109 2139 τῇ
120 2090 180 2126 τοῦ
193 2087 285 2126 Θεοῦ
298 2086 494 2139 χάριτι,ν’ῠ’ν
510 2085 665 2137 μάλιστα
677 2085 738 2123 καὶ
751 2088 814 2132 τῆς
826 2085 987 2132 νηστείας
1000 2085 1058 2124 τὸν
1074 2084 1200 2138 δρόμον
1215 2086 1398 2133 ἐπιτεῖναι,
1416 2086 1476 2124 καὶ
1489 2086 1551 2130 τὰς
1566 2086 1672 2139 εὐχὰς
1687 2088 1923 2142 εὐτονωτέρας
1938 2096 2125 2140 ποιεῖσθαι,

66 2148 126 2186 καὶ
144 2147 278 2194 πολλὴν
296 2147 356 2186 καὶ
377 2147 506 2201 ἀκριὸἧ
525 2145 852 2199 τὴν-ἐξομολόγησιν
868 2149 937 2185 τῶν
950 2145 1211 2198 ἡμαρτημένων
1230 2146 1480 2196 ἐπιδείξασθαι,
1497 2147 1558 2186 καὶ
1578 2146 1641 2195 τὴν
1657 2148 1739 2202 περὶ
1755 2149 1817 2193 τὰς
1837 2150 1970 2202 ἀγαθὰς
1985 2152 2127 2203 πράξεις

65 2209 248 2261 ἐργασίαν,
277 2208 512 2260 ἐλεημοσύνην
545 2209 694 2260 δαψιλῆ,
711 2207 918 2255 ἐπιείκειαν,
946 2208 1152 2262 πραότητα,
1171 2207 1234 2255 τὴν
1257 2208 1367 2256 ἄλλην
1387 2208 1527 2248 ἅπασαν
1551 2208 1691 2263 ἀρετὴν,
1711 2210 1767 2248 ἵνα
1789 2212 1879 2261 μετὰ
1898 2212 2028 2251 τούτων
2055 2217 2125 2252 τῶν

64 2270 346 2324 κατορθωμάτων
362 2271 410 2314 εἷς
428 2268 492 2317 τὴν
509 2269 632 2321 κυρίαν
648 2268 840 2322 φθάσαντες
856 2269 992 2323 ἡμέραν
1009 2271 1072 2315 τῆς
1087 2269 1186 2322 παρὰ
1199 2275 1260 2309 τοῦ
1284 2271 1464 2310 Δεσπότου
1491 2270 1691 2324 φιλοτιμίας
1708 2274 1976 2326 ἀπολαύσωμεν.
1999 2277 2122 2329 Μεγά-

62 2333 126 2378 λην
149 2331 184 2370 δὲ
211 2333 383 2383 καλοῦμεν
402 2331 464 2378 τὴν
486 2331 683 2382 ἑὸδομάδα,
703 2331 766 2369 οὐκ
784 2332 904 2379 ἐπειδὴ
923 2331 1029 2370 πλέον
1048 2330 1122 2383 ἔχει
1141 2332 1181 2371 τὸ
1209 2335 1321 2384 μῆκος
1345 2336 1413 2371 τῶν
1435 2335 1536 2386 ὡρῶν
1551 2349 1559 2357 ·
1575 2334 1636 2372 καὶ
1662 2335 1730 2388 γάρ
1759 2338 1844 2375 εἰσιν
1864 2336 1980 2390 ἕτεραι
2004 2340 2124 2392 πολλῷ

63 2392 199 2443 μείζους
218 2392 311 2444 ὥρας
327 2393 471 2445 ἔχουσαι
487 2408 494 2416 ·
511 2391 587 2431 οὐδὲ
607 2391 727 2439 ἐπειδὴ
744 2392 884 2436 πλείους
898 2392 1033 2446 ἡμέρας
1049 2393 1122 2444 ἔχει
1138 2409 1146 2417 ·
1167 2393 1227 2432 καὶ
1242 2393 1311 2446 γὰρ
1328 2398 1345 2433 ὁ
1360 2395 1462 2439 αὐτὸς
1477 2395 1622 2447 ἀριθμὸς
1639 2397 1698 2434 καὶ
1713 2397 1820 2449 ταύτῃ
1838 2397 1897 2436 καὶ
1911 2405 1987 2443 ταῖς
2002 2400 2124 2444 ἄλλαις

61 2454 202 2498 πάσαις.
223 2454 328 2498 Τίνος
354 2448 411 2492 οὖν
434 2454 547 2492 ἕνεκεν
575 2453 731 2504 μεγάλην
753 2452 886 2501 ταύτην
916 2456 1110 2505 καλοῦμεν;
1136 2455 1283 2504 Ἐπειδὴ
1312 2457 1450 2508 μεγάλα
1477 2456 1556 2495 τινὰ
1584 2457 1644 2495 καὶ
1671 2458 1855 2511 ἀπόρρητα
1881 2461 2048 2513 τυγχάνει
2076 2462 2120 2501 τὰ

59 2514 261 2568 ὑπάρξαντα
280 2519 366 2566 ἡμῖν
385 2518 419 2554 ἐν
443 2516 530 2566 αὐτῇ
553 2513 678 2565 ἀγαθά.
694 2513 737 2551 Id
755 2523 807 2552 est
825 2530 833 2551 t
859 2516 1009 2553 Eodem
1026 2518 1139 2554 modo
1153 2520 1246 2570 quia
1261 2520 1303 2555 in
1319 2532 1503 2570 magnam
1517 2519 1622 2557 lianc
1646 2521 1926 2558 hebdomadem
1942 2523 2020 2560 Dei
2029 2538 2119 2575 gra-

60 2579 115 2614 tia
126 2579 384 2628 pervenimus,
404 2591 506 2615 nunc
514 2577 686 2614 maxime
690 2577 835 2628 jejunii
846 2590 980 2633 cursus
996 2578 1104 2616 nobis
1121 2579 1393 2625 intendendus,
1407 2587 1443 2616 et
1441 2579 1706 2631 ferventiores
1718 2581 1942 2632 fundenda?
1967 2598 2118 2634 preces,

47 2639 322 2691 faciendaque
340 2639 506 2691 diligens·
528 2646 564 2676 et
589 2650 691 2689 pura
710 2646 962 2689 peccatorum
981 2639 1190 2692 consessio,
1210 2649 1246 2678 et
1276 2643 1317 2678 in
1345 2642 1455 2678 bonis
1476 2642 1652 2691 operibus
1671 2642 1859 2680 sedulitas
1882 2645 2116 2691 exhibenda,

57 2699 308 2749 eleemosyna
337 2701 474 2753 larga,
496 2702 674 2752 oequitas,
701 2701 974 2747 mansuetudo,
997 2701 1165 2753 aliaeque
1193 2704 1369 2747 virtutes,
1394 2709 1435 2738 ut
1457 2701 1602 2740 talibus
1631 2705 1762 2739 ornati
1780 2705 1970 2754 operibus,
1991 2707 2057 2742 ubi
2077 2709 2118 2758 in

57 2762 159 2799 diem
174 2763 425 2800 Dominicam
446 2764 684 2813 venerimus,
702 2763 868 2800 Domini
884 2763 1120 2801 liberalitate
1134 2763 1333 2814 fruamur.
1350 2763 1540 2813 Magnam
1557 2772 1686 2801 autem
1701 2777 1890 2803 vocamus
1908 2767 2118 2806 hebdoma-

57 2823 157 2871 dem,
177 2837 254 2860 non
278 2823 383 2874 quod
409 2823 600 2876 longiores
626 2826 667 2861 in
687 2837 735 2861 ea
753 2826 833 2861 sint
851 2824 956 2862 horte
974 2840 985 2859 :
1004 2833 1094 2862 sunt
1117 2827 1219 2862 enim
1253 2824 1344 2862 aliae
1368 2837 1453 2875 quae
1472 2824 1594 2861 multo
1611 2827 1778 2877 majores
1806 2826 1923 2866 horas
1943 2829 2086 2867 liabent
2101 2847 2116 2874 ‚-

59 2897 181 2935 neque
209 2886 316 2937 quod
335 2884 466 2936 plures
491 2885 573 2922 dies
598 2885 741 2922 habent
761 2899 772 2920 :
791 2892 847 2922 est
867 2887 970 2922 enim
994 2886 1097 2924 idem
1121 2899 1301 2924 numerus
1318 2888 1359 2923 in
1375 2886 1449 2923 hac
1469 2885 1636 2938 aliisque
1649 2889 1840 2926 omnibus.
1875 2886 2004 2940 Quare
2026 2906 2115 2944 ergo

56 2944 169 2982 illam
195 2959 384 2984 vocamus
403 2959 587 2998 magnam
601 2949 618 2982 Ρ
642 2947 745 2997 Quia
763 2948 805 2983 in
825 2945 899 2984 illa
916 2960 1061 2999 magna
1089 2947 1269 2998 quaedam
1288 2955 1325 2984 et
1341 2946 1572 2998 ineffabilia
1595 2949 1696 2985 bona
1722 2952 1966 3002 contigerunt
1990 2955 2111 2992 nobis.

56 3006 123 3044 llic
140 3006 262 3060 κυρίαν
279 3007 414 3062 ἡμέραν
428 3017 532 3047 vocat
552 3007 830 3060 Chrysostomus
841 3006 938 3046 diem
954 3017 1117 3046 sanctum
1134 3007 1290 3057 Paschae,
1307 3021 1347 3045 ac
1362 3007 1390 3045 si
1407 3006 1539 3045 diceret
1553 3008 1689 3062 ἡμέραν
1700 3012 1844 3062 ἡμερῶν
1859 3013 1996 3065 κυρίαν,
2010 3015 2112 3052 diem

55 3069 256 3106 dominam
277 3070 452 3117 dierum,·
469 3083 577 3120 quam
591 3068 767 3108 vocabant
778 3068 885 3107 etiam
905 3069 1033 3121 Κυρίου
1049 3069 1263 3123 ἡμέραν,νοί
1281 3067 1451 3123 κυριακὴν
1467 3068 1616 3122 ἡμέραν,
1631 3071 1732 3108 diem
1753 3073 1929 3119 Domini,
1948 3075 2111 3114 Domini-

55 3142 132 3166 cam
153 3128 264 3179 diem,
286 3139 320 3167 ct
341 3130 510 3184 κυριακὴν
530 3131 701 3180 μεγάλην,
720 3145 904 3182 magnam
925 3132 1200 3169 Dominicam:
1220 3145 1320 3169 secus
1343 3144 1449 3180 qnam
1478 3131 1620 3182 putavit
1644 3141 1746 3170 vetus
1767 3134 1958 3186 Inte-qnos,
1980 3138 2040 3187 qui
2064 3142 2110 3183 εἰς

56 3189 118 3235 τὴν
139 3190 262 3244 κυρίαν
281 3191 418 3244 ἡμέραν
438 3191 544 3228 vertit
564 3193 606 3228 in
634 3192 696 3229 die
710 3193 867 3244 judicii.
891 3193 984 3230 Nam
1006 3201 1240 3244 praeterquam
1269 3191 1367 3243 qnod
1386 3191 1444 3229 vel
1467 3191 1526 3230 hic
1546 3193 1621 3245 ipse
1639 3193 1755 3242 locus,
1775 3203 1807 3231 et
1824 3195 1916 3232 alius
1945 3197 2005 3235 ubi
2034 3199 2109 3237 ham

56 3262 127 3286 vox
143 3250 267 3288 eodem
288 3266 355 3290 usu
375 3251 564 3304 reperitur,
587 3252 736 3290 suadent
756 3252 813 3291 hic
831 3252 876 3291 de
895 3253 955 3292 die
974 3254 1117 3292 Paschae
1136 3253 1192 3303 agi
1206 3284 1215 3301 ,
1236 3253 1285 3291 sic
1312 3252 1417 3290 etiam
1434 3262 1581 3292 vocatur
1597 3254 1732 3292 Pascha
1754 3254 1787 3292 in
1807 3256 1891 3294 Vita
1910 3261 2106 3298 manuscri-

54 3319 111 3361 pta
140 3312 176 3349 S.
192 3311 385 3360 Theodosii
405 3313 684 3357 Coenobiarcliae,
715 3313 842 3365 Ἑορτὴ
865 3309 907 3362 ἦν
939 3315 997 3354 καὶ
1024 3318 1187 3367 ἑορτῶνὴ
1209 3313 1331 3366 πρώτη
1351 3314 1410 3352 καὶ
1435 3314 1558 3367 κυρία,
1584 3316 1666 3354 αὐτό
1683 3331 1772 3367 φημι
1792 3318 1831 3355 τὸ
1853 3318 1975 3371 πάσχα
1996 3335 2002 3355 :
2020 3330 2050 3358 et
2072 3322 2104 3359 in
