2516 3791
762 155 805 184 m*
843 155 946 184 CAP.
986 155 1065 186 vu.

172 239 275 283 αὐτῷ.
302 236 371 274 Καὶ
396 236 530 284 ἐγένετο
555 235 644 286 μετὰ
661 235 722 278 τὰς
741 236 831 275 ἑπτὰ
855 237 989 290 ἡμέρας
1004 267 1014 286 ,
1034 237 1193 290 καθάπερ

169 299 342 349 ὑπέσχετο
354 328 363 344 ,
380 297 497 349 φησὶν,
514 300 532 334 6
548 297 729 345 Δεσπότης
740 328 749 344 ,
770 298 830 336 καὶ
849 299 888 337 τὸ
905 299 998 351 ὕδωρ
1011 303 1071 337 τοῦ
1087 314 1194 337 κατα-

168 361 323 409 κλυσμοῦ
342 357 477 410 ἐγένετο
495 358 553 396 ἐπὶ
567 361 628 405 τῆς
647 361 710 410 γῆς
724 388 733 405 ,
751 361 786 397 ἐν
806 362 856 411 τῷ
877 359 1107 412 ἑξακοσιοστῷ
1123 360 1192 399 ἔτει

167 421 202 458 ἐν
221 422 263 471 τῇ
284 421 355 470 ζωῇ
373 425 431 458 τοῦ
452 421 530 458 Νῶε
543 449 552 464 ‚
574 423 634 457 τοῦ
655 420 814 472 δευτέρου
836 421 962 470 μηνὸς,
981 420 1113 472 ἑὸδόμῃ
1133 421 1192 459 καὶ

166 482 278 520 εἰκάδι
296 486 355 519 τοῦ
378 482 496 533 μηνός.
520 481 617 533 υΟρα
642 485 704 527 τῆς
731 483 873 534 Γραφῆς
906 481 967 528 τὴν
997 482 1190 534 ἀκρίῧειαν,

790 544 854 557 ἱΝΙΝ
882 543 896 555 V

165 546 240 587 πῶς
254 547 291 582 οὐ
309 544 410 594 μόνον
425 545 482 582 τὸν
500 545 656 582 ἐνιαυτὸν
673 548 766 595 ἡμᾶς
784 558 914 588 εοιοαςε
928 574 937 590 ,
958 543 1036 581 καθ’
1050 543 1086 581 ὃν
1099 545 1116 580 6
1130 559 1191 581 κα-

166 665 309 711 ἐποίησε
339 666 398 703 καὶ
424 666 486 713 τὴν
506 666 653 719 ἡμέραν.
677 660 766 704 Εἶτα
784 665 841 703 ἵνα
861 668 903 716 τῇ
924 664 1082 714 διηγήσει
1113 664 1191 707 τοὺς

168 726 256 777 μετὰ
279 730 389 765 ταῦτα
416 726 714 779 σωφρονεστέρους
732 726 936 778 ἐργάσηται,
963 725 1023 763 καὶ
1047 725 1106 764 τὸν
1126 726 1190 777 φό-

166 787 226 826 ὅον
258 787 390 838 αὐξήσῃ
409 791 478 825 τῶν
498 788 749 839 γεγενημένων,
770 786 872 839 φησίν
887 801 895 809 ·
912 787 975 824 Ἐν
1000 789 1042 837 τῇ
1073 786 1191 838 ἦμέρᾳ

166 847 279 899 ἐκείνῃ
299 848 496 899 ἐρῤάγησαν
522 854 633 886 πᾶσαι
653 850 689 886 αἱ
709 846 819 897 πηγαὶ
849 850 910 892 τῆς
937 845 1088 885 &Coacon
1101 877 1110 893 ,
1130 847 1190 885 καὶ

164 911 196 946 οἱ
215 909 455 960 καταρῤάκται
473 913 532 947 τοῦ
551 910 695 961 οὐρανοῦ
711 906 953 959 ἠνεῴχθησαν,
975 907 1035 946 καὶ
1054 906 1190 959 ἐγένετο

162 970 181 1006 6
196 968 290 1012 ὑετὸς
307 968 363 1007 ἐπὶ
384 972 447 1015 τῆς
461 973 524 1020 γῆς
539 968 800 1021 τεσσαράκοντα
817 967 952 1020 ἡμέρας
981 968 1042 1006 καὶ
1066 983 1190 1007 τεσσα-

166 1029 314 1081 ράκοντα
333 1029 468 1074 νύκτας.
486 1029 581 1083 ’Όρα
599 1028 691 1081 πόσῃ
709 1028 882 1082 κέχρηται
910 1029 969 1067 καὶ
988 1032 1047 1067 νῦν
1064 1032 1085 1076 ἡ
1107 1029 1190 1081 ἁγία

163 1091 287 1143 Γραφὴ
303 1094 346 1143 τῇ
363 1091 623 1142 συγκαταὸάσει
635 1121 644 1138 ,
664 1090 723 1128 καὶ
742 1091 827 1145 πρὸς
846 1089 908 1137 τὴν
926 1090 1110 1137 συνήθειαν
1124 1091 1188 1138 τὴν

164 1152 382 1204 ἀνθρωπίνην
399 1152 515 1190 πάντα
537 1152 745 1203 διαλέγεται.
763 1154 840 1190 Οὐκ
864 1151 984 1199 ἐπειδὴ
1005 1153 1187 1206 καταῤῥά-

162 1229 244 1251 κται
279 1212 362 1250 εἰσὶν
393 1215 428 1252 ἐν
448 1216 497 1265 τῷ
527 1215 684 1266 οὐρανῷ,
707 1214 783 1251 ἀλλ’
803 1213 873 1251 ἀπὸ
892 1215 961 1251 τῶν
988 1213 1186 1266 συντρόφων

162 1278 248 1325 ἡμῖν
267 1275 445 1325 ὀνομάτων
465 1275 604 1312 ἅπαντα
620 1272 841 1325 διαλέγεται,
862 1274 1046 1326 μονονουχὶ
1062 1274 1187 1327 λέγου-

163 1352 220 1381 σα,
237 1335 288 1373 ὅτι
304 1334 496 1387 προσέταξε
511 1334 612 1386 μόνον
628 1338 646 1373 6
659 1334 853 1382 Δεσπότης,
868 1336 928 1373 καὶ
943 1335 1067 1380 εὐθέως
1081 1340 1103 1383 ἡ
1119 1339 1187 1375 τῶν

164 1396 297 1435 ὑδάτων
319 1396 418 1449 φύσις
437 1396 612 1443 ὑπήκουσε
627 1398 677 1447 τῷ
699 1395 916 1447 ἐπιτάγματι
934 1401 994 1435 τοῦ
1015 1398 1187 1448 δημιουρ-

161 1461 244 1510 γοῦ,
278 1457 337 1496 καὶ
378 1457 545 1496 πάντοθεν
573 1456 794 1511 3συῤῥέουσα
819 1457 937 1496 πάντα
964 1457 1022 1496 τὸν
1053 1457 1185 1509 κόσμον

161 1518 340 1557 ἐπέκλυσε.
363 1518 431 1556 Καὶ
447 1518 486 1556 τὸ
502 1519 537 1556 ἐν
554 1517 816 1571 τεσσαράκοντα
848 1518 998 1572 ἡμέραις
1015 1518 1075 1557 καὶ
1096 1517 1186 1563 νυξὶν

160 1581 349 1630 ἐπαγαγεῖν
378 1580 436 1618 τὸν
457 1579 718 1630 κατακλυσμὸν,
746 1577 806 1616 καὶ
835 1582 935 1616 τοῦτο
963 1579 1070 1618 πάλιν
1090 1579 1186 1631 μέγι-

162 1656 242 1680 στον
269 1635 356 1684 εἶδος
384 1644 447 1688 τῆς
469 1643 573 1680 αὐτοῦ
594 1639 867 1693 φιλανθρωπίας.
898 1639 1088 1678 ’,Εὸούλετο
1119 1641 1186 1693 γὰρ

161 1701 219 1740 διὰ
238 1702 370 1749 πολλὴν
399 1702 599 1753 ἀγαθότῃτα
626 1701 690 1739 κᾶν
713 1700 820 1745 ἐνίους
844 1701 879 1745 ἐξ
907 1701 1021 1739 αὐτῶν
1047 1717 1186 1754 σωφρο-

160 1763 336 1807 νισθέντας
355 1765 531 1816 διαφυγεῖν
554 1762 617 1809 τὴν
640 1763 797 1808 παντελῆ
824 1761 1016 1810 ἀπώλειαν,
1035 1765 1188 1815 δρῶντας

163 1826 198 1862 ἐν
228 1826 417 1875 ὀφθαλμοῖς
448 1824 507 1862 καὶ
539 1827 607 1861 τῶν
631 1825 806 1874 ὁμογενῶν
828 1822 891 1870 τὴν
913 1822 1106 1871 ἀπώλειαν,
1126 1823 1186 1861 καὶ

160 1884 225 1932 τὴν
256 1866 450 1924 Ιμέλλουσαν
481 1884 603 1927 αὐτοὺς
632 1883 898 1936 καταλήψεσθαι
931 1882 1185 1936 πανωλεθρίαν.

162 1927 267 1990 Εἰκὸς
284 1945 352 1999 γὰρ
373 1947 408 1984 ἐν
426 1945 488 1996 μὲν
508 1949 551 1995 τῇ
571 1944 694 1998 πρώτῃ
719 1945 838 1998 ἡμέρᾳ
857 1945 1004 1997 φανερόν
1026 1961 1061 1983 τι
1085 1944 1186 1997 μέρος

160 2009 428 2055 ἐπικλυσθῆναι,
451 2007 510 2044 καὶ
529 2009 563 2044 ἐν
580 2009 623 2057 τῇ
641 2005 783 2058 δευτέρᾳ
797 2006 1001 2059 προσθήκην
1025 2007 1105 2045 τινὰ
1124 2022 1183 2057 γε-

157 2068 295 2107 νέσθαι·
313 2067 476 2111 ὡσαύτως
498 2068 558 2106 καὶ
586 2070 619 2106 ἐν
649 2070 692 2117 τῇ
712 2066 834 2118 τρίτῃ,
864 2067 923 2105 καὶ
949 2067 1081 2120 ἐφεξῆς.
1114 2068 1184 2106 Καὶ

159 2129 216 2167 διὰ
245 2133 344 2168 τοῦτο
377 2130 424 2173 εἷς
456 2128 717 2182 τεσσαράκοντα
753 2127 888 2181 ἡμέρας
915 2128 1096 2182 παρέτεινε
1122 2128 1182 2166 καὶ

157 2191 417 2243 τεσσαράκοντα
435 2189 580 2234 νύκτας,
607 2188 664 2227 ἵνα
695 2195 811 2227 πᾶσαν
846 2190 958 2227 αὐτῶν
993 2190 1183 2241 ἀπολογίας

154 2251 329 2304 πρόφασιν
345 2251 530 2303 περικόψῃ.
554 2252 598 2289 Εἰ
615 2250 683 2302 γὰρ
699 2249 862 2288 ἐὸούλετο
880 2251 939 2288 καὶ
959 2251 1183 2303 προσέταξεν,

154 2313 304 2358 ἠδύνατο
318 2311 377 2351 καὶ
397 2315 430 2350 ἐν
453 2319 516 2364 μιᾷ
536 2314 624 2364 ῥοπῇ
653 2309 699 2348 τὰ
723 2310 840 2349 πάντα
856 2311 1061 2360 ἐπικλύσαι,
1091 2313 1181 2352 ἀλλὰ

154 2372 217 2419 τὴν
235 2372 363 2411 οἷκείαν
382 2371 643 2425 φιλανθρωπίαν
659 2370 873 2423 μιμούμενος
891 2372 950 2411 καὶ
963 2376 1006 2425 τῇ
1026 2373 1178 2425 τοσαύτῃ

155 2433 351 2486 παρατάσει
364 2436 432 2472 τῶν
449 2437 588 2488 ἡμερῶν
605 2433 793 2487 ἐχρήσατο.
813 2427 902 2472 Εἶτά
917 2449 1034 2486 φησιν,
1055 2434 1117 2473 Ἐν
1136 2438 1179 2488 τῇ

155 2494 272 2548 ἡμέρα
289 2495 399 2544 ταύτῃ
417 2497 554 2541 εἰσῆλθε
572 2496 654 2534 Νῶε
673 2496 720 2538 εἷς
738 2493 802 2541 τὴν
817 2495 980 2544 κιὸωτὸν,
999 2496 1059 2534 καὶ
1075 2495 1180 2548 Σὴμ,

155 2554 214 2593 καὶ
235 2555 342 2607 Χὰμ,
373 2555 433 2594 καὶ
461 2555 599 2608 Ἰάφεθ,
627 2556 687 2594 καὶ
706 2559 727 2603 ἡ
754 2555 838 2607 γυνὴ
858 2561 917 2595 τοῦ
938 2557 1041 2603 Νῶε,
1063 2556 1122 2594 καὶ
1145 2560 1180 2596 αἱ

153 2621 245 2668 τρεῖς
261 2620 420 2665 γυναῖκες
441 2618 509 2653 τῶν
531 2618 613 2654 υἱῶν
642 2616 747 2653 αὐτοῦ
763 2645 773 2663 ,
794 2615 855 2653 καὶ
878 2615 995 2654 πάντα
1015 2615 1060 2654 τὰ
1077 2616 1179 2669 θηρία
1202 2626 1227 2656 D

154 2676 244 2715 κατὰ
269 2675 390 2727 γένος,
421 2676 580 2729 καθάπερ
609 2675 803 2714 ἐνετείλατο
833 2676 960 2730 Κύριος
977 2680 994 2715 6
1010 2677 1099 2721 Θεὸς
1129 2680 1180 2730 τῷ

155 2739 245 2776 Νῶε.
264 2737 363 2785 ”Οτε,
383 2738 498 2789 φησὶν,
524 2738 636 2790 ἀρχὴν
664 2737 769 2776 ἔλαὸε
790 2737 834 2776 τὰ
854 2742 912 2776 τοῦ
932 2740 1180 2790 κατακλυσμοῦ

154 2799 244 2837 κατὰ
262 2799 302 2838 τὸ
319 2799 531 2851 πρόσταγμα
552 2803 612 2838 τοῦ
632 2800 812 2838 Δεσπότου
827 2830 837 2848 ,
865 2801 1002 2846 εἰσ-’ἦλθε
1028 2802 1107 2839 Νῶε
1131 2802 1180 2845 εἷς

152 2859 216 2906 τὴν
235 2861 382 2899 κιὸωτὸν
405 2860 493 2911 μετὰ
514 2863 582 2899 τῶν
600 2863 683 2899 υἱῶν
703 2860 762 2898 καὶ
786 2862 850 2906 τῆς
867 2860 1029 2911 γυναικὸς
1057 2863 1177 2909 αὐτοῦ,

151 2920 212 2958 καὶ
229 2922 296 2958 τῶν
312 2923 484 2972 γυναικῶν
500 2923 569 2959 τῶν
588 2923 670 2960 υἱῶν
693 2923 817 2969 αὐτοῦ,
835 2921 896 2959 καὶ
909 2921 1024 2960 πάντα
1044 2920 1088 2959 τὰ
1110 2926 1176 2969 θη-

153 2981 208 3033 ρία
236 2983 326 3021 κατὰ
354 2983 462 3034 γένος.
493 2983 563 3022 Καὶ
591 2983 745 3032 ἔκλεισε,
770 2983 857 3036 φησὶ
872 3014 882 3032 ,
906 2983 1030 3037 Κύριος
1049 2987 1068 3022 6
1086 2984 1176 3028 Θεὸς

150 3042 271 3087 ἔξωθεν
288 3046 392 3082 αὐτοῦ
412 3045 475 3092 τὴν
492 3045 653 3084 κιὸωτόν.

182 3107 185 3109 ’
204 3105 336 3145 Σκόπει
355 3107 414 3145 καὶ
431 3110 577 3146 ἐνταῦθα
593 3106 716 3151 λέξεως
731 3105 1008 3157 συγκατάὸασιν.
1032 3106 1175 3146 Ἔκλει-

150 3182 206 3205 σεν
220 3170 238 3205 6
252 3167 341 3210 Θεὸς
354 3167 474 3212 ἔξωθεν
492 3170 596 3207 αὐτοῦ
611 3167 675 3215 τὴν
688 3167 853 3216 κιὸωτὸν,
870 3166 928 3205 ἵνα
943 3167 1064 3219 διδάξῃ
1080 3171 1175 3218 ἡμᾶς

149 3227 202 3267 ὅτι
220 3229 254 3266 ἐν
274 3227 447 3281 ἀσφαλείᾳ
472 3230 586 3281 πολλῇ
616 3227 810 3275 κατέστησε
833 3228 893 3267 τὸν
922 3227 1066 3267 δίκαιον.
1093 3227 1172 3267 ι’Τὸ

196 3346 208 3360 2·
233 3334 334 3369 Ssuil.
353 3343 385 3368 ct.
401 3334 454 3367 alii
473 3338 667 3381 welhe-'nanu

1105 155 1266 186 GENES.

1203 577 1251 602 275

166 604 366 655 τακλυσμὸς
392 605 543 657 γέγονεν,
579 605 669 644 ἀλλὰ
695 605 755 643 καὶ
782 605 840 643 τὸν
869 607 962 654 μ’ἧνα
992 604 1189 650 κατάδηλον
1215 614 1239 643 Α

1308 156 1464 188 uomit..
1505 160 1615 190 xxv.
2130 155 2221 215 275

1269 240 1333 277 10.
1353 241 1390 277 E
1394 249 1415 294 t·
1419 242 1570 290 sactum
1599 252 1654 282 est
1666 254 1751 296 post
1766 246 1848 285 dies
1862 257 2019 299 septem,
2034 250 2125 288 sicut
2139 266 2221 303 pro-

1267 298 1424 349 miserat,
1438 300 1570 351 inquit,
1583 303 1773 352 Dominus,
1785 313 1821 342 et
1838 320 1943 359 aqua
1960 308 2220 360 diluviisacta

1266 367 1322 396 est
1340 373 1453 411 super
1472 366 1652 412 certumst
1666 366 1700 403 1.
1715 367 1756 403 in
1769 370 2045 405 sexcentesimo
2061 383 2166 407 anno
2180 374 2221 408 in

1266 423 1353 458 vita
1375 421 1484 467 Noe',
1520 438 1649 462 mense
1678 427 1860 473 secundo,
1883 430 2070 465 vicesimo
2097 439 2132 467 et
2167 445 2222 468 se-

1263 485 1386 532 ptimo
1403 487 1557 522 mensis.
1571 485 1667 525 Vide
1679 487 1872 540 Scriptura:
1882 488 2120 540 diligentiam,
2133 506 2222 542 quo—

1267 542 1372 580 modo
1387 558 1455 582 non
1476 546 1591 584 solum
1615 562 1676 586 nos
1695 548 1816 588 docuit
1833 565 1905 601 quo
1918 565 2010 588 anno
2028 553 2159 590 sactum
2178 554 2223 592 sit

1264 601 1460 651 diluvium,
1477 606 1537 643 scd
1550 616 1584 644 et
1603 623 1673 658 quo
1693 624 1811 648 mense
1830 621 1862 649 et
1877 611 1949 649 die.
1970 613 2108 652 Deinde
2122 624 2159 652 ut
2179 629 2223 652 ex

1265 664 1467 703 narratione
1492 668 1748 708 emendatiores
1767 672 1891 710 reddat
1909 684 2079 725 posteros,
2106 684 2222 714 terro-

1263 736 1411 773 remque
1427 727 1474 762 rei
1492 736 1596 777 gesta:
1608 741 1764 779 augeret,
1778 732 1867 770 dicit
1885 736 1951 770 :In
1962 737 2025 773 die
2037 737 2106 774 illo
2119 740 2224 789 rupti

1263 792 1354 820 sunt
1369 788 1649 839 omnes-sontes
1666 792 1715 826 ab
1712 795 1816 838 yssi,
1849 803 1886 830 et
1910 804 2121 834 cataractae
2137 800 2224 836 coeli

1263 853 1406 895 apertoe
1419 855 1522 893 sunt,
1539 849 1603 885 12.
1622 851 1789 903 etsacca
1804 862 1859 890 est
1871 855 2007 905 pluvia
2019 871 2132 909 super
2145 868 2222 897 ter-

1262 917 1349 942 ram
1357 907 1624 959 quadraginta
1636 911 1768 949 diebus
1777 916 2089 968 etquadraginta
2105 923 2223 956 nocti-

1263 967 1346 1003 bus.
1379 967 1473 1007 Vide
1488 978 1619 1020 quanta
1647 971 1789 1011 dicendi
1809 978 2101 1028 attemperatione
2128 993 2223 1018 nunc

1260 1027 1369 1066 etiam
1385 1029 1499 1067 utitur
1516 1044 1615 1070 sacra
1629 1033 1813 1086 Scriptura
1831 1052 1838 1072 :
1856 1038 1974 1076 omnia
1992 1039 2087 1077 enim
2096 1054 2223 1079 secun—

1260 1086 1349 1125 dum
1356 1088 1549 1129 humanam
1558 1095 1851 1134 consuetudinem
1859 1097 2030 1149 loquitur.
2038 1102 2114 1139 Non
2125 1102 2222 1153 quod

1261 1158 1445 1189 cataractae
1464 1152 1534 1191 sint
1554 1153 1589 1192 in
1607 1155 1704 1204 caelo,
1723 1157 1782 1195 sed
1805 1159 1924 1198 omnia
1947 1175 2009 1212 per
2030 1163 2223 1202 familiaria

1261 1211 1365 1249 nobis
1394 1213 1503 1252 verba
1536 1215 1710 1267 loquitur,
1734 1219 1835 1269 quasi
1862 1220 1997 1261 diceret
2018 1239 2026 1259 :
2051 1226 2224 1278 Praecepit

1261 1280 1400 1311 tantum
1412 1275 1602 1326 Dominus,
1616 1287 1650 1316 et
1667 1279 1785 1318 statim
1802 1296 1975 1333 aquarum
1988 1294 2112 1323 natura
2126 1301 2221 1325 man-

1261 1332 1346 1371 dato
1358 1334 1564 1375 Conditoris
1581 1338 1754 1390 obedivit,
1775 1351 1809 1379 et
1828 1352 1866 1381 ut
1885 1345 2072 1392 confluxit,
2105 1355 2220 1385 totum

1261 1394 1383 1432 orbem
1400 1395 1605 1439 inundavit.
1625 1401 1706 1439 Jam
1727 1403 1823 1452 quod
1839 1404 2077 1456 quadraginta
2095 1407 2221 1446 diebus

1260 1463 1295 1493 et
1314 1456 1552 1509 quadraginta
1566 1461 1731 1500 noctibus
1751 1463 1941 1503 inductum
1956 1476 2008 1504 est
2021 1467 2217 1519 diluvium,

1259 1525 1294 1554 et
1314 1517 1406 1556 istuc
1420 1518 1540 1571 ipsum
1556 1520 1725 1561 bonitatis
1741 1525 1941 1564 maximum
1956 1528 2133 1579 specimen
2149 1540 2216 1569 est.

1259 1578 1415 1618 Volebat
1441 1579 1535 1618 enim
1556 1592 1703 1635 propter
1732 1599 1899 1638 magnam
1918 1588 2216 1640 misericordiam,

1258 1639 1384 1677 saltem
1400 1640 1538 1692 aliquos
1558 1657 1602 1681 ex
1617 1644 1668 1682 eis
1695 1646 1883 1698 castigatos
1908 1651 2108 1700 generalem
2126 1652 2219 1691 hanc

1258 1698 1533 1739 internecionem
1565 1703 1732 1755 effugere,
1754 1719 1836 1744 cum
1867 1717 1948 1746 ante
1978 1710 2100 1748 oculos
2122 1711 2219 1750 vide-

1257 1768 1335 1797 rent
1353 1769 1385 1798 et
1406 1775 1615 1813 congeneres
1634 1777 1716 1803 suos
1735 1766 1863 1817 perire,
1893 1777 1926 1806 et
1943 1768 2130 1810 imminere
2147 1772 2218 1810 sibi

1258 1833 1482 1859 communem
1497 1822 1693 1862 interitum.
1705 1824 1913 1866 Verisimile
1928 1829 2024 1867 enim
2038 1839 2090 1868 est
2099 1832 2216 1883 primo

1257 1880 1317 1919 die
1342 1881 1474 1920 bonam
1490 1883 1648 1935 aliquam
1680 1895 1818 1938 partem
1837 1887 1979 1928 diluvio
2002 1891 2164 1942 periisse,
2182 1902 2216 1931 et

1257 1941 1413 1980 secundo
1431 1942 1491 1981 die
1508 1945 1704 1984 accrevisse
1724 1947 1862 1998 aliquid
1877 1949 2010 1989 diluvii
2034 1967 2042 1987 :
2065 1961 2099 1990 et
2117 1952 2215 1991 simi—

1255 2002 1339 2041 liter
1359 2003 1418 2042 die
1442 2005 1558 2055 tertio,
1579 2016 1613 2045 et
1643 2008 1800 2059 reliquis.
1825 2012 1940 2061 Atque
1967 2011 2044 2050 ideo
2066 2013 2103 2052 in
2119 2029 2214 2064 qua—

1256 2063 1423 2115 draginta
1438 2065 1515 2104 dies
1534 2076 1567 2104 et
1582 2068 1819 2120 quadraginta
1839 2080 1958 2110 noctes
1970 2074 2158 2125 produxit,
2175 2086 2215 2114 ut

1255 2139 1397 2163 omnem
1421 2126 1636 2167 defensionis
1653 2129 1838 2169 obtentum
1859 2131 2041 2172 adimeret.
2065 2136 2155 2173 Nam
2183 2137 2215 2174 si

1255 2186 1427 2226 voluisset
1453 2197 1558 2239 atque
1586 2189 1806 2242 imperasset,
1834 2193 2005 2245 potuisset
2025 2195 2144 2234 omnia
2176 2197 2213 2235 in

1255 2261 1326 2285 uno
1347 2258 1527 2287 momento
1552 2249 1727 2290 inundare
1744 2267 1752 2288 :
1772 2253 1833 2291 sed
1855 2269 1921 2307 pro
1945 2269 2008 2293 sua
2027 2257 2212 2297 clementia

1253 2317 1350 2347 tanta
1361 2308 1503 2348 dierum
1517 2310 1755 2352 diuturnitate
1769 2325 1926 2354 ususest.
1950 2317 2089 2356 Deinde
2103 2318 2209 2358 dicit:

1254 2370 1317 2408 15,
1339 2372 1389 2407 In
1414 2372 1478 2409 die
1501 2372 1575 2410 illa
1607 2375 1774 2412 intravit
1795 2376 1880 2414 Noe·
1914 2379 1956 2414 in
1988 2392 2136 2426 arcam,
2173 2389 2210 2418 et

1250 2431 1351 2481 Sem,
1362 2440 1399 2470 et
1410 2433 1550 2480 Cham,
1563 2442 1600 2472 et
1614 2435 1800 2486 Japlaeth,
1818 2446 1855 2475 et
1867 2439 2068 2489 azor-Noe,
2083 2449 2118 2478 et
2133 2450 2209 2479 tres

1253 2505 1392 2531 uxores
1399 2494 1582 2546 filiorum
1612 2495 1733 2544 illius,
1757 2498 1820 2536 14.
1850 2506 1886 2535 et
1915 2512 2045 2538 omnes
2077 2502 2207 2540 bestiae

1251 2554 1462 2591 secundum
1471 2567 1606 2605 genus,
1631 2557 1693 2594 16.
1709 2559 1807 2594 sicut
1819 2569 2053 2610 praeceperat
2069 2562 2207 2601 Domi-

1253 2628 1325 2652 nus
1342 2616 1450 2653 Deus
1469 2617 1566 2653 Noe.
1581 2616 1884 2669 Qnando‚inquit,
1903 2620 2009 2672 coepit
2023 2620 2205 2662 diluvium

1251 2674 1448 2713 secundum
1480 2686 1698 2728 praeceptum
1725 2678 1884 2729 Domini,
1906 2679 2055 2720 intravit
2073 2684 2147 2723 Noe'
2157 2685 2204 2724 -in

1250 2749 1369 2774 arcam
1395 2750 1478 2774 cum
1503 2737 1589 2775 filiis
1609 2747 1644 2775 et
1666 2753 1778 2777 uxore
1799 2754 1879 2790 sua,
1906 2750 1939 2779 et
1959 2743 2134 2783 uxoribus
2153 2746 2202 2784 fi-

1250 2796 1382 2835 liorum
1408 2811 1566 2847 suorum,
1586 2808 1618 2836 et
1637 2812 1756 2837 omnes
1775 2800 1895 2839 bestiae
1923 2803 2118 2843 secundum
2144 2821 2203 2858 ge-

1250 2860 1384 2897 nus.Et
1401 2860 1558 2909 clausit,
1582 2859 1712 2911 inquit,
1722 2862 1915 2902 Dominus
1933 2865 2041 2904 Deus
2058 2868 2204 2919 deforis

1250 2921 1334 2971 ejus
1366 2933 1515 2957 arcam.

1302 3104 1339 3140 4.
1361 3102 1613 3142 Animadverte
1641 3104 1748 3143 etiam
1764 3105 1825 3145 hic
1847 3107 1948 3147 verbi
1977 3109 2023 3147 ad
2045 3119 2198 3149 nostram

1250 3163 1494 3202 infirmitatem
1529 3165 1902 3206 accommodationem.
1941 3169 2077 3209 Clausit
2105 3173 2200 3210 Deus

1250 3225 1444 3263 forinsecus
1463 3224 1560 3263 illius
1591 3240 1724 3277 arcam,
1745 3237 1784 3266 ut
1810 3228 1933 3268 doceat
1952 3245 1988 3269 se
2016 3234 2051 3269 in
2074 3246 2199 3284 magna

1241 3335 1256 3357 ι·
1280 3331 1464 3375 [επ-,ιφ
1481 3332 1540 3375 ει]

1983 3395 2039 3432 19.
