2516 3791
308 164 395 208 302
733 173 769 203 s.
809 170 992 203 Jomms
1029 167 1267 200 cuRYsosr.

99 280 193 311 potest
252 271 285 299 ad
301 258 422 307 statui,
436 271 504 296 non
520 256 616 308 quod
629 255 674 294 ad
686 256 814 294 animae
826 255 976 293 salutem
994 251 1164 304 perficere
1176 249 1252 285 haec

99 316 201 342 animae
243 323 286 341 sa-

98 356 203 382 lutem.

103 752 287 792 Rom.4.ti.

104 1121 194 1149 Rom.
211 1119 242 1156 4.
259 1119 290 1149 3.

108 1419 292 1460 llebr.11.4.

123 2408 198 2435 [sni.
219 2414 243 2433 t.
261 2404 306 2433 13.

301 320 413 372 possit
431 317 580 370 aliquid,
599 317 663 355 sed
682 326 720 354 ut
740 316 808 353 hoe
828 314 918 366 grati
939 311 1049 349 animi
1066 308 1252 355 indicium,

300 382 402 433 quasi
424 381 564 432 signum
590 388 622 417 et
647 378 807 429 sigillum
833 374 1099 412 circumferrent
1121 369 1252 416 Judaei,

300 452 334 481 et
361 456 403 480 ne
426 441 548 479 liceret
568 440 618 477 cis
637 435 857 476 commisceri
877 432 1036 485 gentium
1056 429 1252 482 congressi-

302 503 382 540 bus.

355 684 391 721 5.
421 682 513 719 Hinc
545 681 670 718 beatus
703 678 836 718 Paulus
860 676 1003 728 signum
1035 675 1104 712 hoc
1130 682 1255 719 vocat,

303 744 423 782 diceus
439 759 447 779 z
464 745 517 781 Et
536 745 686 794 signum
703 742 808 778 dedit
822 738 1134 783 circumcisionis,
1151 735 1256 786 sigil-

306 804 398 841 lum.
410 803 503 840 Nam
520 799 617 852 quod
631 798 861 851 adjustitiam
875 795 965 834 nihil
979 794 1166 841 conducat,
1179 805 1256 829 ecce

302 865 410 903 ethic
425 864 558 916 justus,
576 861 736 900 nondum
757 868 886 898 statuta
907 855 1190 897 circumcisione,
1209 852 1256 890 ad

302 924 464 963 eamdem
486 922 646 976 pervenit
674 922 855 960 virtutem.
874 917 921 955 Et
947 916 1037 968 quid
1057 915 1257 966 dico?1pse

302 983 505 1035 patriarcha
540 981 720 1019 Abraham
735 1009 744 1027 ,
776 978 985 1030 priusquam
1018 972 1258 1014 circumcisio-

303 1058 385 1081 nem
415 1043 614 1095 acciperet,
639 1041 710 1078 fide
738 1039 810 1077 sola
835 1036 1054 1090 justificatus
1079 1042 1142 1072 est.
1167 1033 1258 1070 Nam

304 1112 384 1141 ante
416 1101 741 1146 circumcisionem,
764 1097 895 1148 inquit,
925 1095 1097 1134 Credidit
1125 1093 1258 1130 Abra-

305 1165 398 1201 liam
418 1164 517 1209 Deo,
535 1171 572 1200 et
592 1168 810 1212 reputatum
831 1165 886 1195 est
902 1157 964 1194 illi
983 1157 1037 1193 ad
1047 1156 1257 1207 justitiam.

305 1223 404 1271 Quid
426 1224 536 1275 igitur
557 1222 731 1274 superbis,
751 1219 886 1268 Judaee,
907 1218 943 1255 in
964 1214 1258 1254 circumcisione?

307 1286 412 1323 Disce
438 1293 518 1322 ante
555 1283 646 1321 hanc
674 1281 784 1320 fuisse
809 1281 924 1332 justos
947 1277 1091 1316 multos.
1117 1275 1258 1313 Etenim

309 1346 397 1384 Abel
428 1345 500 1383 fide
531 1344 746 1383 oblationem
775 1342 872 1391 fecit,
896 1337 1198 1392 quemadmodum
1228 1345 1261 1374 et

309 1407 442 1445 Paulus
460 1405 549 1444 dicit
568 1422 575 1442 :
595 1406 694 1443 Fide
720 1406 934 1442 uberiorem
959 1402 1128 1439 hostiam
1148 1400 1259 1435 obtu-

309 1470 356 1507 lit
377 1468 484 1506 Abel
508 1469 607 1513 Deo,
628 1479 747 1518 quam
771 1466 870 1502 Cain
885 1479 895 1499 .-
910 1472 944 1501 et
963 1461 1087 1500 Enoch
1115 1461 1263 1498 transla-

309 1539 366 1567 tus
381 1538 445 1577 est,
461 1537 494 1566 et
507 1530 583 1566 Nee
597 1528 642 1566 ob
660 1526 812 1564 multam
822 1524 1000 1577 justitiam
1021 1530 1264 1574 tempestatem

1279 918 1303 947 F.

1307 163 1495 194 ARCHIEP
1504 182 1513 192 .
1553 162 1637 192 CON
1643 161 1890 193 STANTINOP
1901 182 1909 190 .

1323 247 1407 297 παρ’
1425 246 1528 282 αὐτοῦ
1549 243 1775 295 συνεχωρήθη
1787 272 1797 290 ,
1817 244 1941 282 σκόπει
1954 245 2013 281 τοῦ
2029 242 2154 294 χρόνου
2170 241 2348 293 προϊόντος

1324 305 1378 342 ὅτι
1405 303 1466 341 καὶ
1492 303 1685 355 περιτομὴν
1713 307 1973 354 νομοθετεῖσθαι
2003 302 2229 350 κατεδέξατο,
2257 305 2350 354 coo-L

1327 368 1373 408 ὡς
1393 364 1479 416 προς
1496 363 1560 410 τὴν
1578 367 1641 410 τῆς
1659 365 1775 416 ψυχῆς
1793 365 1968 417 σωτηρίαν
1989 364 2191 402 συντελέσαι
2207 380 2240 401 τι
2260 363 2348 401 ταύ-

1326 441 1388 472 της
1408 424 1622 475 δυναμένης,
1643 426 1718 462 ἀλλ’
1736 424 1793 462 ἰ’να
1811 425 1930 476 ὥσπερ
1945 425 2088 474 σημεῖόν
2104 441 2140 463 τι
2157 426 2215 463 καὶ
2234 440 2347 478 σφρα-

1326 487 1407 537 γῖδα
1424 484 1656 537 περιφέρωσι,
1685 485 1811 536 δεῖγμα
1832 488 1894 531 τῆς
1919 485 2047 529 οἰκείας
2066 485 2328 536 εὐγνωμοσύνης
2340 515 2349 532 ,

1328 549 1360 584 οἱ
1375 549 1443 584 τῶν
1460 544 1638 583 Ἰουδαίων
1652 545 1773 588 παῖδες
1784 574 1794 593 ,
1812 546 1872 582 καὶ
1892 545 1940 595 μὴ
1955 544 2011 596 ἐξῇ
2029 546 2143 588 αὐτοῖς
2159 545 2351 597 συναναφύ-

1330 610 1450 657 ρεσθαι
1469 610 1545 649 ταῖς
1562 609 1630 643 τῶν
1651 606 1758 643 ἐθνῶν
1779 605 1980 656 ἐπιμιξίαις.

1380 667 1448 706 Διὰ
1476 671 1576 721 τοῦτο
1607 666 1666 704 καὶ
1686 670 1704 705 6
1730 667 1901 720 μακάριος
1922 668 2063 710 Παῦλος
2094 672 2237 717 σημεῖον
2269 665 2352 703 αὐτὸ

1327 729 1426 765 καλεῖ
1445 726 1555 778 λέγων
1572 743 1580 750 ·
1606 727 1677 765 Καὶ
1705 733 1849 778 σημεῖον
1875 727 1981 766 ἔδωκε
2008 730 2216 781 περιτομῆς,
2243 741 2354 778 σφρα-

1327 789 1418 838 γῖδα.
1452 787 1538 826 ‘'O-:t
1569 787 1635 839 γὰρ
1670 788 1754 839 πρὸς
1786 788 1848 835 την
1884 787 2104 834 δικαιοσύνην
2137 786 2234 825 οὐδὲν
2265 785 2351 832 αὐτ-ὴ

1327 851 1504 896 συντελεῖ,
1526 849 1597 887 ἰδοὺ
1621 850 1679 886 καί
1695 843 1792 892 οὗτος
1811 853 1829 887 6
1849 849 1979 893 δίκαιος
1997 849 2144 899 μηδέπω
2167 851 2230 894 τῆς
2249 863 2352 899 περι-

1327 913 1437 960 τομῆς
1451 909 1740 960 νομοθετηθείσης
1759 911 1844 962 πρὸς
1863 910 2034 956 τοσαύτην
2051 910 2198 961 ἔφθασεν
2213 908 2352 960 ἀρετήν.

1330 969 1401 1007 Καὶ
1429 969 1462 1007 τί
1489 970 1599 1021 λέγω;
1622 972 1733 1014 Αὐτὸς
1748 974 1766 1008 ὁ
1781 971 2004 1023 πατριάρχης
2027 970 2208 1022 Ἀίραᾶμ,
2229 969 2310 1021 πρὶν
2330 969 2352 1014 ἢ

1329 1029 1392 1076 τὴν
1413 1031 1606 1081 περιτομὴν
1625 1031 1806 1078 δέξασθαι,
1827 1031 1896 1069 ἀπὸ
1910 1035 1971 1077 τῆς
1987 1031 2137 1073 πίστεως
2155 1032 2260 1080 μόνης
2280 1031 2353 1067 ἐδι-

1330 1091 1476 1136 καιώθη.
1503 1091 1578 1143 Πρὸ
1603 1091 1672 1143 γὰρ
1690 1095 1753 1138 τῆς
1771 1095 1984 1144 περιτομῆς,
2015 1092 2121 1143 φησι,
2154 1091 2213 1128 καὶ
2245 1090 2370 1128 Ἐπί-’

1331 1167 1452 1189 στευσε
1469 1150 1505 1189 δὲ
1525 1151 1685 1203 ’impube
1704 1154 1753 1203 τῷ
1773 1153 1875 1203 Θεῷ,
1904 1151 1964 1189 καὶ
1994 1151 2156 1202 ἐλογίσθη
2182 1153 2276 1202 αὐτῷ
2309 1152 2356 1194 εἷς

1333 1211 1566 1259 δικαιοσύνην.
1599 1211 1646 1249 Τί
1673 1211 1786 1250 τοίνυν
1825 1212 1916 1264 μέγα
1945 1217 2078 1264 φρονεῖς
2090 1239 2100 1257 ,
2130 1204 2158 1248 ὦ
2189 1211 2355 1258 Ἰουδαῖε,

1332 1273 1389 1312 ἐπὶ
1417 1277 1460 1326 τῇ
1489 1275 1684 1326 περιτομῇ;
1714 1276 1900 1321 Μοίνθανε,
1925 1274 1978 1311 ὅτι
1995 1273 2064 1325 πρὸ
2087 1271 2215 1319 ταύτης
2234 1271 2356 1310 πολλοὶ

1334 1335 1461 1373 δίκαιοι
1491 1334 1665 1386 γεγόνασι.
1700 1334 1770 1372 Καὶ
1789 1334 1856 1386 γὰρ
1875 1338 1892 1372 6
1913 1334 2018 1373 Ἄὸελ
2045 1336 2084 1372 ἐκ
2112 1333 2264 1376 πίστεως
2293 1332 2357 1379 τὴν

1334 1396 1567 1446 προσαγωγὴν
1586 1395 1787 1442 ἐποιήσατο,
1807 1396 1963 1448 καθάπερ
1986 1395 2046 1433 καὶ
2074 1394 2212 1437 Παῧλός
2231 1409 2335 1446 φησιν
2350 1409 2357 1415 ·

1335 1456 1461 1494 Πίστει
1479 1455 1622 1494 πλείονα
1642 1457 1760 1494 θυσίαν
1782 1455 1886 1495 Ἄὸελ
1913 1456 2011 1509 παρὰ
2030 1457 2118 1494 Κάϊν
2143 1455 2359 1508 προσήνεγκε

1334 1520 1385 1569 τῷ
1404 1519 1487 1569 Θεῷ
1500 1532 1507 1540 ·
1531 1517 1591 1555 καὶ
1606 1516 1725 1569 Ἑνὼχ
1756 1517 1922 1568 μετετέθη
1936 1548 1946 1565 ,
1964 1518 2024 1555 καὶ
2040 1520 2057 1555 ὃ
2074 1520 2153 1555 Νῶε
2182 1516 2272 1555 κατὰ
2296 1515 2361 1561 τὴν

309 1591 409 1628 illam
438 1589 689 1642 gravissimam
713 1586 855 1638 effugit3
885 1594 919 1622 et
952 1584 1136 1622 Abraham
1167 1592 1323 1637 ante,²59
1337 1577 1469 1624 πολλὴν
1503 1578 1722 1625 δικαιοσύνην
1742 1580 1781 1616 τὸ
1802 1578 1989 1616 κλυδώνιον
2022 1581 2132 1616 ἐκεῖνο
2149 1577 2189 1615 τὸ
2207 1576 2361 1628 χαλεπὸν

311 1652 403 1689 hanc
426 1651 472 1689 ob
497 1665 599 1688 suam
626 1651 663 1687 in
689 1650 808 1686 Deum
834 1647 942 1684 fidem
968 1645 1165 1684 celebratus
1183 1644 1263 1681 fuit.
1291 1651 1314 1677 A

312 1715 374 1753 Sic
396 1713 441 1750 ab
460 1711 563 1749 initio
577 1726 639 1763 per
658 1709 767 1748 fidem
781 1709 978 1746 humanum
994 1719 1104 1757 genus
1117 1705 1268 1742 salutem

313 1783 542 1825 assequutum
571 1781 634 1810 est.
656 1772 747 1810 sane
768 1778 952 1822 propterea
981 1766 1142 1819 permisit
1169 1765 1269 1803 heni-

313 1848 404 1886 gnus
421 1834 596 1872 Dominus
613 1832 787 1871 sacrificia
804 1829 874 1869 sibi
893 1828 1027 1874 efferri,
1041 1837 1082 1865 ut
1100 1827 1270 1878 quoniam

315 1905 441 1933 natura
460 1903 580 1932 nostra
606 1892 845 1945 imperfectius
865 1905 901 1928 se
927 1889 1094 1938 habebat,
1111 1888 1219 1926 simul
1238 1896 1272 1925 et

315 1971 416 1994 suam
433 1965 572 2007 gratam
587 1955 807 1994 voluntatem
827 1952 1022 2000 declarare,
1042 1959 1075 1988 et
1094 1949 1272 1987 idolorum

316 2018 556 2070 perniciosum
592 2016 729 2054 cultum
759 2015 915 2066 effugere
946 2012 1069 2065 possit.
1099 2012 1191 2049 Nam
1225 2011 1270 2058 si,

317 2093 400 2116 cum
422 2088 560 2116 tantum
576 2078 680 2115 nobis
700 2076 888 2114 indulserit
904 2069 1013 2121 Deus,
1034 2073 1139 2110 multi
1157 2082 1272 2110 tamen

317 2154 336 2177 a
356 2140 460 2177 ruina
490 2139 559 2177 sibi
589 2152 657 2176 non
685 2146 853 2175 caverunt
874 2152 880 2172 :
901 2135 931 2173 si
957 2135 1026 2172 hoc:
1048 2148 1115 2171 non
1132 2133 1274 2170 ‘fuisset

319 2201 465 2248 sactum,
486 2213 557 2250 quo
572 2207 676 2251 pacto
695 2197 776 2248 quis
795 2196 966 2234 damnum
984 2195 1052 2232 hoc
1069 2193 1274 2244 effugisset?

320 2262 373 2298 Et
391 2262 574 2298 odoratus
600 2267 654 2297 est
673 2260 862 2296 Dominus
891 2257 999 2293 Deus
1019 2255 1172 2292 odorem
1188 2256 1274 2306 sra-

319 2323 500 2373 grantiae.
521 2324 566 2358 At
581 2333 650 2357 non
671 2319 720 2356 ita
740 2327 792 2355 est
811 2317 856 2355 de
871 2316 1020 2368 ingratis
1039 2315 1175 2355 Judaeis
1191 2331 1198 2351 :
1213 2314 1274 2353 sed

322 2381 530 2433 quomedo?
562 2379 658 2418 Audi
687 2379 895 2431 prophetam
931 2376 1107 2414 dicentem
1130 2392 1136 2412 :
1168 2378 1200 2414 T
1200 2377 1273 2425 hy-

323 2447 469 2481 miama
494 2445 536 2480 in
566 2443 897 2480 abominationem
923 2440 1018 2476 milii
1044 2446 1097 2476 est
1129 2452 1140 2473 .·

1298 2259 1320 2289 R

1173 2451 1273 2488 quast

323 2504 483 2543 ostendat
496 2503 690 2542 voluntatis
703 2502 925 2539 offerentium
944 2499 1129 2537 malitiam.
1142 2499 1274 2545 Quem-

323 2565 518 2604 admodum
543 2564 638 2602 enim
668 2563 728 2601 hic
745 2561 833 2614 justi
862 2562 976 2599 virtus
998 2561 1138 2598 fumum
1163 2569 1196 2598 et
1220 2559 1275 2597 ni-

324 2628 447 2665 dorem
475 2626 557 2664 fecit
576 2625 723 2664 odorem
750 2622 951 2674 fragrantiae
970 2637 977 2658 ε
996 2622 1046 2659 sic
1070 2621 1167 2674 apud
1197 2621 1275 2659 illos

325 2688 550 2727 offerentium
583 2686 739 2737 nequitia
771 2685 860 2722 bene
890 2683 987 2720 olens
1013 2681 1211 2734 thymiama
1240 2682 1276 2719 in

326 2749 603 2787 abominabilem
632 2747 778 2784 odorem
804 2744 989 2782 convertit.
1012 2744 1127 2794 Igitur
1149 2743 1279 2793 ubique

327 2810 545 2856 studeamus,
565 2822 697 2859 quaeso,
714 2816 865 2845 mentem
883 2806 1007 2842 afferre
1026 2805 1277 2856 incorruptam.

330 2872 413 2908 llaec
433 2869 528 2907 euim
552 2883 654 2906 causa
686 2877 737 2905 est
763 2867 923 2906 omnium
946 2867 1137 2904 bonorum.
1162 2866 1280 2903 Bonus

330 2934 423 2971 euim
454 2931 630 2969 Dominus
658 2944 726 2968 non
752 2928 937 2968 cousuevit
963 2926 1141 2965 attendere
1166 2926 1210 2964 ad
1242 2941 1279 2963 ea
1305 2934 1328 2963 C

331 3007 409 3043 quae
427 3006 446 3029 a
466 2992 567 3029 nobis
591 2992 695 3036 fiunt,
713 2990 772 3028 sed
800 2989 845 3027 ad
873 2989 1045 3026 internam
1075 2997 1241 3035 mentem,
1263 3001 1281 3024 a

331 3068 414 3105 qun.
438 3063 476 3090 ut
504 3053 577 3090 lizec
601 3052 783 3100 suciamus,
808 3051 1047 3103 impellimur,
1071 3059 1103 3087 ct
1128 3049 1173 3087 ad
1193 3049 1282 3087 hanc

332 3125 492 3167 spectans
509 3115 562 3151 vol
586 3114 759 3166 approbat
783 3128 820 3151 ea
840 3127 918 3164 ‹111ae
938 3127 957 3149 a
979 3112 1080 3149 uobis
1102 3112 1207 3157 siunt,
1231 3110 1284 3147 vel

331 3192 528 3221 aversatur.
559 3184 680 3232 ltaque
708 3182 782 3219 sive
811 3195 1018 3232 precemur,
1045 3179 1122 3217 sive
1146 3179 1284 3231 jejune-

1340 1638 1478 1691 διέφυγε
1493 1654 1500 1662 ·
1518 1639 1578 1676 καὶ
1600 1642 1618 1676 ὁ
1634 1639 1793 1690 Ἀξραὰμ
1817 1639 1885 1691 πρὸ
1910 1639 2041 1686 ταύτης
2068 1638 2137 1676 ἀπὸ
2155 1642 2217 1685 τῆς
2233 1640 2280 1680 εἰς
2304 1639 2362 1674 τὀν

1340 1701 1429 1738 Θεὸν
1452 1700 1602 1742 πίστεως
1629 1701 1861 1753 ἀνεκηρύχθη.
1884 1701 2007 1744 Οὕτως
2025 1701 2153 1738 ἄνωθεν
2171 1699 2230 1738 καὶ
2248 1699 2283 1743 ἐξ
2304 1701 2364 1749 ἀρ-

1340 1764 1407 1812 χῆς
1426 1762 1496 1799 ἀπὸ
1514 1761 1664 1803 πίστεως
1682 1761 1721 1799 τὸ
1740 1764 1808 1798 τῶν
1829 1761 2019 1814 ἀνθρώπων
2045 1762 2140 1813 γένος
2164 1763 2226 1806 τῆς
2245 1775 2364 1806 σωτη-

1345 1822 1420 1874 ρίας
1440 1822 1600 1874 ἐπέτυχε.
1620 1823 1688 1860 Διά
1708 1838 1761 1860 τοι
1787 1827 1887 1861 τοῦτο
1915 1823 1975 1861 καὶ
1995 1823 2057 1867 τὰς
2074 1822 2192 1866 Θυσίας
2211 1820 2367 1873 συνεχώ-

1347 1899 1449 1935 ρησεν
1469 1886 1487 1921 ὁ
1505 1883 1746 1936 φιλάνθρωπος
1773 1884 1954 1930 Δεσπότης
1982 1886 2077 1936 αὐτῷ
2108 1883 2366 1934 προσάγεσθαι,

1344 1945 1401 1982 ἵνα
1421 1945 1541 1991 ἐπειδὴ
1562 1944 1613 1982 ἔτι
1634 1945 1858 1997 ἀτελέστερον
1879 1945 2026 1984 διέκειτο
2057 1949 2079 1992 ἡ
2112 1945 2210 1997 φύσις
2234 1947 2256 1991 ἡ
2284 1947 2370 1994 ἡμε-

1345 2006 1447 2057 τέρα,
1467 2010 1554 2056 ὁμοῧ
1581 2006 1641 2044 καὶ
1670 2007 1732 2053 τὴν
1758 2006 1888 2045 οἰκείαν
1912 2007 2176 2057 εὐγνωμοσύνην
2202 2005 2266 2058 ἔχῃ
2297 2007 2372 2043 ἐπι-

1347 2067 1563 2114 δείκνυσθαι,
1582 2067 1718 2112 καὶτῆς
1737 2068 1823 2118 πρὸς
1842 2071 1885 2105 τὰ
1907 2069 2035 2106 εἴδωλα
2051 2067 2236 2119 θεραπείας
2254 2066 2369 2117 πάντῃ

1347 2127 1496 2179 διαφύγῃ
1514 2128 1577 2174 τὴν
1593 2127 1721 2178 λύμην.
1742 2130 1786 2166 Εἰ
1801 2129 1868 2180 γὰρ
1880 2158 1891 2177 ,
1915 2129 1975 2166 καὶ
2000 2129 2169 2175 τοσαύτης
2185 2129 2371 2180 γενομένης

1347 2189 1641 2239 συγκαταῧάσεως
1655 2219 1664 2236 ,
1687 2189 1780 2239 ὅμως
1797 2193 1828 2227 οἱ
1845 2191 1966 2228 πολλοὶ
1982 2191 2019 2227 οὐ
2035 2190 2192 2242 διέφυγον
2218 2191 2275 2228 τὸν
2295 2190 2368 2227 ὀλι·

1347 2254 1440 2299 σθον,
1456 2253 1486 2288 εἷ
1503 2250 1551 2300 μὴ
1574 2253 1675 2288 τοῦτο
1692 2250 1810 2302 γέγονε
1824 2281 1833 2299 ,
1854 2254 1928 2294 πῶς
1944 2251 1985 2288 ἄν
2004 2266 2056 2294 τις
2072 2254 2134 2298 τὴν
2155 2254 2280 2289 ἐκεῖθεν
2298 2251 2369 2289 διέ-

1346 2327 1431 2364 φυγε
1456 2311 1611 2363 βλάέην,
1643 2313 1713 2359 Καὶ
1741 2313 1928 2364 ὠσφροίνθη
1950 2313 2076 2364 Κύριος
2100 2315 2118 2350 ὁ
2147 2313 2236 2356 Θεὸς
2255 2312 2368 2363 ὀσμὴν

1347 2372 1502 2415 εὐωδίας.
1521 2372 1610 2409 Ἀλλ’
1635 2374 1696 2410 οὐκ
1721 2373 1862 2411 ἐπὶτῶν
1883 2374 2093 2424 ἀγνωμόνων
2114 2373 2292 2412 Ἰουδαίων
2311 2375 2369 2412 οὕ-

1346 2449 1431 2476 τως·
1450 2433 1539 2471 ἀλλὰ
1566 2433 1619 2480 τί,
1646 2433 1768 2471 Ἄκουε
1796 2438 1855 2472 τοῦ
1889 2436 2067 2487 προφήτου
2100 2434 2276 2486 λέγοντος,
2295 2439 2369 2475 Θυ-

1349 2495 1464 2545 μίαμα
1484 2497 1532 2538 εἰς
1553 2495 1732 2546 βδέλυγμα
1750 2496 1809 2546 μοί
1825 2499 1898 2535 ἐστι
1914 2526 1924 2544 ,
1951 2498 2137 2550 μονονουχὶ
2158 2499 2370 2542 δεικνύοντος

1346 2561 1408 2604 τῆς
1435 2557 1670 2609 προαιρέσεως
1701 2560 1770 2595 τῶν
1800 2558 2045 2611 προσαγόντων
2071 2558 2135 2606 τήν
2162 2559 2369 2612 μοχθηρίαν.

1347 2618 1516 2670 Καθάπερ
1541 2618 1608 2670 γὰρ
1631 2620 1777 2656 ἐνταῦθα
1800 2623 1821 2665 ἡ
1845 2623 1904 2657 τοῦ
1926 2619 2059 2658 δικαίου
2089 2620 2196 2672 ἀρετὴ
2222 2621 2279 2659 τὸν
2299 2636 2369 2659 κα-

1349 2680 1433 2717 πνὸν
1452 2679 1511 2717 καὶ
1528 2679 1589 2726 τὴν
1608 2681 1750 2718 κνίσσαν
1777 2680 1889 2731 ὀσμὴν
1914 2682 2057 2725 εὐωδίας
2084 2682 2292 2734 εἰργάσατο,
2312 2682 2371 2721 ού-

1351 2757 1417 2785 τως
1448 2744 1501 2780 ἐπ’
1533 2742 1672 2780 ἐκείνων
1704 2746 1722 2789 ἡ
1753 2745 1820 2780 τῶν
1861 2743 2106 2795 προσαγόντων
2142 2745 2293 2797 πονηρία
2332 2746 2372 2784 τὸ

1353 2803 1512 2853 θυμίαμα
1531 2803 1570 2841 τὸ
1589 2804 1711 2846 εὐῶδες
1725 2806 1794 2848 ’Ἱεῖς
1815 2805 1994 2856 βδέλυγμα
2009 2807 2244 2858 ὀσφρανθῆναι
2257 2823 2372 2861 παρε-

1353 2867 1513 2905 σκεύασε.
1532 2867 1720 2917 Πανταχοῧ
1742 2867 1855 2904 τοίνυν
1877 2869 2140 2920 σπουδάζωμεν,
2157 2872 2373 2922 παρακαλῶ,

1354 2927 1494 2978 γνώμην
1531 2930 1609 2979 ὑγιῆ
1642 2928 1908 2967 ἐπιδείκνυσθαι.
1937 2930 2032 2977 Αὕτη
2066 2930 2134 2982 γὰρ
2161 2931 2256 2968 αἰτία
2281 2931 2375 2984 γίνε-

1356 3008 1413 3029 ται
1446 2992 1585 3029 πάντων
1619 2993 1688 3028 τῶν
1727 2993 1878 3041 ἀγαθῶν.
1911 2991 1956 3030 ‘0
1988 2992 2056 3044 γὰρ
2084 2993 2209 3043 ἀγαθὸς
2240 2994 2374 3032 Δεσπό-

1354 3069 1415 3099 της
1437 3055 1474 3091 οὐ
1503 3059 1574 3096 τοῖς
1594 3054 1676 3105 παρ’
1698 3055 1797 3103 ἡμῶν
1820 3053 2012 3104 γινομένοις
2041 3056 2225 3105 προσέχειν
2257 3055 2374 3094 εἴωθεν

1354 3119 1399 3159 ὡς
1430 3119 1472 3167 τῇ
1507 3116 1639 3153 ἔνδοθεν
1671 3115 1826 3169 διανοίᾳ,
1865 3117 1922 3167 ἀφ’
1959 3111 1999 3162 ἧς
2035 3117 2233 3169 ὁρμώμενοι
2264 3121 2375 3156 ταῦτα

1355 3180 1662 3231 διαπραττόμεθα,
1697 3179 1756 3216 καὶ
1785 3179 1869 3231 πρὸς
1891 3179 2024 3225 ἐκείνην
2060 3181 2240 3230 βλέπωνῆ
2269 3196 2375 3232 προσ-

376 3311 388 3324 c
417 3302 534 3343 ingens
559 3299 695 3341 qua-stit)
723 3306 788 3334 est,
810 3305 917 3329 utrum
942 3297 1150 3328 circumcisio
1179 3294 1338 3337 μανία-νη
1373 3306 1423 3327 res
1445 3293 1572 3336 plenius
1595 3292 1793 3326 tractabitur
1808 3295 1918 3327 Touio
1935 3294 2063 3328 ultimo.

332 3352 372 3386 uz*
393 3353 543 3386 :zum-m,
567 3351 603 3384 ld
625 3359 719 3394 negat
744 3351 805 3383 hot·
830 3350 903 3382 lot-0
921 3350 1178 3392 Chrys-nstomws
1200 3362 1203 3378 :
1226 3360 1336 3380 vcruru

1417 3359 1429 3371 ἢ
1456 3347 1514 3379 Aizi
1533 3352 1740 3390 ifsf3'152'17st2
1762 3353 1893 3391 issiu«.
