2516 3791
641 206 646 209 “
683 198 720 230 ΙΝ
759 199 862 230 CAl‘.
901 198 1025 231 xxvi.

98 294 187 334 ὥστε
223 293 258 332 δὲ
285 292 411 332 εἰδέναι
435 294 525 343 ὑμᾶς
548 294 666 344 σαφῶς
699 297 765 331 ποῧ
790 293 846 330 τὸν
866 291 967 341 λόγον
995 290 1118 344 πρῴην

98 354 348 405 κατελύσαμεν,
374 353 432 392 καὶ
450 352 526 391 ὅθεν
548 352 648 390 αὐτὸν
674 353 845 407 προσήκει
865 352 1016 404 σήμερον
1038 355 1119 389 ἀνα-

96 415 228 463 λαὸεῖν,
260 417 446 466 ἀναγκαῖον
467 416 669 464 ὑπομνῆσαι
694 413 757 459 τὴν
777 412 945 465 ὑμετέραν
963 411 1117 463 ἀγάπην.

95 477 139 515 Εἰ
157 475 224 529 γὰρ
248 475 307 513 καὶ
330 474 425 513 αὐτοὶ
448 474 504 513 διὰ
523 475 562 512 τὸ
582 476 727 518 πολλαῖς
754 474 910 526 φροντίσι
943 472 1121 524 περιέλκε·

95 539 173 574 σθαι
193 535 273 579 ἴσως
290 535 495 582 ἐπιλέλησθε
507 565 515 578 ,
539 536 613 574 ἀλλ’
630 535 706 586 ἐμοὶ
722 535 891 588 προσήκει
902 536 949 578 εἷς
963 532 1120 583 ὑπόμνη-

93 611 146 633 σιν
173 599 263 647 ὑμᾶς
295 599 456 648 ἀγαγεῖν,
479 595 534 634 ἵνα
563 596 620 634 διὰ
648 599 710 643 τῆς
744 595 884 647 μνήμης
912 593 1121 645 σαφέστερος

92 659 173 708 ὑμῖν
193 661 210 696 ὁ
228 657 327 709 λόγος
344 657 486 708 γένηται
508 660 526 696 ὃ
556 657 691 708 μέλλων
716 657 866 709 σήμερον
896 655 1120 708 ῥηθήσεσθαι.

92 715 186 756 Ἴστε
207 717 280 756 “ὁ’τι
314 718 481 771 πρότερον
511 721 573 764 τῆς
589 717 779 760 Ῥεὸέκκας
797 717 837 754 τὸ
862 715 1019 768 φιλόθεον
1039 715 1118 760 διη-

90 778 277 829 γούμενος,
308 781 465 817 κάκεῖθεν
500 778 558 816 ἐπὶ
588 778 646 815 τὸν
667 777 780 815 Ἡσαῦ
813 777 872 814 καὶ
904 776 962 814 τὸν
989 773 1120 813 Ἰακὼὸ

91 841 265 886 ἐλθόντες,
294 843 364 878 ἐκεῖ
393 839 679 890 κατηντήσαμεν,
708 838 789 876 ἔνθα
825 837 867 876 τὰ
900 835 1121 889 πρωτοτόκια

91 900 239 938 ἀπέδοτο
258 903 308 953 τῷ
328 899 458 938 ’la-AM
474 903 492 938 ὃ
512 898 646 947 ἹΙσαῦ,
667 901 727 936 τοῦ
751 898 930 950 ἑψήματος
961 897 1119 936 ἀπολαύ-

90 975 169 1008 σας,
185 961 245 999 καὶ
266 960 323 999 διὰ
342 960 402 1007 τὴν
417 963 479 1006 τῆς
497 963 626 1013 τροφῆς
643 958 828 1010 ἐπιθυμίαν
846 962 909 1006 τῆς
932 957 1122 1011 προεδρίας

90 1022 210 1060 ἑαυτὸν
237 1021 468 1074 ἀπεστέρησε.
511 1022 625 1060 Τοῦτο
663 1020 698 1060 δὲ
735 1019 866 1072 ἐγίνετο
895 1022 960 1073 οὐχ
983 1020 1124 1067 ἁπλῶς,

89 1083 166 1120 ἀλλ’
196 1082 252 1121 ἵνα
267 1086 289 1129 ἡ
306 1086 366 1120 τοῦ
388 1085 480 1121 Θεοῦ
504 1081 696 1135 πρόρρησις
718 1083 775 1121 διὰ
799 1085 868 1121 τῶν
889 1081 998 1135 ἔργων
1030 1083 1122 1128 πλη-

90 1147 182 1196 ρωθῇ
200 1147 222 1191 ἡ
241 1145 410 1195 λέγουσα,
430 1144 500 1183 Τὸν
522 1143 652 1183 Ὶακὼὸ
669 1143 839 1196 ἠγάπησα
851 1174 860 1191 ,
879 1144 937 1182 τὸν
954 1143 989 1182 δὲ
1007 1143 1121 1182 Ἡσαῦ

91 1206 257 1257 ἐμίσησα.
277 1206 425 1254 Ἰίπειδὴ
444 1205 511 1259 γὰρ
533 1208 580 1250 ὡς
599 1207 687 1250 Θεὸς
702 1205 746 1244 τὰ
767 1205 939 1258 μέλλοντα
957 1205 1122 1260 προῄδει,

94 1268 360 1321 προανεφώνησε
382 1267 441 1306 καὶ
467 1267 589 1306 τούτου
607 1267 669 1314 τὴν
700 1267 838 1320 ἀρετὴν,
870 1267 1029 1305 κάκείνου
1060 1269 1123 1313 τῆς

86 1327 230 1380 γνώμης
258 1329 321 1376 τὴν
353 1328 562 1383 μοχθηρίαν.
588 1327 661 1367 ι’Τί
695 1329 731 1367 δέ
757 1331 833 1368 ἐστι
865 1331 968 1367 τοῦτο
995 1328 1035 1367 τὸ
1053 1331 1122 1366 τῶν

85 1389 356 1442 πρωτοτοκίων,
395 1392 439 1428 Εἰ
469 1390 528 1428 καὶ
556 1389 605 1441 μὴ
638 1389 716 1429 τότε
742 1393 760 1428 ὁ
790 1389 909 1442 καιρὸς
931 1388 1122 1442 ἐπέτρεπεν

85 1452 191 1490 εἰπεῖν
213 1452 270 1490 ἐπὶ
292 1454 353 1498 τῆς
369 1451 538 1504 ὑμετέρας
565 1452 726 1503 ἀγάπης,
744 1454 822 1490 ἀλλ’
843 1455 1032 1502 ἀναγκαῖον
1063 1455 1122 1490 νῦν

85 1514 175 1563 ὑμᾶς
198 1513 345 1557 διδάξαι.
378 1512 538 1564 Μεγίστη
570 1512 639 1565 γὰρ
670 1506 760 1551 εἶναι
788 1512 874 1564 τιμὴ
909 1512 949 1551 τὸ
970 1513 1121 1551 παλαιὸν

83 1573 276 1624 ἐνομίζετο·
295 1575 377 1627 ἔσχε
401 1574 436 1613 δὲ
464 1577 526 1621 τῆς
551 1577 658 1624 τιμῆς
683 1574 747 1622 τὴν
774 1574 937 1614 ὑπόθεσιν
954 1577 1120 1613 ἐντεῦθεν.

84 1633 210 1672 Ἡνίκα
229 1635 268 1673 τὸ
283 1639 351 1674 τῶν
372 1635 602 1688 Ἰσραηλιτῶν
618 1634 712 1679 ἔθνος
727 1639 790 1682 τῆς
813 1635 989 1687 Αἰγύπτου
1008 1636 1121 1674 ἀπαλ-

85 1694 186 1739 λάξαι
209 1695 368 1734 ἐῧούλετο
383 1700 401 1734 ὁ
420 1699 488 1734 τῶν
509 1695 597 1734 ὅλων
617 1697 726 1744 Θεὸς,
758 1697 817 1735 καὶ
835 1699 898 1743 τῆς
923 1697 1121 1750 τυραννίδος

85 1758 314 1811 ἐλευθερῶσαι
339 1763 399 1797 τοῦ
425 1760 564 1813 Φαραῶ
586 1757 642 1796 διὰ
666 1757 730 1805 τὴν
749 1758 834 1811 πρὸς
862 1758 921 1796 τὸν
948 1759 1121 1812 πατριάρ-

83 1835 150 1870 χην
172 1819 397 1871 ἐπαγγελίαν,
424 1820 669 1864 ἀντιτείνοντος
688 1819 749 1858 καὶ
768 1820 929 1872 κατέχειν
953 1821 1119 1872 βουλομέ-

82 1895 140 1918 νου
161 1879 239 1918 τότε
254 1885 313 1919 τοῦ
331 1880 543 1932 Αἰγυπτίου,
565 1881 654 1932 μετὰ
679 1880 741 1925 τὰς
770 1881 953 1935 διαφόρους
978 1882 1119 1934 πληγὰς

243 1942 453 1995 εέπαγαγὼν
490 1942 553 1990 τὴν
588 1943 728 1995 πληγὴν
748 1946 766 1981 ὁ
793 1943 975 1990 Δεσπότης
1002 1945 1117 1982 τελευ-

83 1941 213 1990 ταύτην

83 2003 198 2051 ταίαν,
235 2004 416 2056 μονονουχὶ
455 2011 531 2047 ταῖς
565 2004 709 2048 οἰκείαις
744 2003 844 2058 χερσὶ
878 2004 1117 2058 παρεσκεύασε

82 2064 158 2109 τοὺς
199 2065 409 2118 Αἰγυπτίους
442 2065 568 2109 ἐξῶσαι
591 2065 631 2104 τὸ
657 2069 725 2104 τῶν
749 2066 978 2118 Ἰσραηλιτῶν
1009 2065 1114 2109 ἔθνος.

82 2125 219 2179 Ἀθρόον
247 2126 314 2179 γὰρ
335 2126 475 2164 πάντων
502 2129 572 2164 τῶν
604 2126 806 2178 Αἰγυπτίων
828 2126 873 2164 τὰ
903 2125 1115 2179 πρωτότοκα

82 2189 304 2240 ἀναιρεθῆναι
335 2187 527 2240 προσέταξε

79 2247 190 2286 οἰκίαν
218 2247 374 2300 οἰμωγὰς
407 2248 467 2286 καὶ
499 2248 649 2301 δάκρυα·
680 2248 740 2286 καὶ
767 2247 843 2287 οὐδὲ
867 2247 972 2302 μέχρι
990 2248 1113 2286 τούτου

79 2312 203 2355 στῆναι
238 2309 393 2361 ἐνόμιζον
413 2308 476 2356 τὴν
498 2309 660 2357 ἀπειλὴν,
680 2310 758 2348 ἀλλ’
790 2312 828 2348 ἐκ
855 2310 975 2348 τούτου
1003 2326 1115 2363 προσ-

78 2370 204 2408 εδόκων
220 2370 280 2408 καὶ
301 2370 358 2408 ἐπὶ
380 2370 513 2414 πάντας
530 2372 599 2423 ὁδῶ
617 2370 803 2422 βαδίζοντα
830 2369 1029 2409 ἐλεύσεσθαι
1053 2372 1112 2410 τὸν

78 2431 238 2471 θάνατον.
258 2432 362 2470 Ἐπεὶ
390 2426 447 2470 οῦν
463 2435 533 2470 τῶν
551 2435 584 2471 ἐν
602 2432 770 2485 Αἰγύπτῳ
788 2433 929 2472 πάντων
950 2435 1018 2470 τῶν
1034 2449 1112 2484 γεν-

76 2493 239 2545 νωμένων
258 2493 490 2546 πρωτοτόκων
510 2493 633 2548 ἀθρόον
647 2497 666 2532 ὃ
680 2494 826 2539 θάνατος
852 2493 1003 2546 γέγονεν,
1023 2497 1054 2533 οἱ
1075 2493 1112 2533 δὲ

76 2554 295 2608 Ἰσραηλῖται
318 2558 382 2601 τῆς
406 2555 536 2593 ἄνωθεν
558 2558 666 2608 ῥοπῆς
690 2554 924 2599 ἀπολαύοντες
944 2555 1112 2601 ἀὸλαὸεἰς

76 2615 242 2666 διέμενον,
256 2615 389 2659 δεικνὺς
406 2617 466 2654 καὶ
491 2615 547 2654 διὰ
566 2616 685 2655 τούτου
704 2616 768 2664 τὴν
795 2617 876 2669 περὶ
898 2615 1019 2661 αὐτοὺς
1047 2616 1107 2656 εὔ-

74 2692 168 2714 νοιαν
180 2680 198 2715 ὁ
212 2679 280 2714 τῶν
294 2677 383 2716 ὅλων
403 2677 504 2726 Θεὸς,
521 2677 597 2716 ἀντὶ
614 2681 676 2724 τῆς
693 2678 902 2731 ἀναιρέσεως
920 2681 989 2716 τῶν
1012 2695 1108 2732 πρω-

74 2737 225 2776 τοτόκων
245 2738 396 2786 ἐκείνων,
422 2738 467 2777 τὰ
486 2739 694 2792 πρωτότοκα
723 2741 792 2778 τῶν
809 2739 989 2778 Ἰουδαίων
1012 2742 1107 2794 αὐτῷ

75 2798 271 2837 ἀνατιθέναι
304 2801 423 2838 λοιπὸν
444 2800 665 2853 προσέταξεν.
684 2800 863 2840 Ἐντεῦθεν
880 2801 941 2840 καὶ
968 2806 990 2850 ’ἡ
1022 2803 1106 2841 Λευὶ

73 2858 163 2911 φυλὴ
186 2861 231 2903 εἷς
245 2859 439 2912 ἱερουργίαν
455 2861 635 2915 ἀφωρίσθη
649 2892 659 2910 ,
684 2861 743 2901 καὶ
762 2861 797 2907 ἐξ
820 2864 950 2902 ἐκείνου
973 2866 1011 2904 οὐ
1035 2865 1104 2916 μό-

73 2936 127 2958 νον
143 2922 211 2957 τῶν
230 2918 421 2972 ἀνθρώπων
435 2921 480 2959 τὰ
494 2921 699 2973 πρωτότοκα
718 2923 913 2964 ἀνετίθεντο
933 2927 983 2978 τῷ
997 2926 1080 2978 Θεῷ
1091 2956 1101 2974 ,

538 2218 547 2235 ,
572 2187 632 2226 καὶ
665 2183 707 2234 ἦν
738 2189 820 2226 ἰδεῖν
853 2190 931 2225 καθ’
962 2187 1114 2234 ἑκάστην

1064 195 1226 229 GENES.
1267 196 1421 227 uomit„
1465 195 1524 227 Lt.

2083 204 2103 246 7
2114 199 2137 245 7

1189 294 1303 333 nuper
1321 293 1516 319 sermonem
1533 279 1681 318 missum
1693 278 1891 327 fecerimus,
1911 287 1943 316 et
1966 278 2058 317 unde
2079 279 2140 316 lio-

1188 341 1246 379 die
1265 340 1496 380 resumendus
1516 340 1575 388 sit,
1589 354 1628 378 ea
1639 353 1718 390 quae
1739 353 1846 391 supra
1864 337 1959 376 dicta
1975 348 2070 386 sunt,
2084 354 2142 376 ve-

1188 411 1269 440 strae
1288 402 1426 440 caritati
1439 401 1474 440 in
1489 400 1696 440 memoriam
1715 401 1843 438 referre
1855 413 1969 452 operae
1988 399 2143 451 pretium

1188 462 1305 500 suerit.
1323 463 1484 501 Tametsi
1500 463 1595 501 enim
1613 476 1687 511 vos,
1704 461 1790 512 quia
1810 460 1935 498 multis
1953 460 2048 498 curis
2069 459 2143 498 dis-

1190 522 1389 572 trahimini3
1412 538 1534 561 eorum
1554 524 1644 561 forte
1675 522 1777 560 obliti
1809 522 1905 570 estis,
1933 520 1997 559 sed
2025 535 2145 559 meum

1188 592 1239 620 est
1260 592 1298 620 ut
1317 584 1353 620 in
1370 584 1577 621 memoriam
1594 583 1694 621 vobis
1705 582 1871 621 reducam
1882 597 1933 631 ea,
1944 596 2016 633 quo
2030 596 2145 620 sermo

1187 643 1295 682 hodie
1311 643 1486 682 dicendus
1497 645 1716 682 manifestior
1736 644 1838 682 vobis
1852 644 1910 681 sit.
1928 643 2036 681 Scitis
2051 643 2145 682 enim

1189 719 1252 743 nos
1263 720 1375 758 nuper
1398 705 1564 743 Rebecca:
1585 705 1750 757 pietatem
1768 714 1981 753 enarrantes,
2002 704 2083 742 inde
2098 703 2146 743 ad

1190 766 1286 804 Esau
1300 775 1334 804 et
1353 766 1464 806 Jacob
1487 765 1684 813 devenisse,
1697 765 1757 803 ubi
1778 775 1959 803 narratum
1975 775 2025 803 est
2049 765 2146 803 Esaii

1187 827 1438 880 prImogenita,
1463 837 1502 865 ut
1522 827 1602 865 cibo
1630 827 1824 874 fruererur,
1855 827 1988 865 ,jacobo
2017 827 2143 865 vendi-

1142 913 1166 942 Ι)
1187 888 1295 936 disse,
1315 898 1348 927 et
1380 898 1526 942 propter
1555 889 1626 926 cibi
1653 887 1887 940 cupiditatem
1916 888 2145 940 semetipsum

1188 964 1252 988 suo
1265 950 1400 988 honore
1419 950 1592 1003 privasse.
1616 949 1692 987 Hoc
1710 958 1829 986 autem
1848 962 1915 986 non
1945 958 2073 987 temere
2090 950 2143 986 sa-

1189 1020 1300 1056 ctum,
1315 1011 1375 1049 sed
1396 1020 1434 1049 ut
1454 1011 1639 1064 prophetia
1657 1010 1908 1062 compleretur,
1932 1025 2009 1061 quie
2034 1010 2143 1048 dicit:

1189 1073 1313 1110 Jacob
1330 1073 1465 1120 dilexi,
1487 1074 1596 1110 Esaii
1620 1081 1750 1110 autem
1773 1071 1861 1108 odio
1893 1072 2024 1108 habui.
2052 1072 2142 1108 Nam

1190 1149 1270 1172 cum
1299 1136 1395 1172 Deus
1417 1135 1618 1172 futurorum
1643 1133 1689 1171 sit
1711 1132 1894 1185 praescius,
1914 1130 2083 1184 praedixit
2113 1142 2146 1170 et

1188 1194 1287 1233 illius
1304 1195 1488 1243 virtutem,
1502 1204 1535 1233 et
1546 1195 1655 1248 hujus
1683 1194 1792 1232 animi
1809 1193 2015 1245 nequitiam.
2039 1194 2145 1241 Quae-

1189 1269 1271 1293 nam
1298 1265 1417 1294 autem
1453 1265 1535 1294 sunt
1570 1256 1640 1294 illae
1669 1255 1985 1309 primogeniturae?
2012 1255 2144 1307 Igitur,

1189 1315 1272 1365 quia
1289 1325 1373 1354 tunc
1383 1325 1525 1368 tempus
1541 1330 1609 1353 non
1621 1315 1850 1368 permittebat
1869 1315 2007 1353 caritati
2020 1325 2145 1354 vestra:

1189 1375 1322 1427 dicere,
1335 1391 1430 1414 nune
1441 1390 1580 1414 necesse
1593 1385 1644 1414 est
1660 1386 1698 1414 ut
1709 1375 1871 1414 doceam.
1891 1375 1997 1428 Apud
2012 1386 2148 1415 veteres

1188 1451 1349 1476 summus
1361 1438 1476 1476 honor
1492 1447 1567 1476 erat
1586 1437 1881 1490 primogeniturae
1894 1453 1902 1474 ε
1914 1437 2000 1476 hinc
2028 1447 2148 1476 autem

1187 1496 1334 1535 honoris
1352 1511 1497 1535 eausam
1518 1506 1551 1535 et
1570 1496 1749 1548 originem
1766 1496 1907 1534 habuit.
1931 1496 2022 1534 Cum
2049 1498 2146 1534 Deus

1186 1558 1432 1597 151·ae'litarum
1450 1568 1590 1610 gentem
1601 1559 1647 1596 ab
1668 1557 1842 1610 AEgyptio
1854 1558 2021 1607 liberare,
2043 1567 2076 1596 et
2091 1572 2145 1596 se—

1188 1619 1347 1658 cundum
1366 1620 1642 1672 promissionem
1665 1619 1878 1672 patriarcha:
1898 1619 2027 1656 factam
2049 1634 2067 1656 a
2087 1628 2143 1671 ty-

1186 1681 1337 1719 rannide
1352 1680 1550 1719 Pharaonis
1569 1681 1706 1733 eripere
1725 1680 1834 1718 vellet
1846 1710 1857 1729 ,
1882 1680 2085 1717 obluctante
2110 1689 2144 1718 et

1185 1741 1342 1780 detinere
1357 1742 1498 1780 volente
1514 1751 1598 1780 tunc
1616 1741 1789 1794 AEgyptio
1809 1757 1816 1777 :
1839 1750 1919 1793 post
1936 1740 2055 1778 varias
2066 1741 2143 1793 pla-

1185 1817 1246 1855 gas
1265 1804 1373 1841 etiam
1382 1803 1475 1841 hanc
1488 1812 1706 1855 postremam
1718 1802 1768 1840 eis
1779 1802 1916 1849 intulit,
1935 1803 2005 1840 fere
2016 1816 2144 1853 cogens

1184 1865 1376 1918 AEgyptios
1397 1874 1438 1902 ut
1456 1864 1530 1902 suis
1555 1864 1721 1902 manibus
1745 1863 1979 1902 extruderent
2002 1864 2144 1902 Israeli-

1183 1933 1301 1964 tarum
1321 1940 1444 1978 genus.
1471 1927 1565 1964 Nam
1599 1925 1707 1964 simul
1740 1925 1858 1962 omnia
1888 1924 2144 1977 AEgyptiomim

1186 1988 1426 2040 primogenita
1445 1987 1561 2026 occidi
1571 1987 1679 2039 jussit
1699 2002 1706 2022 ε
1729 1985 1954 2036 vidissesque
1969 1985 2004 2023 in
2020 1986 2140 2038 singu-

1181 2049 1226 2087 lis
1238 2049 1406 2087 domibus
1424 2049 1577 2101 ejulatus
1595 2057 1628 2085 et
1653 2047 1850 2099 lacryma55
1869 2061 1984 2097 neque
2003 2046 2054 2084 sic
2074 2061 2143 2099 pu-

1181 2110 1304 2148 tabant
1319 2110 1416 2147 finiri
1437 2110 1595 2161 plagam,
1614 2107 1674 2145 sed
1700 2107 1801 2145 illinc
1822 2107 1931 2145 etiam
1953 2117 2136 2159 exspecta-

1181 2171 1268 2208 bant
1287 2179 1327 2208 ut
1349 2185 1446 2208 mors
1472 2184 1542 2221 qua
1575 2177 1729 2221 coeperat
1762 2181 1929 2220 pergenS,
1955 2168 2001 2206 ad
2020 2183 2141 2208 omnes

1181 2232 1396 2285 perveniret.
1416 2232 1541 2282 Itaque
1556 2231 1641 2281 quia
1663 2230 1699 2267 in
1713 2229 1873 2282 AEgypto
1892 2244 1962 2267 una
1977 2231 2140 2268 omnium

1179 2293 1499 2347 primogenitorum
1528 2308 1623 2331 mors
1643 2292 1726 2341 fuit,
1749 2292 1921 2330 Is1·a'c·litae
1941 2302 2060 2331 autem
2082 2293 2138 2332 di-

1180 2357 1264 2394 vina
1279 2356 1361 2394 freti
1383 2355 1512 2407 gratia,
1540 2353 1643 2392 illaesi
1660 2362 1932 2406 permanserunt
1955 2369 1962 2389 :
1989 2368 2053 2406 per
2071 2354 2140 2393 hoc

1178 2417 1286 2456 etiam
1304 2417 1493 2455 ostendens
1520 2415 1684 2454 omnium
1704 2415 1803 2452 Deus
1825 2428 1926 2452 suam
1946 2429 2029 2467 erga
2058 2416 2139 2454 illos

1176 2479 1481 2526 benevolentiam,
1503 2475 1697 2529 imperavit
1727 2475 1763 2512 in
1784 2483 1968 2526 posterum
1996 2484 2035 2512 ut
2054 2491 2137 2527 pro-

1176 2549 1256 2592 pter
1287 2539 1570 2577 interfectionem
1605 2535 1928 2589 primogenitorum
1966 2535 2133 2588 AEgypti,

1176 2600 1406 2653 primogeniti
1436 2598 1648 2638 Judaeomm
1680 2596 1783 2648 pueri
1815 2596 1884 2633 sihi
1904 2596 2132 2635 offerrentur.

1176 2662 1271 2701 Hinc
1286 2671 1319 2700 et
1331 2661 1447 2699 tribus
1464 2659 1552 2698 Levi
1572 2658 1608 2696 in
1622 2656 1860 2696 sacerdotium
1871 2667 2053 2709 segregata
2067 2668 2133 2709 est,

1175 2734 1210 2763 et
1219 2739 1264 2763 ex
1275 2724 1338 2762 illo
1350 2737 1420 2762 non
1431 2722 1547 2761 solum
1566 2718 1805 2773 primogenita
1816 2719 2003 2757 hominum
2015 2720 2134 2758 oblata

1404 2783 1466 2823 sed
1494 2792 1528 2821 et
1553 2782 1758 2829 brutorum,
1793 2780 1885 2818 etin
1921 2780 2132 2819 universum

1141 1585 1166 1615 E

1127 2039 1140 2062 5

1139 2075 1165 2104 A

1129 2817 1152 2846 B
1176 2796 1258 2825 sunt
1286 2788 1376 2835 Deo,

1175 2855 1350 2895 omnium.
1374 2851 1421 2890 Et
1442 2857 1663 2903 proeceptum
1682 2856 1771 2897 erat,
1795 2861 1862 2900 pro
1878 2847 2133 2889 hominibuset

1174 2919 1370 2962 immundis
1388 2917 1605 2957 animalibus
1622 2915 1781 2968 pretium
1807 2914 1974 2968 dependi.
1995 2916 2132 2963 Quam-

115 3050 128 3062 ἢ
153 3040 306 3083 Quinque
334 3041 409 3073 Mss.
430 3049 463 3074 et
478 3041 582 3076 Savil.
607 3041 640 3074 in
667 3054 771 3087 marg.
790 3050 836 3079 ὅτι
858 3051 979 3090 πρῴην,
999 3045 1081 3087 quia
1116 3049 1189 3074 tum
1206 3042 1292 3074 Esau
1309 3049 1342 3073 et
1358 3040 1496 3074 Jacobi:
1517 3039 1557 3073 de
1574 3051 1715 3084 quorum
1745 3037 2008 3083 primogenitura
2030 3045 2063 3069 et
2091 3036 2131 3069 de

72 3102 186 3134 nuper.
206 3093 259 3125 Sic
276 3092 354 3136 legit
369 3094 470 3126 etiam
488 3094 659 3136 lutei-pres
676 3102 779 3128 vetus.

120 3143 138 3167 b
161 3143 384 3185 [Savi1.recte
405 3144 606 3189 distinguere
626 3144 757 3178 videtur
784 3149 858 3181 τίὸέ
885 3152 908 3180 ὲ.
938 3162 967 3180 τ.
995 3162 1023 3180 τ.
1049 3162 1077 3180 τ.

72 3201 290 3238 πρωτοτοκίων,
310 3196 362 3240 ελ]

114 3253 125 3263 ‘
141 3246 205 3278 sex
219 3247 293 3279 Mss.
308 3254 435 3291 ἐπάγων,
449 3247 512 3281 Hic
528 3247 661 3281 videtur
675 3251 856 3292 pugnantia
871 3249 960 3293 loqui
973 3248 1081 3294 Chry-

70 3305 256 3338 s«›stontu÷,
281 3311 356 3331 cum
380 3302 462 3342 juris
489 3302 756 3343 primogeniturae
782 3303 927 3343 ὑπόθεσιν,
957 3301 991 3334 id
1019 3310 1079 3343 est,

70 3361 201 3382 causam
219 3359 251 3382 et
268 3353 446 3395 originem,
462 3353 561 3385 refert
579 3352 620 3384 ad
639 3354 898 3387 internecionem
914 3355 1081 3398 primoge-

69 3402 214 3436 nitorum
242 3403 396 3448 AEgypti.
417 3405 511 3441 anuis
536 3405 607 3449 plus
629 3416 728 3449 quam
754 3409 910 3441 trecentis
928 3417 1002 3452 [σει
1029 3421 1084 3441 or-

1111 3096 1184 3138 jure
1198 3093 1287 3126 illam
1305 3092 1488 3126 comitante
1505 3090 1644 3136 quaestio
1659 3098 1721 3124 cst.
1739 3090 1804 3124 Sed
1822 3089 1905 3123 bene
1916 3089 2065 3123 advertit
2079 3090 2132 3122 ille

1114 3155 1228 3191 postea
1254 3146 1289 3180 id
1307 3158 1373 3179 non
1392 3157 1488 3189 posse
1511 3145 1687 3188 quadrare,
1702 3156 1778 3177 cum
1796 3144 1890 3184 dicit,
1910 3141 2062 3187 quamvis
2089 3143 2131 3174 le-

1114 3199 1246 3241 gislatio
1263 3198 1317 3231 illa
1337 3199 1554 3231 Hebraeorum
1580 3196 1621 3230 de
1637 3197 1865 3243 primo‘veuitis
1887 3196 2049 3239 posterior
2063 3195 2130 3226 sue-

1117 3253 1236 3294 rit.jus
1258 3260 1369 3283 tamen
1395 3249 1531 3293 aliquod
1549 3250 1818 3293 primogeniturae
1841 3256 1938 3281 antea
1963 3246 2071 3279 fuisse.
2090 3247 2127 3277 Et

1116 3303 1178 3336 liae
1200 3306 1326 3336 ratione
1344 3315 1416 3346 quae
1439 3314 1506 3336 non
1524 3301 1687 3346 quadrare
1714 3299 1932 3341 videbantur,
1952 3308 2129 3340 utcumque

1118 3357 1266 3398 corrigit.

2160 1082 2275 1110 Malae.
2302 1091 2325 1110 1.

2162 1132 2190 1151 2.
2207 1124 2237 1153 3.

2159 1881 2264 1911 Esoil.
2285 1889 2331 1910 ¹2.
