2433 3775
141 205 186 234 vi
1042 190 1270 238 PRAEFATio
1279 228 1288 238 .

143 286 319 324 Δεσπότου
339 287 419 338 περὶ
438 287 540 338 ἕτερα
558 290 642 338 ἡμῖν
661 287 725 334 τὴν
746 287 975 326 διδασκαλίαν
1000 288 1155 340 γίνεσθαι
1172 305 1180 313 ·
1212 291 1289 328 ἀλλ’
1314 291 1420 340 ἐχρῆν
1451 292 1527 328 καθ’
1554 289 1698 330 ἕκαστον
1717 291 1838 344 καιρὸν
1857 292 1920 339 τὴν
1948 293 2188 346 ἁρμόττουσαν

143 351 224 398 ὑμῖν
254 347 484 401 παρατιθέναι
510 349 696 401 τράπεζαν.
723 349 791 388 Διοί
821 365 875 387 τοι
895 353 1019 397 τοῦτο,
1041 350 1145 396 ἡνίκα
1171 353 1193 395 ἢ
1221 353 1284 396 τῆς
1314 349 1538 400 παραδόσεως
1565 351 1712 404 ἔφθασεν
1740 354 1868 406 ἡμέρα,
1888 353 1952 400 τὴν
1982 356 2189 393 ἀκολουθίαν

144 409 366 460 διατεμόντες
393 412 455 456 τῆς
485 409 724 457 διδασκαλίας,
762 413 822 449 τοῦ
851 411 1113 460 κατεπείγοντος
1144 410 1340 461 γενόμενοι,
1377 410 1434 448 ἐπὶ
1471 410 1528 449 τὸν
1559 413 1731 465 προδότην
1764 414 1828 461 τὴν
1856 416 2013 466 γλῶτταν
2048 415 2188 467 ἐπαφή-

142 487 253 521 καμεν
264 501 274 520 ,
313 471 373 509 καὶ
402 471 508 510 πάλιν
541 471 584 509 τὰ
621 471 712 510 κατὰ
752 472 809 510 τὸν
846 471 991 521 σταυρὸν
1030 473 1112 521 ὑμῖν
1147 473 1194 513 εἷς
1239 470 1343 521 μέσον
1381 471 1636 524 προεθήκαμεν.
1672 470 1764 514 Εἶτα
1796 475 2019 521 ἀναστάσεως
2054 477 2187 529 ἡμέρας

141 532 423 580 καταλαὸούσης,
458 535 644 585 ἀναγκαῖον
677 528 717 579 ἦν
748 532 792 570 τὰ
819 532 898 582 περὶ
930 535 993 577 τῆς
1023 531 1246 575 ἀναστάσεως
1275 536 1335 570 τοῦ
1364 532 1542 571 Δεσπότου
1573 533 1710 579 διδάξαι
1734 535 1798 582 τὴν
1826 536 1996 590 ὑμετέραν
2025 537 2187 588 ἀγάπην·

141 593 201 630 καὶ
216 593 322 632 πάλιν
343 596 378 632 ἐν
406 600 480 637 ταῖς
507 594 625 644 ἐφεξῆς
646 593 792 644 ἡμέραις
818 594 882 637 τῆς
911 592 1135 637 ἀναστάσεως
1160 591 1224 639 τὴν
1249 591 1424 637 ἀπόδειξιν
1444 594 1526 643 ὑμῖν
1553 600 1752 646 παρασχεῖν
1782 596 1839 635 διὰ
1863 599 1931 635 τῶν
1963 597 2052 648 μετὰ
2076 601 2189 636 ταῦτα

141 654 378 705 γεγενημένων
409 653 608 703 θαυμάτων,
628 652 684 689 ὅτε
711 652 772 690 καὶ
801 653 869 690 τῶν
900 651 1068 705 Πράξεων
1092 658 1160 693 τῶν
1187 654 1391 694 ἀποστόλων
1414 654 1678 709 ἐπιλαὸόμενοι,
1699 657 1826 694 ἐκεῖθεν
1852 652 1933 707 ὑμῖν
1965 661 2092 709 συνεχῆ
2124 657 2190 703 τὴν

142 714 297 754 ἑστίασιν
324 713 584 765 παρεθήκαμεν,
614 712 748 759 πολλὴν
780 711 843 759 τὴν
871 713 1074 766 παραίνεσιν
1095 717 1174 754 καθ’
1196 715 1348 763 ἑκάστην
1373 715 1459 769 πρὸς
1485 715 1561 760 τοὺς
1590 716 1715 754 νεωστὶ
1735 720 1798 763 τῆς
1817 716 1961 770 χάριτος
1981 716 2189 761 ἀξιωθέντας

141 776 381 825 ποιησάμενοι.
402 773 477 811 Hoc
500 782 550 812 est
568 789 575 810 :
600 775 705 811 Nam
721 781 867 812 sanetoe
874 775 1115 827 festivitatis
1136 778 1328 816 adventus
1346 779 1483 815 seriem
1499 779 1608 815 nobis
1627 778 1910 830 interpellavit.
1930 779 2066 830 Neque
2085 781 2189 816 enim

137 849 211 885 par
225 843 322 885 erat,
340 843 381 872 ut
397 835 489 872 dum
508 848 659 873 crucem
677 836 841 873 Domini
855 836 1150 886 celebraremus,
1167 840 1214 878 de
1233 839 1324 876 aliis
1340 851 1553 877 sermonem
1567 841 1680 878 vobis
1693 840 1928 892 afferremus
1944 855 1954 877 .·
1972 853 2107 878 mensa
2117 853 2187 878 au-

140 907 214 935 tem
233 898 346 934 vobis
366 897 597 948 apponenda
614 905 699 934 erat
726 899 805 935 suis
821 910 992 949 congrua
1009 901 1253 950 temporibus.
1277 901 1331 937 Et
1362 900 1506 938 idcirco
1535 901 1693 951 quando
1709 902 1820 938 venit
1845 900 1925 939 dies
1947 901 2184 946 traditionis,

137 961 323 996 continua
346 959 532 995 doctrinae
556 961 652 996 serie
665 967 826 1005 resecta,
839 961 1092 1010 praesentibus
1115 974 1201 1012 quoe
1226 962 1416 1013 urgebant
1436 974 1504 998 nos
1528 961 1878 1007 accommodantes,
1896 964 1938 999 in
1952 961 2189 1013 proditorem

138 1020 313 1071 linguam
335 1020 557 1057 laxavimus
574 1034 584 1054 :
603 1020 742 1057 deinde
760 1020 807 1057 de
829 1033 942 1058 cruce
956 1021 1092 1072 aliqua
1106 1024 1148 1058 in
1167 1022 1335 1059 medium
1349 1022 1596 1073 protulimus.
1608 1023 1766 1069 Postea,
1787 1022 2034 1060 illucescente
2051 1023 2188 1060 Resur-

136 1083 316 1118 rectionis
333 1081 414 1127 die,
445 1082 703 1118 necessarium
721 1089 806 1118 erat
835 1089 878 1118 ut
906 1081 953 1118 de
973 1084 1252 1120 resurrectione
1270 1083 1432 1119 Domini
1461 1084 1668 1119 caritatem
1687 1090 1860 1120 vestram
1881 1084 2101 1120 doceremus
2118 1097 2128 1117 :
2151 1090 2189 1119 et

135 1144 381 1193 sequentibus
402 1142 549 1187 diebus,
568 1155 638 1192 per
663 1155 709 1179 ea
730 1142 922 1179 miracula
950 1155 1036 1194 quoe
1063 1143 1281 1195 tuncfacta
1301 1151 1406 1190 sunt,
1432 1145 1721 1181 resurrectionis
1749 1144 2029 1182 demonstratio
2049 1145 2188 1181 iterum

136 1204 346 1256 afferenda
358 1211 441 1241 erat
453 1219 463 1239 .-
476 1203 637 1256 quando
654 1206 773 1240 etiam
786 1203 1068 1255 Apostolorum
1083 1204 1125 1242 A
1128 1212 1192 1242 cta
1205 1204 1421 1255 explanare
1437 1206 1630 1255 coepimus,
1643 1205 1734 1242 inde
1746 1206 1859 1242 vobis
1871 1207 2056 1242 continua
2070 1218 2186 1256 appo-

136 1274 267 1304 nentes
294 1267 497 1312 εονινίνὶα,
527 1273 563 1303 et
580 1266 724 1303 crebris
750 1265 1065 1316 quotidianisque
1090 1266 1420 1303 admonitionibus
1439 1277 1523 1311 eos,
1560 1266 1627 1316 qui
1658 1278 1779 1316 nuper
1806 1267 1987 1318 baptismi
2016 1267 2188 1318 gratiam

135 1335 375 1379 acceperant,
402 1327 662 1365 exhortantes.

187 1387 427 1426 Homiliarum
445 1401 528 1439 ergo
547 1387 583 1425 in
607 1387 788 1436 Genesim,
805 1401 890 1438 quas
916 1387 952 1425 in
969 1386 1251 1438 Quadragesima
1276 1387 1450 1425 habuerat
1460 1417 1470 1437 ,
1490 1401 1634 1427 cursum
1653 1387 1915 1440 interpellavit,
1932 1397 1970 1425 ut
1996 1387 2033 1425 in
2053 1387 2188 1426 hebdo-

136 1448 241 1486 mada
258 1457 377 1487 sancta
393 1448 437 1487 de
449 1448 544 1489 Juda
572 1458 606 1487 et
631 1448 676 1487 de
694 1463 798 1487 eruce
816 1457 947 1500 ageret,
969 1462 1010 1486 ac
1027 1449 1245 1487 continenter
1262 1448 1308 1487 de
1333 1450 1587 1487 resurrectione
1597 1479 1608 1498 ,
1627 1463 1781 1501 moxque
1807 1449 1852 1487 de
1879 1449 1976 1488 Actis
1999 1450 2187 1501 Apostolo-

134 1525 230 1560 rum,
253 1510 470 1548 intermixtis
488 1509 793 1549 admonitionibus
807 1510 855 1548 ad
876 1523 934 1548 eos
949 1510 1012 1561 qui
1032 1524 1145 1564 nuper
1160 1510 1333 1564 baptismi
1349 1511 1501 1562 gratiam
1523 1520 1740 1563 acceperant.
1757 1511 1914 1550 Homilia
1929 1524 2015 1549 vero
2033 1511 2188 1549 secunda

134 1571 179 1609 de
206 1571 300 1611 Juda
327 1571 509 1624 proditore
531 1572 636 1609 Tom.
665 1572 717 1619 II,
738 1586 773 1624 p.
795 1573 887 1618 586,
908 1571 966 1610 his
994 1571 1114 1611 verbis
1134 1572 1271 1625 incipit,
1292 1572 1514 1624 Ἔὸουλόμην
1535 1576 1598 1619 τῆς
1618 1573 1710 1611 κατὰ
1739 1573 1798 1611 τὸν
1830 1573 2052 1625 πατριάρχην
2082 1573 2188 1611 πάλιν

133 1632 326 1675 ὑποθέσεως
359 1633 533 1684 ἅψασθαι,
555 1633 740 1670 Volebam
760 1634 808 1670 de
833 1633 1065 1684 patriarcha
1084 1646 1216 1671 rursus
1245 1647 1458 1672 sermonem
1485 1635 1627 1672 habere
1637 1650 1652 1678 ;
1674 1633 1743 1671 hoc
1762 1642 1835 1681 est,
1849 1632 1894 1670 de
1915 1632 2133 1682 Abrahamo,
2144 1633 2190 1670 de

132 1707 203 1744 quo
222 1693 258 1731 in
278 1693 459 1744 trigesima
476 1693 630 1731 secunda
648 1693 683 1731 in
704 1694 874 1732 Genesim
888 1693 1036 1732 homilia
1052 1708 1250 1732 sermonem
1267 1695 1453 1743 habuerat,
1469 1703 1550 1748 post
1569 1708 1677 1745 quam
1696 1693 1897 1741 homiliam,
1912 1692 1989 1745 ipso
2009 1702 2187 1741 narrante,

132 1754 178 1791 ab
197 1754 259 1792 illo
279 1762 488 1806 argumento
507 1754 680 1792 abstinuit
702 1755 942 1806 aliquantum,
961 1764 1002 1793 ut
1030 1769 1136 1807 supra
1163 1765 1375 1794 memoratas
1395 1756 1576 1794 conciones
1608 1755 1766 1793 haberet.
1789 1754 1985 1793 Homiliam
2012 1768 2119 1806 porro
2145 1754 2191 1792 de

133 1830 235 1854 cruce
253 1830 362 1867 quam
381 1830 489 1868 supra
507 1825 678 1854 memorat
697 1830 741 1854 an
755 1816 950 1854 habeamus
970 1815 1145 1854 incertum
1163 1825 1213 1854 est
1227 1833 1237 1866 5
1260 1817 1436 1856 nescimus
1456 1817 1551 1854 enim
1569 1830 1613 1854 an
1634 1831 1673 1854 ea
1701 1816 1869 1854 alterutra
1891 1815 1937 1853 sit
1957 1829 2080 1853 earum
2099 1829 2189 1866 quas

131 1877 285 1916 secundo
308 1878 423 1915 Tomo
444 1876 634 1915 edidimus.
659 1877 818 1916 Homilia
843 1892 927 1915 vero
946 1877 991 1915 de
1018 1877 1273 1915 resurrectione
1290 1889 1400 1928 quam
1432 1876 1614 1915 edidimus
1628 1877 1745 1914 Tomo
1773 1875 1928 1914 secundo
1944 1891 1982 1929 p.
2000 1877 2091 1925 457,
2111 1889 2189 1926 quae

131 1939 226 1976 hunc
241 1938 388 1976 titulum
407 1938 528 1987 habet,
544 1947 682 1976 contra
702 1940 886 1977 Ebriosos
914 1947 951 1976 et
966 1939 1014 1976 cle
1032 1939 1325 1977 Resurrectione
1335 1955 1349 1984 ,·
1362 1939 1440 1986 illa,
1459 1938 1618 1990 inquam,
1637 1937 1788 1975 homilia
1804 1936 1929 1974 eadem
1947 1937 2025 1989 ipsa
2043 1946 2095 1975 est
2108 1951 2188 1987 quae

131 2008 347 2038 memoratur
362 2013 469 2052 supra
490 1998 527 2036 in
547 2000 626 2037 loco
655 1999 731 2046 illo,
748 2013 792 2037 ex
820 1998 1004 2050 trigesima
1025 1998 1127 2036 tertia
1148 1998 1184 2037 in
1203 1999 1372 2038 Genesim
1402 2008 1580 2052 excerpto,
1609 1999 1707 2051 quod
1725 1998 1776 2037 sic
1794 1998 1974 2038 evidenter
1997 1998 2184 2051 probatur.

131 2062 173 2098 In
186 2061 253 2099 hac
266 2061 311 2099 de
327 2060 581 2098 resurrectione
609 2059 773 2109 homilia,
792 2060 855 2098 uhi
874 2060 918 2098 de
934 2060 1104 2098 ebrietate
1118 2059 1233 2097 multa
1251 2059 1428 2109 edisserit,
1451 2059 1528 2097 haec
1557 2060 1606 2097 ait
1625 2073 1725 2098 num.
1750 2062 1764 2096 1
1791 2074 1799 2095 :
1822 2059 1865 2097 A
1869 2061 2103 2097 bstineamus
2137 2060 2187 2096 ab

132 2124 318 2160 ebrietate
331 2137 341 2157 .·
356 2135 431 2158 non
443 2122 543 2167 dico,
563 2122 828 2159 abstineamus
844 2135 869 2158 a
885 2124 994 2168 vino,
1011 2122 1096 2167 sed,
1112 2123 1161 2158 ab
1181 2123 1366 2159 ebrietate
1381 2123 1645 2159 abstineamus
1653 2136 1669 2165 ,-
1686 2132 1765 2156 ηοη
1780 2122 1918 2156 ‘vinum
1930 2120 2055 2172 efficit
2068 2121 2187 2157 ebrie-

134 2191 253 2221 tatem
268 2199 278 2219 .-
301 2191 356 2221 est
370 2184 472 2220 enim
493 2183 570 2220 Dei
583 2190 764 2219 creatura
773 2197 788 2226 ,·
802 2183 879 2219 Dei
888 2194 1005 2233 porro
1025 2189 1206 2219 creatura
1227 2182 1328 2219 nibil
1346 2181 1470 2233 efficit
1487 2181 1596 2227 mali,
1619 2181 1688 2218 sed
1699 2180 1888 2218 voluntas
1903 2180 2080 2232 maligna
2098 2180 2188 2232 effi-

133 2247 185 2283 cit
201 2246 439 2282 ebrietatem.
459 2243 543 2281 Haee
564 2251 683 2280 autem
699 2243 809 2281 verba
830 2242 919 2280 mire
937 2251 1133 2280 consonant
1153 2255 1236 2279 eum
1257 2241 1329 2279 illis
1345 2240 1532 2279 Concionis
1555 2240 1680 2293 primae
1696 2239 1732 2277 in
1747 2239 1969 2293 principium
1997 2243 2189 2289 Actorum,

131 2321 168 2358 p.
191 2306 240 2344 59
255 2304 351 2344 tertii
365 2304 485 2353 Tomi,
505 2318 605 2342 num.
621 2306 645 2341 9
663 2318 670 2340 :
689 2305 781 2341 Non
794 2312 883 2342 sunt
905 2306 1029 2355 igitur
1045 2304 1193 2341 malum
1206 2303 1366 2352 divitiae,
1384 2302 1454 2340 sed
1464 2302 1687 2354 illegitimus
1702 2316 1835 2339 earum
1851 2315 1942 2340 usus
1956 2310 2012 2340 est
2028 2302 2187 2339 malum.

134 2369 188 2406 Et
208 2370 306 2405 sicut
327 2379 446 2417 nuper
467 2366 514 2403 de
530 2367 716 2403 ebrietate
739 2366 863 2402 ‘verba
865 2365 1027 2416 faciens
1047 2378 1124 2401 non
1145 2367 1284 2401 vinum
1303 2365 1539 2401 accusabam
1555 2379 1570 2408 ;
1591 2366 1730 2415 quippe
1748 2377 1835 2400 eum
1856 2366 1980 2401 omnis
2007 2371 2189 2401 creatura

134 2430 210 2466 Dei
225 2430 327 2465 bona
351 2430 413 2474 sit,
439 2441 524 2479 quae
549 2441 637 2464 eum
651 2429 871 2478 gratiarum
893 2429 1047 2464 actione
1060 2427 1274 2478 percipitur
1291 2440 1302 2461 .·
1324 2425 1392 2462 sed
1414 2424 1563 2462 malum
1585 2437 1694 2462 usum
1715 2433 1779 2462 etc.
1798 2423 1884 2461 Haec
1905 2423 2024 2474 itaque
2044 2423 2186 2469 concio,

133 2498 173 2527 ut
199 2488 305 2538 illud,
325 2502 456 2540 nuper,
484 2487 643 2536 indicat,
662 2487 785 2525 habita
805 2487 873 2525 fuit
897 2487 1021 2540 paucis
1046 2486 1173 2525 diebus
1198 2495 1278 2538 post
1300 2485 1397 2523 illam
1419 2493 1539 2522 contra
1558 2483 1715 2523 ebriosos
1729 2493 1763 2522 et
1782 2483 1827 2522 de
1848 2484 2103 2523 resurrectione
2117 2514 2128 2534 ,
2147 2484 2188 2522 id

134 2549 231 2602 quod
250 2549 401 2588 mirifice
420 2557 588 2586 consonat
614 2562 697 2586 cum
726 2547 789 2586 illo
811 2562 919 2600 supra
939 2548 1045 2586 allato
1065 2548 1142 2586 loco
1172 2561 1217 2585 ex
1236 2547 1397 2585 Homilia
1413 2547 1464 2584 55
1489 2545 1526 2583 in
1555 2545 1748 2585 Genesim:
1767 2547 1913 2584 Postea
1940 2546 2186 2584 illucescente

134 2613 438 2650 Resurrectionis
458 2611 533 2657 die,
555 2612 813 2648 necessarium
828 2618 911 2647 erat
927 2617 969 2648 ut
991 2610 1039 2648 de
1051 2611 1330 2647 resurrectione
1341 2608 1504 2645 Domini
1518 2609 1725 2645 caritatem
1746 2616 1918 2645 vestram
1937 2608 2184 2646 doceremus:

134 2682 170 2711 et
188 2674 433 2725 sequentibus
451 2674 584 2710 diebus
602 2685 672 2723 per
686 2685 732 2708 ea
749 2671 956 2718 miracula,
980 2684 1066 2723 quoe
1082 2671 1300 2722 tuncsacta
1318 2677 1421 2714 sunt,
1441 2670 1729 2706 resurrectionis
1746 2669 2027 2706 demonstratio
2043 2671 2181 2707 iterum

133 2734 343 2786 afferenda
357 2742 462 2771 erat:
477 2734 633 2786 quando
649 2735 767 2770 etiam
777 2731 1055 2784 Apostolorum
1067 2731 1174 2770 Acta
1188 2730 1403 2782 explanare
1428 2731 1625 2781 coepimus,
1637 2730 1727 2766 inde
1741 2731 1853 2766 vobis
1869 2732 2053 2767 continua
2068 2744 2185 2782 appo-

137 2803 269 2832 nentes
286 2796 478 2840 convivia,
494 2802 530 2830 et
545 2795 688 2831 crebris
705 2795 973 2844 continuisque
987 2792 1315 2830 admonitionibus
1331 2804 1408 2838 eos,
1425 2793 1493 2843 qui
1514 2803 1634 2842 nuper
1649 2791 1830 2842 baptismi
1844 2793 2014 2842 gratiam
2030 2804 2180 2843 accepe-

135 2865 239 2902 rant,
267 2857 528 2893 zzz-hortantes.
548 2854 635 2892 lnde
655 2867 738 2892 vcro
755 2853 922 2905 quaedam
942 2853 1136 2891 necessario
1158 2851 1341 2891 inferenda
1361 2850 1529 2890 videntur
1543 2880 1553 2899 ,
1581 2863 1708 2902 nempe
1726 2850 1921 2888 Homiliam
1941 2851 2042 2888 illam
2063 2860 2183 2889 contra

135 2917 291 2955 ebriosos
307 2925 338 2954 et
358 2915 402 2953 dc
426 2916 678 2953 resurrectione
706 2914 829 2953 codem
845 2929 937 2953 anno
965 2914 1125 2951 habitam
1145 2913 1251 2952 fuisse
1265 2927 1335 2964 quo
1356 2911 1449 2950 dicta
1470 2920 1522 2949 est
1544 2910 1704 2949 Homilia
1726 2911 1772 2948 de
1790 2911 1809 2950 J
1816 2911 1884 2949 uda
1902 2911 2095 2964 proditore,
2116 2913 2183 2950 tri-

136 2979 276 3029 duoque
291 2987 370 3030 post
403 2977 526 3014 illam:
547 2977 634 3014 alias
655 2990 795 3028 quoque
826 2975 1053 3027 sequentibus
1081 2974 1209 3013 diebus
1232 2973 1277 3012 de
1299 2971 1556 3011 resurrectione
1585 2971 1700 3009 dictas
1717 2971 1826 3010 fuisse
1845 2986 1922 3023 quae
1939 2973 2015 3025 jam
2035 2987 2103 3010 non
2123 2987 2184 3011 cx-

137 3049 230 3078 stant
245 3056 256 3089 3
278 3049 382 3090 atque
409 3038 530 3076 cadem
550 3039 635 3075 scric
654 3038 829 3076 Homilias
845 3037 890 3075 de
905 3036 1002 3076 Actis
1022 3034 1283 3088 Apostolorum,
1303 3034 1378 3073 sive
1390 3032 1434 3071 de
1447 3032 1624 3086 principio
1642 3034 1813 3070 Actorum
1826 3063 1835 3079 ,
1854 3047 1930 3084 quae
1957 3033 2080 3085 paucis
2102 3043 2183 3085 post

139 3102 427 3139 resurrectionem
448 3099 575 3137 dicbus
603 3099 726 3137 haberi
748 3109 870 3151 scopite
886 3107 978 3137 sunt.
992 3096 1080 3136 Inde
1106 3096 1212 3135 etiam
1223 3096 1371 3148 planum
1389 3104 1441 3133 est
1455 3093 1630 3150 Homilias
1645 3093 1679 3131 in
1701 3096 1788 3132 Acta
1809 3108 1877 3131 non
1898 3108 1970 3131 esse
1986 3093 2076 3131 illud
2095 3109 2184 3146 opus

138 3163 171 3199 in
189 3162 306 3200 omnia
330 3161 579 3213 Apostolorum
597 3163 693 3208 Actu,
709 3160 805 3211 quod
823 3161 857 3197 in
875 3159 995 3210 aliquo
1016 3173 1060 3197 ex
1085 3158 1313 3210 sequentibus
1332 3156 1458 3195 Tomis
1477 3155 1614 3204 edetur,
1635 3155 1802 3207 quodque
1823 3155 1868 3193 ad
1893 3155 2076 3194 conciones
2092 3156 2183 3193 Con-

138 3223 466 3275 stantinopolitunus
495 3221 716 3258 referendum
736 3231 785 3259 cst
802 3237 810 3266 ς
834 3236 915 3259 nam
931 3221 1001 3258 illae
1025 3219 1208 3258 conciones
1226 3233 1357 3257 annum
1374 3219 1446 3256 scre
1463 3217 1640 3268 integrum
1658 3226 1898 3269 occuparunt,
1914 3217 1968 3254 ha·
1989 3226 2105 3254 autem
2122 3215 2183 3254 dc-

137 3299 211 3323 ccm
232 3298 378 3321 numero
399 3293 554 3334 tempore
577 3296 595 3318 :1
616 3282 746 3318 Pascha
768 3281 813 3319 ad
838 3282 1086 3320 Ascensionem
1108 3281 1360 3319 intercurrente
1372 3278 1503 3316 habita:
1519 3287 1611 3315 sunt.
1634 3277 1798 3328 Alioquin
1820 3292 1902 3315 vero
1921 3277 2077 3329 idipsum
2091 3277 2184 3315 clarc

138 3344 347 3384 testificatur
368 3343 643 3394 Cluysostonius
665 3342 817 3379 lloniiliu
846 3343 966 3380 eadem
994 3343 1105 3395 primu
1138 3341 1171 3379 in
1195 3341 1411 3394 principium
1447 3343 1609 3377 &ciorum
1631 3352 1726 3375 nuni.
1754 3339 1778 3373 5
1794 3370 1801 3382 ‚
1827 3338 1887 3375 uln‘
1909 3338 1982 3375 hare
2004 3337 2154 3389 legimus
2173 3352 2180 3373 :

136 3407 396 3457 Superioribus
416 3406 548 3441 dicbus
570 3404 676 3454 apud
700 3417 762 3440 ros
779 3405 823 3441 dc
839 3405 1059 3454 apostolicis
1079 3406 1219 3450 verbis,
1243 3404 1364 3454 deque
1383 3401 1613 3452 c’mzrtgae’licis
1638 3401 1901 3439 (lisscruimus.
1917 3414 1998 3438 cum
2016 3401 2062 3438 dc
2077 3400 2184 3438 Juda
