2516 3791
321 167 416 227 564
751 183 790 213 s.

321 279 430 304 servo
450 273 536 304 tuoe
553 266 682 303 Isaac.
699 265 752 302 Et
767 267 809 301 in
828 265 899 300 hoc
912 263 1034 299 sciam
1048 258 1152 309 quod
1154 258 1265 308 sece-

321 330 376 365 ris
406 327 708 364 misericordiam
739 326 894 361 domino
928 333 1010 357 meo
1040 318 1082 355 A
1087 319 1264 354 braham.

321 386 406 423 Haec
437 400 502 437 ego
529 384 695 435 quidem,
727 381 865 432 inquit,
898 377 995 430 apud
1019 376 1269 428 memetipsum

322 449 440 485 Deum
453 445 587 497 rogavi,
607 443 763 480 nondum
780 450 898 478 autem
918 440 1026 476 finem
1042 438 1193 475 feceram
1206 436 1270 473 illa

323 505 490 553 dicendi,
513 513 545 540 et
561 501 742 539 confestim
754 499 948 550 adimpleta
967 506 1060 535 sunt.
1081 497 1144 535 45.
1165 497 1271 534 Nam

320 569 545 618 priusquam
578 576 645 613 ego
665 561 818 598 dicendi
826 560 954 611 finem
958 560 1136 612 facerem
1150 587 1162 603 ,
1185 571 1271 595 ecce

323 629 494 665 Rebecca
514 626 607 662 exiit
623 636 767 674 aquam
775 623 915 673 ferens
934 623 976 657 in
994 621 1161 657 humeris
1175 621 1267 657 suis.

324 688 512 725 Dicebam
542 693 672 721 autem
691 685 746 719 ei:
767 683 834 719 Da
853 682 949 718 mihi
965 689 1109 732 potum.
1129 680 1195 717 46.
1218 680 1272 716 Et

324 747 544 786 accelerans
564 745 736 795 deposuit
763 743 948 790 hydriam
968 755 1096 787 suam,
1118 750 1154 778 et
1174 741 1275 776 dixit

476 808 572 843 Bibe
591 814 628 842 et
649 813 708 850 tu,
733 811 769 840 et
797 802 967 840 camelos
987 810 1071 839 tuos
1101 803 1269 853 aquabo.

326 869 372 906 Et
397 881 479 905 cum
495 866 654 904 viderem
669 865 744 915 jam
763 862 962 900 evidentem
976 861 1053 898 fieri
1073 861 1140 898 Dei
1154 860 1275 913 provi-

325 928 502 977 dentiam,
538 925 801 976 interrogabam
831 924 933 975 cujus
954 932 1042 960 esset
1060 922 1149 960 filia.
1170 922 1219 960 Et
1236 931 1276 960 ut

327 990 439 1028 didici
455 1003 500 1026 ex
521 988 565 1025 iis
585 1001 661 1038 quae
681 985 794 1034 dixit,
819 999 875 1021 me
894 997 961 1021 non
983 983 1029 1020 ad
1057 983 1190 1021 alienos
1208 998 1274 1021 ve-

328 1051 439 1100 nisse,
459 1049 520 1088 sed
533 1049 569 1086 in
584 1048 731 1085 domum
745 1045 886 1083 Nacbor
900 1043 1020 1081 fratris
1038 1043 1176 1081 domini
1192 1043 1275 1091 mei,

326 809 420 845 mihi
435 823 443 843 :

827 178 1012 212 JOANMS
1047 174 1290 207 CHRYSOST.
1328 174 1533 204 ARCHIEP.
1571 173 1929 204 CONSTANTINOP.

1343 255 1508 307 ρηθέντα,
1542 255 1601 294 καὶ
1622 259 1843 308 παραχρῆμα
1871 259 1918 300 εἷς
1953 257 2051 308 ἔργον
2083 255 2192 308 ἐξῄει,
2223 255 2282 294 καὶ
2314 255 2359 294 τὰ

1343 315 1485 367 ῥήματα
1508 316 1702 368 πράγματα
1721 316 1861 368 ἐγίνετο.
1877 317 1956 370 Πρὸ
1982 321 2040 355 τοῦ
2060 317 2128 369 γὰρ
2161 316 2361 355 συντελέσαι

1345 393 1387 450 με
1416 378 1605 424 λαλοῦντα,
1627 377 1697 415 ἰδοὺ
1714 377 1886 416 Ῥεῧέκκα
1915 378 2131 430 ἐξεπορεύετο
2158 377 2221 424 τὴν
2241 376 2360 429 ὑδρίαν

1344 453 1359 474 ε
1361 453 1473 489 χουσα
1493 438 1550 475 ἐπὶ
1563 454 1631 475 των
1647 438 1751 489 ὤμων
1772 441 1886 484 αὐτῆς.
1904 432 2054 476 Εἶπον
2035 455 2070 476 οε
2099 441 2201 489 αὐτῇ,
2221 435 2362 475 πότισόν

1347 515 1409 549 με,
1436 515 1495 536 και
1530 514 1712 537 σπευσασα
1744 501 1881 536 καθεῖλε
1912 515 1974 545 ττν
2003 498 2120 550 ὑδρίαν
2154 500 2278 545 αὐτ-ἧς,
2304 497 2364 535 καὶ

1348 559 1424 597 εἰπε
1443 575 1520 611 μοι,
1539 559 1598 598 πίε
1624 559 1684 598 καὶ
1706 574 1771 606 συ,
1792 558 1851 597 καὶ
1879 558 1942 603 τὰς
1960 559 2138 609 καυ.ηλους
2165 573 2226 596 σου
2241 573 2364 595 ποτιω.

1346 621 1416 659 Και
1439 621 1648 672 Θεασάμενός
1675 621 1795 659 λοιπὸν
1827 623 1954 672 ἐναργῆ
1983 636 2046 666 την
2072 619 2169 673 παρα
2194 636 2253 658 του
2275 620 2366 657 Θεου

1345 698 1396 733 γε
1394 681 1576 733 (ενημένηι
1597 682 1774 734 πρόνοιαν,
1796 680 1986 759 επηρώτων
2005 681 2095 724 τίνος
2116 680 2168 727 εἴη
2189 681 2366 732 Θυγάτηρ·

1347 758 1406 780 και
1429 743 1592 794 μαθὼν,ς
1579 746 1611 788 ἐς
1597 743 1673 781 γὧν
1690 760 1715 781 ε·
1712 759 1796 791 .πεν,
1817 743 1871 782 ὁτι
1892 746 1929 782 οὐ
1948 759 2033 795 προς
2050 742 2161 786 ξένους
2177 741 2366 794 ἀοικόμην,

1349 806 1425 842 ἀλλ’
1456 807 1503 848 εἰς
1523 803 1587 850 τὴν
1616 802 1727 842 οἰκίαν
1743 804 1877 856 Ναχωρ
1905 821 1964 843 του
1984 805 2066 842 ἀδελ
2069 808 2131 856 φοῦ
2157 819 2216 841 του
2249 801 2366 855 κυρίου

1349 880 1432 913 μου,
1454 865 1650 918 Οαρσήσας,
1670 865 1870 917 Περιέθηκα
1903 867 1988 916 αὐτῇ
2020 865 2064 902 τὰ
2087 864 2211 903 ἐνώτια
2233 863 2292 901 καὶ
2323 862 2368 901 τὰ

1347 926 1492 977 ψέλλια,
1515 925 1575 963 καὶ
1607 926 1794 972 εὐδοκήσας
1814 926 2057 978 προσεκύνησα
2072 929 2122 977 τῷ
2150 925 2287 978 Κυρίῳ,
2309 924 2369 962 καὶ

1349 985 1522 1036 εὐλόγησα
1541 987 1597 1024 τὸν
1618 987 1708 1024 Θεὸν
1728 992 1787 1025 τοῦ
1801 987 1918 1037 κυρίου
1936 1003 2000 1037 μου
2016 986 2196 1038 Ἀδραὰμ,
2212 985 2264 1024 ὅτι
2279 984 2368 1023 εὐώ-

1351 1047 1440 1085 ὃωσέ
1461 1063 1504 1097 με
1520 1046 1664 1084 ι’λαὲεῖν
1693 1046 1756 1092 τὴν
1774 1047 1945 1100 Θυγατέρα
1970 1051 2028 1085 τοῦ
2051 1049 2198 1098 ἀδελφοῦ
2225 1051 2284 1084 τοῦ
2302 1063 2368 1084 κυ-

328 1121 444 1149 sumta
474 1125 535 1162 spe
564 1110 656 1147 bona
673 1137 684 1157 7
716 1108 782 1144 47
802 1107 844 1144 Α
843 1107 985 1158 ppendi
1015 1108 1049 1142 ei
1067 1108 1222 1143 inaures
1241 1113 1278 1142 et
1291 1136 1337 1162 489
1354 1108 1424 1161 ρίου
1442 1124 1517 1158 μου
1541 1107 1645 1146 Ἀ))ὰ
1660 1107 1704 1145 τὰ
1725 1106 1786 1158 μὲν
1801 1106 1898 1160 παρὰ
1915 1112 1974 1146 τοῦ
1989 1110 2080 1146 Θεου
2095 1107 2202 1150 οὕτως
2221 1110 2372 1159 ἐναργῶς

329 1172 532 1217 armillas,
555 1178 695 1207 etcum
725 1170 797 1205 hoc
818 1168 1010 1219 placeret,
1029 1167 1094 1203 48.
1114 1168 1278 1204 adoravi
1303 1175 1326 1202 Α
1351 1169 1576 1222 ‹immoni-504·
1595 1171 1630 1206 αἱ
1647 1168 1757 1220 γὰρπ

330 1235 567 1279 Dominum,
604 1239 639 1268 et
679 1230 856 1267 benedizi
886 1229 1013 1265 Deum
1040 1229 1187 1264 domini
1205 1231 1280 1265 mei

331 1294 372 1332 A
377 1295 554 1340 braham,
572 1295 665 1344 quia
682 1303 904 1342 prosperum
919 1290 1013 1326 mihi
1028 1291 1110 1341 iter⁴
1112 1290 1221 1340 fecit,
1239 1297 1280 1326 ut

332 1368 565 1392 assumerem
569 1353 706 1405 filiam
713 1353 860 1404 fratris
876 1351 1024 1387 domini
1039 1352 1125 1387 mei.
1143 1351 1281 1388 Verum

331 1413 407 1451 baec
429 1414 477 1451 ita
503 1428 521 1450 a
544 1412 699 1450 Domino
727 1411 908 1448 manifeste
937 1409 1139 1461 dispensata
1173 1418 1280 1459 sunt;

331 1489 451 1526 preces
469 1474 601 1525 quippe
627 1471 763 1509 domini
790 1471 860 1508 mei
885 1479 970 1508 tunc
988 1471 1123 1507 exitum
1141 1470 1281 1508 habue—

332 1544 426 1572 runt.
442 1536 616 1571 Caeterum
629 1547 692 1570 vos
709 1532 739 1569 si
758 1541 917 1569 vestrum
933 1531 1094 1568 officium
1114 1530 1283 1582 impletis,

332 1596 394 1631 49.
426 1597 565 1631 Facite
594 1593 894 1630 misericordiam
920 1599 956 1628 et
969 1593 1165 1643 justitiam
1197 1605 1284 1628 cum

332 1657 488 1692 domino
515 1668 597 1691 meo
616 1670 626 1689 :
641 1656 702 1691 sin
731 1655 883 1698 minus,
907 1654 1140 1689 annuntiate
1172 1653 1281 1689 mihi.

332 1718 411 1755 Jam
431 1715 541 1765 mihi,
568 1713 703 1765 inquit,
736 1713 950 1764 significate,
983 1720 1022 1749 ut
1043 1711 1133 1749 scire
1150 1711 1285 1764 possim

330 1776 418 1828 quid
438 1785 597 1828 oporteat
613 1789 670 1813 me
688 1775 812 1812 facere.
834 1772 944 1821 Quod
962 1772 990 1810 si
1013 1772 1131 1810 minus
1146 1772 1262 1824 placet
1270 1803 1282 1823 7

332 1847 364 1875 ct
396 1837 554 1889 idipsum
583 1836 710 1885 dicite,
733 1844 772 1872 ut
793 1834 864 1871 alio
895 1833 962 1870 iter
988 1833 1134 1884 faciam,
1157 1843 1190 1871 et
1218 1836 1286 1872 Me

331 1907 554 1936 convertam
589 1898 656 1934 vel
687 1897 741 1934 ad
773 1897 951 1933 dextram
964 1925 977 1941 ,
1011 1895 1079 1932 vel
1112 1896 1166 1932 ad
1193 1897 1286 1933 sini-

332 1969 466 1998 stram.
500 1960 624 1996 Postea
658 1957 828 2008 quoniam
856 1958 952 1993 Deus
976 1966 1050 1994 erat
1077 1956 1139 2007 qui
1166 1957 1284 1994 omnia

331 2029 476 2071 propter
492 2033 613 2071 preces
626 2017 836 2070 patriarchae
856 2016 1089 2066 secundabat,
1111 2017 1235 2055 dicunt
1254 2017 1284 2055 ei

333 2090 434 2132 pater
453 2089 485 2116 et
502 2081 610 2117 frater
641 2078 793 2129 virginis
815 2094 822 2113 τ
846 2079 907 2115 50.
929 2078 971 2115 Α
1001 2079 1171 2115 Domino
1192 2081 1286 2115 exiit

334 2144 496 2179 verbum
511 2143 581 2178 lzoc
599 2157 606 2177 :
626 2155 702 2178 non
713 2143 922 2191 poterimus
940 2142 1008 2176 tibi
1023 2141 1286 2178 contradicere

334 2204 402 2240 ‘vel
416 2203 562 2240 malum
582 2203 649 2239 vel
667 2204 820 2238 bonum.
838 2200 897 2238 Ex
908 2201 1107 2237 narratione
1125 2210 1185 2237 tua
1200 2201 1285 2239 satis

335 2261 590 2311 intelligimus,
623 2269 738 2297 totum
770 2259 838 2296 hoc
869 2258 993 2296 divina
1026 2258 1286 2311 dispensatione

336 2321 425 2358 fieri.
440 2322 492 2359 Ne
509 2321 618 2372 igitur
635 2329 737 2372 putes
755 2334 818 2357 nos
837 2319 928 2357 velle
947 2318 1127 2356 adversari
1145 2319 1188 2356 iis
1207 2334 1286 2370 quae

336 2383 411 2419 Deo
426 2383 624 2434 probantur
639 2397 646 2417 :
662 2380 754 2418 illud
768 2381 863 2418 enim
876 2381 990 2417 facere
1004 2393 1071 2417 non
1087 2394 1285 2431 possumus.

337 2442 430 2479 Ecce
445 2443 555 2479 babes
568 2442 766 2493 virginen13
788 2442 851 2479 51.
878 2441 986 2478 Tolle
1001 2454 1100 2486 eam,
1119 2449 1155 2477 et
1172 2441 1289 2493 profi-

337 2506 502 2549 ciscere,
528 2511 563 2540 et
596 2505 666 2540 erit
699 2516 796 2539 uxor
803 2501 898 2554 filio
924 2502 1071 2538 domini
1091 2502 1168 2547 tui,
1192 2503 1291 2540 sicut

339 2565 519 2616 loquutus
535 2573 590 2601 est
609 2564 812 2600 Dominus.

391 2626 427 2662 6.
463 2624 618 2664 Vidistis
648 2622 828 2674 quomodo
860 2621 1051 2660 studebant
1087 2620 1173 2659 olim
1206 2620 1292 2659 filiis

340 2685 414 2721 suis
446 2699 575 2722 uxores
613 2684 771 2722 ducere?
811 2682 992 2734 quomodo
1024 2682 1137 2734 magis
1165 2682 1291 2720 animae

342 2745 630 2795 generositatem,
649 2759 757 2796 quam
773 2758 882 2796 opum
903 2742 1158 2781 abundantiam
1174 2743 1290 2794 inqui-

343 2806 492 2843 rebant?
512 2807 697 2856 Nusquam
718 2806 969 2851 instrumenta,
985 2819 1159 2855 nusquam
1180 2814 1293 2857 pacta,

344 2877 375 2904 et
392 2868 461 2904 alia
479 2867 630 2904 ridicula
648 2882 726 2918 quae
742 2881 835 2905 nunc
849 2865 945 2918 apud
959 2880 1022 2904 nos
1038 2867 1151 2915 liunt,
1167 2875 1200 2903 et
1213 2879 1296 2903 con-

345 2927 498 2964 ditiones
518 2927 588 2963 illtc
606 2941 683 2976 quse,
703 2926 836 2964 tabulis
856 2926 1060 2963 inseruntur
1079 2941 1086 2961 :
1109 2925 1148 2963 Si
1167 2925 1297 2976 absque

344 2989 480 3036 liberis,
507 2988 637 3039 inquit,
665 2988 851 3036 moriatur,
882 2987 911 3025 si
931 2987 998 3025 boc
1024 2996 1058 3025 ct
1075 2986 1143 3024 hoc
1162 2986 1298 3024 contin-

347 3056 403 3097 get
424 3063 430 3082 :
452 3060 577 3085 verum
596 3046 693 3098 apud
715 3047 796 3084 illos
816 3045 906 3083 nihil
927 3045 1018 3096 tale,
1049 3045 1111 3084 sed
1133 3045 1299 3083 maximae

392 3182 486 3223 ¹›[1n
500 3188 591 3212 textu
611 3196 639 3214 τ
632 3198 669 3213 ,ν
685 3180 734 3212 Ο’.
751 3179 885 3211 additur
903 3185 930 3213 ἐν
945 3183 1000 3223 ὁδῷ
1015 3183 1120 3216 minvs
1112 3195 1167 3217 ἀς
1162 3180 1184 3221 ]

1761 1183 1922 1220 ροσευγαι
1943 1168 2147 1214 ἐληλύθασιν
2166 1171 2202 1206 αἱ
2225 1167 2372 1220 γενόμε-

1351 1247 1406 1268 ναι
1425 1229 1520 1282 παρὰ
1538 1245 1597 1268 του
1625 1228 1792 1267 δεσπότου
1813 1244 1890 1279 μου.
1910 1228 2031 1279 Ὑμεῖς
2060 1227 2095 1267 δε
2112 1229 2245 1275 λοιπον,
2273 1245 2302 1266 ει
2329 1228 2373 1267 τὰ

1352 1292 1436 1345 παρ’
1460 1294 1590 1329 ἑαυτῶν
1618 1291 1870 1338 ἐπ’δείκνυσῡε,
1890 1297 2020 1329 ποιεῖτε
2044 1290 2135 1335 ἔλεος
2167 1290 2226 1328 καὶ
2242 1292 2374 1329 δικαιο-

1353 1351 1457 1400 σύνην
1478 1352 1563 1404 πρὸς
1583 1351 1640 1389 τὸν
1674 1350 1790 1425 κύριόν
1815 1366 1897 1402 μου·
1930 1354 1958 1389 εἷ
1981 1351 2016 1389 δὲ
2040 1351 2109 1402 μὴ,
2140 1351 2376 1403 ἀπαγγείλατέ

1355 1430 1424 1466 μοι.
1439 1413 1532 1460 Ἤδη
1553 1429 1610 1463 υοι
1622 1428 1754 1464 ,φησι,
1765 1412 1976 1464 γνωρίσατε,
1992 1412 2048 1450 ἵνα
2065 1413 2190 1451 εἰδεναι
2204 1413 2296 1465 ἔχω,
2311 1413 2375 1451 ὅτι

1355 1474 1424 1513 δέοι
1447 1491 1490 1526 με
1510 1474 1659 1526 διαπράς
1645 1473 1777 1512 ασθαι.
1793 1475 1837 1512 Εἰ
1867 1473 1902 1512 δὲ
1932 1474 1980 1524 μή
1997 1490 2054 1525 γε,
2074 1473 2132 1511 ἵνα
2156 1474 2297 1525 ἑτέρωθι
2312 1474 2374 1520 τὴν

1355 1536 1431 1574 ὁδον
1453 1536 1675 1585 ποιήσωμαι,
1698 1551 1757 1572 και
1780 1534 2052 1588 Ἔπιστρεδω
2032 1552 2055 1581 η
2079 1537 2125 1579 εἷς
2152 1535 2243 1579 δεξιὰ
2275 1534 2297 1581 ἢ
2330 1537 2376 1579 εἷς

1357 1596 1534 1648 ἀριστερά.
1550 1589 1639 1634 Εἶτα
1663 1595 1782 1642 ἐπειδὴ
1798 1599 1814 1633 ὁ
1833 1596 1922 1639 Θεὸς
1941 1591 1982 1642 ἦν
2003 1599 2020 1633 ὃ
2040 1596 2085 1634 τὰ
2100 1596 2215 1634 πάντα
2231 1596 2377 1647 ἐξευμα-

1360 1656 1459 1708 ρίζων
1476 1657 1532 1694 διὰ
1550 1655 1612 1700 τὰς
1628 1660 1688 1694 τοῦ
1716 1656 1938 1708 πατριάρχου
1958 1657 2175 1708 προσευχὰς,
2194 1656 2278 1708 φησὶ
2293 1657 2378 1709 πρὸς

1358 1718 1458 1755 αὐτὸν
1474 1720 1492 1754 ὃ
1506 1716 1624 1768 πατὴρ
1637 1718 1700 1761 τῆς
1714 1716 1818 1766 κόρης
1838 1717 1897 1753 καὶ
1911 1719 1929 1753 ὁ
1946 1716 2088 1768 ἀδελφός
2105 1734 2111 1739 ·
2128 1716 2235 1768 Παρὰ
2249 1716 2378 1768 Κυρίου

1357 1778 1476 1824 ἐξῆλθε
1501 1778 1541 1815 τὸ
1563 1780 1659 1829 ῥῆμα
1680 1781 1797 1815 τοῦτο·
1820 1779 1858 1814 οὖ
1890 1777 2108 1827 δυνησόμεθα
2129 1780 2300 1815 ἀντειπεῖν
2317 1793 2381 1815 κα-

1311 1838 1469 1871 Βιι-ι,
1536 1838 1577 1876 λι
1628 1837 1837 1876 (ΗΑ-ι’]
2008 1837 2156 1860 ’xx'
2310 1836 2345 1876 αλ

1357 1855 1430 1887 κον,
1455 1856 1472 1884 Γ,
1489 1855 1535 1877 κα
1560 1854 1608 1877 Ον.
1696 1853 1854 1889 οῑῙ,γ[,σῑς
1883 1853 1960 1885 600,
1984 1854 2088 1890 φησι,
2106 1853 2275 1875 Οξῑχνυσῑν
2305 1853 2322 1874 0
2346 1853 2382 1876 Ον

1357 1904 1419 1947 τῆς
1440 1905 1499 1939 του
1515 1902 1608 1938 Θεου
1637 1898 1835 1948 οἰκονομίας
1853 1899 2092 1950 γεγενημένον.
2108 1898 2186 1974 Μὴν
2195 1898 2306 1936 τοίνυν
2327 1913 2382 1936 νο·

1359 1960 1464 2012 μίσῃς
1492 1964 1586 2011 ἧμας
1608 1962 1930 2003 ἐναντιουσθαιτοῖς
1956 1962 2102 2012 τῳΘεῶ
2131 1958 2287 2002 δόξασιν·
2307 1958 2382 1998 οὐδὲ

1358 2022 1425 2074 γὰρ
1446 2023 1513 2061 οἷόν
1531 2038 1569 2060 τε
1582 2027 1682 2060 τουτο
1700 2022 1784 2074 παρ’
1802 2024 1904 2071 ἡμων
1927 2021 2098 2072 γενέσθαι.
2113 2020 2236 2059 Ιδου’
2217 2037 2306 2073 εχεις
2319 2020 2383 2068 τὴν

1357 2084 1479 2138 κόρην·
1498 2083 1663 2122 Λαέων
1645 2083 1836 2135 ἀπότρεχε,
1853 2083 1913 2120 καὶ
1932 2082 2029 2120 ἔσται
2053 2082 2138 2134 γυνὴ
2164 2099 2214 2135 τῳ
2242 2085 2306 2134 υἱῷ
2324 2085 2384 2120 τοῦ

1358 2145 1475 2197 κυρίου
1502 2161 1580 2193 σου,
1597 2145 1687 2182 καθὰ
1708 2143 1857 2190 ἐλάλησε
1892 2143 2029 2195 Κύριος.

1419 2616 1543 2655 Ιίἴδετε
1565 2616 1659 2659 ὅπως
1680 2616 1720 2654 τὸ
1736 2615 1887 2654 παλαιὸν
1907 2614 2115 2658 ἐσπούδαζον
2130 2619 2292 2664 γυναῖκας
2312 2613 2391 2664 ἄγε-

1367 2681 1446 2716 σΟαι
1470 2683 1540 2720 τοῖς
1561 2679 1693 2715 ἑαυτῶν
1724 2675 1862 2724 παισίν,
1881 2675 1975 2718 ὅπως
2002 2673 2069 2727 πρὸ
2095 2677 2162 2712 τῶν
2195 2673 2388 2728 χρημάτων

1367 2740 1480 2791 ψυχῆς
1513 2738 1682 2789 εὐγένειαν
1714 2737 1918 2783 ἐπεζήτουν,
1944 2737 2111 2786 Οὐδαμοῧ
2143 2740 2390 2787 γραμματεῖα,

1369 2802 1519 2850 οὐδαμοῦ
1539 2803 1728 2846 συνθῆκαι,
1748 2798 1807 2836 καὶ
1827 2797 1870 2836 τὰ
1900 2798 1988 2835 ἄλλα
2014 2796 2058 2834 τὰ
2085 2796 2349 2847 καταγέλαστα,
2370 2795 2391 2832 ἃ

1367 2866 1424 2900 νῦν
1447 2861 1599 2912 γίνεται,
1622 2859 1681 2897 καὶ
1703 2863 1761 2898 “oti
1784 2859 1932 2912 αἱρέσεις
1962 2859 2090 2896 ἐκεῖναι
2113 2860 2147 2895 αἱ
2174 2863 2244 2900 τοῖς
2271 2872 2391 2908 γραμ-·

1322 2927 1345 2956 C
1371 2921 1524 2974 ματείοις
1548 2919 1784 2971 ἐντιθέμεναι·
1815 2919 1871 2958 ἐὰν
1905 2919 2028 2967 ἄπαις,
2054 2918 2158 2970 φησὶ,
2177 2916 2392 2968 τελευτήσῃ,

1372 2983 1430 3022 ἐὰν
1452 2983 1529 3022 τόδε
1563 2982 1621 3019 καὶ
1642 2982 1719 3020 τόδε
1741 2982 1880 3032 συμὸᾒ·
1909 2980 1999 3018 ἀλλὰ
2027 2981 2110 3031 παρ’
2133 2978 2274 3021 ἐκείνοις
2300 2977 2393 3017 οὐδὲν

1373 3049 1536 3089 τοιοῦτον,
1567 3042 1656 3081 ἀλλὰ
1684 3043 1723 3080 τὸ
1760 3041 1920 3094 μέγιστον
1954 3040 2013 3078 xcxi.
2042 3038 2192 3091 ἀσφαλὲς
2222 3055 2392 3091 γραμμα-

1388 3175 1668 3220 Chrysostomus‚
1694 3176 1750 3218 qui
1773 3173 1889 3206 eodem
1919 3185 1978 3205 usu
1999 3171 2087 3204 illam
2115 3183 2233 3204 xocem
2258 3169 2394 3203 adhibet

390 3244 403 3258 ⁸
429 3244 460 3267 Λι
480 3239 602 3278 ‘atpium
625 3233 658 3263 in
686 3232 830 3263 Basilicis
852 3240 930 3263 sunt
955 3231 1164 3263 conditiones
1192 3228 1253 3262 illae
1283 3240 1354 3271 quae
1388 3226 1453 3259 inst
1456 3240 1473 3259 a
1491 3226 1634 3258 ΠοιηῐΙίι
1653 3228 1704 3268 56,
1723 3234 1755 3259 et
1772 3237 1855 3268 saepe
1872 3226 1906 3258 in
1931 3224 2180 3256 commentariis
2197 3224 2230 3255 iu
2247 3221 2394 3255 psalmos

347 3288 429 3317 actis
458 3287 504 3317 in
508 3293 655 3317 eruntur.
683 3283 764 3316 Vide
790 3285 821 3315 in
849 3283 995 3315 ΒηεὶΙίιὶε
1022 3282 1161 3315 Fabroti
1179 3280 1287 3314 indice
1311 3280 1354 3313 ad
1387 3281 1495 3313 Tomo
1513 3280 1672 3321 sequenti

348 3350 461 3371 vocem
482 3343 598 3383 αἵρεσις,
618 3337 664 3368 Dc
688 3335 735 3367 his
759 3347 836 3367 vero
859 3333 1107 3368 conditionibus
1130 3333 1183 3367 hic
1204 3333 1353 3377 loquitur
