2483 3791
290 176 377 221 116
676 192 714 220 5.
753 191 935 221 somnis

283 272 388 310 modo
406 273 545 324 primus
566 272 673 310 homo
691 272 887 324 productus
909 273 967 311 sit.
986 272 1080 310 Nam
1101 270 1131 308 si
1158 278 1236 321 post

281 332 374 370 hanc
393 331 611 381 doctrinam,
641 347 711 382 qua
732 332 881 384 agnovit
899 347 935 370 se
955 347 972 369 e
992 341 1085 369 terra
1107 330 1238 367 habere

282 392 472 443 originem,
501 407 546 430 ex
569 406 639 443 qua
667 392 815 442 semina,
847 401 881 430 et
902 401 1027 430 caetera
1051 389 1235 438 animalia,

281 453 445 504 quamvis
458 452 636 499 formatio,
655 452 850 502 animaeque
864 451 1058 489 substantia
1075 450 1238 501 incorpo-

281 513 367 551 ralis
403 513 515 550 multo
535 511 763 550 excellentior
794 525 856 563 per
890 510 1144 561 benignitatem
1171 509 1240 547 Dei

282 587 443 610 concessa
463 572 509 609 sit
532 588 539 607 :
558 586 621 624 per
639 572 730 608 hanc
749 571 845 608 enim
863 571 998 623 accepit
1016 569 1113 621 quod
1129 570 1237 607 ratio-

285 633 374 670 nalis
397 633 456 679 sit,
479 641 512 670 et
535 632 700 670 omnibus
720 631 800 669 aliis
817 631 966 684 imperet
984 647 991 667 :
1012 631 1054 680 si,
1074 631 1234 682 inquam,

281 693 362 731 licet
390 693 466 730 haec
493 692 633 742 doctus,
670 692 842 744 serpentis
876 692 1082 745 deceptione
1114 707 1238 744 parem

280 754 436 805 aliquam
453 768 534 792 cum
554 755 629 792 Deo
647 753 886 805 aequalitatem
901 753 1115 805 imaginatus
1135 762 1187 792 est
1208 754 1238 791 is
1262 762 1284 791 Β

281 815 341 865 qui
361 814 406 852 de
424 824 517 853 terra
539 814 734 852 formatus:
759 814 786 852 si
807 814 919 867 priori
937 813 1139 852 narratione
1155 828 1237 852 con-

281 884 396 913 tentus
414 874 538 913 fuisset
554 875 679 913 beatus
708 875 767 913 hic
785 875 970 928 propheta,
995 884 1030 913 'et
1049 874 1115 913 nisi
1135 890 1237 928 repe·

281 937 356 974 titis
378 937 544 974 omnibus
566 936 758 988 diligenter
776 950 839 975 nos
855 935 1048 986 docuisset,
1075 935 1112 974 in
1131 950 1238 987 quam

282 1013 350 1037 non
367 999 616 1037 incidissemus
632 998 807 1036 insaniam
818 998 836 1035 Ξ)

336 1061 371 1098 5.
388 1061 513 1109 Itaque
538 1059 736 1110 plurimum
753 1058 801 1096 ad
821 1058 1058 1097 erudiendum
1074 1072 1138 1097 nos
1157 1072 1239 1096 con-

281 1120 381 1158 ducit
394 1119 484 1157 scire
503 1118 597 1157 unde
612 1119 808 1156 substantia
822 1128 942 1157 nostra
956 1119 1115 1171 primum
1130 1118 1239 1170 origi-

286 1195 364 1218 nem
388 1179 575 1232 acceperit.
591 1181 643 1216 Et
659 1180 862 1231 formavit,
885 1179 1014 1230 inquit,
1044 1181 1146 1218 Deus
1171 1181 1240 1217 ho-

284 1244 428 1278 minem
448 1271 459 1288 ,
503 1240 701 1291 pulverem
737 1239 912 1292 accipiens
956 1242 1004 1279 de
1042 1249 1160 1287 terra,
1204 1249 1240 1278 et

283 1303 513 1355 insufflavit
542 1302 745 1353 infaciem
770 1303 852 1354 ejus
880 1302 1119 1353 spiraculum
1139 1304 1239 1341 vitoe.

283 1363 463 1410 Quoniam
495 1362 702 1400 hominibus
732 1361 956 1413 loquebatur,
997 1363 1100 1400 aliter
1132 1376 1240 1413 quam

283 1438 379 1462 more
404 1433 522 1462 nostro
543 1423 670 1461 audire
689 1437 757 1461 non
786 1424 999 1473 valentibus,
1023 1424 1090 1463 hac
1110 1424 1240 1463 verbo-

283 1500 365 1523 rum
388 1484 615 1538 simplicitate
633 1493 666 1522 et
686 1484 920 1522 crassitudine
940 1499 1025 1523 usus
1045 1494 1095 1523 est
1115 1501 1127 1536 ;
1149 1495 1183 1523 et
1202 1495 1240 1524 ut

282 1546 407 1585 doceat
427 1561 491 1584 1105
519 1560 588 1596 quo
607 1555 711 1597 pacto
735 1545 925 1584 formatum
944 1546 1049 1584 illum
1071 1547 1116 1584 de
1136 1556 1240 1595 terra,

284 1607 484 1659 benignitas
502 1606 649 1645 Domini
674 1606 883 1644 rationalem
905 1608 1032 1645 animae
1053 1607 1240 1646 essentiam
1263 1614 1288 1645 C

284 1668 416 1706 habere
442 1667 608 1713 voluerit,
634 1681 697 1718 per
726 1681 835 1717 quam
857 1668 990 1706 animal
1010 1668 1079 1706 hoc
1099 1668 1240 1707 absolu-

286 1739 362 1766 tum
381 1738 413 1766 et
432 1729 628 1781 perfectum
648 1728 759 1765 fieret.
783 1730 835 1766 Et
853 1731 1058 1780 inspiravit
1071 1759 1083 1776 ,
1103 1729 1240 1780 inquit,

288 1790 491 1842 infaciem
514 1791 597 1841 ejus
624 1789 861 1839 spiraculum
881 1792 987 1827 vitoe.
1010 1790 1169 1827 Vitalem
1193 1790 1244 1828 ait

289 1848 461 1902 operandi
479 1848 675 1887 efficaciam
689 1863 735 1895 el,
749 1850 810 1899 qui
825 1848 870 1887 de
883 1858 975 1887 terra
991 1850 1165 1888 formatus
1175 1860 1242 1899 est,

290 1910 510 1963 spiraculum
541 1909 667 1947 datum
695 1923 790 1959 esse,
807 1919 840 1947 et
851 1910 927 1948 haec
955 1910 1023 1948 fuit
1040 1911 1244 1949 constitutio

292 1971 497 2009 substantiae
513 1970 652 2009 animae.
668 1970 775 2008 Unde
797 1970 920 2008 subdit
938 1986 946 2007 :
965 1973 1019 2009 Et
1027 1973 1169 2025 sactus
1189 1981 1246 2010 est

291 2033 404 2070 homo
424 2035 466 2069 in
487 2034 662 2069 animam
680 2034 889 2069 viventem.
907 2031 971 2069 Ille
989 2032 1174 2083 formatus,
1191 2033 1245 2070 in-

291 2093 380 2142 quit,
396 2102 429 2129 et
443 2091 486 2128 de
499 2092 646 2143 pulvere
656 2091 1056 2144 susceptus‚inspiratus
1069 2093 1246 2145 spiraculo

291 2152 388 2201 vitae,
407 2154 554 2189 Factus
583 2161 638 2189 est
663 2154 704 2188 in
723 2154 898 2189 animam
922 2155 1126 2192 viventem.
1147 2153 1247 2202 Quid

293 2222 358 2261 est,
386 2216 435 2250 In
457 2215 632 2250 animam
653 2215 878 2251 viventem?
896 2213 973 2251 Hoc
997 2223 1060 2263 est,
1089 2214 1244 2251 efficaci-

294 2284 346 2312 ter
391 2283 608 2327 operantem,
655 2272 845 2312 habentem
887 2275 1045 2326 corporis
1088 2275 1247 2312 membra
1270 2280 1295 2309 D

295 2336 407 2388 ipsius
428 2333 693 2387 operationibus
708 2335 896 2373 servientia
917 2335 1101 2388 ipsiusque
1119 2336 1247 2374 volun-

295 2397 357 2434 tati
387 2395 679 2447 obtemperantia.
719 2396 895 2434 Caeterum
923 2397 1039 2434 nescio
1070 2397 1247 2447 quomodo

296 2472 358 2495 1105
375 2472 457 2495 eum
479 2456 758 2494 subverterimus
777 2456 952 2506 ordinem,
974 2467 1008 2495 et
1028 2467 1124 2495 tanta
1142 2458 1250 2497 fuerit

296 2517 463 2568 nequitiae
483 2516 650 2566 accessio,
666 2524 707 2553 ut
723 2516 838 2568 ipsam
851 2531 1019 2569 cogamus
1033 2518 1148 2556 carnis
1167 2532 1250 2556 cou-

297 2578 524 2631 cupiscentiis
538 2577 699 2629 obsequi,
721 2587 754 2615 et
771 2592 861 2626 eam,
876 2593 953 2630 quae
970 2588 1091 2632 utpote
1105 2579 1251 2619 domina

298 2640 379 2677 aliis
393 2654 540 2692 praeesse
558 2647 591 2677 ct
607 2639 781 2691 imperare
799 2638 962 2689 debebat,
981 2655 1000 2678 e
1019 2641 1107 2678 solio
1125 2641 1249 2680 detur-

298 2701 433 2750 baiam,
464 2699 580 2737 carnis
623 2699 870 2751 voluptatibus
904 2715 1028 2752 parere
1068 2715 1249 2753 cogamus,

300 2761 502 2812 ignorantes
531 2760 642 2812 ipsius
666 2760 908 2809 nobilitatem,
928 2770 962 2798 et
988 2771 1155 2812 quantam
1179 2778 1251 2816 prae

301 2821 365 2858 ista
393 2820 619 2857 eminentiam
644 2820 766 2858 sortita
796 2820 854 2858 sit.
874 2822 964 2858 Nam
989 2822 1116 2874 cogita,
1147 2823 1250 2861 obse-

301 2895 375 2929 cro,
410 2881 630 2918 formationis
656 2879 843 2918 ordinem:
872 2891 905 2919 et
930 2883 1089 2934 expende
1118 2893 1249 2934 tecum,

302 2941 383 2992 quis
408 2950 496 2978 esset
527 2941 586 2977 ille
607 2950 795 2991 antequam
815 2941 1079 2994 inspiraretura
1099 2945 1253 2982 Domino
1276 2952 1299 2982 E

301 3002 522 3053 spiraculum
543 3002 636 3049 vitae,
650 3011 684 3039 et
703 3002 802 3039 fieret
822 3003 856 3040 in
876 3004 1031 3042 animam
1055 3005 1249 3043 viventem.

301 3063 473 3101 Inanimis
499 3077 624 3114 nempe
654 3063 783 3114 imago,
818 3064 1021 3116 operatione
1053 3079 1186 3116 carens,
1219 3076 1253 3104 et

970 188 1222 219 CHRYSOST.
1263 187 1468 217 ARcmEP.
1507 187 1872 218 CONSTANTm'OP.

1307 269 1381 320 ἔχει
1409 268 1470 315 τὴν
1490 270 1602 321 ἀρχὴν
1621 272 1683 315 τ’ἧς
1700 270 1900 312 συστάσεως
1913 300 1922 317 ,
1946 270 1979 314 ἐξ
2002 265 2042 315 ἧς
2063 270 2106 307 τὰ
2124 270 2330 321 σπέρματα,

1309 328 1343 372 ἐξ
1361 323 1402 374 ἧς
1426 328 1471 366 τὰ
1499 329 1609 379 ἄλογα
1638 330 1727 375 ζῶα,
1755 332 1784 368 εἰ
1811 330 1870 368 καὶ
1899 334 1921 376 ἦ
1953 329 2154 376 διάπλασις,
2184 330 2242 368 καὶ
2269 334 2331 376 τ’ἧς

1310 391 1424 440 ψυχῆς
1448 393 1469 435 ἡ
1490 388 1588 427 οὐσία
1607 392 1629 435 ἡ
1653 389 1839 439 ἀσώματος
1857 390 1988 438 πολλὴν
2011 393 2103 441 αὐτῷ
2122 390 2210 436 ᾖτὴν
2230 407 2331 443 προε-

1312 449 1408 500 δρίαν
1423 448 1479 486 διὰ
1494 449 1558 496 τὴν
1576 453 1636 486 τοῦ
1656 451 1748 488 Θεοῦ
1763 452 2022 502 φιλανθρωπίαν
2039 452 2257 503 κεχάρισται·
2275 450 2331 488 διὰ

1310 510 1377 562 γὰρ
1395 509 1525 556 ταύτην
1547 509 1607 547 καὶ
1625 510 1665 548 τὸ
1681 510 1819 562 λογικὸς
1841 505 1949 556 εἶναι,
1972 512 2032 549 καὶ
2050 511 2114 558 τὴν
2134 511 2225 549 κατὰ
2246 510 2332 549 πάν·

1311 587 1379 609 των
1399 570 1513 623 ἀρχὴν
1534 570 1690 614 ἐδέξατο·
1712 573 1740 608 εἷ
1762 571 1874 609 τοίνυν
1901 572 1960 609 καὶ
1987 576 2095 610 ταῦτα
2123 571 2256 622 μαθὼν,
2276 571 2332 609 διὰ

1308 630 1371 678 τὴν
1390 631 1486 682 παρὰ
1500 634 1560 669 τοῦ
1581 631 1690 683 ὄφεως
1710 631 1848 677 ἀπάτην
1874 630 2022 669 ἷσοθεΐαν
2040 632 2237 683 ἐφαντάσθη
2256 634 2273 668 ὁ
2294 633 2333 669 ἐκ

1308 695 1371 743 γῆς
1387 691 1564 736 πλασθείς·
1583 694 1612 730 εἷ
1631 695 1673 743 τῇ
1688 691 1811 743 πρώτῃ
1833 692 1992 743 διηγήσει
2009 691 2163 744 ἠρκέσθη
2179 696 2197 730 ὃ
2219 692 2332 743 μακά-

1311 767 1379 803 ριος
1397 746 1493 794 οὗτος
1508 752 1703 804 προφήτης,
1719 752 1778 789 καὶ
1793 752 1842 802 μὴ
1861 753 2090 790 ἐπαναλαὸὼν
2104 752 2220 791 πάντα
2245 751 2333 802 μετὰ

1310 811 1488 864 ἀκριὸείας
1505 815 1598 863 ἡμᾶς
1618 812 1768 860 ἐδίδαξε,
1794 816 1860 851 ποῦ
1890 815 1952 850 οὐκ
1978 813 2019 850 ἂν
2053 813 2178 863 μανίας
2197 812 2332 857 ἐξωκεί-

1309 874 1419 924 λαμεν
1431 888 1443 922 ;

1362 1055 1472 1095 ”Ω.στε
1489 1058 1651 1109 μέγιστον
1671 1061 1755 1109 ἡμῖν
1772 1062 1864 1097 ἐστιν
1883 1062 1928 1103 εἷς
1949 1060 2176 1098 διδασκαλίαν
2198 1062 2321 1113 φιλοσο

1311 1116 1391 1168 φίας
1408 1118 1448 1156 τὸ
1467 1122 1587 1168 μαθεῖν
1611 1119 1713 1157 πόθεν
1733 1120 1766 1163 ἐξ
1787 1122 1898 1171 ἀρχῆς
1917 1120 1979 1167 τὴν
2007 1121 2172 1159 σύστασιν
2194 1125 2256 1167 τῆς
2275 1124 2334 1160 οὐ·

1312 1177 1389 1221 σίας
1408 1179 1624 1230 ἐσχήκαμεν.
1648 1180 1717 1218 Καὶ
1738 1180 1891 1227 ἔπλασε,
1914 1182 2029 1233 φησὶν,
2050 1186 2067 1220 ὁ
2083 1183 2172 1226 Θεὸς
2196 1182 2254 1220 τὸν
2275 1182 2337 1220 ἄν-

1313 1243 1462 1290 θρωπον,
1479 1245 1561 1291 χοῦν
1579 1240 1699 1278 λαθὼν
1719 1241 1789 1279 ἀπὸ
1812 1244 1874 1287 τῆς
1888 1246 1964 1291 γῆς,
1983 1242 2041 1280 καὶ
2062 1244 2272 1295 ἐνεφύσησεν
2290 1245 2338 1286 εἷς

1311 1301 1350 1338 τὸ
1368 1300 1556 1353 πρόσωπον
1576 1305 1679 1340 αὐτοῦ
1707 1302 1813 1349 πνοὴν
1837 1305 1939 1348 ζωῆς.
1968 1303 2114 1350 Ἐπειδὴ
2143 1303 2338 1355 ἀνθρώποις

1312 1361 1484 1413 διελέγετο
1508 1364 1545 1400 οὐ
1565 1362 1765 1413 δυναμένοις
1789 1363 1914 1415 ἑτέρως
1933 1366 2103 1409 ἀκοῦσαι,
2127 1364 2149 1410 ἢ
2170 1367 2216 1407 ὡς
2232 1367 2338 1403 ἀκοῦ-

1312 1439 1371 1460 σαι
1389 1425 1482 1473 ἡμᾶς
1515 1424 1656 1461 ’δυνατὸν
1675 1418 1732 1471 ἦν,
1755 1423 1845 1462 οὕτω
1865 1427 1908 1476 τῇ
1930 1425 2109 1477 παχύτητι
2134 1427 2203 1463 τῶν
2225 1426 2339 1476 λόγων

1312 1483 1482 1536 κέχρηται
1494 1514 1503 1531 ,
1519 1484 1578 1521 καὶ
1593 1483 1650 1522 ἵνα
1672 1484 1791 1536 διδάξῃ
1808 1487 1922 1535 ἡμᾶς,
1935 1485 1988 1524 ὅτι
2007 1489 2126 1523 τοῦτον
2145 1485 2202 1523 τὸν
2219 1487 2258 1523 ἐκ
2276 1488 2339 1531 τῆς

1311 1548 1374 1595 γῆς
1386 1544 1585 1583 πλασθέντα
1599 1549 1621 1593 ἡ
1643 1546 1884 1598 φιλανθρωπία
1897 1550 1957 1584 τοῦ
1976 1546 2153 1586 Δεσπᾶτου
2169 1547 2338 1594 ἐδουλήθη

1313 1605 1373 1643 καὶ
1387 1607 1502 1657 ψυχῆς
1522 1606 1642 1644 οὐσίαν
1661 1607 1752 1659 ἔχειν
1775 1607 1932 1659 λογικὴν,
1954 1609 1997 1646 δι’
2015 1603 2056 1654 ἧς
2076 1608 2114 1646 τὸ
2134 1611 2219 1653 ζῶον
2239 1612 2341 1647 τοῦτο

1314 1668 1431 1720 ἄρτιον
1459 1668 1518 1706 καὶ
1536 1668 1666 1707 τέλειον
1684 1669 1921 1708 ἀπεδείκνυτο.
1950 1671 2019 1708 Καὶ
2040 1670 2248 1723 ἐνεφύσησε,
2268 1686 2340 1723 φη-

1314 1729 1381 1777 σὶν,
1409 1731 1457 1772 εἷς
1483 1729 1522 1767 τὸ
1550 1729 1735 1782 πρόσωπον
1766 1733 1869 1768 αὐτοῦ
1897 1730 2007 1777 πνοὴν
2025 1733 2127 1777 ζωῆς.
2161 1731 2338 1779 Ζωτικὴν,

1315 1790 1431 1842 φησὶν,
1459 1791 1632 1844 ἐνέργειαν
1664 1792 1704 1830 τὸ
1733 1792 1922 1844 ἐμφύσημα
1942 1793 2131 1844 ἐχαρίσατο
2149 1795 2198 1845 τῷ
2219 1795 2259 1830 ἐκ
2277 1795 2341 1843 γῆς

1315 1852 1524 1900 πλασθέντι,
1546 1853 1605 1890 καὶ
1626 1857 1727 1890 τοῦτο
1754 1853 1887 1905 ἐγένετο
1910 1852 2101 1896 ι’σύστασις
2133 1857 2194 1900 τῆς
2223 1854 2340 1898 οὐσίας

1315 1916 1376 1959 τῆς
1397 1914 1523 1965 ψυχῆς.
1541 1913 1723 1965 Ἔπήγαγε
1752 1918 1844 1965 γοῦν,
1865 1913 1935 1951 Καὶ
1967 1913 2103 1965 ἐγένετο
2125 1918 2142 1952 ὃ
2162 1915 2343 1967 ἅνθρωπος

1317 1976 1364 2017 εἷς
1374 1974 1491 2026 ψυχὴν
1503 1977 1628 2020 ζῶσαν.
1638 1976 1791 2018 Ἐκεῖνος
1806 1978 1823 2013 ὃ
1837 1975 2004 2018 πλασθεὶς
2019 2005 2028 2022 ,
2051 1978 2068 2013 ὁ
2089 1975 2158 2014 ἀπὸ
2169 1979 2228 2014 τοῦ
2242 1975 2342 2028 χοὸς,

1318 2035 1501 2086 δεξάμενος
1519 2036 1558 2074 τὸ
1578 2035 1770 2088 ἐμφύσημα
1791 2036 1854 2082 τὴν
1877 2036 1985 2083 πνοὴν
2008 2040 2069 2083 τῆς
2098 2040 2206 2085 ζωῆς,
2236 2037 2340 2089 Ἐγέ-

1317 2112 1415 2143 νετο,
1437 2096 1554 2148 φησὶν,
1577 2099 1624 2140 εἰς
1641 2097 1756 2149 ψυχὴν
1780 2099 1905 2141 ζῶσαν.
1928 2097 1974 2135 Τί
2000 2100 2106 2145 ἐστιν,
2136 2100 2198 2142 Εἷς
2225 2099 2343 2152 ψυχὴν

1319 2159 1450 2204 ζῶσαν;
1470 2158 1715 2211 Ἐνεργοῦσαν,
1739 2157 1884 2209 ἔχουσαν
1909 2158 2173 2209 ὑπηρετούμενα
2187 2159 2231 2197 τὰ
2253 2160 2341 2209 μέλη

1318 2220 1378 2254 τοῦ
1407 2216 1569 2266 σώματος
1598 2224 1673 2260 ταῖς
1693 2220 1797 2263 αὐτῆς
1829 2218 2032 2270 ἐνεργείαις,
2061 2220 2120 2257 καὶ
2148 2223 2197 2273 τῷ
2216 2220 2343 2271 βουλή-

1320 2292 1404 2327 ματι
1425 2279 1532 2324 αὐτῆς
1548 2278 1713 2329 ἑπόμενα.
1728 2278 1823 2316 Ἀλλ’
1843 2281 1904 2317 οὐκ
1923 2274 1987 2318 οἶδ’
2001 2280 2095 2322 ὅπως
2116 2283 2218 2331 ἡμεῖς
2242 2282 2343 2319 ἅντε-

1320 2338 1517 2390 στρέψαμεν
1538 2338 1600 2385 τὴν
1620 2339 1729 2386 τάξιν,
1752 2340 1811 2377 καὶ
1827 2339 1979 2388 τοσαύτη
2001 2340 2138 2392 γέγονεν
2154 2344 2176 2388 ἦ
2197 2344 2260 2388 τῆς
2279 2358 2343 2380 κα-

1320 2399 1396 2442 κίας
1415 2399 1591 2446 ἐπίτασις,
1619 2403 1664 2443 ὡς
1680 2401 1810 2448 ταύτην
1833 2404 2038 2452 ἀναγκάζειν
2056 2409 2125 2445 τοῖς
2138 2405 2200 2448 τῆς
2216 2403 2343 2455 σαρκὸς

1323 2461 1536 2511 βουλήμασιν
1552 2461 1798 2509 ἐξακολουθεῖν,
1825 2462 1884 2499 καὶ
1908 2462 1970 2509 τὴν
1994 2465 2027 2500 ἐν
2053 2463 2147 2507 τάξει
2163 2463 2345 2510 δεσποίνης

1321 2520 1522 2572 ὀφείλουσαν
1556 2525 1798 2574 προκαθῆσθαι
1833 2523 1892 2560 καὶ
1923 2523 2120 2561 ἐπιτάττειν
2150 2525 2345 2564 καταὸιὸά-

1324 2597 1444 2626 σαντες
1476 2582 1544 2620 ἀπὸ
1574 2587 1633 2620 τοῦ
1655 2584 1792 2635 θρόνου,
1814 2583 2002 2622 ὑπακούειν
2029 2591 2106 2628 ταῖς
2128 2588 2189 2631 τῆς
2217 2586 2344 2639 σαρκὸς

1323 2644 1461 2689 ἡδοναῖς
1488 2645 1809 2695 καταναγκάζομεν,
1843 2648 2043 2695 ἀγνοοῦντες
2071 2649 2178 2693 αὐτῆς
2206 2647 2268 2694 τὴν
2289 2650 2342 2685 εὐ-

1323 2704 1468 2754 γένειαν,
1495 2704 1554 2742 καὶ
1577 2706 1640 2751 ὅση
1670 2705 1800 2751 ταύτης
1824 2710 1846 2752 ἡ
1867 2706 2032 2756 προεδρία
2062 2708 2237 2759 τυγχρὶνει.
2267 2707 2345 2746 Ἐν-

1323 2764 1445 2810 νόησον
1468 2765 1534 2816 γάρ
1563 2781 1622 2815 μοι
1642 2765 1704 2812 τὴν
1726 2765 1820 2810 τάξιν
1842 2768 1905 2810 τ’ἧς
1924 2767 2158 2814 διαπλάσεως,
2177 2767 2235 2805 καὶ
2251 2768 2345 2819 λογί-

1325 2828 1380 2869 ζου
1404 2826 1470 2877 πρὸ
1490 2830 1549 2862 τοῦ
1569 2826 1819 2877 ἐμφυσηματος
1844 2831 1903 2865 τοῦ
1922 2827 2100 2865 Ast-whom
2116 2858 2124 2874 ,
2143 2828 2229 2879 ὅπερ
2250 2830 2344 2880 αὐτῷ

1323 2886 1460 2937 γέγονεν
1486 2887 1532 2928 εἷς
1558 2886 1666 2932 πνοὴν
1688 2889 1794 2932 ζωῆς,
1813 2891 1826 2906 ⁰
1839 2887 1898 2924 καὶ
1919 2886 2052 2938 ἐγένετο
2073 2890 2119 2931 εἷς
2138 2888 2253 2941 ψυχὴν
2274 2891 2346 2933 ζῶ-

1325 2962 1402 2994 σαν,
1425 2946 1459 2984 τί
1490 2941 1531 2993 ἦν
1559 2949 1577 2984 ὁ
1599 2947 1777 2989 πλασθείς.
1810 2946 1945 2991 Ἁπλῶς
1972 2947 2072 2985 εἰκὼν
2104 2949 2252 3001 ἄψυχος,
2287 2949 2343 2987 >tal

1325 3006 1569 3059 ἀνενέργητος,
1600 3007 1658 3044 καὶ
1687 3009 1734 3050 εἰς
1757 3007 1852 3045 οὐδὲν
1880 3008 2052 3061 χρήσιμος
2066 3039 2074 3055 ,
2107 3008 2196 3046 ὥστε
2217 3010 2255 3047 τὸ
2276 3016 2344 3047 πᾶν

1327 3067 1387 3105 καὶ
1402 3068 1441 3106 τὸ
1460 3070 1508 3111 εἰς
1530 3067 1697 3115 τοσαύτην
1719 3068 1820 3105 αὐτὸν
1847 3069 1953 3119 τιμὴν
1980 3069 2124 3120 ἀγαγὸν,
2147 3070 2255 3107 ἐκεῖνό
2272 3071 2346 3108 ἐστι

345 3198 356 3211 a
373 3185 428 3217 8ἶο
450 3185 550 3219 Saxil.
569 3193 601 3217 et
625 3196 739 3217 omnes
764 3185 829 3217 scre
853 3187 927 3219 Mss.
947 3195 1046 3220 recte.
1064 3187 1178 3220 Morel.
1198 3203 1306 3233 προσε-
1339 3190 1372 3220 111
1397 3188 1595 3231 quibusdam
1622 3187 1726 3221 deest.
1753 3188 1877 3233 [savit.
1907 3189 2156 3231 parenthesibus
2185 3189 2346 3235 inclusit]

299 3243 394 3283 δρίαν-
425 3237 514 3269 lnsfss
542 3236 677 3270 (30181111.
697 3243 801 3280 μαθὼν
827 3242 883 3273 ὑπὸ
908 3247 961 3279 τῆς
988 3246 1040 3275 τοῦ
1063 3245 1153 3287 ὄφεως
1175 3247 1304 3279 ἀπάτης-

343 3291 358 3313 1,
374 3288 520 3320 colbert.
536 3300 618 3320 unus
635 3291 768 3326 σύστασις
784 3298 820 3333 τῇ
837 3293 930 3333 οὐσίᾳ.

342 3352 354 3364 0
372 3339 477 3378 lund,
495 3345 540 3373 ml
567 3345 679 3381 ἐγένετο
697 3345 733 3377 εἰς
749 3347 838 3378 πνοὴν
854 3341 914 3381 [sic
931 3343 1017 3374 enim
1035 3343 1179 3387 variant]
1196 3350 1303 3384 gaam,

1339 3240 1426 3273 Alius
1451 3240 1550 3273 habet
1565 3248 1606 3280 εὶς
1623 3248 1716 3285 ψυχὴν
1739 3248 1852 3282 ζῶσαν,
1871 3253 1942 3284 quae
1958 3249 2006 3273 est
2025 3243 2133 3284 utique
2150 3253 2224 3274 vera
2246 3241 2345 3275 1001ῑο

1339 3293 1451 3335 [quam
1470 3293 1502 3325 in
1519 3304 1622 3335 marg.
1643 3292 1740 3324 affert
1759 3293 1888 3334 savit]
