2516 3791
128 267 229 294 Exoaet.
249 267 300 296 32.

136 316 183 336 10.

133 511 223 540 Item.
245 522 275 552 9.
288 513 318 542 3.

137 1628 215 1655 Num
241 1629 318 1654 inve-

137 1671 213 1696 neu-it
238 1670 324 1695 vitem

140 1711 211 1738 Noe.

142 1863 322 1893 Gen.i.31.

141 1932 255 1959 (ἔοικα.
275 1940 299 1960 2.

331 162 420 206 530
766 176 803 206 5.
842 176 1025 207 sommis
1059 176 1298 206 0111115051.

331 259 580 310 praesecturam
590 272 626 296 50
638 257 869 305 traditurum,
890 268 922 297 et
937 259 1101 306 dixisset,
1121 259 1285 294 Dimitte

333 334 405 365 me,
426 328 462 357 et
485 319 620 356 delebo
639 321 812 357 homines
827 322 932 363 istos,
951 319 1160 369 etfaciam
1185 325 1222 353 te
1242 318 1284 352 in

1339 175 1545 205 ARCHIEP.
1585 175 1667 205 CON
1675 175 1938 209 STANTINOP.

1358 258 1402 294 Εἰ
1423 255 1484 305 μὲν
1513 256 1617 308 ἀφίης
1637 260 1749 302 αὐτοῖς
1767 259 1831 306 τὴν
1851 260 2038 312 ἁμαρτίαν,
2061 261 2159 312 ἄφες·
2189 263 2217 299 εἷ
2249 260 2284 300 δὲ
2308 261 2356 312 μὴ
2371 294 2380 311 ,

1356 317 1450 366 κάμὲ
1468 316 1665 369 ἐξάλειψον·
1685 319 1744 356 καὶ
1768 320 1874 358 πάλιν
1896 321 2194 372 ἐπαγγελλομένου
2211 327 2270 360 τοῦ
2287 326 2378 362 Θεοῦ

332 388 486 431 gentem
507 393 690 431 magnam
708 395 718 414 .-
738 392 849 428 neque
878 378 944 414 hoc
962 376 1094 424 voluit,
1114 375 1175 413 sed
1190 389 1283 427 prae—
1295 405 1343 430 28³
1357 377 1510 428 μείζονος
1525 377 1640 422 ἔθνους
1659 380 1848 430 ἡγεμονίαν
1871 383 1965 433 αὐτῷ
1983 381 2205 434 ὺέγ-[ειρίςαι
2219 413 2228 430 ‚
2248 384 2308 421 καὶ
2331 385 2379 421 εἰ..

333 455 406 478 esse
448 440 526 477 istis
567 439 705 476 maluit.
737 440 827 475 Item
857 437 955 475 orbis
991 436 1116 474 doctor
1158 436 1284 474 beatus
1308 442 1333 471 Α
1357 437 1497 488 πόντος,
1535 439 1637 491 Ἄφες
1670 456 1731 490 με,
1771 441 1831 478 καὶ
1868 441 2038 494 ἐξαλείψω
2066 427 2144 486 Σεοὺς
2178 443 2380 495 ἀνθρώπους

335 502 468 539 Paulus
491 516 498 536 :
523 501 716 550 Optabam
744 501 824 549 ipse
843 511 910 550 ego
930 500 1142 535 anathema
1159 511 1241 536 esse
1260 512 1285 535 a

336 564 488 600 Christo
516 574 586 611 pro
602 562 807 612 fratribus
842 563 950 607 meis,
987 563 1163 612 cognatis
1195 563 1286 599 meis

335 622 544 659 secundum
565 634 735 658 carnem.

389 884 425 919 5.
453 881 610 921 Vidistis
644 879 822 932 quomodo
846 880 934 932 justi
967 893 1088 917 omnes
1119 892 1287 930 magnam

336 943 677 981 commiserationem
690 956 771 993 erga
782 941 968 993 proximos
981 955 1054 992 prae
1064 954 1101 977 se
1116 940 1285 978 ferebant.

337 1004 564 1042 Considerate
589 1017 683 1041 nunc
708 1001 886 1053 quomodo
906 1010 939 1038 et
959 1001 1077 1052 justus
1096 1000 1157 1037 ille
1172 1014 1208 1037 se
1224 999 1288 1037 ha-

336 1065 469 1114 buerit,
494 1064 673 1115 quomodo
692 1061 888 1101 verisimile
907 1070 957 1099 est
977 1075 1058 1099 eum
1077 1061 1185 1098 fuisse
1204 1061 1288 1097 affe-

336 1136 453 1173 0111111;
472 1135 505 1163 et
527 1124 705 1176 quomodo
721 1139 739 1161 a
755 1123 900 1161 tristitia
918 1122 1192 1174 deprimeretur,
1207 1135 1289 1159 cum

335 1187 473 1225 videret
501 1196 575 1224 tam
604 1188 813 1222 immensam
833 1183 1076 1230 solitudinem,
1100 1192 1134 1221 et
1158 1192 1290 1221 terram

335 1247 449 1295 illam,
468 1261 546 1297 quae
567 1255 667 1283 antea
686 1255 760 1282 tam
778 1245 890 1283 variis
910 1244 1119 1282 luxuriabat
1139 1241 1286 1296 plantis,
1313 1247 1336 1276 B

336 1317 369 1346 ct
397 1308 548 1345 floribus
575 1307 785 1355 ornabatur,
806 1314 950 1357 repente
975 1305 1077 1355 quasi
1098 1305 1290 1357 spoliatam

337 1367 445 1405 comis
466 1375 501 1404 et
520 1365 654 1404 nudam
683 1374 716 1403 et
737 1364 945 1402 solitariam.
978 1365 1070 1401 Cum
1102 1377 1186 1415 ergo
1215 1373 1289 1403 tam

337 1427 536 1466 invaluerat
549 1441 694 1475 moeror,
707 1440 858 1477 parvam
873 1424 1065 1476 quamdam
1085 1425 1153 1462 sibi
1168 1439 1289 1463 conso-

336 1489 503 1527 lationem
513 1488 732 1539 excogitans,
750 1497 853 1525 terrae
867 1486 1024 1524 colendae
1039 1501 1112 1524 sese
1129 1486 1289 1525 dedidit:

338 1560 370 1588 ct
402 1550 534 1587 idcirco
554 1549 615 1597 ait,
636 1550 689 1586 Et
721 1550 831 1598 coepit
861 1549 944 1585 Noe
974 1549 1087 1584 homo
1116 1548 1291 1598 agricola

339 1620 448 1648 terrce
459 1640 470 1659 ,
488 1618 524 1647 et
535 1610 733 1660 plantavit
750 1611 922 1645 vineam.
941 1607 1101 1659 Sedjme
1114 1607 1174 1645 1110
1189 1622 1286 1657 quae-

338 1672 430 1709 ritur
442 1701 453 1719 ,
473 1685 517 1708 an
532 1670 607 1721 ipse
623 1683 716 1706 nunc
730 1669 889 1720 plantam
904 1668 1098 1716 invenerit,
1114 1668 1172 1705 vel
1186 1677 1288 1707 antea

338 1742 371 1770 et
393 1732 438 1770 ab
455 1731 557 1769 initio
574 1730 680 1767 fuerit
698 1729 885 1781 producta.
914 1729 1123 1767 Verisimile
1141 1738 1192 1767 est
1211 1744 1289 1768 eam

338 1802 439 1830 antea
456 1801 489 1830 et
511 1792 556 1829 ab
575 1791 678 1828 initio
697 1790 806 1827 fuisse
821 1789 857 1827 in
874 1804 937 1827 sex
955 1790 1028 1827 illis
1044 1789 1173 1827 diebus
1194 1803 1288 1828 crea-

340 1863 426 1903 tam,
449 1852 592 1904 quando
617 1853 722 1889 Vidit
744 1852 851 1888 Deus
871 1853 1003 1888 omnia
1020 1865 1105 1902 qltoe
1120 1852 1228 1901 fecit,
1252 1860 1290 1889 et

339 1925 449 1954 erant
467 1916 587 1952 valde
602 1917 702 1952 bona
719 1915 901 1964 (Quievit
916 1912 1022 1961 enim,
1037 1912 1176 1950 dicente
1192 1912 1289 1951 Scri-

338 1987 458 2030 ptura,
477 1978 584 2014 Deus
599 1977 661 2013 die
672 1977 833 2027 septimo
849 1976 897 2012 ab
915 1977 1091 2012 omnibus
1115 1976 1290 2025 operibus
1316 1970 1340 2001 C

339 2042 417 2076 suis
433 2039 665 2090 qucefecitj:
687 2050 750 2074 nec
765 2045 881 2073 tamen
898 2050 1002 2073 usum
1018 2035 1154 2073 fructus
1168 2049 1213 2072 ex
1228 2034 1290 2072 illa

341 2099 566 2136 manifestum
585 2098 704 2134 fuisse.
727 2097 819 2134 Nam
839 2096 866 2133 si
891 2096 1012 2133 fuisset
1031 2096 1077 2133 ab
1095 2095 1198 2133 initio
1220 2110 1289 2133 no-

339 2169 411 2207 tus,
431 2159 575 2196 omnino
590 2158 677 2195 Abel
699 2158 790 2195 inter
808 2157 946 2194 oblatas
962 2156 1095 2194 hostias
1112 2157 1219 2194 etiam
1237 2155 1291 2194 vi-

340 2235 425 2258 num
455 2220 613 2257 libasset.
647 2221 785 2257 Verum
817 2217 900 2268 quia
935 2217 1145 2268 ignorabant
1174 2216 1291 2255 adhuc

341 2282 476 2318 fructus
493 2295 612 2329 usum,
637 2280 757 2332 planta
778 2279 845 2316 hac
873 2278 925 2315 usi
943 2292 1012 2316 non
1029 2287 1123 2315 sunt.
1143 2278 1212 2316 Hic
1231 2293 1292 2316 au-

342 2352 410 2380 tem
427 2342 653 2392 agriculturae
669 2339 863 2387 studiosus,
884 2348 917 2377 et
938 2353 1076 2389 magnae
1095 2338 1292 2390 diligentiae

342 2403 411 2450 vir,
433 2404 523 2440 forte
542 2402 647 2440 etiam
664 2402 821 2439 fructum
839 2400 1057 2452 degustavit,
1076 2409 1109 2438 et
1135 2400 1294 2439 contritis

342 2465 455 2502 botris
472 2464 598 2503 vinum
619 2463 722 2511 fecit,
741 2476 851 2512 eoque
871 2475 956 2499 usus
975 2470 1038 2499 cst.
1062 2461 1109 2498 Et
1128 2461 1210 2512 quia
1230 2476 1292 2500 ne-

343 2541 412 2576 que
435 2526 508 2577 ipsc
528 2533 732 2577 gustaverat
753 2523 866 2576 prius,
897 2536 1010 2573 neque
1036 2522 1147 2559 alium
1164 2523 1295 2561 sciebat

343 2587 404 2637 qui
421 2586 651 2637 gustavisset,
672 2585 818 2636 ignarus
837 2597 906 2634 qua
926 2596 1090 2620 mensura
1109 2592 1223 2633 etqua
1240 2597 1294 2621 ra-

344 2649 438 2685 tione
455 2648 507 2685 uti
521 2647 684 2696 debebat,
709 2660 772 2698 per
787 2643 1025 2696 ignorantiam
1039 2644 1073 2681 in
1089 2644 1295 2682 ebrictatem

346 2709 484 2747 incidit.
506 2711 694 2757 Praeterca,
721 2705 890 2757 quoniam
907 2703 1022 2743 carnis
1038 2719 1118 2743 esus
1134 2705 1168 2742 in
1184 2705 1296 2744 vitam

346 2771 435 2807 lianc
466 2768 690 2807 introductus
711 2767 790 2813 fuit,
810 2775 931 2819 postea
959 2775 992 2803 et
1012 2765 1087 2803 vini
1108 2775 1211 2818 potus
1237 2780 1294 2804 ac-

347 2832 460 2869 cessit.
481 2830 576 2870 Vide
597 2839 730 2878 autem,
751 2828 893 2875 dilecte,
919 2826 1100 2879 quomodo
1122 2827 1294 2879 paulatim

349 2891 472 2930 mundi
496 2891 701 2929 constitutio
724 2889 965 2942 dispensetur,
987 2897 1020 2926 ct
1038 2888 1208 2939 quilibet,
1238 2902 1293 2926 se-

348 2953 504 2990 eundum
524 2952 734 3005 sapientiam
761 2965 780 2988 a
800 2951 875 2987 Deo
890 2959 1022 2987 naturae
1041 2949 1204 2994 inditam,
1227 2949 1293 2987 ini-

351 3016 397 3051 tio
417 3015 504 3051 artis
521 3014 673 3065 alicujus
693 3013 857 3050 inventor
873 3011 915 3048 sit
934 3026 941 3046 :
960 3010 1010 3048 sic
1027 3010 1062 3048 in
1076 3010 1167 3048 hanc
1183 3010 1294 3049 vitam

349 3077 478 3113 artium
514 3074 630 3112 ¹studia
661 3083 743 3112 sunt
774 3072 988 3110 introducta.
1024 3071 1167 3110 Primus
1201 3071 1295 3109 enim

350 3138 603 3189 agriculturam
619 3132 947 3183 invenit,sccundus
960 3143 1069 3172 artem
1082 3133 1305 3185 pastoralem,

396 3243 638 3275 1101111315,
628 3257 694 3284 77³
700 3248 771 3326 [¹23.-
777 3258 810 3275 ν.

398 3297 533 3328 111111191
562 3310 626 3327 ,--κι
648 3310 696 3327 rw
765 3299 790 3326 ς)
810 3293 848 3323 111·
866 3291 933 3324 Ab(
937 3292 963 3324 11
981 3292 1085 3323 solum
1109 3291 1230 3324 (11111111-
1258 3298 1291 3323 ut
1317 3290 1351 3322 Ιί-

1357 498 1514 547 τούτους,
1531 501 1591 538 καὶ
1618 500 1757 546 ποιήσω
1776 517 1814 539 σε
1847 504 1893 545 εἷς
1913 501 2005 546 ἔθνος
2033 503 2140 555 μέγα·
2172 504 2248 541 οὐδὲ
2279 508 2382 543 τοῦτο

1360 560 1516 608 ἑλέσθαι,
1536 560 1627 599 ἀλλὰ
1646 577 1705 599 και
1723 578 1785 609 την
1805 563 2020 615 προστασίαν
2044 565 2154 601 αὐτῶν
2174 565 2382 616 προτιμοτέ-

1362 637 1423 673 ραν
1438 622 1651 673 ἡγήσασθαι
1670 624 1780 661 Kat‘
1767 640 1784 661 ο
1809 627 1872 670 τ’ἧς
1901 624 2103 675 οἰκουμένης
2123 624 2382 672 διδάσκαλος,ὃ

1363 683 1532 735 μακάριος
1568 686 1710 727 Παυλος
1748 685 1876 737 ἔ)εγεν,
1906 684 2078 737 Ηῦχόαην
2113 685 2270 736 ἀνάθεμα
2296 689 2382 723 εἶναι

1362 745 1463 788 αὐτὸς
1478 744 1546 797 ἐγὼ
1566 745 1635 784 ἀπὸ
1656 750 1715 784 τοῦ
1744 747 1929 798 Χριστου
1918 762 1964 784 υπ
1967 745 2004 797 ὲρ
2029 750 2098 784 τῶν
2118 747 2211 784 ἀδελ
2203 763 2275 799 ’.ρων
2297 762 2381 797 μου,

1362 806 1431 841 τῶν
1451 809 1623 856 συγγενῶν
1645 821 1710 856 μου
1726 810 1795 844 τῶν
1814 807 1905 844 κατὰ
1925 807 2052 859 σάρκα.

1414 866 1525 904 Ἴδετε
1543 870 1618 911 πῶς
1638 866 1784 911 ἕκαστος
1804 870 1874 907 τῶν
1890 867 2032 905 δικαίων
2056 867 2188 915 πολλὴν
2214 868 2278 915 τὴν
2294 884 2382 914 συμ-

1362 927 1508 965 πάθειαν
1536 928 1616 978 περὶ
1648 927 1726 971 τοὺς
1755 931 1930 979 ὁμογενεῖς
1961 928 2189 966 ἐπεδείκνυτο.
2211 928 2383 967 ’liviam-:tre

1361 987 1481 1025 λοιπὸν
1501 988 1560 1024 καὶ
1586 987 1630 1026 τὰ
1658 988 1749 1026 κατὰ
1775 992 1894 1026 τοῦτον
1913 990 1970 1027 τὸν
1999 989 2144 1035 δίκαιον,
2172 989 2265 1027 πόσα
2295 990 2382 1032 εἰκὸς

1362 1042 1405 1094 ἦν
1423 1048 1589 1100 πάσχειν,
1607 1049 1666 1086 καὶ
1681 1052 1754 1092 πῶς
1769 1050 1836 1087 ὑπὸ
1851 1054 1912 1096 τῆς
1927 1049 2076 1100 ἀθυμίας
2092 1050 2383 1101 κατεργάζεσθαι,

1363 1111 1497 1160 ὁρῶντα
1516 1110 1575 1146 καὶ
1596 1111 1659 1155 τῆς
1679 1110 1850 1155 τοσαύτης
1869 1110 2016 1162 ἐρημίας
2044 1109 2106 1157 τὴν
2132 1111 2304 1157 ἐπίτασιν,
2325 1110 2384 1148 καὶ

1672 1171 1735 1217 τὴν
1761 1172 1928 1223 πρότερον
1957 1174 2122 1222 κομῶσαν
2147 1177 2218 1215 τοῖς
2243 1173 2384 1215 πολλοῖς

1363 1238 1481 1284 φυτοῖς
1498 1231 1558 1269 καὶ
1585 1238 1656 1276 τοῖς
1676 1232 1792 1270 ἄνθεσι
1824 1232 2150 1283 καλλωπιζομένην,
2171 1233 2292 1285 ἀθρόον
2315 1231 2383 1270 ὥσ-

1362 1310 1428 1346 περ
1448 1292 1727 1346 ἀποκειραμένην
1745 1292 1807 1340 τὴν
1827 1293 1952 1344 κόμην,
1972 1310 2032 1332 και
2047 1293 2180 1345 γυμνὴν
2202 1293 2308 1341 αὐτὴν
2324 1295 2384 1332 καὶ

1364 1170 1470 1217 αὐτὴν
1490 1169 1553 1216 τὴν
1574 1172 1652 1222 γῆν,

1363 1370 1491 1430 ,ρημον
1516 1370 1556 1392 τυ
1560 1355 1768 1406 [χάνουσαν.
1789 1354 1892 1393 Ἐπεὶ
1908 1358 1965 1393 οὖν
1985 1371 2136 1402 τοσαυτη
2156 1359 2218 1402 τ’ἧς
2236 1355 2385 1407 ἀθυμίας

1362 1419 1404 1462 ἠν
1425 1419 1446 1462 ἡ
1470 1415 1644 1463 ἐπίτασις,
1669 1416 1797 1489 μικράν
1826 1433 1903 1454 τινα
1934 1419 2047 1454 ἓαυτω
2078 1416 2341 1469 παραμυθίαν’
2327 1433 2383 1454 εν-

1365 1479 1478 1514 τεῦθεν
1512 1478 1671 1521 ἐπινοῢν,
1692 1477 1750 1513 ἐπὶ
1779 1493 1842 1522 την
1874 1480 1937 1523 τῆς
1969 1481 2032 1529 γῆς
2064 1478 2228 1529 ἐργασίαν
2263 1478 2383 1516 ἑαυτὸν

1363 1537 1507 1582 ἐξέδωκε
1519 1553 1526 1560 ·
1542 1537 1598 1575 ’διὰ
1617 1537 1717 1575 τοῦτό
1736 1553 1842 1590 φησι,
1859 1538 1930 1576 Καὶ
1949 1537 2078 1589 ἤρξατο
2103 1540 2183 1576 Νῶε
2207 1539 2386 1590 ἄνθρωπος

1363 1598 1515 1650 γεωργὸς
1545 1600 1629 1648 γ’ἧς,
1646 1598 1705 1635 καὶ
1732 1598 1913 1650 ἐφύτευσεν
1944 1601 2152 1649 ἀμπελῶνα.
2175 1598 2264 1637 ’An'
2289 1598 2383 1642 ἄξιον

1364 1661 1512 1705 ζητῆσαι
1533 1661 1561 1696 εἷ
1589 1662 1647 1696 ν’ὔν
1668 1660 1768 1702 αὐτὸς
1788 1659 1909 1712 ἐξηῧρε
1937 1660 1975 1698 τὸ
1996 1660 2112 1712 φυτὸν,
2129 1659 2150 1706 ἢ
2178 1661 2306 1699 ἄνωθεν
2325 1661 2384 1698 καὶ

1364 1719 1398 1764 ἐξ
1419 1722 1531 1772 ἀρχῆς
1549 1714 1590 1766 ἦν
1609 1721 1800 1773 παραχθέν.
1821 1722 1926 1765 Εἰκὸς
1954 1721 2016 1772 μὲν
2045 1727 2145 1760 τοῦτο
2176 1722 2304 1760 ἄνωθεν
2325 1722 2384 1760 καὶ

1364 1781 1398 1826 ἐξ
1426 1783 1537 1833 ἀρχῆς
1565 1782 1656 1820 κατὰ
1673 1782 1737 1829 τὴν
1754 1782 1858 1829 ἕκτην
1880 1783 2015 1835 ἡμέραν
2046 1783 2382 1835 δεδημιουργῆσθαι,

1361 1842 1467 1890 ἡνίκα
1484 1837 1585 1880 Εἶδεν
1599 1846 1617 1880 ὁ
1634 1843 1722 1886 Θεὸς
1738 1843 1851 1881 πάντα
1864 1843 1929 1882 ὅσα
1949 1844 2107 1892 ἐποίησε,
2121 1844 2180 1882 καὶ
2200 1845 2273 1883 ἰδοὺ
2293 1845 2383 1884 καλὰ

1362 1903 1440 1943 λίαν
1460 1903 1695 1951 (Κατέπαυσε
1718 1905 1798 1958 γὰρ,
1816 1907 1931 1958 φησὶν,
1943 1909 1960 1943 ὁ
1979 1907 2069 1951 Θεὸς
2089 1908 2123 1944 ἐν
2142 1910 2185 1959 τῇ
2204 1907 2321 1959 ἡμέρα
2340 1910 2383 1959 τῇ

1364 1966 1533 2016 {fficio-(1³
1515 1965 1584 2003 απὸ
1602 1966 1692 2004 πάντ
1695 1983 1741 2004 ων
1767 1969 1835 2004 τῶν
1856 1967 1964 2020 ἔργων
1985 1969 2111 2016 αὐτου,
2126 1962 2172 2005 ὧν
2201 1968 2384 2017 ἐποίησε),

1366 2027 1414 2079 μὴ
1437 2027 1556 2078 μέντοι
1582 2043 1768 2103 γνωριμονγ
1782 2033 1869 2067 εἶναι
1895 2035 1955 2068 τοῦ
1975 2046 2080 2081 φυτου
2098 2029 2158 2077 τὴν
2179 2033 2319 2089 χρῆσιν.
2341 2031 2385 2068 Ei

1363 2088 1431 2142 γὰρ
1445 2093 1486 2135 ἠν
1508 2089 1637 2127 ἄνωθεν
1656 2090 1715 2127 καὶ
1735 2089 1769 2134 ἐξ
1789 2092 1858 2143 ἀρχ
1859 2094 1900 2137 ’ἧς
1916 2107 1956 2129 το
1970 2091 2075 2143 φυτὸν
2089 2090 2262 2143 γνώριμον
2281 2108 2384 2144 γεγο-

1365 2150 1436 2196 νὸς,
1455 2149 1477 2195 ἢ
1497 2153 1545 2187 ὃ
1531 2149 1563 2194 εξ
1586 2152 1688 2188 αὐτοῦ
1711 2151 1843 2202 καρπὸς
1870 2152 2084 2199 καταδηλος,
2099 2153 2238 2195 πάντως
2257 2152 2297 2189 ἂν
2326 2153 2385 2191 καὶ

1366 2214 1420 2249 ὖοὶ
1437 2210 1516 2261 περὶ
1539 2211 1596 2249 τὸν
1621 2210 1725 2249 Ἀὃελ
1752 2211 1815 2254 τὰς
1845 2212 1964 2255 θυσίας
1994 2213 2179 2264 ἀνάγοντες
2208 2213 2267 2251 καὶ
2296 2208 2385 2251 οἶνον

1366 2271 1542 2310 ἔσπεισαν.
1564 2271 1656 2309 Ἀλλ’
1675 2272 1794 2318 ἐπειδὴ
1822 2272 1967 2324 ἠγνόουν
1992 2272 2042 2310 ἔτι
2072 2278 2132 2311 τοῦ
2161 2279 2296 2325 καρποῦ
2322 2274 2384 2322 τὴν

1364 2337 1505 2386 χρῆσιν,
1525 2336 1587 2371 οὐκ
1606 2332 1802 2384 ἐχρήσαντο
1827 2336 1877 2386 τῷ
1907 2337 2015 2386 φυτῷ.
2035 2328 2147 2377 Οῧτος
2177 2334 2212 2373 δὲ
2245 2335 2384 2387 φιλότε-

1366 2411 1447 2447 γνος
1463 2411 1510 2432 11ν
1530 2410 1610 2446 περι
1630 2394 1694 2440 τὴν
1714 2395 1899 2447 γεωργίαν,
1914 2411 1973 2433 και
1999 2398 2113 2447 πολλῃ
2136 2412 2178 2447 τη
2205 2397 2387 2449 ἔπιμελεία

1366 2458 1607 2511 γρησάμενος,
1623 2454 1705 2498 ἴσως
1724 2472 1783 2495 και
1803 2473 1862 2495 του
1878 2460 2014 2509 καρποῦ
2035 2457 2215 2508 ἐγεύσατο,
2235 2457 2295 2496 καὶ
2310 2457 2387 2501 τους

1369 2519 1514 2571 βότρυας
1537 2519 1731 2571 ἀποθλίὺας
1751 2534 1809 2556 και
1835 2535 1892 2556 τον
1921 2522 2010 2556 οἰνον
2040 2534 2190 2564 ποιησας
2218 2518 2387 2569 μετέλαὸε

1366 2583 1429 2626 τῆς
1443 2595 1613 2633 γρησεως.
1634 2580 1731 2619 Και
1717 2578 1834 2643 επειδη
1849 2595 1940 2629 μητε
1963 2579 2063 2622 αὐτος
2079 2578 2244 2653 ἐγεύσατρ
2261 2579 2386 2631 πρότε-

1370 2658 1437 2695 ρον,
1459 2642 1546 2693 μήτε
1572 2641 1688 2694 ἓτερον
1710 2635 1777 2678 εἶδε
1800 2639 2050 2692 μετειληφότα,
2074 2641 2136 2678 οὐκ
2169 2639 2266 2684 εἷδως
2288 2640 2386 2678 πόσω

1367 2705 1417 2741 δεῖ
1441 2703 1642 2755 χρήσασθαι
1669 2701 1807 2754 μέτρω,
1829 2700 1905 2738 οὔτε
1922 2699 2015 2744 ὅπως
2036 2703 2137 2738 αὐτοῦ
2157 2703 2218 2747 τῆς
2236 2679 2387 2752 μεταλήΙ-

1368 2767 1459 2816 ψεως
1479 2764 1649 2817 προσήκει
1671 2769 1857 2814 μετασχεῖν
1869 2793 1878 2810 ,
1893 2765 1950 2800 ὑπ’
1982 2762 2118 2814 ἀγνοίας
2135 2765 2182 2806 εἰς
2199 2762 2262 2808 τὴν
2280 2763 2389 2813 μέθην

1367 2824 1560 2869 ἐξώλισθεν.
1576 2824 1707 2867 Ἄλλως
1727 2823 1782 2872 δὲ,
1797 2822 1916 2869 ἐπειδὴ
1933 2825 1955 2870 ἡ
1972 2823 2173 2875 κρεωφαγία
2204 2823 2387 2875 εἰσηνέχθη

1371 2889 1417 2930 εἷς
1436 2886 1493 2923 τὸν
1510 2886 1596 2937 βίον,
1609 2886 1729 2924 λοιπὸν
1741 2885 1800 2923 καὶ
1816 2889 1838 2932 ἡ
1857 2884 2047 2923 οἷνοποσία.
2063 2883 2160 2936 ςὈρα
2178 2883 2215 2922 δέ
2227 2900 2286 2934 μοι
2297 2884 2388 2923 κατὰ

1371 2949 1512 3001 μικρὸν,
1528 2946 1708 3000 ἀγαπητὲ,
1725 2950 1798 2990 πῶς
1821 2950 1842 2993 ἡ
1865 2950 1925 2984 τοῦ
1952 2946 2083 2997 κόσμου
2111 2946 2276 2990 σύστασις
2297 2947 2389 2984 οἷκο-

1369 3015 1546 3060 νομεῖται,
1579 3008 1638 3046 καὶ
1672 3008 1854 3051 ἑ’καστος“
1842 3008 1909 3046 υπὸ
1937 3009 1999 3053 τῆς
2020 3006 2115 3057 παρὰ
2147 3008 2238 3045 Θεοῦ
2270 3006 2389 3058 σοφίας

1369 3070 1570 3123 ἐγκειμένης
1597 3072 1640 3121 τῇ
1670 3067 1770 3121 φύσει
1806 3068 1946 3119 εὑρετὴς
1978 3069 2017 3105 ἐκ
2053 3067 2246 3119 προοιμίων
2265 3066 2390 3119 τέγνης

1371 3133 1459 3176 τινος
1476 3131 1592 3183 γέγονε
1604 3161 1613 3179 ,
1634 3131 1691 3168 καὶ
1709 3129 1817 3172 οὕτως
1838 3131 1884 3172 εἰς
1899 3129 1957 3166 τὸν
1978 3127 2050 3179 βίον
2070 3128 2246 3179 εἰσήνεγκε
2264 3127 2307 3165 τὰ
2322 3129 2390 3165 τῶν

1387 3239 1456 3271 mit
1467 3238 1507 3270 δι
1502 3237 1530 3269 d
1546 3236 1595 3279 plu
1601 3248 1685 3267 rum
1687 3247 1736 3279 1¹¹⁰
1750 3237 1848 3268 etiam
1866 3235 1987 3277 plures.
1996 3242 2027 3266 ιι
2042 3233 2222 3277 aliquando
2235 3245 2389 3277 magnam

1386 3296 1624 3328 1·,’1111ϊ.’1111,1ιι
1649 3293 1673 3321 οὶ
1692 3303 1733 3332 π.-
1732 3291 1843 3321 :llil-5
1841 3291 1918 3321 ὄιον
1939 3285 2161 3327 Eusrbiaul,
2151 3291 2256 3320 viz-:1
2276 3297 2388 3330 :tn-ma,

350 3356 449 3390 ‹,··:u‹t
470 3306 1016 3389 11101111101111.χιι··11ι1ἰ1111111111111011
1035 3356 1058 3376 r
1062 3356 1109 3377 iro
1128 3355 1227 3376 unum
1245 3344 1352 3387 expri-
1387 3343 1513 3379 Διὶ-1111
1533 3321 1791 3384 1101111011115511110
1809 3338 1896 3382 apud
1916 3338 1978 3371 Ath
1983 3351 2034 3371 ,1111
2037 3341 2141 3371 15111111
