2516 3791
641 184 645 187 Δ
687 168 729 198 lx
759 169 862 199 CAP-

106 250 328 303 παραμυθίαν
359 249 516 301 γίνεται,
549 248 606 288 ἵνα
634 249 761 288 εἰδέναι
785 251 851 302 ἔχῃ
880 249 1021 298 ι’πόσης
1042 252 1131 289 ἀπο·

104 311 204 350 λαύει
225 313 330 362 τιμῆς
347 341 356 357 ,
387 314 426 350 οὐ
456 310 558 361 μόνον
581 311 704 363 μέχρις
728 313 833 350 αὐτοῦ
852 315 916 358 τῆς
935 312 1132 364 εὐεργεσίας

103 372 310 423 ἱσταμένης,
332 372 422 412 ἀλλὰ
441 374 484 410 δι’
517 373 617 411 αὐτὸν
635 373 694 411 καὶ
714 372 844 411 τούτων
866 374 1030 412 ἁπάντων
1053 390 1134 412 συν-

105 423 348 472 απολαυόντιιη
367 437 430 480 τῆς
452 433 652 485 φιλοτιμίας
673 437 733 472 τοῦ
752 434 944 473 Δεσπότου.
981 435 1050 473 Καὶ
1071 437 1133 473 οὐκ

105 497 349 539 ἀποθανεῖται,
375 495 482 546 φησὶ,
511 501 608 533 πᾶσα
640 494 726 547 σὰρξ
759 494 809 533 ἔτι
835 496 905 534 ἀπὸ
930 499 990 533 τοῦ
1010 495 1133 539 ὕδατος

103 559 164 593 τοῦ
196 556 445 606 κατακλυσμοῦ
461 585 469 601 ,
502 555 560 593 καὶ
593 555 707 594 οὐκέτι
739 555 839 594 ἔσται
869 556 1130 606 κατακλυσμὸς,

104 620 334 669 καταφθεῖραι
358 623 475 654 πᾶσαν
490 616 554 663 τὴν
576 620 654 668 γῆν.
677 611 777 661 Εἶδες
794 621 867 660 πῶς
884 617 943 654 καὶ
960 617 1052 661 ἅπαξ
1070 617 1130 654 καὶ

106 676 261 731 δεύτερον
289 677 349 715 καὶ
375 677 546 720 πολλάκις
570 681 792 730 ὑπισχνεῖται
818 677 981 724 τοιαύτην
1002 677 1130 727 μηκέτι

104 741 294 789 ἐπαγαγεῖν
326 738 566 791 πανωλεθρίαν
580 767 590 784 ,
623 738 680 776 ἵνα
710 739 768 776 τὸν
787 737 929 790 θόρυὸον
948 741 1018 775 τῶν
1034 739 1130 786 λογι·

106 803 204 849 σμῶν
224 799 357 850 ἐκίάλῃ
377 803 436 836 τοῦ
460 799 613 846 δικαίου,
638 799 697 836 καὶ
713 798 966 850 παρασκευάσῃ
989 800 1129 850 θαρρεῖν

103 859 190 912 ὑπὲρ
209 863 274 897 τῶν
291 859 488 910 μελλόντων
502 874 511 905 ;
539 853 627 897 Εἶτα
644 860 683 896 οὐ
696 859 781 911 πρὸς
799 858 863 904 τὴν
881 858 1012 896 οἰκείαν
1027 859 1128 911 φύσιν

104 922 254 972 ἀφορῶν,
275 919 364 957 ἀλλὰ
382 919 468 971 πρὸς
485 919 549 966 τὴν
569 919 750 958 ἀσθένειαν
768 919 831 967 τὴν
851 918 1041 972 ἡμετέραν,
1067 922 1129 958 οὐκ

103 982 260 1034 ἀρκεῖται
279 982 322 1031 τῇ
344 979 400 1017 διὰ
418 983 484 1017 τῶν
503 979 615 1031 λόγων
631 980 834 1033 ὑποσχέσει,
856 980 947 1019 ἀλλὰ
966 981 1030 1028 τὴν
1049 981 1129 1034 περὶ

98 1043 192 1092 ἡμᾶς
233 1040 496 1091 συγκατάὸασιν
538 1041 839 1092 ἐπιδεικνύμενος,
879 1042 938 1080 καὶ
982 1049 1126 1093 σημεῖον

99 1102 248 1156 παρέχει
261 1102 301 1140 τὸ
316 1102 503 1152 δυνάμενον
521 1103 626 1141 παντὶ
642 1106 692 1155 τῷ
708 1105 808 1142 αἰῶνι
825 1104 1126 1157 συμπαρεκτεινό-

95 1179 203 1215 μενον
224 1167 282 1202 τοῦ
301 1164 456 1202 τοιούτου
478 1163 574 1207 δέους
592 1164 834 1203 ἀπαλλάσσειν
855 1165 894 1203 τὸ
909 1168 978 1203 τῶν
998 1165 1129 1219 ἀνθρώ-

98 1243 173 1265 πων
192 1226 287 1277 γένος
300 1257 307 1270 ,
328 1225 385 1264 ἵνα
405 1225 469 1263 κᾶν
486 1226 594 1268 πολὺς
614 1227 709 1270 ὑετὸς
729 1229 938 1280 κατενεχθῇ,
955 1227 1020 1265 κᾶν
1037 1243 1127 1280 σφο-

101 1287 258 1339 δρότερος
285 1291 303 1326 ὁ
326 1286 460 1339 χειμὼν
489 1287 657 1339 γένηται,
679 1287 701 1334 ἢ
723 1289 782 1326 καὶ
803 1288 861 1327 ε’ὰν
883 1292 904 1335 ἡ
925 1289 1126 1343 πλημμύρα

102 1365 171 1387 των
195 1349 330 1387 ὑδάτων
354 1351 400 1392 εἷς
420 1351 550 1396 πλῆθος
569 1351 714 1387 ἐπιδιδῶ
726 1350 843 1401 ,μηδὲ
861 1349 968 1394 οὕτως
988 1350 1126 1402 ἔχωμεν

104 1409 305 1454 δεδοικέναι,
325 1409 416 1448 ἀλλὰ
436 1411 574 1461 θαῤῥεῖν
592 1410 678 1461 πρὸς
697 1412 736 1449 τὸ
754 1410 848 1449 δοθὲν
869 1417 1013 1462 σημεῖον
1037 1413 1126 1464 ἀφοο

107 1473 243 1523 ρῶντες.
271 1470 342 1508 Καὶ
374 1473 448 1508 εἶπε
469 1471 596 1522 Κύριος
618 1474 636 1509 ὁ
657 1470 746 1516 Οεὸς
763 1474 814 1510 τῶ
834 1473 934 1510 Νῶε·
968 1475 1070 1510 τοῦτο
1088 1472 1128 1510 τὸ

103 1537 247 1582 σημεῖον
274 1534 336 1577 τῆς
352 1531 519 1578 διαθήκης
537 1533 614 1578 ἧς
597 1548 668 1584 εγω
689 1532 816 1584 δίδωμι
839 1532 905 1571 ἀνὰ
921 1532 1026 1584 μέσον
1043 1536 1127 1573 ἐμοῦ

102 1592 162 1629 καὶ
181 1595 254 1629 σοῦ.
277 1590 374 1644 εὈρα
395 1591 486 1644 πόσῃ
506 1596 592 1644 τιμῇ
613 1593 693 1645 περὶ
708 1594 765 1632 τὸν
786 1593 918 1633 δίκαιον
941 1594 1126 1648 κέχρηται.

100 1649 245 1691 Ὡσανέὶ
270 1652 337 1706 γὰρ
365 1654 545 1705 ἄνθρωπος
566 1654 739 1707 ἀνθρώπῳ
761 1655 1017 1707 διαλεγόμενος,
1037 1656 1126 1694 οὕτω

103 1730 164 1752 και
200 1713 286 1765 πρὸς
315 1713 418 1751 αὐτὸν
446 1720 597 1753 ποιεῖται
623 1714 684 1760 τὰς
709 1716 881 1763 συνθήκας
897 1746 907 1764 ,
933 1717 992 1755 καί
1018 1733 1149 1794 φησιὶῖ·

102 1776 219 1813 Τοῦτο
238 1775 277 1813 τὸ
305 1781 450 1825 σημεῖον
483 1791 545 1822 της
577 1775 744 1823 διαθήκης
768 1780 845 1824 ἧς’
830 1794 899 1828 εγω
914 1778 1040 1829 δίδωμι
1060 1778 1126 1816 ἀνὰ

103 1835 208 1886 μέσον
225 1837 308 1886 εμοῦ
329 1851 388 1873 και
410 1839 485 1882 σοῦ,
503 1836 562 1874 καὶ
581 1837 646 1875 ἀνὰ
668 1837 772 1887 μέσον
792 1839 908 1884 πάσης
927 1842 1042 1891 ψυχης
1058 1839 1126 1889 ζώ-

103 1912 190 1945 σης,
217 1897 239 1943 ἥ
268 1898 341 1935 ἐστι
369 1900 444 1946 μεθ’
467 1899 587 1947 ὑμῶν,
617 1899 664 1942 εἷς
689 1899 807 1949 γενεὰς
828 1900 996 1944 αἰωνίους.
1024 1895 1126 1945 Εἶδες

100 1958 197 2010 πάσῃ
225 1961 268 2010 τῇ
295 1961 366 2009 ζωῇ
383 1957 422 1994 τὸ
443 1957 569 2008 μέλλον
587 1958 742 1997 δίδοσθαι
762 1967 906 2011 σημεῖον
935 1977 1123 2014 παρεκτει-

100 2019 242 2070 νόμενον
260 2021 308 2063 εἷς
321 2018 439 2071 γενεὰς
456 2019 632 2067 αἰωνίους;
650 2021 704 2058 Οὐ
722 2020 825 2072 μόνον
840 2026 937 2074 κοινῇ
953 2030 1041 2062 πᾶσι
1055 2030 1126 2067 τοῖς

101 2082 186 2124 ζῶσι
199 2081 239 2118 τὸ
254 2087 398 2130 σημεῖον
413 2081 563 2128 δίδωσιν,
580 2081 670 2119 ἀλλὰ
686 2083 746 2120 καὶ
762 2083 918 2129 διηνεκὲς
930 2086 990 2123 καὶ
1007 2086 1124 2123 διαιω-

99 2140 190 2185 νίζον
222 2143 262 2193 τῇ
294 2143 354 2178 τοῦ
387 2140 518 2191 κόσμου
540 2142 719 2181 συστάσει.
757 2143 805 2181 Τί
824 2139 882 2182 οῦν
903 2147 977 2183 ε’στι
997 2146 1036 2184 τὸ
1057 2162 1123 2192 ση-

101 2205 218 2251 μεῖον;
251 2199 303 2237 Τὸ
323 2199 418 2244 τόξον
440 2215 505 2249 μου
525 2200 646 2252 τίθημι
664 2203 698 2240 ἐν
717 2205 760 2254 τῇ
778 2203 903 2255 νεφέλῃ
916 2233 926 2251 ,
946 2204 1006 2242 καὶ
1024 2204 1124 2243 ἔσται

97 2262 132 2298 ἐν
165 2260 299 2312 σημείῳ
335 2261 501 2308 διαθήκης
527 2261 594 2300 ἀνὰ
624 2262 729 2313 μέσον
761 2266 846 2314 ἐμοῦ
873 2265 931 2302 καὶ
955 2269 1016 2312 τῆς
1045 2269 1122 2318 γῆς.

98 2321 186 2360 Ἰδοὺ
214 2321 304 2373 μετὰ
331 2325 393 2369 τῆς
424 2323 646 2375 ὑποσχέσεως
674 2327 738 2370 τῆς
757 2325 816 2364 διὰ
842 2323 912 2364 τῶν
930 2326 1041 2379 λόγων
1063 2327 1123 2366 καὶ

96 2386 199 2420 τοῦτο
231 2383 357 2434 δίδωμι
384 2383 424 2422 τὸ
450 2390 595 2435 σημεῖον
611 2415 621 2433 ,
649 2384 738 2433 ὅ’τὴν
757 2379 829 2438 ἶριν
845 2386 954 2439 λέγω,
973 2387 1017 2434 ἥν
1033 2388 1123 2434 τινές

97 2458 183 2496 φασι
211 2444 366 2495 γίνεσθαι
399 2449 459 2482 τοῦ
491 2444 592 2492 ’ἡλίου
621 2445 708 2500 πρὸς
731 2447 774 2485 τὰ
793 2447 880 2500 νέφη
899 2448 961 2492 τὰς
980 2451 1123 2495 ἀκτῖνας

98 2503 269 2557 ἀφιέντος.
300 2506 344 2543 Εἰ
364 2508 382 2543 ὁ
398 2506 497 2558 λόγος
517 2522 596 2557 μου,
615 2509 734 2559 φησὶν,
757 2510 821 2547 οὐκ
841 2511 954 2561 ἀρκεῖ,
975 2510 1046 2550 ἰδοὺ
1062 2512 1122 2550 καὶ

97 2572 240 2616 σημεῖον
261 2566 388 2618 δίδωμι
410 2571 470 2608 τοῦ
496 2567 624 2618 μηκέτι
645 2569 816 2622 τιμωρίαν
836 2570 1001 2619 τοιαύτην
1027 2573 1120 2611 ἐπά-

98 2624 178 2669 ξειν.
214 2628 328 2665 Τοῦτο
355 2627 470 2666 τοίνυν
499 2631 645 2680 ὁρῶντες
675 2630 715 2669 τὸ
746 2637 891 2682 σημεῖον
908 2662 918 2680 ,
937 2637 998 2672 τοῦ
1025 2633 1122 2678 δέους

93 2686 372 2726 ἀπαλλάττεσθε.
397 2688 467 2727 Καὶ
487 2690 586 2728 ἔσται
600 2691 635 2728 ἐν
656 2693 705 2744 τῷ
722 2699 898 2745 συννεφεῖν
925 2709 981 2744 με,
1001 2695 1120 2747 φησὶν,

93 2747 238 2798 νεφέλας
266 2748 325 2787 ἐπὶ
352 2753 414 2796 τῆς
443 2754 528 2801 γῆς,
545 2752 605 2790 καὶ
620 2753 811 2805 ὀφθήσεται
830 2753 870 2792 τὸ
883 2754 980 2799 τόξον
997 2772 1063 2807 μου
1083 2759 1120 2795 ἐν

94 2810 137 2860 τῇ
161 2809 310 2860 νεφέλῃ,
337 2810 395 2849 καὶ
421 2813 671 2864 μνησθήσομαι
697 2818 760 2862 τῆς
787 2816 957 2864 διαθήκης
981 2834 1070 2869 μου,
1095 2819 1118 2866 ἥ

94 2870 187 2906 ἐστιν
209 2869 273 2908 ανὰ
294 2870 398 2920 μέσον
419 2874 503 2923 ἐμοῦ
521 2874 607 2912 καὶ“
595 2877 704 2926 υμῶν,
718 2876 778 2914 καὶ
795 2876 862 2916 ἀνὰ
880 2877 985 2928 μέσον
1001 2880 1118 2927 πάσης

92 2932 208 2983 ψυχῆς
231 2931 346 2979 ζώσης
372 2935 406 2972 ἐν
434 2934 532 2986 πάσῃ
553 2937 669 2990 σαρκί.
691 2938 739 2976 Τί
757 2938 869 2991 λέγεις
885 2969 894 2986 ,
914 2943 943 2978 ὠ
962 2941 1113 2994 μακάριε

92 2994 279 3067 προφῆτα·
271 3023 281 3040 ,
299 2992 640 3047 Ἀναμνησθήσομαι,
658 2999 765 3052 φησὶ,
774 3003 836 3047 τῆς
854 3001 1020 3049 διαθήκης
1035 3019 1114 3054 μου,

91 3055 183 3091 τοῦτ’
204 3052 298 3100 ἔστι,
327 3058 390 3102 τῆς
410 3057 583 3104 συνθήκης
608 3075 695 3110 μου,
724 3063 786 3107 τῆς
804 3062 1034 3139 ἐπαγγελίας,
1052 3066 1116 3111 τῆς

92 3114 332 3167 υποσχέσεως·
364 3119 426 3155 οὐκ
459 3118 578 3166 ἐπειδὴ
613 3121 712 3165 αὐτὸς
735 3123 846 3160 δεῖται
872 3124 1115 3175 ἀναμνήσεως,

95 3175 171 3212 ἀλλ’
192 3174 248 3213 ἵνα
267 3180 369 3227 ἡμεῖς
389 3193 475 3231 προς
494 3181 604 3219 ἐκεῖνο
628 3182 669 3220 τὸ
686 3182 781 3220 δοθὲν
803 3190 948 3235 σημεῖον
967 3187 1114 3237 βλέπον-

139 3288 154 3312 ¹¹
178 3288 331 3332 Quinque
346 3292 426 3324 Mss.
445 3298 514 3332 ὅσης
529 3297 686 3330 ἀπολαύει-

136 3352 149 3368 -·ι
174 3339 238 3373 Sex
255 3343 330 3375 Mss.
345 3351 397 3385 τὴν
413 3348 469 3390 ἶριν
483 3350 586 3389 λέγων,
604 3355 704 3390 atquc
723 3348 767 3380 ita
783 3348 861 3393 legit
874 3351 1055 3394 Interpres.

904 167 966 198 ΙΧ.
1005 168 1165 197 GENES.

1206 168 1364 198 nomn..
1404 167 1564 199 xxviii.

2073 160 2096 202 3
2113 176 2120 204 ι
2137 177 2160 222 7

1202 264 1276 289 csse
1293 259 1435 303 pactum
1455 250 1523 303 ipsi
1543 259 1578 289 et
1598 251 1727 300 brutis,
1744 252 1808 290 scd
1830 266 1899 290 non
1921 254 1968 291 ita
1985 264 2051 293 cst.
2074 258 2165 296 Nam

1202 320 1236 350 et
1252 311 1319 349 hoc
1343 310 1390 349 ad
1409 311 1564 350 hominis
1586 312 1753 350 solatium
1772 314 1905 351 sactum
1924 323 1991 364 est,
2016 325 2054 352 ut
2074 318 2164 355 scire

1154 381 1179 410 D
1203 372 1314 424 possit
1335 371 1370 409 in
1393 381 1525 423 quanto
1549 372 1595 410 sit
1623 373 1770 421 honore,
1789 373 1885 425 quod
1903 389 1970 412 non
1989 375 2105 414 solum
2127 378 2161 415 in

1203 448 1238 470 sc
1265 433 1483 471 collocentur
1508 434 1694 483 beneficia,
1711 434 1771 472 sed
1799 445 1943 488 propter
1970 451 2006 474 se
2036 436 2070 475 in
2093 439 2163 476 alia

1201 509 1344 545 quoque
1361 494 1528 532 animalia
1548 495 1762 533 extendatur
1791 496 1988 534 liberalitas
2005 498 2162 536 Domini.

1202 557 1255 592 Et
1274 570 1352 593 non
1373 558 1570 604 morietur,
1589 557 1721 607 inquit,
1735 561 1861 596 omnis
1881 573 1973 596 caro
1993 560 2099 598 ultra
2115 563 2165 598 ab

1201 629 1307 667 aqua
1330 617 1486 663 diluvii,
1505 626 1540 654 et
1570 632 1647 654 non
1675 621 1747 656 erit
1768 619 1874 657 ultra
1895 621 2101 668 diluvium,
2122 631 2163 659 ιιι

1199 685 1420 727 corrumpat
1439 690 1589 714 omnem
1607 687 1766 717 terram.
1785 682 1814 719 Y
1824 679 1920 717 idisti
1938 682 2117 731 quomodo
2132 693 2165 721 rt

1199 737 1305 774 semel
1326 737 1503 775 etiterum
1523 747 1557 774 et
1577 739 1707 790 szrpius
1727 741 1942 791 polliceatur
1963 756 1999 779 se
2017 757 2083 780 non
2109 744 2164 781 ul-

1199 805 1252 834 tra
1269 811 1514 835 immissurum
1532 812 1757 837 communem
1772 815 1931 838 oninium
1954 812 2162 843 internecio-

1200 871 1294 906 nem,
1317 867 1356 896 ut
1375 872 1419 895 ex
1436 859 1648 911 nientejusti
1668 859 1760 898 lianc
1781 860 2061 900 sollicitudinem
2081 865 2160 903 adi-

1200 928 1285 968 mat,
1297 928 1331 957 et
1346 919 1391 957 de
1409 919 1542 957 suturis
1558 920 1688 959 bonam
1706 936 1806 974 spem
1820 921 1881 960 ille
1900 922 2054 962 habeat?
2072 927 2161 964 Dein

1150 988 1173 1018 E
1200 994 1269 1019 non
1289 995 1391 1019 suam
1413 990 1578 1020 naturam
1597 992 1770 1035 spectans,
1791 983 1854 1022 sed
1877 993 2032 1023 nostram
2055 986 2162 1025 infir-

1200 1041 1450 1091 1nitatem‚non
1466 1052 1650 1081 contentus
1665 1052 1715 1081 cst
1727 1044 1961 1096 promissione
1977 1060 2038 1084 sua
2054 1062 2162 1098 quam

1200 1103 1322 1142 verbis
1353 1103 1453 1142 dedit
1470 1120 1478 1141 ε
1495 1103 1556 1143 sed
1585 1105 1715 1144 iterum
1741 1106 1895 1144 ostendit
1924 1109 2104 1158 quomodo
2126 1125 2164 1148 se

1200 1173 1328 1202 nostrae
1343 1164 1546 1203 infirmitati
1567 1174 1790 1218 attemperet,
1803 1176 1835 1205 ct
1856 1167 2001 1219 signum
2015 1169 2077 1208 dat
2092 1185 2162 1221 qno

1199 1235 1369 1278 perpetuo
1391 1227 1558 1274 durante,
1574 1228 1636 1266 tali
1656 1238 1753 1267 metu
1776 1229 1976 1268 humanum
1993 1246 2104 1282 genus
2119 1233 2163 1270 li-

1198 1286 1315 1325 berari
1337 1288 1459 1340 possit,
1470 1297 1510 1326 ut
1524 1289 1662 1327 etiamsi
1679 1303 1772 1342 saepe
1791 1290 1925 1342 pluviat
1940 1291 2160 1343 deferantur,

1198 1357 1232 1386 et
1250 1348 1415 1387 violentae
1435 1358 1660 1402 tempestates
1681 1350 1781 1400 fiant,
1799 1352 1864 1389 etsi
1886 1367 2059 1403 aquarum
2082 1369 2161 1392 ma—

1198 1423 1266 1461 gna
1286 1410 1332 1448 sit
1352 1409 1554 1460 inundatio,
1577 1425 1691 1463 neque
1705 1412 1756 1450 sic
1775 1414 2006 1452 metuendum
2027 1415 2087 1465 sit,
2101 1416 2163 1454 sed

1197 1469 1450 1509 confidendum
1469 1472 1572 1510 nobis
1588 1472 1634 1510 ad
1656 1473 1781 1513 datum
1804 1475 1948 1527 signum
1968 1477 2162 1528 respicien-

1196 1532 1307 1571 tibus.
1328 1535 1391 1572 132.
1407 1536 1460 1572 Et
1491 1536 1594 1573 dixit
1621 1537 1817 1575 Dominus
1838 1538 1947 1576 Deus
1974 1539 2029 1576 ad
2047 1540 2131 1576 ll'oe'
2148 1556 2158 1575 .-

1198 1597 1284 1634 Hoc
1302 1604 1358 1634 est
1377 1598 1531 1648 signum
1549 1600 1772 1636 testamenti
1787 1599 1892 1651 quod
1909 1613 1977 1651 ego
1994 1600 2044 1637 do
2059 1603 2162 1639 inter

1197 1671 1257 1695 me
1275 1666 1310 1695 et
1328 1666 1377 1695 te.
1395 1660 1430 1697 V
1434 1657 1492 1695 ide
1514 1668 1646 1708 quanto
1663 1659 1798 1698 honore
1812 1661 1953 1713 justum
1972 1661 2155 1712 dignatur.

1153 1718 1248 1774 72th
1269 1717 1364 1755 enim
1385 1732 1466 1756 cum
1486 1732 1526 1756 eo
1548 1719 1743 1771 paciscitur
1768 1721 1870 1771 quasi
1889 1721 1997 1760 homo
2017 1722 2156 1760 homini

1148 1788 1172 1816 A
1195 1778 1358 1829 loquens,
1379 1788 1413 1816 et
1432 1778 1552 1817 dicit:
1576 1782 1663 1818 Hoc
1685 1790 1741 1819 est
1759 1785 1913 1834 signum
1934 1788 2159 1822 testamenti

1196 1841 1302 1891 quod
1315 1853 1382 1891 ego
1400 1840 1450 1877 do
1467 1843 1568 1878 inter
1584 1855 1644 1878 me
1657 1850 1692 1879 et
1707 1851 1756 1891 te,
1769 1851 1805 1880 et
1819 1857 1969 1881 omnem
1982 1858 2157 1882 strumam

1195 1903 1406 1942 viventem,
1423 1915 1508 1953 {711oe
1525 1904 1727 1940 vobiscum
1744 1913 1814 1951 est,
1833 1907 1875 1941 in
1888 1908 2158 1957 generationes

1196 1970 1372 1999 oeternas.
1386 1961 1522 2001 Vidisti
1534 1963 1714 2014 quomodo
1730 1965 1871 2016 signum
1884 1965 2042 2004 dandum
2059 1967 2156 2005 omni

1194 2022 1330 2060 viventi
1354 2022 1570 2061 duraturum
1595 2024 1641 2062 sit
1661 2025 1696 2063 in
1721 2026 1962 2077 generationes
1982 2029 2156 2067 aeternas?

1193 2083 1272 2120 Non
1291 2083 1406 2121 solum
1426 2085 1663 2123 communiter
1679 2087 1848 2125 omnibus
1867 2087 2076 2127 viventibus
2093 2090 2156 2128 dat

1193 2143 1350 2194 signum,
1371 2144 1432 2182 sed
1457 2154 1491 2182 et
1511 2155 1726 2198 perpetuum
1743 2157 1776 2185 et
1796 2156 1968 2187 aeternum
1991 2150 2085 2188 illud
2102 2152 2155 2188 sa-

1193 2204 1444 2255 cit‚(111amdiu
1473 2206 1630 2244 mundus
1660 2208 1837 2248 subsistet.
1854 2210 2047 2257 Quodnam
2071 2227 2154 2265 ergo

1193 2265 1335 2317 signum
1357 2267 1436 2304 est?
1458 2267 1519 2306 15.
1536 2267 1689 2306 Arcum
1706 2283 1834 2308 meum
1849 2285 1953 2324 pono
1976 2276 2018 2311 in
2038 2277 2150 2321 nube,

1194 2336 1230 2365 et
1244 2330 1316 2366 erit
1334 2330 1376 2365 ἱη
1391 2331 1545 2381 signum
1562 2331 1720 2381 foederis
1739 2335 1841 2371 inter
1862 2348 1922 2371 me
1937 2343 1973 2372 et
1991 2344 2149 2375 terram.

1194 2387 1286 2426 Ecce
1307 2396 1386 2440 post
1414 2389 1711 2441 pollicitationem
1736 2392 1847 2430 verbo
1868 2394 2014 2444 factam,
2036 2405 2069 2433 et
2087 2396 2153 2434 hoc

1192 2448 1336 2500 signum
1359 2448 1420 2499 do,
1441 2449 1568 2488 iridem
1591 2450 1725 2501 dicens,
1741 2467 1850 2504 quam
1871 2454 1983 2506 aliqui
2000 2456 2077 2493 fieri
2098 2457 2154 2494 di-

1144 2519 1166 2548 B
1193 2519 1277 2548 cunt
1293 2511 1368 2549 sole
1386 2511 1506 2550 radios
1526 2526 1609 2550 suos
1631 2522 1751 2552 contra
1779 2515 1890 2553 nubes
1915 2517 2090 2555 mittente.
2112 2518 2151 2556 Si

1192 2585 1308 2610 sermo
1329 2586 1441 2622 meus,
1457 2573 1583 2624 inquit,
1601 2587 1670 2611 non
1691 2575 1835 2624 sufficit,
1855 2591 1932 2615 cccc
1955 2587 1987 2615 et
2008 2578 2151 2629 signum

1191 2632 1253 2683 do,
1276 2647 1472 2685 numquam
1494 2634 1644 2672 ulterius
1662 2635 1770 2673 talem
1791 2651 1848 2675 me
1869 2652 2009 2689 poenam
2037 2639 2150 2677 indu—

1191 2703 1347 2733 cturum.
1369 2695 1445 2733 Hoc
1469 2709 1553 2746 ergo
1576 2695 1719 2747 signum
1740 2697 1900 2737 videntes
1920 2714 1939 2736 a
1959 2700 2152 2740 formidine

1191 2756 1407 2794 liberemini.
1441 2758 1501 2794 14.
1527 2758 1582 2795 Et
1612 2761 1683 2795 erit
1707 2773 1795 2796 cum
1828 2762 2071 2809 ηιιὺίἶανενο,
2096 2763 2151 2801 in-

1192 2818 1284 2869 quit,
1305 2820 1423 2856 nubes
1449 2832 1564 2870 super
1583 2827 1739 2866 terram,
1764 2829 1801 2858 et
1820 2826 2020 2874 apparebit
2037 2840 2154 2865 arcus

1191 2894 1298 2918 meus
1326 2883 1368 2917 in
1391 2881 1502 2925 nube,
1525 2881 1585 2917 15.
1603 2889 1639 2917 et
1665 2883 1899 2921 recordabor
1930 2891 2151 2925 testamenti

1191 2941 1276 2987 mei,
1293 2940 1399 2991 quod
1411 2947 1466 2977 est
1486 2941 1589 2975 inter
1604 2953 1664 2976 me
1678 2948 1712 2977 et
1729 2954 1813 2988 vos,
1827 2950 1862 2979 et
1881 2944 1984 2980 inter
1997 2957 2149 2983 omnem

1188 3003 1363 3038 animam
1378 3003 1573 3038 viventem
1589 3003 1629 3036 in
1647 3004 1753 3039 omni
1778 3016 1907 3041 carne.
1926 3004 2024 3051 Quid
2040 3006 2147 3054 dicis,

1187 3076 1208 3100 o
1236 3062 1337 3100 beate
1362 3061 1562 3114 propheta?
1593 3062 1839 3113 Recmdabor,
1871 3066 2008 3117 inquit,
2040 3077 2146 3106 testa-

1187 3123 1294 3162 menti
1313 3123 1396 3169 mei,
1414 3123 1481 3160 hoc
1496 3133 1562 3172 est,
1581 3124 1674 3175 pacti
1694 3124 1777 3173 mei,
1798 3127 2055 3178 promissionis·,
2070 3130 2148 3182 pol-

1186 3187 1413 3237 licitationis;
1438 3200 1508 3225 non
1536 3187 1620 3238 quia
1649 3187 1724 3241 ipse
1748 3202 1838 3243 opus
1870 3191 1999 3230 babeat
2027 3207 2147 3232 recor-

1138 3299 1228 3333 Ediii
1248 3304 1333 3344 λέγω.
