2566 3791
731 246 775 275 ΙΝ
812 246 912 276 ΕΑΡ.
954 243 1015 274 Vl.

129 333 219 381 σίαν,
237 333 299 370 οὐκ
314 330 422 379 αὐτὴν
435 330 500 377 τὴν
519 329 653 379 οὐσίαν,
669 332 759 378 (πῶς
772 330 840 383 γὰρ
858 323 928 367 οἷόν
945 343 982 366 τε
1004 326 1150 378 ἀσώμα-

130 409 186 433 τον
208 393 326 432 οὐσίαν
360 393 441 430 ἰδεῖν
454 396 486 440 ;)
515 391 606 431 ἀλλὰ
641 394 1049 444 μετασχηματισθεῖσαν,
1086 386 1150 434 τὴν

127 453 301 507 ἐνέργειαν
319 456 444 507 μικροῦ
475 454 544 492 δεῖν
564 453 624 492 καὶ
648 452 756 500 αὐτὴν
775 452 838 499 τὴν
868 451 986 505 ψυχὴν
1006 453 1151 503 ἀφ’ἧκεν,

127 515 187 554 καὶ
205 518 223 554 ὁ
247 521 408 559 τοσοῦτος
437 515 496 553 καὶ
524 516 725 561 τηλικοῦτος
747 513 834 566 ἀνὴρ
868 515 996 555 ἄπνους
1026 509 1150 562 σχεδὸν

125 576 236 615 ἔκειτο
248 592 257 600 ·
274 577 325 620 τίς
344 576 384 615 ἂν
401 577 466 615 κᾶν
482 576 614 630 σφόδρα
635 570 834 628 μεμηνὼςῇ
849 606 858 622 ,
870 572 1097 617 καταδέξαιτο
1110 570 1151 608 τὸ

129 638 336 690 βλάσφημον
356 642 458 677 τοῦτο
478 641 574 691 ῥῆμα
588 638 647 676 καὶ
666 640 798 684 πολλῆς
813 637 918 689 γέμον
938 638 1001 682 τῆς
1015 633 1149 680 ἀνοίας,

127 699 181 737 ὅτι
197 704 218 747 ἡ
237 700 422 752 ἀσώματος
437 699 535 752 φύσις
550 699 610 738 καὶ
629 699 731 751 νοερὰ
749 697 922 749 σωμάτων
942 695 1150 745 συμπλοκῆς

128 762 314 814 ἠνέσχετο,

181 943 273 984 Ἀλλ’
291 944 347 982 ἵνα
370 942 501 994 μὴῐέπὶ
520 942 608 982 πολὺ
629 947 739 982 ταῦτα
765 945 938 986 κινοῦντες
957 941 1018 981 καὶ
1049 942 1148 980 αὐτοὶ

125 1006 278 1058 δόξωμεν
307 1008 383 1058 εἰκῇ
411 1005 469 1044 τὸν
496 1005 621 1058 χρόνον
642 1004 878 1058 κατατρίὸειν,
910 1004 990 1057 φέρε
1027 1003 1147 1051 ἐπειδὴ

126 1068 185 1107 διὰ
203 1072 271 1106 τῶν
290 1067 508 1120 πραγμάτων
528 1067 864 1119 ἐπληροφορήσαμεν
876 1069 975 1118 ὑμῶν
985 1065 1048 1113 τὴν
1061 1065 1151 1118 ἀγά-

126 1146 211 1177 πην,
230 1132 276 1173 ὡς
294 1131 364 1167 τῶν
398 1129 576 1168 ἀδυνάτων
605 1132 706 1166 τοῦτο
732 1127 948 1177 καθέστηκε,
975 1127 1038 1175 τὴν
1065 1126 1152 1174 ἀλή-

127 1195 220 1230 θειαν
246 1193 315 1229 τῶν
343 1191 551 1242 ἐγκειμένων
573 1189 766 1242 διδάξωμεν
795 1194 907 1242 ὑμᾶς,
930 1190 1036 1228 πάλιν
1064 1192 1150 1228 ἀνα-

127 1254 265 1306 γνόντες
286 1254 328 1292 τὰ
356 1253 455 1306 παρὰ
479 1256 541 1299 τῆς
571 1252 665 1297 Θείας
700 1255 844 1307 Γραφῆς
875 1252 1057 1307 εἰρημένα.
1081 1253 1152 1291 Καὶ

131 1315 282 1366 ἐγένετο,
303 1315 419 1367 φησὶν,
451 1315 555 1362 ἡνίκα
585 1314 735 1367 ἤρξαντο
761 1318 792 1353 οἱ
823 1314 998 1367 ἄνθρωποι
1029 1314 1152 1353 πολλοὶ

130 1376 286 1429 γίνεσθαι
305 1376 363 1414 ἐπὶ
382 1379 444 1422 τῆς
457 1379 520 1426 γῆς
532 1405 541 1421 ,
561 1375 620 1413 καὶ
639 1375 823 1428 Θυγατέρες
839 1376 1069 1428 ἐγεννήθησαν
1090 1378 1151 1414 αὐ-

129 1443 217 1482 τοῖς·
238 1436 366 1480 ἰδόντες
383 1436 418 1475 δὲ
436 1439 467 1475 οἱ
495 1436 563 1474 υἱοὶ
582 1441 641 1475 τοῦ
662 1438 753 1476 Θεοῦ
777 1436 838 1481 τὰς
866 1437 1056 1490 θυγατέρας
1082 1440 1152 1476 τῶν

128 1498 341 1551 ἀνθρώπων,
361 1498 415 1536 ὅτι
435 1497 542 1536 καλαί
561 1499 661 1546 εἰσιν,
678 1496 804 1536 ἔλαέον
826 1500 961 1543 ἑαυτοῖς
986 1505 1152 1550 γυναῖκας

129 1561 199 1599 ἀπὸ
216 1563 352 1605 πασῶν,
371 1554 419 1598 ὧν
439 1558 646 1604 ἐξελέξαντο.
671 1559 916 1613 Προλαὸόντες
944 1559 1149 1612 ἐδιδάξαμεν

128 1626 241 1673 ὑμᾶς,
263 1621 315 1660 ὅτι
337 1622 410 1665 ἔθος
430 1625 472 1673 τῇ
494 1622 523 1660 Γ
527 1624 638 1674 ραφῇ,
656 1620 716 1660 καὶ
735 1621 814 1665 τοὺς
839 1621 1039 1675 ἀνθρώπους
1059 1621 1152 1667 υἱοὺς

127 1687 220 1724 Θεοῦ
242 1687 373 1723 καλεῖν.
391 1683 494 1723 Ἐπεὶ
513 1677 570 1722 οῦν
593 1683 663 1722 ἀπὸ
681 1687 741 1721 τοῦ
768 1683 842 1731 Σὴθ
874 1677 968 1722 οὗτοι
998 1688 1151 1736 κατῆγον

127 1747 169 1785 τὸ
185 1746 303 1798 γένος,
322 1745 383 1784 καὶ
401 1745 472 1784 ἀπὸ
482 1749 542 1784 τοῦ
562 1747 621 1783 ὑπ’
641 1746 745 1783 αὐτοῦ
764 1744 946 1797 τεχθέντος
965 1745 1025 1783 καὶ
1043 1762 1152 1799 προσ-

129 1806 371 1860 αγορευθέντος
409 1805 519 1849 Ἐνώς
532 1821 540 1829 ·
575 1799 689 1848 Οῧτος
731 1804 799 1858 γὰρ
813 1835 823 1852 ,
856 1805 974 1857 φησὶν,
1002 1806 1151 1852 ἤλπισεν

129 1870 373 1907 ἐπικαλεῖσθαι
393 1866 408 1887 b
423 1867 463 1906 τὸ
483 1867 593 1917 ὄνομα
611 1866 740 1918 Κυρίου
757 1870 817 1904 τοῦ
833 1867 925 1904 Θεοῦ
942 1882 950 1889 ·
969 1867 1005 1911 ἐξ

129 1930 250 1969 λοιπὸν
265 1931 298 1967 οἱ
316 1929 393 1974 ἑξῆς
411 1927 610 1978 τικτόμενοι
630 1926 697 1966 υἱοὶ
710 1928 802 1966 Θεοῦ
823 1929 1153 1981 προσηγορεύθησαν

130 1992 228 2043 παρὰ
250 1994 312 2037 τῆς
347 1990 438 2033 θείας
472 1991 632 2042 Γραφῆς,
666 1987 723 2026 διὰ
755 1989 795 2027 τὸ
811 1993 993 2039 μιμεῖσθαι
1029 1990 1153 2044 μέχρις

131 2053 262 2091 ἐκείνου
283 2055 353 2090 τῶν
370 2050 548 2103 προγόνων
574 2050 637 2097 τὴν
671 2050 796 2102 ἀρετήν
810 2066 817 2073 ·
838 2050 928 2095 υἱοὺς
959 2051 996 2090 δὲ
1016 2052 1152 2105 ἀνθρώ-

1020 1867 1153 1906 ἐκείνου

129 2130 205 2153 πων
230 2114 372 2153 ἐκάλεσε
390 2111 469 2155 τοὺς
489 2112 557 2163 πρὸ
577 2114 637 2150 τοῦ
656 2110 732 2158 Σὴθ
759 2111 958 2163 γεγονότας,
977 2113 1057 2158 τοὺς
1082 2115 1152 2153 ἀπὸ

130 2181 190 2215 τοῦ
211 2176 312 2222 Κάϊν,
328 2174 386 2212 καὶ
402 2172 481 2216 τοὺς
514 2172 547 2216 ἐξ
567 2172 698 2210 ἐκείνου
724 2173 764 2210 τὸ
794 2173 891 2224 γένος
923 2174 1150 2226 κατάγοντας.

130 2236 289 2289 Ἐγένετο
302 2235 369 2287 γὰρ
382 2265 391 2281 ,
406 2234 523 2286 φησὶν,
540 2233 646 2280 ἡνίκα
664 2233 812 2286 ἤρξαντο
825 2236 858 2272 οἱ
874 2235 1051 2286 ἄνθρωποι
1065 2238 1149 2274 πολ-

127 2297 182 2334 λοὶ
200 2296 355 2348 γίνεσθαι
373 2295 431 2332 ἐπὶ
453 2297 515 2341 τῆς
531 2296 612 2344 γ’ἦς,
635 2293 695 2330 καὶ
712 2293 898 2346 θυγατέρες
916 2295 1149 2346 ἐγεννήθησαν

128 2360 243 2402 αὐτοῖς
257 2374 266 2380 ·
282 2357 409 2399 ἰδόντες
429 2354 464 2393 δὲ
495 2357 526 2393 οἷ
551 2354 618 2393 υἱοὶ
639 2359 699 2393 τοῦ
714 2356 806 2394 Θεοῦ
818 2386 828 2403 ,
844 2358 876 2395 οἱ
896 2355 964 2395 ἀπὸ
980 2361 1052 2396 τοῦ
1073 2358 1148 2407 Σὴθ

128 2421 261 2459 καὶτοῦ
273 2419 384 2462 ’Evam
398 2448 407 2465 ‚
427 2418 489 2462 τὰς
507 2417 696 2470 θυγατέρας
714 2420 784 2456 τῶν
798 2417 1004 2470 ἀνθρώπων,
1017 2420 1150 2466 ἐκείνας

127 2481 191 2524 τὰς
221 2483 279 2518 ὑπ’
314 2479 452 2519 ἐκείνων
478 2478 658 2530 τεχθείσας
671 2508 681 2526 ,
700 2478 781 2529 περὶ
800 2473 848 2516 ὧν
873 2473 982 2528 εἶπεν,
1003 2480 1057 2520 ὅτι
1078 2483 1149 2521 Καὶ

130 2543 313 2594 θυγατέρες
329 2541 558 2592 ἐγεννήθησαν
579 2541 693 2584 αὐτοῖς
707 2570 717 2587 ,
733 2539 787 2577 ὅτι
810 2541 918 2579 καλαί
936 2544 1035 2582 εἰσιν.
1051 2542 1149 2597 σΟρα

129 2607 204 2648 πῶς
223 2604 279 2642 διὰ
295 2606 357 2649 τῆς
375 2602 499 2646 λέξεως
519 2600 648 2647 ταύτης
677 2607 795 2639 πᾶσαν
823 2605 908 2653 ἡμῖν
940 2604 1054 2642 αὐτῶν
1083 2605 1148 2652 τὴν

129 2665 312 2717 ἀσέλγειαν
331 2664 504 2716 ἐνέφηνεν.
530 2662 623 2701 Οὐδὲ
651 2661 720 2715 γὰρ
749 2662 794 2700 δι’
813 2664 1000 2715 ἐπιθυμίαν
1018 2668 1147 2706 παιδο-

129 2726 245 2769 ποιίας
271 2725 329 2763 ε’πὶ
357 2724 421 2771 τὴν
450 2723 575 2775 πρᾶξιν
600 2723 732 2770 ταύτην
761 2723 944 2777 ὥρμησαν,
973 2727 1065 2766 ἀλλὰ
1101 2730 1147 2767 δι’

129 2787 298 2839 ἀκρασίαν
311 2787 452 2834 ἡδονῆς·
476 2784 622 2828 ’ἰδόντες
641 2784 732 2839 γὰρ,
754 2785 862 2838 φησὶ,
875 2786 938 2831 τὰς
957 2788 1148 2842 θυγατέρας

128 2851 197 2886 τῶν
216 2847 420 2900 ἀνθρώπων,
450 2846 502 2885 ὅτι
533 2846 638 2885 καλαί
657 2847 756 2885 εἰσιν.
789 2846 862 2886 ⁸‘fl
883 2849 1053 2901 ἐπιθυμία
1083 2855 1147 2899 τῆς

131 2909 318 2961 εὐμορφίας
339 2911 386 2952 εἷς
400 2909 458 2947 τὸν
476 2908 616 2959 ὄλεθρον
637 2907 758 2952 αὐτοὺς
781 2913 900 2948 τοῦτον
919 2910 1065 2962 ἤνεγκε,
1087 2914 1146 2951 καὶ

127 2972 168 3010 τὸ
189 2971 316 3014 κάλλος
333 2973 395 3016 τῆς
413 2970 523 3021 ὅψεως
537 2969 597 3007 καὶ
614 2971 678 3015 τῆς
691 2971 854 3022 πορνείας
873 2972 933 3010 καὶ
957 2977 1020 3019 τῆς
1039 2977 1147 3013 ἀσελ-

127 3033 223 3085 γείας
243 3034 356 3074 αὐτοῖς
381 3030 564 3083 γεγένηται
591 3029 714 3070 αἴτιον.
735 3032 805 3070 Καὶ
835 3033 913 3071 οὐδὲ
938 3035 1051 3087 τούτῳ
1080 3038 1147 3088 ἠρ-

123 3091 251 3140 ὂιέσθη,
274 3091 364 3130 ἀλλὰ
383 3091 611 3143 προσέθηκεν·
634 3090 788 3131 ’Ehem'
811 3093 847 3132 δὲ
870 3097 1004 3139 ἑαυτοῖς
1023 3103 1148 3147 γυναῖ-

129 3169 192 3198 κας
223 3153 292 3192 ἀπὸ
318 3155 455 3200 πασῶν,
483 3146 530 3190 ὧν
567 3152 772 3198 ἐξελέξαντο.
808 3155 878 3193 Καὶ
907 3160 1008 3194 τοῦτο
1040 3157 1149 3195 πάλιν

132 3214 354 3266 ἐμφαίνοντός
382 3217 454 3253 ἐστι
481 3212 546 3260 τὴν
573 3214 707 3261 πολλὴν
742 3217 855 3254 αὐτῶν
876 3217 1072 3270 ἀσέλγειαν,
1094 3219 1149 3258 ὅτι

133 3277 183 3327 τῷ
219 3276 341 3314 κάλλει
374 3277 572 3324 ἡττήθησαν
585 3306 596 3325 ,
628 3278 688 3315 καὶ
719 3278 861 3329 χαλινὸν
903 3280 1072 3318 ἐπιθεῖναι
1103 3283 1147 3333 τῇ

180 3384 196 3407 1,
211 3382 266 3415 Sic
281 3381 382 3416 savit.
402 3390 435 3415 et
449 3391 573 3426 septem
585 3385 665 3416 Mss.
682 3386 723 3417 At
738 3385 852 3418 Mor-el.
872 3396 914 3431 τῷ
927 3394 1064 3431 ὀνόματι.

180 3444 192 3458 ·
209 3433 262 3466 sic
286 3433 386 3467 savit.
411 3442 444 3477 et
467 3434 603 3478 quidam
632 3436 707 3469 Mss-
731 3438 770 3470 In
797 3437 868 3472 aliis
892 3449 943 3478 τῆς
973 3446 1133 3486 &nappin

1055 241 1217 273 GENES.
1256 242 1411 274 HOMlL.
1450 247 1561 277 xxii.

2081 239 2163 283 2⁵:31

1220 325 1402 366 enimvero
1447 329 1503 367 vir
1537 330 1796 370 desideriorum
1834 343 2021 386 conspecta
2055 337 2170 386 angi-li

1222 388 1420 440 praesentia,
1433 403 1501 428 non
1515 399 1630 430 tamen
1639 392 1850 442 substantia,
1863 398 1948 445 (quo
1963 404 2066 447 pacto
2079 397 2172 434 enirn

1222 447 1338 487 videri
1352 460 1469 502 possct
1481 451 1714 506 incorporalis
1729 454 1967 505 substanti-11³)
1987 455 2048 494 scd
2058 466 2174 494 trans-

1173 516 1199 548 G
1223 511 1430 554 formatione
1457 513 1571 552 solum
1602 515 1757 566 quadam
1788 516 1880 566 visa,
1901 531 2029 569 parum
2061 518 2176 556 abfuit

1221 572 1306 622 quin
1322 571 1461 612 viribus
1475 574 1666 614 destitutus
1677 586 1710 615 et
1729 576 1885 616 animam
1901 578 2100 629 amitteret3
2117 589 2176 617 at—

1221 646 1290 682 que
1301 633 1330 670 si
1343 643 1461 672 tantus
1473 650 1514 673 ac
1530 637 1610 674 talis
1624 638 1680 676 vir
1693 653 1781 690 pene
1794 639 1927 691 absque
1940 640 2070 693 spiritu
2080 642 2175 694 jace-

1221 692 1297 743 bat,
1316 695 1396 745 quis
1413 696 1521 734 etiam
1542 697 1645 737 valde
1670 699 1816 739 insanus
1835 702 2083 754 comprobaret
2100 703 2177 742 haec

1221 751 1431 806 blasphema
1456 757 1565 795 verba
1591 758 1778 798 dementia:
1800 762 1919 813 plena,
1941 763 2038 814 quod
2060 764 2177 802 incor-

1222 827 1328 866 porea
1350 825 1384 854 et
1403 816 1603 869 spiritualis
1623 828 1749 858 natura
1769 822 1927 874 corporis
1949 825 2178 876 complexum

1221 875 1352 914 ferret?

1275 946 1313 985 5.
1333 946 1404 986 Sed
1437 961 1483 987 ne
1516 949 1684 1002 pluribus
1716 950 1784 990 ista
1818 953 2038 992 excutientes
2069 963 2180 993 terere

1224 1015 1364 1060 tempus
1383 1008 1588 1061 videamur,
1608 1025 1674 1064 age
1691 1012 1775 1063 quia
1794 1014 2055 1053 sufficientibus
2073 1030 2179 1068 argu-

1225 1069 1354 1107 mentis
1383 1071 1522 1109 caritati
1554 1081 1680 1111 vestrae
1711 1073 1989 1127 declaravimus,
2007 1091 2114 1128 quam
2135 1078 2177 1116 sit

1225 1129 1294 1168 hoc
1312 1130 1554 1184 impossibile:
1571 1133 1762 1173 doceamus
1778 1149 1873 1174 nunc
1888 1151 1968 1188 quac
1987 1138 2038 1176 rei
2058 1139 2103 1177 sit
2117 1154 2181 1178 ve-

1225 1191 1337 1242 ritas;
1360 1192 1491 1232 iterum
1523 1203 1641 1234 tamen
1674 1196 1774 1235 lectis
1805 1197 1850 1236 iis
1881 1212 1961 1250 quae
1993 1199 2030 1238 in
2058 1201 2181 1239 divina

1225 1252 1411 1306 Scriptura
1446 1255 1622 1296 feruntur.
1660 1259 1716 1296 Et
1743 1259 1901 1311 factum
1937 1270 2008 1308 est,
2050 1261 2180 1314 inquit,

1226 1316 1385 1367 quando
1400 1327 1594 1369 coeperunt
1610 1319 1785 1358 homines
1801 1321 2059 1373 multiplicari
2072 1337 2186 1375 super·

1174 1379 1201 1411 D
1226 1384 1385 1425 terram,
1407 1387 1445 1416 et
1448 1379 1555 1431 filioe
1581 1389 1685 1419 natae
1703 1390 1795 1420 sunt
1811 1382 1894 1421 illis
1911 1398 1921 1419 :
1938 1392 1980 1421 ut
1999 1385 2186 1423 viderunt

1220 1439 1302 1491 filii
1311 1440 1388 1477 Dei
1392 1440 1504 1492 filias
1515 1442 1729 1492 hominum,
1740 1444 1847 1496 quod
1854 1445 2031 1496 pulclzroe
2045 1455 2183 1496 essent,

1224 1510 1446 1540 sumserunt
1470 1505 1716 1556 sibimetipsis
1745 1518 1884 1544 uxores
1915 1507 1964 1544 de
1990 1510 2179 1555 omnibus,

1225 1576 1324 1615 quas
1352 1564 1564 1617 elegerant.
1602 1565 1708 1604 Prius
1738 1565 1929 1606 docuimus
1947 1582 2026 1619 vos,
2048 1583 2183 1608 morem

1225 1637 1299 1662 esse
1317 1624 1527 1677 Scripturae,
1545 1635 1586 1664 ut
1606 1626 1768 1666 homines
1795 1627 1890 1666 filios
1912 1629 1979 1667 Dei
1998 1640 2114 1669 vocet.
2136 1631 2183 1669 Et

1225 1746 1303 1785 filio
1329 1748 1392 1799 qui
1416 1749 1616 1800 appellatus
1645 1759 1697 1788 est
1722 1749 1820 1789 Enos
1839 1750 1955 1790 :dicit
1975 1753 2184 1792 enimzlste

1225 1811 1395 1859 speravit
1431 1811 1613 1847 invocare
1654 1824 1794 1848 nomen
1823 1812 1988 1850 Domini
2016 1815 2094 1852 Dei
2109 1815 2182 1853 :ab

1224 1868 1288 1906 illo
1315 1878 1436 1921 postea
1458 1870 1546 1920 nati,
1563 1871 1681 1909 vocati
1702 1881 1785 1909 sunt
1801 1872 1869 1910 filii
1897 1873 1964 1911 Dei
1990 1873 2027 1912 in
2046 1874 2182 1914 divinis

1225 1929 1436 1983 Scripturis,
1460 1940 1647 1983 propterea
1680 1931 1777 1983 quod
1808 1946 1962 1985 eousque
1994 1945 2182 1987 parentum

1226 1991 1396 2031 virtutem
1419 1992 1549 2030 imitati
1571 2002 1679 2030 sunt:
1703 1993 1797 2031 filios
1818 2003 1938 2032 autem
1960 1995 2050 2034 Ca'1'n
2070 2005 2104 2034 et
2120 1998 2182 2048 qui

1224 2066 1270 2091 ex
1289 2067 1329 2091 eo
1347 2053 1433 2103 nati,
1448 2062 1482 2091 et
1498 2053 1655 2104 quiante
1671 2054 1758 2092 Seth
1783 2055 1894 2107 geniti
1911 2056 2068 2105 fuerunt,
2087 2058 2183 2096 filios

1225 2114 1413 2152 hominum
1433 2123 1548 2153 vocat.
1569 2116 1735 2153 Factum
1755 2124 1826 2163 est,
1850 2116 1981 2167 inquit,
1998 2132 2086 2156 cum
2105 2133 2182 2158 cae-

1221 2184 1361 2227 per-unt
1377 2177 1550 2213 homines
1570 2175 1825 2227 multiplicari
1841 2191 1955 2230 super
1971 2187 2127 2228 terram,
2146 2190 2183 2218 et

1211 2237 1318 2289 filioe
1348 2244 1450 2274 natoe
1476 2243 1566 2274 sunt
1595 2235 1700 2274 illis:
1719 2245 1760 2274 ut
1786 2238 1973 2276 viderunt
1983 2240 2070 2292 filii
2089 2242 2178 2287 Dei,

1222 2297 1287 2349 qui
1305 2311 1326 2335 a
1341 2297 1428 2336 Seth
1457 2305 1492 2335 et
1520 2297 1566 2335 ab
1586 2296 1683 2335 Enos
1706 2298 1898 2350 progeniti,
1908 2300 2027 2352 filias
2049 2303 2179 2340 homi-

1224 2373 1332 2410 num,
1352 2358 1433 2397 illas
1459 2372 1539 2410 quae
1564 2358 1611 2396 ab
1637 2358 1719 2397 aliis
1747 2369 1838 2398 natae
1861 2370 1959 2411 sunt,
1981 2361 2027 2400 de
2048 2363 2182 2414 quihus

1222 2420 1317 2459 dixit
1335 2419 1432 2471 quod
1447 2420 1563 2458 Filioe
1584 2428 1688 2458 natae
1723 2423 1803 2459 sint
1822 2422 1916 2469 illis,
1955 2424 2069 2474 Quod
2094 2426 2182 2476 pul-

1222 2484 1326 2522 chrae
1354 2490 1491 2521 essent.
1515 2480 1613 2521 Vide
1640 2482 1820 2532 quomodo
1848 2498 1912 2536 per
1940 2485 2090 2523 verbum
2113 2486 2182 2524 hoc

1222 2558 1364 2583 omnem
1390 2543 1492 2582 nobis
1518 2555 1640 2580 eorum
1670 2542 1979 2595 intemperantiam
2007 2545 2175 2584 insinuet.

1162 2638 1211 2663 107
1223 2608 1301 2646 Non
1320 2606 1416 2644 enim
1435 2605 1481 2643 ob
1503 2604 1722 2643 desiderium
1756 2607 2058 2658 procreandorum
2080 2609 2177 2648 silio-

1174 2656 1200 2704 Ᾰ
1222 2682 1305 2707 rum
1324 2666 1593 2713 conveniebant,
1609 2665 1671 2704 scd
1699 2666 1745 2705 ob
1764 2667 1986 2719 voluptatem
2003 2678 2037 2706 et
2053 2666 2181 2708 intemss

1223 2730 1420 2784 perantiam
1439 2745 1447 2765 :
1471 2731 1521 2768 Ut
1546 2729 1745 2774 viderunt,
1768 2729 1899 2780 inquit,
1918 2731 2035 2783 filias
2055 2733 2178 2770 homi-

1223 2806 1328 2838 num,
1346 2791 1450 2843 quod
1461 2790 1634 2842 pulclzrae
1647 2790 2088 2843 essent.C0ncupiscentia
2102 2794 2174 2832 sor-

1221 2867 1288 2891 mae
1303 2852 1384 2890 illos
1400 2851 1435 2889 in
1451 2850 1542 2888 hanc
1559 2849 1703 2887 induxit
1718 2850 1925 2902 pernicicm,
1943 2852 2176 2904 pulchritudo

1220 2923 1382 2966 aspectus
1392 2911 1614 2951 scortationis
1626 2920 1660 2948 et
1683 2911 1961 2964 intemperantiae
1975 2913 2025 2952 cis
2037 2917 2175 2955 occasio

1220 2976 1300 3014 suit.
1315 2975 1362 3013 Et
1381 2987 1492 3025 neque
1508 2972 1544 3010 id
1558 2972 1644 3010 satis
1660 2972 1794 3011 habens
1812 2973 1914 3016 addit
1926 2990 1934 3010 :
1946 2975 2174 3016 Sumserunt

1220 3039 1387 3088 sibiipsis
1404 3047 1541 3073 uxores
1557 3034 1605 3071 de
1621 3035 1814 3081 omnibus,
1834 3048 1933 3087 quas
1949 3037 2145 3089 elegerant
2162 3054 2172 3075 .·

1218 3097 1315 3150 quod
1347 3097 1455 3134 ctiam
1484 3107 1651 3145 magnam
1686 3094 1832 3132 illorum
1865 3096 2173 3149 intemperantiam

1219 3159 1388 3205 insinuat,
1401 3154 1497 3206 quod
1511 3169 1529 3192 a
1549 3154 1818 3206 pulchritudine
1834 3156 1920 3194 victi
1940 3168 2037 3208 sunt,
2056 3168 2089 3196 et
2107 3160 2173 3197 sre-

1220 3233 1307 3258 num
1337 3218 1518 3269 imponere
1547 3215 1757 3254 inordinatae
1787 3218 2081 3270 concupiscentiae
2102 3234 2173 3258 sure

1220 3294 1290 3318 non
1310 3279 1501 3317 valuerunt
1520 3292 1527 3313 :
1543 3275 1605 3315 sed
1625 3277 1818 3329 spectando
1851 3279 1945 3331 capti
1977 3280 2172 3319 submersi-

1176 1942 1200 1973 E

1165 3387 1269 3421 deest.

2243 1577 2386 1606 Homines

2197 1620 2249 1647 filii
2266 1620 2320 1647 Dei
2340 1621 2388 1648 ‹Ja-

2197 1663 2235 1689 cti
2259 1663 2288 1688 in
2306 1663 2387 1688 Scri-

1225 1685 1310 1736 quia
1329 1685 1389 1724 isti
1407 1701 1427 1724 a
1444 1687 1554 1725 Setho
1573 1687 1751 1740 originem
1769 1689 1972 1741 trahebant,
1993 1700 2028 1729 et
2047 1692 2094 1730 ab
2107 1693 2182 1745 ejus
2198 1710 2295 1741 ptura.
