2433 3775
765 239 805 268 ΙΝ
842 236 942 267 (ΞΛΡ.
984 237 1012 266 Ι.

108 320 172 370 τὴν
193 319 361 376 πρόσοψιν
385 319 581 372 ἐξεπλάγη,
602 321 662 359 καὶ
683 320 900 367 ἀπεπήδησε.
927 322 998 358 Νῦν
1019 319 1054 359 δὲ
1074 319 1131 358 καὶ

109 382 324 434 διαλέγεται,
353 382 412 421 καὶ
440 384 479 420 οὐ
508 380 686 434 φοὸεῖται·
707 381 803 419 οὕπι)
833 380 902 434 γὰρ
930 385 972 428 ἠν
992 383 1010 419 δ
1029 379 1133 434 φόίος

108 447 218 487 οὗτος.
248 443 338 482 Ἀλλ’
370 443 488 492 ἐπειδὴ
524 447 546 491 ἡ
582 442 737 494 ἁμαρτία
773 444 942 490 εἰσῆλθεν,
976 441 1131 495 ἀφῃρέθη

108 504 228 543 λοιπὸν
254 503 314 542 καὶ
339 503 383 542 τὰ
402 507 462 550 τ’ἧς
481 506 608 554 τιμῆς,
637 503 696 541 καὶ
723 503 764 541 τὰ
794 505 856 549 τῆς
879 502 1042 547 ἐξουσίας.
1064 501 1133 541 Καὶ

108 563 228 617 ὥσπερ
247 564 304 603 ἐπὶ
321 567 390 602 τῶν
417 566 558 603 οἰκετῶν
576 567 607 604 ot
630 564 691 615 μὲν
715 565 975 615 εὐδοκιμοῦντες
994 563 1134 616 φοῧεροὶ

108 624 168 664 καὶ
186 631 256 669 τοῖς
285 625 481 669 συνδούλοις
508 626 607 672 εἰσὶν,
627 629 658 664 οἱ
679 625 714 665 δὲ
733 624 1048 677 προσκεκρουκότες
1075 625 1134 663 καὶ

108 686 208 732 ιιτοὺς
227 687 431 730 συνδούλους
444 687 651 725 δεδοίκασιν·
669 686 758 724 οὕτω
774 686 832 724 καὶ
849 686 906 724 ἐπὶ
924 688 983 724 τοῦ
1004 684 1134 738 ἀνθρώ-

109 764 176 786 που
205 764 354 800 γεγονεν.
378 748 476 790 ἽΞως
496 747 558 797 μὲν
586 747 654 800 γὰρ
675 751 748 799 εἶχε
774 746 840 793 τὴν
860 762 946 798 προς
963 746 1022 784 τὸν
1042 746 1132 784 Θεὸν

108 808 320 862 παρρησίαν,
341 808 484 883 φοὸερὸς
508 824 568 846 και
595 813 667 851 τοῖς
699 806 828 860 θηρίοις
846 811 909 854 ἠν·
943 806 1063 853 ἐπειδὴ
1097 806 1134 845 δὲ

108 868 364 922 προσέκρουσε,
383 869 442 908 καὶ
470 885 547 912 τους
574 867 758 945 {orph-ouem
755 883 825 906 των
840 867 1033 906 συνδού)ι)ν
1062 868 1132 906 ἐδε-

109 929 217 968 δοίκει
233 929 366 969 λοιπόν,
383 931 429 968 Εἰ
449 929 563 981 δὲμὴ
583 929 693 982 ἀνέχῃ
711 931 780 967 τῶν
800 945 872 981 παρ
876 931 1001 979 ’ἡμῶν
1029 930 1131 981 λεγο-

109 989 239 1042 μένων,
260 992 304 1030 σύ
330 1006 389 1043 μοι
410 991 515 1036 δεῖξον
537 990 606 1044 πρὸ
625 993 687 1037 τῆς
707 989 879 1042 ἁμαρτίας
894 1020 903 1037 ,
928 990 981 1028 ὅτι
1000 990 1132 1043 φοὸερὰ

108 1053 159 1105 τῷ
180 1052 352 1106 ἀνθρώπῳ
377 1051 421 1090 τὰ
440 1051 544 1106 θηρία
565 1046 620 1098 ἧν.
641 1051 734 1089 Ἀλλ’
753 1053 816 1089 οὐκ
836 1052 875 1089 ἂν
896 1049 1000 1104 ἔχοις.
1023 1053 1065 1090 Εἰ
1095 1052 1131 1090 δὲ

110 1113 199 1164 μετὰ
217 1118 326 1152 ταῦτα
340 1115 495 1161 εἰσῆλθεν
514 1116 532 1152 ὁ
551 1113 672 1166 φόὸος,
688 1112 863 1151 καὶτοῦτο
879 1116 941 1159 τῆς
959 1117 1019 1151 τοῦ
1039 1114 1133 1152 Θεοῦ

108 1174 369 1228 φιλανθρωπίας
397 1175 558 1227 μέγιστον
575 1174 778 1227 τεκμήριον.
810 1175 852 1212 Εἰ
873 1173 965 1226 γὰρ,
991 1175 1050 1212 καὶ
1073 1178 1136 1222 τῆς

108 1235 250 1282 ἐντολῆς
266 1236 532 1290 παραὸαθείσης
557 1236 625 1275 ὑπὸ
642 1239 702 1274 τοῦ
727 1234 930 1288 ἀνθρώπου,
951 1240 973 1283 ἡ
996 1233 1082 1286 τιμὴ
1110 1238 1132 1282 ἡ

109 1296 247 1336 δοθεῖσα
276 1299 369 1350 αὐτῷ
395 1298 557 1344 ἀκίνητος
584 1297 731 1348 ἔμεινεν,
758 1299 822 1335 οὐκ
852 1298 892 1335 ἂν
913 1297 1040 1344 ἀνέστη
1071 1300 1136 1349 ρᾳ-

109 1356 191 1402 δίως
215 1357 284 1396 ἀπὸ
303 1361 362 1396 τοῦ
382 1357 582 1410 πτώματος.
599 1357 716 1397 “Omv
745 1357 813 1410 γὰρ
836 1358 895 1397 καὶ
916 1357 1135 1410 παρακούον-

109 1433 165 1463 τες
193 1422 225 1458 οἳ
255 1418 452 1471 ἄνθρωποι,
483 1418 543 1458 ’καὶ
577 1418 626 1471 μὴ
653 1418 913 1471 παρακούοντες
940 1421 1003 1466 τῆς
1027 1421 1136 1467 αὐτῆς

110 1479 312 1519 ἂπολαύωσι
337 1483 444 1531 τιμῆς
458 1510 469 1530 ,
503 1479 807 1532 παιδοτριὸοῦνται
843 1480 929 1532 πρὸς
964 1480 1135 1534 πονηρίαν

110 1542 257 1591 μᾶλλον,
283 1540 344 1580 καὶ
364 1543 401 1580 οὐ
432 1541 567 1594 ταχέως
593 1541 802 1594 ἀφίστανται
829 1543 892 1588 τῆς
919 1541 1056 1586 κακίας.
1090 1543 1135 1580 Ei

109 1600 178 1655 γὰρ
206 1601 266 1640 καὶ
298 1605 356 1640 νῦν
386 1602 515 1655 φόὸων,
547 1602 606 1641 καὶ
634 1604 825 1656 τιμωριῶν,
863 1603 921 1641 καὶ
956 1602 1134 1641 κολάσεων

111 1662 340 1714 ἐπικειμένων
359 1665 422 1702 οὐκ
443 1663 625 1716 ἀνέχονται
641 1669 846 1716 σωφρονεῖν,
866 1662 955 1707 τίνες
970 1662 1011 1702 ἂν
1031 1659 1136 1713 ἦσαν,

111 1725 142 1762 εἷ
171 1723 278 1775 μηδὲν
312 1724 465 1778 ἔπασχον
497 1725 585 1778 ὑπὲρ
617 1719 665 1764 ὧν
704 1725 951 1776 ἐπλημμέλουν
999 1726 1137 1773 δεινῶν;

110 1783 227 1824 Ὥστε
245 1785 433 1837 κηδόμενος
451 1787 551 1836 ἡμῶν
575 1786 635 1824 καὶ
651 1786 840 1838 φροντίζων
859 1785 1020 1830 ἐξέὸαλεν
1042 1788 1138 1837 ἡμᾶς

112 1846 175 1893 τῆς
197 1847 323 1898 ἀρχῆς.

167 1906 220 1945 Σὺ
240 1906 277 1944 δέ
290 1921 370 1957 μοι,
387 1908 546 1959 ἀγαπητὲ
561 1935 571 1953 ,
585 1907 644 1946 καὶ
657 1910 808 1948 ἐντεῦθεν
824 1909 947 1948 σκόπει
962 1909 1027 1955 τὴν
1045 1909 1137 1961 ἄφα-

115 1982 173 2005 τον
194 1971 254 2006 τοῦ
275 1969 368 2006 Θεοῦ
388 1968 660 2020 φιλανθρωπίαν,
685 1972 759 2013 πῶς
774 1973 792 2008 ὁ
810 1969 872 2020 μὲν
892 1969 1003 2021 Ἀδὰμ
1021 1975 1138 2008 πᾶσαν

116 2029 280 2082 ἀνέτρεψε
300 2028 362 2075 τὴν
387 2029 539 2076 ἐντολὴν,
561 2030 620 2068 καὶ
639 2030 752 2069 πάντα
773 2031 911 2084 παρέὸη
933 2031 991 2069 τὸν
1011 2031 1115 2082 νόμον
1130 2046 1138 2054 ·

112 2092 132 2129 ὃ
151 2090 188 2130 δὲ
210 2091 299 2134 Θεὸς
318 2091 557 2142 φιλάνθρωπος
579 2092 641 2139 ὧν,
666 2093 726 2130 καὶ
749 2092 941 2143 ἀγαθότητι
970 2095 1075 2131 νικῶν
1096 2091 1141 2130 τὰ

113 2151 268 2203 ἡμέτερα
286 2150 578 2201 πλημμελήματα
594 2182 603 2199 ,
622 2154 660 2191 οὐ
680 2158 796 2191 πᾶσαν
818 2154 919 2192 ἔλυσε
939 2152 1002 2200 τὴν
1019 2152 1139 2203 τιμὴν,

113 2212 190 2251 οὐδὲ
203 2211 318 2258 πάσης
334 2211 492 2256 ἐξέὸαλεν
509 2213 610 2251 αὐτὸν
628 2215 691 2259 τῆς
710 2213 911 2258 δεσποτείας
922 2243 932 2261 ,
954 2215 1032 2251 ἀλλ’
1051 2215 1139 2252 ἐκεῖ·

111 2288 154 2311 να
179 2273 282 2324 μόνον
308 2272 373 2316 ἔξω
393 2275 456 2319 τῆς
476 2275 587 2326 ἀρχῆς
607 2276 740 2326 ἀφῆκεν
760 2268 848 2313 εἶναι
862 2274 908 2313 τὰ
928 2276 1024 2322 ζῶα,
1045 2274 1067 2313 ἃ
1086 2273 1136 2325 μὴ

111 2334 244 2386 σφόδρα
263 2336 358 2386 αὐτῷ
373 2334 547 2372 συνετέλει
562 2335 647 2388 πρὸς
662 2335 726 2382 τὴν
742 2339 806 2382 τῆς
822 2338 912 2383 ζωῆς
925 2335 1046 2388 χρείαν
1065 2352 1072 2360 ·
1093 2335 1138 2374 τὰ

111 2394 149 2434 δὲ
165 2397 341 2447 ἀναγκαῖα
354 2395 413 2433 καὶ
430 2395 603 2447 χρήσιμα,
622 2396 682 2434 καὶ
700 2396 832 2445 πολλὴν
852 2398 1055 2450 εἰσφέροντα
1073 2396 1138 2444 τὴν

109 2456 328 2510 λειτουργίαν
349 2458 397 2500 εἰς
420 2455 483 2504 τὴν
504 2457 594 2503 ζωὴν
615 2458 679 2505 τὴν
703 2459 894 2513 ἡμετέραν,
911 2463 1024 2498 ταῦτα
1042 2460 1137 2499 εἴασε

113 2515 229 2568 με’νειν
249 2520 283 2556 ἐν
310 2520 353 2569 τῇ
381 2519 536 2570 ὑποταγῇ
559 2518 619 2556 καὶ
645 2522 689 2571 τῇ
721 2520 871 2573 δουλείᾳ.
894 2519 1023 2572 Ἀ’ρῆκε
1051 2523 1135 2573 γοῦν

113 2579 205 2629 βοῶν
236 2577 386 2629 ἀγέλας,
414 2577 472 2616 ἵνα
502 2579 672 2632 ’ἄροτρον
704 2578 875 2632 ἕλκωμεν,
903 2580 959 2619 ἵνα
981 2581 1044 2628 τὴν
1073 2584 1138 2633 γῆν

114 2637 364 2689 ἅνατέμνωμεν
377 2667 387 2685 ,
424 2637 482 2677 ἵνα
520 2638 564 2677 τὰ
601 2639 790 2692 σπέρματα
833 2642 1111 2694 καταὸἄλλωμεν
1129 2657 1136 2666 ·

112 2700 227 2752 ἀφ’ἧκε
244 2701 304 2737 καὶ
322 2700 390 2737 τῶν
413 2700 606 2752 ὑποζυγίων
623 2700 667 2739 τὰ
686 2701 768 2752 γε’νη
780 2730 789 2747 ,
807 2701 864 2741 ἵνα
882 2703 967 2756 πρὸς
988 2702 1051 2750 τὴν
1069 2704 1139 2741 τῶν

114 2758 303 2812 ἀγωγίμων
325 2760 563 2812 μετακομιδὴν
585 2762 954 2814 συναντιλαμίάνηται
975 2766 1044 2802 τῶν
1069 2763 1139 2802 πό-

114 2836 180 2860 νων
209 2823 314 2873 ἡμῖν·
347 2823 461 2874 ἀφῆκε
490 2825 560 2860 τῶν
591 2822 776 2875 προὸοίτων
805 2823 868 2870 τὰς
892 2825 1063 2876 ποίμνας,
1083 2824 1140 2863 ἵνα

115 2880 251 2933 ἔχωμεν
271 2884 305 2920 ἐν
326 2887 369 2935 τῇ
387 2884 556 2935 περιὸολῇ
576 2886 645 2922 τῶν
664 2885 866 2936 ἐνδυμάτων
889 2886 1060 2940 χορηγίαν
1081 2888 1141 2937 ἀρ-

116 2945 242 2980 κοῦσαν
257 2958 264 2966 ·
285 2943 345 2981 καὶ
366 2943 468 2997 ἔτερα
493 2944 530 2983 δὲ
555 2944 637 2996 γε’νη
663 2948 732 2984 τῶν
760 2945 856 2990 ζώων
880 2947 976 2985 εἴασε
1007 2945 1140 2993 πολλὴν

117 3005 202 3054 ἡμῖν
221 3001 285 3050 τὴν
300 3004 470 3056 χορηγίαν
494 3006 706 3059 παρέχοντα.
730 3006 878 3054 Ἐπειδὴ
899 3007 966 3060 γὰρ
985 3008 1140 3052 κολάζων

117 3063 175 3102 τὸν
193 3063 408 3117 ἄνθρωπον
390 3064 447 3104 οια
465 3065 528 3113 την
549 3067 732 3120 παρακοὴν
757 3068 888 3120 ἔλεγεν,
913 3068 948 3088 b’
953 3069 1030 3106 Ενί
1023 3069 1142 3120 ιδρῶτι

117 3128 177 3164 τοῦ
199 3125 386 3174 προσώπου
415 3141 476 3173 σου
502 3126 595 3180 φάγῃ
627 3128 685 3166 τὸν
717 3129 822 3182 ἄρτον
849 3145 926 3168 σου·
961 3129 1017 3167 ἵνα
1048 3129 1096 3180 μὴ
1124 3133 1142 3168 ὁ

119 3185 222 3238 ἱδρως
241 3189 337 3230 οὗτος
359 3203 418 3225 και
444 3190 463 3225 ὁ
489 3187 590 3233 πόνος
610 3188 782 3242 ἀφόρητος
804 3194 826 3242 ᾖ
839 3219 850 3239 ,
881 3190 1082 3244 ἐπεκουφισε
1100 3190 1140 3229 τὸ

167 3307 182 3331 ⁴³
200 3307 315 3340 Morel.
335 3314 384 3343 καὶ
401 3312 466 3348 τοὺς
479 3312 646 3349 evocabam,-
656 3339 663 3352 ,
675 3319 708 3344 ct
723 3311 806 3344 iusta
824 3322 881 3347 τῶν
895 3316 1066 3355 συνδούλων,
1077 3312 1133 3345 ubi

125 3369 244 3392 novem
260 3359 337 3392 Mss.
351 3368 382 3392 et
397 3361 497 3394 savit.
511 3366 706 3407 ὸμοῖοὐὶως,
719 3371 751 3396 et
768 3368 936 3407 ὸμοὲοὐὶων
949 3364 1087 3398 liabent.

169 3421 182 3436 Α
199 3410 334 3445 Coi-lin.
353 3419 482 3459 ἅροτρον
509 3421 642 3460 ἅρωμεν,
658 3420 758 3452 ἵκω..

782 3422 945 3464 ἀνατιῄαίιμ
952 3433 989 3452 εν.
1000 3443 1004 3449 -
1014 3445 1018 3450 .
1030 3445 1036 3453 .
1046 3446 1066 3453 ..
1082 3428 1138 3453 τῶν

1053 235 1215 266 Gumis.

1255 235 1414 266 uomit..
1457 237 1516 266 ix.
2095 228 2153 271 83

1207 319 1298 357 sacta
1321 317 1548 371 profugisset.
1572 318 1819 357 Verumnune,
1846 319 2076 370 colloquitur,
2097 334 2158 359 nei·

1207 380 1333 418 metuit
1354 394 1362 416 :
1386 378 1546 417 noudum
1568 378 1661 416 eniiu
1678 388 1751 416 erat
1767 379 1872 417 timor
1892 380 1965 417 ille.

1207 441 1269 478 ubi
1286 449 1468 494 peecatum
1484 439 1643 488 iutrzn'it,
1663 439 1781 477 ablata
1798 449 1849 477 est
1866 439 1941 477 haec
1958 440 2115 491 dignitas
2129 451 2161 479 et

1207 511 1370 555 potestas.
1397 501 1442 539 Et
1471 500 1773 552 quemadmodum
1811 501 1903 539 inter
1935 515 2055 539 servos
2087 502 2162 538 lieri

1209 564 1309 609 solet,
1347 571 1384 599 ut
1419 562 1638 614 probatiores
1666 571 1699 600 et
1737 561 1956 600 honestiores
1986 561 2164 600 conservis

1209 624 1331 661 terrori
1361 624 1444 670 sint,
1472 623 1533 674 qui
1564 632 1682 661 autem
1707 622 1949 673 deliquerunt,
1985 631 2019 660 et
2051 624 2166 660 socios

1207 685 1502 725 servostimeant:
1517 685 1567 722 sic
1580 685 1659 722 etin
1685 685 1705 721 Ιι
1720 685 1838 722 omine
1850 685 2054 722 factumest.
2074 684 2166 723 Nam

1207 742 1305 779 salva
1318 751 1480 779 manente
1494 741 1733 780 illiusiidueia
1744 742 1839 795 apud
1851 744 1980 790 Deum,
1994 743 2166 781 terribilis

1206 811 1280 840 erat
1299 811 1331 839 et
1347 801 1469 839 bestiis
1489 817 1496 837 :
1518 802 1578 838 ubi
1593 811 1713 840 autem
1730 803 1894 855 impegit,
1914 804 2037 841 timere
2057 804 2166 856 eoepit

1205 862 1312 900 etiam
1324 876 1577 900 conservorum
1595 871 1787 900 extremos.
1809 863 1919 911 Quod
1938 863 1966 900 si
1982 878 2064 914 quae
2078 863 2167 901 dit-i-

1206 938 1286 962 mus
1304 937 1372 961 nou
1384 924 1487 971 seras,
1502 923 1705 961 demonstra
1722 933 1756 961 tu
1777 923 1881 972 milii,
1898 923 1960 961 ubi
1988 924 2167 963 terribiles

1207 995 1287 1024 ante
1307 994 1493 1038 peccatum
1512 984 1799 1023 sueriuthomini
1828 985 1961 1023 bestiae.
1994 985 2066 1023 Sed
2097 999 2165 1023 non

1207 1046 1351 1100 poteris.
1372 1045 1478 1094 Quod
1492 1045 1521 1084 si
1534 1055 1655 1098 postea
1683 1046 1796 1084 subiit
1815 1046 1937 1096 timor,
1968 1046 2075 1084 etiam
2095 1045 2166 1084 hoc

1207 1106 1513 1159 Deibeuignitatis
1524 1106 1725 1145 maximum
1732 1116 1981 1159 argumentum
1993 1117 2058 1146 est.
2074 1109 2166 1147 Nam

1207 1169 1237 1208 si
1256 1178 1446 1222 postquam
1466 1169 1574 1206 homo
1599 1166 1806 1206 mandatum
1830 1177 2070 1220 transgressus
2099 1179 2166 1218 est,

1208 1230 1343 1282 integer
1354 1230 1454 1268 illius
1469 1229 1655 1268 mansisset
1672 1228 1830 1267 honoret
1844 1229 2054 1280 immobilis,
2068 1229 2166 1269 haud

1208 1290 1315 1329 facile
1326 1305 1347 1329 a
1364 1290 1468 1343 lapsu
1484 1290 1749 1328 resurrexisset.
1762 1290 2065 1341 Quandoquidem
2081 1305 2164 1330 cum

1207 1351 1450 1390 inobedientes
1461 1359 1494 1390 et
1508 1351 1713 1389 obedientes
1725 1350 1889 1390 homines
1901 1351 1976 1404 pari
1991 1350 2166 1403 dignitate

1207 1412 1389 1462 fruuntur,
1408 1412 1574 1464 nequitiae
1595 1412 1793 1450 assuefiunt
1821 1412 1952 1463 magis,
1982 1426 2047 1450 nec
2063 1412 2166 1451 facile

1209 1473 1254 1512 ab
1270 1488 1310 1512 ea
1325 1473 1514 1512 desistunt.
1530 1475 1623 1512 Cum
1640 1475 1736 1512 enim
1752 1487 1848 1511 nunc
1875 1482 1927 1512 tot
1948 1473 2166 1512 instantibus

1208 1536 1420 1585 terroribus,
1440 1535 1572 1588 poenis,
1589 1544 1622 1573 et
1632 1534 1822 1587 suppliciis
1833 1548 1901 1572 non
1919 1534 2166 1585 emendantur,

1209 1596 1330 1647 quales
1346 1595 1493 1633 fuissent
1512 1595 1543 1633 si
1558 1594 1651 1632 nihil
1688 1608 1753 1646 pro
1791 1594 1932 1633 delictis
1963 1594 2038 1633 suis
2057 1608 2166 1646 grave

1208 1657 1305 1710 passi
1320 1656 1458 1696 essent?
1471 1658 1587 1708 Atque
1613 1655 1661 1695 ita
1681 1655 1873 1710 imperium
1902 1655 2004 1694 nobis
2024 1670 2044 1693 a
2065 1656 2140 1694 Deo
2156 1685 2166 1702 ,

1209 1718 1305 1770 quod
1325 1731 1493 1770 magnam
1511 1718 1625 1756 nostri
1639 1731 1762 1757 curam
1775 1725 1809 1756 et
1830 1716 2094 1770 providentiam
2106 1730 2164 1770 ge·

1210 1787 1313 1832 reret,
1332 1788 1383 1818 est
1403 1778 1575 1818 ablatum.

1985 381 2160 419 fleu—rum

1265 1905 1301 1943 5.
1315 1903 1376 1943 Tu
1392 1910 1526 1949 autem,
1550 1901 1744 1950 carissime,
1760 1910 1795 1939 et
1815 1902 1892 1954 jam
1907 1900 1990 1939 inde
2001 1899 2165 1952 benigni-

1212 1974 1321 2004 tatem
1331 1963 1398 2003 Dei
1413 1962 1632 2002 ineffabilem
1648 1962 1848 2011 considera,
1859 1962 2039 2015 quomodo
2049 1961 2167 2000 Adam

1212 2035 1327 2064 totum
1346 2025 1558 2062 mandatum
1593 2023 1825 2072 subverterit,
1843 2031 1878 2061 et
1905 2031 2016 2061 totam
2048 2022 2167 2074 legem

1213 2095 1450 2138 transgressus
1469 2085 1534 2122 sit:
1558 2083 1737 2135 benignus
1756 2092 1875 2121 autem
1896 2083 1994 2121 Deus
2010 2083 2168 2121 bonitate

1211 2161 1276 2185 sua
1290 2155 1408 2184 nostra
1424 2144 1556 2183 delicta
1569 2157 1751 2196 superans,
1772 2157 1842 2182 non
1865 2152 1980 2181 totum
1994 2143 2168 2181 honorem

1211 2206 1412 2254 abrtulerit,
1428 2217 1544 2256 neque
1576 2213 1650 2242 toto
1677 2203 1844 2256 dejecerit
1860 2203 2066 2256 principatu
2084 2219 2091 2240 :
2107 2202 2169 2241 sed

1211 2285 1250 2310 ea
1265 2270 1455 2309 dumtaxat
1470 2269 1641 2308 animalia
1653 2283 1673 2306 a
1686 2277 1807 2306 nostra
1817 2277 1989 2321 potestate
2005 2266 2168 2306 abduxe-

1209 2331 1267 2380 rit,
1292 2343 1370 2382 quae
1390 2342 1460 2366 non
1478 2327 1634 2366 multum
1655 2325 1704 2365 ad
1720 2326 1830 2378 hujus
1863 2325 1948 2364 vitae
1971 2324 2167 2363 utilitatem

1210 2390 1313 2430 nobis
1332 2389 1554 2438 conducunt5
1568 2402 1648 2439 quae
1664 2400 1750 2426 vero
1768 2387 1853 2426 vitae
1868 2395 2000 2425 nostrae
2015 2385 2170 2424 multum

1210 2453 1384 2502 serviunt,
1403 2460 1437 2490 et
1457 2449 1559 2488 utilia
1581 2448 1846 2499 necessariaque
1861 2456 1958 2495 sunt,
1978 2461 2018 2485 ea
2038 2447 2075 2485 in
2091 2460 2167 2484 ser-

1212 2515 1324 2554 vitute
1342 2522 1377 2551 et
1390 2511 1609 2564 subjectione
1621 2523 1686 2548 sua
1698 2507 1891 2548 dimiserit.
1912 2507 2071 2558 Reliquit
2086 2518 2170 2559 ergo

1212 2575 1314 2615 nobis
1335 2574 1445 2612 boum
1462 2580 1634 2619 armenta,
1651 2579 1693 2608 ut
1707 2579 1868 2608 aratrum
1882 2568 2080 2617 trahamus,
2098 2576 2167 2605 ter-

1211 2652 1289 2678 ram
1317 2636 1508 2683 suleemus,
1525 2646 1683 2671 seramus
1690 2647 1701 2681 5
1719 2630 1861 2681 reliquit
1873 2638 1905 2668 et
1919 2628 2167 2681 subjugalium

1212 2699 1325 2738 muita
1349 2709 1488 2749 genera,
1505 2703 1543 2731 ut
1560 2707 1624 2731 nos
1641 2691 1812 2744 adjuvent
1828 2690 1874 2729 ad
1894 2690 1998 2728 utilia
2019 2701 2169 2741 qumque

1213 2758 1458 2808 convehenda;
1483 2755 1627 2807 reliquit
1645 2754 1771 2793 ovium
1790 2766 1926 2805 greges,
1945 2762 1984 2790 ut
2016 2752 2166 2790 habere-

1213 2837 1293 2861 mus
1311 2835 1388 2872 quae
1405 2817 1451 2856 ad
1467 2815 1692 2855 vestiendum
1704 2827 1767 2852 nos
1780 2813 1983 2852 sufficerent
1993 2828 2003 2862 ;
2024 2809 2169 2863 reliquit

1214 2893 1248 2922 et
1268 2883 1337 2921 alia
1356 2877 1591 2918 animantium
1617 2888 1759 2927 genera,
1796 2873 1891 2911 unde
1927 2873 2041 2912 multa
2064 2872 2168 2912 nobis

1214 2943 1489 2997 suppeditantui
1530 2935 1730 2976 commoda.
1763 2935 1856 2974 Nam
1895 2934 1982 2986 quia
2017 2934 2169 2987 puniens

1213 3006 1394 3044 hominem
1414 3002 1460 3040 ob
1481 2997 1770 3046 inobedientiam,
1790 2995 1944 3046 dixer,at
1964 2999 2012 3034 In.
2027 2997 2169 3034 sudore
2187 3004 2261 3033 Gen.
2272 3002 2299 3032 3.
2322 3011 2367 3040 ι9

1202 3069 1332 3121 factet
1346 3074 1419 3102 111oe
1435 3062 1603 3100 vescens
1635 3072 1740 3111 pane
1763 3067 1860 3096 tuo:
1885 3066 1924 3095 ut
1954 3071 1997 3095 ne
2012 3056 2121 3095 sudor
2136 3065 2170 3095 et

1214 3128 1315 3166 labor
1329 3126 1389 3162 hie
1403 3132 1520 3162 noster
1535 3119 1770 3159 intolerabilis
1786 3119 1889 3169 foret,
1905 3118 2026 3157 sudm
2018 3133 2046 3156 is
2062 3117 2171 3156 mole-

1215 3190 1316 3237 stias,
1344 3194 1377 3224 et
1410 3181 1552 3222 laboris
1584 3195 1672 3219 onus
1711 3179 1896 3219 ᾶΠενίαιὶι
1928 3181 2171 3233 jumentoiuni

1168 3319 1261 3348 πόνων
1279 3316 1417 3353 ἡμῶν-Ν.
1435 3315 1492 3341 τῶν
1506 3309 1661 3352 moedi-mu
1680 3310 1718 3339 τὰ
1734 3309 1863 3348 ποῖμναι-

1217 3366 1233 3389 h
1248 3361 1386 3396 Coisliu.
1404 3365 1431 3395 ἐν
1450 3363 1601 3405 ἰῧρώτητι.
