2516 3791
708 219 748 248 ΙΝ
788 219 888 248 cAt‘.
928 215 1055 246 xvttl.

127 307 185 346 καί
204 320 306 358 φησι·
328 303 506 356 Ληςρθητω
531 302 573 349 δὴ
610 301 723 353 ὕδωρ,
757 316 815 339 και
842 299 1042 353 νιψατωσαν
1070 313 1147 341 τους

125 367 261 410 πόδας*
249 381 366 416 υμων·
388 365 447 403 καὶ
460 363 579 410 πάλιν,
596 361 860 415 Καταψύξατε’
849 361 917 399 υπὸ
941 359 979 398 τὸ
997 358 1147 411 δένδρον,

124 428 181 466 καὶ
201 426 285 479 φάγε
274 429 348 464 ε..σο
365 425 481 478 ἄρτον,
501 440 559 463 και
575 423 664 476 μετὰ
688 428 789 461 τοῦτο
816 420 1090 474 παρελεύσεσθε,
1108 434 1146 456 ου

123 486 250 525 είνεκεν
270 485 465 531 ἐξεκλίνατε
488 485 573 538 πρὸς
599 485 656 523 τὸν
683 485 792 522 παῖδα
812 485 924 535 ὑμῶν.
947 481 1055 533 Ὁρᾷς
1073 495 1148 522 πως

121 550 182 586 οὐκ
211 547 308 590 εἰδὼς
329 548 416 591 τίνες
436 547 502 586 εἰσὶ
517 577 526 595 ,
548 546 705 598 καθάπερ
726 543 918 620 ἀνθρώποις
945 540 1145 593 διαλεγόμε-

120 625 174 654 νος
196 613 392 662 παριοῦσιν,
411 608 501 647 οὕτω
521 608 638 655 κοινὴν
657 608 742 660 πρὸς
762 605 885 650 αὐτοὺς
904 608 1057 642 ποιεῖται
1081 600 1144 648 τὴν

119 670 336 722 προτροπὴν,
354 669 412 708 καὶ
432 669 525 714 ἅπαξ
552 669 610 708 καὶ
633 667 790 720 δεύτερον
811 667 920 705 παῖδα
939 662 1059 702 ἑαυτὸν
1079 678 1144 700 κα-

119 733 209 779 λῶν;
228 731 334 769 Καὶ
322 730 385 783 όρα
402 734 477 775 πῶς
498 729 660 784 προλέγει
680 732 742 776 τῆς
765 727 938 781 τραπέζης
960 727 1062 764 αὐτοῦ
1080 721 1144 769 τὴν

120 793 193 829 εὖτε
187 791 306 838 ’λειαν,
328 792 459 842 μᾶλλον
479 790 607 837 δὲτὴν
632 788 870 828 πολυτέλειαν.
898 786 1077 838 Ληφθήτω
1103 785 1143 832 δὴ

118 850 232 903 ὕδωρ,
255 852 364 904 φησὶ,
386 850 445 889 καὶ
475 850 675 903 νιψᾶτωσαν
709 849 789 892 τοὺς
817 849 924 891 πόδας
955 849 1065 897 ὑμῶν,
1086 844 1145 882 καὶ

118 911 338 963 καταψύξατε
357 912 424 950 ὑπὸ
442 911 482 949 τὸ
509 911 658 963 δένδρον.
676 909 822 956 Ἐπειδὴ
842 908 909 961 γὰρ
923 939 932 957 ,
949 906 1052 961 φησὶ,
1084 922 1144 945 κε·-

116 972 295 1023 κμήκατε,
317 972 376 1011 καὶ
404 971 513 1011 πολὺν
544 972 602 1010 τὸν
634 970 797 1009 καύσωνα
826 969 1058 1021 ὑπεμείνατε,
1086 967 1143 1006 διὰ

114 1038 217 1072 τοῦτο
234 1034 319 1079 ἀξιῶ
346 1033 395 1085 μὴ
415 1034 600 1086 παρελθεῖν
620 1033 678 1071 τὸν
708 1033 817 1070 παῖδα
847 1034 958 1082 ὑμῶν.
981 1029 1042 1078 Μὴ
1075 1030 1143 1082 γὰρ

116 1095 206 1147 μέγα
224 1095 257 1133 τί
273 1097 346 1134 ἐστι
364 1095 404 1135 τὸ
421 1097 504 1148 παρ’
524 1096 608 1146 ἐμοῦ
625 1094 804 1146 γινόμενον
821 1111 829 1141 ;
851 1093 970 1145 ”ὶ“δωρ
991 1093 1061 1145 ἔχω
1076 1108 1143 1130 πα-

116 1163 256 1209 ρασχεῖν
279 1157 395 1208 μόνον,
420 1155 507 1208 ὑπὲρ
527 1159 586 1194 τοῦ
611 1158 820 1208 νιψαμένους
847 1153 913 1193 ὑπὸ
932 1153 971 1192 τὸ
1004 1153 1141 1206 δένδρον

115 1218 173 1257 τὸν
201 1218 309 1257 πολὺν
338 1221 429 1270 ὑμᾶς
459 1218 616 1268 κάματον
650 1216 852 1257 ἀποθέσθαι.
875 1209 964 1255 Εἶτα
995 1216 1054 1254 καὶ
1077 1217 1141 1262 τῆς

116 1278 288 1331 τραπέζης
310 1279 402 1331 λέγει
423 1277 484 1326 τὴν
505 1278 611 1317 ἰδέαν.
631 1278 692 1325 Μὴ
710 1277 876 1328 νομίσητε
897 1275 1086 1320 πολυτελές
1105 1292 1139 1313 τι

113 1340 328 1392 παραθήσειν
348 1343 443 1391 ὑμῖν,
461 1339 483 1386 ἢ
505 1339 780 1391 καρυκευμάτων
796 1337 1026 1386 ποικιλίαν,ἢ
1045 1338 1138 1390 ὄψων

113 1401 279 1453 διαφοράν
297 1417 305 1425 ·
327 1401 430 1453 ἄρτον
452 1399 620 1453 φάγεσθε,
642 1400 700 1438 καὶ
732 1399 822 1438 οὕτω
854 1399 1138 1451 Παρελεύσεσθε,

113 1456 151 1500 οὗ
169 1461 297 1500 εἵνεκεν
316 1461 510 1506 ἐξεκλίνατε
524 1460 609 1512 πρὸς
628 1461 686 1499 τὸν
702 1462 812 1499 παῖδα
832 1462 942 1511 ὑμῶν.

162 1648 264 1699 Εἶδες
283 1655 357 1698 πῶς
385 1654 560 1706 διαφόροις
583 1653 755 1706 κέχρηται
783 1652 944 1705 τρόποις,
965 1653 1134 1704 βουλόμε-

111 1731 165 1760 νος
183 1718 390 1763 δυσωπῆσαι
409 1713 425 1736 ¹'
437 1714 516 1759 τοὺς
529 1714 720 1767 παριόντας
731 1745 741 1762 ,
760 1718 819 1752 καὶ
841 1715 897 1753 διὰ
913 1718 974 1752 τοῦ
991 1713 1137 1766 σχήμα-

110 1793 187 1825 τος,
204 1793 262 1815 και
292 1777 348 1816 διὰ
367 1779 435 1814 τῶν
456 1775 635 1827 ῥημάτων,
655 1775 713 1813 καὶ
733 1775 790 1813 δια
814 1775 955 1813 πάντων
985 1774 1136 1813 ἐπισπά-

111 1843 234 1878 σασθαι
254 1838 377 1881 αὐτους
397 1838 526 1885 θέλων;
551 1839 697 1889 Πρῶτον
712 1836 774 1887 μὲν
789 1836 878 1888 γὰρ,
900 1836 1008 1889 φησὶ,
1028 1851 1136 1888 προσ-

111 1900 254 1946 εκύνησε
259 1917 289 1946 ν,
307 1903 382 1938 εἶτα
401 1899 538 1951 κυρίους
554 1900 676 1947 καλεῖ,
695 1897 755 1936 καὶ
770 1898 890 1936 ἑαυτὸν
911 1899 1041 1935 παῖδα·
1061 1901 1137 1935 εἶτα

109 1962 148 2000 λέ
135 1978 203 2013 -γει
218 1962 257 2000 τὸ
279 1962 436 2013 μέλλον“
424 1963 483 1999 υπ’
503 1961 608 1998 αυτου
625 1961 784 2011 γενέσθαι
803 1962 851 2003 εἷς
874 1975 996 2003 αυτους
1011 1989 1020 2005 ,
1038 1959 1136 2004 ἐξευ-

108 2024 250 2068 τελίζων
270 2023 328 2062 καὶ
346 2022 477 2066 δεικνὺς
494 2021 590 2060 οὐδὲν
606 2021 696 2073 μέγα
716 2022 767 2059 ὅν.
786 2021 906 2071 ο’Υδωρ
923 2021 989 2072 γὰρ
1001 2050 1010 2067 ,
1030 2020 1132 2073 φησὶ,

107 2084 147 2122 τὸ
166 2092 272 2123 πᾶσιν
303 2084 481 2134 ἀνειμένον
507 2082 577 2135 ἔχω
612 2088 810 2134 παρασχεῖν
844 2084 891 2126 εἷς
918 2081 997 2125 τους
1026 2082 1134 2125 πόδας

108 2147 218 2195 ὑμῶν,
237 2145 296 2184 καὶ
326 2146 443 2196 ἄρτον,
469 2144 527 2183 καὶ
563 2160 626 2191 την
654 2144 724 2181 ἀπὸ
759 2159 820 2189 της
851 2143 948 2195 δρυὸς
979 2143 1129 2190 σκέπην

108 2205 170 2252 Μὴ
194 2205 235 2251 δὴ
255 2205 350 2250 ἐξευτ
353 2205 493 2251 ελίσητέ
513 2220 577 2254 μου
610 2204 674 2250 τὴν
694 2220 841 2250 σκηνην,
863 2204 914 2278 μη
945 2206 1008 2241 ὓπε
995 2203 1182 2255 ρίδητέΑ

106 2281 172 2315 μου
191 2266 230 2303 τὸ
249 2281 380 2317 γηρας,
400 2265 485 2316 μὴ’
467 2265 679 2311 ανανεύσητε
703 2265 787 2316 πρὸς
806 2264 869 2312 τὴν
899 2265 988 2315 ἐμὴν
1012 2281 1132 2317 παρα-

105 2328 240 2373 κλησιν.
261 2320 353 2365 Οἶδα
371 2326 454 2372 ὅσην
481 2325 688 2376 ὑπεμείνατε
716 2325 973 2378 ταλαιπωρίαν,
1002 2326 1131 2378 στοχά-

104 2389 207 2437 ζομαι
225 2391 284 2425 τοῦ
309 2386 484 2430 καύσωνος
511 2386 575 2434 τὴν
600 2386 735 2439 φλόγα,
755 2386 811 2425 διὰ
838 2391 940 2425 τοῦτο
969 2389 1132 2433 ἀνεθῆναι

106 2449 228 2500 μικρὸν
266 2451 356 2499 ὑμᾶς
384 2447 567 2499 βούλομαι.
606 2449 712 2491 Ποῖος
749 2448 866 2500 πατὴρ
904 2448 1130 2500 φιλόστοργος

103 2510 212 2561 ’πρὸς
238 2511 348 2547 παῖδα
376 2508 548 2556 τοσαύτην
575 2508 616 2546 ἂν
642 2509 841 2554 ἐπεδείξατο
860 2509 1129 2562 φιλοφροσύνην,

103 2570 186 2616 ὅσην
202 2565 299 2613 οὗτος
323 2569 408 2622 πρὸς
426 2569 504 2613 τοὺς
525 2571 681 2620 ἀγνῶτας
707 2570 765 2608 καὶ
785 2569 915 2618 ξένους,
936 2570 995 2608 καὶ
1025 2572 1129 2609 οὐδα-

102 2631 203 2682 μόθεν
224 2633 318 2683 αὐτῷ
336 2630 421 2674 τέως
440 2630 652 2682 γνιι>ρίμους;
668 2630 758 2668 Ἀλλ’
779 2631 899 2678 ἐπειδὴ
919 2630 1008 2682 μετὰ
1023 2647 1129 2670 σπου-

101 2694 162 2738 δῆς
191 2694 366 2744 προσ-’ἦλθε
397 2691 456 2730 καὶ
491 2692 621 2729 πολλοῦ
654 2696 714 2730 τοῦ
745 2693 866 2740 τόνου,
886 2692 1035 2745 ἐπέτυχε
1067 2697 1129 2740 τῆς

101 2753 226 2805 ἄγρας,
245 2754 304 2791 καὶ
323 2753 386 2800 τὴν
407 2753 515 2806 θήραν
534 2753 616 2792 εἴσω
635 2756 703 2792 τῶν
723 2754 870 2792 δικτύων
897 2754 1017 2792 λαὸεῖν
1039 2755 1126 2801 ἠδυ-

100 2815 199 2861 νήθη.
221 2815 290 2852 Καὶ
309 2808 428 2863 εἶπαν,
447 2814 550 2867 φησίν
564 2831 571 2838 ·
591 2814 681 2853 οὕτω
699 2816 905 2867 ποιήσομεν,
925 2816 1015 2854 καθὰ
1032 2816 1126 2868 εἴρη-

100 2893 174 2920 κας.
195 2875 473 2927 Ἀνεζωπύρησεν
501 2879 519 2914 ὃ
542 2876 753 2929 πρεσῧύτης.
773 2877 834 2916 Ἐν
860 2877 981 2931 χερσὶ,
1003 2877 1124 2930 φησὶν,

98 2939 170 2990 ἔχω
181 2938 238 2976 τὸν
255 2936 439 2989 θησαυρὸν,
454 2940 513 2974 τοῦ
527 2938 678 2976 πλούτου
694 2938 918 2990 ἐπελαὸόμην
931 2971 944 2988 ,
961 2941 1125 2979 ἐπελαθό-

101 3015 168 3047 μην
183 2998 303 3036 λοιπὸν
324 3001 384 3035 τοῦ
400 2997 532 3049 γήρως.
549 2998 619 3036 Καὶ
637 2998 701 3050 ὅρα
721 3000 822 3038 αὐτὸν
839 3000 928 3038 πάνυ
945 3000 1121 3051 γαννύμε-

98 3074 153 3098 νον
183 3064 233 3113 τῷ
266 3059 472 3112 πράγματι,
505 3060 564 3098 καὶ
593 3060 775 3113 μονονουχὶ
809 3064 1005 3113 σκιρτῶντα
1019 3093 1029 3110 ,
1063 3063 1123 3101 καὶ

98 3121 253 3174 καθάπερ
269 3120 312 3158 τὰ
332 3120 439 3172 μυρία
453 3120 566 3171 ἀγαθὰ
585 3123 619 3158 ἐν
634 3126 708 3164 ταῖς
724 3122 845 3174 χερσὶν
863 3123 1122 3174 ἐπιφερόμενον,

98 3182 204 3226 οὕτως
236 3181 417 3233 ἡδόμενον.
436 3182 507 3220 Καὶ
532 3182 698 3221 ἔσπευσεν
728 3181 898 3235 impetitu,
918 3184 1045 3236 φησὶν,
1065 3185 1122 3223 ἐπὶ

97 3243 159 3289 τὴν
191 3243 334 3290 σκηνήν.
358 3243 523 3295 ζὨσπερ,
547 3243 650 3290 ἡνίκα
687 3243 744 3280 ἐπὶ
776 3243 840 3290 τὴν
866 3244 974 3296 θήραν
1007 3247 1120 3285 αὐτῶν

141 3374 156 3396 Ι·
183 3369 243 3403 Alii
263 3375 328 3410 τοὺς
351 3378 511 3416 παρόντας.

141 3435 153 3448 ¹¹
176 3422 263 3457 Salvii
295 3432 321 3456 ‘31
346 3423 455 3457 Murci.
480 3431 550 3469 πρὸς
568 3427 668 3459 msula-
699 3425 744 3456 Ex
768 3425 842 3458 MSS.
870 3424 924 3457 alii
943 3441 1006 3469 περι
1034 3441 1103 3460 παι-

1095 212 1260 243 GENES.

2088 205 2179 262 433

1222 295 1275 333 tit.
1293 294 1432 333 Deinde
1451 304 1571 334 autem
1592 310 1675 335 eum
1694 296 1922 350 progreditur
1931 328 1943 348 ‚
1961 312 2181 339 communem

1221 355 1303 395 facit
1333 370 1545 408 sermonem,
1565 366 1599 395 et
1624 356 1739 409 inquit
1760 373 1768 394 :
1788 357 1972 396 Sumatur
1996 373 2116 410 aqua,
2148 373 2183 398 ee

1223 419 1354 456 lavent
1364 418 1479 470 pedes
1491 427 1662 457 vestros.-
1677 428 1709 457 et
1723 419 1867 468 iterum,
1881 420 2181 474 Refrigeramini

1221 481 1290 517 sub
1322 481 1476 527 arbore,
1507 488 1544 518 et
1570 480 1777 518 comedetis
1808 494 1961 532 panem,
1985 488 2022 518 et
2049 490 2183 531 postea

1222 543 1449 588 transibitis,
1463 544 1571 593 cujus
1581 544 1710 594 gratia
1721 542 1946 581 declinastis
1959 542 2014 580 ad
2019 556 2182 592 puerum

1219 609 1404 639 vestrum.
1434 600 1548 640 Vides
1584 601 1764 652 quomodo
1806 602 1973 654 ignorans
2004 602 2065 654 qui
2093 603 2181 652 sint,

1219 660 1320 712 quasi
1334 660 1541 699 hominibus
1558 662 1703 713 loquens
1721 664 2005 712 transeuntibus,
2022 664 2070 702 ita
2087 679 2181 704 com-

1219 722 1319 760 muni
1352 721 1600 761 exhortatione
1631 724 1763 773 utitur,
1784 725 1889 762 semel
1915 735 2020 778 atque
2051 726 2179 766 iterum

1218 797 1361 821 servum
1379 797 1416 821 se
1434 797 1563 821 vocans
1577 784 1594 821 Ρ
1610 783 1657 821 Et
1670 784 1752 822 vide
1771 785 1950 835 quomodo
1970 787 2129 839 praedicit
2147 797 2180 827 et

1218 857 1346 881 mensa:
1367 858 1439 882 suae
1456 844 1682 893 tenuitatem,
1705 843 1775 882 imo
1795 845 1964 883 lautitias.
1979 848 2177 897 Sumatur,

1219 904 1350 955 inquit,
1374 918 1493 956 aqua,
1513 915 1548 943 et
1564 905 1697 943 lavent
1710 906 1824 956 pedes
1839 915 2002 953 vestros,
2016 917 2051 945 et
2067 911 2178 963 resri-

1217 966 1409 1017 geramini
1426 968 1496 1003 sub
1515 967 1666 1004 arbore.
1685 965 1777 1011 Quia
1797 966 1890 1004 enim
1913 967 2047 1019 fatigati
2071 971 2154 1008 estis
2169 1002 2178 1018 ,

1217 1035 1249 1063 et
1264 1025 1417 1064 multum
1432 1025 1566 1064 tulistis
1582 1035 1722 1076 testum,
1739 1025 1819 1064 ideo
1833 1041 1894 1065 oro
1909 1042 1950 1065 ne
1965 1032 2178 1080 praetereatis

1217 1100 1361 1126 servum
1381 1095 1553 1126 vestrum.
1574 1087 1672 1124 Num
1691 1087 1785 1124 enim
1805 1102 1975 1139 magnum
2003 1090 2176 1140 quiddam

1216 1157 1267 1185 est
1288 1147 1326 1185 id
1344 1147 1440 1198 quod
1459 1157 1524 1199 ego
1550 1147 1732 1186 exhibeo?
1760 1149 1898 1200 Aquam
1925 1149 2028 1188 vobis
2060 1152 2176 1190 solum

1216 1217 1383 1260 praestare
1403 1222 1547 1261 possum
1560 1238 1570 1258 ,
1590 1223 1661 1260 qua
1692 1208 1774 1247 lotis
1790 1209 1943 1262 pedibus
1962 1212 2090 1249 vestris
2109 1214 2176 1251 sub

1214 1269 1339 1308 arbore
1357 1270 1602 1321 fatigationem
1617 1269 1812 1323 deponatis.
1829 1271 1981 1324 Insuper
1997 1281 2029 1310 et
2044 1287 2175 1312 mensae

1213 1329 1300 1368 dicit
1321 1331 1485 1384 speciem.
1509 1332 1562 1370 Ne
1583 1331 1736 1384 putetis,
1755 1332 1894 1383 inquit,
1914 1347 1970 1371 me
1989 1334 2175 1386 splendida

1212 1391 1315 1431 vobis
1333 1392 1579 1445 appositurum
1592 1422 1603 1442 ‚
1625 1392 1682 1432 vel
1699 1392 2006 1432 condimentorum
2023 1394 2175 1435 diversi-

1212 1461 1343 1503 tatem,
1362 1453 1418 1492 vel
1439 1453 1669 1506 opsoniorum
1685 1453 1892 1492 varietatem
1909 1470 1917 1491 :
1935 1469 2063 1507 panem
2078 1470 2174 1494 com—

1211 1513 1342 1563 edetis,
1365 1522 1398 1552 et
1417 1513 1467 1552 sie
1489 1515 1734 1562 Transibitis,
1763 1517 1873 1567 cujus
1897 1518 2026 1568 gratia
2055 1518 2173 1556 decli-

1213 1578 1334 1614 nastis
1353 1576 1406 1613 ad
1422 1589 1573 1614 servum
1589 1584 1774 1614 vestrum.

1301 212 1461 242 nomn..
1502 214 1596 243 xm.

1263 1654 1297 1691 5.
1327 1652 1464 1693 Vidisti
1480 1653 1659 1705 quomodo
1678 1653 1790 1693 variis
1810 1654 1923 1692 utitur
1943 1655 2074 1706 modis,
2090 1671 2171 1709 pre-

1207 1713 1309 1752 cibus
1323 1714 1465 1752 vincere
1476 1723 1738 1765 praetereuntes,
1753 1723 1786 1752 et
1800 1714 1973 1765 gestibus,
1990 1725 2022 1753 et
2037 1717 2169 1768 verbis,

1207 1783 1240 1812 et
1260 1775 1388 1825 quavis
1406 1774 1542 1812 ratione
1569 1775 1745 1813 attrahere
1765 1789 1824 1814 cos
1842 1776 1990 1815 volens?
2005 1778 2168 1817 Primum

1206 1836 1319 1885 enim,
1342 1835 1478 1886 inquit,
1495 1835 1682 1885 adoravit,
1704 1835 1835 1874 deinde
1856 1836 2020 1876 dominos
2043 1849 2165 1886 vocat,

1205 1905 1238 1934 et
1255 1911 1290 1935 se
1310 1897 1430 1949 ipsum
1451 1910 1614 1946 servum,
1631 1905 1750 1949 postea
1771 1896 1857 1935 dicit
1878 1912 1955 1949 quae
1976 1899 2048 1937 illis
2063 1899 2165 1937 exhi-

1205 1957 1347 1995 biturus
1362 1958 1419 2006 sit,
1433 1967 1627 1996 extenuans
1639 1972 1692 1995 res
1702 1967 1735 1995 et
1746 1957 1849 1995 nihili
1860 1973 1932 1996 csse
1947 1959 2164 2011 significans.

1207 2018 1264 2056 Ait
1279 2019 1389 2069 enim,
1403 2020 1543 2069 Aquam
1556 2019 1649 2056 hanc
1660 2019 1826 2057 omnibus
1836 2020 2036 2071 expositam
2050 2021 2166 2060 habeo

1204 2079 1251 2117 ad
1264 2079 1435 2118 lavandos
1446 2080 1565 2132 pedes,
1578 2089 1611 2117 et
1625 2094 1766 2132 panem,
1781 2089 1815 2117 et
1826 2089 1957 2118 tectum
1969 2081 2015 2119 ab
2027 2082 2163 2121 arbore.

1204 2141 1256 2178 Ne
1276 2141 1380 2192 patvi
1401 2140 1555 2178 feceritis
1577 2154 1697 2178 meum
1728 2140 2020 2191 tabcinaculum,
2048 2156 2091 2180 ne
2105 2142 2165 2181 de-

1163 2200 1391 2252 spexetitis
1404 2209 1639 2250 senectutem,
1659 2215 1702 2238 ne
1717 2201 1872 2239 1enuatis
1887 2201 1934 2239 ad
1947 2203 2164 2242 exhortatio-

1203 2275 1283 2298 nem
1314 2275 1442 2299 mcam.
1475 2261 1557 2300 Scio
1587 2271 1762 2312 quantum
1797 2261 1950 2301 tuleritis
1980 2263 2139 2303 laborem
2153 2296 2164 2314 ‚

1203 2323 1360 2375 conjecto
1373 2332 1526 2374 quantus
1541 2322 1588 2360 sit
1604 2322 1730 2360 caloris
1742 2331 1846 2361 cestus
1859 2339 1867 2359 :
1881 2333 2065 2376 propterea
2079 2341 2165 2378 pau-

1201 2385 1319 2422 lulum
1337 2399 1400 2425 vos
1419 2399 1576 2422 recreare
1602 2384 1697 2423 volo.
1718 2384 1810 2430 Quis
1830 2394 1930 2437 pater
1957 2385 2051 2424 filios
2079 2401 2162 2426 suos

1202 2456 1318 2484 tenere
1345 2446 1519 2497 diligens,
1536 2454 1671 2483 tantam
1691 2445 1776 2484 filiis
1797 2446 1942 2484 exhibet
1960 2446 2161 2498 benignita-

1200 2517 1271 2546 tem
1282 2538 1293 2557 ,
1313 2517 1484 2559 quantam
1504 2506 1567 2544 ille
1582 2506 1712 2557 ignotis
1728 2516 1759 2544 et
1774 2507 1970 2559 peregrinis
1981 2537 1992 2557 ,
2009 2517 2041 2545 et
2058 2522 2160 2547 num-

1200 2583 1308 2620 quam
1339 2568 1409 2606 sihi
1442 2567 1621 2618 cognitis?
1643 2568 1781 2606 Verum
1813 2567 1894 2618 quia
1927 2582 2055 2619 magna
2084 2569 2159 2607 ala-

1199 2629 1323 2668 critate
1350 2628 1520 2681 processit
1538 2641 1579 2665 ac
1600 2627 1841 2676 contentione,
1873 2638 2083 2679 assequutus
2106 2640 2158 2669 est

1199 2690 1440 2737 venationem,
1460 2697 1494 2726 et
1526 2687 1684 2740 praedam
1716 2688 1808 2725 intra
1835 2689 1918 2726 retia
1946 2690 2157 2730 concludere

1196 2751 1324 2804 potuit.
1342 2752 1378 2788 E
1383 2759 1396 2788 c
1410 2752 1607 2797 dixerunt,
1626 2748 1741 2799 inquit
1760 2766 1767 2786 .·
1788 2749 1850 2787 Sic
1879 2751 2089 2801 faciemus,
2112 2761 2156 2791 ut

1198 2814 1344 2850 dixisti.
1371 2811 1472 2850 Senis
1499 2810 1674 2849 excitatus
1697 2818 1748 2848 est
1767 2810 1940 2862 juvenilis
1971 2812 2084 2864 vigor.
2113 2815 2155 2853 In

1198 2873 1377 2921 manibus,
1400 2871 1525 2923 inquit,
1541 2871 1655 2909 habeo
1670 2871 1887 2921 thesaurum,
1900 2871 2048 2912 divitias
2063 2888 2154 2914 asse—

1195 2944 1329 2986 quutus
1348 2947 1448 2981 sum,
1468 2931 1656 2970 senectutis
1675 2931 1881 2970 obliviscar.
1901 2932 1948 2971 Et
1968 2933 2153 2974 vide‘cum

1194 2997 1431 3036 exsultantem
1446 2994 1481 3031 in
1497 3007 1614 3046 opere,
1630 3002 1663 3031 et
1676 2993 1776 3044 quasi
1790 3007 1862 3046 prae
1877 2994 2008 3046 gaudio
2024 2996 2153 3035 saltan-

1196 3069 1281 3108 tem,
1300 3055 1445 3110 perinde
1457 3064 1562 3106 atque
1576 3054 1688 3092 multa
1710 3054 1802 3092 hona
1818 3054 1852 3092 in
1867 3055 2032 3094 manibus
2048 3058 2153 3096 affer-

1195 3130 1263 3170 ret,
1280 3120 1328 3158 ita
1342 3133 1377 3157 se
1391 3117 1636 3156 oblectantem.
1660 3118 1696 3154 Ο.
1711 3116 2000 3168 Etsesa'inavit,
2021 3118 2151 3170 inquit,

1194 3181 1400 3220 Abraham
1419 3183 1458 3216 in
1477 3177 1784 3215 tabernaculum.
1809 3177 1924 3229 Sicut,
1945 3179 2086 3230 quando
2105 3179 2151 3218 ad

1193 3241 1416 3282 venationem
1431 3236 1676 3290 contendebat,
1694 3237 1910 3290 significavit
1929 3240 2006 3292 ejus
2024 3240 2156 3279 alacri-

1124 2184 1192 2216 418

1137 3377 1205 3413 δας,
1221 3369 1274 3403 alii
1293 3375 1329 3407 εἰς
1349 3369 1465 3404 παῖδας.
