2516 3791
651 230 693 259 m
731 229 834 260 mv.
875 229 954 259 xv.
994 228 1155 258 omns.
1196 226 1351 257 nomn„
1393 225 1569 255 xxxvii⁴
2029 213 2122 271 435

73 331 140 354 νων
161 314 310 364 δύναμαι
328 312 373 350 τὰ
393 312 585 366 πράγματα
606 313 654 356 εἷς
674 311 831 365 χρηστὰς
852 311 994 355 ἐλπίδας
1014 314 1098 363 ἀγα·
1168 320 1234 359 est,
1251 309 1381 361 inquit,
1400 307 1446 346 ad
1476 321 1559 347 cum
1580 323 1588 346 :
1610 307 1759 355 Dixisti,
1777 307 1956 358 quomodo
1987 323 2121 360 cogno—

73 381 158 427 γεῖν.
178 374 250 412 Καὶ
269 373 390 427 ἐρρέθη
411 373 497 427 πρὸς
512 372 670 426 Ἄδραμ·
691 372 870 424 γινώσκων
890 373 1023 425 γνώσῃ,
1045 372 1098 411 ὅτι
1169 386 1276 420 scam,
1292 380 1327 410 et
1343 370 1484 423 signum
1499 368 1644 409 voluisti
1661 368 1830 421 accipere,
1845 382 1916 419 quo
1934 379 2036 421 pacto
2050 379 2121 408 ter-

73 436 239 488 ποίροικον
269 434 368 472 ἔσται
390 434 430 473 τὸ
460 433 602 485 σπέρμα
632 449 693 472 σου
720 436 754 472 ἐν
779 437 824 486 γῇ
846 436 907 473 οὐκ
926 433 1014 486 ἰδίᾳ,
1039 433 1098 471 καὶ
1168 434 1349 472 ramhanc
1366 433 1402 471 in
1417 430 1648 471 hereditatem
1661 443 1885 484 possessurus
1899 430 1958 469 sis.
1969 431 2061 469 Ecce
2075 431 2122 469 do

74 495 306 536 δουλώσουσιν
333 494 477 543 αὖτοὺς,
508 494 567 533 καὶ
595 493 811 544 κακώσουσι,
842 495 900 533 καὶ
927 493 1099 533 ταπεινώ-
1169 495 1236 533 tibi
1260 495 1402 545 signum
1425 509 1433 530 :
1455 507 1583 544 magna
1601 492 1695 531 enim
1715 491 1780 530 tibi
1803 505 1893 544 opus
1911 500 1963 530 est
1985 491 2067 541 fide,
2085 502 2123 530 ut

75 572 192 596 σουσιν
221 556 280 604 ἔτη
306 554 529 608 τετρακόσια.
561 556 616 594 Τὸ
637 555 670 594 δὲ
692 555 806 603 ἔθνος,
829 550 858 608 ᾧ
877 555 936 595 ἐὰν
956 553 1098 593 δουλεύ-
1171 555 1260 593 scias
1285 569 1341 593 me
1364 568 1464 606 posse
1489 567 1534 591 cx
1551 553 1746 605 desperatis
1769 553 1875 591 rebus
1893 551 2070 604 quoslihet
2090 554 2125 591 ἰιι

76 631 184 664 σωσι,
209 618 316 670 κρινῶ
336 614 428 666 ἐγώ·
461 614 551 666 μετὰ
573 614 609 654 δὲ
629 618 741 653 ταῦτα
770 614 1004 659 ἐξελεύσονται
1031 607 1099 650 ὧδε
1171 630 1270 668 spem
1286 616 1418 653 bonam
1445 614 1634 652 adducere.
1659 615 1721 653 15.
1742 615 1794 652 Et
1818 614 1964 653 dictum
1990 623 2046 653 est
2075 617 2128 653 ad

78 677 168 730 μετὰ
188 679 386 723 ἀποσκευῆς
408 678 552 723 πολλῆς.
586 676 737 727 Μεγάλα
757 676 802 714 τὰ
827 674 995 727 εἰρημένα
1009 702 1021 723 ,
1041 672 1100 711 καὶ
1112 702 1159 733 376
1174 676 1327 714 Abram
1341 691 1352 711 .·
1370 676 1612 727 Cognoscens
1631 677 1740 720 scies,
1761 676 1866 727 quod
1883 678 2128 728 peregrinum

76 741 192 791 ψυχῆς
210 739 369 783 νεανικῆς
389 737 537 789 δεόμενα
550 768 559 784 ,
590 737 649 775 καὶ
680 734 1020 787 ὑπεραναὸαινούσης
1041 733 1102 772 καὶ
1123 739 1148 768 Α
1173 740 1246 775 erit
1264 750 1394 775 semen
1409 744 1515 773 tuum
1528 737 1570 771 in
1589 743 1693 772 terra
1709 748 1786 771 non
1803 749 1888 782 sua,
1907 745 1943 773 et
1956 738 2130 789 redigent

78 800 236 853 ἀφιείσης
257 798 353 837 κάτω
373 798 488 836 πάντα
505 797 550 836 τὰ
569 796 783 849 ἀνθρώπινα·
808 797 851 834 Εἰ
870 795 918 846 μὴ
937 795 1005 848 γὰρ
1025 811 1102 846 γεν-
1174 811 1237 836 eos
1250 800 1291 834 in
1309 799 1544 841 servitutem,
1560 803 1596 832 et
1611 794 1802 848 affligent,
1817 804 1853 832 et
1866 797 2133 836 humiliabunt

77 860 177 899 ναίαν
196 859 294 907 τινὰ,
320 858 380 896 καὶ
403 858 562 911 ἀνδρείαν
577 888 586 906 ,
614 858 674 896 καὶ
691 856 874 909 φιλόσοφον
896 852 967 908 εἶχε
985 856 1100 909 ψυχὴν
1175 872 1239 898 eos
1268 860 1384 897 annis
1408 857 1714 910 quadringentis.
1737 855 1798 892 14.
1815 856 1977 894 Gentem
2003 867 2133 896 autem

73 924 93 959 ὁ
109 919 329 972 πατριάρχης
343 949 353 967 ,
368 922 480 957 ταῦτα
506 918 569 957 καὶ
589 917 782 970 θορυὲῆσαι
801 918 904 956 αὐτὸν
924 917 1028 956 ἱκανὰ
1047 912 1101 964 ἦν.
1175 923 1238 960 cui
1272 922 1458 964 servient,
1488 918 1678 971 judicabo
1710 929 1778 969 ego
1801 932 1811 952 :
1831 925 1966 968 postea
2004 927 2134 957 autem

78 981 268 1021 Γινώσκων
289 980 376 1033 γὰρ,
396 979 480 1032 φησὶ
493 1007 502 1025 ,
520 977 663 1031 γνώσῃ,
682 978 736 1016 ὅτι
753 978 923 1031 πάροικον
940 978 1040 1017 ἔσται
1064 978 1104 1017 τὸ
1174 982 1418 1035 egredientur
1438 981 1513 1018 huc
1533 991 1620 1016 cum
1639 985 1833 1029 apparatu
1854 978 1987 1015 multo.
2001 980 2133 1026 Magna

78 1042 220 1094 σπέρμα
250 1057 310 1080 σου
337 1043 371 1080 ἐν
400 1044 445 1093 γῆ
474 1043 536 1079 οὐκ
565 1040 635 1092 ἰδίᾳ
652 1070 661 1088 ,
692 1039 752 1078 καὶ
778 1039 992 1079 δουλώσουσι
1008 1071 1017 1088 ,
1045 1040 1105 1078 καὶ
1176 1050 1259 1079 sunt
1279 1040 1355 1078 haec
1373 1039 1483 1088 dicta,
1503 1046 1535 1075 et
1558 1051 1637 1089 quae
1655 1036 1816 1074 animum
1833 1035 1975 1075 virilem
1994 1038 2134 1078 deside-

78 1102 298 1150 κακιὸσουσι,
325 1103 384 1141 καὶ
415 1101 688 1141 ταπεινώσουσιν
709 1100 833 1144 αὐτοὺς
853 1100 914 1148 ἔτη
934 1100 1105 1154 τετρακό-
1177 1111 1266 1152 rent,
1281 1102 1344 1153 qui
1371 1099 1611 1146 transcendat,
1629 1108 1663 1138 et
1684 1098 1776 1136 infra
1798 1111 1835 1136 se
1858 1098 2036 1151 relinquat
2064 1101 2137 1138 hu-

79 1181 151 1204 σια.
184 1165 238 1203 Τὸ
259 1163 294 1203 δὲ
323 1163 436 1211 ἔθνος,
468 1157 496 1216 ᾧ
525 1162 585 1202 ε’ὰν
617 1162 852 1211 δουλεύσωσι,
881 1166 988 1215 κρινῶ
1014 1162 1106 1215 ἐγώ·
1178 1178 1282 1202 mana
1309 1162 1439 1201 omnia.
1462 1160 1541 1200 Nisi
1568 1160 1664 1199 enim
1692 1172 1915 1211 generosum,
1941 1161 2081 1209 fortem,
2106 1171 2139 1199 et

83 1225 173 1276 μετὰ
204 1225 240 1265 δὲ
278 1228 388 1263 ταῦτα
419 1224 657 1271 ἐξελεύσονται
685 1217 754 1262 ὧδε
792 1223 881 1275 μετὰ
913 1225 1108 1270 ἀποσκευῆς
1178 1223 1470 1279 philosophicum
1505 1222 1668 1261 animum
1693 1219 1878 1259 habuisset
1907 1221 2108 1273 patriarcha
2127 1253 2136 1270 ,

81 1288 229 1334 πολλῆς.
1179 1295 1278 1326 tanta
1299 1295 1399 1325 crant
1416 1285 1511 1332 haec,
1536 1293 1576 1322 ut
1608 1283 1819 1336 perturbare
1838 1282 2046 1335 potuissent.
2068 1285 2141 1322 Co-

1177 1362 1367 1402 gnoscens
1386 1349 1496 1393 scies,
1519 1345 1647 1397 inquit,
1667 1345 1773 1398 quod
1798 1348 2044 1397 peregrinum
2069 1349 2141 1384 erit

1183 1424 1314 1450 semen
1331 1418 1439 1447 tuum
1455 1410 1497 1445 in
1514 1408 1618 1445 'terra
1640 1420 1718 1444 non
1735 1419 1820 1453 sua,
1839 1415 1875 1444 et
1889 1408 2064 1460 redigent
2078 1419 2142 1444 eos

1181 1476 1225 1510 in
1241 1473 1480 1516 servitutem,
1498 1476 1535 1506 et
1548 1466 1740 1522 affligent,
1749 1470 1786 1501 et
1800 1463 2066 1501 humiliabunt
2081 1479 2143 1503 eos

1184 1536 1300 1573 annis
1322 1532 1632 1585 quadringentis.
1652 1528 1818 1567 Gentem
1837 1536 1968 1567 autem
1987 1531 2050 1567 cui
2068 1542 2145 1566 ser·-

1189 1598 1304 1644 vient,
1309 1595 1496 1647 judicabo
1511 1605 1579 1645 ego
1595 1607 1605 1628 .·
1616 1598 1703 1642 post
1715 1591 1798 1629 haec
1810 1591 2058 1643 egredientur
2071 1591 2145 1628 huc

1187 1671 1274 1697 cum
1293 1664 1486 1709 apparatu
1501 1653 1638 1692 multo.

142 1724 203 1772 Μὴ
232 1723 437 1776 θαυμάσῃς,
467 1723 572 1776 φησὶ,
602 1723 689 1775 πρὸς
720 1723 840 1762 ἑαυτὸν
859 1726 969 1777 ὁρῶν,
996 1723 1114 1762 καὶτὸ
1241 1720 1280 1757 5.
1312 1719 1366 1756 Ne
1384 1716 1587 1766 admireris,
1609 1714 1739 1766 inquit,
1762 1714 1917 1767 teipsum
1937 1713 2144 1767 respiciens,

86 1788 200 1839 γῆρας
220 1786 260 1824 τὸ
276 1785 335 1824 σὸν
348 1815 358 1834 ,
381 1785 441 1823 καὶ
459 1784 522 1831 τὴν
544 1787 606 1831 τῆς
623 1784 741 1837 Σάρας
759 1783 954 1836 στείρωσιν,
975 1785 1035 1824 καὶ
1052 1785 1114 1831 τὴν
1189 1790 1224 1820 et
1242 1779 1381 1819 senium
1399 1787 1517 1825 tuum,
1540 1786 1573 1815 ct
1591 1777 1687 1815 Sarae
1713 1775 1934 1814 sterilitatem
1953 1784 1987 1813 et
2005 1784 2148 1813 uterum

88 1851 153 1894 τῆς
173 1846 310 1899 μήτρας
328 1845 495 1899 νέκρωσιν
511 1876 521 1893 ,
549 1847 609 1884 καὶ
629 1845 772 1897 νομίσῃς
795 1862 838 1897 με
857 1846 948 1897 μέγα
966 1863 1001 1884 τι
1020 1848 1116 1899 etp-r,-
1189 1843 1266 1896 ejus
1293 1849 1495 1880 emortuum
1515 1854 1523 1876 :
1543 1847 1577 1877 et
1603 1852 1647 1876 ne
1678 1847 1780 1891 putes
1810 1851 1980 1889 magnum
2011 1836 2148 1888 aliquid

92 1907 191 1946 κέναι
211 1937 220 1954 ,
249 1907 304 1946 ὅτι
330 1901 449 1946 εἷπον·
478 1908 542 1959 Τῷ
560 1906 738 1960 σπέρματί
766 1923 827 1946 σου
847 1907 948 1947 δώσω
967 1907 1030 1955 τὴν
1051 1912 1116 1959 γῆν
1144 1916 1167 1946 Β
1191 1918 1266 1943 esse
1283 1902 1381 1955 quod
1400 1901 1492 1948 dixi,
1506 1901 1652 1939 Semini
1666 1908 1731 1938 tuo
1747 1899 1848 1937 dabo
1869 1907 2012 1936 terram
2032 1899 2148 1936 lianc.

93 1969 234 2016 ταύτην.
265 1971 319 2008 Οὐ
340 1968 442 2020 μόνον
462 1969 529 2021 γὰρ
552 1969 654 2008 τοῦτό
673 1985 728 2007 σοι
747 1969 929 2023 προλέγω,
960 1971 1036 2009 ἀλλ’
1065 1970 1118 2010 ὅτι
1192 1966 1271 2005 Non
1289 1964 1405 2003 solum
1424 1961 1519 2001 enim
1537 1961 1606 2000 hoc
1626 1961 1691 1999 tibi
1709 1959 1882 2014 praedico,
1905 1959 1967 1998 sed
1986 1958 2079 1997 addo
2101 1960 2150 1997 il-

94 2031 155 2070 καὶ
183 2031 266 2070 αὐτὸ
296 2030 336 2068 τὸ
363 2030 505 2082 σπέρμα
531 2046 593 2068 σου
622 2033 670 2074 εἰς
700 2030 886 2083 ἀλλοτρίαν
905 2033 970 2081 γῆν
990 2033 1119 2070 ἀπενε-
1192 2026 1259 2065 lud
1273 2026 1393 2079 ipsum
1406 2037 1524 2062 semen
1537 2033 1642 2061 tuum
1662 2023 1697 2060 in
1714 2021 1865 2060 alienam
1887 2030 2018 2059 terram
2037 2021 2152 2059 abdu-

93 2092 275 2145 χθήσεται.
296 2091 366 2130 Καὶ
385 2092 445 2129 οὐκ
464 2085 573 2138 εἶπεν,
595 2093 642 2136 εἰς
661 2092 852 2143 Αἴγυπτον,
867 2091 943 2131 οὐδὲ
958 2091 1119 2143 ὠνόμασε
1196 2088 1347 2127 cendum
1385 2099 1469 2124 esse.
1498 2085 1578 2123 Non
1605 2083 1712 2133 dixit,
1738 2084 1774 2121 in
1802 2085 2017 2138 AEgyptum‚
2039 2100 2151 2136 neque

94 2157 157 2200 τῆς
182 2157 246 2205 γῆς
265 2152 328 2200 τὴν
352 2152 589 2205 προσηγορίαν
604 2183 614 2200 ,
646 2153 738 2191 ἀλλά
760 2169 864 2204 φησιν
882 2183 892 2202 ,
916 2155 978 2192 Ἐν
998 2157 1042 2206 γῇ
1060 2155 1121 2192 οὐχ
1195 2146 1369 2188 indicavit
1391 2156 1492 2185 terrae
1508 2158 1636 2183 nomen
1653 2160 1660 2181 :
1679 2144 1741 2183 sed
1755 2144 1864 2194 djxit‚
1877 2147 1918 2184 In
1936 2155 2066 2184 terram
2083 2160 2150 2184 non

95 2214 186 2266 ἰδίᾳ·
206 2214 265 2252 καὶ
287 2212 444 2251 δουλείαν
463 2216 674 2264 ὑπομενοῦσι
693 2213 754 2251 καὶ
772 2214 1016 2266 ταλαιπωρίαν
1030 2243 1040 2261 ,
1060 2214 1121 2252 καὶ
1195 2224 1296 2250 suam
1315 2225 1322 2246 :
1341 2217 1375 2247 et
1394 2207 1600 2247 servitutem
1618 2205 1744 2254 ferent,
1765 2215 1799 2244 et
1817 2207 1998 2245 miseriam
2018 2223 2025 2244 ε
2046 2207 2153 2259 idque

93 2275 320 2323 ὀδυνῆσονται
341 2276 379 2313 οὗ
402 2274 489 2327 πρὸς
517 2274 651 2327 βραχὺν
679 2275 825 2329 χρόνον,
850 2276 928 2314 οὐδὲ
946 2276 1033 2328 πρὸς
1050 2275 1121 2315 ὀλί-
1195 2286 1266 2311 non
1283 2270 1329 2310 ad
1346 2271 1454 2309 breve
1474 2278 1625 2320 tempuS,
1639 2281 1754 2318 neque
1772 2267 1817 2305 ad
1834 2283 2030 2321 paucorum
2045 2282 2155 2306 anno-

92 2353 164 2388 γων
195 2339 280 2376 ἐτῶν
310 2336 456 2388 ἀριθμὸν
473 2366 483 2384 ,
507 2335 598 2374 ἀλλὰ
627 2335 734 2389 μέχρι
759 2336 994 2390 τετρακοσίων
1021 2339 1120 2376 ε’τῶν.
1196 2348 1277 2373 rum
1295 2345 1498 2379 numerum,
1515 2329 1577 2368 sed
1596 2343 1707 2380 usque
1724 2329 1771 2367 ad
1791 2329 2072 2382 quadringentos
2089 2344 2150 2369 an-

94 2398 171 2445 Τὴν
202 2397 320 2448 μέντοι
349 2395 504 2435 ἐκδικίαν
533 2398 648 2435 αὐτῶν
667 2397 736 2450 ἐγὼ
755 2397 971 2449 ποιήσομαι,
999 2398 1059 2437 καὶ
1083 2398 1122 2436 τὸ
1196 2410 1272 2435 nos.
1292 2393 1474 2434 Ultionem
1488 2405 1570 2431 sane
1586 2390 1631 2429 de
1650 2389 1693 2428 iis
1706 2404 1772 2442 ego
1791 2404 1942 2440 sumam,
1962 2399 1996 2428 et
2015 2399 2154 2443 gentem

95 2459 190 2502 ἔθνος
217 2460 329 2497 ἐκεῖνο
358 2458 399 2496 τὸ
427 2457 778 2510 καταδουλωσόμενον
808 2458 876 2510 ἐγὼ
902 2462 1036 2511 κρινῶ,
1063 2459 1122 2497 καὶ
1195 2457 1298 2496 illam
1319 2454 1490 2495 servitute
1518 2461 1735 2506 prementem
1757 2465 1821 2502 ego
1836 2450 2019 2503 judicabo,
2039 2461 2073 2489 et
2103 2452 2155 2490 sie

96 2519 206 2563 οὕτως
249 2518 372 2562 αὐτοὺς
410 2518 500 2569 μετὰ
530 2520 663 2566 πολλῆς
692 2520 887 2567 ἀποσκευῆς
922 2521 1120 2559 ἐπανελθεῖν
1194 2533 1255 2557 eos
1270 2531 1399 2570 magno
1416 2528 1498 2554 cum
1513 2521 1687 2566 apparatu
1704 2512 1774 2550 huc
1788 2511 1904 2550 redire
1918 2512 2050 2549 curabo
2074 2527 2082 2547 ι
2106 2512 2152 2549 si-

97 2584 243 2621 ἐνταῦθα
272 2580 430 2628 ποιήσω·
457 2584 543 2632 ὁμοῦ
567 2581 627 2620 καὶ
645 2581 824 2634 προλέγων
845 2584 938 2635 αὐτῷ
966 2582 1011 2621 τὰ
1034 2582 1122 2634 μετὰ
1147 2598 1171 2628 C
1197 2581 1273 2618 mul
1294 2577 1491 2633 praedicens
1513 2575 1544 2613 ei
1575 2587 1654 2625 quae
1684 2572 1832 2625 posthac
1861 2582 1956 2610 certo
1983 2581 2154 2610 eventura

95 2646 208 2681 ταῦτα
237 2642 387 2693 ἐσόμενα
417 2642 506 2693 μετὰ
540 2642 745 2694 ἀκριὸείας,
785 2643 844 2681 καὶ
874 2647 938 2691 τὴν
967 2644 1121 2683 δουλείαν
1194 2638 1536 2691 essent,servitutcm
1549 2632 2027 2681 decla1·at‚etdescensumin
2042 2632 2155 2684 AEgy-

97 2704 231 2749 δηλῶν,
267 2702 326 2741 καὶ
371 2702 434 2750 τὴν
469 2704 516 2746 εἷς
544 2703 722 2755 Αἴγυπτον
750 2704 924 2751 κάθοδον,
956 2705 1016 2743 καὶ
1058 2705 1121 2754 τὴν
1197 2712 1316 2757 ptum,
1337 2710 1442 2751 atque
1473 2695 1753 2748 indignationem
1784 2707 1891 2745 quam
1921 2702 2065 2746 propter
2096 2707 2154 2731 eos

98 2763 334 2815 ἀγανάκτησιν
367 2765 408 2810 ἣν
441 2763 486 2802 δι’
516 2764 639 2808 αὐτοὺς
677 2764 845 2816 μέλλουσι
875 2769 1063 2819 πειρᾶσθαι
1091 2769 1122 2806 οἱ
1196 2763 1363 2818 AEgyptii
1395 2758 1578 2813 experturi
1602 2765 1716 2804 erant,
1743 2764 1777 2793 et
1806 2755 2001 2806 gloriosum
2030 2769 2154 2792 eorum

99 2824 304 2875 Αἰγύπτιοι,
325 2824 386 2862 καὶ
410 2824 473 2871 τὴν
503 2825 592 2877 μετὰ
610 2826 834 2879 περιφανείας
859 2829 970 2866 αὐτῶν
991 2828 1122 2867 ἐποίνο-
1197 2826 1366 2866 reditum.
1382 2820 1617 2870 Ostenditque
1636 2816 1684 2867 ei,
1710 2830 1779 2855 non
1801 2816 1837 2853 in
1860 2816 1938 2868 ipso
1965 2815 2154 2854 dumtaxat

98 2887 168 2924 δον.
200 2884 270 2924 Καὶ
299 2885 470 2924 δείκνυσιν
496 2889 611 2939 αὐτῷ,
640 2887 696 2926 ὅτι
721 2890 783 2927 οὐκ
812 2888 869 2928 ἐπ’
899 2891 992 2942 αὐτῷ
1020 2890 1124 2940 μόνον
1199 2888 1262 2927 illa
1275 2899 1354 2938 quae
1373 2897 1480 2936 super
1497 2889 1663 2918 naturam
1682 2886 1798 2923 erunt,
1823 2885 1995 2915 eventura
2014 2890 2101 2934 esse,
2121 2886 2154 2914 et

99 2947 142 2986 τὰ
162 2947 250 3000 ὑπὲρ
268 2946 368 2999 φύσιν
395 2946 495 2986 ἔσται
509 2977 519 2996 ,
541 2949 600 2986 καὶ
628 2948 719 2999 μετὰ
746 2955 900 2989 τοσαῦτα
931 2951 1124 3003 κωλύματα
1198 2957 1279 3002 post
1294 2956 1390 2986 tanta
1408 2942 1661 2996 impedimenta
1677 2953 1756 2990 quae
1769 2952 1789 2976 a
1804 2939 1877 2976 Deo
1890 2938 2065 2990 promissa
2080 2939 2154 2975 fue-

99 3008 144 3046 τὰ
160 3008 226 3046 ὑπὸ
247 3012 308 3046 τοῦ
330 3010 423 3047 Θεοῦ
443 3009 700 3061 ἐπαγγελθέντα
720 3013 767 3055 εἷς
787 3012 896 3065 πέρας
915 3012 1122 3065 ἀχθήσεται,
1199 3019 1279 3048 rant
1311 3005 1492 3060 implenda
1520 3004 1606 3051 fore,
1628 3000 1690 3040 sed
1716 3009 1750 3038 et
1779 3000 1814 3037 in
1834 3008 1907 3038 toto
1928 2999 2061 3038 semine
2078 3000 2154 3051 ejus

101 3068 192 3107 ἀλλὰ
219 3068 279 3108 καὶ
312 3069 370 3108 ἐπὶ
400 3070 530 3114 παντὸς
560 3076 621 3110 τοῦ
647 3071 848 3124 σπέρματος
886 3075 991 3112 αὐτοῦ
1024 3079 1125 3114 τοῦτο
1199 3071 1268 3109 hoc
1280 3064 1597 3109 eventu1·um.Haec
1609 3060 1882 3111 autern,inquit‚
1886 3061 1961 3113 jam
1977 3060 2056 3099 dixi
2070 3060 2152 3110 tibi,

101 3129 333 3181 συμὸήσεται.
365 3131 490 3169 Ταῦτα
518 3131 576 3179 δὲ,
608 3132 713 3185 φησὶν
727 3164 736 3182 ,
753 3133 822 3180 ἤδη
847 3150 901 3173 σοι
923 3128 1017 3173 εἶπον
1033 3165 1042 3183 ,
1069 3134 1126 3173 ἵνα
1200 3143 1241 3171 ut
1264 3132 1474 3185 priusquam
1502 3126 1616 3165 vitam
1641 3123 1759 3173 finias,
1781 3121 1870 3161 scire
1888 3121 2002 3174 possis
2021 3135 2099 3172 ‹111ae
2121 3131 2155 3159 et

102 3190 184 3243 πρὶν
212 3190 235 3235 ἢ
265 3191 324 3230 τὸν
353 3190 427 3242 βίον
453 3192 680 3244 καταλύσῃς,
717 3194 844 3232 εἰδέναι
879 3194 964 3247 ἔχῃς
990 3196 1036 3235 τὰ
1067 3195 1126 3234 καὶ
1200 3192 1391 3246 nepotibus
1417 3198 1451 3227 et
1479 3185 1628 3240 posteris
1658 3183 1830 3223 evenient.
1850 3183 1911 3221 15.
1934 3184 1966 3220 T
1966 3197 1989 3220 ιι
2005 3191 2151 3231 autem,

104 3250 181 3294 τοὺς
201 3249 280 3294 0-qu
303 3251 462 3302 ἐκγόνους
488 3253 725 3304 διαδεξόμενα.
755 3254 806 3294 Σὺ
826 3255 884 3302 δὲ,
901 3257 1020 3308 φησὶν,
1041 3259 1126 3295 ἀπε·
1202 3253 1330 3306 inquit,
1354 3251 1478 3290 abibis
1503 3249 1556 3286 ad
1577 3254 1707 3299 patres
1729 3253 1827 3291 tuos,
1853 3246 2018 3281 nutritus
2037 3246 2078 3280 in
2098 3257 2155 3281 se-

103 3312 316 3376 )*fflwjtpbss
335 3312 412 3356 τοὺς
428 3315 582 3366 πατέρας
602 3331 676 3363 ooo,
696 3316 838 3368 τραφεὶς
852 3319 886 3356 ἐν
903 3317 994 3370 γήρᾳ
1013 3319 1124 3370 καλῷ.
1151 3327 1176 3356 D
1204 3323 1354 3355 nectute
1371 3315 1481 3350 bona.
1496 3311 1574 3349 Non
1590 3307 1696 3356 dixit,
1708 3305 1867 3345 morieris
1884 3321 1892 3341 :
1908 3304 1985 3354 sed,
2002 3304 2042 3341 A
2046 3306 2155 3350 bibis,

104 3374 182 3411 Οὐκ
201 3377 308 3419 Εἶπεν,
326 3376 497 3426 ἀποθανῇ,
514 3376 606 3424 ἀλλ’,
626 3377 817 3428 Ἀπελεύσῃ
834 3409 843 3426 ,
863 3381 911 3422 ὡς
935 3377 1128 3428 ἀποδημεῖν
1202 3375 1302 3429 quasi
1326 3371 1592 3427 peregrinaturo
1609 3382 1664 3418 eo,
1681 3377 1714 3406 et
1734 3367 1932 3418 migraturo
1948 3380 1966 3402 a
1984 3364 2098 3416 patria
2120 3365 2153 3401 in

108 3435 211 3471 αὐτοῦ
239 3434 424 3484 μέλλον-,ος
453 3437 511 3474 καὶ
542 3437 773 3487 μεθίστασθαι
803 3439 872 3478 ἀπὸ
898 3438 1062 3491 πατρίδος
1085 3441 1129 3482 εἰς
1203 3436 1366 3491 patriam.
1389 3432 1543 3480 Abibis,
1567 3428 1696 3480 inquit,
1720 3429 1773 3467 ad
1794 3436 1923 3479 patres
1949 3435 2031 3463 mos
2058 3442 2065 3461 :
2088 3439 2155 3462 non

1956 3493 2016 3527 25).
