2483 3791
691 238 729 266 m
770 238 871 267 CM).
912 237 958 266 lt.

55 323 214 362 Ἔπλασε
236 322 292 360 τὸν
315 322 506 372 ἄνθρωπον.
524 319 613 358 Ἀλλ’
634 318 690 358 ἵνα
714 319 762 369 μὴ
794 320 997 371 βουλόμενοι
1016 319 1079 365 τὴν

52 383 190 424 ἐκείνων
225 382 402 437 ληρωδίαν
432 384 478 425 εἷς
513 380 618 431 μέσον
642 380 861 434 προτιθέναι,
882 380 1082 432 ἀναγκαζώ-

57 449 144 496 μεθα
161 445 219 483 καὶ
242 444 337 482 αὐτοὶ
355 443 399 482 τὰ
421 442 469 494 μὴ
492 442 670 494 πρέποντα
688 442 918 494 φθέγγεσθαι,
940 442 1020 494 φέρε
1038 442 1080 488 δὴ

53 506 173 545 λοιπὸν
195 506 258 552 τὴν
280 505 341 556 μὲν
373 504 490 542 ἄνοιαν
519 505 646 550 αὐτῶν,
667 504 726 541 καὶ
753 504 817 550 τὴν
843 503 976 550 πολλὴν
1000 519 1082 556 φρε-

53 566 258 606 νοὸλάέἷειαν
290 565 560 617 ἐκτρεπώμεθα,
590 565 950 615 κατακολουθῆσωμεν
977 564 1012 602 δὲ
1031 567 1082 616 τῷ

54 630 174 679 σκοπῷ
190 630 252 673 τ’ἧς
266 627 360 670 θείας
379 628 520 679 Γραφῆς
538 625 664 672 ἑαυτὴν
685 624 960 676 ἑρμηνευούσης,
978 623 1081 675 μόνον

55 687 114 726 ἐὰν
133 692 235 739 ἡμεῖς
252 687 301 737 μὴ
331 690 374 739 τῇ
405 685 585 737 παχύτητι
609 689 677 723 τῶν
707 685 873 737 ῥημάτων
901 683 1082 737 προσέχω-

57 765 132 800 μεν,
155 750 231 788 ἀλλ’
254 751 364 786 ἐκεῖνο
383 749 566 796 ἐννοῶμεν,
585 745 635 783 ὅτι
667 745 763 783 αἰτία
783 748 846 790 τῆς
864 748 932 782 τῶν
953 743 1080 788 λέξεων

56 809 254 860 παχύτητος
275 813 296 855 ἡ
318 806 477 845 ἀσθένεια
497 806 660 857 τυγχάνει
683 808 704 850 ἡ
722 804 888 857 ἡμετέρα.
905 803 996 842 Οὐδὲ
1013 802 1081 854 γὰρ

55 863 96 914 ἧν
115 867 238 919 ἑτέρως
259 866 322 913 τὴν
343 865 448 911 ἀκοὴν
465 865 528 912 τὴν
547 865 766 916 ἀνθρωπίνην
787 864 948 908 δέξασθαι
962 863 1006 902 τὰ
1025 865 1081 901 λε-

55 928 203 978 γόμενα,
225 927 273 978 μὴ
307 926 477 973 τοσαύτης
503 925 754 964 ἀπολαύσασαν
778 928 840 971 τῆς
861 924 1082 976 συγκαταὸά-

56 1005 153 1032 σεως.
190 988 406 1031 Ἰἰννοοῦντες
428 987 539 1025 τοίνυν
559 986 618 1024 καὶ
643 986 706 1034 τὴν
736 988 868 1024 ἑαυτῶν
888 987 1083 1033 ἀσθένειαν,

56 1050 114 1088 καὶ
133 1050 187 1088 ὅτι
205 1049 285 1101 περὶ
304 1051 396 1088 Θεοῦ
421 1050 496 1087 ἐστι
514 1048 558 1087 τὰ
576 1048 768 1100 λεγόμενα,
788 1047 879 1086 οὕτω
900 1047 1083 1100 δεχώμεθα

56 1111 100 1150 τὰ
129 1111 319 1162 εἰρημένα,
347 1113 394 1154 ὡς
413 1110 502 1153 εἰκὸς
534 1110 615 1163 περὶ
642 1113 734 1149 Θεοῦ
754 1109 940 1162 λέγεσθαι,
967 1109 1015 1161 μὴ
1037 1112 1085 1153 εἷς

56 1172 228 1223 σωμάτων
259 1171 507 1224 σχηματισμὸν
529 1172 588 1210 καὶ
612 1174 727 1222 μελῶν
747 1171 904 1211 σύνθεσιν
923 1171 963 1210 τὸ
979 1173 1083 1210 Θεῖον

57 1233 265 1284 κατάγοντες
282 1262 290 1278 ,
333 1233 423 1271 ἀλλὰ
460 1231 477 1252 ¹²
492 1236 693 1284 θεοπρεπῶς
739 1232 876 1271 ἅπαντα
918 1236 1084 1275 νοοῦντες.

998 228 1161 266 ΟΕΝΕΒ.

1207 234 1363 265 ΗΟΜΗ...
1403 234 1502 264 xm.
2018 238 2096 266 12¹

1155 318 1242 356 tiam
1259 327 1293 356 et
1322 316 1561 369 multiplicem
1583 314 1800 353 dementiam
1820 314 2034 367 devitemus,
2067 333 2107 356 :nc

1153 377 1287 417 divina:
1304 377 1516 430 Scripturae,
1555 390 1633 427 qum
1656 375 1808 428 seipsam
1842 376 2108 428 interpretatur,

1153 454 1301 492 scopum
1319 439 1593 490 subsequamur,
1606 436 1804 476 dummodo
1819 446 1935 475 tamen
1952 452 2016 475 nos
2031 452 2107 475 ver-

1154 503 1283 540 borum
1303 499 1474 539 crassitiei
1495 513 1563 537 non
1580 498 1820 549 attendamus,
1834 497 1895 537 sed
1914 498 2111 550 cogitemus

1119 570 1126 578 “
1154 561 1399 600 infirmitatem
1428 569 1585 598 nostram
1604 559 1814 612 hujusmodi
1836 559 2008 598 crassitiei
2027 573 2110 598 cau-

1159 637 1234 660 sam
1250 637 1335 660 esse.
1355 622 1479 673 Neque
1492 622 1585 660 enim
1601 630 1744 673 possent
1761 635 1863 659 aures
1877 620 2046 658 humanae
2071 634 2110 658 ea

1151 698 1230 734 quae
1261 683 1438 721 dicuntur
1466 683 1641 734 excipere,
1671 682 1739 720 nisi
1778 691 1876 720 tanto
1910 682 2111 720 fruerentur

1151 752 1443 796 temperamento.
1462 743 1669 793 Cogitantes
1687 743 1806 793 itaque
1826 753 1858 781 et
1872 753 2028 781 nostram
2055 744 2110 781 in-

1151 804 1376 852 firmitatem,
1390 802 1559 841 ethaecde
1572 804 1646 840 Deo
1658 802 1754 841 dicta
1765 803 1988 853 suisse,sicea
2000 804 2112 842 susci-

1149 865 1356 917 piamus,ut
1372 878 1437 916 par
1453 873 1504 902 est
1515 878 1554 901 ea
1564 863 1609 901 de
1621 865 1695 901 Deo
1711 865 1883 916 accipere,
1897 878 1958 901 nec
1979 864 2013 901 in
2039 879 2112 902 cor-

1153 939 1283 978 porum
1298 925 1470 974 sormam,
1490 924 1550 963 vel
1566 923 1602 961 in
1622 924 1867 962 membrorum
1882 924 2111 976 compositio-

1152 1000 1245 1033 nem,
1260 987 1378 1024 Deum
1392 985 1511 1038 ipsum
1524 984 1759 1034 deducamus;
1770 984 1833 1023 sed
1844 984 1963 1022 omnia
1971 984 2014 1022 de
2023 986 2111 1035 Deo,

1152 1056 1192 1085 ut
1213 1046 1395 1095 convenit,
1413 1046 1666 1098 imaginemur.
1685 1047 1828 1085 Numen
1845 1046 1939 1083 enim
1953 1045 2107 1097 simplex

1153 1107 1502 1160 incompositumque
1521 1116 1585 1156 est,
1598 1121 1639 1145 ac
1651 1107 1769 1159 figura
1782 1116 1876 1144 caret
1898 1123 1905 1144 :
1923 1121 2005 1144 nam
2022 1107 2051 1145 si
2066 1121 2111 1145 ex

1154 1169 1257 1208 nobis
1277 1168 1512 1207 similitudine
1530 1168 1652 1218 ducta,
1675 1168 1830 1207 velimus
1845 1169 1920 1206 Deo
1935 1169 2111 1206 membro-

1154 1245 1237 1269 rum
1267 1230 1561 1283 compositionem
1594 1230 1766 1278 tribuere,
1804 1229 2047 1282 imprudentes
2075 1230 2110 1268 in

57 1294 201 1333 Ἁπλοῦν
238 1293 306 1346 γὰρ
338 1294 397 1331 καὶ
427 1293 608 1332 ἀσύνθετον
647 1293 708 1331 καὶ
741 1293 1011 1346 ἀσχημάτιστον
1047 1292 1086 1332 τὸ
1108 1307 1133 1337 D
1155 1291 1345 1344 gentilium
1369 1291 1590 1344 impietatem
1608 1290 1776 1328 labimur.
1793 1291 1885 1328 Cum
1906 1291 2028 1342 itaque
2048 1305 2113 1328 au-

56 1357 180 1392 Θεῖον·
201 1354 277 1392 ἐπεὶ
297 1356 325 1392 εἰ
362 1354 548 1405 μέλλοιμεν
570 1353 605 1398 ἐξ
628 1355 760 1392 ἑαυτῶν
786 1353 1006 1405 ὁρμώμενοι,
1026 1354 1086 1392 καὶ

58 1415 172 1464 μελῶν
208 1413 365 1452 σύνθεσιν
401 1413 615 1466 περιτιθέναι
652 1417 702 1466 τῷ
735 1416 838 1467 Θεῷ,
873 1415 1086 1465 λανθάνομεν

57 1473 198 1519 ἑαυτοὺς
226 1477 272 1518 εἷς
305 1475 368 1522 τὴν
404 1474 616 1523 Ἑλληνικὴν
647 1474 809 1514 ἀσέὸειαν
848 1475 1088 1520 ἐκπίπτοντες.

55 1534 169 1575 ‘'O-tow
186 1529 243 1573 οὖν
264 1536 415 1586 ἀκούσῃς
442 1539 504 1582 τῆς
535 1538 677 1590 Γραφῆς
696 1535 863 1589 λεγούσης
877 1567 886 1585 ,
908 1535 1088 1576 Ἔπλασεν

56 1600 74 1634 ὁ
92 1596 181 1640 Θεὸς
202 1597 260 1635 τὸν
291 1597 485 1649 ἄνθρωπον,
512 1597 574 1644 τὴν
597 1597 704 1644 αὐτὴν
733 1597 803 1635 νόει
835 1597 982 1649 δύναμιν
1011 1601 1062 1651 τῷ
1078 1629 1088 1646 ,

56 1659 242 1707 Γενηθήτω
288 1660 349 1698 καὶ
373 1660 480 1698 πάλιν
508 1659 588 1698 ὅταν
610 1660 786 1712 ἀκούσῃς,
811 1659 866 1699 ὅτι
895 1659 1088 1713 Ἔνεφύση-

57 1736 115 1759 σεν
136 1723 182 1764 εἷς
201 1719 240 1758 τὸ
260 1720 448 1774 πρόσωπον
467 1723 570 1760 αὐτοῦ
587 1721 695 1768 πνοὴν
723 1724 834 1769 ζωῆς,
854 1725 956 1760 τοῦτο
981 1721 1087 1759 πάλιν

57 1782 212 1833 λογίζου,
246 1782 299 1820 ὅτι
328 1781 440 1825 ἔδοξεν
470 1784 591 1834 αὐτῷ,
610 1782 768 1834 καθάπερ
798 1782 860 1826 τὰς
880 1782 1088 1833 ἀσωμάτους

60 1843 224 1894 δυνάμεις
243 1843 459 1894 παρήγαγεν,
474 1841 565 1881 οὕτω
585 1843 644 1880 καὶ
660 1842 699 1880 τὸ
716 1846 820 1893 σῶμα
836 1847 938 1881 τοῦτο
959 1843 998 1882 τὸ
1018 1843 1088 1881 ἀπὸ

57 1907 117 1942 τοῦ
147 1904 228 1955 χοὸς
255 1903 371 1955 ψυχὴν
402 1903 494 1955 ἔχειν
514 1902 657 1955 λογικὴν
681 1902 745 1950 τὴν
771 1908 843 1947 τοῖς
876 1903 997 1955 μέλεσι
1025 1907 1086 1942 τοῦ

1155 1352 1266 1391 dicris
1284 1352 1512 1405 Scripturam
1542 1352 1736 1402 dicentem,
1774 1354 1978 1390 Formavit
2003 1354 2112 1391 Deus

1156 1415 1365 1461 hominem,
1387 1413 1562 1459 virtutem
1577 1412 1740 1451 eamdem
1757 1413 1886 1464 cogita,
1902 1427 2011 1464 quam
2030 1427 2113 1451 cum

1154 1475 1259 1526 dicit,
1286 1477 1407 1520 Fiat,·
1424 1488 1465 1512 ac
1483 1489 1628 1513 rursum
1648 1489 1730 1513 cum
1745 1474 1919 1524 audieris,
1937 1477 2112 1526 Inspira-

1160 1539 1212 1575 vit
1230 1537 1434 1589 infaciem
1468 1539 1552 1589 ejus
1580 1537 1818 1589 spiraculum
1848 1539 1956 1581 vine,
1982 1535 2111 1574 iterum

1156 1595 1286 1648 cogita,
1309 1595 1614 1646 quemadmodum
1629 1595 1853 1648 incorporeas
1866 1595 2018 1634 virtutes
2028 1609 2111 1648 pro-

1155 1656 1325 1707 duxerat,
1347 1657 1398 1695 sic
1415 1657 1595 1710 placuisse
1612 1657 1680 1707 illi,
1692 1667 1731 1696 ut
1744 1672 1872 1710 corpus
1886 1657 1954 1695 hoc
1968 1671 2013 1695 ex
2032 1657 2111 1710 pul-

1155 1733 1238 1758 vere
1274 1719 1409 1757 factum
1440 1719 1598 1757 animam
1622 1719 1771 1758 haberet
1790 1719 2013 1768 rationalem,
2033 1734 2112 1770 quae

1156 1777 1327 1816 membris
1347 1778 1526 1830 corporeis
1541 1788 1659 1830 posset
1678 1779 1742 1817 uti.
1765 1779 1844 1816 Hoc
1866 1779 2001 1831 quippe
2030 1792 2109 1816 cor-

1155 1853 1223 1891 pus
1245 1838 1393 1876 Domini
1407 1839 1512 1891 jussu
1526 1847 1696 1887 creatum,
1715 1838 1817 1890 quasi
1835 1839 2111 1876 instrumentum

1150 1898 1306 1950 jacebat,
1339 1899 1461 1950 aliquo
1500 1908 1665 1937 movente
1693 1899 1878 1951 indigcns;
1910 1898 1982 1937 imo
2019 1900 2112 1938 sicut

59 1962 220 2013 σώματος
259 1966 451 2016 κεχρῆσθαι
484 1963 692 2014 δυναμένην.
724 1964 989 2017 Δημιουργηθὲν
1020 1965 1088 2018 γὰρ
1108 1982 1131 2011 Ε
1155 1959 1235 2013 lyra
1256 1975 1335 2012 quae
1364 1960 1485 2012 aliquo
1504 1970 1596 2012 eget,
1611 1960 1672 2012 qui
1706 1969 1781 1998 arte
1799 1960 2010 2011 solertiaque
2047 1975 2111 1998 sua

59 2038 153 2061 τουτι
182 2024 222 2062 τὸ
241 2026 344 2074 σῶμα
378 2024 470 2063 κατὰ
499 2025 538 2063 τὸ
557 2025 770 2077 πρόσταγμα
801 2029 860 2064 τοῦ
888 2026 1087 2074 Δεσπότου,

59 2084 216 2136 καθάπερ
235 2085 377 2136 ὄργανον
401 2084 513 2123 ἔκειτο
533 2085 694 2135 δεόμενον
714 2090 774 2124 τοῦ
790 2092 963 2131 κινοῦντος
979 2087 1087 2136 αὐτὸ,

60 2146 190 2194 μᾶλλον
219 2144 259 2192 δὴ
289 2145 448 2197 καθάπερ
475 2146 564 2198 λύρα
595 2146 774 2199 χρῄζουσά
792 2163 884 2191 τινος
905 2151 965 2186 τοῦ
987 2148 1084 2186 δυνα-

58 2206 160 2255 μένου
179 2205 235 2244 διὰ
253 2209 316 2252 τῆς
343 2207 470 2250 οἰκείας
492 2207 616 2259 τέχνης
636 2207 696 2245 καὶ
718 2208 863 2261 σοφίας,
891 2208 1011 2262 ὥσπερ
1028 2208 1086 2247 διὰ

56 2267 210 2306 δονάκων
231 2270 346 2314 τινῶν,
375 2267 431 2305 διὰ
459 2271 528 2306 τῶν
556 2270 670 2319 μελῶν
704 2271 774 2306 τῶν
806 2271 840 2308 ἐν
870 2271 985 2322 ἑαυτῷ
1021 2269 1084 2318 τὴν

55 2327 297 2380 προσήκουσαν
319 2329 493 2381 μελῳδίαν
516 2329 700 2384 ἀναφέρειν
717 2333 767 2383 τῷ
785 2331 962 2382 Δεσπότῃ.
983 2331 1084 2369 Ἐνε-

56 2388 188 2439 φύσησε
201 2417 210 2434 ,
225 2388 342 2442 φησὶν,
365 2392 411 2433 εἷς
438 2390 477 2428 τὸ
501 2390 688 2442 πρόσωπον
709 2393 814 2430 αὐτοῦ
833 2390 942 2437 πνοὴν
964 2393 1054 2438 ζωῆς
1071 2421 1081 2440 ,

56 2449 114 2487 καὶ
134 2449 268 2502 ἐγένετο
287 2454 304 2489 ὃ
324 2452 502 2503 ἅνθρωπος
528 2454 575 2496 εἰς
602 2452 719 2505 ψυχὴν
749 2455 876 2498 ζῶσαν.
902 2454 950 2492 Τί
975 2456 1082 2502 ἐστιν,

1153 2020 1276 2073 possit,
1292 2021 1394 2072 quasi
1414 2035 1477 2073 per
1494 2021 1647 2068 fistulas,
1665 2035 1728 2074 per
1753 2021 1913 2059 membra
1933 2035 1997 2059 sua
2021 2035 2109 2060 con-

1154 2091 1339 2133 gruentem
1348 2082 1504 2120 Domino
1522 2081 1714 2120 melodiam
1724 2082 1866 2120 referre.
1879 2085 1904 2119 Ι
1905 2085 2035 2133 nspira
2041 2085 2107 2129 vit,

1152 2142 1283 2194 inquit,
1311 2146 1515 2197 infaciem
1544 2146 1626 2196 ejus
1652 2144 1892 2196 spiraculum
1924 2147 2032 2191 vicae,
2074 2153 2110 2182 et

1149 2205 1282 2256 sactus
1309 2214 1365 2243 est
1385 2206 1499 2243 homo
1520 2207 1562 2243 in
1577 2207 1752 2243 animam
1777 2208 1989 2243 viventem.
2011 2205 2110 2252 Quid

1151 2275 1218 2314 est,
1243 2268 1458 2318 [aspiravit
1494 2267 1732 2318 spiraculum
1744 2270 1838 2304 ‘vitae
1851 2271 1867 2304 P
1885 2266 1927 2304 Id
1947 2276 2013 2317 est,
2043 2267 2110 2305 hoc

1153 2337 1312 2366 creatum
1332 2342 1461 2381 corpus
1486 2327 1600 2367 voluit
1610 2327 1788 2381 jussitque
1810 2328 1885 2367 vim
1901 2328 2032 2366 habere
2047 2328 2108 2366 vi-

1157 2390 1280 2436 talem,
1303 2403 1381 2441 quae
1401 2389 1548 2428 animali
1565 2390 1656 2427 facta
1672 2398 1723 2427 est
1739 2389 1775 2427 in
1790 2389 1945 2428 animam
1982 2389 2109 2427 viven-

1153 2459 1237 2499 tem,
1267 2450 1343 2490 sive
1375 2459 1592 2503 operantem,
1609 2464 1688 2501 quae
1715 2459 1827 2488 artem
1859 2465 1962 2488 suam
1993 2460 2109 2502 posset

55 2510 270 2564 Ἐνεφύσησε
295 2512 404 2560 πνοὴν
426 2515 537 2562 ζωῆς,
556 2514 609 2552 Τὸ
632 2517 758 2565 σῶμα,
786 2515 894 2567 φησὶ,
917 2519 1018 2554 τοῦτο
1043 2514 1082 2553 τὸ
1092 2546 1138 2571 ¹0,
1152 2526 1215 2564 per
1234 2511 1478 2550 membrorum
1499 2520 1636 2550 motum
1654 2510 1838 2550 exhibere.

57 2573 310 2624 δημιουργηθὲν
341 2575 512 2622 ἐξουλήθη
532 2575 592 2613 καὶ
611 2575 804 2629 προσέταξε
823 2575 970 2624 ζωτικὴν
989 2576 1080 2629 ἔχειν
1104 2584 1126 2612 Α

56 2633 210 2684 δύναμιν,
246 2634 323 2681 ἥτις
356 2635 489 2687 ἐγένετο
523 2639 573 2689 τῷ
607 2636 686 2689 ζώῳ
719 2638 766 2680 εἰς
799 2637 916 2689 ψυχὴν
954 2639 1081 2688 ζῶσαν,

55 2696 145 2731 τοῦτ’
171 2693 264 2732 ἔστιν
293 2698 511 2750 ἐνεργοῦσαν,
535 2696 594 2734 καὶ
620 2696 684 2743 τὴν
714 2699 840 2744 ἑαυτῆς
864 2697 991 2751 τέχνην
1024 2699 1082 2738 διὰ

55 2757 116 2800 τῆς
136 2757 204 2793 τῶν
225 2758 340 2807 μελῶν
359 2757 528 2804 κινήσεως
548 2758 805 2798 ἐπιδείκνυσθαι
822 2759 1027 2810 δυναμένην.

109 2816 178 2855 Καὶ
195 2817 319 2856 σκόπει
346 2819 405 2856 καὶ
431 2822 465 2858 ἐν
495 2821 589 2872 αὐτῷ
617 2819 729 2872 τούτῳ
747 2819 810 2868 τὴν
834 2821 1001 2873 διαφορὰν
1023 2825 1083 2860 τοῦ

57 2882 256 2928 θαυμαστοῦ
272 2879 392 2918 τούτου
409 2880 495 2925 ζώου
512 2885 571 2920 τοῦ
588 2883 747 2934 λογικοῦ,
762 2882 822 2920 καὶ
837 2885 900 2929 τῆς
917 2885 987 2921 τῶν
1004 2883 1084 2922 ἀλό-

57 2955 126 2989 γων
147 2940 388 2992 δημιουργίας.
405 2941 488 2980 Ἐπ’
509 2942 648 2981 ἐκείνων
669 2942 731 2994 μὲν
748 2943 816 2995 γάρ
835 2959 938 2996 φησιν
952 2959 959 2967 ·
977 2943 1082 2988 Ἔξα-

56 2999 192 3051 γαγέτω
227 3000 271 3038 τὰ
297 3000 406 3039 ὕδατα
425 3003 555 3054 ἑρπετὰ
587 3006 708 3056 ψυχῶν
740 3007 874 3053 ζωσῶν,
902 3004 962 3042 καὶ
994 3007 1082 3055 ὁμοῦ

56 3061 229 3100 ἀνεδίδοτο
254 3063 294 3100 ἐκ
312 3065 380 3101 τῶν
401 3064 535 3103 ὑδάτων
557 3068 629 3110 ζῶα
656 3064 827 3118 ἔμψυχα’
853 3066 912 3104 καὶι
933 3066 991 3104 ἐπὶ
1021 3069 1082 3112 τῆς

55 3124 117 3172 γῆς
137 3122 242 3160 πάλιν
261 3123 427 3168 ὡσαύτως
441 3140 453 3157 ’γ
468 3124 691 3177 Ἐξαγαγέτω
711 3129 732 3173 ἡ
753 3129 797 3177 γῆ
817 3126 936 3179 ψυχὴν
953 3128 1080 3170 ζῶσαν.

57 3181 139 3221 Ἐπὶ
166 3183 200 3222 δὲ
234 3189 293 3223 τοῦ
322 3185 506 3238 ἀνθρώπου
540 3189 606 3240 οὐχ
635 3187 765 3236 οὕτως,
794 3188 883 3226 ἀλλὰ
913 3188 1080 3242 πρότερον

1205 2821 1241 2858 3.
1262 2820 1331 2858 Hic
1347 2833 1430 2858 vero
1456 2818 1549 2856 mihi
1563 2817 1756 2870 perpende,
1777 2828 1952 2869 quantum
1969 2818 2107 2857 intersit

1152 2881 1245 2919 inter
1274 2880 1383 2933 hujus
1411 2879 1636 2917 admirabilis
1663 2878 1831 2917 animalis
1856 2879 2051 2927 rationalis,
2073 2890 2105 2917 ct

1152 2942 1343 2980 brutorum
1359 2940 1606 2979 formationem
1625 2938 1831 2978 discrimen.
1849 2941 1904 2978 De
1922 2941 1994 2979 illis
2010 2941 2105 2978 enim

1151 3002 1249 3042 ‹h'xit
1273 3019 1280 3039 :
1302 3003 1487 3041 Educant
1506 3014 1619 3053 aquae
1633 3002 1788 3052 reptilia
1804 3005 2025 3040 animarum
2044 3005 2104 3039 vi-

1155 3067 1337 3110 ventium,
1372 3072 1404 3101 et
1418 3062 1525 3101 simul
1542 3061 1750 3114 prodierunt
1764 3077 1809 3101 ex
1822 3077 1911 3114 aqua
1938 3063 2104 3101 animalia

1153 3125 1330 3175 animata3
1347 3133 1380 3162 et
1399 3124 1435 3162 in
1452 3133 1544 3161 terra
1559 3122 1726 3161 similiter
1743 3139 1750 3160 :
1771 3126 1971 3162 Producat
2002 3134 2105 3162 terra

1153 3191 1326 3226 animam
1345 3188 1553 3223 viventem.
1570 3185 1624 3222 De
1639 3184 1783 3222 homine
1799 3195 1916 3223 autem
1940 3200 2007 3223 non
2031 3186 2102 3230 sic3

57 3244 125 3282 ἀπὸ
140 3249 199 3283 τοῦ
215 3247 295 3297 χοὸς
314 3247 353 3285 rb
366 3251 470 3298 σῶμα
486 3249 769 3301 δημιουργεῖται,
785 3249 844 3287 καὶ
861 3249 951 3300 μετὰ
971 3255 1081 3289 ταῦτα
1106 3266 1128 3295 ss
1153 3248 1214 3287 scd
1234 3248 1334 3300 prius
1353 3246 1397 3284 de
1414 3245 1561 3298 pulvere
1575 3259 1704 3298 corpus
1720 3246 1908 3289 formatur,
1926 3255 2042 3298 postea
2056 3247 2106 3283 vi-

56 3308 75 3348 ἠ
98 3306 226 3351 ζωτικὴ
264 3306 406 3357 δύναμις
442 3311 534 3360 αὐτῷ
556 3309 713 3354 δίδοται,
750 3310 835 3362 ὅπερ
856 3311 950 3349 ἐστὶν
973 3315 994 3357 ἠ
1020 3315 1082 3358 τῆς

1156 3310 1237 3348 talis
1254 3308 1306 3346 illi
1329 3308 1443 3345 virtus
1456 3308 1672 3357 datur‚qua:
1686 3317 1735 3345 est
1748 3307 1874 3345 anim-1·
1891 3308 2101 3345 substantia.

103 3428 116 3450 Ι·
132 3427 267 3461 Cois-lin.
286 3433 365 3463 ἀλλὰ.
384 3435 482 3470 ‘sunm
501 3436 554 3466 ἄη.
581 3431 668 3465 Ibid-
690 3433 768 3477 Κεὶς.
793 3444 876 3467 unus
893 3439 1065 3473 ἐννοοῦντες.
1084 3432 1177 3467 Infra
1197 3432 1283 3465 idem
1302 3435 1434 3466 vla-{3:122
1452 3436 1663 3473 :fluxam-12³5,
1681 3431 1817 3464 Coislin.
1838 3435 2036 3473 έμίαήο-ιτες

2148 1054 2226 1082 Deus
2242 1056 2314 1082 sim-

2127 1095 2206 1132 plex¹
2267 1099 2314 1123 in-

2136 1141 2316 1175 compositus

2125 1184 2153 1205 et
2168 1179 2255 1215 figura
2271 1189 2316 1206 ca-

2126 1229 2204 1247 rem.
