2516 3791
693 240 734 269 ΙΝ
773 238 874 268 CAP-

915 234 1040 265 xLix.
1080 232 1165 262 GEN
1178 231 1240 261 RS.

1281 229 1438 260 uomit„
1478 228 1617 259 van.

2049 218 2139 279 7⁹29

89 329 242 383 Ἑμμὼρ
264 331 410 368 ἐνταῦθα
431 326 641 374 αἰνίττεται,
659 323 716 363 διὰ
738 322 778 362 τὸ
802 320 958 372 ἀκμάζον
973 321 1036 366 τῆς
1048 319 1126 364 ἦλι-
1188 313 1337 353 Emmor
1351 312 1412 352 hic
1427 313 1616 365 significat.
1638 312 1728 351 Nam
1745 313 1827 365 quia
1844 313 1879 351 in
1902 313 2041 353 florenti
2059 326 2140 354 aeta-

88 393 164 436 χίας
198 393 325 445 ταῦρον
347 389 448 428 αὐτὸν
476 387 665 438 ὀνομάσας.
688 379 778 424 Εἶτα
799 382 906 422 εἰπὼν
924 381 967 420 τὰ
997 381 1117 431 εἷργα-
1141 392 1166 421 1)
1191 385 1222 414 tc
1235 385 1321 425 erat,
1338 385 1481 414 taurum
1499 390 1582 414 eum
1601 375 1814 414 nominavit.
1839 374 1976 414 Deinde
1992 386 2030 414 ut
2048 377 2143 415 dixit

88 453 198 504 σμένα
220 451 422 497 αὖτοῖς,κα“ι
445 449 532 503 ἀρὰν
551 447 776 502 προστίθησι,
794 445 854 484 καί
879 458 985 498 φησι·
1007 441 1116 479 'tim—

87 514 281 567 κατάρατος
296 517 314 552 ὃ
333 513 437 564 θυμὸς
465 513 590 558 αὐτῶν,
615 509 668 548 ὅτι
694 509 843 555 αὐθάδης
859 522 866 530 ·
896 505 956 544 καὶ
974 506 996 551 ἡ
1017 506 1119 553 μῆνῑς

88 577 214 623 αὐτῶν,
229 574 283 614 ὅτι
302 572 532 626 ἐσκληρύνθη.
547 573 620 611 Τὸν
640 570 738 610 δόλον
759 569 965 613 αἰνίττεται,
981 565 1018 604 ὃν
1033 563 1118 617 πρὸς

87 636 211 680 αὖτοὺς
231 635 440 683 ἐποιήσαντο
455 633 697 681 ἀπατήσαντες
717 629 856 678 αὐτοὺς,
876 628 935 666 καὶ
950 625 1040 678 μετὰ
1061 623 1117 663 δό-

88 701 150 738 λου
176 701 293 743 αὖτοῖς
322 697 531 748 ἐπιθέμενοι.
550 696 714 740 Ἀὐθάδης
728 693 817 745 γὰρ,
840 690 961 744 φησὶν,
979 692 998 727 ὁ
1013 686 1117 738 θυμὸς

89 763 217 808 αὐτῶν,
236 759 433 814 προπετὴς,
460 757 655 809 ἀλόγιστος.
675 755 745 794 Καὶ
761 758 782 801 ἡ
803 756 905 804 μῆνις
927 748 1118 796 αὖτῶν,ὅτι

86 821 315 874 ἐσκληρύνθη.
340 819 430 859 ‘'Or-z
448 819 516 873 γὰρ
531 818 696 870 ἐνόμισαν
717 819 747 855 οἱ
768 816 961 864 Σηκιμῑται
983 810 1116 859 πολλὴν

88 883 150 931 τὴν
165 883 245 937 περὶ
265 881 384 926 αὐτοὺς
403 880 536 919 εὔνοιαν
556 879 790 930 ἐκδεδεῖχθαι,
803 876 881 914 τότε
903 878 1044 930 βαρεῖαν
1054 872 1118 920 τὴν

90 949 192 997 μῆνιν
215 943 489 995 ἐπιδειξάμενοι,
505 941 549 980 τὰ
568 944 638 979 τῶν
663 938 840 991 πολεμίων
865 936 987 981 αὐτοὺς
1006 935 1119 983 διέθη-

89 1023 164 1046 καν.
197 1007 267 1045 Καὶ
296 1005 402 1044 εἰπὼν
425 1006 464 1044 τὸ
492 1001 720 1056 γεγενημένον
750 1003 866 1044 αὐτοῖς
895 998 1116 1052 ἁμάρτημα,

87 1067 283 1120 προμηνύει
301 1067 361 1106 καὶ
384 1066 447 1114 τὴν
468 1065 556 1118 ὑπὲρ
578 1063 698 1103 τούτου
726 1060 968 1112 διαδεξομένην
996 1058 1119 1103 αὐτοὺς

86 1129 272 1184 τιμωρίαν.
293 1131 473 1182 Διαμεριῶ
494 1126 616 1171 αὐτοὺς
636 1129 670 1165 ἐν
693 1123 843 1172 wambe,
859 1123 919 1162 καὶ
941 1123 1119 1176 διασπερῶ

89 1191 210 1236 αὐτοὺς
242 1193 276 1229 ἐν
309 1191 463 1245 Ἰσραήλ.
498 1191 709 1241 Πανταχοῧ,
737 1186 840 1240 φησὶ,
874 1184 1120 1238 διεσπαρμένοι

88 1253 242 1301 ἔσονται,
263 1252 320 1291 ἵνα
335 1257 437 1291 τοῦτο
459 1252 542 1290 αὐτὸ
557 1257 645 1289 πᾶσι
671 1248 865 1296 κατάδηλον
886 1246 1049 1299 γένηται,
1066 1245 1120 1286 ὅτι

88 1314 145 1353 διὰ
162 1315 201 1353 τὸ
227 1314 394 1366 τόλμημα
425 1314 465 1352 τὸ
495 1311 724 1365 γεγενημένον
752 1314 852 1348 τοῦτο
869 1303 963 1348 οῧτοι
989 1310 1122 1359 ὑπομε-

88 1376 292 1428 μενήκασιν.
313 1375 447 1423 Ἰούδα,
473 1372 510 1413 σὲ
538 1372 708 1412 αἰνέσαιεν
743 1372 775 1409 οἳ
803 1369 944 1424 ἀδελφοί
966 1385 1038 1408 σου.
1075 1367 1120 1407 ἹΙ

88 1440 135 1481 εἰς
169 1437 226 1475 τὸν
259 1436 394 1476 Ἰούδαν
443 1434 656 1488 γεγενημένη
700 1432 841 1486 εὐλογία
880 1431 1030 1484 μυστική
1068 1429 1121 1473 τίς

89 1502 181 1547 ἐστι,
199 1498 448 1551 προμηνύουσα
459 1501 543 1549 ἡμῖν
559 1500 603 1535 τὰ
617 1495 709 1535 κατὰ
723 1495 781 1534 τὸν
803 1494 953 1548 Χριστὸν
969 1493 1119 1532 ἅπαντα.

90 1559 203 1599 Ἰούδα
218 1560 308 1613 γὰρ,
323 1560 426 1612 φησί,
443 1559 480 1598 σὲ
500 1559 669 1598 αἰνέσαιεν
681 1561 712 1596 οἱ
733 1556 874 1609 ἀδελφοί
885 1573 958 1595 σου.
971 1554 1119 1602 Ἐπειδὴ

90 1622 158 1676 γὰρ
188 1625 339 1662 ἐντεῦθεν
358 1621 505 1673 >ἔμελλεν
526 1623 565 1660 ἐκ
591 1624 654 1667 τῆς
687 1619 806 1659 τούτου
831 1621 939 1672 φυλῆς
971 1617 1123 1671 ἀναφαί-

90 1687 210 1723 νεσθαι
228 1683 320 1722 κατὰ
338 1685 396 1722 τὸν
417 1687 479 1730 τῆς
501 1682 699 1734 οἰκονομίας
721 1681 822 1734 λόγον
834 1712 843 1730 ,
865 1680 922 1720 διὰ
938 1685 1040 1719 τοῦτο
1055 1680 1122 1718 ὑπὸ

90 1750 149 1785 τοῦ
167 1745 373 1796 Πνεύματος
404 1750 463 1784 τοῦ
483 1744 579 1797 ἁγίου
607 1745 674 1792 ἤδη
695 1743 912 1795 κινούμενος,
931 1743 1123 1798 προμηνύει
1146 1751 1171 1780 Α

92 1806 149 1846 διὰ
170 1810 238 1845 τῶν
257 1809 304 1852 εἷς
334 1807 392 1846 τὸν
420 1806 552 1845 Ἰούδαν
579 1806 774 1858 λεγομένων
804 1809 842 1844 οὔ
872 1806 974 1858 μόνον
988 1807 1052 1853 τὴν
1077 1808 1125 1851 εἷς

90 1868 292 1922 ἀνθρώπους
307 1868 451 1908 κάθοδον
465 1872 524 1907 τοῦ
540 1867 733 1916 Δεσπότου,
750 1866 841 1906 ἀλλὰ
862 1867 973 1907 καὶτὸ
989 1869 1122 1918 μυστή-

94 1946 177 1984 ριον,
192 1930 253 1970 καὶ
273 1931 332 1969 τὸν
359 1930 520 1982 σταυρὸν,
540 1929 601 1968 καὶ
630 1927 692 1976 τὴν
719 1929 851 1982 ταφὴν,
872 1930 933 1968 καὶ
952 1929 1015 1977 τὴν
1037 1929 1122 1969 οἰνά-

92 2007 236 2039 στασιν,
256 1991 317 2030 καὶ
343 1991 459 2030 πάντα
487 1990 713 2035 ἁπαξαπλῶς.
753 1990 866 2030 Ἰούδα
897 1989 983 2045 γὰρ,
1011 1990 1097 2044 φησὶ
1115 2022 1124 2039 ,

90 2053 155 2092 “cs
177 2053 348 2092 αἰνέσαιεν
374 2056 404 2092 οἱ
426 2052 568 2106 ἀδελφοί
597 2069 677 2091 σου·
699 2055 735 2091 αἱ
763 2053 878 2105 χεῖρές
901 2070 962 2092 σου
983 2054 1040 2093 ἐπὶ
1056 2052 1124 2092 νώ-

92 2131 151 2153 του
178 2118 247 2153 τῶν
273 2118 404 2168 ἐχθρῶν
439 2129 518 2153 σου·
539 2114 600 2152 καὶ
622 2114 900 2167 προσκυνήσουσί
919 2131 973 2153 σοι
997 2117 1028 2154 οἱ
1057 2115 1124 2153 υἱοὶ

92 2181 152 2215 τοῦ
171 2176 302 2230 πατρός
326 2192 406 2215 σου·
441 2175 504 2222 τὴν
527 2175 704 2228 ὑποταγὴν
730 2177 856 2224 δηλῶν,
878 2176 919 2223 ἢν
941 2176 1124 2228 μέλλουσιν

92 2239 358 2277 ὑποτάττεσθαι.
382 2237 540 2289 Σκύμνος
555 2237 692 2282 λέοντος
711 2237 836 2276 Ἰούδα.
859 2239 926 2277 Ἐκ
952 2241 1122 2290 βλαστοῦ,

91 2300 145 2339 υἱέ
183 2316 270 2351 μου,
313 2299 451 2348 ἀνέέης.
483 2299 559 2346 Τὴν
601 2298 780 2351 βασιλείαν
814 2302 917 2339 αὐτοῦ
948 2301 1124 2353 προλέγει.

91 2360 196 2406 Ἔθος
217 2361 285 2414 γὰρ
309 2361 362 2400 ἀεὶ
381 2365 424 2413 τῇ
448 2363 570 2414 Γραφῇ
599 2360 656 2398 διὰ
687 2363 748 2407 τ’ἥς
770 2361 901 2405 εἰκόνος
921 2362 1043 2401 τούτου
1067 2368 1126 2402 τοῦ

92 2421 179 2466 ζώου
199 2422 263 2469 τὴν
280 2423 466 2474 βασιλικὴν
487 2421 666 2461 αὐθεντίαν
684 2421 906 2461 αἰνίττεσθαι.
928 2423 1126 2463 Ἀναπεσὼν

93 2483 284 2534 ἐκοιμήθης
323 2486 369 2528 ὡς
409 2483 515 2531 λέων,
547 2483 607 2522 καὶ
645 2485 691 2526 ὡς
723 2482 883 2534 σκύμνος.
918 2484 983 2528 Τίς
1017 2487 1127 2539 ἐγερεῖ
1150 2501 1172 2530 Β

93 2545 297 2593 αὖτόν;Τὸν
309 2547 457 2598 σταυρὸν
474 2545 533 2583 καὶ
555 2544 617 2593 τὴν
631 2544 744 2598 ταφὴν
762 2547 908 2584 ἐνταῦθα
925 2547 1126 2592 αἰνίττεται,

92 2609 125 2646 Τ
129 2606 157 2651 ίς
186 2608 297 2660 ἐγερεῖ
322 2606 442 2655 αὐτόν,
475 2606 644 2658 Καθάπερ
671 2606 740 2659 γὰρ
758 2606 816 2644 τὸν
852 2606 976 2645 λέοντα
1011 2607 1033 2654 ἢ
1069 2609 1125 2648 τὸν

93 2668 244 2720 σκύμνον
275 2670 488 2708 καθεύδοντα
510 2668 620 2712 οὐδεὶς
646 2668 685 2705 ἂν
712 2668 918 2719 τολμήσειεν
935 2668 1126 2717 ἐξαναστῆ-

94 2746 165 2778 σαι,
180 2730 281 2777 οῧτω,
297 2730 414 2783 φησὶν,
438 2729 655 2780 Ἔκοιμήθης
673 2731 720 2773 ὡς
738 2728 848 2778 λέων,
878 2729 938 2768 καὶ
965 2733 1012 2774 ὡς
1036 2731 1126 2770 σκύ-

95 2806 189 2840 μνος.
206 2791 271 2835 Τίς
299 2792 411 2843 ἐγερεῖ
449 2790 572 2838 αὐτόν,
605 2790 716 2834 Αὐτὸς
742 2790 811 2844 γάρ
846 2794 939 2830 ἐστιν
957 2796 975 2832 ὁ
995 2793 1124 2846 λέγων·

95 2850 275 2896 Ἐξουσίαν
307 2852 378 2904 ἔχω
406 2855 514 2890 θεῖναι
538 2852 601 2900 τὴν
627 2852 743 2905 ψυχήν
766 2869 851 2904 μου,
880 2853 940 2892 καὶ
970 2853 1126 2899 ἐξουσίαν

99 2912 170 2964 ἔχω
187 2912 293 2950 πάλιν
310 2912 431 2950 λαὸεῖν
452 2912 572 2959 αὐτήν.
590 2907 681 2952 Εἶτα
711 2913 771 2952 καὶ
797 2914 856 2953 τὸν
872 2914 992 2968 καιρὸν
1009 2918 1128 2968 σαφῶς

97 2973 240 3026 μηνύει,
262 2976 339 3012 καθ’
361 2974 397 3012 δν
415 2974 663 3021 ἐπιστήσεσθαι
680 2976 822 3026 ἔμελλεν
835 2979 853 3014 ὃ
871 2977 1023 3030 Χριστὸς
1036 2977 1128 3016 κατὰ

95 3037 154 3074 τὸν
170 3039 232 3082 τῆς
248 3034 445 3086 οἰκονομίας
462 3034 574 3086 λόγον.
592 3037 671 3074 Οὐκ
687 3036 859 3089 ἐκλείψει,
873 3037 992 3090 φησὶν,
1009 3038 1128 3092 ἄρχων

96 3097 132 3142 ἐξ
150 3098 284 3145 Ἰούδα,
310 3097 386 3136 οὐδὲ
401 3097 591 3149 ’ἡγούμενος
622 3100 661 3136 ἐκ
683 3101 753 3136 τῶν
771 3102 893 3152 μηρῶν
915 3102 1040 3148 αὐτοῦ,
1060 3101 1125 3145 ἕως

97 3159 138 3197 ἂν
159 3159 261 3211 ἔλθῃ,
281 3153 310 3212 ᾧ
337 3159 539 3198 ἀπόκειται·
566 3158 626 3196 καὶ
652 3158 752 3203 αὐτὸς
783 3161 974 3212 προσδοκία
1006 3163 1124 3200 ἐθνῶν.

96 3220 216 3273 Μέχρι
231 3220 311 3259 τότε
328 3220 522 3272 διαρκέσει,
538 3218 622 3272 φησὶ
635 3249 644 3266 ,
659 3219 704 3258 τὰ
720 3220 912 3268 Ἰουδαϊκὰ,
936 3221 995 3260 καὶ
1017 3224 1048 3261 οἱ
1066 3222 1126 3276 ἅρ-

1189 451 1227 475 ea
1255 452 1333 488 quae
1364 439 1530 485 fecerant,
1552 437 1658 475 etiam
1683 437 1970 476 maledictionem
1995 438 2144 490 apponit

1189 507 1222 536 et
1247 498 1336 536 dicit
1357 514 1366 536 z
1395 500 1430 535 7.
1470 500 1708 537 „Maledictus
1727 500 1850 552 sut-or
1878 513 2030 545 eorum,
2052 502 2145 551 quia

1187 562 1373 611 pervicax
1397 576 1404 596 ε
1424 569 1459 597 et
1487 564 1546 598 ira
1570 575 1714 606 eorum,
1741 564 1834 615 quia
1850 563 2041 599 obdurata
2071 571 2141 599 est.

1192 620 1326 658 Dolum
1341 620 1534 673 significat,
1549 636 1620 672 quo
1652 622 1734 661 illos
1760 623 2084 671 circumvenerunt,
2105 637 2146 661 ac

1191 694 1274 719 cum
1299 681 1382 720 dolo
1403 682 1498 735 ipsos
1519 682 1634 721 adorti
1659 693 1752 722 sunt.
1775 685 1945 723 Pewicax
1965 685 2073 732 enim,
2092 684 2146 722 in-

1189 742 1279 793 quit,
1292 744 1392 782 furor
1405 759 1543 794 eorum,
1558 745 1778 795 temerarius,
1791 746 2024 798 impetuosus,
2040 746 2145 784 ratio-

1190 819 1234 843 ne
1255 820 1387 845 carens.
1411 809 1465 846 Et
1484 811 1544 846 ira
1567 822 1709 856 eorum,
1730 811 1824 860 quia
1856 809 2048 846 obdurata
2072 818 2142 847 est.

1191 867 1345 914 Quando
1362 869 1456 908 enim
1471 870 1647 909 Secimitae
1663 879 1878 923 putaverunt
1890 884 1947 907 eos
1963 869 2030 907 sibi
2043 869 2148 908 valde

1191 930 1338 981 amicos,
1351 940 1435 970 tunc
1454 932 1556 983 gravi
1576 932 1627 970 ira
1644 941 1677 970 et
1691 931 1786 970 bello
1806 947 1864 969 eos
1884 940 2145 984 oppresserunt.

1193 992 1239 1031 Et
1254 992 1351 1031 dicto
1367 1008 1489 1031 eorum
1505 992 1758 1046 peccato,dicit
1773 1002 1805 1031 et
1820 993 2038 1045 supplicium
2051 991 2147 1044 quod

1194 1053 1320 1092 luituri
1351 1064 1462 1093 crant.
1477 1056 1642 1093 Partim·
1671 1069 1734 1093 eos
1756 1057 1797 1091 in
1815 1056 1955 1100 Jacob,
1976 1063 2012 1092 et
2032 1055 2148 1092 disse-

1193 1119 1352 1155 minabo
1372 1131 1435 1155 σος
1455 1120 1496 1154 in
1515 1117 1654 1156 Israel.
1671 1116 1826 1168 Ubique,
1849 1116 1976 1168 inquit,
1995 1114 2147 1168 dispersi

1193 1187 1310 1226 eruut,
1329 1187 1368 1216 ut
1389 1178 1480 1216 istuc
1507 1177 1624 1231 ipsum
1646 1177 1873 1216 manifestum
1897 1178 1973 1225 flat,
1990 1191 2048 1214 eos
2067 1191 2149 1228 pro-

1193 1249 1272 1293 pter
1286 1240 1422 1278 facinus
1438 1239 1670 1278 commissum
1691 1239 1730 1276 id
1750 1253 1869 1291 passos
1887 1238 2004 1275 fuisse.
2019 1237 2055 1274 8.
2077 1239 2148 1275 Ju-

1193 1303 1259 1348 da,
1283 1311 1320 1340 te
1353 1302 1516 1339 laudent
1522 1303 1679 1354 fratres
1714 1302 1784 1338 tui.
1818 1298 2023 1337 Benedictio
2044 1298 2148 1338 Judae

1192 1361 1273 1400 data
1286 1362 1439 1415 mystica
1451 1371 1516 1412 est,
1532 1361 1752 1414 praesignans
1766 1359 1884 1398 omnia
1895 1374 1972 1411 quae
1984 1359 2029 1397 ad
2041 1360 2149 1398 Chri-

1193 1433 1290 1463 stum
1307 1424 1469 1462 attinent.
1489 1424 1611 1469 Juda,
1631 1422 1808 1473 inquit,te
1824 1422 2149 1475 laudentfi·atres

1195 1490 1264 1525 tui.
1288 1486 1383 1533 Quia
1403 1500 1449 1524 ex
1466 1485 1533 1524 hac
1561 1485 1656 1522 tribu
1678 1484 1882 1522 exoriturus
1897 1492 1971 1521 erat
1986 1483 2149 1521 Christus

1194 1547 1392 1588 secundum
1428 1546 1702 1600 dispensationis
1741 1545 1932 1595 rationem,
1964 1554 2150 1598 propterea

1195 1608 1334 1661 Spiritu
1364 1616 1484 1645 sancto
1517 1606 1660 1645 afflatus
1683 1605 1806 1654 Jacob,
1823 1603 1986 1657 praedicit
2006 1619 2071 1656 per
2093 1619 2147 1655 ea,

1197 1684 1277 1721 quae
1301 1669 1337 1707 in
1360 1668 1494 1709 Judam
1517 1667 1699 1715 dicuntur,
1714 1680 1782 1703 non
1808 1665 1923 1703 solum
1941 1665 2151 1703 descensum

1196 1730 1342 1770 Domini
1370 1730 1416 1768 ad
1444 1729 1618 1777 homines,
1638 1727 1700 1766 sed
1721 1737 1753 1765 et
1771 1727 1997 1780 mysterium,
2012 1736 2044 1765 et
2068 1741 2149 1765 cru-

1197 1808 1285 1841 cem,
1306 1802 1338 1830 et
1353 1790 1636 1845 sepulturamset
1658 1789 1964 1837 resurrectionem,
1985 1797 2019 1826 et
2038 1798 2077 1826 ut
2096 1803 2149 1827 se-

1195 1854 1266 1893 mel
1287 1854 1418 1902 dicam,
1441 1852 1572 1891 omnia.
1589 1853 1697 1890 Juda
1725 1849 1832 1899 enim,
1855 1849 1986 1901 inquit,
2010 1859 2046 1888 te
2062 1850 2149 1888 lctu-

1195 1919 1287 1956 dent
1288 1918 1443 1971 fratres
1461 1917 1519 1953 tui
1533 1931 1543 1950 :
1559 1927 1699 1952 manus
1714 1922 1789 1952 tuoe
1805 1916 1846 1950 in
1863 1921 1966 1965 tergo
1975 1915 2150 1950 inimico-

1194 1993 1280 2017 rum
1303 1987 1456 2016 tuorum
1475 1992 1485 2012 :
1505 1985 1542 2014 et
1557 1976 1777 2013 adorabunt
1799 1983 1834 2012 te
1838 1974 1926 2026 filii
1936 1976 2060 2026 putris
2080 1977 2148 2012 tui.

1195 2040 1337 2087 Quibus
1364 2038 1533 2086 declarat,
1562 2051 1621 2074 cos
1647 2035 1888 2088 subjiciendos
1920 2034 1974 2072 illi
2002 2048 2088 2072 esse.
2110 2036 2148 2073 9.

1197 2102 1361 2141 Catulus
1387 2100 1509 2138 leonis
1540 2099 1662 2137 Juda.
1686 2098 1748 2134 De
1774 2099 1960 2149 germine,
1973 2096 2046 2148 fili
2079 2098 2146 2142 mi,

1195 2164 1419 2202 ascendisti.
1437 2162 1601 2212 Regnum
1617 2159 1692 2211 ejus
1707 2157 1881 2210 praedicit.
1896 2157 2044 2209 Semper
2057 2157 2152 2194 enim

1196 2225 1388 2277 Scripturae
1410 2236 1486 2260 mos
1512 2230 1576 2269 est,
1593 2235 1656 2273 per
1683 2220 1838 2271 figuram
1862 2218 1970 2271 hujus
1985 2217 2151 2256 animalis

1195 2286 1329 2338 regiam
1344 2283 1590 2322 auctoritatem
1603 2281 1794 2319 insinuare.
1811 2282 2051 2318 Recumbens
2063 2280 2150 2317 dor-

1195 2349 1341 2388 mivisti
1362 2354 1403 2384 ut
1429 2345 1503 2391 leo,
1528 2352 1564 2381 et
1583 2345 1683 2381 sicut
1703 2342 1870 2380 catulus.
1893 2342 1987 2392 Quis
2005 2343 2151 2379 excita-

1197 2411 1252 2448 bit
1271 2411 1384 2447 eum?
1404 2406 1557 2444 Crucem
1574 2413 1608 2442 et
1633 2403 1854 2456 sepulturam
1872 2402 1933 2440 hic
1952 2402 2146 2454 significat.

1201 2473 1295 2523 Quis
1319 2470 1517 2516 excitabit,
1538 2465 1668 2517 inquit,
1690 2469 1807 2503 eum?
1826 2464 1927 2502 Sicut
1961 2464 2056 2502 enim
2079 2464 2151 2501 leo-

1196 2546 1278 2571 nem
1289 2530 1347 2570 vel
1358 2528 1517 2569 catulum
1536 2525 1771 2565 dormientem
1794 2525 1915 2563 nullus
1931 2524 2039 2562 audet
2057 2524 2153 2562 exci-

1196 2603 1284 2644 tare,
1303 2594 1352 2631 ita
1367 2591 1599 2630 Dormivisti
1614 2597 1655 2627 ut
1669 2589 1743 2635 leo,
1763 2596 1798 2625 et
1817 2596 1857 2624 ut
1872 2587 2038 2624 catulus.
2059 2586 2152 2636 Quis

1197 2657 1380 2695 excitabit
1397 2656 1510 2691 eum?
1529 2651 1611 2702 lpse
1631 2649 1722 2687 enim
1741 2657 1791 2686 est
1812 2647 1873 2698 qui
1889 2647 1977 2684 dicit
1999 2662 2007 2683 ε
2030 2648 2148 2684 Pote-
2166 2663 2256 2689 som„
2285 2668 2331 2688 10,

1197 2726 1337 2757 statem
1357 2716 1482 2752 haheo
1493 2711 1663 2764 ponendi
1682 2711 1858 2747 animam
1877 2722 2016 2753 meam,
2035 2715 2072 2745 et
2084 2722 2151 2757 po-
2170 2703 2218 2733 ¹8·

1199 2785 1376 2817 testatem
1393 2776 1517 2812 habeo
1529 2775 1667 2810 iterum
1681 2770 1891 2821 recipiendi
1910 2783 2010 2807 eam.
2027 2770 2152 2807 Postea

1198 2847 1231 2879 et
1258 2847 1398 2889 tempus
1425 2847 1568 2886 quoque
1595 2831 1778 2870 manifeste
1805 2829 1973 2878 declarat,
1992 2844 2063 2881 quo
2090 2830 2153 2868 ad-

1198 2909 1371 2940 venturus
1391 2896 1436 2935 sit
1464 2894 1627 2933 Christus
1653 2891 1850 2931 secundum
1878 2891 2152 2944 dispensationis

1199 2962 1383 3000 rationem.
1419 2959 1480 2996 10.
1502 2957 1592 2994 Non
1611 2954 1783 3006 deficiet,
1813 2952 1950 3004 inquit,
1974 2956 2151 3005 princeps

1200 3024 1247 3061 (le
1266 3023 1296 3061 J
1296 3022 1387 3068 uda,
1409 3032 1530 3071 neque
1544 3018 1596 3054 du
1607 3031 1623 3051 ι’
1636 3016 1906 3068 defemoribus
1918 3017 2013 3067 ejus,
2031 3016 2152 3052 dom-c

1200 3086 1350 3129 veniat,
1368 3083 1432 3119 cui
1451 3080 1658 3131 repositum
1681 3084 1736 3113 est
1753 3091 1764 3111 .·
1781 3083 1818 3113 et
1833 3077 1912 3127 ipse
1930 3078 2001 3113 erit
2021 3089 2151 3127 exspe-

1200 3154 1320 3191 ctatio
1340 3150 1524 3201 gentium.
1540 3142 1711 3191 Tamdiu,
1731 3142 1859 3194 inquit,
1879 3142 2061 3181 durabunt
2088 3145 2151 3182 Ju-

1201 3213 1317 3261 da'ica,
1337 3220 1370 3248 et
1391 3207 1569 3262 principes
1594 3204 1816 3253 Judaeomm,
1836 3204 1948 3243 donec
1966 3203 2027 3241 ille
2047 3217 2152 3241 vene-

96 3299 214 3335 7,οντες
233 3284 264 3321 Οἵ
286 3281 322 3326 ἐξ
345 3280 532 3330 ’Ῑῦυδαῖων,
562 3280 627 3325 ἕως
647 3280 687 3319 ἂν
713 3283 840 3326 ἐκεῖνος
873 3284 1125 3337 παραγένηται.
1151 3292 1175 3322 G
1202 3282 1260 3321 rit.
1282 3279 1329 3318 Et
1353 3278 1442 3316 benc
1464 3274 1580 3324 dixit,
1610 3275 1745 3312 Donec
1779 3273 1848 3311 ille
1882 3273 2057 3315 venerit,
2091 3267 2153 3307 cui

145 3414 157 3428 ²
181 3403 284 3438 San-il.
310 3414 339 3436 et
356 3405 482 3447 aliquot
515 3404 589 3437 Mss.
618 3403 671 3437 hic
698 3412 730 3436 et
758 3416 855 3448 supra
883 3421 913 3440 σε
931 3412 1107 3441 alueum-2.
1147 3404 1299 3439 xandrxn.
1317 3415 1347 3446 p.
1366 3404 1418 3443 630,
1440 3407 1509 3433 not.
1530 3398 1601 3441 30]
1617 3396 1731 3430 Morel.
1750 3404 1782 3430 et
1799 3396 1851 3429 alii
1868 3411 1897 3430 σε
1919 3401 2070 3428 uiuente-⁴.

99 3457 167 3499 [sic
185 3465 216 3489 ct
230 3454 329 3497 nihi,
349 3468 412 3499 qua
430 3455 471 3488 dc
491 3455 596 3489 forma
615 3455 716 3489 adisis
731 3456 841 3490 Sturz.
860 3459 906 3491 Dc
941 3457 1019 3492 dial.
1041 3459 1112 3492 Alc-
