2566 3791
649 217 690 249 ΙΝ
730 218 830 249 ΟΑῙ).
871 217 917 249 V.
959 217 1120 250 GENES.

66 307 206 353 τέθηκε,
225 304 284 342 καὶ
305 308 427 355 πεῖραν
458 301 507 353 μὴ
537 301 692 341 λαὸόντα
717 303 887 350 θανάτου,
909 304 999 342 ἀλλὰ
1025 303 1082 343 διὰ

59 371 122 414 τῆς
141 365 267 409 οἰκείας
288 363 546 418 εὐαρεστήσεως
568 362 739 416 ἀνώτερον
758 365 921 416 γεγονότα
946 368 1008 411 τῆς
1026 365 1081 410 ἐξ·

59 427 251 480 ενεχθείσης
266 425 472 478 ἀποφάσεως
483 423 574 463 κατὰ
591 430 650 463 τοῦ
663 428 731 462 τῶν
749 425 940 477 ἀνθρώπων
952 426 1080 477 γένους.

58 490 132 527 Ποῦ
149 488 184 526 δὲ
207 488 308 526 αὐτὸν
326 486 527 538 μετέθηκεν,
543 485 603 524 καὶ
624 486 718 530 ὅπως
738 489 796 524 νῦν
824 487 960 538 διάγει,
980 492 1081 526 τοῦτο

57 551 94 587 οὐ
110 549 337 601 προσέθηκεν.

108 665 210 716 Εἶδες
231 671 427 724 ἀγαθότητα
449 672 646 720 Δεσπότου,
666 674 741 716 πῶς
759 672 868 725 εὑρὼν
893 673 1000 726 ἄνδρα
1015 672 1079 720 τὴν

57 733 183 785 ἀρετὴν
213 733 491 785 κατωρθωκότα,
529 736 590 771 οὐκ
633 734 867 786 ἀπεστέρησεν
892 734 993 772 αὐτὸν
1017 737 1079 780 τῆς

56 795 170 840 ἀξίας,
190 796 232 842 ἣν
253 798 302 846 τῷ
318 794 586 846 πρωτοπλάστῳ
618 794 808 846 ἐχαρίσατο
838 795 906 848 πρὸ
924 798 986 841 τῆς
1006 810 1079 832 πα-

57 856 236 908 ραδόσεως
253 858 316 901 τ’ἦς
329 857 469 900 ἐντολῆς
480 885 490 901 ,
503 855 676 892 διδάσκων
690 857 785 905 ἡμᾶς
798 885 807 901 ,
824 855 878 894 ὅτι
899 857 1077 904 κάκεῖνος,

55 919 84 955 εἰ
104 916 152 967 μὴ
172 916 235 963 τὴν
256 916 393 962 ἀπάτην
414 916 630 968 προετίμησε
651 919 714 962 τῆς
738 916 894 962 δοθείσης
917 918 1077 966 ἐντολῆς,

53 981 121 1016 τῶν
142 979 253 1015 αὐτῶν
272 977 312 1014 ἂν
337 976 491 1023 ςήξίωτο
510 975 532 1022 ἢ
557 975 616 1014 καὶ
642 976 829 1025 μειζόνων,
852 977 921 1016 Καὶ
955 978 1075 1025 ἔζησε,

54 1038 149 1091 φησὶ,
179 1038 396 1076 Μαθουσάλα
420 1037 480 1084 ἔτη
508 1037 632 1075 ἑκατὸν
653 1037 866 1088 ὀγδοήκοντα
886 1037 996 1085 ἑπτὰ,
1018 1039 1078 1077 καὶ

52 1099 213 1152 ἐγέννησε
241 1099 299 1137 τὸν
328 1099 476 1151 Λάμεχ·
499 1098 559 1136 καὶ
587 1099 687 1145 ἔζησε
714 1099 845 1152 Λάμεχ
874 1100 934 1147 ἔτη
955 1100 1078 1139 ἑκατὸν

53 1161 283 1212 ὀγδοήκοντα,
312 1160 371 1198 καὶ
395 1159 574 1211 ἐγέννησεν
604 1159 690 1207 υἱὸν,
717 1160 776 1198 καὶ
805 1161 1012 1212 ἐπωνόμασε
1040 1162 1080 1201 τὸ

52 1223 161 1273 ὄνομα
181 1224 282 1260 αὐτοῦ
303 1223 382 1260 Νῶε
399 1251 408 1268 ,
427 1221 538 1272 λέγων
552 1236 559 1244 ·
579 1215 676 1265 οὗτος
698 1221 738 1268 δὴ
760 1223 954 1262 ἀναπαύσει
983 1226 1136 1283 ἡμᾶς188

1159 218 1315 250 nomn„
1355 218 1450 250 XXI.
2020 223 2101 253 221

1153 303 1250 355 quod
1278 303 1458 343 viventem
1476 301 1712 353 transtulerit,
1732 314 1796 340 nee
1817 311 1966 341 mortem
1983 317 2111 357 exper-

1153 372 1212 402 tus
1236 364 1306 413 sit,
1330 363 1393 402 sed
1421 364 1468 402 ob
1495 377 1619 411 suum,
1646 377 1752 414 quem
1772 363 1869 415 apud
1896 365 2013 403 Deum
2040 367 2109 404 lia-

1153 426 1260 464 lwbat
1277 427 1448 475 favorem,
1460 425 1622 479 superior
1639 425 1752 463 factus
1768 424 1813 463 sit
1832 425 1956 465 divina
1974 436 2111 466 senteu-

1153 488 1200 526 tia
1221 497 1341 527 contra
1362 489 1559 526 humanum
1578 501 1687 539 genus
1718 487 1868 540 prolata.
1891 490 1973 535 Quo
1992 499 2110 527 autem

1150 548 1255 586 illum
1285 549 1504 587 transtulerit
1521 578 1532 598 ,
1551 557 1584 587 et
1605 548 1784 600 quomodo
1803 563 1899 587 nunc
1927 559 2023 602 agat,
2041 551 2111 590 hoc

1150 623 1218 647 non
1240 609 1386 662 adjecit.

1202 672 1239 708 5.
1260 671 1397 710 Vidisti
1429 670 1625 709 bonitatem
1659 671 1822 723 Domini,
1846 671 2027 724 quomodo
2054 672 2109 711 in*-

1149 740 1296 769 ventum
1316 732 1449 777 virum,
1472 733 1533 782 qui
1557 732 1730 770 virtutem
1757 743 1923 785 operatus
1944 743 2010 783 cst,
2038 749 2108 773 non

1147 791 1330 829 fraudavit
1343 791 1519 843 dignitate
1534 807 1642 843 quam
1654 793 1862 845 primigenae
1877 794 2013 832 homini
2029 805 2110 834 ante

1147 852 1307 891 mandati
1341 853 1657 905 transgressionem
1683 854 1834 905 largitus
1859 864 1933 893 erat
1954 871 1961 891 :
1980 856 2110 894 docens

1148 928 1226 964 nos,
1243 928 1279 952 se
1297 923 1331 953 et
1347 914 1467 963 illum,
1490 913 1556 952 nisi
1572 913 1745 952 daemonis
1765 914 2007 967 deceptionem
2028 917 2110 968 plu-

1147 975 1198 1014 ris
1230 976 1369 1014 fecisset
1396 989 1504 1027 quam
1534 975 1709 1014 traditum
1739 975 1964 1026 mandatum,
1988 977 2109 1015 eodem

1148 1037 1204 1075 vel
1222 1037 1350 1090 majori
1381 1037 1515 1076 honore
1547 1036 1783 1089 dignaturum
1814 1038 1948 1076 fuisse?
1971 1039 2035 1077 35.
2056 1041 2110 1078 Et

1148 1102 1267 1145 vixit,
1301 1099 1438 1150 inquit,
1458 1100 1700 1138 Mathusala
1729 1112 1856 1137 annos
1890 1108 2045 1138 centum
2073 1109 2111 1138 et

1149 1163 1346 1212 octoginta
1370 1169 1529 1212 septem,
1552 1169 1589 1198 et
1616 1162 1751 1212 genuit
1770 1161 1941 1199 Lamech
1961 1177 1970 1198 .·
1990 1161 2052 1200 28.
2073 1170 2111 1199 et

1150 1222 1252 1258 vixit
1277 1221 1448 1258 Lamech
1477 1233 1604 1259 annos
1623 1228 1780 1258 centum
1808 1223 2018 1272 octoginta,
2040 1221 2108 1259 20.

54 1283 123 1321 ἀπὸ
145 1285 214 1320 τῶν
241 1282 350 1335 ἔργων
370 1285 484 1332 ἡμῶν,
519 1282 578 1320 καὶ
611 1282 680 1320 ἀπὸ
712 1285 780 1321 τῶν
811 1285 978 1337 λυπηρῶν
1008 1287 1077 1322 τῶν
1099 1297 1125 1326 Α
1148 1289 1186 1319 et
1208 1283 1342 1333 genuit
1357 1281 1509 1333 filium,
1533 1289 1570 1319 et
1590 1281 1808 1333 appellavit
1838 1295 1977 1319 nomen
2001 1282 2111 1320 illius

54 1345 180 1396 χειρῶν
196 1346 318 1394 ἡμῶν,
339 1343 398 1382 καὶ
416 1343 485 1382 ἀπὸ
506 1345 568 1389 τῆς
589 1347 652 1396 γῆς
665 1375 674 1391 ,
697 1339 738 1390 ἧς
763 1345 990 1396 κατηράσατο
1009 1344 1080 1384 Κύ-

56 1421 125 1456 ριος
139 1409 156 1444 ὁ
175 1405 275 1447 Θεός.
289 1404 386 1457 ’Ὀρα
410 1404 516 1442 πάλιν
537 1404 594 1442 διὰ
612 1407 676 1451 τῆς
693 1405 928 1459 προσηγορίας
944 1409 1004 1444 τοῦ
1019 1410 1079 1444 νῦν

52 1466 230 1518 τεχθέντος
250 1466 317 1505 ὑπὸ
343 1469 402 1505 τοῦ
421 1466 550 1518 Λάμεχ
567 1466 768 1520 μυστηρίων
783 1468 823 1506 τὸ
839 1467 1000 1519 μέγεθος,
1018 1466 1078 1506 καὶ

51 1527 277 1580 προρρήσεως
313 1527 523 1579 ὓπερὸολὴν,
554 1527 613 1566 καὶ
646 1528 908 1582 φιλανθρωπίαν
945 1529 1076 1582 ἄφατον

51 1593 110 1627 τοῦ
131 1591 260 1639 ἀγαθοῦ
282 1590 388 1627 Θεοῦ.
408 1588 555 1635 Ἐπειδὴ
571 1588 638 1641 γὰρ
665 1591 708 1640 τῇ
741 1590 853 1643 οἰκείᾳ
881 1589 1077 1645 προγνώσει

50 1649 94 1687 τὰ
115 1649 284 1700 μέλλοντα
306 1649 467 1703 προεώρα
481 1679 490 1695 ,
513 1648 592 1687 ἰδὼν
611 1650 675 1695 τὴν
695 1651 821 1690 κακίαν
841 1654 911 1689 τῶν
939 1651 1076 1704 ἀνθρώ-

51 1726 125 1748 πων
145 1711 392 1762 αὐξανομένην,
406 1710 570 1762 προλέγει
590 1712 649 1749 διὰ
666 1715 728 1758 τῆς
749 1717 808 1751 τοῦ
827 1713 950 1756 παιδὸς
968 1729 1078 1765 προσ-

51 1771 193 1824 ηγορίας
210 1772 254 1810 τὰ
274 1772 447 1822 μέλλοντα
461 1771 723 1823 καταλήψεσθαι
738 1773 831 1811 κακὰ
847 1773 938 1811 ἅπαν
957 1775 996 1812 τὸ
1009 1778 1077 1812 τῶν

52 1832 242 1884 ἀνθρώπων
268 1834 382 1884 γένος,
401 1833 457 1871 ἵνα
486 1833 551 1872 κᾶν
579 1836 629 1885 τῷ
661 1833 758 1886 φόὸῳ
789 1835 1079 1887 σωφρονισθέντες

51 1894 277 1946 ἀπόσχωνται
296 1899 358 1941 τῆς
375 1894 500 1938 κακίας
515 1894 687 1941 ,ἕλωνται
708 1894 744 1932 δὲ
764 1896 828 1942 τὴν
849 1897 987 1948 ἀρετήν.
1010 1897 1079 1936 Καὶ

51 1955 113 2005 ὅρα
147 1954 388 2007 μακροθυμίαν
410 1955 609 2001 Δεσπότου,
640 1956 709 2007 πρὸ
734 1955 843 1995 πόσου
870 1957 997 2010 χρόνου
1015 1958 1078 2006 τὴν

50 2016 242 2068 πρόρρησιν
256 2016 416 2067 γενέσθαι
431 2023 543 2062 ποιεῖ,
563 2016 619 2054 ἵνα
636 2017 695 2055 καὶ
713 2017 774 2064 τὴν
797 2018 928 2056 οἰκείαν
945 2019 1080 2058 ἐπιδεί-

52 2077 152 2122 Ξηται
177 2076 452 2130 φιλανθρωπίαν,
478 2077 537 2115 καὶ
568 2078 685 2123 πάσης
715 2079 905 2130 ἀπολογίας
923 2083 1080 2120 ἀποστε-

52 2139 141 2189 ρήσῃ
170 2137 247 2181 τοὺς
280 2138 342 2183 τὴν
371 2137 545 2190 τιμωρίαν
576 2138 766 2188 μέλλοντας
793 2139 968 2191 δέχεσθαι.
985 2142 1078 2180 Ἀλλ’

51 2199 131 2243 ἴσως
150 2199 191 2236 ἄν
208 2215 260 2242 τις
279 2199 389 2246 εἴποι,
407 2200 466 2237 καὶ
494 2198 597 2237 πόθεν
618 2202 669 2252 τῷ
688 2200 820 2251 Λάμεχ
847 2201 888 2238 τὸ
913 2205 1076 2240 τοσοῦτον

51 2259 193 2310 μέγεθος
205 2262 267 2306 τῆς
284 2260 529 2312 προρρήσεως
543 2260 592 2310 μὴ
609 2259 677 2313 γὰρ
698 2261 873 2311 μέμνηται
888 2265 910 2308 ἡ
931 2263 1053 2315 Γραφὴ
1067 2293 1077 2311 ,

49 2320 102 2358 ὅτι
129 2321 286 2374 ἐνάρετος
312 2337 365 2364 τις
393 2316 436 2368 ἦν
468 2321 526 2359 καὶ
555 2323 773 2372 θαυμαστός;
807 2322 868 2370 Μὴ
901 2323 1075 2376 ξενισθῇς,

51 2382 227 2433 ἀγαπητέ·
251 2383 354 2434 σορὸς
373 2382 440 2434 γὰρ
459 2382 506 2420 ὧν
532 2383 592 2420 καὶ
614 2383 811 2435 εὐμήχανος
831 2388 848 2423 ὁ
867 2385 1049 2433 Δεσπότης
1063 2415 1073 2435 ,

52 2443 111 2481 καὶ
131 2445 173 2481 δι’
187 2443 334 2488 ἀναξίων
353 2444 522 2488 πολλάκις
541 2452 717 2496 συγχωρεῖ
747 2445 978 2498 προλέγεσθαι
995 2451 1076 2485 θαυ-

54 2504 170 2553 μαστὰ
189 2505 249 2542 καὶ
266 2505 402 2556 μεγάλα
422 2504 614 2558 πράγματα
627 2534 637 2551 ,
659 2506 719 2544 καὶ
732 2508 794 2544 οὐκ
811 2508 845 2545 ἐν
863 2511 906 2560 τῇ
928 2509 1074 2561 Παλαιᾷ

54 2565 156 2613 μόνον
181 2571 300 2612 τοῦτο,
316 2566 406 2604 ἀλλὰ
429 2567 489 2604 καὶ
514 2569 547 2604 ἐν
578 2570 622 2618 τῇ
644 2569 770 2620 Καινῇ.
791 2568 913 2607 Ἄκουε
929 2569 997 2622 γὰρ
1012 2575 1072 2609 τοῦ

0 2663 1 2677 γ
52 2627 293 2678 εὐαγγελιστοῦ
319 2627 400 2679 περὶ
433 2631 492 2665 τοῦ
529 2628 673 2680 Καῖάφα
700 2633 759 2666 τοῦ
793 2633 862 2668 τῶν
893 2631 1070 2669 Ἰουδαίων

0 2685 1 2689 ’
50 2687 237 2740 ἀρχιερέως
261 2688 436 2739 λέγοντος·
455 2684 570 2727 Τοῦτο
586 2689 622 2728 δὲ
645 2692 702 2742 ἀφ’
724 2692 847 2728 ἑαυτοῦ
875 2694 936 2730 οὐκ
962 2686 1071 2739 εἶπεν,

49 2751 124 2788 ἀλλ’
143 2750 324 2803 ἀρχιερεὺς
342 2750 389 2788 ὧν
409 2756 469 2790 τοῦ
493 2755 648 2791 ἐνιαυτοῦ
677 2752 828 2801 ἐκείνου,
857 2755 1071 2807 προεφήτευ-

47 2825 118 2858 σεν,
138 2810 190 2849 ὅτι
208 2811 357 2861 ἤμελλεν
373 2815 391 2850 ὁ
412 2812 546 2859 Ἰησοῦς
563 2813 806 2860 ἀποθνήσκειν,
822 2816 886 2867 οὐχ
905 2817 993 2867 ὑπὲρ
1011 2820 1071 2855 τοῦ

47 2873 130 2910 λαοῦ
152 2872 267 2922 μόνον,
289 2874 365 2910 ἀλλ’
393 2873 451 2912 ἵνα
477 2874 537 2912 καὶ
558 2874 603 2912 τὰ
634 2874 714 2922 ἔθνη
749 2876 794 2914 τὰ
812 2877 1072 2931 ἐσκορπισμένα

47 2934 225 2985 συναγάγῃ
250 2937 296 2979 εἷς
312 2935 361 2973 ἕν.
382 2935 555 2988 Εὑρῆσεις
572 2938 724 2976 τοιοῦτόν
743 2954 778 2976 τι
793 2938 900 2977 πάλιν
928 2939 987 2977 καὶ
1014 2939 1072 2977 ἐπὶ

46 2999 106 3033 τοῦ
127 2995 279 3045 Βαλαὰμ
295 2995 486 3047 γινόμενον.
508 3001 522 3017 ·”
537 2998 685 3045 Κληθεὶς
709 2998 778 3052 γὰρ
804 2999 895 3038 ὥστε
917 3000 1071 3052 καταρά-

48 3058 173 3093 σασθαι
191 3057 248 3094 τὸν
266 3057 363 3105 λαὸν,
381 3059 418 3096 οὐ
436 3052 540 3108 μόνον
568 3061 606 3097 οὐ
634 3061 860 3111 κατηράσατο
872 3091 880 3107 ,
901 3061 992 3099 ἀλλὰ
1011 3062 1071 3100 καὶ

46 3119 279 3170 προεφήτευσε
307 3120 444 3171 μεγάλα
475 3121 534 3158 καὶ
569 3121 755 3173 θαυμαστὰ
785 3123 1005 3175 πράγματα,
1031 3126 1069 3162 οὐ

47 3178 199 3230 περὶτοῦ
214 3181 299 3218 λαοῦ
321 3181 436 3231 μόνον,
456 3182 546 3220 ἀλλὰ
564 3182 623 3220 καὶ
641 3184 721 3236 περὶ
735 3187 797 3230 τῆς
821 3188 881 3222 τοῧ
904 3186 1069 3238 Σωτῆρος

1102 1975 1125 2004 Β

1147 1343 1246 1388 Noe,
1279 1342 1412 1380 dicens
1431 1357 1441 1378 .·
1461 1343 1538 1380 Hic
1559 1344 1796 1394 requiescere
1821 1344 1946 1395 saciet
1973 1357 2042 1381 nos
2061 1345 2111 1381 ab

1148 1405 1324 1456 operibus
1345 1406 1500 1450 nostris,
1522 1412 1559 1442 et
1579 1417 1605 1441 a
1624 1404 1814 1442 molestiis
1838 1418 2026 1441 manuum
2044 1418 2112 1441 no-

1146 1473 1333 1511 strarum,
1350 1472 1388 1502 et
1403 1478 1429 1502 a
1445 1472 1549 1502 terra
1564 1478 1683 1517 quam
1699 1465 1905 1502 maledixit
1917 1466 2112 1503 Dominus

1147 1527 1270 1564 Deus.
1308 1525 1404 1566 Vide
1445 1525 1577 1564 iterum
1613 1539 1676 1578 per
1708 1525 1984 1578 appellationem
2016 1539 2112 1564 nune

1147 1586 1222 1625 nati
1253 1601 1299 1625 ex
1329 1586 1486 1626 Lamech
1519 1586 1775 1639 mysteriorum
1806 1587 2109 1639 magnitudinem,

1147 1647 1311 1687 vaticinii
1330 1647 1598 1697 excellentiam,
1617 1657 1652 1686 et
1681 1647 1748 1686 Dei
1773 1647 1861 1686 boni
1893 1648 2114 1686 ineffabilem

1145 1709 1414 1761 benignitatem.
1450 1708 1633 1757 Quoniam
1662 1709 1757 1747 enim
1791 1709 2014 1761 praescientia
2046 1724 2111 1748 sua

1147 1770 1371 1822 praevidebat
1397 1784 1438 1808 ea
1462 1784 1540 1821 quae
1559 1770 1683 1808 futura
1702 1778 1804 1808 erant
1816 1785 1828 1819 ;
1851 1779 1890 1808 ut
1916 1770 2010 1808 vidit
2029 1785 2110 1808 ma·-

1148 1831 1265 1868 litiam
1297 1831 1486 1869 hominum
1516 1831 1553 1868 in
1583 1829 1660 1868 dies
1699 1830 1815 1881 magis
1856 1839 1962 1882 atque
1997 1832 2112 1883 magis

1149 1892 1344 1930 increscere
1357 1922 1367 1941 ,
1401 1891 1565 1944 praedicit
1597 1905 1663 1944 per
1696 1891 1971 1943 appellationem
2009 1892 2112 1944 pueri

1150 1952 1244 1991 mala
1291 1966 1368 2004 quae
1403 1962 1519 1990 totum
1554 1952 1755 1990 humanum
1792 1965 1903 2004 genus
1941 1952 2109 1991 invasura

1151 2023 1279 2064 essent,
1321 2023 1361 2052 ut
1393 2014 1451 2053 vel
1484 2013 1612 2052 timore
1653 2014 1816 2065 castigati
1849 2014 2111 2053 abducerentur

1150 2090 1170 2114 a
1186 2076 1299 2124 vitiis,
1313 2084 1347 2113 et
1366 2075 1657 2128 amplexarentur
1675 2075 1862 2113 virtutem.
1880 2075 1928 2114 Et
1949 2075 2033 2114 vide
2045 2091 2110 2129 pa-

1150 2136 1311 2174 tientiam
1331 2136 1479 2174 Domini
1498 2135 1655 2175 curantis
1668 2165 1680 2185 ,
1702 2145 1742 2173 ut
1768 2144 1848 2173 ante
1864 2145 2002 2173 tantum
2017 2146 2110 2174 tem—

1149 2212 1218 2250 pus
1248 2197 1460 2236 vaticinium
1489 2196 1720 2250 praecederet,
1750 2206 1791 2234 ut
1818 2206 1852 2235 et
1871 2211 1976 2235 suam
1993 2206 2108 2235 osten-

1148 2259 1247 2298 deret
1276 2258 1583 2308 misericordiam,
1613 2268 1648 2297 et
1679 2258 1776 2297 omni
1799 2258 1959 2311 privaret
1987 2259 2109 2297 desen·

1148 2321 1246 2360 sione
1275 2335 1334 2360 eos
1358 2322 1422 2373 qui
1445 2335 1558 2374 poenae
1586 2321 1698 2359 futuri
1720 2330 1820 2359 erant
1841 2321 2001 2360 obnoxii.
2035 2321 2108 2361 Sed

1147 2385 1236 2421 forte
1254 2383 1336 2434 quis
1350 2382 1484 2421 dixerit
1500 2382 1628 2421 :Unde
1647 2382 1804 2420 Lamech
1824 2382 1892 2421 hoe
1910 2382 2050 2432 habuit,
2068 2391 2108 2421 ut

1146 2454 1285 2483 tantum
1301 2444 1515 2483 vaticinium
1533 2443 1767 2497 praediceret?
1785 2458 1853 2482 non
1869 2444 1965 2482 enim
1981 2445 2109 2483 memi-

1144 2508 1198 2545 nit
1211 2506 1398 2558 Scriptura
1416 2520 1498 2543 eum
1513 2505 1627 2543 multa
1642 2505 1774 2543 virtute
1790 2505 1972 2552 claruisse,
1989 2505 2106 2543 admi—

1145 2569 1366 2619 rabilemque
1396 2567 1517 2605 fuisse.
1537 2568 1590 2605 Ne
1620 2567 1780 2613 mireris,
1801 2566 1928 2604 dilecte
1945 2582 1952 2602 :
1970 2567 2102 2604 Domi-
2152 2579 2207 2605 rer
2225 2581 2307 2608 imit-

1145 2645 1213 2669 nus
1224 2631 1318 2668 enim
1333 2639 1451 2668 noster
1468 2628 1608 2680 sapiens
1626 2637 1660 2665 ct
1678 2628 1912 2679 omnipotens,
1926 2642 1988 2679 per
2007 2627 2102 2666 indi·
2115 2631 2185 2689 {³¹:¹¹¹ss
2207 2629 2308 2691 ¹2:¹5:

1145 2707 1232 2744 gnos
1246 2706 1338 2744 saepe
1352 2689 1512 2729 coneedit
1527 2688 1675 2741 praedici
1692 2703 1838 2741 magnas
1851 2689 2102 2740 mirabilesque
2117 2684 2306 2740 pra-dicunt}

1144 2769 1198 2793 res
1214 2753 1342 2805 :idque
1354 2766 1423 2790 non
1438 2752 1472 2789 in
1498 2750 1623 2790 Veteri
1638 2751 1866 2788 Testamento
1885 2751 2022 2797 solum,
2040 2750 2101 2788 sed
2117 2745 2207 2773 ⁰⁹¹¹*-

1143 2827 1178 2855 et
1203 2817 1239 2854 in
1260 2817 1372 2854 Novo.
1392 2813 1487 2852 Audi
1510 2812 1605 2850 enim
1625 2812 1880 2863 evangelistam
1899 2812 1944 2850 de
1963 2812 2101 2864 Caipha

1143 2878 1349 2917 Judaeorum
1382 2874 1553 2928 pontifice
1586 2873 1764 2911 dicentem
1782 2889 1790 2909 :
1808 2875 1894 2911 Hoc
1926 2883 2057 2911 autem
2075 2887 2206 2917 alvan.
2236 2897 2283 2920 η,

1143 2943 1345 2991 semetipso
1371 2951 1449 2975 non
1465 2937 1580 2981 dixit,
1603 2936 1671 2973 secl
1689 2948 1777 2973 cum
1805 2943 1902 2973 esset
1919 2935 2100 2988 pontifex
2117 2930 2169 2961 5¹·

1143 3005 1240 3040 anni
1255 3001 1375 3045 illius,
1394 2998 1574 3050 pras-dixit
1600 2998 1828 3034 moriturum
1846 3010 1929 3034 esse
1948 2997 2098 3042 Iesum,

1144 3076 1221 3100 non
1237 3061 1361 3099 solum
1374 3072 1445 3110 pro
1455 3057 1612 3109 populo,
1627 3057 1744 3094 sedat
1756 3065 1888 3109 gentes
1905 3058 2100 3108 dispersas

1142 3129 1394 3174 congregaret
1423 3122 1464 3156 in
1496 3131 1627 3155 unum.
1647 3118 1813 3155 Invenies
1834 3117 1919 3155 item
1939 3128 1972 3155 et
1991 3133 2010 3155 a
2033 3118 2100 3155 Ba·
2116 3136 2209 3166 Num.
2233 3135 2283 3175 2't·

1142 3185 1237 3222 laam
1259 3183 1328 3221 tale
1347 3180 1436 3232 quid
1454 3181 1602 3217 sactum.
1625 3179 1784 3217 Vocatus
1804 3178 1899 3217 enim
1920 3187 1959 3216 ut
1986 3178 2101 3216 male-

88 3311 101 3326 (
118 3299 230 3342 ἡξίωτθ
255 3309 273 3342 ἡ
297 3309 346 3339 καὶ
367 3313 512 3349 μειζόνων
529 3319 535 3338 :
554 3319 626 3351 quae
652 3316 835 3353 sequuntur
858 3310 892 3342 in
918 3308 1050 3344 duobus
1084 3309 1236 3343 similiter
1252 3307 1308 3341 illa
1324 3306 1527 3348 transposita
1539 3303 1754 3347 proesert35ed
1767 3305 1895 3337 utrovis
1905 3301 2008 3336 modo
2023 3303 2105 3336 lwne

46 3353 331 3399 Mss.transposita
345 3357 508 3403 leguntur,
520 3372 620 3404 usque
633 3361 676 3394 ad
688 3361 757 3394 haec
770 3360 993 3402 vei-bastarna
1005 3370 1050 3407 μὴ
1085 3363 1208 3396 habere
1231 3360 1399 3394 videntur.
1415 3357 1520 3402 [Iusta
1539 3358 1623 3396 οὗτος
1639 3361 1828 3392 &iuvamina
1843 3355 1926 3390 Bibl.
1939 3364 1973 3388 et
1985 3355 2104 3399 Savil.j

45 3411 143 3446 ἁπλῶς
155 3411 318 3452 ἀκούωμεν,
336 3417 368 3443 et
389 3409 477 3444 infra
492 3410 558 3444 alio
581 3414 645 3445 situ
671 3413 892 3456 reperiuntur.
910 3414 1052 3448 sasinus

1130 3425 1143 3440 ⁸
1161 3415 1215 3447 Sic
1233 3412 1337 3447 Savil.
1357 3419 1390 3445 et.
1406 3411 1483 3444 Mss.
1501 3410 1615 3443 Morel.
1635 3421 1713 3444 vcro
1731 3414 1846 3449 κληθεὶς
1869 3417 1925 3455 γὰρ
1944 3425 2056 3455 καταγῇ.
