2516 3791
669 179 709 209 IN
750 180 851 210 CM).
892 181 968 210 XX.

67 261 130 309 τὴν
150 260 282 307 πολλὴν
310 259 512 307 ἐπιείκειαν,
533 261 575 311 τῇ
605 258 719 313 ὀἰκείᾳ
739 262 922 314 φιλοτιμίᾳ
946 262 1089 313 ἀμείῧε·

66 339 124 361 ται
152 321 210 359 τὸν
236 320 471 372 πατριάρχην.
490 320 626 359 ’Elaea
655 321 743 374 γὰρ,
764 323 882 375 φησὶν,
903 323 1091 375 Ἀὅιμέλεχ

65 382 164 434 χίλια
191 381 389 433 δίδραχμα,
430 381 488 418 καὶ
521 381 680 434 πρόὸατα
694 411 703 428 ,
734 383 793 421 καὶ
827 383 980 435 μόσχους
993 412 1002 428 ,
1032 384 1090 422 καὶ

64 443 208 489 παῖδας,
226 441 285 480 καὶ
301 442 506 488 παιδίσκας,
523 442 582 480 καὶ
598 442 818 481 ἀποδέδωκεν
836 446 930 496 αὐτῷ
948 443 1091 496 Σάρῥαν

64 503 127 550 τὴν
144 509 292 554 γυναῖκα
312 504 430 541 αὐτοῦ.
453 497 574 552 Εἶδες,
602 503 763 555 ἀγαπητὲ
779 534 788 551 ,
809 504 874 551 τὴν
896 504 1090 556 εὐμήχανον

63 567 122 603 τοῦ
143 565 237 602 Θεοῦ
258 564 399 616 σοφίαν,
418 564 463 603 Ὁ
479 564 546 617 γὰρ
561 565 641 616 περὶ
661 569 721 603 τοῦ
741 564 888 603 Θανάτου
906 563 1067 607 δεδοικὼς
1080 592 1090 608 ,

62 624 121 663 καὶ
157 624 272 662 πάντα
303 627 412 664 ποιῶν
432 624 524 663 ὥστε
543 626 732 672 δυνηθῆναι
752 629 873 663 τοῦτον
899 626 1090 676 διαφυγεῖν,

62 687 100 724 οὐ
132 685 234 736 μόνον
270 686 327 724 τὸν
357 686 503 725 θάνατον
526 685 684 738 διέφυγεν
696 714 706 731 ,
741 685 831 724 ἀλλὰ
868 685 927 723 καὶ
959 685 1092 736 πολλῆς

62 746 219 792 ἀξιοῦται
248 747 472 800 παρρησίας,
504 748 562 786 καὶ
581 746 774 799 περιφανὴς
800 746 923 798 ἀθρόον
945 745 1090 796 γίνεται.

113 809 271 846 Τοιαῦτα
287 807 354 860 γὰρ
373 808 416 846 τὰ
436 807 533 859 παρὰ
553 810 613 845 τοῦ
634 808 746 845 Θεοῦ·
765 808 803 844 οὗ
825 805 928 856 μόνον
946 808 1016 843 τῶν
1034 806 1092 842 λυ-

59 871 180 920 πηρῶν
215 869 387 919 ἐλευθεροῖ
416 867 495 910 τοὺς
522 866 687 918 γενναίως
715 867 875 918 ἀντέχειν
903 865 988 919 πρὸς
1013 865 1091 909 τοὺς

61 926 221 970 ἐπιόντας
241 926 458 979 πειρασμοὺς
477 926 751 972 σπουδάζοντας,
774 926 864 964 ἀλλὰ
882 927 941 965 καὶ
962 926 1091 965 τοσαύ-

59 1003 122 1034 την
138 989 174 1025 ἐν
192 988 308 1030 αὐτοῖς
323 993 394 1031 τοῖς
412 989 583 1040 λυπηροῖς
603 987 753 1039 παρέχει
773 986 836 1035 τὴν
856 988 1087 1041 εὐφροσύνην,

58 1052 104 1093 ὡς
119 1049 178 1088 καὶ
194 1049 304 1095 λήθην
322 1052 416 1099 ἡμᾶς
435 1050 528 1102 ἔχειν
545 1050 723 1096 παντελῆ,
740 1049 798 1087 καὶ
816 1051 851 1087 ἐν
863 1052 976 1103 πολλῇ
997 1050 1090 1102 γίνε·

60 1113 140 1148 σθαι
157 1112 224 1148 τῶν
251 1113 390 1161 ἀγαθῶν
411 1111 606 1164 περιουσίᾳ.
628 1110 698 1148 Καὶ
719 1112 783 1163 ὅρα
803 1112 924 1150 λοιπὸν
942 1115 1002 1150 τοῦ
1022 1115 1090 1163 βα-

59 1169 181 1214 σιλέως
200 1169 260 1218 τὴν
274 1171 360 1223 πρὸς
379 1172 437 1210 τὸν
458 1171 590 1210 δίκαιον
607 1172 807 1224 θεραπείαν.
825 1174 878 1211 Οὐ
900 1172 1002 1223 μόνον
1022 1173 1089 1225 γὰρ

57 1237 127 1275 τοῖς
146 1230 323 1276 τοσούτοις
342 1233 446 1271 αὐτὸν
466 1232 588 1285 δώροις
608 1240 712 1285 τιμᾷ,
735 1232 825 1271 ἀλλὰ
841 1234 899 1271 καὶ
915 1233 978 1281 τὴν
993 1233 1088 1278 ἐξου-

57 1292 135 1331 σίαν
156 1295 250 1346 αὐτῷ
277 1294 399 1332 δίδωσι
425 1297 488 1340 τῆς
520 1296 554 1332 ἐν
575 1296 617 1345 τῇ
652 1297 697 1346 γῇ
727 1294 976 1341 κατοικήσεως.
996 1294 1087 1333 Ἰδοὺ

56 1354 142 1405 γὰρ,
161 1354 279 1406 φησὶν,
300 1358 321 1401 ἡ
341 1357 387 1406 γῆ
407 1371 473 1404 μου
500 1354 653 1394 ἐναντίον
677 1355 738 1394 σού
760 1356 872 1393 ἐστιν·
893 1349 932 1393 οὗ
953 1355 1011 1393 ε’άν
1033 1371 1087 1395 σοι

57 1414 188 1466 ἀρέσκῃ
201 1443 210 1460 ,
230 1414 398 1453 κατοίκει.
417 1415 566 1462 Ἐπειδὴ
586 1415 654 1468 γὰρ
668 1416 794 1467 ἔμαθεν
814 1416 867 1455 ὅτι
881 1418 926 1454 δι’
943 1419 1085 1465 ἐκεῖνον,

57 1475 115 1513 καὶ
136 1475 273 1525 διὰπὰς
289 1476 420 1514 ἐκείνου
446 1477 648 1529 προσευχὰς
673 1480 694 1524 ἡ
727 1477 797 1524 ζωὴ
817 1478 912 1529 αὐτῷ
937 1478 1086 1530 κεχάρι-

57 1551 158 1582 σται,
177 1539 223 1580 ὡς
242 1537 427 1589 εὐεργέτην
446 1539 567 1577 λοιπὸν
588 1539 647 1576 καὶ
662 1539 878 1591 προστάτην,
895 1537 953 1576 τὸν
979 1537 1084 1587 ξένον,

55 1598 112 1636 τὸν
132 1598 280 1645 ἀλήτην,
299 1599 358 1637 τὸν
375 1599 564 1650 οὐδαμόθεν
584 1599 760 1652 γνώριμον
781 1599 870 1638 οὕτω
885 1599 1086 1651 θεραπεύειν

55 1658 243 1710 ἐπείγεται.
265 1661 321 1711 Τῇ
349 1659 386 1698 δὲ
409 1661 552 1712 Σάρρᾳ,
574 1661 693 1713 φησὶν,
722 1655 834 1699 εἶπεν·
858 1660 929 1698 ἰδοὺ
951 1660 1086 1700 δέδωκα

54 1719 152 1771 χίλια
178 1720 356 1773 δίδραχμα
373 1723 422 1773 τῷ
443 1722 581 1774 ἀδελφῷ
600 1737 673 1759 σου.
694 1721 792 1773 “Opot
808 1725 882 1764 πῶς
901 1721 1086 1772 δεξάμενος

53 1779 117 1828 τὴν
134 1780 231 1832 παρὰ
247 1785 306 1818 τοῦ
324 1782 458 1820 δικαίου
479 1782 720 1832 διδασκαλίαν,
740 1782 800 1820 καὶ
812 1781 1001 1825 πιστεύσας
1016 1788 1087 1826 τοῖς

55 1843 138 1892 παρ’
160 1843 264 1879 αὐτοῦ
286 1842 480 1894 εἰρημένοις
493 1872 502 1891 ,
532 1843 590 1880 καὶ
612 1843 713 1886 αὐτὸς
735 1843 881 1895 ἀδελφὸν
901 1845 1006 1889 αὐτῆς
1027 1845 1086 1881 αὐ-

54 1901 112 1939 τὸν
132 1903 244 1940 καλεῖ.
262 1903 370 1956 Ἅπερ
387 1903 539 1952 δέδωκα,
557 1905 661 1956 φησὶ,
678 1907 728 1956 τῷ
746 1905 884 1956 ἀδελφῷ
899 1920 973 1952 σου,
988 1905 1087 1944 ἔσται

56 1965 104 2007 εἷς
126 1963 234 2014 τιμὴν
250 1968 335 2002 ἶ*τοῦ
356 1964 546 2017 προσώπου
565 1980 624 2003 σου
637 1996 646 2013 ,
663 1965 723 2003 καὶ
741 1966 857 2003 πάντα
878 1965 1084 2011 ἀλήθευσον.

1009 180 1169 210 GENtzs.

1210 180 1366 210 noant„
1407 181 1512 210 xcv.
2020 167 2110 214 535

1161 265 1259 314 cepit
1280 263 1511 301 Abimelcch
1531 262 1640 300 mille
1661 263 1926 310 didrachmas,
1949 273 1985 302 ec
2005 280 2107 313 oves,

1162 331 1197 361 et
1217 324 1378 371 vitulos,
1398 332 1433 362 et
1453 336 1595 371 servos,
1618 331 1653 361 et
1683 323 1866 369 ancillas,
1890 333 1925 362 ec
1946 327 2111 364 reddidit

1162 384 1224 421 [Ili
1254 385 1414 423 Sarrum
1443 398 1601 423 uxorem
1634 398 1759 423 suam.
1783 383 1939 431 Vidisti,
1966 386 2112 434 dilecte,

1162 445 1439 496 omnipotentem
1469 454 1503 483 ct
1534 445 1671 484 variam
1699 445 1764 483 Dei
1790 446 2025 498 sapienti-‘uns‘
2042 448 2112 493 Qui

1163 503 1256 540 enini
1273 505 1306 540 in
1320 506 1442 543 mortis
1456 506 1613 557 periculo
1626 506 1837 544 constitutus
1851 508 2113 555 erat,ctonu1ia

1164 562 1312 600 faciebat
1336 573 1373 601 ut
1399 575 1545 603 mortem
1571 576 1685 618 posset
1711 568 1886 619 effugere,
1910 583 1977 606 non
1999 569 2115 607 solum

1164 633 1312 661 mortem
1337 625 1482 675 cffugit,
1499 626 1561 663 scd
1586 636 1619 663 ct
1645 642 1809 680 magnam
1840 629 1996 668 obtinuit
2022 629 2115 668 fidu-

1163 683 1268 732 ciam,
1288 692 1321 721 ct
1335 693 1477 736 repente
1493 687 1669 736 gloriosus
1686 688 1799 726 sactus
1819 699 1883 728 cst.

1217 804 1254 843 5.
1277 806 1319 844 In
1347 806 1443 844 hunc
1467 807 1563 844 enim
1589 808 1737 846 modum
1760 823 1863 861 agore
1882 811 1969 849 solet
1990 813 2085 849 Dens
2105 828 2112 848 :

1163 879 1232 904 non
1252 866 1369 905 solum
1387 881 1407 904 a
1430 867 1591 906 tristibus
1611 869 1739 908 liberat
1763 884 1820 907 cos
1841 872 1901 921 qui
1924 873 2063 910 fortiter
2080 887 2117 911 se

1163 937 1290 979 gerunt
1312 928 1347 966 in
1374 929 1648 978 tentationibus,
1669 931 1705 969 in
1733 945 1821 982 quas
1847 932 2029 984 incidunt3
2055 934 2119 972 scd

1162 997 1195 1026 ct
1224 997 1359 1026 tantam
1383 989 1419 1027 in
1446 989 1608 1029 adversis
1639 993 1774 1044 praebet
1805 993 1994 1041 laetitiam,
2016 1005 2054 1032 ut
2081 996 2115 1034 in

1162 1061 1285 1087 θοι-ιω]
1304 1050 1524 1089 oblivionem
1542 1053 1687 1091 omnino
1707 1053 1870 1101 veniant,
1894 1063 1928 1092 et
1949 1054 1982 1091 in
2006 1056 2117 1094 multa

1162 1110 1232 1149 sint
1254 1111 1431 1149 bonorum
1455 1112 1651 1151 affluentia.
1677 1114 1725 1152 Et
1749 1114 1835 1153 vide
1862 1115 2006 1168 insuper
2026 1116 2118 1166 regis

1161 1184 1244 1223 erga
1267 1173 1407 1224 justum
1439 1173 1543 1211 illum
1574 1174 1748 1213 officium.
1769 1176 1847 1213 Non
1880 1175 1995 1212 solum
2023 1176 2117 1213 enim

1160 1233 1267 1270 tantis
1290 1233 1497 1272 muneribus
1522 1234 1627 1272 illum
1648 1235 1814 1287 honorat,
1836 1236 1899 1274 sed
1924 1236 2031 1274 ctiam
2053 1252 2117 1290 po-

1160 1301 1321 1332 testatem
1336 1295 1367 1332 ei
1385 1294 1461 1343 dat,
1475 1304 1513 1333 ut
1528 1295 1564 1333 in
1581 1305 1672 1334 terra
1687 1311 1750 1334 sua
1766 1297 1915 1335 habitet.
1935 1299 1950 1334 1
1963 1298 1998 1334 ’”).
2015 1299 2118 1335 Ecce

1160 1357 1278 1402 enim,
1303 1355 1443 1406 inquit,
1467 1366 1571 1395 terra
1602 1372 1688 1396 mea
1717 1372 1850 1397 coram
1876 1368 1911 1396 te
1940 1368 1994 1397 est
2003 1376 2018 1404 ,·
2035 1362 2119 1397 ubi-

1159 1430 1322 1468 cumque
1346 1418 1552 1469 placuerit,
1583 1421 1733 1457 habita.
1757 1421 1849 1458 Nam
1873 1420 1955 1471 quia
1988 1420 2118 1458 didicit

1158 1488 1304 1531 propter
1316 1479 1420 1517 illum
1433 1510 1441 1525 ,
1463 1489 1496 1518 et
1507 1490 1654 1534 propter
1669 1481 1767 1519 illius
1779 1496 1900 1534 preces
1914 1482 2029 1519 vitam
2048 1482 2116 1520 sibi

1157 1539 1279 1577 datam
1311 1554 1403 1589 esse,
1425 1541 1506 1579 ideo
1535 1543 1584 1581 ita
1610 1544 1646 1581 in
1666 1543 1910 1596 peregrinum,
1937 1558 2115 1590 erronem,

1159 1609 1192 1638 et
1211 1610 1313 1638 antea
1339 1601 1429 1639 nulli
1451 1603 1654 1653 cognitum,
1672 1605 1773 1654 quasi
1800 1605 1836 1642 in
1855 1605 2116 1643 benefactorem

1159 1670 1192 1699 et
1222 1671 1375 1700 tutorem
1403 1663 1560 1714 aliquem
1589 1664 1769 1703 officiosus
1787 1666 1869 1703 fuit.
1901 1668 1964 1704 16.
1989 1667 2116 1704 Sarroe

1159 1731 1302 1769 autem,
1322 1723 1454 1774 inquit,
1479 1725 1579 1762 dixit
1598 1741 1609 1760 :
1628 1726 1731 1763 Ecce
1749 1727 1838 1764 dedi
1861 1727 1968 1764 mille
1984 1728 2116 1765 didra-

1158 1784 1293 1821 chmas
1297 1785 1427 1836 fratri
1447 1793 1526 1822 tuo.
1540 1785 1637 1825 Vide
1649 1786 1842 1837 quomodo,
1865 1795 2006 1839 accepta
2027 1802 2045 1824 a
2058 1788 2116 1840 ju-

1159 1852 1212 1881 sto
1226 1843 1388 1883 doctrina
1399 1876 1408 1894 ,
1429 1845 1584 1884 credidit
1599 1847 1674 1899 ejus
1689 1847 1815 1895 dictis,
1833 1857 1939 1898 atque
1954 1848 2029 1900 ipse
2044 1849 2115 1886 fra-

1160 1912 1250 1943 trem
1274 1905 1382 1958 hujus
1402 1907 1507 1944 illum
1528 1917 1646 1946 vocat.
1667 1910 1731 1946 Ea
1752 1921 1837 1962 quse
1856 1910 1959 1959 dedi,
1980 1909 2110 1960 inquit,

1156 1966 1277 2017 fratri
1299 1975 1376 2014 tu0,
1405 1977 1518 2006 erunt
1543 1971 1585 2005 in
1610 1970 1796 2008 honorem
1821 1971 1956 2008 vultus
1983 1974 2051 2016 tui,
2077 1979 2114 2009 et

56 2025 103 2063 Τι’
128 2027 236 2074 ἐστιν,
258 2028 321 2070 Εἰς
352 2026 458 2077 τιμὴν
483 2031 544 2065 τοῦ
571 2026 760 2079 προσώπου
791 2042 871 2072 σου,
891 2027 950 2065 καὶ
971 2027 1087 2065 πάντα
1111 2035 1136 2064 Α
1161 2028 1295 2063 omnia
1314 2039 1406 2063 vere
1420 2028 1496 2064 dic.
1517 2027 1618 2073 Quid
1634 2037 1703 2077 est,
1717 2031 1766 2066 In
1783 2031 1967 2067 honorem
1979 2030 2113 2068 vultus

55 2087 268 2135 ἀλήθευσον,
288 2088 400 2140 ’Υπὲρ
417 2082 465 2126 ὧν
481 2089 524 2126 δι’
541 2088 682 2139 ἄγνοιαν
700 2088 915 2140 ἐπεχείρησα
928 2088 1085 2139 γαμετήν

54 2163 92 2185 σε
113 2142 219 2186 οῦσαν
239 2153 298 2188 τοῦ
313 2149 447 2188 δικαίου
465 2151 513 2192 εἷς
531 2149 593 2196 τὴν
609 2149 720 2187 οἰκίαν
737 2149 800 2196 τὴν
819 2148 906 2199 ἐμὴν
927 2150 1084 2200 ἀγαγεῖν,

53 2208 142 2260 ὑπὲρ
160 2209 281 2248 τούτου
302 2209 427 2260 μόνου,
443 2209 564 2255 ἐπειδὴ
584 2209 717 2261 ὕὸρεώς
737 2225 790 2248 σοι
809 2208 918 2252 αἴτιος
936 2208 1083 2260 γέγονα,

52 2269 97 2308 τὰ
118 2270 217 2322 χίλια
238 2269 373 2308 δέδωκα
393 2271 592 2322 δίδραχμα,
611 2270 811 2323 θεραπεύων
829 2269 873 2308 τὰ
895 2272 978 2321 παρ’
998 2271 1083 2320 ἐμοῦ

51 2331 267 2382 γεγενημένα
283 2333 330 2374 εἷς
352 2330 402 2369 σέ.
420 2330 525 2369 Ἀλλὰ
545 2331 670 2369 Πάντα
695 2331 899 2378 ἀλήθευσον.
918 2329 965 2368 Τί
985 2332 1058 2368 ἐστι
1073 2359 1084 2379 ,

52 2391 177 2430 Πάντα
200 2392 411 2440 ἀλήθευσον,
431 2391 590 2439 Πάντες,
612 2392 716 2445 φησὶ,
745 2392 842 2445 παρὰ
870 2397 931 2431 σοῦ
949 2395 1084 2443 μανθα-

51 2452 219 2499 νέτωσαν,
243 2453 298 2490 ὅτι
317 2452 412 2491 οὐδὲν
431 2452 552 2505 γέγονε
570 2456 653 2505 παρ’
675 2456 760 2505 ἐμοῦ
786 2454 1008 2507 παράνομον,
1031 2455 1084 2493 ὅτι

52 2514 228 2567 ἀνέπαφος
247 2514 385 2561 ἐξῆλθες
412 2516 452 2552 ἐκ
470 2518 532 2561 τῆς
561 2515 672 2558 οἰκίας
696 2518 759 2562 τῆς
789 2517 889 2566 ἐμῆς.
919 2515 1082 2564 Δίδαξον,

52 2575 156 2627 φησὶ,
176 2575 235 2614 τὸν
255 2576 365 2627 ἄνδρα
395 2574 453 2613 τὸν
485 2574 558 2623 σὸν,
583 2575 637 2614 ὅτι
657 2576 768 2620 ἀθῶός
787 2578 859 2627 εἰμι
878 2580 940 2623 τῆς
968 2578 1085 2629 ἆμαρ-

51 2636 143 2680 τίας·
169 2636 373 2687 μανθανέτω
392 2637 488 2690 παρὰ
519 2642 601 2686 σοῦ,
620 2640 667 2681 ὡς
686 2637 780 2676 οὐδὲν
808 2638 990 2690 εἴργασταί
1011 2654 1082 2689 μοι.

51 2699 84 2736 Τ
89 2698 155 2742 ίνος
170 2698 206 2736 δὲ
226 2698 341 2737 ἕνεκεν
363 2700 474 2738 ταῦτά
492 2715 620 2752 φησιν,
640 2699 715 2738 Ἵνα
738 2699 856 2751 μαθὼν
876 2702 960 2752 παρ’
977 2703 1083 2748 αὐτῆς

50 2761 68 2795 ὃ
84 2757 215 2801 δίκαιος
235 2759 294 2796 καὶ
312 2761 589 2813 πληροφορηθεὶς
607 2761 669 2804 τὰς
692 2760 779 2813 ὑπὲρ
802 2763 906 2800 αὐτοῦ
928 2776 1083 2813 προσευ-

50 2819 116 2871 χὰς
133 2819 299 2871 ἀνενέγκῃ
318 2824 369 2873 τῷ
385 2822 561 2874 Δεσπότῃ.
578 2822 725 2870 Ἐπειδὴ
746 2822 814 2874 γὰρ
833 2817 928 2861 εἶπεν
944 2825 1083 2871 ἐκεῖνος,

50 2882 104 2918 ὅτι
129 2880 254 2918 Πάντα
280 2881 486 2929 ἀλήθευσον,
506 2884 582 2922 ἀντὶ
602 2888 662 2922 τοῦ
677 2913 686 2931 ,
707 2883 841 2928 δίδαξόν
859 2899 921 2922 σου
941 2883 999 2922 τὸν
1024 2885 1083 2922 ἄν·

51 2943 115 2993 δρα
133 2942 177 2980 τὰ
200 2943 435 2994 γεγενημένα,
455 2944 578 2988 εὐθέως
607 2945 783 2998 ἐπήγαγεν
803 2949 825 2992 ἡ
843 2945 968 2998 Γραφή
981 2961 989 2969 ·
1011 2945 1082 2984 Καὶ

49 3003 270 3055 προσηύξατο
290 3004 452 3056 Ἀδραὰμ
478 3006 564 3057 πρὸς
596 3006 651 3044 τὸν
678 3006 786 3054 Θεὸν,
816 3007 875 3045 καὶ
910 3006 1034 3045 ἰάσατο
1062 3010 1082 3045 ὁ

48 3064 138 3108 Θεὸς
161 3065 218 3103 τὸν
239 3065 427 3119 Ἀὅιμέλεχ
436 3096 445 3113 ,
470 3067 530 3105 καὶ
547 3066 610 3114 τὴν
630 3073 778 3118 γυναῖκα
794 3070 917 3115 αὐτοῦ,
937 3068 997 3106 καὶ
1019 3068 1082 3112 τὰς

48 3124 236 3170 παιδίσκας
265 3129 389 3172 αὐτοῦ,
416 3127 476 3165 καὶ
501 3127 655 3166 ἔτικτον·
686 3130 740 3167 ὅτι
770 3129 962 3181 συγκλείων
997 3146 1079 3169 συν-

50 3185 205 3225 έκλεισεν
231 3187 353 3232 ἔξωθεν
373 3195 491 3227 πᾶσαν
511 3189 647 3241 μήτραν
666 3190 701 3227 ἕν
725 3192 776 3242 τῷ
793 3189 887 3242 ’,οἴκῳ
906 3195 966 3230 τοῦ
985 3191 1080 3230 ’Affi-

52 3247 163 3299 μέλεχ
191 3247 306 3286 ἕνεκεν
332 3248 474 3301 Σάρῤας
507 3252 569 3297 τῆς
599 3250 760 3302 γυναικὸς
787 3250 958 3304 Ἀδραάμ.
983 3252 1081 3305 ’Ὀρα

1160 2088 1235 2131 tui,
1255 2094 1292 2123 et
1318 2089 1450 2124 omnia
1469 2101 1562 2124 vere
1581 2088 1668 2126 dic?
1691 2091 1760 2126 Pro
1775 2089 1819 2127 iis
1839 2104 1918 2140 quae
1936 2105 1997 2142 per
2014 2090 2114 2141 igno-

1158 2146 1311 2184 rantiam
1327 2160 1515 2198 aggressus
1531 2162 1630 2198 sum,
1647 2158 1681 2186 tc
1696 2163 1775 2199 quae
1795 2164 1830 2188 es
1850 2165 1943 2188 uxor
1957 2151 2062 2203 justi,
2077 2151 2112 2189 in

1157 2205 1307 2244 domum
1342 2221 1457 2245 meam
1490 2207 1779 2247 introducendo:
1806 2225 1871 2263 pro
1902 2210 1970 2249 hoc
1998 2212 2114 2250 solum

1157 2267 1243 2318 quia
1265 2269 1488 2307 contumeliae
1507 2269 1574 2308 tibi
1593 2281 1717 2310 auctor
1734 2272 1807 2322 fui,
1831 2272 1929 2311 mille
1950 2272 2035 2312 dedi
2058 2274 2115 2312 di-

1157 2328 1345 2368 drachmas
1360 2359 1372 2380 ,
1394 2340 1595 2369 resarturus
1619 2346 1659 2370 ca
1681 2347 1760 2384 quae
1785 2348 1805 2372 a
1833 2348 1889 2371 me
1909 2334 1945 2372 in
1969 2344 2002 2372 te
2032 2344 2115 2373 sunt

1156 2388 1323 2428 admissa.
1343 2392 1482 2430 Verum
1500 2393 1642 2431 Omnia
1661 2407 1755 2431 vere
1783 2396 1856 2433 dic.
1877 2395 1980 2441 Quid
2002 2395 2114 2447 signi-

1156 2451 1262 2501 ficat,
1282 2453 1425 2490 Omnia
1449 2466 1541 2490 vere
1569 2454 1657 2491 dic?
1679 2455 1834 2503 Omnes,
1872 2456 2008 2507 inquit,
2036 2471 2055 2493 a
2079 2465 2113 2494 tc

1155 2511 1294 2550 discant
1320 2512 1411 2550 nihil
1437 2513 1603 2564 iniquum
1629 2529 1650 2552 a
1677 2529 1733 2553 me
1760 2516 1894 2554 factum
1913 2531 2004 2563 esse,
2028 2517 2111 2567 quia

1156 2572 1288 2612 intacta
1304 2574 1451 2613 exivisti
1472 2575 1516 2613 de
1535 2575 1643 2613 domo
1663 2590 1752 2614 mea.
1773 2579 1883 2626 Doce,
1904 2577 2034 2628 inquit,
2053 2578 2111 2615 vi-

1156 2648 1238 2672 rum
1257 2644 1374 2683 tuum,
1397 2649 1470 2673 esse
1489 2650 1545 2673 me
1572 2636 1794 2675 innocentem
1816 2652 1836 2675 a
1860 2647 2004 2690 peccato
2025 2654 2031 2674 :
2051 2637 2111 2676 di-

1155 2704 1229 2734 scat
1242 2711 1262 2734 a
1278 2705 1325 2743 te,
1342 2695 1433 2733 nihil
1445 2711 1465 2734 a
1483 2711 1539 2734 me
1552 2697 1685 2735 factum
1699 2712 1784 2736 esse.
1802 2698 1921 2745 Quare
1936 2713 2020 2737 vcro
2034 2699 2110 2737 haec

1155 2756 1268 2795 dicit?
1288 2759 1338 2796 Ut
1357 2771 1439 2795 cum
1453 2758 1572 2809 justus
1591 2758 1637 2796 ab
1660 2773 1700 2796 ea
1713 2759 1900 2807 didicerit,
1918 2761 2110 2811 multisque

1154 2818 1262 2857 fuerit
1281 2818 1478 2857 rationibus
1499 2819 1658 2867 edoctus,
1674 2835 1738 2872 pro
1755 2835 1795 2859 eo
1814 2835 1934 2873 preces
1954 2823 2108 2860 Domino

1155 2880 1293 2917 offerat.
1317 2881 1410 2917 Nam
1430 2889 1617 2931 postquam
1638 2880 1697 2918 ille
1713 2880 1830 2932 dixit,
1856 2884 1998 2920 Omnia
2017 2897 2108 2921 vere

1154 2940 1376 2978 dic:l1ocest
1395 2956 1401 2976 :
1417 2941 1638 2978 Docevirum
1654 2949 1754 2979 tuum
1768 2956 1807 2980 ea
1823 2957 1900 2993 quae
1911 2935 2105 2994 factasunt,

1153 3002 1274 3040 statim
1286 3001 1451 3040 subdidit
1463 3002 1668 3054 Scriptura:
1684 3005 1729 3041 17
1740 3033 1748 3040 .
1765 3005 1819 3041 Et
1835 3007 1961 3042 oravit
1976 3005 2017 3042 A
2022 3007 2107 3043 hra-

1154 3064 1246 3101 ham
1267 3064 1408 3109 Deum,
1433 3071 1469 3100 et
1490 3066 1647 3100 sanavit
1673 3064 1778 3102 Deus
1800 3064 2046 3111 Abimeleclz,
2070 3074 2106 3103 et

1154 3138 1312 3162 uxorem
1322 3127 1417 3177 ejus,
1434 3124 1680 3175 ancillasque
1698 3127 1793 3178 ejus,
1805 3134 1841 3164 et
1853 3135 2079 3178 pepererunt
2094 3143 2105 3162 .-

1155 3185 1218 3224 18.
1242 3188 1335 3238 quia
1354 3185 1587 3223 concludens
1606 3186 1849 3225 concluserat
1868 3191 2106 3226 extrinsecus

1155 3266 1307 3290 omnem
1327 3252 1492 3290 vulvam
1505 3254 1547 3289 ἱη
1568 3251 1682 3290 domo
1700 3252 1932 3295 Abimeleclz
1951 3262 2109 3305 propter

93 3379 107 3394 ³
133 3370 212 3402 Post
240 3376 291 3405 τοῦ
307 3379 466 3415 προσώπου
485 3389 544 3413 σου,
564 3374 597 3406 in
621 3373 736 3407 Bibliis
754 3372 875 3417 legitur
891 3379 940 3409 καὶ
963 3380 1069 3413 πάσαις
1084 3384 1148 3414 ταῖς
1165 3380 1245 3418 μετὰ
1263 3380 1321 3415 τοῦ,
1338 3381 1368 3406 et
1381 3374 1531 3406 omnibus
1548 3385 1624 3417 (μα-ε
1641 3381 1744 3406 tecum
1762 3383 1844 3406 sunt.
