2516 3791
720 164 761 194 ΙΝ
799 163 902 193 CAP-

148 253 219 304 μίν.
254 250 391 296 Ἐκείνη
431 248 492 299 μὲν
526 250 564 287 ἐκ
594 250 655 286 τοῦ
693 245 955 297 συμὸεὸηκότος
985 245 1072 296 αὐτῇ
1106 241 1169 290 τὴν

146 310 379 387 προσηγορίαν
393 309 568 354 ἐπιτίθησι
581 324 631 346 τι)
645 307 756 355 παιδὶ,
773 310 790 345 6
811 305 846 345 δὲ
866 304 983 357 πατὴρ
1003 303 1169 354 Βενιαμὶν

145 373 246 411 αὐτὸν
263 371 417 411 ἐκάλεσε.
439 370 508 409 Καὶ
530 368 619 420 μετὰ
639 369 679 407 τὸ
697 374 822 415 τεκεῖν,
842 367 960 420 φησὶν,
982 365 1166 412 Ἀπέθανε,

143 433 202 471 καὶ
226 432 335 484 ἐτάφη
358 434 392 470 ἐν
419 433 462 482 τῇ
491 431 559 482 ὁδῷ
580 429 741 482 Ἐφραθδῑ
756 445 764 452 ·
785 427 872 476 αὕτη
898 427 971 466 ἐστὶ
995 424 1168 476 Βηθλεέμ.

145 494 212 533 Καὶ
231 494 373 541 ἔστησεν
393 491 522 532 Ἰακὼὸ
555 492 686 539 στήλην
715 491 773 529 ἐπὶ
799 494 859 529 τοῦ
889 487 1070 541 μνημείου.
1089 486 1166 534 Τὴν

143 555 292 607 ἀθυμίαν
313 554 375 601 τὴν
392 555 448 593 ἐπὶ
468 557 510 605 τῇ
530 555 673 606 τελευτῇ
691 555 752 600 τῆς
774 551 914 604 Ῥαχὴλ
932 552 1168 602 παρεμυθεῖτο

141 620 160 655 6
177 617 330 668 τεχθεὶς,
347 617 406 655 καὶ
427 615 665 668 παρεσκεύαζε
690 614 810 666 πράως
826 613 940 667 φέρειν
956 613 1012 651 τὸν
1034 610 1166 649 δίκαιον

141 678 204 726 τὴν
224 678 401 725 ἀποῧολὴν
417 681 479 724 τῆς
495 677 646 729 Ῥαχήλ.
668 675 846 715 Ἐντεῦθεν
866 673 985 712 λοιπὸν
1003 672 1165 724 διαδέχε-

141 756 198 778 ται
214 744 274 778 τοῦ
290 739 440 786 Ῥουὸὴν
462 742 483 784 ἡ
504 737 706 791 προπέτεια.
732 735 919 788 Πορευθεὶς
936 733 1026 785 γὰρ,
1048 732 1165 786 φησὶν,

141 802 310 852 ἐκοιμήθη
345 800 434 852 μετὰ
468 800 606 843 Βοίλλας
632 801 694 845 τῆς
724 799 910 842 παλλακῆς
946 799 1006 834 τοῦ
1035 795 1167 848 πατρὸς

141 865 243 902 αὐτοῦ
257 879 264 886 ·
301 863 358 901 καὶ
397 862 542 908 ἤκουσεν
582 860 748 913 Ἰσραὴλ,
782 859 842 898 καὶ
875 858 1024 910 πονηρὸν
1057 858 1164 911 ἐφάνη

140 924 293 964 ἐναντίον
314 927 429 963 αὐτοῦ.
447 923 517 962 Καὶ
533 923 600 976 γὰρ
616 917 658 970 ἧν
677 921 881 975 παράνομον
899 920 1030 974 σφόδρα
1047 920 1086 959 τὸ
1106 936 1165 972 γε·

137 986 248 1037 γονός.
271 985 339 1024 Διὰ
358 989 459 1025 τοῦτο
481 985 540 1023 καὶ
561 984 650 1036 μετὰ
669 988 780 1023 ταῦτα
799 986 994 1034 νομοθετῶν
1013 983 1166 1029 Μωυσῆς

139 1048 354 1125 ἀπηγόρευεν
379 1048 451 1086 υἱὸν
482 1047 542 1086 καὶ
561 1046 697 1098 πατέρα
722 1049 764 1098 τῇ
786 1045 872 1097 αὐτῇ
901 1043 1162 1095 ἐπιμίγνυσθαι.

137 1108 215 1147 Ἵνα
235 1109 332 1162 γὰρ
327 1109 374 1157 μὴ
395 1111 462 1147 ὁδῶ
485 1108 729 1161 προὸαίνοντες
757 1107 938 1154 συνήθειαν
957 1105 997 1144 τὸ
1018 1110 1166 1157 πρᾶγμα

138 1171 376 1223 ἐργάσωνται,
409 1175 427 1210 6
459 1170 647 1222 νομοθέτης
687 1184 884 1244 προαναστε
870 1169 982 1213 ε’λλει,
1013 1167 1166 1221 τιμωρία

138 1232 323 1271 ὑπευθυνον
343 1235 431 1270 εἶναι
460 1233 516 1271 τὸν
537 1236 689 1270 τοιοῦτον
707 1229 930 1283 διαγορεύων.
948 1229 1039 1268 ’m
1071 1228 1166 1279 ὅμως

137 1309 195 1331 και
215 1293 304 1331 οὔτι)
323 1298 380 1331 νυν
403 1293 465 1344 μὲν
490 1294 611 1346 πράως
638 1293 756 1345 ἔφερεν
776 1296 794 1330 6
814 1290 944 1329 Ιακὼὸ
964 1292 1008 1342 τῇ
1036 1306 1162 1342 φυσικῃ

137 1354 360 1406 φιλοστοργία
375 1353 573 1406 νικώμενος.
598 1354 697 1392 Μετὰ
717 1353 752 1392 δὲ
775 1356 888 1391 ταῦτα
912 1352 1049 1403 μέλλων
1072 1351 1164 1396 ἐξιέ-

136 1431 191 1454 ναι
205 1419 264 1454 τοῧ
283 1415 373 1466 βίου,
390 1415 586 1462 στηλιτεύει
600 1416 658 1454 τὸν
673 1415 781 1453 παῖδα
793 1445 802 1462 ,
820 1414 1042 1465 ἀνάγραπτον
1059 1414 1163 1452 αὐτοῦ

134 1477 197 1524 τὴν
218 1476 438 1529 παρανομίαν
454 1476 678 1527 ποιούμενος,
699 1476 759 1515 καὶ
779 1475 958 1528 ἀρώμενος
974 1477 1086 1529 αὐτῷ,
1107 1475 1164 1514 ἵνα

136 1539 192 1577 διὰ
221 1542 290 1577 τῶν
322 1541 369 1583 εἷς
386 1541 512 1578 ἐκεῖνον
531 1538 770 1591 γεγενημένων
790 1537 849 1576 καὶ
877 1541 909 1576 οἱ
940 1540 988 1582 εἷς
1015 1539 1055 1577 τὸ
1087 1538 1164 1586 ἑξῆς

136 1600 425 1654 σωφρονίζωνται.
458 1600 638 1638 Ἐντεῦθεν
656 1602 741 1650 ἡμῖν
766 1600 888 1638 λοιπὸν
911 1601 1164 1652 ἀπαριθμεῖται

135 1661 212 1702 tob:
231 1662 358 1704 παῖδας
375 1666 435 1699 τοῦ
457 1660 587 1699 Ἰακὼὸ
603 1665 621 1699 ὁ
642 1661 815 1713 μακάριος
837 1663 988 1707 Μωϋσῆς
1001 1691 1010 1708 ,
1036 1661 1096 1699 καὶ
1116 1662 1164 1699 δι-

137 1723 256 1761 δάσκει
269 1725 379 1773 ἡμᾶς,
393 1723 427 1767 ἐξ
446 1717 492 1760 ὧν
509 1723 701 1774 διηγεῖται,
720 1725 780 1760 τοῦ
798 1721 932 1760 δικαίου
945 1721 1008 1769 τὴν
1023 1722 1164 1775 ἀρετήν.

137 1784 211 1822 Ἵνα
227 1784 294 1836 γὰρ
315 1783 363 1834 μὴ
383 1784 529 1835 νομίσῃς
551 1785 670 1827 ἁπλῶς
689 1783 748 1822 καὶ
767 1785 814 1826 ὡς
835 1783 955 1835 ἔτυχεν
979 1784 1080 1822 αὐτὸν
1100 1783 1164 1831 τὴν

135 1847 316 1883 συνουσίαν
334 1845 546 1891 ποιήσασθαι
566 1845 629 1891 τὴν
651 1844 737 1897 πρὸς
767 1843 830 1891 τὴν
857 1843 997 1897 <Ραχὴλ
1015 1845 1075 1883 καὶ
1099 1845 1162 1893 τὴν

135 1906 242 1944 Λείαν
262 1906 320 1944 καὶ
347 1906 408 1950 τὰς
431 1906 490 1944 δύο
508 1906 714 1953 παιδίσκας,
743 1905 875 1948 δεικνὺς
906 1906 958 1943 ὅτι
983 1905 1163 1956 οἰκονομία

135 1968 201 2005 τινὶ
220 1970 499 2019 ὑπηρετούμενος
518 1970 579 2014 τ’ἧς
601 1968 686 2019 πρὸς
704 1966 809 2010 αὐτὰς
829 1967 968 2018 ὁμιλίας
982 1966 1162 2019 ἠνέσχετο,

134 2029 193 2067 καὶ
209 2029 299 2068 ὥστε
313 2029 374 2072 τὰς
392 2028 525 2067 δώδεκα
540 2029 648 2081 φυλὰς
662 2029 696 2074 ἐξ
711 2030 814 2067 αὐτοῦ
830 2031 997 2080 τεχθῆναι
1011 2044 1018 2051 ·
1037 2030 1095 2066 διά
1110 2045 1162 2067 τοι

134 2094 234 2128 τοῦτο
245 2093 307 2128 οὐκ
325 2091 375 2128 ἔτι
391 2090 599 2141 μνημονεύει
614 2093 635 2136 ἡ
655 2090 777 2142 Γραφὴ
793 2093 839 2133 ὡς
850 2089 967 2142 ἑτέρου
977 2091 1162 2142 γενομένου

134 2154 229 2203 αὐτῷ
245 2153 365 2196 παιδὸς
376 2183 385 2198 ,
399 2151 456 2190 ἵνα
474 2152 586 2203 μάθῃς
600 2152 653 2191 ὅτι
667 2154 732 2204 οὐχ
746 2153 865 2194 ἁπλῶς
879 2150 955 2189 οὐῗὲ
971 2153 1046 2203 εἰκῇ
1061 2155 1163 2190 τοῦτο

131 2213 327 2264 γεγένηται.
354 2207 471 2251 ἡἮσαν
502 2213 537 2250 δὲ
554 2243 563 2261 ,
596 2213 713 2265 φησιν,
744 2213 812 2250 υἱοὶ
844 2215 904 2250 τοῦ
934 2212 1064 2250 Ἰακὼό
1096 2211 1163 2251 δώ-

129 2274 225 2312 δεκα.
246 2275 315 2312 Καὶ
336 2275 462 2326 διαιρεῖ
480 2274 600 2312 λοιπὸν
620 2290 698 2318 τους
716 2276 779 2320 τῆς
798 2273 905 2316 Λείας
920 2289 979 2311 και
999 2289 1062 2319 της
1077 2273 1162 2312 εΡα-

129 2334 214 2387 χὴλ,
232 2351 291 2373 και
309 2335 389 2374 τότε
408 2335 467 2374 καὶ
485 2351 565 2379 τους
579 2338 647 2373 τῶν
671 2336 865 2374 παιδισκων
886 2335 1161 2392 ἀπαριθυ.εῖται

128 2396 188 2434 καί
208 2412 329 2448 φησιν·
357 2391 495 2435 Οῧτοι“Ί
511 2397 578 2435 υἱοι
604 2396 756 2443 Ἰακὼὸ,
781 2396 814 2434 ο’“ι
836 2395 991 2447 ἐγένοντο
1008 2398 1103 2449 αὖτῳ
1124 2399 1159 2436 ἐν

127 2461 170 2508 τῇ
204 2457 472 2510 Μεσοποταμίᾳ.
496 2457 567 2496 Και
602 2457 670 2508 μὴν
690 2460 708 2495 6
728 2457 895 2508 Βενιαμὶν
925 2473 984 2496 νυν
1016 2457 1158 2511 ἐτέχθη,

127 2518 232 2564 ηνίκα
259 2519 339 2571 περὶ
377 2518 440 2565 τὴν
469 2518 631 2569 Βηθλεὲμ
662 2518 799 2571 ἔφθασε.
819 2518 922 2562 Τίνος
953 2512 1011 2556 οὖν
1044 2520 1158 2559 ἕνεκεν

127 2580 234 2624 οὕτως
252 2583 326 2618 εἰπε
329 2595 346 2616 ν
361 2584 382 2627 ἡ
401 2582 427 2618 Γ
432 2596 498 2633 ρα
500 2580 545 2627 ὴ,
568 2579 649 2618 Οἳ’
635 2580 790 2631 ἐγένοντο
810 2581 904 2632 αὗτῳ
925 2583 958 2619 ἐν
978 2583 1021 2632 τῇ
1043 2583 1159 2621 Μεσο-

338 2641 440 2684 Ἴσως
476 2640 544 2694 πρὸ
578 2643 641 2687 τῆς
669 2643 796 2679 ἐκεῖθεν
826 2640 941 2686 ἐξόδου
971 2657 993 2688 η
1021 2641 1159 2695 Ῥαχὴλ

127 2703 227 2741 αὐτὸν
246 2702 468 2740 συλλαὸοῧσα
485 2702 665 2754 ἐτύγχανε.
684 2702 754 2740 Καὶ
770 2697 855 2749 ἦλθε
867 2730 876 2748 ,
896 2701 1012 2755 φησὶν,
1026 2702 1158 2741 'laram

126 2641 308 2693 ποταμία;

127 2764 212 2814 πρὸς
231 2763 353 2802 Ἰσαὰκ
371 2764 428 2802 τὸν
447 2763 584 2815 πατέρα
604 2766 722 2802 αὐτοῦ.
745 2763 879 2802 Σκόπει
904 2778 963 2815 μοι
978 2764 1084 2802 πάλιν
1105 2767 1156 2803 ἐν·

126 2828 236 2863 ταῦθα
249 2855 258 2873 ,
271 2827 346 2868 πῶς
367 2828 400 2863 ἐν
418 2825 529 2863 ἅπασι
554 2827 786 2878 πληροφορεῖν
820 2824 981 2864 ἐδούλετο
1005 2824 1083 2869 τοὺς
1107 2827 1158 2864 δι-

127 2885 244 2929 καίους
263 2888 280 2923 6
300 2885 539 2938 φιλάνθριινκος
568 2885 668 2929 Θεός.
688 2886 835 2933 Ἐπειδὴ
866 2886 932 2940 γὰρ
949 2887 1158 2939 παρεγένετο

129 2946 218 2997 μετὰ
233 2946 403 2985 τοσούτων
416 2948 501 2984 ἐτῶν
510 2946 654 2998 ἀριθμὸν
669 2950 688 2985 6
701 2947 830 2986 Ἰακὼὸ
841 2948 926 3002 πρὸς
937 2948 995 2987 τὸν
1005 2948 1155 3000 πατέρα,

127 3008 186 3045 καὶ
207 3008 352 3058 μεγίστη
367 3007 504 3058 γέγονεν
524 3006 701 3060 ἑκατέροις
717 3011 739 3055 ἡ
755 3008 995 3061 παράκλησις,
1026 3010 1086 3048 καὶ
1106 3013 1155 3062 τῷ

126 3069 225 3106 παιδὶ
247 3070 286 3106 ἐκ
306 3071 367 3114 τῆς
385 3073 445 3107 τοῦ
463 3067 594 3121 πατρὸς
625 3068 719 3116 θέας,
747 3070 807 3108 καὶ
825 3072 875 3122 τῷ
890 3070 998 3122 πατρὶ
1030 3074 1157 3109 θεασα-

129 3128 221 3181 μένῳ
236 3133 296 3167 τοῦ
317 3129 439 3172 παιδὸς
459 3129 521 3175 τὴν
555 3129 778 3180 περιουσίαν,
801 3130 860 3168 καὶ
886 3130 944 3169 τὸν
963 3131 1066 3185 χορὸν
1087 3134 1156 3170 τῶν

890 3192 1110 3239 ἐτελεύτησεν
1140 3197 1158 3232 6

132 3249 254 3288 Ἰσαὰκ
267 3251 484 3304 πρεσὸύτης,
505 3252 564 3290 καὶ
583 3251 721 3305 πλήρης
737 3255 890 3305 ἡμερῶν.
904 3254 948 3293 Εἰ
966 3254 1034 3308 γὰρ
1054 3255 1158 3302 ’ἡνίκα

130 3188 190 3227 ὑπ’
218 3191 320 3227 αὐτοῦ
351 3187 555 3242 τεχθέντων.
589 3191 622 3227 Τ
623 3189 678 3228 ότε
692 3221 701 3239 ,
730 3191 853 3244 φησὶν,

178 3383 189 3397 ²
208 3372 320 3417 iCoisl.
340 3372 435 3407 addit
452 3373 627 3407 articulum
643 3376 697 3417 or]

942 159 1185 192 xxxv.G1·‘

1151 1947 1157 1960 Α
1175 1938 1223 1963 580

1191 159 1287 188 uns.
1326 161 1487 190 nomn„
1530 161 1603 189 Lx.
2097 152 2180 215 (371

1240 242 1386 282 doloris
1400 247 1498 283 mei:
1518 255 1632 297 pater
1657 254 1786 284 autem
1807 249 1889 299 ejus
1915 255 2071 289 vocavit
2103 268 2188 292 eum

1240 305 1460 357 Benjamin.
1473 306 1539 344 Illa
1555 305 1699 358 quidem
1712 321 1836 346 nomen
1847 323 1876 346 ei
1870 309 1985 348 dedit
2000 325 2045 349 ex
2061 312 2191 364 iisqua:

1239 363 1307 402 sibi
1329 366 1543 417 acciderant,
1572 377 1671 420 pater
1704 378 1822 407 autem
1849 370 2035 438 benjamin
2073 373 2191 425 ipsum

1238 427 1394 466 vocavit.
1416 427 1462 466 Et
1477 439 1663 481 postquam
1681 431 1829 483 peperit,
1847 431 1978 482 inquit,
2002 433 2064 470 19.
2084 436 2190 472 filor-

1238 495 1306 525 tua
1317 498 1386 535 est,
1406 498 1441 527 ec
1455 491 1606 542 sepulta
1621 493 1664 528 in
1690 494 1761 530 vla
1776 493 1957 544 Ephrata
1979 509 1989 530 :
2024 495 2105 533 ltoec
2135 505 2191 534 est

1236 550 1477 589 Bethlehem.
1493 553 1618 590 320.Et
1635 557 1754 591 erevit
1772 555 1897 592 Jacob
1915 556 2192 609 titulumsuper

1233 612 1465 662 sepulcrum.
1483 615 1673 652 Moerorcm
1689 629 1792 666 quein
1810 630 1855 654 ex
1881 627 1994 655 morte
2027 618 2192 658 Rachelis

1235 683 1455 725 conceperat,
1476 675 1654 727 mitigavit
1680 685 1783 714 natus
1810 691 1911 728 puer,
1947 687 1980 715 ct
2007 679 2123 718 effecit
2153 689 2191 718 ut

1189 741 1212 772 D
1229 734 1348 786 justus
1366 735 1533 774 Rachelis
1554 746 1704 774 mortem
1725 752 1824 788 aequo
1847 739 1952 776 ferret
1971 740 2101 779 animo.
2119 741 2192 780 Sed

1234 795 1318 833 liinc
1332 797 1489 836 succedit
1504 797 1629 836 Ruben
1650 799 1840 837 temeritas.
1858 800 2185 849 22..11biicenim‚

1234 856 1366 908 inquit,
1388 868 1423 897 et
1444 860 1626 898 dormivit
1645 875 1735 899 cam
1746 861 1867 900 Balla
1880 865 2099 902 concubina
2117 879 2188 916 pa-

1234 922 1302 957 tris
1317 922 1378 958 sai
1397 937 1407 957 .-
1432 930 1468 960 et
1482 923 1632 960 audivit
1653 923 1793 970 Israel,
1824 932 1859 961 et
1897 925 2044 962 malum
2059 929 2189 965 visam

1233 987 1288 1017 est
1301 993 1433 1018 coram
1453 995 1510 1019 eo.
1531 981 1620 1020 Erat
1640 983 1735 1021 enim
1763 982 1870 1021 valde
1900 985 2072 1024 nefarium
2100 987 2186 1025 saci-

1233 1053 1312 1078 nus.
1336 1040 1420 1080 Ideo
1435 1052 1553 1094 postea
1564 1043 1744 1096 legislator
1780 1045 1898 1083 Moses
1919 1046 2119 1098 probibuit,
2145 1061 2188 1087 ne
2199 1062 2295 1095 Levis.
2316 1062 2364 1093 18.

1232 1111 1332 1153 pater
1349 1113 1383 1141 et
1405 1104 1500 1142 filius
1517 1119 1597 1143 cum
1611 1105 1735 1144 eadem
1752 1120 1825 1144 rcm
1846 1106 2012 1145 habeant.
2037 1109 2129 1147 Nam
2148 1101 2229 1148 1113·

1231 1177 1274 1200 ne
1288 1165 1419 1203 sensim
1449 1166 1708 1218 progrediendo
1727 1182 1782 1206 res
1801 1168 1873 1205 illis
1894 1168 1928 1205 in
1956 1170 2185 1209 consuctudi-

1231 1238 1310 1262 nem
1327 1235 1492 1273 verteret,
1507 1228 1583 1279 jam
1600 1237 1700 1266 antea
1725 1227 1907 1279 legislator
1926 1229 2087 1281 reprimit
2115 1246 2186 1281 eos,

1230 1299 1342 1337 poenae
1358 1287 1532 1326 obnoxios
1560 1303 1617 1327 eos
1637 1289 1700 1340 qui
1737 1289 1822 1327 talia
1842 1289 2013 1329 auderent
2049 1293 2186 1332 denun-

1230 1347 1333 1386 tians.
1372 1352 1537 1388 Attamen
1563 1350 1602 1388 id
1622 1365 1716 1388 nunc
1736 1361 1918 1390 mansuete
1950 1354 2031 1391 tulit
2066 1355 2186 1407 justus

1232 1409 1386 1447 naturali
1402 1424 1523 1449 amore
1549 1412 1677 1451 victus.
1702 1413 1826 1451 Postea
1845 1423 1964 1452 autem
1986 1430 2067 1454 cum
2100 1419 2187 1456 cmi-

1232 1479 1399 1521 graturus
1419 1481 1508 1510 esset
1523 1486 1569 1510 ex
1588 1472 1656 1511 hac
1675 1473 1764 1523 vita,
1791 1474 1908 1513 filium
1927 1476 2121 1530 vituperat,
2154 1489 2187 1518 et

1232 1531 1411 1584 flagitium
1432 1534 1509 1586 ejus
1528 1534 1660 1588 scripto
1681 1535 1772 1573 tradi
1787 1546 1898 1586 curat,
1914 1538 2128 1579 maledicens
2141 1542 2186 1592 ei,

1232 1602 1320 1631 utet
1340 1594 1455 1632 caeteri
1479 1595 1578 1634 illius
1601 1610 1705 1648 poena
1736 1597 2019 1638 emendarentur.
2040 1601 2108 1640 Hic
2123 1617 2185 1642 no-

1231 1653 1288 1692 bis
1298 1664 1418 1706 postea
1438 1665 1620 1694 enumerat
1639 1656 1734 1695 filios
1757 1659 1868 1698 Jacob
1898 1659 2024 1698 beatus
2044 1664 2185 1702 Moses:

1231 1730 1272 1754 ac
1285 1731 1349 1768 per
1367 1731 1407 1755 ea
1423 1732 1501 1769 quae
1524 1728 1643 1757 narrat
1665 1718 1755 1771 justi
1791 1720 1963 1760 virtutem
1981 1736 2043 1760 nos
2071 1722 2185 1764 docet.

1232 1778 1428 1818 Enimvero
1467 1793 1510 1817 ne
1535 1788 1638 1832 putes
1655 1780 1803 1819 fortuito
1827 1781 2119 1835 simpliciterque,
2147 1795 2187 1824 ut

1232 1840 1435 1892 contingere
1447 1840 1549 1891 solet,
1567 1841 1691 1894 ipsum
1705 1842 1938 1881 concubuisse
1957 1857 2038 1882 cum
2053 1846 2186 1886 Rachel

1231 1911 1264 1940 et
1280 1902 1345 1940 Lia
1367 1902 1576 1954 duabusque
1589 1903 1744 1948 ancillis,
1764 1913 1937 1942 monstrat
1964 1920 2000 1943 se
2035 1921 2080 1946 ex
2111 1908 2184 1947 dis-

1186 1976 1211 2004 Α
1233 1964 1435 2016 pensatione
1449 1964 1618 2017 quapiam
1639 1979 1722 2003 cum
1743 1965 1815 2003 illis
1844 1980 1917 2004 rem
1939 1966 2121 2019 habuisse,
2146 1979 2186 2008 ut

1230 2025 1420 2064 duodecim
1434 2026 1550 2064 tribus
1579 2040 1624 2064 ex
1657 2040 1697 2064 eo
1727 2037 1953 2066 nascerentur
1975 2039 2185 2082 :propterea

1231 2101 1299 2125 non
1337 2088 1429 2125 ultra
1453 2086 1615 2125 meminit
1643 2087 1840 2139 Scriptura,
1866 2088 1898 2126 ei
1915 2089 2027 2127 alium
2062 2100 2184 2129 natum

1230 2164 1305 2188 esse
1326 2150 1444 2187 filium
1465 2158 1529 2187 :ut
1561 2149 1677 2187 discas
1697 2149 1766 2187 hac
1793 2163 1863 2188 non
1883 2151 2106 2203 simpliciter,
2125 2167 2186 2191 ne-

1229 2223 1298 2260 que
1316 2210 1450 2260 absque
1474 2222 1579 2246 cansa
1601 2208 1736 2246 factum
1764 2223 1852 2247 esse.
1880 2212 2010 2249 Erant
2036 2222 2180 2261 autem,

1228 2270 1450 2323 inquit,filii
1480 2271 1605 2309 Jacob
1625 2270 1843 2308 duodecim.
1876 2271 2074 2324 Distinguit
2098 2289 2184 2313 vero

1229 2342 1362 2385 postea,
1382 2341 1416 2370 et
1439 2331 1599 2385 primum
1615 2345 1673 2369 eos
1702 2331 1764 2383 qui
1783 2331 1857 2370 Lice
1874 2342 1987 2382 erant,
2016 2332 2098 2372 dein
2125 2350 2183 2374 eos

1227 2394 1290 2446 qui
1321 2393 1500 2443 Rachelis,
1528 2392 1683 2443 denique
1717 2401 1750 2430 et
1789 2407 1847 2431 eos
1884 2393 1945 2444 qui
1970 2394 2182 2434 ancillarum

1228 2462 1339 2502 erant,
1358 2462 1532 2501 numerat,
1558 2461 1591 2490 et
1610 2451 1720 2490 dicit:
1741 2454 1805 2491 ⁶26.
1828 2455 1885 2491 Hc·
1908 2455 2096 2507 sztntfilil
2106 2455 2179 2492 Ja-

1227 2517 1311 2567 cob,
1332 2517 1400 2568 qai
1416 2515 1501 2551 nati
1519 2522 1608 2552 sunt
1630 2516 1665 2551 ei
1696 2515 1737 2550 in
1756 2514 2052 2566 Mesopotamia.
2074 2515 2181 2566 Atqui

1227 2587 1311 2616 tunc
1328 2586 1432 2614 natus
1451 2585 1502 2614 est
1521 2576 1707 2628 Benjamin
1738 2575 1881 2625 quando
1900 2576 1998 2614 venit
2041 2577 2182 2615 Bethle-

1228 2639 1320 2676 hem.
1352 2638 1472 2684 Quare
1506 2636 1616 2687 igitur
1639 2636 1727 2674 dicit
1761 2636 1961 2688 Scriptura,
1995 2638 2069 2688 Qui
2094 2640 2180 2676 nati

1226 2708 1315 2738 sant
1335 2701 1370 2736 ei
1381 2701 1423 2735 in
1442 2699 1754 2749 ffIesopotamia?
1773 2697 1936 2736 Fortasse
1949 2698 2033 2749 quia
2048 2699 2181 2738 Rachel

1225 2770 1307 2799 ante
1350 2773 1532 2812 egressum
1568 2773 1613 2796 ex
1658 2759 1917 2811 Mesopotamia
1962 2773 2179 2816 conceperat.

1227 2824 1292 2860 QT,
1318 2823 1372 2859 Et
1393 2823 1517 2866 venit,
1536 2819 1667 2870 inquit,
1689 2821 1814 2859 Jacob
1826 2823 1881 2859 ad
1892 2824 2009 2862 Isaac
2027 2833 2180 2876 patrem

1226 2897 1353 2921 suum.
1388 2881 1594 2931 Considera,
1637 2879 1796 2930 obsecro,
1836 2882 1896 2921 hic
1932 2879 2112 2935 ‹juomodo
2145 2886 2180 2924 in

1227 2944 1394 2983 omnibus
1418 2942 1521 2980 certis
1541 2941 1684 2980 indiciis
1719 2942 1919 2983 misericors
1953 2947 2050 2984 Deus
2065 2948 2180 2999 justos

1230 3007 1439 3045 confirmare
1458 3004 1610 3042 volebat.
1632 3004 1727 3051 Quia
1761 3004 1855 3043 enim
1886 3008 1984 3046 venit
2017 3018 2098 3061 post
2131 3018 2180 3047 tot

1227 3081 1336 3106 annos
1349 3066 1398 3104 ad
1407 3075 1542 3118 patrem
1556 3080 1660 3104 suum
1678 3066 1802 3116 Jacob,
1831 3068 1987 3106 maxima
2023 3069 2180 3121 utrisque

1229 3129 1295 3166 suit
1323 3127 1528 3176 consolatio,
1564 3136 1598 3165 ct
1618 3126 1693 3165 filio
1726 3141 1771 3166 ex
1790 3128 1900 3180 patris
1927 3140 2128 3183 conspectu,
2146 3139 2178 3168 et

1229 3190 1320 3243 patri
1341 3189 1476 3228 videnti
1494 3197 1627 3227 tantam
1647 3189 1713 3240 filii
1734 3190 1981 3240 substantiam,
2011 3193 2178 3229 chorum-

1229 3266 1298 3304 que
1319 3251 1477 3290 filiorum
1496 3265 1540 3289 ex
1559 3264 1599 3289 eo
1619 3259 1795 3290 natorum.
1814 3252 1875 3289 029.
1905 3254 2022 3294 Tunc.
2047 3252 2176 3302 inquit,

1180 2655 1204 2685 B
