2516 3791
730 173 772 205 IN
813 175 915 206 CAP.
956 173 1082 205 ΧΧΙΧ.
1122 171 1229 203 ΟΕΝ.
1262 171 1425 202 nonni„

132 254 235 309 κόρην
257 255 461 299 ἐκδιδόντος.
482 258 535 294 Δι’
555 257 574 295 ὃ
589 257 648 295 καὶ
665 261 781 296 τοῦτον
799 259 942 305 ἐκίνησα
964 257 1022 296 τὸν
1040 256 1155 308 λόγον,

131 317 208 369 οὐχὶ
225 318 310 370 πρὸς
324 316 400 361 τοὺς
415 318 581 370 νυμφίους
599 323 759 358 τοσοῦτον
783 320 1061 370 ἀποτεινόμενος,
1078 319 1156 357 ὅσον

130 379 215 430 πρὸς
230 379 308 423 τοὺς
322 379 584 431 γεγεννηκότας,
599 381 684 434 πρὸς
697 381 754 420 τὸν
769 381 906 435 πατέρα
920 385 980 419 τοῦ
996 379 1157 432 νυμφίου,

130 439 190 477 καὶ
215 440 299 492 πρὸς
324 440 382 478 τὸν
410 439 473 487 τὴν
500 441 607 492 κόρην
638 441 815 480 ἐκδιδόντα
833 441 961 494 ἱ’φημί
988 442 1070 484 Πῶς
1090 440 1157 492 γὰρ

130 501 190 537 οὐκ
209 500 336 539 ἄτοπον
356 504 450 552 ἡμᾶς
469 500 548 545 τοὺς
568 501 739 548 τοσαύτης
755 502 1022 544 ἀπολαύσαντας
1037 502 1157 553 φιλαν-

129 561 300 611 θρωπίας,
321 561 379 600 καὶ
398 566 466 601 τῶν
482 566 635 615 φρικτῶν
650 569 708 602 καὶ
731 562 938 616 ἀπορρήτων
955 560 1156 613 μυστηρίων

130 622 351 667 ἀξιωθέντας,
368 624 531 668 ἐλάττους
545 626 636 663 κατὰ
656 629 757 663 τοῦτο
772 624 927 675 γίνεσθαι
942 626 1001 660 τοῦ
1022 621 1156 667 Αοίὸαν,

128 687 188 721 τοῦ
209 685 260 722 ἔτι
280 684 407 722 εἴδωλα
425 685 690 737 θεραπεύοντος,
710 683 759 723 *ll
780 686 842 722 οὐκ
862 683 996 725 ἀκούεις
1013 681 1157 719 Παύλου

128 745 307 797 λέγοντος,
343 744 395 783 ὅτι
427 745 618 798 μυστήριόν
648 747 742 783 ἐστιν
770 748 787 783 6
817 744 946 796 γάμος,
967 743 1026 782 καὶ
1053 742 1157 781 εἰκών

128 808 204 844 ἐστι
227 810 288 853 τῆς
308 807 448 858 ἀγάπης
465 811 525 844 τοῦ
548 808 721 858 Χριστοῦ,
739 806 781 853 ἣν
802 805 883 857 περὶ
907 804 970 852 τὴν
1003 803 1156 850 Ἐκκλη-

129 867 206 905 σίαν
232 867 448 915 ἐπεδείξατο,
469 867 529 914 Μὴ
551 867 664 906 τοίνυν
695 866 985 919 καταισχύνωμεν
1002 864 1157 912 ἑαυτοὺς,

128 928 186 966 καὶ
216 929 259 967 τὰ
281 928 392 979 σεμνὰ
416 932 476 967 τοῦ
496 928 612 980 γάμου
639 928 906 981 διαφθείρωμεν.
934 929 979 966 Εἰ
1009 927 1072 979 μὲν
1091 927 1158 980 γὰρ

127 990 233 1029 καλόν
256 991 330 1029 ἐστι
350 990 388 1028 τὸ
417 992 478 1037 τ’ῆς
499 989 700 1042 συμὸουλῆς
718 989 779 1028 καὶ
798 989 994 1043 ἐπωφελὲς,
1021 990 1086 1029 κᾶν
1107 989 1156 1042 μὴ

127 1052 291 1099 συνήθεια
319 1045 362 1104 ᾗ,
393 1051 540 1104 γινέσθω
554 1068 561 1075 ·
583 1054 612 1090 εἰ
643 1052 679 1090 δὲ
700 1051 835 1103 βλάὸην
857 1052 935 1104 ἔχον
966 1051 1026 1090 καὶ
1047 1051 1156 1091 πολὺν

126 1114 185 1152 τὸν
213 1115 354 1167 ὄλεθρον
380 1113 420 1152 τὸ
447 1118 505 1151 νῦν
532 1116 615 1164 παρ’
648 1115 746 1164 ὑμῶν
776 1113 1063 1165 ἐπιτελούμενον,
1093 1114 1158 1152 κᾶν

128 1175 292 1222 συνήθεια
312 1170 357 1227 ᾖ,
388 1174 624 1226 ἐγκοπτέσθιι).
653 1174 756 1213 Ἐπεὶ
789 1177 818 1213 εἰ
840 1179 940 1214 τοῦτο
974 1175 1157 1229 συγχωρή-

127 1253 264 1288 σαιμεν,
297 1238 355 1275 καὶ
386 1239 404 1275 6
432 1236 609 1282 κλέπτων,
632 1237 690 1275 καὶ
717 1239 735 1274 6
761 1236 950 1289 πορνεύων,
970 1237 1029 1276 καὶ
1049 1241 1066 1276 6
1094 1238 1156 1285 τὴν

127 1299 237 1345 ἀλλην
258 1299 396 1337 ἅπασαν
418 1298 543 1337 κακίαν
563 1298 861 1350 ἐπιδεικνύμενος,
882 1298 943 1346 τὴν
973 1298 1157 1346 συνήθειαν

125 1363 210 1410 ἡμῖν
228 1360 458 1413 προὸαλεῖται
475 1376 481 1383 ·
498 1359 576 1398 ἀλλ’
590 1359 686 1398 οὐδὲν
702 1360 771 1398 ἀπὸ
789 1359 910 1398 τούτου
931 1359 1050 1413 κέρδος
1063 1363 1157 1413 αὐτῷ

124 1422 224 1460 ἔσται
235 1451 245 1468 ,
264 1422 341 1460 οὐδὲ
357 1421 547 1474 συγγνώμη
560 1452 570 1467 ,
586 1422 676 1460 ἀλλὰ
699 1422 757 1460 καὶ
773 1421 886 1469 πολλὴ
905 1425 926 1469 ἡ
948 1423 1156 1475 κατηγορία,

125 1484 179 1522 ὅτι
192 1487 254 1522 οὐκ
270 1484 391 1536 ἴσχυσε
413 1483 594 1531 συνηθείας
609 1483 849 1538 περιγενέσθαι
870 1491 1036 1537 πονηρᾶς.

180 1545 266 1584 Ἐὰν
287 1546 354 1598 γὰρ
382 1546 589 1597 βουλώμεθα
608 1546 740 1598 νήφειν,
762 1546 820 1584 καὶ
840 1546 974 1593 πολλὴν
996 1550 1058 1593 τῆς
1074 1549 1154 1585 ἑαυ-

127 1610 194 1646 τῶν
229 1607 405 1660 σωτηρίας
429 1611 601 1646 ποιεῖσθαι
629 1607 692 1654 τὴν
727 1607 908 1661 φροντίδα,
937 1609 1156 1661 δυνησόμεθα

126 1669 185 1708 καὶ
206 1673 267 1717 τῆς
294 1672 405 1716 κακῆς
433 1668 615 1716 συνηθείας
644 1671 858 1716 ἀποστῆναι,
885 1669 945 1708 καὶ
974 1672 1022 1713 εἷς
1045 1670 1156 1718 καλὴν

125 1730 307 1778 συνήθειαν
338 1729 481 1774 ἑαυτοὺς
508 1735 672 1781 ἀγαγεῖν·
702 1730 762 1768 καὶ
789 1729 878 1768 οὕτω
906 1730 964 1768 καὶ
983 1737 1056 1775 τοῖς
1081 1732 1156 1782 μεθ’

124 1795 217 1843 ἡμᾶς
253 1795 291 1830 οὐ
330 1791 458 1844 μικρὰν
493 1791 686 1844 παρέξομεν
716 1790 876 1844 ἀφορμὴν
910 1797 968 1831 τοῦ
998 1793 1042 1831 τὰ
1068 1793 1156 1831 αὐτὰ

124 1855 270 1901 ζηλοῦν,
298 1853 357 1892 καὶ
390 1856 458 1891 τῶν
487 1855 545 1891 ὑπ’
568 1853 707 1891 ἐκείνων
742 1853 1028 1905 κατορθουμένων
1054 1857 1156 1905 ἡμεῖς

121 1915 305 1968 ληῑαόμεθα
322 1932 380 1954 τον
409 1915 543 1966 μισθόν.
571 1915 616 1954 Ο
636 1914 701 1967 γὰρ
722 1914 785 1961 τὴν
817 1915 930 1968 ἀρχὴν
959 1915 1155 1968 παρασχὼν

122 1994 183 2025 ττς
203 1980 312 2024 καλ-ῆς
331 1979 423 2026 ὁδοῦ,
445 1981 543 2021 οὗτος
567 1977 626 2015 καὶ
651 1993 719 2014 των
735 1977 790 2028 ὑφ’
810 1976 937 2029 ἑτέρων
956 1977 1148 2029 γινομένων

121 2038 229 2082 αἴτιος
253 2037 373 2085 ἔσται,
392 2037 452 2076 καὶ
478 2038 621 2075 διπλοῦν
638 2041 814 2087 κομιεῖται
833 2052 890 2074 τον
909 2037 1048 2087 μισθὸν,
1067 2037 1154 2092 ὑπὲρ

119 2100 166 2134 ὡν
189 2112 225 2134 τε
244 2097 346 2139 αὐτὸς
365 2068 552 2148 κατορθοῖ,
571 2112 616 2133 υ
593 2095 660 2147 -τὲρ
679 2099 725 2133 ων
745 2111 783 2133 τε
803 2095 975 2148 ἑτέρους
960 2097 1028 2134 επά
1030 2113 1083 2148 γει
1105 2100 1154 2142 εἰς

119 2157 182 2204 τὴν
210 2157 356 2210 ἀρίστην
385 2156 516 2203 ταύτην
540 2156 790 2209 φιλοσοφίαν.
781 2155 842 2202 ῪῙή
871 2172 931 2207 μοι
958 2157 1001 2195 τὰ
1031 2159 1151 2211 ψυχρὰ

117 2220 234 2257 ἐκεῖνα
263 2218 404 2271 ῥήματα
436 2217 496 2255 καὶ
526 2216 678 2267 γέλωτος
714 2216 867 2269 γέμοντα
896 2218 1150 2270 προὸοίλλεσθε,

116 2280 274 2331 λέγοντες
290 2278 424 2331 νόμιμοί
443 2294 521 2316 τινα
535 2271 624 2316 εἶναι
638 2283 763 2328 ταῦτα,
780 2279 840 2317 καὶ
857 2278 913 2317 διὰ
932 2283 1034 2318 τοῦτο
1052 2281 1148 2327 πλη-

119 2345 261 2394 ροῦσθαι
275 2341 361 2394 χρή.
376 2342 430 2380 Οὐ
445 2344 557 2378 ταῦτα
573 2339 640 2393 γὰρ
654 2340 801 2392 νόμιμον
816 2347 909 2380 ποιεῖ
921 2341 1146 2391 συνοικέσιον,

116 2402 206 2442 ἀλλὰ
225 2403 264 2442 τὸ
279 2403 370 2441 κατὰ
386 2401 466 2446 τοὺς
484 2405 544 2440 τοῦ
558 2403 650 2441 Θεοῦ
671 2401 796 2453 νόμους
815 2403 905 2454 μετὰ
921 2403 1147 2456 σωφροσύνης

111 2465 170 2503 καὶ
207 2464 417 2516 σεμνότητος
454 2463 517 2511 τὴν
555 2463 754 2502 συνέλευσιν
796 2463 968 2515 γίνεσθαι,
1004 2465 1064 2503 καὶ
1100 2468 1144 2517 τῇ

113 2526 257 2578 ὁμονοίᾳ
269 2524 541 2577 συμπεπλέχθαι
557 2525 636 2569 τοὺς
649 2524 815 2571 ἀλλήλοις
829 2525 1019 2569 συνιόντας.
1029 2527 1145 2566 Τοῦτο

113 2588 172 2627 καὶ
187 2592 218 2628 οἱ
237 2588 360 2632 ἔξωθεν
377 2586 472 2626 ἴσασι
489 2587 600 2638 νόμοι,
620 2586 679 2624 καὶ
699 2586 832 2638 ἀκούσῃ
847 2590 917 2625 τῶν
933 2587 1014 2640 περὶ
1032 2593 1143 2629 ταῦτα

112 2649 356 2702 ἐσχίολακότων
375 2648 546 2700 λεγόντων
559 2679 569 2697 ,
587 2647 641 2686 ὅτι
663 2648 873 2687 συνοικέσιον
902 2648 998 2689 οὐδὲν
1026 2651 1143 2704 ἕτερον

114 2711 314 2758 συνίστησιν
338 2710 360 2757 ἢ
389 2710 564 2757 συνήθεια.
585 2709 647 2757 Μὴ
665 2708 778 2748 τοίνυν
799 2709 858 2749 καὶ
876 2709 954 2755 τοὺς
973 2715 1032 2750 τοῦ
1049 2715 1141 2753 Θεοῦ

113 2773 237 2823 νόμους
250 2772 467 2824 παραόῶμεν
489 2771 578 2823 μετὰ
598 2775 666 2810 τῶν
688 2772 928 2824 ἀνθρωπίνων,
948 2774 1006 2812 καὶ
1025 2791 1143 2827 προτι-

114 2838 236 2885 μῶμεν
271 2832 349 2878 τοὺς
382 2833 599 2877 διαὸολικοὺς
638 2833 763 2884 νόμους
791 2833 851 2872 καὶ
879 2833 941 2882 τὴν
982 2837 1142 2890 ὀλεθρίαν

114 2896 243 2942 ταύτην
268 2895 469 2941 συνήθειαν·
486 2895 615 2933 ἐκείνου
637 2895 705 2947 γάρ
726 2897 800 2934 ἐστι
820 2896 922 2947 νόμος
940 2901 1063 2945 ταῦτα,
1084 2903 1144 2937 τοῦ

112 2958 295 3009 χαίροντος
317 2955 371 2994 ἀεὶ
390 2959 432 3007 τῇ
455 2955 613 3008 ἀπωλείᾳ
628 2959 671 3006 τῇ
691 2956 860 3010 ἡμετέρᾳ.
878 2957 926 2996 Τί
941 2952 999 2997 οῦν
1028 2959 1068 2997 ἂν
1086 2959 1144 3011 γέ-

112 3034 207 3057 νοιτο
234 3017 578 3069 καταγελαστότερον
604 3018 667 3062 τῆς
694 3018 873 3064 συνηθείας
894 3019 1042 3068 ταύτης,
1062 3021 1144 3059 ὅταν

114 3081 181 3118 ὑπὸ
199 3081 341 3118 οἰκετῶν
358 3095 417 3117 και
431 3077 583 3131 τριωὸολ
588 3076 713 3128 ιμαίων
734 3079 923 3132 ἀνθρώπων
943 3081 1145 3133 σκώμματα

114 3157 173 3179 και
183 3140 389 3193 λοιδορίας
370 3139 534 3191 απείρους
547 3138 719 3190 δέχωνται
737 3139 796 3177 καὶ
806 3143 824 3179 6
836 3141 924 3194 ἀνὴρ
938 3158 998 3180 και
1011 3147 1033 3190 ἡ
1045 3144 1144 3194 γυνὴ,

114 3218 172 3240 και
192 3202 303 3244 οὐδεὶς
322 3205 343 3253 ᾐ
369 3204 387 3238 6
420 3202 605 3251 ἐπιτιμῶν,
633 3201 710 3238 ἀλλ’
737 3199 849 3244 ἔξεστι
867 3204 918 3254 τῷ
945 3205 1145 3279 βουλρμένῳ

116 3265 223 3306 ἀδεῶς
239 3263 328 3300 κατὰ
345 3262 435 3309 τὴνὲ
422 3262 572 3313 εσπέραν
589 3262 727 3299 ἅπαντα
744 3242 966 3313 φθέγγεσθαι,
983 3281 1043 3304 και
1060 3268 1146 3317 βάλ-

162 3353 175 3375 t·
201 3349 407 3393 [tjoisl.cun1
428 3358 492 3383 ret.
515 3351 658 3392 interpr.
680 3352 803 3382 omittit
826 3352 930 3394 αμα]

2155 160 2179 206 5

2085 160 2145 207 02

1226 269 1302 293 eam
1322 254 1502 294 tradentis.
1524 254 1607 295 ldeo
1629 265 1661 293 ct
1681 255 1785 293 illum
1804 256 1869 293 feci
1885 269 2094 304 sermonem,
2112 272 2179 295 nou

1227 316 1275 355 ad
1292 331 1439 369 sponsos
1458 326 1595 357 tantum
1611 325 1787 371 spectans,
1804 325 1978 368 quantum
1993 316 2039 354 ad
2054 332 2178 369 paren-

1229 387 1296 427 tes,
1316 388 1348 416 ct
1368 378 1412 417 ad
1433 388 1569 432 patrem
1588 379 1649 432 qui
1671 378 1847 431 virginem
1869 378 1972 416 locat.
1992 378 2182 424 Quomodo

1227 439 1321 477 enim
1343 454 1411 478 non
1434 440 1646 491 absurdum,
1669 441 1698 479 si
1719 454 1782 478 nos
1801 439 1864 491 qui
1884 449 2017 478 tantam
2041 440 2183 491 accepi-

1228 514 1307 538 mus
1321 501 1617 550 misericordiam,
1639 512 1672 541 et
1694 512 1766 540 tam
1784 501 1998 540 terribilium
2014 501 2179 539 ineffabi-

1227 561 1385 612 liumquc
1410 572 1711 602 sacramentorum
1739 563 1932 617 participes
1958 577 2094 611 sumus,
2116 563 2183 601 hac

1228 622 1261 659 in
1283 637 1320 660 rc
1340 623 1520 661 inferiores
1540 624 1651 662 simus
1673 625 1829 672 Labano,
1849 625 1911 676 qui
1932 624 2044 662 cultui
2062 624 2181 662 idolo-

1467 171 1556 203 Lvt.

1228 697 1308 720 rum
1331 683 1449 721 adhuc
1475 693 1548 722 crat
1569 684 1736 723 deditus?
1755 689 1880 723 Annon
1902 686 2008 724 audis
2029 686 2182 724 Paulum
2198 693 2306 731 Eplws.
2334 695 2361 722 5.

1226 743 1414 794 dicentem,
1423 756 1683 784 sacramentum
1696 761 1770 784 esse
1783 747 1935 799 nuptias,
1945 756 1976 785 et
1990 747 2183 799 imaginem

1178 817 1203 846 D
1226 804 1430 845 dilectionis
1455 806 1604 856 Christi,
1626 822 1733 858 quam
1753 821 1835 859 erga
1861 808 2054 845 Ecclesiam
2076 808 2184 846 exhi-

1226 867 1331 906 buit?
1353 869 1406 906 Ne
1426 868 1539 920 igitur
1551 868 1813 907 confundamus
1833 869 2006 922 nosipsos,
2022 879 2055 907 et
2075 870 2183 907 hone-

1225 938 1351 968 statem
1368 930 1577 983 nuptiarum
1593 944 1876 983 corrumpamus.
1892 932 1984 969 Nam
1996 931 2184 982 siquidem

1225 991 1360 1030 bonum
1379 1001 1413 1030 et
1430 991 1516 1030 utile
1540 993 1648 1030 suerit
1667 992 1873 1040 consilium,
1893 993 2030 1030 etiamsi
2053 1008 2121 1031 non
2138 992 2184 1031 sit

1227 1053 1460 1103 consuetudo,
1483 1053 1569 1092 fiat:
1587 1053 1640 1092 sin
1660 1053 1870 1093 damnosum
1892 1064 1925 1092 et
1944 1054 2182 1107 pcrniciosum
2196 1067 2386 1096 consumatio

1226 1123 1278 1152 est
1304 1113 1341 1152 id
1368 1114 1465 1166 quod
1494 1130 1514 1153 a
1545 1115 1648 1153 vobis
1676 1116 1847 1163 efficitur,
1867 1115 2004 1154 etiamsi
2033 1130 2182 1153 eonsue-
2196 1116 2309 1189 {inc-egli?
2328 1120 2385 1136 '¹⁰¹¹

1226 1175 1314 1213 tudo
1341 1175 1406 1227 sit,
1438 1191 1548 1229 1eJ1c1
1540 1185 1630 1214 itur
1652 1178 1745 1215 Nam
1773 1176 1801 1214 si
1821 1146 1889 1215 lioc
1916 1176 2179 1227 admiserimus,
2197 1199 2324 1231 peccato

1227 1245 1260 1274 et
1282 1236 1340 1274 fu·
1349 1246 1413 1286 ,et
1436 1237 1595 1287 adulter,
1617 1247 1650 1276 et
1675 1238 1908 1289 quantumvis
1937 1237 2053 1276 malus
2080 1238 2184 1289 alius,

1228 1297 1521 1337 consuetudinem
1546 1298 1716 1337 obtendet
1734 1315 1741 1335 τ
1761 1307 1799 1336 at
1834 1298 1977 1337 nullum
1998 1299 2082 1337 hinc
2113 1299 2186 1338 illis

1227 1359 1370 1397 lucrum
1394 1369 1447 1398 est
1470 1361 1530 1398 vel
1556 1360 1672 1410 venia,
1693 1359 1755 1398 sed
1771 1360 1885 1412 major
1904 1360 2023 1413 potius
2042 1375 2186 1399 aecusa-

1228 1421 1291 1469 tio,
1312 1421 1410 1473 quod
1439 1421 1570 1460 malam
1597 1421 1892 1460 consuetudinem
1918 1436 2085 1475 superare
2116 1438 2184 1462 non

1227 1483 1418 1522 valuerint.

1280 1548 1318 1584 5⁹2.
1352 1546 1392 1585 Si
1411 1546 1506 1585 enim
1520 1546 1740 1585 voluerimus
1755 1546 1920 1598 vigilare,
1932 1555 1965 1585 et
1983 1561 2106 1585 curam
2125 1547 2184 1585 ha-

1226 1607 1310 1646 here
1324 1617 1451 1646 nostrat
1471 1608 1608 1658 salutis,
1628 1622 1816 1661 possumus
1835 1617 1867 1646 et
1883 1622 1900 1645 a
1926 1608 2019 1646 mala
2037 1622 2183 1647 consue-

1226 1667 1350 1705 tudine
1361 1667 1540 1716 desisterc,
1554 1676 1587 1705 et
1606 1667 1642 1705 in
1664 1667 1795 1705 bonam
1809 1666 2101 1704 consuetudinem
2121 1680 2184 1704 nos

1227 1729 1394 1767 reducere
1414 1745 1421 1765 :
1442 1726 1562 1780 sicque
1589 1728 1740 1781 posteris
1763 1728 1894 1767 nostris
1926 1742 1994 1765 nou
2033 1743 2182 1780 parvam

1225 1789 1393 1828 dabimus
1408 1790 1627 1828 occasionem
1643 1788 1766 1827 eadem
1787 1787 1962 1839 imitandi,
1978 1798 2011 1826 et
2031 1789 2182 1842 accipie-

1226 1866 1306 1891 mus
1317 1853 1424 1891 etiam
1435 1866 1498 1891 nos
1514 1851 1712 1891 mercedem
1725 1865 1847 1889 eorum
1861 1866 1940 1902 quae
1952 1851 1998 1889 ab
2014 1851 2057 1889 iis
2070 1865 2181 1903 agun-

1226 1922 1295 1951 tur.
1316 1915 1410 1952 Nam
1439 1914 1502 1965 qui
1534 1913 1677 1952 initium
1701 1913 1804 1950 bonae
1834 1912 1900 1950 vice
1929 1912 2099 1964 pr‚ael)uit
2121 1913 2181 1950 hic

1166 1954 1211 2019 5p
1225 1985 1349 2014 auctor
1374 1986 1425 2014 est
1449 1990 1572 2014 coium
1591 1989 1670 2026 quoe
1690 1984 1723 2012 et
1743 1975 1788 2012 ah
1807 1973 1889 2011 aliis
1908 1982 1999 2011 reete
2022 1973 2124 2023 siunt,
2146 1984 2181 2012 et

1223 2037 1405 2090 duplicem
1435 2037 1580 2090 recipiet
1609 2035 1820 2085 mercedem,
1844 2045 1917 2073 tam
1941 2049 2005 2087 pro
2034 2035 2076 2073 iis
2103 2050 2181 2086 quae

1223 2098 1298 2150 ipse
1317 2108 1410 2137 recte
1430 2099 1528 2148 facit,
1551 2113 1659 2149 quam
1679 2097 1812 2149 quibus
1831 2096 1950 2134 alios
1941 2111 1977 2134 in
2006 2097 2179 2149 optimam

1221 2159 1322 2197 illam
1341 2159 1480 2198 inducit
1499 2158 1782 2211 philosophiam
1804 2159 1858 2195 Ne
1879 2166 2010 2209 praete
1999 2157 2094 2205 atis,
2117 2157 2180 2195 oh-

1220 2234 1344 2270 secio,
1372 2219 1506 2272 {rigida
1543 2228 1576 2258 et
1604 2219 1758 2257 ridicula
1783 2219 1894 2257 verba
1924 2218 2025 2267 haee,
2056 2218 2180 2257 dicen—

1219 2290 1270 2320 tes
1304 2281 1465 2333 legitima
1498 2279 1663 2332 quaedam
1696 2294 1771 2318 esse
1800 2280 1894 2328 haec,
1924 2290 1957 2319 et
1994 2290 2179 2333 propterea

1218 2342 1360 2395 impleri
1382 2352 1558 2396 oportere.
1582 2344 1662 2381 Non
1684 2342 1778 2380 enim
1804 2342 1879 2380 hacc
1896 2342 2096 2395 legitimum
2127 2344 2179 2381 fa-

1216 2405 1316 2444 ciunt
1329 2405 1551 2458 conjugium,
1567 2404 1629 2443 sed
1645 2405 1674 2443 si
1692 2404 1890 2443 secundum
1908 2405 2002 2457 leges
2012 2405 2079 2443 Dei
2094 2419 2174 2443 cum

1215 2467 1375 2505 castitate
1389 2475 1422 2505 et
1438 2467 1622 2505 honestate
1635 2466 1699 2504 fiat
1712 2475 1923 2516 conventus,
1937 2475 1971 2504 et
1987 2466 2015 2504 si
2030 2480 2175 2504 concor-

1214 2528 1276 2568 dia
1297 2542 1427 2580 magna
1450 2527 1649 2566 cohaereant
1669 2526 1694 2564 ii
1720 2527 1782 2578 qui
1804 2526 2032 2564 conveniunt.
2052 2527 2175 2564 Nove-

1214 2601 1299 2630 runt
1325 2591 1395 2628 hoc
1427 2590 1535 2628 etiam
1565 2597 1718 2626 externae
1745 2588 1839 2640 leges
1864 2603 1871 2623 :
1896 2596 1929 2625 ct
1955 2587 2078 2625 audies
2105 2602 2175 2633 eos,

1213 2652 1276 2704 qui
1309 2652 1368 2690 his
1402 2650 1633 2698 studuerunt,
1663 2648 1802 2696 dicere,
1831 2648 2040 2700 eonjugium
2083 2649 2174 2686 nihil

1212 2712 1313 2752 aliud
1337 2711 1551 2751 constituere
1574 2723 1684 2760 quam
1704 2708 2004 2747 consuetudinem.
2027 2710 2079 2747 Ne
2099 2709 2171 2760 igi-

1164 2783 1188 2813 B
1210 2785 1271 2815 tur
1285 2775 1428 2814 divinas
1445 2773 1540 2824 leges
1560 2785 1642 2810 cum
1663 2770 1831 2808 humanis
1852 2770 2171 2822 transgrediamur,

1213 2851 1277 2876 nec
1300 2835 1531 2889 praeferamus
1556 2832 1751 2875 diabolicas
1770 2831 1864 2884 leges
1881 2840 1914 2869 et
1936 2832 2170 2885 perniciosam

1212 2899 1304 2936 hanc
1325 2894 1617 2935 consuetudinem
1638 2909 1646 2929 ε
1668 2893 1766 2931 illius
1785 2892 1879 2930 enim
1898 2892 1957 2931 lex
1975 2903 2059 2942 sunt
2081 2893 2168 2940 lime.

1214 2959 1275 3011 qui
1297 2956 1426 3010 gaudet
1448 2955 1493 2994 de
1517 2954 1662 2993 interitu
1695 2963 1825 2992 nostro.
1848 2953 1949 3002 Quid
1973 2954 2084 3005 igitur
2105 2955 2172 2992 ha(-

1213 3018 1466 3059 consuetudine
1501 3015 1616 3067 magis
1644 3014 1858 3064 ridiculum,
1883 3016 2026 3067 quando
2053 3017 2111 3055 vir
2138 3026 2170 3055 et

1213 3095 1306 3120 uxor
1336 3078 1532 3118 innumeris
1561 3076 1732 3115 conviciis
1753 3085 1786 3114 et
1805 3077 2010 3116 scommatis
2026 3093 2044 3115 a
2060 3079 2170 3116 servis

1214 3141 1420 3192 nulliusque
1434 3138 1538 3192 pretii
1551 3137 1759 3176 hominibus
1774 3137 2058 3188 incessuntur,ac
2069 3153 2170 3176 nemo

1214 3202 1339 3254 estqui
1367 3202 1523 3252 increpet
1551 3215 1557 3234 :
1582 3198 1643 3237 sed
1665 3198 1746 3237 licet
1759 3198 1874 3237 cuivis
1897 3199 2027 3238 volenti
2049 3200 2095 3238 ad
2112 3215 2168 3253 xse-

1215 3277 1352 3318 speram
1371 3261 1488 3301 omnia
1515 3260 1626 3311 loqui,
1646 3258 1858 3299 et-convicia
1875 3261 1991 3311 jacere
2010 3262 2043 3299 in
2066 3275 2170 3312 spou—

1182 1370 1203 1400 F:
