2566 3791
441 225 531 254 222
877 225 916 254 S.

437 305 571 343 diceret
602 305 793 358 populum,
835 320 904 344 non
936 307 1053 345 solum
1085 320 1155 344 non
1184 302 1394 349 maledixit,

954 223 1132 255 JOANMS
1167 219 1409 252 CIlRYSOST.
1449 218 1654 248 ARCHIEP.
1690 217 2041 250 CONSTANTINOP.

1464 301 1664 352 ἐπιδημίας.
1680 301 1742 348 Μὴ
1762 301 1874 340 τοίνυν
1908 302 2055 350 ξενίζου,
2076 304 2105 340 εἰ
2132 302 2191 339 καὶ
2221 305 2280 340 νῦν
2312 304 2329 340 ὁ
2362 302 2490 355 Λάμεχ

438 366 500 404 sed
525 376 559 404 et
588 367 758 420 praedixit
791 369 923 406 multas
947 368 1127 417 mirasque
1158 380 1227 414 res,
1250 378 1321 401 non
1351 362 1397 400 de
1417 373 1442 402 D
1463 361 1700 414 προσηγορίαν
1731 363 1860 406 ἐπιθεὶς
1885 365 1935 417 τῷ
1966 363 2065 401 παιδὶ
2091 363 2253 409 τοιαύτην
2281 362 2490 410 ἐπιτίθησιν,

439 429 572 481 populo
591 437 745 477 tantum,
773 429 837 466 sed
876 429 983 466 etiam
1009 427 1054 464 de
1085 426 1241 464 adventu
1273 424 1396 462 Salva-

441 490 527 526 toris
547 489 671 526 nostri.
703 491 782 527 Non
811 489 920 540 igitur
938 488 1090 538 mireris,
1118 487 1147 525 si
1170 487 1278 524 etiam
1302 499 1397 523 nunc

440 550 597 587 Lamech
625 549 674 586 ita
692 563 844 600 puerum
872 548 1078 600 appellarit,
1103 548 1166 587 sed
1186 549 1262 586 Deo
1280 556 1396 585 totum

440 609 569 655 tribue,
581 607 640 657 qui
661 607 781 644 solerti
797 622 859 644 sua
875 606 1047 658 sapientia
1062 615 1185 644 cuncta
1203 606 1395 658 dispensat.

306 681 427 709 Generis
442 671 497 706 Et
517 671 675 706 vocavit
696 682 835 705 nomen
851 668 958 706 illius
974 668 1076 706 Noe.
1093 668 1170 705 Hoc
1189 680 1319 705 nomen
1335 696 1346 717 ,
1364 666 1396 704 si

240 726 359 752 ¹¹¹¹m⁸¹¹³
382 722 426 747 ⁵¹²⁴
442 729 521 780 quis
532 729 796 781 interpretetur,
812 729 966 779 quietem
980 728 1082 767 dicit.
1099 729 1263 776 Quietem
1278 737 1395 765 autem

240 768 344 794 teritus

240 811 321 845 quies
342 817 428 835 voca-
443 799 548 829 vocat
579 790 780 841 generalem
807 791 913 828 illum
945 790 1127 829 interitum
1157 799 1236 843 post
1264 790 1397 828 multos

242 856 301 876 tur.

239 892 307 919 Jol».
325 891 355 920 3.
375 891 426 920 23.

442 866 552 889 annos
571 852 734 889 futurum
752 867 763 903 3
786 853 877 890 sicut
901 861 935 890 et
953 851 1023 891 Job
1054 851 1143 890 dicit
1159 853 1288 890 εΜονς
1307 854 1396 889 viro

443 916 554 965 quies
567 929 578 949 .·
594 913 762 964 quoniam
782 914 918 952 multus
938 923 990 952 est
1005 923 1037 952 et
1056 914 1161 952 valde
1179 927 1330 965 magnus
1345 913 1398 950 la-

440 974 507 1012 bor
518 974 763 1026 malitiae,ejus
782 975 1009 1012 cessationem
1031 983 1064 1012 et
1088 974 1325 1027 perditionem
1336 988 1398 1025 per

441 1035 623 1073 diluvium
655 1036 828 1085 suturam,
852 1036 1006 1086 quietem
1027 1045 1141 1075 vocat.
1165 1037 1219 1073 Et
1238 1038 1398 1072 vocavit
1417 1033 1441 1063 Ε

443 1111 583 1134 nomen
599 1098 706 1135 illins
725 1099 820 1135 Zl'oe.
834 1097 974 1134 Deinde
988 1097 1263 1149 appellationem
1278 1095 1397 1133 nomi-

440 1158 496 1195 nis
526 1158 779 1210 inteipretatur
797 1167 829 1195 et
847 1157 957 1195 dicit:
973 1160 1050 1196 Hic
1070 1161 1202 1210 utique
1231 1159 1396 1210 quietem

443 1221 552 1257 nobis
562 1221 763 1270 proestabit
780 1220 828 1256 ab
845 1220 1021 1270 operibus
1039 1221 1178 1256 nostris
1191 1233 1231 1255 :a
1246 1217 1398 1265 malitia,

440 1279 573 1330 inquit,
585 1288 732 1327 avertet,
742 1281 794 1316 Et
806 1293 831 1316 a
845 1280 1030 1317 molestiis
1044 1294 1231 1317 manuum
1247 1288 1398 1317 nostra-

441 1355 526 1378 rum
542 1356 552 1376 :
566 1349 599 1377 et
618 1341 748 1377 iterum
766 1340 833 1377 1100
855 1340 989 1392 ipsum,
1007 1341 1052 1377 ab
1068 1340 1248 1392 operibus,
1265 1339 1396 1390 inquit,

443 1402 558 1440 malis.
579 1403 659 1440 Non
680 1401 774 1439 enim
795 1401 902 1452 dicit,
924 1416 1051 1439 manus
1083 1401 1205 1439 dolore
1223 1402 1366 1439 affectas
1386 1417 1394 1437 z

443 1463 504 1501 sed
523 1478 585 1516 per
604 1463 749 1500 illarum
776 1478 881 1515 opera
907 1473 941 1501 et
960 1464 1071 1501 malas
1091 1464 1264 1511 actiones,
1289 1462 1400 1500 mole-

442 1524 528 1561 stias
547 1533 669 1562 auctas
700 1523 820 1561 fuisse.
844 1526 897 1561 Et
917 1539 942 1562 a
963 1533 1080 1570 terra,
1100 1538 1219 1576 quam
1239 1524 1400 1562 maledi-

443 1588 502 1622 xit
522 1587 717 1623 Dominus
733 1586 854 1623 Deus.
875 1585 1061 1622 Liberabit
1091 1599 1175 1634 nos,
1200 1584 1332 1635 inquit,
1355 1585 1400 1623 ab

1465 420 1555 458 ἀλλὰ
1569 425 1618 474 τῷ
1638 424 1720 474 Θεῷ
1746 423 1885 474 λόγισαι
1903 424 1944 463 τὸ
1961 430 2030 462 πᾶν
2050 426 2100 475 τῷ
2116 424 2183 462 διὰ·
2204 426 2266 470 τ’ῆς
2292 423 2490 475 εὐμηχάνου

1464 483 1569 519 αὐτοῦ
1601 483 1723 534 σοφίας
1755 483 1869 522 πάντα
1900 487 2146 535 οἰκονομοῦντι.
2175 485 2245 523 Καὶ
2278 485 2422 522 ἐκάλεσε
2449 484 2490 522 τὸ

1463 543 1574 594 ὄνομα
1593 547 1697 583 αὐτοῦ
1715 547 1796 583 Νῶε
1811 561 1819 568 ·
1841 545 2066 597 ἑρμηνεύεται
2090 546 2158 597 γὰρ
2188 547 2293 585 αὐτοῦ
2313 546 2353 584 τὸ
2380 546 2491 595 ὄνομα

1465 604 1673 648 ἀνάπαυσις.
1693 605 1769 653 Τὴν
1787 600 1844 644 οἷ’ἷν
1877 606 2116 658 πανωλεθρίαν
2145 606 2293 652 ἐκείνην,
2311 606 2374 654 τὴν
2401 606 2491 656 μετὰ

1463 665 1637 704 τοσούτων
1657 668 1744 705 ἐτῶν
1761 666 1908 718 ἀριθμὸν
1923 667 2164 718 συμὸἦσεσθαι
2183 667 2388 718 μέλλουσαν,
2409 667 2491 704 ἀνά-

1464 742 1593 765 παυσιν
1606 730 1723 766 καλεῖ·
1741 728 1900 779 καθάπερ
1915 728 1974 766 καὶ
1991 727 2075 765 ’1038
2092 744 2177 780 φησι
2191 744 2199 751 ·
2218 728 2377 771 Θάνατος
2393 727 2492 780 ἀνδρὶ

1465 788 1672 833 ἀνάπαυσις.
1702 789 1850 836 Ἐπειδὴ
1883 789 1952 841 γὰρ
1984 789 2091 828 πολὺν
2118 790 2178 827 καὶ
2216 789 2348 842 σφόδρα
2381 788 2490 840 μέγαν

1464 849 1538 901 ἔχει
1562 851 1620 889 τὸν
1649 851 1805 902 κάματον
1825 855 1847 897 ἦ
1867 851 1996 896 κακία,
2024 850 2089 897 τὴν
2115 851 2243 897 ταύτης
2275 849 2412 902 &nol-hv
2432 850 2492 888 καὶ

1463 910 1526 957 τὴν
1546 912 1734 965 ἀναίρεσιν,
1756 913 1797 960 ἢν
1830 912 1887 951 διὰ
1909 916 1970 950 τοῦ
1990 912 2178 951 κλυδωνίου
2199 912 2329 951 ἐκείνου
2347 912 2492 962 ἔμελλον

1465 971 1694 1025 ὑφίστασθαι,
1715 974 1911 1012 ἀνάπαυσιν
1926 974 2038 1012 καλεῖ.
2060 972 2130 1010 Καὶ
2143 972 2286 1010 ἐκάλεσε
2300 1002 2309 1019 ,
2326 971 2431 1023 φησὶ,
2452 971 2494 1009 τὸ

1465 1033 1576 1084 ὄνομα
1596 1037 1700 1073 αὐτοῦ
1721 1037 1813 1074 Νῶε.
1838 1029 1928 1073 Εἶτα
1951 1034 2149 1087 ἑρμηνεύων
2167 1037 2251 1083 ἡμῖν
2280 1039 2339 1071 τοῦ
2357 1033 2491 1082 ὀνόμα-

1464 1112 1521 1140 τος
1540 1096 1602 1144 τὴν
1632 1097 1882 1150 προσηγορίαν,
1905 1097 2008 1148 φησίν
2023 1112 2030 1120 ·
2061 1090 2202 1138 ιὈῧτος
2237 1095 2272 1133 δὲ
2297 1093 2492 1132 ἀναπαύσει

1465 1160 1558 1207 ἡμᾶς
1580 1158 1649 1197 ἀπὸ
1674 1162 1742 1196 τῶν
1763 1158 1871 1209 ἔργων
1891 1161 2012 1208 ἡμῶν·
2034 1158 2104 1195 ἀπὸ
2129 1160 2192 1203 τῆς
2213 1156 2358 1204 κακίας,
2375 1155 2492 1207 φησὶν,

1466 1220 1670 1267 ἀποστήσει,
1688 1219 1758 1257 Καὶ
1779 1219 1847 1257 ἀπὸ
1866 1221 1934 1257 τῶν
1952 1220 2118 1272 λυπηρῶν
2139 1221 2207 1256 τῶν
2225 1220 2353 1270 χειρῶν
2370 1220 2470 1268 ἡμῶν
2484 1232 2493 1243 ⁹

1465 1281 1525 1320 καὶ
1552 1282 1658 1319 πάλιν
1687 1282 1727 1320 τὸ
1758 1281 1841 1319 αὐτὸ
1881 1281 1950 1319 ἀπὸ
1982 1282 2051 1318 τῶν
2082 1280 2255 1333 πράξεων,
2283 1280 2386 1331 φησὶ,
2421 1282 2491 1317 τῶν

1465 1346 1639 1393 πονηρῶν.
1651 1341 1742 1381 Οὐδὲ
1761 1342 1829 1394 γὰρ
1849 1341 1968 1388 ἐπειδὴ
1990 1343 2025 1378 αἱ
2047 1347 2161 1394 χεῖρες
2175 1343 2363 1380 ἐλυποῦντο
2378 1369 2388 1387 ,
2402 1339 2492 1377 οὕτω
2516 1335 2524 1341 i
2556 1367 2559 1372 ·

1466 1403 1566 1442 τοῦτο’
1586 1419 1703 1456 φησιν,
1733 1405 1809 1442 ἀλλ’
1841 1403 1961 1450 ἐπειδὴ
1990 1404 2046 1441 διὰ
2073 1405 2136 1448 τῆς
2166 1402 2294 1442 τούτων
2330 1399 2495 1453 ἐργασίας

1466 1465 1600 1511 καὶτῆς
1615 1472 1771 1518 πονηρᾶς
1785 1464 1943 1519 πράξεως
1956 1464 2001 1503 τὰ
2020 1468 2082 1511 τῆς
2097 1465 2210 1510 λύπης
2226 1464 2342 1504 αὐτοῖς
2359 1461 2493 1507 ηὔξετο.

1468 1527 1539 1566 Καὶ
1576 1526 1644 1565 ἀπὸ
1661 1529 1724 1573 τῆς
1753 1529 1840 1577 γῆς,
1873 1521 1915 1572 ἧς
1935 1525 2160 1578 κατηράσατο
2181 1525 2310 1577 Κύριος
2340 1526 2358 1561 ὃ
2389 1522 2493 1566 Θεός.

1468 1587 1719 1639 Ἐλευθερώσει
1738 1591 1832 1638 ἡμᾶς
1863 1587 2016 1634 πάντων,
2042 1586 2151 1638 φησὶ,
2170 1588 2238 1623 τῶν
2265 1582 2495 1634 ἐπικειμένων

444 1646 611 1683 omnibus
624 1645 728 1682 malis
744 1646 999 1696 prementibus,
1023 1655 1056 1683 et
1077 1646 1260 1684 laboribus
1280 1655 1313 1683 et
1332 1647 1455 1698 1111-189
1468 1652 1600 1698 κακῶν,
1629 1649 1689 1688 καὶ
1720 1655 1780 1688 τοῦ
1799 1649 1879 1702 περὶ
1897 1647 1961 1694 τὴν
1987 1650 2052 1699 γῆν
2083 1650 2261 1686 πονεῖσθαι
2285 1645 2344 1684 καὶ
2371 1645 2496 1682 ταλαι-

443 1707 544 1744 seriis
567 1721 654 1757 quas
675 1707 837 1743 subimus
856 1706 892 1743 in
909 1715 1001 1745 terra
1021 1707 1180 1755 colenda,
1195 1722 1274 1758 quae
1291 1708 1400 1746 male·
1421 1712 1446 1740 Α
1468 1715 1660 1762 πωρεὶσθαι
1687 1710 1749 1758 τὴν
1770 1710 1925 1762 κατάραν
1947 1708 2136 1759 δεξαμένην
2155 1707 2212 1745 διὰ
2232 1706 2295 1753 τὴν
2319 1709 2378 1744 τοῦ
2398 1720 2496 1757 πρω-

443 1768 591 1805 dictioni
604 1768 696 1804 facta
714 1776 769 1806 est
783 1767 938 1804 obnoxia
956 1778 1099 1820 propter
1113 1768 1321 1820 primigenae
1335 1769 1400 1806 ho-

444 1828 550 1866 minis
571 1827 896 1879 transgressionem.
907 1828 974 1864 Hic
986 1828 1244 1878 animadverte,
1258 1828 1399 1878 dilecte,

443 1889 622 1941 quomodo
641 1888 783 1941 puellus
804 1888 868 1926 iste
892 1889 1068 1940 paulatim
1089 1904 1261 1940 crescens,
1284 1891 1400 1928 omni-

441 1952 510 1989 bus
537 1951 655 2003 ipsum
682 1949 887 1989 videntibus
917 1949 1080 1988 discendi
1109 1951 1246 1988 occasio
1279 1951 1400 1989 fuerit.

444 2014 537 2051 Nam
563 2027 649 2050 mox
668 2021 707 2049 ut
727 2012 807 2063 quis
836 2026 963 2049 nomen
987 2012 1090 2064 pueri
1109 2012 1307 2051 sciscitatus
1333 2022 1399 2061 est,

444 2089 489 2112 ex
523 2074 813 2126 interpretatione
840 2073 1009 2112 vocabuli
1036 2073 1166 2111 didicit
1188 2083 1402 2112 eventurum

445 2136 644 2186 generalem
667 2134 864 2173 interitum.
881 2135 973 2172 Nam
986 2133 1014 2171 si
1028 2134 1109 2185 quis
1123 2134 1247 2172 divino
1262 2135 1401 2186 Spiritu

445 2196 586 2233 afflatus
605 2195 814 2247 simpliciter
832 2195 900 2232 hoe
918 2195 1081 2232 futurum
1097 2194 1260 2243 dixisset,
1276 2194 1314 2232 id
1330 2204 1402 2233 sta-

446 2257 512 2294 tim
531 2257 655 2294 fuisset
672 2255 845 2294 oblivioni
863 2255 1049 2304 traditum,
1069 2265 1102 2293 et
1118 2256 1276 2306 gravitas
1291 2270 1401 2308 poenae

447 2332 517 2356 non
544 2318 667 2356 fuisset
700 2316 865 2355 omnibus
892 2316 1158 2367 cognitaznune
1177 2326 1295 2354 autem
1317 2318 1400 2367 quia

447 2380 508 2417 hic
524 2388 604 2417 ante
622 2377 784 2416 omnium
804 2386 968 2415 versatur
989 2377 1128 2426 oculos,
1147 2378 1354 2429 tempestive
1369 2387 1402 2416 et
1424 2386 1447 2415 B

450 2440 700 2493 intempestive
723 2438 884 2477 divinam
905 2438 1206 2475 commemorabat
1233 2438 1400 2490 indigna-

449 2502 593 2541 tionem.
615 2503 725 2540 Porro
747 2510 786 2538 ut
807 2509 900 2538 certo
926 2499 1080 2537 sciamus
1095 2508 1226 2550 quanto
1245 2509 1403 2552 tempore

450 2561 732 2617 perseveraverit
750 2561 848 2599 silius
867 2575 930 2613 per
946 2560 1003 2599 5111
1017 2560 1170 2598 [1011111115
1186 2561 1401 2613 appellatio-

451 2639 532 2663 nem
548 2638 668 2663 omnes
683 2622 873 2660 admonere
890 2631 927 2659 ut
943 2621 1150 2660 desisterent
1165 2636 1185 2659 a
1201 2631 1355 2674 peccato,
1369 2632 1404 2661 et

450 2686 623 2725 virtutem
650 2684 952 2736 amplexarentur,
973 2696 1042 2733 quo
1069 2682 1160 2720 iram
1191 2682 1282 2720 hanc
1314 2684 1404 2721 effu-

453 2761 534 2799 gere
550 2747 722 2795 valerent,
741 2744 830 2782 dicit
841 2760 848 2780 :
859 2745 922 2782 59.
936 2745 990 2782 Ec
1009 2752 1094 2781 erat
1113 2745 1196 2781 Noe
1212 2758 1405 2782 annorum

452 2812 766 2861 quingentorum,
785 2814 822 2843 et
842 2807 975 2857 genuit
994 2804 1203 2856 tresfilios.
1224 2804 1318 2843 vide
1339 2805 1406 2843 ite-

454 2885 534 2908 rum
553 2869 665 2907 alium
679 2869 818 2919 justum
838 2879 919 2904 cum
940 2879 1052 2903 uxore
1070 2874 1102 2903 et
1123 2865 1218 2914 filiis,
1237 2867 1296 2917 qui
1318 2867 1407 2905 bene

454 2929 634 2983 operando
650 2928 845 2966 admodum
857 2927 994 2979 placuit
1012 2927 1100 2976 Deo,
1117 2935 1150 2964 et
1164 2936 1284 2964 contra
1298 2942 1406 2978 quam

456 3006 574 3029 omncs
584 2991 750 3041 agebant,
766 2988 914 3027 virtutis
926 2988 1022 3025 viam
1039 2987 1143 3038 elegit
1154 2996 1204 3025 :et
1220 3002 1331 3038 neque
1342 3003 1407 3026 nu-

450 3053 553 3105 puis,
579 3066 692 3102 neque
710 3051 870 3107 filiorum
895 3049 1100 3087 educatione
1120 3049 1320 3101 prohibitus
1339 3059 1404 3088 cst,

1469 1773 1665 1811 τοπλάστου
1692 1772 1908 1825 παράίασιν.
1931 1770 2065 1809 Ἐννόει
2083 1769 2150 1823 γάρ
2167 1784 2225 1819 μοι
2251 1767 2385 1815 λοιπὸν,
2405 1769 2494 1817 ἀγα-

1468 1833 1579 1882 πητὲ,
1599 1837 1673 1877 πῶς
1692 1834 1732 1872 τὸ
1745 1833 1881 1871 παιδίον
1898 1836 1999 1871 τοῦτο
2013 1831 2104 1870 κατὰ
2121 1830 2242 1882 μικρὸν
2263 1828 2494 1878 αὐξανόμενον

1469 1893 1694 1937 διδασκαλίας
1714 1893 1872 1937 ὑπόθεσις
1895 1895 2007 1932 ἅπασι
2026 1900 2096 1936 τοῖς
2114 1895 2238 1944 ὁρῶσιν
2258 1891 2401 1942 ἐγίνετο.
2417 1890 2495 1927 Μό-

1469 1971 1524 1994 νον
1545 1956 1612 2008 γάρ
1629 1971 1681 1999 τις
1700 1955 1908 1995 ἐπυνθάνετο
1926 1958 1984 1994 τοῦ
2000 1953 2140 1992 παιδίου
2162 1953 2226 1999 τὴν
2243 1951 2493 2005 προσηγορίαν,

2252 2013 2318 2027 ΊΝΙΊ

1469 2016 1528 2056 καὶ
1544 2018 1667 2060 εὐθέως
1685 2019 1707 2063 ἡ
1727 2015 1893 2070 ἑρμηνεία
1912 2019 1974 2062 τῆς
1994 2013 2228 2067 προσηγορίας
2247 2028 2406 2051 εοιοασκε
2425 2015 2494 2050 τῶν

1472 2077 1670 2129 μελλόντων
1690 2077 1932 2128 συμὸήσεσθαι
1948 2076 2006 2114 τὸν
2034 2076 2186 2128 ὄλεθρον.
2207 2076 2251 2113 Εἰ
2272 2073 2333 2125 μὲν
2350 2074 2418 2125 γάρ
2442 2089 2496 2116 τις

1471 2140 1590 2182 ἁπλῶς
1622 2132 1716 2176 εἶπεν
1749 2137 1951 2191 ἐνηχηθεὶς,
1976 2136 2030 2175 ὅτι
2062 2136 2139 2174 τόδε
2168 2136 2286 2183 ἔσται,
2312 2133 2377 2173 κᾶν
2403 2134 2493 2186 λήθῃ

1470 2201 1650 2251 παραδοθῇ
1671 2199 1710 2237 τὸ
1731 2199 1846 2251 ῥηθὲν,
1863 2198 1922 2236 καὶ
1941 2200 2002 2236 οὐκ
2019 2197 2059 2234 ἂν
2085 2197 2212 2240 πάντες
2227 2196 2413 2249 ἐγίνωσκον
2432 2198 2495 2242 τῆς

1469 2261 1641 2312 τιμωρίας
1658 2259 1697 2297 τὸ
1715 2260 1885 2313 ἀφόρητον
1902 2274 1909 2282 ·
1931 2259 2003 2296 νυνὶ
2020 2257 2055 2296 δὲ
2069 2252 2165 2301 οὗτος
2194 2258 2260 2295 ὑπὸ
2287 2262 2357 2300 τοῖς
2377 2255 2495 2294 ἁπάν-

1470 2337 1537 2359 των
1559 2323 1748 2373 ὀφθαλμοῖς
1763 2320 1991 2374 στρεφόμενος
2005 2349 2015 2368 ,
2031 2319 2216 2372 εὐκαίρως,
2234 2318 2385 2370 ἀκαίρως
2407 2317 2496 2356 ὑπό-

1472 2399 1596 2435 μνησις
1620 2383 1750 2435 ἐγίνετο
1768 2385 1830 2429 τ’ῆς
1851 2386 1911 2420 τοῦ
1930 2384 2022 2420 Θεοῦ
2042 2380 2325 2432 ἀγανακτήσεως.
2346 2379 2416 2418 Καὶ
2437 2378 2495 2416 ἵνα

1472 2445 1637 2496 μάθωμεν
1661 2445 1813 2498 ἀκριίῶς
1838 2444 1895 2483 ἐπὶ
1917 2444 2023 2481 πόσον
2051 2442 2175 2495 χρόνον
2195 2442 2373 2494 διήρκεσεν
2389 2444 2406 2478 ὁ
2424 2440 2496 2483 υἱὸς

1471 2506 1528 2544 διὰ
1542 2509 1603 2551 τῆς
1623 2505 1858 2558 προσηγορίας
1883 2508 1946 2552 τῆς
1962 2508 2082 2543 ἑαυτοῦ
2102 2510 2189 2541 πᾶσι
2214 2503 2394 2555 παραινῶν
2411 2504 2497 2540 ἀπο·

1471 2568 1594 2611 στῆναι
1615 2565 1675 2616 μὲν
1707 2569 1770 2612 τῆς
1798 2564 1942 2611 κακίας,
1967 2563 2106 2602 ἑλέσθαι
2124 2563 2159 2601 δὲ
2189 2564 2253 2610 τὴν
2274 2561 2416 2615 ἀρετὴν,
2435 2561 2495 2599 καὶ

1471 2629 1648 2679 διαφυγεῖν
1668 2626 1730 2674 τὴν
1757 2626 1926 2672 τοσαύτην
1957 2625 2208 2676 ἀγανάκτησιν,
2234 2624 2319 2678 φησί
2337 2640 2345 2647 ·
2366 2623 2437 2662 Καὶ
2452 2617 2495 2670 ἧν

1472 2691 1552 2727 Νῶε
1573 2691 1657 2726 ἐτῶν
1675 2687 1924 2733 πεντακοσίων,
1940 2687 1998 2724 καὶ
2014 2686 2174 2737 ἐγέννησε
2187 2687 2266 2723 Nffis
2282 2691 2374 2738 τρεῖς
2386 2684 2493 2728 υἱούς.

1472 2749 1569 2801 υΟρα
1591 2749 1695 2787 πάλιν
1714 2749 1818 2786 ἄλλον
1837 2747 1967 2787 δίκαιον
1990 2746 2078 2798 μετὰ
2097 2746 2257 2798 γυναικὸς
2276 2746 2335 2783 καὶ
2352 2746 2495 2793 τέκνων,

1474 2810 1607 2854 πολλὴν
1626 2810 1690 2857 τὴν
1705 2810 1784 2863 περὶ
1799 2809 1855 2847 τὸν
1871 2808 1961 2848 Θεὸν
1982 2808 2208 2861 εὐαρέστησιν
2223 2809 2495 2860 κατωρθωκότα,

1475 2873 1533 2911 καὶ
1563 2871 1770 2913 ἀπεναντίας
1789 2870 1899 2908 ἅπασι
1916 2870 1978 2916 την
1999 2872 2060 2915 τῆς
2078 2871 2202 2922 ἀρετ-ἧς
2225 2870 2301 2908 ὁδὸν
2322 2869 2498 2920 ἑλόμενον,

1475 2933 1534 2971 καὶ
1556 2933 1650 2970 οὐδὲν
1673 2932 1751 2970 οὔτε
1774 2931 1840 2970 ὑπὸ
1859 2937 1918 2970 τοῦ
1940 2931 2053 2983 γάμου
2068 2961 2077 2979 ,
2103 2930 2181 2968 οὔτε
2199 2931 2266 2970 ὑπὸ
2286 2934 2348 2977 τῆς
2368 2931 2498 2968 παιδο-

1475 2994 1617 3048 τροφίας
1640 2994 1851 3034 κωλυθέντα,
1881 2993 1978 3036 Τέως
2004 2993 2040 3031 δὲ
2069 2995 2256 3044 ἀναγκαῖον
2281 2995 2498 3044 ἐκπλαγῆναι

1476 3061 1535 3094 τοῦ
1550 3060 1641 3095 Θεοῦ
1660 3055 1723 3102 τὴν
1743 3056 1872 3107 ἄφατον
1893 3054 2146 3106 μακροθυμίαν,
2161 3054 2221 3092 καὶ
2239 3057 2308 3092 τῶν
2327 3053 2405 3092 τότε
2435 3057 2498 3092 ἀν-

454 3115 565 3158 1'orro
581 3111 857 3163 obstupescenda
873 3119 923 3148 est
939 3110 1130 3148 ineffabilis
1142 3110 1310 3162 patientia
1327 3112 1405 3161 Dei,
1430 3125 1454 3155 c
1478 3118 1624 3172 opo'mow
1641 3117 1703 3165 τὴν
1725 3116 1972 3169 ἀγν(.)μοςύνην
1995 3116 2058 3162 τὴν
2081 3115 2382 3168 ὓπερςάλλουσαν,
2408 3115 2497 3153 Ἰδοὺ

452 3186 490 3218 et
507 3174 709 3227 prodigiosa
728 3173 929 3218 hominum,
951 3172 1012 3222 qui
1036 3181 1119 3209 tunc
1144 3181 1257 3222 erant,
1282 3173 1404 3224 nequi-

456 3237 517 3275 tia.
541 3236 632 3274 Ecce
650 3233 743 3272 enim
768 3233 970 3284 quingentis
995 3233 1096 3271 annis
1124 3233 1262 3272 vixerat
1286 3234 1405 3286 justus

456 3305 531 3350 ille,
557 3303 712 3341 clamans
735 3311 767 3339 et
791 3302 984 3339 testificans
1005 3315 1070 3339 suo
1091 3302 1234 3340 nominc
1254 3302 1415 3342 futurum

1476 3181 1544 3234 γὰρ
1563 3179 1776 3218 πεντακόσια
1803 3178 1862 3225 ἔτη
1883 3178 1968 3221 τέως
1993 3177 2172 3230 διήρκεσεν
2203 3179 2220 3214 ὁ
2241 3177 2371 3220 δίκαιος
2402 3170 2498 3220 οὗτος

1480 3245 1584 3294 βοῶν,
1607 3241 1666 3280 καὶ
1682 3239 2000 3292 διαμαρτυρόμενος
2019 3238 2075 3276 διὰ
2096 3240 2158 3284 τ’ἧς
2183 3240 2305 3277 ἑαυτοῦ
2321 3253 2496 3291 προσηγο-

1479 3304 1552 3355 ρίας
1568 3304 1607 3342 τὸ
1627 3302 1751 3354 μέλλον
1770 3301 1906 3339 ἔσεσθαι
1923 3298 2108 3340 κλυδώνιον
2125 3299 2216 3340 κατὰ
2233 3306 2346 3338 πᾶσαν
2363 3298 2426 3347 τὴν
2445 3301 2496 3337 οῖ-

504 3414 520 3438 b
539 3409 645 3453 [nihl.
662 3417 693 3442 ct
710 3407 810 3441 Saxil.
828 3406 881 3441 hic
895 3415 931 3440 ut
947 3419 1044 3451 supra
1060 3409 1143 3447 οὗτος
1161 3411 1360 3445 &amm-3522.
1374 3410 1466 3444 Infra
1489 3413 1566 3446 οὕτω
1587 3414 1672 3445 τοῦτό
1690 3424 1772 3454 φησιν
1789 3406 1979 3441 addidimus
1995 3418 2012 3440 c
2028 3405 2148 3452 savit]
