<?xml version="1.0" encoding="UTF-8"?>
<!DOCTYPE html PUBLIC "-//W3C//DTD XHTML 1.0 Transitional//EN"
    "http://www.w3.org/TR/xhtml1/DTD/xhtml1-transitional.dtd">
<html xmlns="http://www.w3.org/1999/xhtml" xml:lang="en" lang="en">
 <head>
  <title>
</title>
<meta http-equiv="Content-Type" content="text/html;charset=utf-8" />
  <meta name='ocr-system' content='tesseract 3.04.00' />
  <meta name='ocr-capabilities' content='ocr_page ocr_carea ocr_par ocr_line ocrx_word'/>
</head>
<body>
  <div class='ocr_page' id='page_1' title='image "./operaomniaquaeex04johnuoft_0899.png"; bbox 0 0 2516 3791; ppageno 0'>
   <div class='ocr_carea' id='block_1_1' title="bbox 726 187 1573 219">
    <p class='ocr_par' dir='ltr' id='par_1_1' title="bbox 726 187 1573 219">
     <span class='ocr_line' id='line_1_1' title="bbox 726 187 1573 219; baseline 0.002 -3"><span class='ocrx_word' id='word_1_1' title='bbox 726 188 783 217; x_wconf 75' lang='lat' dir='ltr'>DE</span> <span class='ocrx_word' id='word_1_2' title='bbox 820 187 991 217; x_wconf 73' lang='lat' dir='ltr'>DAVtDF,</span> <span class='ocrx_word' id='word_1_3' title='bbox 1029 188 1085 218; x_wconf 78' lang='lat' dir='ltr'>ET</span> <span class='ocrx_word' id='word_1_4' title='bbox 1120 187 1262 218; x_wconf 69' lang='lat' dir='ltr'><strong>SAULF.</strong></span> <span class='ocrx_word' id='word_1_5' title='bbox 1299 188 1487 219; x_wconf 69' lang='lat' dir='ltr'>ltOMtLtA</span> <span class='ocrx_word' id='word_1_6' title='bbox 1528 189 1573 218; x_wconf 88' lang='lat' dir='ltr'>ll.</span> 
     </span>
    </p>
   </div>
   <div class='ocr_carea' id='block_1_2' title="bbox 509 332 755 385">
    <p class='ocr_par' dir='ltr' id='par_1_2' title="bbox 509 332 755 385">
     <span class='ocr_line' id='line_1_2' title="bbox 509 332 755 385; baseline 0.008 -15"><span class='ocrx_word' id='word_1_7' title='bbox 509 334 688 372; x_wconf 69' lang='grc' dir='ltr'>οΜιΛιΑ</span> <span class='ocrx_word' id='word_1_8' title='bbox 710 332 755 385; x_wconf 68' lang='grc' dir='ltr'>β’.</span> 
     </span>
    </p>
   </div>
   <div class='ocr_carea' id='block_1_3' title="bbox 123 454 1153 819">
    <p class='ocr_par' dir='ltr' id='par_1_3' title="bbox 123 454 1153 819">
     <span class='ocr_line' id='line_1_3' title="bbox 123 454 1153 510; baseline 0.002 -17"><span class='ocrx_word' id='word_1_9' title='bbox 123 454 208 494; x_wconf 69' lang='lat' dir='ltr'>“Ort</span> <span class='ocrx_word' id='word_1_10' title='bbox 225 454 316 507; x_wconf 83' lang='grc' dir='ltr'>μέγα</span> <span class='ocrx_word' id='word_1_11' title='bbox 331 456 460 507; x_wconf 81' lang='grc' dir='ltr'>ἀγαθὸν</span> <span class='ocrx_word' id='word_1_12' title='bbox 475 456 513 494; x_wconf 80' lang='grc' dir='ltr'>οὐ</span> <span class='ocrx_word' id='word_1_13' title='bbox 530 456 569 495; x_wconf 84' lang='grc' dir='ltr'>τὸ</span> <span class='ocrx_word' id='word_1_14' title='bbox 586 456 742 508; x_wconf 78' lang='grc' dir='ltr'>μετιέναι</span> <span class='ocrx_word' id='word_1_15' title='bbox 768 458 870 508; x_wconf 90' lang='grc' dir='ltr'>μόνον</span> <span class='ocrx_word' id='word_1_16' title='bbox 900 457 1039 510; x_wconf 73' lang='grc' dir='ltr'>ἀρετὴν,</span> <span class='ocrx_word' id='word_1_17' title='bbox 1062 457 1153 496; x_wconf 80' lang='grc' dir='ltr'>ἀλλὰ</span> 
     </span>
     <span class='ocr_line' id='line_1_4' title="bbox 176 515 1152 570; baseline 0.003 -17"><span class='ocrx_word' id='word_1_18' title='bbox 176 516 235 554; x_wconf 85' lang='grc' dir='ltr'>καὶ</span> <span class='ocrx_word' id='word_1_19' title='bbox 251 515 291 554; x_wconf 91' lang='grc' dir='ltr'>τὸ</span> <span class='ocrx_word' id='word_1_20' title='bbox 306 518 458 556; x_wconf 84' lang='grc' dir='ltr'>ἐπαινεῖν</span> <span class='ocrx_word' id='word_1_21' title='bbox 479 517 627 570; x_wconf 83' lang='grc' dir='ltr'>ἀρετήν·</span> <span class='ocrx_word' id='word_1_22' title='bbox 648 518 708 557; x_wconf 79' lang='grc' dir='ltr'>καὶ</span> <span class='ocrx_word' id='word_1_23' title='bbox 723 517 775 557; x_wconf 80' lang='grc' dir='ltr'>ὅτι</span> <span class='ocrx_word' id='word_1_24' title='bbox 794 521 908 569; x_wconf 87' lang='grc' dir='ltr'>μεῖζον</span> <span class='ocrx_word' id='word_1_25' title='bbox 926 519 1052 565; x_wconf 86' lang='grc' dir='ltr'>ἔστησε</span> <span class='ocrx_word' id='word_1_26' title='bbox 1068 518 1152 570; x_wconf 88' lang='grc' dir='ltr'>τρό-</span> 
     </span>
     <span class='ocr_line' id='line_1_5' title="bbox 177 579 1150 631; baseline 0.003 -15"><span class='ocrx_word' id='word_1_27' title='bbox 177 594 281 617; x_wconf 86' lang='grc' dir='ltr'>παιον</span> <span class='ocrx_word' id='word_1_28' title='bbox 310 579 518 631; x_wconf 81' lang='grc' dir='ltr'>φεισάμενος</span> <span class='ocrx_word' id='word_1_29' title='bbox 545 584 605 618; x_wconf 84' lang='grc' dir='ltr'>τοῦ</span> <span class='ocrx_word' id='word_1_30' title='bbox 638 580 756 620; x_wconf 76' lang='grc' dir='ltr'>Σαοὺλ</span> <span class='ocrx_word' id='word_1_31' title='bbox 774 584 792 619; x_wconf 86' lang='grc' dir='ltr'><strong>ὁ</strong></span> <span class='ocrx_word' id='word_1_32' title='bbox 814 581 944 629; x_wconf 80' lang='grc' dir='ltr'>Δαυὶδ,</span> <span class='ocrx_word' id='word_1_33' title='bbox 963 580 985 628; x_wconf 83' lang='grc' dir='ltr'>ἢ</span> <span class='ocrx_word' id='word_1_34' title='bbox 1005 580 1062 619; x_wconf 77' lang='grc' dir='ltr'>ὅτε</span> <span class='ocrx_word' id='word_1_35' title='bbox 1093 581 1150 619; x_wconf 86' lang='grc' dir='ltr'>τὸν</span> 
     </span>
     <span class='ocr_line' id='line_1_6' title="bbox 176 641 1150 693; baseline 0.001 -15"><span class='ocrx_word' id='word_1_36' title='bbox 176 641 304 679; x_wconf 81' lang='grc' dir='ltr'>Ιόλιὰθ</span> <span class='ocrx_word' id='word_1_37' title='bbox 333 641 546 693; x_wconf 81' lang='grc' dir='ltr'>κατήνεγκε·</span> <span class='ocrx_word' id='word_1_38' title='bbox 567 642 627 680; x_wconf 89' lang='grc' dir='ltr'>καὶ</span> <span class='ocrx_word' id='word_1_39' title='bbox 656 641 710 680; x_wconf 86' lang='grc' dir='ltr'>ὅτι</span> <span class='ocrx_word' id='word_1_40' title='bbox 741 642 863 681; x_wconf 81' lang='grc' dir='ltr'>ἑαυτὸν</span> <span class='ocrx_word' id='word_1_41' title='bbox 896 641 1068 693; x_wconf 80' lang='grc' dir='ltr'>μᾶλλονῆ</span> <span class='ocrx_word' id='word_1_42' title='bbox 1092 643 1150 681; x_wconf 85' lang='grc' dir='ltr'>τὸν</span> 
     </span>
     <span class='ocr_line' id='line_1_7' title="bbox 174 700 1148 754; baseline 0.003 -15"><span class='ocrx_word' id='word_1_43' title='bbox 174 700 293 740; x_wconf 82' lang='grc' dir='ltr'>Σαοὺλ</span> <span class='ocrx_word' id='word_1_44' title='bbox 310 702 470 754; x_wconf 78' lang='grc' dir='ltr'>ὠφέλησε</span> <span class='ocrx_word' id='word_1_45' title='bbox 490 706 593 741; x_wconf 88' lang='grc' dir='ltr'>τοῦτο</span> <span class='ocrx_word' id='word_1_46' title='bbox 612 703 773 751; x_wconf 81' lang='grc' dir='ltr'>ποιήσας·</span> <span class='ocrx_word' id='word_1_47' title='bbox 791 704 850 743; x_wconf 87' lang='grc' dir='ltr'>καὶ</span> <span class='ocrx_word' id='word_1_48' title='bbox 869 706 918 748; x_wconf 87' lang='grc' dir='ltr'>εἰς</span> <span class='ocrx_word' id='word_1_49' title='bbox 932 703 996 752; x_wconf 83' lang='grc' dir='ltr'>τὴν</span> <span class='ocrx_word' id='word_1_50' title='bbox 1014 705 1148 742; x_wconf 84' lang='grc' dir='ltr'>ἀπολο-</span> 
     </span>
     <span class='ocr_line' id='line_1_8' title="bbox 173 764 790 819; baseline 0.005 -17"><span class='ocrx_word' id='word_1_51' title='bbox 173 764 252 817; x_wconf 88' lang='grc' dir='ltr'>γίαν</span> <span class='ocrx_word' id='word_1_52' title='bbox 272 765 376 802; x_wconf 83' lang='grc' dir='ltr'>αὐτοῦ</span> <span class='ocrx_word' id='word_1_53' title='bbox 397 765 460 813; x_wconf 78' lang='grc' dir='ltr'>τὴν</span> <span class='ocrx_word' id='word_1_54' title='bbox 479 766 565 819; x_wconf 85' lang='grc' dir='ltr'>πρὸς</span> <span class='ocrx_word' id='word_1_55' title='bbox 582 765 641 804; x_wconf 84' lang='grc' dir='ltr'>τὸν</span> <span class='ocrx_word' id='word_1_56' title='bbox 658 765 790 805; x_wconf 85' lang='grc' dir='ltr'>Σαούλ.</span> 
     </span>
    </p>
   </div>
   <div class='ocr_carea' id='block_1_4' title="bbox 106 949 1150 3294">
    <p class='ocr_par' dir='ltr' id='par_1_4' title="bbox 106 949 1150 3294">
     <span class='ocr_line' id='line_1_9' title="bbox 171 949 1149 1004; baseline 0.004 -16"><span class='ocrx_word' id='word_1_57' title='bbox 171 949 294 1002; x_wconf 84' lang='grc' dir='ltr'>Ὑμεῖς</span> <span class='ocrx_word' id='word_1_58' title='bbox 314 950 378 1001; x_wconf 83' lang='grc' dir='ltr'>μὲν</span> <span class='ocrx_word' id='word_1_59' title='bbox 398 950 521 1004; x_wconf 83' lang='grc' dir='ltr'>πρῴην</span> <span class='ocrx_word' id='word_1_60' title='bbox 543 951 738 1004; x_wconf 83' lang='grc' dir='ltr'>ἐπῃνέσατε</span> <span class='ocrx_word' id='word_1_61' title='bbox 755 951 814 990; x_wconf 90' lang='grc' dir='ltr'>τὸν</span> <span class='ocrx_word' id='word_1_62' title='bbox 831 952 943 991; x_wconf 79' lang='grc' dir='ltr'>Δαυὶδ</span> <span class='ocrx_word' id='word_1_63' title='bbox 958 955 1021 1000; x_wconf 69' lang='grc' dir='ltr'>τῆς</span> <span class='ocrx_word' id='word_1_64' title='bbox 1039 953 1149 998; x_wconf 81' lang='grc' dir='ltr'>ἀνεξι-</span> 
     </span>
     <span class='ocr_line' id='line_1_10' title="bbox 115 1012 1150 1067; baseline 0.002 -16"><span class='ocrx_word' id='word_1_65' title='bbox 115 1012 258 1058; x_wconf 77' lang='grc' dir='ltr'>κακίας·</span> <span class='ocrx_word' id='word_1_66' title='bbox 280 1012 350 1065; x_wconf 82' lang='grc' dir='ltr'>ἐγὼ</span> <span class='ocrx_word' id='word_1_67' title='bbox 370 1012 406 1052; x_wconf 80' lang='grc' dir='ltr'>δὲ</span> <span class='ocrx_word' id='word_1_68' title='bbox 432 1016 524 1065; x_wconf 79' lang='grc' dir='ltr'>ὑμᾶς</span> <span class='ocrx_word' id='word_1_69' title='bbox 543 1013 727 1065; x_wconf 80' lang='grc' dir='ltr'>ἐθαύμασα</span> <span class='ocrx_word' id='word_1_70' title='bbox 747 1017 810 1062; x_wconf 72' lang='grc' dir='ltr'>τῆς</span> <span class='ocrx_word' id='word_1_71' title='bbox 829 1015 932 1067; x_wconf 72' lang='grc' dir='ltr'>·”περ“ι</span> <span class='ocrx_word' id='word_1_72' title='bbox 957 1015 1016 1054; x_wconf 86' lang='grc' dir='ltr'>τὸν</span> <span class='ocrx_word' id='word_1_73' title='bbox 1039 1015 1150 1054; x_wconf 76' lang='grc' dir='ltr'>Δαυὶδ</span> 
     </span>
     <span class='ocr_line' id='line_1_11' title="bbox 115 1074 1149 1130; baseline 0.002 -16"><span class='ocrx_word' id='word_1_74' title='bbox 115 1074 248 1120; x_wconf 83' lang='grc' dir='ltr'>εὐνοίας</span> <span class='ocrx_word' id='word_1_75' title='bbox 264 1091 302 1114; x_wconf 92' lang='grc' dir='ltr'>τε</span> <span class='ocrx_word' id='word_1_76' title='bbox 318 1075 378 1114; x_wconf 84' lang='grc' dir='ltr'>καὶ</span> <span class='ocrx_word' id='word_1_77' title='bbox 394 1075 651 1130; x_wconf 84' lang='grc' dir='ltr'>φιλοστοργίας.</span> <span class='ocrx_word' id='word_1_78' title='bbox 676 1077 730 1115; x_wconf 83' lang='grc' dir='ltr'>Οὐ</span> <span class='ocrx_word' id='word_1_79' title='bbox 747 1075 814 1128; x_wconf 86' lang='grc' dir='ltr'>γὰρ</span> <span class='ocrx_word' id='word_1_80' title='bbox 842 1076 883 1124; x_wconf 83' lang='grc' dir='ltr'>δὴ</span> <span class='ocrx_word' id='word_1_81' title='bbox 905 1077 1007 1128; x_wconf 86' lang='grc' dir='ltr'>μόνον</span> <span class='ocrx_word' id='word_1_82' title='bbox 1027 1078 1066 1116; x_wconf 85' lang='grc' dir='ltr'>τὸ</span> <span class='ocrx_word' id='word_1_83' title='bbox 1087 1093 1149 1128; x_wconf 81' lang='grc' dir='ltr'>με·</span> 
     </span>
     <span class='ocr_line' id='line_1_12' title="bbox 114 1137 1149 1190; baseline 0.003 -15"><span class='ocrx_word' id='word_1_84' title='bbox 114 1137 228 1176; x_wconf 89' lang='grc' dir='ltr'>τιέναι</span> <span class='ocrx_word' id='word_1_85' title='bbox 252 1137 311 1176; x_wconf 73' lang='grc' dir='ltr'>καὶ</span> <span class='ocrx_word' id='word_1_86' title='bbox 330 1139 455 1184; x_wconf 93' lang='grc' dir='ltr'>ζηλοῦν</span> <span class='ocrx_word' id='word_1_87' title='bbox 477 1138 618 1190; x_wconf 84' lang='grc' dir='ltr'>ἀρετὴν,</span> <span class='ocrx_word' id='word_1_88' title='bbox 635 1138 724 1177; x_wconf 81' lang='grc' dir='ltr'>ἀλλὰ</span> <span class='ocrx_word' id='word_1_89' title='bbox 740 1138 800 1177; x_wconf 84' lang='grc' dir='ltr'>καὶ</span> <span class='ocrx_word' id='word_1_90' title='bbox 817 1138 856 1177; x_wconf 86' lang='grc' dir='ltr'>τὸ</span> <span class='ocrx_word' id='word_1_91' title='bbox 871 1139 950 1184; x_wconf 81' lang='grc' dir='ltr'>τοὺς</span> <span class='ocrx_word' id='word_1_92' title='bbox 967 1139 1149 1190; x_wconf 76' lang='grc' dir='ltr'>μετιόντας</span> 
     </span>
     <span class='ocr_line' id='line_1_13' title="bbox 115 1199 1148 1253; baseline 0.002 -15"><span class='ocrx_word' id='word_1_93' title='bbox 115 1201 270 1238; x_wconf 82' lang='grc' dir='ltr'>ἐπαινεῖν</span> <span class='ocrx_word' id='word_1_94' title='bbox 294 1200 355 1238; x_wconf 76' lang='grc' dir='ltr'>καὶ</span> <span class='ocrx_word' id='word_1_95' title='bbox 385 1200 590 1250; x_wconf 81' lang='grc' dir='ltr'>θαυμάζειν,</span> <span class='ocrx_word' id='word_1_96' title='bbox 615 1200 712 1253; x_wconf 80' lang='grc' dir='ltr'>φέρει</span> <span class='ocrx_word' id='word_1_97' title='bbox 739 1199 818 1238; x_wconf 83' lang='grc' dir='ltr'>τινὰ</span> <span class='ocrx_word' id='word_1_98' title='bbox 842 1201 963 1251; x_wconf 72' lang='grc' dir='ltr'>μισθὸν</span> <span class='ocrx_word' id='word_1_99' title='bbox 994 1204 1079 1252; x_wconf 83' lang='grc' dir='ltr'>ἡμῖν</span> <span class='ocrx_word' id='word_1_100' title='bbox 1110 1203 1148 1240; x_wconf 84' lang='grc' dir='ltr'>οὗ</span> 
     </span>
     <span class='ocr_line' id='line_1_14' title="bbox 116 1255 1148 1314; baseline 0.004 -16"><span class='ocrx_word' id='word_1_101' title='bbox 116 1260 260 1313; x_wconf 84' lang='grc' dir='ltr'>μικρόν·</span> <span class='ocrx_word' id='word_1_102' title='bbox 281 1261 401 1314; x_wconf 85' lang='grc' dir='ltr'>ὥσπερ</span> <span class='ocrx_word' id='word_1_103' title='bbox 423 1255 482 1299; x_wconf 71' lang='grc' dir='ltr'>οῦν</span> <span class='ocrx_word' id='word_1_104' title='bbox 508 1263 546 1300; x_wconf 85' lang='grc' dir='ltr'>οὐ</span> <span class='ocrx_word' id='word_1_105' title='bbox 571 1262 675 1313; x_wconf 86' lang='grc' dir='ltr'>μόνον</span> <span class='ocrx_word' id='word_1_106' title='bbox 693 1262 733 1300; x_wconf 86' lang='grc' dir='ltr'>τὸ</span> <span class='ocrx_word' id='word_1_107' title='bbox 755 1263 878 1308; x_wconf 89' lang='grc' dir='ltr'>ζηλοῦν</span> <span class='ocrx_word' id='word_1_108' title='bbox 895 1262 1035 1310; x_wconf 84' lang='grc' dir='ltr'>κακίαν,</span> <span class='ocrx_word' id='word_1_109' title='bbox 1057 1263 1148 1302; x_wconf 83' lang='grc' dir='ltr'>ἀλλὰ</span> 
     </span>
     <span class='ocr_line' id='line_1_15' title="bbox 113 1321 1146 1375; baseline 0.004 -16"><span class='ocrx_word' id='word_1_110' title='bbox 113 1322 174 1360; x_wconf 78' lang='grc' dir='ltr'>καὶ</span> <span class='ocrx_word' id='word_1_111' title='bbox 199 1322 240 1361; x_wconf 87' lang='grc' dir='ltr'>τὸ</span> <span class='ocrx_word' id='word_1_112' title='bbox 270 1321 348 1366; x_wconf 78' lang='grc' dir='ltr'>τοὺς</span> <span class='ocrx_word' id='word_1_113' title='bbox 369 1325 403 1362; x_wconf 85' lang='grc' dir='ltr'>ἐν</span> <span class='ocrx_word' id='word_1_114' title='bbox 424 1324 511 1375; x_wconf 78' lang='grc' dir='ltr'>αὐτῇ</span> <span class='ocrx_word' id='word_1_115' title='bbox 537 1325 668 1367; x_wconf 83' lang='grc' dir='ltr'>ζῶντας</span> <span class='ocrx_word' id='word_1_116' title='bbox 692 1325 860 1368; x_wconf 83' lang='grc' dir='ltr'>ἐπαινεῖν,</span> <span class='ocrx_word' id='word_1_117' title='bbox 880 1323 978 1375; x_wconf 81' lang='grc' dir='ltr'>φέρει</span> <span class='ocrx_word' id='word_1_118' title='bbox 1003 1324 1146 1363; x_wconf 87' lang='grc' dir='ltr'>κόλασιν</span> 
     </span>
     <span class='ocr_line' id='line_1_16' title="bbox 112 1383 1145 1438; baseline 0.002 -16"><span class='ocrx_word' id='word_1_119' title='bbox 112 1386 151 1422; x_wconf 84' lang='grc' dir='ltr'>οὐ</span> <span class='ocrx_word' id='word_1_120' title='bbox 168 1383 232 1431; x_wconf 89' lang='grc' dir='ltr'>τὴν</span> <span class='ocrx_word' id='word_1_121' title='bbox 249 1389 423 1437; x_wconf 73' lang='grc' dir='ltr'>τυχοῦσαν</span> <span class='ocrx_word' id='word_1_122' title='bbox 442 1388 540 1436; x_wconf 80' lang='grc' dir='ltr'>ἡμῖν,</span> <span class='ocrx_word' id='word_1_123' title='bbox 568 1385 627 1423; x_wconf 79' lang='grc' dir='ltr'>καὶ</span> <span class='ocrx_word' id='word_1_124' title='bbox 652 1387 682 1424; x_wconf 91' lang='grc' dir='ltr'>εἷ</span> <span class='ocrx_word' id='word_1_125' title='bbox 706 1385 776 1438; x_wconf 76' lang='grc' dir='ltr'>χρή</span> <span class='ocrx_word' id='word_1_126' title='bbox 805 1401 838 1423; x_wconf 92' lang='grc' dir='ltr'>τι</span> <span class='ocrx_word' id='word_1_127' title='bbox 865 1385 924 1423; x_wconf 85' lang='grc' dir='ltr'>καὶ</span> <span class='ocrx_word' id='word_1_128' title='bbox 944 1387 1145 1437; x_wconf 87' lang='grc' dir='ltr'>θαυμαστὸν</span> 
     </span>
     <span class='ocr_line' id='line_1_17' title="bbox 113 1446 1142 1500; baseline 0.003 -17"><span class='ocrx_word' id='word_1_129' title='bbox 113 1447 239 1492; x_wconf 85' lang='grc' dir='ltr'>εἰπεῖν,</span> <span class='ocrx_word' id='word_1_130' title='bbox 261 1447 376 1484; x_wconf 80' lang='grc' dir='ltr'>αὐτῶν</span> <span class='ocrx_word' id='word_1_131' title='bbox 394 1449 464 1485; x_wconf 82' lang='grc' dir='ltr'>τῶν</span> <span class='ocrx_word' id='word_1_132' title='bbox 486 1450 520 1486; x_wconf 87' lang='grc' dir='ltr'>ἐν</span> <span class='ocrx_word' id='word_1_133' title='bbox 539 1446 691 1499; x_wconf 79' lang='grc' dir='ltr'>πονηρίᾳ</span> <span class='ocrx_word' id='word_1_134' title='bbox 715 1446 853 1491; x_wconf 85' lang='grc' dir='ltr'>ζώντων</span> <span class='ocrx_word' id='word_1_135' title='bbox 874 1447 1142 1500; x_wconf 73' lang='grc' dir='ltr'>χαλεπωτέραν.</span> 
     </span>
     <span class='ocr_line' id='line_1_18' title="bbox 113 1506 1146 1556; baseline 0.001 -11"><span class='ocrx_word' id='word_1_136' title='bbox 113 1507 184 1545; x_wconf 71' lang='grc' dir='ltr'>Καὶ</span> <span class='ocrx_word' id='word_1_137' title='bbox 211 1507 265 1546; x_wconf 83' lang='grc' dir='ltr'>ὅτι</span> <span class='ocrx_word' id='word_1_138' title='bbox 294 1508 396 1547; x_wconf 88' lang='grc' dir='ltr'>τοῦτό</span> <span class='ocrx_word' id='word_1_139' title='bbox 420 1510 514 1547; x_wconf 85' lang='grc' dir='ltr'>ἐστιν</span> <span class='ocrx_word' id='word_1_140' title='bbox 537 1507 682 1556; x_wconf 80' lang='grc' dir='ltr'>ἀληθὲς,</span> <span class='ocrx_word' id='word_1_141' title='bbox 707 1506 879 1546; x_wconf 84' lang='grc' dir='ltr'>δείκνυσιν</span> <span class='ocrx_word' id='word_1_142' title='bbox 899 1510 917 1545; x_wconf 89' lang='grc' dir='ltr'>ὁ</span> <span class='ocrx_word' id='word_1_143' title='bbox 937 1509 1078 1552; x_wconf 78' lang='grc' dir='ltr'>Παῦλος</span> <span class='ocrx_word' id='word_1_144' title='bbox 1110 1511 1146 1548; x_wconf 90' lang='grc' dir='ltr'>ἐν</span> 
     </span>
     <span class='ocr_line' id='line_1_19' title="bbox 113 1562 1144 1622; baseline 0.002 -15"><span class='ocrx_word' id='word_1_145' title='bbox 113 1563 164 1614; x_wconf 70' lang='grc' dir='ltr'>οἷς</span> <span class='ocrx_word' id='word_1_146' title='bbox 187 1585 311 1622; x_wconf 82' lang='grc' dir='ltr'>φησιν·</span> <span class='ocrx_word' id='word_1_147' title='bbox 340 1569 460 1616; x_wconf 86' lang='grc' dir='ltr'>ἐπειδὴ</span> <span class='ocrx_word' id='word_1_148' title='bbox 483 1569 552 1621; x_wconf 84' lang='grc' dir='ltr'>γὰρ</span> <span class='ocrx_word' id='word_1_149' title='bbox 571 1568 696 1612; x_wconf 90' lang='grc' dir='ltr'>κακίας</span> <span class='ocrx_word' id='word_1_150' title='bbox 724 1568 816 1607; x_wconf 87' lang='grc' dir='ltr'>ἅπαν</span> <span class='ocrx_word' id='word_1_151' title='bbox 837 1562 924 1613; x_wconf 64' lang='grc' dir='ltr'>εἶδος</span> <span class='ocrx_word' id='word_1_152' title='bbox 943 1569 1121 1622; x_wconf 79' lang='grc' dir='ltr'>ἠρίθμησε</span> <span class='ocrx_word' id='word_1_153' title='bbox 1134 1600 1144 1618; x_wconf 90' lang='grc'>,</span> 
     </span>
     <span class='ocr_line' id='line_1_20' title="bbox 112 1629 1146 1681; baseline -0.001 -10"><span class='ocrx_word' id='word_1_154' title='bbox 112 1631 174 1671; x_wconf 77' lang='grc' dir='ltr'>καὶ</span> <span class='ocrx_word' id='word_1_155' title='bbox 192 1634 261 1669; x_wconf 85' lang='grc' dir='ltr'>τῶν</span> <span class='ocrx_word' id='word_1_156' title='bbox 278 1631 570 1670; x_wconf 80' lang='grc' dir='ltr'>καταπατούντων</span> <span class='ocrx_word' id='word_1_157' title='bbox 593 1629 672 1674; x_wconf 77' lang='grc' dir='ltr'>τοὺς</span> <span class='ocrx_word' id='word_1_158' title='bbox 691 1634 750 1669; x_wconf 85' lang='grc' dir='ltr'>τοῦ</span> <span class='ocrx_word' id='word_1_159' title='bbox 771 1632 863 1670; x_wconf 90' lang='grc' dir='ltr'>Θεοῦ</span> <span class='ocrx_word' id='word_1_160' title='bbox 881 1630 1007 1681; x_wconf 89' lang='grc' dir='ltr'>νόμους</span> <span class='ocrx_word' id='word_1_161' title='bbox 1034 1647 1146 1680; x_wconf 88' lang='grc' dir='ltr'>κατη-</span> 
     </span>
     <span class='ocr_line' id='line_1_21' title="bbox 113 1690 1144 1745; baseline -0.001 -14"><span class='ocrx_word' id='word_1_162' title='bbox 113 1692 261 1745; x_wconf 84' lang='grc' dir='ltr'>γόρησεν</span> <span class='ocrx_word' id='word_1_163' title='bbox 288 1691 466 1737; x_wconf 81' lang='grc' dir='ltr'>ἁπάντων,</span> <span class='ocrx_word' id='word_1_164' title='bbox 493 1691 649 1742; x_wconf 87' lang='grc' dir='ltr'>ἐπήγαγε</span> <span class='ocrx_word' id='word_1_165' title='bbox 668 1690 780 1742; x_wconf 86' lang='grc' dir='ltr'>λέγων</span> <span class='ocrx_word' id='word_1_166' title='bbox 804 1691 884 1743; x_wconf 83' lang='grc' dir='ltr'>περὶ</span> <span class='ocrx_word' id='word_1_167' title='bbox 903 1693 1016 1730; x_wconf 81' lang='grc' dir='ltr'>αὐτῶν</span> <span class='ocrx_word' id='word_1_168' title='bbox 1049 1692 1144 1731; x_wconf 82' lang='grc' dir='ltr'>ἐκεί-</span> 
     </span>
     <span class='ocr_line' id='line_1_22' title="bbox 113 1753 1144 1804; baseline 0.002 -12"><span class='ocrx_word' id='word_1_169' title='bbox 113 1770 194 1792; x_wconf 89' lang='grc' dir='ltr'>νων·</span> <span class='ocrx_word' id='word_1_170' title='bbox 212 1753 351 1796; x_wconf 79' lang='grc' dir='ltr'>Οἵτινες</span> <span class='ocrx_word' id='word_1_171' title='bbox 365 1754 405 1792; x_wconf 83' lang='grc' dir='ltr'>τὸ</span> <span class='ocrx_word' id='word_1_172' title='bbox 421 1753 599 1803; x_wconf 84' lang='grc' dir='ltr'>δικαίωμα</span> <span class='ocrx_word' id='word_1_173' title='bbox 615 1756 675 1790; x_wconf 88' lang='grc' dir='ltr'>τοῦ</span> <span class='ocrx_word' id='word_1_174' title='bbox 692 1755 785 1792; x_wconf 86' lang='grc' dir='ltr'>Θεοῦ</span> <span class='ocrx_word' id='word_1_175' title='bbox 803 1753 960 1804; x_wconf 83' lang='grc' dir='ltr'>γνόντες,</span> <span class='ocrx_word' id='word_1_176' title='bbox 979 1753 1034 1793; x_wconf 78' lang='grc' dir='ltr'>ὅτι</span> <span class='ocrx_word' id='word_1_177' title='bbox 1052 1757 1084 1793; x_wconf 82' lang='grc' dir='ltr'>οἱ</span> <span class='ocrx_word' id='word_1_178' title='bbox 1099 1754 1144 1794; x_wconf 86' lang='grc' dir='ltr'>τὰ</span> 
     </span>
     <span class='ocr_line' id='line_1_23' title="bbox 113 1814 1142 1868; baseline 0.003 -15"><span class='ocrx_word' id='word_1_179' title='bbox 113 1819 258 1854; x_wconf 88' lang='grc' dir='ltr'>τοιαῦτα</span> <span class='ocrx_word' id='word_1_180' title='bbox 287 1815 504 1868; x_wconf 79' lang='grc' dir='ltr'>πράσσοντες</span> <span class='ocrx_word' id='word_1_181' title='bbox 532 1814 620 1859; x_wconf 83' lang='grc' dir='ltr'>ἄξιοι</span> <span class='ocrx_word' id='word_1_182' title='bbox 656 1814 804 1853; x_wconf 88' lang='grc' dir='ltr'>θανάτου</span> <span class='ocrx_word' id='word_1_183' title='bbox 839 1815 938 1861; x_wconf 72' lang='grc' dir='ltr'>εἰσὶν,</span> <span class='ocrx_word' id='word_1_184' title='bbox 968 1817 1006 1854; x_wconf 83' lang='grc' dir='ltr'>οὗ</span> <span class='ocrx_word' id='word_1_185' title='bbox 1039 1816 1142 1867; x_wconf 89' lang='grc' dir='ltr'>μόνον</span> 
     </span>
     <span class='ocr_line' id='line_1_24' title="bbox 113 1877 1141 1931; baseline -0.002 -13"><span class='ocrx_word' id='word_1_186' title='bbox 113 1878 200 1918; x_wconf 78' lang='grc' dir='ltr'>αὐτὰ</span> <span class='ocrx_word' id='word_1_187' title='bbox 219 1883 390 1927; x_wconf 86' lang='grc' dir='ltr'>ποιοῦσιν,</span> <span class='ocrx_word' id='word_1_188' title='bbox 413 1878 505 1916; x_wconf 80' lang='grc' dir='ltr'>ἀλλὰ</span> <span class='ocrx_word' id='word_1_189' title='bbox 523 1877 583 1916; x_wconf 77' lang='grc' dir='ltr'>καὶ</span> <span class='ocrx_word' id='word_1_190' title='bbox 608 1879 852 1917; x_wconf 81' lang='grc' dir='ltr'>συνευδοκοῦσι</span> <span class='ocrx_word' id='word_1_191' title='bbox 870 1884 942 1922; x_wconf 87' lang='grc' dir='ltr'>τοῖς</span> <span class='ocrx_word' id='word_1_192' title='bbox 960 1879 1141 1931; x_wconf 88' lang='grc' dir='ltr'>πράσσου-</span> 
     </span>
     <span class='ocr_line' id='line_1_25' title="bbox 112 1932 1141 1993; baseline -0.002 -13"><span class='ocrx_word' id='word_1_193' title='bbox 112 1957 167 1981; x_wconf 84' lang='grc' dir='ltr'>σι·</span> <span class='ocrx_word' id='word_1_194' title='bbox 195 1940 248 1979; x_wconf 83' lang='grc' dir='ltr'>διὸ</span> <span class='ocrx_word' id='word_1_195' title='bbox 267 1939 528 1992; x_wconf 80' lang='grc' dir='ltr'>ἀναπολόγητος</span> <span class='ocrx_word' id='word_1_196' title='bbox 546 1934 596 1987; x_wconf 71' lang='grc' dir='ltr'>εἷ,</span> <span class='ocrx_word' id='word_1_197' title='bbox 624 1932 652 1978; x_wconf 68' lang='grc' dir='ltr'><em>ὦ</em></span> <span class='ocrx_word' id='word_1_198' title='bbox 685 1939 857 1991; x_wconf 81' lang='grc' dir='ltr'>ἄνθρωπε.</span> <span class='ocrx_word' id='word_1_199' title='bbox 874 1939 983 1993; x_wconf 79' lang='grc' dir='ltr'>Ὁρᾷς</span> <span class='ocrx_word' id='word_1_200' title='bbox 1010 1939 1063 1978; x_wconf 84' lang='grc' dir='ltr'>ὅτι</span> <span class='ocrx_word' id='word_1_201' title='bbox 1084 1939 1141 1978; x_wconf 86' lang='grc' dir='ltr'>διὰ</span> 
     </span>
     <span class='ocr_line' id='line_1_26' title="bbox 110 1997 1141 2055; baseline 0.001 -15"><span class='ocrx_word' id='word_1_202' title='bbox 110 2007 212 2042; x_wconf 86' lang='grc' dir='ltr'>τοῦτο</span> <span class='ocrx_word' id='word_1_203' title='bbox 228 2002 336 2048; x_wconf 73' lang='grc' dir='ltr'>οὕτως</span> <span class='ocrx_word' id='word_1_204' title='bbox 353 1997 461 2051; x_wconf 70' lang='grc' dir='ltr'>εἶπεν,</span> <span class='ocrx_word' id='word_1_205' title='bbox 488 2002 545 2040; x_wconf 78' lang='grc' dir='ltr'>ἵνα</span> <span class='ocrx_word' id='word_1_206' title='bbox 569 2001 664 2055; x_wconf 80' lang='grc' dir='ltr'>δείξῃ</span> <span class='ocrx_word' id='word_1_207' title='bbox 689 2005 791 2040; x_wconf 86' lang='grc' dir='ltr'>τοῦτο</span> <span class='ocrx_word' id='word_1_208' title='bbox 817 2001 948 2040; x_wconf 89' lang='grc' dir='ltr'>ἐκείνου</span> <span class='ocrx_word' id='word_1_209' title='bbox 976 2002 1141 2055; x_wconf 77' lang='grc' dir='ltr'>χαλεπώ-</span> 
     </span>
     <span class='ocr_line' id='line_1_27' title="bbox 110 2063 1141 2119; baseline -0.001 -16"><span class='ocrx_word' id='word_1_210' title='bbox 110 2081 209 2119; x_wconf 81' lang='grc' dir='ltr'>τερον</span> <span class='ocrx_word' id='word_1_211' title='bbox 235 2065 284 2103; x_wconf 90' lang='grc' dir='ltr'>ὄν.</span> <span class='ocrx_word' id='word_1_212' title='bbox 312 2066 385 2103; x_wconf 88' lang='grc' dir='ltr'>Τοῦ</span> <span class='ocrx_word' id='word_1_213' title='bbox 409 2064 477 2117; x_wconf 82' lang='grc' dir='ltr'>γὰρ</span> <span class='ocrx_word' id='word_1_214' title='bbox 505 2065 719 2117; x_wconf 84' lang='grc' dir='ltr'>ἁμαρτάνειν</span> <span class='ocrx_word' id='word_1_215' title='bbox 743 2064 783 2101; x_wconf 80' lang='grc' dir='ltr'>τὸ</span> <span class='ocrx_word' id='word_1_216' title='bbox 803 2063 862 2102; x_wconf 82' lang='grc' dir='ltr'>καὶ</span> <span class='ocrx_word' id='word_1_217' title='bbox 883 2065 1037 2103; x_wconf 87' lang='grc' dir='ltr'>ἐπαινεῖν</span> <span class='ocrx_word' id='word_1_218' title='bbox 1062 2063 1141 2109; x_wconf 81' lang='grc' dir='ltr'>τοὺς</span> 
     </span>
     <span class='ocr_line' id='line_1_28' title="bbox 111 2125 1140 2178; baseline -0.001 -13"><span class='ocrx_word' id='word_1_219' title='bbox 111 2126 396 2178; x_wconf 81' lang='grc' dir='ltr'>ἁμαρτάνοντας,</span> <span class='ocrx_word' id='word_1_220' title='bbox 421 2125 510 2165; x_wconf 75' lang='grc' dir='ltr'>πολὺ</span> <span class='ocrx_word' id='word_1_221' title='bbox 532 2129 645 2177; x_wconf 88' lang='grc' dir='ltr'>μεῖζον</span> <span class='ocrx_word' id='word_1_222' title='bbox 674 2127 721 2170; x_wconf 84' lang='grc' dir='ltr'>εἷς</span> <span class='ocrx_word' id='word_1_223' title='bbox 739 2125 916 2168; x_wconf 77' lang='grc' dir='ltr'>κολάσεως</span> <span class='ocrx_word' id='word_1_224' title='bbox 933 2125 1054 2177; x_wconf 87' lang='grc' dir='ltr'>λόγον·</span> <span class='ocrx_word' id='word_1_225' title='bbox 1081 2126 1140 2165; x_wconf 78' lang='grc' dir='ltr'>καὶ</span> 
     </span>
     <span class='ocr_line' id='line_1_29' title="bbox 111 2180 1139 2240; baseline 0 -14"><span class='ocrx_word' id='word_1_226' title='bbox 111 2188 208 2240; x_wconf 86' lang='grc' dir='ltr'>μάλα</span> <span class='ocrx_word' id='word_1_227' title='bbox 235 2188 395 2232; x_wconf 83' lang='grc' dir='ltr'>εἰκότως·</span> <span class='ocrx_word' id='word_1_228' title='bbox 430 2187 684 2240; x_wconf 67' lang='grc' dir='ltr'>διεφθαρμένης</span> <span class='ocrx_word' id='word_1_229' title='bbox 711 2180 780 2240; x_wconf 85' lang='grc' dir='ltr'>γάρ</span> <span class='ocrx_word' id='word_1_230' title='bbox 810 2188 885 2226; x_wconf 86' lang='grc' dir='ltr'>ἐστι</span> <span class='ocrx_word' id='word_1_231' title='bbox 905 2187 1049 2239; x_wconf 85' lang='grc' dir='ltr'>γνώμης</span> <span class='ocrx_word' id='word_1_232' title='bbox 1079 2188 1139 2227; x_wconf 88' lang='grc' dir='ltr'>καὶ</span> 
     </span>
     <span class='ocr_line' id='line_1_30' title="bbox 109 2248 1138 2302; baseline -0.001 -12"><span class='ocrx_word' id='word_1_233' title='bbox 109 2250 236 2290; x_wconf 82' lang='grc' dir='ltr'>ἀνίατα</span> <span class='ocrx_word' id='word_1_234' title='bbox 254 2250 422 2296; x_wconf 88' lang='grc' dir='ltr'>νοσούσης</span> <span class='ocrx_word' id='word_1_235' title='bbox 442 2249 531 2296; x_wconf 76' lang='grc' dir='ltr'>αὕτη</span> <span class='ocrx_word' id='word_1_236' title='bbox 547 2252 569 2295; x_wconf 86' lang='grc' dir='ltr'>ἡ</span> <span class='ocrx_word' id='word_1_237' title='bbox 585 2251 711 2302; x_wconf 63' lang='grc' dir='ltr'>ψῆφος.</span> <span class='ocrx_word' id='word_1_238' title='bbox 731 2248 777 2288; x_wconf 84' lang='lat' dir='ltr'>‘O</span> <span class='ocrx_word' id='word_1_239' title='bbox 795 2248 858 2300; x_wconf 80' lang='grc' dir='ltr'>μὲν</span> <span class='ocrx_word' id='word_1_240' title='bbox 877 2249 944 2301; x_wconf 73' lang='grc' dir='ltr'>γὰρ</span> <span class='ocrx_word' id='word_1_241' title='bbox 970 2249 1060 2300; x_wconf 82' lang='grc' dir='ltr'>μετὰ</span> <span class='ocrx_word' id='word_1_242' title='bbox 1078 2254 1138 2289; x_wconf 85' lang='grc' dir='ltr'>τοῦ</span> 
     </span>
     <span class='ocr_line' id='line_1_31' title="bbox 108 2310 1138 2365; baseline 0 -14"><span class='ocrx_word' id='word_1_243' title='bbox 108 2314 330 2364; x_wconf 86' lang='grc' dir='ltr'>πλημμελεῖν</span> <span class='ocrx_word' id='word_1_244' title='bbox 347 2311 621 2363; x_wconf 85' lang='grc' dir='ltr'>καταγινώσκων</span> <span class='ocrx_word' id='word_1_245' title='bbox 636 2315 698 2359; x_wconf 75' lang='grc' dir='ltr'>τῆς</span> <span class='ocrx_word' id='word_1_246' title='bbox 716 2310 902 2363; x_wconf 85' lang='grc' dir='ltr'>ἁμαρτίας,</span> <span class='ocrx_word' id='word_1_247' title='bbox 919 2311 1037 2365; x_wconf 79' lang='grc' dir='ltr'>χρόνῳ</span> <span class='ocrx_word' id='word_1_248' title='bbox 1054 2313 1138 2352; x_wconf 79' lang='grc' dir='ltr'>ποτὲ</span> 
     </span>
     <span class='ocr_line' id='line_1_32' title="bbox 110 2375 1139 2426; baseline 0 -12"><span class='ocrx_word' id='word_1_249' title='bbox 110 2376 230 2415; x_wconf 82' lang='grc' dir='ltr'>ἑαυτὸν</span> <span class='ocrx_word' id='word_1_250' title='bbox 261 2376 445 2423; x_wconf 84' lang='grc' dir='ltr'>δυνήσεται</span> <span class='ocrx_word' id='word_1_251' title='bbox 464 2375 730 2423; x_wconf 77' lang='grc' dir='ltr'>ἀνακτήσασθαι</span> <span class='ocrx_word' id='word_1_252' title='bbox 742 2391 750 2400; x_wconf 91' lang='grc'>·</span> <span class='ocrx_word' id='word_1_253' title='bbox 767 2379 786 2414; x_wconf 85' lang='grc' dir='ltr'>ὁ</span> <span class='ocrx_word' id='word_1_254' title='bbox 800 2375 837 2414; x_wconf 79' lang='grc' dir='ltr'>δὲ</span> <span class='ocrx_word' id='word_1_255' title='bbox 856 2377 1008 2415; x_wconf 80' lang='grc' dir='ltr'>ἐπαινῶν</span> <span class='ocrx_word' id='word_1_256' title='bbox 1031 2393 1139 2426; x_wconf 75' lang='grc' dir='ltr'>πονη-</span> 
     </span>
     <span class='ocr_line' id='line_1_33' title="bbox 112 2437 1138 2490; baseline 0.002 -15"><span class='ocrx_word' id='word_1_257' title='bbox 112 2437 201 2490; x_wconf 85' lang='grc' dir='ltr'>ρίαν,</span> <span class='ocrx_word' id='word_1_258' title='bbox 227 2439 290 2484; x_wconf 74' lang='grc' dir='ltr'>τῆς</span> <span class='ocrx_word' id='word_1_259' title='bbox 310 2439 350 2475; x_wconf 90' lang='grc' dir='ltr'>ἐκ</span> <span class='ocrx_word' id='word_1_260' title='bbox 367 2440 428 2474; x_wconf 85' lang='grc' dir='ltr'>τοῦ</span> <span class='ocrx_word' id='word_1_261' title='bbox 450 2441 664 2488; x_wconf 78' lang='grc' dir='ltr'>μετανοῆσαι</span> <span class='ocrx_word' id='word_1_262' title='bbox 689 2437 874 2489; x_wconf 83' lang='grc' dir='ltr'>θεραπείας</span> <span class='ocrx_word' id='word_1_263' title='bbox 902 2439 1023 2478; x_wconf 82' lang='grc' dir='ltr'>ἑαυτὸν</span> <span class='ocrx_word' id='word_1_264' title='bbox 1049 2440 1138 2477; x_wconf 87' lang='grc' dir='ltr'>ἀπε-</span> 
     </span>
     <span class='ocr_line' id='line_1_34' title="bbox 111 2498 1140 2554; baseline 0.002 -17"><span class='ocrx_word' id='word_1_265' title='bbox 111 2499 290 2551; x_wconf 85' lang='grc' dir='ltr'>στέρησεν.</span> <span class='ocrx_word' id='word_1_266' title='bbox 309 2498 422 2537; x_wconf 64' lang='grc' dir='ltr'>εΏστε</span> <span class='ocrx_word' id='word_1_267' title='bbox 443 2499 585 2542; x_wconf 84' lang='grc' dir='ltr'>εἰκότως</span> <span class='ocrx_word' id='word_1_268' title='bbox 611 2503 712 2538; x_wconf 85' lang='grc' dir='ltr'>τοῦτο</span> <span class='ocrx_word' id='word_1_269' title='bbox 740 2498 871 2538; x_wconf 84' lang='grc' dir='ltr'>ἐκείνου</span> <span class='ocrx_word' id='word_1_270' title='bbox 890 2499 1140 2554; x_wconf 77' lang='grc' dir='ltr'>χαλεπώτερον</span> 
     </span>
     <span class='ocr_line' id='line_1_35' title="bbox 109 2554 1139 2615; baseline 0.003 -17"><span class='ocrx_word' id='word_1_271' title='bbox 109 2563 128 2598; x_wconf 83' lang='grc' dir='ltr'>ὁ</span> <span class='ocrx_word' id='word_1_272' title='bbox 156 2561 295 2604; x_wconf 80' lang='grc' dir='ltr'>Παῦλος</span> <span class='ocrx_word' id='word_1_273' title='bbox 326 2554 441 2599; x_wconf 70' lang='grc' dir='ltr'>ιἐἶναι</span> <span class='ocrx_word' id='word_1_274' title='bbox 473 2559 664 2604; x_wconf 77' lang='grc' dir='ltr'>ἀπέδειξεν.</span> <span class='ocrx_word' id='word_1_275' title='bbox 698 2560 839 2614; x_wconf 36' lang='grc' dir='ltr'>(Ὠσπερ</span> <span class='ocrx_word' id='word_1_276' title='bbox 870 2555 929 2598; x_wconf 78' lang='grc' dir='ltr'>οῦν</span> <span class='ocrx_word' id='word_1_277' title='bbox 958 2563 1024 2615; x_wconf 80' lang='grc' dir='ltr'>οὐχ</span> <span class='ocrx_word' id='word_1_278' title='bbox 1044 2565 1076 2601; x_wconf 76' lang='grc' dir='ltr'>οἱ</span> <span class='ocrx_word' id='word_1_279' title='bbox 1093 2561 1139 2601; x_wconf 76' lang='grc' dir='ltr'>τὰ</span> 
     </span>
     <span class='ocr_line' id='line_1_36' title="bbox 109 2621 1138 2675; baseline 0.003 -16"><span class='ocrx_word' id='word_1_280' title='bbox 109 2622 223 2674; x_wconf 70' lang='grc' dir='ltr'>φαῦλα</span> <span class='ocrx_word' id='word_1_281' title='bbox 242 2621 458 2674; x_wconf 79' lang='grc' dir='ltr'>πράσσοντες</span> <span class='ocrx_word' id='word_1_282' title='bbox 484 2621 604 2672; x_wconf 84' lang='grc' dir='ltr'>μόνον,</span> <span class='ocrx_word' id='word_1_283' title='bbox 629 2622 720 2660; x_wconf 80' lang='grc' dir='ltr'>ἀλλὰ</span> <span class='ocrx_word' id='word_1_284' title='bbox 741 2622 800 2660; x_wconf 86' lang='grc' dir='ltr'>καὶ</span> <span class='ocrx_word' id='word_1_285' title='bbox 821 2624 852 2660; x_wconf 82' lang='grc' dir='ltr'>οἷ</span> <span class='ocrx_word' id='word_1_286' title='bbox 871 2622 1013 2667; x_wconf 81' lang='grc' dir='ltr'>τούτους</span> <span class='ocrx_word' id='word_1_287' title='bbox 1027 2625 1138 2675; x_wconf 80' lang='grc' dir='ltr'>ἐγκω·</span> 
     </span>
     <span class='ocr_line' id='line_1_37' title="bbox 110 2683 1138 2737; baseline 0.004 -17"><span class='ocrx_word' id='word_1_288' title='bbox 110 2683 306 2733; x_wconf 82' lang='grc' dir='ltr'>μιάζοντες,</span> <span class='ocrx_word' id='word_1_289' title='bbox 330 2686 393 2730; x_wconf 50' lang='lat' dir='ltr'>vx:</span> <span class='ocrx_word' id='word_1_290' title='bbox 420 2684 549 2731; x_wconf 72' lang='grc' dir='ltr'>αὐτῆς,</span> <span class='ocrx_word' id='word_1_291' title='bbox 571 2683 593 2729; x_wconf 84' lang='grc' dir='ltr'>ἢ</span> <span class='ocrx_word' id='word_1_292' title='bbox 623 2683 682 2722; x_wconf 81' lang='grc' dir='ltr'>καὶ</span> <span class='ocrx_word' id='word_1_293' title='bbox 700 2685 974 2737; x_wconf 82' lang='grc' dir='ltr'>χαλεπωτέρας,</span> <span class='ocrx_word' id='word_1_294' title='bbox 995 2685 1138 2730; x_wconf 84' lang='grc' dir='ltr'>ἐκείνοις</span> 
     </span>
     <span class='ocr_line' id='line_1_38' title="bbox 109 2744 1137 2798; baseline 0.005 -17"><span class='ocrx_word' id='word_1_295' title='bbox 109 2747 311 2783; x_wconf 83' lang='grc' dir='ltr'>κοινωνοῦσι</span> <span class='ocrx_word' id='word_1_296' title='bbox 338 2744 534 2788; x_wconf 84' lang='grc' dir='ltr'>κολάσεως·</span> <span class='ocrx_word' id='word_1_297' title='bbox 554 2746 663 2789; x_wconf 81' lang='grc' dir='ltr'>οὕτως</span> <span class='ocrx_word' id='word_1_298' title='bbox 691 2749 724 2785; x_wconf 75' lang='grc' dir='ltr'>οἱ</span> <span class='ocrx_word' id='word_1_299' title='bbox 756 2745 835 2790; x_wconf 76' lang='grc' dir='ltr'>τοὺς</span> <span class='ocrx_word' id='word_1_300' title='bbox 860 2746 1007 2798; x_wconf 73' lang='grc' dir='ltr'>ἀγαθοὺς</span> <span class='ocrx_word' id='word_1_301' title='bbox 1034 2749 1137 2786; x_wconf 85' lang='grc' dir='ltr'>ἐπαι-</span> 
     </span>
     <span class='ocr_line' id='line_1_39' title="bbox 110 2805 1137 2861; baseline 0.007 -20"><span class='ocrx_word' id='word_1_302' title='bbox 110 2808 244 2848; x_wconf 83' lang='grc' dir='ltr'>νοῦντες</span> <span class='ocrx_word' id='word_1_303' title='bbox 270 2805 329 2842; x_wconf 71' lang='grc' dir='ltr'>καὶ</span> <span class='ocrx_word' id='word_1_304' title='bbox 354 2806 606 2857; x_wconf 86' lang='grc' dir='ltr'>θαυμάζοντες,</span> <span class='ocrx_word' id='word_1_305' title='bbox 626 2808 865 2861; x_wconf 81' lang='grc' dir='ltr'>συμμερισταὶ</span> <span class='ocrx_word' id='word_1_306' title='bbox 893 2811 963 2847; x_wconf 83' lang='grc' dir='ltr'>τῶν</span> <span class='ocrx_word' id='word_1_307' title='bbox 994 2810 1137 2853; x_wconf 86' lang='grc' dir='ltr'>ἐκείνοις</span> 
     </span>
     <span class='ocr_line' id='line_1_40' title="bbox 110 2865 1136 2919; baseline 0.005 -17"><span class='ocrx_word' id='word_1_308' title='bbox 110 2865 349 2916; x_wconf 79' lang='grc' dir='ltr'>ἀποκειμένων</span> <span class='ocrx_word' id='word_1_309' title='bbox 378 2868 556 2919; x_wconf 68' lang='grc' dir='ltr'>στεφάνων</span> <span class='ocrx_word' id='word_1_310' title='bbox 579 2869 660 2907; x_wconf 86' lang='grc' dir='ltr'>εἶσί.</span> <span class='ocrx_word' id='word_1_311' title='bbox 691 2869 762 2908; x_wconf 80' lang='grc' dir='ltr'>Καὶ</span> <span class='ocrx_word' id='word_1_312' title='bbox 786 2873 888 2908; x_wconf 86' lang='grc' dir='ltr'>τοῦτο</span> <span class='ocrx_word' id='word_1_313' title='bbox 917 2871 1000 2909; x_wconf 77' lang='grc' dir='ltr'>αὐτὸ</span> <span class='ocrx_word' id='word_1_314' title='bbox 1030 2872 1136 2909; x_wconf 84' lang='grc' dir='ltr'>πάλιν</span> 
     </span>
     <span class='ocr_line' id='line_1_41' title="bbox 108 2927 1136 2985; baseline 0.006 -20"><span class='ocrx_word' id='word_1_315' title='bbox 108 2927 179 2965; x_wconf 79' lang='grc' dir='ltr'>ἀπὸ</span> <span class='ocrx_word' id='word_1_316' title='bbox 197 2931 260 2974; x_wconf 72' lang='grc' dir='ltr'>τῆς</span> <span class='ocrx_word' id='word_1_317' title='bbox 285 2929 426 2981; x_wconf 66' lang='grc' dir='ltr'>1“ρα’ρῆς</span> <span class='ocrx_word' id='word_1_318' title='bbox 453 2931 546 2967; x_wconf 81' lang='grc' dir='ltr'>ἐστιν</span> <span class='ocrx_word' id='word_1_319' title='bbox 571 2931 664 2968; x_wconf 78' lang='grc' dir='ltr'>ἰδεῖν.</span> <span class='ocrx_word' id='word_1_320' title='bbox 690 2932 786 2985; x_wconf 84' lang='grc' dir='ltr'>Πρὸς</span> <span class='ocrx_word' id='word_1_321' title='bbox 807 2931 875 2984; x_wconf 82' lang='grc' dir='ltr'>γὰρ</span> <span class='ocrx_word' id='word_1_322' title='bbox 898 2933 956 2971; x_wconf 79' lang='grc' dir='ltr'>τὸν</span> <span class='ocrx_word' id='word_1_323' title='bbox 978 2933 1136 2985; x_wconf 61' lang='grc' dir='ltr'>Ἀἔραὰμ</span> 
     </span>
     <span class='ocr_line' id='line_1_42' title="bbox 109 2989 1135 3046; baseline 0.006 -20"><span class='ocrx_word' id='word_1_324' title='bbox 109 2989 352 3040; x_wconf 79' lang='grc' dir='ltr'>διαλεγόμενός</span> <span class='ocrx_word' id='word_1_325' title='bbox 385 3006 489 3042; x_wconf 66' lang='grc' dir='ltr'>φησιν</span> <span class='ocrx_word' id='word_1_326' title='bbox 516 2995 534 3029; x_wconf 80' lang='grc' dir='ltr'><strong>ὁ</strong></span> <span class='ocrx_word' id='word_1_327' title='bbox 563 2991 654 3036; x_wconf 83' lang='grc' dir='ltr'>Θεός</span> <span class='ocrx_word' id='word_1_328' title='bbox 707 2993 900 3046; x_wconf 81' lang='grc' dir='ltr'>Εὖλογήσω</span> <span class='ocrx_word' id='word_1_329' title='bbox 935 2994 1014 3039; x_wconf 83' lang='grc' dir='ltr'>τοὺς</span> <span class='ocrx_word' id='word_1_330' title='bbox 1038 2996 1135 3032; x_wconf 77' lang='grc' dir='ltr'>εὐλο-</span> 
     </span>
     <span class='ocr_line' id='line_1_43' title="bbox 106 3050 1133 3108; baseline 0.004 -20"><span class='ocrx_word' id='word_1_331' title='bbox 106 3050 252 3102; x_wconf 82' lang='grc' dir='ltr'>γοῦντάς</span> <span class='ocrx_word' id='word_1_332' title='bbox 271 3067 309 3089; x_wconf 88' lang='grc' dir='ltr'>σε</span> <span class='ocrx_word' id='word_1_333' title='bbox 323 3081 332 3097; x_wconf 88' lang='grc'>,</span> <span class='ocrx_word' id='word_1_334' title='bbox 354 3051 507 3095; x_wconf 76' lang='grc' dir='ltr'>καὶτοὺς</span> <span class='ocrx_word' id='word_1_335' title='bbox 534 3053 801 3106; x_wconf 80' lang='grc' dir='ltr'>καταρωμένους</span> <span class='ocrx_word' id='word_1_336' title='bbox 820 3071 859 3094; x_wconf 88' lang='grc' dir='ltr'>σε</span> <span class='ocrx_word' id='word_1_337' title='bbox 874 3055 1133 3108; x_wconf 74' lang='grc' dir='ltr'>καταράσομαι.</span> 
     </span>
     <span class='ocr_line' id='line_1_44' title="bbox 107 3113 1134 3169; baseline 0.004 -19"><span class='ocrx_word' id='word_1_338' title='bbox 107 3113 223 3150; x_wconf 87' lang='grc' dir='ltr'>Τοῦτο</span> <span class='ocrx_word' id='word_1_339' title='bbox 248 3113 307 3151; x_wconf 80' lang='grc' dir='ltr'>καὶ</span> <span class='ocrx_word' id='word_1_340' title='bbox 336 3113 394 3151; x_wconf 81' lang='grc' dir='ltr'>ἐπὶ</span> <span class='ocrx_word' id='word_1_341' title='bbox 414 3116 482 3152; x_wconf 87' lang='grc' dir='ltr'>τῶν</span> <span class='ocrx_word' id='word_1_342' title='bbox 504 3114 760 3165; x_wconf 76' lang='grc' dir='ltr'>Ὀλυμπιακῶν</span> <span class='ocrx_word' id='word_1_343' title='bbox 780 3116 923 3168; x_wconf 82' lang='grc' dir='ltr'>ἀγώνων</span> <span class='ocrx_word' id='word_1_344' title='bbox 943 3118 1134 3169; x_wconf 63' lang='grc' dir='ltr'>συμῧαῖνον</span> 
     </span>
     <span class='ocr_line' id='line_1_45' title="bbox 106 3173 1135 3232; baseline 0.006 -21"><span class='ocrx_word' id='word_1_345' title='bbox 106 3173 173 3212; x_wconf 86' lang='grc' dir='ltr'>ἴδοι</span> <span class='ocrx_word' id='word_1_346' title='bbox 206 3188 258 3218; x_wconf 87' lang='grc' dir='ltr'>τις</span> <span class='ocrx_word' id='word_1_347' title='bbox 287 3175 341 3212; x_wconf 83' lang='grc' dir='ltr'>ἄν.</span> <span class='ocrx_word' id='word_1_348' title='bbox 368 3177 423 3214; x_wconf 83' lang='grc' dir='ltr'>Οὐ</span> <span class='ocrx_word' id='word_1_349' title='bbox 458 3175 526 3227; x_wconf 72' lang='grc' dir='ltr'>γὰρ</span> <span class='ocrx_word' id='word_1_350' title='bbox 552 3179 570 3214; x_wconf 80' lang='grc' dir='ltr'>ὁ</span> <span class='ocrx_word' id='word_1_351' title='bbox 601 3176 658 3214; x_wconf 73' lang='grc' dir='ltr'>τὸν</span> <span class='ocrx_word' id='word_1_352' title='bbox 694 3176 861 3229; x_wconf 69' lang='grc' dir='ltr'>στέφανον</span> <span class='ocrx_word' id='word_1_353' title='bbox 895 3180 1135 3232; x_wconf 84' lang='grc' dir='ltr'>περικείμενος</span> 
     </span>
     <span class='ocr_line' id='line_1_46' title="bbox 108 3235 1134 3294; baseline 0.006 -22"><span class='ocrx_word' id='word_1_354' title='bbox 108 3235 275 3283; x_wconf 82' lang='grc' dir='ltr'>ἀθλητὴς,</span> <span class='ocrx_word' id='word_1_355' title='bbox 293 3236 370 3275; x_wconf 73' lang='grc' dir='ltr'>οὐδὲ</span> <span class='ocrx_word' id='word_1_356' title='bbox 386 3240 404 3275; x_wconf 79' lang='grc' dir='ltr'><em>ὃ</em></span> <span class='ocrx_word' id='word_1_357' title='bbox 423 3236 502 3282; x_wconf 77' lang='grc' dir='ltr'>τοὺς</span> <span class='ocrx_word' id='word_1_358' title='bbox 519 3237 643 3282; x_wconf 84' lang='grc' dir='ltr'>πόνους</span> <span class='ocrx_word' id='word_1_359' title='bbox 658 3238 840 3289; x_wconf 76' lang='grc' dir='ltr'>ὑπομένων</span> <span class='ocrx_word' id='word_1_360' title='bbox 856 3241 915 3279; x_wconf 79' lang='grc' dir='ltr'>καὶ</span> <span class='ocrx_word' id='word_1_361' title='bbox 935 3241 1013 3285; x_wconf 79' lang='grc' dir='ltr'>τοὺς</span> <span class='ocrx_word' id='word_1_362' title='bbox 1032 3243 1134 3294; x_wconf 73' lang='grc' dir='ltr'>ἱδρῶ-</span> 
     </span>
    </p>
   </div>
   <div class='ocr_carea' id='block_1_5' title="bbox 152 3356 522 3405">
    <p class='ocr_par' dir='ltr' id='par_1_5' title="bbox 152 3356 522 3405">
     <span class='ocr_line' id='line_1_47' title="bbox 152 3356 522 3405; baseline 0.024 -18"><span class='ocrx_word' id='word_1_363' title='bbox 152 3367 164 3381; x_wconf 78' lang='grc'><em>·</em></span> <span class='ocrx_word' id='word_1_364' title='bbox 190 3356 248 3389; x_wconf 76' lang='lat' dir='ltr'>Alii</span> <span class='ocrx_word' id='word_1_365' title='bbox 268 3365 339 3405; x_wconf 71' lang='grc' dir='ltr'>πρὸς</span> <span class='ocrx_word' id='word_1_366' title='bbox 356 3365 406 3395; x_wconf 68' lang='grc' dir='ltr'>τὸν</span> <span class='ocrx_word' id='word_1_367' title='bbox 422 3365 522 3396; x_wconf 71' lang='grc' dir='ltr'>Δκυιῧ-</span> 
     </span>
    </p>
   </div>
   <div class='ocr_carea' id='block_1_6' title="bbox 2088 178 2181 240">
    <p class='ocr_par' dir='ltr' id='par_1_6' title="bbox 2088 178 2181 240">
     <span class='ocr_line' id='line_1_48' title="bbox 2088 178 2181 240; baseline 0.011 -1"><span class='ocrx_word' id='word_1_368' title='bbox 2088 178 2181 240; x_wconf 80' lang='grc'>879</span> 
     </span>
    </p>
   </div>
   <div class='ocr_carea' id='block_1_7' title="bbox 1558 336 1850 377">
    <p class='ocr_par' dir='ltr' id='par_1_7' title="bbox 1558 336 1850 377">
     <span class='ocr_line' id='line_1_49' title="bbox 1558 336 1850 377; baseline 0.01 -3"><span class='ocrx_word' id='word_1_369' title='bbox 1558 336 1774 377; x_wconf 81' lang='lat' dir='ltr'>HOMILIA</span> <span class='ocrx_word' id='word_1_370' title='bbox 1804 339 1850 377; x_wconf 90' lang='lat' dir='ltr'>ll.</span> 
     </span>
    </p>
   </div>
   <div class='ocr_carea' id='block_1_8' title="bbox 1175 455 2183 883">
    <p class='ocr_par' dir='ltr' id='par_1_8' title="bbox 1231 455 2183 764">
     <span class='ocr_line' id='line_1_50' title="bbox 1231 455 2181 513; baseline 0.007 -16"><span class='ocrx_word' id='word_1_371' title='bbox 1231 460 1344 511; x_wconf 84' lang='lat' dir='ltr'>Quod</span> <span class='ocrx_word' id='word_1_372' title='bbox 1358 473 1543 513; x_wconf 77' lang='lat' dir='ltr'>magnum</span> <span class='ocrx_word' id='word_1_373' title='bbox 1559 464 1609 500; x_wconf 85' lang='lat' dir='ltr'>sit</span> <span class='ocrx_word' id='word_1_374' title='bbox 1630 464 1785 509; x_wconf 78' lang='lat' dir='ltr'>bonum,</span> <span class='ocrx_word' id='word_1_375' title='bbox 1805 476 1883 500; x_wconf 86' lang='lat' dir='ltr'>non</span> <span class='ocrx_word' id='word_1_376' title='bbox 1902 455 2056 502; x_wconf 75' lang='lat' dir='ltr'>tantutri</span> <span class='ocrx_word' id='word_1_377' title='bbox 2074 479 2181 504; x_wconf 72' lang='lat' dir='ltr'>exer-</span> 
     </span>
     <span class='ocr_line' id='line_1_51' title="bbox 1278 525 2182 579; baseline 0.007 -20"><span class='ocrx_word' id='word_1_378' title='bbox 1278 536 1362 560; x_wconf 82' lang='lat' dir='ltr'>cere</span> <span class='ocrx_word' id='word_1_379' title='bbox 1373 525 1572 571; x_wconf 82' lang='lat' dir='ltr'>virtutem,</span> <span class='ocrx_word' id='word_1_380' title='bbox 1591 527 1849 563; x_wconf 80' lang='lat' dir='ltr'><em>verumetiam</em></span> <span class='ocrx_word' id='word_1_381' title='bbox 1864 525 2028 564; x_wconf 81' lang='lat' dir='ltr'>laudare</span> <span class='ocrx_word' id='word_1_382' title='bbox 2041 542 2051 562; x_wconf 92' lang='lat'><em>:</em></span> <span class='ocrx_word' id='word_1_383' title='bbox 2066 528 2182 579; x_wconf 82' lang='lat' dir='ltr'>quod-</span> 
     </span>
     <span class='ocr_line' id='line_1_52' title="bbox 1278 585 2180 639; baseline 0.006 -18"><span class='ocrx_word' id='word_1_384' title='bbox 1278 585 1498 636; x_wconf 83' lang='lat' dir='ltr'>queDavid</span> <span class='ocrx_word' id='word_1_385' title='bbox 1505 587 1816 639; x_wconf 76' lang='lat' dir='ltr'>magnificentius</span> <span class='ocrx_word' id='word_1_386' title='bbox 1825 595 2008 638; x_wconf 82' lang='lat' dir='ltr'>tropceum</span> <span class='ocrx_word' id='word_1_387' title='bbox 2019 591 2180 626; x_wconf 65' lang='lat' dir='ltr'>erexerit</span> 
     </span>
     <span class='ocr_line' id='line_1_53' title="bbox 1274 648 2180 701; baseline 0.002 -17"><span class='ocrx_word' id='word_1_388' title='bbox 1274 648 1472 697; x_wconf 83' lang='lat' dir='ltr'>parcendo</span> <span class='ocrx_word' id='word_1_389' title='bbox 1489 648 1613 691; x_wconf 75' lang='lat' dir='ltr'>Saiili,</span> <span class='ocrx_word' id='word_1_390' title='bbox 1631 662 1750 700; x_wconf 82' lang='lat' dir='ltr'>quam</span> <span class='ocrx_word' id='word_1_391' title='bbox 1767 657 1962 701; x_wconf 77' lang='lat' dir='ltr'>prostrato</span> <span class='ocrx_word' id='word_1_392' title='bbox 1984 650 2147 688; x_wconf 72' lang='lat' dir='ltr'>Goliam</span> <span class='ocrx_word' id='word_1_393' title='bbox 2169 667 2180 686; x_wconf 91' lang='lat'><em>:</em></span> 
     </span>
     <span class='ocr_line' id='line_1_54' title="bbox 1278 710 2183 764; baseline 0.006 -18"><span class='ocrx_word' id='word_1_394' title='bbox 1278 710 1458 761; x_wconf 83' lang='lat' dir='ltr'>quodque</span> <span class='ocrx_word' id='word_1_395' title='bbox 1479 711 1732 763; x_wconf 74' lang='lat' dir='ltr'>laeaecsaciens</span> <span class='ocrx_word' id='word_1_396' title='bbox 1752 713 1875 763; x_wconf 75' lang='lat' dir='ltr'>magis</span> <span class='ocrx_word' id='word_1_397' title='bbox 1900 712 2091 764; x_wconf 80' lang='lat' dir='ltr'><em>profuerit</em></span> <span class='ocrx_word' id='word_1_398' title='bbox 2108 714 2183 751; x_wconf 87' lang='lat' dir='ltr'>sibi</span> 
     </span>
    </p>

    <p class='ocr_par' dir='ltr' id='par_1_9' title="bbox 1175 770 2182 883">
     <span class='ocr_line' id='line_1_55' title="bbox 1175 770 2182 825; baseline 0.006 -18"><span class='ocrx_word' id='word_1_399' title='bbox 1175 771 1200 801; x_wconf 89' lang='lat' dir='ltr'>D</span> <span class='ocrx_word' id='word_1_400' title='bbox 1277 784 1396 822; x_wconf 86' lang='lat' dir='ltr'>quam</span> <span class='ocrx_word' id='word_1_401' title='bbox 1426 770 1538 809; x_wconf 63' lang='lat' dir='ltr'>Sauli</span> <span class='ocrx_word' id='word_1_402' title='bbox 1571 787 1581 807; x_wconf 88' lang='grc'>.-</span> <span class='ocrx_word' id='word_1_403' title='bbox 1619 772 1743 823; x_wconf 82' lang='lat' dir='ltr'><strong><em>deque</em></strong></span> <span class='ocrx_word' id='word_1_404' title='bbox 1777 775 2030 812; x_wconf 60' lang='lat' dir='ltr'>excusatione</span> <span class='ocrx_word' id='word_1_405' title='bbox 2063 776 2182 825; x_wconf 81' lang='lat' dir='ltr'>ipsius</span> 
     </span>
     <span class='ocr_line' id='line_1_56' title="bbox 1276 831 1571 883; baseline 0.003 -14"><span class='ocrx_word' id='word_1_406' title='bbox 1276 832 1384 883; x_wconf 80' lang='lat' dir='ltr'>apud</span> <span class='ocrx_word' id='word_1_407' title='bbox 1403 831 1571 870; x_wconf 77' lang='lat' dir='ltr'>Saiilem.</span> 
     </span>
    </p>
   </div>
   <div class='ocr_carea' id='block_1_9' title="bbox 1220 956 2184 1317">
    <p class='ocr_par' dir='ltr' id='par_1_10' title="bbox 1220 956 2184 1317">
     <span class='ocr_line' id='line_1_57' title="bbox 1279 956 2183 1009; baseline 0.004 -15"><span class='ocrx_word' id='word_1_408' title='bbox 1279 958 1313 994; x_wconf 92' lang='grc'>1.</span> <span class='ocrx_word' id='word_1_409' title='bbox 1345 957 1420 997; x_wconf 88' lang='lat' dir='ltr'>Vos</span> <span class='ocrx_word' id='word_1_410' title='bbox 1437 956 1584 1008; x_wconf 88' lang='lat' dir='ltr'>quidem</span> <span class='ocrx_word' id='word_1_411' title='bbox 1613 971 1728 1009; x_wconf 87' lang='lat' dir='ltr'><strong>nuper</strong></span> <span class='ocrx_word' id='word_1_412' title='bbox 1751 956 1925 996; x_wconf 75' lang='lat' dir='ltr'><strong>laudastis</strong></span> <span class='ocrx_word' id='word_1_413' title='bbox 1942 959 2120 998; x_wconf 75' lang='lat' dir='ltr'>Davidem</span> <span class='ocrx_word' id='word_1_414' title='bbox 2137 960 2183 998; x_wconf 89' lang='lat' dir='ltr'>ob</span> 
     </span>
     <span class='ocr_line' id='line_1_58' title="bbox 1224 1017 2184 1070; baseline 0.004 -15"><span class='ocrx_word' id='word_1_415' title='bbox 1224 1017 1402 1056; x_wconf 90' lang='lat' dir='ltr'>malorum</span> <span class='ocrx_word' id='word_1_416' title='bbox 1427 1017 1651 1056; x_wconf 81' lang='lat' dir='ltr'>tolerantiam</span> <span class='ocrx_word' id='word_1_417' title='bbox 1664 1034 1675 1069; x_wconf 80' lang='lat'>3</span> <span class='ocrx_word' id='word_1_418' title='bbox 1703 1032 1767 1070; x_wconf 84' lang='lat' dir='ltr'>ego</span> <span class='ocrx_word' id='word_1_419' title='bbox 1794 1019 1953 1058; x_wconf 85' lang='lat' dir='ltr'>vicissim</span> <span class='ocrx_word' id='word_1_420' title='bbox 1978 1020 2184 1059; x_wconf 82' lang='lat' dir='ltr'>admirabar</span> 
     </span>
     <span class='ocr_line' id='line_1_59' title="bbox 1222 1079 2183 1132; baseline 0.003 -15"><span class='ocrx_word' id='word_1_421' title='bbox 1222 1088 1378 1118; x_wconf 86' lang='lat' dir='ltr'>vestram</span> <span class='ocrx_word' id='word_1_422' title='bbox 1407 1094 1490 1132; x_wconf 84' lang='lat' dir='ltr'>erga</span> <span class='ocrx_word' id='word_1_423' title='bbox 1512 1079 1690 1118; x_wconf 83' lang='lat' dir='ltr'>Davidem</span> <span class='ocrx_word' id='word_1_424' title='bbox 1716 1080 1999 1120; x_wconf 80' lang='lat' dir='ltr'>benevolentiam</span> <span class='ocrx_word' id='word_1_425' title='bbox 2025 1096 2066 1120; x_wconf 89' lang='lat' dir='ltr'>ac</span> <span class='ocrx_word' id='word_1_426' title='bbox 2091 1082 2183 1120; x_wconf 87' lang='lat' dir='ltr'>cari-</span> 
     </span>
     <span class='ocr_line' id='line_1_60' title="bbox 1222 1140 2180 1194; baseline 0.004 -16"><span class='ocrx_word' id='word_1_427' title='bbox 1222 1140 1304 1179; x_wconf 80' lang='lat' dir='ltr'>tatis</span> <span class='ocrx_word' id='word_1_428' title='bbox 1333 1141 1513 1180; x_wconf 84' lang='lat' dir='ltr'>affectum.</span> <span class='ocrx_word' id='word_1_429' title='bbox 1549 1143 1628 1180; x_wconf 85' lang='lat' dir='ltr'>Non</span> <span class='ocrx_word' id='word_1_430' title='bbox 1659 1141 1753 1180; x_wconf 86' lang='lat' dir='ltr'>enim</span> <span class='ocrx_word' id='word_1_431' title='bbox 1793 1151 1931 1194; x_wconf 82' lang='lat' dir='ltr'>oportet</span> <span class='ocrx_word' id='word_1_432' title='bbox 1963 1143 2065 1181; x_wconf 86' lang='lat' dir='ltr'>adire</span> <span class='ocrx_word' id='word_1_433' title='bbox 2101 1157 2180 1182; x_wconf 90' lang='lat' dir='ltr'>mo-</span> 
     </span>
     <span class='ocr_line' id='line_1_61' title="bbox 1220 1200 2183 1256; baseline 0.002 -16"><span class='ocrx_word' id='word_1_434' title='bbox 1220 1200 1266 1240; x_wconf 86' lang='lat' dir='ltr'>do</span> <span class='ocrx_word' id='word_1_435' title='bbox 1293 1212 1326 1241; x_wconf 88' lang='lat' dir='ltr'>et</span> <span class='ocrx_word' id='word_1_436' title='bbox 1356 1203 1519 1241; x_wconf 84' lang='lat' dir='ltr'>aemulari</span> <span class='ocrx_word' id='word_1_437' title='bbox 1547 1203 1733 1253; x_wconf 80' lang='lat' dir='ltr'>virtutem,</span> <span class='ocrx_word' id='word_1_438' title='bbox 1764 1204 2000 1242; x_wconf 71' lang='lat' dir='ltr'>verumetiam</span> <span class='ocrx_word' id='word_1_439' title='bbox 2031 1218 2090 1243; x_wconf 87' lang='lat' dir='ltr'>eos</span> <span class='ocrx_word' id='word_1_440' title='bbox 2119 1204 2183 1256; x_wconf 90' lang='lat' dir='ltr'>qui</span> 
     </span>
     <span class='ocr_line' id='line_1_62' title="bbox 1221 1264 2181 1317; baseline 0.001 -14"><span class='ocrx_word' id='word_1_441' title='bbox 1221 1264 1392 1303; x_wconf 83' lang='lat' dir='ltr'>virtutem</span> <span class='ocrx_word' id='word_1_442' title='bbox 1425 1264 1705 1317; x_wconf 82' lang='lat' dir='ltr'>amplectuntur,</span> <span class='ocrx_word' id='word_1_443' title='bbox 1745 1264 1915 1303; x_wconf 84' lang='lat' dir='ltr'>laudibus</span> <span class='ocrx_word' id='word_1_444' title='bbox 1948 1265 2110 1317; x_wconf 81' lang='lat' dir='ltr'>evehere,</span> <span class='ocrx_word' id='word_1_445' title='bbox 2148 1275 2181 1304; x_wconf 90' lang='lat' dir='ltr'>et</span> 
     </span>
    </p>
   </div>
   <div class='ocr_carea' id='block_1_10' title="bbox 2253 1282 2383 1311">
    <p class='ocr_par' dir='ltr' id='par_1_11' title="bbox 2253 1282 2383 1311">
     <span class='ocr_line' id='line_1_63' title="bbox 2253 1282 2383 1311; baseline 0.008 -1"><span class='ocrx_word' id='word_1_446' title='bbox 2253 1282 2383 1311; x_wconf 69' lang='lat' dir='ltr'>Laudare</span> 
     </span>
    </p>
   </div>
   <div class='ocr_carea' id='block_1_11' title="bbox 1221 1325 2386 1380">
    <p class='ocr_par' dir='ltr' id='par_1_12' title="bbox 1221 1325 2386 1380">
     <span class='ocr_line' id='line_1_64' title="bbox 1221 1325 2386 1380; baseline 0.002 -15"><span class='ocrx_word' id='word_1_447' title='bbox 1221 1326 1452 1365; x_wconf 87' lang='lat' dir='ltr'>admirandos</span> <span class='ocrx_word' id='word_1_448' title='bbox 1473 1326 1682 1379; x_wconf 77' lang='lat' dir='ltr'>praedicare,</span> <span class='ocrx_word' id='word_1_449' title='bbox 1711 1327 1813 1366; x_wconf 82' lang='lat' dir='ltr'>nobis</span> <span class='ocrx_word' id='word_1_450' title='bbox 1842 1328 1998 1366; x_wconf 82' lang='lat' dir='ltr'>fructum</span> <span class='ocrx_word' id='word_1_451' title='bbox 2024 1329 2179 1380; x_wconf 83' lang='lat' dir='ltr'>aliquem</span> <span class='ocrx_word' id='word_1_452' title='bbox 2196 1325 2386 1371; x_wconf 45' lang='lat' dir='ltr'>‘l‘moel&#39;rw</span> 
     </span>
    </p>
   </div>
   <div class='ocr_carea' id='block_1_12' title="bbox 1220 1386 2229 1439">
    <p class='ocr_par' dir='ltr' id='par_1_13' title="bbox 1220 1386 2229 1439">
     <span class='ocr_line' id='line_1_65' title="bbox 1220 1386 2229 1439; baseline 0.002 -15"><span class='ocrx_word' id='word_1_453' title='bbox 1220 1401 1372 1438; x_wconf 90' lang='lat' dir='ltr'>eumque</span> <span class='ocrx_word' id='word_1_454' title='bbox 1389 1386 1490 1424; x_wconf 87' lang='lat' dir='ltr'>baud</span> <span class='ocrx_word' id='word_1_455' title='bbox 1511 1387 1696 1438; x_wconf 87' lang='lat' dir='ltr'>vulgarem</span> <span class='ocrx_word' id='word_1_456' title='bbox 1717 1387 1821 1426; x_wconf 84' lang='lat' dir='ltr'>affert</span> <span class='ocrx_word' id='word_1_457' title='bbox 1843 1403 1851 1424; x_wconf 90' lang='lat'>:</span> <span class='ocrx_word' id='word_1_458' title='bbox 1874 1388 2180 1439; x_wconf 87' lang='lat' dir='ltr'>quemadmodum</span> <span class='ocrx_word' id='word_1_459' title='bbox 2194 1409 2229 1435; x_wconf 64' lang='lat' dir='ltr'>d.</span> 
     </span>
    </p>
   </div>
   <div class='ocr_carea' id='block_1_13' title="bbox 1156 1448 2181 3231">
    <p class='ocr_par' dir='ltr' id='par_1_14' title="bbox 1156 1448 2181 3231">
     <span class='ocr_line' id='line_1_66' title="bbox 1219 1448 2177 1503; baseline 0.004 -17"><span class='ocrx_word' id='word_1_460' title='bbox 1219 1462 1266 1487; x_wconf 80' lang='lat' dir='ltr'>ex</span> <span class='ocrx_word' id='word_1_461' title='bbox 1296 1448 1446 1488; x_wconf 87' lang='lat' dir='ltr'>adverso</span> <span class='ocrx_word' id='word_1_462' title='bbox 1478 1448 1693 1501; x_wconf 83' lang='lat' dir='ltr'>pravitatem</span> <span class='ocrx_word' id='word_1_463' title='bbox 1725 1463 1795 1487; x_wconf 91' lang='lat' dir='ltr'>non</span> <span class='ocrx_word' id='word_1_464' title='bbox 1824 1450 1986 1488; x_wconf 83' lang='lat' dir='ltr'>aemulari</span> <span class='ocrx_word' id='word_1_465' title='bbox 2022 1460 2177 1503; x_wconf 84' lang='lat' dir='ltr'>tantum,</span> 
     </span>
     <span class='ocr_line' id='line_1_67' title="bbox 1170 1509 2181 1565; baseline 0.003 -17"><span class='ocrx_word' id='word_1_466' title='bbox 1170 1529 1194 1559; x_wconf 79' lang='grc' dir='ltr'>Ε</span> <span class='ocrx_word' id='word_1_467' title='bbox 1219 1510 1453 1548; x_wconf 87' lang='lat' dir='ltr'>verumetiam</span> <span class='ocrx_word' id='word_1_468' title='bbox 1477 1509 1512 1548; x_wconf 93' lang='lat' dir='ltr'>in</span> <span class='ocrx_word' id='word_1_469' title='bbox 1533 1524 1572 1548; x_wconf 90' lang='lat' dir='ltr'>ea</span> <span class='ocrx_word' id='word_1_470' title='bbox 1591 1509 1752 1549; x_wconf 88' lang='lat' dir='ltr'>viventes</span> <span class='ocrx_word' id='word_1_471' title='bbox 1776 1510 1938 1561; x_wconf 82' lang='lat' dir='ltr'>laudare,</span> <span class='ocrx_word' id='word_1_472' title='bbox 1959 1512 2181 1565; x_wconf 88' lang='lat' dir='ltr'>supplicium</span> 
     </span>
     <span class='ocr_line' id='line_1_68' title="bbox 1218 1571 2179 1625; baseline 0.004 -16"><span class='ocrx_word' id='word_1_473' title='bbox 1218 1571 1319 1610; x_wconf 87' lang='lat' dir='ltr'>haud</span> <span class='ocrx_word' id='word_1_474' title='bbox 1348 1571 1525 1610; x_wconf 85' lang='lat' dir='ltr'>mediocre</span> <span class='ocrx_word' id='word_1_475' title='bbox 1551 1571 1654 1609; x_wconf 89' lang='lat' dir='ltr'>nobis</span> <span class='ocrx_word' id='word_1_476' title='bbox 1673 1581 1775 1624; x_wconf 89' lang='lat' dir='ltr'>parat</span> <span class='ocrx_word' id='word_1_477' title='bbox 1798 1588 1805 1608; x_wconf 92' lang='lat'><strong>:</strong></span> <span class='ocrx_word' id='word_1_478' title='bbox 1831 1581 1864 1611; x_wconf 89' lang='lat' dir='ltr'>et</span> <span class='ocrx_word' id='word_1_479' title='bbox 1882 1572 1912 1610; x_wconf 90' lang='lat' dir='ltr'>si</span> <span class='ocrx_word' id='word_1_480' title='bbox 1932 1573 1984 1611; x_wconf 84' lang='lat' dir='ltr'>sas</span> <span class='ocrx_word' id='word_1_481' title='bbox 2003 1583 2055 1611; x_wconf 87' lang='lat' dir='ltr'>est</span> <span class='ocrx_word' id='word_1_482' title='bbox 2073 1575 2179 1625; x_wconf 88' lang='lat' dir='ltr'>quid—</span> 
     </span>
     <span class='ocr_line' id='line_1_69' title="bbox 1217 1632 2178 1687; baseline 0.005 -17"><span class='ocrx_word' id='word_1_483' title='bbox 1217 1632 1303 1671; x_wconf 89' lang='lat' dir='ltr'>dam</span> <span class='ocrx_word' id='word_1_484' title='bbox 1342 1647 1477 1672; x_wconf 74' lang='lat' dir='ltr'>novum</span> <span class='ocrx_word' id='word_1_485' title='bbox 1512 1642 1546 1671; x_wconf 91' lang='lat' dir='ltr'>et</span> <span class='ocrx_word' id='word_1_486' title='bbox 1575 1632 1829 1671; x_wconf 90' lang='lat' dir='ltr'>admirandum</span> <span class='ocrx_word' id='word_1_487' title='bbox 1863 1633 1997 1685; x_wconf 81' lang='lat' dir='ltr'>dicere,</span> <span class='ocrx_word' id='word_1_488' title='bbox 2031 1636 2178 1687; x_wconf 85' lang='lat' dir='ltr'>gravius</span> 
     </span>
     <span class='ocr_line' id='line_1_70' title="bbox 1218 1694 2178 1749; baseline 0.005 -17"><span class='ocrx_word' id='word_1_489' title='bbox 1218 1694 1440 1747; x_wconf 89' lang='lat' dir='ltr'>supplicium</span> <span class='ocrx_word' id='word_1_490' title='bbox 1472 1703 1589 1733; x_wconf 85' lang='lat' dir='ltr'>manet</span> <span class='ocrx_word' id='word_1_491' title='bbox 1618 1694 1715 1744; x_wconf 87' lang='lat' dir='ltr'>illos,</span> <span class='ocrx_word' id='word_1_492' title='bbox 1736 1709 1846 1746; x_wconf 89' lang='lat' dir='ltr'>quam</span> <span class='ocrx_word' id='word_1_493' title='bbox 1872 1695 1968 1749; x_wconf 89' lang='lat' dir='ltr'>ipsos</span> <span class='ocrx_word' id='word_1_494' title='bbox 1995 1697 2058 1748; x_wconf 90' lang='lat' dir='ltr'>qui</span> <span class='ocrx_word' id='word_1_495' title='bbox 2085 1697 2178 1737; x_wconf 84' lang='lat' dir='ltr'>male</span> 
     </span>
     <span class='ocr_line' id='line_1_71' title="bbox 1219 1755 2177 1809; baseline 0.003 -15"><span class='ocrx_word' id='word_1_496' title='bbox 1219 1755 1361 1794; x_wconf 77' lang='lat' dir='ltr'>vivunt.</span> <span class='ocrx_word' id='word_1_497' title='bbox 1378 1756 1421 1794; x_wconf 91' lang='lat' dir='ltr'>Id</span> <span class='ocrx_word' id='word_1_498' title='bbox 1434 1755 1618 1794; x_wconf 88' lang='lat' dir='ltr'>declarans</span> <span class='ocrx_word' id='word_1_499' title='bbox 1632 1755 1777 1806; x_wconf 80' lang='lat' dir='ltr'>Paulus,</span> <span class='ocrx_word' id='word_1_500' title='bbox 1791 1765 2020 1809; x_wconf 83' lang='lat' dir='ltr'>posteaquam</span> <span class='ocrx_word' id='word_1_501' title='bbox 2034 1772 2177 1797; x_wconf 87' lang='lat' dir='ltr'>omnem</span> 
     </span>
     <span class='ocr_line' id='line_1_72' title="bbox 1217 1821 2176 1874; baseline 0.003 -16"><span class='ocrx_word' id='word_1_502' title='bbox 1217 1821 1362 1859; x_wconf 83' lang='lat' dir='ltr'>malitiae</span> <span class='ocrx_word' id='word_1_503' title='bbox 1401 1821 1554 1873; x_wconf 83' lang='lat' dir='ltr'>speciem</span> <span class='ocrx_word' id='word_1_504' title='bbox 1604 1830 1861 1870; x_wconf 74' lang='lat' dir='ltr'>enumerasset,</span> <span class='ocrx_word' id='word_1_505' title='bbox 1910 1832 2176 1874; x_wconf 83' lang='lat' dir='ltr'>accusassetque</span> 
     </span>
     <span class='ocr_line' id='line_1_73' title="bbox 1216 1882 2173 1936; baseline 0.002 -16"><span class='ocrx_word' id='word_1_506' title='bbox 1216 1896 1337 1921; x_wconf 90' lang='lat' dir='ltr'>omnes</span> <span class='ocrx_word' id='word_1_507' title='bbox 1362 1883 1426 1934; x_wconf 89' lang='lat' dir='ltr'>qui</span> <span class='ocrx_word' id='word_1_508' title='bbox 1448 1883 1542 1935; x_wconf 87' lang='lat' dir='ltr'>leges</span> <span class='ocrx_word' id='word_1_509' title='bbox 1571 1882 1637 1921; x_wconf 87' lang='lat' dir='ltr'>Dei</span> <span class='ocrx_word' id='word_1_510' title='bbox 1663 1883 1887 1932; x_wconf 86' lang='lat' dir='ltr'>conculcant,</span> <span class='ocrx_word' id='word_1_511' title='bbox 1908 1883 1953 1921; x_wconf 90' lang='lat' dir='ltr'>de</span> <span class='ocrx_word' id='word_1_512' title='bbox 1984 1883 2057 1922; x_wconf 89' lang='lat' dir='ltr'>illis</span> <span class='ocrx_word' id='word_1_513' title='bbox 2086 1885 2173 1936; x_wconf 82' lang='lat' dir='ltr'>ipsis</span> 
     </span>
     <span class='ocr_line' id='line_1_74' title="bbox 1156 1943 2168 2001; baseline 0.002 -20"><span class='ocrx_word' id='word_1_514' title='bbox 1156 1976 1204 2001; x_wconf 68' lang='lat'>760</span> <span class='ocrx_word' id='word_1_515' title='bbox 1215 1943 1361 1995; x_wconf 88' lang='lat' dir='ltr'>subjicit</span> <span class='ocrx_word' id='word_1_516' title='bbox 1391 1959 1399 1979; x_wconf 90' lang='lat'><strong>:</strong></span> <span class='ocrx_word' id='word_1_517' title='bbox 1440 1945 1515 1994; x_wconf 82' lang='lat' dir='ltr'>Qui</span> <span class='ocrx_word' id='word_1_518' title='bbox 1545 1957 1633 1982; x_wconf 86' lang='lat' dir='ltr'>cum</span> <span class='ocrx_word' id='word_1_519' title='bbox 1661 1944 1736 1981; x_wconf 86' lang='lat' dir='ltr'>Dei</span> <span class='ocrx_word' id='word_1_520' title='bbox 1762 1945 1958 1995; x_wconf 80' lang='lat' dir='ltr'>justitiam</span> <span class='ocrx_word' id='word_1_521' title='bbox 1999 1954 2168 1993; x_wconf 84' lang='lat' dir='ltr'>nossent,</span> 
     </span>
     <span class='ocr_line' id='line_1_75' title="bbox 1167 2006 2172 2059; baseline 0.004 -16"><span class='ocrx_word' id='word_1_522' title='bbox 1167 2014 1192 2044; x_wconf 83' lang='lat' dir='ltr'>A</span> <span class='ocrx_word' id='word_1_523' title='bbox 1215 2006 1321 2058; x_wconf 85' lang='lat' dir='ltr'>quod</span> <span class='ocrx_word' id='word_1_524' title='bbox 1332 2008 1398 2059; x_wconf 83' lang='lat' dir='ltr'>qui</span> <span class='ocrx_word' id='word_1_525' title='bbox 1411 2006 1509 2044; x_wconf 84' lang='lat' dir='ltr'>talia</span> <span class='ocrx_word' id='word_1_526' title='bbox 1511 2007 1691 2059; x_wconf 84' lang='lat' dir='ltr'>faciunt,</span> <span class='ocrx_word' id='word_1_527' title='bbox 1708 2007 1817 2058; x_wconf 84' lang='lat' dir='ltr'>digni</span> <span class='ocrx_word' id='word_1_528' title='bbox 1826 2015 1918 2044; x_wconf 82' lang='lat' dir='ltr'>sunt</span> <span class='ocrx_word' id='word_1_529' title='bbox 1935 2016 2070 2054; x_wconf 82' lang='lat' dir='ltr'>morte,</span> <span class='ocrx_word' id='word_1_530' title='bbox 2093 2022 2172 2046; x_wconf 83' lang='lat' dir='ltr'>non</span> 
     </span>
     <span class='ocr_line' id='line_1_76' title="bbox 1213 2067 2169 2123; baseline 0.004 -19"><span class='ocrx_word' id='word_1_531' title='bbox 1213 2067 1340 2105; x_wconf 79' lang='lat' dir='ltr'>solum</span> <span class='ocrx_word' id='word_1_532' title='bbox 1360 2081 1407 2105; x_wconf 86' lang='lat' dir='ltr'>ea</span> <span class='ocrx_word' id='word_1_533' title='bbox 1416 2068 1588 2119; x_wconf 83' lang='lat' dir='ltr'>faciunt,</span> <span class='ocrx_word' id='word_1_534' title='bbox 1605 2068 1674 2106; x_wconf 84' lang='lat' dir='ltr'>sed</span> <span class='ocrx_word' id='word_1_535' title='bbox 1683 2076 1720 2106; x_wconf 84' lang='lat' dir='ltr'>et</span> <span class='ocrx_word' id='word_1_536' title='bbox 1736 2069 1990 2119; x_wconf 81' lang='lat' dir='ltr'>comprobant</span> <span class='ocrx_word' id='word_1_537' title='bbox 2010 2069 2085 2107; x_wconf 82' lang='lat' dir='ltr'>illa</span> <span class='ocrx_word' id='word_1_538' title='bbox 2091 2071 2169 2123; x_wconf 87' lang='lat' dir='ltr'>sa-</span> 
     </span>
     <span class='ocr_line' id='line_1_77' title="bbox 1214 2129 2172 2176; baseline 0.005 -11"><span class='ocrx_word' id='word_1_539' title='bbox 1214 2131 1358 2166; x_wconf 84' lang='lat' dir='ltr'>cientes</span> <span class='ocrx_word' id='word_1_540' title='bbox 1375 2144 1386 2164; x_wconf 90' lang='lat'><em>:</em></span> <span class='ocrx_word' id='word_1_541' title='bbox 1407 2129 1494 2166; x_wconf 82' lang='lat' dir='ltr'>ideo</span> <span class='ocrx_word' id='word_1_542' title='bbox 1506 2129 1785 2167; x_wconf 71' lang='lat' dir='ltr'>inexcusabilis</span> <span class='ocrx_word' id='word_1_543' title='bbox 1799 2143 1853 2176; x_wconf 82' lang='lat' dir='ltr'>es,</span> <span class='ocrx_word' id='word_1_544' title='bbox 1868 2143 1891 2167; x_wconf 93' lang='lat' dir='ltr'>o</span> <span class='ocrx_word' id='word_1_545' title='bbox 1910 2131 2038 2168; x_wconf 77' lang='lat' dir='ltr'>homo.</span> <span class='ocrx_word' id='word_1_546' title='bbox 2056 2130 2172 2171; x_wconf 85' lang='lat' dir='ltr'>Vides</span> 
     </span>
     <span class='ocr_line' id='line_1_78' title="bbox 1213 2189 2167 2243; baseline 0.003 -15"><span class='ocrx_word' id='word_1_547' title='bbox 1213 2204 1294 2228; x_wconf 89' lang='lat' dir='ltr'>eum</span> <span class='ocrx_word' id='word_1_548' title='bbox 1314 2189 1363 2228; x_wconf 90' lang='lat' dir='ltr'>ita</span> <span class='ocrx_word' id='word_1_549' title='bbox 1380 2189 1497 2241; x_wconf 85' lang='lat' dir='ltr'>loqui,</span> <span class='ocrx_word' id='word_1_550' title='bbox 1514 2199 1554 2228; x_wconf 88' lang='lat' dir='ltr'>ut</span> <span class='ocrx_word' id='word_1_551' title='bbox 1570 2189 1732 2228; x_wconf 88' lang='lat' dir='ltr'>ostendat</span> <span class='ocrx_word' id='word_1_552' title='bbox 1748 2191 1815 2229; x_wconf 93' lang='lat' dir='ltr'>hoc</span> <span class='ocrx_word' id='word_1_553' title='bbox 1834 2204 1910 2230; x_wconf 85' lang='lat' dir='ltr'>esse</span> <span class='ocrx_word' id='word_1_554' title='bbox 1925 2192 2071 2243; x_wconf 81' lang='lat' dir='ltr'>gravius</span> <span class='ocrx_word' id='word_1_555' title='bbox 2089 2192 2167 2231; x_wconf 91' lang='lat' dir='ltr'>illo.</span> 
     </span>
     <span class='ocr_line' id='line_1_79' title="bbox 1213 2251 2171 2306; baseline 0.003 -17"><span class='ocrx_word' id='word_1_556' title='bbox 1213 2253 1306 2290; x_wconf 88' lang='lat' dir='ltr'>Nam</span> <span class='ocrx_word' id='word_1_557' title='bbox 1326 2251 1474 2290; x_wconf 87' lang='lat' dir='ltr'>laudare</span> <span class='ocrx_word' id='word_1_558' title='bbox 1490 2251 1752 2304; x_wconf 88' lang='lat' dir='ltr'>delinquentes,</span> <span class='ocrx_word' id='word_1_559' title='bbox 1771 2252 1869 2304; x_wconf 91' lang='lat' dir='ltr'>quod</span> <span class='ocrx_word' id='word_1_560' title='bbox 1888 2252 1934 2291; x_wconf 90' lang='lat' dir='ltr'>ad</span> <span class='ocrx_word' id='word_1_561' title='bbox 1952 2253 2171 2306; x_wconf 88' lang='lat' dir='ltr'>supplicium</span> 
     </span>
     <span class='ocr_line' id='line_1_80' title="bbox 1211 2312 2171 2367; baseline 0.003 -17"><span class='ocrx_word' id='word_1_562' title='bbox 1211 2312 1376 2366; x_wconf 88' lang='lat' dir='ltr'>pertinet,</span> <span class='ocrx_word' id='word_1_563' title='bbox 1395 2313 1501 2365; x_wconf 84' lang='lat' dir='ltr'>longe</span> <span class='ocrx_word' id='word_1_564' title='bbox 1519 2313 1601 2365; x_wconf 88' lang='lat' dir='ltr'>plus</span> <span class='ocrx_word' id='word_1_565' title='bbox 1619 2322 1670 2352; x_wconf 86' lang='lat' dir='ltr'>est</span> <span class='ocrx_word' id='word_1_566' title='bbox 1682 2327 1791 2364; x_wconf 89' lang='lat' dir='ltr'>quam</span> <span class='ocrx_word' id='word_1_567' title='bbox 1807 2313 2013 2366; x_wconf 86' lang='lat' dir='ltr'>delinquere</span> <span class='ocrx_word' id='word_1_568' title='bbox 2030 2330 2038 2351; x_wconf 77' lang='grc' dir='ltr'>ε</span> <span class='ocrx_word' id='word_1_569' title='bbox 2062 2315 2171 2367; x_wconf 89' lang='lat' dir='ltr'>idque</span> 
     </span>
     <span class='ocr_line' id='line_1_81' title="bbox 1207 2374 2170 2428; baseline 0.003 -16"><span class='ocrx_word' id='word_1_570' title='bbox 1207 2374 1289 2427; x_wconf 89' lang='lat' dir='ltr'>jure</span> <span class='ocrx_word' id='word_1_571' title='bbox 1302 2374 1444 2423; x_wconf 82' lang='lat' dir='ltr'>merito,</span> <span class='ocrx_word' id='word_1_572' title='bbox 1460 2375 1544 2426; x_wconf 87' lang='lat' dir='ltr'>quia</span> <span class='ocrx_word' id='word_1_573' title='bbox 1560 2375 1629 2414; x_wconf 90' lang='lat' dir='ltr'>hoc</span> <span class='ocrx_word' id='word_1_574' title='bbox 1641 2375 1857 2427; x_wconf 73' lang='lat' dir='ltr'>suffragium</span> <span class='ocrx_word' id='word_1_575' title='bbox 1871 2376 2113 2428; x_wconf 86' lang='lat' dir='ltr'>proficiscitur</span> <span class='ocrx_word' id='word_1_576' title='bbox 2124 2378 2170 2415; x_wconf 88' lang='lat' dir='ltr'>ab</span> 
     </span>
     <span class='ocr_line' id='line_1_82' title="bbox 1211 2436 2170 2489; baseline 0.003 -15"><span class='ocrx_word' id='word_1_577' title='bbox 1211 2436 1331 2475; x_wconf 79' lang='lat' dir='ltr'>animo</span> <span class='ocrx_word' id='word_1_578' title='bbox 1357 2436 1462 2489; x_wconf 88' lang='lat' dir='ltr'>plane</span> <span class='ocrx_word' id='word_1_579' title='bbox 1485 2445 1667 2489; x_wconf 85' lang='lat' dir='ltr'>corrupto,</span> <span class='ocrx_word' id='word_1_580' title='bbox 1680 2445 1714 2474; x_wconf 87' lang='lat' dir='ltr'>et</span> <span class='ocrx_word' id='word_1_581' title='bbox 1734 2437 1925 2475; x_wconf 84' lang='lat' dir='ltr'>insanabili</span> <span class='ocrx_word' id='word_1_582' title='bbox 1941 2438 2065 2477; x_wconf 91' lang='lat' dir='ltr'>morbo</span> <span class='ocrx_word' id='word_1_583' title='bbox 2074 2439 2170 2477; x_wconf 91' lang='lat' dir='ltr'>labo-</span> 
     </span>
     <span class='ocr_line' id='line_1_83' title="bbox 1211 2497 2170 2550; baseline 0.002 -14"><span class='ocrx_word' id='word_1_584' title='bbox 1211 2507 1322 2537; x_wconf 90' lang='lat' dir='ltr'>rante.</span> <span class='ocrx_word' id='word_1_585' title='bbox 1343 2498 1530 2550; x_wconf 85' lang='lat' dir='ltr'>Siquidem</span> <span class='ocrx_word' id='word_1_586' title='bbox 1548 2499 1579 2536; x_wconf 89' lang='lat' dir='ltr'>is</span> <span class='ocrx_word' id='word_1_587' title='bbox 1603 2498 1664 2548; x_wconf 91' lang='lat' dir='ltr'>qui</span> <span class='ocrx_word' id='word_1_588' title='bbox 1689 2497 1778 2535; x_wconf 89' lang='lat' dir='ltr'>dum</span> <span class='ocrx_word' id='word_1_589' title='bbox 1797 2507 1931 2550; x_wconf 84' lang='lat' dir='ltr'>peccat,</span> <span class='ocrx_word' id='word_1_590' title='bbox 1958 2499 2170 2538; x_wconf 83' lang='lat' dir='ltr'>condemnat</span> 
     </span>
     <span class='ocr_line' id='line_1_84' title="bbox 1210 2558 2168 2614; baseline 0.002 -16"><span class='ocrx_word' id='word_1_591' title='bbox 1210 2569 1397 2613; x_wconf 86' lang='lat' dir='ltr'>peccatum</span> <span class='ocrx_word' id='word_1_592' title='bbox 1413 2573 1532 2607; x_wconf 87' lang='lat' dir='ltr'>suum,</span> <span class='ocrx_word' id='word_1_593' title='bbox 1546 2559 1676 2612; x_wconf 89' lang='lat' dir='ltr'>poterit</span> <span class='ocrx_word' id='word_1_594' title='bbox 1692 2558 1884 2610; x_wconf 89' lang='lat' dir='ltr'>aliquando</span> <span class='ocrx_word' id='word_1_595' title='bbox 1903 2560 2072 2612; x_wconf 88' lang='lat' dir='ltr'>temporis</span> <span class='ocrx_word' id='word_1_596' title='bbox 2085 2575 2168 2614; x_wconf 84' lang='lat' dir='ltr'>pro-</span> 
     </span>
     <span class='ocr_line' id='line_1_85' title="bbox 1211 2619 2168 2673; baseline 0.001 -14"><span class='ocrx_word' id='word_1_597' title='bbox 1211 2635 1333 2673; x_wconf 87' lang='lat' dir='ltr'>gressu</span> <span class='ocrx_word' id='word_1_598' title='bbox 1349 2620 1395 2659; x_wconf 88' lang='lat' dir='ltr'>ad</span> <span class='ocrx_word' id='word_1_599' title='bbox 1413 2635 1449 2659; x_wconf 90' lang='lat' dir='ltr'>se</span> <span class='ocrx_word' id='word_1_600' title='bbox 1463 2620 1592 2670; x_wconf 81' lang='lat' dir='ltr'>redire;</span> <span class='ocrx_word' id='word_1_601' title='bbox 1607 2619 1671 2671; x_wconf 90' lang='lat' dir='ltr'>qui</span> <span class='ocrx_word' id='word_1_602' title='bbox 1689 2634 1773 2658; x_wconf 80' lang='lat' dir='ltr'>vero</span> <span class='ocrx_word' id='word_1_603' title='bbox 1786 2620 1910 2658; x_wconf 91' lang='lat' dir='ltr'>laudat</span> <span class='ocrx_word' id='word_1_604' title='bbox 1926 2621 2116 2670; x_wconf 89' lang='lat' dir='ltr'>malitiam,</span> <span class='ocrx_word' id='word_1_605' title='bbox 2139 2622 2168 2660; x_wconf 80' lang='lat' dir='ltr'>is</span> 
     </span>
     <span class='ocr_line' id='line_1_86' title="bbox 1162 2681 2168 2735; baseline -0.001 -13"><span class='ocrx_word' id='word_1_606' title='bbox 1162 2691 1186 2722; x_wconf 85' lang='lat' dir='ltr'>B</span> <span class='ocrx_word' id='word_1_607' title='bbox 1210 2683 1366 2735; x_wconf 88' lang='lat' dir='ltr'>scipsum</span> <span class='ocrx_word' id='word_1_608' title='bbox 1378 2682 1538 2735; x_wconf 78' lang='lat' dir='ltr'>privavit</span> <span class='ocrx_word' id='word_1_609' title='bbox 1551 2681 1749 2732; x_wconf 77' lang='lat' dir='ltr'>curatione,</span> <span class='ocrx_word' id='word_1_610' title='bbox 1761 2695 1868 2733; x_wconf 85' lang='lat' dir='ltr'>quam</span> <span class='ocrx_word' id='word_1_611' title='bbox 1880 2682 1983 2720; x_wconf 85' lang='lat' dir='ltr'>affert</span> <span class='ocrx_word' id='word_1_612' title='bbox 1997 2685 2168 2735; x_wconf 85' lang='lat' dir='ltr'>poeniteu-</span> 
     </span>
     <span class='ocr_line' id='line_1_87' title="bbox 1210 2742 2167 2795; baseline 0.001 -13"><span class='ocrx_word' id='word_1_613' title='bbox 1210 2744 1272 2783; x_wconf 89' lang='lat' dir='ltr'>tia.</span> <span class='ocrx_word' id='word_1_614' title='bbox 1291 2743 1446 2782; x_wconf 91' lang='lat' dir='ltr'>Proinde</span> <span class='ocrx_word' id='word_1_615' title='bbox 1462 2743 1588 2781; x_wconf 86' lang='lat' dir='ltr'>merito</span> <span class='ocrx_word' id='word_1_616' title='bbox 1604 2742 1738 2781; x_wconf 91' lang='lat' dir='ltr'>Paulus</span> <span class='ocrx_word' id='word_1_617' title='bbox 1754 2743 2000 2795; x_wconf 85' lang='lat' dir='ltr'>pronuntiavit</span> <span class='ocrx_word' id='word_1_618' title='bbox 2019 2744 2086 2782; x_wconf 89' lang='lat' dir='ltr'>hoc</span> <span class='ocrx_word' id='word_1_619' title='bbox 2105 2745 2167 2783; x_wconf 89' lang='lat' dir='ltr'>illo</span> 
     </span>
     <span class='ocr_line' id='line_1_88' title="bbox 1209 2804 2168 2857; baseline -0.001 -13"><span class='ocrx_word' id='word_1_620' title='bbox 1209 2820 1283 2844; x_wconf 87' lang='lat' dir='ltr'>csse</span> <span class='ocrx_word' id='word_1_621' title='bbox 1296 2805 1454 2857; x_wconf 84' lang='lat' dir='ltr'>gravius.</span> <span class='ocrx_word' id='word_1_622' title='bbox 1468 2806 1593 2856; x_wconf 84' lang='lat' dir='ltr'>Itaque</span> <span class='ocrx_word' id='word_1_623' title='bbox 1604 2804 1695 2843; x_wconf 88' lang='lat' dir='ltr'>sicut</span> <span class='ocrx_word' id='word_1_624' title='bbox 1711 2818 1779 2842; x_wconf 88' lang='lat' dir='ltr'>non</span> <span class='ocrx_word' id='word_1_625' title='bbox 1797 2813 1935 2842; x_wconf 88' lang='lat' dir='ltr'>tantum</span> <span class='ocrx_word' id='word_1_626' title='bbox 1948 2804 1973 2842; x_wconf 91' lang='lat' dir='ltr'>ii</span> <span class='ocrx_word' id='word_1_627' title='bbox 1985 2804 2045 2856; x_wconf 91' lang='lat' dir='ltr'>qui</span> <span class='ocrx_word' id='word_1_628' title='bbox 2057 2820 2168 2857; x_wconf 85' lang='lat' dir='ltr'>prava</span> 
     </span>
     <span class='ocr_line' id='line_1_89' title="bbox 1209 2865 2166 2919; baseline -0.001 -13"><span class='ocrx_word' id='word_1_629' title='bbox 1209 2867 1358 2917; x_wconf 81' lang='lat' dir='ltr'>faciunt,</span> <span class='ocrx_word' id='word_1_630' title='bbox 1377 2866 1613 2905; x_wconf 77' lang='lat' dir='ltr'>verumetiam</span> <span class='ocrx_word' id='word_1_631' title='bbox 1630 2865 1692 2916; x_wconf 88' lang='lat' dir='ltr'>qui</span> <span class='ocrx_word' id='word_1_632' title='bbox 1707 2865 1795 2903; x_wconf 89' lang='lat' dir='ltr'>tales</span> <span class='ocrx_word' id='word_1_633' title='bbox 1810 2865 1958 2904; x_wconf 85' lang='lat' dir='ltr'>laudant</span> <span class='ocrx_word' id='word_1_634' title='bbox 1977 2876 2018 2904; x_wconf 85' lang='lat' dir='ltr'>ac</span> <span class='ocrx_word' id='word_1_635' title='bbox 2039 2867 2166 2919; x_wconf 70' lang='lat' dir='ltr'>pra-di-</span> 
     </span>
     <span class='ocr_line' id='line_1_90' title="bbox 1208 2926 2166 2980; baseline -0.003 -12"><span class='ocrx_word' id='word_1_636' title='bbox 1208 2939 1309 2978; x_wconf 85' lang='lat' dir='ltr'>cant,</span> <span class='ocrx_word' id='word_1_637' title='bbox 1339 2928 1520 2978; x_wconf 83' lang='lat' dir='ltr'>eamdem,</span> <span class='ocrx_word' id='word_1_638' title='bbox 1553 2936 1615 2965; x_wconf 87' lang='lat' dir='ltr'>aut</span> <span class='ocrx_word' id='word_1_639' title='bbox 1653 2926 1761 2965; x_wconf 89' lang='lat' dir='ltr'>etiam</span> <span class='ocrx_word' id='word_1_640' title='bbox 1793 2927 1994 2979; x_wconf 85' lang='lat' dir='ltr'>graviorem</span> <span class='ocrx_word' id='word_1_641' title='bbox 2026 2942 2166 2980; x_wconf 69' lang='lat' dir='ltr'>pennam</span> 
     </span>
     <span class='ocr_line' id='line_1_91' title="bbox 1209 2988 2165 3040; baseline -0.004 -10"><span class='ocrx_word' id='word_1_642' title='bbox 1209 2991 1435 3030; x_wconf 88' lang='lat' dir='ltr'>sortiuntur:</span> <span class='ocrx_word' id='word_1_643' title='bbox 1456 2989 1504 3027; x_wconf 89' lang='lat' dir='ltr'>ita</span> <span class='ocrx_word' id='word_1_644' title='bbox 1533 2988 1597 3040; x_wconf 87' lang='lat' dir='ltr'>qui</span> <span class='ocrx_word' id='word_1_645' title='bbox 1626 2988 1738 3027; x_wconf 90' lang='lat' dir='ltr'>bonos</span> <span class='ocrx_word' id='word_1_646' title='bbox 1766 2988 1937 3028; x_wconf 85' lang='lat' dir='ltr'>laudibus</span> <span class='ocrx_word' id='word_1_647' title='bbox 1961 2989 2098 3029; x_wconf 76' lang='lat' dir='ltr'>veliunt</span> <span class='ocrx_word' id='word_1_648' title='bbox 2125 3003 2165 3026; x_wconf 80' lang='lat' dir='ltr'>ac</span> 
     </span>
     <span class='ocr_line' id='line_1_92' title="bbox 1209 3050 2165 3107; baseline -0.006 -15"><span class='ocrx_word' id='word_1_649' title='bbox 1209 3053 1421 3107; x_wconf 65' lang='lat' dir='ltr'>pimdicant,</span> <span class='ocrx_word' id='word_1_650' title='bbox 1453 3064 1665 3089; x_wconf 87' lang='lat' dir='ltr'>coronarum</span> <span class='ocrx_word' id='word_1_651' title='bbox 1695 3050 1769 3088; x_wconf 84' lang='lat' dir='ltr'>illis</span> <span class='ocrx_word' id='word_1_652' title='bbox 1798 3051 2035 3104; x_wconf 87' lang='lat' dir='ltr'>repositarum</span> <span class='ocrx_word' id='word_1_653' title='bbox 2074 3050 2165 3087; x_wconf 81' lang='lat' dir='ltr'>fiunt</span> 
     </span>
     <span class='ocr_line' id='line_1_93' title="bbox 1208 3111 2164 3170; baseline -0.007 -16"><span class='ocrx_word' id='word_1_654' title='bbox 1208 3115 1413 3170; x_wconf 82' lang='lat' dir='ltr'>participes.</span> <span class='ocrx_word' id='word_1_655' title='bbox 1431 3112 1538 3160; x_wconf 88' lang='lat' dir='ltr'>Quod</span> <span class='ocrx_word' id='word_1_656' title='bbox 1552 3113 1670 3164; x_wconf 86' lang='lat' dir='ltr'>ipsum</span> <span class='ocrx_word' id='word_1_657' title='bbox 1688 3112 1736 3150; x_wconf 88' lang='lat' dir='ltr'>ita</span> <span class='ocrx_word' id='word_1_658' title='bbox 1755 3126 1828 3151; x_wconf 83' lang='lat' dir='ltr'>esse</span> <span class='ocrx_word' id='word_1_659' title='bbox 1846 3127 1864 3150; x_wconf 90' lang='lat' dir='ltr'>e</span> <span class='ocrx_word' id='word_1_660' title='bbox 1878 3112 2063 3164; x_wconf 84' lang='lat' dir='ltr'>Scriptura</span> <span class='ocrx_word' id='word_1_661' title='bbox 2082 3111 2164 3148; x_wconf 83' lang='lat' dir='ltr'>licet</span> 
     </span>
     <span class='ocr_line' id='line_1_94' title="bbox 1210 3171 2158 3231; baseline -0.011 -15"><span class='ocrx_word' id='word_1_662' title='bbox 1210 3177 1424 3231; x_wconf 85' lang='lat' dir='ltr'>perspicere.</span> <span class='ocrx_word' id='word_1_663' title='bbox 1455 3177 1552 3213; x_wconf 87' lang='lat' dir='ltr'>Deus</span> <span class='ocrx_word' id='word_1_664' title='bbox 1585 3173 1680 3211; x_wconf 85' lang='lat' dir='ltr'>enim</span> <span class='ocrx_word' id='word_1_665' title='bbox 1708 3173 1755 3212; x_wconf 89' lang='lat' dir='ltr'>ita</span> <span class='ocrx_word' id='word_1_666' title='bbox 1787 3173 1944 3225; x_wconf 86' lang='lat' dir='ltr'>loquitur</span> <span class='ocrx_word' id='word_1_667' title='bbox 1977 3171 2128 3210; x_wconf 68' lang='lat' dir='ltr'>Abi-aha*</span> <span class='ocrx_word' id='word_1_668' title='bbox 2150 3185 2158 3206; x_wconf 91' lang='lat'>:</span> 
     </span>
    </p>
   </div>
   <div class='ocr_carea' id='block_1_14' title="bbox 2195 1367 2387 1438">
    <p class='ocr_par' dir='ltr' id='par_1_15' title="bbox 2195 1367 2387 1438">
     <span class='ocr_line' id='line_1_95' title="bbox 2195 1367 2387 1406; baseline 0.021 -13"><span class='ocrx_word' id='word_1_669' title='bbox 2195 1367 2272 1394; x_wconf 76' lang='lat' dir='ltr'>dit-»s</span> <span class='ocrx_word' id='word_1_670' title='bbox 2310 1378 2387 1406; x_wconf 71' lang='lat' dir='ltr'>pio-</span> 
     </span>
     <span class='ocr_line' id='line_1_96' title="bbox 2234 1414 2273 1438; baseline 0 -3"><span class='ocrx_word' id='word_1_671' title='bbox 2234 1414 2273 1438; x_wconf 70' lang='lat' dir='ltr'>st.</span> 
     </span>
    </p>
   </div>
   <div class='ocr_carea' id='block_1_15' title="bbox 2187 1952 2374 2025">
    <p class='ocr_par' dir='ltr' id='par_1_16' title="bbox 2187 1952 2374 2025">
     <span class='ocr_line' id='line_1_97' title="bbox 2190 1952 2374 1986; baseline 0.016 -5"><span class='ocrx_word' id='word_1_672' title='bbox 2190 1952 2374 1986; x_wconf 79' lang='lat' dir='ltr'>Rvm.r.32.</span> 
     </span>
     <span class='ocr_line' id='line_1_98' title="bbox 2187 2001 2372 2025; baseline 0.011 -2"><span class='ocrx_word' id='word_1_673' title='bbox 2187 2001 2250 2024; x_wconf 81' lang='lat' dir='ltr'>etc.</span> <span class='ocrx_word' id='word_1_674' title='bbox 2262 2006 2289 2025; x_wconf 83' lang='lat'>2.</span> <span class='ocrx_word' id='word_1_675' title='bbox 2303 2008 2329 2025; x_wconf 76' lang='lat' dir='ltr'>v.</span> <span class='ocrx_word' id='word_1_676' title='bbox 2346 2006 2372 2025; x_wconf 74' lang='lat' dir='ltr'>z.</span> 
     </span>
    </p>
   </div>
   <div class='ocr_carea' id='block_1_16' title="bbox 1214 3234 2373 3283">
    <p class='ocr_par' dir='ltr' id='par_1_17' title="bbox 1214 3234 2373 3283">
     <span class='ocr_line' id='line_1_99' title="bbox 1214 3234 2373 3283; baseline -0.006 -6"><span class='ocrx_word' id='word_1_677' title='bbox 1214 3238 1618 3277; x_wconf 82' lang='lat' dir='ltr'>Benedicentibustibi</span> <span class='ocrx_word' id='word_1_678' title='bbox 1630 3237 1867 3283; x_wconf 78' lang='lat' dir='ltr'>benedicam,</span> <span class='ocrx_word' id='word_1_679' title='bbox 1883 3243 1916 3273; x_wconf 83' lang='lat' dir='ltr'>et</span> <span class='ocrx_word' id='word_1_680' title='bbox 1935 3234 2164 3271; x_wconf 68' lang='lat' dir='ltr'>maledicen-</span> <span class='ocrx_word' id='word_1_681' title='bbox 2188 3252 2263 3279; x_wconf 45' lang='grc' dir='ltr'>(ᾖ,</span> <span class='ocrx_word' id='word_1_682' title='bbox 2284 3263 2316 3282; x_wconf 65' lang='grc'>,,</span> <span class='ocrx_word' id='word_1_683' title='bbox 2344 3254 2373 3283; x_wconf 74' lang='lat'>3.</span> 
     </span>
    </p>
   </div>
   <div class='ocr_carea' id='block_1_17' title="bbox 1193 3364 1649 3406">
    <p class='ocr_par' dir='ltr' id='par_1_18' title="bbox 1193 3364 1649 3406">
     <span class='ocr_line' id='line_1_100' title="bbox 1193 3364 1649 3406; baseline -0.009 -10"><span class='ocrx_word' id='word_1_684' title='bbox 1193 3366 1208 3391; x_wconf 85' lang='lat' dir='ltr'>l·</span> <span class='ocrx_word' id='word_1_685' title='bbox 1237 3364 1316 3406; x_wconf 78' lang='lat' dir='ltr'>Rrg.</span> <span class='ocrx_word' id='word_1_686' title='bbox 1340 3365 1408 3396; x_wconf 68' lang='grc' dir='ltr'>εἶναι</span> <span class='ocrx_word' id='word_1_687' title='bbox 1428 3366 1649 3405; x_wconf 66' lang='grc' dir='ltr'>ἐνομοθέτησεν.</span> 
     </span>
    </p>
   </div>
  </div>
 </body>
</html>
