2516 3791
130 530 244 559 matth.
262 527 311 556 25.

126 571 274 611 34.—36.

134 1257 213 1285 [bat.
228 1266 255 1283 v.
266 1256 317 1292 40.

138 1810 231 1837 [Cocli.
257 1807 301 1838 18.

142 1850 188 1879 ib.

324 119 416 176 488
729 133 749 163 s
758 153 768 162 .

325 218 384 256 sed
404 226 444 255 ut
464 230 675 270 reponamus
695 215 797 254 nohis
815 215 922 252 etiam
940 209 1196 249 immortalium
1213 207 1277 243 bo-

326 293 454 317 norum
484 277 700 316 fruitionem.
733 277 826 314 Nam
856 274 886 311 si
913 273 982 309 hoc
1010 268 1185 315 facimus,
1213 277 1278 302 nos

325 339 432 377 etiam
459 339 518 377 hic
549 338 731 376 Christum
762 333 1015 385 suscipiemus,
1045 337 1079 366 et
1110 326 1278 378 suscipiet

326 401 434 439 etiam
452 401 526 452 ipse
545 413 608 436 nos
626 399 662 435 in
676 394 919 434 mansionibus
936 391 1008 428 illis
1024 403 1102 441 quae
1119 388 1165 426 ab
1180 396 1279 425 aeter-
1301 393 1326 423 E

327 476 372 500 no
402 469 606 514 praeparatae
630 465 711 495 sunt
740 453 974 505 diligentibus
993 451 1136 503 ipsum,
1157 447 1277 486 audie-

327 535 473 571 musque
494 521 539 556 ab
565 532 605 555 eo
626 532 634 553 ι
657 517 792 553 Venite
813 514 1004 552 benedicti
1027 512 1160 549 Patris
1183 511 1278 556 mei,

327 587 369 621 in
400 582 651 619 hereditatem
681 579 841 629 accipite
874 581 1132 626 praeparatum
1150 572 1280 609 'vobis

328 657 483 695 regnum
500 643 548 678 ab
566 641 714 692 origine
728 638 876 676 mundi.
896 636 1008 688 Cujus
1021 633 1134 686 gratia
1152 641 1186 670 et
1198 645 1279 684 pro-

328 713 405 756 pter
433 702 548 754 quid?
578 702 739 739 Esurivi
768 700 870 736 enim
885 727 896 747 ,
923 706 960 735 et
989 696 1148 733 dedistis
1184 694 1280 730 mihi

329 765 586 802 manducare:
615 762 734 809 sitivi,
750 768 788 798 et
813 759 975 810 potastis
1002 770 1061 794 me
1078 772 1088 792 :
1115 755 1280 806 peregri-

329 838 398 862 nus
414 825 479 875 fui
494 853 504 872 ,
535 832 571 862 et
592 821 798 873 collegistis
817 832 900 856 me:
921 820 962 854 in
993 829 1143 854 carcere
1153 815 1224 867 fui
1242 822 1279 851 et

329 889 370 923 in
378 887 516 924 visistis
532 890 601 922 m‘e.
619 881 717 929 Quid
731 881 849 918 minus
862 878 1050 916 molestum
1065 890 1173 927 quam
1186 875 1279 912 liaec?
1293 907 1341 932 422

330 947 428 985 Num
444 945 606 999 praecipit
627 943 728 982 nobis
748 941 884 980 curiose
901 938 1050 978 scrutari
1069 947 1103 976 et
1125 936 1280 987 inquire·
1306 945 1330 972 Α

330 1022 380 1056 re,
401 1007 615 1058 quibusnam
640 1005 847 1042 deberemus
866 1014 987 1038 curam
1006 997 1205 1036 exhibere?
1222 997 1280 1033 Tu

330 1068 427 1119 quod
442 1077 543 1106 tuum
559 1075 621 1115 est,
641 1064 768 1115 inquit,
790 1061 948 1111 ostende,
970 1060 1052 1098 licet
1071 1059 1230 1110 abjectus
1249 1066 1281 1094 et

331 1129 415 1167 vilis
433 1129 501 1178 sit,
524 1137 562 1165 ut
581 1134 727 1179 apparet
742 1155 753 1174 ,
773 1136 879 1175 quem
897 1123 994 1160 foves
1009 1136 1017 1157 :
1040 1134 1116 1171 quae
1134 1119 1229 1157 enim
1245 1118 1281 1155 in

333 1189 413 1227 illos
432 1190 523 1227 facta
547 1197 642 1235 sunt,
663 1200 727 1238 ego
743 1194 782 1222 ut
803 1183 892 1221 mihi
918 1182 985 1235 ipsi
1007 1182 1099 1219 facta
1118 1192 1280 1231 agnosco.

334 1249 521 1300 Propterea
553 1245 716 1284 addidit:
743 1245 792 1281 Id
817 1249 1008 1295 quantum
1031 1240 1185 1290 fecistis
1217 1240 1284 1276 uni

333 1310 501 1358 fratrum
522 1321 691 1346 meorum
712 1307 956 1343 minimorum
974 1331 983 1350 ,
1005 1301 1281 1353 mihifecistis.

334 1371 450 1422 Igitur
467 1384 549 1408 cum
567 1377 662 1407 tanta
678 1381 723 1405 ex
740 1364 980 1418 hospitalitate
996 1362 1064 1400 sint
1082 1361 1196 1411 lucra,
1214 1373 1283 1397 non

335 1441 612 1479 contemnamus,
626 1429 687 1468 sed
709 1426 868 1479 quotidie
885 1425 993 1477 liujus
1014 1423 1115 1461 bonae
1131 1422 1285 1473 negotia-

335 1492 441 1529 tionis
462 1505 593 1529 merces
615 1490 742 1527 inferre
767 1486 984 1534 studeamus,
1002 1484 1146 1522 seientes
1162 1481 1286 1521 Domi-

336 1567 422 1590 num
438 1561 599 1590 nostrum
613 1549 830 1587 alacritatem
845 1560 1026 1597 magnam,
1041 1559 1110 1582 non
1125 1544 1287 1581 ciborum

336 1612 475 1664 pondus
493 1611 681 1663 requirere,
703 1623 772 1647 non
789 1621 947 1645 mensam
969 1614 1206 1652 sumtuosam,
1227 1603 1286 1641 sed

337 1682 488 1710 mentem
502 1672 667 1717 hilarem,
683 1683 752 1707 non
770 1677 909 1706 tantum
926 1664 1163 1703 ministerium
1181 1677 1201 1700 a
1221 1677 1288 1700 nu-
1316 1669 1336 1698 Β

336 1735 392 1774 dis
407 1735 538 1783 verbis,
561 1733 622 1772 sed
640 1731 821 1770 caritatem
840 1743 860 1766 a
879 1742 968 1781 puro
987 1727 1190 1776 sinceroque
1207 1738 1288 1761 cor-

337 1797 390 1835 de.
412 1796 548 1835 Idcirco
567 1804 601 1833 et
621 1792 760 1845 sapiens
787 1790 934 1842 quidam
952 1788 1093 1826 dicebat
1116 1802 1124 1823 ε
1147 1786 1292 1824 ,Melior

337 1872 462 1898 sermo
482 1870 602 1910 quam
625 1866 774 1892 munus.
791 1853 891 1903 Saepe
914 1849 1009 1887 enim
1028 1846 1199 1887 sermonis
1227 1846 1290 1884 ol)-

338 1919 499 1971 sequium
517 1916 631 1969 magis
645 1924 776 1954 recreat
792 1912 1020 1963 indigentem,
1035 1923 1143 1961 quam
1157 1908 1291 1945 donum

339 1981 468 2033 ipsum.
498 1981 582 2017 Haec
609 1992 690 2016 cum
719 1975 896 2023 sciamus,
917 1986 961 2010 ne
989 1971 1102 2010 simus
1126 1969 1292 2007 difficiles

339 2056 422 2093 erga
440 2055 498 2079 eos
517 2040 578 2091 qui
597 2039 641 2077 ad
657 2052 719 2076 nos
739 2035 930 2074 accedunt:
951 2033 1013 2071 sed
1031 2032 1058 2070 si
1073 2030 1292 2084 potuerimus

341 2117 463 2141 eorum
495 2101 651 2153 inopiam
672 2099 856 2138 sublevare
871 2126 881 2146 ,
913 2095 982 2132 boe
1007 2093 1178 2131 faciamus
1212 2105 1293 2129 cum

343 2163 473 2216 gaudio
491 2162 687 2212 laetitiaque
705 2173 833 2210 magna
847 2173 854 2193 :
870 2171 940 2194 non
960 2164 1000 2192 ut
1018 2153 1213 2207 praebentes
1230 2152 1294 2189 ali-

342 2224 430 2276 quid
444 2254 455 2274 ,
475 2223 535 2262 sed
565 2232 601 2260 ut
621 2221 666 2259 ab
693 2221 744 2258 eis
763 2218 920 2256 maxima
948 2214 1180 2267 accipientes:
1200 2212 1296 2264 quod

345 2287 374 2325 si
393 2301 462 2324 non
481 2298 683 2339 possumus,
707 2296 750 2320 ne
777 2280 887 2319 simus
909 2278 1024 2330 asperi
1053 2277 1089 2314 in
1119 2290 1201 2313 eos:
1234 2274 1296 2312 sed

345 2348 464 2387 verbis
499 2347 622 2396 saltem
650 2356 773 2382 eorum
806 2354 926 2379 curam
956 2352 1121 2389 agamus,
1151 2345 1185 2373 et
1215 2350 1296 2373 cum
1322 2344 1345 2374 C

346 2406 615 2445 mansuetudine
645 2402 919 2456 respondeamus
951 2399 1012 2437 eis.
1046 2399 1164 2444 Quare
1203 2397 1298 2434 enim

346 2470 434 2507 dure
461 2467 652 2520 compellas
688 2463 794 2502 eum?
822 2463 917 2500 Num
950 2459 1074 2511 cogit?
1106 2472 1191 2496 num
1223 2458 1297 2495 vim

348 2530 458 2568 facit?
489 2530 602 2577 Orat,
632 2525 832 2578 supplicat,
862 2523 1020 2561 obsecrat
1045 2536 1052 2556 ε
1087 2519 1149 2571 qui
1181 2527 1298 2555 autem

347 2593 422 2630 lucc
448 2591 546 2640 facit,
569 2587 778 2627 contumelia
799 2585 928 2636 dignus
947 2596 1016 2620 non
1039 2590 1100 2619 cst.
1130 2580 1229 2626 Quid
1247 2578 1299 2616 di-

347 2668 388 2692 co
400 2684 410 2704 ,
440 2661 516 2691 orat
535 2661 568 2689 et
595 2647 797 2702 supplicat?
817 2647 1003 2684 Innumera
1023 2643 1112 2681 bene
1133 2654 1298 2694 appreca-

347 2725 430 2764 tur,
460 2723 492 2751 et
510 2714 585 2751 haec
603 2709 721 2749 omnia
748 2707 832 2746 facit
850 2721 916 2760 pro
944 2719 1015 2743 uno
1037 2704 1140 2742 obolo
1157 2733 1167 2753 ,
1190 2715 1300 2753 neque

350 2786 465 2814 tamen
496 2774 599 2811 illum
632 2783 830 2822 erogamus.
863 2768 910 2806 Et
940 2780 1048 2818 quam
1075 2777 1300 2815 assequemur

348 2835 519 2874 veniam?
545 2848 651 2884 quam
684 2830 896 2870 habebimus
926 2827 1164 2866 defensionem
1180 2825 1198 2862 Ρ
1227 2823 1299 2876 Ipsi

350 2896 495 2948 quidem
522 2893 678 2946 quotidie
703 2893 836 2930 lautam
864 2902 1021 2929 mensam
1050 2887 1153 2926 nobis
1171 2886 1301 2939 apponi

353 2971 531 3006 curamus,
553 2967 586 2994 et
605 2971 693 3009 saepe
718 2955 800 3008 plus
828 2967 934 3005 quam
953 2965 1038 2989 usus
1057 2948 1228 3001 requirit,
1250 2948 1302 2985 in-

352 3019 550 3057 sumimus:
573 3018 645 3055 illis
677 3031 759 3055 vero
788 3029 897 3065 neque
923 3026 1075 3066 parvum
1093 3009 1179 3061 quid
1206 3023 1302 3047 com-
1328 3023 1351 3051 Ι)

352 3080 596 3127 municamus,
612 3079 717 3129 idque
739 3091 821 3116 cum
841 3076 1022 3113 innumera
1039 3073 1130 3111 bona
1158 3085 1219 3123 per
1237 3071 1302 3108 lios

352 3157 414 3180 nos
435 3141 618 3178 habituros
632 3148 883 3191 exspectemus.
905 3135 974 3174 Sed
989 3149 1009 3173 o
1027 3146 1192 3185 magnam
1211 3130 1300 3168 ‹lesi-

350 3204 447 3241 (liam
472 3200 482 3240 l
504 3205 682 3248 Quantam
705 3200 800 3238 enim
826 3199 910 3235 hinc
927 3198 1104 3249 jacturam
1121 3193 1270 3231 facimus
1284 3193 1301 3228 ἶ)

351 3274 522 3314 quantum
544 3262 631 3300 lueri
653 3277 670 3299 e
697 3260 860 3299 manibus
879 3257 1006 3295 nostris
1029 3255 1196 3293 excedere
1223 3268 1300 3305 per-

353 3325 553 3363 mittimus?
573 3324 803 3361 Occasionem
819 3329 943 3357 nostra·
959 3317 1081 3355 salutis
1102 3331 1119 3353 a
1140 3317 1211 3353 Deo
1237 3328 1301 3351 no-

805 129 990 162 JOANMS
1025 125 1252 158 CHRYSOST
1261 144 1269 153 .

1309 123 1512 152 ARCHIEP.
1551 120 1896 152 CONSTANTINOP
1905 141 1912 151 ι

1347 204 1476 241 τίδοσιν
1507 204 1623 254 μόνον,
1644 205 1719 242 ἀλλ’
1739 204 1793 242 ἰ’να
1823 204 1883 241 καὶ
1915 205 1984 240 τῶν
2019 202 2198 241 ἀθανάτων
2231 201 2368 254 ἀγαθῶν

1347 264 1411 311 τὴν
1439 265 1632 302 ἀπόλαυσιν
1652 267 1786 307 ἑαυτοῖς
1814 262 2037 313 ἀποθώμεθα.
2063 263 2149 300 Ἐὰν
2176 264 2243 315 γὰρ
2268 268 2369 302 τοῦτο

1348 327 1520 375 ποιῶμεν,
1533 324 1770 376 ὓποδεξόμεθα
1779 325 1838 362 καὶ
1855 326 1958 374 ἡμεῖς
1974 324 2121 360 ἐνταῦθα
2136 322 2194 359 τὸν
2206 324 2370 375 Χριστὸν,

1349 384 1410 423 καὶ
1429 383 1631 428 ὑποδέξεται
1660 388 1753 436 ἡμᾶς
1772 384 1831 422 καὶ
1853 383 1955 427 αὐτὸς
1979 384 2014 420 ἐν
2041 388 2117 426 ταῖς
2138 389 2258 433 μοναῖς
2277 383 2370 421 ἐκεί-

1350 462 1423 490 ναις
1450 451 1526 489 ταῖς
1554 445 1830 496 ἡτοιμασμέναις
1851 451 1921 488 τοῖς
1953 446 2136 495 ἀγαπῶσιν
2166 444 2282 492 αὐτὸν,
2312 443 2372 482 καὶ

1352 506 1571 557 ἀκουσόμεθα
1598 509 1681 558 παρ’
1705 508 1828 544 αὐτοῦ·
1858 508 1967 543 Δεῦτε
2003 506 2035 542 οἳ
2065 505 2293 555 εὐλογημένοι
2311 508 2371 542 τοῦ

1351 568 1490 620 Πατρός
1510 582 1575 617 μου
1590 597 1603 613 ,
1620 566 1908 618 κληρονομήσατε
1928 565 1990 612 τὴν
2006 565 2270 615 ἡτοιμασμένην
2291 566 2372 615 ὑμῖν

1352 628 1532 681 βασιλείαν
1560 627 1629 665 ἀπὸ
1656 628 1855 674 καταὸολῆς
1882 627 2029 677 κόσμου.
2049 626 2153 669 Τίνος
2180 626 2294 664 ἕνεκεν
2314 626 2372 664 καὶ

1352 691 1409 728 διὰ
1428 690 1480 737 τίς
1502 688 1696 727 Ἔπείνασα
1711 688 1797 740 γὰρ,
1814 687 1873 726 καὶ
1898 687 2053 725 ἐδώκατέ
2069 702 2128 738 μοι
2141 693 2261 739 φαγεῖν
2276 702 2283 710 ·
2305 685 2373 724 ἐδί-

1352 753 1464 802 ψησα,
1490 749 1549 788 καί
1573 748 1759 787 ἐποτίσατέ
1782 764 1845 799 με·
1867 747 1957 793 ξένος
1990 747 2099 798 ἤμην,
2131 747 2190 785 καὶ
2221 746 2376 797 συνηγά-

1352 811 1431 863 γετέ
1451 827 1513 862 με·
1535 812 1569 848 ἐν
1589 805 1745 863 φυλακῇ,
1766 809 1824 847 καὶ
1845 808 2083 860 ἐπεσκέψασθέ
2104 824 2161 859 με.
2179 807 2226 845 Τί
2243 808 2372 845 τούτων

1353 871 1670 924 ἀνεπαχθέστερον;
1699 871 1760 917 Μὴ
1790 870 1857 922 γὰρ
1883 869 2047 913 ἐπέταξεν
2078 873 2162 921 ἡμῖν
2185 868 2375 921 περιεργά-

1353 937 1469 979 ζεσθαι
1488 933 1547 970 καὶ
1566 934 1869 984 πολυπραγμονεῖν
1893 930 1972 974 τοὺς
1998 933 2081 981 παρ’
2101 932 2202 981 ἡμῶν
2227 930 2375 981 μέλλον-

1353 1011 1414 1038 τας
1433 993 1703 1046 θεραπεύεσθαι;
1725 993 1775 1031 Σὺ
1805 993 1844 1030 τὸ
1871 996 2018 1040 σαυτοῦ,
2039 991 2157 1043 φησὶν,
2188 990 2376 1035 ἐπίδειξαι,

1354 1056 1417 1094 κᾶν
1439 1055 1580 1101 εὐτελὴς
1599 1049 1644 1106 ἦ,
1664 1054 1728 1091 κᾶν
1749 1053 2009 1105 ἀπερριμμένος
2029 1052 2120 1090 κατὰ
2149 1053 2188 1090 τὸ
2207 1052 2376 1103 φαινόμε-

1358 1134 1434 1156 νον·
1466 1117 1510 1155 τὰ
1541 1115 1608 1168 γὰρ
1637 1118 1684 1158 εἰς
1715 1115 1857 1158 τούτους
1885 1113 2051 1165 γινόμενα
2072 1113 2139 1164 ἐγὼ
2169 1115 2377 1163 οἷκειοῧμαι.

1355 1177 1423 1216 Διὰ
1440 1180 1543 1216 τοῦτο
1563 1175 1796 1228 προσέθηκεν·
1819 1175 1899 1226 Ἐφ’
1927 1174 2006 1212 ὅσον
2026 1173 2215 1219 ἐποιήσατε
2235 1173 2284 1211 ἑνὶ
2311 1176 2381 1211 τῶν

1357 1240 1514 1292 ἀδελφῶν
1547 1254 1612 1289 μου
1641 1240 1710 1275 τῶν
1740 1237 1948 1288 ἐλαχίστων,
1979 1235 2058 1286 ἐμοὶ
2086 1234 2288 1281 ἐποιήσατε.
2318 1234 2379 1281 Μὴ

1356 1299 1468 1338 τοίνυν
1485 1303 1545 1337 τοῦ
1567 1299 1635 1336 ἀπὸ
1653 1300 1714 1344 τῆς
1735 1297 1927 1350 φιλοξενίας
1946 1295 2112 1335 τοσούτου
2138 1295 2279 1348 κέρδους
2302 1297 2381 1334 ἐπι-

1357 1360 1540 1412 γενομένου
1559 1358 1894 1411 καταφρονήσωμεν,
1915 1357 2006 1395 ἀλλὰ
2022 1359 2099 1395 καθ’
2121 1356 2272 1403 ἑκάστην
2295 1356 2383 1407 ἡμέ-

1360 1439 1420 1475 ραν
1434 1421 1686 1473 ἐμπορεύεσθαι
1701 1419 1765 1466 τὴν
1779 1419 1890 1466 καλὴν
1902 1418 2033 1465 ταύτην
2049 1417 2219 1470 ἐμπορίαν
2237 1417 2384 1456 σπουδά-

1360 1486 1485 1534 ζωμεν,
1509 1482 1635 1525 εἰδότες
1663 1482 1716 1520 ὅτι
1735 1483 1752 1518 ὁ
1772 1480 1953 1526 Δεσπότης
1973 1482 1990 1517 ὃ
2005 1479 2174 1531 ἡμέτερος
2190 1478 2384 1530 προθυμίας

1361 1543 1554 1595 δαψίλειαν,
1570 1545 1607 1580 οὐ
1629 1542 1824 1593 βρωμάτων
1843 1541 1944 1592 ὄγκον
1966 1541 2130 1586 ἀπαιτεῖ,
2151 1542 2189 1577 οὗ
2209 1538 2383 1591 τράπεζαν

1361 1605 1536 1648 πολυτελῆ
1550 1633 1558 1649 ,
1581 1602 1671 1640 ἀλλὰ
1688 1601 1830 1652 γνώμην
1851 1600 1988 1653 ἱλαρὰν,
2003 1602 2040 1637 οὐ
2061 1599 2245 1651 θεραπείαν
2265 1601 2384 1642 ἁπλῶς

1361 1663 1425 1710 τὴν
1447 1664 1503 1701 διὰ
1522 1665 1590 1700 τῶν
1615 1662 1780 1714 ῥημάτων
1805 1661 1921 1712 μόνον,
1941 1660 2032 1699 ἀλλὰ
2050 1660 2109 1698 καὶ
2126 1659 2189 1706 τὴν
2209 1660 2277 1697 ἀπὸ
2297 1676 2385 1711 καρ-

1363 1723 1437 1767 δίας
1455 1723 1514 1761 καὶ
1534 1724 1738 1774 εἰλικρινοῦς
1758 1721 1909 1764 διανοίας
1933 1721 2085 1772 ἀγάπην.
2104 1720 2172 1758 Διὰ
2201 1724 2304 1758 τοῦτο
2324 1721 2386 1758 καί

1363 1801 1414 1828 τις
1439 1784 1542 1835 σοφὸς
1562 1783 1678 1833 ἔλεγε·
1698 1784 1871 1834 Κρεῖσσον
1892 1782 2011 1834 λόγος,
2031 1782 2053 1828 ἢ
2087 1781 2193 1824 δόσις.
2211 1780 2388 1824 Πολλάκις

1363 1845 1430 1897 γὰρ
1453 1845 1556 1896 λόγου
1587 1844 1754 1896 θεραπεία
1778 1843 1884 1881 πλέον
1917 1847 1979 1889 τῆς
2011 1841 2138 1885 δόσεως
2170 1842 2388 1888 ἀνεκτήσατο

1364 1907 1422 1945 τὸν
1443 1907 1618 1956 δεόμενον.
1641 1907 1766 1943 Ταῦτα
1786 1899 1842 1943 οὖν
1861 1904 1987 1947 εἰδότες
2007 1903 2183 1955 μηδέποτε
2201 1903 2387 1956 δυσχεραί-

1365 1984 1478 2020 νωμεν
1497 1968 1581 2019 πρὸς
1600 1966 1678 2011 τοὺς
1696 1967 1920 2020 προσιόντας·
1943 1968 2020 2004 ἀλλ’
2042 1966 2082 2003 ἂν
2105 1964 2167 2015 μὲν
2188 1965 2387 2016 δυνηθῶμεν

1365 2031 1646 2081 παραμυθεῖσθαι
1684 2031 1797 2066 αὐτῶν
1829 2028 1893 2075 τὴν
1927 2026 2062 2074 πενίαν,
2096 2030 2198 2064 τοῦτο
2233 2027 2388 2076 ποιῶμεν

1368 2090 1456 2142 μετὰ
1474 2097 1585 2142 χαρᾶς
1605 2089 1665 2128 καὶ
1683 2092 1814 2136 πολλῆς
1844 2093 1906 2136 τῆς
1925 2087 2134 2140 εὐφροσύνης
2146 2116 2156 2134 ,
2173 2089 2239 2139 οὐχ
2260 2089 2307 2130 ὡς
2324 2103 2390 2124 πα-

1369 2151 1544 2203 ρέχοντες,
1567 2151 1642 2186 ἀλλ’
1662 2153 1708 2192 ὡς
1727 2150 1771 2187 τὰ
1791 2149 1939 2200 μέγιστα
1959 2149 2194 2200 κερδαίνοντες
2207 2164 2215 2171 ·
2233 2151 2262 2186 εἰ
2282 2149 2318 2186 δὲ
2340 2148 2388 2199 μὴ

1369 2212 1563 2261 δυνάμεθα,
1583 2210 1630 2261 μὴ
1658 2210 1911 2263 τραχυνώμεθα
1938 2211 2023 2261 πρὸς
2050 2209 2191 2252 αὐτούς·
2210 2210 2300 2247 ἀλλὰ
2325 2210 2390 2247 κᾶν

1368 2272 1431 2320 τὴν
1460 2273 1515 2310 διὰ
1533 2276 1593 2309 τοῦ
1618 2271 1721 2323 λόγου
1752 2271 1937 2324 θεραπείαν
1966 2271 2192 2323 παρέχωμεν,
2212 2271 2271 2309 καὶ
2305 2271 2394 2317 μετὰ

1371 2333 1559 2376 ἐπιεικείας
1593 2334 1709 2377 αὐτοῖς
1742 2331 2026 2384 ἀποκρινώμεθα.
2048 2331 2151 2374 Τίνος
2182 2331 2249 2383 γὰρ
2282 2331 2395 2369 ἕνεκεν

1370 2395 1527 2448 τραχέως
1561 2397 1656 2446 αὐτῷ
1691 2394 1897 2446 προσφέρῃ,
1931 2393 1992 2440 Μὴ
2018 2393 2086 2445 γὰρ
2113 2393 2323 2444 ἀναγκάζει;
2346 2393 2394 2443 μὴ

1370 2457 1437 2507 γὰρ
1455 2455 1628 2506 βιάζεται,
1643 2454 1746 2499 Ἀξιοῖ
1758 2484 1768 2501 ,
1782 2453 1952 2499 ἱκετεύει,
1971 2455 2187 2506 παρακαλεῖ·
2203 2456 2221 2492 ὁ
2237 2454 2397 2492 δὲ’ταῧτα

1371 2519 1493 2564 ποιῶν,
1513 2519 1579 2568 οὐχ
1597 2515 1729 2568 ῧὸρεως
1750 2515 1854 2560 ἄξιος.
1875 2515 1922 2553 Τί
1946 2515 2056 2566 λέγω,
2078 2515 2165 2559 ἀξιοῖ
2191 2515 2249 2554 καὶ
2276 2531 2395 2567 παρα-

1373 2580 1490 2624 καλεῐ;
1510 2578 1628 2630 Μυρία
1643 2577 1848 2630 ἐπεύχεται,
1868 2577 1927 2615 καὶ
1941 2576 2056 2615 πάντα
2070 2580 2181 2614 ταῦτα
2198 2581 2291 2615 ποιεῖ
2307 2576 2395 2628 ὑπὲρ

1374 2641 1446 2683 ἑνὸς
1474 2640 1616 2686 ὂὸολοῧ,
1637 2639 1695 2677 καὶ
1728 2638 1806 2677 οὐδὲ
1835 2643 1954 2676 τοῦτον
1974 2636 2179 2689 προϊέμεθα.
2198 2637 2268 2676 Καὶ
2294 2637 2397 2680 ποίας

1374 2702 1414 2740 ἂν
1436 2702 1602 2754 τύχοιμεν
1624 2700 1854 2752 συγγνώμης,
1871 2698 1973 2737 ποίαν
1996 2699 2032 2738 δὲ
2061 2698 2232 2751 σχοίημεν
2264 2701 2398 2737 ἀπολο-

1373 2764 1469 2816 γίαν,
1490 2763 1586 2801 αὐτοὶ
1613 2762 1675 2813 μὲν
1695 2762 1786 2800 οὕτω
1817 2761 1895 2799 καθ’
1927 2760 2078 2808 ἑκάστην
2099 2759 2236 2812 ἡμέραν
2267 2761 2396 2812 δαψιλῆ

1373 2826 1547 2877 τράπεζαν
1578 2822 1946 2875 παρατιθέμενοι,καὶ
1977 2822 2147 2864 πολλάκις
2179 2820 2242 2867 τὴν
2275 2820 2398 2873 χρείαν

1374 2886 1660 2937 ὑπερῧαίνοντες,
1679 2883 1821 2926 ἐκείνοις
1845 2884 1880 2921 δὲ
1908 2883 1995 2934 μηδὲ
2015 2887 2074 2921 τοῦ
2104 2881 2268 2934 τυχόντος
2288 2897 2397 2931 μετα-

1375 2947 1547 2990 διδόντες,
1576 2945 1634 2983 καὶ
1661 2948 1771 2982 ταῦτα
1793 2944 1900 2996 μυρία
1921 2944 2035 2995 ἀγαθὰ
2063 2943 2119 2981 διὰ
2148 2942 2269 2980 τούτου
2297 2957 2398 2992 κομι*

1376 3007 1530 3057 ζόμενοι;
1552 3007 1641 3044 Ἀλλ’
1659 3005 1687 3043 ὦ
1708 3008 1770 3050 τῆς
1795 3007 1927 3051 πολλῆς
1945 3004 2126 3056 ῥᾳθυμίας.
2147 2999 2218 3042 Οἷα
2246 3002 2313 3055 γὰρ
2335 3006 2394 3041 ἀπ’

1376 3071 1482 3114 αὐτῆς
1503 3066 1740 3118 ζημιούμεθα,
1761 3066 1820 3103 καὶ
1839 3066 1918 3104 ὅσον
1938 3067 2056 3117 κέρδος
2075 3067 2114 3102 ἐκ
2127 3067 2194 3102 τῶν
2218 3064 2397 3116 ἡμετέρων

1375 3131 1501 3180 χειρῶν
1534 3128 1747 3180 προϊέμεθα;
1769 3127 1838 3165 Καὶ
1866 3126 1928 3173 τὴν
1955 3126 2117 3163 ὑπόθεσιν
2144 3127 2206 3170 τῆς
2225 3125 2399 3177 σωτηρίας

1374 3192 1475 3240 ἡμῶν
1492 3190 1555 3235 τὴν
1575 3189 1671 3240 παρὰ
1695 3192 1754 3226 τοῦ
1775 3191 1867 3227 Θεοῦ
1888 3191 1972 3238 ἡμῖν
2001 3191 2282 3239 παρασχεθεῖσαν
2310 3187 2396 3223 ἀπο-

1375 3250 1609 3301 πεμπόμεθα,
1647 3249 1723 3286 οὔτε
1756 3251 1950 3297 ἐννοοῦμεν,
1980 3248 2058 3286 οὔτε
2097 3247 2166 3297 μὴν
2191 3246 2397 3297 λογιζόμεθα

1375 3313 1450 3350 οὔτε
1483 3315 1547 3349 τῶν
1570 3310 1757 3360 &idapem->v
1787 3310 1824 3348 τὸ
1856 3310 2006 3355 εὐτελὲς,
2028 3309 2105 3346 οὔτε
2133 3308 2194 3354 τὴν
2223 3307 2309 3356 ὑπὲρ
2330 3309 2396 3343 τῶν
