2516 3791
343 165 437 211 (326
777 179 814 209 s.
856 177 1044 208 sommis
1081 173 1320 206 cnnrsosr.
1361 171 1566 202 Ancnffir.
1608 167 1967 201 CONSTANTINOP.

343 278 422 301 sum
438 263 563 313 Jacob,
578 270 611 300 et
629 261 809 301 osculatus
826 261 870 299 sit
886 273 980 309 eum,
1000 268 1034 296 et
1053 255 1235 295 induxerit
1256 255 1290 292 in
1364 256 1422 291 τοῦ
1451 252 1587 298 Adeone,
1621 252 1656 296 ὃς
1683 251 1800 306 πατὴρ
1829 254 1934 298 αὐτῆς
1962 251 2146 304 ἐτύγχανε,
2180 251 2301 303 φησὶν,
2332 250 2385 290 ὅτι
2471 197 2476 276 l

339 324 488 362 domum
507 337 620 362 suam.
1360 317 1470 351 ταῦτα
1491 312 1638 356 ἀκούσας
1658 313 1755 364 παρὰ
1777 315 1841 359 τῆς
1868 312 1991 366 κόρης,
2015 313 2176 365 Ἔδραμε
2195 311 2255 350 καὶ
2285 313 2386 355 αὐτὸς
2470 277 2482 412 l

1360 376 1406 418 εἷς
1429 374 1636 420 συνάντησιν
1664 378 1725 412 τοῦ
1745 373 1875 413 Ἰακὼὸ
1889 404 1898 421 ,
1927 375 1987 413 καὶ
2014 373 2261 425 ἀσπασάμενος
2284 375 2386 413 αὐτὸν

1361 436 1544 488 εἰσήγαγεν
1565 437 1612 479 εἰς
1632 435 1690 474 τὸν
1711 429 1804 474 οἷκον
1821 438 1936 474 αὐτοῦ.
2473 413 2480 480 l

385 510 421 545 9.
451 508 642 557 Postquam
669 512 788 541 autem
811 501 932 539 laban
958 499 1076 538 omnia
1100 498 1292 551 diligenter
1416 497 1486 536 Καὶ
1504 495 1623 548 μαθων
1639 499 1656 534 6
1673 495 1754 534 Aa?
1757 512 1796 533 αν
1814 496 1952 534 ἅπαντα
1962 498 2053 567 παρ’
2080 498 2183 534 αὐτοῦ
2199 497 2274 547 μετ’
2292 498 2390 548 ἀκρι-
2475 481 2481 512 l

177 570 252 609 Cap.
276 580 325 610 29·
340 567 467 606 didicit
483 568 528 604 ab
547 580 602 615 eo,
619 565 682 601 14.
700 565 827 609 Dixit,
847 561 974 613 inquit,
989 564 1046 599 ei:
1067 563 1132 599 Ex
1146 562 1292 599 ossibus
1314 570 1338 601 E
1362 558 1418 598 63¹
1389 575 1472 606 ιας,
1489 560 1592 606 Εἰπε,
1614 573 1730 620 φησιν,
1747 559 1862 609 αὐτῷ·
1880 560 1919 595 ἐκ
1938 559 2006 594 τῶν
2023 557 2152 595 ὀστέων
2182 571 2246 607 μου
2267 573 2327 595 και
2349 559 2388 595 ἐκ

342 632 435 667 meis
454 637 489 666 et
510 641 556 664 ez·
577 639 694 663 carne
719 638 804 661 mea
822 637 860 662 es
884 621 1101 661 tu.Sor01is
1118 621 1293 672 inquit,
1361 623 1430 658 τῶν
1446 621 1585 671 σαρκῶν
1606 635 1672 692 μου
1696 622 1724 656 εἰ
1740 618 1792 656 σύ.
1814 620 1890 664 Τῆς
1912 618 2082 669 ἀδελφῆς,
2103 617 2205 669 φησὶ,
2220 631 2284 663 της
2303 619 2390 668 ἐμῆς

341 703 424 727 meae
440 702 521 726 cum
539 687 585 724 sis
604 685 715 735 filius,
736 685 828 723 nihil
843 683 943 722 aliud
958 697 1066 735 quam
1083 697 1162 721 caro
1175 691 1293 720 nostra
1361 697 1402 718 τυ
1405 679 1544 733 (spivum
1572 679 1660 727 υἱὸς,
1686 678 1779 718 οὐδὲν
1805 679 1934 730 ἕτερον,
1960 677 1986 727 ἢ
2010 678 2097 730 σὰρξ
2125 681 2227 729 ἡμῶν
2251 677 2388 730 τυγχά-

340 764 376 787 cs
407 758 440 787 et
460 749 567 786 frater
583 756 711 785 noster.
728 747 782 784 Et
808 754 891 783 erat
912 759 999 783 cum
1014 758 1071 791 eo,
1092 743 1220 795 inquit,
1243 744 1296 781 ad
1365 757 1452 786 νεις,
1468 740 1527 778 καὶ
1550 741 1694 793 ἀδελφὸς
1707 740 1890 793 ἡμέτερος.
1913 739 1982 778 Καὶ
1998 734 2039 786 ἦν
2062 742 2136 790 μετ’
2154 741 2272 787 αὐτοῦ,
2292 738 2391 791 φησὶ,

340 823 508 848 mensem
535 811 698 846 dierum.
726 806 818 844 Dein
837 805 939 857 quasi
968 805 1003 843 in
1022 805 1129 843 domo
1151 805 1296 856 propria
1371 806 1465 854 μῆνα
1483 803 1635 855 ἡμερῶν.
1657 802 1787 840 Λοιπὸν
1808 803 1854 844 ὡς
1873 803 1907 840 ἐν
1932 801 2026 854 οἰκία
2050 800 2133 854 ἰδία,
2154 800 2247 839 οὕτω
2272 801 2390 851 διῆγεν

339 870 437 923 apud
454 884 538 908 eum
558 867 739 921 impavide
758 876 792 905 ct
810 867 855 904 ab
871 865 967 904 omni
988 879 1073 903 cura
1099 865 1190 902 liber
1215 878 1296 915 age-
1364 867 1382 902 6
1402 863 1532 908 δίκαιος
1545 893 1554 910 ,
1575 866 1609 902 ἐν
1632 863 1730 916 ἀδείᾳ
1749 863 1929 915 τυγχάνων
1949 863 2008 901 καὶ
2022 862 2137 910 πάσης
2157 861 2390 912 ἀπηλλαγμέ-

339 932 415 969 bat.
435 932 612 969 Caeterum
629 930 799 980 quoniam
813 928 910 965 Deus
931 935 1018 974 erat,
1036 925 1098 976 qui
1118 924 1235 963 omnia
1252 924 1297 962 ad
1365 942 1420 969 νος
1436 925 1624 978 φροντίδος.
1644 925 1736 963 Ἀλλ’
1758 924 1877 972 ἐπειδὴ
1904 925 1993 968 Θεὸς
2012 919 2053 971 ἦν
2071 927 2088 962 6
2108 924 2152 962 τὰ
2167 923 2283 962 πάντα
2308 922 2393 974 πρὸς

341 993 533 1031 utilitatem
545 992 655 1044 hujus
668 989 756 1043 justi
775 988 1016 1041 dispensabat,
1036 987 1115 1025 etin
1132 986 1298 1024 omnibus
1364 988 1405 1025 τὸ
1436 985 1609 1038 συμφέρον
1640 987 1831 1037 οἰκονομῶν
1869 988 1920 1038 τῷ
1953 985 2080 1037 δικαίῳ
2110 984 2240 1037 τούτῳ,
2271 983 2331 1022 καὶ
2358 985 2392 1021 ἐν

339 1056 373 1094 ei
393 1069 495 1093 suam
513 1052 695 1106 praebebat
713 1049 996 1103 cooperationem
1010 1079 1019 1096 ‚
1040 1048 1114 1101 ipse
1134 1047 1299 1085 alacrita-
1367 1047 1497 1085 ἅπασιν
1528 1048 1624 1098 αὐτῷ
1660 1045 1723 1093 τὴν
1754 1047 1839 1097 παρ’
1876 1049 2000 1084 ἑαυτοῦ
2035 1045 2216 1098 συνεργίαν
2235 1043 2393 1097 ,χαριζό-

341 1126 412 1154 tem
427 1116 550 1154 Laban
570 1113 768 1151 excitaxit:
793 1121 825 1150 et
852 1126 875 1149 x
868 1110 979 1148 idens
998 1109 1068 1148 vni
1096 1118 1299 1147 mansuetu·
1369 1124 1481 1159 μενος,
1501 1100 1597 1150 οὗτος
1617 1107 1751 1144 καὶτοῦ
1772 1106 1894 1145 Λάὲαν
1912 1107 1975 1154 τὴν
1998 1105 2195 1159 προθυμίαν
2223 1105 2393 1157 διήγειρε,

340 1177 485 1225 dinem,
522 1175 609 1214 dicit
635 1174 667 1212 ei
693 1175 785 1211 215.
819 1174 1011 1223 Quoniam
1043 1174 1146 1209 enim
1171 1172 1301 1223 frater
1367 1169 1427 1207 καὶ
1445 1171 1533 1221 ὁρῶν
1556 1184 1615 1206 του
1633 1168 1753 1243 ἀνδρὸς
1768 1167 1831 1215 τὴν
1852 1167 2054 1214 ἐπιείκειαν,
2069 1184 2154 1221 φησι
2170 1167 2256 1218 πρὸς
2271 1166 2393 1204 αὐτόν·

343 1251 447 1275 meus
462 1251 499 1276 es
514 1246 569 1283 tu,
589 1249 666 1273 non
676 1249 737 1273 ser
741 1237 816 1272 vies
842 1234 937 1271 mihi
949 1235 1093 1285 gratis.-
1109 1233 1171 1269 dic
1188 1233 1296 1277 mihi,
1323 1247 1348 1275 Α
1368 1228 1454 1268 εὈτι
1481 1228 1548 1281 γαρ
1576 1229 1669 1266 ἀδε)
1652 1228 1722 1281 φύς
1741 1244 1806 1279 μου
1828 1233 1858 1266 εἰ
1883 1246 1941 1276 συ,
1962 1231 2000 1267 οὗ
2027 1227 2219 1271 δουλεύσεις
2250 1243 2310 1279 μοι
2332 1228 2397 1265 δω-

343 1313 427 1350 quoe
440 1311 581 1336 merces
599 1305 667 1334 tua
683 1299 746 1334 sit.
762 1294 857 1334 Vide
872 1292 1072 1344 quomodo
1064 1307 1139 1345 1pse
1156 1291 1301 1343 quidem
1373 1290 1476 1343 ρεάν·
1497 1290 1711 1341 ἀπάγγειλόν
1733 1306 1811 1340 μοι,
1831 1289 1883 1334 τίς
1901 1293 1919 1328 6
1941 1289 2061 1340 μισθός
2080 1288 2140 1328 σού
2167 1292 2272 1328 ἐστιν.
2298 1287 2395 1340 εὈρα

342 1359 483 1411 petebat
501 1358 614 1404 nihil,
647 1356 768 1394 Laban
799 1364 918 1393 autem
939 1369 957 1392 a
981 1368 1016 1392 se
1040 1354 1108 1391 hoc
1137 1353 1305 1405 proponit
1370 1354 1445 1395 πῶς
1471 1350 1532 1402 μὲν
1558 1351 1659 1394 αὐτὸς
1679 1350 1889 1398 ἐπεζήτησεν
1910 1350 2023 1398 οὐδὲν,
2041 1354 2058 1389 6
2078 1350 2113 1388 δὲ
2139 1349 2262 1388 Λάὸαν
2294 1349 2395 1401 μόνον

161 1454 269 1481 Omma
290 1452 331 1479 se
340 1421 447 1473 justo.
466 1419 512 1457 Et
530 1417 695 1467 attende,
710 1416 854 1455 obsecro
866 1414 1077 1467 ‚quomodo
1098 1414 1155 1451 cui
1179 1413 1303 1452 dixina
1373 1415 1430 1465 ἀφ’
1459 1415 1581 1451 ἑαυτοῦ
1602 1417 1700 1450 τοῦτο
1727 1412 1913 1464 προτίθησι
1934 1415 1984 1464 τῷ
2009 1411 2143 1464 δικαίῳ.
2176 1411 2246 1450 Καὶ
2274 1410 2398 1449 σκόπει

145 1497 244 1523 uester
268 1504 332 1521 sue·
345 1496 470 1519 manus
484 1480 631 1530 assistit,
651 1479 680 1517 ei
696 1478 816 1517 omnia
829 1447 977 1515 feliciter
997 1475 1196 1515 succedant.
1215 1477 1305 1513 Νοη
1375 1490 1434 1525 μοι
1452 1477 1538 1521 πῶς,
1558 1473 1697 1512 ἐπειδὰν
1723 1475 1790 1512 ὑπὸ
1816 1476 1878 1520 τῆς
1905 1474 2034 1512 ἄνωθεν
2052 1472 2168 1527 χειρός
2191 1489 2244 1517 τις
2271 1475 2398 1523 βοηθῆ-

145 1537 334 1606 ῑὶζὴιῑιῖῑῡοῑς
346 1545 490 1581 servies
513 1510 631 1587 mihi:
642 1540 770 1591 inquit,
788 1541 937 1591 gratits
954 1539 1087 1575 indica
1108 1538 1204 1574 mihi
1220 1550 1305 1589 (μία)
1371 1551 1448 1583 ται,
1467 1535 1583 1573 πάντα
1608 1537 1699 1588 αὐτῷ
1719 1534 1810 1573 κατα
1832 1538 1910 1586 ροῧν
1935 1534 2104 1588 πρόεισιν.
2129 1535 2183 1572 Οὐ
2207 1533 2398 1577 δουλεύσεις

144 1590 241 1660 jlufffl
348 1616 490 1640 merces
519 1611 587 1639 tua
616 1604 680 1639 sit
715 1598 891 1646 Quamvis
920 1598 1044 1635 heatus
1077 1597 1138 1635 illc
1167 1610 1305 1648 magnae
1375 1612 1454 1647 μοι,
1479 1597 1562 1647 φησὶ
1600 1595 1759 1649 δωρεάν·
1791 1595 2002 1648 ἀπάγγειλόν
2037 1611 2113 1646 μοι,
2143 1595 2194 1638 τίς
2227 1599 2245 1634 6
2279 1594 2399 1645 μισθός

346 1663 503 1701 caritatis
524 1663 601 1700 loco
620 1662 766 1699 haberet
784 1660 843 1698 vel
869 1659 1078 1711 simpliciter
1096 1657 1305 1709 quotidiano
1373 1656 1434 1695 σού
1463 1657 1547 1694 ἐστι.
1577 1657 1700 1694 Καίτοι
1731 1658 1922 1708 ἀγαπητῶς
1948 1672 1977 1693 ει
1979 1672 2039 1708 χεν
2059 1660 2077 1694 6
2097 1655 2266 1708 μακάριος
2285 1659 2399 1701 οὗτος,

348 1725 516 1763 alimento
532 1723 616 1773 frui,
636 1723 857 1771 multamque
871 1734 935 1773 pro
954 1734 994 1758 co
1010 1719 1161 1771 gratiam
1181 1718 1306 1756 redde-
1374 1717 1434 1754 καὶ
1463 1717 1502 1754 τὸ
1527 1718 1646 1760 ἁπλως
1672 1720 1733 1763 τῆς
1755 1717 1929 1769 ἐφημέρου
1958 1720 2087 1770 τροφ7ς
2115 1715 2320 1763 ἀπολαύειν,
2340 1716 2400 1753 καὶ

347 1795 425 1824 ret:
456 1799 581 1824 verum
610 1784 695 1835 quia
721 1783 851 1821 miram
877 1781 1133 1819 humanitatem
1166 1794 1241 1832 prae
1270 1794 1306 1818 se
1373 1778 1506 1825 πολλὴν
1535 1778 1594 1816 καὶ
1619 1778 1707 1829 ὑπὲρ
1735 1778 1857 1817 τούτου
1881 1778 2003 1825 ἤθελεν
2031 1780 2124 1830 αὐτῷ
2151 1777 2253 1831 χάριν
2286 1777 2399 1829 ἔχειν·

346 1847 478 1885 serebat
492 1877 502 1896 ‚
533 1846 613 1884 ideo
648 1845 769 1883 Laban
798 1843 996 1882 mercedem
1027 1842 1058 1880 ei
1088 1842 1303 1895 pollicetur,
1374 1841 1451 1877 ἀλλ’
1474 1838 1592 1886 ἐπειδὴ
1614 1840 1714 1883 αὐτὸς
1739 1839 1872 1887 πολλὴν
1892 1839 1954 1886 τὴν
1975 1838 2162 1878 ἐπιείκειαν
2187 1837 2399 1886 ἐπεδείξατο,

345 1923 456 1960 quam
476 1909 551 1960 ipse
572 1906 810 1960 proposuerit.
830 1904 928 1951 Quid
948 1904 1059 1955 igitur
1074 1903 1217 1956 justus?
1233 1902 1303 1942 Vi·-
1374 1899 1561 1952 προλαὸὼν
1577 1902 1594 1937 6
1612 1900 1735 1938 Λάὸαν
1754 1901 1874 1951 μισθὸν
1892 1901 1987 1952 αὐτῷ
2000 1900 2151 1939 τελέσειν
2167 1903 2400 1954 ὑπισχνεῖται,

346 1970 401 2020 (le,
417 1970 574 2018 obsecro,
594 1978 628 2006 et
646 1968 705 2005 hic
720 1967 950 2005 excellentem
964 1966 1039 2017 ejus
1058 1964 1302 2017 sagacitatem,
1327 1992 1351 2022 B
1374 1962 1410 2000 ὃν
1440 1961 1479 2000 ἂν
1502 1962 1602 2006 αὐτὸς
1622 1965 1748 2015 προΟῇ.
1766 1962 1813 2000 Τί
1833 1956 1890 2000 οῧν
1913 1966 1930 2001 ὃ
1950 1962 2100 2010 δίκαιος;
2125 1962 2222 2016 “Ὀρα
2254 1979 2312 2014 μοι
2341 1962 2402 2000 καὶ

346 2041 381 2069 ct
424 2030 605 2082 quomodo
647 2030 783 2067 nullam
826 2026 1156 2079 congregandarum
1196 2041 1307 2079 opum
1375 2026 1523 2061 ἐνταῦθα
1543 2026 1605 2069 τ’ῆς
1626 2024 1794 2067 συνέσεως
1813 2026 1916 2062 αὐτοῦ
1934 2027 1997 2071 τῆν
2014 2024 2210 2077 ὑπερὸολὴν
2223 2053 2232 2071 ,
2253 2024 2311 2062 καὶ
2328 2026 2402 2067 πῶς

349 2092 514 2130 hahuerit
544 2106 678 2129 curam.
710 2092 789 2129 Non
819 2089 913 2128 enim
945 2089 1037 2127 sicut
1069 2088 1307 2127 mercenarius
1375 2085 1537 2136 οὐδεμίαν
1567 2084 1643 2137 ἔχει
1670 2084 1750 2138 περὶ
1776 2085 1971 2138 χρημάτων
2000 2084 2172 2136 συλλογὴν
2201 2084 2401 2136 ἐπιθυμίαν,

349 2153 477 2203 aliquis
497 2167 578 2190 cum
611 2152 732 2189 Laban
765 2150 951 2198 convenit,
971 2159 1005 2187 et
1029 2163 1173 2201 operam
1205 2163 1306 2186 suam
1376 2146 1453 2184 οὐδὲ
1475 2146 1633 2197 καθάπερ
1663 2146 1833 2196 μισθωτός
1857 2162 1908 2189 τις
1928 2146 2207 2198 ἀκριὸολογεῖται
2231 2147 2317 2200 πρὸς
2343 2146 2401 2184 τὸν

349 2214 580 2266 exquisitiore
600 2212 759 2250 mercede
777 2212 884 2261 locat,
906 2219 938 2248 et
959 2210 1060 2248 aliud
1076 2210 1165 2261 quid
1183 2210 1272 2262 petit
1295 2226 1303 2246 :
1324 2236 1327 2238 >
1377 2207 1515 2252 Λάὸαν,
1533 2207 1592 2244 καὶ
1612 2206 1727 2259 ἕτερόν
1747 2222 1781 2243 τι
1803 2209 1966 2255 ἀπαιτεῖ,
1988 2207 2077 2245 ἀλλὰ
2098 2207 2318 2258 μεμνημένος
2341 2211 2402 2254 τῆς

351 2277 413 2314 sed
442 2289 577 2314 memor
604 2273 727 2311 matris
762 2282 796 2311 et
825 2281 1084 2325 praeceptorum
1114 2270 1240 2323 patris,
1274 2280 1308 2308 et
1377 2269 1506 2320 μητρὸς
1526 2267 1586 2304 καὶ
1601 2270 1669 2304 τῶν
1693 2269 1839 2305 ἐντολῶν
1865 2271 1924 2305 τοῦ
1940 2268 2092 2320 πατρὸς,
2114 2268 2173 2305 καὶ
2194 2272 2255 2315 τῆς
2274 2269 2403 2313 οἰκείας

351 2337 541 2376 mirificam
561 2334 813 2374 continentiam
832 2347 904 2385 prae
921 2346 958 2370 se
979 2332 1106 2382 ferens,
1126 2331 1215 2369 dicit
1241 2333 1308 2369 La·
1377 2327 1601 2382 σωφροσύνης
1633 2327 1764 2371 δεικνὺς
1792 2327 1854 2374 τὴν
1883 2328 2100 2380 ὑπερὸολὴν,
2127 2329 2211 2381 φησὶ
2236 2330 2322 2381 πρὸς
2344 2330 2402 2368 τὸν

351 2399 444 2436 bano
474 2413 481 2433 :
517 2396 581 2435 18.
614 2396 787 2434 Serviam
822 2395 892 2431 tibi
919 2401 1059 2444 septem
1096 2395 1210 2430 annis
1239 2406 1308 2444 pro
1378 2389 1525 2428 Λάίαν·
1555 2389 1738 2427 Δουλεύσω
1771 2405 1824 2427 σοι
1855 2389 1946 2428 ἑπτὰ
1974 2390 2034 2437 ἔτη
2063 2390 2144 2443 περὶ
2171 2390 2311 2444 Ῥαχὴλ
2341 2393 2405 2437 τῆς

356 2458 607 2510 Rachelfilia
638 2465 705 2494 tua
724 2457 895 2508 juniore.
918 2454 1018 2491 Hanc
1043 2453 1137 2491 enim
1158 2468 1241 2491 mox
1270 2463 1309 2490 ut
1379 2452 1546 2506 Ουγατρός
1573 2467 1633 2488 σου
1665 2455 1727 2497 τ·7,ς
1757 2452 1936 2505 νεωτέροις.
1967 2451 2110 2499 Ταύτην
2136 2452 2204 2506 γὰρ
2233 2453 2267 2497 ἐξ
2293 2456 2404 2506 ἀρχῆς

352 2520 449 2573 apud
475 2520 607 2557 fontem
635 2516 737 2566 vidi,
762 2515 895 2554 amavi.
919 2515 966 2553 Et
991 2515 1074 2554 vide
1094 2515 1307 2553 benevolen—
1379 2514 1591 2564 Οεασάμενος
1613 2512 1671 2550 ἐπὶ
1688 2516 1746 2551 τοῦ
1774 2513 1930 2565 φρέατος,
1957 2513 2140 2564 ἠγάπησα.
2164 2514 2234 2552 Καὶ
2258 2515 2322 2567 ὅρα
2343 2517 2402 2553 εὐ-

353 2582 439 2619 tiam
458 2581 539 2620 viri.
562 2578 712 2630 sibiipsi
728 2587 762 2615 et
779 2586 918 2629 tempus
938 2576 1148 2628 praescribit,
1163 2585 1195 2613 et
1211 2584 1308 2613 tanto
1331 2597 1354 2628 C
1378 2574 1602 2627 γνωμοσύνην
1632 2574 1763 2626 ἀνδρὸς.
1793 2573 1932 2626 Ἑαυτῷ
1963 2574 2022 2612 καὶ
2048 2575 2105 2613 τὸν
2134 2575 2257 2627 χρόνον
2282 2576 2404 2629 ὁρίζει,

354 2653 509 2694 tempore
535 2639 714 2678 sufficiens
732 2647 982 2690 argumentum
998 2651 1068 2675 suae
1088 2637 1309 2675 continentia*
1380 2636 1439 2674 καὶ
1456 2635 1512 2674 διὰ
1531 2639 1589 2673 τοῦ
1610 2635 1736 2687 χρόνου
1759 2637 1826 2672 τῶν
1847 2637 1932 2673 ἐτῶν
1953 2636 2075 2682 ἱκανὴν
2098 2636 2248 2687 βάσανον
2266 2640 2328 2683 τῆς
2349 2640 2403 2675 οἰ-

356 2704 499 2756 praebct.
532 2702 580 2740 Et
612 2700 701 2752 quid.
734 2699 925 2738 admiraris
942 2729 953 2750 ,
977 2698 1106 2737 dilecte
1122 2729 1133 2749 ,
1163 2698 1309 2737 audiens
1379 2698 1473 2740 κείας
1496 2696 1720 2749 σωφροσύνης
1746 2697 1907 2749 παρέχει.
1940 2697 2009 2735 Καὶ
2029 2697 2063 2735 τί
2083 2698 2286 2748 θαυμάζεις,
2314 2702 2403 2749 ιάἰγαἁ

355 2779 434 2803 cum
459 2773 592 2816 septem
611 2762 712 2800 annis
729 2775 765 2799 se
789 2761 1006 2799 serviturum
1023 2759 1226 2813 promisisse
1244 2775 1310 2812 pro
1380 2759 1490 2806 πητὲ,
1508 2758 1640 2797 ἀκούων
1660 2758 1712 2796 ὅτι
1730 2758 1819 2796 ἑπτὰ
1838 2757 1897 2805 ἔτη
1925 2759 2094 2796 δουλεύειν
2120 2759 2293 2812 ὑπέσχετο
2318 2760 2404 2812 ὑπὲρ

356 2826 482 2864 dilecta
499 2824 642 2877 puella?
657 2823 809 2862 Utenim
823 2821 983 2860 ostendat
999 2821 1099 2859 nobis
1113 2821 1310 2873 Scriptura,
1379 2823 1439 2866 τῆς
1457 2819 1692 2871 ἀγαπωμένης
1707 2820 1830 2872 κόρης,
1846 2818 1925 2857 Ἵνα
1943 2819 2009 2871 γὰρ
2028 2821 2118 2873 δείξῃ
2135 2825 2156 2868 ἡ
2174 2821 2248 2859 Οεία
2263 2821 2402 2874 Γραφὴ,

355 2885 532 2938 quomodo
552 2899 650 2923 amor
671 2898 821 2935 magnus
847 2893 881 2921 et
904 2883 1061 2921 laborem
1080 2891 1111 2920 ct
1141 2882 1309 2934 temporis
1380 2881 1472 2924 ὅπως
1494 2885 1510 2919 6
1530 2881 1632 2924 πόθος
1663 2885 1680 2920 6
1707 2879 1814 2924 πολὺς
1842 2881 2031 2932 ἐπετὲμετο
2064 2881 2122 2920 καὶ
2156 2881 2214 2919 τὸν
2247 2883 2406 2932 κάματον

357 2947 614 2997 longitudinem
646 2945 796 2983 succidit
813 2976 821 2994 ,
855 2954 887 2983 et
920 2955 957 2982 ut
988 2944 1097 2982 breve
1128 2943 1310 2983 videretur
1382 2944 1473 2993 αὐτῷ
1489 2942 1547 2979 καὶ
1566 2946 1625 2980 τοῦ
1645 2942 1770 2993 χρόνου
1788 2942 1826 2980 τὸ
1843 2945 1970 2991 μῆκος,
1988 2943 2073 2994 φησί
2090 2959 2097 2966 ·
2118 2943 2188 2981 Καὶ
2207 2943 2406 2982 ἐδούλευσεν

358 3009 485 3056 effecit,
500 3008 686 3045 di‹*it:⁹20.
705 3009 755 3044 Et
773 3009 928 3045 servivit
941 3007 1064 3044 Jacob
1078 3020 1148 3057 pro
1162 3006 1309 3043 Rachel
1386 3003 1513 3041 'lme-›C‘
1548 3004 1628 3054 περὶ
1657 3003 1797 3055 Ῥαχὴλ
1822 3003 1912 3041 ἑπτὰ
1938 3003 2016 3051 ἔτη,
2044 3004 2103 3041 καὶ
2135 2999 2224 3051 ἦσαν
2254 3005 2405 3043 ἐναντίον

358 3073 473 3109 annis
492 3077 633 3121 septem
649 3100 660 3116 ‚
686 3077 719 3106 et
741 3077 851 3106 erant
882 3081 1012 3105 coram
1034 3081 1077 3104 eo
1097 3068 1209 3119 quasi
1228 3067 1309 3105 dics
1384 3067 1488 3103 αὐτοῦ
1508 3068 1553 3108 ὡς
1572 3064 1700 3118 ἡμέραι
1721 3065 1855 3116 ὀλίγαι,
1880 3065 1976 3117 παρὰ
1998 3065 2038 3102 το
2057 3068 2195 3117 ἀγαπᾷν
2221 3066 2320 3103 αὐτὸν
2345 3068 2405 3104 αὐ-

357 3134 486 3184 Jumci,
515 3146 558 3168 eo
579 3131 682 3183 quod
702 3133 780 3181 ipse
796 3131 908 3167 illam
931 3130 1120 3181 diligeret.
1144 3128 1308 3181 Septem,
1383 3126 1458 3173 τήν.
1479 3126 1523 3163 ‘0
1544 3129 1611 3164 τῶν
1625 3125 1726 3172 ἑπτὰ,
1742 3127 1864 3178 φησὶν,
1879 3128 1964 3164 ἐτῶν
1986 3127 2129 3178 ἀριθμὸς
2144 3127 2259 3178 ὀλίγαι
2278 3127 2407 3180 ἡμέραι

361 3193 494 3245 inquit,
513 3191 723 3243 anni‚pauci
747 3191 823 3228 dics
842 3190 1059 3229 videbantur
1073 3189 1118 3227 ol)
1133 3189 1309 3241 ingentem
1382 3187 1580 3237 ἐνομίζοντο
1608 3187 1665 3225 διὰ
1693 3187 1756 3233 τὴν
1784 3187 1925 3238 ἀγάπην
1947 3186 2010 3234 τὴν
2038 3187 2323 3239 ὑπερῧάλλουσαν
2344 3188 2407 3235 τὴν

359 3269 442 3306 erga
462 3253 617 3306 puellam
636 3265 802 3289 amorem.
823 3250 975 3298 Quando
1003 3251 1096 3289 enim
1118 3251 1199 3302 quis
1229 3264 1308 3288 sau-
1335 3266 1358 3295 ῃ
1384 3248 1463 3300 περὶ
1482 3247 1545 3294 τὴν
1574 3247 1692 3299 κόρην.
1713 3247 1827 3286 “O-:cxv
1848 3248 1916 3301 γὰρ
1935 3251 2049 3301 τρωθῇ
2077 3265 2129 3292 τις
2154 3252 2204 3302 τῷ
2234 3249 2329 3302 πόθῳ
2347 3252 2408 3295 τῆς

363 3316 477 3353 ciatur
496 3313 653 3353 caritatis
668 3312 852 3362 desiderio,
870 3312 960 3350 nihil
978 3311 1127 3351 difficile
1148 3321 1279 3365 spectat
1299 3327 1306 3347 t
1386 3308 1541 3360 ἀγάπης,
1575 3309 1670 3347 οὐδὲν
1698 3313 1761 3362 ὁρᾷ
1781 3312 1849 3347 τῶν
1876 3311 2073 3362 δυσχερῶν,
2106 3311 2182 3348 ἀλλ’
2205 3311 2294 3364 ἅπερ
2319 3310 2360 3348 ἂν
2387 3306 2408 3362 ἦ

364 3377 422 3415 sod
453 3377 487 3415 id
520 3374 615 3427 quod
643 3374 747 3413 suerit
770 3374 911 3426 plenum
943 3374 1110 3426 periculis
1137 3384 1168 3413 et
1198 3374 1308 3412 multu
1385 3375 1550 3413 κινδύνων
1589 3376 1717 3426 μεστὰ.
1747 3377 1804 3415 καὶ
1840 3378 1970 3424 πολλῆς
2003 3377 2121 3428 ἑτέρας
2152 3378 2409 3428 ταλαιπωρίας,
