2516 3791
143 2599 224 2626 Dan.
237 2596 326 2635 3.93.

321 171 414 216 582
745 185 783 215 s.
821 184 1004 215 Jomms
1038 180 1279 212 cuanosr·
1318 177 1522 208 Asterum».
1559 178 1911 223 cousgrAuTiNor.

2352 261 2359 275 ἱ

321 269 384 320 git.
412 268 516 306 Forte
545 274 663 304 autem
688 265 833 304 edoctus
860 275 951 314 erat,
968 273 1105 316 patrem
1132 274 1274 312 quoque
1342 264 1444 298 τοῦτο
1457 261 1497 298 τὸ
1511 261 1629 313 δρᾶμα
1643 262 1910 305 κατασκευάσας
1919 262 2083 300 διέσωσεν
2096 261 2228 309 ἑαυτὸν,
2243 262 2302 300 καὶ
2314 262 2370 300 δια

320 329 428 367 talem
442 329 604 366 fabulam
618 336 857 365 commentum
872 326 922 364 sic
937 324 1043 363 saluti
1058 337 1129 361 suae
1148 336 1274 359 consu-
1344 323 1445 358 τοῦτο
1464 320 1522 358 καὶ
1546 321 1647 364 αὐτὸς
1665 320 1797 368 ταύτην
1817 316 1901 368 ἦλθε
1921 321 1984 368 τὴν
2003 321 2092 360 ὁδόν.
2126 322 2218 360 Ἀλλ’
2236 325 2253 359 ὁ
2271 325 2372 372 βασι-

320 390 447 437 luisse,
468 390 570 441 cujus
589 389 687 427 viam
701 398 733 426 et
758 388 834 439 ipse
851 394 1020 436 sequutus
1037 392 1099 422 est.
1122 383 1192 421 Sed
1212 396 1276 419 rex
1344 379 1422 423 λεὺς
1447 380 1588 418 ἔναυλον
1614 381 1703 433 ἔχων
1723 382 1785 429 τὴν
1808 383 1951 433 μνήμην
1974 377 2022 420 ὧν
2045 383 2214 422 πέπονθεν
2237 383 2294 421 ἐπὶ
2315 388 2374 420 τοῦ

323 451 441 488 adhuc
470 464 604 488 memor
631 463 753 486 eorum
778 462 855 498 quae
883 456 1040 498 tempore
1067 443 1277 497 patriarchae
1345 442 1566 494 πατριάρχου
1594 441 1657 489 τὴν
1693 443 1835 496 Σάῤῥαν
1873 444 2098 495 ἀφελόμενος,
2128 447 2376 496 ι’Ξῑπαραχρῑῆμοι

322 521 423 563 rapta
441 512 545 547 Sarra
564 523 688 561 passus
709 509 844 552 fuerat,
864 507 985 544 statim
1003 506 1050 543 ob
1076 504 1279 556 castigatio·
1347 501 1413 539 ὑπὸ
1430 505 1493 548 τῆς
1512 502 1643 540 ἄνωθεν
1664 504 1900 554 ἐπιτιμήσεως
1919 504 2038 542 ἑαυτὸν
2060 504 2242 542 ὑπεύθυνον
2263 520 2377 542 κατα-

321 586 402 609 nem
426 571 512 608 olim
535 569 712 606 immisam
732 583 768 606 se
788 582 889 605 reum
915 567 1156 615 constituens,
1182 565 1278 603 dixit
1297 579 1321 609 E
1348 562 1492 610 στήσας,
1514 562 1599 614 φησὶ
1616 563 1703 616 πρὸς
1718 564 1838 602 αὐτόν·
1857 563 1905 602 Τί
1919 570 2020 602 τοῦτο
2034 564 2220 611 ἐποίησας;
2241 566 2378 617 Μικροῧ

322 631 377 669 illi
396 647 404 667 τ
426 632 492 668 10.
510 631 590 668 Cur
605 631 846 683 hoc-fecisti?
861 631 1012 667 Parum
1038 629 1166 681 algfnit
1182 630 1279 680 quin
1349 624 1522 675 ἐκοιμήθη
1541 641 1593 668 τις
1621 630 1681 663 τοῦ
1707 624 1824 675 γένους
1853 641 1918 676 μου
1940 625 2028 676 μετὰ
2041 629 2104 673 τῆς
2125 625 2286 678 γυναικός
2305 642 2376 674 σου,

322 692 568 730 concubuerit
610 693 803 742 quispiam
834 691 881 727 de
909 704 1048 741 genere
1077 703 1160 727 meo
1191 703 1279 727 cum
1348 684 1407 723 καὶ
1427 685 1599 738 ἐπήγαγες
1620 686 1660 723 ἂν
1677 686 1730 738 ἐφ’
1745 690 1839 737 ἡμᾶς
1854 687 2008 738 ἄγνοιαν.
2028 686 2182 734 Ταύτην,
2199 686 2297 738 φησὶ,
2313 685 2378 732 τὴν

323 766 442 790 uxore
468 761 549 798 tua,
569 759 606 789 et
624 752 842 789 induxisses
865 765 978 803 super
1003 764 1071 788 nos
1097 753 1279 802 ignoran-
1350 747 1487 794 ἀπάτην
1514 747 1574 785 καὶ
1593 748 1660 795 ἤδη
1680 748 1879 799 ὑπέστημεν
1900 749 1966 787 ὑπὸ
1984 753 2043 786 τοῦ
2065 748 2196 801 πατρὸς
2216 753 2276 786 τοῦ
2297 751 2375 795 σοῦ,

325 816 419 850 tiam
432 817 448 849 Ρ
463 813 562 850 Hanc
591 811 771 860 fraudem,
792 811 927 862 inquit,
947 820 980 849 et
995 811 1082 849 olim
1101 811 1278 850 sustinui-
1349 809 1409 846 καὶ
1429 814 1486 847 νῦν
1507 811 1536 847 εἰ
1557 810 1606 860 μὴ
1622 809 1758 862 ταχέως
1772 810 1984 861 συνείδομεν,
1998 810 2043 848 τὰ
2060 809 2148 848 αὐτὰ
2168 810 2207 848 ἂν
2228 810 2377 860 ἐμέλλο-

324 888 403 911 mus
415 889 434 911 a
449 883 548 926 patre
564 883 640 916 tuo,
659 883 692 911 et
710 887 804 911 nunc
822 873 890 911 nisi
909 873 945 911 in
962 882 1121 925 tempore
1133 887 1280 925 prospe-
1352 886 1413 920 μεν
1443 869 1626 920 ὑπομένειν
1640 901 1649 918 ,
1682 871 1753 909 Καὶ
1783 871 1957 922 ἐπήγαγες
1977 870 2017 908 ἂν
2039 872 2089 923 ἐφ’
2111 874 2206 921 ἡμᾶς
2225 870 2379 922 ἄγνοιαν.

323 934 517 983 xissemus,
541 933 661 972 eadem
685 934 790 971 laturi
816 948 969 981 eramus,
989 936 1043 971 Et
1062 935 1337 988 induxisses504
1351 931 1421 969 Καὶ
1443 931 1511 984 γὰρ
1530 931 1590 969 καὶ
1608 932 1687 970 τότε
1709 932 1753 969 δι’
1773 932 1914 984 ἄγνοιαν
1937 932 2150 985 ἁμαρτάνειν
2174 933 2379 982 ἐμέλλομεν,

324 1010 436 1048 super
465 1010 534 1033 nos
562 998 836 1047 ignorantiam.
870 995 1013 1033 Etenim
1044 1004 1076 1033 et
1107 1004 1191 1033 tunc
1217 1010 1282 1048 per
1302 1000 1329 1030 A
1351 992 1411 1030 καὶ
1436 997 1494 1030 νῦν
1521 993 1588 1030 ὑπὸ
1611 996 1673 1039 τῆς
1702 993 1842 1045 ἀγνοίας
1871 998 1996 1047 μικροῦ
2023 995 2091 1031 δεῖν
2113 997 2207 1044 ἡμᾶς
2226 991 2382 1045 ἁμαρτίᾳ

325 1056 561 1108 ignorantiam
589 1056 766 1108 peccaturi
793 1070 946 1100 eramus,
966 1066 998 1094 et
1017 1070 1110 1094 nune
1143 1070 1282 1108 quoque
1352 1058 1557 1105 περιπεσεῖν·
1575 1053 1854 1106 παρεσκεύασας.
1889 1054 2059 1098 Συνέταξε
2082 1053 2132 1100 δὲ,
2156 1054 2273 1105 φησὶν,
2292 1053 2384 1091 'Affl-

325 1126 470 1169 propter
486 1117 720 1168 ignorantiam
742 1118 850 1155 ferme
866 1118 901 1155 in
919 1132 1023 1155 causa
1037 1117 1173 1167 fuisses,
1190 1127 1230 1155 ut
1246 1117 1282 1155 in
1356 1114 1466 1165 μέλεχ
1497 1116 1547 1165 τῷ
1573 1116 1649 1166 λαῷ
1685 1116 1788 1152 αὐτοῦ
1821 1114 1930 1164 λέγων
1947 1130 1955 1138 ·
1985 1122 2054 1158 πᾶς
2073 1118 2090 1152 ὃ
2117 1115 2310 1165 ἁπτόμενος
2323 1118 2383 1152 τοῦ

328 1187 511 1230 peceatum
554 1178 801 1216 incideremus.
837 1180 899 1215 11.
933 1180 1123 1230 Proecepit
1153 1187 1284 1216 autem
1357 1173 1540 1227 ἀνθρώπου
1559 1174 1692 1220 τούτου,
1712 1173 1735 1219 ἢ
1754 1178 1817 1221 τῆς
1836 1175 1998 1224 γυναικὸς
2017 1177 2134 1223 αὐτοῦ,
2151 1175 2299 1214 Θανάτου
2314 1175 2385 1213 ἔνο-

328 1240 558 1277 ΑὺίιηεῖεεΙι
587 1241 728 1291 populo
761 1254 842 1286 suo,
873 1241 1004 1278 dicens
1023 1256 1034 1276 .-
1057 1243 1191 1279 Omm's
1217 1242 1286 1292 qui
1355 1251 1417 1287 χΟς
1432 1235 1541 1273 ἔσται·
1569 1234 1667 1288 αΟρα
1681 1238 1773 1275 Θεοῦ
1790 1236 1968 1289 πρόνοιαν,
1988 1236 2052 1289 ὅρα
2069 1236 2277 1287 κηδεμονίαν
2293 1236 2384 1288 ἄτρα-

330 1303 496 1352 tetigerit
513 1302 707 1337 hominem
724 1302 827 1338 hunc
843 1309 880 1338 et
896 1315 1055 1338 uxorem
1071 1304 1166 1353 ejus,
1188 1315 1285 1338 mor·
1356 1313 1426 1335 τον.
1451 1296 1496 1335 Ὁ
1518 1296 1586 1349 γὰρ
1602 1297 1709 1335 εἰπὼν
1733 1300 1838 1350 αὐτῷ,
1861 1297 1922 1344 Μὴ
1946 1297 2104 1350 καταὸᾒς
2126 1299 2173 1341 εἷς
2196 1297 2385 1348 Αἴγυπτον,

331 1364 379 1399 tis
395 1375 483 1399 reus
499 1364 582 1398 erit.
600 1361 695 1399 Vide
710 1362 775 1399 Dei
797 1361 1071 1414 providentiam,
1094 1362 1176 1400 vide
1199 1363 1286 1400 inef-
1357 1358 1417 1419 καὶ
1440 1357 1596 1420 καὲοίκει
1624 1361 1658 1396 ἐν
1682 1362 1724 1409 τῇ
1750 1362 1794 1409 γῇ
1816 1358 1924 1410 ταύτῃ
1942 1389 1951 1406 ,
1971 1359 2031 1397 καὶ
2052 1359 2177 1410 ἔσομαι
2197 1358 2285 1409 μετὰ
2304 1363 2384 1397 σοῦ·

328 1420 474 1457 fabilem
497 1434 632 1458 curam.
649 1421 739 1457 Nam
753 1420 814 1471 qui
826 1421 968 1458 dixerat
982 1420 1011 1457 ei
1030 1436 1037 1456 :
1054 1421 1113 1457 ,Ne
1129 1422 1286 1458 descen-
1363 1422 1460 1461 οὗτος
1479 1422 1520 1465 ἦν
1541 1422 1558 1456 ὁ
1577 1424 1686 1457 ταῦτα
1709 1419 1826 1457 πάντα
1851 1422 2039 1470 οἰκονομῶν
2056 1451 2066 1467 ,
2095 1420 2154 1458 καὶ
2174 1420 2231 1458 τὸν
2254 1419 2386 1457 δίκαιον

330 1482 402 1519 das
418 1484 460 1518 in
478 1482 703 1533 iEgi'ptzcrn,
730 1490 767 1518 et
792 1483 928 1519 habita
951 1484 991 1518 in
1020 1490 1123 1519 terra
1143 1483 1232 1526 ista,
1252 1490 1289 1519 et
1362 1483 1396 1518 ἓν
1414 1479 1565 1531 τοσαύτῃ
1584 1480 1756 1532 ἀσφαλείᾳ
1772 1481 1951 1524 καθιστάς.
1979 1480 2112 1519 Σκόπει
2126 1481 2194 1534 γὰρ
2205 1480 2262 1518 τὸν
2281 1483 2385 1532 βασι-

330 1557 394 1580 ero
412 1551 535 1579 tecum
554 1558 562 1578 :
584 1542 644 1579 ille
661 1551 733 1579 erat
748 1543 807 1593 qui
820 1543 895 1580 haec
911 1542 1029 1579 omnia
1046 1542 1288 1593 dispensabat,
1360 1540 1424 1579 λέα
1456 1540 1554 1593 ἔργον
1583 1546 1683 1579 τοῦτο
1710 1541 1913 1592 ποιούμενον
1928 1572 1937 1589 ,
1965 1541 2056 1580 ὥστε
2084 1544 2118 1579 ἐν
2138 1542 2237 1595 ἀδείᾳ
2253 1542 2386 1593 διάγειν

330 1612 363 1640 et
375 1603 514 1654 justum
537 1602 686 1640 intanta
720 1603 955 1640 constituebat
981 1603 1178 1640 securitate.
1200 1603 1291 1640 Con-
1363 1601 1487 1650 αὐτὸν,
1518 1602 1578 1639 καὶ
1603 1602 1718 1649 πάσης
1747 1603 1974 1654 ἀπηλλάχθαι
2001 1603 2189 1655 φροντίδος.
2226 1603 2387 1641 Θάνατον

332 1663 447 1701 sidera
469 1664 562 1701 enim
583 1677 703 1715 regem
722 1672 973 1715 procurantem
989 1672 1028 1700 ut
1047 1663 1290 1714 impavideihi
1314 1676 1336 1705 Β
1362 1661 1452 1714 γὰρ,
1481 1662 1603 1714 φησὶν,
1625 1663 1813 1709 ἠπείλησεν
1842 1664 1991 1710 ἅπασιν,
2014 1662 2047 1700 εἴ
2058 1679 2110 1705 τις
2130 1663 2258 1714 ἅψαιτο
2274 1665 2390 1710 αὐτοῦ,

332 1734 426 1777 agat,
447 1725 608 1776 liberque
627 1726 672 1763 sit
686 1725 732 1763 ab
751 1725 847 1762 omni
863 1738 959 1761 eura.
976 1725 1146 1773 Mortem,
1164 1724 1291 1775 inquit,
1363 1721 1385 1768 ἢ
1403 1727 1465 1769 τῆς
1483 1723 1644 1773 γυναικὸς
1665 1725 1779 1761 αὐτοῦ.
1808 1722 1954 1770 Ἐπειδὴ
1975 1723 2042 1775 γὰρ
2063 1717 2159 1767 οὗτος
2179 1718 2222 1771 ἦν
2240 1727 2258 1761 ὃ
2274 1723 2390 1775 φόὸος,

332 1786 581 1824 interminatus
600 1795 652 1824 est
673 1786 840 1823 omnibus
866 1785 1084 1836 quicumque
1112 1785 1294 1837 tetigerint
1365 1787 1383 1821 ὃ
1406 1788 1466 1822 τοῦ
1486 1784 1634 1822 θανάτου
1653 1783 1759 1836 λέγω,
1779 1783 1974 1822 κατασείων
1993 1790 2052 1823 τοῦ
2074 1784 2209 1823 δικαίου
2230 1784 2292 1831 τὴν
2311 1784 2390 1822 διά-

331 1857 394 1885 aut
414 1862 510 1895 eum,
535 1856 595 1884 aut
614 1861 764 1884 uxorem
788 1847 876 1898 ejus.
900 1846 995 1893 Quia
1019 1846 1113 1884 enim
1133 1846 1193 1884 hic
1220 1856 1294 1885 erat
1365 1861 1482 1893 νοιαν,
1512 1845 1570 1883 διὰ
1596 1850 1697 1883 τοῦτο
1715 1845 1775 1883 καὶ
1793 1849 1910 1883 τοῦτον
1931 1845 2143 1893 ε’κὸληθῆναι
2166 1845 2354 1892 πεποίηκεν
2374 1849 2392 1884 ὃ

332 1909 452 1958 timor,
468 1909 594 1946 mortis
612 1909 758 1953 scilieet,
779 1909 838 1959 qui
861 1917 1084 1946 concusserat
1103 1908 1179 1960 ejus
1193 1922 1293 1946 men—
1364 1906 1606 1960 φιλάνθρωπος
1626 1906 1807 1953 Δεσπότης
1825 1937 1834 1954 ,
1853 1906 1913 1944 καὶ
1933 1909 1966 1945 ἐν
1983 1907 2078 1958 πάσῃ
2103 1906 2274 1960 ἀσφαλείᾳ
2290 1907 2390 1945 αὐτὸν

333 1980 425 2019 tem,
444 1980 630 2023 propterea
656 1979 688 2008 et
714 1970 818 2007 illum
839 1970 971 2008 auferri
994 1970 1135 2007 curavit
1149 1969 1294 2007 'miseri-
1363 1968 1482 2006 λοιπὸν
1499 1968 1643 2020 διάγειν.
1671 1968 1742 2007 Καὶ
1760 1968 1824 2022 ὅρα
1838 1969 1878 2006 τὸ
1894 1969 2091 2019 θαυμαστὸν
2106 1969 2166 2006 καὶ
2181 1967 2389 2022 παράδοξον,

336 2046 413 2069 cors
435 2032 629 2079 Dominus,
645 2040 684 2068 ut
702 2040 821 2083 postea
841 2031 986 2069 omnino
1015 2045 1136 2068 secure
1163 2039 1292 2082 ageret.
1364 2033 1438 2073 πῶς
1457 2030 1655 2082 εὐμήχανος
1676 2030 1724 2068 ὢν
1744 2031 1803 2069 καὶ
1821 2031 1922 2082 σοφὸς
1943 2030 2003 2068 καὶ
2017 2031 2133 2069 πάντα
2149 2030 2242 2069 κατὰ
2256 2031 2296 2069 τὸ
2311 2030 2393 2082 βού-

337 2092 385 2130 Et
406 2091 489 2130 vide
509 2107 582 2129 rem
601 2092 732 2129 miram
751 2101 785 2129 et
799 2091 1022 2143 stupendam,
1040 2091 1218 2142 quomodo
1238 2106 1294 2129 so-
1362 2093 1461 2142 λημα
1479 2092 1518 2130 τὸ
1538 2094 1661 2130 οἰκεῖον
1684 2091 1965 2142 μετασκευάζων,
1985 2092 2044 2130 καὶ
2066 2095 2100 2130 ἐν
2124 2092 2268 2145 ἀπόροις
2284 2091 2391 2143 πόρον

337 2153 406 2190 lers
425 2167 506 2190 cum
528 2153 572 2190 sit
592 2162 623 2190 et
645 2152 782 2204 sapiens
794 2183 804 2200 ,
825 2153 943 2190 omnia
972 2152 1168 2190 secundum
1195 2167 1295 2190 suam
1364 2152 1548 2205 εὑρίσκων,
1570 2153 1628 2190 διὰ
1644 2155 1712 2191 τῶν
1731 2152 1895 2190 ἐναντίων
1912 2155 2025 2191 αὐτῶν
2041 2153 2101 2191 καὶ
2114 2153 2292 2204 πολεμίων
2306 2147 2394 2191 εἶναι

340 2214 559 2253 voluntatem
578 2223 703 2259 vertat,
721 2213 802 2250 etin
816 2214 922 2251 inviis
938 2214 1034 2252 viam
1051 2214 1219 2262 inveniat,
1235 2227 1297 2265 per
1365 2213 1585 2263 νομίζεσθαι,
1618 2213 1675 2252 διὰ
1702 2213 1832 2251 τούτων
1864 2213 1927 2260 τὴν
1965 2214 2158 2265 ἀσφάλειαν
2191 2220 2262 2258 τοῖς
2299 2214 2396 2257 ἰδίοις

341 2275 402 2312 illa
430 2275 506 2327 ipsa
526 2289 606 2325 quae
626 2274 782 2311 maxime
813 2273 963 2311 adversa
987 2274 1169 2321 videntur,
1192 2273 1296 2311 saluti
1367 2274 1555 2326 θεράπουσι
1576 2274 1734 2326 γενέσθαι
1753 2273 1919 2328 προξενεῖ.
1953 2275 2065 2313 Πόθεν
2088 2275 2167 2327 γὰρ,
2191 2275 2267 2313 εἰπέ
2288 2292 2361 2326 μοι,
2375 2278 2394 2312 ὁ

340 2350 525 2374 servorum
561 2350 708 2373 suorum
741 2335 936 2373 consulens.
978 2336 1070 2373 Hinc
1101 2335 1195 2373 enim
1226 2344 1296 2383 est,
1371 2335 1533 2386 βασιλεὺς
1575 2330 1672 2379 οὗτος
1699 2335 1870 2382 τοσαύτην
1904 2340 1963 2374 τοῦ
1993 2336 2126 2374 δικαίου
2139 2380 2142 2383 .
2154 2343 2306 2374 ποιεῖται
2333 2335 2396 2383 τὴν

339 2398 437 2448 quod
456 2412 520 2435 rex
538 2397 599 2434 ille
616 2406 749 2434 tantam
768 2396 898 2434 habeat
923 2411 1047 2435 curam
1073 2397 1177 2448 justi,
1199 2397 1298 2448 quasi
1321 2412 1345 2442 c
1370 2395 1533 2449 πρόνοιαν
1549 2427 1558 2445 ,
1596 2396 1777 2448 μονονουχὶ
1804 2396 2052 2450 ἀνακηρύττων
2074 2397 2176 2435 αὐτὸν
2199 2396 2309 2435 ἅπασι
2327 2402 2398 2440 τοῖς

341 2458 538 2510 praedicans
555 2472 636 2495 eum
657 2457 824 2495 omnibus
839 2457 994 2495 civitatis
1010 2472 1081 2495 suae
1099 2458 1224 2495 incolis
1234 2488 1243 2507 ,
1267 2467 1300 2496 et
1371 2456 1434 2503 τὴν
1449 2457 1550 2496 πόλιν
1568 2460 1712 2505 οἰκοῦσι,
1730 2457 1790 2495 καὶ
1803 2461 1976 2510 περιῳανῗΙ
1993 2456 2124 2501 δεικνὺς
2138 2457 2197 2495 καὶ
2211 2456 2399 2510 περισπού-

340 2518 524 2556 declarans
551 2533 658 2569 quam
679 2518 853 2569 gloriosus
880 2518 938 2565 sit,
958 2527 991 2556 et
1006 2533 1145 2556 summo
1170 2519 1301 2556 honore
1372 2519 1496 2556 δαστον
1528 2521 1646 2571 αὐτῷ,
1679 2517 1785 2557 Οὕτω
1804 2519 1864 2556 καὶ
1886 2521 1904 2556 ὃ
1923 2518 2232 2570 Ναὸουχοδονόσορ
2255 2517 2343 2568 μετὰ
2360 2518 2400 2556 τὸ

341 2579 485 2631 dignus,
506 2593 612 2630 quem
633 2589 667 2617 et
685 2579 835 2616 maximi
858 2579 1023 2617 faciebat.
1048 2580 1108 2618 Sic
1127 2589 1159 2618 et
1178 2579 1300 2618 Nabu-
1375 2581 1492 2630 βαλεῖν
1515 2582 1562 2622 εἷς
1588 2579 1649 2626 τὴν
1681 2579 1826 2630 κάμινον
1854 2577 1933 2622 τοὺς
1961 2579 2088 2622 παῖδας
2105 2578 2182 2621 τοὺς
2204 2586 2316 2632 τρεῖς,
2338 2579 2398 2617 καὶ

342 2641 562 2679 ehodonosor
580 2650 770 2693 postquam
790 2654 919 2692 pueros
938 2640 1020 2678 illos
1034 2650 1104 2679 tres
1123 2641 1159 2678 in
1182 2641 1299 2679 forna·
1374 2641 1430 2678 διὰ
1445 2644 1513 2679 τῶν
1539 2641 1757 2692 πραγμάτων
1780 2645 1900 2691 μαθεῖν
1923 2643 1991 2677 τῶν
2011 2639 2098 2677 νέων
2117 2643 2186 2677 τῶν
2207 2639 2397 2692 αἰχμαλώ-

342 2717 417 2741 cem
434 2703 617 2754 injecerat,
639 2711 672 2739 et
693 2701 808 2753 reipsa
829 2701 1123 2754 comprobaverat
1142 2702 1300 2754 captivo·
1371 2718 1439 2739 των
1470 2701 1532 2749 τὴν
1564 2701 1689 2754 ἀρετὴν
1702 2732 1711 2749 ,
1733 2701 1811 2740 τότε
1845 2700 2095 2753 ἀνακηρύττειν
2119 2700 2239 2745 αὐτοὺς
2259 2701 2400 2754 ἤρξατο,

342 2778 423 2801 rum
444 2763 707 2801 adolescentum
728 2765 918 2810 virtutem,
936 2772 1021 2801 tune
1038 2763 1232 2815 praedicare
1245 2776 1302 2800 eos
1373 2762 1433 2800 καὶ
1460 2766 1640 2814 πανταχοῦ
1676 2762 1733 2800 διὰ
1764 2765 1826 2807 τῆς
1858 2761 1987 2805 οἰκείας
2016 2761 2173 2813 γλώττης
2202 2768 2402 2815 περιφανεῖς

345 2825 450 2876 coepit
463 2853 472 2871 ,
494 2833 528 2861 et
543 2824 676 2874 ubique
704 2824 823 2875 lingua
847 2838 910 2861 sua
929 2824 1012 2861 feeit
1028 2824 1196 2862 illustres.
1219 2824 1303 2861 Haec
1373 2827 1553 2875 καθιστᾷν.
1571 2825 1684 2861 Τοῦτο
1699 2823 1768 2875 γάρ
1784 2825 1856 2861 ἐστι
1875 2822 2029 2873 μάλιστα
2044 2825 2106 2868 τῆς
2123 2822 2324 2875 περιουσίας
2340 2824 2403 2868 τῆς

345 2885 440 2922 enim
460 2885 687 2936 potissimum
704 2899 832 2936 magna
847 2885 914 2922 Dei
927 2885 1044 2925 virtus
1063 2894 1137 2935 est,
1161 2884 1303 2936 quando
1373 2888 1433 2923 τοῦ
1451 2887 1543 2923 Θεοῦ
1562 2884 1740 2935 δυνάμεως
1755 2914 1764 2932 ,
1783 2883 1865 2923 ὅταν
1886 2883 1943 2921 διὰ
1964 2886 2032 2921 τῶν
2056 2886 2189 2936 ἐχθρῶν
2209 2883 2404 2937 ἀνακηρύτ-

390 3017 403 3032 ³¹
429 3015 626 3051 Παραχρῆμα
643 3010 697 3041 ὑπὸ
714 3016 766 3045 τῆς
791 3013 901 3041 ἀνωθεν
923 3012 1120 3050 ἐπιτιμήσεως
1143 3011 1247 3042 ἑαυτὸν
1270 3010 1358 3042 ὑπεύ·
1392 3014 1522 3049 raptam
1540 3007 1676 3040 Sarram
1694 3008 1882 3049 increpatus
1899 3015 1932 3039 et
1948 3007 2127 3049 castigatus
2144 3005 2255 3039 suisset
2273 3005 2403 3040 Abime·

348 3065 430 3093 θυνον
446 3068 645 3096 arma-aug.
667 3058 813 3099 Quidam
839 3059 979 3092 Codices
1004 3065 1093 3094 αὑτὸν
1109 3064 1287 3102 ὑπεύθυνον,
1302 3058 1360 3091 sed
1394 3059 1485 3099 lech,
1512 3058 1566 3091 ubi
1593 3061 1758 3102 comperit.
1788 3058 1992 3098 Rebeccam,
2014 3070 2114 3101 quam
2137 3069 2283 3090 sororem
2312 3070 2405 3090 suam

347 3120 428 3154 puto
458 3111 624 3142 meliorem
658 3111 833 3143 Editorvun
868 3112 1042 3145 lectionem
1069 3113 1190 3155 [quarn
1223 3112 1357 3144 exhibet
1389 3110 1521 3143 dixerat
1538 3113 1643 3151 Isaac,
1663 3111 1748 3143 illius
1759 3123 1827 3143 esse
1846 3122 2000 3152 uxorem,
2020 3109 2142 3142 xeritus
2159 3121 2199 3142 ne
2215 3122 2233 3142 a
2246 3109 2405 3153 quopiam

347 3163 476 3206 Coisl.].
508 3165 604 3194 Hunc
624 3163 732 3195 lovum
761 3163 930 3198 difficilem
949 3165 1033 3197 male
1052 3164 1222 3197 transtulit.
1248 3166 1357 3197 Inter·
1391 3175 1430 3196 ex
1451 3163 1593 3196 subditis
1611 3175 1647 3196 ea
1662 3165 1795 3208 conjugi
1809 3163 2033 3206 abriperetur,
2050 3163 2164 3205 etjam
2182 3162 2261 3195 olim
2278 3164 2405 3195 immis-

348 3227 422 3258 pres
438 3222 543 3255 vetus,
558 3215 751 3257 increpabat
767 3228 850 3258 cum,
871 3227 1027 3261 reumque
1044 3228 1189 3261 arguens
1205 3216 1355 3258 dicebat,
1392 3228 1434 3249 sae
1452 3218 1484 3248 in
1502 3216 1602 3248 simili
1625 3228 1702 3249 casu
1720 3227 1826 3258 poenae
1850 3227 1998 3255 memor,
2019 3225 2051 3247 se
2067 3215 2159 3257 quasi
2179 3226 2270 3247 reurn
2295 3215 2407 3247 existi-

350 3267 578 3310 praetermissis-
599 3266 649 3298 liis
665 3267 788 3310 verbis,
807 3272 861 3303 ὑπὸ
879 3277 929 3307 τῆ,-
946 3275 1056 3304 §imm-v
1070 3275 1275 3313 ἐπιτιμήσεως.
1290 3270 1360 3302 To—
1394 3281 1506 3310 maus,
1531 3269 1631 3301 verba
1658 3280 1729 3312 quae
1752 3276 1934 3312 sequuntur
1963 3268 2114 3300 tremoris
2130 3266 2227 3310 plena
2253 3266 2405 3310 protulit.

351 3327 420 3351 tum
454 3319 563 3352 locum
599 3320 644 3351 ita
679 3320 841 3353 transfero
868 3333 874 3354 ·.
898 3324 1008 3353 statim
1034 3322 1075 3354 ob
1109 3324 1361 3367 castigationem
1395 3320 1510 3364 [Paulo
1527 3320 1611 3353 infra
1628 3329 1664 3356 ἄν
1679 3329 1755 3364 post
1771 3327 1919 3364 ἐπήγαγες
1935 3321 2036 3363 priori
2053 3319 2127 3352 loco
2144 3319 2237 3352 deest
2253 3321 2285 3353 iu
2301 3317 2402 3352 Coisl.

351 3372 430 3403 olim
449 3373 628 3404 immissam
644 3384 715 3404 sese
739 3385 828 3404 rcum
854 3375 1068 3407 constituens.
1096 3375 1178 3408 Cum
1209 3375 1296 3410 enim
1317 3373 1361 3407 ob
1395 3373 1677 3419 quemadmodum
1695 3375 1794 3407 etiam
1811 3374 1844 3407 in
1862 3371 1947 3406 Cod.
1967 3371 2057 3406 Alex·
2076 3380 2134 3407 τῶν
2150 3371 2207 3413 0.]
