2483 3791
677 221 716 249 ΙΝ
755 222 854 251 ΕᾹΡ.
897 221 956 251 ΙΗ-
995 218 1155 250 GENES.

140 303 285 355 Μεγάλη
315 302 374 340 καὶ
405 301 538 354 σφοδρὰ
564 305 586 349 ἡ
609 303 869 354 ἀγανάκτησις,
901 303 1020 350 ἐπειδὴ
1050 302 1109 341 καὶ

87 365 221 416 μεγάλη
241 367 304 410 τῆς
320 363 457 406 ἀπάτης
479 365 501 409 ἦ
519 363 694 416 ὓπερὸολὴ
707 396 717 412 ,
737 365 800 412 υῆν
821 365 866 403 δι’
883 367 987 404 αὐτοῦ
1002 379 1109 418 προσ·

83 424 212 476 ἤγαγεν
238 428 257 463 ὁ
284 425 434 477 πονηρὸς
454 423 625 467 διάὲολος.
648 424 717 462 Καὶ
745 420 818 464 εἷπε
842 425 968 478 Κύριος
983 428 1001 463 ὁ
1019 425 1110 467 Θεὸς

82 488 132 538 τῷ
151 485 245 538 ὄφει,
260 484 315 524 ὅτι
332 484 500 530 ἐποίησας
515 490 627 524 τοῦτο.
648 485 796 533 Ἐπειδὴ
809 517 818 534 ,
838 487 923 539 φησὶ
939 516 948 534 ,
964 485 1108 537 τοιαύτῃ
1133 490 1157 520 Ε

82 548 293 599 ὑπηρετήσω
312 546 524 600 πανουργίᾳ,
541 546 600 585 καὶ
617 546 706 585 οὕτω
725 547 787 593 τὴν
819 547 956 593 ἀπάτην
977 549 1024 590 εἰς
1051 547 1109 598 ἔρ-

81 623 142 659 γον
159 608 306 660 ήγαγες,
325 607 484 660 ὀλεθρίαν
511 608 714 659 συμῧουλὴν
745 607 954 660 εἰσαγαγὼν,
985 607 1044 645 καὶ
1070 607 1110 645 τὸ

82 669 292 722 δηλητήριον
313 671 428 713 αὐτοῖς
457 669 642 721 φάρμακον
662 669 829 722 κεράσας·
862 667 982 714 ἐπειδὴ
1009 672 1110 706 τοῦτο

83 731 254 783 εἰργάσω,
283 730 342 768 καὶ
370 733 432 776 τῆς
456 731 544 780 ἐμῆς
565 729 698 772 εὐνοίας
720 729 880 767 ἐκὸαλεῐν
906 728 1108 774 ἠὸουλήθης

79 791 158 834 τοὺς
179 793 236 830 ὑπ’
260 793 344 841 ἐμοῦ
372 790 709 843 δημιουργηθέντας,
727 789 1037 841 ὑπηρετησάμενος
1064 791 1108 841 τῇ

81 854 139 891 τοῦ
154 854 307 903 πονηροῦ
327 850 488 900 δαίμονος
509 849 632 902 γνώμῃ
646 880 656 898 ,
678 855 739 888 τοῦ
759 849 816 888 διὰ
831 849 894 896 τὴν
917 848 1108 900 βασκανίαν

77 912 137 951 καὶ
155 911 218 959 τὴν
237 911 525 964 ὑπερὸάλλουσαν
549 911 787 964 ὑπερηφανίαν
807 914 847 950 ἐκ
865 913 934 949 τῶν
953 912 1108 963 οὐρανῶν

79 975 127 1017 εἷς
154 972 218 1020 τὴν
245 975 310 1024 γῆν
329 972 611 1025 κατενεχθέντος·
627 972 683 1010 διὰ
700 976 813 1020 τοῦτο,
833 971 953 1018 ἐπειδὴ
971 974 1005 1011 ἐν
1025 971 1109 1010 τού-

79 1050 150 1079 τοις
165 1033 302 1087 ὀργάνῳ
326 1049 380 1072 σοι
399 1034 589 1086 ἐχρήσατο,
614 1034 756 1081 διηνεκῑῖΙ
778 1050 832 1072 σοι
850 1033 914 1081 τὴν
935 1033 1107 1085 τιμωρίαν

79 1096 286 1146 ἐπιτίθημι,
313 1094 371 1133 ἵνα
395 1095 453 1133 διὰ
472 1097 541 1133 τῶν
569 1098 618 1138 εἷς
638 1095 676 1134 σὲ
703 1095 920 1147 εγενομένων
951 1099 1109 1138 κάκεῖνος

1121 1133 1169 1158 143

1197 217 1358 248 nonni„
1399 218 1511 248 xvii.
2053 205 2139 269 169

1237 303 1273 340 7.
1286 302 1418 341 Gravis
1432 311 1465 340 et
1485 301 1672 342 vehemens
1682 302 1881 354 indignatio
1892 318 1899 339 :
1912 303 1994 353 quia
2009 317 2135 356 inagna

1184 364 1289 403 etiam
1311 374 1344 404 et
1363 365 1487 417 ingens
1506 363 1682 416 deceptio,
1713 378 1820 415 quam
1841 378 1904 416 per
1929 364 2033 402 illum
2057 380 2135 403 rna·

1184 425 1304 478 lignus
1319 428 1457 466 daemon
1478 425 1614 464 intulit.
1632 427 1687 464 Et
1706 427 1806 464 dixit
1822 427 2015 465 Dominus
2029 428 2136 466 Deus

1183 492 1352 539 serpenti
1372 505 1382 525 .·
1408 488 1654 539 thiasecisti
1671 488 1757 525 hoc.
1776 487 1872 535 Quia
1891 487 1968 536 tali,
1986 487 2101 539 inquit
2123 520 2136 538 ,

1184 550 1329 588 malitia}
1349 548 1575 597 ministrasti,
1600 557 1638 586 ut
1658 548 1755 586 fraus
1776 548 1836 586 illa
1856 563 1961 601 opere
1983 549 2138 602 comple-

1182 619 1293 658 retur,
1321 611 1456 648 malum
1479 609 1668 648 consilium
1686 608 1881 659 asserendo,
1895 619 1928 647 et
1945 609 2048 649 letale
2066 625 2131 663 po-

1182 669 1304 705 culum
1328 669 1556 721 temperando
1575 668 1681 718 3quia
1711 671 1761 709 sic
1789 670 1916 716 fecisti,
1950 678 1984 707 et
2007 684 2027 708 a
2059 684 2137 709 mea

1182 727 1427 766 benevolentia
1448 729 1638 767 excludere
1656 731 1801 768 voluisti
1821 742 1999 770 creaturas
2030 746 2138 780 meas,

1184 789 1381 827 ministerio
1400 790 1551 842 maligni
1571 789 1743 828 daemonis
1761 793 1942 830 sententia¹
1963 794 2138 844 exhibito,

1183 847 1244 899 qui
1261 849 1306 886 ob
1337 848 1513 887 invidiam
1537 858 1571 887 et
1598 849 1776 900 ingentem
1805 851 2010 903 superbiam
2037 867 2137 891 suam

1183 922 1202 946 e
1218 909 1314 948 caelis
1339 910 1376 948 in
1405 919 1535 948 terram
1560 909 1718 962 dejectus
1740 919 1791 948 est
1813 926 1820 947 :
1847 921 2032 963 propterea
2056 914 2138 964 quia

1183 979 1217 1008 te
1243 971 1280 1008 in
1300 971 1356 1010 his
1390 980 1429 1009 ut
1464 971 1697 1009 instrumento
1729 980 1779 1009 est
1809 986 1905 1021 usus,
1932 983 2138 1026 perpetuam

1182 1031 1248 1070 tibi
1264 1046 1405 1084 poenam
1420 1032 1576 1085 impono,
1591 1042 1631 1070 ut
1646 1047 1710 1085 per
1727 1046 1782 1083 ea,
1800 1048 1879 1084 quae
1896 1035 1962 1072 tibi
1979 1035 2139 1074 inserun-

1184 1102 1255 1138 tur,
1276 1103 1309 1132 ct
1323 1094 1384 1132 ille
1404 1094 1494 1132 scire
1520 1094 1644 1146 possit,
1668 1093 1850 1145 quodnam
1867 1095 1985 1148 ipsum
2001 1107 2140 1135 maneat

79 1157 206 1196 εἰδέναι
225 1156 290 1210 ἔγῃ
311 1156 367 1194 οἵα
385 1156 539 1207 τιμωρία
558 1156 659 1194 αὐτὸν
681 1156 879 1208 ἐκδέχεται,
904 1156 962 1194 καὶ
983 1159 1014 1195 οἱ
1032 1157 1108 1202 ἑξῆς
1133 1171 1158 1199 Α
1184 1155 1417 1208 supplicium,
1431 1165 1463 1194 et
1482 1155 1595 1193 futuri
1611 1155 1773 1193 homines
1789 1156 2011 1205 erudiantur,
2026 1173 2069 1196 ne
2085 1174 2140 1197 se-

79 1218 256 1271 ἄνθρωποι
283 1217 539 1263 παιδεύωνται,
570 1217 696 1268 μηκέτι
718 1218 912 1269 ὑπάγεσθαι
930 1218 1109 1261 ταῖς-τού-

80 1295 139 1318 του
155 1278 388 1330 συμὸουλαῖς,
407 1279 494 1329 μηδὲ
513 1277 576 1325 τὴν
597 1277 734 1324 ἀπάτην
749 1278 966 1330 προσίεσθαι,
986 1278 1041 1317 ἵνα
1059 1279 1108 1331 μὴ

80 1347 151 1384 τοῖς
178 1343 293 1384 αὐτοῖς
316 1339 546 1391 περιπέσωσι.
575 1340 642 1377 Διὰ
662 1344 764 1378 τοῦτο
790 1340 1047 1392 ἐπικατάρατος
1068 1341 1109 1380 σὺ

79 1402 149 1441 ἀπὸ
158 1402 298 1440 πάντων
309 1405 400 1439 Ωτῶν
412 1401 552 1454 θηρίων,
565 1401 684 1449 ἐπειδὴ
696 1403 759 1440 οὐκ
772 1403 818 1446 εἷς
829 1401 902 1440 δέον
915 1402 1057 1454 ἐχρήσω
1065 1405 1108 1455 τῇ

78 1463 256 1516 φρονήσει,
268 1462 357 1501 ἀλλὰ
367 1465 408 1500 τὸ
422 1462 642 1516 προτέρημα,
659 1463 746 1515 ὅπερ
763 1457 852 1515 εἶχες
869 1463 956 1517 ὑπὲρ
971 1463 1110 1503 ἅπαντα

78 1524 123 1563 τὰ
142 1524 264 1579 θηρία,
283 1523 384 1562 τοῦτό
407 1539 461 1561 σοι
485 1523 604 1576 γέγονε
624 1527 693 1562 τῶν
718 1528 836 1563 κακῶν
859 1525 1022 1563 ἁπάντων
1052 1526 1110 1564 αἴ-

77 1600 162 1624 τιον.
189 1585 234 1624 Ὁ
264 1585 332 1638 γὰρ
354 1585 429 1637 ὄφις
445 1616 454 1632 ,
474 1585 591 1637 φησὶν,
613 1580 655 1633 ἦν
676 1585 939 1638 φρονιμώτατος
968 1586 1108 1625 πάντων

78 1650 146 1686 τῶν
166 1647 294 1699 θηρίων
321 1650 391 1685 τῶν
413 1647 470 1685 ἐπὶ
492 1651 555 1694 τ’ἧς
578 1651 654 1697 γῆς.
680 1647 749 1685 Διὰ
775 1652 876 1686 τοῦτο
895 1647 1108 1701 ἐπικατάρα-

77 1723 135 1752 τος
158 1707 199 1748 σὺ
215 1709 285 1748 ἀπὸ
300 1709 441 1748 πάντων
466 1710 535 1746 τῶν
555 1711 690 1755 κτηνῶν
718 1709 778 1747 καὶ
796 1712 865 1747 τῶν
886 1708 1014 1762 θηρίων
1045 1713 1108 1756 τῆς

1183 1216 1359 1255 ducantur
1383 1217 1519 1255 diaboli
1546 1217 1718 1265 consiliis,
1743 1231 1858 1268 neque
1877 1218 1974 1257 illius
1998 1220 2140 1259 fraudes

1182 1278 1384 1328 admittant,
1402 1288 1442 1316 ut
1458 1293 1500 1316 nc
1521 1278 1556 1316 in
1572 1277 1710 1317 easdem
1728 1278 1886 1317 incidant
1900 1295 2035 1332 poenas.
2050 1283 2139 1321 Pro-

1183 1349 1300 1393 pterea
1319 1339 1530 1378 maledictus
1546 1354 1582 1378 es
1599 1349 1637 1378 tu
1653 1339 1745 1378 inter
1760 1354 1880 1379 omnes
1895 1342 2040 1393 bestias,
2055 1345 2141 1395 quia

1183 1401 1378 1440 calliditate
1396 1401 1488 1440 male
1506 1411 1539 1440 et
1558 1415 1628 1440 non
1647 1410 1686 1439 ut
1705 1403 1889 1455 oportebat
1906 1417 1942 1442 es
1962 1419 2058 1455 usus,
2078 1405 2141 1444 sed

1182 1462 1415 1515 privilegium
1431 1462 1529 1514 quod
1545 1477 1652 1515 super
1671 1463 1790 1501 omnia
1811 1464 2006 1504 animantia
2024 1467 2140 1520 possi-

1183 1522 1307 1568 debas,
1324 1523 1391 1561 hoc
1406 1523 1474 1561 tibi
1493 1523 1529 1561 in
1549 1523 1710 1561 omnium
1727 1524 1905 1562 malorum
1921 1527 2024 1564 cessit
2039 1542 2140 1566 occa-

1183 1584 1329 1624 sionem.
1348 1585 1470 1636 Inquit
1492 1585 1588 1623 enim
1609 1585 1794 1638 :Serpens
1813 1595 1897 1624 erat
1913 1589 2140 1639 prudentis-

1183 1650 1283 1687 sima
1309 1650 1482 1685 omnium
1516 1649 1739 1694 bestiarum,
1770 1662 1856 1700 quae
1888 1658 2001 1687 erant
2028 1665 2143 1702 super

1182 1717 1336 1747 terram.
1351 1711 1540 1762 Propterea
1554 1708 1764 1747 maledictus
1783 1719 1820 1747 tu
1836 1708 1928 1747 inter
1945 1711 2063 1749 omnia
2074 1712 2140 1764 ju-

77 1771 142 1821 γῆς
158 1770 301 1823 γενήσῃ.
321 1770 413 1808 Ἀλλ’
435 1768 556 1816 ἐπειδὴ
577 1770 616 1808 τὸ
634 1773 697 1817 τῆς
716 1771 872 1824 κατάρας
893 1773 954 1809 οὐκ
980 1775 1022 1818 ἦν
1051 1772 1105 1808 αἱ·
1133 1782 1157 1812 Β
1183 1779 1299 1808 menta
1313 1779 1347 1808 et
1365 1784 1486 1808 omnes
1499 1769 1629 1808 bestias
1647 1778 1745 1807 terrae
1764 1770 1906 1808 futurus
1923 1785 1972 1808 es.
1993 1771 2039 1809 Et
2053 1773 2141 1824 quia

78 1832 216 1879 σθητὸν,
251 1831 328 1870 οὐδὲ
358 1833 550 1883 ὀφθαλμοῖς
578 1832 796 1884 φαινόμενον,
833 1832 890 1870 διὰ
918 1836 1020 1870 τοῦτο
1048 1832 1108 1871 καὶ

78 1893 249 1939 αἰσθητὴν
274 1894 366 1945 αὐτῷ
392 1892 564 1945 τιμωρίαν
597 1893 741 1944 ἐπάγει,
770 1892 828 1931 ἵνα
858 1894 1022 1940 διηνεκῶς
1040 1893 1108 1947 πρὸ

78 1957 146 1992 τῶν
164 1955 353 2006 ὀφθαλμῶν
380 1953 518 2006 ἔχωμεν
543 1957 625 2006 ὁρᾷν
654 1957 717 2000 τῆς
739 1954 912 2006 τιμωρίας
933 1955 1035 1994 αὐτοῦ
1063 1954 1108 1993 τὰ

74 2015 326 2066 ὑπομνήματα.
349 2014 432 2053 Ἐπὶ
446 2017 496 2067 τῷ
517 2016 637 2062 στήθει
653 2016 713 2053 καὶ
729 2019 771 2067 τῇ
791 2015 907 2069 κοιλία
926 2016 1076 2069 πορεύσῃ
1093 2047 1104 2066 ,

76 2077 137 2115 καὶ
163 2079 229 2129 γ’ἥν
264 2076 358 2129 φάγῃ
395 2076 511 2120 πάσας
541 2076 603 2120 τὰς
635 2077 772 2130 ἡμέρας
810 2080 873 2123 τῆς
908 2081 998 2125 ζωῆς
1024 2094 1105 2117 σου·

76 2137 197 2185 ἐπειδὴ
211 2166 221 2183 ,
237 2137 341 2190 φησὶ,
361 2140 404 2189 τῇ
422 2137 610 2176 διαπλάσει
623 2140 660 2176 οὐ
678 2138 822 2181 δεόντως
837 2139 978 2192 ἐχρήσω
990 2167 1000 2185 ,
1015 2140 1105 2178 ἀλλὰ

74 2199 134 2237 καὶ
161 2201 209 2242 εἷς
237 2198 377 2250 ὁμιλίαν
398 2201 507 2238 ἐλθεῖν
537 2199 734 2250 ἐτόλμησας
761 2203 810 2252 τῷ
843 2202 900 2239 ὑπ’
927 2203 1011 2251 ἐμοῦ
1044 2202 1106 2249 δη-

76 2261 321 2313 μιουργηθέντι
341 2261 472 2313 λογικῷ
494 2260 582 2313 ζώῳ.
600 2261 768 2314 Καθάπερ
786 2261 899 2301 τοίνυν
915 2265 932 2300 ὁ
946 2263 1106 2308 διάὸολος

73 2326 92 2361 ὁ
117 2322 307 2374 ἐνεργήσας
329 2321 386 2360 διὰ
413 2325 498 2370 σοῦ,
525 2322 585 2360 καὶ
618 2322 754 2376 ὀργάνῳ
781 2339 835 2362 σοι
859 2324 1101 2378 χρησάμενος,

73 2382 218 2430 ὓέπειδὴ
242 2383 329 2435 ὑπὲρ
358 2383 422 2431 τὴν
453 2382 583 2422 οἰκείαν
611 2383 709 2428 ἀξίαν
740 2385 940 2438 ἐφρόνησεν,
965 2389 1004 2426 ἐκ
1032 2390 1102 2426 τῶν

72 2448 226 2497 οὐρανῶν
247 2445 446 2498 κατηνέχθη
459 2462 466 2469 ·
494 2446 552 2483 τὸν
576 2446 676 2484 αὐτὸν
693 2446 734 2494 δὴ
750 2447 879 2501 τρόπον
894 2448 953 2487 καὶ
973 2449 1011 2489 σὲ
1030 2449 1103 2488 ἕτε·

74 2522 130 2557 ρον
161 2509 285 2558 σχῆμα
315 2506 536 2551 διαπλάσεως
567 2507 754 2546 ἁναλαὸεῖν
786 2510 1007 2561 προστάττω,
1041 2511 1101 2550 καὶ
1127 2521 1150 2552 C

72 2566 129 2605 ἐπὶ
144 2569 207 2613 τῆς
221 2569 287 2618 γῆς
304 2566 489 2620 σύρεσθαι,
509 2568 569 2605 καὶ
584 2568 714 2615 ταύτην
735 2569 827 2622 ἔχειν
845 2571 988 2624 τροφὴν,
1008 2571 1099 2612 ὥστε

71 2627 121 2678 μὴ
143 2627 268 2673 ἐξεῖναί
286 2644 340 2667 σοι
361 2630 481 2668 λοιπὸν
511 2629 688 2668 ἀνανεύειν
712 2631 800 2680 ἅνω,
825 2633 914 2672 ἀλλὰ
934 2635 1100 2681 διηνεκῶς

70 2691 105 2728 ἐν
133 2690 243 2740 ταύτῃ
261 2689 447 2742 τυγχάνειν
463 2693 506 2742 τῇ
524 2691 755 2741 καταστάσει,
773 2693 832 2731 καὶ
859 2694 957 2746 παρὰ
983 2696 1099 2734 πάντα

69 2751 176 2790 λοιπὰ
194 2751 238 2789 τὰ
261 2751 365 2804 θηρία
393 2751 456 2798 τὴν
485 2755 549 2803 γῆν
580 2756 770 2792 σιτεῖσθαι·
799 2754 858 2792 καὶ
890 2755 964 2795 οὐδὲ
997 2762 1098 2797 τοῦτο

71 2810 186 2861 μόνον,
202 2812 293 2852 ἀλλὰ
310 2812 382 2852 Καὶ
401 2813 531 2865 ἔχθραν
552 2813 649 2860 θήσω
664 2814 731 2853 ἀνὰ
748 2815 852 2865 μέσον
871 2832 932 2856 σου
950 2818 1010 2856 καὶ
1030 2819 1096 2858 ἀνὰ

69 2873 172 2922 μέσον
200 2876 262 2920 τῆς
291 2873 474 2924 γυναικὸς,
495 2874 555 2912 καὶ
582 2874 648 2913 ἀνὰ
674 2875 778 2926 μέσον
808 2881 868 2915 τοῦ
895 2878 1095 2931 σπέρματός

67 2948 127 2972 σου
159 2935 219 2972 καὶ
249 2935 316 2973 ἀνὰ
336 2934 441 2985 μέσον
471 2940 531 2974 τοῦ
550 2936 749 2987 σπέρματος
769 2940 888 2984 αὐτῆς.
912 2940 988 2979 Καὶ
1016 2942 1093 2980 οὐδὲ

65 2995 174 3050 τούτῳ
196 2995 478 3048 ἀρκεσθήσομαι,
499 2999 549 3048 τῷ
572 2997 629 3034 ἐπὶ
659 3002 720 3045 τῆς
751 3001 816 3050 γῆς
850 3000 1013 3053 σύρεσθαί
1035 3018 1093 3051 σε,

65 3057 154 3095 ἀλλὰ
184 3057 244 3095 καὶ
263 3056 390 3109 ἐχθρὰν
423 3057 594 3096 ἄσπονδόν
621 3073 675 3097 σοι
699 3061 914 3107 καταστήσω
941 3061 1005 3108 τὴν
1034 3078 1095 3113 γυ-

65 3123 184 3155 ναῖκα·
208 3119 267 3156 καὶ
286 3119 349 3156 οὐκ
370 3117 477 3164 αὐτὴν
497 3119 618 3168 μόνην,
636 3119 726 3158 ἀλλὰ
742 3121 801 3158 καὶ
818 3122 856 3159 τὸ
873 3121 1014 3176 σπέρμα
1035 3124 1093 3161 αὖ·

1182 1831 1388 1870 maledictio
1409 1846 1479 1870 non
1499 1840 1573 1870 erat
1601 1831 1792 1879 sensibilis,
1812 1845 1925 1882 neque
1947 1833 2059 1871 oculis
2085 1835 2140 1872 vi-

1182 1890 1258 1928 deri
1281 1899 1432 1943 poterat,
1452 1899 1598 1943 propter
1617 1890 1683 1928 hoc
1702 1890 1905 1928 sensibilem
1923 1891 1978 1929 illi
1996 1907 2138 1944 poenam

1183 1951 1302 2001 infert,
1321 1961 1361 1990 ut
1379 1952 1547 1990 continuo
1568 1960 1650 1990 ante
1673 1951 1794 1990 oculos
1819 1951 1941 1990 videre
1960 1954 2139 2006 possimus

1182 2013 1352 2066 supplicii
1373 2014 1448 2066 ejus
1467 2013 1698 2051 monimenta.
1721 2013 1842 2065 Super
1861 2023 1994 2066 pectus
2016 2025 2052 2054 et
2075 2031 2139 2056 su-

1179 2089 1251 2126 per·
1282 2084 1460 2113 ventrem
1492 2076 1697 2127 gradieris,
1725 2083 1762 2113 et
1795 2084 1938 2113 terram
1964 2079 2138 2116 comedes

1182 2138 1359 2175 omnibus
1374 2137 1508 2174 diebus
1520 2139 1615 2174 vitae
1627 2144 1703 2173 tuoe
1716 2150 1728 2173 :
1740 2135 1824 2187 quia
1840 2137 1953 2175 forma
1966 2147 2026 2176 tua
2049 2139 2137 2177 abu-

1180 2213 1240 2237 sus
1259 2213 1309 2246 es,
1331 2208 1364 2236 et
1380 2199 1416 2236 in
1435 2197 1716 2236 familiaritatem
1735 2198 1919 2237 rationalis
1935 2200 2099 2239 animalis
2118 2216 2138 2239 a

1178 2275 1236 2299 me
1262 2260 1396 2299 conditi
1417 2259 1539 2299 venire
1565 2273 1634 2297 non
1668 2259 1880 2298 formidasti.
1900 2261 2002 2300 Sicut
2027 2263 2138 2315 igitur

1178 2321 1358 2373 diabolus,
1380 2321 1442 2374 qui
1463 2335 1526 2374 per
1544 2330 1578 2359 te
1597 2329 1779 2373 operatus,
1800 2331 1833 2360 et
1850 2331 1883 2360 te
1903 2322 2138 2363 instrumento

1178 2399 1263 2423 usus
1275 2394 1341 2435 est,
1364 2398 1383 2422 e
1397 2383 1491 2422 caelis
1504 2382 1672 2421 deorsum
1687 2382 1859 2435 depulsus
1875 2393 1940 2431 est,
1956 2385 2038 2435 quia
2055 2386 2138 2438 plus

1178 2460 1284 2497 quam
1301 2444 1488 2498 dignitatis
1507 2458 1579 2481 suae
1592 2452 1678 2493 erat,
1700 2458 1822 2496 sapere
1839 2445 2002 2483 volebat:
2021 2447 2069 2485 ita
2085 2447 2137 2485 si—

1177 2506 1310 2545 militer
1331 2506 1483 2558 impero,
1504 2513 1543 2541 ut
1562 2513 1595 2541 et
1611 2512 1649 2541 tu
1667 2504 1777 2542 aliam
1795 2505 2017 2545 formationis
2035 2508 2132 2560 figu-

1174 2583 1250 2608 ram
1266 2568 1419 2617 habeas;
1436 2577 1469 2605 et
1486 2580 1592 2618 super
1607 2575 1737 2604 terram
1747 2581 1863 2619 repas,
1874 2581 1984 2618 eaque
1996 2569 2104 2607 alaris
2119 2585 2130 2619 ;

1174 2640 1282 2682 atque
1301 2629 1388 2668 adeo
1411 2643 1453 2667 ne
1471 2628 1576 2666 liceat
1596 2627 1662 2665 tibi
1682 2628 1830 2679 posthac
1849 2629 2047 2680 suspicere,
2070 2630 2132 2669 sed

1170 2706 1311 2745 semper
1329 2691 1366 2729 in
1381 2691 1449 2728 hoc
1467 2702 1607 2726 maneas
1627 2697 1735 2737 statu,
1754 2697 1788 2726 et
1805 2688 1902 2726 solus
1919 2703 1964 2727 ex
1986 2691 2133 2730 anima—⁴

1170 2754 1267 2792 libus
1287 2762 1380 2791 terra
1399 2750 1557 2804 pascaris
1577 2764 1589 2799 3
1608 2757 1640 2786 et
1660 2763 1773 2800 neque
1792 2749 1860 2787 hoc
1880 2750 1997 2789 solum
2018 2767 2026 2788 ε
2048 2767 2130 2792 nam

1172 2818 1225 2855 Et
1238 2817 1466 2854 inimicitias
1479 2825 1624 2864 ponam
1645 2813 1746 2848 inter
1766 2819 1802 2848 te
1815 2819 1850 2849 et
1871 2814 1973 2850 inter·
1992 2815 2129 2853 mulie-

1170 2891 1265 2924 rem,
1290 2879 1392 2914 inter
1410 2887 1540 2913 semen
1560 2881 1669 2910 tuum
1688 2880 1723 2909 et
1743 2885 1872 2909 semen
1890 2875 1985 2925 ejus.
2006 2876 2129 2927 Neque

1169 2940 1240 2979 hoc
1255 2946 1441 2977 contentus
1457 2949 1528 2981 ero,
1545 2932 1640 2984 quod
1656 2946 1763 2985 super
1774 2942 1904 2971 terram
1918 2944 2047 2987 reptes,
2066 2937 2128 2975 scd

1171 3010 1204 3039 et
1218 2999 1401 3039 inimicam
1417 2995 1631 3045 foederisque
1645 2993 1798 3038 nesciam
1814 2994 1942 3033 faciam
1956 2996 2022 3035 tibi
2043 3012 2125 3036 mu-

1170 3063 1292 3101 lierem
1312 3077 1320 3097 ε
1341 3072 1453 3110 neque
1472 3071 1549 3095 cam
1564 3055 1692 3104 solam,
1711 3054 1772 3094 sed
1790 3065 1824 3094 et
1837 3070 1953 3096 semen
1969 3060 2044 3111 ejus
2066 3074 2125 3098 se-

1171 3123 1259 3162 mini
1278 3132 1339 3160 tuo
1360 3121 1497 3158 bostem
1516 3125 1727 3170 perpetuum
1749 3117 1892 3156 faciam.
1914 3121 2001 3171 Ipse
2016 3129 2125 3158 tuum

109 3243 123 3267 ὓ
145 3241 207 3274 Alii
221 3249 254 3281 ἣν
271 3246 318 3276 διὰ
335 3248 386 3276 τοῦ
403 3247 494 3287 ἄρεω,-
511 3251 709 3287 πρπήγαγεν.
1113 3259 1190 3280 usus
1205 3259 1255 3288 es,
1277 3256 1344 3278 non
1362 3242 1459 3276 male.

108 3304 120 3316 ⁶
139 3294 239 3327 Sav'd.
260 3302 293 3326 et
310 3294 446 3337 quidam
469 3295 545 3327 MSS.
567 3301 776 3338 γεγενημένων.

1156 3301 1172 3325 ¹²
1188 3298 1297 3336 ἐπειδὴ
1314 3304 1352 3332 τὰ
1365 3300 1436 3341 ὑπὲρ
1452 3299 1534 3335 §gia-1
1551 3298 1692 3339 ippbvmt
1707 3298 1760 3331 τὴν
1777 3296 1893 3329 ἑαυτοῦ.
1914 3294 1967 3327 Sic
1986 3294 2123 3338 quidam

109 3355 122 3369 ὅ
142 3345 200 3377 Alii
220 3356 277 3382 τῶν
295 3352 413 3391 θηρίων,
430 3345 485 3379 alli
502 3357 560 3380 τῶν
574 3357 684 3386 κτηνῶν
702 3346 789 3379 llj'td.
803 3348 939 3382 COlslln.
961 3357 1075 3396 ἐχρήσω
1112 3353 1189 3384 Μεθ’.

69 3405 105 3440 τῇ
129 3407 348 3442 πιςςςῗωμήπς,
369 3398 448 3441 quia
480 3410 557 3430 ιὀιϊ
582 3399 669 3430 male
699 3407 728 3431 el
759 3408 791 3432 ιιι
818 3413 881 3433 mm
907 3404 1076 3445 oportebat
