2516 3791
263 188 352 249 708
689 200 728 231 s.

272 299 349 322 non
377 284 597 323 audivimus
622 297 719 322 eum.
751 281 946 332 Quoniam,
974 273 1220 329 inquit,'abs—

270 360 337 396 que
366 345 669 384 commiseratione
693 345 843 391 fuimus,
875 351 910 380 et
942 339 1094 378 multam
1122 337 1223 375 exhi-

269 406 414 444 buimus
427 406 686 453 crudelitatem,
701 412 885 456 propterea
904 414 999 438 nunc
1017 413 1080 437 nos
1099 397 1222 436 eadem

269 469 488 521 experimur,
506 477 539 506 et
552 469 718 519 Propter
733 466 804 502 hoc
822 465 932 501 venit
951 461 1120 516 afflictio
1139 461 1222 498 hoec

269 543 383 581 super
403 543 484 567 nos.

323 596 359 634 5.
391 596 437 633 Et
460 596 536 632 haec
557 592 702 645 quidem
722 592 778 630 illi
804 593 895 630 inter
924 605 961 629 se
985 589 1220 639 disserebant,

270 666 432 710 putantes
466 655 557 693 nihil
586 655 718 693 horum
747 654 872 692 audire
899 652 1107 705 Josephum.
1132 652 1224 689 Nam

270 717 370 769 quasi
391 717 569 767 ignoranS,
595 725 628 754 et
646 715 803 754 nesciens
825 729 949 753 eorum
971 714 1145 764 linguam,
1162 725 1225 763 per

268 779 496 830 interpretem
509 777 721 828 loquebatur
734 776 796 825 eis,
813 776 876 827 qui
889 789 928 813 ea
945 788 1022 826 quae
1039 773 1093 811 illi
1106 773 1226 823 loque-

268 840 411 888 bantur,
430 848 465 877 et
485 853 526 876 ea
548 854 626 890 quae
651 839 712 876 ille
733 838 798 888 eis,
825 837 1031 889 explicaret.
1052 837 1114 873 ffl.
1134 834 1224 871 Au-

268 901 377 938 diens
399 908 528 938 autem
556 901 638 938 Izaec
667 901 817 945 Ruben,
851 899 950 935 dixit
975 899 1060 935 eis:
1084 897 1224 933 Nonne

270 964 450 1015 loquutus
465 977 549 1001 sum
565 965 691 1007 vobis,
710 963 874 999 dicens:
896 960 1112 1010 Deinjuria
1130 956 1223 1009 affi-

270 1029 383 1064 etatis
391 1039 566 1077 puerum,
585 1033 623 1062 et
637 1038 714 1061 non
729 1038 776 1061 ez
779 1023 943 1061 audistis
960 1034 1037 1057 me.
1033 1024 1046 1047 Ρ
1066 1020 1121 1057 Et
1139 1032 1225 1056 ecce

273 1090 431 1139 sanguis
462 1089 544 1140 ejus
569 1089 797 1139 exquiritur.
821 1084 947 1121 Nonne
967 1091 1066 1131 tunc,
1091 1080 1221 1131 inquit,

273 1147 513 1196 consulebam,
533 1160 648 1184 nonne
669 1143 913 1192 obseciabam,
930 1156 974 1179 ne
987 1139 1082 1192 quod
1101 1152 1225 1192 pecca-

274 1216 351 1245 tum
370 1207 405 1245 in
423 1221 504 1245 eum
523 1205 781 1244 admitteretis?
802 1205 993 1256 Propterea
1013 1215 1107 1239 nunc
1127 1200 1225 1238 San-

272 1276 358 1326 guis
377 1276 458 1326 ejus
479 1275 706 1325 exquiritur.
724 1272 817 1309 Nam
836 1278 1011 1320 quantum
1030 1266 1076 1305 ad
1096 1279 1227 1318 propo-

276 1332 386 1369 situm
408 1340 585 1380 vestrum,
608 1329 787 1368 occidistis
809 1344 817 1365 :
837 1328 920 1365 licet
950 1326 1044 1364 enim
1072 1339 1142 1363 non
1164 1338 1228 1376 per

272 1393 443 1446 jugulum
457 1392 620 1444 gladium
635 1389 914 1438 transmiseritis,
932 1387 1095 1426 barbaris
1111 1396 1228 1424 tamen

275 1455 364 1493 viris
383 1469 465 1492 eum
487 1453 712 1500 vendidistis,
729 1461 762 1490 et
782 1461 895 1490 morte
921 1449 1164 1488 difficiliorem
1197 1446 1228 1485 ei

277 1532 357 1555 scrx
359 1517 483 1555 itutem
499 1515 748 1567 excogitastis:
766 1514 845 1552 ideo
858 1527 952 1551 nune
969 1513 1133 1579 Sanguis
1148 1512 1229 1563 ejus

277 1581 502 1630 exquiritur.
519 1577 642 1628 Cogita
655 1584 828 1626 quantum
845 1575 892 1612 sit
904 1589 924 1611 a
937 1571 1149 1611 conscientia
1167 1584 1228 1608 sua

278 1635 446 1685 accusaii,
474 1635 673 1685 habereque
702 1642 874 1684 perpetuo
901 1639 1084 1683 urgentem
1102 1639 1136 1667 et
1155 1629 1231 1666 cla-

278 1707 433 1736 mantem
446 1705 696 1743 accusatorem,
711 1703 745 1732 et
759 1694 873 1732 scelus
884 1700 1229 1730 commemoiantem.

279 1761 341 1798 95.
358 1761 411 1796 Et
426 1760 507 1796 lzoec
526 1758 652 1794 audiit
666 1756 820 1809 quidem
835 1755 866 1793 J
865 1755 993 1807 oseph,
1008 1755 1084 1805 ipsi
1101 1761 1231 1790 autem

281 1824 534 1867 nesciverunt,
553 1832 597 1857 eo
613 1819 717 1871 quod
732 1820 939 1869 interprete
954 1823 1124 1853 uteretur
1141 1830 1150 1851 :
1171 1812 1232 1852 sed

280 1897 349 1920 non
363 1882 457 1920 ultra
473 1881 562 1919 ferre
577 1879 705 1932 potuit,
726 1879 881 1916 fraterna
897 1885 1023 1914 natura
1034 1884 1068 1913 et
1085 1874 1233 1913 commi-

280 1957 335 1981 sci
337 1952 581 1994 at1one1psum
592 1947 772 1991 arguente.
785 1938 848 1976 24.
858 1938 910 1975 Et
923 1949 1093 1981 aversus,
1104 1933 1233 1985 inquit

282 2007 330 2042 ab
346 2007 399 2042 eis
401 2003 543 2059 ,flevit,
558 2012 598 2040 ut
610 2015 679 2039 non
693 2007 940 2053 agnosceretur
957 1997 1002 2035 ab
1023 1996 1083 2035 eis.
1097 1998 1151 2034 Et
1165 1999 1232 2033 ite—

281 2081 301 2103 ι
303 2081 366 2104 um
383 2067 544 2103 accessit
555 2065 609 2101 ad
620 2077 698 2110 eos,
708 2070 744 2100 et
761 2062 942 2114 loquutus
954 2068 1010 2097 est
1020 2061 1088 2096 eis.
1102 2059 1165 2096 25.
1179 2058 1232 2098 Et

284 2129 460 2178 accepit
447 2126 501 2174 Sy
506 2138 692 2170 meonem,
717 2132 754 2161 et
769 2124 902 2160 vinxit
916 2135 1002 2158 eum
1022 2133 1154 2157 coram
1168 2121 1233 2156 eis.

283 2186 379 2227 Vide
393 2185 572 2237 quomodo
587 2184 705 2222 omnia
719 2183 826 2221 faciat
851 2196 921 2232 quo
935 2180 1084 2219 incutiat
1101 2179 1151 2217 eis
1167 2188 1236 2216 ter-

284 2263 422 2298 rorem,
442 2256 481 2285 ut
493 2246 652 2285 videntes
671 2244 815 2283 vincula
829 2241 1029 2295 Symeonis,
1042 2240 1185 2278 indiciis
1201 2253 1236 2277 se

286 2309 491 2362 proderent,
515 2321 558 2345 an
582 2305 702 2344 fratris
720 2305 876 2356 aliquam
895 2300 1236 2341 commiserationem

288 2368 565 2407 haberent.Haec
583 2367 677 2405 enim
701 2365 819 2403 omnia
840 2363 924 2402 facit
943 2363 1097 2415 probans
1115 2374 1237 2399 eorum

289 2440 453 2479 mentem,
472 2439 505 2467 ct
522 2429 612 2467 scire
623 2427 760 2474 volenS,
775 2439 864 2463 num
876 2433 909 2462 et
921 2432 1043 2462 contra
1053 2420 1236 2473 Benjamin

289 2492 375 2529 tales
390 2490 522 2528 suerint
539 2505 547 2526 ε
566 2498 751 2542 propterea
763 2496 796 2525 et
810 2486 1023 2538 Symeonem
1053 2497 1170 2521 coram
1187 2482 1237 2521 cis

289 2553 414 2591 vinciri
431 2553 548 2605 jubet,
571 2560 610 2590 ut
633 2551 823 2601 diligenter
847 2563 905 2586 cos
934 2547 1072 2601 probet,
1094 2555 1127 2584 ct
1151 2545 1238 2583 sciat

288 2629 374 2652 num
387 2628 493 2665 quam
504 2612 731 2651 dilectionem
740 2624 823 2663 erga
834 2609 937 2647 illum
947 2609 1129 2646 haberent.
1146 2608 1236 2645 Nam

289 2675 532 2714 umericia-dia
544 2674 579 2712 in
595 2673 700 2711 illum
712 2672 875 2720 faciebat,
884 2679 923 2707 ut
935 2669 1040 2708 citius
1053 2667 1238 2720 Benjamin

288 2738 504 2776 adducerent
527 2753 534 2773 z
559 2735 656 2787 quod
674 2734 750 2772 fieri
772 2733 927 2778 volebat,
942 2740 981 2769 ut
995 2729 1152 2768 adventu
1169 2729 1237 2766 fra-

290 2799 354 2837 tiis
377 2812 521 2836 seculus
546 2796 761 2835 r*·.cdde1etui
786 2796 839 2833 Et
860 2794 1076 2839 mandavit,
1107 2789 1237 2841 inquit,

291 2870 330 2899 ut
343 2863 446 2898 sacci
460 2874 590 2897 eorum
601 2859 853 2911 implerentur
859 2857 1071 2909 frumento,
1086 2861 1121 2891 et
1132 2865 1238 2904 repo-

765 198 944 231 JOANMS
978 194 1218 228 cnRYsosT.
1258 195 1465 226 ARCHIEP.
1504 195 1855 233 CONSTANTINOP.

1291 278 1408 316 αὐτοῦ.
1442 277 1613 325 Ἐπειδὴ,
1630 278 1756 329 φησὶν,
1779 280 1996 330 ἀσυμπαθεῖς
2015 279 2224 330 γεγόναμεν,
2253 278 2311 318 καὶ

1291 338 1424 385 πολλὴν
1454 338 1704 389 ἐπεδειξάμεθα
1731 338 1795 386 τὴν
1817 339 2007 390 ὠμότητα,
2041 339 2098 379 διὰ
2126 344 2225 379 τοῦτο
2253 341 2311 379 καὶ

1290 402 1392 450 ἡμεῖς
1410 402 1468 437 νῦν
1486 402 1554 437 τῶν
1575 401 1686 438 αὐτῶν
1704 400 1926 453 πειρώμεθα·

1291 462 1439 508 ἐπῆλθεν
1462 460 1515 513 ἐφ’
1531 463 1624 511 ἡμᾶς
1639 461 1661 506 ἡ
1682 461 1796 513 θλίψις
1813 462 1914 508 αὕτη.

1947 400 2090 440 ϋΕνεκεν
2109 400 2176 453 γὰρ
2192 402 2312 440 τούτου

1347 582 1418 622 Καὶ
1433 586 1544 621 ταῦτα
1561 583 1623 633 μὲν
1643 584 1728 636 πρὸς
1749 583 1920 630 ἀλλήλους
1939 584 2147 635 διελέγοντο,
2166 583 2319 633 νομίζον·

1292 661 1348 689 τες
1384 644 1529 696 μηδενὸς
1554 643 1688 682 τούτων
1719 644 1903 682 ἐπακούειν
1925 645 1982 683 τὸν
2003 643 2148 696 Ἰωσήφ.
2171 643 2235 687 εΩς
2250 643 2318 695 γὰρ

1294 709 1427 758 ἀγνοῶν
1443 706 1502 745 καὶ
1517 709 1580 744 οὐκ
1596 705 1693 749 εἰδὼς
1709 707 1821 743 αὐτῶν
1834 706 1896 753 τὴν
1907 708 2082 756 γλῶτταν,
2100 704 2318 757 παρεσκεύα-

1295 784 1353 807 σεν
1376 767 1528 820 ἑρμηνέα
1552 766 1681 818 μεταξὺ
1700 767 1908 820 ἀμφοτέρων
1928 766 2083 813 ἑστάναι,
2101 766 2160 804 καὶ
2176 765 2219 804 τὰ
2234 767 2317 818 παρ’

1296 830 1400 867 αὐτοῦ
1429 831 1607 881 διασαφεῖν
1636 829 1790 875 ἐκείνοις,
1822 829 1882 867 καὶ
1910 827 1955 866 τὰ
1984 831 2066 880 παρ’
2098 827 2236 866 ἐκείνων
2259 829 2319 865 αὐ-

1295 893 1345 943 τῷ
1361 890 1574 942 ἑρμηνεύειν.
1602 892 1727 929 Ταῦτα
1744 890 1780 928 δὲ
1797 889 1929 928 ἀκούων
1946 893 1964 928 ὁ
1978 889 2129 936 εΡουὸὴν
2145 884 2219 927 εἶπε
2235 888 2320 941 πρὸς

1297 950 1440 994 αὐτούς·
1471 953 1534 1003 οὐκ
1565 951 1721 998 ἐλάλησα
1747 955 1847 1002 ὑμῖν,
1881 951 2016 1002 λέγων,
2051 951 2099 1001 μὴ
2128 950 2320 997 ἀδικήσητε

1297 1012 1337 1050 τὸ
1366 1012 1571 1064 παιδάριον,
1605 1013 1664 1050 καὶ
1693 1015 1756 1051 οὐκ
1778 1011 2007 1060 εἷσηκούσατέ
2035 1027 2117 1062 μου,
2151 1011 2223 1050 Καί
2248 1009 2321 1048 ἰδοὺ

1297 1074 1338 1112 τὸ
1357 1068 1445 1124 αἷμα
1474 1076 1578 1112 αὐτοῦ
1609 1076 1818 1120 ἔκζητεῖται.
1849 1076 1902 1111 Οὐ
1925 1072 2198 1121 συνεῧούλευσα,
2225 1072 2322 1125 φησὶ,

1297 1135 1394 1183 τότε,
1421 1137 1458 1173 οὗ
1484 1135 1734 1187 παρεκάλεσα,
1761 1135 1852 1173 ὥστε
1873 1135 2048 1185 μηδεμίαν
2078 1134 2214 1172 ἀδικίαν
2242 1135 2323 1186 περὶ

1299 1197 1401 1235 αὐτὸν
1426 1197 1685 1245 ἐπιδείξασθαι,
1716 1196 1785 1234 Διὰ
1809 1201 1911 1234 τοῦτο
1928 1199 1987 1234 νῦν
2020 1196 2072 1234 Τὸ
2111 1189 2198 1246 αἷμα
2219 1198 2324 1234 αὐτοῦ

1299 1259 1506 1303 ἐκζητεῖται.
1527 1259 1583 1310 Τῇ
1600 1259 1668 1310 γὰρ
1683 1257 1806 1309 γνώμῃ
1826 1258 1928 1296 αὐτὸν
1948 1257 2113 1295 ἀνείλετε·
2133 1259 2162 1294 εἰ
2181 1256 2248 1308 γὰρ
2265 1256 2324 1294 καὶ

1301 1318 1349 1369 μὴ
1376 1318 1433 1356 δια
1453 1323 1512 1356 τοῦ
1533 1320 1662 1370 λαιμου
1681 1319 1721 1357 τὸ
1740 1318 1834 1371 ξίφος
1852 1318 1969 1356 ὤσατε
1982 1349 1991 1366 ,
2024 1316 2115 1355 ἀλλὰ
2137 1316 2326 1369 βαρὸάροις

1300 1380 1464 1432 ἀνδράσιν
1483 1380 1586 1419 αυτὸν
1606 1382 1823 1432 πεπράκατε,
1841 1380 1900 1417 καὶ
1912 1378 2164 1431 χαλεπωτέραν
2178 1378 2324 1416 θανάτου

1302 1441 1458 1479 δουλείαν
1479 1444 1574 1480 αὐτω
1595 1441 1833 1488 ἐπενθήσατε·
1852 1440 1909 1478 διὰ
1927 1445 2029 1478 τοῦτο
2045 1440 2098 1478 Τὸ
2117 1443 2206 1489 αἷμα
2221 1441 2324 1477 αὐτοῦ

1301 1505 1501 1549 ἐκζττεῖται
1520 1507 1591 1542 νῦν.
1632 1502 1861 1549 ἸΞννόησον“’
1840 1518 1918 1541 οσον
1937 1502 2031 1540 ἐστιν
2051 1501 2118 1540 ὑπὸ
2136 1517 2196 1539 του
2216 1516 2328 1538 συνει·

1302 1565 1398 1608 δότος
1422 1569 1712 1617 κατηγορεῖσθαι,
1740 1565 1801 1603 καὶ
1820 1567 1940 1602 τοῦτον
1962 1564 2020 1602 τὸν
2035 1562 2230 1614 κατήγορον
2253 1564 2327 1609 διη-

1301 1629 1409 1669 νεκῶς
1430 1626 1522 1679 ἔχειν
1548 1626 1765 1677 ἐπικείμενον
1778 1656 1787 1672 ,
1807 1625 2038 1664 καταὸοῶντα
2057 1623 2116 1662 καὶ
2130 1623 2194 1670 τὴν
2214 1639 2329 1675 παρα-

1255 1700 1280 1729 1)
1303 1687 1427 1737 νομίαν
1441 1687 1768 1738 ὑπομιμνήσκοντα.
1781 1687 1851 1725 Καὶ
1863 1690 1974 1723 ταῦτα
1987 1686 2091 1731 ἤκουε
2107 1683 2170 1735 μὲν
2185 1684 2327 1736 Ἰωσήφ·

1307 1748 1404 1787 αὐτοὶ
1432 1748 1467 1788 δὲ
1500 1751 1560 1786 οὐκ
1586 1748 1728 1800 ᾔδεισαν
1746 1779 1755 1796 ,
1789 1747 1844 1785 διὰ
1870 1747 1910 1784 τὸ
1936 1746 1994 1784 τὸν
2022 1745 2177 1798 ἑρμηνέα
2201 1745 2328 1797 μεταξὺ

1305 1810 1464 1849 ἑστάναι·
1483 1812 1560 1848 ἀλλ’
1580 1812 1641 1848 οὐκ
1664 1809 1714 1847 ἔτι
1730 1810 1850 1848 λοιπὸν
1873 1808 1986 1862 φέρειν
2004 1807 2167 1856 ἠδύνατο,
2182 1810 2245 1853 τ’ἧς
2262 1806 2329 1859 φύ-

1305 1887 1390 1916 σεως
1416 1873 1477 1918 τῆς
1496 1872 1686 1924 ἀδελφικῆς
1710 1871 1770 1908 καὶ
1795 1874 1857 1917 τῆς
1879 1868 2097 1921 συμπαθείας
2114 1869 2216 1907 αὐτὸν
2234 1870 2332 1919 ἐλεγ-

1305 1934 1447 1986 χούσης.
1469 1933 1538 1971 Καὶ
1558 1932 1811 1985 ἀποστραφεὶς,
1829 1931 1933 1984 φησὶν
1946 1960 1956 1978 ,
1977 1933 2037 1968 ἀπ’
2055 1932 2182 1978 αὐτῶν,
2208 1930 2331 1968 ἔκλαυ-

1308 2011 1364 2033 σεν
1381 2025 1389 2043 ,
1417 1994 1508 2033 ὥστε
1523 1994 1572 2045 μὴ
1588 1994 1783 2042 κατάδηλος
1803 1995 1917 2037 αὐτοῖς
1932 1992 2103 2044 γενέσθαι.
2135 1991 2207 2030 Καὶ
2226 1991 2331 2030 πάλιν

1307 2058 1481 2110 προσῆλθε
1501 2056 1586 2108 πρὸς
1606 2055 1728 2099 αὐτοὺς
1743 2086 1752 2104 ,
1769 2055 1828 2093 καὶ
1856 2048 1948 2093 εἶπεν
1971 2056 2097 2096 αὐτοῖς.
2130 2053 2200 2092 Καὶ
2229 2052 2333 2091 ἔλαὸε

1307 2119 1365 2156 τὸν
1385 2120 1572 2168 Συμεῶνα,
1588 2117 1647 2155 καὶ
1661 2117 1782 2163 ἔδησεν
1798 2115 1901 2154 αὐτὸν
1919 2115 2071 2153 ἐναντίον
2091 2116 2216 2153 αὐτῶν.
2238 2113 2334 2165 εὈρα

1308 2182 1382 2222 πῶς
1410 2179 1526 2218 πάντα
1555 2184 1668 2226 ποιεῖ,
1701 2178 1791 2216 ὥστε
1817 2180 1865 2220 εἷς
1886 2176 1990 2229 φόὸον
2014 2175 2136 2219 αὐτοὺς
2154 2175 2334 2226 ἓμὸαλεῖν,

1308 2241 1366 2278 ἵνα
1385 2244 1530 2294 ὁρῶντες
1549 2239 1593 2277 τὰ
1620 2240 1733 2290 δεσμὰ
1763 2242 1822 2277 τοῦ
1849 2237 2018 2288 Συμεὼν,
2050 2236 2174 2283 δήλους
2194 2235 2334 2279 ἑαυτοὺς

1310 2302 1517 2349 ποιήσωσιν,
1540 2302 1571 2339 εἴ
1589 2317 1666 2339 τινα
1679 2301 1758 2353 περὶ
1778 2301 1836 2338 τὸν
1854 2300 2000 2352 ἀδελφὸν
2019 2299 2238 2349 συμπάθειαν
2255 2299 2333 2336 ἐπι-

1311 2363 1518 2402 δείκνυνται.
1550 2362 1674 2401 Πάντα
1694 2363 1761 2416 γὰρ
1776 2365 1886 2400 ταῦτα
1902 2367 1994 2399 ποιεῖ
2012 2360 2206 2412 βασανίζων
2224 2361 2335 2398 αὐτῶν

1317 2424 1380 2471 τὴν
1400 2425 1556 2477 γνώμην,
1577 2424 1635 2462 καὶ
1650 2426 1780 2475 γνῶναι
1802 2422 2009 2474 βουλόμενος
2024 2452 2033 2469 ,
2057 2423 2086 2459 εἷ
2104 2421 2152 2472 μὴ
2173 2420 2233 2459 καὶ
2251 2421 2337 2473 πρὸς

1310 2485 1368 2524 τὸν
1395 2486 1562 2537 Βενιαμὶν
1597 2489 1745 2523 τοιοῦτοι
1769 2484 1944 2536 γεγόνασι.
1979 2482 2046 2521 Διὰ
2082 2486 2184 2520 τοῦτο
2202 2481 2335 2520 καὶτὸν

1312 2549 1483 2598 Συμεῶνα
1512 2547 1665 2586 ἐναντίον
1703 2549 1816 2585 αὐτῶν
1855 2547 2058 2595 δεσμεῖσθαι
2091 2543 2225 2582 κελεύει
2240 2571 2250 2589 ,
2280 2542 2337 2580 ἵνα

1314 2609 1487 2661 βασανίσῃ
1504 2608 1627 2652 αὐτοὺς
1645 2608 1735 2659 μετὰ
1756 2607 1954 2659 ἀκριὸείας,
1974 2606 2033 2644 καὶ
2054 2605 2110 2656 ἴδῃ
2129 2605 2161 2642 εἴ
2178 2621 2256 2642 τινα
2278 2619 2336 2655 φι-

1311 2670 1516 2722 λοστοργίαν
1532 2670 1613 2721 περὶ
1632 2670 1733 2708 αὐτὸν
1752 2668 1997 2706 ἐνδείκνυνται.
2017 2665 2062 2704 ‘ll
2081 2667 2148 2717 γὰρ
2167 2664 2247 2717 περὶ
2262 2668 2339 2702 τοῦ·

1311 2746 1368 2770 τον
1389 2730 1494 2783 φειδὼ
1515 2729 1772 2782 παρεσκεύαζεν
1791 2730 1998 2779 ἐπιταχῦναι
2014 2726 2077 2773 τὴν
2096 2731 2155 2764 τοῦ
2172 2725 2338 2776 Βενιαμὶν

1311 2791 1519 2844 παρουσίαν,
1536 2790 1621 2843 ὅπερ
1637 2789 1801 2827 ἓὸούλετο
1813 2788 1983 2862 γενέσθαι,
1996 2787 2087 2825 ὥστε
2103 2785 2341 2839 πληροφορίαν

1311 2853 1413 2892 λαὸ,
1405 2870 1432 2891 ιν
1451 2854 1490 2890 ἐκ
1506 2854 1569 2898 τ’ἧς
1584 2856 1644 2889 τοῦ
1660 2852 1809 2903 ἀδελφου
1828 2850 2030 2903 παρουσίας.
2048 2849 2119 2888 Καὶ
2135 2849 2340 2893 ενετείλατο,

292 2936 358 2959 '16¹1'
361 2930 445 2959 elur
475 2933 640 2972 pecuma
677 2920 977 2970 umuscujusque
1012 2929 1053 2952 ln
1087 2927 1241 2952 SaCCHm
1255 2955 1301 2979 ⁶¹2
1315 2930 1418 2966 φησιν
1437 2943 1446 2961 ‚
1474 2915 1656 2963 ἐμπλῆσαι
1678 2929 1721 2950 τα
1742 2913 1866 2963 ἀγγεῖα
1886 2929 1946 2949 αυ
1932 2927 1998 2949 ”mv
2018 2910 2135 2957 6ί”“ου,
2168 2908 2228 2947 καὶ
2248 2909 2340 2945 ἀπθ-

292 2996 416 3028 suum,
430 2990 463 3018 et
477 2980 946 3018 (Ιανεῖιινειενιαῑισιιιηιη
957 2978 1106 3014 ttinere
1112 2977 1177 3013 96.
1188 2976 1242 3013 Et

294 3057 378 3080 rum
402 3044 666 3093 imposuzssent
687 3041 809 3077 asinis
825 3041 918 3085 suis,
937 3039 1129 3076 abierunt.
1147 3034 1243 3075 Vide

293 3112 422 3154 quanta
441 3101 653 3139 liberalitate
672 3110 804 3148 utatur,
821 3099 908 3137 dum
927 3098 1035 3137 etiam
1056 3097 1176 3136 invitis
1195 3096 1244 3134 eis

296 3166 479 3215 benefacit,
499 3179 567 3203 non
587 3165 803 3202 frumentum
820 3164 935 3202 solum
949 3162 1049 3211 (lans,
1062 3160 1244 3199 sedetiam

296 3228 494 3282 pecuniam.
515 3228 577 3265 27.
600 3227 697 3264 Cum
727 3233 856 3263 autem
888 3237 986 3263 unus
1010 3239 1057 3262 ex
1081 3225 1135 3261 eis
1157 3236 1244 3274 ape-

297 3294 432 3329 ruisset
466 3303 633 3335 saccum,
673 3297 711 3325 ut
748 3288 856 3325 daret
885 3286 1073 3338 pabulum
1107 3287 1242 3330 asinis,

299 3356 360 3390 28,
388 3353 486 3390 rvidit
515 3352 732 3402 pecuniam,
755 3357 786 3386 et
811 3349 1120 3400 di.1·itsratribus
1150 3349 1241 3385 suis.

298 3416 461 3465 Propter
482 3415 552 3451 hoe
569 3414 776 3450 attonitum
794 3419 847 3448 es!
865 3424 930 3448 cor
944 3423 1088 3452 eorum.
1112 3417 1144 3447 et
1165 3417 1244 3446 tur-

1268 2992 1290 3021 Α
1315 2990 1432 3014 ΟΟυναΙ.
1451 2991 1490 3012 TO
1508 2974 1670 3027 ἀργυρῑον
1692 2973 1833 3011 ἑχαστὺ)
1850 2975 1897 3016 Εἷς
1914 2989 1973 3011 τον
1994 2971 2121 3011 σάκκον
2143 2973 2262 3016 αὖ”Ου,
2284 2970 2342 3006 md

1317 3039 1432 3076 δοῦναι
1458 3038 1572 3078 αυτοῖς
1589 3035 1812 3085 ἐπισιτισμὸν
1830 3037 1877 3078 εἰς
1893 3051 1956 3081 την
1973 3033 2065 3072 ὁδόν.
2085 3032 2155 3070 Καὶ
2171 3029 2345 3074 ἐπιθέντες

1317 3104 1387 3142 τοῖς
1414 3098 1503 3141 ὄνοις
1531 3099 1643 3135 αὐτῶν
1679 3098 1847 3143 ἀπῆλθον.
1879 3094 1976 3147 ”Ορα
2003 3093 2114 3139 πόσην
2144 3091 2343 3144 φιλοτιμίαν

1318 3160 1571 3198 ἐπιδείκνυται·
1605 3158 1665 3197 καὶ
1695 3159 1841 3200 ἄκοντας
1865 3155 1987 3199 αὖτοὺς
2015 3156 2209 3207 εὐεργετεῖ,
2229 3154 2267 3190 οὐ
2286 3152 2345 3190 τὸν

1318 3227 1410 3260 σῖτον
1432 3221 1535 3271 μόνον
1553 3219 1725 3265 δεδωκὼς,
1745 3218 1837 3257 ἀλλὰ
1854 3233 1912 3255 και
1928 3217 1971 3254 τὰ
1991 3215 2150 3291 ἀργύρια.
2170 3213 2290 3256 Λύσας
2309 3213 2345 3251 δὲ

1319 3277 1366 3327 εἷς
1383 3282 1416 3326 ἐξ
1434 3298 1515 3320 αυτ(
1517 3298 1545 3319 ιν
1567 3283 1624 3320 τὸν
1646 3281 1848 3333 μάρσιππον
1867 3280 1992 3323 αὐτοῦ,
2013 3277 2104 3314 ι’)στε
2121 3277 2236 3314 δουναι
2255 3290 2341 3326 χορ-

1320 3345 1484 3395 τάσματα
1510 3349 1580 3386 τοὶς
1612 3343 1717 3389 ὄνοις,
1748 3345 1811 3392 ὃρᾴ
1829 3353 1868 3377 το
1893 3338 2074 3391 ἀργύριον,
2095 3336 2153 3374 καὶ
2181 3339 2255 3374 εἰπε
2275 3340 2345 3377 τοῖς

1322 3408 1478 3457 ἀδελφοῖς
1499 3420 1612 3443 αυτου.
1657 3402 1740 3442 ΙΞπὶ
1760 3401 1871 3439 τούτω
1894 3399 2012 3445 ἐξέστη
2033 3401 2054 3445 ἡ
2076 3396 2201 3449 καρδία
2221 3410 2345 3441 αυτυν,
