2516 3791
702 183 760 213 DE
798 181 967 211 nsvioit
1004 179 1060 210 ΕΤ
1096 178 1239 210 SAULE
1279 179 1470 210 HOMtLlA
1510 182 1539 210 1.

89 273 149 309 τοῦ
169 271 278 310 Δαυὶδ
299 268 466 320 ἐμπίπτει
484 267 528 306 τὰ
559 266 692 306 δίκτυα.
729 259 799 305 ηἮν
822 265 890 318 γὰρ
928 267 998 304 ἐκεῖ
1035 262 1127 310 σπή-

90 341 201 389 λαιον,
224 340 333 393 φησὶ,
363 338 423 377 καὶ
451 339 589 385 εἷο-’ἦλθε
629 337 748 376 Σαοὺλ
774 335 1125 389 παρασκευάσασθαι.

91 410 161 450 Καὶ
187 410 298 449 Δαυὶδ
326 408 385 447 καὶ
412 411 444 447 οἱ
473 408 592 461 ἄνδρες
626 409 731 446 αὐτοῦ
751 408 785 446 ἐν
806 409 856 458 τῷ
884 403 1048 457 σπηλαίῳ
1075 404 1126 455 τῷ

90 481 249 534 ἐσωτέρῳ
275 479 457 527 ἐκάθηντο.
482 479 551 518 Καὶ
578 471 672 517 εἶπον
691 479 722 515 οἱ
743 477 862 530 ἄνδρες
896 474 1007 514 Δαυὶδ
1040 473 1126 526 πρὸς

92 549 217 589 αὐτόν·
244 549 316 588 ἰδοὺ
352 553 374 596 ἡ
402 548 537 601 ἡμέρα,
569 547 684 591 καθὼς
718 540 791 586 εἷπε
830 546 974 598 Κύριος·
1002 543 1130 598 δίδωμι

91 622 149 660 τὸν
169 621 293 674 ἐχθρόν
314 636 374 660 σου
393 604 441 664 εἷς
455 619 516 663 τὰς
542 619 662 672 χεῖράς
678 634 738 658 σου
752 649 761 667 ,
776 618 836 655 καὶ
852 615 1011 663 ποιήσεις
1030 615 1128 666 αὐτῷ

1120 674 1128 688 ἱ

91 693 136 732 τὰ
150 692 294 746 ἀρεστὸν
317 694 353 730 ἐν
370 693 561 744 ὀφθαλμοῖς
580 705 652 728 σου.
674 689 743 728 Καὶ
761 687 889 734 ἀνέστη
909 685 1020 724 Δαυὶδ
1036 716 1045 734 ,
1071 690 1132 723 και

92 763 212 814 ἀφεῖλε
236 762 276 800 τὸ
295 760 479 814 πτερύγιον
510 762 574 806 τῆς
605 756 778 802 διπλοΐδος
798 755 916 795 Σαοὺλ
941 754 1129 807 λαθραίως.
1156 766 1180 797 C

94 832 164 870 Καὶ
191 831 280 882 μετὰ
306 835 416 870 ταῦτα
436 829 586 874 ἐπάταξε
605 829 664 868 τὸν
680 827 791 866 Δαυὶδ
815 829 837 874 ἡ
858 826 986 879 καρδία
1000 827 1105 864 αὐτοῦ
1118 856 1128 874 ,

92 901 145 940 ὅτι
181 903 300 954 ἀφεῖλε
330 900 370 939 τὸ
411 899 595 953 πτερύγιον
635 900 698 944 τ’ἧς
734 895 928 942 διπλοΐδος,
962 895 1021 934 καὶ
1053 889 1130 934 εἷπε

92 971 205 1010 Δαυὶδ
228 970 314 1024 πρὸς
336 969 414 1014 τοὺς
444 970 570 1022 ἄνδρας
586 969 706 1007 αὐτοῦ·
743 968 916 1020 μηδαμῶς
943 981 1000 1018 μοι
1030 965 1128 1018 παρὰ

93 1039 222 1094 Κυρίου
254 1043 401 1087 ποιῆσαι
432 1041 472 1079 τὸ
497 1042 593 1094 ρ’ἧμα
614 1042 716 1076 τοῦτο
750 1040 800 1090 τῷ
831 1037 940 1090 κυρίῳ
968 1051 1050 1087 μου,
1078 1038 1128 1088 τῷ

93 1113 229 1164 χριστῷ
249 1110 398 1165 Κυρίου,
419 1112 615 1162 ἐπενεγκεῖν
637 1108 701 1156 τὴν
722 1108 825 1161 χεῖρά
843 1123 908 1159 μου
930 1109 984 1146 ἐπ’
1007 1107 1125 1154 αὐτὸν,

92 1182 147 1220 ὅτι
164 1182 306 1235 χριστὸς
332 1180 461 1234 Κυρίου
482 1180 587 1219 ἐστίν.
606 1174 707 1224 Εἶδες
729 1179 773 1217 τὰ
794 1179 916 1218 δίκτυα
930 1178 1105 1230 τεταμένα
1118 1208 1127 1226 ,

93 1251 154 1290 καὶ
180 1252 219 1290 τὸ
238 1251 381 1304 θήραμα
400 1250 726 1302 ἑναπειλημμένον,
753 1250 813 1288 καὶ
847 1249 906 1288 τὸν
933 1249 1128 1301 κυνηγέτην

94 1325 249 1370 ἑστῶτα,
279 1323 338 1361 καὶ
364 1322 496 1365 πάντας
515 1321 800 1373 ἐγκελευομένους
830 1320 1000 1373 βαπτίσαι
1022 1320 1062 1359 τὸ
1082 1320 1129 1365 ξί-

95 1407 156 1446 φος
182 1394 229 1436 εἷς
253 1391 292 1430 τὸ
309 1395 368 1430 τοῦ
388 1390 556 1443 πολεμίου
575 1394 722 1440 στῆθος,
742 1389 819 1429 Θέα
838 1405 897 1442 μοι
916 1390 1037 1428 λοιπὸν
1064 1388 1128 1437 τὴν

96 1461 313 1515 φιλοσοφίαν,
338 1461 399 1499 θέα
416 1460 479 1508 τὴν
502 1459 632 1508 πάλην,
651 1459 715 1507 τὴν
739 1459 853 1506 νίκην,
872 1460 929 1498 τὸν
948 1458 1128 1512 στέφανον.

96 1530 166 1570 Καὶ
185 1531 253 1585 γὰρ
284 1531 424 1570 στάδιον
450 1524 491 1577 ἦν
511 1530 551 1569 τὸ
575 1529 748 1577 σπήλαιον
777 1531 908 1578 ἐκεῖνο,
941 1529 1002 1568 καὶ
1031 1529 1128 1577 πάλη

96 1600 283 1654 θαυμαστή
312 1617 365 1644 τις
394 1600 524 1652 ἐγίνετο
554 1600 613 1638 καὶ
642 1599 846 1654 παράδοξος.
867 1600 1042 1638 Ἐποίλαιε
1067 1600 1130 1650 μὲν

96 1672 165 1725 γὰρ
198 1675 216 1710 ὁ
247 1671 380 1719 Auula,
411 1669 578 1709 ἐπύκτευε
604 1670 639 1709 δὲ
664 1673 683 1708 ὁ
710 1670 832 1720 θυμὸς,
858 1669 918 1707 καὶ
939 1670 1088 1708 ἔπαθλον
1113 1672 1132 1708 ὃ

97 1741 216 1780 Σαοὺλ
236 1733 376 1788 ἔκειτο,
395 1741 455 1779 καὶ
482 1740 698 1792 ἀγωνοθέτης
713 1734 756 1788 ἦν
773 1743 791 1779 ὁ
813 1739 921 1785 Θεός·
948 1741 1080 1791 μᾶλλον
1094 1738 1130 1779 δὲ

94 1812 135 1848 οὐ
154 1812 240 1864 πρὸς
262 1811 383 1850 ἑαυτὸν
413 1810 515 1861 μόνον
541 1810 601 1849 καὶ
627 1810 688 1859 τὴν
714 1811 900 1862 ἐπιθυμίαν
922 1811 985 1859 τὴν
1006 1814 1129 1849 ἑαυτοῦ

95 1876 138 1928 ἦν
163 1883 256 1933 αὐτῷ
281 1883 299 1919 ὃ
325 1881 496 1932 πόλεμος,
525 1880 614 1919 ἀλλὰ
649 1881 708 1919 καὶ
741 1881 826 1935 πρὸς
853 1880 931 1926 τοὺς
954 1881 1130 1935 παρόντας

97 1950 326 2004 στρατιώτας.
351 1951 478 2004 Εἰγὰρ
508 1952 568 1989 καὶ
582 1953 778 2005 φιλοσοφεῖν
795 1951 897 1998 ἤθελε
924 1952 988 1990 ’καὶ
1015 1951 1128 2005 φείδε-

95 2023 177 2059 σθαι
196 2022 255 2058 τοῦ
275 2019 534 2068 λελυπηκότος,
565 2020 654 2064 εἰκὸς
678 2014 720 2067 ἦν
746 2019 806 2058 καὶ
823 2019 1013 2059 δεδοικέναι
1027 2021 1129 2060 αὐτὸν

96 2091 267 2139 ἐκείνους,
289 2090 428 2142 μήποτε
446 2090 506 2128 καὶ
533 2090 752 2144 συγκόψωσιν
775 2091 878 2130 αὐτὸν
903 2094 937 2130 ἐν
963 2094 1013 2145 τῷ
1033 2107 1129 2139 σπη-

95 2161 205 2214 λαίῳ,
225 2160 286 2198 ἅτε
300 2162 465 2210 λυμεῶνα
484 2159 542 2198 καὶ
558 2160 730 2213 προδότην
746 2161 846 2200 αὐτὸν
864 2161 947 2200 ὄντα
975 2163 1038 2208 τ’ῆς
1067 2163 1131 2200 αὗ-

92 2233 166 2269 τῶν
193 2229 388 2282 σωτηρίας,
408 2230 467 2268 καὶ
499 2229 556 2268 τὸν
584 2231 697 2269 κοινὸν
718 2231 840 2284 ἐχθρὸν
861 2233 974 2270 αὐτῶν
1007 2231 1133 2271 διασώ-

97 2304 212 2347 ζοντα.
230 2302 302 2341 Καὶ
326 2301 395 2355 γὰρ
415 2302 504 2346 εἰκὸς
518 2296 561 2349 ἦν
578 2307 687 2340 ταῦτα
706 2301 797 2340 κατὰ
815 2301 967 2341 διάνοιαν
987 2303 1132 2342 ἕκαστον

100 2371 212 2408 αὐτῶν
232 2369 500 2422 δυσχεραίνοντα
524 2369 637 2422 λέγειν
652 2384 660 2392 ·
691 2371 869 2416 πλανῆται
893 2369 952 2409 καὶ
983 2370 1133 2424 φυγάδες

102 2439 289 2491 ἐγενόμεθα
309 2442 434 2489 ἡμεῖς,
467 2439 527 2477 καὶ
547 2439 658 2484 οἰκίας
689 2440 749 2478 καὶ
775 2441 941 2493 πατρίδος
976 2441 1036 2480 καὶ
1062 2444 1130 2480 τῶν

103 2506 217 2545 ἄλλων
237 2507 398 2546 ἁπάντων
419 2507 643 2560 ἐξεπέσομεν,
675 2510 736 2548 καὶ
766 2512 835 2548 τῶν
871 2512 1048 2565 δυσιερῶν
1076 2526 1131 2550 σοι

103 2577 244 2616 πάντων
261 2577 559 2630 ε’κοινωνήσαμεν·
591 2579 650 2617 καὶ
684 2579 725 2618 σὺ
754 2584 823 2619 τῶν
852 2584 969 2620 κακῶν
1001 2582 1131 2622 τούτων

102 2648 161 2686 τὸν
190 2648 297 2686 αἴτιον
314 2649 361 2692 εἷς
380 2655 500 2700 χεῖρας
529 2648 665 2699 λαέὼν,
682 2653 818 2703 ἀφεῖναι
836 2651 976 2704 διανοῇ,
992 2652 1049 2691 ἵνα
1065 2670 1131 2704 μη-

104 2718 226 2756 δέποτε
241 2721 309 2757 τῶν
330 2721 447 2757 κακῶν
470 2718 599 2758 τούτων
615 2723 716 2771 ἡμεῖς
742 2720 757 2740 b
770 2720 1054 2775 ἅναπνεῦσωμεν,
1072 2723 1133 2762 καὶ

104 2786 306 2831 σπουδάζων
329 2788 387 2826 τὸν
408 2789 528 2840 ἐχθρὸν
553 2789 742 2839 διασῶσαι,
773 2792 945 2844 προδίδως
969 2792 1047 2838 τοὺς
1072 2793 1131 2847 φί-

104 2856 200 2902 λους;
218 2855 286 2894 Καὶ
307 2860 372 2894 ποῦ
397 2861 508 2895 ταῦτα
528 2859 665 2909 δίκαια,
683 2863 725 2900 Εἰ
747 2861 816 2915 γὰρ
837 2866 900 2910 τῆς
927 2866 1050 2903 ἑαυτοῦ
1069 2879 1132 2902 κα-

104 2999 180 3049 [⁷⁹.ss-
203 2997 256 3035 Οὐ
270 2997 371 3034 λυπεῖ
391 3012 429 3035 σε
444 2996 488 3035 τὰ
509 2998 746 3050 παρελθόντα,
770 3002 846 3042 οὐδὲ
867 3004 1046 3055 μέμνησαι
1064 3007 1132 3042 τῶν

105 3067 223 3103 κακῶν
259 3059 306 3104 ὧν
339 3067 462 3110 ἔπαθες
499 3069 582 3119 παρ’
612 3069 740 3117 αὐτοῦ;
773 3071 841 3111 Διὰ
880 3073 924 3112 τὰ
961 3074 1133 3125 μέλλοντα

106 3135 228 3184 ἄνελε,
256 3136 314 3175 ἵνα
343 3135 392 3187 μὴ
416 3137 556 3186 μείζονα
586 3138 646 3175 καὶ
665 3141 897 3195 χαλεπώτερα
928 3145 1136 3196 ὓποστῶμεν

106 3206 211 3245 κακαί.
228 3208 351 3246 Ταῦτα
372 3207 438 3260 γὰρ
456 3210 484 3246 εἱ
499 3209 559 3247 καὶ
576 3209 625 3260 μὴ
645 3215 716 3255 τοῖς
736 3211 888 3264 ῥήμασιν
908 3214 1040 3267 ἔλεγον,
1058 3218 1134 3255 ἀλλ’

153 3339 167 3354 ·
192 3328 272 3373 Reg.
292 3333 511 3374 ἀναλώσωμεν.

324 3416 417 3440 ΤΟΜ.
446 3417 499 3443 lv.

1145 2905 1192 2929 755

104 2932 283 2979 ταφρονεῖς
304 2926 498 2979 σωτηρίας,
523 2929 614 2967 ἀλλὰ
632 2933 694 2977 τ’ἧς
715 2931 888 2986 ἡμετέρας
923 2941 1039 2986 φεῖσαι
1062 2936 1132 2987 ‘ist'-
1156 2942 1182 2972 Α

2058 167 2148 228 875

1190 276 1354 313 qn.·1=rens
1375 277 1456 301 euni
1471 295 1482 314 ,
1505 265 1568 315 qui
1587 278 1656 302 non
1676 265 1791 302 soluin
1809 265 1900 302 nihil
1916 265 2050 303 laeserat
2065 297 2074 311 ‚
2092 266 2154 304 sed

1201 337 1283 361 cuni
1317 334 1405 362 esset
1447 325 1570 373 laesus,
1617 326 1774 364 maxima
1810 335 1844 365 et
1882 327 2155 365 ininuuerabilia

1201 399 1266 436 pro
1280 385 1421 437 injuriis
1435 386 1528 425 buna
1545 388 1772 440 rependerat.
1792 391 1835 425 At
1850 388 1935 426 Sa'ul
1950 388 2155 441 imprudens

1202 454 1282 496 post
1295 445 1421 484 incidit
1439 447 1474 485 in
1492 448 1578 485 retia
1599 448 1765 487 navidis.
1787 451 1888 488 Erat
1902 450 2009 498 enini,
2027 450 2156 501 inquit,
2178 455 2289 487 ¹-Rex-
2307 455 2356 490 ²¹1·

1203 507 1258 543 ibi
1273 507 1458 558 spelunca
1470 539 1480 554 ,
1505 518 1539 547 et
1560 511 1754 561 ingressus
1774 519 1829 548 est
1845 511 1941 548 Saiil
1962 519 2001 548 ιιι
2018 526 2156 549 exone-
2172 497 2262 536 '4‘7‘

1204 576 1309 605 raret
1342 568 1490 607 alvum.
1525 571 1661 608 David
1687 580 1817 609 (tatem
1845 584 1932 609 cum
1953 575 2158 611 comitibus

1206 631 1285 667 suis
1306 631 1346 666 in
1367 632 1549 668 interiore
1568 632 1760 683 speluncce
1776 641 1888 684 parte
1904 634 2076 671 sedebat.
2094 635 2162 671 Di-

1204 699 1422 743 oeeruntque
1449 695 1528 730 viri
1558 695 1695 731 Das-id
1712 694 1766 731 acl
1789 694 1902 731 illum
1925 709 1935 730 .·
1958 695 2061 733 Ecce
2081 696 2161 733 dies

1205 752 1254 789 dc
1278 765 1355 804 qno
1382 754 1482 791 dixit
1517 755 1710 793 Dominus
1729 771 1740 791 .·
1764 757 1795 792 T
1795 756 1933 793 radam
1961 758 2162 794 inimicum

1206 822 1313 850 tuam,
1328 816 1369 850 in
1384 829 1524 853 manus
1545 825 1646 862 tuas,
1667 818 1867 870 faciesque
1887 818 1949 855 illi
1964 818 2162 870 qnodpla-

1204 877 1323 913 citum
1344 879 1416 914 erit
1434 879 1476 914 in
1496 879 1618 916 oculis
1636 882 1725 917 tuis.
1747 881 1799 917 Et
1820 883 1987 917 surrevit
2005 882 2161 926 David,

1203 937 1438 989 sustulitque
1455 938 1643 977 laciniam
1663 941 1889 989 chlamydis
1909 941 2038 979 Saiilis
2054 942 2164 980 clan-

1203 997 1345 1036 culum.
1372 1001 1425 1036 Et
1443 1010 1528 1052 post
1550 1002 1632 1039 lioec
1648 1005 1838 1053 percussit
1871 1004 2067 1041 Davidem
2100 1018 2167 1042 cor

1202 1060 1336 1110 ipsius,
1357 1062 1463 1112 qaod
1475 1064 1697 1102 abstulisset
1717 1065 1906 1102 laciniam
1921 1066 2161 1116 chlamydis,

1203 1121 1381 1174 dixitque
1409 1125 1546 1162 David
1577 1127 1632 1163 ad
1662 1129 1769 1164 ‘viros
1800 1140 1889 1165 snos
1909 1143 1919 1162 :
1938 1127 2110 1165 Avertat
2141 1142 2166 1165 a

1204 1197 1265 1220 me
1280 1185 1494 1235 Dominus,
1512 1187 1721 1239 nesaciam
1735 1190 1898 1225 verbum
1919 1189 1991 1225 hoc
2008 1189 2166 1226 domino

1205 1258 1312 1291 meo,
1350 1247 1497 1285 christo
1525 1249 1711 1295 Domini,
1749 1251 1981 1302 mittamque
2006 1263 2165 1288 manum

1204 1320 1331 1344 meam
1360 1310 1402 1345 in
1423 1309 1558 1356 illum,
1596 1312 1783 1362 quoniam
1810 1311 1978 1348 christus
2003 1312 2166 1350 Domini

1205 1376 1275 1406 est.
1299 1368 1438 1407 Vidisti
1459 1379 1555 1407 tensa
1574 1370 1677 1421 retia,
1696 1370 1823 1409 vidisti
1837 1370 1997 1423 praedam
2011 1382 2165 1424 captam,

1206 1428 1330 1468 vidisti
1348 1441 1555 1470 venatorem
1568 1441 1740 1482 erectum,
1756 1432 1882 1471 vidisti
1896 1447 2017 1471 omncs
2032 1434 2167 1472 adhor-

1206 1500 1340 1542 tantes,
1370 1502 1410 1532 ut
1429 1508 1547 1533 ensem
1571 1496 1607 1534 in
1626 1495 1741 1534 hostis
1767 1505 1890 1549 pectus
1913 1497 2166 1550 immergeret?

1204 1553 1310 1591 Nunc
1326 1553 1417 1592 mihi
1431 1564 1551 1607 specta
1572 1556 1861 1608 philosophicam
1877 1558 1988 1595 animi
2004 1559 2166 1597 modera-

1204 1613 1351 1662 tionem,
1360 1625 1478 1667 specta
1493 1616 1641 1665 luctam,
1655 1617 1859 1667 victoriam,
1877 1633 2059 1658 coronam.
2073 1622 2165 1658 Nam

1205 1675 1373 1727 spelunea
1395 1676 1456 1715 illa
1479 1691 1628 1730 campus
1647 1688 1742 1728 erat,
1763 1689 1869 1731 atque
1887 1681 1981 1718 lucta
1998 1681 2164 1733 quaedam

1205 1736 1386 1776 mirabilis
1401 1737 1572 1790 dictuque
1592 1739 1816 1779 incredibilis
1835 1742 1927 1780 sacta
1947 1752 2010 1781 est.
2032 1744 2163 1783 Lucta-

1204 1806 1263 1836 tns
1292 1808 1344 1837 est
1379 1800 1524 1851 David,
1558 1802 1719 1855 pugilem
1745 1803 1817 1855 egit
1844 1804 2054 1855 iracundia,
2077 1806 2163 1845 Saiil

1203 1860 1342 1912 positus
1357 1871 1434 1900 erat
1446 1863 1652 1903 certaminis
1665 1864 1813 1902 materia
1824 1895 1835 1915 ,
1849 1866 2077 1917 agonothetes
2090 1878 2166 1906 erat

1205 1923 1302 1961 Deus
1320 1938 1328 1959 :
1344 1923 1432 1975 quin
1467 1925 1607 1978 potius,
1643 1939 1712 1964 non
1748 1925 1818 1979 ipsi
1853 1927 1961 1966 modo
1992 1928 2165 1969 adversus

1204 1984 1374 2038 seipsum,
1392 1987 1645 2040 propriamque
1657 1987 1893 2041 cupiditatem
1904 1999 1978 2028 erat
1988 1991 2165 2042 praelium,

1204 2045 1264 2084 sed
1286 2055 1320 2084 et
1347 2046 1520 2087 adversus
1539 2049 1672 2087 milites
1690 2049 1753 2101 qui
1779 2049 1939 2088 aderant.
1962 2051 2104 2092 Etenim
2136 2055 2167 2092 si

1204 2108 1378 2148 voluisset
1411 2110 1533 2149 animo
1565 2110 1743 2150 moderari
1760 2142 1769 2160 ,
1796 2127 1838 2152 ac
1870 2127 2016 2165 parcere
2045 2115 2077 2153 ei
2103 2117 2166 2168 qui

1205 2169 1343 2209 laeserat
1355 2201 1365 2220 ,
1383 2182 1658 2212 consentaneum
1677 2183 1752 2212 erat
1765 2183 1804 2212 ut
1824 2184 1857 2213 et
1876 2175 1958 2214 illos
1973 2186 2165 2227 metueret,

1206 2245 1249 2269 ne
1271 2232 1362 2271 forte
1388 2233 1507 2286 ipsum
1533 2234 1755 2273 trucidarent
1789 2235 1826 2273 in
1853 2236 2020 2288 spelunca
2036 2269 2047 2289 ,
2075 2249 2165 2278 tain-

1204 2308 1313 2344 quam
1338 2294 1401 2345 qui
1419 2295 1568 2334 illorum
1598 2296 1751 2335 salutem
1780 2297 2016 2350 prodidisset,
2036 2315 2078 2339 ac
2099 2317 2165 2354 pu-

1204 2354 1343 2393 blicum
1379 2355 1537 2408 ipsorum
1574 2357 1713 2396 hostem
1751 2369 1937 2397 servasset.
1974 2361 2166 2401 Probabile

1205 2416 1301 2454 enim
1315 2426 1366 2455 est
1378 2416 1526 2456 illorum
1542 2432 1834 2471 unumquemque
1851 2419 1976 2459 dolore
1988 2424 2165 2475 percitum

1204 2477 1280 2517 haec
1298 2478 1390 2517 intra
1411 2494 1447 2518 se
1462 2479 1622 2519 dicturos
1640 2481 1748 2519 fuisse
1763 2481 1936 2521 :Erroncs
1955 2485 2165 2537 exsulesque

1203 2554 1327 2578 sumus
1342 2571 1354 2590 ,
1375 2540 1505 2590 domo,
1523 2542 1641 2594 patria
1676 2542 1883 2593 eaeterisque
1911 2545 2078 2584 omnibus
2097 2561 2162 2585 ex-

1203 2601 1318 2650 cussi,
1337 2602 1571 2653 omniumque
1587 2602 1846 2642 difficultatum
1861 2613 2006 2644 tuarum
2024 2622 2163 2647 consor-

1202 2672 1255 2701 tes
1274 2677 1397 2701 sumus
1415 2679 1422 2699 :
1438 2672 1471 2701 et
1499 2673 1536 2701 tu
1557 2678 1638 2702 eum
1651 2695 1660 2713 ,
1677 2665 1738 2716 qui
1761 2665 1892 2704 horum
1911 2668 2090 2707 malorum
2111 2680 2162 2708 est

1204 2734 1345 2774 auctor,
1366 2725 1402 2763 in
1422 2739 1548 2764 manns
1569 2735 1648 2764 tuas
1672 2726 1865 2775 traditum,
1887 2729 2020 2781 cogitas
2039 2731 2162 2770 dimit-

1204 2795 1296 2831 tere,
1316 2799 1359 2823 ne
1375 2785 1477 2824 nobis
1499 2801 1671 2837 umquam
1687 2787 1791 2826 liceat
1809 2789 1855 2827 ab
1871 2790 1928 2828 his
1946 2792 2160 2831 calamitati-

1205 2845 1272 2884 bus
1291 2847 1466 2899 respirare
1478 2878 1488 2897 ,
1502 2862 1542 2885 ac
1554 2848 1706 2900 proditis
1727 2850 1852 2889 amicis
1866 2851 2004 2890 hostem
2022 2868 2162 2892 servare

1206 2907 1351 2946 studes?
1370 2911 1424 2946 An
1447 2909 1522 2947 haec
1536 2910 1632 2961 justa
1649 2910 1762 2948 sunt?
1783 2913 1873 2949 Nam
1889 2913 1917 2950 si
1936 2922 2034 2952 tuam
2051 2915 2162 2968 ipsius

1206 2969 1355 3007 salntem
1378 2970 1550 3021 negligis,
1574 2980 1701 3009 nostrae
1715 2981 1806 3010 certe
1821 2973 1902 3011 vitae
1922 2989 2059 3026 pareas.
2084 2978 2162 3014 Non

1208 3031 1274 3069 tibi
1296 3031 1419 3069 dolent
1438 3041 1616 3080 anteacta,
1637 3047 1749 3084 neque
1771 3048 1906 3074 memor
1924 3050 1960 3075 es
1988 3039 2162 3075 malorum

1207 3107 1287 3143 quae
1306 3092 1352 3130 ab
1385 3092 1446 3131 illo
1469 3107 1656 3145 perpessus
1675 3094 1738 3132 es?
1757 3095 1859 3134 Certe
1877 3097 1923 3135 oh
1950 3111 1987 3135 ea
2007 3113 2086 3148 qum
2107 3099 2161 3135 su-

1211 3163 1289 3192 tura
1316 3163 1416 3203 sunt,
1434 3155 1519 3193 tolle
1539 3154 1679 3194 hostem
1690 3186 1701 3206 ,
1719 3170 1762 3195 ne
1778 3158 1910 3210 majora
1930 3167 1963 3195 et
1981 3159 2160 3197 acerbiora

1211 3215 1455 3268 perpetiamur
1473 3216 1580 3255 mala.
1598 3216 1684 3256 Haec
1705 3226 1745 3255 ut
1760 3218 1881 3257 verbis
1899 3233 1967 3257 non
1991 3219 2058 3256 sint
2074 3234 2161 3271 pro-
