2516 3791
120 1112 194 1141 lfwl.
209 1112 257 1142 “f-05.
278 1123 304 1142 2.

116 1713 206 1738 me.
227 1712 275 1740 253.

141 1751 148 1761 Ι

330 149 421 195 (322
741 167 774 195 s.
812 165 999 195 somme,
1036 161 1280 192 cnnrsos‘r.

327 262 434 299 quam
455 248 551 286 enim
572 248 689 296 dixit,
712 249 903 300 Dispersit
916 277 927 293 ,
959 245 1082 292 dedit,
1102 256 1145 280 ne
1170 250 1272 293 putes
1301 250 1324 279 Ε

327 309 488 362 dispersa
502 309 666 362 periisse,
682 308 762 346 ideo
776 308 895 347 statim
911 303 1074 344 subdidit
1089 319 1096 339 :
1113 303 1144 340 J
1143 303 1277 339 ustitia

328 372 410 423 ejus
430 379 561 408 manet
588 373 630 407 in
660 369 842 408 soeculum
859 366 1001 405 soeculi.
1017 363 1095 401 Illis
1109 392 1119 411 ,
1138 361 1275 412 inquit,

325 430 495 484 dispersis
511 462 520 480 7
535 430 674 483 justitia
695 436 833 467 mancat
852 423 1162 478 inexpugnabilis,
1183 431 1217 460 et
1239 422 1274 459 in

326 505 429 529 omne
441 492 610 529 saeculum
620 504 657 528 se
666 488 832 527 extendat
846 499 1041 537 numquam
1052 485 1159 522 finem
1172 483 1273 521 habi-

325 561 415 591 tura.
432 554 546 603 Atque
562 565 641 589 cum
656 551 878 601 eleemosyna
893 547 1000 586 etiam
1018 546 1106 584 alias
1123 545 1274 584 virtutes
1289 572 1296 578 .

324 613 513 664 diligenter
527 626 704 661 curemus,
717 620 751 649 et
760 610 963 649 affectiones
974 608 1089 648 carnis
1102 606 1273 660 reprima-

323 685 402 708 mus
411 701 422 719 7
445 679 478 707 et
496 670 718 707 eliminemus
739 683 785 707 ex
803 669 923 707 anima
951 681 1093 706 omnem
1111 666 1272 705 illicitam

323 731 662 782 concupiscentiam,
681 744 822 768 omnem
842 730 973 767 malam
995 728 1243 780 cogitationem
1260 758 1271 776 7

321 792 411 830 iram
414 823 426 844 7
439 792 736 844 indignationem,
747 791 933 840 invidiam3
942 800 975 829 et
985 804 1149 829 ornemus
1160 789 1273 827 omni-

320 853 387 891 hus
413 854 530 892 modis
555 854 682 892 animae
711 852 1035 906 pulchritudinem,
1055 860 1095 888 ut
1114 850 1273 888 claritate

319 915 600 965 pulchritudinis
621 916 696 967 ejus
716 914 943 953 conciliemus
972 912 1076 951 nohis
1103 911 1271 949 caelorum

321 977 515 1015 Dominum
529 1008 538 1025 7
559 986 592 1015 et
610 976 708 1029 apud
723 989 785 1014 nos
803 975 965 1012 habitare
977 974 1157 1025 dignetur.
1177 973 1270 1010 Nam

319 1039 382 1076 ubi
399 1038 530 1076 viderit
542 1038 669 1077 animae
686 1047 906 1078 venustatem
917 1067 928 1087 7
952 1035 1071 1074 statim
1091 1033 1269 1073 adveniet.

321 1100 422 1137 Dixit
433 1100 526 1138 enim
537 1100 672 1152 :Super
686 1114 798 1152 quem
809 1099 931 1136 alium
938 1099 1141 1150 respiciam
1152 1110 1271 1147 quam

319 1175 433 1212 super
449 1170 690 1199 mansuetum
704 1169 740 1198 et
757 1163 928 1213 quietum
953 1167 988 1197 et
1012 1158 1216 1205 humilem,
1234 1167 1271 1195 et

319 1230 540 1259 trementem
567 1235 759 1260 sermones
780 1235 881 1259 meos
894 1225 910 1258 Ρ
930 1219 1068 1260 Vidisti
1091 1219 1268 1269 quomodo
1295 1225 1317 1254 B

318 1297 380 1321 nos
396 1282 518 1321 (locuit
536 1297 655 1321 omnes
670 1283 872 1336 spirituales
891 1283 1038 1332 colores,
1048 1281 1178 1332 quibus
1192 1280 1268 1318 ani-

316 1359 382 1383 mae
401 1345 632 1398 pulchritudo
642 1354 755 1397 potest
766 1345 951 1383 decorari?
961 1344 1081 1396 Super
1091 1357 1267 1381 mansue-

318 1415 421 1453 tum,
442 1406 557 1458 inquit
567 1436 577 1456 7
594 1415 630 1444 et
647 1409 819 1459 quietum
831 1436 844 1454 ,
862 1414 899 1444 et
917 1405 1114 1443 humilem.
1130 1403 1267 1442 Deinde

315 1466 411 1517 quod
440 1467 516 1505 haec
549 1467 667 1505 omnia
685 1467 795 1505 efficit
827 1466 968 1505 addidit
990 1482 997 1503 :
1018 1468 1071 1505 Et
1099 1475 1263 1504 tremen-

317 1536 391 1564 tem
419 1542 612 1566 sermones
641 1542 757 1567 meos.
790 1527 887 1576 Quid
915 1537 988 1576 est,
1024 1529 1056 1565 T
1055 1537 1264 1566 rementem

315 1601 506 1624 sermones
522 1601 623 1625 meos
633 1592 649 1624 Ρ
665 1587 914 1625 Obedientiam
928 1586 995 1625 Dei
1011 1586 1190 1624 mandatis
1204 1601 1265 1639 per

314 1646 388 1698 ipsa
421 1661 527 1699 opera
560 1647 784 1699 implentem,
817 1647 916 1697 quod
951 1656 984 1684 et
1017 1647 1104 1684 alibi
1134 1646 1222 1684 dicit
1255 1663 1261 1682 :

314 1710 536 1760 Beatzcsqzci
547 1711 653 1746 timet
665 1722 723 1746 om
730 1711 796 1746 nia
803 1717 959 1760 propter
964 1711 1159 1760 pietatem.
1171 1709 1261 1745 Nam

313 1769 339 1805 si
381 1783 463 1815 nos,
498 1783 579 1806 cum
608 1769 772 1807 videmus
799 1769 976 1807 famulum
1005 1768 1066 1819 qui
1098 1768 1262 1808 mandata

312 1839 429 1868 nostra
450 1844 531 1868 eum
561 1829 747 1882 diligentia
770 1829 964 1881 timoreque
990 1829 1103 1867 multo
1131 1843 1171 1868 ac
1194 1839 1264 1868 tre-

313 1906 409 1929 more
438 1891 585 1943 implere
617 1900 734 1940 curat,
755 1892 925 1944 majorem
952 1905 1036 1942 erga
1068 1891 1172 1928 illum
1201 1890 1263 1930 de-

312 1954 486 2004 claramus
514 1953 797 1992 benevolentiam
825 1962 859 1990 et
888 1953 1230 1991 commiserationem
1254 1969 1260 1988 :

311 2015 424 2051 multo
442 2015 556 2066 magis
571 2015 685 2052 bonus
706 2014 882 2053 Dominus
903 2028 986 2066 erga
1004 2028 1068 2052 nos
1086 2014 1126 2053 id
1142 2014 1262 2052 deela-

310 2074 414 2111 rabit.
438 2075 586 2127 Propter
606 2075 675 2113 hoc
692 2074 832 2113 dicebat
853 2091 860 2111 :
878 2075 998 2128 Super·
1011 2076 1123 2114 illum
1144 2079 1262 2129 respi—

310 2137 411 2172 ciam
438 2145 681 2174 mansuetum
711 2145 748 2174 et
772 2139 956 2189 quietum,
974 2145 1011 2174 et
1039 2145 1262 2175 trementem

309 2209 501 2235 sermones
518 2212 631 2235 meos.
648 2198 861 2235 Tremamus
878 2197 1009 2248 igitur,
1029 2211 1110 2246 oro,
1129 2206 1163 2235 et
1179 2211 1259 2236 cum

309 2270 437 2308 magno
466 2257 592 2295 timore
619 2271 796 2295 sermones
815 2258 890 2309 ejus
919 2257 1152 2309 impleamu53
1177 2272 1259 2295 nam

308 2317 383 2369 ejus
405 2327 486 2356 sunt
501 2332 677 2356 sermones
699 2318 799 2356 nobis
818 2319 865 2356 ab
884 2318 945 2356 illo
963 2318 1093 2356 tradita
1112 2318 1259 2357 manda-

308 2387 342 2415 ta
362 2394 369 2414 ε
388 2388 422 2416 et
437 2393 517 2417 cum
533 2379 764 2417 didicerimus
784 2393 862 2430 quae
877 2379 930 2417 illi
950 2379 1088 2431 placent
1099 2410 1110 2429 7
1129 2389 1161 2418 et
1182 2394 1259 2431 quae

306 2438 434 2489 probat
442 2468 452 2487 7
473 2453 512 2477 ea
531 2439 698 2477 obeamus
711 2469 722 2489 7
748 2448 782 2476 et
809 2439 894 2477 tales
917 2439 997 2476 fieri
1025 2439 1231 2479 studeamus
1244 2457 1256 2491 3

307 2499 459 2549 quietem
469 2530 478 2548 7
491 2499 799 2538 mansuetudinem
812 2530 823 2550 7
839 2499 1079 2538 humilitatem
1093 2514 1259 2552 magnam

305 2560 560 2609 exhibeamus,
580 2571 613 2599 et
628 2561 746 2599 omnia
767 2575 846 2612 quae
866 2561 911 2599 ab
929 2575 969 2599 eo
989 2561 1154 2600 mandata
1175 2572 1257 2601 sunt

306 2636 383 2659 cum
401 2623 594 2662 reverentia
611 2633 644 2661 et
662 2623 789 2661 timore
810 2622 1067 2675 adimpleamus
1087 2639 1094 2660 :
1115 2633 1153 2662 ut
1173 2638 1255 2662 cum

305 2684 510 2735 approbarit
541 2684 709 2722 affectum
743 2684 872 2722 mentis
905 2693 1055 2734 nostrae,
1096 2685 1255 2736 placatus

304 2753 420 2781 nostra
455 2745 682 2794 ohedientia,
717 2746 891 2798 respicere
919 2746 1026 2784 etiam
1054 2760 1160 2798 super
1193 2760 1256 2785 nos

303 2805 481 2856 dignetur.
509 2807 617 2852 Quod
639 2807 666 2845 si
689 2807 790 2845 nobis
823 2807 1021 2860 continget,
1045 2807 1176 2846 erimus
1195 2822 1256 2860 per

303 2866 420 2903 omnia
437 2868 548 2904 securi
569 2884 576 2904 :
596 2867 682 2906 dicit
702 2868 813 2917 enim,
829 2871 1070 2921 Respiciam,
1093 2870 1163 2908 hoc
1184 2879 1254 2921 est,

304 2927 526 2965 Providentia
550 2943 626 2966 mea
645 2928 840 2981 dignabor,
866 2944 1011 2968 manum
1042 2930 1223 2983 porrigam
1236 2962 1247 2981 7

303 2988 335 3024 in
370 2989 534 3027 omnihus
565 2991 757 3029 auxiliator
791 3007 849 3031 ero
857 3024 868 3044 7
910 2994 1065 3033 ubertim
1094 2994 1130 3032 in
1164 3008 1245 3032 eum

1281 2798 1306 2827 Ζ)

344 3116 357 3128 “
384 3112 509 3155 [Coisl.
529 3121 559 3145 et
575 3114 675 3148 Smil.
693 3119 786 3157 μὲν-τι.
808 3117 819 3158 ]

338 3180 349 3191 ¹·
379 3166 615 3211 Ᾱπεργάσαςθαι.
643 3167 724 3207 Quae
747 3169 778 3200 in
797 3167 902 3200 lidius
925 3176 1001 3210 post
1017 3167 1102 3201 hanc
1118 3179 1234 3201 vocem
1249 3180 1299 3201 se-

292 3220 477 3263 quebantur
504 3219 573 3260 [καὶ
603 3229 643 3261 τῷ
666 3224 767 3254 κάλλει
795 3224 925 3266 σροδρῶς
954 3222 1259 3266 ἐξαστράπτεοθαι],
1285 3232 1301 3252 fl

289 3281 414 3314 septem
443 3273 522 3303 Mes.
555 3270 696 3313 absunt,
725 3273 925 3315 omninoque
946 3275 1115 3317 peregrina
1133 3273 1299 3310 videntur,

289 3336 390 3367 neque
417 3337 433 3355 a
461 3325 560 3355 νου-τί
592 3325 776 3364 interprete
795 3324 915 3357 Lauino
932 3324 1014 3358 leet-'1
1034 3334 1107 3359 sunt
1128 3345 1134 3370 '>
1153 3326 1298 3371 alioquin

1322 162 1344 188 A
1354 160 1510 188 RCfflEP
1520 180 1528 188 .
1568 161 1928 192 CONSTANTINOP-

1349 235 1372 291 ᾗ
1389 240 1448 278 καὶ
1472 241 1552 292 περὶ
1571 245 1670 291 ἧμῶν
1689 247 1791 282 τοῧτο
1815 243 1976 295 λέγεσθαι
2003 243 2095 288 ἄξιον
2107 275 2116 292 ,
2137 244 2187 283 ὅτι
2206 245 2368 299 ἐσκόρπι-

1350 317 1435 348 σαν,
1451 301 1584 340 ἔδωκαν
1607 309 1676 347 τοῖς
1705 303 1862 352 πένησιν,
1878 309 1900 351 ἡ
1926 305 2126 351 δικαιοσύνη
2147 309 2258 344 αὐτῶν
2276 307 2370 358 μένε’.

1350 364 1396 406 εἷς
1409 363 1467 401 τὸν
1483 365 1592 402 αἰῶνα
1611 368 1670 402 τοῦ
1685 367 1807 408 αἰῶνος
1820 396 1827 403 .
1842 365 1990 412 Ἐπειδὴ
2007 366 2075 420 γὰρ
2090 360 2185 405 εἶπεν
2195 395 2204 412 ,
2224 367 2370 419 Ἐσκόρ-

1348 440 1460 471 πισεν,
1480 425 1626 473 ἔδωκεν,
1647 425 1703 463 ἵνα
1723 425 1771 477 μὴ
1795 427 1940 479 νομίσῃς
1966 427 2020 466 ὅτι
2046 428 2090 466 τὰ
2117 429 2370 480 σκορπισθέντα

1349 484 1521 532 ἀπώλετο,
1537 486 1593 524 διὰ
1612 491 1712 525 τοῦτο
1726 487 1862 539 ταχέως
1883 488 2069 541 ἐπήγαγεν,
2097 489 2143 528 ἹΙ
2169 491 2368 538 δικαιοσύνη

1349 548 1453 585 αὐτοῦ
1471 547 1566 597 μένει
1581 549 1628 590 εἰς
1643 547 1701 585 τὸν
1716 550 1826 586 αἰῶνα
1841 554 1900 586 τοῧ
1917 551 2050 592 αἰῶνος.
2064 549 2244 598 Ἔκείνων,
2263 552 2348 604 φησὶ
2360 583 2369 599 ,

1347 610 1414 645 τῶν
1441 609 1718 661 σκορπισθέντων
1743 613 1765 655 ἦ
1801 609 2000 656 δικαιοσύνη
2030 611 2203 654 ἀνάλωτος
2231 612 2370 665 *ft-ivn,

1346 669 1451 707 παντὶ
1472 672 1521 721 τῷ
1538 672 1635 707 αἰῶνι
1653 669 1949 722 παρεκτεινομένη
1975 671 2034 725 καὶ
2063 671 2236 722 μηδέποτε
2261 672 2371 725 πέρας

1346 729 1587 780 λαμὲάνουσα.
1600 730 1669 769 Καὶ
1684 730 1773 780 μετὰ
1789 733 1849 776 τῆς
1865 733 1943 777 ἐλεη
1949 730 2100 782 μοσύνης
2113 732 2172 769 καὶ
2185 734 2246 778 τῆς
2261 733 2370 781 ἄλλης

1347 794 1472 844 ἀρετῆς
1495 792 1629 839 πολλὴν
1648 785 1712 838 τὴν
1733 793 1934 843 ἐπιμέλειαν
1955 792 2202 843 ποιησώμεθα,
2225 794 2284 832 καὶ
2325 795 2368 832 τὰ

1346 853 1440 900 πάθη
1463 856 1525 900 τῆς
1544 854 1670 906 σαρκὸς
1693 853 2002 904 καταστέλλιιψεν,
2024 853 2083 891 καὶ
2106 853 2312 906 ἐξορίσωμεν
2330 857 2369 893 ἐκ

1346 917 1407 960 τῆς
1425 916 1554 953 ἑαυτῶν
1578 916 1692 967 ψυχῆς
1719 923 1835 953 πᾶσαν
1862 914 2046 966 ἐπιθυμίαν
2077 914 2218 961 ἄτοπον,
2253 915 2370 954 πάντα

1345 975 1494 1027 πονηρὸν
1526 976 1693 1027 λογισμὸν
1706 1006 1715 1024 7
1745 976 1850 1028 ὀργὴν
1864 1006 1873 1023 ,
1905 975 2033 1027 θυμὸν,
2065 976 2271 1027 βασκανίαν,
2309 978 2368 1016 καὶ

1345 1035 1405 1083 τὴν
1424 1036 1612 1088 εὐμορφίαν
1633 1039 1694 1082 τῆς
1712 1039 1828 1089 ψυχῆς
1845 1037 1900 1075 διὰ
1917 1038 2056 1075 πάντων
2074 1037 2368 1088 καλλωπίζωμεν,

1343 1097 1399 1134 ἵνα
1416 1098 1558 1150 φαιδρὸν
1574 1099 1681 1143 αὐτῆς
1696 1098 1755 1136 καὶ
1769 1098 1930 1149 λαμπρὸν
1952 1098 1992 1136 τὸ
2011 1098 2138 1142 κάλλος
2153 1101 2369 1138 κατασκευά-

1345 1175 1466 1203 σαντες
1491 1158 1768 1210 ἐπισπασώμεθα
1792 1162 1926 1202 ἑαυτοῖς
1948 1159 2006 1197 τὸν
2033 1162 2101 1197 τῶν
2126 1162 2279 1212 οὐρανῶν
2302 1163 2367 1199 Δε-

1344 1221 1496 1268 σπότην,
1531 1221 1590 1259 καὶ
1619 1219 1726 1272 μονὴν
1755 1221 1839 1272 παρ’
1868 1223 1952 1270 ἡμῖν
1979 1219 2179 1273 καταξιώσῃ
2208 1225 2366 1269 ποιῆσαι.

1343 1282 1453 1321 Ἔνθα
1484 1282 1552 1335 γὰρ
1582 1281 1622 1319 ἂν
1660 1282 1715 1334 δίόῃ
1747 1283 1861 1334 ψυχῆς
1897 1281 2085 1334 εὐμορφίαν
2098 1311 2107 1328 ,
2141 1281 2266 1327 εὐθέως
2295 1285 2367 1322 ἐκεῖ

1342 1343 1544 1395 ἐφίπταται.
1576 1343 1689 1386 Αὐτὸς
1709 1343 1776 1395 γὰρ
1808 1342 1944 1395 εἴρηκεν
1961 1372 1971 1389 ,
1997 1343 2050 1380 ὅτι
2069 1343 2154 1381 Ἐπὶ
2182 1343 2260 1381 τίνα
2288 1347 2366 1382 ε’πι-

1342 1404 1479 1457 ὅλέψω,
1499 1406 1574 1443 ἀλλ’
1595 1404 1617 1450 ἢ
1645 1404 1701 1443 ἐπὶ
1721 1405 1778 1442 τὸν
1799 1411 1927 1455 πρᾶον,
1951 1404 2011 1442 καὶ
2037 1404 2194 1456 ἡσύχιον,
2217 1405 2277 1443 καὶ
2300 1421 2366 1444 τα-

1340 1466 1474 1512 πεινὸν,
1503 1466 1563 1503 καὶ
1591 1465 1764 1517 τρέμοντα
1795 1481 1860 1516 μου
1888 1465 1965 1508 τοὺς
1996 1466 2133 1516 λόγους,
2158 1459 2259 1510 Εἶδες
2291 1469 2365 1511 πῶς

1339 1529 1431 1576 ἡμᾶς
1463 1525 1611 1570 ἐδίδαξεν
1634 1526 1771 1563 ἅπαντα
1799 1525 1842 1564 τὰ
1871 1525 2091 1576 πνευματικὰ
2117 1526 2291 1578 χρώματα
2321 1528 2364 1566 τὰ

1340 1586 1512 1638 δυνάμενα
1527 1589 1588 1632 τῆς
1603 1588 1720 1639 ψυχῆς
1740 1586 1803 1633 τὴν
1819 1586 2008 1639 εὐμορφίαν
2026 1587 2173 1639 φαιδρὰν
2189 1590 2363 1641 ἂάπεργά-

1340 1650 1466 1685 σασθαι
1481 1663 1490 1694 3
1507 1647 1591 1685 Ἐπὶ
1615 1647 1672 1684 τὸν
1693 1654 1816 1698 πρᾶον,
1836 1647 1938 1698 φησὶ,
1962 1648 2021 1685 καὶ
2040 1648 2196 1700 ἡσύχιον,
2224 1649 2283 1687 καὶ
2303 1665 2364 1687 τα-

1338 1708 1467 1746 πεινόν.
1497 1702 1588 1746 Εἶτα
1611 1708 1650 1745 τὸ
1675 1707 1815 1745 πάντων
1841 1709 2159 1747 κατασκευαστικὸν
2188 1709 2364 1763 ἐπήγαγε,

1339 1768 1408 1807 Καὶ
1426 1768 1598 1820 τρέμοντα
1615 1785 1679 1819 μου
1701 1768 1775 1812 τοὺς
1795 1768 1927 1819 λόγους.
1949 1768 1997 1807 Τί
2017 1771 2091 1807 ἐστι
2114 1768 2153 1807 τὸ
2161 1799 2172 1817 ,
2191 1770 2262 1808 Καὶ
2278 1772 2362 1824 τρέ-

1340 1831 1449 1881 μοντοί
1464 1846 1529 1881 μου
1550 1830 1628 1873 τοὺς
1645 1830 1789 1882 λόγους,
1809 1829 1884 1877 Τὴν
1911 1830 2068 1877 ὑπακοὴν
2096 1834 2164 1869 τῶν
2185 1836 2245 1870 τοῦ
2270 1835 2363 1872 Θεοῧ

1337 1892 1618 1945 προσταγμάτων
1656 1892 1698 1929 δι’
1737 1895 1848 1930 αὐτῶν
1891 1894 1959 1929 τῶν
2000 1891 2110 1945 ἔργων
2148 1895 2361 1945 πληροῦνται,

1337 1953 1494 2006 καθάπερ
1510 1953 1570 1991 καὶ
1590 1954 1744 2004 ἀλλαχοῦ
1762 1968 1847 2005 φησι
1863 1968 1870 1975 ·
1891 1952 2075 2004 Μακάριος
2101 1953 2136 1997 ὃς
2156 1954 2362 2002 καταπτήσ-

1337 2031 1389 2053 σει
1413 2015 1528 2052 πάντα
1546 2016 1588 2053 δι’
1612 2014 1808 2053 εὐλάὸειαν.
1829 2015 1873 2053 Εἰ
1895 2014 1961 2066 γὰρ
1980 2017 2082 2065 ἡμεῖς
2094 2045 2104 2062 ,
2120 2015 2260 2054 ἐπειδὰν
2279 2015 2361 2054 ἴδω-

1338 2093 1399 2127 μεν
1415 2076 1552 2123 οἰκέτην
1573 2076 1742 2129 ἡμέτερον
1762 2078 1836 2127 μετ’
1857 2076 2055 2127 ἐπιμελείας
2073 2078 2206 2124 πολλῆς
2223 2077 2267 2116 τὰ
2287 2081 2362 2117 ἐπι-

1335 2138 1501 2188 τάγματα
1535 2139 1738 2190 πληροῦντα
1766 2138 1810 2175 τὰ
1838 2138 2015 2189 ἡμέτερα,
2051 2138 2111 2176 καὶ
2143 2140 2272 2178 πολλοῦ
2301 2143 2360 2178 τοῦ

1337 2199 1442 2251 φόὸου
1471 2199 1530 2236 καὶ
1547 2203 1606 2236 τοῦ
1632 2198 1775 2250 τρόμου,
1796 2199 1939 2236 πλείονα
1957 2199 2020 2246 τὴν
2042 2203 2125 2251 παρ’
2147 2202 2277 2239 ἑαυτῶν
2305 2201 2360 2239 εὔ·

1334 2275 1427 2297 νοιαν
1444 2259 1502 2297 καὶ
1520 2260 1738 2310 συμπάθειαν
1756 2262 1804 2303 εἷς
1818 2261 1920 2298 αὐτὸν
1939 2261 2204 2312 ἐπιδεικνύμεθα
2217 2279 2224 2286 ·
2240 2264 2360 2316 πολλῷ

1335 2322 1466 2371 μᾶλλον
1495 2320 1535 2357 ἂν
1554 2323 1572 2358 ὁ
1592 2320 1716 2372 ἀγαθὸς
1737 2321 1918 2367 Δεσπότης
1938 2320 2012 2365 ιἐἰς
2031 2325 2124 2372 ἡμᾶς
2151 2326 2254 2361 τοῦτο
2283 2326 2359 2362 ἐπι-

1333 2381 1498 2428 δείξηται.
1522 2381 1590 2419 Διὰ
1608 2384 1709 2420 τοῦτο
1735 2382 1846 2419 τοίνυν
1866 2382 1981 2434 ἔλεγεν
1995 2399 2002 2406 ·
2023 2382 2107 2422 Ἐπ’
2124 2385 2252 2423 ἐκεῖνον
2278 2388 2357 2424 ἔπι-

1332 2443 1450 2495 ὃλέψω
1477 2444 1533 2480 τὸν
1563 2449 1695 2494 πρᾶον,
1722 2443 1780 2481 καὶ
1805 2443 1972 2496 ἡσύχιον,
2002 2444 2060 2482 καὶ
2088 2445 2261 2497 τοέμοντοὶ
2291 2463 2356 2499 μου

1330 2504 1408 2549 τοὺς
1425 2504 1557 2556 λόγους.
1578 2505 1774 2557 Τρέμωμεν
1795 2505 1927 2552 τοίνυν,
1954 2509 2167 2559 παρακαλῶ,
2189 2508 2249 2547 καὶ
2266 2509 2355 2559 μετὰ

1331 2567 1459 2604 πολλοῦ
1491 2565 1596 2616 astrigen
1623 2567 1813 2619 πληρῶμεν
1848 2568 1951 2605 αὐτοῦ
1971 2567 2050 2611 τοὺς
2077 2568 2198 2618 λόγους
2215 2586 2222 2594 ·
2253 2573 2356 2610 αὐτοῦ

1330 2628 1397 2679 γάρ
1416 2629 1481 2665 εἰσι
1500 2626 1596 2679 λόγοι
1613 2627 1658 2665 τὰ
1682 2630 1764 2680 παρ’
1788 2630 1891 2666 αὐτοῦ
1917 2632 2001 2679 ἡμῖν
2031 2629 2171 2667 δοθέντα
2195 2632 2353 2683 προσ-τοί-

1329 2703 1447 2738 γματα
1459 2703 1466 2710 ·
1485 2687 1544 2725 καὶ
1566 2688 1730 2738 μαθόντες
1749 2688 1838 2726 τίσιν
1858 2688 2056 2742 ἀρέσκεται,
2072 2689 2132 2728 καὶ
2150 2689 2228 2728 τίνα
2247 2707 2354 2744 προσ-

1331 2748 1438 2795 ίεται,
1462 2750 1576 2786 ἐκεῖνα
1597 2749 1785 2800 μετίωμεν,
1805 2749 1864 2788 καὶ
1891 2754 2040 2789 τοιοῦτοι
2065 2751 2224 2802 γενέσθαι
2245 2769 2354 2792 σπου-

1331 2809 1507 2860 δάζωμεν,
1540 2810 1713 2862 ἡσυχίαν,
1745 2810 1949 2864 πραότητα,
1978 2812 2187 2852 ταπείνωσιν
2221 2814 2354 2862 πολλὴν

1332 2870 1623 2920 ἐπιδεικνύμενοι,
1647 2871 1707 2909 καὶ
1726 2871 1840 2910 πάντα
1863 2872 1906 2909 τὰ
1925 2872 2010 2925 παρ’
2030 2878 2133 2913 αὐτοῦ
2159 2876 2354 2927 ἐπιτάγμα-

1328 2948 1392 2978 τα,
1421 2931 1497 2982 μετ’
1527 2931 1706 2976 εὐλαῧείας
1734 2935 1866 2979 πολλῆς
1892 2935 2141 2987 μετερχόμενοι
2167 2937 2226 2974 καὶ
2251 2937 2357 2990 φόὸου

1328 2995 1476 3040 πολλοῦ,
1510 2993 1563 3031 ι’να
1591 2993 1654 3039 τὴν
1675 2994 1825 3032 διάθεσιν
1849 2997 1910 3041 τῆς
1931 2995 2073 3047 γνώμης
2098 3000 2160 3044 τ’ἧς
2184 2998 2356 3050 ἡμετέρας

1335 3115 1418 3147 adeo
1436 3119 1588 3149 ἀσύστατν,
1601 3142 1608 3154 ,
1627 3123 1661 3148 ut
1675 3117 1796 3149 mir'um
1810 3129 1878 3150 non
1892 3118 1935 3150 si·-
1951 3117 1975 3149 si
1994 3120 2173 3152 Hem-icum
2187 3120 2345 3154 Savilium

1337 3167 1494 3201 torsoerint
1518 3169 1549 3199 iu
1566 3168 1662 3200 Notis
1677 3181 1710 3211 p.
1731 3170 1784 3201 25.

1385 3219 1401 3244 ¹»
1426 3220 1436 3260 [
1454 3219 1558 3251 Verba
1585 3227 1663 3258 εἰς...
1680 3225 1754 3256 ἐπιδ.
1774 3220 1895 3255 desunt
1914 3223 1945 3255 iu
1965 3222 2064 3256 Coisl.
2082 3222 2137 3267 qui
2156 3231 2191 3259 ἄν
2213 3223 2245 3259 in
2254 3224 2354 3269 :prie-

1339 3270 1531 3304 «edentibus
1550 3272 1686 3305 omittit.
1709 3274 1720 3315 ]
