2516 3791
732 220 770 248 ΙΝ
811 220 913 249 (ΣᾹΡ.
953 219 1048 248 xm.

154 293 201 336 ὧν
235 298 367 351 ἑτέρους
398 302 644 352 προτιμῶμεν,
675 300 813 344 ἑαυτοὺς
837 302 883 344 εἷς
916 300 979 347 τὴν
1011 299 1178 338 ἀνωτάτω

152 359 258 410 τιμὴν
283 360 486 411 ἀνάγωμεν,
501 362 614 399 Τοῦτο
635 360 766 408 τοίνυν,
780 362 978 412 παρακαλῶ
991 391 1000 408 ,
1020 360 1175 399 σπουδά-

154 422 278 469 ζωμεν,
299 418 389 458 ὥστε
409 425 592 471 μιμεῖσθαι
619 425 679 459 τοῦ
701 422 920 474 πατριάρχου
936 421 999 468 τὴν
1016 437 1176 459 ταπεινο-

155 480 338 534 φροσύνην,
356 482 414 519 καὶ
438 485 515 520 κατ’
540 482 635 534 ἴχνος
660 483 784 521 τούτου
812 487 872 521 τοῦ
906 483 974 535 πρὸ
990 487 1051 521 τοῦ
1070 482 1176 532 νόμου

152 542 213 588 τὴν
248 542 409 590 τοιαύτην
442 544 701 596 ἐπιδειξαμένου
720 544 925 597 φιλοσοφίαν
943 548 1044 595 ἡμεῖς
1075 547 1106 582 οἱ
1140 546 1175 581 ἐν

151 606 191 654 τῇ
221 603 341 655 χάριτι
358 603 599 657 πορευώμεθα.
617 605 926 659 Ταπεινοφροσύνη
946 604 1013 655 γὰρ
1038 605 1175 650 ἀληθῶς

151 663 235 712 αὕτη
263 665 377 709 ἐστὶν,
407 665 517 717 ἥνπερ
545 669 563 704 ὁ
592 666 784 717 Θαυμάσιος
812 660 908 708 οὗτος
929 664 1016 716 ἀνὴρ
1037 664 1174 702 ἐπεδεί-

150 724 230 769 ξατο
257 726 336 776 περὶ
361 726 419 765 τὸν
444 726 532 765 πολὺ
566 729 670 765 αὐτοῦ
697 727 926 776 λειπόμενον,
944 727 985 763 οὐ
1006 723 1097 763 κατὰ
1115 724 1173 762 τὸν

148 788 209 832 τῆς
228 788 353 838 ἀρετῆς
372 786 472 838 λόγον
493 786 617 838 μόνον,
639 787 730 826 ἀλλὰ
755 787 814 825 καὶ
834 785 925 824 κατὰ
951 785 1013 832 τὴν
1032 785 1173 832 ἡλικίαν

148 847 206 885 καὶ
234 846 278 885 τὰ
310 849 400 885 ἄλλα
417 847 544 886 πάντα.
568 848 754 896 Ἐννόησον
775 848 843 900 γὰρ
861 847 915 885 ὅτι
937 850 955 885 ὁ
973 844 1173 899 πρεσὸύι-ης

146 910 195 959 τῷ
210 907 277 960 νέῳ
301 907 552 961 παρεχώρησε,
569 909 628 947 καὶ
656 912 674 948 δ
701 912 789 953 θεῖος
821 910 871 961 τῷ
899 909 1093 960 ἀδελφιδῷ,
1113 909 1172 946 καὶ

145 971 164 1006 ὁ
192 969 363 1016 τοσαύτης
400 969 586 1009 ἀπολαύων
612 969 710 1022 παρὰ
740 973 801 1008 τοῦ
834 972 927 1008 Θεοῦ
965 970 1096 1014 εὐνοίας
1122 973 1173 1022 τῷ

146 1029 253 1080 μηδὲν
298 1031 444 1082 μηδέπω
482 1031 571 1083 μέγα
604 1048 638 1070 τι
670 1029 947 1083 ἐπιδειξαμένῳ·
986 1030 1045 1069 καὶ
1082 1031 1172 1082 ἅπερ

144 1091 250 1142 ἐχρῆν
271 1094 398 1131 ἐκεῖνον
430 1095 557 1139 εἰπεῖν,
591 1095 637 1137 ὡς
665 1092 740 1131 νέον
774 1093 860 1144 πρὸς
892 1093 950 1131 τὸν
972 1091 1172 1145 πρεσὸύτην

144 1151 203 1189 καὶ
221 1155 309 1190 θεῖον
329 1155 470 1201 ἑαυτοῦ,
497 1157 609 1192 ταῦτα
628 1157 646 1192 ὁ
665 1154 889 1207 πατριάρχης
914 1153 1000 1206 πρὸς
1020 1153 1078 1192 τὸν
1097 1169 1172 1192 νεον

143 1212 251 1264 ἔλεγε.
275 1214 344 1252 Καὶ
360 1217 461 1265 ἡμεῖς
480 1214 592 1253 τοίνυν
613 1214 662 1265 μὴ
678 1215 760 1266 περὶ
780 1214 857 1259 τοὺς
883 1214 1173 1268 ὑπερὲεὸηκότας

142 1276 255 1323 ἡμᾶς,
275 1274 297 1319 ἢ
327 1277 374 1319 εἰς
395 1275 499 1319 “robe
527 1275 617 1319 ἴσους
636 1278 721 1326 ἡμῖν
737 1276 972 1328 τυγχάνοντας
1004 1275 1108 1326 μόνον
1128 1277 1172 1315 τὰ

142 1338 203 1381 τῆς
223 1339 327 1386 τιμῆς
355 1336 618 1388 ἐπιδειξώμεθα.
639 1338 754 1374 Τοῦτο
771 1336 838 1388 γὰρ
860 1338 922 1375 οὐκ
953 1336 992 1373 ἂν
1019 1336 1072 1384 εἴη
1106 1353 1172 1375 τα-

136 1397 412 1450 πεινοφροσύνη·
441 1398 522 1435 ὅταν
540 1397 608 1451 γάρ
640 1413 692 1440 τις
724 1397 763 1435 τὸ
793 1396 826 1441 ἐξ
847 1397 1002 1448 ἀνάγκης
1030 1398 1168 1449 ὀφειλό-

135 1474 238 1507 μενον
272 1462 380 1510 ποιῇ,
413 1460 450 1496 οὐ
481 1457 780 1512 ταπεινοφροσύνη
814 1458 916 1496 τοῦτό
943 1460 1057 1505 ἐστιν,
1091 1461 1169 1498 ἀλλ’

134 1520 266 1571 ὀφειλή.
296 1519 340 1558 Ἡ
382 1520 416 1558 δὲ·
450 1518 583 1566 αληθὴς
622 1518 945 1572 ταπεινοφροσύνη,
976 1520 1058 1558 ὅταν
1094 1527 1167 1565 τοῖς

132 1581 314 1620 ἐλάττοσιν
335 1584 422 1619 εἰναι
455 1581 593 1620 δοκοῦσι
613 1595 902 1632 παραχωρωμεν,
924 1597 983 1619 και
1017 1582 1166 1626 ἐκείνους

132 1644 357 1694 προτιμῶμεν
373 1658 453 1686 τους
477 1641 565 1680 πολυ
597 1641 887 1692 καταδεεστέρους
913 1646 1001 1680 εἰναι
1021 1645 1158 1693 νομιζο-

133 1701 266 1752 μένους.
283 1700 344 1741 Αν
376 1702 412 1740 δὲ
435 1702 705 1754 νήφωμεν,οὐδὲ
740 1702 904 1746 ἐλάττους
938 1705 1040 1753 ἡμων
1073 1696 1160 1741 εἶναί

132 1778 227 1806 τινας
255 1763 463 1814 νομίσομεν,
493 1763 584 1802 αλλα
611 1763 744 1807 πάντας
769 1762 968 1814 ἀνθρώπους
991 1763 1160 1816 υπερὸαί-

132 1839 166 1861 νε
171 1840 199 1861 ιν
220 1827 325 1873 ἡμας.
346 1824 416 1862 Και
434 1828 536 1862 τοῦτο
560 1823 672 1875 λέγω,
696 1827 734 1863 οὐ
761 1839 842 1876 περι
870 1826 972 1874 ἡμῶν
999 1826 1067 1861 τῶν
1089 1840 1157 1874 μυ-

134 1884 217 1934 ρίοις
239 1884 472 1936 ἁμαρτήμασι
504 1885 814 1936 βεὸαπτισμένων,
833 1885 924 1922 ἀλλὰ
952 1900 1017 1922 καν
1048 1885 1157 1937 μυρία

130 1962 182 1989 τις
204 1949 225 1997 ἠ
254 1946 509 1998 κατορθώματα
545 1949 658 1984 ἑαυτω
689 1945 871 1992 συνειδως,
908 1945 956 1996 μὴ
992 1951 1092 1985 τοῦτο
1122 1946 1157 1984 δὲ

130 2007 301 2057 λογίζοιτο
334 2009 411 2045 καθ’
443 2007 583 2054 ἑαυτὸν,
611 2006 664 2044 ὅτι
692 2007 832 2046 πάντων
865 2007 957 2045 ἐστιν
987 2006 1158 2059 ἔσχατος,

130 2068 227 2107 οὐδὲν
247 2069 340 2121 αὐτῷ
359 2069 478 2121 ὄφελος
499 2069 540 2106 ἂν
554 2068 686 2120 γένοιτο
705 2070 773 2106 τῶν
787 2067 960 2106 τοσούτων
978 2072 1156 2120 κατορθω-

130 2130 265 2179 μάτων.
299 2131 412 2168 Τοῦτο
434 2130 501 2181 γάρ
535 2131 609 2167 ἐστι
639 2129 957 2182 ταπεινοφροσύνη,
993 2130 1074 2167 ὅταν
1106 2145 1158 2173 τις

130 2191 289 2244 ἀφορμὰς
315 2191 404 2243 ἔχων
436 2196 496 2230 τοῦ
532 2190 758 2242 ἐπαίρεσθαι,
791 2190 1013 2242 καταστέλλῃ
1036 2191 1156 2229 ἑαυτὸν

129 2253 189 2290 καὶ
224 2248 402 2298 ταπεινοῖ,
436 2252 495 2290 καὶ
535 2251 716 2304 μετριάζῃ.
737 2253 770 2290 Τ
773 2251 828 2289 ότε
848 2250 915 2303 γὰρ
944 2251 1004 2289 καὶ
1035 2253 1084 2295 εἰς
1116 2251 1156 2289 τὸ

132 2313 256 2360 ἀληθὲς
275 2313 359 2365 ὕψος
378 2312 616 2364 ἀναχθήσεται
635 2312 726 2350 κατὰ
755 2311 819 2359 τὴν
840 2315 900 2349 τοῦ
922 2310 1050 2364 Κυρίου
1071 2312 1156 2351 ὑπό-

130 2390 250 2426 σχεσιν
276 2374 340 2421 τὴν
371 2374 557 2425 λέγουσαν,
575 2373 628 2412 ὅτι
657 2372 702 2412 ‘O
721 2375 894 2411 ταπεινῶν
914 2372 1035 2411 ἑαυτὸν
1063 2375 1156 2425 ὑψω-

131 2436 286 2482 θήσεται.
307 2435 566 2486 Σπουδάσωμεν
584 2434 709 2484 τοίνυν,
727 2434 1083 2487 παρακαλῶ,πάντες
1095 2439 1154 2475 τοῦ

134 2499 236 2551 ὕψους
254 2500 430 2550 ἐπιτυχεῖν
462 2501 521 2535 τοῦ
554 2496 611 2534 διὰ
639 2499 702 2542 τῆς
729 2496 1067 2549 ταπεινοφροσύνης,
1099 2496 1156 2535 ἵνα

132 2563 194 2606 τῆς
213 2563 318 2606 αὐτῆς
337 2562 386 2612 τῷ
414 2558 537 2610 δικαίῳ
556 2557 688 2601 εὐνοίας
709 2557 962 2607 ἀπολαύσωμεν
981 2557 1078 2610 παρὰ
1097 2562 1156 2597 τοῦ

131 2622 329 2668 Δεσποτου,
348 2620 407 2658 καὶ
421 2622 490 2658 τῶν
511 2619 717 2672 ἀποῤῥήτων
740 2618 880 2657 ἐκείνων
897 2620 1035 2670 ἀγαθῶν
1052 2619 1155 2664 ἀξιω-

131 2686 268 2734 θῶμεν,
298 2682 418 2734 χάριτι
445 2697 503 2720 και
533 2680 776 2733 φιλανθρωπία
799 2696 859 2719 του
891 2680 1021 2734 Κυρίου
1049 2685 1152 2732 ἡμῶν

130 2744 246 2791 Ἰησοῦ
266 2744 435 2796 Χριστοῦ,
457 2745 532 2793 μεθ’
548 2745 586 2781 οὑ
618 2758 667 2793 τῳ
701 2742 845 2795 Πατρι,
868 2741 944 2792 ἅμα
975 2744 1026 2794 τῶ
1062 2742 1150 2795 ἁγίῳ

130 2805 330 2854 Πνεύματι,
354 2803 456 2851 δόξα,
477 2803 623 2856 κράτος,
639 2802 745 2854 τιμὴ,
764 2807 822 2841 ν’ὔν
845 2819 905 2842 και
924 2804 999 2852 ἀεὶ,
1018 2803 1077 2842 καὶ
1101 2807 1149 2849 εἷς

129 2863 205 2908 τοὺς
225 2867 351 2909 αἰῶνας
365 2867 434 2903 τῶν
454 2863 599 2903 αἰώνων.
621 2865 742 2915 Ἀμήν.

170 2996 183 3010 ·
206 2984 306 3018 Savil.
324 2991 357 3016 et
375 2982 508 3027 quidam
531 2982 585 3017 alii
602 2986 668 3022 τοὺς
684 2989 717 3024 ἐξ
729 2990 790 3023 ἴσης
803 2989 884 3027 ἡμῖι.

1088 215 1244 246 (ΞΕΝΕΒ.

1286 215 1442 245 nomn,-
1484 216 1642 248 XXXHI.
2119 221 2206 266 39)

1204 303 1227 333 E
1252 312 1314 350 per
1328 313 1406 349 quae
1419 298 1507 337 alios
1525 300 1758 352 prule-rimus,
1773 300 1840 352 ipsi
1856 300 1890 338 in
1905 315 2085 339 summum
2102 303 2209 341 hono-

1252 372 1325 395 rem
1340 357 1553 396 evehimur?
1564 360 1688 410 ltaque
1701 359 1846 398 obsecro
1858 368 1895 397 ut
1909 360 2116 398 studeamus
2131 362 2207 399 imi-

1251 419 1317 456 tari
1331 419 1540 470 patriarcha?
1554 419 2109 471 lwmilitatem,ctsequivestigia
2121 421 2208 472 ejus,

1250 479 1403 529 quiante
1418 480 1531 532 legem
1549 491 1681 519 tantam
1696 481 1960 534 philosophiam
1976 497 2048 534 prae
2062 496 2098 519 se
2115 482 2208 528 tulit,

1251 553 1313 578 nos
1333 541 1393 591 qui
1425 542 1458 579 in
1488 543 1601 594 gratia
1625 557 1826 582 versamur.
1847 544 1917 581 Ista
1942 543 2036 581 enim
2057 558 2138 581 vera
2159 554 2209 581 est

1250 597 1450 647 humilitas,
1469 614 1578 650 quam
1594 602 1750 639 eximius
1766 602 1826 639 ille
1841 602 1897 640 vir
1917 601 2112 640 declaravit
2126 617 2208 653 erga

1248 672 1328 695 cum
1354 659 1414 709 qui
1441 660 1554 697 multo
1583 675 1619 698 se
1651 662 1718 699 suit
1745 663 1904 708 inferior,
1925 678 1994 701 non
2021 664 2135 702 solum
2161 665 2208 702 ob

1247 718 1393 756 virtutis
1413 719 1599 770 rationem,
1622 721 1682 759 scd
1706 733 1738 760 et
1761 733 1905 775 propter
1924 733 2062 762 aetatem
2082 735 2115 763 et
2137 726 2206 763 alia

1247 779 1378 818 omnia.
1396 780 1522 831 Cogita
1542 781 1636 819 enim
1654 796 1772 819 senem
1784 784 1908 834 juveni
1925 786 2080 830 cessisse,
2096 796 2128 823 et
2145 802 2205 838 pa-

1248 848 1369 877 truum
1392 841 1513 879 statris
1534 841 1669 888 sslio‚et
1691 842 1751 893 qui
1772 852 1906 880 tantam
1925 858 1943 880 a
1967 846 2041 881 Deo
2062 847 2206 885 sortitus

1246 910 1321 939 erat
1337 902 1505 954 gratiam,
1524 902 1554 941 ei
1572 903 1632 954 qui
1650 903 1686 941 in
1702 904 1801 942 nulla
1817 918 1854 942 re
1870 919 2038 956 magnum
2058 906 2203 957 aliquod

1246 964 1423 1015 specimen
1442 964 1644 1016 praebuerat
1666 981 1673 1002 :
1694 974 1727 1003 et
1745 979 1784 1003 ea
1805 979 1884 1017 quae
1901 965 2086 1018 oportebat
2102 968 2205 1006 illum

1246 1023 1376 1072 dicere,
1396 1034 1435 1062 ut
1449 1025 1619 1077 juvenem
1638 1025 1684 1064 ad
1707 1039 1824 1064 senem
1845 1035 1946 1064 aetate
1966 1037 1998 1064 et
2017 1027 2204 1079 dignitate,

1186 1124 1234 1150 339
1246 1094 1280 1123 et
1295 1095 1480 1138 patruum,
1496 1086 1557 1124 illa
1577 1086 1842 1139 patriarcham
1829 1101 1895 1139 Juv
1900 1087 1954 1125 cni
1971 1087 2117 1127 dixisse.
2136 1090 2206 1140 lgi-

1198 1162 1224 1191 Λ
1248 1155 1305 1184 tur
1321 1161 1386 1184 nos
1405 1162 1546 1199 quoque
1564 1162 1633 1186 non
1655 1147 1703 1186 eis
1727 1157 1880 1197 tantum,
1901 1148 1989 1199 qui
1980 1158 2082 1186 cerate
2104 1152 2205 1189 nobis

1247 1216 1330 1245 sunt
1349 1209 1514 1260 majo1es,
1533 1208 1589 1246 vel
1609 1208 1714 1246 etiam
1731 1208 2081 1259 aeq11ales,honorem
2096 1212 2201 1249 exhi-

1246 1268 1405 1308 beamus.
1425 1271 1503 1308 Non
1534 1279 1587 1308 est
1618 1270 1712 1308 enim
1743 1270 1944 1321 humilitas,
1966 1272 2078 1310 sacci-e
2107 1274 2202 1324 quod

1247 1329 1452 1368 necessitate
1470 1330 1579 1369 debes
1601 1331 1656 1369 vel
1676 1331 1810 1383 cogeris
1832 1348 1840 1368 :
1861 1332 1940 1380 hoc,
1961 1332 2118 1383 inquam,
2134 1349 2202 1373 non

1246 1396 1297 1426 est
1313 1387 1543 1437 humilitatis,
1561 1389 1623 1427 sed
1638 1389 1869 1428 debiti.Vera
1884 1399 2001 1428 autem
2018 1390 2202 1430 humilitas

1245 1458 1308 1497 est,
1324 1449 1469 1501 quando
1497 1449 1656 1488 cedimus
1679 1450 1722 1489 iis
1741 1450 1803 1502 qui
1821 1451 1924 1489 nobis
1941 1451 2108 1490 videntur
2128 1468 2202 1492 esse

1244 1511 1418 1561 minores,
1441 1519 1475 1549 et
1500 1525 1558 1549 eos
1583 1525 1794 1550 veneramur
1818 1511 1879 1562 qui
1900 1512 2002 1550 nobis
2018 1512 2201 1552 inferiores

1241 1585 1314 1610 esse
1324 1571 1621 1619 vident111·.Quod
1633 1573 1768 1611 sirecte
1778 1573 1950 1625 sapimus,
1960 1573 2077 1611 nullos
2092 1575 2199 1612 etiam

1238 1632 1343 1671 nobis
1361 1646 1435 1672 esse
1454 1633 1607 1671 minores
1626 1634 1898 1684 arbitrabimur,
1920 1634 1983 1672 sed
2006 1649 2067 1672 nos
2089 1650 2196 1688 supc—

1236 1694 1307 1732 rari
1324 1694 1370 1731 ab
1389 1694 1556 1733 omnibus
1567 1694 1776 1732 hominibus
1788 1694 1959 1733 dicemus.
1976 1695 2022 1733 Et
2036 1696 2103 1734 hoc
2117 1697 2197 1735 dieo

1234 1767 1304 1792 non
1324 1754 1368 1792 de
1382 1755 1500 1804 nobis,
1517 1756 1579 1807 qui
1596 1755 1791 1794 innumeris
1806 1755 1961 1794 immersi
1976 1771 2098 1795 sumus
2116 1773 2196 1810 pec-

1233 1814 1321 1852 catis
1338 1831 1346 1851 :
1363 1815 1423 1854 sed
1441 1816 1579 1854 etiamsi
1593 1816 1673 1867 quis
1688 1816 1757 1854 sibi
1775 1816 2014 1869 plurimorum
2033 1818 2121 1856 bene
2137 1833 2195 1870 ge-

1232 1884 1368 1913 storum
1412 1877 1572 1915 conscius
1611 1877 1671 1927 sit,
1704 1877 1772 1915 nisi
1804 1877 1900 1929 apud
1931 1892 1967 1915 se
1998 1879 2125 1916 sentiat
2159 1895 2196 1918 se

1231 1938 1393 1974 omnium
1410 1951 1485 1977 esse
1499 1946 1733 1990 postremum,
1747 1937 1846 1975 nulla
1864 1938 1894 1976 ei
1915 1938 2038 1976 futura
2058 1939 2193 1978 utilitas

1231 2013 1277 2037 ex
1297 1999 1464 2037 omnibus
1487 1999 1591 2037 bonis
1621 1999 1695 2037 suis
1723 1999 1902 2052 operibus,
1923 2000 2006 2037 Haec
2026 2009 2076 2038 est
2097 2001 2191 2039 enim

1231 2059 1434 2109 humilitas,
1451 2058 1593 2109 quando
1607 2058 1702 2109 quis,
1714 2058 1914 2096 occasiones
1928 2058 2063 2097 habens
2079 2069 2117 2097 ut
2132 2075 2192 2098 ex-

1230 2119 1392 2169 tollatur,
1414 2133 1451 2157 se
1469 2120 1590 2172 ipsum
1608 2119 1780 2157 humiliat
1798 2128 1831 2157 et
1850 2119 2036 2172 deprimit,
2055 2135 2095 2158 ac
2117 2135 2191 2159 mo—

1229 2181 1327 2219 deste
1342 2195 1377 2218 se
1394 2180 1497 2232 gerit.
1514 2181 1619 2218 Tunc
1646 2180 1742 2218 enim
1761 2179 1808 2218 ad
1824 2194 1948 2218 verum
1971 2181 2191 2220 subi-chettu-

1228 2239 1414 2291 sastigium
1433 2238 1631 2277 secundum
1645 2238 1917 2290 promissionem
1933 2239 2091 2290 Domini,
2111 2255 2190 2292 quae

1229 2300 1318 2339 dicit
1341 2317 1350 2337 :

1229 2376 1308 2400 mus
1319 2361 1444 2414 igitur,
1457 2362 1614 2410 obsecro,
1624 2361 1794 2401 verticem
1806 2362 1911 2399 illum
1926 2376 2046 2400 omnes
2060 2377 2187 2416 appre-

1229 2423 1383 2462 hendere
1398 2438 1461 2476 per
1470 2423 1724 2474 humilitatem,
1741 2432 1780 2461 ut
1791 2423 1952 2462 eamdem
1964 2424 2063 2462 illam
2079 2440 2185 2476 quam

1224 2486 1345 2537 justus
1371 2485 1432 2524 ille
1453 2499 1472 2523 a
1492 2485 1648 2524 Domino
1682 2485 1834 2537 gratiam
1859 2499 2128 2536 consequamur,
2152 2497 2184 2525 ct

1179 2567 1202 2597 Ο
1230 2546 1425 2585 ineffabilia
1442 2546 1505 2584 illa
1524 2546 1617 2584 bona
1636 2560 1846 2595 mereamur,
1861 2546 1973 2598 gratia
1987 2555 2019 2583 et
2039 2547 2182 2585 miseri—

1228 2607 1348 2647 cordia
1368 2607 1514 2646 Domini
1535 2607 1644 2645 nostri
1668 2608 1753 2646 Jesu
1774 2606 1921 2653 Christi,
1943 2607 2089 2657 quicum
2108 2608 2181 2645 Pa-

1227 2669 1285 2718 tri,
1305 2678 1339 2707 et
1357 2677 1476 2706 sancto
1494 2667 1646 2720 Spiritui
1667 2666 1713 2705 sit
1731 2667 1859 2719 gloria,
1881 2667 2086 2720 imperium,
2109 2669 2177 2707 ho-

1226 2745 1302 2779 nor,
1322 2743 1417 2768 nunc
1446 2739 1478 2768 et
1507 2743 1655 2781 semper,
1676 2737 1709 2766 et
1737 2728 1772 2767 in
1805 2728 1930 2766 saecula
1950 2729 2175 2768 saeculorum.

1222 2795 1348 2832 Amen.

1378 2302 1455 2352 Qui
1472 2315 1512 2338 se
1534 2301 1732 2347 humiliat,
1757 2301 2011 2339 exaltabitur.
2033 2303 2187 2354 Sataga-
2203 2313 2388 2353 Lumjn.
