2516 3791
175 1362 238 1388 Cur
253 1368 308 1389 trc-

117 1410 220 1431 centos
239 1412 306 1430 vet·-

119 1444 239 1471 naculos

119 1486 256 1511 sumserit

118 1525 277 1552 Abraham.

323 164 415 222 412
734 179 771 208 s.
810 180 996 209 JOANNlS
1032 175 1271 208 cunrsosT.

319 271 376 300 est
389 264 430 298 in
438 264 598 299 sinistra
613 262 830 299 Damascm
841 262 917 299 6.E
921 270 933 298 ι
949 261 1104 298 reduxit
1117 270 1268 295 omnem

320 325 535 375 equitatum
551 322 810 359 Sodomorum.
830 323 881 358 Et
898 323 969 358 Lot
978 320 1115 371 filium
1120 319 1268 369 fratris

322 385 382 419 sui
397 383 490 420 redu
498 385 564 427 rit,
585 390 619 418 et
635 383 894 418 substantiam
910 382 1006 430 ejus,
1023 387 1059 415 et
1071 377 1268 428 populum,

321 452 356 480 et
373 443 559 480 mulieres.
578 440 770 478 Considera
783 439 854 487 hic,
871 438 1111 485 dilectissime,
1122 451 1268 487 magna-

321 503 515 540 nimitatem
541 510 575 538 et
599 499 846 537 fortitudinem
864 500 968 551 justi,
989 498 1166 551 quomodo
1180 499 1269 536 bene

321 563 407 598 fisus
422 559 673 598 misericordiae
689 559 847 609 Dei,non
866 560 1050 612 perculsus
1068 569 1118 598 est
1137 559 1267 607 animo,

319 636 400 659 cum
425 620 580 658 audisset
604 621 767 659 virorum
788 621 1046 669 fortitudinem,
1063 630 1097 658 et
1115 630 1268 671 stragem

319 696 427 732 quam
445 681 621 729 fecerant,
640 681 798 732 primum
823 681 858 719 in
878 695 998 719 omnes
1025 691 1143 733 gentes
1170 681 1266 718 irru-

318 740 438 792 ptione
466 741 570 786 sacta,
589 740 844 792 debellatisque
864 741 1069 778 Amalecitis
1086 750 1118 778 ct
1133 740 1270 778 caeteris

319 802 504 840 omnibus:
517 801 716 852 deindeque
734 815 817 839 cum
830 801 1024 839 Sodomitis
1044 815 1170 838 manus
1187 814 1270 838 con-

319 872 485 909 serentes,
502 871 535 899 et
555 863 589 899 in
609 863 733 913 fugam
752 862 847 913 ipsos
864 862 1046 910 verterint,
1062 875 1272 911 omnemque

319 938 438 960 eorum
472 923 686 975 diripuerint
717 923 963 960 substantiam.
998 921 1136 960 Idcirco
1177 922 1270 960 enim

319 984 481 1035 superius
499 983 573 1020 haec
587 983 705 1020 omnia
722 983 880 1020 narravit
901 983 1004 1020 nobis
1023 983 1220 1034 Scriptura,
1238 992 1271 1020 et
1293 992 1317 1021 E

320 1053 450 1093 quanta
478 1058 539 1081 sua
566 1044 697 1081 virtute
722 1053 862 1081 strenue
894 1052 1091 1095 gesserunt,
1115 1052 1156 1080 ut
1182 1043 1272 1081 scias

319 1118 387 1141 non
408 1104 583 1156 corporali
602 1103 727 1141 robore
743 1118 800 1142 eos
819 1103 992 1142 devicisse
1010 1103 1270 1156 patriarcham,

320 1163 380 1201 scd
394 1178 455 1201 sua
472 1165 507 1201 in
525 1166 642 1202 Deum
657 1164 741 1210 fide,
761 1174 795 1202 et
809 1178 962 1216 superno
976 1163 1147 1216 praesidio
1166 1163 1272 1216 adju-

321 1233 398 1262 tum
417 1225 535 1262 omnia
564 1225 626 1262 illa
647 1225 793 1276 gessisse
806 1241 817 1275 3
839 1239 908 1263 non
931 1239 1029 1262 arma
1053 1225 1192 1271 movit,
1212 1239 1274 1262 nec

321 1286 401 1333 tela,
410 1299 472 1323 nec
481 1286 629 1334 lanceas,
638 1300 700 1323 nec
714 1299 815 1323 arcus
824 1285 987 1334 intendit,
996 1299 1058 1322 nec
1068 1294 1165 1322 scuta
1176 1285 1236 1337 obj
1242 1299 1273 1322 e-

323 1346 382 1394 cit,
395 1345 454 1383 sed
467 1346 582 1383 solum
595 1360 675 1383 cum
685 1345 896 1384 vernaculis.
911 1345 1052 1383 Dixerit
1066 1345 1197 1396 aliquis
1211 1345 1275 1382 :Et

324 1420 432 1456 quare
442 1406 643 1444 numeravit
656 1415 826 1444 trecentos
839 1405 960 1444 decem
972 1415 1004 1443 et
1016 1415 1094 1444 octo
1105 1420 1274 1444 vernacu-

323 1467 404 1504 los?
419 1468 467 1505 [t
481 1467 570 1504 scias
587 1481 668 1504 eum
686 1481 755 1504 non
776 1467 958 1505 universos
977 1467 1196 1516 assumsisse,
1216 1467 1277 1506 sed

322 1528 543 1576 vernaculos,
553 1528 658 1578 etqui
671 1542 753 1565 cum
766 1529 832 1565 Lot
840 1527 978 1566 educati
994 1537 1104 1578 erant,
1116 1538 1155 1566 ut
1166 1529 1277 1566 ultio—

321 1602 401 1625 nem
415 1596 539 1639 sponte
555 1597 588 1624 et
599 1588 772 1625 benevole
786 1589 952 1637 facerent,
969 1598 1092 1640 utpote
1103 1589 1196 1626 servi
1211 1603 1276 1641 pro

1288 1628 1334 1652 356

1312 173 1501 203 AnCfflEP
1510 193 1518 202 .
1559 173 1642 204 coh·
1650 175 1895 204 STANTINOP
1904 194 1912 203 .

1339 255 1510 299 ἐπάταξεν
1529 255 1651 299 αὐτοὺς
1685 256 1748 300 ἕως
1775 256 1932 302 Χωὸὰλ,
1952 255 1975 301 ἥ
1995 256 2090 294 ἐστιν
2109 255 2274 308 ἀριστερὰ
2290 256 2362 293 Aa·

1340 318 1488 364 μασκοῦ-
1510 315 1582 353 Καὶ
1611 316 1802 368 ἐπέστρεψε
1827 322 1944 354 πᾶσαν
1963 315 2027 362 τὴν
2048 315 2154 354 ἵππον
2177 317 2360 366 Σοδόμων,

1339 376 1398 413 καὶ
1419 375 1501 415 Λὼτ
1512 377 1570 414 τὸν
1594 378 1796 429 ἀδελφιδοῦν
1819 380 1922 415 αὐτοῦ
1943 377 2228 429 ἀπέστρεψε,καὶ
2247 376 2362 414 πάντα

1338 435 1383 473 τὰ
1402 436 1604 490 ὑπάρχοντα
1620 439 1745 485 αὐτοῦ,
1765 438 1824 475 καὶ
1837 438 1895 475 τὸν
1914 436 2011 484 λαὸν,
2030 438 2090 475 καὶ
2104 437 2165 480 τὰς
2183 443 2361 488 γυναῖκας.

1338 496 1474 535 Ἔννόει
1497 513 1556 548 μοι
1575 500 1740 546 ἐνταῦθα,
1761 497 1940 550 ἀγαπητὲ,
1958 501 2021 544 τ’ῆς
2051 501 2110 535 τοῦ
2141 497 2275 536 δικαίου
2304 500 2363 535 ἀν-

1339 557 1454 610 δρείας
1487 557 1548 605 τὴν
1585 558 1862 611 μεγαλοψυχίαν,
1893 559 1986 601 ὅπως
2014 558 2190 610 θαῤῥῆσας
2220 561 2263 609 τῇ
2303 562 2363 596 τοῦ

1338 620 1430 657 Θεοῦ
1458 619 1601 669 δυνάμει
1626 621 1663 658 οὗ
1692 619 1897 669 κατεπλάγη
1919 620 1988 656 τῶν
2008 619 2140 670 ἀνδρῶν
2159 619 2222 665 τὴν
2244 617 2360 670 ἰσχὺν,

1341 679 1462 729 μαθὼν
1480 679 1544 726 τὴν
1557 680 1689 733 τροπὴν
1705 681 1747 727 ἣν
1760 679 1983 726 ἐποιήσαντο,
2002 678 2170 730 πρότερον
2189 679 2250 729 μὲν
2270 677 2362 716 κατὰ

1340 743 1408 777 τῶν
1431 742 1542 778 ἐθνῶν
1558 741 1723 779 ἁπάντων
1743 740 1960 793 ὁρμήσαντες
1971 769 1981 786 ,
1995 739 2054 777 καὶ
2075 739 2154 782 τοὺς
2170 739 2361 789 Ἀμαληκί·

1341 817 1403 845 τας
1434 800 1493 839 καὶ
1527 801 1604 845 τοὺς
1638 800 1779 845 λοιποὺς
1821 800 1978 844 ἅπαντας
2019 800 2364 851 καταγωνισάμενοι,

1341 861 1462 899 ἔπειτα
1483 861 1518 900 δὲ
1539 862 1624 913 πρὸς
1640 862 1718 905 τοὺς
1737 863 1771 899 ἐν
1788 861 1957 911 Σοδόμοις
1977 860 2214 911 συμὸαλόντες
2228 891 2237 908 ,
2251 860 2310 898 καὶ
2320 862 2366 903 εἷς

1342 922 1452 973 φυγὴν
1473 922 1596 966 αὐτοὺς
1613 922 1819 974 τρέψαντες,
1840 922 1897 959 καὶ
1917 928 2033 959 πᾶσαν
2054 923 2166 959 αὐτῶν
2189 920 2365 972 ἀφελόμε-

1342 997 1393 1020 νοι
1420 982 1483 1029 τὴν
1502 982 1660 1034 ὕπαρξιν.
1678 982 1746 1020 Διὰ
1762 982 1830 1035 γὰρ
1857 985 1959 1020 τοῦτο
1986 981 2213 1033 προλαέοῦσα
2235 984 2257 1027 ἡ
2291 980 2366 1019 θεία

1341 1042 1467 1095 Γραφὴ
1488 1043 1603 1081 πάντα
1621 1047 1732 1080 ταῦτα
1747 1047 1830 1093 ἡμῖν
1849 1041 2041 1092 διηγήσατο
2053 1073 2063 1089 ,
2078 1042 2138 1080 καὶ
2157 1041 2221 1079 ὅσα
2234 1040 2290 1079 διὰ
2305 1045 2367 1088 τῆς

1344 1105 1457 1141 αὐτῶν
1476 1103 1635 1156 ἀνδρείας
1656 1102 1907 1154 κατώρθωσαν,
1920 1101 1978 1139 ἵνα
1999 1102 2111 1153 μάθῃς
2130 1104 2176 1144 ὡς
2195 1104 2232 1140 οὗ
2247 1117 2367 1152 σωμα-

1342 1167 1423 1216 τικῇ
1445 1163 1541 1216 ἰσχύϊ
1556 1168 1573 1202 ὁ
1591 1163 1813 1216 πατριάρχης
1831 1162 1970 1206 τούτους
1990 1162 2267 1214 κατηγωνίσατο,
2279 1162 2369 1201 ἀλλὰ

1343 1227 1386 1276 τῇ
1406 1224 1523 1263 πίστει
1547 1228 1590 1276 τῇ
1619 1227 1666 1265 εἰς
1694 1225 1751 1262 τὸν
1771 1225 1874 1269 Θεὸν,
1905 1223 1964 1261 καὶ
1995 1227 2039 1275 τῇ
2071 1223 2200 1262 ἄνωθεν
2228 1223 2370 1275 βοηθείᾳ

1344 1285 1578 1337 τειχιζόμενος
1607 1285 1724 1323 πάντα
1752 1289 1863 1322 ταῦτα
1895 1283 2138 1337 κατώρθωσεν,
2173 1285 2240 1336 οὐχ
2277 1284 2369 1323 ὅπλα

1345 1345 1490 1392 κινήσας
1502 1377 1511 1394 ,
1531 1346 1591 1384 καὶ
1613 1346 1696 1396 βέλη
1713 1376 1722 1394 ,
1744 1345 1803 1383 καὶ
1825 1344 1954 1397 δόρατα
1966 1375 1975 1392 ,
1991 1345 2051 1382 καὶ
2067 1344 2150 1389 τόξα
2162 1345 2297 1393 τείνας,
2311 1345 2371 1383 καὶ

1348 1407 1497 1450 ἀσπίδας
1511 1406 1783 1459 προὸαλόμενος,
1799 1405 1888 1444 ἀλλὰ
1910 1405 2000 1455 μετὰ
2013 1409 2081 1443 τῶν
2096 1408 2290 1458 οἰκογενῶν.
2301 1405 2371 1444 Καὶ

1346 1466 1436 1510 τίνος
1467 1467 1595 1514 ἕνεκεν,
1619 1467 1737 1518 φησὶν,
1757 1466 1933 1519 ἠρίθμησε
1960 1465 2180 1518 τριακοσίους
2201 1466 2284 1503 δέκα
2310 1465 2370 1503 καὶ

1347 1525 1438 1564 ὀκτὼ
1458 1528 1660 1578 οἰκογενεῖς,
1677 1526 1757 1564 Ἵνα
1774 1526 1886 1576 μάθῃς
1899 1556 1908 1574 ,
1930 1525 1983 1563 ὅτι
2001 1528 2065 1578 οὐχ
2081 1527 2201 1569 ἁπλῶς
2215 1525 2371 1568 ἅπαντας

1348 1587 1484 1634 ἔλαὸεν,
1505 1587 1596 1625 ἀλλὰ
1623 1586 1700 1630 τοὺς
1726 1590 1928 1639 οἰκογενεῖς,
1948 1587 2025 1631 τοὺς
2047 1586 2371 1639 συνανατραφέντας

319 1662 382 1685 suo
400 1647 545 1685 domino
567 1657 750 1686 certantes.
781 1648 829 1685 Et
850 1648 947 1695 vide,
967 1649 1127 1697 obsecro,
1147 1649 1275 1687 miram
1300 1664 1325 1693 Α
1347 1651 1398 1700 τῷ
1413 1647 1516 1696 Λὼτ,
1533 1648 1589 1686 ἵνα
1606 1647 1696 1699 μετὰ
1708 1649 1840 1694 πολλῑῆς
1853 1647 1986 1691 εὐνοίας
1997 1648 2061 1694 τὴν
2078 1648 2254 1694 ἐκδίκησιν
2269 1648 2371 1694 ποιή-

321 1708 384 1745 Dei
398 1708 603 1760 potentiam,
611 1717 742 1758 quanta
752 1708 940 1746 velocitate
951 1709 1100 1760 contigit
1113 1708 1274 1747 victoria.

320 1772 439 1806 Irruit
455 1769 567 1815 enim,
589 1769 721 1819 inquit,
744 1782 857 1820 super
873 1770 962 1807 illos
984 1778 1107 1816 nocte,
1128 1772 1220 1821 ipse,
1239 1778 1276 1808 et

320 1833 419 1867 servi
438 1832 533 1881 ejus,
552 1838 588 1866 et
602 1832 791 1881 percussit
805 1842 882 1876 eos,
902 1838 938 1867 et
954 1839 1206 1882 persequutus
1222 1839 1277 1867 est

320 1905 393 1929 eos.
413 1891 500 1928 Erat
517 1891 612 1928 enim
632 1904 757 1927 manus
777 1904 944 1942 superna,
970 1905 1048 1941 quae
1078 1890 1276 1942 adjuvabat

321 1961 354 1989 et
377 1951 646 2003 commilitabat.
682 1951 729 1988 Et
758 1951 838 1989 ideo
868 1966 982 2002 neque
1009 1952 1132 2002 armis,
1163 1965 1276 2002 neque

322 2013 497 2049 machinis
516 2027 604 2064 opus
625 2012 826 2050 habebant:
841 2012 903 2050 sed
917 2021 1057 2050 tantum
1076 2022 1115 2050 ut
1132 2027 1275 2064 compa-

324 2073 395 2109 ruit
414 2087 495 2109 cum
515 2072 674 2121 famulis,
695 2072 784 2109 alios
805 2072 951 2122 quidem
978 2072 1166 2124 percussit,
1187 2073 1275 2110 alios

323 2142 439 2170 autem
472 2133 506 2169 in
529 2133 651 2182 fugam
671 2132 794 2177 vertit,
813 2141 845 2169 et
863 2141 1053 2183 utrumque
1081 2132 1275 2184 impavide,

325 2208 406 2229 cum
427 2192 546 2229 nullus
579 2201 668 2229 esset
688 2192 747 2241 qui
768 2193 1001 2240 obturbaret,
1024 2202 1057 2230 et
1076 2202 1150 2231 tam
1169 2208 1277 2243 equos

326 2254 417 2303 regis
438 2254 675 2291 Sodomorum
694 2253 852 2300 reduxit,
872 2268 980 2303 quam
996 2254 1064 2291 Lot
1083 2254 1203 2291 fratris
1222 2254 1277 2291 sui

326 2315 456 2359 lilium,
474 2323 506 2351 et
526 2328 665 2351 omnem
686 2315 760 2365 ejus
777 2314 1012 2351 substantiam
1040 2323 1073 2351 et
1092 2314 1274 2352 muliere&

329 2375 437 2412 Vides
457 2389 566 2425 quare
580 2375 753 2425 aliisfuga
772 2375 1007 2418 elabentibus,
1025 2375 1218 2427 permissus
1233 2376 1280 2414 sit
1304 2385 1327 2414 B

330 2436 393 2472 Lot
407 2435 442 2472 in
457 2434 703 2487 captivitatem
716 2435 865 2473 venire?
881 2436 1017 2487 Nempe
1031 2445 1069 2473 ut
1083 2445 1116 2473 et
1129 2436 1280 2488 patriar-

326 2496 400 2531 chae
435 2495 551 2532 virtus
583 2495 802 2544 claresceret,
835 2504 868 2532 et
900 2505 1043 2548 propter
1072 2496 1192 2548 ipsum
1219 2497 1280 2534 alii

327 2556 429 2593 multi
448 2556 597 2593 salutem
617 2565 901 2606 assequerentur.
923 2557 1042 2594 Rediit
1062 2566 1180 2594 autem
1201 2572 1280 2595 ma-

328 2631 395 2664 gno
413 2626 446 2653 ct
465 2616 635 2668 praeclaro
652 2625 786 2668 tropaeo
803 2616 1057 2667 insigniS‚C11m
1074 2618 1141 2655 Lot
1157 2632 1279 2669 equos,

328 2688 359 2714 vt
384 2678 564 2726 mulieres,
583 2686 615 2714 et
641 2686 782 2715 caeteras
809 2678 1025 2715 substantias
1045 2677 1228 2727 reducens,
1250 2689 1284 2717 et

330 2737 423 2775 «lara
441 2753 479 2775 ac
495 2739 595 2789 plena
612 2753 698 2776 voce
718 2737 932 2790 praedicans,
950 2740 1107 2790 tubaque
1126 2740 1284 2778 vocalius

333 2816 339 2832 ι
355 2799 500 2843 lanians,
518 2813 553 2835 se
568 2813 636 2835 non
653 2799 810 2836 humana
829 2798 976 2848 virtute,
993 2813 1106 2849 neque
1121 2814 1285 2852 corpora-

333 2861 356 2896 li
375 2859 499 2896 robore
511 2868 543 2896 et
560 2859 637 2897 illos
650 2860 866 2911 profligasse,
881 2869 914 2897 ct
932 2860 1103 2898 victorem
1118 2861 1283 2911 evasisse,

334 2918 394 2955 ‚sed
415 2931 564 2969 superna
594 2932 700 2955 manu
730 2917 879 2955 faciente
904 2917 1035 2956 omnia.
1060 2917 1196 2956 Vidisti
1223 2933 1286 2970 per

334 2978 451 3016 omnia
470 2979 605 3029 justum
627 2978 810 3015 clariorem
832 2978 921 3027 lieri,
941 2987 974 3015 ct
993 2977 1154 3029 quotidie
1173 2978 1287 3029 magis

334 3038 505 3076 declarari
544 3039 608 3075 Dei
646 3052 726 3087 erga
759 3053 837 3075 eum
872 3039 1167 3090 providentiam?
1193 3040 1287 3078 Vide

336 3109 413 3150 post
435 3099 525 3144 lue-0,
549 3098 726 3148 quomodo
759 3099 875 3136 studet
897 3108 935 3137 ut
955 3099 1150 3138 Sodomitis
1170 3099 1284 3138 divini
1308 3114 1332 3144 c

335 3159 673 3197 vultus‹locto1·liat.
688 3159 851 3196 Aitenim
866 3160 1284 3213 Scriptul·a:17.Egres-

336 3235 397 3257 sus
415 3229 468 3257 est
487 3235 553 3257 rer
573 3220 707 3257 Sadom
715 3234 822 3257 orum
843 3224 882 3257 iu
902 3235 1100 3259 occursum
1115 3226 1163 3267 ei,
1180 3232 1283 3274 post-

337 3297 451 3333 quam
471 3294 643 3318 reversus
657 3289 712 3317 es!
727 3296 748 3317 a
768 3291 894 3332 strage
909 3284 1229 3335 (Vtodologomor.
1249 3293 1282 3320 cl

336 3358 464 3392 trgum
491 3345 555 3393 qui
575 3357 656 3379 cum
678 3342 757 3378 illa».
787 3343 925 3379 Μινυᾶν
945 3344 1067 3393 quanti
1090 3344 1131 3381 sit
1155 3344 1280 3383 virius.

1348 1725 1492 1756 σωνται,
1504 1711 1551 1752 ὡς
1564 1709 1651 1760 ὑπὲρ
1664 1709 1791 1747 οἰκείου
1804 1709 1970 1747 δεσπότου
1980 1709 2100 1747 λοιπὸν
2114 1709 2372 1760 ἀγωνιζόμενοι.

1348 1769 1418 1807 Καὶ
1439 1769 1500 1807 θέα
1519 1785 1576 1820 μοι
1594 1773 1656 1816 τῆς
1676 1769 1856 1820 δυνάμεως
1877 1773 1937 1807 τοῦ
1958 1771 2050 1807 Θεοῦ
2077 1769 2141 1816 τὴν
2163 1769 2372 1823 ὓπερὸολὴν,

1349 1829 1426 1880 μεθ’
1440 1829 1524 1876 ὅσης
1536 1830 1731 1882 ταχύτητος
1743 1830 1787 1868 τὰ
1801 1834 1862 1877 τῆς
1878 1829 1976 1877 νίκης
1990 1830 2184 1881 γεγένηται.
2198 1830 2373 1870 Ἔπέπεσε

1348 1891 1414 1942 γὰρ
1442 1891 1574 1939 αὐτοῖς,
1604 1892 1706 1943 φησὶ,
1727 1890 1790 1937 τὴν
1820 1891 1926 1929 νύκτα
1959 1891 2079 1939 αὐτὸς,
2108 1891 2167 1929 καὶ
2193 1895 2225 1930 οἱ
2252 1893 2373 1936 παῖδες

1348 1953 1452 1989 αὐτοῦ
1465 1980 1474 1997 ,
1496 1952 1555 1989 καὶ
1575 1952 1742 1996 ἐπάταξεν
1763 1951 1906 1996 αὐτοὺς,
1925 1951 1985 1989 καὶ
2012 1950 2148 1995 ἐδίωξεν
2170 1952 2304 1996 αὐτούς.
2327 1952 2372 1990 Ἡ

1347 2011 1414 2063 γὰρ
1436 2012 1564 2050 ἄνωθεν
1592 2012 1671 2064 χεὶρ
1697 2007 1739 2059 ἦν
1773 2012 2060 2063 συνεφαπτομένη
2081 2013 2140 2050 καὶ
2171 2029 2370 2065 συστρατη-

1348 2077 1457 2124 γοῦσα
1474 2079 1545 2116 τοῖς
1564 2073 1768 2124 γινομένοις.
1787 2075 1842 2110 Δι’
1865 2074 1882 2111 ὃ
1908 2074 1984 2111 οὐδὲ
2003 2073 2118 2111 ὅπλων
2137 2077 2251 2118 αὐτοῖς
2270 2076 2372 2122 ἐδέη-

1350 2149 1420 2181 σεν,
1440 2133 1516 2170 οὐδὲ
1542 2133 1824 2184 μηχανημάτων,
1838 2132 1928 2171 ἀλλὰ
1949 2135 2051 2183 μόνον
2068 2135 2184 2186 φανεὶς
2200 2135 2290 2186 μετὰ
2304 2139 2372 2174 τῶν

1350 2187 1493 2230 οἰκετῶν
1513 2192 1592 2236 τοὺς
1609 2193 1670 2243 μὲν
1693 2193 1862 2240 ἐπάταξε,
1876 2193 1954 2237 τοὺς
1971 2194 2006 2233 δὲ
2025 2197 2072 2238 εἰς
2091 2196 2202 2247 φυγὴν
2219 2199 2374 2247 ὁρμῆσαι

1350 2254 1590 2305 παρεσκεύασε
1604 2285 1613 2302 ,
1645 2255 1705 2292 καὶ
1748 2255 1909 2292 ἑκάτεςον
1945 2255 2087 2303 ἐποίησε
2130 2257 2218 2307 μετὰ
2260 2258 2375 2300 ἀδείας

1351 2316 1510 2362 ἁπάσης,
1531 2317 1664 2359 οὐδενὸς
1684 2316 1779 2358 ὄντος
1796 2321 1856 2354 τοῦ
1879 2318 2119 2368 ἐνοχλοῦντος,
2135 2318 2198 2364 τήν
2213 2334 2250 2356 τε
2270 2319 2375 2358 ἵππον

1352 2379 1410 2413 τοῦ
1433 2376 1603 2426 βασιλέως
1623 2376 1789 2427 Σοδόμων
1820 2377 2035 2429 ἀπέστρεψε,
2054 2379 2113 2416 καὶ
2138 2380 2196 2417 τὸν
2216 2379 2300 2418 Λὼτ
2317 2380 2375 2418 τὸν

1352 2438 1554 2489 ἀδελφιδοῦν
1584 2440 1706 2484 αὐτοῦ,
1727 2437 1786 2475 καὶ
1814 2438 1926 2475 πάντα
1947 2438 1990 2476 τὰ
2016 2439 2219 2491 ὑπάρχοντα
2238 2440 2296 2478 καὶ
2315 2440 2376 2484 τὰς

1353 2504 1528 2547 γυναῖκας.
1551 2497 1661 2549 Ὁρᾷς
1683 2498 1739 2535 διὰ
1769 2497 1803 2534 τί
1826 2497 2050 2550 συνεχωρήθη
2070 2502 2139 2536 τῶν
2162 2499 2276 2538 ἄλλων
2309 2517 2375 2539 πε-

1355 2558 1528 2610 φευγότων
1544 2561 1561 2596 ὁ
1575 2558 1658 2596 Λὼτ
1675 2559 1776 2608 μόνος
1791 2560 2015 2611 αἰχμάλωτος
2030 2560 2206 2611 «savio-0223
2221 2560 2300 2599 Ἵνα
2317 2562 2375 2600 καὶ

1355 2624 1413 2657 τοῦ
1433 2619 1651 2671 πατριάρχου
1673 2621 1869 2665 κατάδηλος
1896 2620 2040 2672 γένηται
2059 2623 2079 2666 ἦ
2108 2621 2212 2673 ἀρετὴ
2226 2652 2235 2669 ,
2251 2622 2310 2660 καὶ
2332 2623 2376 2660 δι’

1356 2678 1458 2716 αὐτὸν
1495 2679 1554 2715 καὶ
1586 2680 1698 2730 ἕτεροι
1726 2679 1849 2717 πολλοὶ
1881 2683 1943 2725 τῆς
1977 2680 2150 2731 σωτηρίας
2171 2681 2377 2733 ἐπιτύχωσι.

1356 2738 1427 2776 Καὶ
1443 2739 1585 2789 ἐπανῄει
1600 2740 1719 2776 λοιπὸν
1741 2739 1833 2790 μέγα
1851 2739 1910 2777 καὶ
1925 2740 2087 2792 λαμπρὸν
2107 2740 2271 2793 τρόπαιον
2293 2745 2377 2780 ε’πα-

1355 2799 1498 2850 γόμενος
1509 2830 1518 2847 ,
1535 2799 1623 2849 μετὰ
1642 2804 1700 2837 τοῦ
1714 2800 1797 2838 Λὼτ
1816 2801 1874 2838 καὶ
1893 2801 1955 2847 τὴν
1974 2800 2094 2849 ἵππον,
2108 2803 2167 2840 καὶ
2182 2802 2243 2846 τὰς
2259 2810 2375 2855 γυναῖ-

1356 2876 1419 2904 κας
1433 2892 1442 2906 ,
1459 2861 1518 2898 καὶ
1532 2861 1576 2898 τὰ
1591 2861 1792 2914 ὑπάρχοντα
1813 2862 2077 2915 ἐπιφερόμενος,
2097 2863 2156 2901 καὶ
2175 2871 2260 2902 πᾶσι
2285 2866 2377 2915 λαμ-

1356 2928 1429 2973 πρᾶΙ
1465 2925 1508 2971 τῇ
1553 2925 1648 2973 φωνῇ
1688 2922 1882 2974 κηρύττων,
1917 2923 1977 2961 καὶ
2007 2923 2197 2976 σάλπιγγος
2227 2929 2377 2975 μεγαλο-

1357 2983 1548 3035 φωνότερον
1583 2986 1685 3034 βοῶν,
1714 2985 1766 3022 ὃτι
1797 2987 1859 3022 οὐκ
1888 2985 2088 3036 ἀνθρωπίνῃ
2110 2986 2274 3037 δυνάμει,
2299 2988 2377 3027 οὐδὲ

1357 3043 1451 3095 ἷσχύϊ
1473 3044 1645 3094 σωμάτιον
1667 3044 1729 3091 τὴν
1759 3045 1890 3097 τροπὴν
1923 3046 2125 3097 εἰργάσατο,
2146 3047 2204 3084 καὶ
2233 3047 2296 3094 τὴν
2327 3049 2376 3087 νί-

1356 3119 1419 3149 κην
1440 3103 1570 3155 ἤρατο,
1590 3104 1679 3143 ἀλλὰ
1708 3108 1769 3151 τῆς
1790 3106 1919 3144 ἄνωθεν
1951 3107 2066 3159 χειρὸς
2086 3107 2200 3145 πάντα
2230 3111 2374 3160 ἐργαζο-

1358 3164 1473 3213 μένης.
1496 3159 1594 3208 Εἶδες
1615 3166 1670 3203 διὰ
1691 3166 1830 3204 πάντων
1846 3167 1903 3204 τὸν
1933 3166 2062 3206 δίκαιον
2086 3170 2374 3222 περιφανέστερον

1356 3224 1546 3273 γινόμενον,
1567 3226 1625 3263 καὶ
1651 3229 1727 3264 καθ’
1757 3227 1902 3265 ἕκαστον
1933 3227 2051 3278 καιρὸν
2081 3233 2167 3267 πᾶσι
2199 3231 2374 3268 δεικνύντα

1357 3283 1418 3329 τὴν
1437 3285 1515 3336 περὶ
1537 3287 1636 3324 αὐτὸν
1666 3291 1724 3324 τοῦ
1751 3289 1843 3325 Θεοῦ
1864 3287 2047 3339 πρόνοιαν;
2062 3288 2157 3340 εὈρα
2181 3290 2280 3327 αὐτὸν
2307 3292 2374 3327 λοι·

1487 3347 1590 3358 ixx}

1357 3346 1418 3382 πὸν
1441 3362 1496 3383 και
1517 3349 1720 3385 οιεατκαλον
1740 3349 1933 3392 &wesin
1955 3349 2110 3399 γενέσθαι
2139 3350 2372 3395 σπουδάζοντα
