2516 3791
657 215 697 245 tu
735 216 837 246 mi).
878 214 1056 245 xxxvu.
1095 212 1258 243 cenes.
1299 211 1455 243 nomn„
1498 213 1591 244 Lxr.
2069 204 2163 267 679

110 302 240 342 εὔνοιαν
257 301 292 338 ἐν
310 300 358 352 νῷ
379 298 564 345 λαὸόντες,
579 298 620 336 τὸ
651 305 752 349 μῖσος
776 301 853 337 καθ’
872 298 1023 345 ἑκάστην
1043 296 1133 348 ἧμέ-
1205 309 1320 346 neque
1335 305 1470 334 naturae
1481 296 1670 335 vinculum
1685 298 1851 349 reveriti,
1869 313 1982 352 neque
1998 301 2032 339 in
2050 312 2166 340 mente

111 378 171 415 ραν
188 361 376 408 ἐπέτεινον,
394 359 477 397 “md
496 359 734 403 λανθανόντως
751 359 814 407 τὴν
827 359 939 412 πυρὰν
957 359 1042 412 παρ’
1060 361 1137 397 ἑαυ-
1206 357 1382 409 capientes
1400 367 1531 409 quanta
1552 358 1612 397 ille
1633 373 1784 412 superna
1809 361 2053 400 benevolentia
2080 378 2165 401 mu-

108 429 178 468 τοῖς
193 425 358 468 ἀνῆπτον,
386 422 482 460 οὐδὲν
502 421 580 459 οὔτε
599 425 659 459 τοῦ
679 422 828 473 πατρὸς,
853 420 932 459 οὔτε
966 425 1028 459 τοῦ
1059 420 1136 459 νέου
1163 422 1186 453 C
1207 416 1362 465 iuretur,
1391 416 1516 454 odium
1548 417 1708 468 quotidie
1743 429 1945 457 auxerunt:
1967 429 2000 458 et
2030 421 2167 458 occulte

108 484 260 523 τοιοῦτόν
292 500 326 522 τι
354 482 631 536 ὑποπτεύοντος,
664 483 735 521 οὐδ’
765 482 819 522 ὅτι
851 483 936 535 πρὸς
963 482 1137 528 τοσαύτην
1207 477 1299 515 intra
1316 480 1522 528 semetipsos
1545 492 1672 530 rogum
1689 480 1947 531 accenderunt,
1971 496 2083 532 neque
2105 497 2168 534 pa-

108 545 234 597 μανίαν
255 544 409 583 ἐλαύνειν
429 544 588 595 ἔμελλον,
619 544 682 582 Διὸ
711 544 771 582 χαὶ
800 543 1036 596 πορευθέντων
1068 545 1139 581 τῶν
1208 546 1285 588 tre,
1307 552 1418 590 neque
1435 540 1508 577 lilio
1522 541 1592 578 tale
1607 542 1794 594 quidpiam
1810 543 2091 595 suspicantibus,
2109 558 2169 581 ne-

107 606 265 658 ἀδελφῶν
289 607 336 649 εἰς
355 605 400 643 τὰ
422 604 588 656 ποίμνια,
615 600 724 644 Εἶπεν
744 608 761 643 ὁ
780 604 899 657 πατὴρ
916 607 966 657 τῷ
988 604 1139 657 Ἰωσήφ·
1210 614 1280 651 que
1295 601 1602 651 cogitantibuscos
1617 603 1650 640 in
1666 612 1798 641 tantam
1813 604 1985 642 insanium
1999 619 2072 643 esse
2088 620 2170 657 pro-

105 666 172 717 ⁰57.
191 669 223 704 οἱ
243 665 386 717 ἀδελφοί
414 681 474 704 σου
493 666 735 717 ποιμαίνουσιν
759 667 806 710 εἰς
834 665 977 718 Συχέμ
1010 667 1141 716 Δεῦρο,
1211 671 1409 714 peratum-os.
1432 661 1514 700 Ideo
1536 663 1596 700 ubi
1617 665 1763 715 profecti
1785 675 1866 703 sunt
1886 666 2011 703 fratres
2031 667 2074 704 ad
2091 681 2169 717 gre-

105 727 310 765 ἀποστείλω
333 743 370 764 σε
387 727 473 780 πρὸς
493 727 630 771 αὐτούς.
663 720 751 766 lii-trs
772 726 807 764 δὲ
835 728 948 779 αὐτῷ·
968 727 1039 764 ἰδοὺ
1060 725 1141 778 ἐγώ.
1211 736 1287 774 ges:
1307 725 1501 771 15.Dia:it‚
1518 724 1648 776 inquit,
1658 735 1771 777 pater
1781 728 1835 764 ad
1851 729 2017 779 loseph.-
2030 729 2170 766 Nonne

105 782 207 832 Εἶδες
224 789 354 841 πατρὸς
376 787 487 841 ι’πρὸς
510 789 636 832 παῖδας
665 787 929 840 φιλοστοργίαν;
953 781 1039 832 εἶδες
1060 803 1141 825 παι·
1198 785 1354 836 sratres
1375 788 1432 822 tui
1447 795 1614 837 pascunt
1643 800 1730 825 oves
1750 790 1792 824 in
1819 788 1987 836 Sychem
2003 792 2019 824 P
2043 791 2062 825 l
2071 791 2139 826 'eni
2155 819 2163 833 ‚

105 849 161 892 δὸς
179 849 359 896 ὑπαχοήν;
382 843 471 887 Eine
490 849 526 888 δὲ
549 850 660 901 αὐτῷ·
678 849 866 901 Πορευοεὶς
895 848 946 887 ἴδε
967 851 996 887 εἷ
1027 848 1140 901 ὑγιαί-
1211 849 1365 884 mittam
1381 856 1417 884 te
1437 849 1492 885 ad
1506 862 1580 886 eos.
1595 850 1786 902 Dixitque
1805 853 1840 887 ei
1857 866 1867 885 .·
1886 852 1988 888 Ecce
2007 866 2085 902 ego,
2101 852 2167 890 Vi-

103 927 218 950 νουσιν
237 913 268 949 οἱ
285 910 426 964 ἀδελφοί
447 926 521 960 σου,
540 910 599 949 κα),
618 910 662 949 τὰ
681 910 862 964 πρόὸατα,
891 911 951 949 καὶ
971 911 1138 963 ἀνάγγει-
1207 906 1292 945 dlSll
1321 908 1434 961 patris
1455 922 1538 960 erga
1568 909 1662 949 fillOS
1689 910 1942 950 dilectionem?
1958 912 2079 950 Vldlsll
2102 913 2168 951 llll!

105 970 164 1010 λόν
186 987 257 1023 μοι.
1209 968 1469 1007 obedientiam?
1483 970 1586 1009 Dixit
1599 981 1719 1009 autem
1729 972 1759 1010 ei
1773 974 1852 1010 :14
1864 973 1972 1010 Vade
1984 982 2020 1011 et
2047 975 2140 1011 vide
2152 1005 2164 1021 ‚

1210 1043 1303 1067 num
1319 1034 1408 1069 sani
1424 1034 1502 1070 sint
1511 1034 1658 1085 fratres
1679 1035 1754 1081 lui,
1777 1042 1813 1071 et
1828 1047 1938 1080 oves,
1962 1043 1997 1072 et
2015 1049 2168 1073 annun-

1210 1094 1266 1130 tia
1286 1094 1393 1130 mihi.

159 1157 280 1194 Ταῦτα
295 1155 330 1194 δὲ
343 1154 458 1193 πάντα
473 1154 605 1206 ἐγίνετο
618 1186 627 1204 ,
646 1154 702 1194 ἵνα
717 1156 777 1194 καὶ
792 1159 852 1194 τοῦ
866 1154 997 1208 Ἰωσὴφ
1013 1156 1134 1209 δειχθῇ
1262 1155 1298 1191 5.
1321 1154 1406 1191 Haec
1422 1163 1541 1192 autem
1555 1155 1674 1193 omnia
1690 1155 1781 1194 facta
1796 1165 1896 1205 sunt,
1913 1165 1951 1194 ut
1968 1165 2002 1194 et
2019 1157 2168 1209 Josepbi

103 1220 125 1264 ἡ
141 1216 220 1268 περὶ
237 1215 314 1260 τοὺς
334 1216 503 1268 ἀδελφοὺς
519 1215 632 1255 εὔνοια
645 1245 654 1261 ,
674 1216 844 1255 κάκείνων
866 1218 1061 1265 κατάδηλος
1080 1217 1137 1269 γέ-
1163 1218 1186 1247 D
1207 1227 1290 1266 erga
1318 1215 1444 1253 fratres
1464 1225 1720 1254 monstraretur
1743 1217 2012 1265 benevolentia,
2033 1227 2067 1255 et
2088 1218 2168 1256 illo-

103 1294 207 1324 νηται
231 1282 252 1325 ἡ
276 1278 397 1330 φονικὴ
421 1277 560 1329 γνώμη.
581 1277 738 1326 Ἐγίνετο
768 1278 804 1316 δὲ
837 1278 896 1316 καὶ
927 1277 1035 1322 τύπος
1066 1280 1136 1317 τῶν
1206 1289 1289 1312 rum
1309 1275 1536 1327 sanguinaria
1555 1291 1654 1315 mens
1675 1277 1773 1315 fieret
1793 1277 1993 1315 manifesta.
2018 1279 2168 1317 Factum

104 1340 243 1378 ἔσεσθαι
268 1339 479 1390 μελλόντων,
498 1339 557 1376 καὶ
572 1340 608 1376 ἐν
625 1342 667 1391 τῇ
694 1345 776 1391 σκιᾷ
799 1340 1075 1392 προδιεγροὶφετο
1093 1338 1138 1377 τὰ
1208 1345 1260 1374 est
1273 1345 1393 1374 autem
1411 1337 1495 1374 etin
1510 1337 1665 1388 liguram
1683 1337 1887 1376 futurorum
1900 1369 1911 1388 ‚
1935 1339 2023 1377 utin
2042 1340 2167 1378 umbra

102 1403 165 1446 τῆς
193 1401 357 1447 ἀληθείας
380 1399 585 1454 πράγματα.
611 1400 680 1438 Καὶ
701 1399 821 1451 ὥσπερ
848 1403 866 1438 6
887 1400 1017 1454 Ἰωσὴφ
1051 1400 1137 1453 πρὸς
1209 1397 1322 1435 multo
1336 1407 1438 1435 antea
1452 1398 1614 1436 veritatis
1630 1413 1684 1437 res
1699 1398 1995 1438 describerentur.
2015 1400 2059 1438 lit
2076 1401 2167 1439 sicut
2202 1426 2313 1464 „Ioseph
2332 1427 2367 1454 fi-

102 1460 180 1504 τοὺς
200 1460 368 1513 ἀδελφοὺς
387 1461 493 1512 ἀπῄει
518 1460 790 1513 ἐπισκεψόμενος
817 1460 954 1507 αὐτοὺς,
983 1463 1136 1499 κάκεῖνοι
1209 1459 1341 1512 Joseph
1358 1459 1405 1498 ad
1420 1460 1545 1498 fratres
1558 1460 1648 1498 abiit
1660 1461 1818 1499 invisum
1837 1476 1895 1500 eos
1907 1492 1918 1509 ,
1935 1472 1967 1500 et
1984 1462 2036 1500 illi
2054 1477 2168 1515 neque
2182 1477 2250 1517 gum
2280 1470 2370 1497 Chri-

102 1524 164 1561 οὐκ
181 1522 394 1565 αἰδεσθέντες
412 1521 490 1560 οὔτε
506 1521 570 1568 τὴν
590 1522 809 1574 ἀδελφότητα
821 1552 830 1569 ,
847 1522 924 1560 οὔτε
945 1522 1010 1569 τὴν
1023 1522 1138 1561 αἰτίαν
1209 1520 1486 1570 fraternitatem,
1507 1535 1618 1572 neque
1635 1521 1810 1561 adventus
1836 1537 1978 1561 causam
1999 1525 2143 1563 reveriti
2153 1555 2164 1575 ‚
2182 1517 2230 1538 ⁵¹¹·

101 1585 164 1630 τῆς
193 1583 386 1635 παρουσίας
399 1613 409 1628 ,
441 1582 610 1635 πρότερον
646 1583 709 1634 μὲν
738 1585 872 1622 ἀνελεῖν
895 1583 1142 1642 ἐδουλεύοντο,
1211 1581 1368 1634 primum
1387 1582 1535 1633 quidem
1548 1583 1593 1621 de
1606 1583 1798 1622 occidendo
1818 1584 1881 1622 illo
1896 1585 2164 1635 deliberabant,

102 1644 223 1683 ἔπειτα
246 1645 281 1683 δὲ
299 1644 359 1682 καὶ
380 1643 599 1696 ἐπίπρασκον
618 1650 689 1688 τοῖς
707 1644 916 1697 βαρὸάροις·
933 1645 1024 1683 οὕτω
1044 1646 1104 1683 καὶ
1123 1648 1140 1683 ὁ
1210 1652 1330 1695 postca
1360 1652 1479 1681 autem
1510 1643 1746 1682 vendiderunt
1764 1645 1926 1683 barbaris
1947 1662 1955 1682 ε
1975 1646 2021 1683 ita
2040 1656 2073 1684 et
2093 1648 2167 1685 Do-

102 1705 284 1752 Δεσπότης
297 1708 315 1743 6
327 1705 497 1757 ἡμέτερος
509 1704 572 1751 τὴν
587 1705 717 1743 οἰκείαν
732 1705 995 1758 φιλανθρωπίαν
1009 1707 1139 1757 μιμού-
1211 1703 1329 1741 minus
1350 1713 1466 1741 noster
1491 1718 1593 1742 suam
1620 1719 1763 1744 servans
1782 1706 2063 1744 misericordiam
2074 1737 2085 1756 ,
2104 1707 2168 1746 ad-

104 1781 204 1817 μενος
217 1797 227 1814 ,
247 1766 481 1818 παραγέγονεν
498 1765 772 1818 ἐπισκεψόμενος
791 1765 831 1803 τὸ
854 1769 923 1804 τῶν
943 1767 1138 1819 ἀνθρώπων
1212 1764 1307 1803 venit
1328 1764 1486 1803 invisens
1507 1765 1707 1804 humanum
1725 1780 1855 1818 genus,
1876 1777 1909 1806 et
1925 1778 2087 1820 suscepta
2108 1783 2168 1807 no-

102 1827 210 1879 γένος,
222 1827 281 1866 καὶ
291 1827 354 1874 τὴν
367 1829 517 1878 ὁμογενῆ
531 1831 617 1877 ἡμῖν
632 1827 748 1880 σάρκα
761 1827 959 1874 ἀναλαίῖὼν,
969 1829 1027 1866 καὶ
1039 1830 1139 1866 ἀδελ·
1209 1835 1290 1864 strae
1312 1826 1434 1864 formae
1460 1841 1563 1865 carne
1572 1857 1583 1877 ‚
1605 1826 1774 1879 dignatus
1790 1829 1867 1867 fieri
1894 1830 2000 1867 frater
2026 1839 2164 1877 noster,

102 1890 163 1942 φὺς
182 1891 283 1939 ἡμῶν
299 1889 457 1939 γενέσθαι
475 1888 694 1932 καταξιώσας
711 1888 802 1926 οὕτω
821 1889 1051 1942 παραγέγονε.
1071 1891 1139 1929 Καὶ
1165 1902 1188 1932 Ε
1211 1888 1262 1926 sic
1273 1887 1429 1927 advenit.
1446 1888 1493 1926 Et
1509 1889 1639 1927 clamat
1653 1890 1788 1928 Paulus
1801 1891 1922 1929 dicens
1939 1908 1945 1927 :
1962 1893 2053 1930 Non
2065 1895 2168 1930 enim
2185 1918 2277 1946 llehr.
2297 1926 2327 1946 2-

105 1953 169 2004 βοᾷ
193 1952 332 1993 Παῦλος
357 1949 485 2000 λέγων·
507 1952 560 1988 Οὐ
576 1949 643 2003 γὰρ
663 1949 821 2002 ἀγγέλων
835 1951 1113 2002 ἐπιλαμέοίνεται
1126 1982 1136 2000 ,
1212 1950 1371 2002 angelos
1395 1953 1578 1989 assumsit
1588 1981 1600 1998 ,
1624 1952 1693 1989 sed
1707 1965 1836 1990 semen
1851 1954 1892 1990 A
1897 1955 2029 1992 bralioe
2042 1969 2052 1989 :
2067 1955 2169 1992 unde
2188 1959 2234 1989 16.
2266 1968 2299 1997 ¹7

103 2013 194 2051 ἀλλὰ
214 2011 413 2063 σπέρματος
435 2010 616 2063 Ἀδραὰμ,
646 2011 721 2050 ὅθεν
753 2012 880 2065 ὤφειλε
902 2012 993 2051 κατὰ
1026 2014 1142 2052 πάντα
1211 2012 1343 2049 debuit
1361 2026 1431 2064 per
1450 2014 1791 2065 omniasratribus
1816 2016 1954 2053 similis
1965 2016 2075 2069 sieri.
2098 2015 2171 2054 Sed

100 2078 173 2116 τοῖς
202 2074 361 2125 ἀδελφοῖς
391 2075 618 2122 ὁμοιωθῆναι.
645 2073 736 2111 Ἀλλ’
766 2075 797 2111 οἱ
828 2073 1027 2125 ἀγνώμονες
1046 2074 1139 2113 ’ίου-
1211 2072 1472 2124 ingratthidaei
1494 2073 1696 2111 animarum
1711 2089 1973 2127 corporumque
1988 2077 2171 2115 Medicum

102 2136 192 2173 ’δαῖοι
213 2134 270 2172 τὸν
286 2137 354 2172 τῶν
372 2133 546 2184 σωμάτων
579 2138 593 2154 ⁰
607 2135 666 2172 καὶ
687 2135 746 2173 τὸν
775 2138 844 2174 τῶν
863 2137 984 2188 ψυχῶν
1007 2136 1140 2191 ἰατρὸν,
1211 2134 1396 2172 innumera
1416 2134 1588 2172 miracula
1609 2135 1769 2186 quotidie
1789 2145 1990 2188 patrantem
2009 2137 2170 2176 occidere

101 2197 158 2236 τὸν
189 2196 296 2248 μυρία
327 2194 489 2246 θαύματα
521 2197 598 2233 καθ’
620 2196 770 2243 ἑκάστην
791 2196 927 2249 ἡμέραν
948 2197 1138 2250 ἐργαζόμε-
1210 2195 1326 2233 conati
1352 2205 1453 2245 sunt,
1477 2204 1510 2233 et
1537 2209 1642 2248 opere
1662 2197 1930 2249 compleverunt
1957 2198 2077 2237 animo
2106 2214 2169 2237 suo

100 2273 156 2296 νον
174 2259 305 2297 ἀνελεῖν
327 2256 541 2309 ἐπεχείρουν,
560 2257 619 2295 καὶ
639 2259 686 2301 εἷς
711 2257 810 2309 ἔργον
828 2257 960 2309 ἤγαγον
980 2259 1044 2305 τὴν
1072 2275 1136 2312 φο-
1208 2255 1387 2294 decretam
1407 2255 1559 2305 caedem3
1577 2270 1619 2294 ac
1637 2258 1893 2296 crucifixerunt
1908 2273 1989 2297 eum
2005 2260 2067 2311 qui
2087 2275 2170 2313 pro-

101 2320 199 2366 νικὴν
222 2321 334 2357 αὐτῶν
353 2318 516 2370 γνώμην,
549 2319 609 2356 καὶ
636 2320 861 2372 ἐσταύρωσαν
893 2319 950 2358 τὸν
990 2321 1047 2359 διὰ
1071 2321 1134 2370 τὴν
1208 2327 1286 2370 pter
1317 2326 1475 2355 nostram
1506 2317 1657 2356 salutem
1687 2319 1779 2358 servi
1812 2320 1964 2359 formam
1991 2322 2170 2374 suscipere

100 2381 275 2432 ἡμετέραν
296 2379 470 2433 σωτηρίαν
490 2379 552 2424 τὴν
568 2384 628 2418 τοῦ
646 2380 768 2419 δούλου
790 2380 926 2433 μορφὴν
947 2382 1134 2422 ἀναλαὸεῖν
1206 2378 1376 2431 dignatus
1397 2388 1461 2417 est.
1488 2379 1537 2417 Et
1567 2379 1625 2417 isti
1659 2380 1804 2431 quidem
1825 2382 2088 2434 apprehensum
2101 2414 2110 2432 ‚
2137 2393 2170 2421 et

102 2440 391 2491 καταδεξάμενον.
411 2441 501 2478 Ἀλλ’
521 2434 616 2480 οὗτοι
636 2441 698 2492 μὲν
718 2441 777 2479 καὶ
804 2442 1051 2495 ἐπεχείρησαν,
1073 2445 1133 2483 καὶ
1207 2441 1303 2479 cruci
1338 2440 1515 2479 traditum
1554 2440 1761 2480 occiderunt
1799 2459 1807 2479 :
1841 2443 1895 2481 illi
1929 2453 2048 2481 autem
2086 2459 2169 2482 con-

102 2505 241 2554 σταυρῷ
261 2501 471 2553 παραδόντες
491 2503 623 2541 ἀνεῖλον
636 2519 644 2526 ·
665 2505 788 2541 ἐκεῖνοι
818 2503 854 2542 δὲ
883 2504 1130 2544 ἐδουλώσαντο
1147 2536 1194 2560 587
1206 2501 1386 2540 sultabant
1405 2501 1551 2553 quidem
1564 2532 1575 2551 ‚
1598 2501 1661 2539 sed
1681 2517 1786 2555 opere
1809 2504 1908 2555 quod
1941 2505 2172 2543 consulebant

104 2563 186 2614 μὲν,
215 2565 277 2602 οὐκ
295 2563 425 2613 ἤγαγον
445 2562 480 2600 δὲ
501 2565 548 2606 εἷς
577 2563 674 2616 ἔργον
695 2563 739 2602 τὰ
774 2565 1014 2616 βουλευθέντα.
1030 2566 1131 2606 Ἔδει
1160 2573 1185 2601 Δ
1206 2577 1276 2601 non
1294 2562 1548 2615 impleverunt.
1571 2564 1770 2615 Oportebat
1786 2574 1906 2602 autem
1928 2566 2082 2616 figuram
2104 2566 2171 2603 mi-

103 2624 138 2662 δὲ
158 2624 215 2662 τὸν
244 2624 352 2661 τύπον
372 2622 516 2661 ἔλαττον
535 2623 628 2676 ἔχειν
643 2628 705 2671 τῆς
725 2625 907 2674 ἀληθείας,
923 2626 998 2665 ἐπεὶ
1013 2628 1074 2666 οὐχ
1092 2628 1133 2667 ἂν
1205 2638 1272 2662 nus
1291 2625 1444 2672 habere,
1475 2638 1583 2674 quam
1604 2625 1790 2662 veritatem
1806 2641 1814 2661 :
1830 2626 1913 2676 quia
1946 2626 2078 2677 alioqui
2100 2641 2170 2665 non

103 2685 156 2732 εἴη
191 2687 304 2723 ἐκεῖνα
344 2684 449 2728 τύπος
483 2687 551 2723 τῶν
585 2685 675 2737 μετὰ
708 2692 818 2725 ταῦτα
848 2687 1034 2739 ἐσομένων.
1063 2690 1132 2728 Διὰ
1204 2686 1329 2724 suisset
1355 2686 1471 2737 figura
1491 2699 1615 2722 eorum
1635 2700 1712 2736 quae
1739 2687 1887 2738 posthac
1907 2687 2027 2725 sutura
2058 2698 2166 2727 erant.

101 2749 203 2783 τοῦτο
227 2748 296 2784 ἐκεῖ
314 2745 374 2796 μὲν
390 2744 509 2798 ὥσπερ
534 2747 567 2784 ἐν
588 2754 670 2799 σκιᾷ
689 2747 907 2800 προεγράφη.
928 2749 994 2788 Καὶ
1015 2749 1132 2798 ἐννόη-
1205 2748 1396 2800 Propterea
1422 2746 1496 2783 illic
1521 2745 1666 2797 quidem
1687 2747 1789 2797 quasi
1824 2747 1858 2785 in
1894 2748 2021 2785 umbra
2042 2749 2167 2800 praesi-

104 2821 161 2845 σον
181 2806 220 2843 τὸ
236 2809 364 2856 θαῦμα.
381 2809 459 2845 Οὐκ
480 2808 626 2855 ἀνεῖλον,
644 2809 735 2846 ἀλλὰ
753 2809 978 2862 πεπράκασι,
998 2811 1058 2848 καὶ
1073 2812 1131 2849 τὸν
1205 2818 1310 2861 gnata
1325 2817 1418 2845 sunt.
1438 2807 1485 2845 Et
1503 2806 1747 2845 animadverte
1768 2822 1843 2845 rem
1857 2809 1996 2846 miram.
2012 2811 2089 2847 Non
2108 2824 2166 2848 oc-

102 2869 236 2919 χιτῶνα
249 2869 298 2917 τῷ
323 2867 446 2917 αἵματι
474 2871 533 2906 τοῦ
566 2869 681 2921 ἐρίφου
700 2870 909 2920 μολόναντες
924 2871 1055 2924 ἤγαγον
1082 2875 1132 2926 τῷ
1205 2871 1386 2917 ciderunt,
1408 2868 1468 2907 sed
1488 2868 1744 2918 vendiderunt,
1763 2878 1798 2907 et
1811 2879 1946 2908 vestem
1969 2870 2066 2908 hdedi
2087 2885 2166 2909 san-

103 2928 231 2980 πατρὶ,
248 2934 367 2966 πεῖσαι
393 2928 595 2980 βουλόμενοι
610 2930 663 2968 ὅτι
689 2932 839 2983 ἀνῃρέθη
865 2936 882 2971 6
909 2939 1002 2977 παῖς.
1023 2934 1132 2985 Ὁρᾷς
1204 2932 1311 2983 guine
1325 2930 1548 2981 inquinantes
1564 2929 1738 2967 dederunt
1753 2931 1860 2982 patri,
1877 2931 2088 2983 persuadere
2106 2946 2165 2969 vo-

102 2989 157 3028 ὅτι
174 2989 312 3027 ἅπαντα
331 2993 442 3027 ταῦτα
461 2990 592 3041 ἐγίνετο
604 3022 613 3038 ,
628 2990 684 3029 ἵνα
698 2993 856 3047 καθάπερ
874 2996 908 3032 ἐν
925 3002 1007 3048 σκιᾷ
1021 2995 1131 3040 οὕτως
1203 2993 1313 3031 lentes
1334 2991 1489 3029 occisum
1510 2990 1617 3029 fuisse
1639 2991 1758 3029 filium
1773 3006 1892 3029 suum.
1915 2993 2027 3032 Vides
2045 2994 2163 3031 omnia

102 3054 126 3098 ἡ
146 3050 246 3089 εἰκὼν
267 3051 354 3101 μόνη
369 3054 437 3089 τῶν
457 3053 674 3105 πραγμάτων
693 3054 856 3106 γένηται,
871 3057 930 3094 καὶ
944 3061 966 3104 ἡ
985 3058 1131 3105 ἀλήθεια
1202 3054 1278 3092 liaec
1297 3054 1387 3092 facta
1402 3066 1495 3101 esse,
1516 3061 1554 3089 ut
1574 3052 1674 3102 quasi
1694 3052 1730 3090 in
1746 3053 1873 3091 umbra
1891 3054 2008 3106 imago
2030 3054 2090 3091 illa
2111 3069 2163 3092 rc-

105 3112 336 3164 φυλάττηται;
359 3113 448 3152 Ἀλλ’
469 3114 525 3152 ἐπὶ
556 3113 618 3160 τὴν
647 3116 850 3154 ἀκολουθίαν
874 3121 933 3156 τοῦ
969 3118 1071 3170 λόγου
1092 3120 1132 3157 τὸ
1202 3131 1283 3154 rum
1312 3116 1428 3161 fieret,
1451 3123 1484 3151 et
1511 3113 1642 3151 veritas
1659 3114 1926 3153 custodiretur?
1954 3116 2025 3155 scd
2044 3116 2091 3154 ad
2110 3131 2163 3153 se-

106 3172 225 3210 λοιπὸν
240 3173 495 3226 ἐπανέλθωμεν,
517 3175 733 3215 Ἀπέστειλεν
755 3177 870 3225 αὐτὸν,
885 3179 1002 3230 φησὶν,
1020 3183 1038 3218 6
1060 3196 1129 3218 πα·
1201 3178 1292 3215 rieul
1308 3175 1480 3214 sermonis
1498 3174 1692 3213 redeamus.
1714 3177 1767 3214 Et
1784 3179 1887 3215 misit
1903 3192 2008 3223 eum,
2029 3178 2160 3228 inquit,

107 3229 172 3282 τὴρ
193 3231 319 3279 αὐτοῦ,
347 3233 405 3270 καὶ
426 3228 528 3281 ἦλθεν
561 3237 608 3278 εἰς
638 3234 774 3287 Συχέμ.
803 3236 872 3274 Καὶ
903 3231 998 3290 εὗρεν
1030 3239 1132 3277 αὐτὸν
1157 3249 1180 3278 Β
1201 3247 1326 3290 pater,
1350 3245 1386 3274 et
1411 3239 1512 3274 venit
1527 3238 1569 3273 in
1581 3232 1835 3285 Sycliem.16.
1849 3239 1903 3276 Et
1915 3241 2060 3276 invenit
2075 3252 2161 3276 eum

151 3378 164 3392 ⁸
191 3369 342 3410 Quatuor
359 3371 435 3405 Mas.
454 3379 502 3407 καὶ
525 3379 716 3414 λανθάνοντες
730 3382 782 3415 τὴν
795 3382 890 3422 πυρὰν
907 3381 973 3413 καθ’
996 3383 1117 3418 ἑαυτοὺς
1196 3381 1211 3403 ¹¹
1235 3377 1336 3410 Smil.
1355 3385 1388 3409 ct
1404 3376 1540 3421 quidam
1556 3377 1630 3410 Mss.
1653 3384 1725 3424 πρὸς
1741 3383 1845 3420 παῖδα,
1872 3381 1979 3413 miuus
1993 3388 2090 3412 recte.

109 3427 247 3459 ἀνῆπτον.
1198 3442 1210 3456 t
1234 3429 1357 3471 [Coisl.
1373 3435 1420 3463 καὶ
1436 3439 1506 3468 τῶν,
1522 3428 1646 3463 omisso
1664 3438 1721 3465 τόν.
1738 3432 1749 3473 ]
