2516 3791
704 208 762 237 DE
799 207 971 236 DAVlDE
1007 206 1062 235 12¹1*
1100 204 1240 235 §.tvm-3
1277 203 1461 234 nonnus
1501 203 1528 231 1.

97 297 208 350 ἔργων
225 297 294 334 τῶν
315 293 444 333 ἐκείνου
461 295 564 331 τοῦτο
579 295 726 339 ποιῆσαι
738 321 747 338 ,
769 291 826 330 ἐπὶ
849 289 912 338 τὴν
937 289 1043 340 τιμὴν
1062 288 1125 336 τὴν

98 358 228 399 ἐκείνου
253 357 444 409 κατέφυγεν
464 355 584 404 εἰπὼν,
603 354 691 394 “Ort
713 354 856 406 χριστὸς
884 353 1013 406 Κυρίου
1041 352 1126 390 ἐστί.

99 419 147 458 Τί
164 419 276 471 λέγεις
292 449 302 467 ,
325 417 429 470 <pv-,ost
446 416 500 456 ὅτι
521 416 645 469 μιαρὸς
667 416 726 454 καὶ
741 415 966 468 παμμίαρος,
988 415 1047 452 καὶ
1065 430 1128 465 μυ-

2060 186 2148 246 877

1198 287 1360 338 regisque
1383 287 1556 325 malitiam
1583 286 1826 338 experimento
1853 293 2115 336 cognoverant,
2146 301 2151 319 ε

1196 348 1267 386 alia
1295 362 1340 386 ex
1366 357 1467 400 parte
1494 347 1723 394 circumibat,
1752 346 1900 384 studens
1932 345 2155 398 probabilem

1198 409 1360 448 invenire
1378 410 1658 448 exeusationem.
1685 409 1729 447 ld
1747 423 1829 446 euin
1850 423 1918 446 non
1939 417 2073 461 posset,
2094 422 2155 446 nec

101 480 181 535 ρίων
211 480 328 532 γέμων
357 483 488 527 κακῶν,
518 478 578 517 καὶ
609 477 654 517 τὰ
687 477 820 530 ἔσχατα
853 482 947 528 ἡμᾶς
980 475 1127 521 διαθείς;
1153 479 1177 510 Ε
1200 470 1246 508 ab
1266 470 1362 508 illius
1383 471 1477 521 vita,
1502 485 1564 509 nec
1583 486 1603 509 a
1624 470 1747 519 suetis,
1769 470 1814 507 ad
1834 468 2157 520 dignitatemillius

99 542 204 582 Ἀλλὰ
233 540 412 594 βασιλεὺς,
437 540 528 580 ἀλλὰ
552 541 686 593 ἄρχων,
713 538 803 578 ἀλλὰ
824 539 886 587 τὴν
913 538 1128 593 προστασίαν

99 604 162 652 τὴν
180 603 355 656 ἡμετέραν
379 603 606 657 ἐνεχειρίσθη.
631 603 701 642 Καὶ
729 605 790 642 οὐκ
818 595 912 650 εἶπε,
942 600 1129 653 βασιλεὺς,

101 666 191 706 ἀλλὰ
220 665 275 714 τί;
303 665 388 704 ’Ὀτι
415 665 556 718 χριστὸς
585 664 712 718 Κυρίου
741 664 847 712 ἐστὶν,
877 665 939 701 οὐκ
968 663 1038 701 ἀπὸ
1068 665 1131 708 τῆς

101 728 256 767 κάτωθεν
275 729 400 778 τιμῆς,
421 728 499 765 ἀλλ’
522 726 592 764 ἀπὸ
615 728 678 772 τ’ἧς
699 726 828 764 ἄνωθεν
844 724 961 777 ψήφου
982 723 1133 770 ποιήσας

102 788 293 841 αἰδέσιμον.
313 791 551 842 Καταφρονεῖς
568 792 629 826 τοῦ
650 786 856 835 συνδούλου,
877 786 1002 839 φησίν;
1023 785 1131 824 Λὶδέ-

102 855 202 899 σθητι
216 851 274 889 τὸν
290 850 485 897 Δεσπότην.
501 848 691 893 Διαπτύεις
706 849 764 887 τὸν
779 847 1110 900 κεχειροτονημένον
1123 864 1132 896 ;

102 912 288 960 Φοὸήθητι
306 912 363 950 τὸν
381 910 689 965 χειροτονήσαντα.
716 912 760 949 Εἰ
782 909 850 964 γὰρ
866 909 944 954 τοὺς
964 909 1134 962 ἄρχοντας

103 973 244 1019 τούτους
278 972 356 1018 τοὺς
383 974 450 1012 ὑπὸ
488 972 661 1025 βασιλέως
697 971 1035 1025 χειροτονουμένους,
1070 970 1133 1009 κᾶν

103 1037 266 1088 πονηροὶ,
289 1035 354 1074 κᾶν
371 1034 539 1080 κλέπται,
567 1034 630 1073 κᾶν
654 1034 800 1086 λῃσταὶ,
827 1034 892 1072 κᾶν
917 1034 1049 1081 ἄδικοι,
1069 1033 1133 1071 κᾶν

103 1101 214 1138 ὁτιοῦν
237 1100 322 1137 ὠσιν
352 1096 482 1150 ἕτερον,
506 1096 712 1147 δεδοίκαμεν
746 1096 806 1134 καὶ
837 1095 1069 1149 πεφρίκαμεν,
1095 1096 1133 1132 οὐ
1149 1120 1196 1144 753
1211 1086 1422 1138 Aspernaris
1451 1086 1630 1124 electum?
1652 1087 1774 1124 Metuo
1788 1101 1868 1123 eum
1883 1086 1942 1137 qui
1961 1084 2079 1135 elegit.
2102 1084 2165 1122 Et-

104 1160 162 1199 δῑὰ
187 1159 250 1207 τὴν
285 1158 456 1213 πονηρίαν
487 1162 782 1212 καταφρονοῦντες
810 1159 935 1205 αὐτῶν,
957 1156 1047 1195 ἀλλὰ
1079 1155 1135 1195 διὰ
1161 1159 1187 1186 A
1209 1147 1304 1185 enim
1325 1147 1353 1186 si
1382 1148 1546 1199 vulgares
1574 1147 1660 1185 istos
1677 1148 1861 1200 przesectos
1889 1147 1934 1184 ab
1952 1147 2169 1199 Imperatore

103 1221 167 1270 τὴν
183 1220 280 1266 ἀξίαν
297 1226 357 1260 τοῦ
372 1220 683 1274 χειροτονήσαντος
711 1219 994 1271 δυσωπούμενοι·
1015 1219 1136 1270 πολλῷ

107 1285 240 1335 μᾶλλον
259 1283 316 1322 ἐπὶ
342 1285 401 1321 τοῦ
427 1284 521 1321 Θεοῦ
533 1281 603 1334 χρὴ
618 1287 720 1320 τοῦτο
738 1288 862 1320 ποιεῖν.
889 1281 1002 1320 Οὔπω
1029 1280 1137 1333 παρέ-

106 1347 208 1385 λυσεν
226 1345 341 1393 αὐτὸν,
362 1344 447 1397 φησὶ
462 1373 471 1390 ,
487 1346 549 1391 τῆς
566 1346 695 1396 ἀρχῆς,
712 1343 787 1383 οὐδὲ
814 1343 954 1390 ἰδιώτην
983 1342 1138 1390 ἐποίησε.

106 1408 170 1456 Μὴ
199 1408 312 1447 τοίνυν
342 1407 405 1455 τὴν
436 1406 531 1451 τάξιν
565 1406 831 1459 ἀνατρέπωμεν,
863 1404 952 1456 μηδὲ
977 1407 1028 1457 τῷ
1056 1407 1140 1457 Θεῷ

108 1471 332 1521 πολεμῶμεν,
363 1467 402 1506 τὸ
435 1468 665 1506 ἀποστολικὸν
694 1470 805 1506 ἐκεῖνο
837 1466 894 1504 διὰ
924 1468 997 1504 τῶν
1029 1466 1139 1520 ἔργων

108 1530 400 1583 ἐπιδεικνύμενοι·
431 1530 515 1568 (Ότι
544 1536 612 1574 πᾶς
628 1533 646 1568 ὁ
665 1528 959 1580 ἀντιτασσόμενος
985 1529 1029 1580 τῇ
1050 1528 1139 1572 ἐξου-

111 1593 190 1646 σίᾳ,
220 1596 263 1645 τῇ
292 1597 352 1631 τοῦ
376 1594 469 1631 Θεοῦ
488 1592 638 1643 διαταγῇ
661 1591 886 1637 ἀνθέστηκεν·
917 1591 948 1629 οἱ
978 1588 1013 1628 δὲ
1045 1591 1140 1626 ἀνθε-

112 1654 293 1702 στηκότες,
319 1657 454 1698 ἑαυτοῖς
476 1653 587 1707 κρίμα
610 1653 797 1706 λήψονται.
829 1653 922 1705 Οὐχὶ
941 1651 1084 1706 χριστὸν
1105 1650 1141 1689 δὲ

114 1717 216 1756 αὐτὸν
234 1715 351 1754 ἐκάλει
377 1715 493 1766 μόνον,
518 1714 608 1753 ἀλλὰ
627 1714 687 1753 καὶ
707 1717 831 1752 ἑαυτοῦ
851 1713 979 1765 κύριον.
1007 1715 1060 1752 Οὐ
1081 1716 1144 1760 τῆς

112 1778 285 1830 τυχούσης
301 1777 336 1816 δὲ
363 1777 567 1830 φιλοσοφίας
587 1775 683 1824 ἐστὶ,
702 1776 742 1814 τὸ
765 1775 823 1814 τὸν
841 1775 963 1828 ἐχθρὸν
985 1781 1056 1818 τοῖς
1082 1777 1145 1821 τῆς

113 1842 219 1890 τιμῆς
250 1838 310 1877 καὶ
341 1841 404 1885 τῆς
437 1837 623 1892 θεραπείας
651 1837 797 1888 ὀνόμασι
827 1842 1042 1890 προσειπεῖν.
1074 1836 1145 1874 Καὶ
1169 1850 1192 1880 Β

114 1905 215 1939 τοῦτο
235 1900 319 1939 αὐτὸ
338 1900 443 1939 πάλιν
473 1902 532 1952 ἀφ’
560 1893 607 1938 ῶν
627 1899 738 1952 ἕτεροι
769 1898 965 1951 πάσχουσιν
999 1898 1065 1937 ἴδοι
1093 1915 1146 1942 τις

116 1962 157 1998 ἂν
185 1961 307 2007 ἡλίκον
343 1961 429 2000 ἔστί.
463 1961 595 2000 Πολλοὶ
624 1966 705 2014 γοῦν
736 1960 816 2005 τοὺς
842 1963 974 1998 ἑαυτῶν
1003 1958 1146 2012 ἐχθροὺς

115 2023 193 2061 οὐδὲ
210 2023 280 2062 ἀπὸ
293 2026 434 2074 γυμνῶν
448 2022 507 2061 καὶ
523 2024 633 2076 ψιλῶν
647 2025 716 2060 τῶν
732 2021 913 2074 ὀνομάτων
931 2023 1049 2060 καλεῖν
1068 2022 1146 2060 ἀνέ-

116 2099 256 2137 χονται,
273 2085 350 2122 ἀλλ’
374 2086 432 2137 ἀφ’
451 2085 578 2137 ἑτέρων
594 2085 728 2132 πολλὴν
748 2083 898 2137 ἐχόντων
918 2084 1145 2137 κατηγορίαν,

115 2146 173 2184 τὸν
191 2146 329 2198 μιαρὸν,
352 2146 410 2185 τὸν
428 2145 650 2197 μαινόμενον,
667 2146 725 2184 τὸν
747 2145 958 2192 ἐξεστηκότα
971 2176 980 2194 ,
998 2147 1056 2185 τὸν
1076 2162 1147 2184 πα-

119 2206 331 2261 ραπαίοντα,
358 2208 416 2246 τὸν
436 2209 622 2259 λυμεῶνα,
642 2207 702 2246 καὶ
731 2207 834 2261 ἕτερα
862 2207 977 2246 πολλὰ
1003 2213 1147 2247 τοιαῦτα

117 2268 332 2322 συνείροντες
348 2300 358 2317 ,
378 2268 469 2308 οὕτω
485 2268 780 2323 προσαγορεύουσι
796 2267 876 2312 τοὺς
894 2269 1047 2321 ἐχθρούς.
1077 2269 1148 2308 Καὶ

117 2329 171 2368 ὅτι
190 2331 292 2370 τοῦτό
314 2333 407 2370 ἐστιν
437 2330 584 2379 ἀληθὲς,
613 2333 652 2369 οὐ
677 2330 869 2383 πόρρωθεν,
899 2332 977 2369 ἀλλ’
1007 2331 1147 2382 ἔγγυθεν

119 2391 203 2430 οἴσω
228 2407 281 2430 σοι
308 2392 349 2430 τὸ
367 2392 592 2446 παράδειγμα
608 2394 663 2431 ἐπ’
680 2394 784 2431 αὐτοῦ
798 2392 918 2432 τούτου
936 2397 996 2432 τοῦ
1017 2392 1147 2432 Σαούλ.

120 2452 192 2490 Τὸν
214 2456 294 2500 γοῦν
310 2453 405 2504 ἅγιον
425 2457 545 2492 τοῦτον
565 2454 623 2493 διὰ
642 2454 704 2501 τὴν
725 2453 859 2501 πολλὴν
875 2454 1065 2508 ἀπέχθειαν
1086 2457 1151 2508 οὐχ

121 2513 285 2564 ὑπέμεινε
300 2513 356 2551 διὰ
376 2518 435 2552 τοῦ
455 2515 581 2553 οἰκείου
601 2518 718 2554 καλεῖν
740 2516 907 2567 ὀνόματος
919 2547 930 2564 ,
950 2516 1040 2555 ἀλλὰ
1055 2533 1148 2556 παν-
1175 2531 1198 2563 c

122 2573 275 2627 ηγύρεώς
286 2590 380 2618 ,ποτε
398 2576 620 2627 τελουμένης,
637 2578 809 2623 ἐπιζητῶν
826 2576 922 2630 ἔλεγε
936 2593 944 2601 ·
962 2579 1038 2617 Ποῦ
1057 2579 1150 2616 ἐστιν

121 2638 140 2674 ὁ
158 2636 230 2679 υἱὸς
257 2636 409 2683 Ἰεσσαί,
438 2638 544 2676 Οὕτω
574 2637 608 2677 δὲ
638 2639 741 2677 αὐτὸν
771 2639 946 2685 ἐκάλεσεν,
976 2643 1062 2691 ὁμοῦ
1087 2639 1150 2691 μὲν

124 2697 228 2736 αὐτοῦ
251 2698 292 2737 τὸ
313 2699 423 2750 ὄνομα
446 2703 572 2750 μισῶν,
598 2703 685 2751 ὁμοῦ
706 2700 741 2738 δὲ
761 2701 805 2752 τῆ
831 2705 891 2739 τοῦ
909 2701 1152 2754 γεγεννηκότος

125 2758 277 2811 εὐτελείᾳ
297 2762 498 2812 προσδοκῶν
518 2763 749 2813 λυμανεῖσθαι
774 2762 838 2810 τὴν
861 2766 921 2801 τοῦ
939 2763 1073 2802 δικαίου
1096 2764 1151 2802 δό-

126 2818 184 2862 ξαν
200 2835 208 2843 ·
228 2822 288 2858 οὐκ
309 2821 406 2865 εἰδὼς
419 2822 473 2861 ὅτι
493 2824 655 2878 λαμπρὸν
679 2825 737 2862 καὶ
754 2824 926 2876 ἐπίσημον
949 2827 986 2864 οὔ
1006 2825 1152 2878 περιφοί-

125 2897 199 2919 νεια
217 2881 410 2932 προγόνων.
430 2883 520 2922 ἀλλὰ
533 2886 648 2936 ψυχῆς
665 2886 772 2938 ἀρετὴ
787 2892 897 2925 ποιεῖν
912 2885 1042 2924 εἴωθεν.
1060 2886 1152 2924 Ἀλλ’

125 2943 190 2994 οὐχ
206 2943 224 2978 ὁ
244 2942 414 2994 μακάριος
433 2943 544 2982 Δαυὶδ
562 2944 680 2989 οὕτως.
697 2945 791 2985 Οὔτε
819 2946 887 3000 γὰρ
907 2948 976 2985 ἀπὸ
996 2951 1056 2985 τοῦ
1085 2964 1152 2985 πα-

124 3004 203 3055 τρὸς
231 3004 333 3042 αὐτὸν
359 3003 521 3043 ἐκάλεσε·
545 3005 658 3044 καίτοι
680 3009 836 3051 κάκεῖνος
858 3008 991 3060 σφόδρα
1012 3007 1153 3054 εὐτελὴς

126 3059 168 3111 ἦν
184 3065 243 3102 καὶ
261 3065 520 3118 ἀπεῤῥιμμένος
533 3082 540 3089 ·
559 3066 638 3105 οὔτε
657 3067 726 3105 ἀπὸ
743 3069 845 3119 ψιλοῦ
867 3070 926 3108 καὶ
947 3072 1078 3121 γυμνοῦ
1094 3072 1153 3107 τοῦ

126 3125 315 3176 ὀνόματος,
335 3127 412 3163 ἀλλ’
432 3127 502 3165 ἀπὸ
519 3130 579 3165 τοῦ
604 3130 666 3173 τῆς
686 3131 811 3178 τιμῆς,
831 3129 901 3168 ἀπὸ
931 3133 992 3168 τοῦ
1017 3133 1079 3176 τῆς
1102 3132 1155 3168 δε-

1200 531 1362 581 confugit
1391 532 1542 570 dicens:
1565 534 1758 583 Quoniam
1796 533 1962 570 christus
1996 532 2157 569 Domini

1202 602 1270 631 est.
1294 592 1392 639 Quid
1423 594 1494 641 ais,
1516 593 1708 645 inquiunt?
1737 592 1832 645 quod
1852 593 2041 640 scelestus,
2061 591 2156 643 quod

1203 654 1394 693 sceleribus
1414 665 1570 708 opertus,
1588 669 1628 694 ac
1648 655 1747 693 vitiis
1769 655 2092 693 iumunerabilibus
2108 669 2161 693 re-

1204 714 1337 763 fertus,
1351 724 1383 753 et
1399 715 1434 752 in
1455 729 1518 753 nos
1537 724 1695 752 extrema
1718 713 1902 766 cogitans?
1919 712 1987 752 Sed
2009 728 2072 752 rex
2091 722 2162 761 est,

1206 776 1267 814 sed
1286 777 1472 830 princeps,
1493 777 1555 815 sed
1577 776 1818 830 principatum
1851 776 1885 814 in
1912 790 1975 814 nos
1993 775 2159 828 suscepit.

1207 839 1329 897 Nequ⁴e
1347 847 1465 876 tamen
1483 838 1593 888 dixit,
1614 840 1691 877 Rex
1711 848 1774 887 est,
1792 838 1867 888 sed,
1887 839 2063 877 Christus
2080 839 2164 875 Do-

1206 902 1304 937 mini
1317 908 1396 948 est,
1417 914 1487 938 non
1502 900 1548 938 ab
1563 900 1720 939 humano
1748 901 1898 949 honore,
1914 899 1976 938 sed
1996 914 2013 937 a
2036 899 2164 937 cii-lesti

1203 961 1344 1014 judicio
1364 971 1482 1000 sumto
1495 962 1693 1001 honorifico
1711 962 1924 1000 testimonio.
1941 961 2144 999 Contemnis
2156 991 2164 1001 .

1209 1023 1346 1074 inquit,
1369 1038 1582 1062 conservum
1610 1025 1744 1062 tuum?
1768 1025 1942 1062 Reverere
1964 1022 2163 1061 dominum.

1210 1209 1414 1262 designatos
1432 1210 1569 1248 etiamsi
1587 1210 1656 1248 sint
1673 1210 1840 1262 improbi,
1858 1209 1885 1246 si
1902 1211 2011 1255 sures,
2029 1208 2057 1245 si
2079 1222 2170 1260 prce-

1211 1271 1341 1323 dones,
1361 1272 1390 1310 si
1407 1272 1554 1325 injusti,
1576 1272 1604 1310 si
1624 1272 1877 1323 quodcumque
1896 1269 1995 1308 aliud
2015 1270 2145 1308 suerint
2162 1301 2170 1314 ‚

1212 1333 1380 1371 timemus
1397 1343 1430 1371 et
1444 1333 1649 1382 horremus,
1669 1347 1738 1371 non
1760 1341 1904 1385 propter
1917 1332 2092 1370 malitiam
2111 1331 2171 1369 de-

1214 1394 1404 1447 spicientes
1431 1409 1512 1444 eos,
1537 1394 1599 1433 sed
1625 1403 1771 1447 propter
1796 1393 2009 1446 dignitatem
2033 1394 2129 1432 illius
2153 1408 2172 1431 a

1215 1470 1286 1507 quo
1319 1456 1420 1495 electi
1447 1467 1529 1495 sunt
1565 1465 1765 1494 reverentes
1787 1471 1793 1491 :
1818 1455 1932 1493 multo
1962 1456 2118 1508 amplius
2139 1455 2175 1493 id

1215 1518 1329 1556 facere
1345 1518 1510 1557 convenit
1535 1531 1617 1570 erga
1632 1532 1690 1556 eos
1714 1532 1802 1569 quos
1821 1517 1926 1569 elegit
1947 1518 2055 1555 Deus.
2079 1518 2174 1555 Non-

1217 1578 1326 1629 dum,
1348 1579 1482 1630 inquit,
1504 1580 1602 1617 Deus
1623 1578 1806 1617 abdicavit
1828 1578 1931 1616 illum
1947 1577 2151 1630 principatu
2165 1608 2174 1626 ,

1216 1639 1375 1679 nondum
1397 1640 1478 1678 feeit
1508 1654 1589 1678 eum
1609 1654 1654 1678 ex
1674 1654 1756 1692 rege
1774 1639 1968 1691 privatum.
1985 1640 2110 1690 Itaque
2134 1653 2177 1676 ne

1216 1701 1437 1740 invertamus
1452 1701 1635 1750 ordinem,
1651 1715 1764 1752 neque
1780 1715 1980 1754 pugnemus
1995 1716 2077 1739 cum
2089 1701 2176 1749 Deo,

1217 1764 1455 1817 apostolieum
1489 1763 1583 1802 illud
1615 1763 1756 1802 dictum
1784 1763 1886 1801 saetis
1927 1772 2132 1816 plwstantes
2166 1779 2172 1798 :

1222 1826 1418 1876 Quoniam
1432 1827 1606 1878 quisquis
1621 1826 1764 1862 resistit
1773 1825 1971 1876 potestati,
1987 1825 2063 1863 Dei
2075 1823 2177 1860 ordi·
2189 1828 2375 1858 R0171.t3.2.

1219 1888 1376 1924 nationi
1394 1889 1561 1930 resistit;
1578 1889 1813 1938 quicumque
1827 1894 1956 1923 aulem
1976 1888 2174 1932 resistunt,

1218 1950 1294 1987 sibi
1313 1951 1405 2001 ipsis
1422 1950 1613 2001 accipient
1630 1948 1937 1985 damnationem.
1958 1948 2037 1985 Non
2059 1947 2175 1984 solum

1219 2086 1358 2124 regem3
1388 2086 1516 2111 verum
1541 2071 1647 2109 etiam
1669 2085 1775 2109 suum
1796 2070 1983 2109 dominum
2016 2079 2249 2116 voeaV1t.„-id,

1220 2134 1301 2172 Non
1321 2142 1373 2171 est
1387 2133 1579 2171 mediocris
1599 2132 1855 2185 philosophiae,
1875 2132 2014 2171 hostem
2032 2132 2179 2170 honoris

1220 2204 1254 2234 et
1270 2195 1431 2247 obsequii
1455 2194 1640 2234 vocabulis
1652 2194 1847 2247 appellare.
1871 2193 2038 2245 Atqueid
2056 2207 2180 2231 rursus

1221 2271 1329 2309 quam
1343 2258 1388 2296 sit
1402 2270 1594 2309 magnum,
1613 2270 1658 2294 ex
1676 2256 1733 2294 his
1749 2270 1828 2306 quae
1854 2255 1989 2293 caeteris
2011 2254 2179 2293 accidunt

1220 2328 1329 2371 queat
1347 2318 1478 2370 aliquis
1493 2317 1705 2371 perspicere.
1725 2316 1890 2368 Plerique
1910 2315 2091 2367 siquidem
2111 2315 2177 2354 ini-

1221 2382 1331 2420 micos
1345 2395 1428 2420 suos
1446 2394 1490 2419 ne
1509 2380 1618 2418 nudis
1638 2378 1787 2431 quidem
1805 2393 1845 2417 ae
1864 2378 2088 2431 simplicibus
2112 2391 2177 2415 no—

1222 2443 1381 2482 minibus
1407 2442 1587 2496 appellare
1602 2441 1799 2489 sustinent,
1818 2439 1880 2478 sed
1900 2439 1979 2477 aliis
1998 2439 2179 2478 vocabulis

1223 2505 1356 2545 odiosis
1373 2518 1431 2543 eos
1450 2503 1633 2542 nominant
1649 2518 1656 2539 :
1674 2501 1827 2554 impium
1843 2531 1851 2547 ‚
1866 2501 1939 2538 insa
1948 2514 2045 2548 num,
2064 2510 2179 2539 mente

1224 2576 1394 2619 captum,
1415 2565 1596 2610 delirum,
1625 2562 1848 2616 pestilentem
1870 2576 1877 2597 ε
1898 2561 2040 2611 aliaque
2065 2561 2178 2599 multa

1224 2635 1442 2674 contexunt,
1470 2625 1597 2676 hisque
1625 2623 1717 2662 notis
1744 2622 1931 2673 designant
1959 2622 2107 2660 hostem.
2138 2623 2179 2660 ld

1225 2703 1299 2727 esse
1322 2701 1447 2727 verum
1461 2716 1471 2736 ,
1494 2685 1658 2737 exemplo
1685 2698 1755 2722 non
1772 2683 1910 2722 eminus
1929 2684 2061 2735 petito,
2082 2683 2141 2721 sed
2162 2698 2180 2722 c

1226 2749 1392 2803 proximo
1419 2756 1537 2787 sumto
1556 2745 1714 2794 docebo,
1740 2744 1910 2782 nimirum
1942 2743 1988 2781 ab
2016 2744 2084 2782 hoc
2102 2745 2180 2797 ipso

1225 2811 1351 2858 Saule,
1387 2809 1450 2860 qui
1477 2809 1616 2861 justum
1645 2806 1740 2844 hunc
1769 2806 1816 2843 ob
1847 2805 2038 2843 vehemens
2056 2805 2180 2843 odium

1225 2886 1295 2910 non
1316 2869 1485 2909 sustinuit
1503 2868 1650 2922 proprio
1679 2881 1806 2905 vocare
1834 2865 2001 2916 nomine,'
2017 2866 2075 2904 scd
2099 2881 2179 2905 ciun

1225 2932 1418 2984 aliquando
1432 2932 1561 2969 festum
1581 2927 1763 2980 quoddam
1784 2927 2022 2966 celebraretur
2036 2959 2046 2978 ,
2066 2927 2180 2978 requi-

1227 3008 1304 3033 rens
1335 3007 1416 3031 eum
1431 3022 1441 3041 ,
1464 2991 1630 3039 dicebat,
1659 2991 1734 3028 Ubi
1757 2989 1938 3041 estfilt'us
1957 2991 2068 3027 Jesse
2083 2994 2098 3025 Ρ
2118 2989 2176 3026 Sic
2197 3006 2219 3025 t.
2239 2995 2314 3031 mg.
2329 3003 2382 3024 πο.

1226 3065 1343 3094 autem
1361 3052 1556 3107 appellavit
1573 3065 1653 3089 euin
1667 3050 1798 3103 partim
1815 3050 1896 3088 odio
1910 3050 2046 3103 proprii
2066 3049 2177 3087 notui-
2194 3049 2242 3077 ²¹·

1227 3117 1299 3163 nis,
1319 3115 1450 3168 partim
1480 3112 1649 3165 genitoris
1667 3111 1842 3149 vilitatem
1874 3121 2014 3155 notans,
2037 3124 2178 3161 sperans

128 3186 303 3230 σποτείας.
328 3187 433 3225 Οὕτω
453 3188 589 3240 καθαρὰ
608 3188 724 3236 πάσης
746 3190 933 3243 dite-sosia<
957 3186 999 3239 ’ἦν
1018 3192 1113 3230 αὐτῶ
1134 3194 1155 3236 ᾗ
1180 3197 1205 3226 p
1228 3178 1302 3215 sore
1335 3185 1373 3214 ut
1395 3176 1461 3213 hoc
1492 3182 1594 3227 pacto
1611 3172 1698 3224 justi
1728 3172 1819 3209 saum
1842 3171 2142 3209 contaminaretur
2171 3186 2177 3206 :

832 3236 840 3243 .
1095 3232 1101 3243 .

128 3247 237 3299 ψυχή.
260 3248 330 3286 Καὶ
353 3247 394 3286 σὺ
421 3249 546 3297 τοίνυν,
575 3250 756 3302 ἀγαπητὲ,
773 3255 894 3290 τοῦτον
911 3252 1078 3301 ζήλωσον,
1098 3253 1158 3291 καὶ

129 3313 232 3347 τοῦτο
250 3309 457 3357 παιδεύθητι
474 3310 655 3364 πρότερον,
674 3312 848 3362 μηδὲπστε
867 3314 925 3351 τὸν
944 3314 1066 3366 ἐχθρὸν
1090 3313 1158 3352 ἀπὸ

133 3372 200 3407 τῶν
230 3370 528 3421 διαῧεῑῖλημένων,
560 3373 638 3410 ἀλλ’
671 3373 741 3411 ἀπὸ
769 3375 837 3411 τῶν
860 3375 1008 3425 ἐντίμων
1040 3376 1157 3413 καλεῖν

136 3430 328 3480 ὀνομάτων.
357 3432 417 3470 Ἂν
440 3433 506 3484 γὰρ
529 3434 703 3484 μελετῆση
736 3434 774 3472 τὸ
807 3434 919 3484 στόμα
953 3437 1081 3488 ἐντίμῳ
1103 3437 1160 3474 καὶ

1230 3238 1325 3276 haud
1347 3235 1547 3287 intelligens
1565 3229 1747 3272 hominem
1767 3232 1922 3270 nobilem
1941 3232 2181 3282 illustremque

1231 3298 1330 3336 reddi
1364 3297 1490 3346 solere,
1522 3299 1591 3334 non
1620 3294 1886 3347 progenitorum
1920 3291 2093 3339 claritate,
2120 3293 2179 3330 scd

1232 3366 1342 3404 animi
1356 3365 1499 3403 virtute.
1523 3366 1566 3402 At
1583 3377 1649 3401 non
1669 3360 1789 3400 itidem
1811 3360 1890 3397 sei-it
1906 3360 2030 3397 beatus
2054 3360 2182 3398 thu-id.

1236 3435 1356 3484 Neque
1374 3431 1466 3470 onim
1503 3431 1613 3483 pau-i<
1640 3437 1869 3480 cognomento
1900 3427 2037 3464 tumuit
2061 3427 2182 3470 illum.

2217 1035 2367 1071 Principes

2239 1086 2350 1103 rever-1⁴1
2360 1077 2366 1102 i

2180 1123 2305 1156 oportet.

2253 1959 2375 1988 Hostem

1218 2009 1415 2063 appellavit
1448 2009 1552 2047 illum
1572 2008 1766 2057 christum,
1794 2009 1863 2047 hoc
1887 2018 1933 2046 est
1947 2039 1957 2058 ,
1975 2017 2123 2046 unctum
2143 2003 2375 2083 etaphfiz'sffigc:
