2516 3791
102 712 214 752 Caput.
231 711 284 751 43.

302 194 389 241 710
701 193 740 223 5.

297 292 373 316 ros.
398 277 540 328 Timeo,
564 277 693 328 inquit,
716 276 810 314 aetati
829 273 1072 322 adolescenti57
1089 271 1252 323 et'suspi-

296 352 358 376 cor
385 352 428 377 ne
458 338 566 376 etiam
590 338 656 375 hac
685 335 924 375 consolatione
953 332 1136 384 privatus,
1171 345 1254 369 cum

294 399 418 439 dolore
432 400 545 439 vitam
566 399 702 436 finiam.
719 395 900 443 Quamdiu
922 393 1016 431 enim
1036 392 1096 430 ille
1115 406 1255 430 mecum

294 471 361 509 est,
378 461 503 501 videor
519 461 609 498 mihi
637 459 766 496 habere
783 457 943 507 aliquam
961 453 1252 500 consolationem,

295 533 328 561 et
347 524 456 576 hujus
474 520 688 560 consuetudo
709 519 838 557 minuit
859 517 948 555 mihi
964 515 1139 564 dolorem,
1149 529 1256 566 quem

296 599 341 623 ex
355 586 462 622 fratre
477 584 551 635 ejus
569 581 727 634 concepi.
744 581 790 618 Et
804 594 904 618 amor
919 577 1063 630 quidem
1081 578 1157 629 ejus
1173 589 1255 628 erga

296 644 544 696 Benjaminum
558 656 627 679 non
644 641 859 680 concedebat
874 649 914 678 ut
927 640 1032 677 illum
1042 637 1253 688 dimitteret3

299 704 335 739 1,
358 701 574 738 Violentior
589 709 721 738 autem
729 700 860 753 fiebat
867 700 1018 753 fames,
1045 705 1083 734 et
1100 697 1256 749 deficie-

299 764 392 799 bant
406 763 460 799 eis
478 763 568 798 cibi.
588 764 626 799 2.
642 762 695 798 Et
711 761 805 798 dicit
819 763 872 798 eis
888 767 1003 812 pater
1016 774 1027 794 .·
1044 757 1168 795 Abite
1183 760 1256 795 ite—

296 836 396 868 rum,
431 821 578 875 afferte
608 824 718 860 nobis
740 835 872 873 pauca
899 820 1041 857 edulia.
1073 819 1109 856 5.
1141 820 1258 857 Dixit

297 892 427 921 autem
443 885 479 920 ei
488 884 519 921 J
518 884 616 921 udas
626 899 637 919 .-
658 885 691 921 T
689 883 851 921 estando
863 889 1069 919 attestatus
1081 888 1136 918 est
1151 882 1258 917 nobis

297 947 426 991 homo,
446 945 578 983 dicens
596 960 606 980 .·
627 946 717 983 Non
737 945 923 982 videbitis
938 943 1093 994 faciem
1113 955 1253 987 meam,
1280 956 1303 985 Β

299 1009 374 1066 nisi
397 1007 533 1059 frater
561 1015 690 1044 vester
713 1008 852 1058 junior
885 1006 1088 1042 vobiscum
1115 1004 1254 1055 fuerit.

297 1069 368 1105 4.]
367 1076 483 1120 taque
497 1070 530 1106 si
543 1069 662 1105 mittis
680 1069 887 1119 nobiscum·
889 1067 1056 1118 fratrem
1066 1072 1256 1110 nostrum,

300 1130 572 1167 descendemus
584 1159 598 1177 ,
643 1137 680 1166 et
713 1141 879 1166 ememus
915 1129 985 1164 tibi
1026 1127 1230 1178 frumenta
1247 1140 1258 1160 .-

302 1192 339 1229 5.
362 1193 425 1228 sin
452 1193 606 1237 minus,
645 1204 723 1227 non
749 1192 901 1227 ibimus.
927 1190 1032 1226 Nam
1051 1189 1165 1225 homo
1193 1187 1262 1224 ille

303 1253 403 1289 dixit
421 1255 531 1290 nohis
545 1267 555 1287 :
571 1254 660 1290 Non
673 1253 856 1289 videbitis
864 1252 1018 1304 faciem
1036 1264 1175 1297 meam,
1188 1251 1264 1287 nisi

298 1314 430 1366 frater
440 1322 568 1351 vester
575 1316 713 1366 junior
712 1315 843 1366 fuerit
856 1312 1133 1350 vobiscum.Ne
1144 1319 1262 1362 putes,

305 1373 435 1425 inquit,
452 1374 527 1412 sine
544 1375 651 1412 fratre
670 1388 732 1411 nos
753 1387 855 1425 posse
880 1371 1091 1410 descendere
1114 1371 1212 1409 illuc.
1227 1371 1266 1409 Si

307 1435 402 1473 enim
434 1435 490 1473 vis
518 1445 681 1473 nostrum
710 1434 920 1473 descensum
953 1433 1119 1482 irritum,
1143 1441 1176 1470 et
1203 1446 1267 1470 nos

308 1510 429 1534 omnes
445 1496 613 1549 periculis
625 1495 778 1544 involvi,
790 1495 889 1533 viam
913 1503 1068 1532 nostram
1082 1494 1264 1532 abeamus.

309 1557 410 1595 Scias
431 1567 549 1595 autem
581 1558 687 1595 illum
712 1565 945 1609 protestatum
972 1555 1095 1605 fuisse,
1116 1569 1178 1593 nos
1198 1569 1267 1593 non

308 1619 450 1656 visuros
471 1633 544 1656 esse
559 1619 685 1657 faciem
704 1619 795 1670 ejus,
814 1617 880 1655 nisi
894 1618 1002 1654 frater
1013 1616 1136 1669 junior
1149 1616 1268 1654 nobis·
1289 1625 1313 1655 C

310 1693 391 1716 cnm
408 1678 606 1717 advenerit.
629 1678 812 1730 Angustiae
832 1677 992 1728 undique
1014 1686 1114 1715 erant
1129 1678 1266 1727 Jacoh;

310 1739 390 1777 ideo
410 1740 554 1792 plorans
586 1740 676 1778 dicit
698 1740 746 1778 ad
767 1754 824 1777 eos
840 1755 848 1774 :
864 1741 900 1777 6.
923 1740 1052 1789 Quare
1070 1738 1270 1797 afflixistis

314 1816 386 1848 me,
408 1805 689 1840 annuntiantes
705 1805 793 1839 viro
810 1801 915 1854 quod
931 1803 982 1838 sit
998 1801 1272 1852 vobisfi'ater?

314 1864 394 1900 Cur
404 1877 463 1900 me
474 1863 677 1918 qfflixistis
687 1867 703 1900 P
715 1862 835 1909 Quare
847 1861 938 1899 mihi
950 1861 1079 1899 horum
1095 1861 1272 1898 malorum

312 1933 472 1961 auctores
490 1923 574 1962 sacti
602 1923 710 1961 estis?
727 1924 819 1961 Nam
835 1923 865 1960 si
883 1922 951 1960 hoe
973 1921 1042 1973 ipsi
1064 1935 1135 1958 non
1161 1920 1272 1972 signi-

314 1985 498 2035 ficassetis,
516 1998 740 2036 nequaquam
758 1984 937 2036 Symeone
960 1981 1122 2034 privatus
1143 1996 1270 2032 essem,

315 2060 379 2083 nec
406 2046 511 2083 illum
530 2060 550 2083 a
569 2046 672 2085 volsis
692 2044 950 2096 requisivisset.
975 2045 1013 2081 7.
1045 2044 1117 2081 Illi
1142 2051 1272 2081 autem

315 2109 497 2145 dixerunt
510 2123 520 2143 .·
541 2110 803 2160 Interrogavit
815 2120 883 2144 nos
896 2107 1024 2151 homo,
1041 2119 1131 2142 num
1144 2106 1272 2143 adhuc

314 2177 428 2219 pater
445 2177 573 2205 noster
583 2171 709 2214 vivat,
724 2176 760 2205 et
777 2181 868 2204 num
888 2168 1060 2204 siLnobis
1068 2167 1211 2218 frater,
1235 2174 1273 2203 et

318 2231 641 2266 annuntiavimus
667 2231 714 2266 ei.
737 2229 844 2265 ZVum
864 2229 1079 2265 sciebamus
1092 2228 1197 2278 quod
1215 2227 1273 2263 di-

318 2299 448 2328 cturus
459 2298 555 2327 esset
569 2291 692 2335 nobis,
699 2288 740 2326 A
742 2289 897 2326 [Illucite
895 2289 1070 2341 fratrem
1078 2290 1273 2325 vestrum?
1295 2294 1320 2324 D

318 2352 373 2389 Ne
392 2360 506 2403 putes,
522 2350 654 2400 inquit,
674 2358 799 2402 sponte
817 2363 879 2386 nos
899 2350 1073 2387 confessos
1092 2362 1166 2385 esse
1184 2348 1274 2397 viro,

319 2421 358 2449 ut
374 2426 410 2449 se
431 2411 584 2449 habeant
611 2425 664 2449 res
687 2420 825 2448 nosti-ze.
845 2409 1023 2456 Quoniam
1051 2409 1147 2447 enim
1173 2409 1275 2460 quasi

318 2474 558 2527 exploratores
570 2473 604 2510 in
622 2472 862 2524 suspicionem
876 2485 958 2508 cum
974 2470 1275 2519 venissemus‚n0s

319 2536 486 2586 detinuit,
509 2534 742 2587 interrogavit
765 2543 884 2571 autem
896 2533 1085 2585 diligenter
1110 2533 1155 2571 de
1170 2533 1276 2570 rebus

318 2597 449 2636 nostris
467 2613 474 2633 ι
495 2597 653 2635 volentes
671 2610 752 2634 cum
777 2609 860 2633 vere
881 2594 1000 2632 omnia
1029 2594 1170 2644 docere,
1191 2594 1275 2632 talia

319 2658 489 2696 diximus.
508 2660 546 2696 8.
564 2660 679 2695 Dixit
699 2665 828 2694 autem
841 2670 974 2694 rursus
990 2656 1117 2694 Judas
1132 2657 1186 2693 ad
1204 2669 1277 2707 pa-

322 2729 417 2757 trem
433 2734 544 2757 suum
560 2735 570 2755 .·
587 2721 702 2756 Mitte
715 2731 875 2770 puerum
891 2731 1054 2764 mecum,
1072 2725 1107 2755 et
1122 2731 1279 2769 surgen-

323 2790 378 2819 tes
409 2784 562 2827 ibimus,
593 2789 632 2818 ut
659 2783 861 2826 vivamus,
885 2788 919 2816 et
949 2793 1026 2816 non
1050 2781 1274 2816 moriamur.

322 2845 424 2890 Mem,
446 2842 575 2893 inquit,
591 2841 675 2879 fidei
699 2841 802 2878 illum
828 2839 973 2889 credito,
996 2849 1034 2878 ut
1053 2839 1279 2891 accingamus

323 2918 386 2941 nos
417 2903 545 2941 itineri.
574 2903 777 2941 Consumtis
807 2902 902 2941 enim
930 2901 1019 2940 ciliis
1051 2902 1150 2939 nulla
1177 2900 1279 2939 nobis

324 2964 449 3002 salutis
462 2979 540 3017 spes
556 2964 636 3012 erit,
658 2979 768 3015 neque
780 2963 925 3001 aliunde
943 2963 1079 3002 consuli
1096 2961 1198 3000 nobis
1216 2976 1280 3015 po-
1302 2976 1324 3005 Ε

325 3027 416 3063 terit.
435 3029 472 3063 ί).
489 3028 574 3078 Ego
598 3028 746 3077 accipio
773 3040 858 3063 eum
884 3039 908 3062 a
930 3034 982 3067 te;
1003 3027 1077 3063 nisi
1092 3025 1280 3062 reduxero

325 3102 425 3134 eum,
455 3097 489 3125 et
521 3096 692 3124 statuero
722 3101 852 3124 coram
876 3095 925 3133 te,
951 3100 1015 3124 ero
1031 3087 1099 3123 itte
1114 3088 1180 3138 qui
1193 3099 1282 3137 pec-

326 3151 414 3185 cavi
432 3149 499 3185 tihi
516 3148 690 3183 omnibus
706 3146 853 3183 diebus.
872 3146 934 3182 10.
960 3147 1048 3183 Nisi
1067 3148 1169 3182 enim
1183 3154 1282 3182 tam-

326 3210 393 3246 diu
406 3210 546 3245 morati
557 3209 778 3259 fuissemus,
782 3208 867 3258 jam
881 3207 1048 3244 secundo
1060 3208 1282 3244 revertisse-

327 3291 424 3316 mus.
443 3273 711 3314 Commiseratio
728 3287 835 3323 quam
849 3272 995 3311 exhibes
1010 3286 1133 3325 puero,
1149 3271 1280 3323 inquit,

777 191 960 224 JOANNIS
995 189 1236 221 CHRYSOST.
1280 187 1482 219 ARCfflEP.
1521 186 1881 218 CONSTANTINOP.

1321 270 1420 316 κίας,
1451 269 1511 308 καὶ
1538 271 1722 323 ὑφορῶμαι
1749 269 1798 320 μὴ
1812 270 1871 307 καὶ
1890 271 1952 315 τῆς
1979 268 2102 307 τούτου
2121 267 2344 322 παραμυθίας

1322 330 1569 383 ἀποστερηθεὶς
1589 333 1664 382 μετ’
1685 330 1807 378 ὀδύνης
1827 331 1884 369 τὸν
1905 331 1978 381 βίον
1997 329 2196 369 καταλύσω.
2225 330 2345 382 Μέχρι

1322 392 1389 445 γὰρ
1414 391 1473 431 ὅτε
1497 386 1596 435 οὗτος
1623 391 1762 430 σύνεστί
1782 407 1865 442 μοι,
1895 393 1985 430 δοκῶ
2006 392 2134 444 μικράν
2157 407 2235 429 τινα
2254 391 2346 443 ἔχειν

1322 452 1561 506 παραμυθίαν,
1590 452 1651 490 καὶ
1669 455 1691 498 ἡ
1711 451 1834 491 τούτου
1852 452 2016 491 συνουσία
2034 452 2267 503 ὑποτέμνεται
2284 450 2347 498 τὴν

1324 515 1381 553 ἐπὶ
1413 516 1462 566 τῷ
1486 515 1623 566 ἀδελφῷ
1655 515 1759 552 αὐτοῦ
1791 514 1950 564 ἀθυμίαν.
1982 516 2073 552 Ἀλλ’
2093 517 2110 551 ὃ
2128 513 2189 564 μὲν
2211 513 2315 556 πόθος
2331 515 2349 550 ὁ

1324 575 1404 627 περὶ
1440 576 1497 614 τὸν
1532 576 1701 626 Βενιαμὶν
1729 577 1767 613 οὒ
1798 575 1988 627 συνεχώρει
2015 577 2065 627 τῷ
2091 574 2198 626 πατρὶ
2225 577 2346 612 τοῦτον

1324 636 1491 688 προέσθαι
1508 653 1515 660 ·
1532 635 1576 676 Ὁ
1591 636 1628 675 δὲ
1642 635 1743 687 λιμὸς
1754 635 1981 689 σφοδρότερος
1997 635 2141 686 ἐγίνετο,
2158 635 2217 674 καὶ
2233 635 2348 674 ἐπέλι-

1324 714 1388 736 πεν
1406 701 1520 742 αὐτοῖς
1539 697 1584 736 τὰ
1601 698 1785 751 βρώματα.
1821 698 1897 737 Καί
1919 713 2022 751 φησιν
2042 700 2060 735 ὁ
2073 696 2215 750 πατήρ·
2243 699 2351 735 ἀπελ-

1326 758 1440 803 θόντες
1455 759 1560 797 πάλιν
1577 759 1747 810 κομίσατε
1763 759 1872 811 μικρὰ
1894 758 2079 811 βρώματα.
2099 752 2191 797 Εἶπε
2208 757 2244 797 δὲ
2259 760 2352 809 αὐτῷ

1327 819 1458 864 Ἰούδας
1470 836 1478 844 ·
1495 820 1730 873 διαμαρτυρίᾳ
1745 820 2002 872 διεμαρτύρατο
2016 823 2110 870 ἡμᾶς
2124 822 2142 857 ὃ
2159 819 2351 871 ἅνθρωπος,

1327 879 1437 932 λέγων
1448 897 1456 904 ·
1477 883 1539 920 οὐκ
1553 882 1678 934 ὄψεσθε
1693 882 1732 919 τὸ
1747 881 1935 932 πρόσωπόν
1953 896 2032 932 μου,
2049 880 2108 918 ἐὰν
2125 879 2174 930 μὴ
2193 883 2211 918 ὃ
2230 878 2354 917 νεώτε·

1330 956 1386 993 ρος
1404 943 1501 992 ὑμῶν
1525 943 1670 994 ἀδελφὸς
1688 942 1763 993 μεθ’
1780 945 1878 993 ὑμῶν
1897 937 1935 995 ᾗ.
1966 944 2010 980 Εἰ
2029 942 2090 992 μὲν
2111 935 2166 980 οἶν
2184 939 2354 979 ἀποστέλ-

1328 1003 1400 1045 λεις
1419 1002 1476 1040 τὸν
1500 1001 1645 1055 ἀδελφὸν
1662 1006 1762 1054 ἡμῶν
1775 1034 1784 1052 ,
1801 1003 2087 1054 καταὲησόμεθα,
2104 1003 2162 1041 καὶ
2179 1001 2353 1054 ἀγοράσο-

1331 1062 1393 1113 μέν
1412 1078 1466 1102 σοι
1485 1062 1676 1115 βρώματα·
1697 1066 1728 1101 εἰ
1749 1064 1785 1102 δὲ
1805 1064 1853 1115 μὴ
1878 1064 2115 1111 ἀποστέλλεις,
2133 1066 2170 1102 οὔ
2186 1061 2356 1115 πορευσό-

1333 1128 1432 1175 μεθα.
1467 1124 1512 1164 ‘O
1541 1125 1609 1179 γὰρ
1629 1125 1809 1179 ἄνθρωπος
1829 1120 1925 1164 εἶπεν
1952 1129 2050 1177 ἡμῖν,
2075 1125 2128 1163 ὅτι
2152 1127 2213 1163 οὐκ
2235 1123 2359 1176 ὄψεσθέ

1333 1200 1398 1236 μου
1415 1185 1454 1223 τὸ
1472 1185 1673 1239 πρόσωπον,
1693 1186 1752 1225 ἐὰν
1774 1186 1822 1238 μὴ
1843 1189 1860 1224 ὁ
1877 1187 2022 1239 ἀδελφὸς
2040 1188 2138 1237 ὑμῶν
2157 1188 2174 1224 ὁ
2193 1185 2358 1238 νεώτερος

1331 1241 1448 1299 {taff
1469 1249 1578 1298 ὑμῶν.
1614 1247 1676 1295 Μὴ
1704 1247 1877 1299 νομίσῃς,
1909 1247 2035 1299 φησὶν,
2067 1250 2160 1297 ἡμᾶς
2193 1246 2360 1284 δύνασθαι

1335 1307 1416 1344 ἄνευ
1434 1313 1494 1346 τοῦ
1511 1309 1658 1361 ἀδελφοῦ
1677 1310 1748 1346 ἐκεῖ
1767 1308 1976 1355 καταέἦναι.
2016 1310 2061 1346 Εἰ
2076 1308 2143 1360 γὰρ
2163 1307 2280 1359 βούλει
2299 1306 2359 1345 καὶ

1337 1369 1514 1421 ἄπρακτον
1539 1373 1641 1420 ἡμῶν
1660 1369 1820 1421 γενέσθαι
1843 1369 1906 1416 τὴν
1935 1370 2079 1408 κάθοδον
2095 1398 2105 1417 ,
2143 1369 2202 1407 καὶ
2227 1368 2360 1412 πάντας

1336 1434 1430 1480 ἡμᾶς
1449 1430 1595 1483 κινδύνῳ
1618 1431 1894 1483 περιὲληθῆναι,
1921 1431 2098 1482 ἀπίωμεν.
2129 1429 2221 1469 Ἴσθι
2247 1429 2282 1467 δὲ
2306 1429 2359 1468 ὅτι

1338 1491 1594 1544 διεμαρτύρατο
1611 1495 1725 1542 ἡμᾶς,
1745 1494 1790 1536 ὡς
1814 1494 1877 1530 οὐκ
1901 1492 2056 1544 ὀψόμεθα
2074 1494 2177 1530 αὐτοῦ
2195 1490 2234 1528 τὸ
2248 1489 2356 1541 πρόσ·

1337 1568 1451 1601 ωπον,
1478 1555 1506 1590 εἷ
1535 1553 1584 1604 μὴ
1608 1557 1625 1591 ὁ
1651 1553 1795 1605 ἀδελφὸς
1816 1555 1916 1604 ἡμῶν
1938 1553 2016 1604 μεθ’
2035 1555 2136 1604 ἡμῶν
2160 1552 2359 1604 παραγένη-

1338 1631 1410 1652 ται.
1437 1614 1550 1653 Στενὰ
1563 1614 1731 1652 πάντοθεν
1748 1610 1789 1661 ἦν
1807 1618 1856 1667 τῷ
1875 1614 2005 1652 Ἰακώὸ
2020 1630 2027 1638 ·
2049 1615 2101 1653 διὸ
2116 1615 2176 1653 καὶ
2191 1613 2360 1667 ἀποδυρό-

1341 1674 1442 1725 μενός
1486 1690 1570 1727 φησι
1607 1675 1693 1728 πρὸς
1730 1675 1853 1718 αὐτούς
1868 1691 1875 1698 ·
1917 1674 1964 1713 Τί
1993 1674 2272 1721 ἐκακοποιῆσατέ
2305 1690 2362 1724 με,

1341 1736 1616 1788 ἀπαγγείλαντες
1635 1739 1686 1788 τῷ
1706 1735 1879 1789 ἀνθρώπῳ
1892 1766 1902 1784 ,
1923 1734 1977 1774 ὅτι
1993 1736 2084 1774 ἐστὶν
2105 1739 2185 1786 ὑμῖν
2203 1734 2363 1788 ἀδελφός

1340 1797 1388 1836 Τί
1402 1798 1680 1845 ἐκακοποιήσατέ
1696 1813 1759 1848 με,
1777 1797 1845 1835 Διὰ
1859 1797 1905 1845 τί,
1922 1798 2039 1850 φησὶν,
2056 1797 2134 1848 ἐμοὶ
2147 1797 2282 1836 τούτων
2296 1799 2365 1834 τῶν

1342 1861 1458 1897 κακῶν
1475 1859 1579 1898 αἴτιοι
1593 1858 1800 1911 γεγένησθε,
1822 1860 1866 1896 Εἰ
1881 1858 1948 1910 γὰρ
1963 1858 2012 1910 μὴ
2029 1863 2130 1897 τοῦτο
2142 1857 2365 1910 ἐγνωρίσατε,

1343 1922 1404 1958 οὐκ
1423 1920 1464 1958 ἂν
1479 1926 1537 1960 τοῦ
1554 1919 1702 1971 Συμεὼν
1723 1919 1979 1971 ἀπεστερήθην,
1999 1922 2060 1957 οὐκ
2079 1918 2118 1957 ἂν
2138 1923 2258 1956 τοῦτον
2282 1919 2364 1956 ἐπε-

1342 1981 1505 2029 ζήτησεν.
1534 1984 1581 2021 Οἱ·
1596 1981 1632 2019 δὲ
1651 1974 1751 2020 εἶπαν
1766 1997 1773 2004 ·
1792 1980 2019 2033 ἐπηρώτησεν
2033 1984 2127 2032 ἡμᾶς
2141 1982 2158 2017 ὁ
2176 1980 2367 2031 ἅνθρωπος,

1343 2046 1372 2082 εἷ
1402 2044 1454 2082 ἔτι
1482 2046 1499 2081 ὁ
1528 2042 1646 2096 πατὴρ
1666 2045 1763 2093 ὑμῶν
1793 2044 1848 2092 ζῇ,
1869 2042 1928 2080 καὶ
1948 2044 1979 2079 εἷ
1997 2040 2089 2079 ἔστιν
2107 2044 2189 2092 ὑμῖν
2211 2039 2368 2092 ἀδελφὸς,

1342 2105 1401 2143 καὶ
1421 2104 1684 2157 ἀπηγγείλαμεν
1707 2105 1811 2155 αὐτῷ.
1842 2102 1903 2150 Μὴ
1923 2101 2064 2154 ᾔδειμεν
2079 2133 2089 2150 ,
2105 2101 2159 2140 ὅτι
2177 2102 2247 2154 ἐρεῖ
2267 2105 2365 2152 ἡμῖν,

1343 2166 1493 2218 ἀγάγετε
1511 2167 1568 2204 τὸν
1587 2165 1733 2217 ἀδελφὸν
1748 2167 1867 2216 ὑμῶν,
1888 2164 1950 2211 Μὴ
1968 2164 2126 2215 νομίσῃς,
2144 2163 2260 2215 φησὶν,
2275 2165 2370 2212 ἡμᾶς

1343 2227 1483 2271 ἑκόντας
1493 2226 1759 2278 ὡμολογηκέναι
1773 2229 1824 2278 τῷ
1839 2225 1937 2277 ἀνδρὶ
1952 2225 1996 2263 τὰ
2007 2227 2083 2263 καθ’
2096 2228 2201 2275 ἡμᾶς.
2218 2223 2367 2269 Ἐπειδὴ

1342 2287 1409 2339 γὰρ
1424 2289 1469 2330 ὡς
1487 2286 1729 2329 κατασκόπους
1749 2289 1842 2336 ἡμᾶς
1857 2285 2076 2328 ὑποπτεύσας
2091 2291 2266 2337 κατεῖχεν,
2283 2286 2371 2331 ἐπη-

1346 2347 1439 2400 ρώτα
1463 2349 1498 2386 δὲ
1536 2349 1625 2399 μετὰ
1649 2347 1830 2400 ἀκριὸείας
1854 2347 1898 2384 τὰ
1930 2347 2008 2385 καθ’
2033 2350 2128 2397 ἡμᾶς
2145 2376 2154 2392 ,
2187 2345 2244 2384 διὰ
2268 2349 2370 2384 τοῦτο

1347 2410 1548 2462 βουλόμενοι
1564 2409 1654 2461 μετὰ
1670 2408 1832 2454 ἀληθείας
1846 2409 1962 2446 πάντα
1979 2408 2081 2445 αὐτὸν
2099 2407 2244 2455 διδάξαι,
2258 2409 2370 2444 ταῦτα

1344 2471 1546 2522 εἰρήκαμεν.
1592 2463 1682 2508 Eine:
1708 2469 1744 2507 δὲ
1772 2469 1878 2507 πάλιν
1897 2468 2030 2512 Ἰούδας
2051 2468 2136 2521 πρὸς
2155 2469 2213 2507 τὸν
2234 2466 2370 2519 πατέρα

1346 2535 1469 2571 αὐτοῦ·
1492 2531 1697 2571 ἀπόστειλον
1721 2530 1761 2568 τὸ
1779 2530 1963 2582 παιδάριον
1984 2529 2062 2580 μετ’
2081 2531 2186 2580 ἐμοῦ,
2204 2529 2263 2567 καὶ
2283 2530 2370 2566 ἀνα-

1346 2594 1488 2637 στάντες
1506 2592 1759 2645 πορευσόμεθα,
1774 2591 1828 2630 ῗνα
1842 2595 1968 2642 ζῶμεν,
1982 2591 2042 2630 καὶ
2060 2591 2108 2642 μὴ
2127 2591 2373 2640 ἀποθάνωμεν.

1346 2655 1466 2706 Ἐμοὶ,
1496 2655 1598 2707 φησὶν
1616 2685 1624 2701 ,
1656 2655 1756 2692 αὐτὸν
1775 2654 2021 2704 ἐμπίστευσον,
2041 2652 2096 2690 ἵνα
2112 2652 2179 2700 ἤδη
2200 2651 2371 2704 ἁψώμεθα

1346 2719 1408 2762 τῆς
1432 2717 1520 2754 ὁδοῦ.
1555 2715 1647 2754 Οὐδὲ
1681 2715 1748 2768 γὰρ
1771 2715 1822 2752 ἔτι
1841 2714 1940 2752 ἔσται
1960 2717 2045 2763 ἡμῖν
2067 2713 2243 2768 σωτηρίας
2262 2713 2372 2760 ἐλπὶς,

1346 2779 1415 2815 τῶν
1435 2776 1629 2829 βρωμάτων
1650 2775 1910 2823 ἀναλωθέντων,
1927 2776 1986 2814 καὶ
2001 2775 2191 2826 οὐδαμόθεν
2207 2774 2371 2826 ἑτέρωθεν

1348 2839 1576 2892 εὑρισκόντων
1613 2837 1848 2891 παραμυθίαν.
1892 2836 1988 2888 Ἐγὼ
2018 2836 2053 2875 δὲ
2088 2836 2236 2889 δέχομαι
2266 2835 2368 2874 αὐτὸν

1348 2900 1444 2952 παρὰ
1471 2903 1548 2938 σοῦ·
1574 2899 1632 2937 ἐὰν
1654 2899 1701 2948 μὴ
1723 2899 1844 2951 ἀγάγω
1862 2899 1978 2947 αὐτὸν,
1998 2899 2058 2937 καὶ
2079 2899 2198 2945 στήσω
2218 2896 2372 2936 ἐναντίον

1350 2978 1423 3010 σου,
1438 2960 1652 3013 ἡμαρτηκὼς
1671 2961 1796 3011 ἔσομαι
1818 2962 1864 3003 εἷς
1884 2959 1921 2998 σὲ
1938 2959 2052 3003 πάσας
2072 2958 2132 3002 τὰς
2148 2958 2297 3010 ἡμέρας.
2329 2959 2374 2996 Εἰ

1352 3023 1400 3075 μὴ
1421 3023 1488 3075 γὰρ
1514 3022 1764 3074 ἐδραδύναμεν,
1781 3022 1849 3069 ἤδη
1877 3021 1916 3059 ἂν
1942 3021 2210 3073 ὑπεστρέψαμεν
2238 3019 2298 3063 δίς.
2326 3018 2371 3057 Ἡ

1350 3086 1431 3138 περὶ
1450 3086 1507 3124 τὸν
1525 3086 1646 3133 παῖδα,
1667 3084 1766 3137 φησὶ,
1784 3084 1985 3135 συμπάθεια
1999 3090 2104 3122 πᾶσιν
2120 3087 2204 3133 ἡμῖν
2222 3082 2279 3121 τὸν
2294 3082 2374 3120 ὄλε-

1352 3152 1431 3201 θρον
1453 3147 1573 3198 μέλλει
1593 3146 1782 3198 προξενεῖν.
1816 3145 2004 3196 Φθάνομεν
2023 3144 2092 3197 γὰρ
2110 3144 2177 3182 ὑπὸ
2197 3147 2256 3181 τοῦ
2273 3145 2376 3193 λιμοῧ

1353 3211 1687 3257 οκαταναλωθῆναι,
1719 3209 1749 3245 εἰ
1780 3207 1828 3258 μὴ
1865 3209 2037 3258 βουληθῇς
2069 3205 2244 3249 ἀπολύσας
2273 3205 2374 3243 αὐτὸν

1353 3270 1531 3322 ἐκπέμψαι
1545 3273 1653 3320 ἡμᾶς.
1673 3268 1789 3308 Βλέπε
1804 3269 1923 3308 λοιπὸν
1942 3270 2100 3317 ἐνταῦθα,
2117 3265 2290 3319 ἀγαπητὲ,
2303 3268 2376 3308 πῶς

374 3425 385 3437 a
410 3412 416 3456 Ι
439 3411 538 3445 Coisl.
554 3420 585 3444 et
603 3409 702 3443 savit.
724 3411 755 3442 in
772 3421 873 3451 marg.
903 3420 918 3441 (-
945 3421 1014 3443 var.
1035 3409 1110 3441 lect.
1131 3412 1411 3449 καταναλωΟ-ἑντες,
1430 3412 1452 3441 εί
1468 3414 1510 3451 μὴ
1528 3411 1688 3450 βουὶηθῇς.
1706 3408 1715 3447 J
