2516 3791
305 159 398 219 (348
729 173 767 202 s.

307 271 366 295 sus
384 265 451 306 est,
483 265 516 294 et
543 254 674 293 foedera
701 254 790 292 inire
818 254 899 291 vult
932 266 1013 289 cum
1028 252 1136 303 justo.
1160 248 1273 301 Vide,

307 317 567 372 providentiam
586 317 668 355 Dei.
695 316 767 362 Qui
788 323 885 352 tanto
905 313 1039 364 impetu
1063 311 1109 350 ad
1138 325 1254 364 perse-

308 378 490 430 quendum
505 378 654 425 exierat,
667 385 764 413 tanto
783 374 909 411 timore
921 373 1068 410 affectus
1082 381 1148 423 est,
1161 381 1200 410 ut
1211 371 1257 409 ab

805 172 987 203 JOANNis
1023 168 1274 199 CHRYSOST.
1316 166 1519 196 ARCfflEP.
1559 166 1923 195 CONSTAN‘l‘iNsw.

1326 248 1517 300 εἰρημένα,
1542 247 1663 299 λοιπὸν
1691 248 1750 286 καὶ
1785 250 1832 291 εἷς
1866 246 1995 285 δειλίαν
2029 247 2256 295 καθίσταται,
2288 246 2346 286 κοῦ1

1323 309 1494 356 συνθήκας
1511 311 1705 354 ἀπαιτῆσαι
1724 309 1884 360 βούλεται
1903 309 2000 362 παρὰ
2015 314 2074 348 τοῦ
2089 310 2236 348 δικαίου.
2252 308 2348 362 αΟρα

1324 370 1416 408 Θεοῦ
1447 368 1669 419 κηδεμονίαν.
1704 368 1748 407 Ὁ
1779 369 1870 407 οὕτω
1903 370 2253 421 παρεσκευασμένος,
2291 369 2350 407 καὶ

309 454 348 477 (¹0
373 438 504 476 foedera
526 445 710 488 quaeleret.
750 436 816 472 45,
851 434 1100 486 Βεςροηᾱεης
1128 441 1255 471 autem
1268 463 1315 487 560
1330 429 1418 481 μετὰ
1444 429 1614 476 τοσαύτης
1643 431 1754 481 ὁρμῆς
1782 429 1845 477 τὴν
1872 430 2079 474 καταδίωξιν
2104 432 2352 482 ποιησάμενος,

309 503 459 549 laban,
492 501 591 536 dixit
619 498 674 535 ad
699 497 822 535 Jacob
853 511 864 532 .·
898 497 1014 533 Filioe
1046 495 1258 547 tzcce,filiae
1281 500 1306 529 A
1326 493 1374 535 εἷς
1391 489 1562 535 τοσαύτην
1581 489 1733 537 κατέστη
1755 490 1897 539 δειλίαν,
1908 493 1955 534 ὡς
1973 491 2036 535 τὰς
2051 494 2134 542 παρ’
2153 494 2256 530 αὐτοῦ
2276 507 2354 529 συν·

309 577 401 599 meoe
417 577 427 596 .-
444 569 480 597 et
481 560 569 611 filii
584 561 653 605 tui,
662 559 750 611 filii
765 559 839 596 mei
857 573 867 593 .-
884 565 920 595 et
942 571 1083 610 pecora
1100 565 1179 605 tua,
1194 571 1259 609 pe-

307 635 398 659 cora
420 633 506 657 mea
527 635 538 655 .·
561 627 598 657 et
618 621 750 656 omnia
776 632 1025 671 quoecumque
1057 627 1097 656 tu
1130 618 1256 664 vides,

308 696 393 719 mea
405 689 510 727 sunt,
524 688 561 718 et
562 680 749 732 filiarum
763 693 937 718 mearum
956 696 966 716 :
982 681 1078 733 quid
1078 681 1260 733 facerem

307 744 386 781 illis
397 743 525 788 hodie,
559 742 628 779 vel
642 744 771 793 pueris
793 745 859 795 qui
879 744 929 780 ab
959 744 1012 780 eis
1040 750 1129 779 sunt
1150 743 1261 778 nati?

308 801 406 852 Scio,
437 800 566 851 inquit,
599 799 697 851 quod
732 800 816 837 filiae
846 813 933 837 meze
968 808 1061 846 sunt,
1081 807 1115 836 et
1141 798 1261 835 omnia

307 875 538 913 qum-,umque
559 861 684 910 habes,
708 875 751 898 ex
777 860 973 898 substantia
1002 874 1079 897 mea
1106 873 1260 897 accesse-

307 933 403 961 runt.
417 923 521 973 Quid
531 921 644 975 igitur
647 923 816 972 facerem
827 921 907 959 illis
919 922 1045 967 hodie,
1060 921 1128 957 vel
1133 923 1263 972 pueris

309 987 377 1036 qui
395 986 444 1021 ab
455 985 509 1021 eis
526 984 635 1019 nati?
647 982 712 1019 M.
729 983 848 1019 Nunc
861 983 978 1032 igitur
990 982 1097 1025 veni,
1112 988 1147 1017 et
1157 981 1264 1016 inea-

311 1059 394 1083 mus
411 1045 540 1097 foedus
558 1057 625 1094 ego
645 1051 681 1080 et
702 1051 756 1088 tu,
781 1050 817 1079 et
837 1043 909 1079 erit
934 1043 975 1077 in
1002 1041 1264 1077 testimonium

311 1110 485 1143 interme
495 1113 531 1142 et
545 1113 591 1142 te.
604 1106 724 1151 Pacta,
751 1102 880 1154 inquit,
890 1101 1075 1149 faciamus,
1087 1102 1264 1139 Eterzmt

311 1170 353 1204 in
375 1169 636 1205 testimonium
657 1169 759 1203 inter
786 1179 845 1202 me
863 1172 900 1201 et
921 1172 956 1201 te
982 1179 993 1199 .-
1025 1162 1061 1200 in
1083 1163 1264 1215 judicium

311 1237 345 1266 et
370 1226 715 1266 demonstrationem.
750 1225 855 1263 Dixit
890 1233 1008 1261 autem
1031 1223 1062 1261 ei
1090 1240 1097 1260 :
1127 1224 1167 1262 Si
1186 1223 1265 1275 quis

313 1287 510 1339 transgredi
534 1286 758 1325 attentaverit
783 1300 861 1336 quoe
887 1299 981 1323 nunc
1015 1299 1035 1323 a
1057 1285 1157 1323 nobis
1184 1293 1266 1322 sunt
1288 1314 1310 1343 B

314 1349 495 1402 proposita
529 1365 537 1385 :
579 1350 681 1387 Ecce
715 1348 848 1385 nullus
884 1349 1082 1385 nobiscum
1114 1375 1125 1393 ‚
1156 1347 1265 1385 Deus

316 1420 448 1450 autem
469 1413 573 1449 testis
590 1412 690 1447 inter
705 1423 765 1447 me
784 1417 821 1447 et
848 1417 897 1446 te.

369 1543 406 1579 8.
432 1539 625 1593 Considera
639 1538 818 1590 quomodo
839 1537 1013 1591 paulatim
1028 1547 1062 1576 et
1084 1539 1207 1576 Laban
1223 1538 1268 1575 ad

315 1602 553 1654 cognitionem
570 1600 636 1638 Dei
657 1600 814 1638 ducitur.
832 1602 925 1638 Nam
945 1600 1005 1650 qui
1025 1609 1105 1638 ante
1123 1600 1191 1638 hoc
1211 1615 1270 1638 ar-

316 1663 446 1713 guebat
461 1662 600 1714 justum
615 1660 659 1698 de
679 1660 774 1698 furto
789 1660 937 1698 deorum
966 1675 1124 1707 suorum,
1140 1670 1173 1698 et
1193 1670 1271 1699 tan—

316 1734 388 1761 tam
402 1732 546 1775 propter
562 1736 620 1759 eos
637 1721 887 1759 scrutationem
899 1721 1062 1770 faciebat,
1099 1736 1193 1759 nunc
1214 1722 1271 1759 in·-

317 1784 395 1835 quit
416 1799 423 1820 :
442 1783 537 1830 Quia
554 1782 675 1820 nullus
695 1791 745 1820 est
771 1782 862 1820 inter
895 1796 970 1831 nos,
991 1783 1054 1833 qui
1085 1783 1211 1835 possit,
1243 1783 1271 1821 si

317 1842 406 1894 quid
422 1842 570 1895 posthac
590 1850 761 1879 novatum
784 1841 902 1889 fuerit,
925 1841 1023 1879 testis
1038 1856 1111 1880 esse
1130 1842 1273 1880 foederis

318 1903 441 1952 nostri,
455 1905 552 1941 Deus
575 1901 673 1940 testis
685 1901 730 1939 sit
747 1902 838 1939 inter
857 1915 914 1939 me
928 1911 960 1939 et
977 1911 1023 1940 te.
1042 1901 1120 1950 Ille,
1140 1903 1269 1953 inquit,

317 1964 429 2014 adest,
450 1965 511 2016 qui
531 1965 649 2003 omnia
666 1963 775 2014 videt,
798 1978 904 2014 quem
925 1964 1136 2003 nihillatere
1147 1974 1272 2017 potest,

318 2026 379 2077 qui
393 2026 673 2078 uniuscujusque
689 2034 841 2063 mentem
851 2025 1022 2076 agnoscit.
1034 2026 1097 2064 45.
1112 2027 1273 2065 Sumens
1295 2050 1318 2077 ‹:

320 2095 466 2136 autem,
485 2086 744 2136 inquit,Jacob
753 2088 872 2123 erexit
887 2087 1124 2133 columnam,
1137 2089 1271 2139 etfecil

321 2147 475 2192 collem,
497 2155 533 2183 et
551 2147 800 2184 comederunt
815 2160 929 2197 super
952 2147 1107 2184 collem.
1131 2149 1194 2185 47.
1218 2149 1273 2186 Et

321 2208 421 2244 dixit
440 2209 476 2243 εἰ
494 2208 634 2243 Laban
655 2221 665 2240 .·
689 2207 810 2244 Collis
830 2208 892 2243 hic
917 2215 1080 2245 testatur
1097 2211 1198 2245 inter
1214 2223 1275 2246 me

321 2276 357 2305 et
374 2277 422 2305 te.
447 2266 548 2315 Quid
562 2276 626 2315 est,
654 2268 776 2305 Collis
796 2269 886 2304 hic?
909 2268 953 2305 Id
970 2277 1034 2318 est,
1055 2269 1174 2307 Verba
1195 2284 1273 2320 quae

321 2328 413 2366 fiunt
433 2328 469 2365 in
487 2328 554 2366 hoe
570 2328 660 2366 colle
674 2328 844 2366 memoria
864 2338 1031 2381 perpetua
1046 2329 1148 2367 nobis
1159 2339 1272 2368 erunt.

323 2390 377 2426 Et
393 2390 550 2425 vocavit
566 2401 705 2425 nomen
721 2390 802 2440 ejus
818 2388 905 2437 loci,
916 2389 1037 2426 Collis
1050 2392 1271 2427 testimonii.

323 2448 462 2486 Deinde
482 2448 598 2499 inquit
614 2464 621 2484 :
641 2449 707 2486 49.
724 2448 907 2500 Aspiciat
922 2450 1030 2487 Deus
1044 2452 1146 2487 inter
1164 2465 1223 2488 me
1240 2459 1275 2488 et

325 2519 374 2547 te.
394 2508 546 2546 Attende
560 2508 737 2559 quomodo
762 2523 905 2561 poenam
925 2509 1054 2547 iterum
1077 2524 1096 2547 a
1124 2512 1198 2549 Deo
1215 2510 1275 2549 de·

323 2578 488 2621 precatur
515 2569 651 2607 Laban.
674 2569 871 2621 Aspiciat,
896 2569 1025 2621 inquit,
1048 2571 1156 2609 Deus
1175 2574 1276 2609 inter

324 2646 384 2668 me
395 2640 431 2668 et
443 2633 540 2668 inter
558 2639 607 2677 te,
629 2632 722 2682 quia
731 2630 948 2668 secedemus
964 2631 1066 2668 alter
1078 2633 1126 2668 ab
1140 2633 1273 2669 altero.

324 2693 441 2741 Nunc,
463 2690 591 2741 inquit,
611 2689 870 2742 separabimur,
902 2699 937 2728 et
965 2700 1004 2728 tu
1030 2691 1174 2742 quidem
1209 2692 1277 2730 ibis

326 2752 360 2789 in
381 2761 510 2789 terram
545 2751 741 2804 propriam,
768 2764 832 2802 ego
854 2761 972 2789 autom
1000 2751 1123 2791 redibo
1147 2753 1183 2790 in
1215 2752 1278 2791 do-
1302 2764 1325 2793 1)

326 2827 425 2850 mum
445 2827 569 2850 meam.
585 2814 650 2852 50.
673 2813 713 2851 Si
742 2813 1009 2851 humiliaveris
1022 2814 1139 2866 filias
1159 2829 1276 2860 meas,

329 2877 363 2912 si
393 2876 584 2925 acceperis
622 2887 759 2911 uxores
797 2875 852 2911 ad
869 2875 987 2926 filias
1025 2889 1142 2921 meas,
1176 2877 1280 2923 vide,

330 2935 463 2972 nullus
487 2937 684 2972 nobiscum
716 2943 771 2972 est
802 2937 870 2986 qui
899 2936 1034 2973 videat
1047 2951 1061 2980 ;
1096 2937 1202 2974 Deus
1230 2945 1284 2974 te-

331 2999 414 3034 stis.
439 2995 632 3033 Considera
655 2995 832 3045 quomodo
851 2996 958 3034 semel
983 2996 1159 3034 etiterum
1179 3006 1285 3048 atque

333 3057 465 3109 swpius
484 3058 598 3094 Deum
613 3057 646 3093 in
673 3066 798 3094 testem
816 3066 930 3095 vocat.
967 3057 1061 3105 Quia
1097 3058 1287 3110 providen-

335 3117 400 3168 tia,
423 3131 530 3169 qutun
543 3126 710 3169 expertus
721 3127 794 3155 crat
807 3118 931 3167 Jacob,
949 3117 1069 3156 docuit
1082 3133 1162 3156 eum
1176 3134 1287 3170 quau-

1326 551 1433 599 θήκας
1453 552 1640 596 ἐπιζητεῖν.
1661 549 1875 602 Ἀποκριθεὶς
1893 550 1961 603 γὰρ
1983 551 2118 599 Auem,
2134 551 2257 603 φησὶν,
2280 545 2355 590 εἷπε

1326 615 1375 664 τῷ
1392 611 1522 650 ’lam-36
1535 619 1545 633 ⁴·
1563 613 1598 648 αἱ
1626 611 1811 663 Θυγατέρες
1836 627 1909 660 σου,
1930 612 2114 664 Θυγατέρες
2140 628 2204 663 μου
2218 642 2227 660 ,
2247 611 2306 650 καὶ
2325 615 2355 651 οἱ

1325 672 1394 711 υἱοί
1427 689 1508 721 σου,
1538 673 1606 712 υἱοί
1633 689 1718 724 μου,
1743 673 1802 710 καὶ
1826 672 1870 710 τὰ
1896 673 2005 720 κτήνη
2034 689 2115 721 σου,
2137 673 2246 720 κτήνη
2278 689 2355 724 μου,

1327 734 1387 773 καὶ
1415 734 1532 773 πάντα
1558 734 1624 773 ὅσα
1657 733 1698 772 σὺ
1726 737 1820 786 ὁρᾷς,
1841 734 1910 784 ἐμά
1935 736 2010 772 ἐστι
2033 734 2091 772 καὶ
2118 736 2186 772 τῶν
2209 735 2356 787 θυγατέ-

1329 812 1396 848 ρων
1426 811 1490 846 μου
1505 812 1512 819 ·
1530 795 1564 833 τί
1584 795 1721 842 ποιήσω
1745 795 1886 838 ταύταις
1909 795 2111 847 σήμερον,ἢ
2134 802 2204 840 τοῖς
2227 796 2358 837 τέκνοις

1328 860 1441 895 αὐτῶν
1476 863 1547 902 τοῖς
1572 861 1768 909 τεχθεῐσιν,
1789 851 1880 895 Οἶδα
1911 857 1965 895 ὅτι
1998 857 2058 895 καὶ
2090 860 2125 895 αἱ
2154 857 2357 910 θυγατέρες,

1328 917 1450 969 φησὶν,
1481 918 1564 969 ἐμαί
1591 921 1678 964 εἰσι,
1700 917 1758 956 καὶ
1786 918 1903 956 πάντα
1933 918 1998 956 ὅσα
2027 919 2080 957 σοί
2109 920 2216 967 ἐστιν,
2234 921 2275 956 ἐκ
2296 921 2359 964 τῆς

1328 978 1506 1031 ὑπάρξεως
1529 983 1591 1026 τῆς
1613 981 1700 1029 ἐμῆς
1724 979 1951 1032 προσεγένετό
1979 996 2044 1018 σοι.
2078 979 2126 1018 Τί
2145 974 2203 1018 οῦν
2221 980 2358 1026 ποιήσω

1329 1039 1471 1082 ταύταις
1499 1039 1672 1092 σήμερον,
1694 1038 1717 1085 ἢ
1742 1045 1813 1081 τοῖς
1847 1041 1905 1076 ὑπ’
1940 1041 2051 1077 αὐτῶν
2086 1043 2258 1092 τεχθεῖσι;
2288 1041 2358 1078 Νῦν

1331 1101 1449 1153 δεῦρο,
1470 1099 1671 1150 διαθώμεΟα
1692 1099 1860 1146 διαθήκην
1883 1099 1950 1150 ἐγώ
1972 1117 2010 1138 τε
2026 1100 2085 1138 καὶ
2106 1100 2160 1147 σὺ,
2182 1100 2242 1138 καὶ
2262 1101 2359 1139 ἔσται

1331 1164 1379 1206 εἷς
1404 1161 1591 1214 μαρτύριον
1617 1161 1683 1200 ἀνὰ
1704 1161 1808 1212 μέσον
1832 1164 1915 1212 ἐμοῦ
1935 1177 1973 1199 τε
1995 1162 2055 1199 καὶ
2071 1166 2142 1200 σοῦ.
2160 1162 2360 1209 Συνθήκας,

1331 1224 1436 1276 φησὶ,
1464 1222 1718 1274 ποιησώμεθα,
1751 1222 1822 1260 Καὶ
1858 1222 1956 1260 ἔσται
1991 1225 2038 1266 εἷς
2071 1222 2258 1275 μαρτύριον
2295 1223 2361 1261 ἀνὰ

1334 1285 1438 1336 μέσον
1464 1288 1547 1336 ἐμοῦ
1568 1285 1626 1322 καὶ
1645 1288 1724 1329 σοῦ,
1747 1286 1794 1328 εἷς
1819 1283 1975 1336 ἔλεγχον,
1997 1286 2045 1328 εἷς
2066 1283 2251 1328 ἀπόδειξιν.
2273 1277 2363 1322 Eia-s

1335 1346 1370 1385 δὲ
1388 1349 1481 1400 αὐτῷ
1494 1362 1501 1369 ·
1518 1346 1550 1384 εἴ
1568 1362 1619 1389 τις
1645 1345 1849 1398 παραὲἢναι
1868 1345 1912 1383 τὰ
1925 1351 1982 1384 νῦν
2002 1348 2085 1398 παρ’
2108 1347 2208 1397 ἡμῶν
2233 1361 2362 1397 προτα-

1336 1407 1435 1445 θέντα
1470 1406 1741 1458 ἐπιχειρήσειεν·
1768 1405 1857 1444 Ἰδοὺ
1892 1407 1998 1450 οὐδεὶς
2028 1408 2103 1457 μεθ’
2136 1410 2257 1457 ἡμῶν·
2284 1409 2302 1444 ὃ
2327 1405 2362 1443 δὲ

1335 1468 1425 1512 Θεὸς
1442 1467 1573 1520 μάρτυς
1592 1468 1657 1505 ἀνὰ
1681 1467 1784 1517 μέσον
1802 1469 1885 1518 ἐμοῦ
1905 1467 1964 1505 καὶ
1980 1471 2052 1506 σοῦ.

1390 1528 1523 1568 Σκόπει
1543 1532 1617 1572 πῶς
1641 1527 1731 1566 κατὰ
1751 1528 1874 1580 μικρὸν
1890 1531 1908 1566 ὁ
1923 1528 2047 1566 Αάὲαν
2071 1528 2130 1566 καὶ
2148 1530 2196 1572 εἷς
2217 1531 2364 1580 Οεογνω-

1337 1589 1415 1629 σίαν
1444 1590 1614 1641 ἐνάγεται.
1644 1589 1689 1628 ‘O
1716 1588 1784 1642 γὰρ
1807 1589 1870 1635 τὴν
1901 1588 2034 1635 κλοπὴν
2058 1590 2126 1642 πρὸ
2151 1589 2271 1628 τούτου
2295 1592 2364 1627 τῶν

1339 1653 1423 1689 Οεῶν
1450 1653 1552 1688 αὐτοῦ
1575 1650 1746 1704 ἐπιφέρων
1770 1653 1818 1702 τῷ
1840 1650 1982 1702 δικαίῳ,
1999 1650 2058 1688 καὶ
2077 1650 2249 1696 τοσαύτην
2269 1650 2365 1703 ἔρευ-

1339 1729 1400 1750 ναν
1425 1712 1678 1761 ποιησάμενος,
1698 1714 1756 1748 νῦν
1786 1726 1906 1762 φησιν·
1923 1710 2041 1758 ἐπειδὴ
2071 1711 2179 1754 οὐδείς
2206 1713 2279 1749 ἐστι
2308 1727 2367 1762 με-

1340 1772 1424 1817 ταξὺ
1447 1775 1548 1822 ἡμῶν
1569 1776 1586 1810 ὁ
1606 1771 1792 1823 δυνάμενος
1806 1801 1815 1818 ,
1837 1769 1868 1809 εἴ
1889 1787 1924 1809 τι
1950 1771 2039 1822 μετὰ
2061 1777 2170 1810 ταῦτα
2189 1776 2203 1792 ³
2216 1771 2367 1823 γένοιτο,

1343 1836 1565 1887 μαρτυρῆσαι
1590 1839 1661 1877 τοῖς
1685 1838 1742 1871 νῦν
1764 1835 1847 1886 παρ’
1874 1835 1975 1883 ἡμῶν
2003 1832 2212 1884 γινομένοις,
2238 1836 2257 1871 ὁ
2281 1833 2369 1874 Θεὸς

1345 1896 1475 1948 μάρτυς
1515 1894 1581 1933 ἀνὰ
1619 1894 1723 1945 μέσον
1761 1897 1844 1944 ἐμοῦ
1878 1894 1938 1932 καὶ
1967 1899 2038 1933 σοῦ.
2078 1896 2232 1938 Ἐκεῖνος
2262 1894 2369 1946 πάρε-

1343 1974 1435 2004 στιν,
1459 1959 1476 1994 ὃ
1499 1956 1543 1995 τὰ
1571 1955 1685 1994 παντα
1713 1959 1823 2009 ὁρῶν,
1845 1955 1881 1994 ὃν
1910 1955 2004 1994 οὐδὲν
2027 1958 2144 1994 λαθεῖν
2169 1956 2330 2003 δύναται,
2352 1959 2369 1994 ὁ

1341 2019 1403 2065 τὴν
1450 2017 1596 2056 ἑκάστου
1646 2016 1789 2069 γνώμην
1840 2017 2080 2067 ἐπιστάμενος.
2129 2016 2258 2056 Λαὸὼν
2307 2016 2341 2056 δὲ
2360 2045 2368 2060 ,

1342 2080 1444 2132 φησὶν
1459 2110 1468 2127 ,
1482 2079 1613 2118 Ἰακὼτῗ
1634 2080 1758 2126 ἔστησε
1788 2079 1936 2127 στήλην,
1953 2078 1969 2098 ¹³
1988 2079 2048 2117 καὶ
2073 2079 2215 2126 ἐποίησε
2237 2079 2367 2131 βουνὸν,

1343 2141 1402 2179 καὶ
1421 2141 1545 2192 ἔφαγον
1563 2139 1621 2178 ἐπὶ
1643 2144 1703 2177 τοῦ
1725 2142 1856 2190 βουνοῦ.
1876 2134 1965 2176 Εἶτα
1982 2133 2075 2177 εἶπεν
2102 2141 2196 2192 αὐτῷ
2218 2140 2341 2179 Λάὸαν
2362 2156 2367 2162 ·

1342 2207 1359 2240 ὃ
1391 2203 1508 2253 βουνὸς
1536 2196 1632 2244 οὗτος
1660 2207 1827 2254 μαρτυρεῖ
1864 2201 1930 2239 ἀνα
1959 2202 2061 2251 μέσον
2091 2205 2175 2253 ἐμοῦ
2203 2203 2262 2241 καὶ
2293 2209 2366 2242 σοῦ.

1343 2262 1390 2301 Τί
1418 2266 1529 2310 ἐστιν,
1555 2262 1600 2301 ‘O
1631 2264 1749 2314 βουνὸς
1780 2256 1900 2311 οὗτος,
1923 2263 2014 2301 Ἀντὶ
2047 2268 2126 2312 τοῦ,
2149 2264 2192 2302 τὰ
2226 2264 2367 2316 ῥήματα

1343 2324 1386 2363 τὰ
1415 2326 1562 2362 ἐνταῦθα
1587 2323 1751 2376 γινόμενα
1784 2327 1817 2362 ἐν
1845 2327 1894 2376 τῷ
1926 2327 2037 2377 βουνῷ
2064 2325 2174 2378 τούτῳ
2203 2326 2366 2377 ὑπόμνη-

1343 2403 1396 2430 σις
1432 2390 1516 2436 ἡμῖν
1549 2385 1646 2423 ἔσται
1688 2387 1864 2433 διηνεκῶς.
1901 2386 1969 2424 Καὶ
2009 2387 2152 2425 ἐκάλεσε
2183 2388 2223 2426 τὸ
2258 2388 2366 2439 ὄνομα

1343 2450 1402 2483 τοῦ
1422 2446 1541 2494 τόπου,
1565 2446 1681 2497 βουνὸς
1709 2446 1912 2500 μαρτυρίου.
1936 2441 2027 2486 Εἶτά
2056 2464 2181 2500 φησιν·
2200 2449 2369 2488 Ἔπίδοιὸ

1343 2508 1433 2550 Θεὸς
1453 2507 1518 2546 ἀνὰ
1540 2506 1644 2557 μέσον
1668 2509 1751 2558 ἐμοῦ
1773 2508 1832 2546 καὶ
1855 2513 1925 2547 σοῦ.
1942 2508 2073 2547 Σκόπει
2089 2513 2163 2553 πῶς
2182 2510 2286 2548 πάλιν
2306 2510 2368 2557 τὴν

1344 2566 1441 2619 παρὰ
1471 2571 1530 2604 τοῦ
1557 2568 1650 2605 Θεοῦ
1678 2566 1774 2613 δίκην
1801 2569 2018 2606 ἐπικαλεῖται
2034 2571 2051 2605 ὃ
2071 2569 2206 2608 Λάὸαν.
2233 2570 2370 2609 Ἔπίδοι

1345 2627 1425 2680 γὰρ,
1439 2627 1555 2679 φησὶν,
1572 2631 1589 2665 ὃ
1611 2628 1700 2671 Θεὸς
1725 2628 1790 2666 ἀνὰ
1814 2629 1917 2679 μέσον
1945 2631 2028 2679 ἐμοῦ
2045 2630 2104 2667 καὶ
2121 2636 2198 2678 σοῦ,
2216 2631 2268 2669 ὅτι
2285 2634 2370 2670 ἀπο-

1347 2689 1548 2740 στησόμεῡα
1577 2689 1692 2742 ἕτερος
1720 2694 1780 2728 τοῦ
1810 2691 1940 2743 ἑτέρου.
1965 2693 2049 2739 Νῦν,
2072 2692 2169 2744 φησὶ,
2196 2698 2371 2745 χωρισΟη·

1348 2748 1497 2800 σόμεΟα,
1514 2750 1573 2787 καὶ
1592 2750 1632 2788 σὺ
1655 2749 1716 2800 μὲν
1737 2750 1910 2803 ἀπελεύσῃ
1926 2754 1972 2795 εἷς
1987 2751 2050 2799 τὴν
2066 2753 2196 2791 οἰκείαν
2215 2757 2295 2805 γῆν,
2306 2755 2373 2806 ἐγὼ

1350 2810 1384 2848 δὲ
1405 2811 1680 2862 ἐπανελεύσομαι
1695 2814 1741 2856 εἰς
1764 2812 1820 2850 τὸν
1843 2806 1934 2851 οἷκον
1955 2813 2011 2851 τὸν
2033 2813 2129 2864 ἐμόν.
2148 2816 2192 2853 Ei
2205 2815 2375 2854 ταπεινώ-

1351 2888 1421 2915 σεις
1443 2872 1503 2916 τὰς
1526 2873 1715 2926 Θυγατέρας
1738 2889 1814 2923 μου,
1836 2876 1864 2912 εἷ
1886 2873 2005 2918 λάὸοις
2020 2882 2185 2927 γυναῖκας
2201 2877 2286 2928 πρὸς
2302 2883 2376 2920 ταῖς

1351 2934 1542 2986 Ουγατράσι
1566 2951 1630 2984 μου
1644 2965 1653 2982 ,
1670 2933 1733 2987 ὅρα
1746 2964 1755 2981 ,
1775 2934 1883 2978 οὐδεὶς
1907 2937 1982 2985 μεθ’
1998 2939 2098 2986 ἡμῶν
2124 2939 2216 2975 ἐστιν
2230 2941 2247 2975 ὃ
2267 2941 2374 2990 ὁρῶν·

1353 2995 1442 3037 Θεὸς
1472 2995 1615 3047 μάρτυς.
1636 2995 1767 3034 Σκόπει
1782 2999 1856 3040 πῶς
1876 2996 1934 3033 καὶ
1959 2997 2051 3041 ἅπαξ
2071 2998 2130 3035 καὶ
2148 2998 2300 3051 δεύτερον
2318 2999 2377 3037 καὶ

1356 3055 1524 3099 πολλάκις
1552 3058 1608 3095 τὸν
1629 3058 1719 3095 Θεὸν
1753 3059 1851 3094 καλεῖ
1881 3057 2052 3109 μάρτυρα.
2075 3058 2143 3096 Καὶ
2163 3058 2229 3110 γὰρ
2253 3063 2274 3106 ἡ
2294 3060 2378 3111 πρό-

1357 3137 1433 3160 νοια
1459 3128 1479 3169 ἧ
1506 3124 1584 3177 περὶ
1602 3124 1657 3162 τὸν
1671 3123 1801 3162 'lambe
1821 3124 2032 3176 γεγενημένη
2049 3125 2250 3163 ἐπαίδευσεν
2266 3127 2379 3164 αὐτὸν.

384 3265 396 3278 ἢ
421 3253 518 3298 [Cum
533 3253 632 3285 Coisl.
650 3260 762 3295 yz'woeo
787 3255 987 3296 scripsimus.
1006 3255 1174 3288 Edehatur
1191 3259 1339 3300 stratui]
1375 3260 1455 3300 pis›c
1476 3260 1631 3294 frutribus
1650 3262 1716 3293 suis
1746 3271 1779 3294 ut
1799 3262 1921 3306 lapides
1949 3273 2194 3301 coacervarent,
2214 3276 2315 3308 exque
2345 3267 2380 3297 iis

380 3310 394 3330 ¹·
420 3312 474 3339 Καὶ
503 3312 618 3343 {norme
646 3312 759 3349 few-siv,
782 3309 918 3348 rifi-cil
935 3308 1063 3339 (vllem.
1091 3311 1166 3340 ch
1197 3309 1342 3351 pluribus
1381 3311 1496 3344 collem
1516 3315 1733 3348 constituisse.

335 3367 509 3391 narrantur
528 3360 558 3390 in
580 3366 668 3390 textu
686 3359 875 3400 scriptun-m,
895 3359 947 3391 11111
967 3359 1088 3392 (licitur
1106 3362 1211 3393 Jacob
1226 3374 1346 3405 γνωσο-
