2566 3791
198 2839 270 2878 salt.
288 2850 316 2878 7.

387 182 476 228 262
812 197 849 226 s.

888 196 1074 226 JOANMS
1110 194 1354 226 CHRYSOST.
1395 193 1601 223 ARCHIEP.
1641 192 2001 223 CONSTANTINOP-

384 280 445 318 19.
462 280 517 317 Et
545 293 592 316 ex
620 280 795 317 omnibus
811 309 823 325 ,
847 278 979 329 inquit,
1000 280 1203 331 jumentis,
1225 284 1261 313 et
1286 289 1333 313 ex
1358 277 1382 307 C
1408 278 1489 312 σθαι
1506 274 1675 324 τοῦμετὰ
1695 278 1806 312 ταῦτα
1823 275 2009 325 μέλλοντος
2025 275 2162 314 ἔσεσθαι
2181 275 2343 323 πλήθους.
2362 278 2433 315 Καὶ

383 340 690 392 omnibusseris,
725 347 763 376 et
789 353 836 376 ez
865 341 971 376 omni
1000 352 1132 383 carne,
1167 338 1260 373 bina
1286 348 1334 371 ex·

384 402 559 439 omnibus
587 401 743 437 induces
765 402 807 436 in
835 413 984 444 arcam,
1012 406 1053 435 ut
1069 409 1208 448 pascas
1229 394 1336 446 apud

384 470 445 505 te;
461 461 656 499 masculus
679 461 877 511 etfemina
898 467 1022 496 erunt.
1040 459 1103 495 90.
1126 458 1192 494 Ex
1210 457 1334 493 omni-

384 524 451 560 bus
480 523 616 559 avibus
635 519 865 557 volatilibus
891 518 1102 555 secundum
1126 529 1260 569 genus,
1297 523 1335 553 et

384 596 430 619 ex
444 583 618 618 omnibus
639 581 824 631 jumentis
839 578 1049 616 secundum
1064 590 1184 627 genus
1194 607 1206 626 ,
1233 585 1270 614 et
1286 590 1334 614 ea:

385 643 559 678 omnibus
578 640 778 691 reptilibus
809 640 1027 691 repentibus
1058 651 1171 690 super
1191 646 1334 676 terram

383 701 594 739 seeundum
611 713 745 752 genus,
763 701 856 737 bina
872 713 918 737 ex
945 701 1120 737 omnibus
1134 701 1336 737 intrabunt

383 762 436 799 ad
453 770 502 808 te,
523 769 564 798 ut
591 769 807 812 pascantur
831 761 937 813 apud
962 763 1215 812 temetipsum,
1254 773 1335 797 ma-

383 824 509 861 sculus
541 832 577 860 et
592 824 764 876 semina.
785 823 839 861 Ne
869 822 984 860 obiter
1009 822 1085 860 haee
1110 821 1336 874 praeterieris,

383 884 511 922 dilecte
530 899 540 933 ;
557 883 673 934 cogita
697 892 867 934 quantum
890 882 1090 935 pepererint
1107 883 1204 934 justo
1235 895 1337 919 cura-

382 960 462 983 rum
491 944 699 992 tumultum,
716 944 888 995 cogitanti
905 942 1002 995 apud
1020 956 1056 980 se
1074 950 1245 993 quantam
1259 941 1338 979 haec

382 1007 501 1044 omnia
515 1020 637 1044 curam
662 1004 858 1055 exigerent.
874 1005 953 1042 Non
974 1003 1068 1041 enim
1083 1002 1284 1041 sufficiebat
1305 1001 1336 1039 ei

382 1082 466 1105 eura
487 1066 648 1105 mulieris
662 1075 696 1103 et
714 1065 886 1114 filiorum,
903 1074 937 1103 et
952 1078 1124 1111 nuruum,
1138 1061 1201 1101 sed
1214 1072 1247 1101 et
1265 1062 1336 1101 sol-

382 1128 532 1167 licitudo
563 1137 613 1166 tot
642 1128 832 1165 brutorum
859 1135 894 1164 et
924 1126 1088 1164 educatio
1127 1124 1335 1163 addebatur.

382 1192 519 1228 Verum
539 1189 720 1241 paulisper
740 1196 918 1239 exspecta,
932 1186 1141 1237 videbisque
1154 1185 1336 1223 Deiboni-

383 1259 504 1294 tatem,
517 1249 696 1300 quomodo
728 1248 990 1286 incumbentem
1015 1248 1114 1299 justo
1143 1261 1266 1284 curam
1287 1245 1336 1284 le-

382 1319 452 1348 vet.
468 1312 534 1349 ζ21.
556 1311 610 1347 Τιι
645 1318 776 1348 autem
795 1312 975 1361 accipies,
1003 1308 1134 1359 inquit,
1164 1310 1234 1345 tibi
1264 1310 1337 1359 ipsi

384 1373 432 1409 de
463 1373 639 1409 omnibus
675 1373 784 1416 cibis,
819 1371 866 1407 de
889 1372 1024 1422 quibus
1056 1369 1276 1414 comeditis,
1299 1376 1337 1406 et

384 1434 632 1484 congregabis
665 1433 770 1484 apud
788 1435 962 1483 teipsum,
995 1439 1032 1468 et
1060 1439 1173 1468 erunt
1200 1431 1269 1466 tibi
1299 1437 1337 1466 et

383 1494 463 1531 illis
475 1495 518 1530 in
532 1494 673 1530 cibum.
701 1494 754 1530 Ne
769 1492 963 1541 existimes,
982 1491 1110 1541 inquit,
1124 1489 1336 1527 destitutum

383 1563 418 1591 te
432 1567 508 1592 mea
528 1553 756 1606 providentia
777 1552 943 1603 relinqui.
964 1551 1057 1590 Ecce
1087 1551 1182 1589 enim
1209 1551 1337 1604 praeci-

384 1614 459 1666 pio,
480 1623 519 1652 ut
537 1628 614 1664 quae
639 1623 763 1652 vestrae
784 1613 961 1651 alimoniae
988 1612 1186 1661 sufficiunt,
1207 1621 1239 1650 et
1259 1626 1337 1663 quae

385 1675 431 1714 ad
449 1675 575 1713 alenda
593 1676 699 1713 bruta
719 1683 877 1727 spectant
894 1704 903 1721 ,
921 1674 1039 1712 omnia
1060 1674 1095 1711 in
1109 1687 1227 1711 arcam
1253 1673 1339 1711 infe-

386 1745 508 1774 rantur
527 1751 535 1772 ε
558 1736 606 1773 ita
627 1744 666 1772 ut
680 1735 817 1772 nullam
843 1735 901 1773 vel
915 1735 1056 1783 famem,
1076 1735 1132 1771 vel
1153 1733 1340 1786 penuriam

384 1796 631 1849 experiamini,
654 1804 687 1833 et
701 1809 764 1833 nec
777 1796 883 1833 bruta
905 1803 1062 1846 pereant,
1082 1803 1204 1846 utpote
1219 1794 1339 1832 eibum

383 1871 452 1895 non
471 1856 638 1895 habentia
675 1855 745 1893 sibi
772 1855 1050 1893 convenientem.
1071 1857 1134 1892 92.
1154 1856 1209 1893 Et
1223 1856 1339 1908 fecit,

383 1918 515 1968 inquit,
530 1919 614 1956 Noe
640 1919 771 1954 omnia.
791 1929 1042 1968 qucecumque
1059 1917 1134 1954 sibi
1160 1918 1340 1967 praecepit

385 1980 578 2017 Dominus
597 1979 718 2023 Deus,
744 1977 927 2030 sicsecit.
952 1975 1088 2015 Videas
1107 1976 1218 2014 ethic
1239 1990 1342 2014 enco-

386 2039 500 2077 mium
517 2039 688 2091 amplum.
705 2039 840 2084 Fecit,
856 2037 987 2088 inquit,
1001 2040 1132 2075 omnia
1149 2051 1342 2090 quaecum-

388 2113 461 2151 que
485 2101 664 2150 praecepit
688 2101 724 2136 ei
752 2099 944 2136 Dominus
976 2099 1097 2136 Deus.
1131 2099 1212 2136 Non
1241 2097 1341 2136 aliud

388 2159 532 2210 quidem
549 2173 653 2210 opere
678 2158 948 2208 exsequebatur,
968 2158 1068 2196 aliud
1088 2168 1205 2196 autem
1221 2158 1340 2210 negli-

337 2258 347 2265 κ
389 2221 507 2271 gebat,
526 2220 588 2257 sed
611 2218 730 2257 omnia
749 2233 826 2269 quse
858 2228 1032 2271 praecepta
1060 2228 1158 2256 erant
1193 2219 1288 2267 feeit,
1309 2228 1342 2257 et

389 2283 450 2321 Sic
457 2283 576 2335 fecit,
592 2290 631 2318 ut
647 2288 822 2332 praecepta
839 2289 937 2317 erant
955 2280 1009 2327 ei;
1028 2280 1120 2317 nihil
1134 2280 1325 2318 intermisit

1327 2310 1339 2330 ²
1356 2315 1403 2341 2251

1408 335 1479 373 ἀπὸ
1507 335 1668 382 πάντων,
1695 335 1798 386 φησὶ,
1829 338 1898 372 τῶν
1927 338 2083 383 κτηνῶν,
2113 336 2173 374 καὶ
2195 337 2264 375 ἀπὸ
2294 337 2435 375 πάντων

1407 397 1477 432 τῶν
1497 393 1639 446 θηρίων,
1655 395 1715 432 καὶ
1734 395 1804 432 ἀπὸ
1819 395 1934 442 πάσης
1948 396 2087 448 σαρκὸς,
2104 397 2162 435 δύο
2182 396 2240 435 δύο
2261 397 2330 434 ἀπὸ
2346 397 2435 435 πάν-

1409 471 1477 493 των
1497 455 1644 499 εἷσάξεις
1664 457 1711 499 εἷς
1729 454 1792 501 τὴν
1811 455 1974 502 κιὲωτὸν,
1992 455 2049 495 ἵνα
2068 458 2196 510 τρέφῃς
2216 458 2304 507 μετὰ
2326 472 2435 495 σεαυ-

1409 520 1469 554 τοῦ
1485 531 1492 539 ·
1510 515 1614 569 ἄρσεν
1630 516 1690 553 καὶ
1705 517 1790 562 θῆλυ
1807 516 1956 555 ἔσονται.
1976 517 2060 556 Ἀπο
2070 518 2211 556 πάντων
2224 522 2293 556 τῶν
2309 518 2436 569 ὀρνέων

1409 579 1477 615 τῶν
1497 580 1664 616 πετεινῶν
1683 576 1774 615 κατὰ
1795 577 1904 630 γένος,
1923 578 1982 615 καὶ
2001 578 2070 616 ἀπὸ
2094 582 2162 617 τῶν
2189 583 2323 626 κτηνῶν
2343 579 2436 618 κατὰ

1409 638 1518 689 γένος,
1544 638 1606 677 καὶ·
1625 638 1694 676 ἀπὸ
1712 641 1780 676 τῶν
1808 641 1963 690 ἑρπετῶν
1995 642 2065 677 τῶν
2096 640 2269 692 ἑρπόντων
2297 641 2354 677 ἐπὶ
2374 643 2437 686 τῆς

1410 702 1473 751 γῆς
1501 699 1593 738 κατὰ
1619 699 1736 751 γένος,
1757 699 1815 738 δύο
1840 699 1898 737 δύο
1918 700 1987 738 ἀπὸ
2014 699 2155 738 πάντων
2182 700 2437 739 εἰσελεύσονται

1409 761 1495 810 πρὸς
1521 760 1579 809 σὲ,
1607 760 1793 814 τρέφεσθαι
1821 760 1909 811 μετὰ
1939 764 2102 808 σεαυτοῦ,
2124 761 2226 813 ἄρσεν
2255 761 2314 799 καὶ
2337 763 2436 808 θῆλυ.

1411 823 1524 860 Τοῦτο
1550 822 1599 873 μὴ
1625 824 1745 866 ἁπλῶς
1775 822 2032 876 παραδράμῃς,
2059 823 2219 874 ἀγαπητέ
2240 839 2247 846 ·
2277 823 2436 869 ἐννόησον

1410 883 1476 934 γὰρ
1497 883 1576 921 ὅσον
1591 883 1705 931 ἔτικτε
1724 886 1773 935 τῷ
1795 883 1919 935 δικαίῳ
1936 883 1992 921 τὸν
2013 883 2170 936 θόρυὲον,
2189 886 2359 923 ἐννοοῦντι
2372 884 2436 931 τὴν

1410 944 1540 982 τούτων
1560 945 1651 983 ὅλων
1668 945 1884 996 ἐπιμέλειαν.
1900 947 1953 983 Οὐ
1975 944 2044 997 γὰρ
2066 945 2166 997 ἤρκει
2187 948 2278 998 αὐτῷ
2295 948 2316 991 ἡ
2338 960 2438 997 φρον-

1361 1019 1388 1049 1)
1410 1005 1461 1048 τὶς
1479 1008 1542 1051 τῆς
1568 1005 1746 1056 γυναικὸς,
1774 1005 1834 1043 καὶ
1859 1008 1928 1043 τῶν
1947 1005 2103 1051 παίδων,
2127 1006 2187 1044 καὶ
2212 1008 2281 1044 τῶν
2306 1006 2438 1045 τούτων

1409 1069 1596 1117 γυναικῶν,
1613 1066 1704 1103 ἀλλὰ
1731 1065 1790 1104 καὶ
1810 1068 1831 1111 ἡ
1850 1065 2002 1118 μέριμνα
2022 1069 2089 1103 τῶν
2106 1066 2278 1105 τοσούτων
2301 1066 2438 1118 ἀλόγων

1410 1126 1469 1164 καὶ
1488 1130 1510 1173 ἡ
1535 1125 1702 1180 διατροφὴ
1722 1126 1959 1176 προσετίθετο.
1979 1126 2071 1164 Ἀλλ’
2092 1126 2277 1177 ἀνάμεινον
2301 1127 2438 1179 μικρὸν,

1409 1187 1469 1225 καὶ
1487 1188 1564 1241 ὄψει
1582 1192 1642 1226 τοῦ
1661 1189 1755 1226 Θεοῦ
1784 1186 1847 1233 τὴν
1871 1186 2084 1238 ἀγαθότητα,
2104 1188 2164 1225 καὶ
2183 1187 2276 1231 ὅπως
2294 1189 2439 1226 ἐπικου-

1410 1249 1499 1301 φίζει
1512 1249 1575 1296 τὴν
1591 1247 1816 1299 ἐπικειμένην
1835 1248 1999 1300 φροντίδα
2013 1251 2064 1300 τῷ
2080 1247 2215 1301 δικαίῳ.
2228 1249 2278 1287 Σὺ
2293 1248 2328 1287 δὲ
2342 1249 2438 1301 λήψῃ

1411 1313 1557 1363 σεαυτῷ,
1570 1310 1689 1362 φησὶν,
1703 1309 1773 1349 ἀπὸ
1788 1310 1928 1348 πάντων
1945 1313 2013 1348 τῶν
2032 1310 2229 1361 βρωμάτων
2246 1304 2294 1348 ῶν
2310 1310 2439 1356 ἔδεσθε,

1409 1372 1468 1410 καὶ
1489 1370 1644 1415 συνάξεις
1659 1372 1746 1423 πρὸς
1762 1371 1905 1409 σεαυτὸν
1917 1400 1926 1417 ,
1947 1370 2124 1410 καί“ἔσται
2144 1387 2198 1410 σοι
2214 1370 2273 1409 καὶ
2297 1370 2440 1414 ἐκείνοις

1409 1439 1542 1485 φαγεῖν.
1553 1432 1615 1479 Μὴ
1630 1432 1788 1484 νομίσῃς,
1800 1430 1919 1484 φησὶν,
1931 1431 2145 1483 ἀπρονόητόν
2162 1448 2200 1470 σε
2215 1431 2440 1482 καταλιμπά-

1408 1497 1539 1533 νεσθαι.
1552 1492 1641 1531 Ἰδοὺ
1656 1493 1724 1546 γὰρ
1738 1492 1947 1544 προστάττω
1959 1493 2017 1530 καὶ
2031 1493 2075 1531 τὰ
2092 1493 2176 1545 πρὸς
2188 1492 2252 1538 τὴν
2267 1491 2440 1543 ὑμετέραν

1409 1554 1538 1607 τροφὴν
1558 1556 1744 1607 ἀρκοῦντα,
1762 1553 1820 1591 καὶ
1842 1554 1888 1591 τὰ
1905 1553 1990 1606 πρὸς
2008 1553 2196 1605 διατροφὴν
2211 1556 2280 1591 τῶν
2302 1552 2438 1604 ἀλόγων

1411 1616 1550 1653 ἅπαντα
1566 1617 1771 1667 εἰσαχθῆναι
1793 1616 1840 1657 εἷς
1858 1613 1922 1660 τὴν
1938 1613 2108 1662 κιὲωτὸν,
2129 1613 2220 1652 ὥστε
2241 1613 2333 1665 μήτε
2350 1616 2441 1664 ὑμᾶς

1363 1690 1388 1720 Ε
1410 1677 1515 1726 λιμοῦ
1533 1675 1593 1714 καὶ
1609 1675 1842 1728 στενοχωρίας
1856 1681 1980 1728 πεῖραν
1996 1674 2136 1723 hestia,
2154 1675 2243 1726 μήτε
2264 1674 2308 1713 τὰ
2329 1675 2440 1725 ἄλογα

1413 1738 1644 1789 διαφθαρῆναι
1681 1737 1743 1774 οὐκ
1775 1736 1902 1788 ἔχοντα
1931 1736 1994 1782 τὴν
2039 1735 2260 1781 κατάλληλον
2296 1735 2440 1788 τροφήν.

1411 1797 1481 1837 Καὶ
1497 1797 1659 1849 ε’ποίησε,
1682 1797 1765 1849 φησὶ
1778 1827 1787 1844 ,
1810 1798 1889 1835 Νῶε
1910 1796 2026 1834 πάντα
2044 1797 2108 1835 ὅσα
2128 1796 2324 1834 ἐνετείλατο
2345 1799 2440 1848 αὐτῷ

1413 1857 1538 1909 Κύριος
1558 1861 1576 1895 ὃ
1594 1858 1702 1901 Θεὸς,
1727 1856 1834 1901 οὕτως
1851 1856 2028 1904 ἐποίησεν.
2055 1856 2150 1909 υΟροι
2171 1873 2229 1907 μοι
2248 1857 2354 1895 πάλιν
2381 1857 2440 1895 καὶ

1413 1919 1562 1956 ἐνταῦθα
1594 1919 1768 1970 ἐγκωμίου
1806 1918 1960 1971 μέγεθος.
1994 1917 2183 1966 Ἐποίησε,
2215 1918 2322 1971 φησὶ,
2359 1919 2441 1956 Νῶε

1412 1978 1528 2017 πάντα
1547 1979 1612 2017 ὅσα
1629 1979 1824 2018 ἐνετείλατο
1841 1981 1934 2031 αὐτῷ
1953 1978 2082 2033 Κύριος
2100 1982 2118 2017 ὃ
2133 1978 2234 2022 Θεός.
2251 1980 2304 2017 Οὔ
2322 1978 2362 2017 τὸ
2378 1977 2441 2029 μὲν

1411 2042 1479 2077 τῶν
1499 2039 1757 2092 ἐπιταχθέντων
1777 2043 1825 2083 εἰς
1847 2040 1944 2094 ἔργον
1965 2040 2090 2091 ἤγαγε,
2114 2044 2174 2076 τοῦ
2195 2039 2229 2077 δὲ
2250 2038 2441 2090 ἠμέλησεν,

1412 2099 1502 2138 ἀλλὰ
1516 2100 1631 2139 πάντα
1644 2101 1688 2138 τὰ
1706 2100 1912 2139 ἓνταλθέντα
1930 2100 2084 2147 ἐποίησε,
2101 2100 2158 2139 καὶ
2178 2099 2300 2144 Οὕτως
2323 2099 2442 2147 ἐποίη-

1414 2177 1486 2209 σεν,
1509 2160 1627 2213 ὥσπερ
1643 2161 1838 2200 ἐνετείλατο
1857 2163 1951 2213 αὐτῷ
1970 2177 1978 2184 ·
2003 2160 2097 2199 οὐδὲν
2119 2161 2312 2212 παρέλιπεν
2325 2191 2334 2208 ,
2351 2159 2442 2199 ἀλλὰ

1808 2221 1815 2234 ι
1840 2221 1872 2235 ⁹«
1909 2221 1923 2234 r

1412 2221 1528 2259 πάντα
1546 2222 1741 2275 ἐπλήρωσε,
1761 2238 1820 2259 και
1836 2237 1943 2266 εοειςε
1957 2221 2016 2259 καὶ
2033 2221 2078 2259 δι’
2097 2224 2208 2259 αὐτῶν
2228 2225 2296 2259 τῶν
2318 2221 2441 2273 ἔργων,

1414 2284 1467 2322 ὅτι
1486 2283 1626 2327 δικαίως
1646 2283 1777 2330 ἠξιώθη
1804 2283 1934 2327 εὐνοίας
1959 2284 2057 2335 παρὰ
2083 2289 2142 2322 τοῦ
2157 2283 2347 2322 Δεσπότου.
2367 2284 2440 2321 Πό-

391 2341 450 2379 sed
465 2340 582 2378 omnia
610 2339 788 2391 implevit,
817 2347 851 2376 et
874 2338 1041 2390 operibus
1061 2339 1133 2376 suis
1160 2339 1341 2391 probavit,
1370 2353 1390 2380 A
1415 2360 1482 2384 σων
1501 2345 1677 2397 στεφάνων
1698 2347 1761 2383 Οὐχ
1780 2344 1859 2388 ἀξία
1879 2345 1919 2382 ἂν
1939 2344 2073 2395 γένοιτο
2092 2349 2114 2392 ἡ
2143 2344 2318 2398 μαρτυρία
2339 2344 2440 2391 αὕτη,

391 2416 427 2441 se
441 2403 536 2455 juste
552 2400 795 2439 benevolentia
806 2399 875 2438 Dei
889 2399 1076 2450 dignatum
1087 2400 1206 2437 fuisse.
1219 2400 1341 2446 Quan-

392 2462 437 2500 tis
456 2476 524 2500 non
544 2461 682 2500 coronis
703 2459 853 2512 dignum
866 2459 974 2497 fucrit
994 2459 1061 2497 hoc
1088 2460 1343 2509 testimonium,

391 2538 492 2575 quoa
509 2523 635 2561 divina
651 2522 837 2574 Scriptura
853 2520 985 2558 fruitur
1000 2521 1119 2574 justus
1140 2521 1227 2559 ille?
1254 2523 1345 2570 Quis

391 2585 459 2622 hoc
474 2583 580 2622 suerit
595 2583 743 2631 beatior,
764 2581 848 2633 quia
871 2581 990 2619 omnia
1011 2595 1115 2634 opere
1137 2582 1343 2634 complevit,

393 2660 470 2696 quae
489 2645 558 2683 sibi
579 2659 599 2683 a
616 2645 693 2682 Deo
718 2651 895 2696 praecepta
923 2644 1073 2692 fuerant,
1092 2652 1125 2680 et
1149 2652 1284 2681 tantam
1309 2643 1345 2680 in

392 2707 437 2745 iis
450 2721 528 2757 quae
543 2705 610 2744 sibi
624 2705 794 2757 imperata
813 2712 912 2742 crant
932 2703 1170 2742 obedientiam
1190 2704 1349 2742 declara-

393 2768 479 2806 vit?
505 2767 552 2804 Et
566 2776 606 2804 ut
624 2766 714 2804 scias
731 2773 861 2815 quanta
884 2764 1045 2802 omnium
1074 2764 1246 2803 Conditor
1278 2765 1347 2817 ipsi

394 2827 534 2880 praefari
547 2827 712 2877 dignatus
732 2826 792 2873 sit,
812 2825 896 2863 audi
917 2840 995 2875 quae
1015 2835 1223 2877 sequuntur.
1246 2829 1281 2865 1.
1294 2829 1347 2864 Et

396 2890 508 2936 dixit,
524 2887 658 2938 inquit,
683 2888 874 2924 Dominus
897 2888 1005 2925 Deus
1018 2888 1072 2925 ad
1087 2888 1173 2926 Noe
1190 2904 1198 2925 :
1215 2890 1347 2940 Ingre-

395 2951 484 2987 dere
505 2957 546 2986 tu
566 2957 601 2986 et
616 2950 738 2986 omnis
758 2948 892 2986 domus
908 2957 977 2986 tua
996 2951 1037 2986 in
1052 2948 1349 2987 arcam.Deindc

395 3019 434 3048 ut
454 3009 606 3047 sciamus
627 3009 747 3060 ipsum
769 3021 838 3045 non
860 3009 973 3060 gratia
994 3008 1183 3048 dumtaxat
1210 3011 1349 3062 justum

395 3085 547 3119 servare,
566 3070 673 3109 sedet
695 3070 858 3107 laborum
879 3070 1056 3109 mercedes
1075 3071 1158 3123 ipsi,
1181 3081 1214 3111 et
1234 3072 1348 3112 virtu-

396 3133 440 3171 tis
460 3132 604 3185 przemia
625 3131 778 3169 tribucre
792 3161 802 3181 ,
817 3130 905 3170 dicit
926 3132 1031 3171 :Ideo
1058 3133 1123 3170 tibi
1142 3133 1290 3186 impero,
1309 3143 1350 3172 ut

396 3203 432 3232 tu
455 3203 488 3231 et
515 3193 643 3231 domus
670 3201 729 3230 tua
761 3192 925 3230 omnisin
945 3207 1063 3231 arcam
1084 3194 1347 3245 ingrediamini,

400 3256 500 3305 Quia
521 3262 556 3292 te
577 3254 662 3291 virli
676 3255 821 3304 justum
835 3267 964 3291 coram
980 3268 1039 3292 me
1050 3257 1090 3291 in
1099 3259 1346 3306 generatione

397 3319 482 3353 ista.
519 3317 687 3364 Magnum
728 3322 756 3349 et
797 3313 866 3350 sul(-
898 3313 1046 3363 dignum
1085 3316 1339 3355 testimonium.

396 3375 492 3423 Quid
508 3375 600 3413 enim
621 3375 686 3412 hoc
715 3374 827 3425 majus⁴
846 3383 946 3423 esset,
967 3390 1044 3413 cuin
1066 3376 1139 3428 ipse
1158 3377 1343 3429 Conditor,

1414 2401 1455 2452 ἧς
1475 2406 1658 2452 ἀπήλαυσε
1680 2405 1777 2459 παρὰ
1800 2408 1862 2451 τῆς
1890 2406 1982 2448 θείας
2001 2407 2144 2458 Γραφῆς
2164 2409 2181 2443 ὃ
2201 2404 2353 2452 δίκαιος;
2376 2405 2442 2448 Τίς

1416 2467 1454 2505 ἂν
1475 2466 1607 2518 γένοιτο
1630 2466 1926 2518 μακαριστότεςος
1945 2469 2004 2504 τοῦ
2027 2466 2143 2504 πάντα
2165 2468 2211 2509 εἷς
2233 2465 2330 2517 ἔργον
2352 2469 2442 2518 ἀγα-

1414 2527 1531 2579 γόντος
1556 2527 1600 2566 τὰ
1619 2527 1716 2578 παρὰ
1734 2531 1794 2566 τοῦ
1825 2529 1918 2566 Θεοῦ
1945 2526 2171 2573 ἐνταλθέντα,
2189 2526 2248 2564 καὶ
2267 2525 2440 2573 τοσαύτην

1415 2588 1572 2635 ὑπακοὴν
1591 2588 1669 2641 περὶ
1685 2587 1729 2626 τὰ
1746 2587 1978 2639 ἐπιταχθέντα
1997 2587 2280 2638 ἐπιδειξαμένου,
2298 2587 2368 2625 Καὶ
2383 2587 2440 2626 ἵνα

1418 2649 1530 2700 μάθῃς
1549 2649 1631 2695 ὅσης
1657 2648 1811 2692 ἀξιοῦται
1835 2648 1892 2687 διὰ
1910 2652 2011 2686 τοῦτο
2025 2650 2086 2693 τῆς
2101 2647 2327 2699 προρρήσεως
2343 2648 2440 2700 παρὰ

1416 2714 1475 2748 τοῦ
1498 2714 1565 2748 τῶν
1597 2710 1759 2748 ἁπάντων
1789 2710 2017 2761 δημιουργοῦ,
2036 2710 2140 2748 ἄκουε
2160 2711 2228 2746 τῶν
2257 2708 2344 2754 ἑξῆς.
2371 2708 2440 2746 Καὶ

1418 2766 1512 2818 εἶπε,
1529 2771 1631 2823 φησὶ,
1652 2770 1776 2821 Κύριος
1792 2773 1809 2808 ὃ
1829 2769 1918 2813 Θεὸς
1942 2769 2028 2822 πρὸς
2047 2772 2126 2808 Νῶε
2140 2785 2147 2792 ·
2168 2769 2297 2808 εἴσελθε
2317 2768 2358 2806 σὺ
2380 2769 2440 2808 καὶ

1417 2838 1484 2876 πᾶς
1502 2835 1519 2869 ὁ
1541 2827 1631 2875 οἶκός
1651 2847 1711 2870 σου
1731 2833 1779 2873 εἷς
1794 2830 1857 2877 τὴν
1877 2831 2038 2869 κιὸωτόν.
2066 2824 2155 2868 Εἶτα
2174 2829 2230 2868 ἵνα
2252 2830 2440 2880 μάθωμεν,
2489 2859 2492 2861 -

1417 2895 1464 2935 ὡς
1479 2894 1516 2930 οὗ
1537 2893 1658 2945 χάριτι
1675 2893 1777 2943 μόνον
1799 2891 1901 2935 σώζει
1920 2892 1977 2930 τὸν
1994 2891 2126 2930 δίκαιον
2139 2920 2148 2937 ,
2181 2890 2271 2929 ἀλλὰ
2291 2891 2349 2929 καὶ
2370 2894 2438 2929 τῶν

1875 2955 1895 2962 a·
1922 2952 1972 2966 «tex

1418 2953 1531 2991 πόνων
1553 2953 1613 2998 τὰς
1637 2953 1785 3004 ἀμοιέὰς
1805 2955 1899 3004 αὐτῳ
1919 2967 2057 3000 οιοιιὶσι,
2082 2951 2141 2990 καὶ
2159 2954 2221 2998 τῆς
2239 2953 2363 3005 ἀρετ-ἧς
2382 2951 2443 2996 τὰς

1376 3022 1396 3051 Β
1419 3015 1626 3062 ἀντιδόσεις,
1651 3014 1759 3067 φησί·
1789 3014 1846 3052 διὰ
1876 3014 1976 3052 τοῦτό
2001 3029 2039 3052 σε
2066 3012 2274 3065 προστάττω
2304 3015 2352 3055 εἷς
2376 3013 2439 3059 τὴν

1419 3075 1565 3113 κιίωτὸν
1592 3078 1755 3114 εἰσελθεῖν
1783 3075 1871 3127 μετὰ
1889 3079 1948 3112 τοῦ
1968 3074 2062 3112 οἴκου
2083 3089 2161 3118 σου,
2180 3073 2264 3111 (Ότι
2290 3088 2327 3111 σε
2352 3067 2438 3112 εἶδον

1419 3135 1550 3174 δίκαιον
1569 3137 1719 3174 ἐναντίον
1738 3138 1822 3186 ἐμοῦ
1837 3138 1870 3174 ἐν
1891 3139 1933 3186 τῇ
1955 3141 2056 3186 γενεᾷ
2071 3133 2194 3184 ταύτῃ.
2216 3133 2363 3185 Μεγάλη
2381 3133 2440 3171 καὶ

1418 3196 1614 3241 ἀξιόπιστος
1640 3201 1661 3244 ἡ
1694 3197 1877 3251 μαρτυρία.
1908 3196 1954 3234 Τί
1985 3195 2051 3247 γὰρ
2083 3195 2122 3232 ἂν
2156 3194 2288 3244 γένοιτο
2312 3193 2439 3241 ταύτης

1417 3260 1550 3308 μεῖζον,
1579 3258 1659 3296 ὅταν
1682 3259 1779 3302 αὐτὸς
1807 3261 1824 3295 ὃ
1846 3257 2071 3309 δημιουργὸς,
2092 3257 2110 3292 ὁ
2141 3255 2199 3293 καὶ
2219 3258 2266 3298 εἷς
2292 3255 2332 3293 τὸ
2352 3249 2438 3293 εἶναι

1416 3319 1652 3371 παραγάγίἷιν,
1683 3323 1826 3357 τοιαῦτα
1856 3317 2052 3371 ψϊ,’ρίζητ;ιι
2082 3317 2162 3368 περὶ
2193 3319 2251 3353 τοῦ
2283 3315 2434 3362 δικαίου;

1412 3380 1427 3393 Η
1671 3381 1676 3390 1
1758 3382 1788 3392 «κ
1853 3379 1882 3391 «t
2007 3379 2016 3389 5
2109 3378 2115 3388 Ι
2176 3379 2184 3387 ³
2234 3381 2253 3388 ι..
2284 3376 2294 3387 f
2357 3378 2382 3389 -ςκ

1430 3384 1495 3419 Οτι
1518 3396 1576 3427 τε,
1598 3396 1714 3431 φησιν,
1740 3396 1824 3419 ε·ο;ν
1851 3392 1981 3418 §cxxiv-a
2003 3393 2151 3416 εναντιον
2171 3393 2265 3426 egum.
2298 3379 2326 3413 H
2348 3390 2434 3423 αλη-
