2516 3791
124 1520 193 1546 Ait.
212 1519 307 1557 9‘40·

323 205 416 252 620
749 221 787 251 s.
828 219 1005 251 solutus
1042 217 1281 249 cunrsosr.

320 306 428 343 >Forte
442 305 536 342 enim
556 313 650 341 tanta
671 304 747 356 ejus
767 313 816 342 cst
835 312 999 355 potestas,
1016 309 1138 337 utnon
1159 300 1275 336 solum
1296 347 1302 350 .

322 375 464 418 peccata
491 379 669 418 purgare,
693 365 755 403 sed
773 374 807 402 ct
828 372 975 401 mortem
996 361 1119 411 fugare
1143 359 1272 397 valeat.

324 427 371 464 Et
395 426 574 477 quomodo
589 456 599 474 ‚
623 439 686 477 ego
719 425 852 462 dicam.
893 423 938 460 Et
964 421 1044 473 quis
1061 451 1069 467 ,
1091 420 1185 458 dicet
1211 419 1276 457 ali-

322 488 414 538 quis,
424 488 684 539 eleemosynam
699 485 844 533 faciens,
858 483 1019 536 superior
1035 490 1146 519 morte
1162 481 1277 519 faetus

323 557 372 585 est
384 549 401 585 ἶ)
415 549 506 585 Sane
520 561 638 584 omnes
649 545 814 583 videmus
828 545 896 583 sub
910 543 1034 582 mortis
1049 542 1278 596 tyrannidem

326 608 474 646 venisse.
484 609 535 645 Ne
549 606 714 656 turberis,
729 606 870 655 dilecte,
885 606 947 644 sed
964 605 1069 644 rebus
1080 604 1167 657 ipsis
1181 604 1278 642 disce

323 667 504 719 quomodo
520 667 751 720 eleemosynae
770 667 827 705 vis
845 676 880 705 et
908 666 1032 704 mortis
1047 665 1135 704 vicit
1154 674 1277 718 tyran—

323 728 454 766 nidem.
471 728 630 766 Tabitha
647 737 720 766 erat
734 728 877 778 mulier,
892 728 994 779 cujus
1009 741 1134 765 nomen
1149 727 1179 764 si
1195 726 1278 777 quis

323 789 588 842 interpretatur,
623 789 758 827 dicitur
798 790 934 827 Dorcas
962 803 969 824 :
1003 787 1081 825 liaec
1115 786 1278 839 quotidie

321 848 431 887 (labat
449 863 606 901 operam,
626 857 666 886 ut
687 848 869 899 colligeret
886 862 931 885 ex
947 847 1169 899 eleemosyna
1182 846 1275 884 divi-

322 911 398 947 tias.
417 910 463 947 Et
479 909 665 957 vestiebat,
684 909 813 960 inquit,
831 908 975 957 viduas,
990 917 1024 946 et
1045 907 1134 946 alios
1157 921 1278 946 omnes

322 979 461 1009 sumtus
489 969 540 1008 eis
556 970 747 1022 praebebat.
774 970 923 1007 Factum
946 977 997 1006 est
1021 977 1138 1005 autem
1159 977 1198 1005 ut
1223 967 1277 1005 in-

324 1032 464 1070 firmata
483 1032 560 1084 ipsa
582 1040 789 1069 moreretur.
810 1030 881 1068 Sed
904 1029 987 1069 vide
1019 1028 1202 1080 quomodo
1222 1028 1279 1066 bae

323 1107 403 1143 quae
425 1093 471 1130 ab
491 1093 551 1131 illa
581 1093 799 1130 curabantur
811 1122 822 1138 ,
844 1101 877 1129 et
896 1105 984 1142 quas
1003 1090 1175 1129 vestiebat
1188 1120 1199 1139 ,
1218 1090 1281 1127 be-

1328 217 1529 247 auctum).
1568 217 1900 248 CONSTANTINOP
1909 239 1917 248 .

1346 299 1577 350 μετέλθωμεν.
1610 300 1718 353 Τάχα
1741 301 1809 354 γὰρ
1826 300 1979 346 τοσαύτη
2007 301 2112 346 αὐτῆς
2132 303 2153 346 ἡ
2175 300 2370 353 περιουσία,

1344 362 1391 403 ὡς
1414 360 1461 411 μὴ
1485 361 1588 411 μόνον
1607 362 1850 415 ἁμαρτήματα
1869 361 2087 413 ἐκκαθαίρειν
2101 392 2110 409 ,
2128 361 2217 400 ἀλλὰ
2235 362 2294 399 καὶ
2314 365 2370 400 αὖ·

1344 421 1400 459 τὸν
1420 421 1477 460 τὸν
1506 422 1652 461 θάνατον
1678 423 1911 476 φυγαδεύειεν.
1944 423 2014 461 Καὶ
2027 423 2119 474 λέγω
2145 423 2202 461 τὸν
2229 424 2369 475 τρόπον.

1347 481 1416 519 Καὶ
1449 483 1521 530 τίς,
1560 484 1683 536 φησὶν,
1724 483 1958 534 ἐλεημοσύνην
2003 483 2258 534 ἐπιδειξάμενος
2271 514 2280 531 ,
2313 489 2373 522 τοῦ

1345 544 1492 583 Θανάτου
1530 545 1698 597 κρείττων
1725 545 1862 596 γέγονε;
1882 544 1953 582 Καὶ
1970 544 2038 594 μὴν
2065 545 2220 588 ἅπαντας
2238 547 2372 596 ὁρῶμεν

1345 605 1411 643 ὑπὸ
1430 605 1492 652 τὴν
1511 605 1697 659 τυραννίδα
1712 610 1770 644 τοῦ
1791 606 1939 644 θανάτου
1959 604 2169 656 γινομένους.
2190 605 2253 651 Μὴ
2273 609 2372 656 Οορυ-

1345 667 1472 718 ὃηθῇς,
1491 666 1664 719 ἀγαπητὲ,
1693 666 1783 705 ἀλλὰ
1812 666 1900 717 μάθε
1920 667 1963 703 δι’
1985 667 2098 703 αὐτῶν
2121 669 2189 703 τῶν
2206 666 2374 718 πραγμά-

1344 743 1432 772 των,
1452 727 1546 772 ὅπως
1573 732 1594 774 ἡ
1625 731 1687 774 τῆς
1717 727 1949 778 ἐλεημοσύνης
1977 726 2122 777 δύναμις
2151 727 2286 773 ἐνίκησε
2315 727 2374 764 καὶ

1345 789 1464 827 τούτου
1487 789 1549 837 τὴν
1567 788 1763 841 τυραννίδα.
1788 788 1928 826 Ταὲιθά
1947 804 1999 831 τις
2018 787 2152 839 ἐγένετο
2170 787 2255 839 γυνὴ
2270 817 2279 833 ,
2300 787 2375 834 ’ἥτις

1345 850 1639 901 διερμηνευομένη
1658 851 1797 902 λέγεται
1818 849 1954 901 Δορκάς
1969 865 1977 872 ·
1998 848 2086 896 αὕτη
2108 849 2205 901 ἔργον
2228 851 2376 887 ἐποιεῖτο

1345 913 1421 948 καθ’
1446 912 1596 957 ἑκάστην
1617 912 1752 963 ἡμέραν
1771 911 1834 959 τὴν
1856 911 1924 949 ἀπὸ
1945 914 2008 957 τ’ἧς
2027 909 2261 961 ἐλεημοσύνης
2277 913 2376 948 εὐπο-

1349 971 1422 1024 ρίαν
1456 972 1632 1024 συλλέγειν
1668 975 1794 1024 έαυτῇ·
1832 972 1891 1010 καὶ
1920 971 2114 1010 ἐνεδίδυσκε
2127 1003 2136 1019 ,
2174 971 2258 1023 φησὶ
2274 1001 2283 1018 ,
2314 970 2375 1013 τὰς

1345 1032 1471 1084 χήρας,
1488 1034 1548 1071 καὶ
1561 1033 1624 1079 τὴν
1645 1034 1753 1080 ἄλλην
1773 1033 1912 1072 ἅπασαν
1935 1032 2095 1084 εὐπορίαν
2113 1035 2232 1076 αὐταῖς
2249 1038 2375 1083 παρεῖ-

1347 1109 1423 1145 χεν.
1440 1094 1604 1145 Ἐγένετο
1619 1094 1654 1133 δὲ
1672 1093 1910 1140 ἀσθενήσασαν
1926 1093 2034 1140 αὐτὴν
2060 1095 2255 1132 ἀποθανεῖν.
2271 1092 2375 1131 Ἀλλὰ

325 1154 473 1192 neficam
492 1163 691 1206 opportune
726 1151 996 1191 remunerarint.
1017 1151 1158 1189 Stantes
1185 1150 1277 1188 cirea
1300 1155 1324 1186 C
1349 1155 1455 1206 βλέπε
1476 1171 1534 1205 μοι
1558 1158 1704 1194 ἐνταῦθα
1713 1184 1722 1202 ‚
1749 1153 1930 1206 ἀγαπητὲ,
1949 1157 2023 1197 πῶς
2042 1157 2077 1191 αἱ
2103 1157 2166 1199 τῆς
2191 1153 2377 1207 θεραπείας

323 1214 543 1266 apostolum,
569 1214 834 1260 monstrabant,
854 1212 991 1263 inquit,
1020 1211 1051 1250 ei
1084 1220 1220 1261 vestes,
1247 1220 1281 1249 et

324 1285 449 1313 cuneta
480 1290 559 1327 quae
590 1275 763 1323 faciebat,
785 1288 868 1311 cum
898 1273 1016 1311 adhuc
1045 1273 1081 1310 in
1112 1272 1280 1310 humanis

324 1345 441 1388 ageret
456 1338 592 1375 Dorcas
610 1352 617 1372 :
641 1345 676 1373 et
693 1335 876 1372 alumnam
901 1333 1140 1385 requirebant,
1159 1334 1279 1385 lacry—

324 1412 398 1435 mas
428 1397 700 1450 profundebant,
716 1407 750 1435 et
769 1396 813 1435 ad
832 1410 998 1447 magnam
1016 1395 1279 1434 miserationem

323 1458 522 1510 apostolum
561 1459 816 1511 provocabant.
856 1456 956 1502 Quid
999 1456 1109 1508 igitur
1153 1456 1279 1493 beatus

326 1519 480 1557 Petrus?
514 1520 683 1557 Genibus
721 1521 882 1570 positis,
927 1517 1068 1568 inquit,
1115 1519 1243 1554 oravit
1266 1531 1277 1551 .·

325 1590 361 1618 et
390 1594 596 1618 conversus
627 1580 682 1617 ad
713 1591 871 1630 corpus,
906 1579 1006 1615 dixit
1037 1592 1048 1613 .·
1081 1578 1276 1622 Tabitlza,

324 1655 448 1692 surge.
489 1641 571 1677 Illa
614 1648 744 1677 autem
785 1641 936 1690 aperuit
981 1637 1109 1675 oculos
1152 1650 1241 1674 suos
1264 1665 1276 1682 ,

317 1711 361 1740 ‘et
388 1710 429 1739 ut
452 1702 556 1739 vidit
578 1702 752 1747 Petrum,
776 1700 929 1737 resedit.
955 1699 1066 1736 Data
1091 1706 1222 1736 autem
1246 1700 1282 1735 ei

326 1776 445 1801 manu
460 1793 472 1809 ‚
495 1765 617 1800 erexit
635 1775 722 1799 eam
747 1777 757 1797 :
786 1769 823 1798 et
849 1761 1047 1798 accersitis
1076 1761 1224 1797 sanctis
1244 1767 1282 1796 et

325 1826 470 1871 viduis,
487 1823 770 1862 commendavit
782 1822 865 1860 illis
879 1835 965 1859 eam
981 1824 1130 1859 vivam.
1145 1820 1281 1860 Vidisti

1348 1216 1604 1265 ἀπολαύουσαι,
1624 1216 1682 1255 καὶ
1698 1216 1743 1254 τὰ
1763 1216 1911 1267 σώματα
1933 1215 2146 1266 σκεπόμεναι
2171 1217 2230 1254 ἀπ’
2250 1218 2377 1263 αὐτῆς,

1347 1278 1382 1314 ἐν
1401 1281 1512 1330 καιρῷ
1528 1278 1590 1325 τὴν
1612 1278 1785 1329 εὐεργέτιν
1803 1276 2046 1329 ἀμειὲόμεναι,
2062 1280 2300 1330 περιεστῶσαι
2318 1276 2375 1314 τὸν

1347 1337 1552 1387 ἀπόστολον,
1586 1339 1817 1386 ἐπεδείκνυον,
1847 1339 1944 1391 φησί,
1973 1339 2017 1377 τὰ
2047 1339 2191 1390 ἱμάτια,
2219 1338 2278 1375 καὶ
2312 1338 2376 1376 ὅσα

1349 1398 1456 1437 ἐποίει
1477 1402 1552 1450 μετ’
1584 1402 1696 1437 αὐτῶν
1731 1393 1817 1437 οῧσα
1848 1403 1870 1446 ᾗ
1898 1399 2054 1453 Δορκὰς,
2083 1399 2143 1437 καὶ
2166 1398 2230 1445 τὴν
2253 1397 2377 1451 τροφὸν

1349 1460 1548 1508 ἐπεζήτουν,
1568 1461 1627 1498 καὶ
1644 1461 1779 1512 δάκρυα
1798 1460 1882 1504 ἴσως
1902 1461 2092 1513 προσέχεον
2104 1492 2112 1508 ,
2128 1460 2187 1498 καὶ
2204 1461 2252 1502 εἷς
2271 1458 2378 1498 πολὺν

1348 1514 1461 1559 οἶκτον
1488 1522 1545 1559 τὸν
1571 1521 1762 1560 ἀπόστολον
1791 1521 2003 1574 ἐφείλκοντο.
2029 1521 2075 1559 Τί
2093 1514 2150 1559 οὖν
2168 1524 2186 1559 ὁ
2205 1521 2379 1572 μακάριος

1348 1582 1502 1634 Πέτρος;
1523 1583 1579 1624 Τὰ
1599 1583 1727 1634 γόνατα
1744 1583 1824 1631 Οείς,
1844 1582 1939 1635 φησὶ,
1966 1581 2200 1634 προσηύξατο,
2223 1581 2281 1619 καὶ
2298 1584 2378 1619 ἐπι-

1349 1643 1500 1696 στρέψας
1516 1644 1601 1697 πρὸς
1624 1644 1664 1682 τὸ
1684 1647 1804 1694 σῶμα,
1830 1638 1904 1682 εἷπε
1923 1659 1930 1666 ·
1950 1642 2111 1690 Ταὲιῦὰ,
2134 1643 2314 1689 ἀνάστηθι.
2335 1641 2379 1679 Ἥ

1350 1703 1386 1742 δὲ
1406 1703 1519 1749 ἤνοιξε
1542 1703 1620 1748 τοὺς
1641 1703 1833 1755 ὂφθαλμοὺς
1857 1705 1986 1751 αὐτῆς,
2008 1703 2067 1740 καὶ
2088 1704 2208 1740 ἰδοῦσα
2225 1702 2284 1740 τὸν
2303 1702 2380 1739 Πέ-

1349 1779 1442 1817 τρον,
1455 1764 1745 1809 ἀνεκάθισε.Δοὺς
1762 1764 1797 1803 δὲ
1817 1766 1905 1817 αὐτῇ
1921 1770 2037 1817 χεῖρα,
2054 1763 2242 1810 ἀνέστησεν
2259 1761 2381 1809 αὐτὴν,

1350 1825 1410 1863 καὶ
1430 1825 1593 1878 φωνήσας
1611 1825 1690 1869 τοὺς
1710 1819 1825 1878 ἇγίους
1843 1825 1903 1864 καὶ
1929 1824 1991 1869 τὰς
2015 1824 2141 1877 χήρας,
2161 1822 2381 1874 παρέστησεν

326 1886 497 1924 virtutem
515 1883 690 1937 apostoli,
713 1883 785 1921 imo
809 1881 987 1934 operantis
1011 1897 1076 1934 per
1098 1896 1180 1919 eum
1208 1884 1282 1920 Do·
1303 1899 1329 1929 D
1353 1887 1461 1934 αὐτὴν
1488 1889 1613 1931 ζῶσαν.
1639 1882 1739 1926 Εἶδες
1757 1888 1903 1939 δύναμιν
1926 1891 1986 1926 τοῦ
2015 1886 2219 1934 ἀποστόλου,
2250 1887 2381 1936 μᾶλλον

328 1945 580 1985 mini?vidisti
609 1954 739 1996 quanta
768 1943 955 1982 retributio
973 1943 1214 1981 beneficentiae
1245 1944 1281 1982 in

328 2007 475 2056 viduas,
493 2007 600 2045 etiam
623 2006 660 2043 in
687 2005 880 2058 praesenti?
897 2003 995 2051 Quid
1012 2004 1108 2042 enim
1127 2013 1281 2055 tantum,

329 2083 464 2120 quaeso,
482 2067 634 2120 praebuit
653 2066 716 2104 illa
733 2065 868 2116 viduis,
887 2075 1061 2116 quantum
1082 2063 1152 2103 illae
1174 2065 1206 2104 ei
1231 2080 1286 2104 re—

330 2129 555 2182 penderunt?
585 2130 710 2168 Vestes
752 2127 905 2179 praebuit
934 2135 968 2164 et
999 2126 1194 2175 alimenta,
1223 2126 1287 2165 sed

331 2190 403 2227 illae
419 2189 467 2227 ad
484 2189 597 2227 vitam
615 2188 706 2225 hanc
723 2187 957 2235 reduxerunt,
974 2197 1008 2225 et
1025 2196 1173 2225 mortem
1188 2187 1234 2225 ab
1246 2201 1286 2225 ea

333 2253 503 2303 fugarunt
525 2267 533 2287 :
554 2253 626 2288 imo
646 2263 714 2287 non
734 2249 806 2286 illae
821 2279 832 2298 ,
859 2247 920 2286 sed
940 2248 1091 2286 clemens
1112 2248 1287 2286 Dominus

335 2322 452 2350 noster
482 2320 626 2364 propter
657 2323 779 2347 curam
809 2323 917 2359 quam
947 2308 1018 2345 illis
1054 2308 1286 2360 impenderat.

336 2373 490 2412 Vidistis
510 2371 693 2424 pharmaci
717 2370 920 2422 potentiam,
939 2369 1190 2407 dilectissimi?
1214 2370 1290 2407 Hoc

336 2448 456 2472 omnes
470 2433 661 2485 nobisipsis
681 2445 846 2484 paremus
865 2446 870 2466 :
890 2445 1002 2481 neque
1017 2430 1111 2468 enim
1127 2440 1288 2469 sumtuo-

337 2510 417 2533 sum
437 2504 487 2532 est
501 2524 512 2544 ,
530 2493 697 2544 quamvis
720 2501 822 2530 tantae
852 2491 896 2529 sit
914 2491 1072 2539 virtutis,
1089 2491 1153 2529 sed
1171 2501 1206 2529 ct
1226 2492 1291 2530 vili

1351 1949 1387 1988 δὲ
1407 1953 1467 1988 τοῦ
1488 1952 1704 2002 ἐνεργοῦντος
1723 1953 1757 1989 ἐν
1783 1952 1878 2003 αὐτῷ
1897 1949 2100 1996 Δεσπότου;
2120 1942 2207 1991 εἶδες
2227 1948 2292 1995 ὅση
2320 1951 2383 1994 τ’ῆς

1352 2013 1398 2055 εἷς
1423 2011 1485 2055 τὰς
1513 2011 1627 2063 χήρας
1659 2011 1813 2054 εὐποιίας
1841 2010 1972 2062 &smne->1
2003 2010 2064 2049 καὶ
2091 2013 2126 2048 ἐν
2154 2011 2204 2062 τῷ
2236 2009 2383 2061 παρόντι

1352 2075 1465 2126 καιρῷ
1484 2071 1621 2123 γένονε,
1637 2074 1670 2110 T
1674 2071 1684 2108 ί
1704 2072 1771 2125 γὰρ
1801 2076 1976 2120 τοσοῦτον,
2005 2071 2081 2110 εἶπέ
2101 2087 2178 2121 μοι,
2208 2070 2383 2123 παρέσχεν

1354 2132 1440 2180 αὕτη
1476 2138 1553 2176 ταῖς
1589 2133 1737 2184 χήραις,
1767 2134 1845 2171 ὅσον
1886 2128 1988 2171 αὗται
2025 2132 2131 2179 αὐτὴν
2168 2131 2386 2184 ἠμείψαντο;

1353 2193 1496 2244 Ἱμάτια
1512 2193 1669 2246 παρέσχε
1690 2195 1750 2231 καὶ
1773 2194 1900 2246 τροφὰς
1920 2196 2054 2240 αὐταῖς,
2081 2194 2158 2231 ἀλλ’
2176 2187 2278 2231 αὗται
2299 2192 2385 2246 πρὸς

1354 2254 1445 2301 ζωὴν
1474 2254 1580 2300 αὐτὴν
1613 2255 1855 2307 ἐπανήγαγον,
1879 2255 2017 2293 καὶτὸν
2047 2254 2194 2292 θάνατον
2222 2253 2257 2297 ἐξ
2278 2255 2384 2299 αὐτῆς

1356 2315 1587 2367 δραπετεῧσαι
1608 2315 1774 2361 ἐποίησαν
1793 2331 1800 2338 ·
1823 2316 1955 2366 μᾶλλον
1977 2315 2012 2354 δὲ
2043 2316 2108 2367 οὐχ
2138 2309 2260 2362 αὗται,
2296 2313 2385 2352 ἀλλὰ

1358 2376 1415 2414 διὰ
1436 2375 1498 2423 τὴν
1519 2378 1566 2419 εἷς
1587 2376 1714 2420 ταύτας
1746 2376 1931 2428 Θεραπείαν
1964 2379 1982 2414 ὁ
2013 2376 2255 2428 φιλάνθρωπος
2284 2377 2386 2426 ἡμῶν

1359 2436 1550 2484 Δεσπότης.
1597 2438 1716 2476 Εἴδετε
1754 2438 1938 2490 φαρμάκου
1984 2437 2130 2487 δύναμιν
2145 2467 2154 2484 ,
2193 2435 2368 2488 ἀγαπητοί
2376 2452 2386 2483 ;

1359 2499 1392 2535 Τ
1395 2502 1472 2536 οῧτο
1488 2498 1614 2542 πάντες
1633 2501 1768 2542 ἑαυτοῖς
1788 2498 2108 2548 κατασκευάσωμεν
2123 2512 2130 2520 ·
2151 2497 2227 2535 οὐδὲ
2245 2496 2311 2548 γὰρ
2328 2512 2389 2534 πο-

155 2556 321 2613 ξιρριηοεγ-
337 2556 466 2594 elnjtur
481 2585 490 2603 ‚
513 2569 576 2592 nec
603 2555 716 2591 multo
746 2561 867 2591 sumtu
896 2552 1043 2603 indiget.
1076 2553 1291 2604 Magnitudo
1313 2565 1338 2596 Ε
1359 2559 1498 2604 λυτελές
1525 2561 1617 2606 ἐστι,
1641 2560 1754 2598 καίτοι
1773 2576 1813 2611 γε
1834 2559 2005 2606 τοσαύτην
2032 2559 2110 2610 ἔγον
2130 2558 2193 2604 τὴν
2220 2557 2387 2607 δύναμιν,

136 2608 322 2666 J'Jlomfffnsli}
337 2618 429 2656 euim
459 2617 690 2668 eleemosynae
719 2614 834 2652 nonin
848 2612 1078 2651 multitudine
1119 2615 1292 2666 pecunia·
2064 2604 2074 2611 .

135 2681 291 2718 P⁰¹¹1¹³¹¹¹¹s=
337 2694 417 2716 rum
438 2678 495 2716 vel
511 2691 619 2729 opum
636 2676 701 2714 sita
718 2674 858 2722 est,sed
873 2688 917 2712 ex
933 2673 1114 2712 alacritate
1129 2674 1294 2713 dantium

137 2732 250 2760 MfflW·
276 2739 526 2791 ¹⁰·judicatur.
555 2740 702 2789 Propter
726 2737 795 2774 hoc
813 2745 847 2773 et
870 2735 933 2786 qui
954 2745 1077 2787 potum
1105 2751 1204 2787 aquae
1227 2738 1291 2775 fri-

137 2773 189 2811 42.

138 2816 209 2842 Luc.
230 2823 278 2842 ει,
294 2822 322 2842 2.
339 2801 430 2853 gidae
451 2799 565 2847 (ledit,
598 2807 761 2850 acceptus
791 2806 862 2845 cst,
884 2810 1019 2834 necnon
1049 2811 1091 2834 ea
1120 2812 1199 2848 quae
1221 2798 1293 2837 duo

1362 2620 1452 2658 ἀλλὰ
1477 2621 1537 2659 καὶ
1563 2621 1693 2674 σφόδρα
1726 2620 1873 2668 εὔωνον,
1901 2620 1959 2658 καὶ
1985 2619 2062 2657 οὔτε
2093 2619 2252 2665 δαπάνης
2278 2619 2388 2656 δεῖται

1363 2683 1504 2727 πολλῆς.
1523 2683 1575 2720 Τὸ
1593 2682 1660 2734 γὰρ
1680 2685 1742 2728 ’.ἧς
1763 2681 1998 2733 ἐλεημοσύνης
2027 2679 2168 2731 μέγεθος
2194 2682 2255 2719 οὐκ
2285 2682 2319 2718 ἐν
2338 2682 2388 2732 τῷ

1364 2743 1488 2789 πλήθει
1505 2746 1572 2780 τῶν
1594 2743 1788 2794 χρημάτων
1808 2743 1985 2795 κρίνεται,
2003 2742 2080 2779 ἀλλ’
2099 2743 2134 2779 ἐν
2152 2744 2194 2792 τῇ
2212 2741 2389 2794 προθυμία

1364 2806 1431 2841 τῶν
1454 2804 1626 2842 διδόντων.
1647 2804 1715 2842 Διὰ
1737 2808 1836 2843 τοῦτο
1852 2804 1911 2842 καὶ
1928 2807 1945 2841 ὁ
1967 2803 2131 2854 ποτήριον
2157 2804 2289 2854 ψυχροῦ
2312 2801 2389 2845 δοὺς

340 2862 475 2899 minuta
492 2861 526 2898 in
546 2860 737 2897 corbonam
756 2859 868 2907 misit,
891 2867 930 2895 ut
943 2857 1137 2905 discamus,
1158 2859 1292 2911 ubique

338 2932 468 2961 rectam
484 2930 633 2959 mentem
650 2920 783 2971 requiri
799 2920 844 2957 ab
860 2919 1111 2957 universorum
1122 2920 1290 2959 Domino.

339 2984 431 3022 Fieri
458 2991 573 3035 potest
597 2991 635 3019 ut
656 2981 717 3031 qui
744 2995 870 3033 parum
890 2981 1012 3030 hahet,
1034 2995 1200 3031 magnam
1219 2997 1291 3034 prae

340 3059 375 3082 se
391 3044 479 3081 ferat
494 3042 754 3087 liberalitatem,
778 3041 806 3078 si
824 3055 951 3090 magna
971 3041 1066 3079 valet
1082 3042 1263 3080 alacritate
1280 3059 1288 3080 :

341 3114 373 3143 ct
399 3104 458 3155 qui
483 3103 595 3140 multa
626 3102 794 3154 possidet,
824 3101 940 3138 minor
967 3101 1134 3140 videatur
1166 3103 1208 3141 iis
1230 3104 1291 3154 qui

341 3179 469 3218 parum
487 3163 638 3209 habent,
659 3172 802 3214 propter
832 3162 967 3199 sordidi
991 3163 1099 3201 animi
1121 3165 1290 3202 tenacita-

342 3236 424 3264 tem.
459 3223 697 3262 Effuudamus
740 3223 876 3273 igitur,
921 3238 1039 3273 quaeso
1056 3254 1065 3271 ‚
1108 3225 1292 3264 facultates

1363 2866 1548 2908 ἀπόδεκτος
1569 2865 1709 2917 γέγονε,
1730 2866 1788 2903 καὶ
1807 2869 1829 2912 ἡ
1846 2865 1889 2903 τὰ
1913 2865 1972 2903 ’δύο
1997 2864 2107 2902 λεπτὰ
2127 2863 2388 2911 καταὸαλοῦσα,

1362 2926 1419 2964 ἵνα
1441 2926 1606 2977 μοίΟωμεν
1634 2926 1687 2964 ὅτι
1705 2930 1886 2979 πανταχοῦ
1913 2925 2056 2978 γνώμην
2077 2925 2180 2977 ὀρθὴν
2200 2926 2354 2971 ἐπιζητεῖ
2370 2927 2388 2962 ὁ

1362 2991 1430 3026 τῶν
1458 2988 1620 3026 ἁπάντων
1649 2988 1841 3035 Δεσπότης.
1873 2986 1978 3026 Ἔστι
2009 2986 2176 3028 πολλάκις
2204 2985 2262 3023 καὶΙ
2288 2985 2388 3037 ὀλίγα

1363 3049 1488 3101 ἔχοντα
1516 3048 1647 3095 πολλὴν
1675 3048 1738 3095 τὴν
1759 3049 1942 3101 δαψίλειαν
1961 3051 2023 3093 τῆς
2044 3046 2279 3097 ἐλεημοσύνης
2309 3048 2388 3084 ἐπι-

1364 3110 1548 3158 δείξασθαι,
1566 3112 1648 3148 ὅταν
1664 3104 1687 3161 ἦ
1706 3113 1728 3155 ἡ
1748 3110 1923 3162 προθυμία
1941 3108 2122 3162 ἐρρωμένη
2136 3124 2143 3131 ·
2156 3108 2214 3146 καὶ
2229 3108 2334 3146 πάλιν
2348 3107 2388 3145 τὸ

1365 3172 1528 3218 ἐναντίον,
1544 3171 1616 3210 ἔστι
1631 3171 1690 3209 καὶ
1704 3171 1817 3209 πολλὰ
1833 3170 2045 3221 κεκτημένον
2061 3169 2227 3207 ἐλάττονα
2242 3170 2388 3220 ὀφθῆναι

1301 3263 1349 3288 557
1363 3235 1430 3270 τῶν
1451 3234 1550 3285 ὀλίγα
1563 3233 1712 3284 ἐχόντων
1731 3232 1787 3270 διὰ
1800 3232 1862 3278 τὴν
1878 3235 1940 3278 τ’ἧς
1960 3231 2047 3274 ἰδίας
2064 3230 2207 3282 γνώμης
2225 3231 2388 3281 μικρολο-

340 3297 476 3326 nostras
492 3285 526 3322 in
541 3298 666 3335 egenos
683 3293 797 3321 mente
812 3283 966 3332 liberali,
980 3299 1024 3322 ex
1039 3285 1082 3322 iis
1097 3300 1174 3336 quae
1188 3287 1290 3326 nobis
1314 3301 1338 3329 Α
1361 3293 1451 3346 752⁹·
1474 3293 1679 3345 Ἰςχγέωμεν
1699 3287 1776 3341 Οῧν,
1793 3294 2001 3344 παρακαλῶ,
2019 3291 2063 3330 τὰ
2082 3292 2165 3330 ὄντα
2189 3293 2235 3334 εἰς
2257 3290 2333 3334 τοὺς
2352 3292 2386 3328 ἐν

339 3347 513 3385 Dominus
524 3343 624 3383 dedit
639 3360 646 3380 :
661 3353 693 3381 ct
714 3358 791 3394 qua:
807 3344 906 3382 abeo
920 3345 1002 3383 data
1019 3355 1113 3395 sunt,
1133 3347 1202 3400 ipsi
1224 3349 1287 3387 ite-

341 3429 417 3452 ruin
443 3413 590 3455 demus,
626 3421 660 3449 ut
688 3411 737 3448 sic
768 3411 894 3449 iterum
929 3421 1043 3450 nostra
1072 3428 1151 3452 cum
1183 3415 1282 3454 lucro

1359 3356 1463 3409 χρεία
1476 3356 1576 3398 ὄντας
1592 3356 1680 3405 μετὰ
1698 3356 1862 3406 δαψιλοῦς
1879 3353 2034 3405 γνώμης,
2054 3353 2088 3397 ἐξ
2108 3347 2154 3390 ὧν
2170 3356 2187 3390 δ
2206 3351 2386 3397 Δεσπότης

1357 3422 1440 3468 ἡμῖν
1463 3417 1690 3467 κεχάρισται,
1711 3416 1770 3453 καὶ
1797 3415 1883 3453 αὐτὰ
1913 3414 1956 3453 τὰ
1985 3417 2068 3465 παρ’
2097 3416 2198 3452 αὐτοῦ
2219 3416 2302 3463 ἡμῖν
2324 3413 2383 3450 δο-
