2516 3791
274 168 362 226 740
675 180 713 210 S.
751 180 935 211 JOANMS
971 178 1213 209 CHRYSOST.
1252 177 1455 206 ARCHIEP.
1494 176 1852 206 CONSTANTINOP·

269 266 475 315 repositum
491 271 545 301 est
560 279 569 299 .·
586 263 687 314 quasi
705 262 813 311 dicat,
825 261 890 300 Ille
907 261 963 299 cui
981 258 1218 312 praeparatum
1292 258 1363 296 Καὶ
1378 259 1494 301 καλῶς
1514 251 1624 305 εἶπεν,
1643 257 1739 302 Ἕως
1755 258 1794 295 ἃν
1810 258 1911 310 ἔλθη,
1929 251 1957 310 ᾧ
1972 258 2170 296 ἀπόκειται·
2193 257 2311 311 ἐκείνῳ

270 331 321 361 est
357 335 506 373 regnum
537 336 544 357 :
573 330 758 373 propterea
794 321 882 371 Ipse
909 327 964 355 est
984 317 1218 367 exspectatio
1291 319 1414 371 φησὶν,
1445 313 1473 372 ᾧ
1510 319 1818 370 προητοιμασμένη
1840 324 1861 367 ἡ
1883 318 2062 371 βασιλεία·
2095 319 2181 358 διότι
2202 319 2313 362 Αὐτός

268 385 451 435 gentium.
474 381 572 421 Vide
585 380 761 432 quomodo
777 380 853 430 jam
866 374 954 415 dicit
973 377 1079 414 etiam
1099 384 1218 427 gentes
1292 382 1383 418 ἐστιν
1402 383 1424 426 ἦ
1441 379 1632 431 προσδοκία
1649 383 1718 417 τῶν
1747 381 1864 419 ἐθνῶν,
1885 379 1983 434 ‘¹090‘
2015 383 2089 425 πῶς
2118 381 2185 426 ἤδη
2221 380 2315 431 λέγει

268 444 382 481 salute
408 441 600 480 donandas.
624 443 678 478 Et
709 443 788 491 ipse
813 441 898 485 erit,
934 436 1064 488 inquit,
1088 450 1218 488 e-YSpe-
1292 441 1352 478 καὶ
1368 440 1431 487 τὴν
1455 440 1650 491 μέλλουσαν
1670 443 1738 478 τῶν
1759 443 1863 479 ἐθνῶν
1887 441 2225 494 ἔσεσθαισωτηρίαν.
2244 440 2315 478 Καὶ

267 508 386 543 etacio
403 507 587 555 gentium.
605 502 721 553 Hujus
741 499 934 538 adventum
955 507 1074 550 gentes
1095 512 1219 550 exspe-
1293 502 1393 545 αὐτὸς
1409 501 1525 549 ἔσται,
1545 501 1649 553 φησὶ,
1667 501 1860 552 προσδοκία
1880 504 1949 539 τῶν
1970 504 2086 539 ἐθνῶν.
2102 501 2179 548 Τὴν
2196 500 2317 539 τούτου

268 575 375 604 etant.
399 566 460 601 11.
482 565 627 615 Ligans
647 563 701 599 ad
721 564 842 598 vitem
863 561 1016 612 pullum
1035 573 1161 606 suum,
1184 566 1220 596 et
1291 562 1484 616 παρουσίαν
1503 562 1549 601 τὰ
1572 562 1651 609 ἔθνη
1671 563 1859 615 προσδοκᾷ.
1879 561 2076 612 Δεσμεύων,
2103 562 2209 613 φησὶ,
2232 561 2318 613 πρὸς

271 628 324 664 ad
341 626 541 677 palmitem
554 624 708 675 pullum
733 625 854 660 asinoe
873 635 965 659 suoe.
989 623 1057 659 Per
1078 620 1221 673 pullum
1294 624 1450 674 ἄμπελον
1469 624 1526 661 τὸν
1556 625 1671 661 πῶλον
1695 625 1817 671 αὐτοῦ,
1837 623 1897 661 καὶ
1923 626 1966 674 τῇ
1996 622 2086 659 ἕλικι
2116 623 2173 660 τὸν
2201 624 2318 660 πῶλον

269 687 399 724 iterum
430 684 589 736 gentium
621 682 798 734 significat
841 681 1102 720 adductionem.
1128 683 1219 719 Nam
1293 688 1355 731 τῆς
1373 685 1448 723 ὄνου
1465 688 1569 723 αὐτοῦ
1587 701 1594 708 ·
1624 684 1681 727 διὰ
1698 687 1756 722 τοῦ
1783 683 1900 722 πώλου
1920 685 2028 721 πάλιν
2044 683 2106 730 τὴν
2128 686 2197 721 τῶν
2213 685 2317 721 ἐθνῶν

271 746 353 797 quia
377 746 498 783 asinus
524 743 750 782 immundum
775 752 848 781 erat
872 743 1018 790 animal,
1035 752 1222 795 propterea
1294 745 1502 798 προμηνύων
1536 746 1782 799 npoca-(orsrjv.
1823 744 1970 791 Ἐπειδὴ
2013 744 2081 797 γὰρ
2125 744 2318 796 ἀκάθαρτον

269 807 356 844 dicit
375 823 382 842 :
398 806 473 844 Illae
500 804 694 843 immundae
711 814 830 856 gentes
843 817 926 841 eum
944 813 1040 842 tanta
1055 804 1222 841 facilitate
1295 806 1379 848 ζῶον
1408 807 1426 842 ὃ
1453 805 1526 848 ὄνος
1542 835 1551 853 ,
1585 804 1642 842 διὰ
1663 804 1762 842 τοῦτό
1790 820 1893 857 φησιν
1906 819 1913 827 ·
1940 806 2053 842 ἐκεῖνα
2071 803 2115 842 τὰ
2138 803 2318 855 ἀκάθαρτα

269 867 504 916 adducentur,
516 866 614 918 quasi
630 866 709 917 quis
721 865 766 903 ad
779 864 963 917 palmitem
983 864 1070 903 vitis
1083 865 1223 902 asinum
1295 865 1374 912 ἔθνη
1411 866 1498 916 μετὰ
1525 865 1693 912 τοσαύτης
1712 865 1869 909 εὐκολίας
1899 864 2027 913 ἐνοίξει,
2050 867 2096 909 ὡς
2129 865 2169 902 ἄν
2197 880 2249 907 τις
2275 867 2318 915 τῇ

269 929 390 979 alliget
407 944 414 964 :
432 927 539 966 simul
561 927 746 964 insinuans
773 934 807 963 et
837 925 1019 977 potestatis
1048 924 1224 963 excellen-
1248 929 1272 959 D
1295 925 1387 964 ἕλικι
1412 928 1475 971 τῆς
1492 926 1650 977 ἀμπέλου
1669 927 1726 964 τον
1742 928 1857 965 πῶλον
1872 925 2053 978 προσδῆση
2066 955 2076 972 ,
2092 929 2154 971 τῆς
2169 924 2321 968 ἐξουσίας

273 990 359 1027 tiam
374 998 407 1027 et
422 988 581 1040 gentium
600 985 850 1025 obedientiam.
863 987 1003 1036 Magnae
1017 985 1112 1022 enim
1127 999 1225 1022 man·
1296 986 1359 1033 τὴν
1382 986 1577 1036 ὓπερὸολὴν
1598 987 1851 1038 αἰνιττόμενος,
1870 987 1930 1025 καὶ
1945 990 2013 1024 τῶν
2028 989 2132 1024 ἐθνῶν
2151 985 2214 1032 τὴν
2236 987 2320 1023 πολ-

273 1050 470 1088 suetudinis
493 1059 559 1099 est,
580 1047 676 1099 quod
705 1047 826 1085 asinus
845 1046 1001 1098 patiatur
1020 1060 1056 1084 se
1075 1046 1124 1084 ad
1148 1047 1226 1098 pal·
1295 1047 1359 1095 λὴν
1380 1048 1553 1094 ὑπακοήν.
1586 1049 1727 1094 Πολλῆς
1751 1049 1819 1102 γάρ
1846 1051 1918 1086 ἐστι
1936 1052 1998 1094 τῆς
2018 1047 2232 1100 ἡμερότητος
2263 1050 2321 1084 τοῦ

272 1110 393 1147 mitem
415 1109 500 1147 vitis
519 1108 639 1160 ligari.
662 1107 742 1147 Viti
768 1115 887 1144 autem
907 1120 1009 1143 suam
1027 1105 1227 1144 doctrinam
1296 1108 1372 1146 ὄνου
1394 1108 1434 1146 τὸ
1452 1108 1634 1160 ἀνέχεσθαι
1655 1111 1697 1159 τῇ
1720 1107 1811 1146 ἕλικι
1830 1111 1892 1154 τῆς
1907 1108 2063 1159 ἀμπέλου
2079 1108 2320 1160 προσδεθῆναι.

72 1198 162 1226 hum·
179 1195 258 1226 154·
275 1180 455 1223 comparat
478 1186 486 1206 :
513 1172 597 1222 Ego
617 1168 713 1206 enim
731 1181 830 1219 sum,
854 1167 980 1218 inquit7
999 1170 1094 1205 vitis
1110 1182 1222 1215 vera,
1333 1172 1355 1220 ῆ
1379 1172 1474 1220 ἀμπε
1499 1185 1526 1221 ῳ
1559 1168 1594 1207 δὲ
1619 1168 1812 1222 παρείκασε
1843 1168 1907 1214 τὴν
1927 1168 2054 1206 οἰκείαν
2084 1166 2320 1206 διδασκαλίαν·

276 1242 311 1271 et
337 1241 450 1284 pater
480 1245 585 1269 meus
613 1230 787 1282 agricola
817 1239 886 1267 est.
912 1228 1078 1267 Palmites
1110 1239 1229 1267 autem
1298 1230 1394 1283 Ἐγὼ
1415 1230 1482 1282 γάρ
1502 1232 1594 1281 εἰμι,
1614 1230 1736 1283 ςιησὶν,
1759 1234 1781 1277 ἦ
1803 1229 1954 1280 ἄμπελος
1979 1233 2000 1277 ἡ
2032 1228 2200 1276 ἀληθινὴ,
2220 1228 2278 1266 καὶ
2305 1232 2323 1267 ὁ

275 1293 420 1333 vocavit
440 1291 714 1330 teneritudinem
734 1299 1006 1343 praeceptorum,
1025 1299 1057 1328 et
1078 1290 1228 1328 facilita—
1298 1292 1416 1345 πατήρ
1445 1308 1511 1342 μου
1534 1294 1552 1329 ὁ
1580 1290 1730 1344 γεωργός
1757 1293 1862 1329 ἐστιν.
1887 1289 2036 1335 ’Έλικας
2058 1290 2094 1329 δὲ
2121 1290 2264 1329 ἐκάλεσε
2285 1291 2324 1329 τὸ

276 1363 348 1392 tem
369 1354 458 1404 legis
476 1352 626 1391 ferendae
651 1368 657 1388 :
681 1361 719 1389 ut
731 1352 808 1403 jam
818 1351 1006 1402 praesignet
1020 1361 1138 1402 gentes
1153 1366 1228 1390 ma·
1299 1354 1432 1392 ἇπαλὸν
1458 1356 1527 1391 τῶν
1547 1353 1827 1405 προσταγμάτων
1858 1353 1917 1391 καὶ
1949 1356 2018 1391 τῶν
2050 1355 2258 1403 νομοθεσιῶν
2285 1352 2324 1390 τὸ

277 1415 332 1466 gis
368 1414 531 1452 credulas
565 1414 651 1461 fore,
675 1426 783 1463 quam
810 1411 964 1450 Judaeos.
990 1413 1155 1450 Lavabit
1187 1416 1229 1450 in
1301 1414 1456 1453 εὔκολον·
1482 1412 1539 1451 ἵνα
1564 1413 1632 1460 ἤδη
1657 1413 1885 1467 προμηνύοῃ,
1905 1413 1958 1452 ὅτι
1991 1412 2035 1451 τὰ
2059 1412 2138 1459 ἔθνη
2167 1412 2322 1451 εὐπειθέ-

276 1479 372 1513 vino
392 1475 534 1514 stolam
559 1488 685 1525 suam,
702 1483 738 1512 et
761 1476 803 1511 in
824 1475 1014 1526 sanguine
1032 1487 1116 1512 avoe
1132 1477 1228 1512 ami·
1300 1491 1406 1528 στερα
1431 1473 1562 1513 τούτων
1581 1474 1776 1526 γενήσεται.
1804 1476 1932 1512 Πλυνεῖ
1954 1476 1987 1512 ἐν
2007 1473 2087 1525 οἴνῳ
2116 1472 2178 1520 τὴν
2200 1472 2323 1520 στολὴν

276 1544 380 1573 etum
400 1549 529 1573 suum.
896 1576 899 1577 ⁷
1252 1554 1278 1585 E
1301 1537 1424 1583 αὐτοῦ,
1443 1536 1503 1574 καὶ
1519 1537 1554 1574 ἐν
1576 1535 1699 1585 αἵματι
1725 1537 1901 1589 σταφυλῆς
1925 1534 1988 1582 τὴν
2005 1533 2192 1587 περιὸολὴν
2210 1536 2324 1572 αὐτοῦ.

327 1603 366 1639 5.
397 1600 494 1640 Vide
524 1599 703 1651 quomodo
740 1599 841 1636 nobis
872 1607 989 1637 totum
1019 1599 1230 1652 mysterium
1352 1595 1451 1648 ‘'Opa
1475 1599 1549 1640 πῶς
1577 1597 1669 1636 ἅπαν
1700 1600 1785 1647 ἡμῖν
1805 1597 1846 1634 τὸ
1873 1596 2061 1649 μυστήριον
2084 1598 2229 1634 ἐνταῦθα
2250 1594 2327 1645 ᾐνί-

277 1661 481 1699 insinuavit.
496 1660 621 1698 Sciunt
638 1659 700 1710 qui
722 1658 852 1696 initiati
870 1668 968 1709 sunt,
979 1659 1077 1710 quod
1093 1659 1231 1698 dictum
1302 1657 1396 1701 ξατο.
1415 1656 1551 1695 Ἴσασιν
1574 1660 1606 1695 οἱ
1627 1656 1844 1708 μεμυημένοι
1860 1657 1900 1695 τὸ
1918 1656 2102 1708 λεγόμενον
2115 1671 2123 1679 ·
2144 1657 2274 1693 Πλυνεῖ
2292 1657 2326 1693 ἐν

278 1732 328 1760 est
348 1737 356 1758 z
378 1723 546 1759 Lavabit
573 1723 615 1758 in
642 1722 738 1757 vino
774 1720 917 1757 stolam
945 1734 1070 1758 suam.
1094 1720 1230 1758 Stolam
1302 1717 1383 1769 οἴνῳ
1400 1717 1463 1764 τὴν
1483 1717 1608 1763 στολὴν
1631 1720 1753 1755 αὐτοῦ·
1782 1717 1920 1765 στολὴν,
1945 1711 2064 1768 οἶμαι,
2085 1717 2125 1755 τὸ
2146 1719 2250 1767 σῶμα
2264 1717 2326 1755 λε’-

278 1792 366 1835 puto
385 1796 514 1833 corpus
535 1780 620 1830 dici,
636 1780 734 1832 quod
763 1789 908 1832 propter
934 1779 1233 1832 dispensationem
1301 1795 1384 1832 γων,
1405 1778 1422 1816 ὃ
1442 1777 1499 1817 διὰ
1520 1778 1582 1825 τὴν
1603 1778 1801 1829 οἰκονομίαν
1816 1778 1959 1832 φορέσαι
1984 1778 2213 1825 κατηξίωσεν.
2238 1771 2328 1817 Εἶτα

279 1843 370 1881 serre
399 1842 572 1894 dignatus
595 1850 657 1879 est.
678 1840 816 1878 Deinde
843 1850 883 1878 ut
905 1840 1096 1892 diligenter
1117 1842 1233 1880 discas
1302 1840 1359 1879 ἵνα
1375 1840 1489 1892 μάθῃς
1508 1840 1661 1894 ἅκριὸῶς
1685 1832 1774 1878 οἶνον
1793 1840 1828 1878 τί
1844 1840 2133 1893 προσηγόρευσεν,
2154 1840 2328 1893 ἐπήγαγε·

280 1904 407 1942 vinum
425 1903 513 1954 quid
527 1902 732 1955 appellavit,
750 1901 898 1940 subdit:
915 1904 970 1940 Et
990 1905 1031 1940 in
1044 1906 1235 1955 sanguine
1305 1901 1375 1940 Καὶ
1395 1904 1428 1940 ἐν
1450 1900 1573 1949 αἵματι
1592 1902 1770 1954 σταφυλῆς
1793 1900 1856 1948 τὴν
1877 1900 2066 1953 περιὸολὴν
2095 1902 2210 1938 αὐτοῦ.
2233 1899 2330 1953 υΟρα

79 1996 250 2024 Mvsierium
282 1980 365 2003 τινας
394 1968 578 2003 ανηὶειιιιη
599 1978 721 2002 suum.
742 1963 838 2004 Vide
853 1963 1032 2014 quomodo
1051 1965 1235 2016 sanguinis
1305 1964 1379 2005 πῶς
1390 1964 1440 2014 ’τῷ
1458 1965 1518 1999 τοῦ
1533 1960 1680 2012 αἵματος
1698 1962 1842 2013 ὀνόματι
1860 1962 1923 2009 τὴν
1940 1960 2074 2014 σφαγὴν
2094 1965 2179 2013 ἡμῖν
2198 1960 2257 2019 Χᾳὶ
2272 1961 2330 2000 τὸν

80 2029 225 2064 michari—
282 2026 423 2063 nomine
452 2040 594 2063 crucem
616 2024 718 2063 nobis
749 2034 781 2062 et
808 2024 1019 2063 occisionem
1047 2025 1234 2076 significet,
1307 2023 1453 2076 σταυρὸν
1470 2021 1632 2074 ᾐνίξατο,
1647 2023 1707 2061 καὶ
1725 2029 1840 2061 πᾶσαν
1854 2025 1921 2060 τῶν
1939 2021 2139 2075 μυστηρίων
2158 2021 2221 2069 τὴν
2243 2024 2332 2060 οἷκο-

81 2079 267 2146 ζὶῐξωξηρῧὶ’
283 2096 316 2124 et
333 2101 471 2124 omnem
492 2085 747 2138 mysteriorum
762 2085 1072 2137 dispensationem.
1086 2088 1147 2123 12
1162 2087 1235 2124 Ju-
1246 2112 1294 2138 539
1307 2083 1442 2133 νομίαν.
1464 2084 1625 2136 Χαροποὶ
1647 2087 1679 2122 οἱ
1715 2083 1887 2136 ὀφθαλμοὶ
1908 2084 2011 2122 αὐτοῦ
2041 2083 2110 2121 ἀπὸ
2137 2083 2246 2131 οἴνου,
2272 2083 2332 2121 καὶ

82 2142 96 2154 ³
190 2140 195 2145 ’
282 2147 484 2184 calidiores
499 2146 602 2183 oculi
617 2147 699 2197 ejus
710 2147 822 2190 vino;
836 2153 872 2182 et
885 2146 1130 2183 candidiores
1144 2147 1235 2183 den-
1261 2151 1285 2179 Α
1307 2145 1423 2183 λευκοὶ
1442 2147 1474 2183 οἱ
1486 2145 1620 2189 ὀδόντες
1637 2147 1739 2184 αὐτοῦ
1753 2145 1776 2191 ἢ
1796 2145 1899 2197 γάλα.
1930 2145 2102 2183 Ἐνταῦθα
2132 2145 2171 2183 τὸ
2189 2144 2331 2196 φαιδρὸν

285 2215 340 2244 tes
361 2209 442 2259 ejus
475 2207 591 2244 laete.
612 2205 681 2241 Hic
703 2205 854 2256 gloriam
873 2205 975 2243 nobis
995 2205 1236 2244 demonstrare
1307 2208 1391 2256 ἡμῖν
1429 2205 1639 2250 ἐνδείξασθαι
1677 2205 1835 2256 βούλεται
1871 2205 1926 2243 διὰ
1951 2208 2014 2250 τῆς
2045 2212 2242 2257 μεταφορᾶς
2275 2210 2334 2244 τοῦ

282 2267 362 2305 vult
377 2282 440 2319 per
456 2266 700 2318 metaphoram
715 2265 790 2303 vini
810 2275 844 2304 et
863 2266 1060 2303 oculorum.
1077 2268 1130 2304 Et
1143 2280 1236 2304 can·
1307 2265 1398 2303 οἴνου
1421 2265 1480 2303 καὶ
1495 2269 1563 2303 τῶν
1587 2267 1789 2318 ὀφθαλμῶν.
1814 2266 1884 2304 Καὶ
1897 2266 2014 2304 λευκοὶ
2033 2267 2064 2303 οἱ
2079 2265 2212 2309 ὀδόντες
2231 2268 2334 2305 αὐτοῦ

284 2329 452 2366 didiores
477 2328 609 2365 dentes
629 2329 712 2380 ejus
739 2327 849 2364 tacte.
867 2325 1050 2364 Justitiam
1068 2327 1184 2377 signat
1204 2336 1237 2365 et
1308 2326 1331 2371 ἢ
1356 2326 1447 2377 γάλα
1460 2342 1467 2349 ·
1489 2326 1530 2364 τὸ
1553 2325 1684 2365 δίκαιον
1707 2327 1767 2365 καὶ
1788 2327 1828 2365 τὸ
1854 2327 2016 2379 λαμπρὸν
2037 2331 2096 2365 τοῦ
2116 2331 2246 2378 κριτοῦ.
2266 2326 2334 2364 Διὰ

285 2388 480 2427 claritatem
496 2387 643 2440 judicis.
665 2388 757 2426 Nam
780 2401 844 2440 per
866 2385 988 2423 dentes
1015 2396 1048 2424 et
1066 2387 1122 2424 lac
1146 2388 1237 2426 nihil
1308 2386 1375 2439 γὰρ
1404 2390 1472 2426 τῶν
1497 2387 1645 2425 ὀδόντων
1663 2388 1723 2426 καὶ
1740 2393 1800 2426 τοῦ
1815 2388 1988 2440 γάλακτος
2006 2387 2100 2425 οὐδὲν
2118 2387 2233 2439 ἕτερον
2249 2390 2334 2438 ἡμῖν

285 2449 386 2487 aliud
405 2449 607 2501 significare
633 2448 712 2486 vult
734 2461 843 2498 quam
873 2447 947 2490 fore
978 2447 1171 2487 candidum
1204 2458 1237 2486 et
1309 2447 1490 2499 σημαίνειν
1513 2448 1712 2495 ἦέουλήθη,
1733 2450 1756 2496 ἦ
1777 2449 1830 2488 ὅτι
1862 2448 1971 2492 οὕτως
1995 2448 2093 2487 ἔσται
2127 2448 2247 2487 λευκὸν
2275 2448 2334 2486 καὶ

286 2511 511 2549 manifestum
531 2509 712 2562 judicium
741 2518 781 2546 ut
805 2517 856 2546 est
888 2508 988 2546 lactis
1015 2518 1049 2546 et
1075 2508 1238 2548 dentium
1308 2508 1492 2562 περιφανὲς
1512 2508 1550 2546 τὸ
1577 2510 1766 2562 κριτήριον,
1783 2510 1941 2562 καθάπερ
1957 2514 1979 2557 ἧ
1999 2513 2058 2548 τοῦ
2081 2510 2254 2561 γάλακτος
2275 2509 2334 2547 καὶ

286 2571 454 2609 conditio.
481 2573 543 2610 15.
575 2571 772 2616 Zabulon,
810 2569 940 2619 inquit,
968 2571 1010 2606 in
1042 2572 1236 2607 maritimo
1308 2573 1376 2607 τῶν
1397 2570 1542 2608 ὀδόντων
1563 2570 1719 2617 ποιότης.
1743 2569 1944 2617 Ζαὸουλὼν,
1959 2571 2059 2622 φησὶ,
2083 2569 2250 2621 παράλιος
2265 2586 2334 2608 κα-

287 2635 495 2680 habitabit,
520 2641 556 2670 et
577 2634 655 2683 ipse
669 2631 776 2683 apud
786 2633 992 2668 stationem
1013 2633 1184 2678 navium,
1201 2640 1238 2669 et
1309 2631 1480 2679 τοικῆσει,
1501 2632 1560 2669 καὶ
1576 2632 1677 2675 αὐτὸς
1691 2631 1776 2683 παρ’
1794 2631 1902 2683 ὅρμον
1920 2630 2134 2679 πλοίων,καὶ
2151 2637 2337 2683 παρατενεῖ

285 2695 513 2732 extendetur
526 2706 645 2744 usque
664 2692 718 2729 ad
734 2692 927 2730 Sidonem.
946 2689 1042 2729 Vide
1059 2690 1237 2741 quomodo
1310 2691 1374 2734 ἕως
1404 2693 1566 2735 Σιδῶνος.
1590 2692 1685 2744 ”Ορα
1712 2695 1786 2736 πῶς
1818 2692 1877 2731 καὶ
1897 2692 2008 2744 τούτῳ
2036 2692 2228 2746 προμηνόει
2256 2691 2335 2729 ἔνθα

286 2764 318 2792 et
345 2755 430 2792 huic
456 2753 619 2806 praedjcit
640 2753 703 2790 ubi
727 2752 953 2790 domicilium
968 2752 1156 2790 habiturus
1181 2752 1237 2802 sit,
1309 2751 1372 2799 τὴν
1392 2752 1527 2799 οἴκησιν
1546 2752 1631 2801 ἕξει,
1651 2752 1710 2790 καὶ
1729 2752 1781 2790 ὅτι
1804 2753 1908 2805 μέχρι
1931 2754 2081 2795 Σιδῶνος
2097 2752 2334 2798 ἐκταθῆσεται.

287 2824 319 2853 et
333 2814 430 2865 quod
445 2828 555 2864 usque
570 2813 615 2851 ad
635 2812 805 2851 Sidonem
820 2812 1041 2851 extendetur.
1062 2813 1122 2850 14.
1135 2815 1238 2851 Issa·
1310 2814 1479 2867 Ἲσσοίχαρ
1506 2816 1545 2853 τὸ
1574 2815 1679 2853 καλὸν
1712 2815 1944 2865 ἐπεθύμησεν,
1974 2813 2236 2864 ἀναπαυόμενος
2271 2812 2337 2851 ἀνὰ

288 2876 385 2912 char
415 2877 557 2911 bonum
585 2874 819 2912 desideravit
832 2903 844 2920 ‚
879 2875 1103 2912 recumbens
1141 2877 1244 2912 inter·
1263 2888 1285 2918 Β
1312 2875 1414 2926 μέσον
1434 2879 1501 2914 τῶν
1518 2876 1655 2928 κλήρων
1667 2891 1674 2898 ·
1690 2875 1748 2913 καὶ
1766 2875 1846 2913 ἰδὼν
1865 2875 1927 2922 τὴν
1946 2875 2140 2914 ἀνάπαυσιν
2155 2873 2209 2912 ὅτι
2228 2873 2338 2920 καλὴ,

290 2944 410 2974 sortes
433 2950 443 2970 .·
467 2935 529 2972 15.
565 2943 601 2972 et
630 2935 767 2972 videns
793 2936 964 2986 requiem
991 2935 1096 2986 quod
1123 2936 1238 2980 bona,
1311 2936 1371 2975 καὶ
1391 2936 1453 2984 τὴν
1476 2940 1540 2988 γῆν
1555 2937 1608 2975 ὅτι
1630 2936 1732 2980 πίων,
1750 2937 1901 2984 ὑπέθηκε
1919 2937 1976 2975 τὸν
1993 2930 2088 2985 ῶμον
2111 2937 2213 2973 αὐτοῦ
2234 2937 2281 2978 εἷς
2300 2934 2339 2972 τὸ

290 3005 327 3034 et
356 3005 499 3033 terram
519 2996 623 3048 quod
640 2997 807 3047 pinguis,
827 2997 1023 3046 supposuit
1043 2996 1243 3033 humerum
1310 3003 1438 3046 πονεῖν,
1459 2998 1517 3036 καὶ
1548 2997 1681 3049 ἐγένετο
1717 2997 1806 3049 ἀνὴρ
1837 2997 2000 3050 γεωργός.
2018 2996 2180 3034 Ἐπαινεῖ
2206 3000 2338 3042 τοῦτον,

290 3070 401 3094 suum
417 3057 471 3093 ad
492 3056 763 3102 laborandum,
781 3064 817 3093 et
820 3057 960 3108 factus
981 3064 1036 3094 est
1057 3059 1121 3094 vir
1141 3058 1243 3108 agri-
1311 3060 1357 3103 ὡς
1377 3057 1440 3105 τὴν
1466 3062 1527 3105 τῆς
1556 3062 1619 3110 γῆς
1639 3058 1805 3111 ἐργασίαν
1834 3058 1994 3108 ἑλόμενον
2007 3085 2016 3102 ,
2042 3056 2156 3095 καὶτὸ
2174 3055 2255 3107 περὶ
2274 3055 2337 3102 τὴν

291 3117 392 3154 cola.
432 3115 570 3153 Laudat
600 3115 695 3153 hunc
737 3115 833 3166 quod
869 3117 1106 3168 operationem
1143 3125 1243 3154 terrae
1312 3122 1375 3170 γῆν
1401 3123 1578 3158 πονεῖσθαι
1601 3120 1740 3158 πάντων
1757 3116 2049 3171 προτετιμηκότα.
2069 3115 2141 3153 saw
2158 3121 2267 3169 κρινεῖ
2281 3115 2338 3153 τὸν

291 3177 456 3227 elegerit,
490 3186 523 3214 ct
564 3176 655 3213 hanc
703 3176 868 3214 omnibus
914 3176 993 3215 aliis
1030 3177 1240 3229 praetulerit.
1313 3182 1433 3217 ἑαυτοῦ
1450 3180 1551 3228 λαὸν,
1576 3180 1659 3218 ὡσεὶ
1686 3180 1745 3217 καὶ
1769 3179 1832 3229 μία
1854 3177 1943 3230 φυλὴ
1962 3180 1995 3215 ἐν
2018 3176 2172 3229 Ἰσραήλ.
2195 3174 2266 3213 Καὶ
2284 3190 2339 3226 γε·

293 3241 354 3275 w.
377 3238 671 3289 Danjudicabit
682 3238 865 3288 populum
877 3241 1244 3284 suum,si611tetuna
1313 3240 1452 3287 νηθήτω
1467 3241 1538 3279 Δὰν
1559 3241 1633 3292 ὄφις
1653 3242 1702 3292 ἐφ’
1734 3241 1832 3285 ὁδοῦ,
1856 3238 2087 3290 ἐγκαθήμενος
2113 3236 2170 3274 ἐπὶ
2198 3234 2339 3287 τρίδου,

293 3302 412 3336 tribus
440 3302 480 3335 in
504 3298 640 3335 Israel.
670 3300 728 3334 17.
760 3299 897 3349 Etfiat
921 3300 1012 3336 Dan
1029 3313 1182 3350 serpens
1202 3303 1243 3337 in
1314 3300 1448 3338 δάκνων
1465 3300 1612 3352 πτέρναν
1634 3299 1758 3338 ἵππου·
1786 3298 1845 3336 καὶ
1872 3303 2030 3335 πεσεῖται
2049 3298 2066 3333 ὁ
2086 3294 2211 3339 ἱππεὺς
2229 3297 2275 3337 εἰς
2294 3294 2338 3331 τὰ

299 3364 375 3406 via,
400 3361 568 3398 insidens
601 3361 641 3396 in
666 3362 816 3403 semita,
846 3361 1022 3399 mordens
1054 3362 1237 3413 ungulam
1313 3361 1472 3408 ὀπίσθια,
1502 3361 1562 3408 τὴν
1580 3359 1754 3412 σωτηρίαν
1773 3358 1966 3410 περιμένων
1990 3357 2129 3408 Κυρίου.
2144 3355 2338 3406 Θαυμάσαι
