2516 3791
681 187 723 217 tN
762 187 862 217 (tow.
906 185 1058 216 xxxut.

118 277 186 318 Καὶ
201 272 346 322 ἔστησεν
370 275 460 320 ἐκεῖ,
476 272 563 324 φησὶ
575 300 585 317 ,
605 271 848 322 θυσιαστήριον
861 299 870 315 ,
891 271 950 309 καὶ
969 268 1134 308 ἐπεκαλέ-

116 353 200 377 σατο
212 337 270 375 τὸν
286 335 375 373 Θεὸν
387 337 447 372 τοῦ
467 332 628 385 Ἰσραήλ·
646 331 706 370 καὶ
724 337 784 370 τοῦ
802 334 909 385 ἀγροῦ
927 330 989 378 τὴν
1011 329 1135 383 μερίδα
1147 361 1194 386 ⁶71

115 399 156 436 δι’
181 396 275 436 οὐδὲν
317 395 430 446 ἕτερον
464 393 643 441 ὠνήσατο,
669 392 691 438 ἢ
726 392 783 430 ἵνα
818 392 880 435 τὰς
914 390 1137 444 εὐχαριστίας
1161 398 1183 426 Λ

113 457 276 508 ἀνενέγκῃ
293 458 344 509 τῷ
359 458 462 509 κοινῷ
484 455 624 493 πάντων
641 453 815 505 Δεσπότῃ.
832 455 964 491 Τοῦτον
980 452 1138 493 ἅπαντας

111 520 218 571 ἐχρῆν
247 519 371 564 ζηλοῦν
391 516 469 559 τοὺς
493 517 528 554 ἓν
549 518 592 567 τῇ
612 515 732 568 χάριτι
755 514 812 552 τὸν
838 515 906 566 πρὸ
932 516 992 551 τοῦ
1014 512 1135 563 νόμου,

111 579 169 616 καὶ
191 577 239 629 μὴ
262 577 353 615 οὕτω
374 576 557 628 μαίνεσθαι
573 575 653 627 περὶ
667 575 731 622 τὴν
753 578 821 614 τῶν
840 574 1034 627 χρημάτων
1055 574 1138 610 συλ-

109 640 226 692 λογήν.
242 638 346 682 Τίνος
360 637 429 691 γὰρ
443 638 569 684 ἕνεκεν,
590 637 665 676 εἰπέ
686 653 758 687 μοι,
775 637 833 675 καὶ
853 638 967 688 ἑαυτῷ
987 638 1138 673 τοσαῦτα

112 700 235 754 φορτία
257 703 416 739 ἀκανθῶν
443 700 622 751 συνάγεις,
642 699 701 738 καὶ
717 704 787 742 τοῖς
802 698 953 740 παιδίοις
971 701 1043 739 τοῖς
1067 699 1138 738 σοῖς

112 763 197 808 ὕλην
214 760 339 804 κακίας
354 761 413 799 καὶ
428 761 590 799 ὑπόθεσιν
605 759 882 810 καταλιμπάνιιιν
894 760 956 797 οὐκ
971 757 1137 808 αἷσθάνῃ;

112 824 191 861 Οὐκ
210 816 305 864 οἶδας
323 821 375 859 ὅτι
395 826 455 859 σοῦ
474 822 606 871 μᾶλλον
626 821 769 867 κήδεται
787 824 846 858 τοῦ
865 822 926 857 σοῦ
941 818 1076 864 παιδὸς,
1096 816 1138 855 σὺ

112 882 147 922 δὲ
172 886 218 926 ὡς
247 881 391 920 πλείονα
418 881 482 927 τὴν
509 881 589 934 περὶ
620 881 720 919 αὐτὸν
747 879 1024 931 ἐπιδεικνύμενος
1054 877 1139 931 πρό-

111 959 204 981 νοιαν
216 973 226 991 ,
259 942 420 995 ἀφορμὰς
456 945 551 995 αὐτῷ
591 944 797 980 καταλιπεῖν
839 941 1042 984 σπουδάζεις
1078 938 1141 982 τὰς

109 1004 301 1056 δυναμένας
328 1003 539 1056 ὓποὸρύχιον
560 1006 663 1042 αὐτοῦ
683 1002 747 1049 τὴν
769 1001 885 1055 ψυχὴν
907 1002 1138 1055 ἐργάσασθαι;

111 1065 161 1105 *ll
177 1067 239 1104 οὐκ
263 1059 362 1104 οἶσθα
384 1065 438 1104 ὅτι
455 1068 477 1112 ἡ
497 1065 617 1112 νεότης
636 1064 696 1102 καὶ
712 1066 789 1102 καθ’
808 1062 935 1109 ἑαυτὴν
952 1062 1014 1113 μὲν
1029 1062 1140 1101 εὐόλι-

113 1128 194 1166 σθόν
210 1129 285 1166 ἐστι
302 1133 450 1180 πρᾶγμα
465 1126 524 1164 καὶ
537 1126 723 1179 ὀξύρροπον
739 1126 823 1176 πρὸς
841 1124 966 1163 κακίαν
977 1140 986 1171 ;
999 1130 1013 1146 ²¹
1026 1123 1141 1163 εὈταν

112 1190 147 1229 δὲ
169 1190 228 1228 καὶ
243 1188 438 1242 χρημάτων
458 1187 658 1241 περιουσίαν
679 1187 864 1240 προσλάὸῃ
879 1217 889 1233 ,
908 1188 1027 1238 πολλῷ
1045 1187 1140 1236 μᾶλ-

112 1254 170 1290 λον
195 1249 480 1303 ἐπιρρεπέστερον
508 1250 548 1287 τὸ
575 1249 681 1287 κακὸν
707 1248 853 1300 γίνεται.
877 1247 1048 1299 Καθάπερ
1074 1246 1142 1298 γὰρ

113 1316 183 1364 πῦρ
208 1312 294 1357 ὕλην
321 1309 518 1362 προσλαὸὸν
532 1340 541 1357 ,
562 1308 794 1362 σφοδροτέραν
812 1308 960 1347 ἀνάπτει
979 1307 1042 1355 τὴν
1063 1307 1144 1360 φλό·

113 1388 175 1424 γα·
193 1371 284 1410 οὕτω
303 1370 362 1409 καὶ
384 1373 406 1417 ἡ
423 1369 542 1417 νεότης
561 1370 718 1422 καθάπερ
740 1368 854 1423 πυρὰν
871 1368 935 1416 τὴν
961 1367 1045 1415 ὕλην
1074 1370 1143 1406 τῶν

112 1433 306 1486 χρημάτων
336 1429 506 1481 δεξαμένη
518 1461 528 1479 ,
543 1429 715 1477 τοσαύτην
736 1429 883 1468 ἀνάπτει
898 1429 961 1476 τὴν
980 1428 1144 1479 κάμινον,

113 1497 159 1538 ὡς
186 1493 375 1544 ὁλόκληρον
407 1493 591 1544 ε’μπρῆσαι
613 1495 674 1530 τοῦ
703 1491 780 1530 νέου
811 1490 875 1538 τὴν
897 1490 1026 1543 ψυχήν.
1051 1488 1146 1528 Πότε

113 1554 180 1608 γὰρ
199 1557 217 1593 ὁ
237 1556 390 1596 τοιοῦτος
406 1553 588 1600 δυνήσεται
601 1552 824 1606 σωφροσύνης
846 1552 1146 1603 ἐπιμελήσασθαι,

115 1615 174 1653 καὶ
201 1613 392 1654 ἀκολασίαν
422 1620 562 1666 φυγεῖν,
580 1613 734 1658 καὶτοὺς
751 1613 838 1665 ὑπὲρ
858 1616 920 1659 τῆς
936 1615 1062 1666 ἀρετῆς
1081 1612 1145 1651 πό-

115 1693 192 1720 νους
212 1674 460 1723 ἀναδέξασθαι,
479 1674 502 1721 ἤ
522 1691 556 1713 τι
573 1675 688 1728 ἕτερον
707 1674 962 1726 πνευματικόνξ

167 1738 218 1776 Ἢ
243 1738 306 1776 οὐκ
331 1735 465 1779 ἀκούεις
491 1739 552 1775 τοῦ
569 1737 742 1790 Χριστοῦ,
762 1736 815 1774 ὅτι
841 1735 886 1774 Ἥ
913 1736 1066 1789 μέριμνα
1087 1739 1148 1775 τοῦ
1169 1745 1194 1777 C

119 1801 241 1843 αἰῶνος
268 1798 387 1837 τούτου
411 1798 471 1835 καὶ
492 1801 514 1844 ἡ
549 1799 669 1846 ἀπάτη
698 1802 758 1837 τοῦ
784 1797 932 1836 πλούτου
960 1797 1148 1849 συμπνίγει

116 1862 176 1900 τὸν
204 1860 384 1912 λογισμὸν,
403 1859 463 1898 καὶ
488 1860 646 1912 ἄκαρπος
672 1859 826 1911 γίνεται·
846 1859 886 1903 ἃς
910 1859 970 1897 καὶ
996 1859 1148 1902 ἀκάνθας

116 1922 318 1972 ὠνόμασεν,
337 1920 456 1960 Εἰπὼν
488 1920 556 1974 γὰρ
576 1921 617 1959 τὸ
640 1921 674 1960 ἓν
696 1920 758 1972 μὲν
783 1925 843 1960 τοῦ
870 1920 1001 1974 σπόρου
1022 1923 1070 1965 εἷς
1086 1920 1149 1964 τὰς

117 1983 269 2025 ἀκάνθας
290 1981 577 2033 ἐμπεπτωκέναι,
597 1976 672 2020 εἶτα
701 1982 904 2036 ἑρμηνεύων
940 1988 1011 2025 τοῖς
1042 1985 1154 2033 μαθη-

115 2050 192 2086 ταῖς
218 2043 306 2087 τίνες
336 2043 422 2081 εἰσὶν
452 2045 493 2081 αἱ
528 2043 698 2091 ἄκανθαι,
718 2043 822 2096 φησίν
836 2059 844 2067 ·
859 2043 904 2082 ‘H
924 2044 1077 2097 μέριμνα
1093 2045 1153 2082 τοῦ

117 2106 239 2148 αἰῶνος
260 2103 401 2150 τούτου,
417 2103 477 2142 καὶ
502 2108 524 2151 ἡ
549 2103 665 2152 ἀπάτη
693 2109 752 2143 τοῦ
776 2104 925 2143 πλούτου
964 2103 1152 2155 συμπνίγει

116 2166 174 2204 τὸν
197 2165 387 2217 λογισμὸν,
407 2165 468 2203 καὶ
487 2165 643 2218 ἄκαρπος
661 2165 803 2218 γίνεται.
823 2166 892 2204 Καὶ
908 2167 1023 2208 καλῶς
1044 2165 1152 2204 ἀκάν-

116 2229 192 2270 θαις
206 2226 400 2278 παρείκασε
418 2225 485 2272 τὴν
505 2226 676 2280 μέριμναν
696 2230 756 2264 τοῦ
778 2229 900 2269 αἰῶνος
927 2227 1062 2265 τούτου.
1081 2228 1154 2265 Κα-

116 2287 227 2340 θάπερ
241 2287 309 2340 γὰρ
326 2290 362 2325 αἱ
379 2287 540 2326 ἄκανθαι
558 2290 620 2327 οὐκ
635 2289 718 2326 ἐῶσι
741 2288 918 2342 προκύψαι
936 2288 994 2326 τὸν
1013 2288 1155 2341 σπόρον,

116 2348 207 2386 ἀλλὰ
222 2351 266 2400 τῇ
286 2348 479 2394 πυκνότητι
494 2348 731 2400 συμπνίγουσι
747 2350 787 2388 τὸ
805 2349 1040 2396 καταὸληθέν·
1062 2349 1153 2388 οὕτω

118 2410 181 2447 καὶ
202 2412 238 2447 αἱ
263 2410 430 2462 μέριμναι
448 2411 484 2447 αἱ
504 2411 666 2461 βιωτικαὶ
685 2411 743 2449 τὸν
767 2410 895 2464 σπόρον
916 2411 974 2449 τὸν
993 2427 1151 2462 πνευμα-
1173 2415 1199 2444 D

116 2471 228 2516 τικὸν,
248 2470 388 2509 ἐπειδὰν
409 2472 456 2514 εἷς
474 2470 536 2518 τὴν
556 2471 673 2523 ψυχὴν
699 2471 926 2523 καταὸληθῇ,
946 2474 1007 2510 οὐκ
1026 2476 1152 2525 ἀφιᾶσι

124 2531 257 2584 καρπὸν
278 2532 449 2582 ἐνεγκεῖν,
479 2531 569 2570 ἀλλὰ
596 2531 821 2583 συγκαίουσαι
847 2533 907 2571 καὶ
938 2533 1152 2584 συμπνίγου-

118 2607 195 2639 σαι,
224 2591 382 2643 καθάπερ
409 2593 445 2629 αἱ
474 2592 643 2641 ἄκανθαι,
670 2595 731 2632 οὐκ
768 2595 852 2633 ἐῶσι
886 2594 1066 2647 προκύψαι
1092 2596 1150 2634 τὸν

116 2652 244 2705 σπόρον
276 2653 334 2691 τὸν
368 2653 620 2704 πνευματικόν.
650 2655 720 2693 Καὶ
745 2659 768 2702 ἡ
789 2655 927 2704 ἀπάτη,
957 2655 1062 2709 φησὶ,
1090 2660 1149 2696 τοῦ

124 2712 286 2750 πλούτου.
310 2714 437 2756 Καλῶς
460 2707 555 2752 εἶπεν
583 2714 721 2762 ἀπάτην
747 2721 808 2755 τοῦ
824 2717 987 2756 πλούτου·
1003 2717 1064 2756 καὶ
1083 2717 1151 2771 γὰρ

120 2772 226 2815 ὄντως
250 2772 367 2819 ἀπάτη
397 2774 482 2812 ἐστί.
499 2774 546 2813 Τί
566 2776 634 2830 γὰρ
651 2776 770 2828 ὄφελος
797 2781 866 2816 τῶν
894 2779 1067 2817 τοσούτων
1087 2794 1149 2817 τα-

119 2833 272 2878 λάντων,
288 2833 346 2871 καὶ
365 2835 428 2879 τῆς
448 2835 618 2882 τοσαύτης
636 2841 707 2877 τῶν
725 2839 919 2891 χρημάτων
938 2840 1147 2892 περιὸολῆςς

121 2894 211 2940 Ναὶ,
234 2895 319 2946 φησί
336 2911 344 2918 ·
363 2895 495 2942 πολλὴν
521 2897 585 2943 τὴν
614 2900 824 2952 εὐφροσύνην
853 2901 1001 2955 παρέχει
1029 2902 1068 2940 τὸ
1093 2917 1149 2939 κε-

119 2958 280 3001 κτῆσθαι.
296 2956 407 2994 Ποίαν
424 2957 652 3009 εὐφροσύνην,
667 2960 736 2998 Καὶ
755 2961 789 2998 τί
807 2961 898 3014 λε’γω
915 2961 1146 3017 εὐφροσύνην;

118 3017 211 3070 Οὐχὶ
229 3021 329 3056 τοῦτο
349 3017 504 3068 μάλιστα
529 3018 591 3063 τὰς
610 3020 773 3074 ἀκαίρους
794 3023 957 3074 ἀθυμίας,
976 3023 1040 3068 τὰς
1060 3026 1146 3062 πολ·
1169 3033 1192 3062 E

118 3076 182 3121 λὰς
206 3077 329 3124 ἀηδίας
351 3078 528 3116 τίκτεσθαι
551 3082 831 3132 παρασκευάζει,
851 3085 921 3122 Καὶ
941 3085 1037 3124 οὔπω
1054 3085 1146 3137 λέγω

118 3137 182 3184 τὴν
205 3138 261 3177 διὰ
288 3144 398 3178 ταῦτα
424 3139 568 3179 κόλασιν
587 3143 849 3193 ἐπηρτημένην,
867 3146 945 3183 ἀλλ’
963 3147 1082 3190 ἁπλῶς
1101 3146 1146 3185 τὰ

119 3199 154 3235 ἐν
173 3200 223 3250 τῷ
245 3199 392 3252 παρόντι
415 3200 500 3253 βίῳ,
515 3200 569 3240 ὅτι
586 3201 662 3241 οὐδὲ
684 3203 811 3251 ἡδονὴν
831 3204 871 3243 τὸ
888 3211 1037 3258 πρᾶγμα
1053 3206 1145 3260 ἔχειν

1106 184 1266 215 Genus,

1309 183 1467 213 norim..
1510 182 1599 212 th.
2066 165 2151 212 <301

1209 267 1269 318 qui
1284 267 1352 305 sub
1377 265 1488 318 gratia
1516 273 1612 313 sunt,
1634 263 1694 315 qui
1711 263 1780 300 suit
1795 270 1875 301 ante
1895 263 2029 313 legem3
2047 272 2079 300 et
2095 277 2162 301 nou

1211 328 1260 366 sic
1279 328 1433 366 insanire
1454 327 1488 364 in
1512 325 1742 379 pecuniarum
1769 323 2023 362 collectionem.
2047 323 2166 368 Quare

1211 389 1321 434 enim,
1341 388 1401 426 dic
1416 387 1520 434 mihi,
1540 396 1574 425 et
1594 385 1730 439 tibiipsi
1757 385 1833 423 haee
1849 398 1954 423 onera
1981 383 2166 436 spinarum

1210 462 1417 500 congregas,
1431 448 1585 499 filiisque
1603 447 1674 485 tuis
1700 445 1882 485 materiam
1900 454 1933 483 et
1947 443 2167 482 occasionem

1210 510 1355 547 malitia:
1375 519 1407 547 te
1424 509 1622 559 relinquere
1647 522 1715 546 non
1739 506 1923 546 advertis?
1943 505 2066 544 Nescis
2096 506 2169 542 Do-

1210 572 1347 608 minum
1362 571 1662 621 majorem,quam
1678 578 1715 606 tu
1732 568 1877 616 habeas,
1895 567 1960 605 filii
1977 565 2028 604 tui
2045 579 2169 603 curam

1210 644 1344 682 gerere,
1357 640 1394 668 tu
1414 639 1532 668 autem
1551 639 1731 680 tamquam
1747 629 1844 667 illius
1860 629 2028 680 majorem
2045 639 2170 665 curam

1210 709 1344 747 gerens,
1352 694 1551 733 occasiones
1567 694 1617 731 illi
1636 694 1835 744 relinquere
1846 693 1979 735 studes,
1990 707 2068 743 quae
2082 691 2170 729 sub-

1211 770 1368 808 mergere
1380 756 1538 794 animam
1551 756 1627 808 ejus
1639 755 1804 794 valeant?
1820 758 1844 792 Λ
1852 770 1871 792 ιι
1886 754 2168 806 nescisjuventu-
2225 787 2370 816 sus-enin*

1211 827 1280 855 tem
1297 832 1360 870 per
1378 817 1530 870 seipsam
1541 816 1586 854 ad
1604 817 1745 854 ruinam
1765 816 1961 868 proclixem
1981 830 2064 862 esse,
2077 814 2167 853 etad
2182 830 2216 856 aa
2262 829 2370 856 matum

1211 879 1383 917 malitiam
1397 879 1466 916 levi
1484 886 1662 916 momento
1676 877 1864 915 inclinari?
1878 876 2030 922 Quando
2050 886 2169 914 autem
2184 871 2330 909 l‘¹⁰‘¹¹'³⁸·

1211 949 1245 978 et
1266 954 1375 993 opum
1394 940 1613 978 affluentiam
1631 939 1819 992 acceperit,
1839 939 1953 976 multo
1979 939 2092 989 magis
2125 936 2170 975 ad

1212 1002 1349 1039 malum
1373 1001 1524 1054 proruit.
1545 1001 1645 1040 Sicut
1668 1000 1762 1038 enim
1782 1000 1888 1052 ignis,
1909 1014 1990 1038 cum
2012 999 2172 1037 fomitem

1213 1063 1374 1112 invenit,
1407 1061 1646 1100 validioribus
1675 1062 1830 1100 flammis
1857 1061 2041 1111 exsurgit:
2061 1060 2109 1096 ita
2139 1067 2172 1096 et

1213 1124 1398 1176 quandoin
1411 1125 1578 1176 juvenem
1594 1124 1739 1162 materia
1749 1122 1982 1175 pecuniarum
1996 1120 2173 1168 inciderit,

1213 1196 1348 1224 tantam
1378 1184 1539 1224 accendit
1565 1185 1757 1230 fornacem,
1784 1193 1821 1222 ut
1848 1183 2003 1220 animam
2028 1181 2174 1233 juvenis

1214 1256 1324 1285 totam
1338 1247 1548 1284 inflammet.
1568 1244 1807 1292 Quandonam
1821 1243 1950 1296 poterit
1969 1242 2052 1280 talis
2066 1242 2175 1279 homo

1215 1308 1438 1346 continentiae
1451 1321 1573 1345 curam
1586 1306 1729 1355 habere,
1741 1314 1774 1343 et
1793 1303 2103 1356 intemperantiam
2118 1303 2174 1340 su-

1216 1381 1309 1420 gere,
1323 1382 1365 1406 ac
1382 1368 1543 1405 laborem
1557 1381 1623 1419 pro
1637 1366 1782 1416 virtute,
1794 1365 1852 1405 vel
1871 1364 1971 1403 aliud
1990 1363 2176 1417 spirituale

1218 1427 1390 1481 quiddam
1408 1426 1617 1480 suscipere?

1273 1740 1313 1776 Ξ).
1347 1740 1475 1775 Annon
1498 1735 1602 1774 audis
1627 1734 1812 1774 Christum
1835 1734 2011 1772 dicentem
2033 1749 2040 1770 :
2064 1734 2175 1772 Curoe
2191 1761 2305 1790 nauh.
2327 1759 2375 1789 ¹3,

1222 1799 1337 1852 hujus
1350 1799 1486 1838 soeculi
1501 1807 1538 1836 et
1550 1799 1720 1850 deceptio
1732 1797 1772 1834 di
1777 1799 1958 1835 viciarum
1972 1796 2174 1849 suffocant
2190 1812 2239 1832 22.

1223 1869 1403 1907 mentem,
1426 1875 1473 1899 ac
1494 1860 1703 1913 sterilisfit
1717 1872 1818 1910 :quae
1840 1857 1959 1896 omnia
1977 1858 2096 1910 spinas
2113 1870 2176 1895 no-

1224 1921 1400 1961 minavit?
1415 1922 1508 1959 Nam
1522 1935 1605 1959 cum
1624 1919 1817 1958 dixissetin
1832 1919 2001 1972 parabola
2015 1917 2175 1967 seminis,

1223 1982 1324 2020 aliud
1337 1997 1383 2021 ex
1396 1982 1590 2021 seminibus
1603 1982 1638 2020 in
1655 1981 1774 2034 spinas
1791 1980 1972 2030 incidisse,
1985 1979 2114 2017 deinde
2127 1978 2179 2016 di-

1223 2043 1372 2096 scipulis
1392 2043 1625 2096 interpretans
1639 2056 1804 2093 quaenam
1819 2042 1889 2080 sint
1899 2041 2024 2094 spinae,
2039 2039 2156 2090 inquit
2170 2054 2178 2075 :

1224 2105 1453 2144 Sollicitudo
1463 2105 1578 2156 hujus
1589 2103 1725 2141 saeculi
1731 2111 1767 2140 et
1774 2104 1947 2154 deceptio
1954 2103 1994 2138 di
1999 2103 2181 2138 viciarum

1224 2167 1427 2218 suffocant
1445 2173 1626 2210 mentem,
1648 2171 1685 2201 et
1702 2163 1844 2201 sterilis
1849 2163 1917 2215 fit.
1934 2161 1982 2199 Et
2000 2161 2089 2199 bene
2108 2161 2182 2213 spi-

1224 2226 1280 2265 nis
1300 2225 1522 2278 comparavit
1539 2223 1820 2263 sollicitudinem
1836 2223 1946 2275 hujus
1965 2222 2101 2260 saeculi.
2122 2222 2180 2259 Si-

1224 2298 1285 2326 cut
1303 2287 1396 2326 enim
1422 2286 1531 2340 spinae
1550 2300 1620 2324 non
1652 2285 1772 2324 sinunt
1800 2298 1917 2323 semen
1938 2283 2100 2333 emicare,
2119 2282 2181 2321 sod

1223 2348 1395 2387 densitate
1407 2362 1471 2386 sua
1489 2347 1703 2385 seminatum
1716 2345 1966 2398 supprimunt:
1981 2345 2028 2383 ita
2042 2355 2075 2383 et
2088 2358 2181 2382 curce

1224 2410 1448 2463 temporales,
1467 2400 1806 2462 spirituale'semen,
1828 2407 1923 2459 quod
1945 2407 1980 2445 in
1994 2407 2111 2444 anima
2127 2421 2179 2443 se-

1224 2472 1395 2522 minatur,
1418 2484 1487 2509 non
1513 2470 1636 2509 sinunt
1662 2470 1819 2507 fructum
1843 2469 1969 2506 afferre
1984 2485 1991 2505 :
2008 2468 2070 2506 sed
2089 2467 2180 2505 adu-

1224 2542 1307 2571 runt
1319 2542 1352 2571 et
1363 2532 1538 2571 suffocant
1549 2531 1640 2569 sicut
1653 2530 1775 2582 spinae,
1786 2544 1848 2568 nec
1862 2530 1981 2567 sinunt
1994 2528 2180 2581 spirituale

1222 2608 1341 2632 semen
1366 2606 1531 2631 crescere.
1550 2593 1587 2630 E
1591 2601 1604 2630 ε
1624 2593 1795 2643 deceptio
1813 2592 2051 2628 diviciarum.
2070 2590 2180 2629 Recte

1222 2654 1317 2694 dixit
1335 2653 1577 2706 deceptionem
1595 2651 1961 2690 divitiarumtetenim
1979 2665 2061 2689 vere
2080 2651 2179 2692 dece-

1222 2715 1297 2768 ptio
1307 2723 1371 2752 est.
1383 2714 1473 2760 Quae
1487 2712 1582 2750 enim
1593 2711 1728 2749 utilitas
1737 2720 1788 2748 tot
1797 2711 2024 2758 talentorum,
2033 2720 2066 2748 et
2076 2720 2179 2750 tantae

1221 2775 1409 2829 peeuniae?
1426 2774 1596 2821 Profecto,
1609 2772 1738 2823 inquit,
1753 2785 1918 2822 magnam
1933 2771 2067 2824 przebet
2086 2771 2177 2810 laeti-

1222 2837 1306 2874 tiam
1323 2836 1506 2889 possessio.
1528 2833 1679 2880 Qualem
1705 2833 1890 2871 laetitiam?
1909 2832 1959 2881 Et,
1980 2833 2068 2883 quid
2095 2832 2177 2871 dieo

1219 2898 1408 2937 laetitiam?
1428 2898 1552 2936 Nonne
1578 2895 1735 2932 maxime
1763 2895 2050 2947 intempestivam
2064 2895 2175 2933 tristi-

1218 2960 1305 2998 tiam
1319 2969 1353 2997 et
1368 2971 1554 2997 moerorem
1581 2956 1736 2994 multum
1766 2956 1884 3009 parit?
1903 2956 2072 2994 Nondum
2094 2956 2175 2994 dico
2193 2995 2225 3021 Γ,
2251 2995 2255 2998 ,
2277 2995 2291 3007 3

1219 3036 1387 3074 magnam
1416 3021 1514 3058 illam
1540 3028 1574 3057 et
1596 3018 1631 3056 in
1656 3018 1779 3056 futuro
1810 3018 2002 3071 repositam
2031 3028 2175 3071 propter
2190 3000 2369 3062 &lissum

1219 3083 1314 3136 ipsas
1329 3096 1469 3136 poenam
1487 3097 1494 3117 :
1509 3079 1571 3119 sed
1587 3079 1632 3118 de
1647 3079 1706 3117 his
1718 3079 1846 3131 loquor
1858 3094 1938 3131 quae
1959 3080 1994 3117 in
2011 3081 2173 3132 praesenti

1219 3145 1294 3183 vita
1322 3143 1547 3195 contingunt,
1570 3154 1695 3193 nempe
1713 3154 1757 3178 ne
1776 3141 1998 3194 voluptatem
2026 3141 2172 3191 quidem

1219 3205 1332 3244 ullam
1345 3204 1437 3243 hanc
1454 3217 1537 3242 vere
1550 3201 1680 3241 habere
1698 3216 1810 3255 posse,
1832 3201 1893 3241 sed
1913 3202 2033 3255 potius
2051 3201 2171 3252 quoti-

167 3338 180 3353 ·
197 3328 297 3361 Savil.
321 3337 355 3362 et.
374 3341 431 3364 sex
452 3331 529 3365 Μῦς.
562 3338 635 3368 ὅταν
657 3336 689 3368 δὲ
716 3339 763 3369 καὶ
784 3341 952 3380 χρημάτων
978 3344 1131 3384 περιουσία
1165 3338 1234 3370 ctio
1245 3335 1400 3380 quadrat.

124 3386 283 3426 προστεθῇ,
303 3387 437 3427 καθάπερ
455 3391 526 3430 πῦρ.
544 3385 657 3418 Morel.
678 3395 713 3419 ut
739 3388 771 3420 in
785 3395 890 3421 textu.
910 3389 1059 3434 Utraque
1085 3390 1132 3422 le-
