2516 3791
115 320 192 346 Ilml.
209 330 234 346 v.
247 318 296 350 26.

119 1116 210 1142 [sura
225 1125 276 1141 cur

108 1158 265 1193 prohib-ta.

107 1599 194 1625 Dent.
212 1597 263 1627 23.

113 1648 156 1672 zo.

127 2870 160 2895 Iit
173 2868 222 2895 ι’[ἱ.
242 2866 290 2895 25.

743 165 762 195 S
772 186 781 196 .
819 164 997 197 JOANNIS
1032 160 1255 193 CHRYSOST
1264 179 1273 189 .

315 152 408 213 478

315 264 423 289 usura
444 249 663 290 exactionem
697 248 888 301 patiantur.
917 244 1017 292 Quid
1042 244 1153 294 igitur
1174 240 1261 278 dicit

313 311 369 350 illi
393 310 586 350 dominus?
603 310 718 348 Serve
743 322 921 360 nequam.
946 302 1135 343 Terribilis
1162 300 1261 338 indi-

313 372 432 425 gnatio
443 403 453 422 ‚
482 382 515 410 et
533 371 637 408 minae
664 369 819 408 valentes
836 380 900 418 per
927 379 962 403 se
981 362 1168 416 percellere
1187 361 1262 398 ani-

312 449 422 473 mum.
444 434 616 479 Sciebas,
635 428 751 478 inquit
767 457 776 475 ,
796 427 902 478 quod
929 433 1071 462 metam
1094 425 1159 461 ubi
1185 436 1262 459 non

311 495 525 539 seminavi,
559 499 593 528 et
616 501 841 540 congregem
875 488 940 525 ubi
965 499 1043 524 non
1071 485 1230 534 dispersi
1250 498 1260 517 .-

311 555 506 605 oportebat
528 553 645 602 igitur
667 559 702 587 te
718 550 923 600 pecuniam
944 559 1069 584 meam
1088 545 1261 583 dinume-

310 629 395 652 rare
411 614 627 653 mensariis,
637 619 675 648 et
689 624 757 662 ego
768 623 855 647 cum
868 609 1078 656 venissem,
1088 606 1261 659 cmnsoe-

311 687 402 713 nore
432 675 662 725 repetiissem
689 671 813 708 illam.
835 668 1027 707 Pecuniam
1057 675 1160 706 vocat
1191 665 1261 703 elo-

307 736 389 786 quia
412 733 585 786 pretiosa,
601 731 859 769 nummularios
879 738 997 767 autem
1018 742 1083 767 vos
1098 726 1159 779 qui
1186 740 1262 764 sus-

308 796 436 849 cipitis.
458 796 582 832 Tuum
609 792 755 845 quidem
786 793 900 829 suerat
914 820 924 840 ,
944 790 1019 838 ait,
1048 797 1185 826 tantum
1206 786 1261 825 di-

308 871 512 905 numerare,
540 869 660 893 meum
689 863 809 891 autem
827 860 980 903 repetere
1010 850 1056 887 ab
1076 849 1147 886 illis
1161 878 1171 896 ,
1192 861 1262 884 non

307 918 422 955 solum
447 917 668 954 dinumerata
684 944 693 962 ,
713 913 775 951 sed
790 922 824 950 et
850 925 1006 949 usuram.
1027 908 1186 955 Videtis,
1208 907 1264 944 di-

305 979 399 1025 lecti,
412 987 564 1029 quantus
583 977 619 1014 in
640 974 746 1012 dictis
767 983 888 1012 terror.
903 970 1001 1018 Quid
1023 983 1106 1021 ergo
1127 969 1261 1017 dicent,

307 1039 368 1091 qui
388 1038 587 1077 concredita
609 1050 750 1077 servare
769 1034 979 1085 negligunt,
998 1030 1139 1083 quando
1157 1030 1262 1068 etiam

310 1115 417 1139 usura
442 1100 487 1138 ab
511 1100 559 1137 eis
579 1096 800 1150 requiritur?
823 1095 868 1133 Et
889 1093 972 1134 vide
1002 1092 1262 1130 humanitatem

310 1161 466 1200 Domini.
496 1161 537 1198 In
565 1160 622 1197 his
652 1157 878 1197 sensibilibus
898 1153 1058 1208 pecuniis
1076 1152 1263 1205 probibuit

307 1238 350 1261 ne
376 1222 457 1274 quis
476 1235 622 1259 usuram
646 1220 833 1271 acciperet.
858 1218 1002 1265 Quare,
1021 1224 1054 1252 et
1083 1215 1129 1253 ob
1154 1227 1261 1265 quam

307 1283 476 1322 causam?
499 1281 593 1328 Quia
617 1289 764 1330 uterque
784 1291 912 1329 magno
941 1276 1071 1314 damno
1092 1274 1261 1313 afficitur.

305 1345 395 1384 Nam
426 1343 566 1382 debitor
586 1341 730 1393 quidem
756 1340 874 1392 inopia
894 1339 1054 1377 atteritur
1070 1369 1080 1384 ,
1110 1335 1262 1374 creditor

305 1414 422 1443 autem
458 1417 590 1455 augens
629 1402 798 1450 divitias,
827 1409 1054 1453 peccatorum
1093 1411 1262 1435 accumu-

305 1466 355 1504 lat
382 1465 450 1503 sibi
472 1463 751 1503 multitudinem.
779 1460 934 1499 Proinde
962 1460 1008 1497 ab
1041 1459 1142 1496 initio
1175 1457 1262 1496 olim

305 1526 440 1566 Judaeis
468 1524 700 1563 crassioribus
728 1523 797 1560 tale
813 1521 912 1560 dedit
938 1529 1153 1573 praeceptuni
1168 1548 1179 1568 ,
1200 1518 1260 1556 di-

306 1601 412 1626 cens:
436 1588 527 1625 Non
543 1586 804 1637 foeneraberc's
815 1583 942 1635 fratri
974 1589 1038 1618 tuo
1066 1589 1104 1618 et
1131 1582 1261 1631 proxi-

308 1661 368 1686 mo
406 1655 484 1685 tuo.
517 1646 598 1692 Qua
629 1645 741 1696 igitur
769 1643 996 1681 excusatione
1027 1641 1128 1692 digni
1160 1649 1262 1678 erunt

305 1708 365 1759 qui
396 1706 531 1746 Judaeis
561 1715 642 1743 sunt
675 1702 964 1751 inhumaniores,
1001 1710 1034 1739 ct
1070 1709 1150 1752 post
1183 1713 1262 1751 gra·
1284 1709 1307 1740 c

304 1769 391 1806 tiam
421 1777 456 1805 et
481 1776 614 1804 tantam
642 1780 663 1802 a
689 1764 842 1802 Domino
875 1761 1130 1814 benignitatem
1165 1761 1261 1798 inve-

303 1830 451 1868 niuntur
472 1828 515 1866 iis
530 1826 592 1879 qui
611 1826 678 1864 sub
696 1826 772 1876 lege
792 1825 935 1862 fuerunt
955 1823 1151 1872 inferiores,
1188 1822 1261 1859 imo

304 1891 464 1944 pejores?
481 1891 524 1928 In
557 1887 804 1941 spiritualibus
833 1886 926 1924 enim
958 1884 1192 1937 repetiturum
1212 1898 1262 1921 se

305 1951 479 2005 promittit
495 1964 632 1989 usuras.
647 1949 795 1996 Quare?
811 1948 905 1994 Quia
922 1946 1098 1985 contrario
1117 1959 1264 1998 prorsus

307 2013 412 2050 modo
442 2025 477 2050 se
496 2012 627 2049 habent
646 2009 843 2062 spiritualis
865 2021 971 2046 usura
988 2037 998 2056 ,
1020 2016 1053 2044 et
1074 2007 1262 2044 sensibilis.

310 2073 389 2110 lllic
412 2072 507 2110 enim
527 2072 557 2109 is
590 2085 609 2108 a
631 2084 700 2121 quo
718 2069 915 2119 requiritur
935 2082 1067 2116 severe,
1084 2067 1201 2105 subito
1229 2066 1265 2104 in

308 2142 502 2170 extremam
523 2131 678 2182 inopiam
697 2131 853 2168 defertur
870 2145 877 2165 :
898 2129 959 2166 hic
973 2137 1092 2165 autem
1113 2127 1142 2165 is
1163 2142 1182 2165 a
1195 2141 1264 2177 quo

310 2193 478 2245 exigitur,
493 2191 635 2243 quando
651 2199 793 2241 gratum
808 2189 968 2226 animum
983 2202 1056 2239 prce
1076 2201 1112 2224 se
1130 2187 1263 2233 tulerit,

311 2263 444 2304 quanto
463 2254 635 2305 majorem
660 2264 806 2288 usuram
828 2249 965 2296 asseret,
997 2257 1094 2285 tanto
1121 2247 1266 2298 largiori

313 2317 450 2353 fruetur
469 2313 597 2351 caelesti
616 2310 909 2350 remuneratione.
928 2308 1117 2357 Quocirca,
1136 2308 1269 2355 dilecti,

314 2391 395 2414 cum
424 2375 527 2414 vobis
557 2372 756 2411 concredita
785 2369 1146 2418 dinumeraverimus,
1168 2368 1270 2406 vobis

315 2436 550 2475 necessarium
570 2433 635 2471 erit
651 2432 831 2484 duplicem
848 2431 973 2468 afferre
993 2429 1149 2466 laborem
1166 2437 1198 2465 et
1218 2428 1271 2466 vi-

318 2497 526 2549 gilantiam,
563 2505 638 2532 tum
661 2494 758 2544 quod
788 2492 1011 2529 dinumerata
1041 2489 1272 2527 custodienda

318 2567 414 2607 sunt,
438 2566 474 2594 ut
490 2556 564 2593 fixa
580 2563 743 2592 maneant
759 2569 766 2589 :
790 2561 866 2590 tum
886 2551 981 2601 quod
996 2549 1215 2602 operandum
1234 2558 1274 2587 ut

318 2628 351 2656 et
368 2618 448 2656 aliis
468 2615 782 2663 conununicentur,
800 2622 832 2651 et
850 2613 981 2649 multos
997 2611 1031 2648 in
1049 2611 1144 2649 viam
1160 2610 1274 2649 virtu-

320 2680 366 2717 tis
396 2678 565 2715 inducant
587 2692 594 2712 :
616 2685 655 2713 ut
673 2674 840 2712 bifariam
860 2672 963 2712 vobis
982 2671 1124 2709 lucrum
1151 2685 1274 2708 accre-

322 2749 416 2788 scat,
440 2748 515 2776 tum
543 2751 609 2790 pro
630 2737 742 2775 salute
765 2744 880 2774 vestra
896 2764 906 2784 ,
937 2742 1013 2771 tuln
1033 2747 1098 2785 pro
1124 2732 1276 2771 aliorum

324 2801 486 2838 utilitate.
507 2799 612 2846 Quod
647 2799 674 2836 si
696 2798 765 2835 hoc
783 2795 933 2835 feceritis
948 2825 958 2845 ,
975 2804 1008 2833 et
1035 2809 1097 2832 nos
1124 2793 1278 2832 reddetis

326 2864 445 2901 beatos
461 2878 468 2898 ε
491 2864 633 2899 Beatus
645 2862 760 2907 enim,
777 2857 904 2909 inquit,
920 2859 986 2909 qui
1002 2858 1094 2894 dicit
1112 2858 1150 2892 in
1166 2869 1279 2895 aures

328 2926 591 2964 audientium:
611 2931 644 2960 et
672 2920 807 2959 facietis
836 2929 875 2957 ut
905 2919 1038 2969 largior
1070 2917 1171 2957 vobis
1204 2918 1280 2955 llaec

331 2985 528 3039 spiritualis
549 2992 746 3037 apponatur
766 2996 895 3020 mensa.
924 2981 1040 3031 Igitur
1070 2980 1194 3017 fratres
1219 2993 1277 3017 ve-

327 3058 416 3087 sti-os
434 3048 541 3086 nolite
560 3047 744 3097 negligere,
764 3058 874 3095 neque
894 3043 1010 3081 solum
1029 3050 1182 3094 spectate
1198 3055 1275 3091 quic

326 3110 370 3148 ad
386 3124 448 3148 vos
466 3109 634 3145 attinent:
652 3106 712 3144 sed
731 3105 922 3155 iuuenique
937 3118 1019 3141 cura
1036 3102 1080 3140 sit
1095 3101 1273 3153 quomodo

327 3171 530 3223 proximum
560 3183 662 3205 suuiu
685 3182 702 3203 e
725 3166 858 3203 diaboli
881 3165 1042 3202 faucibus
1069 3163 1215 3215 eripiat,
1240 3172 1272 3201 ct

326 3234 371 3271 ab
391 3232 510 3285 impiis
529 3231 599 3268 illis
617 3228 822 3281 spectaculis
842 3227 875 3264 in
893 3226 1075 3265 ecclesiam
1094 3223 1269 3273 adducat,

329 3292 552 3331 umustmudo
578 3291 607 3329 ei
636 3291 742 3327 multa
774 3288 916 3325 leuitate
943 3296 976 3325 et
1003 3285 1270 3325 mansuetudine

325 3366 399 3394 tuni
418 3353 536 3391 damni
557 3351 649 3403 quod
672 3351 769 3388 illinc
791 3351 851 3387 sert
874 3348 1182 3399 g1'11xi1111e1n,t=11n
1206 3347 1266 3385 bo-

1273 238 1321 265 413

1283 276 1307 304 A

1289 2413 1314 2442 D

1298 3090 1319 3119 E

1312 160 1517 189 ARCHIEP.

1555 160 1637 190 CON
1644 160 1887 191 STANTINOP
1895 181 1905 190 .

1334 242 1554 291 ὑπομένουσι.
1574 242 1621 280 Τί
1640 238 1697 280 οῦν
1713 258 1799 295 φησι
1813 243 1899 295 πρὸς
1922 241 2024 280 αὐτὸν
2039 245 2058 280 ὁ
2079 242 2268 291 δεσπότης,
2287 244 2357 281 Πο-

1332 300 1415 353 νηρὲ
1435 302 1547 340 δοῦλε.
1567 302 1711 355 Φοὸερὲι
1729 307 1752 350 ἡ
1768 303 2025 355 ἀγανάκτησις,
2049 301 2150 348 ἱκανὴ
2171 305 2357 349 καταπλῆ-

1334 362 1388 406 ξαι
1405 365 1427 408 ἡ
1444 362 1586 409 ἀπειλή.
1615 365 1660 402 Ei
1679 363 1792 415 ᾔδεις,
1816 363 1934 415 φησὶν,
1960 362 2014 401 ὅτι
2035 362 2156 415 θερίζω
2187 362 2274 401 ὅπου
2295 366 2358 401 οὐκ

1332 426 1496 475 ἔσπειρα,
1522 425 1581 461 καὶ
1607 424 1745 475 συνάγω
1772 424 1858 463 ὅπου
1889 425 1927 461 οὖ
1953 423 2201 475 διεσκόρπισα,
2220 423 2288 462 ἔδει
2319 439 2356 461 σε

1333 485 1545 523 καταὸαλεῖν
1565 485 1604 524 τὸ
1619 485 1780 537 ἀργύριόν
1802 500 1867 535 μου
1887 485 1945 522 ἐπὶ
1961 484 2039 527 τοὺς
2049 485 2262 536 1ῑ·ραπεζι’τας
2274 515 2284 532 ,
2299 484 2360 523 καὶ

1334 546 1403 598 ἐγὼ
1422 546 1530 585 ἐλθὼν
1551 545 1640 597 μετὰ
1658 545 1760 584 τόκου
1796 545 1964 597 ἀπῄτησα
1987 545 2028 582 ἂν
2058 544 2160 583 αὐτό·
2195 545 2359 597 ἀργύριον

1333 608 1442 658 λέγων
1462 607 1505 645 τὰ
1523 607 1625 658 λόγια
1643 606 1688 644 τὰ
1708 606 1828 657 τίμια,
1850 606 2059 658 τραπεζίτας
2080 606 2115 644 δὲ
2133 608 2223 657 ὑμᾶς
2242 607 2359 643 καλῶν

1333 667 1410 711 τοὺς
1438 668 1724 720 ὑποδεχομένους.
1753 668 1822 706 Σὸν
1845 666 1907 718 μὲν
1926 661 1981 717 ἦν,
2009 667 2115 718 φησὶ,
2147 665 2360 703 καταὸαλεῖν

1335 729 1450 779 μόνον,
1472 730 1552 780 ἐμὸν
1571 729 1606 767 δὲ
1623 723 1665 775 ἦν
1681 728 1720 766 τὸ
1738 730 1822 779 παρ’
1839 727 1978 766 ἐκείνων
1998 731 2213 774 ἀπαιτῆσαι,
2229 726 2278 777 μὴ
2296 726 2359 777 μό-

1333 805 1388 827 νον
1407 789 1451 827 τὰ
1470 788 1735 836 navam-rogum
1747 817 1757 835 ‚
1776 788 1866 827 ἀλλὰ
1884 788 1943 827 καὶ
1963 788 2023 826 τὸν
2041 788 2129 840 ὑπὲρ
2149 788 2280 826 τούτων
2301 788 2359 825 τό-

1333 857 1404 887 κον.
1421 849 1569 901 Ὁρᾶτε,
1589 849 1786 901 ἀγαπητοὶ,
1802 853 1877 893 πῶς
1896 849 2004 894 πολὺς
2020 853 2038 888 ὁ
2056 850 2160 900 φόὸος
2175 852 2243 887 τῶν
2260 851 2359 901 εἰρη-

1334 910 1457 959 μένων.
1484 910 1531 948 Τί
1569 911 1609 948 ἂν
1637 905 1695 948 οὖν
1715 911 1843 948 εἴποιεν
1863 913 1894 949 οἱ
1930 911 1989 949 καὶ
2015 914 2077 957 τῆς
2105 912 2260 963 φυλακῆς
2290 911 2360 947 τῶν

1333 970 1622 1016 καταὸληθέντων
1641 972 1848 1021 ἀμελοῦντες
1859 1002 1867 1018 ,
1883 971 1965 1009 ὅταν
1980 972 2108 1009 καὶτὸν
2123 971 2211 1023 ὑπὲρ
2226 971 2359 1008 τούτων

1331 1030 1432 1069 τόκον
1460 1031 1729 1081 μεθοδεύωνται,
1748 1032 1817 1069 Καὶ
1845 1032 1910 1083 ὅρα
1940 1032 2200 1083 φιλανθρωπίαν
2216 1031 2357 1070 Δεσπό-

1330 1108 1401 1130 του.
1426 1092 1510 1130 Ἐπὶ
1537 1092 1599 1142 μὲν
1628 1095 1696 1130 τῶν
1716 1091 1909 1144 χρημάτων
1941 1094 2010 1129 τῶν
2031 1094 2203 1138 αἰσθητῶν
2221 1091 2360 1143 ἀπηγό-

1333 1169 1430 1204 ρευσε
1449 1153 1506 1191 τὸν
1525 1153 1626 1191 τόκον
1643 1152 1848 1203 λαμὸοίνειν.
1875 1151 1980 1195 Τίνος
2000 1152 2128 1200 ἕνεκεν,
2144 1153 2204 1191 καὶ
2225 1152 2282 1191 διὰ
2305 1152 2359 1200 τί;

1333 1214 1417 1253 υΟτι
1443 1215 1604 1266 ἑκάτερος
1626 1215 1740 1252 αὐτῶν
1767 1213 1900 1261 πολλὴν
1925 1215 2078 1252 ἐντεῦθεν
2102 1214 2268 1265 ὑπομένει
2296 1213 2360 1261 τὴν

1333 1277 1480 1328 βλάὸην.
1501 1278 1574 1315 Τοῦ
1593 1276 1655 1327 μὲν
1673 1275 1740 1327 γὰρ
1757 1279 1779 1322 ἡ
1799 1275 1902 1314 πενία
1922 1275 2157 1328 ἐπιτρίὸεται,
2177 1279 2194 1314 ὃ
2214 1276 2250 1314 δὲ
2270 1275 2360 1327 μετὰ

1331 1341 1390 1375 τοῦ
1427 1334 1648 1388 πλεονασμοῦ
1676 1340 1744 1374 τῶν
1777 1336 1970 1389 χρημάτων
2001 1336 2060 1375 καὶ
2095 1336 2359 1388 ἁμαρτημάτων

1331 1401 1462 1445 πλῆθος
1482 1401 1594 1450 ἑαυτῷ
1615 1397 1833 1451 ἐπισωρεύει.
1851 1397 1919 1435 Διὰ
1939 1402 2040 1436 τοῦτο
2060 1397 2094 1436 ἐζ
2114 1401 2226 1450 ἀρχῆς
2243 1397 2302 1436 καὶ
2320 1399 2360 1436 ἐκ

1331 1460 1523 1513 προοιμίων
1539 1459 1718 1502 Ἰουδαίοις
1738 1464 1808 1503 τοῖς
1821 1458 2018 1511 παχύτερον
2034 1459 2262 1510 διακειμένοις
2277 1458 2360 1497 ταύ-

1331 1537 1395 1567 την
1415 1520 1478 1566 τὴν
1507 1520 1648 1567 ἐντολὴν
1670 1519 1897 1570 ἐνομοθέτησε
1924 1519 2052 1571 λέγων·
2080 1522 2158 1559 Οὐκ
2193 1521 2360 1564 ἐκτοκιεῖς

1332 1584 1381 1634 τῷ
1401 1584 1539 1634 ἀδελφῷ
1554 1597 1614 1620 σου
1631 1581 1689 1620 καὶ
1707 1584 1758 1633 τῷ
1768 1580 1916 1626 πλησίον
1936 1597 2008 1619 σου.
2029 1581 2140 1625 Ποίας
2155 1575 2212 1620 οῧν
2229 1581 2268 1620 ἂν
2291 1576 2358 1620 εἷεν

1332 1642 1521 1694 ἀπολογίας
1541 1642 1627 1686 ἄξιοι
1644 1644 1675 1680 οἱ
1702 1641 1761 1680 καὶ
1780 1643 1849 1679 τῶν
1867 1640 2044 1679 Ἰουδαίων
2065 1641 2235 1693 ὠμότεροι
2265 1642 2362 1693 γινό-

1333 1717 1442 1753 μενοι,
1459 1702 1518 1740 καὶ
1536 1702 1627 1753 μετὰ
1642 1702 1706 1748 τὴν
1722 1701 1825 1754 χάριν
1844 1701 1903 1740 καὶ
1921 1701 1984 1749 τὴν
2001 1702 2174 1748 τοσαύτην
2190 1702 2287 1755 παρὰ
2300 1706 2362 1741 τοῦ

1331 1763 1512 1802 Δεσπότου
1544 1762 1809 1815 φιλανθρωπίαν
1841 1765 1910 1800 τῶν
1943 1764 1979 1800 ἐν
2004 1765 2054 1814 τῷ
2079 1763 2176 1815 νόμῳ
2199 1763 2362 1807 ἐλάττους

1330 1824 1589 1876 εὑρισκόμενοι,
1611 1825 1746 1875 μᾶλλον
1779 1822 1815 1860 δὲ
1849 1823 1909 1861 καὶ
1941 1822 2100 1875 χείρους,
2129 1823 2214 1862 Ἐπὶ
2243 1824 2361 1875 μέντοι

1329 1888 1398 1923 τῶν
1437 1887 1683 1935 πνευματικῶν
1721 1884 1823 1926 αὐτὸς
1849 1885 2010 1922 ἀπαιτεῖν
2040 1887 2262 1936 ὑπισχνεῖται
2280 1885 2360 1929 τοὺς

1330 1945 1464 1989 τόκους.
1486 1946 1554 1984 Διὰ
1570 1945 1624 1992 τί,
1642 1944 1789 1991 Ἐπειδὴ
1821 1946 1883 1983 ἀπ’
1906 1944 2062 1988 ἐναντίας
2091 1952 2160 1989 τοῖς
2186 1948 2363 1992 αἰσθητοῖς

1331 2007 1512 2058 χρήμασιν
1533 2001 1630 2050 οῧτός
1660 2008 1754 2045 ἐστιν
1780 2008 1797 2044 ὃ
1824 2005 1924 2050 τόκος
1955 2008 1973 2043 ὁ
2000 2007 2246 2057 πνευματικός.
2264 2009 2363 2051 Ἐκεῖ

1332 2072 1392 2121 μὲν
1414 2072 1480 2123 γὰρ
1496 2075 1513 2110 ὃ
1534 2071 1749 2122 μεθοδευθεὶς
1776 2073 1824 2114 εἷς
1843 2069 1999 2122 ἐσχάτην
2019 2071 2139 2109 πενίαν
2156 2071 2276 2123 ἀθρόον
2296 2088 2361 2110 κα-

1330 2138 1516 2190 ταφέρεται
1529 2154 1537 2160 ·
1562 2139 1710 2175 ἐνταῦθα
1726 2137 1762 2175 δὲ
1781 2140 1799 2175 ὁ
1816 2137 2099 2187 μεθοδευόμενος,
2131 2139 2212 2175 ὅταν
2228 2138 2363 2185 πολλὴν

1334 2205 1599 2256 εὖγν(ι)μ.οσύνην
1633 2203 1870 2252 ἐπιδείξηται,
1900 2204 1971 2256 ὅσῳ
2008 2204 2048 2241 ἂν
2083 2204 2228 2242 πλείονα
2260 2205 2362 2244 τόκον

1334 2272 1511 2324 εἰσενέγκη
1523 2302 1532 2319 ,
1552 2271 1707 2324 τοσούτῳ
1725 2271 1975 2323 δαψιλεστέρας
1992 2271 2161 2309 ἀπολαύει
2177 2274 2238 2317 τῆς
2268 2273 2363 2310 ἄνω-

1335 2343 1391 2376 Οεν
1414 2339 1574 2389 ἀμοιὲἧς.
1593 2338 1772 2381 ἽΞκαο-τος
1792 2337 1906 2375 τοίνυν
1922 2340 2032 2387 ὑμῶν,
2053 2337 2241 2388 ἀγαπητοὶ,
2264 2339 2363 2376 ἐπει-

1337 2405 1397 2443 δὰν
1416 2405 1694 2455 καταῧάλλωμεν
1710 2407 1811 2455 ἡμεῖς
1835 2403 1883 2444 τὰ
1904 2404 2178 2454 ἐμπιστευθέντα
2190 2435 2200 2451 ,
2222 2405 2365 2441 διπλοῦν

1338 2474 1466 2525 ὀφείλει
1486 2473 1542 2510 τὸν
1562 2472 1665 2510 πόνον
1694 2471 1753 2510 καὶ
1784 2471 1847 2518 τὴν
1868 2471 2061 2522 ἀγρυπνίαν
2089 2471 2364 2519 ἐπιδείκνυσθαι,

1338 2541 1396 2578 τον
1409 2540 1470 2591 μὲν
1489 2544 1552 2586 τῆς
1571 2541 1729 2591 φυλακῆς
1743 2540 1811 2575 τῶν
1828 2537 2131 2584 καταῧληθέντων,
2149 2537 2237 2575 ὥστε
2254 2538 2365 2588 πάγια

1341 2611 1450 2644 ταῦτα
1472 2605 1584 2656 μένειν
1598 2622 1605 2629 ·
1625 2606 1682 2644 τὸν
1707 2603 1743 2642 δὲ
1764 2607 1827 2650 τῆς
1846 2603 2026 2656 ἐργασίας,
2048 2603 2138 2642 ὥστε
2159 2604 2217 2641 καὶ
2239 2603 2366 2656 ἑτέροις

1437 2673 1505 2686 «Nl

1343 2689 1582 2725 μεταοιοοναι,
1612 2672 1671 2711 καὶ
1697 2671 1845 2715 πολλοὺς
1875 2671 1932 2709 ἐπὶ
1959 2670 2022 2718 τὴν
2047 2675 2108 2718 τῆς
2135 2674 2260 2724 ἀρε-,ἧς
2290 2671 2366 2710 ὁδὸν

1343 2745 1580 2792 χειραγωγεῖν,
1599 2739 1655 2777 ἵνα
1676 2739 1779 2789 διπλῇ
1799 2737 1904 2775 πάλιν
1920 2740 1999 2787 ὑμῖν
2019 2737 2057 2775 τὸ
2072 2737 2191 2789 κέρδος
2206 2737 2365 2785 αὔξηται,

1345 2807 1430 2859 ὑπέρ
1441 2823 1478 2844 τε
1493 2810 1555 2852 τ’ἧς
1571 2805 1698 2848 οἰκείας
1718 2803 1892 2856 σωτηρίας
1903 2833 1912 2850 ,
1929 2803 2017 2855 ὑπέρ
2036 2820 2074 2842 τε
2092 2807 2154 2851 τῆς
2169 2807 2237 2842 τῶν
2251 2804 2366 2843 ἄλλων

1345 2873 1525 2925 ὠφελείας.
1540 2873 1626 2912 Ἐὰν
1637 2871 1703 2924 γὰρ
1721 2875 1822 2910 τοῦτο
1835 2873 1958 2917 ποιῆτε
1971 2902 1980 2918 ,
1991 2871 2049 2909 καὶ
2067 2875 2159 2921 ἡμᾶς
2177 2872 2367 2923 μακαρίους

1347 2940 1602 2991 ἀπεργάσεσῡε·
1624 2938 1805 2990 Μακάριος
1823 2937 1911 2990 γὰρ,
1932 2939 2048 2990 φησὶν,
2065 2941 2082 2976 ὃ
2099 2938 2207 2989 λέγων
2225 2940 2272 2981 εἰς
2292 2932 2367 2976 ὦτα

1346 3008 1556 3046 &mudum-rr
1589 3007 1647 3045 καὶ
1676 3005 1962 3058 παρασκευάσετε
1999 3005 2248 3057 δαψιλεστέραν
2284 3008 2366 3056 ὑμῖν

1344 3076 1570 3127 παρατιΟέναι
1590 3075 1653 3121 τὴν
1675 3072 1913 3124 πνευματικὴν
1934 3071 2064 3118 ταύτην
2094 3071 2279 3123 τράπεζαν.
2302 3073 2363 3118 Μὴ

1343 3145 1452 3183 τοίνυν
1474 3146 1635 3195 ἀμελεῖτε
1654 3145 1722 3180 τῶν
1738 3143 1892 3193 ἀδελφῶν
1912 3143 1981 3178 τῶν
1999 3139 2190 3192 ὑμετέρων,
2214 3140 2301 3190 μηδὲ
2322 3140 2365 3178 τὰ

1342 3214 1417 3250 καθ’
1444 3211 1584 3254 ἑαυτοὺς
1613 3211 1714 3261 μόνον
1734 3215 1913 3254 σκοπεῖτε,
1935 3210 2012 3246 ἀλλ’
2031 3209 2173 3251 ἕκαστος
2208 3209 2363 3246 σπουδα-

1341 3280 1426 3324 ζέτω
1447 3279 1503 3317 τὸν
1515 3278 1661 3325 πλησίον
1675 3277 1876 3329 ἐξαρπάζειν
1888 3279 1949 3322 τῆς
1968 3280 2027 3314 τοῦ
2048 3275 2208 3313 &medion
2230 3276 2360 3328 φάρυγ-

1340 3362 1414 3397 γῆς,

1435 3347 1490 3384 καί
1508 3349 1574 3383 τῶν
1587 3344 1794 3396 παρανόμων
1809 3342 1946 3380 ἐκείνων
1962 3342 2155 3392 θεαμάτων,
2168 3342 2224 3380 καὶ
2244 3344 2288 3385 εἰς
2298 3341 2361 3388 τὴν
