2483 3791
328 223 417 270 156
725 242 764 272 s.
802 241 983 272 somnis
1019 240 1264 271 eunrsos‘r.
1303 239 1509 271 Ancurae.
1552 242 1909 273 consummor).

319 335 376 375 res
391 322 611 373 contingunt.
633 323 901 376 anuepropter
921 324 1056 375 lignum
1071 324 1137 360 boc
1167 337 1271 360 voea-

322 382 376 420 vit
394 382 579 435 Scriptura
595 383 719 422 divina
738 385 877 435 lignum
889 384 1042 421 scientia:
1058 383 1184 420 boniet
1196 395 1272 419 ma-

321 441 361 490 li,
394 443 478 493 quia
513 444 606 481 cirea
625 444 718 481 illud
738 443 968 494 transgressio
1003 452 1036 480 et
1071 442 1272 480 observatio

293 531 300 539 ,
321 504 480 542 mandati
499 514 583 542 erat.
606 505 787 554 Benignus
803 504 896 540 enim
910 503 1088 540 Dominus
1104 517 1123 539 a
1139 502 1273 554 princi-

321 562 382 614 pio
401 562 529 600 docere
540 563 662 601 volens
674 561 867 609 hominem,
879 561 1101 599 conditorem
1116 570 1150 599 et
1163 562 1275 599 saeto-

321 638 397 661 rem
416 638 520 660 suum
549 636 623 660 esse
660 622 862 661 visibilium
896 622 1058 660 omnium
1082 622 1272 674 Opifieem,

322 684 383 735 qui
396 683 514 735 ipsum
526 683 778 735 formavit‚per
793 698 945 735 parvum
959 684 1057 722 istud
1065 684 1274 722 mandatum

322 744 506 783 ostendere
532 745 647 783 voluit
668 760 703 783 se
729 745 918 783 dominum
932 760 1022 795 esse;
1037 755 1071 784 et
1101 746 1205 797 quasi
1223 746 1272 783 li-

321 806 453 844 beralis
479 805 659 855 dominus,
676 821 842 858 magnam
853 815 885 844 et
896 806 1144 844 admirabilem
1154 821 1274 858 quam·

322 866 408 905 dam
426 866 576 905 domum
591 867 743 919 alicujus
759 868 840 905 usui
854 868 1001 915 donans,
1021 878 1054 906 et
1070 881 1139 905 non
1159 876 1274 905 totum

324 928 489 981 pretium,
510 928 571 966 sed
591 928 852 980 aliquantulam
873 930 948 981 ejus
963 938 1101 981 partem
1115 928 1274 980 accipere

323 990 415 1039 vult,
429 999 469 1027 ut
485 989 636 1027 dominii
654 990 713 1042 jus
726 986 866 1027 salvum
886 990 955 1028 sibi
977 999 1132 1038 mancat,
1154 998 1187 1026 et
1215 989 1276 1026 ille

325 1050 467 1088 interim
487 1050 587 1099 sciat,
610 1064 646 1088 se
663 1064 731 1088 non
749 1050 894 1088 aedificii
913 1050 1100 1088 dominum
1115 1064 1199 1098 esse,
1215 1049 1278 1087 sed

326 1111 441 1163 gratia
460 1120 494 1148 et
506 1109 737 1149 beneficentia
763 1110 899 1148 domini
929 1111 992 1148 illo
1008 1109 1079 1147 frui
1103 1126 1111 1146 :
1135 1109 1185 1148 sie
1206 1109 1277 1147 uti-

326 1187 395 1224 que
408 1181 441 1210 et
459 1167 626 1210 dominus
640 1183 770 1223 noster,
794 1187 877 1211 cum
892 1172 1053 1211 visibilia
1068 1172 1144 1210 haee
1159 1171 1278 1210 omnia

326 1234 465 1272 homini
486 1234 707 1284 concederet,
721 1244 754 1272 et
776 1232 1035 1286 praestaret'illi
1056 1242 1095 1271 ut
1120 1248 1278 1272 versare-

329 1304 388 1332 tur
421 1288 457 1332 in
475 1294 655 1347 paradiso,
678 1304 711 1332 et
733 1295 911 1333 frueretur
946 1293 1113 1332 omnibus
1141 1308 1220 1344 quae
1242 1294 1279 1332 in

329 1355 393 1393 illo
412 1365 524 1406 erant,
541 1365 580 1393 ut
598 1370 641 1394 ne
661 1356 837 1408 paulatim
853 1356 1017 1394 seductus
1036 1356 1154 1393 animo
1174 1365 1278 1408 puta—

329 1425 381 1454 ret
395 1431 461 1465 res,
474 1431 552 1468 quae
570 1417 636 1456 sub
650 1426 831 1469 aspectum
843 1416 987 1466 cadunt,
999 1425 1179 1454 automata
1189 1431 1277 1466 esse,

327 1477 444 1528 deque
472 1492 534 1515 sua
562 1478 737 1529 dignitate
771 1477 879 1515 altius
902 1474 1089 1530 quidpiam
1118 1477 1276 1526 sentiret,

323 1538 432 1590 jussit
451 1539 497 1576 ab
519 1552 590 1576 uno
617 1539 716 1590 ligno
745 1539 937 1589 abstinere,
973 1552 1101 1590 magna
1132 1537 1278 1576 definita

327 1613 443 1651 poena,
457 1600 486 1638 si
506 1600 898 1651 hoctransgrederetur,
919 1609 958 1637 ut
976 1600 1066 1638 seire
1093 1608 1224 1651 posset,
1242 1613 1278 1637 se

326 1659 514 1698 dominum
535 1661 678 1710 habere,
699 1661 801 1712 cujus
820 1659 1032 1698 liberalitate
1046 1660 1154 1698 etiam
1172 1669 1276 1698 caete-

326 1721 377 1759 ris
390 1722 495 1759 rebus
508 1722 696 1760 frueretur.
716 1724 854 1761 Verum
872 1722 957 1772 quia
973 1722 1127 1759 multum
1150 1721 1275 1759 incon-

327 1781 478 1820 siderate
497 1798 532 1821 se
548 1797 672 1834 gerens
688 1797 756 1820 una
772 1797 854 1821 cum
869 1797 982 1821 uxore
1001 1783 1038 1820 in
1052 1792 1187 1820 tantam
1204 1783 1278 1821 rui-

325 1857 408 1881 nam
442 1842 618 1893 concidit,
649 1843 748 1894 quod
781 1852 999 1896 praeceptum
1037 1852 1278 1894 transgressus

325 1914 425 1954 esset,
441 1905 537 1943 etde
561 1904 659 1956 ligno
687 1913 872 1955 gustasset,
888 1904 968 1942 ideo
991 1904 1131 1956 lignum
1159 1905 1278 1957 ipsum

325 1966 479 2004 scientiae
493 1965 574 2004 boni
591 1975 624 2003 et
638 1965 722 2003 mali
742 1965 953 2004 nominavit.
967 1966 1047 2003 Non
1062 1964 1157 2017 quod
1177 1975 1278 2004 antea

325 2027 542 2079 ignoraverit
574 2027 709 2065 bonum
743 2036 776 2065 et
810 2027 946 2064 malum
973 2043 980 2063 ε
1006 2041 1090 2064 nam
1126 2027 1177 2066 sic
1207 2041 1277 2065 non

325 2088 528 2139 ignoravit,
554 2096 594 2125 ut
617 2087 770 2139 serpenti
806 2087 935 2125 mulier
963 2087 1098 2125 dixerit
1125 2103 1132 2124 :
1163 2089 1278 2126 Dixit

328 2150 448 2195 Deus,
470 2150 530 2186 Ne
549 2150 760 2187 comedatis
787 2163 834 2186 ex
853 2149 937 2195 illo,
963 2163 1009 2186 ne
1036 2151 1276 2196 moriamini,-

328 2209 447 2259 itaque
459 2208 591 2246 sciebat
605 2218 754 2246 mortem
770 2222 911 2260 poenam
923 2223 1009 2259 esse,
1020 2209 1049 2246 si
1071 2209 1278 2247 mandatum

330 2270 657 2321 transgrederentur
679 2285 686 2305 ε
708 2269 771 2307 sed
808 2269 891 2320 quia
926 2278 1005 2322 post
1037 2269 1146 2322 hujus
1180 2284 1278 2308 esum

331 2341 364 2369 et
382 2346 533 2384 superna
549 2331 660 2382 gloria
676 2330 833 2383 spoliati,
851 2339 884 2368 et
902 2330 1105 2369 sensibilem
1119 2331 1280 2370 nudatio-

330 2406 411 2429 nem
432 2392 570 2445 experti
589 2401 684 2438 sunt,
707 2391 787 2429 ideo
805 2390 947 2430 vocavit
968 2391 1106 2443 lignum
1126 2393 1278 2430 scientiae

330 2453 415 2491 boni
434 2463 467 2491 et
486 2453 571 2491 mali
588 2469 595 2489 :
612 2461 685 2490 erat
711 2452 804 2490 enim
825 2452 917 2489 eirea
941 2452 1034 2490 illud
1057 2453 1157 2503 quasi
1181 2468 1277 2504 quae-

129 2521 247 2551 Momlis
268 2530 318 2548 ex·
332 2511 416 2552 dam
448 2513 655 2552 obedientiae
691 2513 910 2551 exercitatio.
952 2513 1140 2552 Didicistis
1173 2528 1281 2565 quare

131 2565 267 2593 hurmio.

332 2572 427 2615 dixit
450 2592 457 2612 :
478 2575 619 2628 Aperti
638 2584 728 2613 sunt
747 2575 849 2612 oculi
871 2574 1027 2613 illorum
1048 2584 1083 2614 et
1097 2589 1281 2628 cognove-

333 2647 424 2677 runt
442 2638 547 2691 quod
568 2636 662 2674 nudi
689 2641 828 2674 erant?
845 2635 1070 2688 Cognovistis
1101 2651 1210 2688 quare
1239 2638 1283 2675 li-

333 2714 444 2752 gnum
459 2699 527 2736 hoc
542 2698 695 2736 scientiae
709 2697 793 2735 boni
813 2706 846 2735 et
865 2698 951 2735 mali
967 2699 1137 2737 vocetur?
1158 2699 1283 2750 Cogita

333 2761 426 2799 enini
459 2769 590 2811 quanto
620 2758 756 2811 pudore
789 2758 905 2796 affecti
941 2768 1023 2797 sunt
1055 2768 1135 2811 post
1175 2759 1284 2811 hujus

334 2836 446 2867 esum,
461 2835 541 2858 cum
570 2819 777 2871 transgressi
804 2819 950 2857 fuissent
975 2826 1191 2872 praeceptum
1212 2818 1283 2858 Do-

336 2881 424 2919 mini
442 2897 448 2917 :
466 2883 706 2919 Consnerunt
735 2880 828 2918 enim
845 2881 955 2932 solia
975 2878 1096 2934 ficus,
1120 2890 1157 2919 et
1182 2883 1282 2927 fece-

337 2951 426 2980 runt
444 2944 515 2979 sibi
528 2943 797 2979 succinctoria.
821 2940 916 2980 Vide
930 2956 948 2978 a
968 2951 1098 2993 quanta
1115 2942 1228 2993 gloria
1248 2943 1283 2980 in

338 3011 505 3053 quantam
524 3002 697 3041 vilitatem
715 3001 857 3040 deducti
875 3003 957 3040 sint.
979 3003 1053 3051 Qui
1068 3012 1167 3040 antea
1185 3004 1286 3055 quasi

339 3072 520 3100 terrestres
545 3062 661 3111 angeli
679 3062 861 3113 vivebant,
882 3073 1019 3115 tegmen
1035 3064 1104 3102 sibi
1123 3078 1168 3102 ex
1191 3065 1286 3103 soliis

1342 338 1468 360 νοντων
1490 340 1561 376 πιθα
1563 340 1637 374 Yth&
1642 341 1708 363 ἴων
1727 342 1789 373 ‘t'rv
1809 327 1998 378 Ονομασίαν
2021 333 2091 372 ῒΟῖς
2109 344 2226 373 τΟπΟῑς
2256 345 2368 367 Ξπῑῒῑ“

1296 394 1321 423 1)
1343 382 1457 430 θέναι,
1479 384 1559 422 ἐνθα
1591 385 1631 422 ἂν
1665 388 1839 439 συμὸαίνῃ
1869 389 1913 426 τὰ
1941 389 2146 441 πράγματα.
2175 391 2243 429 Διὰ
2270 406 2370 429 τουτο

1290 1634 1336 1662 132

1343 447 1400 481 οὖν
1421 460 1480 481 και
1500 445 1539 482 τὸ
1558 444 1655 489 ξύλον
1667 448 1818 498 γνωστὸν
1833 451 1940 487 καλου
1955 466 2015 488 και
2027 466 2178 502 πονηρου
2188 452 2366 502 ὠνόμασεν

1343 507 1365 550 ἡ
1384 504 1459 542 Οεία
1477 506 1599 558 Γραφὴ
1611 537 1620 554 ,
1641 508 1790 555 ἐπειδὴρ
1800 524 1880 562 περι
1897 511 1980 548 αὐτὸ
1993 514 2034 556 ἦν
2050 515 2072 558 ἡ
2089 511 2286 564 παράὸασις
2309 527 2368 548 και

1343 568 1364 611 ἡ
1387 564 1524 616 φυλακὴ
1546 568 1608 611 τῆς
1626 567 1778 612 ἐντολῆς.
1797 567 1841 605 Ὁ
1855 568 1922 621 γὰρ
1936 571 1994 620 φι)
1998 569 2174 620 ἅνθρωπος
2190 570 2371 615 Δεσπότης

1344 622 1377 666 ἐξ
1397 625 1508 676 ἀρχῆς
1529 624 1628 662 καὶ’
1613 640 1652 662 εκ
1672 626 1864 678 προοιαίων
1894 627 2065 665 παιδευων
2090 628 2148 666 τὸν
2168 629 2348 681 ἄνθρωπον
2361 658 2370 673 ,

1345 683 1403 721 καὶ
1432 684 1565 729 διδάξαι
1594 686 1800 736 βουλόμενος
1833 688 1952 736 αὐτὸν,
1978 688 2030 725 ὅτι
2057 687 2131 740 ἔχει
2162 689 2369 739 δημιουργὸν

1345 745 1404 782 καὶ
1433 746 1581 793 ποιητὴν
1611 747 1668 785 τὸν
1698 748 1741 785 τὰ
1771 747 1930 800 ὁρώμενοι
1950 749 2064 787 πάντα
2095 749 2370 801 παραγαγόντα,

1345 807 1405 844 καὶ
1422 807 1523 846 αὐτὸν
1545 808 1804 857 διαπλάσαντα,
1821 809 1877 846 διὰ
1895 813 1956 856 τῆς
1977 817 2102 863 μικρᾶς
2132 809 2260 857 ταύτης
2279 813 2371 848 ἐντο-

1369 871 1409 914 ἧς
1432 868 1495 915 τὴν
1512 869 1640 908 οἰκείαν
1657 872 1750 923 αὐτῷ
1768 871 1970 909 δεσποτείαν
1998 871 2170 909 δεικνύναι
2189 870 2368 910 ἐίούλετο·

1347 929 1406 967 καὶ
1426 930 1550 968 ὡσανεὶ
1572 929 1740 977 δεσπότης
1756 931 1935 983 φιλότιμος
1958 926 2050 970 οἷκον
2070 932 2179 983 μέγαν
2204 932 2263 970 καὶ
2285 936 2371 970 θαυ-

1350 990 1480 1040 μαστόν
1503 1007 1570 1029 τινι
1598 991 1832 1044 παρεσχηκὼς
1868 993 1953 1044 πρὸς
1987 994 2203 1042 ἀπόλαυσιν,
2240 996 2278 1031 οὖ
2308 993 2372 1039 τὴν

1349 1050 1447 1095 ἀξίαν
1476 1051 1598 1102 τιμὴν,
1621 1052 1712 1091 ἀλλὰ
1736 1053 1848 1105 βραχύ
1865 1067 1899 1092 τι
1924 1055 2025 1107 μέρος
2040 1055 2232 1106 λαμὸάνειν
2253 1054 2373 1106 βούλε-

1349 1127 1427 1160 ται,
1452 1111 1541 1149 ὥστε
1558 1112 1618 1150 καὶ
1636 1115 1731 1165 αὐτῷ
1750 1113 1794 1151 τὰ
1820 1118 1882 1161 τῆς
1907 1116 2108 1160 δεσποτείας
2123 1116 2374 1168 φυλάττεσθαι,

1349 1175 1507 1211 κάκεῖνον
1525 1173 1677 1226 ἀκριὸῶς
1693 1174 1837 1223 εἰδέναι,
1855 1178 1902 1219 ὡς
1919 1175 1934 1195 ‘¹
1949 1177 1986 1214 οὗ
2001 1179 2063 1222 τ’ἧς
2079 1177 2233 1223 κτήσεως
2253 1177 2375 1215 &sond-

1350 1249 1412 1280 της
1428 1234 1538 1279 ἐστὶν,
1555 1234 1645 1273 ἀλλὰ
1673 1234 1792 1287 χάριτι
1827 1235 1886 1274 καὶ
1911 1236 2093 1289 φιλοτιμίᾳ
2122 1240 2185 1284 τῆς
2216 1237 2375 1290 χρήσεως

1352 1295 1537 1334 ἀπολαύει·
1558 1294 1649 1334 οὕτω
1665 1295 1756 1334 καὶὸ
1771 1297 1952 1344 Δεσπότης
1970 1301 1988 1335 ὃ
2009 1298 2177 1351 ἡμέτερος
2195 1298 2309 1337 πάντα
2331 1298 2376 1335 τὰ

1351 1357 1511 1410 ὁρώμενα
1543 1358 1775 1408 ἐμπιστεύσας
1793 1361 1844 1411 τῷ
1870 1358 2042 1413 ἀνθρώπῳ
2057 1390 2066 1407 ,
2095 1360 2155 1398 καὶ
2177 1360 2240 1406 τὴν
2270 1362 2303 1398 ἐν
2324 1362 2374 1412 τῷ

1351 1418 1552 1471 παραδείσω
1585 1418 1782 1470 διαγωγὴν,
1825 1421 1885 1458 καὶ
1920 1420 2060 1460 πάντων
2100 1437 2168 1459 των
2203 1423 2236 1459 ἐν
2281 1423 2375 1472 αὐτῳ

1351 1479 1615 1532 Βπαρεσχηκὼς
1641 1479 1703 1526 τὴν
1735 1480 1992 1529 ἀπόλαυσιν,“’
1979 1498 2032 1520 ινα
2062 1481 2111 1533 μὴ
2142 1481 2232 1521 κατὰ
2252 1483 2374 1535 μικρὸν

1350 1542 1532 1592 υποσυρεις
1560 1540 1622 1615 την
1645 1540 1818 1589 διάνοιαν,
1850 1542 1977 1595 νομίσῃ
2001 1543 2181 1594 αὐτόματα
2214 1547 2302 1582 εἶναι
2332 1542 2377 1581 τὰ

1350 1601 1531 1653 ὁρώμενα,
1549 1601 1608 1639 καὶ
1629 1601 1733 1640 πλέον
1762 1618 1797 1640 τι
1815 1619 1877 1649 της
1896 1602 2023 1648 οἰκείας
2054 1603 2149 1647 ἀξίας
2174 1607 2352 1656 φαντασθῇ·
2367 1633 2376 1651 ,

1301 1676 1326 1704 Α
1350 1662 1482 1701 κελεύει
1500 1668 1560 1701 τοῦ
1580 1662 1652 1706 ἑνὸς
1683 1663 1877 1715 ἀπέχεσθαι
1895 1664 1993 1708 ξύλου
2006 1694 2015 1711 ,
2041 1666 2187 1717 σφοδρὸν
2206 1665 2245 1702 τὸ
2266 1665 2377 1703 ἐπιτί-

1350 1739 1426 1773 μιον
1445 1723 1587 1776 ὁρίσας,
1618 1726 1646 1762 εἷ
1666 1724 1848 1776 παραῧαίη
1863 1755 1872 1772 ,
1893 1725 1950 1762 ἵνα
1972 1725 2099 1763 εἰδέναι
2118 1724 2202 1777 ἔχῃ,
2234 1727 2280 1769 ὡς
2309 1724 2376 1763 ὑπὸ

1349 1784 1520 1831 δεσπότην
1541 1785 1635 1829 ἐστὶ,
1652 1785 1712 1822 καὶ
1739 1785 1792 1823 ὅτι
1819 1785 1877 1822 καὶ
1897 1788 1965 1823 τῶν
1985 1788 2117 1824 λοιπῶν
2146 1785 2287 1838 μετέχει
2320 1786 2376 1823 διὰ

1346 1844 1410 1891 τὴν
1427 1850 1486 1883 τοῦ
1505 1845 1684 1884 Δεσπότου
1703 1846 1915 1898 φιλοτιμίαν.
1932 1847 2023 1886 Ἀλλ’
2046 1846 2166 1893 ἐπειδὴ
2192 1848 2304 1898 πολλῇ
2331 1848 2374 1897 τῇ

1348 1906 1536 1958 ἀπροσεξίᾳ
1550 1906 1790 1958 χρησάμενος,
1810 1907 1885 1957 ἅμα
1898 1910 1941 1959 τῇ
1955 1907 2093 1958 γυναικὶ
2110 1909 2157 1951 εἷς
2171 1907 2229 1945 τὸν
2239 1906 2375 1944 ὄλισθον

1347 1972 1464 2006 τοῦτον
1485 1967 1674 2006 κατέπεσεν
1701 1969 1739 2005 ἐκ
1755 1973 1813 2006 τοῦ
1831 1967 2037 2021 παραὸἧναι
2065 1967 2127 2014 τὴν
2146 1968 2300 2006 δοθεῖσαν
2320 1969 2376 2005 ἐν-

1347 2028 1465 2076 τολὴν,
1486 2028 1622 2067 καὶτοῦ
1649 2027 1747 2072 ξύλου
1777 2028 2054 2080 ἀπογεύσασθαι,
2074 2028 2130 2067 διὰ
2157 2032 2257 2067 τοῦτο
2279 2027 2375 2073 ξύλον

1349 2089 1433 2127 αὐτὸ
1463 2090 1615 2141 γνωστὸν
1645 2092 1753 2128 καλοῦ
1791 2091 1851 2127 καὶ
1883 2095 2036 2142 πονηροῦ
2078 2090 2270 2141 ὠνόμασεν.
2299 2092 2376 2128 Οὔκ

1349 2149 1469 2196 ἐπειδὴ
1490 2150 1558 2201 πρὸ
1577 2149 1696 2188 τούτου
1727 2150 1843 2201 ἠγνόει
1867 2151 1906 2188 τὸ
1925 2151 2030 2188 καλὸν
2055 2151 2115 2188 καὶ
2133 2151 2173 2189 τὸ
2206 2151 2373 2202 πονηρόν·

1349 2211 1439 2249 οὕτω
1464 2212 1530 2262 γὰρ
1551 2212 1612 2249 οὐκ
1637 2211 1772 2262 ἠγνόει,
1795 2214 1842 2254 ὡς
1866 2211 1929 2258 τὴν
1944 2218 2092 2262 γυναῖκα
2117 2211 2203 2264 πρὸς
2221 2211 2278 2249 τὸν
2298 2212 2373 2264 ὅφιν

1350 2271 1599 2323 διαλεγομένην
1626 2274 1753 2319 εἰπεῖν,
1773 2265 1881 2310 Εἶπεν
1907 2275 1924 2310 ὁ
1949 2272 2060 2319 Θεὸς,
2081 2274 2118 2309 οὗ
2147 2271 2293 2323 φάγεσθε
2311 2275 2373 2310 ἀπ’

1351 2334 1475 2381 αὐτοῦ,
1493 2332 1549 2370 ἵνα
1569 2332 1617 2383 μὴ
1639 2332 1852 2379 ἀποθάνητε·
1873 2332 1964 2372 ὥστε
1980 2333 2055 2383 ᾔδει
2074 2332 2126 2370 ὅτι
2145 2336 2167 2379 ἡ
2188 2333 2341 2384 τιμωρία
2357 2337 2375 2371 ὁ

1351 2393 1494 2438 θάνατος
1521 2388 1584 2440 ἦν,
1609 2395 1639 2431 εἷ
1665 2393 1853 2446 παραὲὦσι
1885 2393 1948 2440 τὴν
1975 2393 2136 2440 ἐντολήν·
2157 2393 2236 2432 ἀλλ’
2256 2395 2374 2441 ἐπειδὴ

1353 2454 1442 2506 μετα
1455 2454 1519 2500 τ>ν
1535 2454 1656 2493 τούτου
1675 2456 1805 2506 βρωσιν
1824 2470 1884 2492 και
1911 2471 1973 2501 της
2002 2455 2158 2493 ἄνωθενἱι
2170 2455 2376 2506 ἐγυμνώθη-
2392 2462 2394 2464 ’

1439 2514 1490 2528 ml?

1352 2531 1414 2553 σαν
1435 2529 1554 2563 οοςης,
1578 2515 1636 2553 και
1649 2531 1711 2561 της
1727 2517 1893 2562 αἰσθητῆς
1911 2515 2121 2567 γυμνώσεως
2139 2522 2262 2569 πεῖραν
2292 2517 2376 2555 ἔλα-

1353 2576 1428 2624 θον,
1445 2575 1501 2614 δια
1522 2580 1623 2615 τοῦτο
1641 2577 1793 2626 γνωστὸν
1815 2577 1899 2615 αὐτὸ
1917 2579 2024 2616 καλου
2045 2577 2104 2615 καὶ
2122 2580 2273 2628 πονηροῦ
2291 2577 2378 2616 ὠνό-

1353 2653 1480 2700 μασεν,
1501 2638 1620 2685 ἐπειδὴ
1635 2655 1714 2691 περι
1728 2639 1812 2676 αυτὸ
1821 2642 1890 2686 ,ὡς
1907 2654 1947 2676 αν
1961 2639 2053 2676 εἴποι
2079 2654 2149 2686 τις,
2162 2643 2183 2685 ἡ
2202 2640 2377 2689 γυμνασία

1352 2702 1393 2744 ἠν
1422 2715 1483 2745 της
1517 2701 1672 2746 υπακοῆς
1699 2715 1757 2737 και
1786 2702 1847 2745 τῆς
1867 2702 2059 2752 παρακοῆς.
2089 2698 2262 2749 Ἔμοίθετε
2286 2699 2377 2743 τίνος

1354 2760 1465 2798 ἕνεκεν
1486 2764 1601 2806 εἶπεν,
1624 2759 1678 2799 ὅτι
1703 2761 1960 2811 ΔιηνοίχΟησαν
1982 2762 2094 2798 αὐτῶν
2123 2762 2153 2798 οἷ
2185 2761 2294 2812 ὂφΟα)
2298 2762 2376 2811 μοὶ,

1353 2819 1412 2859 καὶ
1442 2819 1594 2871 ἔγνωσαν
1613 2820 1667 2859 ὅτι
1690 2821 1813 2872 γυμνοὶ
1837 2816 1944 2869 ἦσαν,
1967 2821 2124 2872 Ἔγνωτε
2149 2821 2240 2866 τίνος
2263 2823 2376 2861 ἕνεκεν

1353 2881 1506 2934 γνωστὸν
1522 2883 1629 2919 καλοῦ
1649 2882 1708 2919 καὶ
1727 2881 1743 2902 ¹²

1752 2885 1900 2934 πονηροῦ
1921 2885 2079 2921 καλεῖται
2107 2883 2145 2921 τὸ
2158 2882 2274 2931 ξύλον;
2296 2885 2305 2898 ’
2323 2897 2379 2923 ιν-

1353 2944 1475 2989 νόησον
1491 2942 1557 2994 γὰρ
1577 2942 1659 2989 ὅσης
1693 2943 1859 2995 αἰσχύνης
1888 2944 2032 2997 πλήρεις
2062 2944 2223 2995 γεγόνασι
2242 2947 2376 2992 λοιπὸν,

1357 3004 1445 3055 μετὰ
1466 3004 1528 3050 τὴν
1547 3003 1666 3041 τούτου
1689 3007 1818 3056 βρῶσιν
1837 3005 2057 3058 παραὸάντες
2083 3005 2145 3051 τὴν
2165 3006 2306 3052 ἐντολὴν
2321 3012 2380 3045 τοῦ

1360 3065 1538 3103 Δεσπότου
1553 3081 1560 3088 ·
1582 3063 1765 3118 Ἴίῤῥαψαν
1786 3065 1852 3117 γὰρ
1868 3066 1978 3118 φύλλα
1997 3069 2117 3113 συκῆς,
2135 3067 2194 3104 καὶ
2212 3066 2378 3113 ἐποίησαν

339 3125 554 3176 excogitant.
574 3125 731 3162 Tantum
763 3125 897 3163 malum
919 3136 970 3165 est
1000 3135 1194 3180 peecatum.
1209 3128 1286 3166 Non
1310 3138 1334 3168 C
1362 3129 1494 3170 ἑαυτοῖς
1520 3125 1757 3179 περιζώματα.
1789 3126 1886 3177 (Ὅρα
1915 3128 1972 3179 ἀφ’
2005 3126 2078 3169 οἵας
2104 3126 2201 3173 δόξης
2226 3128 2272 3170 εἰς
2305 3129 2378 3167 οἵαν

386 3266 398 3279 f
414 3256 469 3288 Sic
483 3253 582 3287 Savil.
600 3262 632 3285 ct
648 3254 761 3286 Morel.
778 3254 932 3298 Quinque
945 3257 1020 3288 Mss.
1040 3262 1106 3302 περὶ
1120 3261 1221 3291 αὐτοῦ.

384 3307 397 3326 ‘¹
414 3308 535 3338 omncs
552 3306 616 3337 fere
633 3311 663 3339 οὐ
680 3316 730 3344 τῆς
747 3313 873 3345 κτίσεως.
896 3309 1010 3339 Movet.
1030 3314 1061 3342 o)
1078 3318 1129 3347 τῆς
1145 3318 1281 3348 κτήσεως.

385 3366 395 3375 ⁰
416 3365 610 3404 napa-lma»,-
627 3367 701 3389 unlv
726 3375 777 3397 την
792 3364 951 3394 &thium-a
967 3359 1080 3393 ‹leerut
1096 3362 1125 3394 in
1144 3362 1340 3399 Μ()1ϊΙ,,5’.“ιΙ

341 3409 479 3443 liabetur
500 3409 701 3442 inmunibus
724 3410 788 3441 sere
805 3412 1046 3453 manuscriptis.

1421 3271 1435 3286 n
1458 3262 1540 3293 Tres
1555 3262 1632 3295 Mss.
1652 3267 1862 3304 ἐγυμνώθησαν
1876 3269 1999 3309 χάριτές
2014 3277 2046 3296 τε
2069 3267 2117 3296 καὶ
2139 3265 2238 3304 δόξης,
2255 3269 2303 3300 καὶ
2327 3276 2378 3305 τῆς

1377 3318 1514 3351 αἰσθητῆς
1530 3322 1657 3355 γνώσεως
1673 3323 1787 3359 πεῖραν,

1421 3367 1435 3389 ¹·
1462 3364 1572 3396 Mor-01.
1592 3374 1719 3409 πονηροῦ
1735 3372 1818 3402 adst
1835 3374 1876 3401 τὸ.
1898 3367 1958 3401 Alii
1974 3368 2038 3401 sere
2056 3381 2168 3402 ornnes
2185 3375 2327 3406 καλεῖται.
