2433 3775
775 186 818 215 tx
854 186 955 216 CAP.
996 185 1025 214 1.
1065 185 1228 215 GENES.

126 265 254 304 Ταῧτα
281 264 317 304 δὲ
344 267 409 318 οὐχ
431 267 551 310 ἁπλῶς
575 266 797 318 διηγησάμην
819 268 877 305 ἐπὶ
895 269 958 313 τῆς
979 265 1150 319 ὑμετέρας

126 325 284 377 ἀγάπης,
317 325 396 364 ἀλλ’
428 326 484 365 ἵνα
518 326 645 365 εἰδέναι
674 326 792 379 ἔχητε,
821 327 873 365 ὅτι
901 330 938 366 οὗ
965 327 1076 379 ταύτῃ
1106 329 1149 378 τῇ

126 384 293 436 γλώττῃ,
314 389 358 438 τῇ
382 386 540 440 ἡμετέρα
564 386 682 438 λέγω,
704 387 794 426 ἀλλὰ
816 390 859 438 τῇ
881 387 925 426 ‘E
928 388 1043 440 ὅραιδι
1062 383 1152 435 ἦσαν

124 446 394 497 συντεθειμέναι.
417 447 567 500 Λέγουσι
583 447 696 486 τοίνυν
713 450 744 486 οἱ
761 448 824 495 τὴν
842 451 1002 500 γλῶτταν
1015 449 1149 496 ἐκείνην

125 505 280 556 ἂκριὸῶς
297 506 312 527 ¹⁸
323 509 528 560 ἠσκημένοι,
542 509 582 547 τὸ
598 512 657 546 τοῦ
677 511 820 562 οὐρανοῦ
838 510 947 560 ὄνομα
965 512 1151 556 πληθυντι-

124 567 195 610 κῶς
216 570 397 607 καλεῖσθαι
413 569 510 622 παρὰ
523 575 598 615 ,τοῖς
614 570 795 623 Ἱίὅραίοις
809 601 819 618 ,
847 572 905 609 καὶ
924 574 1026 609 τοῦτο
1045 571 1103 609 καὶ
1119 574 1149 610 οἱ

125 626 190 674 τὴν
212 629 335 682 Σύρων
352 633 512 681 γλῶτταν
528 632 756 684 ἐπιστάμενοι
774 635 1057 683 συνομολογοῦσι.
1081 633 1149 671 Καὶ

125 691 188 727 οὐκ
208 691 248 728 ἄν
273 707 322 735 τις
342 692 445 740 εἴποι,
467 696 509 745 τῇ
530 692 668 745 γλώττῃ
685 724 694 740 ,
724 693 831 745 φησὶ,
858 696 900 745 τῇ
922 693 1006 744 παρ’
1025 695 1150 740 αὐτοῖς,

126 753 145 786 6
172 752 315 803 οὐρανὸς
329 784 338 800 ,
365 753 442 792 ἀλλ’
462 757 494 792 οἱ
521 753 672 806 οὐρανοί.
706 754 773 792 Διὰ
792 757 894 792 τοῦτο
911 753 1024 791 τοίνυν
1043 753 1151 797 οὕτως

125 811 264 863 εἴρηται
293 814 333 852 τὸ
360 815 428 853 ὑπὸ
455 820 515 854 τοῦ
538 814 711 866 μακαρίου
740 815 856 853 Δαυὶδ
872 815 1076 866 εἰρημένον,
1104 816 1150 853 Οἱ

124 873 264 924 οὐρανοὶ
284 878 350 913 τῶν
369 877 539 927 οὐρανῶν,
555 877 618 914 οὐκ
636 875 756 923 ἐπειδὴ
777 875 901 914 πολλοί
927 877 1013 914 εἰσιν
1035 876 1066 912 οἱ
1087 877 1150 913 οὐ-

128 934 226 986 ρανοί
239 951 246 958 ·
286 936 362 975 οὐδὲ
396 936 464 990 γὰρ
498 939 601 975 τοῦτο
628 939 722 988 ἡμᾶς
752 935 906 980 ἐδίδαξεν
933 939 951 974 ὁ
980 935 1151 990 μακάριος

128 996 294 1042 Μωϋσῆς·
306 997 385 1036 ἀλλ’
402 997 522 1044 ἐπειδὴ
534 997 678 1044 σύνηθες
687 1001 730 1050 τῇ
741 996 881 1049 γλώττῃ
895 998 963 1034 τῶν
973 996 1150 1049 Ἑὲῗραίων

125 1055 236 1102 οὕτως
257 1059 437 1110 ὀνομάζειν
460 1063 520 1097 τοῦ
540 1058 602 1107 τὴν
619 1059 691 1103 ἑνὸς
706 1059 941 1111 προσηγορίαν
959 1061 1149 1106 πληθυντι-

126 1120 211 1162 κῶς·
231 1120 306 1158 ἐπεὶ
319 1123 350 1158 εἷ
368 1120 493 1159 πολλοὶ
509 1114 618 1168 ἦσαν,
639 1121 701 1159 οὐκ
722 1120 761 1158 ἂν
780 1120 972 1174 παρέλειπε
986 1121 1026 1159 τὸ
1041 1122 1154 1159 Πνεῦ-

128 1196 179 1231 μα
193 1180 232 1218 τὸ
246 1182 343 1232 ἅγιον
362 1180 410 1232 μὴ
431 1180 488 1219 διὰ
506 1185 568 1228 τῆς
583 1181 740 1233 γλώττης
760 1186 820 1220 τοῦ
839 1180 1013 1235 μακαρίου
1030 1181 1150 1220 τούτου

125 1242 304 1315 προφήτου
334 1242 469 1286 διδάξαι
493 1245 588 1292 ἡμᾶς
613 1259 673 1281 και
688 1245 757 1280 τῶν
774 1242 892 1281 ἄλλων
907 1241 970 1289 τὴν
985 1244 1152 1320 δηυμιουρ-

1171 519 1196 549 C

126 1303 217 1354 γίαν.
238 1305 360 1342 Ταυτα
382 1303 534 1354 ἀκριὸῶς
554 1304 746 1356 κατέχετε,
774 1305 970 1356 παρακαλῶ
984 1331 993 1349 ,
1019 1303 1075 1342 ινα
1093 1304 1152 1343 διἰ-
1174 1313 1198 1343 D

125 1367 232 1411 νησθε
262 1362 497 1414 ἐπιστομίζειν
526 1364 603 1407 τοὺς
633 1364 772 1403 ἐναντία
800 1367 842 1416 τῇ
876 1365 1075 1418 Ἐκκλησία
1097 1366 1153 1405 δό-

126 1439 247 1474 γματα
275 1424 513 1477 οέπεισφέρειν
548 1424 792 1476 βουλομένους,
829 1424 890 1463 καὶ
920 1427 1033 1472 εἰδῆτε
1066 1426 1155 1478 μετὰ

128 1483 319 1537 ἀσφαλείας
338 1488 406 1523 τῶν
428 1488 462 1524 ἐν
481 1491 557 1530 ταῖς
581 1486 689 1529 θείαις
711 1487 869 1538 Γραφαῖς
893 1487 1061 1538 κειμένων
1090 1487 1152 1536 τὴν

128 1546 290 1597 δύναμιν.
320 1546 388 1585 Δια
414 1547 482 1599 γὰρ
503 1551 602 1586 τοῦτο
622 1547 682 1586 καὶ
703 1551 890 1600 συνεχῶςε
876 1551 1022 1588 ἐνταῦθα
1041 1566 1155 1602 παρα-

126 1607 284 1659 γίνεσθε,
310 1624 369 1646 και
392 1612 494 1660 ἡμεῖς
512 1607 722 1661 πυκνότερον
744 1608 808 1657 την
827 1626 912 1662 προς
939 1613 1029 1661 ὑμᾶς
1051 1611 1151 1649 διδα-

128 1669 277 1708 σκαλίαν
306 1669 522 1720 ποιούμεθα,
549 1669 606 1709 ἵνα
625 1686 895 1724 παρεσκευασμε
898 1687 951 1711 νοι
973 1675 1036 1719 ἠτε
1061 1688 1154 1711 παν-

128 1747 162 1769 τι
185 1748 236 1769 τω
264 1732 415 1769 αἰτοῦντι
439 1730 557 1783 ᾱὺμᾶς
583 1732 715 1771 διδόναι
745 1732 859 1785 λόγον.
894 1733 989 1772 Ἀλλ
1014 1733 1072 1772 ἐπὶ
1091 1733 1153 1781 τὴν

129 1792 334 1830 ἀκολουθίαν
364 1793 629 1844 ἐπανέλθωμεν,
663 1795 692 1832 εἰ
718 1794 823 1832 δοκεῖ.
863 1794 933 1833 Καὶ
954 1795 1116 1834 ἐκάλεσεν
1136 1798 1155 1834 ὁ

129 1854 237 1928 Θεὸς,
263 1854 360 1906 φησὶ,
379 1853 419 1892 τὸ
435 1854 618 1908 στερέωμα
637 1854 793 1908 οὐρανόν.
836 1855 905 1894 Καὶ
923 1849 1011 1894 εἶδεν
1031 1859 1049 1894 6
1066 1856 1156 1901 Θεὸς

128 1914 181 1953 ὅτι
198 1916 315 1953 καλόν.
333 1915 466 1954 Σκόπει
480 1916 571 1962 πόση
584 1919 652 1955 τῶν
669 1916 837 1969 ῥημάτων
856 1921 877 1964 ἡ
896 1917 1156 1969 συγκατάὸασις

131 1977 178 2015 δ’.
154 1994 187 2016 ἀ
207 1994 268 2023 τη)
289 1975 468 2015 ἀσθενειαν
490 1977 583 2023 τὴν
572 1977 804 2030 ἀνθρωπίνην.
827 1978 997 2031 Καθάπερ
1013 1978 1082 2033 γὰρ
1098 1980 1154 2018 ἐπι

128 2054 188 2076 του
208 2054 318 2090 φωτος
339 2042 456 2085 εἶπεν,
478 2039 507 2076 li
505 2032 579 2075 ἰδεν
599 2037 652 2076 ὅτι
672 2038 798 2085 καλὸν,
826 2055 917 2077 ουτω
944 2038 1002 2078 καὶ
1020 2045 1078 2079 νῦν
1097 2040 1154 2079 ἐπὶ

128 2103 188 2137 τοῦ
207 2101 363 2151 οὐρανου,
382 2098 423 2144 ἤ
408 2113 462 2136 τοι
477 2102 536 2136 τοῦ
555 2097 809 2150 στερεώματος,
826 2099 897 2136 Και
916 2093 1018 2147 εἶδεν,
1037 2100 1155 2152 φησὶν,

128 2161 146 2196 6
166 2159 255 2202 Θεὸς
271 2158 325 2197 ὅτι
347 2158 453 2197 καλόν
465 2174 473 2182 ·
496 2158 668 2196 διδάσκων
690 2162 784 2209 ἡμᾶς
805 2157 862 2196 διὰ
878 2159 999 2198 τούτου
1015 2161 1054 2198 τὸ
1074 2161 1156 2199 κάλ-

128 2221 187 2262 λος
217 2223 320 2258 αὐτοῦ
349 2220 387 2258 τὸ
411 2219 605 2271 ἀμήχανον.
635 2219 701 2263 Τίς
727 2219 795 2271 γὰρ
817 2222 878 2258 οὐκ
901 2219 941 2258 ἂν
961 2222 1154 2273 ἐκπλαγείη

128 2281 188 2318 καὶ
219 2281 448 2332 θαυμάσειεν,
468 2280 522 2319 ὅτι
553 2283 587 2319 ἐν
606 2279 761 2333 τοσούτῳ
780 2281 895 2334 χρόνῳ
917 2285 1068 2333 ἀκμαῖον
1087 2284 1153 2322 διε-

128 2343 261 2396 τήρησε
279 2343 319 2380 τὸ
336 2342 476 2390 κάλλος,
493 2341 553 2380 καὶ
569 2341 643 2394 ὅσῳ
661 2342 820 2394 πρόεισιν
836 2346 854 2382 6
873 2342 1009 2396 χρόνος,
1031 2344 1153 2383 τοσού-

128 2421 178 2457 τῳ
217 2403 276 2441 καὶ
308 2403 348 2441 τὸ
373 2402 500 2446 κάλλος
522 2403 751 2452 ἐπιτείνεται,
780 2404 829 2442 Τί
852 2404 920 2457 γὰρ
948 2405 1155 2458 ὡραιότερον

127 2466 250 2517 γένοιτ’
271 2464 310 2503 ἂν
330 2469 390 2503 τοῦ
406 2464 504 2518 παρὰ
517 2468 577 2503 τοῦ
593 2466 806 2518 δημιουργοῦ
825 2466 884 2505 τὸν
903 2465 1044 2505 ἔπαινον
1059 2466 1156 2511 δεξα-

130 2527 251 2578 μένου,
273 2527 318 2564 Εἰ
341 2524 409 2577 γὰρ
428 2529 530 2575 ἡμεῖς
555 2525 738 2579 ἀνθρώπου
756 2525 854 2580 ἔργον
871 2530 1019 2579 ὁρῶντες
1042 2529 1156 2580 ἀπηρ-

127 2587 288 2638 τισμένον
302 2615 312 2633 ,
334 2586 553 2637 θαυμάζομεν
575 2586 613 2624 τὸ
633 2590 777 2639 σχῆμα,
792 2587 856 2636 τὴν
873 2587 966 2627 θέσιν
979 2619 988 2637 ,
1006 2589 1046 2628 τὸ
1065 2590 1156 2628 κάλ-

127 2651 206 2696 λος,
236 2647 298 2695 τὴν
324 2649 512 2699 ἀναλογίαν
527 2678 538 2695 ,
559 2648 618 2687 τὸν
644 2649 794 2700 ῥυθμὸν,
821 2648 866 2687 τὰ
888 2650 980 2688 ἄλλα
1004 2650 1156 2699 ἅπαντα,

126 2714 141 2730 ³
153 2710 192 2748 τὸ
211 2709 278 2747 ὑπὸ
295 2713 356 2748 τοῦ
371 2711 462 2748 Θεοῦ
480 2708 733 2761 δημιουργηθὲν
748 2713 823 2753 πῶς
837 2710 876 2748 ἄν
891 2726 943 2754 τις
961 2710 1041 2748 κατ’
1059 2711 1155 2756 ἀξίαν

128 2770 323 2809 ἐπαινέσειε
337 2800 346 2816 ,
371 2770 430 2808 καὶ
458 2770 615 2820 μάλιστα
634 2770 716 2809 ὅταν
742 2771 802 2810 καὶ
824 2774 928 2810 αὐτοῦ
944 2775 1004 2810 τοῦ
1020 2772 1157 2812 Δεσπό-

127 2847 187 2870 του
212 2832 270 2870 τὸν
297 2831 437 2869 ἔπαινον
465 2830 626 2879 δέξηται,
646 2833 760 2871 Τοῦτο
778 2833 846 2885 γὰρ
871 2832 928 2871 διὰ
947 2833 1010 2881 τὴν
1029 2834 1145 2885 ἡμετέ-

131 2906 192 2941 ραν
207 2889 469 2942 συγκατάὸασιν
488 2889 637 2943 εἴρηται,
654 2891 714 2929 καὶ
728 2891 805 2943 ὄψει
821 2892 923 2931 αὐτὸν
940 2892 993 2945 ἐφ’
1010 2893 1157 2932 ἑκάστου

129 2954 197 2988 τῶν
217 2949 406 3002 γινομένων
425 2955 524 2990 τοῦτο
541 2951 702 3003 λέγοντα,
722 2953 783 2991 καὶ
800 2958 1079 3006 προαναιροῧντα
1093 2954 1156 3002 τ-ἡν

130 3010 262 3062 τόλμαν
283 3013 351 3048 τῶν
373 3011 463 3061 μετὰ
477 3015 588 3050 ταῦτα
605 3013 800 3063 μελλόντων
817 3013 880 3062 τὴν
897 3015 1028 3053 οἰκείαν
1041 3017 1155 3067 γλῶσ-

1176 1800 1201 1830 Ε

1271 186 1426 217 nomin.
1468 188 1529 216 ιν.
2114 177 2171 219 33

1222 275 1303 305 strae
1323 267 1461 305 caritati
1492 267 1729 317 narraverim,
1750 267 1810 306 scd
1841 278 1877 306 ut
1903 270 1992 308 scire
2015 272 2172 322 possitis,

1223 339 1291 364 non
1314 327 1382 367 hac
1401 327 1536 378 lingua,
1558 336 1688 377 nostra,
1711 328 1870 379 inquam,
1890 330 1950 366 sed
1984 330 2172 378 llebraica,

1221 387 1330 426 fuisse
1353 388 1418 426 hos
1438 388 1548 426 libros
1575 388 1800 440 compositos.
1821 389 1956 426 Dicunt
1985 389 2095 440 igitur
2114 393 2173 442 qui

1222 447 1354 500 lingum
1380 450 1455 502 ejus
1485 449 1648 502 apprime
1679 449 1781 500 gnari
1811 458 1913 497 sunt,
1940 450 2017 488 caeli
2050 466 2175 489 nomen

1221 509 1352 561 plurali
1382 524 1530 548 numero
1549 510 1595 548 al)
1618 510 1775 548 llebraeis
1794 510 1928 558 vocari,
1949 510 2045 561 quod
2064 512 2178 549 consi—

1222 578 1340 608 tentur
1368 571 1474 609 etiam
1498 571 1560 622 qui
1587 571 1763 624 Syrorum
1788 570 1950 622 linguam
1981 571 2110 615 sciunt.
2133 571 2179 610 Et

1222 645 1324 669 nemo
1347 647 1388 670 ca
1414 632 1536 684 lingua
1565 632 1653 670 dicit
1685 631 1829 679 cadum,
1854 630 1916 669 sed
1947 631 2038 670 caeli.
2067 636 2180 683 Atque

1220 690 1354 730 idcirco
1371 692 1422 729 sic
1438 692 1575 731 dictum
1595 701 1644 730 est
1663 706 1682 730 a
1698 692 1802 730 beato
1815 691 1966 739 Davide,
1982 694 2080 731 Caeli
2097 707 2176 731 στε-

1223 752 1349 790 lorum
1367 769 1375 789 :
1395 767 1462 791 non
1479 753 1576 803 quod
1593 753 1695 790 multi
1712 753 1782 790 sint
1797 753 1875 790 cci-li
1891 769 1898 789 τ
1915 768 1982 791 11011
1999 754 2094 792 enim
2110 754 2178 792 hoc

1222 825 1285 850 nos
1302 813 1424 850 docuit
1442 814 1566 851 beatus
1588 815 1725 861 Moses;
1745 812 1804 850 sed
1827 814 1909 863 quia
1931 829 2005 852 mos
2030 824 2081 853 est
2104 815 2175 852 lin-
2190 852 2208 879 1
2231 809 2382 877 ῘῙ“Ῐ””1““’”

1223 886 1300 924 guae
1317 873 1500 911 Hebraicae
1522 887 1629 910 unam
1654 887 1728 911 rem
1750 871 1933 911 nominare
1952 875 2082 940 plurali
2108 890 2175 913 nu-
2194 860 2324 921 ι’ῑῖἕζζῖι
2341 862 2381 876 “-

1221 947 1347 972 mero:
1365 934 1450 985 quia
1469 934 1497 972 si
1517 933 1621 971 multi
1637 942 1764 983 essent,
1784 947 1853 971 non
1869 934 2046 972 omisisset
2064 936 2180 987 Spiri

1222 1003 1280 1032 tus
1297 1004 1440 1032 sanctus
1458 1008 1521 1047 per
1539 994 1698 1046 linguam
1719 993 1814 1032 beati
1834 994 1982 1047 hujusce
2000 996 2182 1048 prophetae

1222 1065 1256 1094 et
1274 1056 1429 1094 aliorum
1456 1056 1705 1094 formationem
1731 1069 1794 1094 nos
1824 1055 1964 1094 docere.
1982 1056 2065 1095 Haec
2090 1056 2181 1095 dili-

1223 1126 1345 1170 genter
1375 1117 1542 1166 retinete,
1573 1117 1736 1165 obsecro,
1764 1126 1804 1155 ut
1833 1117 1976 1169 possitis
2000 1118 2184 1157 obstruere

1223 1192 1284 1217 ora
1309 1193 1432 1217 eorum
1460 1179 1524 1229 qui
1550 1178 1726 1216 contraria
1745 1177 1992 1215 ecclesiasticis
2011 1178 2184 1217 doctrinis

1223 1240 1390 1289 asserunt,
1405 1249 1439 1278 et
1460 1239 1496 1277 in
1513 1248 1589 1277 tuto
1608 1238 1762 1277 videatis
1780 1238 1951 1278 virtutem
1969 1253 2092 1277 eorum
2107 1254 2184 1291 quae

1224 1300 1261 1338 in
1281 1300 1469 1353 Scriptura
1489 1300 1728 1338 continentur.
1750 1301 1842 1338 Nam
1862 1299 1996 1338 idcirco
2020 1300 2184 1351 frequen-

1224 1370 1277 1400 ter
1296 1361 1357 1399 hic
1383 1361 1595 1412 convenitis,
1616 1370 1651 1399 et
1678 1375 1740 1399 nos
1766 1361 1967 1399 uberiorem
1985 1361 2184 1400 doctrinam

1226 1423 1547 1473 communicamus,
1563 1432 1602 1460 ut
1615 1422 1728 1475 parati
1744 1422 1820 1461 sitis
1835 1422 1931 1461 omni
1945 1423 2103 1475 poscenti
2120 1438 2184 1462 vos
2204 1442 2228 1463 ι.
2247 1435 2313 1463 Pet.
2333 1435 2362 1464 3.

1226 1482 1399 1520 rationem
1425 1481 1585 1520 reddere.
1612 1481 1683 1521 Sed
1711 1481 1756 1519 ad
1781 1482 2027 1533 consequentia
2063 1482 2184 1520 redea-
2203 1475 2248 1504 ¹⁵·

1226 1557 1318 1593 mus,
1332 1543 1362 1582 si
1379 1543 1507 1596 placet.
1526 1543 1562 1582 8.
1584 1544 1639 1581 Ec
1656 1545 1828 1588 vocavit,
1847 1542 1910 1591 ait,
1926 1544 2032 1581 Deus
2034 1543 2185 1596 sirma-

1227 1613 1398 1642 mentum
1427 1605 1578 1642 coelum.
1603 1605 1659 1642 Et
1682 1605 1787 1642 vidit
1812 1604 1934 1651 Deus,
1961 1605 2067 1656 quod
2091 1614 2187 1643 esset

1229 1668 1385 1704 bonum.
1409 1665 1562 1703 Attende
1585 1674 1759 1716 quantum
1793 1664 1850 1703 his
1877 1665 1997 1703 verbis
2023 1665 2188 1704 bumanae

1227 1741 1264 1766 se
1278 1735 1489 1779 attemperet
1508 1726 1724 1764 infirmitati.
1741 1726 1834 1763 Nam
1855 1725 1947 1763 sicut
1965 1725 2010 1764 de
2030 1726 2109 1764 luce
2125 1726 2187 1764 di-

1227 1788 1308 1826 xit:
1331 1789 1437 1825 Vidit
1467 1788 1573 1840 quod
1602 1795 1700 1825 esset
1729 1789 1830 1824 bona
1854 1802 1865 1822 .-
1886 1786 1935 1824 ita
1963 1796 1995 1825 et
2021 1801 2116 1825 nunc
2143 1787 2189 1826 de

1229 1849 1314 1897 caelo
1338 1848 1440 1899 dicit,
1464 1848 1532 1886 1100
1554 1857 1620 1898 est,
1636 1847 1681 1885 de
1704 1848 1929 1885 firmamento
1955 1862 1963 1884 τ
1990 1850 2045 1886 Et
2067 1849 2184 1895 vidit,

1228 1910 1357 1961 inquit,
1377 1911 1499 1956 Deus,
1523 1910 1629 1961 quod
1650 1917 1746 1947 esset
1780 1911 1923 1946 bonum
1943 1924 1953 1944 .·
1973 1908 2103 1948 docens
2124 1923 2188 1947 nos

1227 1984 1290 2023 per
1309 1969 1406 2007 istud
1429 1969 1639 2006 immensam
1662 1967 1968 2020 pulchritudinem
1987 1968 2074 2020 ejus.
2096 1969 2188 2016 Quis

1227 2031 1322 2070 enim
1342 2044 1412 2068 non
1428 2029 1690 2081 obstupesceret
1709 2037 1815 2078 atque
1836 2027 2074 2067 admiraretur
2091 2030 2188 2080 quod

1228 2091 1494 2129 firmamentum
1510 2098 1607 2127 tanto
1619 2098 1778 2141 tempore
1789 2089 1970 2140 vigentem
1982 2099 2098 2128 servet
2110 2091 2189 2142 pul-

1227 2150 1482 2199 chritudinem,
1496 2158 1529 2188 et
1544 2149 1643 2200 quod
1660 2158 1836 2200 quantum
1855 2149 2085 2201 progreditur
2100 2159 2188 2189 tem-

1228 2227 1317 2265 pus,
1334 2220 1475 2250 tantum
1500 2219 1673 2262 augeatur
1696 2209 1957 2262 pulchritudo?
1978 2210 2077 2257 Quid
2095 2211 2190 2250 enim

1228 2273 1421 2326 speciosius
1436 2287 1491 2323 eo,
1507 2270 1605 2324 quod
1620 2270 1765 2309 laudem
1780 2271 1825 2309 ab
1842 2273 1919 2324 ipso
1935 2272 2076 2324 Opifice
2091 2287 2188 2311 acce-

1228 2335 1306 2388 pit?
1326 2335 1419 2373 Nam
1439 2334 1469 2372 si
1488 2348 1552 2372 nos
1571 2332 1727 2371 hominis
1749 2346 1839 2385 opus
1861 2333 2023 2372 videntes
2042 2334 2188 2373 absolu-

1228 2406 1317 2446 tum,
1326 2395 1548 2434 admiramur
1560 2394 1728 2445 figuram,
1738 2394 1858 2443 situm,
1867 2393 2186 2446 pulchritudinem,

1227 2457 1510 2512 proportionem,
1525 2455 1752 2507 elegantiam,
1766 2454 1906 2505 aliaque
1925 2455 2043 2493 omnia
2063 2471 2070 2492 :
2091 2456 2187 2507 quod

1228 2521 1362 2558 factum
1379 2527 1431 2557 est
1448 2532 1466 2555 a
1481 2518 1557 2555 Deo
1578 2516 1658 2568 quis
1676 2515 1785 2568 digne
1799 2515 1972 2566 laudarit,
1988 2518 2186 2568 praesertim

1228 2595 1312 2619 cum
1329 2581 1375 2619 ab
1390 2580 1467 2633 ipso
1481 2578 1636 2616 Domino
1650 2577 1794 2616 laudem
1810 2577 1971 2629 accepit?
1987 2578 2070 2615 Hoec
2090 2579 2184 2617 enim

1228 2644 1324 2682 dicta
1345 2643 1393 2680 ita
1407 2650 1501 2690 sunt,
1521 2648 1560 2677 ut
1581 2653 1617 2677 se
1635 2647 1883 2691 attemperaret
1902 2647 2030 2676 nostrae
2043 2639 2185 2691 fragili-

1228 2705 1306 2753 tati,
1323 2702 1533 2752 videbisque
1555 2700 1623 2737 hoc
1645 2712 1709 2751 per
1725 2698 1882 2749 singulas
1902 2707 2083 2737 creaturas
2097 2699 2184 2750 dici,

1228 2776 1262 2806 et
1292 2766 1341 2804 ita
1378 2763 1502 2802 multis
1529 2770 1629 2798 antea
1666 2759 1803 2798 sacculis
1839 2759 2023 2811 profligari
2055 2774 2184 2813 ausum

1228 2841 1365 2874 eorum,
1389 2825 1451 2876 qui
1476 2823 1635 2874 linguam
1654 2834 1756 2858 suam
1779 2819 1918 2858 acuturi
1936 2829 2036 2858 erant
2062 2831 2183 2860 contra

1227 2888 1413 2943 opificium
1432 2884 1515 2933 Dei,
1534 2892 1567 2921 ct
1581 2880 1742 2919 dicturi:
1764 2881 1885 2929 Quare
1903 2879 1972 2919 hoc
1987 2891 2022 2919 et
2043 2881 2111 2920 hoc
2129 2883 2184 2920 sa-

1229 2962 1326 2991 ctum
1341 2948 1419 2987 est?
1435 2945 1540 2984 Talia
1557 2943 1667 2994 igitur
1686 2941 1846 2980 dicturos
1864 2950 1945 2980 ante
1966 2943 2184 2995 comprimit,

1227 3013 1349 3051 dicens
1380 3025 1388 3046 ε
1421 3009 1473 3046 Et
1503 3005 1602 3043 vidit
1636 3004 1743 3041 Deus
1774 3003 1878 3054 quod
1905 3013 2001 3042 essee
2030 3006 2182 3043 bonum.

176 3138 193 3161 b
210 3136 317 3170 Iidem
342 3142 429 3179 hez-0
423 3142 512 3171 ,tes-201.
532 3137 646 3171 Mox-el.
665 3155 695 3172 ν..
687 3153 794 3183 traps
788 3142 850 3175 'wt-
869 3139 963 3173 Infra
976 3139 1044 3174 duo
1060 3141 1136 3173 Mss.
1173 3147 1267 3183 ptum
1293 3147 1395 3180 usque
1421 3132 1464 3165 ad
1484 3132 1617 3164 tertium
1635 3128 1763 3162 caelum

129 3188 232 3222 Savil.
246 3189 278 3220 in
296 3199 399 3231 marg.
414 3195 467 3227 τὴν
484 3192 577 3233 Σύρα-,ι
593 3193 743 3232 γλῶτταν.
758 3191 923 3225 Caelorum
941 3204 1062 3225 nomen
1080 3191 1139 3224 he-

132 3240 242 3273 braice
258 3244 383 3279 0⁹02).
402 3240 545 3272 Unicum
564 3240 680 3274 caelum
698 3241 848 3276 admittit
865 3243 1138 3289 Cltrysostomus‚

130 3301 165 3326 et
181 3293 358 3337 respondet
375 3304 571 3338 argumento
587 3307 626 3329 ex
644 3298 781 3331 Psalmis
797 3299 964 3341 deducto,
980 3313 1046 3345 quo
1064 3301 1139 3344 plu-

133 3357 184 3378 res
201 3344 412 3388 comprobari
438 3345 594 3380 videntur
620 3349 712 3392 caeli,
728 3351 785 3383 sed
809 3359 897 3385 tacet
923 3352 1060 3386 Paulum
1086 3366 1140 3385 ra-

344 3402 438 3426 τοΜ.
472 3404 524 3427 ιν.

1219 3203 1231 3218 c
1248 3190 1382 3233 Aliquot.
1410 3180 2182 3229 11155.ἐπ.-ἰσιέο;-ιν.58111.έπιῐερς(ν.Μοι-ε1,

1175 3251 1288 3291 εἶαρ-ἐρ·
1277 3259 1326 3278 ;-ιν

1219 3297 1234 3321 d
1253 3293 1355 3329 Saxil.
1375 3295 1451 3335 ὑμᾶς
1468 3292 1575 3323 διδόναι
1590 3292 1685 3330 λόγον.
1702 3285 1744 3319 Iu
1761 3286 1876 3319 Morel.
1896 3289 2003 3321 διδόναι
2020 3285 2122 3320 deest.

1221 3359 1232 3372 ν·
1248 3344 1384 3379 Coisliu.
1406 3350 1444 3377 τά
1461 3346 1514 3375 ὑπ’)
1532 3346 1583 3374 τοῦ
1601 3344 1666 3376 θεοῦ
1684 3342 1953 3384 {aptavlt-[ssiam.

1956 3391 1966 3405 Ι

1949 3404 1971 3434 ⁴
