2433 3775
751 205 793 234 ΙΝ
831 204 930 233 ΕΑΡ.
973 202 1002 231 t.

109 306 165 330 νον
195 291 328 333 ἑαυτοῖς
358 288 597 342 ἐπισωρεύωσι
620 287 660 326 τὸ
678 290 747 340 πῦρ
765 286 804 324 τὸ
824 285 1011 331 ἄσέῗεστον,
1043 282 1134 322 ἀλλὰ

109 351 168 390 καὶ
195 351 324 403 ἑτέροις
343 350 447 389 αἴτιοι
476 349 645 402 γένωνται
663 351 723 386 τοῦ
740 350 784 400 τῇ
804 348 919 398 πλάνῃ
942 347 1133 400 προσηλῶ-

109 417 201 459 σθαι,
218 412 278 451 καὶ
295 413 381 464 πρὸς
400 411 462 459 τὴν
483 415 545 458 τ’ῆς
565 413 690 463 ἀρετῆς
709 409 936 448 διδασκαλίαν
957 407 1134 460 ἀποφράτ-

107 491 178 514 τειν
212 474 256 513 τὰ
278 468 351 513 ῶτα
366 504 376 521 ,
401 474 462 513 καὶ
491 473 580 526 μετὰ
610 473 731 512 τούτου
752 472 900 516 καὶτοῖς
919 470 982 517 τὴν
1008 469 1135 523 ἀρετὴν

110 540 266 587 μετιοῦσι
298 536 464 582 διαὸολῆς
494 534 653 589 ἀφορμὴν
688 535 904 588 παρέχουσι,
938 533 996 571 καὶ
1023 533 1064 570 τὸ
1092 530 1133 578 δὴ

108 596 248 636 πάντων
279 596 550 650 χαλεπώτερον,
581 595 663 635 ὅταν
701 597 743 634 δι’
769 597 882 633 αὐτῶν
905 597 922 632 ὁ
954 591 1135 638 Δεσπότης

110 659 377 710 βλασφημῆται.
415 657 525 710 ςΟρξίς
549 657 614 704 ὅση
643 659 707 703 τῆς
726 655 851 699 κακίας
871 658 893 701 ἡ
913 653 1031 704 λύμη;
1055 656 1136 705 ὁρᾷς

108 722 155 764 ὡς
178 722 215 759 οὐ
234 723 278 772 τῇ
301 719 454 772 τυχούσῃ
476 719 619 758 κολάσει
638 717 845 761 ὑπευθύνους
872 713 1012 757 ἑαυτοὺς
1039 713 1135 751 ιικοι-

111 783 275 820 θιστῶσιν
296 784 327 819 οἱ
356 780 420 827 τὴν
445 779 572 818 κακίαν
593 778 788 830 μετιόντες,
813 775 903 814 ἀλλὰ
921 775 979 814 καὶ
1003 773 1135 827 σφόδρα

113 841 290 894 βαρυτάτῃ
305 871 314 887 ,
337 841 407 893 εἴγε
429 841 586 891 μέλλοιεν
602 839 689 890 ὑπὲρ
711 839 874 877 ἁπάντων
895 835 1036 879 εὐθύνας
1057 834 1137 874 ὑπέ-

109 919 205 957 χειν,
225 904 262 942 οὗ
282 902 384 954 μόνον
403 901 490 954 ὑπὲρ
510 905 572 948 τῆς
592 903 724 939 ἑαυτῶν
745 899 922 942 ἀπωλείας
937 929 946 947 ,
967 897 1058 936 ἀλλὰ
1078 896 1138 936 καὶ

110 963 198 1016 ὑπὲρ
222 967 282 1002 τοῦ
318 966 388 1002 τῶν
420 961 713 1013 πεπλανημένων
740 961 948 1008 σκανδάλου,
974 959 1033 998 καὶ
1052 958 1140 1010 ὑπὲρ

110 1029 174 1072 τῆς
193 1024 406 1077 κατηγορίας
426 1027 494 1062 τῶν
513 1023 577 1070 τὴν
599 1022 724 1076 ἀρετὴν
744 1022 953 1074 μετιόντων,
975 1020 1034 1058 καὶ
1052 1019 1141 1071 ὑπὲρ

112 1088 177 1132 τῆς
207 1087 255 1130 εἷς
289 1087 348 1125 τὸν
385 1085 475 1124 Θεὸν
512 1084 759 1138 βλασφημίας;
794 1086 919 1122 Ταῦτα.
953 1082 994 1130 δὴ
1028 1081 1143 1120 πάντα

118 1150 311 1192 ἐννοοῦντες
332 1147 381 1199 μὴ
402 1150 588 1198 ἀμελῶμεν
608 1149 671 1192 τῆς
698 1149 829 1184 ἑαυτῶν
850 1145 1049 1198 σωτηρίας,
1083 1143 1143 1182 καὶ

117 1211 180 1256 τῆς
198 1208 288 1247 κατὰ
307 1208 397 1248 Θεὸν
413 1207 590 1251 πολιτείας
608 1206 742 1254 πολλὴν
757 1206 939 1258 ποιώμεθα
955 1205 1018 1253 τὴν
1039 1220 1143 1258 φρον-

114 1269 214 1316 τίδα,
236 1270 360 1314 εἰδότες
377 1269 432 1319 ὅτι
452 1271 605 1307 ἐντεῦθεν
626 1269 780 1321 μάλιστα
806 1268 828 1314 ἢ
850 1267 1145 1321 κατακρινόμεθα,

113 1331 136 1377 ἢ
157 1334 219 1378 τ’ἧς
250 1333 333 1383 παρ’
367 1333 472 1370 αὐτοῦ
503 1330 763 1384 φιλανθρωπίας
794 1329 995 1381 ἀξιούμεθα.
1039 1329 1146 1368 Οὕτω

113 1391 227 1430 τοίνυν
269 1391 384 1430 πάντα
419 1391 656 1445 πράττωμεν,
692 1391 784 1429 ὥστε
811 1390 870 1429 καὶ
899 1395 994 1441 ἡμᾶς
1024 1392 1144 1443 ἀγαθῷ

114 1453 286 1491 συνειδότι
318 1454 424 1504 συζῇν
439 1483 449 1500 ,
472 1452 628 1496 καὶτοὺς
655 1452 707 1491 ἔτι
731 1451 981 1503 πλανωμένους
1007 1452 1064 1491 διὰ
1083 1455 1146 1500 τῆς

115 1513 289 1566 ἡμετέρας
313 1512 404 1552 κατὰ
435 1515 528 1553 Θεὸν
557 1517 778 1567 ἀναστροφῆς
809 1513 867 1551 ἐπὶ
892 1512 955 1560 τὴν
979 1514 1144 1562 ἀλήθειαν

114 1580 344 1629 χειραγωγεῖν
357 1606 367 1624 ,
391 1575 464 1614 καὶ·
477 1575 522 1613 δι’
542 1578 642 1627 ἡμῶν
665 1575 724 1614 καὶ
744 1574 822 1618 τοὺς
840 1575 966 1619 ἄλλους
988 1576 1146 1619 ἅπαντας

115 1635 194 1681 τοὺς
217 1638 292 1688 μεθ’
309 1639 410 1687 ἡμῶν
430 1635 662 1688 τεταγμένους
688 1640 848 1689 χρηστῆς
867 1636 1040 1689 εὐφημίας
1060 1639 1146 1675 ἀπο·

114 1697 247 1746 λαύειν,
269 1698 328 1736 καὶ
348 1698 416 1751 πρὸ
436 1698 564 1738 τούτων
579 1697 742 1737 ἁπάντων
760 1697 960 1744 δοξάζεσθαι
981 1698 1039 1736 τὸν
1059 1697 1146 1749 ἡμέ-

115 1775 212 1812 τερον
234 1759 439 1807 Δεσπότην,
472 1760 532 1799 καὶ
550 1760 694 1798 πλείονα
714 1759 777 1808 τὴν
796 1760 878 1813 περὶ
897 1763 993 1811 ἡμᾶς
1012 1759 1146 1798 ἐπιδεί-

116 1824 259 1860 κνυσθαι
281 1820 503 1871 κηδεμονίαν.
533 1819 648 1859 εΌταν
673 1819 742 1872 γὰρ
761 1823 808 1864 εἷς
829 1825 922 1872 ἡμᾶς
943 1823 1089 1873 ὁρῶντες
1114 1822 1146 1858 ot

118 1883 297 1934 ἄνθρωποι
312 1882 534 1934 κερδαίνωσι,
554 1881 614 1919 καὶ
630 1881 692 1927 τὴν
713 1884 761 1924 εἷς
782 1881 840 1919 τὸν
860 1881 949 1920 Θεὸν
973 1881 1144 1933 εὐφημίαν

118 1943 346 1995 ἀναφέρωσι,
380 1942 536 1986 πλείονος
567 1942 626 1980 καὶ
650 1945 751 1992 ἡμεῖς
781 1942 1053 1993 ἀπολαυσόμεθα
1084 1946 1146 1990 τῆς

119 2006 202 2055 παρ’
223 2005 326 2040 αὐτοῦ
348 2006 468 2056 ῥοπῆς.
503 2003 550 2041 Τί
577 2005 644 2056 γὰρ
666 2003 705 2042 ἂν
724 2003 778 2051 εἴη
801 2002 1062 2057 μακαριώτερον
1084 2007 1142 2043 ἀν-

119 2063 276 2116 θρώπου,
296 2064 376 2102 ὅταν
399 2063 489 2102 οὕτω
517 2064 766 2112 πολιτεύηται,
794 2064 884 2102 ὥστε
902 2063 980 2107 τοὺς
996 2067 1148 2118 ὁρῶντας

117 2124 386 2172 ἐκπλήττεσθαι,
401 2124 463 2163 καὶ
480 2124 605 2176 λέγειν,
630 2125 711 2169 δόξα
731 2140 796 2171 σοι,
817 2117 845 2162 ὦ
866 2124 956 2169 Θεός
970 2141 978 2148 ·
995 2126 1148 2164 ποταποί

118 2188 203 2224 εἰσιν
224 2188 255 2223 οἱ
276 2185 505 2238 Χριστιανοί;
522 2186 635 2233 πόσην
653 2185 911 2224 ἐπιδείκνυνται
930 2187 1147 2240 φιλοσοφίαν,

115 2249 190 2290 πῶς
227 2248 423 2299 ὑπερορῶσι
455 2249 524 2285 τῶν
553 2246 755 2299 παρόντων;
788 2250 863 2292 πῶς
896 2248 1035 2286 ἅπαντα
1064 2248 1147 2288 σκιὰ

116 2310 231 2354 αὐτοῖς
251 2308 311 2346 καὶ
325 2307 408 2360 ὄναρ
421 2308 636 2358 νενόμισται,
657 2308 718 2347 καὶ
737 2309 849 2347 οὐδενὶ
874 2312 943 2348 τῶν
960 2310 1145 2362 ὁρωμένων

113 2369 406 2421 προστετήκασιν,
425 2369 516 2408 ἀλλὰ
532 2369 690 2422 καθάπερ
713 2372 749 2407 ἐν
771 2370 848 2422 ξένῃ
868 2371 1144 2423 πολιτευόμενοι,

114 2430 223 2475 οὕτως
254 2431 395 2469 ἅπαντα
427 2431 713 2485 διαπράττονται,
742 2431 822 2470 καθ’
842 2432 993 2480 ἑκάστην
1007 2433 1144 2486 ἡμέραν

115 2493 200 2545 πρὸς
236 2491 300 2539 τὴν
338 2494 492 2531 ἐντεῦθεν
525 2493 725 2543 ἀποδημίαν
755 2493 990 2546 ἐπειγόμενοι,
1020 2495 1145 2542 Πόσην

115 2553 180 2591 οἴει
201 2553 246 2592 τὰ
270 2553 412 2606 ῥήματα
435 2557 546 2592 ταῦτα
574 2553 729 2605 κομίζειν
747 2560 818 2599 τοῖς
842 2555 933 2594 οὕτω
961 2558 1146 2596 πολιτευο-·

117 2615 233 2666 μένοις
261 2617 415 2654 ἐντεῦθεν
445 2615 512 2663 ἤδη
546 2615 611 2662 τὴν
640 2616 738 2668 παρὰ
763 2620 823 2655 τοῦ
846 2618 938 2656 Θεοῦ
970 2618 1143 2669 ἀμοιὸήνς

117 2675 187 2716 Καὶ
202 2675 242 2713 τὸ
257 2675 299 2723 δὴ
317 2677 517 2728 θαυμαστὸν
538 2676 598 2715 καὶ
613 2676 825 2731 παράδοξον,
847 2677 903 2717 ὅτι
922 2679 981 2717 καὶ
1001 2680 1097 2718 αὐτοὶ
1112 2683 1143 2718 οἱ

115 2741 228 2776 ταῦτα
259 2737 340 2790 περὶ
368 2739 470 2788 ἡμῶν
501 2738 734 2791 ψηφιζόμενοι
765 2738 900 2791 ταχέως
929 2742 991 2786 τῆς
1009 2740 1143 2788 πλάνης

117 2798 400 2855 ἀτφστήσονται,
430 2798 490 2837 καὶ
519 2799 606 2852 πρὸς
633 2799 696 2847 τὴν
727 2800 891 2848 ἀλήθειαν
922 2802 1143 2848 ἐπανήξουσι.

116 2861 232 2898 Τοῦτο
264 2859 300 2898 δὲ
332 2859 417 2906 ὅσην
452 2865 522 2905 τοῖς
551 2860 717 2905 τοιούτοις
748 2864 820 2900 ἐκεῖ
848 2862 911 2910 τὴν
943 2864 1142 2916 παρρησίαν

117 2919 292 2971 προξενεῖ,
312 2920 418 2958 παντί
437 2936 504 2958 που
526 2921 629 2969 δῆλόν
650 2924 757 2962 ἐστιν.
787 2923 928 2968 Ιῖἷδότες
945 2925 1076 2971 τοίνυν,
1097 2928 1144 2970 ὡς

117 2981 301 3019 ὑπεύθυνοι
333 2980 393 3019 καὶ
429 2984 492 3027 τῆς
523 2982 691 3035 ὠφελείας
721 2984 781 3022 καὶ
809 2987 872 3031 τῆς
908 2985 1043 3036 βλάῧης
1074 2989 1143 3025 τῶν

115 3041 264 3089 πλησίον
289 3041 393 3092 ἐσμὲν
406 3072 415 3088 ,
449 3041 539 3081 οὕτω
561 3045 620 3083 τὸν
640 3047 772 3084 ἑαυτῶν
792 3047 1028 3097 οἷκονομῶμεν
1056 3047 1143 3099 βίον,

118 3105 164 3147 ὡς
192 3102 240 3154 μὴ
272 3102 374 3152 μόνον
406 3104 540 3147 ἑαυτοῖς
569 3105 713 3156 ἀρκεῖν,
747 3106 837 3144 ἀλλὰ
860 3107 918 3145 καὶ
937 3113 1008 3151 τοῖς
1026 3108 1144 3152 ἄλλοις

119 3163 347 3208 διδασκαλίας
365 3164 525 3210 ὑπόθεσις
540 3165 695 3215 γίνεσθαι
709 3198 718 3215 ,
747 3167 802 3206 ἵνα
823 3168 884 3207 καὶ
900 3169 1046 3208 ἐνταῦθα
1061 3172 1144 3209 πολ·

119 3225 183 3272 λὴν
207 3225 271 3272 τὴν
297 3225 394 3278 παρὰ
420 3230 480 3264 τοῦ
506 3228 598 3266 Θεοῦ
630 3228 738 3280 ῥοπὴν
761 3228 1040 3281 ἐπισπασώμεθα
1056 3262 1064 3278 ,
1086 3231 1145 3269 καὶ

122 3289 156 3324 ἐν
184 3289 234 3338 τῷ
263 3286 424 3337 μέλλοντι
441 3288 596 3340 δαψιλῶς
625 3290 879 3342 ἀπολαύσωμεν
896 3294 958 3339 τῆς
973 3292 1070 3345 παρὰ
1086 3296 1144 3331 τοῦ

170 3399 179 3409 “
197 3390 297 3424 Savil.
314 3398 493 3428 καθιστᾶσιν.

1042 199 1204 230 CRM-ts.

1157 1112 1196 1145 [57

1171 1959 1194 1989 B

1245 198 1402 228 nomn„
1442 199 1522 229 VH.

2094 186 2155 249 s‘o

1208 280 1451 334 stinguibilem
1467 281 1584 333 ignem
1595 290 1814 330 coacervant,
1826 281 1887 320 sed
1903 292 1936 320 et
1948 284 2027 320 aliis
2041 293 2159 321 aueto-

1208 364 1262 388 res
1281 358 1362 388 sunt
1379 358 1418 387 ut
1438 349 1472 387 in
1494 363 1611 387 errore
1626 358 1860 401 perseverent,
1880 358 1912 386 et
1929 363 1971 387 ne
1991 350 2157 387 virtutem

1207 416 1406 461 addiscant,
1438 417 1605 454 obturent
1623 429 1741 465 aures,
1773 424 1805 453 et
1827 414 1871 453 ad
1898 415 1972 453 lunc
2000 416 2034 453 in
2056 431 2159 453 eausa

1209 494 1314 533 sunt,
1331 494 1369 522 ut
1389 485 1495 522 etiam
1517 483 1693 523 virtutum
1712 481 1860 521 studiosi
1881 491 2109 531 accusentur,
2129 491 2161 519 et

1210 551 1530 603 reprehendantur,
1546 560 1580 589 et
1601 550 1696 602 quod
1716 551 1877 589 omnium
1897 550 2162 602 gravissinuuu,

1211 633 1273 671 per
1295 619 1390 671 ipsos
1408 618 1584 657 Dominus
1604 618 1885 671 blasphematur.
1905 617 2018 657 Vides
2032 626 2163 668 quanta

1211 677 1356 723 malitiae
1379 685 1579 736 pernicies?
1602 685 1703 724 vides
1722 685 1900 737 quomodo
1923 699 1992 722 non
2023 683 2163 735 vulgari

1210 766 1323 804 poena:
1338 751 1512 790 obnoxios
1522 766 1558 789 sc
1570 751 1871 801 constituant‚qui
1885 751 2018 788 malum
2033 760 2165 789 sectan-

1213 826 1284 865 tur,
1305 817 1367 855 scd
1386 827 1420 855 ct
1442 818 1556 855 inulto
1583 818 1826 869 gravissimae,
1851 818 1878 855 si
1901 819 2074 871 supplicia
2104 834 2167 871 pro

1213 884 1381 923 omuibus
1400 885 1526 922 luituri
1540 894 1623 922 sunt
1638 914 1648 932 ,
1669 898 1736 922 non
1754 884 1868 922 solum
1883 899 1948 936 pro
1963 899 2024 922 sua
2048 886 2167 936 perdi-

1215 954 1321 1004 tione,
1338 953 1400 992 sed
1417 962 1450 992 ct
1471 967 1536 1006 pro
1552 952 1747 991 errantium
1766 951 1947 999 scandalo,
1970 961 2002 989 et
2020 967 2084 1004 pro
2101 953 2169 989 cri—

1216 1022 1409 1060 minatione
1426 1021 1623 1075 proborum
1644 1020 1833 1058 hominum
1850 1050 1858 1067 ‚
1876 1029 1908 1058 ct
1924 1034 1988 1072 pro
2004 1020 2170 1073 blasphe-

1218 1090 1289 1128 mia
1307 1091 1343 1128 in
1364 1089 1507 1128 Deum?
1521 1089 1605 1126 Haec
1621 1089 1731 1141 igitur
1746 1087 1863 1126 omnia
1884 1087 2094 1140 cogitemus,
2110 1102 2171 1126 nec

1219 1165 1375 1195 nostram
1396 1156 1546 1194 salutem
1569 1155 1818 1207 negligamus:
1841 1154 1904 1193 sed
1923 1169 2050 1207 magna
2071 1156 2172 1193 nobis

1219 1224 1264 1262 sit
1284 1238 1367 1262 cura
1388 1232 1427 1261 ut
1454 1222 1650 1261 secundum
1670 1223 1787 1260 Deum
1813 1222 1978 1261 vivamus
1992 1253 2003 1273 ‚
2027 1223 2172 1262 scientes

1219 1304 1283 1329 nos
1303 1290 1387 1328 inde
1405 1289 1563 1328 maxime
1585 1288 1642 1328 vel
1663 1287 1972 1336 condemnandos,
1993 1290 2049 1328 vel
2077 1290 2173 1328 illius

1219 1357 1451 1396 beneficentia
1478 1356 1692 1409 dignandos.
1709 1356 1768 1395 Sic
1800 1355 1911 1408 igitur
1929 1358 2047 1395 omnia
2070 1358 2173 1396 stiria-

1220 1438 1314 1475 mus,
1336 1434 1376 1463 ut
1394 1434 1426 1462 et
1442 1439 1505 1462 nos
1525 1425 1560 1462 in
1579 1438 1669 1476 pura
1688 1422 1899 1462 conscientia
1915 1438 2097 1463 versemur
2111 1455 2120 1473 ,
2141 1436 2175 1464 et

1220 1505 1278 1530 eos
1293 1491 1355 1542 qni
1378 1492 1498 1530 adhuc
1527 1500 1670 1540 errant,
1691 1499 1812 1529 nostro
1842 1490 2039 1529 secundum
2058 1493 2174 1530 Deum

1219 1563 1304 1602 vitae
1327 1562 1489 1601 instituto
1515 1561 1563 1600 ad
1590 1561 1776 1601 veritatem
1806 1561 2113 1610 manuducamns,
2137 1572 2175 1599 ut

1220 1645 1284 1683 per
1301 1644 1365 1668 nos
1383 1640 1417 1669 et
1435 1630 1498 1669 alii
1515 1643 1636 1668 omnes
1655 1629 1717 1680 qui
1733 1628 1838 1667 nobis
1857 1637 2175 1676 connumerantur,

1219 1696 1313 1735 bona
1341 1697 1434 1735 fama
1453 1697 1633 1746 fruantur,
1651 1705 1685 1734 et
1711 1704 1791 1733 ante
1817 1694 1935 1733 omnia
1957 1695 2177 1746 glorificetur

1221 1763 1400 1802 Dominus
1418 1773 1549 1812 noster,
1566 1772 1600 1801 et
1619 1763 1789 1815 majorem
1805 1762 1914 1800 nostri
1930 1776 2052 1800 curam
2067 1771 2174 1814 gerat.

1221 1831 1312 1868 Nam
1337 1845 1420 1869 eum
1445 1831 1481 1868 in
1512 1845 1575 1868 nos
1594 1829 1818 1881 respicientes
1847 1829 2008 1867 homines
2035 1829 2177 1867 lucrum

1221 1893 1466 1946 reportabunt,
1488 1902 1523 1931 et
1546 1893 1689 1931 laudem
1718 1893 1753 1930 in
1774 1894 1891 1931 Deum
1909 1894 2071 1943 referent,
2092 1894 2176 1933 inde

1220 1970 1254 2000 et
1268 1975 1330 1999 nos
1348 1961 1430 2014 plus
1441 1960 1573 1999 divinae
1588 1959 1708 2012 gratiae
1722 1973 1959 2011 assequemur.
1970 1960 2068 2008 Quid
2080 1961 2174 2000 enim

1221 2030 1361 2069 beatius
1390 2029 1536 2068 homine
1554 2028 1617 2080 qui
1636 2028 1687 2066 sic
1718 2027 1823 2078 vivit:⁷
1843 2036 1883 2065 ut
1910 2037 1944 2066 et
1961 2028 2023 2079 qui
2051 2029 2176 2068 vident

1221 2099 1485 2151 obstupescant,
1501 2105 1535 2134 et
1553 2095 1687 2142 dicant,
1709 2094 1837 2134 Gloria
1856 2095 1936 2143 tibi,
1957 2097 2074 2146 Deus;
2090 2111 2174 2148 qua-

1220 2165 1271 2204 les
1293 2174 1376 2203 sunt
1393 2163 1613 2202 Christiani?
1625 2171 1795 2214 quantam
1814 2176 1888 2215 prae
1910 2176 1947 2200 se
1963 2163 2080 2201 ferunt
2095 2164 2175 2216 phi-

1219 2232 1420 2286 losophiam
1431 2231 1449 2270 Ρ
1461 2229 1639 2282 quomodo
1652 2229 1851 2282 despiciunt
1864 2231 2076 2282 praesentia?
2086 2246 2173 2282 quo-

1220 2299 1326 2338 modo
1339 2298 1456 2337 omnia
1472 2297 1558 2350 ipsis
1572 2296 1699 2334 umbra
1715 2304 1748 2334 et
1759 2296 1937 2334 somnium
1951 2306 2173 2350 reputantur,

1218 2378 1251 2408 et
1270 2369 1361 2408 nulli
1376 2367 1580 2408 visibilium
1589 2374 1672 2404 sunt
1685 2365 1786 2403 affixi
1802 2381 1813 2417 5
1833 2365 1893 2403 sed
1904 2366 2022 2405 onmia
2040 2367 2174 2405 transi-

1218 2447 1322 2490 gunt,
1338 2437 1431 2475 sicut
1447 2435 1470 2473 ii
1484 2434 1545 2486 qui
1563 2433 1599 2471 in
1618 2442 1709 2471 terra
1726 2432 1840 2471 aliena
1856 2442 1966 2485 agunt
1979 2434 2170 2486 peregrini,

1218 2515 1253 2545 et
1270 2504 1432 2557 quotidie
1449 2503 1604 2555 migrare
1621 2515 1664 2540 ex
1684 2501 1752 2540 hac
1769 2501 1842 2540 vita
1853 2501 2001 2554 cupiunt
2013 2511 2048 2539 et
2063 2502 2170 2540 anhe-

1217 2573 1320 2611 lant?
1340 2573 1521 2619 Quantam
1540 2579 1643 2623 putas
1662 2569 1770 2608 verba
1791 2568 1867 2606 haec
1886 2568 1929 2606 iis
1959 2569 2021 2619 qui
2045 2568 2094 2607 sic
2116 2570 2170 2607 vi-

1218 2649 1330 2688 vunt,
1357 2639 1463 2677 etiam
1490 2637 1551 2674 hic
1570 2651 1591 2674 a
1617 2637 1694 2674 Deo
1725 2634 1922 2673 mercedem
1952 2635 2105 2674 afferre?
2125 2636 2170 2674 Et

1217 2707 1313 2760 quod
1334 2706 1440 2746 valde
1466 2703 1680 2743 admirabile
1701 2717 1742 2741 ac
1770 2702 1998 2755 stupendum,
2015 2703 2123 2742 etiam
2144 2705 2169 2742 ii

1217 2775 1277 2828 qui
1299 2774 1383 2813 talia
1411 2773 1455 2811 de
1474 2771 1575 2810 nobis
1590 2769 1768 2823 judicant,
1785 2769 1886 2807 brevi
1907 2770 1952 2807 ab
1971 2783 2088 2809 errore
2107 2771 2169 2814 de:

1217 2844 1342 2883 sistent
1356 2873 1366 2892 ,
1400 2851 1433 2879 ct
1463 2839 1509 2877 ad
1547 2837 1735 2876 veritatem
1764 2835 1944 2874 redibunt.
1980 2836 2056 2875 Hoc
2086 2853 2170 2876 vero

1217 2918 1388 2961 quantam
1407 2906 1481 2944 illic
1501 2903 1671 2943 fiduciam
1691 2902 1815 2941 afferat
1828 2932 1839 2953 ,
1862 2902 1951 2940 nulli
1967 2916 2036 2941 non
2056 2904 2171 2941 mani-

1218 2980 1345 3017 festum
1366 2985 1427 3014 est.
1455 2971 1607 3013 Proinde
1636 2970 1781 3008 scientes
1800 2983 1864 3008 nos
1892 2978 1925 3008 et
1953 2969 1998 3008 de
2017 2971 2115 3009 lucro
2137 2981 2170 3009 et

1217 3045 1262 3083 de
1280 3044 1411 3082 damno
1444 3038 1691 3092 proximorum
1720 3035 1890 3074 rationem
1905 3035 2052 3075 daturos
2071 3051 2144 3075 esse
2159 3069 2168 3082 ,

1220 3107 1270 3145 sic
1299 3105 1413 3143 vitam
1437 3110 1593 3139 nostram
1622 3098 1863 3147 instituamus,
1885 3107 1924 3136 ut
1953 3112 2020 3136 non
2054 3099 2170 3138 solum

1221 3167 1322 3206 nobis
1337 3163 1504 3209 sufficiat,
1532 3159 1593 3199 sed
1612 3169 1646 3198 et
1663 3159 1744 3197 aliis
1769 3151 1853 3197 inde
1876 3158 2046 3198 doctrina„=
2064 3174 2169 3198 ocea-

1221 3229 1272 3268 sio
1286 3225 1444 3270 accedat,
1459 3232 1498 3261 ut
1514 3221 1619 3260 ethic
1638 3234 1803 3273 magnam
1815 3221 1878 3259 Dei
1899 3221 2049 3271 gratiam
2069 3222 2170 3259 nobis

1222 3287 1448 3328 conciliemus
1466 3315 1473 3334 ,
1494 3293 1527 3321 et
1546 3283 1581 3321 in
1600 3282 1721 3320 futuro
1741 3281 1806 3319 Dei
1828 3281 2045 3333 benignitate
2075 3282 2171 3330 large
