2483 3791
702 199 745 228 lN
782 198 883 228 CAP.
926 198 973 226 ΙΙ.

87 285 145 324 καὶ
173 283 234 327 τὰς
253 283 374 325 οὐσίας
393 282 429 320 δὲ
451 282 564 324 πάσας
592 281 733 320 ἐπειδὰν
758 282 933 332 βουληθῇ,
951 279 1112 331 καθάπερ

86 343 327 394 ἀπεδείξαμεν,
348 342 486 382 ἐναντία
506 344 549 393 τῇ
574 341 684 393 οἰκείᾳ
711 341 864 394 ἐνεργείᾳ
886 341 1112 393 παρασκευά-

83 407 133 450 ζει
152 404 440 457 διαπράττεσθαι.
460 403 531 441 Τὸν
551 403 652 441 αὐτὸν
679 402 720 450 δὴ
743 403 870 454 τρόπον
891 401 950 440 καὶ
970 401 1028 440 ἐπὶ
1051 403 1114 447 τῆς

83 466 244 508 πλάσεως
265 469 323 503 τοῦ
345 463 528 515 ἀνθρώπου
549 466 608 501 νῦν
631 468 718 514 ἡμῖν
739 462 902 514 ἐμφαίνει
926 463 1064 515 γεγονὸς
1092 465 1114 508 ἡ

84 526 159 564 θεία
181 525 315 579 Γραφή.
341 525 502 563 Ἰἰπλασε
516 555 525 572 ,
556 525 672 577 φησὶν,
691 528 708 563 6
725 526 814 568 Θεὸς
840 525 898 562 τὸν
921 524 1115 577 ἄνθρωπον,

84 591 168 638 χοῦν
184 588 254 625 ἀπὸ
271 589 333 632 τῆς
349 588 413 637 γῆς
431 584 562 624 λαὸών.
584 586 631 623 Τί
651 585 783 637 λέγεις,
804 586 895 623 Χοῦν
910 582 1030 622 λαθὼν
1047 583 1117 620 ἀπὸ

82 650 146 693 τῆς
171 650 234 699 γῆς
254 648 384 686 ἔπλασε
403 647 460 685 τὸν
481 646 682 698 ἅνθρωπον;
705 646 774 685 Ναὶ
789 675 798 693 ,
830 644 935 698 φησὶ,
963 643 1024 681 καὶ
1053 645 1118 694 οὐχ

85 709 205 752 ἅπλῶς
226 703 301 747 εἷπε
318 711 396 759 γῆν,
414 707 520 754 ἀλλὰ,
544 708 646 752 Χοῧν,
670 709 716 749 ὡς
745 705 785 743 ἂν
806 705 898 744 εἴποι
913 720 987 749 τις,
1010 704 1116 748 αὐτῆς

86 772 149 816 τῆς
168 774 231 821 γῆς
248 770 287 807 τὸ
305 768 511 819 λεπτότερον
534 768 594 805 καὶ
619 766 836 817 ἀτιμότερον.
857 765 961 813 Μέγα
982 779 1037 802 σοι
1057 763 1116 801 καὶ

86 830 279 882 παράδοξον
289 823 477 867 εἶναιδοκεῖ
488 828 526 865 τὸ
541 827 735 879 εἰρημένον·
754 828 831 865 ἀλλ’
844 825 904 864 ἐὰν
923 824 1050 876 νοήσῃς
1065 823 1118 866 τίς

84 893 104 928 6
121 889 326 941 δημιουργὸς
339 918 348 934 ,
370 887 487 926 οὐκέτι
510 887 716 933 ἀπιστήσεις
735 890 785 939 τῷ
807 885 979 939 γινομένῳ
993 916 1003 933 ,
1026 884 1117 923 ἀλλὰ

86 949 275 999 θαυμάσεις
294 948 353 986 καὶ
374 948 629 999 προσκυνήσεις
655 952 715 986 τοῦ
735 948 1022 999 δημιουργοῦντος
1053 945 1116 993 τὴν

86 1008 241 1060 δύναμιν.
264 1009 350 1047 Ἰίὰν
367 1009 401 1046 δὲ
420 1009 552 1060 μέλλῃς
568 1009 654 1060 πρὸς
673 1008 736 1055 τὴν
757 1008 938 1047 ἀσθένειαν
958 1009 1026 1044 τῶν
1048 1009 1118 1046 σῶν

85 1072 261 1122 λογισμῶν
289 1072 402 1108 ταῦτα
431 1069 737 1121 περιεργάζεσθαι,
755 1068 844 1113 εἰκός
858 1084 897 1120 γε
915 1067 1058 1106 κάκεῖνό
1079 1083 1116 1106 σε

85 1134 134 1175 εἷς
152 1132 284 1170 ἔννοιαν
308 1130 441 1175 λαὸεῖν,
461 1131 515 1169 ὅτι
535 1129 604 1168 ἀπὸ
623 1133 687 1181 γῆς
714 1133 818 1180 σῶμα
836 1132 898 1168 οὐκ
919 1129 959 1167 ἂν
985 1128 1118 1181 γένοιτό

84 1206 168 1229 ποτε
183 1221 192 1237 ,
215 1193 291 1230 ἀλλ’
313 1190 335 1237 ἢ
353 1191 514 1238 πλίνθος,
533 1190 555 1238 ἢ
575 1191 759 1243 ὄστρακον,
782 1194 886 1242 σῶμα
907 1190 943 1229 δὲ
964 1195 1116 1229 τοιοῦτον

87 1255 151 1291 οὔκ
169 1252 209 1289 ἂν
232 1253 378 1303 γένοιτο.
400 1251 509 1304 (Ορᾷς
528 1251 581 1290 ὅτι
610 1251 668 1289 ἐὰν
689 1251 738 1302 μὴ
758 1252 817 1289 καὶ
836 1252 982 1303 δύναμιν
1001 1253 1048 1294 εἷς
1064 1251 1117 1289 ἔν-

87 1328 181 1351 νοιαν
200 1313 365 1363 λάὸωμεν
385 1317 444 1351 τοῦ
470 1313 778 1364 δημιουργοῦντος,
798 1312 857 1351 καὶ
875 1311 955 1356 τοὺς
971 1311 1118 1355 οἰκείους

87 1374 275 1424 λογισμοὺς
290 1373 368 1417 τοὺς
383 1373 517 1419 πολλὴν
536 1372 599 1419 τὴν
621 1372 798 1411 ἀσθένειαν
811 1372 1119 1426 προὸεὸλημένους

87 1434 366 1484 κατευνάσωμεν,
390 1435 427 1472 οὐ
447 1433 624 1484 δυνάμεθα
648 1436 718 1471 τῶν
741 1433 935 1487 εἰρημένων
964 1434 1004 1472 τὸ
1034 1433 1118 1486 ὕψος

87 1495 267 1542 δέξασθαι;
287 1497 370 1534 Τῶν
391 1495 459 1547 γὰρ
478 1499 542 1542 τῆς
567 1495 717 1539 πίστεως
731 1497 920 1547 ὀφθαλμῶν
938 1498 1048 1534 δεῖται
1067 1495 1112 1534 τὰ

88 1556 273 1608 λεγόμενα,
295 1557 353 1595 καὶ
376 1560 488 1594 ταῦτα
499 1556 589 1607 μετὰ
601 1558 733 1603 πολλῆς
745 1560 808 1603 τῆς
821 1558 1118 1609 συγκαταὸάσεως

86 1618 145 1656 καὶ
160 1618 217 1657 διὰ
231 1618 294 1665 τὴν
310 1618 488 1657 ἀσθένειαν
502 1617 565 1664 τὴν
577 1619 752 1670 ἡμετέραν
767 1617 858 1657 οὕτω
873 1619 1034 1671 ῥηθέντα.
1045 1619 1116 1659 Καὶ

87 1679 170 1718 αὐτὸ
187 1679 255 1732 γὰρ
273 1680 313 1718 τὸ
336 1682 460 1729 εἰπεῖν,
482 1679 662 1718 Ἔπλασεν
684 1683 702 1719 6
720 1680 810 1724 Θεὸς
831 1680 888 1719 τὸν
920 1681 1115 1733 ἄνθρωπον,

86 1739 147 1778 καὶ
173 1740 392 1792 ἐνεφύσησεν,
419 1740 556 1785 ἀνάξιον
578 1743 691 1780 Θεοῦ·
712 1741 802 1779 ἀλλὰ
833 1741 877 1779 δι’
911 1746 1006 1793 ἡμᾶς
1034 1742 1116 1780 ὃκαὶ

88 1803 128 1841 τὸ
150 1803 288 1846 ἀσθενὲς
309 1803 349 1841 τὸ
370 1803 541 1854 ἡμέτερον
561 1802 652 1840 οὕτω
669 1807 780 1841 ταῦτα
809 1804 981 1855 διηγεῖται
1000 1807 1021 1849 ἡ
1043 1803 1119 1841 θεία

90 1863 236 1916 Γραφὴ,
255 1867 341 1914 ἡμῖν
361 1864 707 1915 συγκαταὸαίνουσα,
730 1864 786 1901 ἵνα
807 1864 935 1911 ταύτης
957 1864 1118 1908 ἀξιωθέν-

89 1942 145 1969 τες
164 1929 227 1973 τῆς
245 1927 540 1976 συγκαταὲάσεως
553 1957 562 1974 ,
582 1928 735 1964 ἀνελθεῖν
752 1926 836 1977 πρὸς
852 1926 893 1964 τὸ
909 1925 991 1977 ὕψος
1011 1928 1121 1964 ἐκεῖνο

92 1986 304 2038 ἰσχύσωμεν.
329 1987 399 2025 Καὶ
427 1987 581 2034 ἔπλασε,
607 1986 725 2037 φησὶν,
747 1989 766 2024 6
785 1987 874 2030 Θεὸς
898 1987 956 2024 τὸν
990 1987 1120 2038 ἄνθρω·

90 2064 170 2095 πον,
201 2053 283 2100 χοῦν
310 2047 428 2086 λαὸὼν
455 2049 524 2087 ἀπὸ
551 2050 614 2093 τῆς
637 2050 712 2098 γῆς.
734 2048 832 2092 Τέως
853 2050 890 2087 οὐ
911 2048 1020 2100 μικρὰ
1034 2051 1119 2099 ἡμῖν

93 2111 246 2147 ἐντεῦθεν
267 2107 442 2154 τίκτεται,
475 2108 534 2146 ἐὰν
557 2108 676 2159 νήφειν
708 2107 914 2159 βουλώμεθα
928 2138 938 2156 ,
958 2123 1121 2147 ταπεινο-

92 2168 264 2221 φροσύνης
283 2168 505 2206 διδασκαλία.
530 2167 645 2207 ‘'O-:w
670 2167 738 2221 γὰρ
764 2167 995 2219 ἐννοήσωμεν,
1015 2168 1120 2206 πόθεν

89 2229 171 2283 ἔσχε
198 2229 261 2276 τὴν
291 2229 404 2283 ἀρχὴν
425 2232 489 2276 τῆς
518 2229 719 2273 συστάσεως
738 2233 760 2276 ἡ
783 2229 884 2282 φύσις
899 2233 921 2276 ἠ
942 2229 1118 2281 ἡμετέρα,

89 2290 154 2328 κᾶν
167 2290 328 2342 μυριάκις
341 2290 402 2333 τὰς
415 2293 518 2342 ὀφρῦς
532 2290 807 2340 ἀνασπάσωμεν,
821 2289 1118 2340 ι’συστελλόμεθα,

87 2350 362 2401 ταπεινούμεθα,
397 2351 461 2397 τὴν
499 2350 618 2390 οὐσίαν
652 2353 784 2390 ἑαυτῶν
815 2350 1120 2404 ἀναλογιζόμενοι,

92 2411 288 2464 μετριάζειν
307 2411 555 2460 παιδευόμεθα.
584 2411 654 2450 Διὰ
681 2415 782 2450 τοῦτο
809 2412 877 2466 γὰρ
893 2414 952 2451 καὶ
973 2416 991 2451 6
1009 2413 1097 2456 Θεὸς
1109 2444 1119 2461 ,

90 2472 282 2523 κηδόμενος
299 2475 401 2523 ἡμῶν
422 2474 485 2517 τῆς
512 2473 687 2526 σωτηρίας
700 2501 710 2519 ,
731 2473 840 2517 οὕτως
867 2473 1030 2526 ὡδήγησε
1060 2479 1120 2513 τοῦ

92 2532 272 2585 προφήτου
291 2532 353 2579 τὴν
372 2535 530 2585 γλῶτταν
557 2534 643 2586 πρὸς
661 2534 726 2580 τὴν
744 2535 919 2588 ἡμετέραν
951 2537 1120 2574 διδασκα-

93 2594 185 2633 λίαν.
202 2594 350 2642 Ἐπειδὴ
379 2595 446 2647 γὰρ
475 2589 551 2634 εἶπε
575 2597 801 2648 προλαὸοῧσα
823 2601 846 2644 ἦ
873 2597 949 2636 θεία
976 2599 1004 2636 Γ
1008 2597 1121 2651 ραφὴ,

94 2654 165 2694 Καὶ
185 2655 347 2703 ἐποίησεν
364 2659 382 2694 6
396 2656 485 2700 Θεὸς
506 2656 564 2695 τὸν
588 2657 782 2711 ἄνθρωπον,
798 2661 875 2697 κατ’
894 2658 1010 2698 εἰκόνα
1029 2661 1122 2699 Θεοῦ

91 2715 256 2763 ἐποίησεν
286 2716 403 2763 αὐτὸν,
435 2717 494 2755 καὶ
519 2717 582 2764 τὴν
612 2718 725 2771 ἀρχὴν
748 2720 843 2771 αὐτῷ
874 2726 990 2758 πᾶσαν
1010 2719 1122 2774 παρέ·

92 2777 182 2815 δωκε
212 2780 283 2815 τῶν
303 2778 504 2829 ὁρωμένων,
535 2778 584 2829 μὴ
602 2781 735 2832 ἀγνοῶν
761 2783 824 2827 τῆς
850 2781 980 2826 οἰκείας
1005 2782 1122 2826 οὐσίας

91 2837 154 2885 τὴν
191 2838 358 2876 σύστασιν
391 2840 530 2891 μεγάλα
558 2845 737 2894 φαντασθῇ
751 2870 760 2888 ,
793 2843 853 2881 καὶ
883 2844 1018 2897 ὖπερὸῇ
1044 2843 1123 2888 τοὺς

92 2898 236 2942 οἰκείους
269 2898 366 2952 ὅρους
380 2916 387 2923 ·
421 2901 479 2938 διὰ
514 2905 615 2941 τοῦτο
651 2904 994 2955 ἐπαναλαμὸάνουσα
1023 2906 1102 2944 διδά

94 2974 170 2997 σκει
197 2960 256 2998 καὶ
283 2959 342 2998 τὸν
363 2961 490 3012 τρόπον
517 2966 579 3010 τῆς
605 2965 825 3012 συστάσεως,
853 2966 913 3004 καὶ
940 2983 1004 3013 της
1030 2966 1118 3019 γενέ

93 3033 180 3062 σεως
194 3019 294 3067 τὴν’
276 3020 403 3073 αρχὴν,
425 3037 484 3060 και
504 3022 579 3061 ὅθεν
601 3027 619 3062 6
645 3027 783 3076 πρῶτος
801 3026 984 3104 ἄνθρωπος
1003 3025 1121 3078 παρή-

93 3083 184 3131 χθη,
203 3081 263 3119 καὶ
278 3097 353 3124 πως
367 3083 546 3136 παρήχθη.
567 3085 613 3123 Εἰ
631 3085 699 3138 γὰρ
718 3087 777 3124 καὶ
798 3087 887 3137 μετὰ
909 3087 1038 3134 ταύτην
1057 3086 1120 3134 τὴν

96 3141 334 3189 διδασκαλίαν,
353 3142 412 3180 καὶ
433 3144 524 3194 μετὰ
552 3145 591 3183 τὸ
614 3149 761 3197 γνῶναι,
790 3147 843 3185 ὅτι
875 3147 944 3185 ἀπὸ
972 3163 1034 3194 της
1057 3150 1120 3199 γῆς

141 3278 155 3293 ²
171 3269 225 3302 sic
241 3269 344 3305 Savil.
356 3283 395 3304 ex
410 3274 546 3316 Mss.‚et
559 3275 712 3316 Coislin.,
728 3278 783 3320 qui
799 3285 985 3320 postremus
1001 3276 1102 3311 habet

98 3326 145 3354 καὶ
155 3328 207 3358 τὴν
221 3327 370 3358 ἀσθένειαν
381 3332 434 3362 τὴν
448 3330 608 3373 ἡμετέραν.
618 3328 734 3361 Morel.
747 3336 793 3363 καὶ
807 3337 840 3364 τὸ
851 3335 968 3368 ἀσθενὲς

103 3389 188 3418 τερον
211 3390 297 3409 τουτο
312 3379 466 3418 διηγεῖται.

983 3337 1016 3365 τὸ
1032 3336 1105 3373 ἦμέ-

1015 195 1176 226 GENES.
1217 193 1371 223 uoluit„
1413 193 1495 221 ΧΗ.

2055 180 2140 225 115

1183 276 1277 329 capit
1295 293 1303 313 :
1342 285 1376 314 ct
1412 275 1593 326 quomodo
1627 275 1926 327 quandocumque
1962 279 2115 316 voluerit
2134 309 2142 324 ‚

1181 339 1274 378 sicut
1295 337 1528 387 ostendimus,
1551 345 1588 375 ut
1607 351 1729 375 omnes
1745 338 1950 376 substantia»
1967 341 2140 378 contraria

1183 401 1342 454 ipsarum
1377 408 1513 437 naturae
1541 407 1647 451 agant
1676 398 1797 437 efficit.
1828 399 1945 437 Simili
1978 400 2083 438 modo
2108 411 2140 438 et

1183 462 1219 500 in
1239 461 1394 499 bominis
1413 461 1623 499 formatione
1642 474 1734 498 nunc
1764 460 1865 498 nobis
1895 460 1982 511 quid
2010 462 2142 500 sartum

1183 524 1227 562 sit
1244 523 1368 562 divina
1389 522 1575 575 Scriptura
1594 521 1762 560 declarat.
1788 524 1995 561 Formavit
2017 524 2139 567 Dens,

1184 585 1311 635 inquit,
1330 585 1538 627 horninem,
1554 584 1754 636 pulverem
1765 583 1942 636 accipiens
1959 585 2008 621 (Ie
2026 593 2141 621 terra.

1185 641 1285 690 Quid
1304 641 1422 679 dicis?
1443 643 1641 693 Acceptoue
1656 641 1702 679 de
1727 651 1818 679 terra
1841 642 1989 694 pulvere
2011 643 2142 679 fnrma⁴

1185 702 1237 740 vit
1255 703 1462 741 hominem?
1478 700 1611 748 Etiam,
1626 703 1758 753 inquit,
1782 712 1813 740 et
1831 717 1899 740 non
1921 703 2144 755 simpliciter,

1187 777 1248 800 nec
1267 765 1464 814 quamlibet
1483 764 1629 802 fortuito
1649 773 1777 801 terram
1797 764 1897 809 (licit,
1921 765 1982 801 sod
2005 766 2145 802 Pulve-

1140 828 1165 857 C
1187 838 1288 862 rem:
1308 825 1409 875 quasi
1429 826 1457 863 si
1477 824 1558 876 quis
1576 825 1672 862 dicat
1686 854 1696 873 ,
1716 825 1965 862 tenuissimum
1987 835 2019 862 ct
2043 827 2145 863 vilis·

1188 885 1319 923 simum
1339 885 1437 936 quod
1454 895 1504 923 est
1526 885 1561 923 in
1582 894 1688 923 terra.
1707 887 1883 936 Magnum
1903 886 1967 922 tibi
1983 896 2016 923 ct
2031 886 2146 925 admi-

1188 946 1301 984 rabile
1312 946 1455 985 videtur
1469 945 1565 997 quod
1579 945 1717 983 dictum
1731 955 1783 982 est
1799 960 1806 981 :
1825 959 1950 983 verum
1967 946 1993 983 si
2017 948 2146 998 cogites

1188 1008 1268 1059 quis
1286 1009 1421 1061 opifex,
1452 1009 1658 1059 neutiquam
1678 1006 1788 1044 fidem
1810 1006 1941 1044 babere
1967 1008 2058 1044 facto
2089 1023 2144 1045 re-

1189 1070 1342 1118 cnsabis,
1379 1070 1439 1108 sed
1470 1069 1658 1108 miraberis
1688 1077 1721 1106 et
1747 1067 1914 1106 adorabis
1946 1068 2147 1107 Conditor-is

1189 1132 1394 1184 potentiam.
1412 1131 1521 1179 Quod
1539 1131 1568 1169 si
1586 1131 1660 1168 haec
1681 1129 1875 1168 secundum
1893 1130 2146 1181 cogitationum

1189 1203 1332 1233 tuarum
1355 1192 1638 1231 imbecillitatem
1661 1191 1798 1230 emetiri
1821 1191 1976 1229 volueris
1994 1222 2003 1240 ,
2026 1202 2058 1229 et
2081 1207 2144 1229 cu-

1189 1255 1318 1293 riosius
1337 1255 1534 1307 explorare,
1562 1267 1627 1306 par
1646 1261 1697 1291 est
1710 1260 1748 1290 ut
1762 1252 1827 1289 tibi
1846 1251 1880 1289 in
1909 1261 2061 1290 mentem
2084 1266 2145 1291 ve—

1189 1317 1276 1364 niat‚
1302 1330 1349 1354 ex
1378 1325 1470 1354 terra
1505 1329 1634 1368 corpus
1665 1314 1920 1363 (humanum)
1950 1328 2147 1364 numquam

1192 1377 1284 1429 fieri,
1307 1377 1369 1417 sed
1390 1377 1449 1416 vel
1477 1377 1645 1426 laterem,
1666 1375 1726 1414 vel
1752 1384 1892 1424 testam,
1926 1384 1959 1413 et
1984 1389 2052 1413 non
2081 1375 2150 1413 tale

1190 1452 1328 1491 corpus.
1350 1436 1490 1477 Viden’
1513 1450 1590 1483 nos,
1630 1434 1697 1473 nisi
1727 1434 1923 1488 potentiam
1946 1434 2150 1473 Conditoris

1188 1508 1322 1538 attenta
1339 1507 1455 1537 mente
1471 1497 1695 1536 considerare
1713 1496 1947 1545 voluerimus,
1964 1505 1998 1534 et
2012 1506 2150 1535 nostras

1188 1560 1342 1599 rationes
1359 1569 1434 1598 tam
1453 1559 1649 1598 imbecilles
1672 1557 1924 1610 reprimamus,
1954 1571 2022 1595 non
2047 1572 2148 1610 posse

1189 1622 1370 1660 dictorum
1386 1635 1510 1673 capere
1525 1619 1782 1659 sublimitatem
1792 1619 1810 1656 ἒ)
1822 1619 1917 1657 Nam
1931 1633 2010 1669 quae
2024 1619 2152 1657 dicun-

1189 1692 1262 1733 tur,
1289 1683 1374 1722 fidei
1398 1682 1513 1721 oculis
1539 1681 1713 1733 indigent,
1742 1689 1894 1731 suntque
1917 1680 1964 1718 ob
1996 1689 2151 1718 nostram

1191 1745 1438 1783 infirmitatem
1478 1743 1591 1781 multa
1635 1742 1827 1780 verborum
1860 1742 2151 1793 attemperatione

1192 1806 1380 1858 descripta.
1404 1803 1705 1854 Quandoquidem
1724 1803 1814 1840 istuc
1837 1803 1958 1855 ipsum
1978 1802 2075 1854 quod
2095 1803 2151 1840 in-

1193 1866 1291 1917 quit:
1308 1867 1348 1904 F
1347 1868 1513 1904 ormavit
1526 1865 1632 1903 Deus
1649 1866 1856 1910 hominem,
1872 1873 1910 1901 et
1926 1866 2145 1914 inspiravit,

1193 1927 1382 1979 indignum
1404 1928 1479 1966 Deo
1500 1927 1628 1966 suerit:
1657 1925 1720 1964 sed
1743 1933 1890 1978 propter
1908 1938 1985 1974 nos,
2010 1933 2042 1962 et
2069 1938 2152 1977 pro-

1193 1997 1271 2040 pter
1289 1988 1533 2027 infirmitatem
1557 1997 1714 2026 nostram
1733 1986 1809 2024 haec
1831 1985 1882 2023 sic
1905 1995 2026 2023 narrat
2053 1986 2150 2023 Scri-

1194 2058 1300 2101 ptura
1315 2079 1324 2097 ,
1341 2048 1389 2087 ad
1414 2058 1571 2087 nostram
1596 2062 1632 2086 se
1660 2047 1866 2086 tenuitatem
1889 2045 2090 2094 demittens,
2111 2055 2151 2083 ut

1194 2118 1290 2146 tanta
1317 2109 1560 2147 familiaritate
1584 2108 1736 2160 dignati,
1769 2106 1814 2145 ad
1847 2106 2030 2158 fastigium
2059 2106 2151 2144 illud

1192 2169 1383 2207 ascendere
1400 2169 1647 2222 possimus.Et
1661 2169 1866 2221 formavit,
1887 2167 2021 2217 inquit,
2043 2168 2150 2205 Deus

1193 2231 1403 2281 hominem,
1425 2231 1623 2283 pulverem
1646 2229 1823 2282 accipiens
1845 2230 1894 2267 de
1917 2237 2032 2267 terra.
2058 2228 2150 2266 Hinc

1193 2292 1223 2330 si
1241 2306 1364 2345 sapere
1381 2292 1564 2342 volumus,
1590 2306 1660 2330 non
1680 2306 1791 2345 parva
1811 2291 1914 2329 nobis
1935 2290 2150 2329 humilitatis

1192 2354 1307 2392 oritur
1325 2353 1499 2392 doctrina.
1530 2354 1622 2392 Nam
1641 2366 1723 2391 cum
1746 2351 2034 2404 cogitaverimus,
2055 2350 2150 2390 unde

1193 2415 1456 2454 constitutionis
1487 2428 1561 2452 suae
1592 2413 1736 2451 initium
1763 2421 1890 2451 natura
1920 2421 2039 2450 nostra
2073 2425 2150 2449 sus-

1193 2473 1478 2528 ceperit,etiamsi
1499 2473 1694 2512 sexcenties
1704 2471 1895 2525 supercilia
1909 2471 2145 2523 surrigamus,

1194 2535 1435 2589 reprimimur,
1460 2534 1708 2583 humiliamur,
1727 2541 1762 2572 et
1788 2532 1994 2571 substantiae
2020 2540 2148 2569 nostrae

1193 2597 1367 2635 rationem
1401 2594 1670 2649 perpendentes,
1712 2593 1923 2632 modestiam
1962 2592 2146 2631 discimus.

1194 2657 1278 2696 Ideo
1295 2658 1389 2696 enim
1405 2658 1516 2704 Deus,
1539 2655 1598 2694 cui
1622 2664 1719 2693 tanta
1745 2654 1871 2692 salutis
1895 2662 2022 2692 nostrae
2045 2667 2144 2701 cura,

1194 2718 1240 2757 ad
1258 2718 1370 2757 nostri
1391 2716 1625 2756 eruditionem
1646 2715 1826 2768 prophetae
1844 2714 2005 2767 linguam
2025 2714 2077 2753 sic
2093 2714 2148 2753 di-

1194 2780 1300 2818 rexit.
1317 2779 1461 2831 Quippe
1478 2791 1560 2816 cum
1572 2776 1735 2829 superius
1746 2775 1896 2813 dixisset
1909 2774 2036 2814 divina
2051 2776 2164 2815 Scri-⁴

1195 2851 1313 2894 ptura,
1340 2842 1393 2879 Et
1406 2841 1512 2894 fecit
1544 2839 1653 2876 Deus
1688 2838 1905 2883 hominem,
1936 2838 2148 2876 secundum

1194 2905 1404 2955 imaginem
1424 2902 1499 2939 Dei
1523 2900 1618 2952 fecit
1647 2912 1748 2944 eum,
1780 2897 1879 2936 dedit
1905 2897 1959 2936 illi
1985 2898 2148 2937 omnium

1194 2964 1395 3003 visibilium
1407 2969 1626 3015 potestatem,
1637 2968 1676 2997 ut
1688 2973 1730 2997 ne
1741 2973 1786 2998 ex
1800 2973 1872 2998 suae
1887 2959 2148 2997 constitutionis

1194 3025 1393 3078 ignorantia
1412 3024 1504 3060 altos
1518 3021 1663 3074 spiritus
1681 3029 1887 3068 assumeret,
1907 3020 2148 3073 praescriptos·

1192 3083 1397 3135 quelimites
1406 3080 1587 3119 transiret:
1600 3078 1781 3131 superiora
1795 3078 2148 3130 repetensScriptura

1194 3146 1295 3184 docet
1312 3141 1532 3182 formationis
1545 3141 1621 3192 ejus
1642 3140 1828 3191 originem,
1841 3149 1874 3177 et
1891 3139 1984 3177 unde
2003 3153 2043 3177 ac
2057 3152 2146 3189 quo·

1184 3279 1198 3301 ¹·
1218 3274 1319 3310 Savil.
1344 3283 1376 3307 ct
1399 3285 1517 3306 nutem
1548 3273 1625 3305 MSS.
1656 3276 1932 3315 καταστεὶὶόμεθκ.
1957 3272 2071 3304 Morel.
2103 3287 2152 3305 w-

1148 3332 1343 3370 ττεὲὶὸμεθα.

1928 3439 1965 3467 ἵ)-
