2433 3775
174 172 256 216 ,8
639 187 678 216 s.

226 269 395 307 mentiam
425 269 675 309 universorum
709 269 906 308 Dominum
935 277 1178 321 provocarent.

225 329 273 369 Et
284 329 372 381 quid
386 331 479 369 circa
490 345 609 370 servos
621 331 771 370 ulterius
782 331 926 370 versor?
940 331 1082 369 Etenim
1098 342 1179 382 pos-

224 404 342 429 semus
374 401 409 430 et
441 392 529 430 alios
559 392 734 444 plurimos
767 405 1041 430 commemorare
1076 399 1110 428 et
1142 390 1178 427 in

223 452 363 502 Veteri,
381 461 414 490 et
431 452 466 490 in
486 454 588 490 Novo
608 453 835 490 Testamento
852 466 917 503 per
927 450 1104 503 jejunium
1121 463 1177 487 ce-

221 512 395 564 lebratos,
412 527 540 551 verum
558 526 673 564 operte
689 512 844 563 pretium
868 519 939 559 est,
960 519 1000 547 ut
1016 509 1064 547 ad
1079 523 1176 547 com-

222 587 366 612 munem
404 574 516 612 nostri
556 572 715 611 omnium
749 571 947 609 Dominum
977 570 1174 609 veniamus.

24 642 206 681 Mattla.4.2.
222 635 398 673 Dominus
426 634 521 672 enim
548 642 665 671 noster
691 634 804 671 JESL'S
834 633 1022 671 Camsrus
1044 641 1078 671 et
1098 632 1176 685 ipse

221 695 459 746 quadraginta
476 694 617 732 dierum
635 693 817 746 praemisso
831 693 981 746 jejunio,
995 693 1046 731 sic
1062 702 1174 731 certa-

219 770 298 794 men
314 765 434 794 contra
450 755 635 794 diabolum
653 768 838 807 aggressus
857 763 922 802 est,
937 754 1172 807 omnibusque

217 816 320 855 uobis
340 817 547 870 exemplum
575 815 693 867 dedit,
714 825 753 854 ut
783 829 845 868 per
863 814 956 853 illud
973 829 1167 867 armemur,
1194 820 1218 850 B

217 888 310 917 etex
330 879 392 917 illo
406 879 517 917 robur
535 891 736 927 sumamus,
759 887 799 916 ut
815 876 861 915 ad
879 891 1038 930 pugnam
1050 886 1170 915 contra

215 939 403 979 diabolum
421 941 652 978 instruamur.
674 941 718 977 At
739 939 799 978 hic
817 939 976 977 fortassis
993 939 1171 991 rogaverit

216 1001 394 1054 quispiam
408 1015 529 1039 eorum
543 1000 605 1052 qui
619 1000 756 1038 acutius
769 999 904 1049 vident,
916 1009 948 1038 et
964 999 1171 1038 excitatiore

215 1062 335 1101 animo
367 1072 450 1100 sunt
470 1078 478 1099 :
494 1062 613 1109 Quare
643 1061 806 1108 totidem,
837 1070 923 1112 quot
954 1060 1066 1110 servi,
1093 1060 1169 1098 dies

217 1123 392 1162 Dominus
402 1124 563 1176 jejunare
577 1123 804 1176 conspicitur,
818 1131 851 1160 et
863 1136 1052 1160 numerum
1063 1121 1181 1176 illum.

215 1197 285 1222 non
304 1184 594 1236 transgreditur?
611 1185 691 1222 Non
710 1183 778 1221 hoc
797 1192 939 1233 temere,
963 1197 1075 1234 neque
1092 1183 1168 1221 fru-

214 1254 301 1296 stra,
324 1246 395 1284 imo
413 1259 498 1284 vero
527 1245 702 1298 sapienter
722 1254 755 1283 et
780 1259 845 1297 pro
873 1244 1045 1282 ineffabili
1069 1243 1168 1283 illius

213 1305 432 1358 benignitate
461 1308 595 1345 factum
624 1316 686 1345 est.
709 1308 845 1358 Nempe
874 1320 917 1344 ne
943 1305 1169 1344 existimetur

213 1376 424 1420 apparenter
444 1377 584 1406 tantum
605 1367 802 1415 advenisse,
818 1377 851 1406 et
870 1381 939 1406 non
959 1367 1170 1406 assumsisse

212 1442 368 1479 carnem,
388 1430 447 1469 vel
466 1439 566 1467 extra
584 1429 779 1468 humanam
799 1443 873 1468 esse
892 1438 1068 1479 naturam,
1085 1444 1166 1481 pro-

211 1499 290 1544 pter
309 1491 379 1529 hoc
406 1491 510 1529 illum
540 1492 659 1544 ipsum
680 1506 867 1529 numerum
881 1491 1034 1544 jejunat,
1056 1505 1167 1542 neque

211 1551 300 1590 alios
314 1552 369 1590 his
380 1552 507 1590 diebus
520 1552 716 1605 adjicit7sic
730 1553 854 1591 volens
869 1552 1167 1590 contentiosorum

211 1613 473 1666 impudentiam
501 1614 651 1652 frenare.
674 1615 768 1652 Nam
793 1614 822 1652 si
847 1614 953 1652 rebus
971 1613 1020 1651 ita
1042 1613 1164 1665 gestis,
1191 1621 1214 1652 C

211 1668 358 1726 quidam
371 1674 567 1712 etiamnum
584 1674 650 1713 ista
670 1675 771 1726 loqui
787 1675 932 1721 audent,
953 1674 1020 1712 nisi
1038 1674 1167 1712 horum

210 1735 381 1787 praescius
399 1735 490 1773 hanc
520 1735 592 1773 illis
621 1749 743 1773 ansam
764 1735 966 1786 ademisset,
987 1734 1075 1786 quid
1097 1749 1166 1773 non

211 1795 328 1834 dicere
341 1797 543 1848 aggressuri
573 1796 700 1835 erant?
714 1796 796 1835 Ideo
813 1797 928 1834 noluit
950 1797 1073 1851 plures
1090 1796 1166 1836 dies

185 1854 193 1859 '
207 1857 385 1909 jejunare,
417 1856 479 1895 sed
511 1857 674 1908 totidem,
707 1867 794 1908 quot
819 1858 913 1896 servi
930 1874 937 1894 :
954 1867 992 1895 ut
1021 1872 1059 1896 re
1089 1857 1166 1910 ipsa

214 1932 275 1957 nos
294 1918 449 1969 erudiat,
464 1933 500 1957 se
517 1919 639 1957 eadem
658 1933 729 1970 qua
745 1933 807 1957 nos
826 1933 929 1957 carne
947 1919 1116 1957 amictum
1133 1928 1166 1958 et

214 1993 234 2016 a
251 1988 375 2018 natura
398 1989 517 2019 nostra
539 1989 748 2019 extraneum
770 1993 839 2018 non
854 1979 977 2018 fuisse.

268 2167 304 2204 4.
324 2165 498 2203 Caeterum
524 2165 692 2216 quoniam
717 2179 736 2202 a
763 2163 866 2202 nobis
886 2165 1165 2203 demonstratum

214 2236 279 2276 est,
301 2241 409 2278 quam
430 2240 558 2278 magna
579 2227 626 2264 sit
641 2226 770 2279 jejunii
788 2226 865 2276 vis,
885 2235 917 2264 et
940 2239 1047 2276 quam
1066 2224 1165 2262 mul-

215 2288 328 2341 tiplex
347 2302 393 2326 cx
413 2288 475 2326 illo
505 2288 654 2337 utilitas,
675 2287 781 2339 idque
799 2287 962 2340 exemplo
981 2300 1166 2325 servorum
1190 2298 1214 2329 ι)

216 2363 256 2386 ac
276 2348 422 2386 Domini
442 2357 492 2386 est
511 2358 710 2398 ostensum3
728 2349 806 2387 ideo
825 2348 969 2386 obsecro
986 2348 1167 2386 caritatem

216 2419 383 2457 vestram,
404 2419 443 2447 ut
461 2409 609 2448 scientes
627 2419 799 2461 quantum
815 2424 860 2448 ex
875 2409 938 2448 illo
952 2409 996 2447 sit
1011 2409 1165 2459 lucrum,

216 2485 259 2508 ne
277 2471 468 2509 utilitatem
494 2480 641 2522 tantam,
663 2485 741 2522 quae
766 2485 809 2509 ex
832 2471 894 2509 illo
924 2479 1084 2524 paratur,
1105 2484 1169 2523 per

216 2531 390 2570 desidiam
410 2532 602 2584 repellatis,
619 2546 730 2583 neque
745 2531 1004 2570 contristemini
1025 2539 1168 2583 propter

219 2592 317 2630 illius
335 2592 544 2641 adventum,
564 2593 624 2630 sed
644 2592 825 2644 gaudeatis
845 2601 877 2630 et
896 2591 1094 2642 exsultetis,
1117 2605 1169 2629 se-

21 2672 51 2691 2.
69 2660 186 2702 eamq.
223 2653 380 2691 cundum
413 2654 556 2692 beatum
590 2653 763 2703 Paulum,
788 2653 990 2691 dicentem:
1016 2654 1170 2703 Quanto

25 2703 71 2732 16.

224 2724 404 2753 ‹az-ternus
431 2724 560 2753 noster
571 2717 687 2752 homo
703 2717 973 2767 corrumpitur,
990 2724 1099 2753 tanto
1113 2718 1171 2752 in-

224 2784 354 2814 ternus
367 2785 586 2813 renovatur.
600 2776 782 2828 Jejunium
798 2775 890 2814 enim
907 2775 1032 2814 animat
1045 2785 1171 2814 nostrae

223 2837 430 2876 alimentum
448 2846 512 2878 est,
532 2846 565 2874 et
584 2838 674 2875 sicut
693 2837 886 2891 corporalis
904 2837 969 2875 iste
988 2837 1089 2875 cibus
1105 2837 1172 2875 im-

223 2899 372 2952 pinguat
391 2912 528 2950 corpus,
545 2898 590 2935 ita
607 2909 639 2936 et
654 2899 831 2951 jejunium
846 2899 1002 2937 animam
1020 2898 1173 2936 habilio-

224 2973 298 2997 rem
312 2959 421 2997 efsscit
440 2968 472 2996 et
491 2959 733 3009 valentiorem,
750 2961 842 2998 leves
858 2960 889 2997 ei
908 2973 1039 3012 pennas
1058 2967 1172 3011 parat,
1194 2974 1218 3004 Ε

226 3029 265 3057 ut
287 3020 323 3058 iu
344 3019 498 3057 sublime
529 3021 673 3069 feratur,
706 3031 740 3059 et
770 3035 909 3059 summa
941 3020 1172 3073 contemplari

222 3090 342 3132 queat,
363 3080 695 3132 voluptatibusque,
717 3092 750 3120 et
769 3083 934 3120 omnihus
949 3096 1027 3133 quae
1050 3082 1085 3120 in
1104 3082 1172 3120 hoc

223 3141 358 3179 mundo
380 3141 558 3179 habentur
588 3143 726 3188 suavia,
747 3143 821 3195 ipsa
852 3144 897 3182 sit
931 3143 1101 3195 superior.
1128 3143 1173 3181 Et

223 3203 526 3255 quemadmodum
556 3203 704 3242 leviores
734 3218 839 3243 naves
872 3205 984 3243 maria
1015 3203 1173 3244 velocius

265 3319 280 3334 ⁸¹
297 3313 353 3342 Καὶ
366 3317 424 3344 τῶν
440 3311 531 3346 ἡδέων
546 3307 616 3340 haec
632 3305 752 3340 desunt
768 3309 801 3340 in
817 3307 954 3343 Coislin.

267 3362 283 3385 b
301 3362 454 3402 Quatuor
462 3361 540 3391 Mss.
554 3365 669 3405 κοῦρον.
686 3358 777 3392 Infra
795 3366 834 3394 τὰ
850 3365 879 3393 ἐν
896 3369 953 3398 τοῖς
969 3364 1101 3407 οὐρανοῖς
1116 3365 1226 3398 ἐπτοῆ-

227 3419 302 3447 σθαι.
321 3412 424 3446 Savil.
442 3423 448 3443 z
469 3425 484 3441 «
501 3416 680 3452 ἐπτοῆσθαι,
695 3412 852 3443 immensa
875 3413 1057 3455 cupiditate
1075 3423 1160 3456 pene
1183 3411 1229 3442 ad

226 3474 385 3508 stuporem
408 3465 524 3509 (iffa-i,
545 3467 690 3506 impense
715 3463 840 3495 deditos
857 3476 943 3502 esse,
963 3465 995 3497 in
1015 3464 1135 3498 bonnm
1151 3475 1227 3507 pnr-

716 186 899 218 JOANNIS
934 186 1186 223 cflnxsos‘r.
1228 186 1432 218 ARCfflEP.
1470 189 1836 221 CONSTANTINOP.

1253 268 1428 313 δείξασθαι
1455 271 1805 323 παρασκευάσαντες,
1835 274 1895 312 καὶ
1925 273 2031 319 οὕτως
2061 275 2279 320 ἀποστάντες

1252 329 1396 372 ἕκαστος
1415 329 1485 368 ἀπὸ
1503 332 1575 367 τῶν
1588 336 1749 384 πονηρῶν
1765 334 2065 386 ἐπιτηδευμάτων,
2084 339 2132 380 εἷς
2153 338 2279 389 φιλανυ

1251 389 1406 441 θρωπίαν
1438 390 1686 435 ἐξεκαλέσαντο
1711 395 1770 433 τὸν
1791 399 1860 433 τῶν
1887 397 2050 435 ἁπάντων
2077 397 2273 443 Δεσπότην.

1249 449 1321 488 Καὶ
1340 450 1375 488 τί
1392 451 1474 503 περὶ
1491 451 1569 495 τοὺς
1589 452 1729 498 δούλους
1747 455 1799 493 ἔτι
1812 457 2006 509 στρέφομαι
2024 458 2098 509 (καὶ
2113 458 2181 511 γὰρ
2198 458 2279 510 ἔχω

1249 526 1312 560 μεν
1325 511 1384 549 καὶ
1402 511 1536 563 ἑτέρους
1552 511 1699 557 πολλοὺς
1718 516 1924 567 ἀριθμῆσαι,
1941 517 2000 555 καὶ
2015 519 2049 555 ἐν
2065 522 2107 571 τῇ
2126 520 2278 570 Παλαιᾷ

1247 572 1306 610 καὶ
1326 574 1361 610 ἐν
1379 576 1422 625 τῇ
1441 574 1554 624 Καινῇ
1569 573 1626 612 διὰ
1645 574 1774 621 ταύτης
1789 578 2110 628 εὐδοκιμήσαντας),
2124 580 2198 618 δέον
2214 579 2272 618 ἐπὶ

1246 632 1304 671 τὸν
1327 634 1440 673 κοινὸν
1469 634 1631 672 ἁπάντων
1654 638 1755 685 ἡμῶν
1785 636 1967 684 Δεσπότην
1992 640 2119 687 ἐλθεῖν,
2145 639 2189 678 Ὁ
2204 639 2274 690 γὰρ

1246 694 1374 747 Κύριος
1388 698 1490 746 ἡμῶν
1505 694 1639 742 Ἰησοῦς
1652 696 1805 748 Χριστὸς
1822 697 1882 736 καὶ
1896 698 1999 743 αὖτὸς
2011 699 2275 753 τεσσαράκοντα

1244 758 1385 808 ἡμερῶν
1408 755 1569 803 νηστείαν
1598 757 1874 808 ἐπιδειξάμενος,
1902 758 1992 797 οὕτω
2016 763 2079 807 τῆς
2102 760 2187 812 πρὸς
2213 760 2276 798 τὸν

1244 816 1403 855 διάὸολον
1431 816 1549 869 ἥψατο
1573 817 1701 864 πάλης,
1721 825 1828 856 πᾶσιν
1844 823 1928 869 ἡμῖν
1955 821 2185 873 ὑπογραμμὸν
2214 821 2268 859 δι-

1243 877 1331 924 δοὺς,
1361 878 1452 917 ὥστε
1484 877 1540 916 διὰ
1568 878 1696 925 ταύτης
1725 879 2008 928 καθοπλίζεσθαι,
2030 882 2090 919 καὶ
2121 881 2184 929 τὴν
2214 883 2271 920 ε’ν-

1242 942 1361 977 τεῦθεν
1391 939 1491 992 ἰσχὺν
1521 940 1784 993 προσλαὸόντας
1802 940 1894 979 οὕτω
1921 942 2205 994 παρατάττεσθαι
2223 945 2272 987 εἷς

1241 999 1305 1047 τὴν
1332 1000 1418 1055 πρὸς
1444 1000 1573 1039 ἐκεῖνον
1602 1001 1734 1053 μάχην.
1758 1001 1848 1040 Ἀλλ’
1881 1003 2027 1041 ἐνταῦθα
2046 1003 2128 1047 ἴσως
2159 1003 2273 1056 ἔροιτό

1241 1077 1292 1105 τις
1326 1060 1366 1099 ἂν
1394 1064 1463 1099 τῶν
1490 1061 1546 1105 ὀξὺ
1583 1062 1782 1112 βλεπόντων
1813 1062 1871 1101 καὶ
1902 1064 2179 1116 διεγηγερμένων
2204 1064 2273 1111 τὴν

1242 1122 1415 1160 διάνοιαν·
1435 1122 1526 1165 τίνος
1547 1121 1663 1161 ἕνεκεν
1684 1122 1746 1167 τὰς
1775 1123 1879 1168 αὖτὰς
1897 1130 1967 1168 τοῖς
1986 1125 2117 1169 δούλοις
2134 1124 2275 1177 ἡμέρας

1240 1186 1259 1221 ὁ
1285 1183 1466 1230 Δεσπότης
1495 1182 1673 1230 νηστεύων
1702 1183 1873 1235 φαίνεται,
1901 1185 1961 1222 καὶ
1989 1187 2053 1237 οὐχ
2077 1185 2270 1238 ὑπερηκόν-

1240 1260 1315 1283 τισε
1341 1244 1398 1284 τὸν
1420 1244 1566 1297 ἀριθμόν
1574 1260 1587 1293 3
1606 1244 1689 1296 Οὖχ
1714 1245 1834 1288 ἁπλῶς
1855 1244 1932 1283 οὐδὲ
1952 1247 2026 1297 εἰκῇ
2051 1248 2153 1284 τοῦτο
2170 1247 2272 1297 γεγέ-

1240 1322 1356 1352 νηται,
1384 1306 1474 1344 ἀλλὰ
1501 1305 1560 1344 καὶ
1588 1308 1690 1343 τοῦτο
1716 1309 1830 1357 σοφῶς
1859 1306 1919 1343 καὶ
1947 1306 2039 1344 κατὰ
2055 1306 2119 1353 τὴν
2139 1307 2274 1359 ἄφατον

1241 1369 1343 1406 αὐτοῦ
1370 1366 1644 1420 φιλανθρωπίαν.
1666 1366 1742 1405 Ἵνα
1769 1366 1837 1420 γὰρ
1870 1367 1918 1418 μὴ
1952 1371 2099 1420 νομισθῇ
2129 1369 2273 1416 δοκήσει

1239 1431 1560 1480 παραγεγενῆσθαι,
1592 1427 1653 1465 καὶ
1683 1426 1732 1477 μὴ
1760 1428 1983 1481 ἀνειληφέναι
2003 1429 2139 1481 σάρκα,
2158 1428 2181 1476 ἢ
2203 1429 2270 1474 ἔξω

1240 1492 1302 1536 τῆς
1318 1488 1450 1541 φύσεως
1466 1482 1553 1526 εἶναι
1571 1491 1634 1534 τῆς
1651 1487 1881 1539 ἀνθρωπίνης,
1899 1488 1955 1526 διὰ
1971 1493 2072 1528 τοῦτο
2087 1489 2144 1528 τὸν
2165 1489 2269 1528 αὐτὸν

1241 1551 1385 1604 ἀριθμὸν
1412 1550 1588 1597 νηστεύει,
1610 1549 1670 1587 καὶ
1694 1550 1732 1587 οὗ
1762 1550 1971 1603 προστίθησι
1995 1557 2072 1594 ταῖς
2099 1551 2269 1603 ἡμέραις,

1242 1611 1333 1650 ὥστε
1353 1610 1576 1661 ἐπιστομίσαι
1596 1614 1664 1648 τῶν
1699 1611 1938 1662 ἀναισήυντεῖν
1968 1611 2187 1662 βουλομένων
2204 1611 2269 1658 τὴν

1240 1673 1468 1725 φιλονεικίαν.
1491 1674 1535 1711 Εἰ
1554 1673 1620 1724 γὰρ
1648 1671 1707 1709 καὶ
1725 1672 1846 1710 τούτου
1866 1672 2095 1724 γεγενημένου
2116 1673 2200 1711 εἰσὶν
2218 1672 2270 1711 ἔτι

1239 1734 1299 1772 καὶ
1318 1739 1374 1773 νῦν
1400 1750 1489 1778 τινες
1512 1737 1623 1771 ταῦτα
1641 1733 1837 1784 τολμῶντες
1857 1733 2076 1785 φθέγγεσθαι,
2099 1735 2127 1772 εἷ
2147 1733 2195 1785 μὴ
2224 1738 2268 1786 τῇ

1241 1796 1351 1848 οἰκείᾳ
1365 1794 1560 1848 προγνώσει
1578 1793 1708 1840 ταύτην
1726 1795 1839 1831 αὐτῶν
1860 1794 2000 1846 ἐξέκοψε
2015 1794 2079 1841 τὴν
2093 1794 2269 1847 ἀφορμὴν,

1237 1857 1272 1895 τί
1291 1859 1351 1896 οὐκ
1376 1857 1416 1895 ἂν
1437 1855 1664 1908 ἐπεχείρησαν
1686 1857 1816 1903 εἰπεῖν,
1837 1854 1906 1892 Διὰ
1934 1859 2035 1894 τοῦτο
2058 1857 2121 1893 οὐκ
2144 1856 2268 1907 ἀνέχε-

1238 1934 1296 1957 ται
1316 1917 1454 1961 πλείους
1479 1917 1613 1967 ἡμέρας
1639 1920 1847 1963 νηστεῦσαι,
1873 1915 1974 1954 οἰλλδιμ
1991 1915 2158 1959 τοσαύτας
2182 1916 2266 1959 ὅσας

1239 1982 1269 2019 οἱ
1298 1980 1432 2017 δοῦλοι·
1452 1979 1507 2017 ἵνα
1524 1977 1569 2016 δι’
1596 1979 1709 2015 αὐτῶν
1731 1980 1799 2014 τῶν
1819 1977 2038 2030 πραγμάτων
2062 1980 2156 2026 ἡμᾶς
2175 1993 2262 2015 παι-

1239 2039 1355 2092 δεύσῃ,
1375 2039 1427 2078 δ’τι
1446 2038 1508 2086 τὴν
1532 2037 1637 2085 αὐτὴν
1659 2038 1772 2089 σάρκα
1789 2037 1848 2075 καὶ
1874 2038 1974 2080 αὐτὸς
1992 2037 2186 2091 περιέκειτο
2204 2038 2266 2077 καὶ

1239 2105 1301 2140 οὐκ
1316 2101 1379 2146 ἔξω
1393 2105 1455 2148 τῆς
1470 2100 1604 2153 φύσεως
1623 2103 1685 2146 τῆς
1701 2099 1875 2150 ἡμετέρας
1894 2101 1965 2145 {nt-7,
1973 2114 2067 2150 ρχεν.

1292 2163 1390 2201 Ἀλλ’
1409 2162 1462 2201 ὅτι
1483 2160 1544 2212 μὲν
1575 2160 1711 2212 μεγάλη
1744 2163 1805 2206 τῆς
1827 2159 1987 2206 νηστείας
2006 2164 2027 2206 ἡ
2057 2158 2176 2211 ἰσχὺς,
2207 2160 2266 2198 καὶ

1238 2223 1327 2263 πολὺ
1352 2225 1392 2263 τὸ
1418 2226 1456 2262 ἐκ
1486 2223 1613 2269 ταύτης
1647 2221 1766 2273 κέρδος
1785 2223 1828 2272 τῇ
1855 2223 1949 2272 ψυχῇ
1977 2221 2265 2274 προσγινόμενον,

1239 2286 1299 2324 καὶ
1328 2289 1366 2325 ἐκ
1390 2288 1459 2323 τῶν
1483 2284 1610 2324 δούλων
1631 2283 1690 2322 καὶ
1716 2285 1755 2320 ἐκ
1773 2287 1833 2321 τοῦ
1852 2282 2031 2320 Δεσπότου
2059 2283 2161 2329 δῆλον
2181 2286 2266 2332 ἡμῖν

1240 2347 1444 2398 γεγένηται·
1465 2347 1661 2397 παρακαλῶ
1686 2337 1742 2382 οὖν
1765 2342 1827 2389 τὴν
1847 2342 2016 2394 ὑμετέραν
2037 2344 2192 2393 ἀγάπην,
2215 2345 2266 2380 εἷ-

1242 2407 1342 2452 δότας
1363 2410 1469 2454 αὐτῆς
1488 2406 1527 2444 τὸ
1548 2406 1685 2459 κέρδος,
1705 2404 1753 2455 μὴ
1775 2404 1832 2442 διὰ
1858 2403 2027 2456 ῥαθυμίαν
2056 2403 2266 2442 ἀπώσασθαι

1239 2469 1302 2517 τὴν
1323 2471 1362 2507 ἐκ
1376 2468 1502 2515 ταύτης
1521 2467 1707 2520 ὠφέλειαν,
1725 2465 1812 2517 μηδὲ
1837 2465 2073 2517 δυσχεραίνειν
2094 2466 2180 2519 πρὸς
2203 2465 2265 2513 τὴν

1239 2530 1368 2577 ταύτης
1403 2529 1618 2583 παρουσίαν,
1659 2527 1750 2566 ἀλλὰ
1780 2526 1915 2579 χαίρειν
1945 2526 2004 2563 καὶ
2040 2526 2265 2578 ἀγάλλεσθαι,

1241 2591 1332 2630 κατὰ
1347 2592 1403 2630 τὸν
1425 2591 1594 2642 μακάριον
1614 2591 1755 2627 Παῦλον
1771 2603 1779 2611 ·
1803 2586 1907 2639 “Όσῳ
1933 2587 2002 2640 γὰρ
2030 2589 2047 2624 ὃ
2074 2586 2138 2630 ἔξω
2164 2590 2265 2636 ἡμῶν

1243 2653 1420 2704 ἄνθρωπος
1437 2650 1687 2704 διαφθείρεται,
1707 2649 1862 2700 τοσούτῳ
1877 2652 1894 2686 ὁ
1913 2647 1981 2686 ἔσω
2003 2650 2261 2685 ἀνακαινοῦται.

1243 2712 1399 2761 Νηστεία
1432 2712 1498 2766 γὰρ
1527 2715 1588 2758 τῆς
1617 2713 1733 2764 ψυχῆς
1761 2711 1834 2748 ἐστι
1863 2708 1987 2760 τροφὴ,
2019 2709 2077 2746 καὶ
2107 2709 2265 2759 καθάπερ

1244 2774 1330 2822 αὕτη
1350 2778 1372 2821 ἡ
1395 2772 1578 2824 σωματικὴ
1598 2770 1707 2823 τροφὴ
1727 2769 1857 2808 πιαίνει
1881 2770 1921 2808 τὸ
1945 2773 2047 2819 σῶμα
2062 2797 2072 2815 ,
2099 2768 2188 2806 οὕτω
2207 2769 2266 2806 καὶ

1242 2841 1264 2884 ἡ
1284 2834 1427 2882 νηστεία
1451 2834 1514 2880 τὴν
1533 2833 1648 2886 ψυχὴν
1667 2828 1896 2882 εὐτονωτέραν
1916 2830 2266 2882 ἐργάζεται,”κο’ὔφον

1244 2898 1331 2947 αὐτῇ
1351 2895 1391 2934 τὸ
1410 2895 1533 2942 πτερὸν
1547 2892 1811 2938 κατασκευάζει,
1832 2892 2018 2943 μετάρσιον
2034 2890 2142 2937 αὐτὴν
2161 2895 2266 2938 ποιεῖ,

1242 2957 1286 2996 τὰ
1308 2958 1377 2995 ἅνω
1405 2955 1636 3009 φαντάζεσθαι
1660 2953 1836 3006 προξενεῖ,
1865 2951 2039 3003 ἀνωτέραν
2066 2950 2174 2997 αὐτὴν
2197 2954 2266 2989 τῶν

1242 3021 1372 3067 ἡδονῶν
1388 3017 1470 3056 “xcii
1488 3019 1556 3055 τῶν
1572 3015 1683 3062 ἡδέων
1704 3017 1763 3053 τοῦ
1786 3013 1954 3065 παρόντος
1973 3013 2048 3063 βίου
2074 3014 2267 3065 ἀπεργαζο-

1244 3080 1343 3131 μένη.
1362 3079 1430 3118 Καὶ
1447 3077 1604 3129 καθάπερ
1619 3075 1662 3112 τὰ
1680 3078 1790 3127 κοῦφα
1812 3077 1880 3112 τῶν
1901 3073 2030 3110 πλοίων
2046 3071 2202 3123 ὀξύτερον
2223 3070 2267 3108 τὰ

1244 3141 1380 3192 πελάγη
1415 3140 1584 3190 διαπερᾷ,
1610 3136 1655 3174 τὰ
1691 3137 1810 3187 πολλῷ
1845 3138 1894 3187 τῷ
1923 3134 2038 3185 φόρτῳ
2069 3132 2267 3183 βαρούμενοι

1246 3200 1406 3254 ὓποὸρύχ
1409 3216 1442 3238 ια
1461 3199 1592 3251 γίνεται
1608 3213 1615 3221 ·
1636 3196 1744 3239 οὕτως
1762 3200 1783 3243 ἡ
1802 3195 1863 3246 μὲν
1877 3194 2020 3240 νηστεία
2038 3193 2266 3245 ι’κουφότερον

1260 3314 1324 3338 tem
1341 3305 1491 3348 frequens
1502 3303 1763 3347 Clirysostomo,
1777 3300 1853 3333 licet
1867 3297 2068 3342 frequentius
2082 3299 2113 3330 iu
2130 3297 2264 3337 malam3

1259 3359 1305 3391 sic
1324 3355 1446 3390 nonnil.
1463 3357 1495 3387 in
1509 3356 1593 3388 Gen.
1610 3356 1663 3398 23,
1681 3359 1754 3400 πρὸς
1770 3358 1824 3393 τὴν
1840 3356 1937 3391 ἀληθῆ
1952 3354 2037 3391 δόξαν
2054 3353 2267 3392 ἐπτοημένους,

1262 3418 1294 3444 et
1309 3410 1429 3454 passim
1446 3407 1559 3441 alibi.»
