2566 3791
721 232 763 263 IN
805 233 908 264 CM».

94 316 136 369 ἦν
155 321 346 371 οἰκοδομῶν
365 317 463 357 πόλιν
484 317 542 355 ἐπὶ
576 319 626 369 τῷ
663 317 808 368 ὀνόματι
839 321 898 355 τοῦ
932 319 1004 356 υἳοῧ
1023 318 1128 355 αὐτοῦ

95 382 223 434 Ἑνώχ.
242 380 339 433 (Ὅρα
366 382 441 422 πῶς
479 378 680 431 σοφίζονται
706 379 828 418 λοιπὸν
866 378 957 417 κατὰ
992 377 1128 431 μικρόν.

94 443 245 490 Ἐπειδὴ
266 441 359 496 “γὰρ
381 441 498 488 θνητοὶ
517 440 698 493 γεγόνασι,
716 442 858 488 διηνεκῆ
887 443 999 480 αὐτῶν
1015 440 1128 485 σώζε-

95 511 175 545 σθαι
196 504 261 551 τὴν
278 505 420 556 μνήμην
441 502 625 556 βούλονται
653 503 724 542 ἀπό
742 519 781 542 τε
803 506 872 541 τῶν
888 502 1104 554 τικτομένων
1119 532 1129 550 ,

94 568 163 606 ἀπό
181 583 219 606 τε
238 568 301 613 τῆς
316 566 506 616 ὀνομασίας
519 568 588 603 τῶν
605 564 736 612 τόπων,
753 559 802 609 οἷς
817 563 880 608 τὰς
892 563 1128 616 προσηγορίας

92 628 287 668 ἐπιτιθέασι
298 631 368 666 τῶν
387 627 535 667 παίδων.
552 628 677 665 Ταῦτα
695 626 811 665 πάντα
829 625 1068 676 ὑπομνήματα
1085 625 1126 662 ἄν

92 707 145 734 τις
165 691 256 729 εἴποι
278 688 420 733 δικαίως
440 683 527 728 εἶναι
546 691 615 727 τῶν
636 686 898 741 ἡμαρτημένων
916 687 1051 734 αὐτοῖς,
1067 685 1127 724 καὶ

92 756 155 800 τῆς
175 751 384 795 ἐκπτώσεως
403 753 466 797 τῆς
493 749 593 796 δόξης
626 748 780 797 ἐκείνης,
802 749 837 786 ἐν
854 742 878 799 ᾗ
896 747 1128 799 τυγχάνοντες

94 812 228 856 οὐδενὸς
242 812 373 851 τούτων
402 809 574 850 ἐδέοντοὸ
593 825 630 848 τε
659 809 770 860 Ἀδὰμ
801 808 824 855 ἥ
856 824 895 847 τε
927 807 1026 852 Εὕα,
1046 808 1124 846 ἀλλ’

95 873 256 926 ἀνωτέρω
291 873 433 912 πάντων
468 871 756 918 καθειστήκεσαν.
780 869 973 922 Ἐγεννήθη
1007 869 1043 909 δὲ
1074 871 1125 922 τῷ

95 934 232 988 Ἑνὼχ,
260 933 366 987 φησὶ,
386 933 540 981 Γαϊδὰδ,
561 932 621 972 καὶ
637 931 772 971 Γαϊδὰδ
791 931 952 982 ἐγέννησε
972 930 1030 969 τὸν
1047 932 1125 969 Μα-

90 995 235 1043 λελεὴλ,
256 995 317 1035 καὶ
336 993 528 1042 Μαλελεὴλ
553 993 715 1046 ἐγέννησε
734 994 792 1032 τὸν
809 992 1048 1040 Μαθουσάλα,
1065 993 1125 1031 καὶ

90 1057 306 1097 Μαθουσάλα
333 1056 495 1109 ἐγέννησε
519 1055 579 1094 τὸν
607 1055 748 1108 Λάμεχ.
768 1054 878 1107 Ὁρᾷς
908 1058 984 1098 πῶς
1007 1054 1123 1108 παρέ-

90 1122 204 1172 δραμε
223 1119 284 1164 τὰς
310 1118 558 1172 γενεαλογίας,
581 1119 650 1156 τῶν
686 1117 838 1170 ἀῤῥένων
861 1117 963 1168 μόνον
988 1133 1123 1168 μνημο-

89 1181 212 1225 νεύσας
239 1184 258 1219 6
290 1180 461 1232 μακάριος
489 1173 609 1228 οὗτος,
631 1178 691 1218 καὶ
721 1180 874 1229 οὐδαμοῦ
890 1180 958 1216 τῶν
975 1178 1122 1225 θηλειῶν

90 1242 326 1293 ἐπιμνησθείς.
347 1241 454 1280 Ἀλλὰ
472 1241 630 1294 καθάπερ
652 1240 711 1279 ἐπὶ
746 1243 805 1280 τοῦ
835 1239 924 1279 Κάϊν
944 1233 1053 1288 εἶπεν,
1071 1238 1124 1277 ὅτι

90 1304 208 1356 Ἔγνω
236 1303 300 1351 τὴν
336 1309 486 1355 γυναῖκα
523 1304 627 1342 αὐτοῦ
641 1332 652 1351 ,
685 1302 793 1353 μηδὲν
831 1300 969 1346 διδάξας
1004 1304 1099 1352 ἡμᾶς
1114 1330 1124 1350 ,

93 1365 181 1417 μηδὲ
208 1365 316 1404 εἰπὼν
343 1365 446 1405 πόθεν
478 1364 562 1417 ἔσχε
587 1363 650 1412 τὴν
680 1370 828 1416 γυναῖκα
844 1380 852 1387 ·
874 1362 965 1403 οὕτω
991 1362 1032 1411 δὴ
1064 1362 1125 1402 καὶ

91 1430 238 1466 ἐνταῦθα
270 1427 375 1466 πάλιν
397 1425 505 1480 φησί·
535 1426 608 1466 Καὶ
634 1426 758 1465 ἔλαὸεν
779 1427 890 1478 ἑαυτῷ
908 1424 1039 1478 Λάμεχ
1065 1425 1124 1464 δύο

92 1494 274 1540 γυναῖκας·
295 1489 405 1540 ὄνομα
423 1492 468 1541 τῇ
490 1495 554 1541 μιᾷ
574 1487 678 1535 Ἀδὰ,
698 1488 758 1527 καὶ
780 1487 890 1539 ὄνομα
914 1491 958 1539 τῇ
979 1487 1124 1540 δευτέρᾳ

90 1548 245 1590 ἴ’Σελλοὶ
276 1551 348 1589 Καὶ
379 1551 494 1589 ἔτεκεν
512 1549 616 1597 Ἀδὰ,
644 1550 748 1602 φησὶ,
773 1549 830 1588 τὸν
860 1549 1006 1597 Ἰωὸήλ·
1028 1543 1124 1593 οὗτος

92 1605 135 1658 ἦν
165 1611 283 1666 πατὴρ
316 1611 500 1652 οἰκούντων
527 1613 562 1650 ἐν
594 1617 740 1659 σκηναῖς
768 1611 1025 1664 κτηνοτρόφων.
1053 1610 1125 1650 Καὶ

91 1674 201 1724 ὄνομα
218 1677 268 1728 τῷ
294 1675 433 1727 ἀδελφῷ
461 1676 564 1712 αὐτοῦ
593 1673 753 1713 Ἰουὸάλ·
783 1667 880 1717 οὗτος
901 1667 944 1720 ἦν
972 1677 990 1712 6
1018 1688 1125 1712 κατα-

93 1734 202 1780 δείξας
221 1736 412 1789 ψαλτήριον
430 1735 490 1776 καὶ
510 1735 670 1789 κιθάραν.

147 1858 280 1898 Σκόπει
296 1861 358 1905 τ’ἦς
379 1859 522 1911 Γραφῆς
539 1857 604 1904 τὴν
625 1856 819 1909 ἂκρίὸειαν.
837 1855 1015 1900 Ἔδίδαξεν
1030 1859 1124 1907 ἡμᾶς

95 1919 213 1958 καὶτὰ
232 1919 388 1969 ὀνόματα
414 1921 484 1956 τῶν
504 1918 696 1971 τεχθέντων
713 1917 779 1956 ὑπὸ
797 1920 860 1964 τῆς
885 1917 1046 1970 γυναικὸς
1064 1922 1124 1956 τοῦ

94 1981 243 2032 Λάμεχ,
260 1980 320 2018 καὶ
343 1980 422 2018 τίνα
449 1979 494 2018 τὰ
513 1979 775 2030 ἐπιτηδεύματα
804 1979 906 2031 ἔσχον
919 2008 930 2026 ,
947 1979 1007 2017 καὶ
1036 1978 1089 2018 ὅτι
1106 1982 1125 2018 6

95 2041 158 2092 μὲν
189 2042 269 2094 περὶ
296 2042 360 2089 τὴν
389 2042 640 2096 κτηνοτροφίαν
668 2042 788 2080 ἑαυτὸν
818 2040 1003 2091 ἐξέδωκεν,
1036 2045 1054 2081 6
1087 2041 1123 2082 δὲ

94 2103 261 2151 ἐπενόησε
285 2103 479 2157 ψαλτήριον
506 2104 566 2142 καὶ
591 2104 750 2155 κιθάραν.
774 2102 892 2142 Σελλὰ
913 2103 972 2150 δὲ,
992 2103 1118 2156 φησὶν,

92 2165 188 2203 ἔτεκε
206 2164 267 2202 καὶ
285 2165 370 2212 αὐτὴ
390 2165 448 2203 τὸν
462 2164 599 2211 ΘοΕὲλ,
626 2164 686 2202 καὶ
713 2158 754 2211 ἦν
771 2163 1005 2217 σφυροκόπος,
1032 2166 1124 2216 χαλ·-

92 2225 169 2268 κεὺς
190 2227 322 2278 χαλκοῦ
351 2225 411 2264 καὶ
432 2225 592 2279 σιδήρου.
615 2224 731 2263 Πάλιν
749 2224 810 2263 καὶ
841 2229 901 2263 τοῦ
929 2224 1028 2276 παρὰ
1058 2227 1122 2272 τῆς

92 2288 225 2331 Σελλᾶς
244 2287 424 2340 τεχθέντος
441 2288 482 2327 τὸ
509 2287 727 2338 ἐπιτήδευμα
743 2291 828 2339 ἡμῖν
848 2287 1044 2338 ἐδήλωσεν,
1065 2288 1120 2328 ὅτι

89 2348 151 2397 τὴν
171 2349 408 2402 χαλκευτικὴν
435 2349 562 2402 τέχνην
579 2350 703 2388 εἵλετο.
734 2348 832 2403 ζὈρα
850 2352 926 2394 πῶς
944 2350 1037 2390 κατὰ
1062 2367 1119 2403 μι-

90 2411 170 2461 κρὸν
205 2410 250 2448 τὰ
275 2413 337 2457 τ’ἧς
372 2410 571 2454 συστάσεως
596 2414 656 2449 τοῦ
685 2413 755 2450 τῶν
786 2410 980 2464 ἀνθρώπων
1000 2412 1119 2465 γένους

90 2471 305 2523 ᾠκονόμητο.
339 2473 409 2511 Καὶ
439 2475 578 2525 πρῶτον
604 2472 667 2524 μὲν
693 2476 712 2512 6
739 2473 830 2513 Κάϊν
859 2477 911 2527 τῷ
933 2477 990 2513 ὑπ’
1013 2476 1119 2515 αὐτοῦ

89 2533 246 2585 τεχθέντι
264 2533 328 2581 τὴν
345 2533 407 2572 ὑπ’
427 2536 530 2573 αὐτοῦ
555 2535 848 2587 οἰκοδομουμένην
867 2535 968 2575 πόλιν
983 2537 1118 2576 ἐπωνό-

92 2609 214 2645 μασεν.
234 2588 324 2633 Εἶτα
342 2596 374 2634 οἱ
391 2595 459 2633 ὑπὸ
474 2599 543 2634 τῶν
558 2600 730 2648 γυναικῶν
744 2601 804 2636 τοῦ
823 2597 954 2651 Λάμεχ
971 2599 1116 2651 τεχθέν-

91 2671 165 2703 τες,
184 2658 202 2694 6
219 2655 281 2707 μὲν
300 2658 344 2707 τῇ
360 2657 592 2710 κτηνοτροφίᾳ
611 2658 732 2698 ἑαυτὸν
756 2658 939 2707 ἐξέδωκεν,
953 2663 970 2698 6
991 2659 1026 2698 δὲ
1044 2659 1119 2699 ἕτε-

91 2731 147 2768 ρος
179 2716 243 2764 τὴν
271 2717 506 2769 χαλκευτικὴν
535 2718 685 2768 εεῖλετο,
715 2723 733 2759 6
767 2720 804 2758 δὲ
836 2721 1030 2774 ψαλτήριον
1058 2722 1119 2762 καὶ

90 2777 233 2830 κιθάραν
252 2777 457 2823 κατέδειξεν.
476 2779 620 2833 Ἀδελφὴ
640 2781 698 2830 δὲ,
714 2782 946 2834 φησὶ,Θόὸελ
963 2784 1119 2835 Νοεμάν.

91 2839 124 2876 Τ
128 2838 139 2876 ί
151 2840 191 2877 τὸ
220 2839 336 2878 καινὸν
363 2840 422 2878 καὶ
454 2841 668 2895 παράδοξον;
696 2844 767 2883 Νῦν
785 2843 852 2896 γὰρ
878 2848 964 2897 ἡμῖν
980 2848 1118 2898 πρῶτον

91 2899 263 2938 δείκνυται
300 2901 438 2947 θηλείας
482 2903 624 2955 μνήμην
663 2906 830 2956 ὀνομαστὶ
867 2907 1117 2959 ποιησάμενος.

90 2962 170 3013 Οὐχ.
200 2962 320 3006 ἁπλῶς
351 2962 429 3002 οὐδὲ
455 2965 557 3015 εἰκῇ,
587 2965 678 3003 ἀλλά
707 2982 742 3005 τι
772 2968 1012 3021 κεκρυμμένον
1032 2973 1118 3020 ἡμῖν

90 3025 241 3062 ἐντεῦθεν
260 3023 437 3076 ἐμφαίνων
456 3029 557 3065 τοῦτο
573 3027 764 3075 πεποίηκεν
781 3033 800 3069 6
817 3030 990 3084 μακάριος
1025 3046 1118 3083 προ-

90 3084 223 3136 φήτης,
240 3083 326 3137 ὅπερ
352 3087 399 3129 εἷς
424 3086 539 3140 ἕτερον
568 3089 687 3140 καιρὸν
711 3092 792 3141 ὑμῖν
822 3091 1118 3144 ταμιευσάμενοι,

91 3148 149 3183 νῦν
167 3147 229 3190 τῆς
245 3146 447 3192 ἀκολουθίας
465 3148 644 3200 ἐχώμεθα·
670 3150 747 3191 οὐδὲ
767 3151 835 3204 γὰρ
859 3153 900 3191 τὸ
917 3153 1022 3205 τυχόν
1043 3155 1118 3192 ἐστι

92 3203 131 3241 τὸ
152 3206 383 3257 ἐπαγόμενον,
402 3209 492 3249 ἀλλὰ
509 3210 569 3248 καὶ
587 3211 720 3267 σφόδρα
747 3215 878 3252 πολλοῦ
899 3217 960 3252 τοῦ
988 3217 1119 3266 ἀγῶνος

93 3265 266 3315 δεόμενον,
281 3268 340 3306 καὶ
358 3271 607 3324 ἀκριὸεστέρας
626 3276 688 3320 τῆς
709 3274 917 3327 ἑρμηνείας,
949 3275 1040 3315 ὥστε
1057 3278 1115 3315 δυ-

134 3399 146 3414 ·
165 3397 225 3434 rep
243 3389 334 3423 deest
350 3391 382 3424 in
399 3392 498 3426 Savil.
519 3402 551 3427 et
567 3397 599 3428 in
616 3396 768 3439 plurimis
784 3399 1030 3443 Mantucriptis.

138 3443 152 3465 b
169 3442 248 3485 Reg.
268 3454 350 3476 uuus
368 3448 459 3485 1225«,
475 3448 568 3479 etsie
583 3459 722 3492 semper.

946 232 1009 263 IV.
1047 231 1209 262 Gumis.

1250 231 1405 262 uonut..
1444 231 1521 262 xx.
2067 221 2156 264 203

1201 319 1399 354 civitatem
1432 318 1473 353 in
1509 316 1664 352 nomine
1674 314 1760 367 filii
1792 317 1852 352 sui
1888 316 2040 353 Enoch.
2067 317 2159 355 Vide

1201 377 1380 429 quomodo
1395 377 1571 431 paulatim
1599 376 1947 425 institmintur.Q11ia
1959 377 2052 415 enim
2065 392 2157 416 tuor-

1200 440 1286 478 tales
1314 449 1519 486 evaserant,
1550 438 1790 477 immortalem
1819 452 1920 477 suam
1950 440 2159 478 memoriam

1198 503 1313 541 facere
1329 502 1533 549 voluerunt,
1566 503 1699 554 partim
1732 515 1777 539 ex
1798 501 1884 539 siliis
1901 515 1990 552 quos
2012 515 2159 553 genera-

1198 563 1298 611 bant,
1320 564 1451 616 partim
1484 578 1528 601 ex
1556 562 1644 601 locis
1668 562 1802 614 quibus
1824 562 1982 601 filiorum
2015 564 2158 602 uomina

1197 625 1441 677 imponebant.
1460 625 1546 663 llaec
1562 625 1681 663 omnia
1697 626 1780 678 jure
1796 625 1878 676 quis
1891 625 2024 663 diceret
2036 640 2159 678 pecca-

1198 695 1317 724 torum
1337 686 1572 732 monimenta‚
1594 700 1726 724 necnon
1740 686 1861 738 lapsus
1877 701 1896 724 a
1909 687 2059 739 pristina
2083 687 2159 738 glo-

1197 748 1264 795 ria,
1286 748 1322 786 in
1343 748 1412 799 qua
1430 762 1510 786 cum
1533 757 1662 797 essent,
1687 748 1786 785 nullo
1802 748 1930 786 horum
1951 749 2160 801 indigebant

1198 807 1315 846 Adam
1337 818 1370 847 et
1387 809 1465 847 Eva
1486 839 1495 851 .
1527 817 1653 861 utpote
1689 809 1856 846 omnibus
1888 810 2101 861 superioreS,
2125 822 2158 850 et

1196 870 1288 909 nihil
1307 870 1468 908 obnoxii.
1492 870 1693 909 18.P0rr0
1710 872 1849 909 Enoch
1871 874 1944 922 ipsi
1956 881 2070 910 natus
2084 883 2155 922 est,

1195 931 1328 984 inquit,
1352 932 1526 982 Gaidad,
1549 939 1584 969 et
1606 932 1767 970 Gaidad
1781 934 1915 984 genuit
1938 934 2127 972 Alaleleel
2145 965 2155 983 ‚

1195 1002 1232 1032 et
1251 994 1440 1031 DIaleleel
1453 995 1588 1045 genuit
1608 993 1856 1039 Mathusala,
1872 1002 1908 1032 et
1922 996 2158 1034 Mathusala

1193 1058 1325 1107 genuit
1348 1056 1530 1094 Lamech.
1569 1055 1685 1094 Vides
1718 1069 1827 1106 quam
1862 1056 1996 1094 cursim
2032 1059 2159 1098 transit

1194 1116 1624 1168 genealogia53virorum
1654 1125 1792 1155 tantum
1826 1117 2042 1157 mentionem
2074 1121 2157 1158 facit

1193 1178 1319 1216 beatus
1345 1178 1420 1228 ille,
1443 1192 1619 1229 nusquam
1646 1192 1733 1217 vero
1765 1178 1959 1216 mulierum
1982 1181 2156 1220 meminit.

1194 1239 1266 1279 Sed
1285 1239 1590 1292 quemadmodum
1605 1238 1650 1278 de
1665 1239 1754 1278 Cain
1773 1238 1912 1277 dictum
1925 1249 1989 1287 est,
2008 1243 2157 1294 Cogno—

1194 1305 1251 1342 vit
1270 1315 1428 1340 uxorem
1448 1315 1574 1351 suam,
1597 1315 1680 1340 cum
1697 1315 1873 1353 nusquam
1894 1316 1957 1341 nos
1977 1303 2154 1355 docuerit,

1193 1378 1308 1416 neque
1341 1363 1475 1402 dixerit
1502 1362 1598 1402 unde
1616 1362 1781 1401 habuerit
1805 1378 1978 1401 uxorem:
1996 1364 2047 1403 sic
2075 1380 2158 1404 sane

1193 1434 1227 1465 et
1244 1425 1502 1477 liicloquitur:
1525 1426 1588 1463 19.
1624 1426 1679 1463 Et
1694 1427 1844 1477 accepit
1873 1427 1949 1464 sibi
1984 1427 2157 1466 Lamech

1193 1488 1292 1526 duas
1322 1501 1474 1535 uxores,
1496 1500 1638 1525 nomen
1658 1489 1727 1524 uni
1744 1486 1855 1533 Ada,
1879 1495 1915 1525 et
1934 1501 2074 1526 nomen
2091 1503 2154 1528 se-

1194 1550 1330 1588 cundae
1343 1549 1462 1588 Sella.
1477 1550 1542 1587 90.
1568 1549 1625 1587 Et
1640 1550 1789 1600 peperit
1804 1548 1916 1596 Ada,
1939 1549 2069 1601 inquit,
2086 1552 2157 1590 Jo-

1195 1611 1256 1650 bel
1276 1627 1287 1647 .·
1311 1612 1471 1664 hicfuit
1494 1619 1609 1663 pater
1626 1611 1894 1648 habitantium
1913 1613 1956 1648 in
1976 1615 2159 1652 taberna-

1193 1673 1292 1710 culis
1318 1681 1536 1724 pastorum.
1556 1673 1620 1710 21.
1649 1673 1706 1710 Et
1734 1686 1874 1710 nomen
1893 1674 2026 1726 fratri
2047 1676 2160 1715 illius

1193 1734 1320 1772 Jubal
1341 1750 1352 1771 .·
1374 1735 1438 1772 hic
1449 1735 1541 1787 suit
1558 1736 1591 1772 is
1619 1736 1687 1786 qui
1711 1734 1994 1774 demonstravit
2007 1738 2158 1788 psalle-

1192 1797 1294 1832 rium
1313 1803 1351 1832 et
1363 1796 1574 1833 citharam.

1247 1859 1285 1895 9,
1306 1856 1404 1895 Vide
1422 1856 1618 1909 Scripturae
1652 1855 1892 1908 diligentiam.
1931 1860 2065 1898 Docuit
2095 1875 2158 1900 nos

1148 1926 1173 1957 D
1193 1926 1227 1955 et
1245 1917 1389 1956 nomina
1407 1932 1530 1956 eorum
1541 1917 1684 1969 quinati
1706 1927 1845 1957 suntex
1856 1934 1969 1959 uxore
1986 1922 2155 1973 Lamech,

1193 1987 1228 2018 et
1244 1994 1323 2030 quae
1337 1979 1455 2018 studia
1471 1979 1616 2018 illorum
1637 1979 1770 2017 suerint
1792 1996 1800 2017 :
1820 1995 1946 2035 nempe
1957 1983 2055 2034 quod
2066 1999 2157 2024 unus

1193 2040 1330 2079 alendis
1356 2040 1546 2093 pecoribus
1564 2039 1672 2078 fuerit
1695 2040 1853 2090 deditus,
1871 2052 1906 2081 et
1931 2044 2021 2082 alter
2044 2059 2155 2084 exco-

1192 2101 1361 2154 gitaverit
1373 2101 1586 2154 psalterium
1599 2110 1632 2139 et
1651 2101 1838 2140 citharam.
1861 2106 1927 2142 92
1953 2105 2062 2144 Sella
2083 2121 2155 2145 au-

1196 2172 1287 2211 tem,
1310 2163 1444 2215 inquit,
1475 2172 1512 2202 et
1525 2165 1611 2215 ipsa
1632 2167 1779 2216 peperit
1800 2166 1959 2213 leobel,
1998 2176 2036 2205 et
2071 2179 2155 2207 erat

1192 2225 1417 2275 malleator,
1440 2233 1477 2263 et
1499 2226 1625 2279 saber
1653 2228 1740 2264 aeris
1767 2228 1940 2280 ecferri.
1968 2229 2104 2267 Iterum
2123 2241 2156 2268 et

1188 2299 1302 2328 artem
1321 2290 1420 2328 illius
1439 2290 1501 2341 qui
1515 2304 1559 2328 ex
1570 2290 1667 2330 Sella
1687 2300 1792 2329 natus
1808 2292 2038 2343 eratindicat,
2058 2296 2155 2346 quod

1185 2365 1313 2405 nempe
1327 2351 1492 2391 fabrilem
1512 2353 1593 2390 aeris
1603 2361 1716 2390 artem
1730 2364 1924 2393 exerceret.
1941 2355 2038 2395 Vide
2057 2372 2153 2408 quo—

1187 2412 1295 2452 modo
1312 2427 1392 2465 quae
1406 2413 1455 2452 ad
1488 2427 1595 2452 usum
1615 2423 1649 2452 et
1664 2415 1894 2454 commodum
1914 2416 2065 2456 humani
2091 2433 2152 2469 ge-

1187 2476 1281 2515 neris
1303 2485 1462 2529 spectant
1476 2475 1652 2528 paulatim
1666 2477 1810 2529 provisa
1832 2478 1913 2516 sint.
1933 2478 2153 2531 Etprimum

1188 2537 1278 2576 Cain
1292 2551 1313 2575 a
1328 2537 1404 2575 filio
1425 2551 1488 2575 suo
1506 2536 1690 2575 civitatem
1712 2537 1758 2575 ab
1782 2552 1819 2576 se
1845 2538 2061 2578 aedificatam
2090 2555 2154 2578 no-

1142 2615 1168 2646 Ε
1188 2599 1354 2639 minavit.
1392 2598 1531 2637 Deinde
1560 2612 1685 2636 eorum
1713 2599 1775 2649 qui
1801 2613 1846 2637 ex
1871 2601 2048 2639 uxoribus
2084 2603 2153 2640 La-

1188 2661 1291 2699 mech
1329 2660 1401 2698 nati
1435 2669 1530 2706 sunt,
1555 2674 1648 2697 unus
1679 2661 1867 2712 pascendis
1891 2663 2081 2714 pecoribus
2116 2668 2176 2703 se*

1187 2721 1341 2770 dedidit,
1359 2721 1452 2759 alius
1479 2720 1642 2758 :ei-ariam
1680 2722 1881 2773 exercebat,
1915 2723 2009 2762 alius
2045 2725 2152 2765 ctiam

1188 2783 1397 2836 psalterium
1440 2791 1474 2820 et
1500 2781 1674 2820 citharam
1709 2782 1908 2822 adinvenit.
1931 2785 2049 2824 Soror
2075 2802 2151 2826 au—

1189 2854 1280 2892 tem,
1316 2843 1446 2896 inquit,
1480 2843 1629 2881 leobel
1650 2845 1840 2882 Noeman.
1877 2845 1964 2884 hid
1999 2847 2066 2887 hoc
2091 2864 2151 2888 no-

1189 2921 1276 2945 vum
1297 2915 1332 2944 et
1365 2904 1580 2943 insolitum?
1600 2906 1705 2943 Nunc
1742 2906 1900 2958 primum
1939 2910 2150 2949 nominatim

1190 2967 1350 3006 mulieris
1378 2965 1550 3004 meminit.
1587 2968 1665 3004 Non
1695 2967 1771 3005 sine
1796 2983 1916 3018 eausa,
1953 2985 2066 3022 neque
2100 2982 2150 3011 te-

1190 3044 1297 3076 mere,
1329 3027 1391 3067 scd
1423 3037 1461 3065 ut
1486 3028 1667 3066 occultum
1696 3029 1785 3080 quid
1820 3031 1924 3069 nobis
1953 3033 2012 3071 hic
2032 3033 2149 3072 decla-

1190 3101 1256 3140 ret,
1275 3091 1341 3129 hoc
1355 3090 1435 3128 secit
1453 3089 1577 3127 beatus
1592 3090 1765 3142 propheta
1785 3106 1795 3138 ;
1816 3092 1854 3130 id
1877 3094 1972 3144 quod
1996 3095 2030 3133 in
2048 3096 2150 3135 aliud

1191 3162 1332 3205 tenipus
1347 3151 1450 3190 vobis
1464 3165 1689 3202 reponemus,
1711 3166 1806 3191 nunc
1822 3154 2006 3194 historiam
2023 3172 2149 3208 sequa-

1193 3229 1275 3252 mur
1297 3229 1304 3249 :
1328 3226 1443 3262 neque
1463 3211 1556 3249 enim
1571 3212 1674 3264 parvi
1694 3215 1862 3252 momenti
1897 3216 2068 3267 quiddam
2099 3229 2148 3256 est

1192 3273 1287 3325 quod
1305 3272 1484 3320 subditur,
1505 3281 1538 3309 ct
1558 3272 1714 3325 plurimo
1729 3274 1848 3313 labore
1863 3276 1968 3315 liabrt
1987 3294 2090 3331 opus.
2109 3295 2149 3317 ac

1152 569 1175 598 B

1146 1182 1170 1213 C

1179 3410 1191 3422 e
1209 3397 1342 3440 Aliquot
1360 3397 1434 3429 31³5.
1454 3401 1572 3435 εἵλατο,
1591 3397 1687 3429 etsie
1706 3397 1801 3430 insta.
1822 3399 1882 3433 Alii
1899 3406 2005 3436 εἵλετο.
