2516 3791
307 115 402 174 448
752 127 789 156 s.

307 212 382 249 rius
410 219 445 248 et
474 209 717 250 vehementius
750 208 850 246 illam
878 206 1079 245 concutiens
1111 216 1254 254 respon-

307 286 385 310 sum
406 271 475 310 det.
496 271 638 310 Sciebat
658 269 752 308 enim
770 267 1013 306 fortitudinem
1034 263 1206 310 mulieris,
1222 270 1256 299 et

306 332 449 371 volebat
471 346 548 370 eam
579 345 648 369 non
668 329 804 367 occulte
832 327 991 377 accipere
1017 321 1255 370 beneficium,

307 393 356 432 ita
370 403 410 431 ut
425 391 595 444 discipuli
610 390 784 426 discerent
799 401 844 424 ex
860 387 952 422 facto
971 381 1153 421 dilationis
1171 394 1256 418 cau-

308 468 397 503 sam,
422 463 454 491 et
473 452 534 489 alii
554 463 672 487 omnes
693 447 918 494 docerentur,
941 451 1073 494 quanta
1093 441 1139 480 sit
1168 441 1255 479 assi-

308 514 455 552 duitatis
475 522 508 549 et
537 507 806 562 perseverantia:
837 505 1009 558 potentia,
1030 513 1064 542 et
1096 503 1257 541 mulieris

109 586 190 615 [bid.
206 597 232 615 ν.
244 585 292 614 26,
307 573 434 611 virtus.
452 571 541 608 Nam
562 567 650 605 dicit
663 567 771 604 :Non
792 573 848 603 est
865 568 1005 603 bonum
1020 577 1169 601 sumere
1183 576 1256 614 ρα-

309 646 394 670 nem
409 631 605 682 filiorum,
625 636 661 665 et
677 629 841 679 objicere
855 627 1030 664 canibus.
1049 624 1131 672 Hie,
1152 623 1254 661 obse-

307 706 381 741 cro,
402 689 645 728 animadverte
662 686 825 725 mulieris
854 684 1102 735 constantiam,
1125 692 1257 735 quanta

307 751 488 790 alacritate
506 763 669 788 succensa
689 747 797 785 fuerit
810 777 820 796 ,
841 755 974 797 quanta
993 746 1029 783 in
1050 747 1167 783 Deum
1186 744 1257 781 fide

308 812 451 850 incitata
470 810 591 857 fuerit,
614 823 695 847 cum
722 807 868 846 interim
889 807 1026 845 viscera
1044 806 1133 858 ipsa,
1151 815 1190 843 ut
1210 805 1257 842 ita

308 873 438 921 dicam,
457 887 529 924 prae
550 872 672 909 dolore
691 869 964 916 dissecarentur,
983 876 1016 904 et
1040 867 1153 904 multa
1174 865 1258 903 filiae

309 933 613 972 commiseratione
645 939 846 969 teneretur:
866 942 936 966 non
965 935 1166 974 aversatur,
1194 939 1259 963 nec

308 1005 402 1033 retro
429 993 524 1032 cedit
548 993 595 1031 ob
624 992 725 1030 verbi
747 988 999 1028 contumeliam
1017 1004 1027 1037 ;
1048 987 1109 1025 scd
1133 986 1257 1024 audito

310 1057 406 1095 canis
424 1055 577 1103 nomine,
593 1054 675 1092 boni
700 1051 870 1101 consulit,
889 1060 922 1089 et
949 1051 1079 1088 fatetur
1098 1063 1134 1087 se
1152 1047 1258 1086 catel-

310 1118 400 1165 lum,
416 1127 455 1154 ut
468 1131 487 1154 a
507 1130 635 1154 canum
649 1115 819 1152 liberetur
837 1113 986 1160 feritate,
999 1111 1081 1149 etin
1099 1110 1257 1147 filiorum

311 1178 431 1216 statim
447 1177 621 1228 allegatur
640 1176 814 1213 ordinem.
833 1173 928 1212 Audi
948 1172 1091 1210 tandem
1108 1170 1196 1222 quid
1211 1170 1258 1208 ad

312 1239 389 1276 liaec
406 1238 535 1275 mulier
553 1237 702 1285 dixerit,
725 1245 764 1274 ut
786 1235 901 1273 discas
919 1242 1093 1285 quantum
1112 1247 1157 1270 ex
1175 1245 1258 1284 pro-

314 1298 562 1336 crastinatione
576 1298 642 1336 Dei
657 1299 797 1336 lucrum
812 1295 1034 1334 concedatur.
1049 1295 1126 1332 Non
1143 1293 1259 1331 solum

313 1362 407 1400 enim
425 1377 494 1400 non
513 1362 631 1413 abegit
659 1362 845 1399 mulierem
867 1359 1046 1397 dictorum
1073 1357 1256 1410 asperitas,

313 1423 376 1462 sed
405 1424 441 1461 in
472 1424 642 1475 majorem
675 1423 893 1460 alacritatem
924 1418 1116 1458 excitavit:
1134 1431 1261 1469 nempe

112 1500 193 1528 [ιη-(ι,
211 1507 298 1536 v·27-
314 1494 503 1537 postquam
531 1483 671 1521 audivit
700 1483 777 1520 haec
806 1482 928 1528 verba,
951 1479 1068 1530 inquit
1085 1495 1092 1515 :
1109 1481 1257 1525 Etiam,

314 1547 505 1589 Domine,·
522 1559 613 1581 nam
633 1553 667 1580 et
694 1543 830 1581 catelli
848 1543 966 1579 edunt
987 1541 1033 1577 de
1053 1542 1160 1576 micis
1177 1552 1262 1590 quoe

315 1607 460 1643 cadunt
478 1619 503 1642 a
525 1618 657 1641 mensa
678 1605 921 1640 dominorum
943 1614 1110 1638 suorum.
1125 1598 1262 1638 Vidisti

314 1680 422 1716 quare
446 1665 632 1714 hucusque
649 1662 853 1701 distulerit?
867 1663 917 1699 Ut
930 1675 993 1713 per
1011 1660 1118 1698 verba
1139 1658 1264 1696 mulie-

314 1726 362 1763 ris
383 1725 489 1763 fidem
508 1725 606 1762 illius
635 1723 806 1761 eximiam
835 1722 1027 1759 discamus.
1051 1719 1148 1759 Vide
1169 1719 1263 1757 enim

313 1785 491 1837 quomodo
518 1785 637 1823 statim
654 1798 731 1822 eam
750 1782 912 1820 laudavit
933 1790 966 1819 et
982 1780 1163 1819 coronavit
1185 1781 1260 1817 Do-

113 1860 191 1890 Μία.
208 1871 235 1888 v.
248 1859 297 1889 28,
314 1848 443 1897 minus,
459 1846 598 1884 dicens:
616 1848 648 1883 0
665 1845 818 1894 mulier,
835 1857 981 1895 magna
997 1850 1052 1880 est
1062 1842 1164 1893 fides
1182 1850 1261 1879 tua.

314 1910 430 1955 Quam
448 1907 622 1960 principio
637 1921 749 1958 neque
763 1919 928 1957 responso
943 1903 1171 1955 dignabatur,
1182 1917 1263 1940 cum

313 1969 547 2008 admiratione
566 1978 599 2006 et
627 1967 796 2005 laudibus
823 1965 988 2003 dimittit.
1011 1965 1176 2015 fisagna,
1201 1963 1261 2001 in—

316 2031 406 2081 quit⁷
427 2030 598 2082 estfides
621 2038 698 2066 tua.
731 2028 818 2065 Erat
838 2027 932 2064 enim
962 2039 1083 2063 revera
1116 2039 1260 2077 magna,

315 2091 413 2142 quod
427 2106 508 2128 cum
526 2090 662 2129 videret
679 2088 784 2127 semel
805 2097 909 2138 atque
929 2087 1058 2124 iterum
1078 2095 1111 2123 et
1134 2086 1263 2138 saepius

316 2161 538 2190 aversantem
556 2165 689 2204 preceS,
709 2164 778 2187 non
798 2149 937 2201 segnior
953 2149 1044 2185 faeta
1062 2147 1182 2197 suerit,
1204 2161 1264 2185 ne-

317 2228 386 2264 que
410 2212 664 2260 retrocesserit,
685 2211 747 2249 sed
765 2209 1031 2263 perseverantia:
1058 2207 1265 2245 assiduitate

318 2274 566 2327 provocaverit
587 2273 800 2321 Dominum,
821 2271 868 2308 ita
889 2280 928 2308 ut
950 2269 1023 2308 voti
1042 2283 1186 2321 compos
1202 2270 1264 2306 fie-

320 2345 386 2373 ret.
411 2338 505 2373 Fiat
525 2335 618 2372 enim
638 2336 721 2379 tihi,
747 2332 877 2383 inquit,
906 2334 1003 2369 sicut
1026 2334 1099 2368 vis.
1128 2330 1264 2375 Vidisti

319 2396 496 2447 quomodo
511 2397 571 2447 qui
591 2395 691 2447 prius
708 2394 807 2431 illam
825 2406 937 2443 neque
954 2405 1120 2444 responso
1138 2391 1265 2442 digna-

317 2468 374 2496 tus
400 2458 525 2505 fuerat,
551 2470 644 2494 nunc
660 2455 910 2507 largitionibus
931 2453 1064 2491 certat?
1080 2454 1158 2491 Non
1172 2453 1266 2491 enim

319 2518 527 2570 simpliciter
547 2517 672 2555 annuit
691 2515 858 2568 precibus
876 2514 989 2563 illius,
1011 2514 1072 2551 sed
1093 2513 1265 2566 praedica—

318 2580 371 2617 vit
386 2588 419 2616 et
434 2578 624 2616 celebravit
638 2577 748 2615 illam.
771 2577 863 2613 Nam
882 2574 1045 2623 dicendo,
1064 2577 1096 2613 0
1112 2576 1263 2622 mulier,

319 2639 546 2688 monstravit,
575 2637 755 2689 quomodo
776 2636 885 2674 fidem
912 2637 988 2688 ejus
1020 2636 1268 2688 obstupescat:

320 2699 470 2737 dicendo
489 2709 618 2747 autem,
647 2700 800 2750 Magna
819 2707 874 2735 est
881 2698 988 2750 fides
1018 2706 1099 2744 tua,
1123 2697 1268 2735 divitias

146 2778 309 2804 Chananaeae
325 2776 467 2811 quoque
484 2761 644 2798 mulieris
673 2760 842 2797 ostendit.
861 2759 1001 2797 Deinde
1023 2758 1137 2809 inquit
1153 2774 1160 2794 ε
1177 2761 1269 2797 Fiat

123 2819 192 2886 5¹:¹⁴&
209 2818 304 2846 lauda-
325 2824 393 2859 tibi
420 2825 519 2859 sicut
548 2825 619 2859 vis.
641 2824 824 2869 Quantum
853 2821 927 2869 vis,
953 2830 1126 2871 quantum
1151 2820 1269 2859 animo

178 2880 182 2885 ’
324 2882 494 2935 coneipiS,
513 2892 647 2920 tantum
667 2883 817 2934 praebeo.
834 2883 951 2920 Tanta
967 2882 1060 2920 enim
1080 2891 1139 2919 tua
1157 2896 1269 2934 perse-

324 2945 481 2983 verantia
500 2943 645 2994 dignam
663 2953 695 2981 te
714 2943 908 2982 declaravit
927 2952 986 2981 tua
1005 2942 1182 2995 petitione.
1204 2943 1269 2981 Vi-

271 3007 275 3009 ’
324 3005 426 3042 distis
448 3005 607 3041 mulieris
627 3004 886 3042 constantiam?
908 3003 1049 3042 vidistis
1068 3002 1200 3041 divinae
1216 3003 1270 3041 di-

324 3066 466 3102 lationis
485 3079 638 3111 causam,
655 3064 818 3102 videlicet
835 3074 873 3101 ut
888 3064 1071 3101 mulierem
1088 3064 1273 3101 clariorem

326 3127 513 3166 redderet?
539 3125 735 3163 Redeamus
755 3135 889 3175 autem,
914 3125 941 3162 si
966 3125 1098 3177 placet,
1125 3124 1171 3162 ad
1191 3139 1273 3177 pro-

325 3188 476 3241 positam
509 3186 719 3233 historiam,
739 3195 772 3224 et
800 3187 978 3224 discamus
1007 3195 1152 3238 propter
1183 3186 1274 3223 nihil

325 3249 419 3286 aliud
451 3248 699 3300 promissiones
730 3247 939 3299 patriarcha:
970 3249 1078 3285 factas
1104 3257 1154 3285 tot
1174 3247 1275 3285 annis

326 3310 472 3362 implore
499 3309 690 3357 distulisse,
720 3323 825 3358 quam
855 3318 888 3346 ut
921 3309 1030 3346 multa
1052 3324 1131 3347 eum
1164 3309 1274 3360 gloria

829 124 1013 156 JOANNJS
1051 121 1290 152 CHRYSOST.

1330 120 1520 149 ARCHIEP
1529 138 1537 148 .
1577 119 1913 151 CONSTANTINOP
1923 140 1932 149 .

1329 200 1498 248 ἐπινεύει,
1514 200 1605 238 ἀλλὰ
1625 201 1684 238 καὶ
1701 202 1932 254 σφοδροτέραν
1948 202 2008 241 καὶ
2034 203 2250 256 τραχυτέραν
2275 219 2351 243 ποι-

1329 266 1418 297 εῖται
1433 259 1629 314 ἀπόκρισιν.
1649 260 1750 316 ’ᾘδει
1761 261 1829 314 γὰρ
1842 262 1906 308 τὴν
1922 263 2080 314 ἀνδρείαν
2093 268 2156 310 τῆς
2170 263 2330 314 γυναικὸς
2343 293 2353 309 ,

1329 320 1388 357 καὶ
1417 320 1578 359 &gorne-co
1610 320 1659 371 μὴ
1688 322 1922 361 λανθάνουσαν
1953 324 2061 371 αὐτὴν
2094 323 2257 368 δέξασθαι
2287 323 2351 370 τὴν

1329 381 1540 434 εὐεργεσίαν,
1563 382 1652 420 ἀλλὰ
1667 383 1726 421 καὶ
1745 383 1824 426 τοὺς
1851 384 2010 434 μαθητὰς
2025 387 2065 423 ἐκ
2084 389 2146 432 τῆς
2174 384 2352 428 ἐκὸάσεως

1331 445 1451 491 μαθεῖν
1479 445 1541 488 τῆς
1565 443 1806 494 μακροθυμίας
1824 446 1927 482 αὐτοῦ
1949 443 2012 491 τὴν
2044 444 2169 494 αἰτίαν,
2188 444 2247 482 καὶ
2275 443 2353 487 τοὺς

1330 502 1455 547 ἄλλους
1474 503 1631 546 ἅπαντας
1649 504 1898 551 παιδευθῆναι,
1917 504 1980 551 ὅση
2009 507 2072 550 τῆς
2095 504 2304 558 προσεδρίας
2329 507 2350 551 ἦ

1330 563 1430 615 ἰσχὺς
1441 594 1450 611 ,
1470 564 1530 602 καὶ
1548 566 1610 609 τῆς
1625 564 1785 615 γυναικὸς
1799 567 1820 610 ἡ
1835 565 1953 618 ἀρετή.
1971 566 2070 612 Φησὶ
2082 566 2166 617 γάρ·
2187 567 2265 603 Οὐκ
2279 564 2353 603 ἔστι

1330 623 1436 662 καλὸν
1455 624 1575 663 λαὸεῖν
1599 625 1655 662 τὸν
1684 624 1786 676 ἄρτον
1806 628 1875 663 τῶν
1902 625 2044 670 τέκνων,
2064 625 2123 663 καὶ
2145 626 2263 676 βαλεῖν
2283 631 2353 668 τοῖς

1330 685 1513 738 κυναρίοις.
1530 685 1705 724 Ἔνταῦθά
1730 701 1788 736 μοι
1811 685 1931 724 σκόπει
1952 688 2014 732 τῆς
2032 685 2192 737 γυναικὸς
2218 685 2276 723 τὸν
2295 684 2352 723 τό-

1329 761 1398 794 νον,
1415 750 1490 790 πῶς
1507 750 1557 798 τῷ
1574 749 1691 799 θερμῷ
1716 749 1779 793 τῆς
1798 747 1992 800 προθυμίας
2016 746 2249 799 πεπυρωμένη
2267 777 2277 794 ,
2293 746 2353 784 καὶ

1328 811 1370 860 τῇ
1391 807 1507 846 πίστει
1521 811 1564 859 τῇ
1577 810 1625 851 εἰς
1639 802 1701 846 Ιτὸν
1717 808 1806 846 Θεὸν
1827 808 2051 861 ἐπτερωμένη
2063 836 2072 854 ,
2086 808 2145 845 καὶ
2162 807 2206 845 τὰ
2218 807 2353 858 σπλάγ-

1329 884 1396 920 χνα
1414 869 1520 917 αὐτὰ,
1534 872 1580 912 ὡς
1599 871 1719 915 εἰπεῖν,
1737 869 1996 920 διακοπτομένη
2010 900 2019 917 ,
2035 869 2095 907 καὶ
2121 867 2254 915 πολλὴν
2273 868 2352 919 περὶ

1331 929 1393 976 τὴν
1412 929 1582 981 θυγατέρα
1597 929 1660 975 τὴν
1683 931 1899 980 συμπάθειαν
1917 930 2066 983 ἔχουσα,
2087 930 2164 968 οὐδὲ
2184 929 2354 982 ἀποστρέ-

1330 1005 1432 1041 φεται
1454 994 1514 1028 τοῦ
1545 989 1699 1040 ῥήματος
1719 989 1781 1036 τὴν
1801 990 1914 1042 ὕὲριν,
1945 991 2035 1029 ἀλλὰ
2059 991 2222 1043 κυνάριον
2247 990 2354 1028 ἀκού-

1332 1066 1424 1088 σασα
1460 1049 1714 1101 καταδέχεται,
1753 1052 1914 1101 ὁμολογεῖ
1954 1051 2116 1104 κυνάριον
2154 1044 2261 1096 εἶναι,
2298 1050 2354 1088 ἵνα

1333 1111 1521 1162 ἀπαλλαγῇ
1543 1114 1603 1157 τῆς
1618 1113 1687 1148 τῶν
1713 1113 1824 1148 κυνῶν
1856 1111 2015 1162 ἀλογίας,
2031 1111 2090 1149 καὶ
2120 1111 2168 1154 εἷς
2193 1110 2255 1158 τὴν
2284 1112 2353 1148 τῶν

1332 1174 1414 1210 υἱῶν
1435 1171 1531 1216 τάξιν
1548 1172 1669 1225 ἀθρόον
1693 1172 1891 1225 ἐναρίθμιος
1914 1173 2070 1225 γένηται.
2088 1170 2251 1210 Ἄκουσον
2275 1173 2352 1210 λοι-

1331 1231 1396 1270 πὸν
1415 1232 1459 1271 τὰ
1479 1232 1575 1284 παρὰ
1600 1236 1663 1279 τῆς
1680 1233 1862 1284 γυναικὸς,
1883 1232 1938 1271 ἵνα
1968 1233 2080 1285 μάθῃς
2107 1232 2185 1271 ὅσον
2213 1236 2274 1280 τῆς
2294 1236 2353 1270 τοῦ

1333 1294 1425 1331 Θεοῦ
1454 1294 1695 1346 μακροθυμίας
1720 1293 1759 1331 τὸ
1778 1294 1895 1347 κέρδος
1911 1294 2061 1347 γέγονεν.
2082 1296 2134 1332 Οὐ
2166 1293 2267 1344 μόνον
2286 1293 2353 1345 γὰρ

1334 1355 1395 1392 οὐκ
1415 1354 1591 1402 ἀπέστησε
1604 1355 1660 1393 τὸν
1685 1354 1821 1406 γύναιον
1844 1359 1865 1401 ἡ
1894 1359 1961 1393 τῶν
1979 1355 2169 1407 εἰρημένων
2189 1355 2273 1407 πρὸς
2294 1355 2354 1391 αὖ·

1333 1415 1395 1462 τὴν
1415 1416 1622 1468 σφοδρότης,
1636 1416 1724 1454 ἀλλὰ
1744 1417 1802 1454 καὶ
1817 1418 1900 1467 πρὸς
1915 1416 2059 1454 πλείονα
2069 1415 2261 1468 προθυμίαν
2281 1415 2354 1463 διή-

1334 1493 1462 1529 γειρεν·
1485 1477 1602 1523 ἐπειδὴ
1622 1476 1689 1529 γὰρ
1712 1476 1840 1523 ἤκουσε
1863 1478 1964 1515 ταυτὶ
1994 1477 2038 1515 τὰ
2070 1477 2228 1529 ῥήματα,
2249 1475 2354 1527 φησί·

1336 1538 1429 1585 Ναὶ,
1446 1537 1553 1589 Κύριε
1566 1553 1573 1560 ·
1593 1538 1652 1575 καὶ
1671 1538 1739 1590 γὰρ
1757 1538 1801 1575 τὰ
1821 1539 1967 1592 κυνάρια
1986 1538 2091 1577 ἐσθίει
2117 1539 2187 1576 ἀπὸ
2207 1541 2275 1576 τῶν
2292 1540 2355 1590 ψι-

1335 1598 1421 1650 χίων
1445 1601 1514 1636 τῶν
1534 1598 1732 1636 πιπτόντων
1764 1598 1833 1637 ἀπὸ
1852 1602 1914 1645 τῆς
1933 1599 2106 1651 τραπέζης
2130 1602 2198 1637 τῶν
2229 1599 2354 1652 κυρίων

1336 1661 1463 1696 αὐτῶν.
1482 1652 1582 1701 Εἶδες
1593 1658 1683 1701 τίνος
1699 1658 1812 1696 ἕνεκεν
1831 1659 1937 1711 μέχρι
1952 1664 2011 1698 τοῦ
2028 1660 2197 1711 παρόντος
2210 1659 2272 1707 τὴν
2289 1676 2356 1710 μα-

1335 1719 1524 1771 κροθυμίαν
1558 1718 1770 1767 ἐπεδείξατο,
1796 1719 1875 1758 Ἵνα
1910 1720 1967 1758 διὰ
1995 1724 2064 1758 τῶν
2097 1720 2261 1772 ῥημάτων
2295 1723 2356 1766 τῆς

1336 1780 1496 1831 γυναικὸς
1514 1779 1680 1830 μάθωμεν
1701 1782 1807 1826 αὐτῆς
1823 1783 1883 1826 τῆς
1900 1781 2048 1825 πίστεως
2066 1781 2129 1828 τὴν
2149 1781 2357 1834 ὑπερὸολήν.

1337 1841 1432 1894 ιὈρα
1450 1842 1517 1892 γὰρ
1547 1845 1621 1884 πῶς
1638 1841 1760 1885 εὐθέως
1780 1841 1887 1889 αὐτὴν
1916 1843 2121 1895 ἀνεκήρυξεν
2140 1846 2158 1880 ὁ
2176 1843 2358 1890 Δεσπότης

1335 1903 1396 1941 καὶ
1429 1903 1665 1955 ἐστεφάνωσε,
1690 1903 1821 1954 λέγων·
1849 1896 1898 1941 ὟΩ
1925 1904 2048 1954 γύναι,
2079 1904 2214 1955 μεγάλη
2245 1919 2304 1942 σου
2334 1907 2355 1950 ἡ

1335 1964 1466 2008 πίστις.
1489 1963 1590 2001 Μετὰ
1622 1968 1831 2014 Οαυμασμοῧ
1862 1963 1921 2002 καὶ
1954 1965 2136 2015 ἐγκωμίων
2171 1964 2357 2017 ἀπέπεμψε

1335 2025 1397 2072 τὴν
1416 2024 1491 2063 οὐδὲ
1511 2024 1728 2077 ἀποκρίσεως
1749 2027 1833 2076 παρ’
1857 2027 1959 2064 αὐτοῦ
1979 2028 2012 2064 ἐν
2029 2024 2223 2077 προοιμίοις
2249 2025 2356 2069 ἀξιω-

1337 2090 1466 2124 θεῖσαν.
1490 2086 1639 2137 Μεγάλη
1662 2101 1740 2132 σου,
1762 2086 1878 2138 φησὶν,
1909 2090 1930 2133 ἡ
1962 2085 2090 2129 πίστις.
2121 2086 2191 2125 Καὶ
2218 2086 2287 2138 γὰρ
2315 2081 2357 2134 ἧν

1337 2146 1441 2189 ὅντως
1458 2146 1615 2197 μεγάλη,
1634 2146 1690 2184 διὰ
1705 2146 1743 2184 τὸ
1762 2146 1822 2184 καὶ
1842 2146 1934 2190 ἅπαξ
1949 2147 2008 2184 καὶ
2028 2146 2181 2199 δεύτερον
2199 2148 2259 2185 καὶ
2275 2150 2357 2186 πολ-

1337 2208 1436 2250 λάκις
1453 2210 1587 2258 ὁρῶσαν
1612 2206 1818 2244 ἀνανεύοντα
1833 2208 1918 2258 πρὸς
1946 2206 2008 2253 τὴν
2036 2207 2186 2255 αἴτησιν,
2205 2207 2252 2258 μὴ
2269 2223 2357 2260 ναρ-

1339 2271 1446 2314 κῆσαι
1467 2266 1554 2317 μηδὲ
1589 2268 1832 2314 ἀποπηδῆσαι,
1854 2266 1944 2305 ἀλλὰ
1968 2271 2018 2319 τῷ
2048 2268 2136 2320 τόνῳ
2163 2272 2225 2315 τῆς
2252 2284 2359 2321 προσ-

1340 2328 1453 2380 εδρίας
1489 2328 1745 2366 ἐκκαλέσασθαι
1775 2328 1834 2366 καὶ
1870 2328 2139 2380 παρασκευάσαι
2175 2331 2222 2372 εἷς
2251 2330 2360 2383 πέρας

1339 2393 1480 2441 ἀγαγεῖν
1501 2389 1544 2426 τὰ
1564 2389 1761 2435 αἰτηθέντα.
1781 2389 1969 2436 Γενηθήτω
1990 2390 2057 2442 γάρ
2087 2407 2160 2438 σοι,
2182 2391 2298 2443 φησὶν,
2313 2394 2360 2435 ὡς

1341 2451 1460 2494 θέλεις.
1490 2444 1611 2494 Εἶδες,
1636 2453 1653 2488 ὃ
1684 2449 1850 2504 πρότερον
1887 2450 1975 2502 μηδὲ
2005 2450 2221 2503 ἀποκρίσεως
2253 2453 2358 2500 αὐτὴν

1341 2512 1456 2559 ἀξιῶν,
1476 2515 1550 2555 πῶς
1569 2515 1624 2549 νῦν
1645 2512 1881 2563 φιλοτιμεῖται
1900 2518 1976 2556 ταῖς
2001 2513 2160 2564 δωρεαῖς;
2181 2513 2273 2552 Οὐδὲ
2293 2513 2360 2566 γὰρ

1342 2573 1460 2616 ἁπλῶς
1490 2574 1576 2624 αὐτῇ
1606 2572 1764 2624 παρέσχε
1786 2572 1849 2618 τὴν
1881 2572 2033 2619 αἴτησιν,
2062 2573 2150 2610 ἀλλὰ
2176 2573 2363 2625 ἀνεκήρυξε

1343 2634 1402 2672 καὶ
1433 2633 1666 2685 ἐστεφάνωσε·
1698 2634 1758 2671 καὶ
1791 2636 1840 2686 τῷ
1873 2636 1993 2682 εἰπεῖν,
2013 2627 2062 2671 ἶ).
2095 2633 2215 2684 γύναι,
2239 2634 2363 2679 ἔδειξεν

1343 2695 1436 2738 ὅπως
1455 2697 1561 2740 αὐτῆς
1579 2694 1642 2742 τὴν
1660 2695 1778 2733 πίστιν
1793 2694 1965 2746 ἐξεπλάγη
1979 2711 1987 2718 ·
2010 2695 2068 2733 καὶ
2090 2698 2139 2748 τῷ
2159 2698 2279 2742 εἰπεῖν,
2296 2698 2365 2734 Με-

1343 2758 1433 2810 γάλη
1455 2772 1514 2795 σου
1538 2760 1557 2802 ἡ
1578 2756 1695 2800 πίστις
1708 2787 1717 2804 ,
1734 2757 1930 2802 κατάδηλον
1951 2759 2035 2806 ἡμῖν
2053 2757 2196 2803 ἐποίησε
2216 2759 2277 2803 τῆς
2301 2773 2365 2808 γυ-

1345 2819 1461 2862 ναικὸς
1486 2818 1543 2856 τὸν
1571 2820 1732 2856 πλοῦτον.
1766 2810 1856 2855 Εἶτά
1884 2833 1986 2869 φησι,
2021 2817 2208 2864 Γενηθήτω
2241 2833 2295 2856 σοι
2319 2820 2365 2860 ὡς

1346 2879 1465 2922 θέλεις.
1485 2878 1595 2916 ”Οσον
1619 2878 1753 2929 βούλει,
1772 2878 1849 2916 ὅσον
1875 2877 2003 2924 θέλεις,
2026 2881 2185 2916 τοσοῦτον
2207 2877 2365 2931 παρέχω.

1345 2941 1389 2979 ‘H
1410 2940 1476 2992 γὰρ
1497 2939 1646 2986 τοσαύτη
1678 2940 1867 2991 προσεδρία
1901 2939 1996 2983 ἀξίαν
2026 2955 2064 2977 σε
2093 2938 2275 2990 ἀποφαίνει
2306 2942 2367 2985 τῆς

1346 3001 1531 3047 αἰτήσεως.
1562 3000 1683 3038 litem
1710 3003 1771 3046 τῆς
1795 3000 1957 3050 γυναικὸς
1975 2999 2038 3045 τὴν
2069 2999 2242 3047 εὐτονίαν,
2260 2999 2367 3038 εἴδετε

1345 3066 1407 3108 τῆς
1442 3065 1500 3099 τοῦ
1537 3063 1629 3099 Θεοῦ
1670 3061 1912 3112 μακροθυμίας
1956 3060 2018 3106 τὴν
2064 3060 2191 3108 αἰτίαν,
2225 3060 2284 3097 καὶ
2314 3060 2368 3099 ὅτι

1346 3122 1639 3175 περιφανεστέραν
1674 3121 1780 3168 αὐτὴν
1815 3121 2032 3173 ἐργάσασθαι
2071 3121 2276 3172 βουλόμενος
2311 3121 2367 3159 διὰ

1347 3191 1448 3224 τοῦτο
1497 3185 1729 3232 ἀνεθάλλετο,
1771 3184 2045 3235 Ἰἰποινέλθωμεν
2087 3184 2144 3232 δὲ,
2185 3186 2215 3221 εἷ
2255 3185 2368 3230 δοκεῖ,

1349 3247 1404 3285 ἐπὶ
1431 3246 1493 3293 τὴν
1522 3244 1754 3297 προκειμένην
1778 3245 1944 3298 ἱστορίαν,
1964 3245 2020 3282 ἵνα
2047 3245 2212 3296 μάθωμεν
2243 3243 2294 3282 ὅτι
2325 3245 2369 3282 δι’

1351 3308 1444 3347 οὐδὲν
1467 3308 1579 3359 ἕτερον
1604 3309 1638 3344 ἐν
1669 3307 1839 3349 τοσούτοις
1872 3306 1963 3344 ἔτεσι
1991 3306 2051 3348 τὰς
2079 3305 2284 3358 ἐπαγγελίας
2308 3306 2368 3348 τὰς
