2516 3791
619 252 624 255 ,
665 229 706 258 ΙΝ
745 231 846 260 (ἶΑΡ.

84 311 139 350 ἐπὶ
154 311 295 362 Σόδομα
310 311 370 350 καὶ
391 311 552 364 Γόμοῤῥα
572 315 661 351 θεῖον
682 314 741 351 καὶ
766 315 836 366 πῧρ
854 315 950 367 παρὰ
976 316 1105 368 Κυρίου

82 375 120 412 ἐκ
138 376 197 412 τοῦ
225 374 392 425 οὐρανοῦ,
422 373 481 412 καὶ
507 374 722 427 κατέστρεψε
744 375 804 420 τὰς
832 379 950 422 πόλεις
977 378 1105 423 ταύτας

81 434 139 472 καὶ
157 440 274 473 πᾶσαν
293 434 357 481 τὴν
373 434 562 488 περίοικον,
579 436 637 475 καὶ
655 437 788 482 πάντας
807 438 884 482 τοὺς
901 445 1104 479 κατοικοῦν-

79 511 139 540 τας
158 497 194 534 ἐν
213 502 287 539 ταῖς
309 495 452 543 πόλεσι,
473 497 554 535 (καὶ
575 505 644 536 πᾶν
665 499 853 538 ἀνατέλλον
878 502 918 539 ἐκ
937 504 999 548 τῆς
1027 504 1102 553 γῆς,

79 556 139 604 Μὴ
157 557 314 603 ξενιζέτω
334 573 371 596 σε
384 589 393 604 ,
415 558 575 610 ἀγαπητὲ
587 587 596 605 ,
613 563 681 598 τῶν
702 561 869 612 ῥημάτων
885 565 906 609 ἠ
924 562 1078 611 συνθήκη
1093 578 1101 586 ·

79 619 204 670 ἰδίωμα
223 619 290 671 γὰρ
306 619 408 658 τοῦτό
435 621 510 658 ἐστι
537 622 600 666 τῆς
626 622 786 674 Γραφῆς,
817 622 876 660 καὶ
905 623 1102 676 ἀδιαφόρως

887 232 982 261 ΧΙΧ.
1021 231 1182 263 Gumis.

1223 235 1378 266 uomit„
1412 237 1540 267 xmu.
2043 229 2131 272 31¹3

1176 316 1439 369 habitabatur,
1458 329 1494 359 et
1509 334 1640 360 omnes
1652 323 1718 374 qui
1733 323 1964 360 habitabant
1984 326 2023 360 ιἰι
2039 328 2129 363 civil-

1175 382 1331 426 tatibus,
1351 390 1387 420 et
1407 396 1519 421 omne
1548 384 1654 434 quod
1679 384 1927 421 exoriebatur
1947 385 1994 422 de
2015 394 2127 424 terra.

1174 441 1228 478 Ne
1247 441 1293 480 ob
1312 442 1407 481 huuc
1423 444 1586 496 loquendi
1604 443 1750 483 modum
1765 443 2000 483 admiratione
2018 455 2132 484 tenea-

1172 501 1232 547 ris,
1253 502 1402 553 dilecte3
1426 506 1624 559 proprietas
1637 506 1730 544 euim
1751 515 1801 544 cst
1823 506 2033 560 Scripturae,
2052 523 2130 559 quar

1171 562 1413 604 indifferenter
1438 568 1489 605 sic
1520 582 1612 620 swpe
1637 568 1739 620 pouit
1761 568 1868 607 verba
1892 584 1900 605 ε
1923 568 1960 606 id
1980 569 2078 620 quod
2098 580 2131 608 et

1171 637 1264 662 nuuc
1281 626 1401 665 videre
1420 628 1513 666 licet.
1532 630 1640 668 Pluit
1656 633 1776 676 enim,
1791 630 1920 681 inquit,
1938 631 2130 671 Dominus

76 679 166 718 οὕτω
186 681 354 725 πολλάκις
372 681 489 729 τίθησι
507 680 551 719 τὰ
569 682 729 734 ῥήματα·
755 682 828 731 ὃδὴ
848 684 906 722 καὶ
926 688 985 722 νῦν
1006 687 1100 723 ἐστιν
1122 691 1145 721 Ε
1169 687 1334 738 sulphur
1349 697 1383 725 et
1404 691 1530 738 ignem
1547 704 1571 728 α
1591 691 1756 728 Domino
1771 693 1817 730 de
1828 693 1925 730 ‹roelo
1943 708 1951 728 τ
1968 702 2006 730 ut
2018 692 2129 742 dicat,

77 742 170 780 ἰδεῖν.
187 741 335 794 Ἔὸρεξε
352 742 440 795 γὰρ,
461 742 570 795 φησὶ,
589 743 714 795 Κύριος
734 748 823 782 θεῖον
839 745 898 782 καὶ
914 748 984 798 πῦρ
1003 745 1099 798 παρὰ

77 802 204 855 Κυρίου
226 805 265 841 ἐκ
283 807 344 841 τοῦ
361 805 524 855 οὐρανοῦ,
549 802 605 841 ἵνα
625 804 706 856 εἴπῃ
733 805 786 843 ὅτι
805 805 933 857 Κύριος
950 806 1014 853 τὴν
1041 822 1096 844 τι·

73 864 208 916 μωρίαν
223 865 395 918 ἐπήγαγε,
410 865 468 904 καὶ
485 867 522 903 οὗ
544 865 646 915 μόνον
666 866 726 910 τὰς
738 865 855 910 πόλεις
869 867 1096 921 κατέστρεψε,

71 925 128 963 καὶ
147 932 263 964 πᾶσαν
284 925 348 972 τὴν
370 925 558 978 περίοικον,
575 926 634 965 καὶ
654 925 787 971 πάντας
802 926 880 971 τοὺς
899 935 1098 970 κατοικοῦν-

70 1004 149 1035 τας,
167 987 257 1027 ἀλλὰ
280 988 338 1027 καὶ
358 988 400 1026 τὰ
424 987 658 1026 ἀνατέλλοντα
682 989 721 1026 ἐκ
746 991 809 1035 τῆς
827 991 890 1040 γῆς
915 990 1094 1043 ἠφάνισεν.

71 1050 214 1098 Ἐπειδὴ
235 1050 302 1103 γὰρ
317 1053 348 1089 οἱ
369 1051 499 1096 ταύτην
520 1051 691 1094 οἰκοῦντες
710 1050 886 1102 ἄνθρωποι
906 1051 1014 1091 πολὺν
1033 1055 1095 1100 τῆς

66 1114 234 1166 πονηρίας
253 1114 311 1152 τὸν
330 1113 462 1166 καρπὸν
485 1112 719 1158 ἐπεδείξαντο,
748 1113 804 1151 διὰ
830 1116 932 1152 τοῦτο
952 1115 1011 1153 καὶ
1031 1118 1094 1162 τῆς

66 1177 145 1226 γῆς,
172 1175 271 1228 φησὶ,
301 1174 380 1218 τοὺς
399 1174 554 1227 καρποὺς
582 1174 781 1227 ἀχρήστους
800 1174 1015 1227 ἐργάζομαι,
1036 1176 1146 1232 Uvam
1159 1175 1358 1215 nimentum
1389 1179 1619 1230 sequentibus
1655 1179 1944 1232 generationibus
1984 1197 1992 1218 :

1168 747 1365 787 Dominum
1401 764 1541 802 poenam
1565 750 1751 789 induxisse
1769 768 1776 787 ι
1795 761 1827 789 et
1848 767 1916 790 non
1939 755 2056 793 solum
2077 755 2126 793 ci-

1166 807 1294 847 vitates
1308 810 1539 860 subvertisse,
1553 825 1766 863 omnemque
1780 812 1872 850 circa
1889 815 2079 865 regionem,
2094 826 2127 855 et

1165 882 1285 908 omnes
1301 870 1552 921 inhabitantes,
1573 872 1634 911 sed
1653 872 1760 911 etiam
1775 888 1853 924 quw
1873 876 2127 916 exorieliautur

1167 929 1212 967 de
1240 939 1331 970 terra
1359 933 1567 972 abolevisse.
1593 933 1687 981 Quia
1721 934 1815 971 enim
1856 934 2029 986 homines,
2063 940 2124 989 qui

1162 1005 1239 1029 eam
1281 993 1548 1044 inhabitabant,
1587 996 1720 1034 multos
1758 995 1951 1048 impietatis
1987 999 2125 1037 fructus

1164 1054 1414 1104 protulerunt:
1435 1056 1581 1103 ideirco,
1618 1057 1747 1109 inquit,
1767 1067 1801 1095 et
1821 1057 1963 1096 inutiles
1987 1060 2124 1099 fruetus

1161 1123 1260 1153 terrae
1277 1116 1382 1167 facio,
1402 1126 1486 1157 utet
1502 1118 1574 1157 illis
1592 1118 1736 1157 abolitis
1749 1127 1960 1171 perpetuum
1984 1120 2029 1158 sit
2046 1135 2121 1159 mo-

2031 1191 2121 1220 terra

66 1238 125 1276 καὶ
146 1237 284 1276 ἐκείνων
313 1237 570 1290 ἀφανισθέντων
596 1236 685 1284 αὕτη
717 1236 872 1283 διηνεκὲς
898 1237 1091 1289 ὑπόμνημα
1111 1246 1136 1274 A
1157 1250 1221 1288 per
1251 1252 1350 1277 suam
1384 1240 1608 1279 sterilitatem
1639 1255 1760 1280 omnes
1790 1240 1958 1292 docente,
1989 1253 2121 1294 quanta

63 1299 206 1349 γένηται
237 1304 312 1343 ταῖς
345 1298 434 1350 μετὰ
458 1303 567 1337 ταῦτα
599 1304 749 1349 γενεαῖς,
784 1298 840 1336 διὰ
869 1301 932 1345 τῆς
962 1299 1091 1344 οἰκείας

63 1360 236 1412 ἀκαρπίας
253 1360 385 1403 πάντας
401 1359 613 1397 διδάσκουσα
637 1361 706 1396 τῶν
725 1360 980 1406 ἐνοικησάντων
1000 1363 1088 1414 αὐτῇ

62 1420 125 1469 τὴν
144 1422 325 1474 πονηρίαν.
346 1415 447 1464 Εἶδες
469 1420 550 1459 ὅσον
569 1420 663 1459 ἐστὶν
684 1421 791 1473 ἀρετὴ
804 1452 813 1469 ,
837 1422 896 1460 καὶ
922 1421 1001 1461 ὅσον
1021 1439 1088 1461 κα-

61 1483 142 1529 κία,
171 1483 228 1521 καὶ
258 1486 328 1527 πῶς
351 1486 368 1522 6
388 1482 451 1533 μὲν
477 1482 609 1534 δίκαιος
639 1481 774 1529 ἐσώθη,
807 1483 904 1521 αὐτοὶ
926 1483 961 1521 δὲ
989 1484 1088 1529 ἀξίαν

60 1544 122 1592 τὴν
140 1544 311 1597 τιμωρίαν
330 1544 453 1583 ἔδοσαν
481 1546 542 1590 τῆς
560 1543 748 1595 πονηρίας,
770 1543 840 1582 Καὶ
858 1543 978 1598 ὥσπερ
994 1549 1012 1585 6
1031 1546 1087 1584 δί-

59 1621 155 1650 καιος
175 1605 230 1644 διὰ
250 1605 314 1653 τὴν
333 1605 464 1645 οἰκείαν
487 1605 614 1657 ἀρετὴν
639 1606 698 1644 καὶ
717 1605 778 1650 τὰς
805 1606 994 1659 θυγατέρας
1014 1609 1086 1646 διέ-

58 1683 148 1706 σωσε
159 1699 168 1716 ,
185 1667 244 1706 καὶ
258 1670 319 1714 τῆς
333 1666 466 1711 πόλεως
482 1667 615 1715 ἐκείνης
631 1667 694 1714 τὴν
709 1668 955 1721 καταστροφὴν
968 1669 1086 1708 διεκώ-

57 1731 159 1768 λυσεν
173 1747 181 1753 ·
198 1729 288 1769 οὕτω
309 1730 367 1768 καὶ
386 1724 480 1768 οὗτοι
500 1729 556 1768 διὰ
576 1729 639 1776 τὴν
660 1729 858 1781 ὑπερὸολὴν
876 1733 938 1777 τῆς
957 1731 1087 1776 οἰκείας

56 1792 241 1843 πονηρίας,
262 1793 300 1829 οὔ
317 1791 420 1842 μόνον
440 1791 538 1829 αὐτοὶ
557 1790 740 1829 ἀπώλοντο
756 1791 814 1829 καὶ
834 1791 1084 1844 διεφθάρησαν,

57 1853 146 1891 ἀλλὰ
165 1853 223 1891 καὶ
243 1853 306 1900 τὴν
330 1854 397 1904 γῆν
423 1852 580 1903 ἄκαρπον
601 1853 648 1895 εἷς
668 1852 708 1891 τὸ
728 1852 805 1899 ἑξῆς
831 1852 992 1904 γενέσθαι
1010 1870 1081 1892 πα-

56 1915 280 1966 ρεσκεύασαν.
315 1914 385 1952 Καὶ
411 1913 643 1966 ἐπέὸλεψενὴ
668 1913 779 1964 γυνὴ,
812 1914 930 1966 φησὶν,
961 1918 1007 1959 εἷς
1038 1915 1082 1954 τὰ
1102 1932 1126 1962 B

53 1976 180 2023 ὀπίσω,
206 1975 266 2014 καὶ
290 1975 427 2027 ἐγένετο
446 1974 560 2021 στήλη
587 1974 680 2018 ἁλός.
710 1974 857 2023 Ἐπειδὴ
889 1976 956 2029 γὰρ
978 1977 1083 2016 ἀκού-

53 2053 145 2075 σασα
175 2039 243 2075 τῶν
273 2037 429 2088 ἀγγέλων
456 2038 525 2074 τῶν
546 2035 825 2086 διαταττομένων
855 2040 904 2090 τῷ
934 2038 1078 2092 δικαίῳ,

52 2097 143 2136 ὥστε
164 2098 212 2149 μὴ
234 2097 420 2151 προσέχειν
440 2100 488 2141 εἷς
506 2096 550 2135 τὰ
577 2097 708 2144 ὀπίσω,
730 2097 821 2136 ἀλλὰ
841 2098 930 2149 μετὰ
947 2101 1079 2147 πολλῆς

50 2162 110 2206 τῆς
131 2159 293 2204 ἐπείξεως
310 2159 373 2206 τὴν
390 2159 615 2212 ἀναχώρησιν
631 2159 857 2206 ποιήσασθαι,
877 2161 1079 2210 παρήκουσε

48 2223 117 2259 τῶν
139 2220 326 2273 ῥηθέντων,
346 2221 406 2259 καὶ
423 2221 463 2259 τὸ
481 2220 721 2273 παραγγελθὲν
741 2223 804 2259 οὐκ
832 2220 996 2273 ἐφύλαξε,
1019 2222 1076 2260 διὰ

48 2287 149 2322 τοῦτο
166 2285 230 2329 τῆς
248 2281 377 2326 οἰκείας
397 2282 566 2334 ῥᾳθυμίας
582 2282 702 2320 δίδωσι
722 2282 834 2328 δίκην.

99 2346 192 2384 Ἀλλ’
214 2347 314 2396 ἡμεῖς
334 2347 446 2382 ταῦτα
466 2343 670 2390 ἀκούοντες,
698 2344 832 2392 πολλὴν
861 2346 923 2391 τῆς
948 2345 1078 2390 οἰκείας

48 2405 221 2459 σωτηρίας
250 2405 314 2453 τὴν
344 2405 508 2457 πρόνοιαν
540 2404 792 2456 ποιησώμεθα,
826 2405 884 2443 καὶ
913 2407 976 2452 τῆς
1012 2406 1074 2457 μὲν

45 2467 184 2506 ἐκείνων
212 2469 431 2519 παρανομίας
462 2465 627 2519 φύγωμεν
657 2465 721 2513 τὴν
753 2466 925 2517 μίμησιν·
945 2470 1005 2505 τοῦ
1038 2467 1074 2506 δὲ

46 2527 177 2566 δικαίου
192 2528 313 2567 τούτου
329 2527 392 2575 τὴν
409 2525 602 2580 φιλοξενίαν
624 2526 836 2578 ζηλώσωμεν
854 2526 912 2566 καὶ
928 2527 992 2575 τὴν
1013 2528 1074 2567 ἀλ-

43 2590 106 2636 λην
138 2589 278 2642 ἀρετὴν,
306 2589 362 2627 ἵνα
391 2590 592 2640 δυνηθῶμεν
622 2589 682 2626 καὶ
713 2588 776 2636 τὴν
808 2589 936 2628 ἄνωθεν
967 2590 1072 2643 ὀργὴν

42 2651 340 2703 ἀποκρούσασθαι.
371 2653 424 2690 Οὐ
453 2651 521 2703 γάρ
551 2652 658 2699 ἐστιν,
690 2652 753 2689 οὐκ
785 2650 860 2689 ἔστι
893 2651 952 2690 τὸν
982 2651 1072 2703 μετὰ
1093 2648 1116 2678 C

42 2713 193 2759 σπουδῆς
216 2711 347 2760 ταύτην
374 2711 550 2763 μετιόντα,
577 2712 626 2763 μὴ
653 2711 761 2750 πολὺν
789 2713 944 2751 ἐντεῦθεν
965 2714 1069 2764 κομί-

42 2777 166 2812 σασθαι
185 2774 242 2812 τὸν
263 2774 449 2827 θησαυρόν.
472 2774 541 2812 Καὶ
559 2774 627 2826 γὰρ
658 2776 689 2812 οἱ
718 2775 846 2813 δίκαιοι
864 2769 958 2814 οἷτοι
978 2775 1069 2815 οὕτω

41 2837 101 2882 τῆς
122 2835 250 2873 ἄνωθεν
267 2837 375 2887 ῥοπῆς
394 2835 607 2883 ἠξιώθησαν,
639 2836 699 2875 καὶ
719 2839 738 2875 6
756 2837 979 2890 πατριάρχης
1008 2840 1068 2878 καὶ

39 2899 57 2934 ὃ
73 2897 168 2945 Λὼτ,
183 2897 243 2935 καὶ
259 2896 460 2948 ἀνθρώπους
477 2898 672 2948 νομίζοντες
691 2899 939 2951 ὑποδέχεσθαι,
958 2916 1066 2947 κατη-

40 2956 211 3005 ξιώθησαν
231 2958 289 2996 καὶ
309 2957 475 3010 ἀγγέλους
491 2960 734 3011 ὑποδέχεσθαι,
761 2961 820 2999 καὶ
836 2961 895 2999 τὸν
914 2964 983 2999 τῶν
1004 2964 1068 3014 ἀγ-

37 3019 147 3070 γέλων
166 3019 364 3065 Δεσπότην.
384 3019 528 3064 Ἔξεστι
552 3021 611 3058 καὶ
630 3023 729 3071 ἡμῖν,
749 3021 809 3059 ἐὰν
831 3022 1040 3074 βουλώμεθα
1055 3052 1065 3069 ,

36 3079 94 3118 καὶ
113 3083 171 3119 νῦν
192 3081 294 3120 αὐτὸν
322 3082 565 3126 ὑποδέξασθαι.
591 3082 702 3126 Αὐτὸς
723 3081 791 3134 γάρ
812 3083 905 3121 ἐστιν
927 3086 945 3121 6
965 3086 1063 3135 εἰρη-

36 3141 117 3189 κὼς,
137 3141 182 3181 Ὁ
201 3143 387 3195 δεχόμενος
418 3146 507 3194 ὑμᾶς
521 3173 530 3191 ,
556 3143 619 3194 ἐμὲ
647 3143 798 3195 δέχεται.
819 3143 926 3183 Οὕτω
945 3145 1059 3184 τοίνυν

34 3202 112 3246 τοὺς
129 3202 240 3246 ξένους
259 3205 512 3258 ὓποδεχώμεθα
524 3236 536 3252 ,
555 3205 615 3243 καὶ
635 3205 684 3255 μὴ
703 3205 790 3257 πρὸς
805 3204 869 3252 τὴν
886 3208 957 3244 τῶν
973 3222 1057 3260 φαι-

35 3264 186 3314 νομένων
214 3265 388 3304 εὐτέλειαν
409 3265 590 3316 ἀπίδωμέν
615 3282 714 3304 ποτε.
739 3265 874 3305 Ἰἰνίοτε
903 3267 994 3320 γὰρ,
1028 3270 1058 3307 εἷ

33 3319 175 3376 τοιαύτῃ
195 3326 318 3378 γνώμῃ
339 3326 383 3365 τὰ
401 3329 463 3374 τῆς
483 3327 674 3379 φιλοξενίας
694 3326 946 3379 ἐπιδειξώμεθα
960 3358 969 3376 ,
989 3344 1054 3368 κα-

76 3452 89 3468 τ
114 3438 153 3470 Iu
172 3436 285 3470 Bibliis
301 3436 419 3481 legitur
437 3444 483 3473 καὶ
502 3444 539 3473 τὰ
555 3443 757 3474 ‘iuuene-arx
775 3453 805 3473 εκ
825 3446 875 3476 τῆς
893 3448 954 3479 γῆς,

1155 1297 1263 1336 fuerit
1282 1300 1562 1339 inhabitantium
1583 1302 1731 1340 malitia.
1755 1301 1893 1342 Vidisti
1912 1313 2044 1354 quanta
2067 1318 2121 1341 res

1154 1358 1200 1397 sit
1221 1360 1347 1409 virtus,
1377 1368 1414 1401 et
1442 1373 1576 1414 quanta
1599 1378 1652 1402 res
1689 1363 1827 1401 malitia
1850 1379 1857 1400 :
1879 1373 1912 1402 et
1939 1365 2121 1416 quomodo

1150 1420 1271 1472 justus
1289 1432 1451 1462 servatus
1466 1424 1534 1474 sit,
1551 1424 1613 1462 alii
1630 1434 1749 1463 autem
1768 1424 1913 1476 dignam
1932 1440 1995 1464 sua
2017 1428 2119 1465 mali-

1152 1481 1201 1519 tia
1220 1497 1362 1535 poenam
1382 1485 1607 1538 receperint?
1624 1485 1671 1523 Et
1694 1485 1786 1523 sicut
1796 1486 1917 1538 justus
1936 1501 2000 1539 per
2017 1502 2118 1527 suam

1153 1542 1325 1582 virtutem
1357 1554 1390 1583 et
1424 1545 1517 1584 filias
1551 1546 1728 1594 salvavit,
1764 1555 1797 1585 et
1832 1547 1987 1586 civitatis
2020 1549 2119 1588 illius

1153 1603 1422 1643 subversionem
1440 1605 1628 1660 prohibuit
1646 1622 1654 1643 ε
1673 1606 1721 1644 ita
1744 1615 1777 1644 et
1806 1607 1860 1644 illi
1882 1618 2029 1660 propter
2056 1609 2115 1647 iu—

1153 1672 1292 1714 gentem
1313 1679 1415 1703 suam
1452 1666 1629 1704 malitiam
1658 1681 1728 1705 nou
1748 1667 1865 1705 solum
1898 1668 1967 1720 ipsi
2002 1671 2115 1721 perie-

1151 1733 1235 1762 runt
1269 1734 1302 1763 et
1333 1725 1439 1764 deleti
1472 1736 1576 1776 sunt,
1603 1727 1663 1766 sed
1695 1738 1727 1766 et
1761 1729 1954 1767 effecerunt
1983 1739 2114 1769 terram

1151 1783 1315 1824 inutilem
1338 1786 1374 1824 in
1393 1787 1568 1826 futurum.
1589 1790 1653 1827 96.
1681 1791 1735 1827 Et
1768 1792 1946 1840 respexit,
1978 1790 2111 1842 iuquit,

1151 1859 1250 1883 uxor
1267 1849 1350 1898 ejus
1366 1857 1453 1898 post
1476 1858 1624 1902 tergum
1639 1879 1648 1896 ‚
1665 1859 1700 1888 et
1715 1850 1836 1903 sacta
1854 1859 1909 1888 est
1927 1852 2112 1891 columna

1149 1907 1257 1944 salis.
1278 1908 1370 1946 Nam
1385 1909 1555 1960 quoniam
1568 1910 1710 1948 audivit
1725 1910 1869 1962 angelos
1888 1912 2102 1965 praecipien-

1148 1975 1200 2006 tes
1211 1968 1328 2020 justo,
1357 1979 1397 2007 ut
1421 1984 1464 2008 ne
1486 1985 1522 2008 se
1546 1981 1791 2010 converterent
1810 1981 2022 2022 retrorsum,
2049 1974 2111 2012 sed

1149 2043 1232 2067 eum
1259 2044 1388 2082 magna
1425 2031 1649 2071 festinatione
1680 2033 1881 2072 secederent
1908 2050 1915 2070 :
1954 2034 2111 2086 neglexit

1148 2090 1269 2140 verba,
1293 2101 1326 2129 et
1355 2102 1574 2145 praeceptum
1597 2108 1665 2132 non
1696 2094 1901 2145 custodivit,
1924 2106 2108 2148 propterea

1149 2166 1221 2190 suae
1236 2152 1461 2205 negligentiae
1479 2153 1577 2192 dedit
1595 2169 1747 2207 poenam.

1199 2347 1234 2384 7.
1265 2345 1441 2385 Caeterum
1472 2361 1536 2387 nos
1561 2349 1744 2389 audientes
1767 2351 1840 2399 illa,
1868 2362 1994 2391 nostra>
2011 2353 2103 2391 salu-
2121 2361 2236 2389 Manu<
2257 2376 2307 2391 (ι-

1144 2406 1189 2445 tis
1208 2421 1331 2445 curam
1349 2407 1615 2460 diligentiorem
1634 2411 1842 2460 habeamus,
1877 2424 1910 2452 et
1931 2415 2018 2453 vitia
2038 2415 2101 2453 illa
2121 2405 2256 2433 ¹¹⁰‘¹⁴¹¹⁰·

1143 2482 1186 2507 ne
1201 2468 1385 2509 imitemur
1405 2485 1604 2510 caveamus.
1629 2473 1910 2528 Imitemui·justi
1924 2476 2024 2513 illius
2040 2476 2103 2514 lio-

1141 2530 1374 2582 spitalitatem
1394 2541 1428 2570 et
1447 2532 1535 2571 alias
1554 2533 1717 2583 virtutes,
1738 2544 1777 2572 ut
1798 2537 1976 2588 possimus
1994 2545 2027 2574 et
2045 2552 2102 2573 su-

1140 2604 1288 2644 pernam
1319 2593 1408 2632 iram
1440 2593 1628 2646 depellere.
1658 2596 1779 2647 Neque
1814 2597 1907 2635 enim
1934 2597 2105 2650 possibile

1141 2662 1205 2703 est,
1222 2663 1260 2692 ut
1287 2655 1350 2706 qui
1371 2654 1540 2693 virtutem
1565 2655 1657 2694 hane
1690 2671 1819 2708 magno
1853 2658 1974 2696 studio
2004 2672 2103 2695 excr-

1140 2723 1227 2764 ceat,
1259 2729 1328 2753 non
1371 2714 1542 2766 grandem
1574 2716 1657 2754 inde
1692 2727 1846 2769 reportet
1883 2719 2101 2757 thesaurum.

1139 2774 1283 2814 Etenim
1299 2775 1388 2828 justi
1411 2775 1465 2813 illi
1497 2776 1548 2814 sic
1581 2791 1774 2829 supernam
1799 2779 1953 2830 gratiam
1981 2794 2102 2818 conse-

1138 2837 1241 2887 quuti
1262 2846 1360 2887 sunt,
1385 2845 1457 2874 tam
1477 2837 1691 2889 patriarcha,
1721 2853 1830 2889 quam
1858 2840 1940 2890 Lot,
1973 2849 2007 2878 et
2039 2841 2100 2892 qui

1137 2900 1299 2939 homines
1330 2901 1511 2953 suscipere
1554 2916 1591 2939 se
1623 2912 1853 2954 putaverunt,
1894 2915 2099 2946 meruerunt

1137 2962 1314 3014 suscipere
1328 2962 1484 3013 angelos,
1502 2971 1535 3000 et
1561 2962 1771 3014 angelorum
1790 2965 1999 3003 Dominum.
2026 2967 2099 3004 Ro-

1137 3022 1191 3062 bis
1207 3038 1349 3075 quoque
1372 3033 1404 3062 et
1427 3038 1534 3072 nunc,
1557 3024 1586 3062 si
1609 3023 1843 3074 volucrimus,
1855 3027 2033 3080 suscipere
2055 3027 2097 3065 li-

1136 3094 1198 3123 cet.
1222 3086 1302 3138 Ipse
1312 3085 1408 3123 enim
1422 3094 1473 3123 est
1489 3085 1549 3136 qui
1573 3084 1669 3123 dixit
1693 3102 1701 3122 :
1730 3087 1806 3138 Qui
1827 3090 1987 3140 suscipit
2006 3103 2095 3133 vos,
2112 3109 2222 3136 Μαι),-
2250 3116 2298 3138 ω,

1137 3161 1197 3185 me
1215 3149 1382 3198 suscipit.
1401 3147 1460 3186 Sic
1483 3146 1593 3198 igitur
1611 3147 1768 3201 hospites
1786 3150 2036 3202 suscipiamus,
2062 3160 2095 3189 et
2112 3150 2161 3186 4⁰·

1133 3220 1205 3246 non
1223 3207 1270 3246 ad
1288 3216 1472 3245 externam
1492 3207 1667 3246 vilitatem
1699 3210 1945 3263 respiciamus.
1967 3211 2093 3249 Enim-

1133 3282 1229 3318 vero,
1242 3269 1270 3307 si
1285 3269 1347 3306 tali
1370 3269 1776 3321 menteliospitalitatem
1795 3271 1901 3309 etiam
1919 3285 1982 3309 uos
1992 3286 2094 3310 exer-

1133 3329 1325 3380 cuerimus,
1341 3328 1441 3381 digni
1463 3329 1597 3369 erimus
1618 3340 1649 3369 ct
1672 3345 1735 3371 nos
1749 3331 1810 3383 qni
1831 3332 1917 3371 tales
1935 3332 2099 3384 hospites
