2483 3791
139 2246 150 2252 ”
183 2239 284 2267 Ιίἰη.2
302 2240 331 2277 ᾗ.

350 181 437 227 108

341 279 475 330 quitur,
494 279 612 318 omnia
634 279 830 332 superiora,
851 288 890 317 ut
909 278 958 317 ita
977 278 1110 328 dicam,
1131 277 1295 328 contegit.

137 353 167 372 2-
183 343 255 371 Cor·
278 352 324 372 ¹1·
344 341 437 390 Quis
454 340 564 391 enim,
586 341 824 393 infirmatur,
846 339 978 390 inquit,
997 347 1033 377 et
1048 352 1116 391 ego
1137 352 1216 375 non
1231 341 1297 374 in-

138 393 189 422 29.

327 402 501 454 firmor?
514 404 602 454 quis
615 402 924 446 scandalizatur,
938 408 976 438 et
997 413 1064 452 ego
1081 413 1159 436 non
1177 412 1269 436 uror
1281 403 1297 435 ‚²

338 463 462 515 Papae,
477 471 634 514 quantus
658 461 727 499 viri
735 461 844 512 hujus
859 461 896 498 in
908 460 1002 498 filios
1017 474 1116 498 amor
1128 467 1162 497 et
1177 457 1298 497 indu]-
1317 460 1341 491 C

337 522 475 574 gentia!
504 531 636 573 quanta
672 519 880 572 vigilantia!
905 528 1038 571 quanta
1069 518 1174 559 cura!
1208 519 1297 566 Quae

336 592 449 621 mater
467 582 517 620 sic
547 580 727 619 cruciatur
746 579 839 618 intra
858 581 996 619 viscera
1016 580 1094 619 filio
1125 580 1223 619 febre
1247 580 1297 618 la*

335 643 494 693 homme,
516 651 551 681 et
570 643 607 680 in
639 642 728 680 lecto
755 641 1004 692 decumbente,
1025 651 1065 681 ut
1083 643 1208 681 beatus
1235 642 1297 681 ille

336 718 401 756 pro
427 703 555 755 quovis
589 703 748 753 infirmo,
783 717 1010 754 quocumque
1052 703 1114 742 ille
1142 703 1222 742 loco
1243 717 1296 742 es-

337 774 401 812 set,
425 764 690 813 infirmabatur,
720 773 754 802 et
775 779 841 817 pro
875 764 1125 803 scandalizatis
1160 765 1294 803 ureba—

337 826 418 865 tur?
434 825 628 864 Considera
640 825 748 874 enim,
767 839 901 877 quaeso,
920 826 1114 865 verborum
1127 826 1296 864 latentem

336 887 414 925 vim
431 895 466 925 et
496 887 694 940 emphasin.
729 887 762 924 N
767 900 812 925 on
843 886 954 937 dixit,
992 887 1084 935 Quis
1115 886 1293 925 scandali-

337 957 447 998 mur,
461 957 495 986 et
510 961 575 1000 ego
594 962 664 986 non
685 947 813 986 doleo?
832 947 912 997 sed,
934 950 1047 994 Uror,
1071 948 1202 999 inquit,
1236 948 1294 986 in-

338 1019 478 1047 tensum
497 1009 599 1047 nobis
618 1009 776 1047 dolorem
792 1008 992 1058 declarans,
1007 1009 1110 1060 quasi
1143 1009 1293 1047 demon—

338 1078 464 1107 straret
478 1083 514 1107 se
542 1069 754 1107 intrinsecus
770 1067 912 1107 incendi
929 1078 963 1106 et
988 1069 1044 1107 uri
1060 1083 1126 1121 pro
1162 1070 1207 1107 iis
1230 1069 1293 1120 qui

337 1129 621 1168 offendebantur.
639 1130 720 1169 Scio
732 1144 789 1168 me
806 1130 843 1168 in
858 1143 1027 1181 magnam
1044 1130 1293 1182 prolixitatem

337 1187 539 1227 extendisse
554 1189 767 1239 doctrinam,
791 1188 955 1240 quamvis
975 1198 1167 1227 statueram
1184 1189 1294 1228 hodie

337 1247 483 1287 brevior
495 1263 584 1298 esse,
600 1258 640 1287 ut
656 1250 846 1302 paululum
865 1265 886 1288 a
909 1250 1039 1302 jejunii
1064 1250 1187 1288 labore
1208 1265 1290 1303 pos-

339 1309 416 1348 sitis
430 1310 629 1363 respirare:
651 1310 714 1348 sed
733 1310 849 1349 nescio
861 1311 1055 1362 quomodo,
1079 1320 1119 1349 ut
1139 1311 1176 1349 in
1195 1312 1292 1351 divi-

338 1370 406 1408 tias
421 1371 597 1409 bonorum
619 1386 768 1424 operum
793 1372 903 1424 hujus
922 1372 1037 1410 sancti
1063 1371 1188 1422 incidi,
1223 1373 1292 1411 lin-

338 1445 446 1482 guam
461 1432 552 1470 mihi
579 1433 680 1484 quasi
722 1433 842 1485 rapidi
876 1433 1037 1472 fluminis
1068 1435 1124 1472 vis
1159 1434 1290 1487 rapuit.

339 1494 530 1546 Propterea
549 1494 610 1532 hic
627 1494 736 1532 finem
749 1494 894 1532 dicendi
913 1495 1058 1544 faciens,
1083 1509 1144 1534 oro
1164 1496 1292 1534 carita-

339 1562 410 1592 tem
422 1564 590 1604 vestram,
608 1564 647 1593 ut
661 1555 827 1594 continue
845 1556 949 1594 illum
963 1556 998 1594 in
1010 1566 1127 1595 mente
1143 1557 1293 1596 circum-

340 1615 476 1666 seratis,
489 1625 522 1654 et
541 1615 694 1654 subinde
712 1616 889 1669 cogitetis,
904 1631 986 1655 eum
999 1618 1161 1670 ejusdem
1174 1618 1295 1657 nobis-

341 1691 425 1714 cum
461 1686 598 1715 naturae
632 1687 845 1726 consortem,
876 1678 1007 1716 iisdem
1047 1680 1296 1718 affectionibus

345 1738 749 1791 obnoxium‚opificium
765 1739 836 1778 vile
846 1753 887 1777 ac
899 1749 1117 1778 contemtum
1131 1755 1297 1779 exercen-

345 1809 417 1837 tem
435 1800 584 1852 pellium
606 1809 774 1849 sutorem,
787 1809 820 1838 et
836 1800 870 1838 in
889 1801 1043 1839 officinis
1062 1802 1296 1853 frequentem,
1319 1813 1344 1843 E

346 1860 431 1911 quia
449 1860 567 1899 voluit
583 1871 616 1898 et
629 1861 788 1899 decrevit
804 1861 983 1898 virtutum
1011 1861 1132 1900 studio
1148 1877 1184 1900 se
1199 1876 1300 1900 man·

345 1921 477 1973 cipare,
493 1930 527 1959 et
549 1920 716 1959 idoneum
730 1935 766 1959 se
796 1921 1011 1960 constituere
1038 1924 1300 1976 receptaculum

348 1980 506 2033 Spiritus
526 1980 652 2029 sancti,
668 1980 804 2031 largius
825 1995 966 2032 quoque
978 1995 1128 2034 superna
1143 1982 1302 2021 liberali-

345 2050 414 2080 tate
435 2042 590 2094 potitum
614 2056 700 2079 esse.
725 2041 771 2079 Et
792 2056 856 2080 nos
891 2042 976 2080 item
1000 2072 1011 2090 ,
1031 2042 1062 2080 si
1081 2043 1302 2081 voluerimus

344 2102 442 2154 quod
458 2112 619 2141 nostrum
633 2111 683 2140 &t
703 2103 830 2152 facere,
850 2103 940 2140 nihil
955 2103 1162 2155 prohibebit
1174 2104 1298 2142 eadem

346 2177 410 2201 nos
424 2164 517 2201 bona
531 2163 710 2214 consequi.
724 2163 900 2201 Liberalis
919 2163 1015 2202 enim
1033 2174 1084 2202 est
1102 2165 1292 2214 Dominus,

347 2234 382 2263 et
403 2226 495 2263 Vult
510 2239 641 2263 omnes
660 2226 833 2263 homines
844 2226 1085 2278 salvosfieri,
1106 2235 1223 2278 atque
1249 2227 1304 2264 ad

347 2288 585 2338 agnitionem
600 2288 937 2323 veritatisvenire.
953 2285 1088 2337 Dignos
1109 2286 1221 2338 igitur
1238 2300 1300 2324 nos

344 2349 442 2400 ipsos
454 2347 702 2397 exhibeamus,
718 2360 758 2384 ac
772 2347 922 2384 ferventi
938 2347 1118 2385 alacritate
1130 2348 1300 2386 virtutem

344 2410 402 2447 vel
422 2423 498 2447 sero
517 2407 661 2446 tandem
689 2407 1021 2460 apprehendamus,
1046 2417 1079 2446 et
1099 2408 1300 2447 affectiones

344 2478 483 2507 nostras
511 2468 737 2520 corrigenteS,
767 2467 912 2506 idoneos
931 2482 995 2507 nos
1026 2468 1220 2508 reddamus
1254 2469 1301 2508 ad

343 2529 522 2582 Spiritum
538 2538 701 2567 sanctum
715 2528 981 2581 recipiendum:
997 2529 1093 2580 quod
1112 2539 1149 2567 ut
1161 2545 1295 2568 merea-

343 2605 439 2640 mur,
454 2589 623 2628 concedat
643 2589 757 2641 gratia
779 2598 811 2626 et
825 2589 1031 2641 benignitas
1058 2590 1205 2628 Domini
1235 2605 1296 2629 no·
1317 2577 1347 2643 ²35¹

343 2652 406 2689 stri
429 2653 512 2691 Jesu
534 2651 682 2700 Christi,
702 2651 850 2701 quicum
871 2651 966 2689 Patri
982 2652 1102 2701 simul,
1123 2661 1157 2690 et
1183 2652 1297 2705 Spiri-

343 2713 395 2750 tui
411 2722 532 2751 sancto
549 2712 594 2750 sit
609 2712 737 2764 gloria,
755 2711 946 2764 imperium
963 2721 997 2750 et
1014 2712 1141 2762 honor,
1154 2727 1249 2752 nunc
1263 2722 1297 2752 ct

344 2786 496 2825 semper,
512 2782 545 2811 et
561 2773 597 2810 in
613 2772 742 2811 saecula
759 2773 980 2811 saeculorum.
1002 2775 1125 2813 Amen.

386 2973 399 2988 c
417 2962 531 2995 morel.
547 2965 744 3010 ὑποκρύπτει,
763 2963 816 2996 alii
834 2976 949 2997 omnes
966 2968 1162 3011 ἀποκρύπτει.

387 3015 403 3039 d
421 3013 522 3048 Savil.
541 3022 574 3047 et.
592 3023 717 3058 septem
734 3016 811 3050 Mse.
823 3025 918 3060 μῆκος
934 3021 1022 3052 πάλιν
1037 3021 1174 3058 ἐξέτεινα-

774 196 813 226 S.
840 196 1028 227 JOANMS
1065 196 1317 227 CHRYSOST.
1357 197 1567 228 ARCHIEP.
1606 197 1972 231 CONSTANTINOP-

1365 277 1442 324 ἑξῆς
1479 277 1515 315 δὲ
1546 279 1759 330 ἐπαγόμενον
1789 282 1895 320 πάλιν
1929 282 2088 330 ἅπαντα,
2119 285 2164 326 ὡς
2197 285 2316 331 εἰπεῖν,
2346 283 2392 322 τὰ

1366 338 1534 390 εἰρημένα
1561 341 1819 392 ςάποκρύπτει.
1836 343 1901 385 Τίς
1929 343 1998 396 γὰρ
2021 346 2178 391 ἀσθενεῖ,
2203 344 2309 396 φησὶ,
2329 345 2388 382 καὶ

1365 399 1427 434 οὐκ
1448 399 1600 444 ἄσθενῶ;
1617 397 1670 442 τίς
1693 401 1978 449 σκανδαλίζεται,
1996 402 2057 440 καὶ
2075 404 2137 440 οὐκ
2156 402 2224 453 ἐγὼ
2253 407 2387 455 πυροῦ-

1367 473 1453 508 μαι,
1468 458 1606 506 Bagai,
1627 458 1718 507 πόση
1739 465 1799 500 τοῦ
1819 461 1942 514 ἀνδρὸς
1958 462 2080 501 τούτου
2099 466 2121 509 ἡ
2139 464 2365 515 φιλοστοργία
2377 480 2385 487 ·

1365 517 1457 566 πόση
1473 522 1495 566 ἡ
1516 520 1709 572 ἀγρυπνία·
1725 521 1817 569 πόση
1833 525 1856 569 ἡ
1877 523 2042 576 μέριμνα.
2059 523 2153 562 Ποία
2169 524 2391 578 μήτηροῧτιιι

1365 580 1592 619 διακόπτεται
1618 581 1662 619 τὰ
1682 582 1869 635 σπλάγχνα
1889 588 1950 622 τοῦ
1975 585 2098 628 παιδὸς
2120 588 2228 631 αὖτ’ἧς
2258 586 2388 639 πυρέτ-

1364 657 1501 690 τοντος,
1523 642 1583 680 καὶ
1604 642 1662 682 ἐπὶ
1681 646 1744 690 τῆς
1762 644 1883 691 κλίνης
1906 644 2085 696 κειμένου,
2105 649 2152 688 ὡς
2170 648 2188 683 ὅ
2217 647 2394 698 μακάριος

1363 697 1460 747 οἶτος
1479 703 1566 756 ὑπὲρ
1588 707 1658 742 τῶν
1673 705 1709 741 ἐν
1724 704 1864 757 ἑκάστῳ
1879 705 1975 757 τόπῳ
1997 705 2232 744 ἀσθενούντων
2258 708 2395 757 μᾶλλον

1363 765 1522 813 ἠσθένει,
1547 765 1606 803 καὶ
1639 764 1728 817 ὑπὲρ
1749 768 1818 804 τῶν
1848 766 2172 818 σκανδαλιζομένων
2202 770 2393 820 ἐπυροῧτο;

1363 826 1498 865 Σκόπει
1516 826 1583 879 γάρ
1604 842 1663 878 μοι
1677 826 1802 871 λέξεως
1821 827 1984 879 ἔμφασιν.
2002 829 2079 866 Οὐκ
2106 822 2202 876 εἷπε,
2217 828 2270 872 τίς
2285 844 2391 867 σκαν-

1364 887 1560 934 δαλίζεται,
1581 888 1641 926 καὶ
1670 890 1732 926 οὔκ
1752 888 1821 940 ἐγὼ
1847 890 2046 939 λυποῦμαι,
2068 889 2158 928 ἀλλὰ
2179 891 2366 941 Πυροῧμαι
2380 920 2391 938 ,

1364 949 1461 1002 φησὶ,
1473 948 1536 995 τὴν
1548 949 1704 988 ἐπίτασιν
1715 952 1799 1000 ἡμῖν
1812 953 1874 996 τῆς
1885 949 2008 998 ὀδύνης
2019 951 2146 998 δηλῶν,
2160 950 2220 988 καὶ
2235 967 2392 1001 μονονου-

1363 1011 1403 1062 χὶ
1416 1009 1549 1053 δεικνὺς
1563 1010 1838 1063 ἐμπυριζόμενον
1850 1011 1986 1058 ἑαυτὸν,
1996 1011 2055 1048 καὶ
2063 1010 2246 1061 καιόμενον
2258 1011 2391 1050 ἔνδοθεν

1363 1069 1452 1122 ὑπὲρ
1466 1072 1535 1107 τῶν
1552 1070 1594 1107 τὰ
1611 1069 1790 1108 σκάνδαλα
1801 1070 2056 1121 ὑπομενόντων.
2068 1064 2225 1110 Οἶδαὸτι
2241 1073 2290 1115 εἷς
2303 1071 2392 1111 πολὺ

1363 1131 1379 1152 ‘¹
1389 1134 1500 1182 μῆκος
1511 1130 1662 1174 ἐξέτεινα
1671 1130 1733 1177 τὴν
1746 1131 1989 1178 διδασκαλίαν,
1999 1132 2181 1171 καὶταῦτα
2192 1148 2282 1185 προῃ
2288 1133 2396 1185 ρημέ-

1362 1208 1417 1236 νος
1429 1191 1582 1243 σήμερον
1603 1190 1871 1240 συστεῖλαι,ῗνα
1888 1192 2012 1243 μικρὸν
2031 1194 2071 1230 ἐκ
2080 1196 2140 1230 τοῦ
2156 1196 2218 1239 τῆς
2231 1195 2392 1240 νηστείας

1362 1253 1467 1292 πόνου
1497 1254 1661 1299 ἀνεθῆναι
1693 1254 1881 1299 δυνηθῆτε·
1900 1254 1983 1291 ἀλλ”
2001 1255 2064 1291 οὐκ
2084 1246 2147 1291 οἷδ’
2169 1253 2264 1297 ὅπως
2285 1257 2393 1305 ἐμπε-

1364 1314 1434 1353 σὼν
1460 1317 1507 1358 εἷς
1538 1314 1596 1352 τὸν
1621 1314 1768 1352 πλοῦτον
1797 1316 1866 1351 τῶν
1897 1314 2179 1365 κατορθωμάτων
2209 1319 2270 1353 τοῦ
2295 1315 2394 1367 ἁγίου

1362 1376 1506 1424 τούτου,
1527 1374 1685 1426 καθάπερ
1719 1374 1787 1413 ὑπὸ
1812 1374 1923 1426 ῥύμης
1959 1374 2097 1412 ὑδάτων
2134 1375 2392 1427 σφοδροτάτης,

1364 1438 1454 1477 οὕτω
1475 1437 1536 1484 τὴν
1555 1438 1716 1488 γλῶτταν
1735 1435 1950 1488 παρεσύρην.
1964 1435 2028 1473 Διὸ
2049 1436 2155 1488 μέχρι
2171 1436 2291 1475 τούτου
2303 1437 2393 1483 στή-

1364 1516 1428 1543 σας
1464 1498 1522 1537 τὸν
1553 1497 1654 1548 λόγον
1667 1526 1678 1545 ,
1714 1498 1911 1549 παρακαλῶ
1947 1495 2012 1544 τὴν
2044 1497 2215 1549 ὑμετέραν
2252 1498 2393 1549 ἀγάπην

1364 1561 1531 1606 διηνεκῶς
1549 1563 1668 1597 τοῦτον
1689 1560 1723 1597 ἐν
1741 1556 1876 1610 διανοίᾳ
1894 1556 2092 1610 περιφέρειν
2105 1586 2114 1604 ,
2131 1558 2191 1596 καὶ
2209 1561 2312 1596 τοῦτο
2328 1559 2392 1597 λο-

1365 1621 1520 1673 γίζεσθαι
1541 1622 1712 1672 συνεχῶς,
1734 1618 1786 1657 ὅτι
1806 1621 1870 1665 τῆς
1896 1620 2004 1665 αὔτῆς
2024 1622 2108 1669 ἡμῖν
2131 1622 2304 1672 κοινωνῶν
2326 1619 2393 1672 φύ-

1367 1699 1471 1731 σεως,
1490 1682 1550 1720 καὶ
1567 1687 1638 1725 τοῖς
1660 1684 1774 1726 αὐτοῖς
1800 1680 1946 1718 πάθεσιν
1975 1680 2220 1731 ὑποκείμενος,
2234 1680 2294 1719 καὶ
2314 1683 2394 1720 ἐπι-

1366 1745 1525 1795 τήδευμα
1543 1744 1632 1796 ἔχων
1657 1742 1791 1787 εὐτελὲς
1816 1743 1876 1780 καὶ
1893 1741 2206 1794 εὐκαταφρόνητον,
2230 1743 2291 1780 καὶ
2312 1743 2394 1796 δέρ-

1370 1821 1465 1856 ματα
1493 1805 1654 1858 ῥάπτων,
1668 1804 1728 1842 καὶ
1747 1804 1804 1842 ἐπὶ
1833 1802 2062 1856 ἐργαστηρίου
2083 1801 2254 1849 ἑστηκὼς,
2274 1804 2394 1851 ἐπειδὴ

1369 1866 1548 1913 ἠόουλήθη
1580 1865 1640 1904 καὶ
1671 1865 1822 1913 ἠθέλησε
1851 1864 1936 1916 πρὸς
1965 1863 2042 1907 τοὺς
2079 1867 2141 1910 τῆς
2174 1865 2298 1917 ἀρετ-’ἧς
2328 1865 2394 1904 πό-

1370 1944 1447 1971 νους
1475 1927 1596 1966 ἑαυτὸν
1632 1928 1810 1973 ἐκδοῦναι,
1838 1925 1898 1964 καὶ
1931 1925 2023 1970 ἄξιον
2060 1925 2180 1964 ἑαυτὸν
2212 1928 2392 1972 καταστῆ-

1371 2004 1431 2027 σαι
1467 1992 1529 2035 τῆς
1571 1989 1745 2039 ὑποδοχῆς
1785 1991 1845 2026 τοῦ
1889 1985 1987 2038 ἁγίου
2034 1986 2257 2036 Πνεύματος,
2290 1988 2393 2038 δαψι-

1371 2051 1537 2102 λεστέρας
1578 2050 1760 2096 ἀπήλαυσε
1799 2051 1863 2095 τῆς
1901 2048 2030 2086 ἄνωθεν
2073 2047 2283 2100 φιλοτιμίας.
2324 2048 2395 2086 Καὶ

1371 2114 1474 2159 ἡμεῖς
1494 2109 1629 2156 τοίνυν,
1653 2108 1712 2146 ἐὰν
1741 2109 1964 2159 βουληθῶμεν
1987 2107 2031 2146 τὰ
2056 2108 2141 2160 παρ’
2161 2110 2293 2146 ἑαυτῶν
2317 2109 2396 2147 ἐπι-

1373 2169 1566 2218 δείξασθαι,
1589 2169 1682 2207 οὐδὲν
1716 2170 1755 2207 τὸ
1785 2170 1918 2207 κωλύον
1949 2171 2016 2207 τῶν
2049 2171 2162 2207 αὐτῶν
2183 2173 2278 2221 ἡμᾶς
2309 2171 2395 2207 ἀπο-

1371 2234 1510 2270 λαῦσαι.
1533 2231 1726 2281 Φιλότιμος
1760 2230 1828 2283 γὰρ
1862 2235 1880 2269 ὁ
1909 2230 2108 2278 Δεσπότης,
2141 2231 2200 2269 καὶ
2228 2231 2395 2270 Βούλεται

1371 2292 1503 2336 πάντας
1524 2291 1724 2344 ἀνθρώπους
1749 2294 1926 2339 σωθῆναι,
1946 2291 2006 2330 καὶ
2025 2294 2073 2335 εἷς
2099 2291 2285 2343 ἐπίγνωσιν
2307 2293 2393 2339 ἀλη-

1372 2353 1464 2398 θείας
1480 2355 1602 2392 ἐλθεῖν.
1621 2352 1749 2397 Ἀξίους
1768 2352 1883 2391 τοίνυν
1903 2353 2046 2396 ἑαυτοὺς
2061 2352 2394 2402 κατασκευάσωμεν,

1371 2414 1430 2452 καὶ
1465 2414 1553 2464 μετὰ
1584 2413 1780 2466 προθυμίας
1808 2414 1950 2461 ζεούσης
1978 2417 2040 2460 τῆς
2069 2417 2193 2466 ἀρετῆς
2222 2413 2284 2466 ὀψὲ
2313 2417 2394 2464 γοῦν

1370 2491 1455 2513 ποτε
1473 2475 1747 2527 εέπιλαξώμεθα
1760 2505 1769 2522 ,
1784 2475 1844 2512 καὶ
1857 2478 1924 2512 τῶν
1941 2476 1975 2512 ἐν
1990 2478 2074 2525 ἡμῖν
2090 2477 2210 2512 παθῶν
2224 2474 2287 2521 τὴν
2307 2473 2397 2527 διόρ-

1372 2540 1475 2574 θωσιν
1496 2536 1752 2586 ἐπιδειξάμενοι
1779 2535 1995 2581 ἐπιτηδείους
2023 2534 2165 2578 ἑαυτοὺς
2187 2535 2396 2588 ἀπεργασώ-

1373 2601 1461 2647 μεθα
1481 2598 1566 2650 πρὸς
1590 2597 1653 2644 τὴν
1673 2601 1731 2636 τοῦ
1748 2596 1955 2647 Πνεύματος
1974 2595 2173 2648 ὑποδοχῆν>’
2201 2590 2243 2642 ἧς
2263 2595 2397 2648 γένοιτο

1371 2659 1504 2702 πάντας
1522 2663 1615 2709 ἡμᾶς
1638 2658 1845 2706 ἀξιωθῆναι,
1860 2659 1982 2710 χάριτι
2004 2658 2064 2695 καὶ
2079 2657 2321 2709 φιλανθρωπία
2335 2660 2395 2695 τοῦ

1372 2721 1500 2774 Κυρίου
1528 2723 1629 2771 ἡμῶν
1656 2722 1773 2766 Ἰησοῦ
1804 2720 1976 2771 Χριστοῦ,
2007 2720 2083 2769 μεθ’
2115 2712 2153 2755 οὗ
2182 2719 2232 2769 τῷ
2261 2717 2396 2769 Πατρὶ,

1371 2782 1446 2832 ἅμα
1463 2784 1512 2833 τῷ
1534 2780 1621 2831 ἁγίῳ
1637 2780 1836 2830 Πνεύματι,
1855 2779 1955 2826 δόξα,
1976 2779 2119 2832 κράτος,
2134 2778 2243 2829 τιμὴ,
2261 2781 2320 2816 νῦν
2338 2779 2397 2816 καὶ

1372 2843 1426 2882 ἀεὶ
1441 2842 1501 2880 καὶ
1515 2843 1563 2885 εἷς
1582 2841 1661 2885 τοὺς
1683 2843 1810 2884 αἰῶνας
1827 2843 1895 2878 τῶν
1916 2839 2066 2878 αἰώνων.
2089 2839 2219 2890 Ἀμήν.

1431 2971 1442 2985 ²
1459 2966 1586 2998 Novem
1609 2964 1686 2999 Mss.
1711 2972 1742 2997 et
1767 2963 1867 2998 Savil.
1894 2967 2117 3008 ἐπιλαθώμεθα.
2136 2962 2251 2996 Mon-el.
2270 2967 2397 3007 ἐπιλαμ-

1389 3021 1559 3061 Εανώμεθα.
