2516 3791
99 1020 127 1038 2.
147 1011 223 1040 Tim.
235 1021 264 1042 2.

305 120 397 179 848

303 226 468 270 petuum;
495 216 610 255 virtus
640 224 762 253 contra
795 215 953 253 laborem
986 215 1148 264 brevem,
1175 214 1252 251 fru—

303 287 400 316 ctum
428 291 512 317 vero
540 290 622 314 cum
646 276 826 313 hilaritate
849 274 1116 312 indesinentem.
1139 274 1254 314 Verbi

304 339 429 392 gratia,
451 347 615 391 precatus
634 346 685 374 est
709 336 838 386 aliquis
857 337 988 383 Deum,
1002 335 1179 386 lacrymas
1193 335 1252 372 fu·-

303 399 357 438 dit
373 429 385 450 ,
413 398 556 437 modico
590 407 747 449 tempore
782 397 874 433 inter
907 395 1083 433 orandum
1115 395 1252 445 doluit;

303 459 396 498 alius
414 469 487 497 tota
499 459 557 496 die
575 472 612 496 se
627 456 831 506 oblectavit,
849 455 979 494 deinde
994 456 1254 509 eleemosynam

303 520 414 570 dedit,
441 519 634 572 jejunavit,
662 517 761 555 aliud
790 516 928 568 aliquid
954 517 1039 555 boni
1061 518 1160 565 feeit,
1191 527 1254 556 aut

304 580 555 619 contumeliam
582 592 708 630 passus
738 591 809 615 non
843 578 988 629 regessit
1018 578 1179 618 convicia
1197 595 1204 616 :
1222 579 1253 617 is

303 651 490 694 postquam
515 639 619 676 unico
652 638 822 690 tempor-is
849 648 1026 677 momento
1044 640 1254 692 perduravit

303 712 336 740 et
350 703 439 740 iram
458 699 677 752 compressit,
693 699 862 737 memoria
886 709 979 738 recte
1003 701 1178 739 factorum
1197 716 1252 739 as-

302 763 402 802 sidue
417 762 549 815 gaudet
570 776 611 800 ac
628 761 779 799 laetatur.
798 763 843 799 At
864 761 899 799 in
918 762 1017 801 vitiis
1035 763 1251 801 contrarium

302 823 430 862 accidit
451 839 458 860 :
480 823 600 861 intulit
624 822 803 875 quispiam
828 822 999 875 injuriam
1025 833 1086 862 aut
1103 825 1249 862 retulit:

300 884 427 923 deinde
443 884 591 922 domum
607 897 769 922 reversus
791 883 927 921 arrodit
942 898 1001 921 cor
1019 899 1139 935 suum,
1164 885 1252 923 dum

301 946 409 985 verba
428 960 490 984 sua
506 954 657 998 reputat,
675 959 753 996 quae
778 945 880 982 toties
905 958 1012 996 grave
1025 946 1174 984 attulere
1189 946 1252 984 da-

301 1021 436 1046 mnum.
454 1010 683 1059 Quapropter
698 1006 727 1044 si
746 1006 968 1058 voluptatem
992 1007 1148 1056 sectaris,
1167 1010 1208 1045 F
1206 1022 1250 1046 ιι-

298 1073 378 1123 gito
399 1068 593 1122 juveniles
619 1070 962 1119 concupiscentias,
992 1077 1026 1106 et
1051 1077 1251 1122 temperan-

298 1132 385 1169 tiam
409 1139 582 1179 cxci-cem,
598 1129 730 1168 divinis
750 1128 868 1168 verbis
895 1138 1047 1167 attentus
1065 1138 1149 1167 esto.
1167 1130 1251 1169 Haec

298 1192 378 1231 ideo
400 1192 504 1231 vobis
531 1191 699 1241 dicimus,
714 1199 753 1228 ut
771 1204 835 1228 vos
854 1190 979 1228 eadem
998 1190 1070 1228 illis
1085 1190 1250 1242 dicendo,

299 1263 332 1292 et
346 1254 478 1292 talibus
496 1252 616 1292 verbis
636 1251 880 1298 obtundendo,
894 1252 1110 1290 abstrahatis
1126 1266 1184 1291 eos
1204 1253 1250 1291 ab

297 1317 394 1354 omni
422 1316 515 1353 mala
541 1313 809 1363 consuetudine,
826 1323 934 1365 utque
951 1314 1070 1352 omnia
1101 1315 1250 1354 rationis

295 1375 414 1428 potius
429 1375 540 1413 ductu
554 1383 660 1426 agant
674 1373 932 1426 persuadeatis.
945 1373 1140 1411 Hominum
1152 1375 1247 1412 enim

296 1438 356 1488 qui
379 1447 507 1475 temere
524 1445 557 1474 et
575 1436 650 1473 sine
671 1434 806 1472 ratione
821 1435 984 1472 feruntur
1000 1449 1042 1471 ne
1062 1434 1248 1487 diligentia

293 1498 440 1549 quidem
467 1495 650 1550 probanda
675 1504 726 1533 est
743 1511 750 1530 :
768 1495 806 1532 id
826 1494 922 1545 quod
947 1495 1004 1534 vel
1028 1509 1072 1533 ex
1092 1510 1131 1534 ea
1167 1510 1246 1547 quae

294 1559 400 1597 instat
422 1559 569 1597 collecta
594 1557 678 1594 satis
701 1555 898 1608 apparebit.
923 1557 1020 1593 Dum
1046 1555 1141 1593 enim
1165 1570 1246 1594 san-

293 1629 383 1657 ctam
415 1621 634 1656 Penteeostes
667 1615 911 1654 celebritatem
949 1629 1114 1667 agemus,
1147 1624 1244 1654 tanta

292 1689 475 1719 concurret
495 1677 707 1725 multitudo,
724 1686 763 1714 ut
783 1690 910 1728 magna
928 1676 988 1713 hic
1006 1676 1167 1714 locorum
1181 1691 1243 1714 an-

292 1743 407 1793 gustia
439 1741 631 1778 laboretur.
667 1739 741 1776 Nee
766 1747 883 1775 tamen
907 1736 1004 1775 hune
1029 1747 1243 1776 conventum

292 1804 410 1855 magni
432 1802 535 1851 facio,
559 1798 850 1852 quandoquidem
872 1798 986 1849 magis
1009 1813 1054 1837 ex
1072 1814 1170 1837 more
1190 1799 1243 1849 fit,

292 1879 399 1916 quam
414 1863 597 1915 religionis
617 1877 653 1899 e1
656 1875 711 1912 rro
728 1859 828 1909 Quid
847 1859 958 1911 igitur
974 1859 1047 1898 illis
1062 1860 1240 1911 miserius,

291 1941 444 1978 quorun]
463 1935 497 1964 et
513 1923 727 1976 negligentia
748 1931 799 1959 tot
811 1921 900 1959 lefer
904 1930 936 1958 ta
951 1930 1001 1958 est
1015 1920 1241 1972 eliminibus,

291 1997 323 2024 et
336 1986 523 2037 diligentia
546 1985 622 2022 null
626 1999 682 2022 am
702 1981 845 2020 laudem
866 1991 1107 2034 promer-‚etur
1099 1982 1116 2009 ⁰
1135 1982 1244 2029 Quis-

292 2048 371 2098 quis
398 2049 491 2086 enim
512 2047 583 2085 zelo
601 2044 743 2097 pietatis
768 2042 813 2081 ad
842 2043 938 2082 ‘hunc
966 2051 1096 2081 coetum
1127 2044 1245 2082 sobrie

291 2109 488 2160 cupideque
513 2107 660 2156 accedit,
681 2106 755 2144 sine
770 2104 1030 2143 intermissione
1046 2105 1114 2144 hoc
1127 2106 1244 2146 facere

289 2169 407 2221 debet,
440 2179 473 2207 et
500 2184 568 2206 non
595 2181 677 2205 cum
705 2166 799 2212 illis,
829 2165 891 2216 qui
916 2166 952 2204 in
984 2167 1072 2205 festo
1104 2176 1244 2205 tantum

291 2230 487 2279 confluunt,
507 2228 683 2276 accedere,
700 2236 734 2265 et
750 2240 831 2264 (zum
852 2226 924 2264 illis
943 2227 1115 2277 recedere,
1126 2237 1165 2265 ut
1182 2229 1242 2279 qui

291 2301 418 2328 temere
437 2289 584 2343 pecudis
602 2289 637 2325 in
658 2301 793 2325 morem
813 2286 1026 2324 abducatur.

343 2353 380 2390 5.
414 2350 592 2402 Equidem
605 2358 765 2401 poteram
780 2348 848 2384 hoc
864 2345 1052 2384 exordium
1068 2348 1240 2386 sermonis

288 2413 424 2452 diutius
441 2411 646 2459 exte1idere5
663 2423 788 2449 verum
803 2407 971 2459 quoniam
988 2407 1059 2446 scio
1074 2422 1137 2447 vos
1153 2408 1239 2446 eitra

288 2484 443 2513 nostram
472 2471 722 2519 monitionem,
743 2478 783 2506 ut
807 2468 910 2508 vobis
933 2468 1084 2520 dignum
1115 2478 1165 2507 est
1192 2470 1240 2507 fa-

289 2536 428 2582 cientes,
449 2534 554 2586 plura
578 2531 685 2569 etiam
712 2529 882 2577 dicturos,
899 2542 1008 2579 quam
1028 2526 1124 2567 dieta
1143 2539 1238 2580 sunt,

287 2596 511 2635 immolestus
531 2594 598 2633 sim
613 2593 759 2630 illorum
779 2589 1091 2642 objurgationibus
1111 2591 1239 2629 immo-

286 2658 411 2703 rando,
433 2657 569 2706 reliqua
597 2653 700 2693 vobis
719 2652 836 2690 omnia
858 2651 1095 2701 committens,
1115 2651 1160 2689 ad
1182 2667 1239 2691 so-

286 2720 384 2757 litam
401 2717 599 2755 doctrinam
620 2724 652 2752 et
672 2713 716 2751 ad
738 2711 924 2750 historiam
939 2710 984 2749 de
1004 2714 1105 2750 Anna
1121 2727 1238 2751 rever-

285 2791 349 2817 tor.
380 2780 501 2829 Neque
528 2775 726 2824 miremini,
756 2773 853 2825 quod
885 2773 1004 2811 adhuc
1037 2773 1074 2811 in
1113 2774 1237 2813 eodem

731 133 751 164 S
760 154 769 164 .
806 134 990 164 JOANMS
1024 133 1274 164 CHRYSOST.

283 2848 491 2891 argumento
507 2839 717 2875 lurreamus.
737 2837 816 2873 Non
834 2834 926 2874 enim
945 2848 1093 2886 possum
1107 2836 1241 2873 mulie-'

284 2917 356 2940 rem
386 2901 476 2937 hanc
507 2913 549 2936 ex
582 2898 698 2935 animo
724 2911 801 2934 meo
828 2896 994 2944 eximere,
1009 2911 1120 2947 usque
1144 2896 1234 2935 adeo

282 2964 430 2999 sormam
447 2962 573 2999 anima]
594 2959 669 3009 ejus
681 2972 721 2995 ae
735 2956 1042 3024 pulchritudinem
1057 2957 1228 2996 admiror.

284 3028 372 3061 Amo
394 3023 487 3060 enim
514 3022 633 3059 mulos
660 3033 853 3069 numquam
874 3032 942 3056 non
963 3018 1054 3056 inter
1080 3033 1229 3072 precan-

1277 2432 1281 2440 ·
1312 2423 1351 2444 το
1370 2407 1550 2458 προοίμιον
1570 2405 1766 2456 razzi-,tow
1786 2407 1860 2443 ἀ)λ

1289 126 1521 165 “ancuffli).
1558 137 1921 167 CONSTANTINOP-

1327 215 1439 289 ὀλίγον
1458 216 1582 268 χρόνον
1602 218 1769 265 κατὰτὴν
1787 219 1911 270 εὖχην·
1928 219 2041 270 ἕτερος
2066 219 2124 258 διὰ
2153 220 2268 268 πάσης
2287 224 2349 268 τῆς

1326 281 1394 326 ἧμε
1388 275 1461 330 ’ρας
1488 276 1638 329 ἐτρύφα,
1659 282 1735 315 εἶτα
1766 279 2000 329 ἐλεημοσύνην
2023 278 2163 328 ἔδωκεν,
2186 280 2350 327 ἐνήστευ-

1327 352 1364 374 σε
1367 354 1396 383 ν,
1415 339 1499 376 ἀλλο
1513 354 1548 376 τι
1565 341 1633 376 τιΝ)ν
1662 341 1800 390 ἀγαθῶν
1819 340 2025 393 εἰργάσατο,
2042 339 2064 387 ἢ
2095 341 2269 394 ὑὸρισθεις
2287 344 2350 380 οὐκ

1327 397 1608 450 ἀντελοιδόρησεν
1625 415 1632 422 ·
1653 402 1686 437 ἐν
1707 407 1771 452 μιᾷ
1789 405 1868 451 γοῦν
1885 405 2007 452 καιροῦ
2026 404 2114 453 ῥοπῇ
2131 402 2350 456 καρτερήσας

1325 459 1385 498 καὶ
1403 459 1591 512 κατασχὼν
1615 460 1673 498 τὸν
1702 459 1820 511 θυμὸν,
1852 461 1909 500 διὰ
1934 462 2065 506 παντὸς
2094 463 2259 514 γάννυται
2289 463 2349 502 καὶ

1325 521 1562 573 εὐφραίνεται,
1583 524 1652 559 τῶν
1672 523 1954 574 κατορθωμάτων
1975 524 2252 574 ἀναμιμνήσκων
2269 527 2348 562 ἑαυ-

1325 581 1382 619 τὸν
1403 582 1555 620 ἐκείνων.
1576 582 1660 620 Ἐπὶ
1683 581 1719 621 δὲ
1743 585 1805 629 τ’ῆς
1836 583 1962 626 κακίας
1991 584 2208 622 τούναντίον·
2228 584 2350 638 ῧὸρισέ

1324 659 1397 691 τις,
1429 643 1692 697 ἀντελοιδόρησε
1705 660 1712 667 ·
1755 644 1844 694 μετὰ
1883 650 1994 684 ταῦτα
2031 645 2119 684 οἴκοι
2149 646 2348 698 γενόμενος,

1325 704 1445 743 ἑαυτὸν
1462 704 1647 752 κατεσθίει,
1667 705 1711 743 τὰ
1732 705 1874 759 ῥήματα
1900 706 2202 758 ἀναλογιζόμενος,
2224 707 2246 745 ἃ
2264 710 2352 747 πολ-

1325 765 1426 810 λάκις
1450 766 1582 813 πολλὴν
1601 766 1726 819 ἤνεγκε
1760 767 1908 818 βλάὸην.
1923 767 2035 806 <Ώστε
2055 771 2085 806 εἷ
2113 768 2247 812 διώκεις
2266 770 2350 816 ἡδο-

1325 826 1399 874 νὴν,
1419 828 1537 879 Φεῧγε
1555 826 1615 871 τὰς
1628 828 1836 881 νεωτερικὰς
1858 828 2042 880 ἐπιθυμίας
2055 860 2065 877 ,
2087 830 2147 868 καὶ
2168 830 2351 883 σωφροσύ-

1326 903 1387 933 νης
1412 886 1598 938 ἐπιμέλου,
1625 888 1684 926 καὶ
1712 889 1877 940 ἀκροάσει
1902 888 1999 927 θείων
2027 890 2179 944 πρόσεχε
2210 890 2350 942 λογίων.

1327 949 1452 985 Ταῦτα
1470 947 1554 1001 προς
1578 952 1667 998 ὑμᾶς
1685 948 1844 1000 λέγομεν,
1871 948 1928 987 ἵνα
1955 952 2054 1001 ὑμεῖς
2081 951 2166 1002 πρὸς
2199 951 2351 995 ἐκείνους

1326 1007 1504 1058 λέγοντες,
1534 1008 1593 1046 καὶ
1622 1011 1775 1060 συνεχῶς
1795 1009 1928 1053 τούτοις
1949 1009 2074 1053 αὐτοὺς
2103 1011 2351 1055 ἐπαντλοῦντες

1326 1074 1398 1112 τοῖς
1429 1068 1594 1122 ῥήμασιν,
1616 1069 1790 1120 ἀφέλκητε
1814 1070 1932 1116 πάσης
1959 1077 2112 1122 πονηρᾶς
2144 1071 2325 1117 συνηθείας
2340 1100 2350 1118 ,

1326 1147 1385 1169 και
1407 1129 1550 1177 πείθητε
1578 1131 1736 1182 λογισυ.ῳ
1765 1130 1882 1169 πάντα
1901 1137 2010 1169 ποιεῖν
2043 1133 2092 1169 τῶ
2124 1132 2349 1185 προσήκοντι.

1325 1194 1407 1230 Τῶν
1437 1192 1505 1267 γὰρ
1525 1191 1690 1230 τοιούτων
1718 1208 1776 1230 και
1805 1193 1925 1235 ἁπλῶς
1956 1209 2015 1232 και
2045 1196 2120 1245 εἰκῇ
2151 1193 2349 1247 φερομένων

1324 1254 1401 1292 οὐδὲ
1420 1253 1483 1300 τὴν
1503 1253 1657 1300 σπουοὴν
1683 1253 1867 1300 ἐπαινετὴν
1889 1253 1981 1307 εύροι
2004 1271 2056 1298 τις
2082 1253 2121 1292 ἂν
2144 1257 2270 1293 οὖσαν·
2289 1256 2349 1294 καὶ

1323 1332 1423 1354 τουτο
1454 1315 1523 1353 ἀπὸ
1545 1331 1607 1362 της
1639 1314 1803 1361 ε’πιούσης
1823 1314 1993 1359 συνάξεως
2014 1317 2116 1362 δῆλον
2142 1315 2346 1367 καθίστημι.

1321 1378 1397 1424 Τῆς
1414 1376 1481 1430 γὰρ
1501 1376 1601 1427 ἁγίας
1616 1380 1700 1427 ’ἡμῖν
1715 1375 1923 1426 τελουμένης
1937 1379 2176 1422 πεντηκοστῆς
2193 1406 2202 1424 ,
2225 1381 2346 1415 τοσοῒ·

1320 1453 1377 1475 τον
1399 1439 1584 1489 δραμεῖται
1615 1439 1766 1484 πλῆθος,
1786 1439 1832 1479 ὡς
1853 1436 1990 1474 ἅπαντα
2008 1441 2092 1487 ἡμῖν
2123 1437 2167 1476 τὰ
2197 1439 2345 1476 ἐνταῦθα

1343 1501 1620 1550 τενοχωρεῖσθαι.
1641 1497 1732 1536 Ἀλλ’
1753 1497 1848 1548 ὅμως
1876 1497 1953 1536 οὐδὲ
1972 1498 2102 1543 ταύτην
2126 1498 2345 1550 ἀποδέχομαι

1320 1559 1382 1606 τὴν
1408 1560 1598 1610 συλλογήν·
1630 1558 1809 1604 συνηθείας
1830 1558 1896 1610 γάρ
1915 1560 2020 1606 ἐστιν,
2054 1561 2116 1597 οὐκ
2149 1559 2342 1603 εὖλαὸείας.

1319 1621 1367 1659 Γί
1385 1621 1497 1658 τοίνυν
1524 1621 1647 1672 γένοιτ’
1683 1620 1722 1657 ἂν
1743 1619 1882 1657 εκείνων
1905 1619 2125 1672 ἀθλιώτερον,
2141 1619 2223 1659 οταν
2243 1637 2303 1659 και
2321 1624 2343 1668 ἡ

1319 1682 1469 1736 ῥᾳθυμία
1499 1684 1610 1720 αυτιΝ1ν
1634 1680 1804 1719 τοσούτων
1837 1680 2068 1732 εγκλημάτων
2087 1697 2179 1732 γεμῃ
2197 1711 2206 1727 ,
2231 1681 2291 1720 καὶ
2320 1686 2342 1730 ἡ

1318 1744 1465 1782 δοκοῦσα
1487 1747 1575 1780 εἶναι
1603 1741 1738 1817 σπουδη
1767 1741 1982 1793 ἐγκωμίων
1970 1746 1991 1789 ἠ
2014 1741 2159 1793 ἔρημος,
2177 1742 2248 1780 Τὸν
2275 1742 2343 1797 γὰρ

1317 1805 1411 1857 ζήλῳ
1426 1821 1486 1842 και
1502 1804 1599 1842 πόθω
1619 1819 1682 1841 και
1696 1819 1846 1856 σωφρονι
1864 1786 2022 1855 λογισμι)
2038 1807 2097 1841 τοῦ
2118 1803 2207 1841 θείου
2221 1803 2342 1843 τούτου

1317 1865 1508 1918 μετέχοντα
1538 1844 1729 1916 συλλόγου,
1768 1865 1934 1910 διηνεκῶς
1970 1843 2081 1902 ταῦτα
2112 1870 2222 1903 ποιεῖν
2253 1865 2342 1918 χρὴ,

1317 1930 1392 1966 ἀλλ’
1411 1928 1490 1979 οὐχὶ
1507 1926 1597 1977 μετὰ
1619 1929 1686 1965 τῶν
1715 1929 1748 1965 ἐν
1768 1929 1868 1980 ἑορτῇ
1894 1925 1994 1977 μόνον
2016 1926 2244 1978 φαινομένων,
2265 1927 2342 1978 μετ’

1317 1988 1455 2027 ἐκείνων
1475 1988 1686 2040 ἀφίστασθαι
1717 1988 1834 2036 πάλιν,
1863 1987 2073 2038 θρεμμάτων
2094 1987 2191 2033 δίκην
2223 1987 2342 2032 ἁπλῶς

1318 2049 1484 2102 ἀγόμενον
1491 2081 1498 2088 .

1368 2346 1440 2384 ’118
1445 2346 1571 2396 1νά11·ν[,
1594 2345 1635 2396 μὲ
1637 2362 1654 2382 ν
1673 2362 1733 2383 ουν
1748 2345 1806 2383 καὶ
1826 2345 1910 2396 πρὸς
1931 2344 2036 2383 πλέον
2055 2360 2164 2395 μηκος
2188 2346 2338 2384 ἐκτεῖναι

1880 2409 1941 2444 ἐπε
1947 2407 1976 2443 ιδ
1979 2423 1999 2452 η
2027 2408 2103 2444 οἰδα
2127 2406 2338 2458 σαφι1ς,ὁ’τι

1313 2483 1370 2505 και
1398 2484 1466 2519 προ
1494 2483 1555 2513 της
1580 2466 1753 2519 κυετέρας
1782 2467 2018 2520 παραινέσεως
2038 2466 2082 2504 τὰ
2113 2467 2337 2518 προσήκοντα

1311 2532 1390 2579 ὑμῖν
1426 2531 1540 2572 αὐτοῖς
1566 2532 1761 2576 ποιοῦντες,
1788 2529 1846 2565 καὶ
1879 2528 2022 2566 πλείονα
2054 2530 2123 2564 τῶν
2147 2528 2338 2580 εἰρημένων

1312 2592 1441 2643 ἐρεῖτε,
1464 2589 1553 2628 ὥστε
1569 2589 1617 2640 μὴ
1636 2588 1731 2632 δόξαι
1754 2591 1979 2641 παρενοχλεῖν
2000 2590 2033 2625 ἐν
2051 2593 2126 2631 ταῖς
2150 2591 2226 2626 κατ’
2242 2589 2334 2627 ἐκεί-

1310 2666 1376 2688 νων
1397 2651 1640 2701 ἐπιτιμήσεσι,
1670 2650 1713 2688 τὰ
1738 2650 1928 2701 λειπόμενα
1955 2649 2091 2687 ἅπαντα
2114 2651 2195 2700 ὑμῖν
2219 2649 2335 2702 ἀφεὶς,

1311 2716 1373 2759 τῆς
1392 2712 1549 2754 εἰωθυίας
1569 2712 1703 2763 ἅψομαι
1733 2710 1979 2757 διδασκαλίας,
1998 2710 2055 2748 ἐπὶ
2083 2709 2146 2757 τὴν
2174 2713 2236 2756 τῆς
2257 2710 2333 2749 Ἄν-

1310 2789 1369 2819 νης
1388 2772 1540 2826 ἱστορίαν
1561 2771 1791 2823 ἐπαναγαγὼν
1817 2772 1874 2809 τὸν
1903 2771 2014 2822 λόγον.
2038 2771 2105 2808 Καὶ
2131 2770 2179 2822 μὴ
2201 2772 2336 2822 θαυμά-

1312 2849 1414 2882 σητε,
1435 2836 1464 2871 εἰ
1486 2832 1632 2884 μηδέπω
1651 2836 1712 2879 τῆς
1740 2831 1934 2875 ὑποθέσεως
1964 2833 2093 2879 ταύτης
2121 2832 2331 2884 ἀπηλλάγη-

1309 2912 1382 2945 μεν.
1409 2895 1475 2933 Kal
1496 2895 1563 2945 γὰρ
1593 2897 1630 2932 οὐ
1658 2893 1808 2944 δύναμαι
1831 2893 1892 2940 τὴν
1927 2899 2073 2945 γυναῖκα
2100 2893 2228 2940 ταύτην
2263 2893 2332 2931 ἀπὸ

1306 2960 1366 3003 τῆς
1382 2955 1531 2998 διανοίας
1547 2955 1703 2993 ἐκῧαλεῖν
1715 2958 1776 3001 τῆς
1800 2956 1903 3005 ε’μῆς·
1919 2953 2025 2996 οὕτως
2049 2955 2154 3000 αὖτ’ἧς
2168 2953 2333 3004 θαυμάζω

1306 3018 1366 3065 τὴν
1381 3016 1567 3070 ευμορφίαν
1585 3018 1646 3061 τῆς
1670 3018 1802 3068 1φυγης,
1819 3015 1878 3052 καὶ
1894 3031 1933 3053 το
1945 3015 2070 3058 κάλλος
2094 3018 2154 3061 τῆς
2169 3013 2330 3058 διανοίας.

280 3086 367 3122 111-111
398 3085 646 3136 latzymantes,
667 3090 701 3118 et
723 3094 761 3117 os
777 3079 939 3130 labiaque
958 3093 1026 3117 non
1053 3080 1230 3118 accensitis
1259 3081 1281 3130 (
1306 3080 1408 3117 ψιλῶ
1428 3077 1496 3129 γὰρ
1516 3076 1711 3129 ὀφθαλαους
1732 3076 1943 3128 οακρύοντας
1964 3092 1996 3113 εν
2013 3078 2150 3128 ευγαῖς,
2172 3074 2229 3112 δια
2245 3090 2334 3112 παν-

278 3146 348 3184 fue'
343 3161 369 3182 is
389 3145 508 3182 rubii(
512 3153 581 3187 ata,
601 3141 663 3180 sed
689 3141 811 3192 gratiis
832 3143 907 3179 Deo
930 3139 1077 3191 agendis
1095 3150 1230 3189 01n7ta,

277 3206 395 3257 qualia
408 3204 660 3256 eranthujusce
675 3169 972 3253 mulieris,eujus²³
966 3201 1229 3254 philosophiam

279 3276 460 3319 tantopere
474 3265 630 3303 admiror
647 3280 655 3300 :
671 3263 830 3302 admiror
850 3272 968 3301 autem
990 3262 1116 3314 magis,
1133 3263 1229 3314 quod

278 3329 407 3368 mulier
426 3341 506 3365 cum
526 3335 629 3376 esset,
641 3324 795 3363 adhunc
814 3323 961 3364 modum
976 3324 1225 3377 philosophata

1303 3156 1359 3184 τος
1387 3156 1430 3190 με
1416 3141 1561 3177 ελετιΝ1ντ
1567 3155 1623 3184 ας,
1646 3154 1704 3175 και
1722 3137 1844 3189 χείλη,
1865 3136 1924 3174 και
1950 3136 2063 3187 στόμα
2080 3138 2141 3174 οὐκ
2165 3135 2329 3187 ἐπιτρίμ-

1305 3217 1390 3252 μασι
1406 3216 1495 3238 τιν-ιν
1518 3198 1814 3253 ἐρυθραινόμενον,
1845 3198 1922 3236 ἀλλ’
1945 3196 2149 3250 εὐχαριστία
2170 3199 2213 3247 τῇ
2244 3195 2328 3247 πρὸς

1301 3263 1358 3301 τὸν
1395 3262 1484 3299 (-)εον
1518 3259 1836 3310 καλλωπιζόμενον,
1869 3261 1937 3296 οἷον
1968 3274 2008 3304 ην
2035 3258 2074 3295 τὸ
2099 3257 2246 3304 ταύτης·
2284 3256 2326 3302 ἣν

1302 3323 1467 3374 θαυμάζω
1491 3321 1551 3373 μὲν
1575 3321 1627 3360 ὅτι
1649 3319 1893 3371 ἐφιλοσόφησε,
1910 3317 2075 3370 θαυμάζω
2093 3318 2126 3356 δὲ
2145 3316 2325 3368 μειζονως,
