2516 3791
672 179 712 212 ΙΝ
751 182 851 213 ΟΑΡ.
892 181 1071 212 XXXVH.

104 266 382 320 περιγενήσεται,
405 264 483 303 οὔτε
501 264 599 311 δόξης
615 265 699 316 ἔρως
715 295 724 312 ,
737 265 814 304 οὗτε
833 264 1007 316 βασκανία
1019 294 1029 312 ,
1049 264 1125 303 οὔτε

103 327 215 380 ἕτερόν
230 342 264 364 τι
283 328 350 364 τῶν
367 327 500 363 παθῶν.
520 325 588 364 Καὶ
607 328 702 372 πῶς,
722 325 790 378 ἐγὼ
808 326 911 376 λέγω.
930 324 1044 364 “Οταν
1058 325 1125 378 γάρ

102 405 151 433 τις
170 386 318 440 καθαρὸν
338 385 400 439 ἔχῃ
420 387 459 426 τὸ
471 386 641 433 συνειδὸς,
658 386 716 424 καὶ
732 387 860 431 παντὸς
882 386 989 440 ῥύπου
1008 388 1126 434 ἀπηλ-

99 448 286 501 λαγμένον,
325 447 509 494 δυνήσεται
549 447 609 486 καὶ
648 447 705 485 τὸν
751 448 913 486 ἁπάντων
943 447 1124 494 Δεσπότην

100 509 229 548 ἔνοικον
264 509 368 561 ἔχειν.
397 508 576 560 Μακάριοι
601 508 668 561 γὰρ
695 510 727 547 οἱ
756 509 920 562 καθαροὶ,
943 508 1052 561 φησὶ,
1079 512 1122 561 τῇ

98 570 222 624 καρδίᾳ
235 600 244 615 ,
273 570 327 608 ὅτι
346 569 443 608 αὐτοὶ
457 570 515 609 τὸν
534 570 624 609 Θεὸν
641 570 796 623 ὄψονται.
810 570 926 609 Ὅταν
941 570 977 609 δὲ
995 572 1123 609 ἐκεῖνον

97 631 226 671 ἔνοικον
247 631 338 684 ἔχειν
354 631 552 683 καταξιωθῇ
565 662 575 679 ,
591 633 638 675 ὡς
655 632 774 676 ἁπλῶς
794 631 853 670 καὶ
873 633 949 683 εἰκῇ
964 630 1004 669 τὸ
1020 634 1124 682 σῶμα

96 693 350 745 περικείμενος,
377 692 467 731 οὕτω
493 692 612 731 λοιπὸν
633 692 868 740 διακείσεται,
904 692 963 731 καὶ
981 691 1122 731 πάντων

96 756 164 791 τῶν
195 754 416 805 ἀνθρωπίνων
452 752 585 800 πολλὴν
603 753 809 797 ἐπιδείξεται
827 753 891 800 τὴν
918 753 1120 807 ὑπεροψίαν.
1147 765 1170 795 C

94 813 251 853 Ἅπαντα
278 815 345 867 γὰρ
378 815 420 852 τὰ
448 814 608 866 ὁρώμενα
628 814 710 853 σκιὰ
730 815 790 853 καὶ
809 815 892 868 ὄναρ
912 817 962 869 τῷ
977 816 1122 869 τοιούτῳ

95 881 275 926 φανεῖται,
301 875 360 913 καὶ
383 875 540 926 καθάπερ
560 875 596 912 ἐν
627 877 677 927 τῷ
696 877 832 928 οὐρανῷ
855 875 895 914 τὸ
925 875 1122 928 πολίτευμα

94 935 197 987 ἔχων,
218 936 326 980 οὕτως
343 936 476 980 οὐδενὸς
502 938 572 973 τῶν
591 935 773 988 παρόντων
795 937 1014 988 ἐπιθυμήσει.
1037 939 1121 977 Τοι-

93 1001 188 1040 οὗτος
212 991 253 1043 ἦν
286 998 423 1040 Παῦλος
449 999 467 1035 ὁ
490 999 552 1043 τῆς
578 997 782 1047 οἰκουμένης
811 998 1040 1043 διδάσκαλος·
1068 1000 1121 1038 διὸ

93 1057 152 1095 καὶ
174 1057 257 1096 ἐὸόα
272 1057 383 1110 λέγων
398 1057 466 1096 ·ἸΙ
488 1057 635 1108 δοκιμὴν
658 1060 790 1104 ζητεῖτε
809 1064 869 1098 τοῦ
891 1061 924 1098 ἐν
949 1060 1026 1110 ἐμοὶ
1050 1062 1118 1099 λα-

90 1121 228 1163 λοῦντος
244 1121 416 1172 xpm-„om
436 1119 506 1158 Καὶ
524 1120 630 1159 πάλιν
644 1136 651 1143 ·
671 1122 730 1159 Ζῶ
749 1121 784 1159 δὲ
797 1151 806 1168 ,
826 1124 888 1160 οὐκ
911 1122 961 1160 ἔτι
976 1121 1058 1174 ἐγὼ,
1077 1125 1117 1176 ζῇ

92 1179 127 1218 δὲ
142 1182 176 1218 ἐν
187 1182 264 1231 ἐμοὶ
283 1180 440 1234 Χριστός.
459 1181 528 1219 Καὶ
547 1181 652 1219 πάλιν
663 1197 670 1205 ·
688 1181 738 1220 ⁰0
753 1181 789 1221 δὲ
803 1186 862 1220 νῦν
877 1185 924 1228 ζῶ
939 1185 974 1222 ἐν
995 1185 1116 1237 σαρκὶ,

90 1243 124 1280 ἐν
147 1242 262 1280 πίστει
293 1245 352 1287 ζῶ.
392 1236 491 1286 Εἶδες
517 1242 625 1293 ἄνδρα
653 1245 756 1295 σῶμα
776 1243 1030 1297 περικείμενον,
1059 1246 1118 1284 καὶ

88 1305 135 1346 ὡς
157 1305 191 1341 ἐν
209 1304 388 1356 ἀσωμάτῳ
411 1303 507 1351 λήξει
524 1303 626 1341 αὐτὸν
642 1305 881 1358 τυγχανοντα,
900 1305 992 1344 οὕτω
1001 1307 1117 1346 πάντα

89 1365 320 1416 φθεγγόμενον
328 1366 343 1411 ’;

140 1427 272 1464 Τοῦτον
310 1425 461 1470 ἅπαντες
498 1427 712 1480 ζηλώσωμεν
733 1459 742 1477 ,
788 1429 848 1467 καὶ
884 1430 1115 1483 νεκρώσωμεν

86 1489 187 1537 ἡμῶν
207 1486 250 1524 τὰ
272 1487 360 1537 μέλη
392 1489 454 1534 τῆς
489 1488 633 1541 σαρκὸς,
660 1489 822 1542 καὶπρὸς
848 1489 910 1538 τὴν
938 1490 1114 1543 ἁμαρτίαν
1139 1505 1165 1535 1)

87 1547 296 1599 ἄνενέργητα
329 1548 417 1586 αὐτὰ
449 1548 681 1601 ἐργασώμεθα
695 1566 703 1574 ·
734 1550 824 1589 οὕτω
857 1550 926 1604 γὰρ
961 1552 1116 1603 μάλιστα

86 1608 174 1647 αὐτὰ
197 1609 416 1660 δυνησόμεθα
431 1614 657 1663 παραστῆσαι
676 1614 726 1663 τῷ
743 1614 824 1665 Θεῷ
853 1611 974 1650 θυσίαν
989 1613 1114 1666 εὐάρε-

86 1685 179 1708 στον.
203 1664 305 1713 Εἶδες
323 1671 363 1709 τὸ
381 1671 497 1710 καινὸν
524 1672 583 1710 καὶ
608 1671 802 1724 παράδοξον
818 1676 879 1719 τῆς
899 1673 1018 1718 θυσίας
1032 1674 1115 1713 ταύ-

85 1746 166 1777 της;
188 1730 301 1769 εὈταν
320 1731 426 1784 νεκρὰ
446 1731 591 1783 γένηται
609 1733 654 1772 τὰ
673 1734 782 1784 μέλη,
798 1733 877 1772 τότε
894 1736 1025 1785 μᾶλλον
1054 1738 1114 1774 εὖ-

87 1791 284 1844 πρόσδεκτα
300 1797 342 1845 τῇ
363 1793 464 1846 θυσίᾳ
481 1794 626 1846 γίνεται.
645 1795 749 1840 Τίνος
775 1796 886 1835 ἕνεκεν
907 1797 966 1835 καὶ
985 1797 1041 1835 διὰ
1060 1798 1114 1846 τί,

88 1853 234 1901 Ἐπειδὴ
257 1855 477 1905 πνευματική
497 1857 590 1893 ἐστιν
610 1860 632 1904 ἡ
654 1856 777 1904 θυσία,
797 1858 858 1895 καὶ
876 1858 970 1896 οὐδὲν
991 1861 1114 1906 αἰσθη-

84 1914 141 1953 τὸν
161 1915 247 1967 ἔχει.
269 1916 352 1954 'lint
383 1916 445 1966 μὲν
468 1916 535 1969 γὰρ
568 1920 632 1963 τῆς
652 1917 770 1962 Θυσίας
784 1920 847 1964 τῆς
880 1921 1049 1966 αἰσθητῆς
1074 1922 1112 1960 οὗ

85 1976 188 2025 μόνον
208 1976 247 2015 τὸ
276 1977 394 2030 νεκρόν
425 1980 519 2017 ἐστιν
539 1979 740 2026 ἀπόὲλητον
752 2010 762 2027 ,
789 1981 880 2019 ἀλλὰ
899 1982 959 2019 καὶ
975 1982 1015 2020 τὸ
1033 1985 1113 2032 ζῶν,

84 2039 113 2075 εἰ
143 2037 261 2085 λώὲην
279 2039 356 2076 τινὰ
390 2040 485 2092 ἔχοι,
514 2040 589 2078 οὐδὲ
608 2045 708 2080 τοῦτο
727 2043 774 2086 εἰς
793 2042 914 2081 θυσίαν
933 2044 1051 2083 δεκτὸν
1072 2044 1112 2082 ἂν

82 2103 216 2152 γένοιτό
244 2120 343 2144 ποτε.
377 2107 446 2145 Καὶ
477 2111 579 2145 τοῦτο
607 2107 640 2152 ἐξ
662 2109 773 2161 ἀρχῆς
791 2111 1026 2161 ἐνομοθετεῖτο
1046 2114 1112 2165 οὐχ

81 2173 218 2218 ἁπλῶς,
246 2175 323 2211 ἀλλ’
350 2173 404 2212 ἴνα
428 2175 484 2213 διὰ
503 2178 564 2222 τ’ἧς
578 2178 647 2214 τῶν
678 2177 811 2230 ἀλόγων
833 2180 1111 2231 παρατηρήσεως
1136 2194 1158 2224 Ε

80 2239 170 2277 κατὰ
192 2240 314 2293 μικρὸν
330 2242 531 2294 ἐναχθῶμεν
558 2243 647 2294 μετὰ
673 2247 736 2291 τῆς
762 2245 933 2293 τοσαύτης
952 2249 1109 2300 φυλακῆς

77 2305 140 2352 τὴν
166 2307 405 2356 πνευματικὴν
428 2307 560 2356 ταύτην
596 2310 655 2348 καὶ
683 2311 827 2363 λογικὴν
851 2313 971 2354 θυσίαν
998 2331 1107 2367 προσ-

80 2373 186 2424 άγειν.
205 2373 255 2411 “O
274 2373 342 2427 γάρ
362 2375 453 2413 ἐστιν
470 2377 541 2414 ἐκεῖ
555 2375 653 2425 λώὸη
666 2407 676 2424 ,
692 2378 752 2416 καὶ
767 2378 806 2417 τὸ
823 2379 1028 2432 ὠτότμητον
1047 2381 1107 2420 καὶ

80 2438 327 2491 κολοὸόκερκον
340 2470 350 2488 ,
393 2444 497 2479 τοῦτο
532 2444 677 2481 ἐνταῦθα
709 2445 860 2498 πονηρία
874 2477 884 2494 ,
917 2447 1106 2499 ἐπιθυμία,

79 2504 263 2556 ἀσέλγεια,
301 2507 494 2558 χρημάτων
514 2507 599 2560 ἔρως
629 2510 686 2548 καὶ
712 2518 810 2550 πᾶσα
845 2513 1023 2567 ἁμαρτία·
1046 2515 1106 2553 καὶ

76 2572 162 2624 ὅπερ
181 2574 274 2611 ἐστὶν
290 2576 362 2612 ἐκεῖ
380 2575 420 2614 τὸ
437 2575 531 2627 ὑγιὲς
543 2606 553 2624 ,
569 2577 629 2614 καὶ
647 2577 687 2616 τὸ
705 2579 819 2632 πάντῃ
843 2580 968 2632 μώμου
992 2583 1106 2630 ἀπηλ-

77 2640 261 2691 λαγμένον,
281 2645 382 2679 τοῦτο
395 2644 543 2681 ἐνταῦθα
567 2644 606 2682 τὸ
635 2647 755 2700 νεκρὸν
771 2650 821 2699 τῷ
846 2647 969 2702 κόσμῳ
987 2649 1103 2704 πάντῃ

76 2706 240 2757 γεγονότα
253 2707 342 2746 οὕτω
361 2709 445 2762 πρὸς
466 2709 529 2757 τὴν
544 2711 664 2751 θυσίαν
683 2713 746 2761 τὴν
765 2716 1005 2767 πνευματικὴν
1021 2720 1104 2758 ἐπι-

76 2772 211 2819 τήδειον
230 2776 349 2814 ἑαυτὸν
365 2781 601 2826 καταστῆσαι.
624 2782 748 2820 Ταῦτα
766 2783 814 2835 μὴ
840 2785 960 2830 ἁπλῶς
991 2802 1105 2840 παρα-

74 2839 268 2891 τρέχωμεν,
287 2844 362 2881 ἀλλ’
376 2846 612 2898 ἐμπηγνύντες
632 2849 720 2888 αὐτὰ
735 2854 778 2903 τῇ
799 2854 932 2891 ἑαυτῶν
953 2854 1103 2908 διανοίᾳ,

75 2907 326 2959 σπουδάσωμεν
342 2910 390 2961 μὴ
411 2912 572 2958 ἐλάττους
589 2917 735 2968 ὀφθῆναι
756 2921 826 2956 τῶν
837 2918 1014 2959 Ἰουδαίων
1035 2924 1104 2959 τῶν

75 2973 110 3010 ἐν
140 2977 182 3021 τῆ
213 2982 296 3027 σκιᾷ
324 2976 496 3025 τοσαύτην
525 2981 813 3033 ἐπιδεικνυμένων
845 2987 1104 3040 παρατήρησιν.

73 3038 211 3092 Ὥσπερ
230 3041 298 3094 γὰρ
323 3043 446 3083 ἐκεῖνοι
464 3045 516 3083 ἔτι
535 3049 585 3099 τῷ
605 3048 724 3101 λύχνῳ
743 3053 1033 3105 παρακαθήμενοι
1045 3071 1105 3094 το-

76 3104 206 3153 σαύτην
224 3108 402 3148 ἐποιοῧντο
414 3110 477 3158 τὴν
494 3114 668 3164 φυλακὴν,
700 3115 807 3161 οὕτως
828 3121 949 3169 ἡμεῖς,
980 3121 1101 3169 ἐπειδὴ
1126 3130 1151 3158 Α

74 3172 141 3210 ὑπὸ
158 3177 217 3211 τοῦ
233 3175 331 3220 ἡλίου
355 3180 417 3223 τῆς
446 3179 664 3228 δικαιοσύνης
680 3189 966 3235 καταυγασθῆναι
992 3203 1105 3235 κατη-

77 3237 260 3289 ξιώθημεν,
278 3242 337 3279 καὶ
352 3241 415 3288 τὴν
435 3244 535 3283 σκιὰν
556 3247 807 3293 καταλιπόντες
826 3250 911 3304 πρὸς
936 3251 1000 3299 τὴν
1019 3254 1104 3301 ἀλή-

28 3334 30 3337 .
75 3308 168 3342 θειαν
189 3306 518 3360 ἐχειραγωγήθημεν
533 3342 541 3357 ,
563 3313 625 3359 τὴν
647 3315 770 3365 ὁμοίαν
798 3317 952 3368 φυλακὴν
973 3320 1104 3358 ἐπιδει-

76 3369 212 3419 Ξώμεθα
245 3374 323 3424 περὶ
355 3376 417 3420 τὴν
445 3380 683 3428 πνευματικὴν
713 3382 842 3430 ταύτην
867 3386 998 3424 θυσίαν.
1033 3388 1100 3425 Καὶ

1111 180 1276 212 GENES.

2129 172 2151 183 n

1319 181 1472 212 nonu..
1516 181 1585 212 Lx.
2060 169 2152 232 (373

1197 263 1301 301 mala.
1324 264 1369 302 Et
1390 264 1591 315 quomodo,
1620 278 1684 316 ego
1714 264 1846 303 dicam.
1883 266 2036 311 Quando
2061 269 2155 306 enim

1195 323 1277 375 quis
1296 324 1428 362 munda
1447 325 1553 362 suerit
1573 326 1800 373 conscicntia,
1820 335 1852 364 ct
1868 327 1914 364 ab
1931 327 2028 364 omni
2045 328 2156 366 libera

1197 386 1352 433 macula,
1371 386 1499 438 poterit
1518 386 1713 424 Dominum
1735 387 1888 425 universi
1907 388 2035 426 babere
2054 389 2155 426 inha-

1197 445 1380 486 bitantem.
1405 449 1522 485 Beati
1555 448 1668 497 enim,
1698 448 1826 499 inquit,
1849 451 1994 487 mundo
2025 451 2153 496 corde,
2172 457 2355 486 Mutat-58-

1197 511 1383 560 quoniam
1412 512 1485 561 ipsi
1506 512 1633 548 Deum
1662 512 1866 549 videbunt.
1898 512 2007 558 Quod
2028 512 2056 550 si
2077 513 2157 563 quis

1195 568 1299 607 illum
1320 570 1595 609 inhabitatorem
1612 572 1742 610 babere
1758 582 1946 621 mercatur,
1959 574 2059 625 quasi
2075 575 2155 612 fru-

1195 639 1266 668 stra
1290 640 1323 668 et
1341 631 1416 668 sine
1446 631 1701 684 impedimento
1721 648 1866 685 corpore
1884 634 2036 672 vestitus
2051 645 2156 685 essct,

1195 690 1242 728 ita
1262 701 1383 743 postea
1399 692 1590 741 afficietur,
1604 703 1638 730 ct
1660 694 1900 732 humanarum
1921 696 2082 734 omnium
2102 712 2157 735 re-

1195 767 1275 790 rum
1295 753 1499 806 superbiam
1515 754 1618 791 sac-ile
1637 764 1848 793 contemnet.
1875 756 2039 794 Humana
2062 758 2155 796 enim

1193 815 1314 853 omnia
1349 816 1476 854 umbra
1502 815 1554 853 illi
1588 816 1838 867 somniumque
1864 819 2103 870 apparebunt,
2125 829 2158 858 ct

1193 874 1285 913 sicut
1321 877 1471 914 caelestis
1503 876 1592 916 civis
1621 878 1849 930 praesentium
1884 879 1973 917 nihi!
2006 881 2156 932 optabit.

1194 936 1295 974 Talis
1314 947 1387 975 erat
1408 938 1531 976 beatus
1546 939 1678 976 Paulus
1699 937 1823 976 doctor
1841 939 1958 990 orbis3
1989 951 2155 994 propter-

1193 1011 1231 1034 ca
1253 998 1445 1048 clamabat,
1458 999 1598 1038 dicens:
1612 1002 1715 1038 Num
1735 1003 2038 1052 experimentum
2052 1017 2156 1055 quoe—
2171 1012 2280 1040 κίον.
2305 1013 2351 1043 13.

1191 1061 1277 1096 ritis
1296 1062 1378 1111 ejus
1399 1063 1466 1113 qui
1487 1063 1528 1098 in
1547 1076 1607 1099 me
1627 1062 1813 1114 loquitur,
1833 1063 2007 1101 Christi?
2028 1063 2074 1101 Et
2091 1064 2151 1102 ite·
2168 1053 2200 1082 3·

1190 1133 1295 1156 rum:
1316 1122 1411 1158 Vivo
1427 1130 1571 1168 autem,
1593 1125 1766 1174 nonjam
1793 1137 1876 1174 ege,
1902 1126 2000 1161 vivit
2022 1133 2151 1162 autem
2170 1131 2278 1158 Galae.
2305 1140 2333 1159 2.

1191 1182 1232 1216 in
1249 1195 1309 1218 me
1332 1182 1523 1229 Christus,
1544 1182 1590 1220 Et
1608 1183 1750 1231 iterum,
1775 1184 1888 1233 Quod
1903 1192 2032 1221 autem
2050 1199 2151 1223 nunc
2166 1179 2243 1241 ffi'd'

1189 1243 1282 1278 vivo
1297 1244 1338 1279 in
1351 1257 1483 1290 carne,
1506 1244 1638 1296 infide
1653 1246 1760 1280 vivo.
1782 1243 1917 1283 Vidisti
1933 1244 2055 1283 virum
2074 1261 2150 1284 cor-

1188 1316 1274 1354 pore
1293 1302 1571 1354 circumdatum,
1590 1304 1691 1356 quasi
1710 1304 1915 1357 incorporea
1929 1305 2047 1356 quiete
2066 1308 2150 1345 sru-

1187 1372 1303 1401 entem
1323 1364 1422 1416 loqui
1445 1365 1594 1404 omnia?

1240 1425 1277 1461 4.
1299 1425 1403 1464 Hunc
1420 1441 1542 1465 omnes
1557 1427 1751 1477 imitemur,
1766 1428 2024 1468 mortificemus
2040 1444 2149 1468 mem-

1186 1486 1251 1524 bra
1282 1488 1410 1537 carnis,
1438 1498 1472 1526 et
1502 1488 1548 1526 ad
1579 1489 1671 1527 male
1699 1489 1919 1542 operandum
1951 1491 2148 1530 inefficacia

1188 1547 1378 1587 reddamus
1395 1565 1403 1586 :
1419 1550 1470 1588 sic
1489 1550 1584 1588 enim
1603 1551 1833 1603 potissimum
1851 1552 2053 1591 valebimus
2073 1553 2149 1606 ipsa

1188 1610 1264 1647 Deo
1297 1611 1424 1648 offerre
1456 1611 1674 1649 sacrificium
1706 1611 1983 1664 beneplacitum.
2015 1613 2148 1653 Vidisti

1187 1684 1294 1720 quam
1322 1685 1458 1709 novum
1489 1681 1522 1710 et
1553 1672 1768 1710 admirabile
1800 1673 1867 1711 hoc
1902 1674 2149 1713 sacrificium?

1187 1731 1340 1778 Quando
1354 1742 1494 1770 mortua
1505 1733 1636 1770 fuerint
1650 1733 1821 1783 membra,
1840 1743 1923 1772 tunc
1940 1735 2052 1787 magis
2068 1749 2147 1787 gra-

1187 1803 1263 1831 tum
1292 1794 1357 1832 erit
1388 1796 1465 1833 Deo
1500 1794 1730 1833 sacrificium.
1761 1796 1881 1842 Quare
1906 1805 1939 1834 et
1967 1797 2147 1847 quomodo

1184 1856 1276 1893 hoc?
1296 1856 1475 1903 Quoniam
1495 1856 1681 1909 spirituale
1695 1857 1914 1896 sacrificium
1928 1867 1990 1906 est,
2006 1867 2039 1896 et
2057 1858 2146 1896 nihil

1184 1917 1291 1956 habet
1310 1918 1487 1956 sensibile.
1515 1919 1606 1956 Nam
1626 1918 1661 1955 in
1687 1918 1846 1956 sensibili
1866 1919 2011 1969 quidem
2030 1920 2144 1958 saeri-

1184 1979 1267 2017 ficio
1283 1993 1351 2017 non
1371 1980 1487 2018 solum
1503 1979 1552 2028 id,
1572 1978 1667 2031 quod
1684 1989 1865 2017 mortuum
1882 1989 1944 2029 est,
1960 1981 2143 2033 abjicitur,

1182 2041 1244 2079 sed
1264 2056 1375 2092 neque
1397 2041 1538 2091 vivum,
1559 2040 1656 2092 quod
1675 2041 1841 2079 vitiatum
1857 2042 1978 2091 fuerit,
1999 2043 2141 2080 sacrifi-

1182 2102 1246 2140 ciis
1261 2102 1427 2141 idoneum
1444 2117 1528 2151 esse,
1545 2103 1590 2140 ab
1605 2102 1708 2140 initio
1724 2102 1802 2154 lege
1818 2113 1964 2140 cantum
1980 2104 2062 2152 suit,
2079 2118 2142 2142 nec
2154 2117 2250 2146 Leon.
2263 2126 2313 2147 22.

1181 2164 1256 2202 sine
1277 2179 1382 2202 causa
1400 2181 1407 2201 :
1422 2163 1484 2202 scd
1500 2173 1538 2201 nt
1553 2178 1618 2216 per
1638 2163 1940 2201 irrationabilium
1966 2165 2138 2204 observa·
2156 2158 2205 2188 ²3·

1179 2224 1310 2262 tionem
1322 2224 1497 2276 paulatim
1513 2223 1728 2262 inducamur
1756 2223 1804 2262 ad
1813 2224 2036 2277 spiritualem
2050 2226 2142 2265 hanc

1177 2292 1211 2323 et
1229 2285 1438 2324 rationalem
1462 2285 1618 2324 hostiam
1644 2299 1726 2323 cum
1752 2299 1881 2337 magna
1899 2287 2036 2325 cautela
2055 2288 2141 2326 offe-

1176 2346 1336 2384 rendam.
1359 2346 1466 2394 Quod
1494 2346 1591 2384 enim
1619 2346 1694 2384 illic
1718 2355 1769 2384 est
1796 2346 1989 2397 vitiosum,
2017 2363 2142 2402 nempe

1175 2407 1359 2460 privatum
1375 2408 1539 2457 auribus,
1551 2408 1609 2446 vel
1622 2407 1830 2446 mutilatum
1840 2408 1965 2457 cauda,
1982 2409 2141 2462 idipsum

1175 2468 1234 2506 hic
1249 2479 1301 2507 est
1316 2469 1410 2507 mala
1427 2469 1725 2522 concupiscentia,
1741 2468 1901 2519 luxuria,
1919 2484 2029 2522 opum
2041 2485 2142 2509 amor

1175 2539 1209 2568 ct
1230 2531 1345 2568 omnis
1360 2530 1518 2582 nequitia
1535 2546 1542 2567 :
1559 2540 1593 2568 et
1611 2532 1707 2581 quod
1727 2540 1779 2568 est
1803 2530 1879 2568 illic
1898 2545 2026 2568 sanum
2043 2541 2076 2569 et
2095 2532 2140 2570 ab

1174 2591 1271 2629 omni
1290 2591 1429 2630 macula
1445 2591 1605 2629 alienum
1619 2605 1706 2637 esse,
1724 2589 1882 2642 idipsum
1898 2599 1949 2628 est
1964 2591 2022 2629 hic
2042 2606 2138 2630 mor-

1174 2660 1278 2691 tuum
1306 2652 1456 2702 munde,
1479 2652 1528 2690 ita
1555 2651 1602 2689 ad
1631 2651 1819 2703 spirituale
1845 2651 2063 2690 sacrificium
2085 2667 2139 2691 se-

1173 2713 1366 2765 metipsum
1395 2713 1566 2751 idoneum
1586 2711 1768 2750 exhibere.
1798 2711 1882 2750 Haec
1903 2726 1972 2750 non
1993 2713 2139 2766 simpli-

1173 2775 1260 2813 citer
1279 2783 1546 2826 praetereamus‚
1562 2772 1624 2811 sed
1642 2772 1731 2810 bene
1748 2772 1895 2824 figentes
1916 2788 1955 2811 ea
1971 2774 2006 2812 in
2023 2784 2139 2813 mente

1174 2844 1307 2885 nostra,
1330 2834 1537 2873 studeamus
1563 2848 1606 2872 ne
1639 2833 1752 2871 simus
1772 2832 1966 2886 deteriores
1985 2835 2136 2886 Judaeis‚
2191 2851 2286 2879 Jfflffi
2310 2853 2339 2879 in

1174 2897 1234 2948 qui
1264 2897 1300 2934 in
1321 2897 1449 2934 umbra
1483 2905 1616 2934 tantam
1646 2894 1818 2933 exhibent
1834 2895 2133 2937 observationem.
2151 2893 2254 2961 ⁰¹3⁸*ss
2287 2894 2341 2919 '¹⁰‘

1174 2959 1274 2997 Sicut
1301 2958 1395 2996 enim
1426 2957 1480 2996 illi
1507 2956 1627 2995 adhuc
1653 2956 1806 2994 lucernae
1834 2957 2028 2997 assidentes
2057 2969 2130 2998 tan·
2150 2944 2266 2971 genn.

1175 3029 1296 3072 topere
1326 3019 1387 3056 illa
1418 3018 1668 3066 observarunt,
1694 3017 1742 3055 ita
1767 3032 1845 3069 nos,
1875 3029 2064 3072 postquam
2085 3021 2136 3060 sol

1114 3081 1318 3134 sszjustitiae
1351 3095 1414 3118 nos
1450 3080 1628 3118 illustrare
1655 3078 1824 3130 dignatus
1850 3089 1916 3130 est,
1944 3082 2137 3133 relictaque

1175 3143 1302 3180 umbra
1323 3141 1370 3179 ad
1390 3141 1575 3179 veritatem
1591 3139 1736 3178 adducti
1755 3155 1893 3192 sumus,
1910 3142 2063 3180 similem
2077 3144 2136 3181 ob-

1175 3203 1412 3241 servationem
1427 3201 1520 3239 circa
1537 3201 1605 3239 hoc
1624 3201 1811 3254 spirituale
1832 3203 2049 3241 sacrificium
2072 3219 2135 3242 cx-

1176 3263 1372 3301 hibeamus.
1391 3262 1437 3300 Et
1460 3276 1570 3314 neque
1585 3271 1727 3315 peccata
1743 3277 1823 3314 quae
1847 3263 1948 3301 nobis
1965 3263 2134 3302 videntur

1176 3339 1303 3377 parva.
1327 3323 1566 3376 pcisunctorie
1590 3332 1852 3376 prtctcreamus,
1884 3323 1942 3362 sed
1974 3324 2133 3374 quotidie

1176 3402 1192 3422 a
1216 3386 1317 3424 nobis
1334 3385 1486 3424 rationes
1502 3394 1701 3437 repetamus
1716 3395 1746 3423 ct
1769 3385 1971 3428 verborum.
1989 3394 2020 3422 et
2037 3400 2138 3437 aspe-
