2483 3791
128 1104 150 1121 ι,
169 1093 238 1121 Cor.
260 1092 307 1122 15.

121 1137 172 1165 32.

328 210 414 264 104

370 306 406 342 4.
430 303 513 343 Haec
533 317 627 342 nunc
649 303 744 352 dico,
765 318 833 342 non
851 314 889 342 ut
906 305 1088 343 caritatem
1113 312 1268 342 vestram

317 379 467 403 moerore
495 365 675 414 afficiam,
695 364 755 402 sed
777 373 816 402 ut
834 365 986 402 excitem
1017 373 1051 402 et
1069 364 1243 401 instruam
1256 390 1267 410 ,

317 440 387 477 quo
427 440 496 464 non
543 426 674 463 frustra
708 424 857 476 jejuniis
893 438 1022 475 corpus
1067 422 1265 473 castigetis,

316 501 430 538 neque
455 496 583 525 temere
601 495 634 524 et
664 486 700 522 in
722 499 855 523 tanum
882 484 958 522 dies
978 482 1268 534 Quadi-agesimae
1289 495 1314 526 Ε

317 557 444 585 sanctae
462 545 677 598 transigatis.
695 544 742 582 Et
761 544 851 595 quid
868 543 949 582 dico
967 543 1043 582 ἀίω
1062 543 1270 595 Quadrage-

318 607 416 644 simae
437 615 578 654 sanctae,
592 619 674 643 cum
688 619 835 657 prorsus
848 604 985 642 nullam
1000 618 1062 643 nos
1078 604 1173 642 diem
1189 618 1269 644 um-

317 681 426 717 quam
447 666 640 717 transigere
668 674 839 718 oporteat,
867 665 896 704 si
923 666 1095 718 possibile
1120 675 1186 717 est,
1206 679 1272 718 per

318 737 434 766 totum
453 727 536 766 vitae
554 727 774 765 curriculum
787 757 797 775 ,
813 726 850 764 in
870 741 941 778 qua
960 741 1029 766 non
1048 727 1189 765 lucrum
1208 726 1271 765 ali-

319 788 415 840 quod
446 788 632 841 spirituale
661 788 699 826 in
725 788 828 826 nobis
858 802 1090 841 reponamus,
1123 788 1180 826 vel
1210 802 1272 840 per

320 864 451 902 preces,
470 851 529 889 vel
549 865 612 903 per
631 849 902 898 consessionem,
922 850 979 888 vel
998 865 1062 902 per
1079 850 1271 902 eleemosy-

319 925 397 960 naS,
415 912 472 950 vel
492 926 554 964 per
577 911 699 962 aliqua
719 911 788 949 alia
806 910 1007 964 spiritualia
1027 911 1121 950 bona
1141 910 1271 963 opera.o
1291 943 1322 966 37

320 973 414 1011 Nam
432 973 462 1010 si
480 973 615 1011 Paulus
641 981 760 1010 tantus
778 982 812 1010 et
831 973 913 1010 talis
926 1002 936 1021 ,
966 972 1028 1023 qui
1054 986 1181 1010 arcana
1211 972 1274 1009 illa
1294 980 1320 1008 A

320 1033 430 1071 verba
443 1033 595 1083 audivit,
603 1048 680 1084 quae
692 1048 803 1082 usque
814 1033 850 1071 in
861 1032 1077 1071 hodiernum
1088 1033 1183 1070 diem
1194 1033 1276 1070 nul-

321 1094 380 1132 lus
395 1094 574 1146 cognovit,
582 1094 756 1133 clamabat
767 1094 910 1132 dicens:
930 1095 1108 1145 Quotidie
1120 1096 1274 1141 morior,

320 1169 391 1206 per
407 1164 580 1194 vestram
602 1157 875 1208 gloriationem
892 1172 902 1191 :
922 1154 1051 1193 docens
1071 1169 1151 1203 nos,
1171 1169 1207 1193 se
1225 1155 1276 1193 sic

320 1216 478 1269 seipsum
508 1230 573 1269 pro
607 1217 736 1269 pietate
766 1217 936 1270 periculis
970 1216 1175 1269 exposuisse
1192 1246 1203 1265 ,
1235 1224 1276 1253 ut

319 1277 480 1328 quotidie
510 1278 617 1315 morti
647 1278 789 1316 vicinus
817 1287 934 1316 esset:
962 1287 996 1316 et
1024 1277 1122 1329 quod
1148 1286 1273 1315 natura

320 1352 389 1376 non
403 1339 470 1377 fert
486 1339 565 1385 (uni
581 1338 676 1376 enim
694 1339 801 1377 morti
814 1338 963 1378 obnoxii
981 1353 1105 1377 sumus
1123 1343 1272 1387 omnes),

319 1398 388 1437 hoc
406 1399 481 1452 ipse
502 1399 674 1451 pertinaci
698 1413 762 1438 suo
785 1399 948 1438 instituto
967 1400 1104 1451 agebat,
1133 1400 1271 1437 tametsi

319 1460 496 1512 benignus
516 1462 611 1499 Deus
639 1461 743 1498 illum
764 1460 925 1512 quotidie
944 1460 978 1498 in
998 1461 1152 1498 aliorum
1176 1461 1271 1498 salu-

317 1529 390 1559 tem
410 1530 658 1560 conservaret:
677 1521 827 1574 proinde
848 1521 875 1559 si
898 1521 958 1559 ille
982 1522 1043 1573 qui
1061 1530 1108 1560 tot
1125 1522 1273 1574 praecla-

317 1582 368 1621 ris
386 1583 553 1635 operibus
578 1583 738 1621 excelsus
759 1592 846 1633 erat,
863 1592 896 1621 et
920 1583 1019 1634 quasi
1039 1583 1186 1634 angelus
1206 1598 1271 1621 su—

316 1657 379 1690 per
397 1653 526 1682 terram
547 1644 754 1696 apparebat,
775 1643 935 1694 quotidie
953 1643 1117 1682 studebat
1136 1643 1271 1694 aliquid

315 1700 407 1738 lucri
425 1701 539 1739 facere
556 1732 565 1750 ,
586 1711 620 1740 et
635 1716 700 1754 pro
717 1703 864 1740 veritate
881 1712 972 1741 stare
996 1704 1031 1741 in
1057 1704 1132 1741 acie
1151 1714 1272 1742 contra

315 1762 488 1814 pericula,
519 1762 792 1815 spiritualesque
819 1763 886 1801 sibi
925 1764 1090 1815 colligere
1121 1779 1268 1815 merces,

315 1837 357 1860 ac
374 1837 569 1874 numquam
590 1823 743 1875 gradum
771 1824 892 1862 sistere
913 1840 921 1861 :
944 1825 1087 1876 qualem
1119 1826 1269 1865 habebi<

315 1897 396 1921 mus
415 1898 478 1922 nos
496 1883 750 1932 defensionem,
766 1884 828 1935 qui
848 1899 917 1923 non
937 1885 1053 1924 solum
1071 1886 1174 1924 bonis
1190 1901 1271 1939 ope-

314 1945 416 1983 ribus
435 1946 601 1984 omnibus
620 1945 780 1984 destituti
799 1961 923 1984 sumus
937 1977 947 1995 ,
968 1947 1028 1985 sed
1049 1957 1083 1985 et
1101 1957 1152 1986 tot
1168 1949 1271 1988 malis

313 2006 453 2058 gravati
474 2021 626 2057 quorum
644 2021 756 2045 unum
775 2007 966 2046 dumtaxat
986 2009 1023 2046 in
1045 2009 1165 2061 ipsum
1189 2025 1270 2064 per-

312 2067 458 2105 ditionis
488 2067 708 2120 profundum
736 2068 928 2108 detrudere
946 2084 1009 2108 nos
1030 2071 1158 2122 possit,
1188 2072 1271 2110 nul-

313 2129 461 2180 lumque
474 2138 639 2181 praeterea
658 2129 818 2167 studium
834 2131 936 2168 nobis
954 2140 1016 2180 est,
1030 2141 1068 2169 ut
1079 2133 1135 2170 vel
1147 2133 1270 2171 saltem

312 2189 388 2227 haec
417 2189 672 2228 emendemus?
699 2204 781 2228 cum
809 2201 927 2230 autem
953 2192 1050 2230 idem
1079 2193 1155 2245 ipse
1178 2208 1270 2247 saepe

312 2251 512 2304 reperiatur
531 2266 599 2290 non
622 2252 680 2289 uni
708 2252 858 2303 flagitio,
888 2252 949 2291 sed
971 2253 1136 2305 pluribus
1157 2255 1268 2293 obno-

312 2313 409 2365 xius,
433 2328 515 2351 eum
539 2328 664 2366 nempe
683 2323 717 2352 et
744 2314 938 2352 iracundus
965 2314 1010 2352 sit
1035 2325 1066 2353 et
1098 2316 1268 2369 intempe-

312 2389 408 2423 rans,
428 2384 462 2412 et
491 2388 622 2412 avarus
637 2404 646 2422 ,
664 2383 697 2412 et
716 2374 872 2423 invidus,
895 2383 928 2412 et
946 2375 1062 2422 ferox,
1092 2385 1125 2414 et
1155 2390 1268 2428 neque
1290 2387 1313 2417 C

312 2435 388 2474 haec
408 2436 594 2488 corrigere,
616 2449 729 2486 neque
748 2434 891 2473 virtutis
902 2450 1006 2487 opera
1023 2436 1195 2489 attingere
1207 2453 1268 2477 ve—

311 2495 366 2545 lit,
386 2497 501 2548 qualis
519 2506 639 2549 postea
664 2496 731 2534 erit
752 2510 830 2548 spes
845 2496 997 2534 salutis?
1016 2497 1100 2536 Haec
1118 2498 1213 2547 dico,
1235 2510 1269 2538 et

311 2556 430 2595 dicere
448 2572 516 2596 non
545 2556 719 2607 desinam,
742 2566 779 2594 ut
806 2556 985 2596 auditores
1012 2573 1117 2596 suum
1138 2560 1269 2611 quique

313 2619 511 2656 remedium
531 2619 707 2671 accipiant
734 2633 778 2656 ex
797 2617 903 2657 dictis
922 2620 1051 2659 nostris
1064 2651 1073 2669 ,
1096 2631 1129 2659 et
1149 2622 1268 2661 stude-

313 2689 385 2731 ant,
406 2690 445 2718 ut
464 2681 580 2719 statim
600 2680 644 2717 ab
660 2680 907 2719 affectionibus
922 2691 1074 2721 mentem
1093 2683 1267 2722 turbanti-

311 2741 380 2779 bus
399 2741 610 2789 liberentur,
629 2741 984 2792 convalescentesque
1000 2743 1177 2782 virtutum
1194 2755 1267 2783 stu-

312 2801 383 2839 diis
418 2802 564 2854 posthac
595 2816 632 2840 se
669 2802 947 2841 accommodent.
973 2803 1113 2842 Etenim
1132 2805 1175 2843 iis
1205 2807 1267 2857 qui

313 2863 487 2914 eoiporali
510 2863 635 2901 morbo
668 2863 851 2911 laborant,
883 2864 1047 2914 quamvis
1073 2867 1267 2904 sexcenties

314 2923 473 2961 malicus
493 2923 646 2961 remedia
666 2933 836 2975 apponat,
859 2924 888 2961 si
909 2938 1000 2976 aeger
1018 2934 1136 2964 autem
1156 2927 1267 2965 medi-

314 2981 400 3019 cina:
422 2981 660 3033 operationem
676 2996 743 3019 non
764 2981 941 3030 admittat,
961 2993 994 3021 et
1012 2998 1106 3037 saepe
1123 3000 1267 3025 succen-

313 3056 403 3090 sens,
415 3050 597 3093 postquam
619 3041 775 3079 medicus
794 3042 1001 3094 imposuerit
1015 3045 1262 3099 pharmacum,

315 3102 500 3155 impatiens
523 3101 655 3140 doloris
677 3103 769 3141 illud
789 3104 937 3155 rejiciat,
956 3106 1052 3143 nulla
1070 3107 1152 3146 inde
1166 3109 1264 3147 utili-

315 3173 384 3201 tate
404 3172 580 3214 suscepta,
602 3177 702 3201 nemo
724 3164 877 3215 prudens
898 3166 1076 3206 medicum
1095 3170 1264 3221 arguerit,

313 3224 407 3275 quod
432 3238 499 3261 non
517 3238 619 3261 suum
641 3225 748 3275 egerit
765 3226 924 3265 osticium
943 3244 948 3263 :
969 3230 1089 3268 eodem
1110 3231 1216 3270 modo
1231 3241 1262 3269 et

1290 3058 1314 3087 D

357 3341 370 3362 ¹¹
392 3340 468 3379 Reg.
488 3350 568 3369 unus
587 3345 682 3373 ταῦτ’]
700 3355 731 3373 το
746 3356 791 3372 um
811 3346 883 3380 >³721

356 3403 365 3414 ¹*
386 3392 461 3432 lire:

484 3401 564 3423 {tuus
581 3395 645 3424 καθ’
666 3395 787 3428 ἑκάστω
806 3398 930 3435 '‘Usta'‘-

743 222 781 252 S.
818 222 997 253 JOANNIS
1033 221 1273 252 cuRYsoS‘r.
1312 221 1517 252 ARCHIEP.
1557 223 1906 254 CONSTANTINOP-

1393 305 1544 343 ΙιΤαῦτα
1562 304 1654 356 λέγω
1670 308 1742 353 νῦν,
1766 309 1832 358 οὐχ
1853 307 1910 345 ἵνα
1929 305 2075 353 λυπήσω
2099 306 2162 354 τὴν
2188 306 2360 360 ὑμετέραν

1338 365 1492 416 ἀγάπην,
1521 367 1597 403 ἀλλ’
1621 366 1678 403 ἵνα
1703 367 1860 420 διεγείρω
1884 383 1944 406 και
1973 368 2249 419 παρασκευάσει),
2269 369 2360 420 μήτε

1339 427 1459 469 ἁπλῶς
1478 425 1692 464 κατατείνειν
1717 426 1756 464 τὸ
1775 443 1879 478 συμα
1906 431 1950 479 τῇ
1983 429 2147 483 νηστείᾳ,
2176 429 2268 480 μήτε
2283 432 2360 482 εἰκῃ

1339 486 1399 524 καὶ
1419 486 1534 536 μάτην
1549 486 1611 531 τὰς
1631 487 1765 538 ἡμέρας
1784 490 1847 535 τῆς
1865 488 1966 540 ἁγίας
1987 493 2269 542 τεσσαρακοστῆς
2291 505 2361 529 παή

1341 563 1444 600 ρατρε
1436 546 1537 600 ’χειν.
1558 548 1628 586 Καὶ
1646 546 1681 585 τί
1698 547 1791 599 λέγω
1803 548 1900 592 τὰς’
1883 549 2014 602 ημέρας
2033 552 2096 595 τῆς
2122 551 2222 602 ἁγίας
2236 565 2362 589 τεσσα-

1342 612 1535 661 ρακοστῆς,
1560 607 1646 646 ὅπου
1666 625 1706 660 γε
1729 611 1823 659 ἡμᾶς
1841 610 2033 662 προσηκει,
2057 610 2145 660 μήτε
2174 611 2256 662 μίαν
2275 611 2363 654 ὅλως

1339 669 1475 723 ἡμέραν
1507 669 1825 721 παραπέμπεσθαι,
1864 672 1894 708 εἷ
1925 670 1994 709 οἷόν
2022 687 2078 718 τε,
2114 673 2148 710 ἐν
2179 687 2283 710 παντι
2312 674 2364 710 τῶ

1339 731 1456 783 χρόνῳ
1474 733 1536 777 τῆς
1522 733 1698 778 ς·ζωῆς,’
1684 747 1718 768 εν
1728 734 1751 782 ἦ
1771 730 1819 782 μὴ
1836 730 1958 783 κέρδος
1974 733 2209 783 πνευματικὸν
2229 735 2364 776 ἑαυτοῖς

1340 791 1613 842 ἐναποτιθέμεθα
1626 819 1635 837 ,
1659 791 1681 838 ἢ
1709 792 1752 829 δι’
1773 794 1897 844 εὐχῆς,
1916 792 1938 839 ἢ
1961 793 2005 831 δι’
2025 793 2319 846 ἐξομολογήσεως,
2339 792 2362 840 ἢ

1341 853 1384 890 δι’
1407 853 1559 896 εὐποιίας
1569 883 1578 899 ,
1593 852 1616 899 ἢ
1631 853 1809 905 διζὲτέρας
1823 854 1913 897 τινὸς
1928 854 2093 907 ἐργασίας
2106 858 2362 906 πνευματικῆς;

1342 915 1387 952 Εἰ
1401 914 1468 966 γ’ὰρ
1491 915 1628 958 Παῦλος
1646 918 1665 953 ὁ
1682 919 1839 958 τοσοῦτος
1862 914 1920 952 καὶ
1945 917 2168 962 τηλικοῦτος,
2191 919 2209 954 ὁ
2235 915 2280 954 τὰ
2299 917 2364 968 ἄῤ·

1345 978 1432 1026 ῥητα
1451 977 1564 1013 ἐκεῖνα
1584 975 1725 1028 ῥήματα
1753 975 1918 1023 ἀκούσας,
1944 976 1966 1013 ἃ
1989 976 2094 1029 μέχρι
2121 980 2184 1023 τῆς
2211 977 2364 1028 σήμερον

1343 1035 1452 1078 οὐδεὶς
1471 1036 1576 1087 ἔγνω,
1597 1035 1680 1074 ἐὸόα
1703 1035 1826 1086 λέγων·
1843 1038 1930 1074 Καθ’
1950 1037 2100 1084 ἑκάστην
2122 1037 2258 1089 ἡμέραν
2277 1039 2366 1076 ἀπο-

1345 1096 1483 1142 θνήσκω
1497 1127 1506 1143 ,
1525 1095 1568 1142 νὴ
1583 1095 1646 1142 τὴν
1668 1096 1838 1148 ὓμετέραν
1857 1097 2044 1149 καύχησιν·
2060 1098 2234 1136 διδάσκων
2250 1101 2365 1150 ἡμᾶς,

1343 1156 1396 1195 ὅτι
1421 1156 1528 1200 οὕτως
1549 1158 1670 1196 ἑαυτὸν
1694 1163 1764 1201 τοῖς
1788 1157 1957 1200 κινδύνοις
1982 1164 2053 1201 τοῖς
2080 1158 2166 1210 ὑπὲρ
2187 1162 2249 1205 τῆς
2269 1161 2365 1198 εὗσε-

1345 1218 1439 1261 Getae
1458 1217 1607 1262 ἐξεδίδου
1622 1248 1631 1265 ,
1650 1221 1698 1263 ὡς
1719 1219 1802 1271 παρ’
1823 1219 1926 1256 αὐτὸν
1956 1218 2014 1256 τὸν
2044 1218 2189 1257 θάνατον
2209 1219 2366 1269 γίνεσθαι

1343 1281 1396 1332 ἐφ’
1423 1279 1572 1327 ἑκάστης
1598 1281 1667 1329 ἧμέ
1653 1295 1751 1333 ..ρας,
1781 1296 1841 1318 και
1858 1279 1945 1331 ὅπερ
1964 1283 1986 1326 ἡ
2004 1279 2105 1332 φύσις
2135 1282 2198 1318 οὐκ
2226 1280 2366 1333 ἐδέχετο

1343 1341 1412 1390 (ἑνι
1430 1340 1498 1393 γὰρ
1519 1341 1655 1393 θανάτῳ
1680 1341 1806 1384 πάντες
1834 1341 2090 1390 ὕποκείμεθα),
2110 1347 2210 1380 τοῦτο
2225 1346 2247 1389 ἡ
2269 1344 2365 1394 φιλο-

1342 1402 1455 1440 νεικία
1475 1404 1539 1447 τῆς
1558 1402 1790 1455 προαιρέσεως
1809 1404 1912 1440 αὐτου
1928 1400 2127 1454 κατώρθου,
2149 1404 2254 1441 εἶκαὶ
2273 1407 2291 1441 ὁ
2309 1420 2367 1456 ιρι·

1341 1463 1544 1514 λάνθρωπος
1559 1463 1649 1506 Θεὸς
1667 1463 1724 1501 ἐπὶ
1740 1461 1844 1500 πλέον
1862 1462 1964 1500 αὐτὸν
1982 1463 2131 1516 διετήρει
2146 1464 2202 1503 διὰ
2217 1465 2280 1512 τὴν
2294 1469 2363 1504 τῶν

1342 1525 1472 1562 λοιπῶν
1493 1523 1681 1576 σωτηρίαν·
1701 1525 1730 1561 εἷ
1748 1523 1860 1561 τοίνυν
1883 1525 2009 1567 ἐκεῖνος
2022 1527 2039 1561 ὁ
2058 1524 2233 1569 τοσούτοις
2245 1529 2364 1577 κομῶν

1343 1585 1610 1637 κατορΟώμασι,
1630 1584 1689 1622 καὶ
1710 1584 1867 1636 καθάπερ
1887 1585 2032 1635 ἄγγελος
2050 1585 2107 1624 ἐπὶ
2122 1588 2186 1637 γῆς
2202 1587 2365 1639 φαινόμε-

1343 1663 1418 1692 νος,
1449 1649 1546 1684 ἓ’καίΓ
1578 1645 1728 1692 ἑκάστην
1757 1646 1947 1691 ἐσπούδαζε
1977 1646 2180 1698 κερδαίνειν,
2201 1648 2365 1701 καὶπρὸς

1342 1708 1420 1752 τοὺς
1437 1707 1525 1762 ὑπὲρ
1542 1711 1604 1754 τῆς
1625 1707 1788 1754 ἀληθείας
1803 1706 1975 1751 κινδύνους
1990 1708 2285 1760 παρατάττεσθαι,
2304 1710 2365 1747 καὶ

1342 1770 1405 1817 τὴν
1427 1770 1596 1822 ἐμπορίαν
1611 1769 1674 1816 τὴν
1689 1767 1927 1819 πνευματικὴν
1956 1770 2069 1821 ἑαυτῷ
2093 1769 2284 1821 συλλέγειν,
2304 1771 2364 1808 καὶ

1343 1830 1519 1881 μηδέποτε
1533 1830 1713 1869 ἵστασθαι·
1738 1829 1842 1868 ποίαν
1859 1828 1898 1866 ἂν
1920 1829 2088 1881 &spino-su
2114 1834 2217 1880 ἡμεῖς
2236 1833 2364 1870 ἀπολο-

1340 1890 1432 1941 γίαν,
1447 1894 1479 1929 οἱ
1497 1891 1545 1942 μὴ
1565 1891 1667 1941 μόνον
1686 1890 1829 1928 πάντων
1843 1890 1936 1942 ὄντες
1959 1890 2083 1941 ἔρημοι
2101 1894 2169 1928 τῶν
2186 1896 2362 1944 κατορθω-

1343 1952 1476 2002 μάτων,
1495 1951 1585 1990 ἀλλὰ
1599 1951 1663 1989 καὶ
1673 1951 1848 1994 τοσούτοις
1866 1950 2108 2001 ἐλαττώμασιν
2129 1953 2364 2003 ὑποκείμενοι,

1342 2007 1390 2051 ὧν
1410 2013 1468 2050 καὶ
1498 2012 1534 2050 ἓν
1568 2012 1670 2062 μόνον
1693 2015 1777 2063 ἡμῖν
1810 2012 1937 2063 προσὸν
1967 2012 2083 2049 ἱκανὸν
2112 2014 2159 2056 εἷς
2187 2014 2270 2052 αὐτὸ
2301 2017 2364 2060 τῆς

1342 2073 1518 2117 ἀπωλείας
1552 2073 1592 2111 τὸ
1629 2074 1801 2125 βάραθρον
1839 2077 2063 2123 καταγαγεῖν,
2092 2074 2151 2111 καὶ
2188 2074 2362 2125 μηδεμίαν

1340 2135 1538 2186 ποιούμενοι
1557 2134 1724 2182 σπουδὴν,
1753 2133 1817 2172 κᾶν
1837 2137 1918 2185 γοῦν
1939 2137 2050 2172 ταῦτα
2075 2136 2249 2187 διορῦοῦν;
2279 2136 2362 2175 ὅταν

1995 2194 2042 2241 μὴ
2066 2196 2167 2245 μόνον
2194 2196 2228 2234 ἓν
2258 2198 2363 2235 ἐλάτ-

1341 2196 1375 2234 δὲ
1395 2200 1413 2235 ὁ
1428 2197 1528 2239 αὐτὸς
1557 2195 1726 2238 πολλάκις
1745 2194 1939 2248 εὑρίσκοιτο
1953 2225 1962 2242 ,
1995 2231 2000 2246 γ

1338 2273 1440 2308 τωμα
1463 2257 1568 2308 ἔχων,
1599 2255 1688 2294 ἀλλὰ
1717 2255 1776 2293 καὶ
1804 2254 1970 2303 πλείονα,
1998 2256 2057 2294 καὶ
2077 2256 2211 2308 ὀργίλος
2229 2252 2251 2308 ἦ
2267 2287 2276 2304 ,
2303 2259 2364 2296 καὶ

1339 2318 1551 2366 ἀκόλαστος,
1566 2333 1626 2356 και
1641 2316 1852 2363 πλεονέκτης
1863 2347 1872 2364 ,
1888 2333 1948 2355 και
1965 2317 2154 2368 βάσκανος,
2170 2318 2228 2355 καὶ
2244 2320 2365 2369 θυμώ-

1339 2380 1420 2426 δης,
1438 2395 1498 2417 και
1514 2379 1604 2429 μήτε
1618 2382 1705 2417 ταῧ
1692 2396 1728 2416 »α
1745 2379 1920 2429 διορθοῦν
1915 2377 2092 2426 Βούλοιτο,
2111 2379 2200 2428 μήτε
2217 2381 2285 2417 τῶν
2302 2383 2364 2427 τῆς

1339 2442 1463 2492 ἀρετῆς
1493 2441 1601 2492 ἔργων
1634 2440 1872 2493 ἐφάπτεσθαι,
1906 2439 1992 2477 ποία
2012 2439 2176 2478 λοιπον*
2160 2456 2199 2477 αν
2231 2440 2364 2492 γένοιτο

1340 2501 1512 2555 σωτηρίας
1526 2502 1643 2548 ἐλπίς,
1658 2504 1783 2540 Ταῦτα
1794 2501 1886 2552 λέγω
1897 2531 1906 2548 ,
1921 2500 1982 2539 καὶ
1993 2501 2104 2553 λέγων
2117 2503 2155 2540 οὐ
2169 2501 2363 2553 παύσομαι,

1338 2562 1395 2601 ἵνα
1423 2563 1567 2606 ἕκαστος
1598 2565 1666 2601 τῶν
1705 2562 1899 2601 ἀκουόντων
1931 2563 1970 2600 τὸ
1999 2562 2219 2609 κατάλληλον
2251 2565 2364 2615 ἑαυτῷ

1338 2623 1522 2676 φάρμακον
1555 2623 1737 2676 δεχόμενος
1758 2625 1796 2661 ἐκ
1817 2626 1886 2661 τῶν
1907 2625 1993 2673 παρ’
2024 2625 2125 2671 ἡμῶν
2152 2625 2362 2674 λεγομένων,

1339 2685 1518 2735 σπουδάσῃ
1539 2684 1689 2736 ταχέως,
1707 2684 1848 2722 καὶτῶν
1863 2683 2093 2735 ἐνοχλούντων
2114 2685 2233 2722 παθῶν
2250 2686 2363 2722 ἀπαλ-

1339 2745 1454 2795 λαγεὶς
1486 2746 1569 2797 πρὸς
1598 2745 1730 2796 ὑγίειαν
1759 2746 1970 2791 ἐπανελθεῖν,
2000 2744 2059 2782 καὶ
2091 2743 2177 2796 πρὸς
2205 2744 2268 2790 τὴν
2301 2748 2363 2802 τῆς

1339 2807 1463 2858 ἀρετῆς
1481 2808 1644 2858 ἐργασίαν
1671 2806 1791 2844 ἑαυτὸν
1812 2805 2010 2851 ἐπιτήδειον
2034 2807 2267 2851 καταστῆσαι.
2294 2806 2364 2844 Καὶ

1338 2867 1405 2919 γὰρ
1421 2868 1477 2905 ἐπὶ
1496 2870 1564 2904 τῶν
1589 2867 1790 2905 καμνόντων
1817 2865 1860 2903 τὰ
1885 2864 2052 2915 σώματα,
2075 2865 2139 2903 κᾶν
2161 2882 2323 2918 μυριακις
2345 2869 2363 2904 ὁ

1877 2930 1886 2940 f
1916 2926 1944 2950 N)
1977 2927 2009 2939 'nl'

1340 2928 1452 2979 ἰατρὸς
1473 2931 1574 2980 ἐπιθῇ
1601 2928 1644 2966 τὰ
1670 2928 1857 2981 φάρμακα,
1874 2942 1891 2964 o
1912 2940 1948 2964 ο-
1969 2928 2147 2978 αῤῥι)στος
2167 2927 2215 2978 μὴ
2233 2927 2361 2980 ἀνέχη-

1337 3004 1394 3025 ται
1414 2989 1588 3040 ἐπιμένειν
1603 2989 1665 3035 τ·>ν
1684 2989 1753 3028 ἀπο
1769 2991 1828 3025 τοῦ
1849 2987 2032 3040 φαρμάκου
2051 2991 2086 3025 Οε
2073 2987 2249 3039 ραπείαν,
2273 2988 2363 3026 ἀλλὰ

1336 3051 1504 3094 πολλάκις
1524 3050 1756 3103 δυσχεραίνων
1786 3049 1875 3099 μετὰ
1902 3049 1940 3086 τὸ
1969 3051 2137 3087 ἐπιθεῖναι
2156 3050 2212 3087 τὸν
2234 3049 2362 3100 ἰατρὸν,

1338 3126 1399 3149 ουκ
1419 3112 1628 3186 ανεγόμενος
1644 3115 1705 3158 τῆς
1720 3110 1906 3162 αλγηδόνος
1922 3108 2155 3162 ιὀἱπορρίπτοι
2175 3113 2287 3153 τουτο,
2303 3110 2362 3147 καὶ

1339 3171 1387 3222 μὴ
1407 3174 1534 3210 καταδ;
1529 3173 1607 3217 ξοιτ
1611 3172 1703 3218 οτὴν
1727 3171 1761 3215 ἐξ
1783 3173 1887 3208 αὐτου
1906 3170 2017 3222 ὤφελε
2004 3186 2088 3215 ειαν,
2106 3170 2214 3212 οὐδείς
2233 3171 2273 3207 ἂν
2293 3187 2361 3207 των

1337 3227 1374 3270 Εῧ
1394 3249 1575 3285 'DpOVO'J'MTt
1569 3250 1605 3271 ὒν
1624 3235 1796 3285 μΞμγΟῑῒΟ
1813 3248 1861 3269 ῖίιὶ
1883 3233 1939 3269 ἷῖῗ
1928 3248 1991 3283 pq)
2013 3247 2060 3267 Π)
2079 3247 2121 3268 ‘2
2140 3247 2208 3282 757?
2240 3234 2365 3269 ἑαυ’ζιυ

1398 3349 1412 3372 l·
1431 3347 1490 3378 Alii
1511 3352 1691 3391 stop-irw-
