<?xml version="1.0" encoding="UTF-8"?>
<!DOCTYPE html PUBLIC "-//W3C//DTD XHTML 1.0 Transitional//EN"
    "http://www.w3.org/TR/xhtml1/DTD/xhtml1-transitional.dtd">
<html xmlns="http://www.w3.org/1999/xhtml" xml:lang="en" lang="en">
 <head>
  <title>
</title>
<meta http-equiv="Content-Type" content="text/html;charset=utf-8" />
  <meta name='ocr-system' content='tesseract 3.04.00' />
  <meta name='ocr-capabilities' content='ocr_page ocr_carea ocr_par ocr_line ocrx_word'/>
</head>
<body>
  <div class='ocr_page' id='page_1' title='image "./operaomniaquaeex04johnuoft/operaomniaquaeex04johnuoft_0404.png"; bbox 0 0 2516 3791; ppageno 0'>
   <div class='ocr_carea' id='block_1_1' title="bbox 148 1124 292 1204">
    <p class='ocr_par' dir='ltr' id='par_1_1' title="bbox 148 1124 292 1204">
     <span class='ocr_line' id='line_1_1' title="bbox 149 1124 292 1154; baseline 0.007 -3"><span class='ocrx_word' id='word_1_1' title='bbox 149 1126 226 1152; x_wconf 76' lang='lat' dir='ltr'>Gen.</span> <span class='ocrx_word' id='word_1_2' title='bbox 247 1124 292 1154; x_wconf 83' lang='grc'>13.</span> 
     </span>
     <span class='ocr_line' id='line_1_2' title="bbox 148 1163 253 1204; baseline -0.01 -11"><span class='ocrx_word' id='word_1_3' title='bbox 148 1163 253 1204; x_wconf 71' lang='grc'>2.-4,</span> 
     </span>
    </p>
   </div>
   <div class='ocr_carea' id='block_1_2' title="bbox 149 2136 339 2205">
    <p class='ocr_par' dir='ltr' id='par_1_2' title="bbox 149 2136 339 2205">
     <span class='ocr_line' id='line_1_3' title="bbox 149 2136 339 2164; baseline 0.011 -2"><span class='ocrx_word' id='word_1_4' title='bbox 149 2138 245 2162; x_wconf 74' lang='lat' dir='ltr'>erucis</span> <span class='ocrx_word' id='word_1_5' title='bbox 283 2136 339 2164; x_wconf 90' lang='lat' dir='ltr'>do-</span> 
     </span>
     <span class='ocr_line' id='line_1_4' title="bbox 151 2178 275 2205; baseline 0.016 -2"><span class='ocrx_word' id='word_1_6' title='bbox 151 2178 275 2205; x_wconf 74' lang='lat' dir='ltr'>minicae.</span> 
     </span>
    </p>
   </div>
   <div class='ocr_carea' id='block_1_3' title="bbox 346 167 439 225">
    <p class='ocr_par' dir='ltr' id='par_1_3' title="bbox 346 167 439 225">
     <span class='ocr_line' id='line_1_5' title="bbox 346 167 439 225; baseline 0 -12"><span class='ocrx_word' id='word_1_7' title='bbox 346 167 439 225; x_wconf 79' lang='lat'>384</span> 
     </span>
    </p>
   </div>
   <div class='ocr_carea' id='block_1_4' title="bbox 343 257 1292 724">
    <p class='ocr_par' dir='ltr' id='par_1_4' title="bbox 343 257 1292 724">
     <span class='ocr_line' id='line_1_6' title="bbox 344 257 1291 316; baseline -0.01 -14"><span class='ocrx_word' id='word_1_8' title='bbox 344 264 393 302; x_wconf 91' lang='lat' dir='ltr'>Et</span> <span class='ocrx_word' id='word_1_9' title='bbox 421 263 497 316; x_wconf 87' lang='lat' dir='ltr'>ipse</span> <span class='ocrx_word' id='word_1_10' title='bbox 525 275 672 316; x_wconf 85' lang='lat' dir='ltr'>prorsus</span> <span class='ocrx_word' id='word_1_11' title='bbox 692 262 819 300; x_wconf 92' lang='lat' dir='ltr'>melius</span> <span class='ocrx_word' id='word_1_12' title='bbox 840 262 939 301; x_wconf 89' lang='lat' dir='ltr'>novit</span> <span class='ocrx_word' id='word_1_13' title='bbox 959 275 1067 311; x_wconf 88' lang='lat' dir='ltr'>quam</span> <span class='ocrx_word' id='word_1_14' title='bbox 1086 273 1169 307; x_wconf 88' lang='lat' dir='ltr'>nos,</span> <span class='ocrx_word' id='word_1_15' title='bbox 1204 257 1291 307; x_wconf 89' lang='lat' dir='ltr'>quid</span> 
     </span>
     <span class='ocr_line' id='line_1_7' title="bbox 345 316 1291 374; baseline -0.011 -11"><span class='ocrx_word' id='word_1_16' title='bbox 345 324 533 373; x_wconf 86' lang='lat' dir='ltr'>conducat,</span> <span class='ocrx_word' id='word_1_17' title='bbox 556 324 618 374; x_wconf 92' lang='lat' dir='ltr'>qui</span> <span class='ocrx_word' id='word_1_18' title='bbox 639 323 688 362; x_wconf 90' lang='lat' dir='ltr'>ita</span> <span class='ocrx_word' id='word_1_19' title='bbox 707 337 762 361; x_wconf 87' lang='lat' dir='ltr'>res</span> <span class='ocrx_word' id='word_1_20' title='bbox 775 323 1011 374; x_wconf 81' lang='lat' dir='ltr'>dispensabit,</span> <span class='ocrx_word' id='word_1_21' title='bbox 1031 330 1071 358; x_wconf 93' lang='lat' dir='ltr'>ut</span> <span class='ocrx_word' id='word_1_22' title='bbox 1097 319 1166 371; x_wconf 91' lang='lat' dir='ltr'>1psi</span> <span class='ocrx_word' id='word_1_23' title='bbox 1185 316 1291 354; x_wconf 86' lang='lat' dir='ltr'>fuerit</span> 
     </span>
     <span class='ocr_line' id='line_1_8' title="bbox 343 378 1291 433; baseline -0.011 -9"><span class='ocrx_word' id='word_1_24' title='bbox 343 385 595 433; x_wconf 85' lang='lat' dir='ltr'>honorificum,</span> <span class='ocrx_word' id='word_1_25' title='bbox 609 393 642 421; x_wconf 86' lang='lat' dir='ltr'>et</span> <span class='ocrx_word' id='word_1_26' title='bbox 654 384 756 421; x_wconf 90' lang='lat' dir='ltr'>nobis</span> <span class='ocrx_word' id='word_1_27' title='bbox 763 383 850 420; x_wconf 88' lang='lat' dir='ltr'>utile</span> <span class='ocrx_word' id='word_1_28' title='bbox 860 398 867 418; x_wconf 76' lang='grc' dir='ltr'><strong><em>ε</em></strong></span> <span class='ocrx_word' id='word_1_29' title='bbox 883 396 953 432; x_wconf 89' lang='lat' dir='ltr'>quo</span> <span class='ocrx_word' id='word_1_30' title='bbox 963 391 996 419; x_wconf 90' lang='lat' dir='ltr'>et</span> <span class='ocrx_word' id='word_1_31' title='bbox 1012 378 1190 432; x_wconf 85' lang='lat' dir='ltr'>patientiae</span> <span class='ocrx_word' id='word_1_32' title='bbox 1199 391 1291 415; x_wconf 90' lang='lat' dir='ltr'>mer-</span> 
     </span>
     <span class='ocr_line' id='line_1_9' title="bbox 344 438 1292 497; baseline -0.012 -12"><span class='ocrx_word' id='word_1_33' title='bbox 344 446 466 484; x_wconf 84' lang='lat' dir='ltr'><strong>cedem</strong></span> <span class='ocrx_word' id='word_1_34' title='bbox 477 446 708 497; x_wconf 77' lang='lat' dir='ltr'>accipiamus,</span> <span class='ocrx_word' id='word_1_35' title='bbox 732 452 763 481; x_wconf 88' lang='lat' dir='ltr'>et</span> <span class='ocrx_word' id='word_1_36' title='bbox 778 444 853 494; x_wconf 88' lang='lat' dir='ltr'>ejus</span> <span class='ocrx_word' id='word_1_37' title='bbox 867 441 1122 491; x_wconf 77' lang='lat' dir='ltr'>benignitatem</span> <span class='ocrx_word' id='word_1_38' title='bbox 1134 438 1292 476; x_wconf 86' lang='lat' dir='ltr'>obtinea-</span> 
     </span>
     <span class='ocr_line' id='line_1_10' title="bbox 346 499 1292 558; baseline -0.012 -12"><span class='ocrx_word' id='word_1_39' title='bbox 346 522 438 554; x_wconf 86' lang='lat' dir='ltr'>mus,</span> <span class='ocrx_word' id='word_1_40' title='bbox 455 507 567 558; x_wconf 83' lang='lat' dir='ltr'>gratia</span> <span class='ocrx_word' id='word_1_41' title='bbox 579 515 612 543; x_wconf 88' lang='lat' dir='ltr'>et</span> <span class='ocrx_word' id='word_1_42' title='bbox 626 502 910 542; x_wconf 81' lang='lat' dir='ltr'>miserationibus</span> <span class='ocrx_word' id='word_1_43' title='bbox 922 500 1069 539; x_wconf 91' lang='lat' dir='ltr'>Domini</span> <span class='ocrx_word' id='word_1_44' title='bbox 1086 499 1196 537; x_wconf 86' lang='lat' dir='ltr'>nostri</span> <span class='ocrx_word' id='word_1_45' title='bbox 1207 501 1292 538; x_wconf 87' lang='lat' dir='ltr'>Jesu</span> 
     </span>
     <span class='ocr_line' id='line_1_11' title="bbox 347 561 1292 615; baseline -0.007 -10"><span class='ocrx_word' id='word_1_46' title='bbox 347 568 496 615; x_wconf 82' lang='lat' dir='ltr'>Christi,</span> <span class='ocrx_word' id='word_1_47' title='bbox 517 580 598 603; x_wconf 88' lang='lat' dir='ltr'>cum</span> <span class='ocrx_word' id='word_1_48' title='bbox 617 579 687 615; x_wconf 92' lang='lat' dir='ltr'>quo</span> <span class='ocrx_word' id='word_1_49' title='bbox 703 563 800 601; x_wconf 88' lang='lat' dir='ltr'>Patri</span> <span class='ocrx_word' id='word_1_50' title='bbox 821 562 928 600; x_wconf 88' lang='lat' dir='ltr'>simul</span> <span class='ocrx_word' id='word_1_51' title='bbox 947 571 980 600; x_wconf 93' lang='lat' dir='ltr'>et</span> <span class='ocrx_word' id='word_1_52' title='bbox 999 561 1153 614; x_wconf 87' lang='lat' dir='ltr'>Spiritui</span> <span class='ocrx_word' id='word_1_53' title='bbox 1173 569 1292 599; x_wconf 87' lang='lat' dir='ltr'>sancto</span> 
     </span>
     <span class='ocr_line' id='line_1_12' title="bbox 346 623 1289 677; baseline -0.007 -12"><span class='ocrx_word' id='word_1_54' title='bbox 346 627 390 665; x_wconf 91' lang='lat' dir='ltr'>sit</span> <span class='ocrx_word' id='word_1_55' title='bbox 412 627 536 677; x_wconf 77' lang='lat' dir='ltr'>gloria,</span> <span class='ocrx_word' id='word_1_56' title='bbox 569 624 774 676; x_wconf 88' lang='lat' dir='ltr'>imperium,</span> <span class='ocrx_word' id='word_1_57' title='bbox 795 623 923 670; x_wconf 87' lang='lat' dir='ltr'>honor,</span> <span class='ocrx_word' id='word_1_58' title='bbox 945 636 1039 660; x_wconf 90' lang='lat' dir='ltr'>nunc</span> <span class='ocrx_word' id='word_1_59' title='bbox 1064 631 1098 661; x_wconf 90' lang='lat' dir='ltr'>et</span> <span class='ocrx_word' id='word_1_60' title='bbox 1131 635 1289 673; x_wconf 82' lang='lat' dir='ltr'>semper,</span> 
     </span>
     <span class='ocr_line' id='line_1_13' title="bbox 346 683 962 724; baseline -0.006 0"><span class='ocrx_word' id='word_1_61' title='bbox 346 686 427 724; x_wconf 88' lang='lat' dir='ltr'>etin</span> <span class='ocrx_word' id='word_1_62' title='bbox 443 685 570 723; x_wconf 82' lang='lat' dir='ltr'>saecula</span> <span class='ocrx_word' id='word_1_63' title='bbox 590 683 814 722; x_wconf 75' lang='lat' dir='ltr'>saeculorum.</span> <span class='ocrx_word' id='word_1_64' title='bbox 837 684 962 721; x_wconf 89' lang='lat' dir='ltr'>Amen.</span> 
     </span>
    </p>
   </div>
   <div class='ocr_carea' id='block_1_5' title="bbox 786 175 1321 210">
    <p class='ocr_par' dir='ltr' id='par_1_5' title="bbox 786 175 1321 210">
     <span class='ocr_line' id='line_1_14' title="bbox 786 175 1321 210; baseline -0.009 -1"><span class='ocrx_word' id='word_1_65' title='bbox 786 180 823 210; x_wconf 83' lang='lat' dir='ltr'>S.</span> <span class='ocrx_word' id='word_1_66' title='bbox 863 179 1048 209; x_wconf 75' lang='lat' dir='ltr'>JOANMS</span> <span class='ocrx_word' id='word_1_67' title='bbox 1082 175 1321 208; x_wconf 75' lang='lat' dir='ltr'><strong>CHRYSOST.</strong></span> 
     </span>
    </p>
   </div>
   <div class='ocr_carea' id='block_1_6' title="bbox 1311 956 1356 981">
    <p class='ocr_par' dir='ltr' id='par_1_6' title="bbox 1311 956 1356 981">
     <span class='ocr_line' id='line_1_15' title="bbox 1311 956 1356 981; baseline -0.044 0"><span class='ocrx_word' id='word_1_68' title='bbox 1311 956 1356 981; x_wconf 76' lang='lat'>331</span> 
     </span>
    </p>
   </div>
   <div class='ocr_carea' id='block_1_7' title="bbox 612 993 1348 1038">
    <p class='ocr_par' dir='ltr' id='par_1_7' title="bbox 612 993 1348 1038">
     <span class='ocr_line' id='line_1_16' title="bbox 612 993 1348 1038; baseline -0.005 -1"><span class='ocrx_word' id='word_1_69' title='bbox 612 1000 825 1038; x_wconf 75' lang='lat' dir='ltr'>HOMILIA</span> <span class='ocrx_word' id='word_1_70' title='bbox 862 997 1038 1037; x_wconf 78' lang='lat' dir='ltr'>XXXIII.</span> <span class='ocrx_word' id='word_1_71' title='bbox 1322 993 1348 1020; x_wconf 79' lang='lat' dir='ltr'>A</span> 
     </span>
    </p>
   </div>
   <div class='ocr_carea' id='block_1_8' title="bbox 351 1119 1300 1475">
    <p class='ocr_par' dir='ltr' id='par_1_8' title="bbox 351 1119 1300 1475">
     <span class='ocr_line' id='line_1_17' title="bbox 351 1119 1296 1173; baseline -0.003 -12"><span class='ocrx_word' id='word_1_72' title='bbox 351 1123 483 1162; x_wconf 85' lang='lat' dir='ltr'>Abram</span> <span class='ocrx_word' id='word_1_73' title='bbox 505 1131 623 1160; x_wconf 85' lang='lat' dir='ltr'>autem</span> <span class='ocrx_word' id='word_1_74' title='bbox 642 1131 716 1159; x_wconf 87' lang='lat' dir='ltr'>erat</span> <span class='ocrx_word' id='word_1_75' title='bbox 732 1121 832 1159; x_wconf 78' lang='lat' dir='ltr'>dives</span> <span class='ocrx_word' id='word_1_76' title='bbox 847 1120 949 1159; x_wconf 85' lang='lat' dir='ltr'>valde</span> <span class='ocrx_word' id='word_1_77' title='bbox 965 1119 1166 1173; x_wconf 86' lang='lat' dir='ltr'>pecoribus,</span> <span class='ocrx_word' id='word_1_78' title='bbox 1187 1129 1221 1159; x_wconf 88' lang='lat' dir='ltr'>et</span> <span class='ocrx_word' id='word_1_79' title='bbox 1235 1135 1296 1158; x_wconf 89' lang='lat' dir='ltr'>ar-</span> 
     </span>
     <span class='ocr_line' id='line_1_18' title="bbox 403 1181 1298 1235; baseline -0.002 -14"><span class='ocrx_word' id='word_1_80' title='bbox 403 1193 521 1235; x_wconf 85' lang='lat' dir='ltr'>gento,</span> <span class='ocrx_word' id='word_1_81' title='bbox 549 1193 582 1221; x_wconf 88' lang='lat' dir='ltr'>et</span> <span class='ocrx_word' id='word_1_82' title='bbox 601 1197 699 1220; x_wconf 85' lang='lat' dir='ltr'>auro.</span> <span class='ocrx_word' id='word_1_83' title='bbox 732 1182 779 1220; x_wconf 86' lang='lat' dir='ltr'>Et</span> <span class='ocrx_word' id='word_1_84' title='bbox 798 1182 976 1234; x_wconf 85' lang='lat' dir='ltr'>profectus</span> <span class='ocrx_word' id='word_1_85' title='bbox 994 1191 1055 1229; x_wconf 87' lang='lat' dir='ltr'>est,</span> <span class='ocrx_word' id='word_1_86' title='bbox 1077 1181 1172 1219; x_wconf 89' lang='lat' dir='ltr'>unde</span> <span class='ocrx_word' id='word_1_87' title='bbox 1189 1196 1298 1219; x_wconf 82' lang='lat' dir='ltr'>vene—</span> 
     </span>
     <span class='ocr_line' id='line_1_19' title="bbox 402 1240 1300 1291; baseline -0.002 -11"><span class='ocrx_word' id='word_1_88' title='bbox 402 1251 469 1290; x_wconf 87' lang='lat' dir='ltr'>rat,</span> <span class='ocrx_word' id='word_1_89' title='bbox 501 1242 538 1279; x_wconf 89' lang='lat' dir='ltr'>in</span> <span class='ocrx_word' id='word_1_90' title='bbox 565 1241 796 1279; x_wconf 85' lang='lat' dir='ltr'>solitudinem</span> <span class='ocrx_word' id='word_1_91' title='bbox 817 1255 929 1291; x_wconf 88' lang='lat' dir='ltr'>usque</span> <span class='ocrx_word' id='word_1_92' title='bbox 954 1240 1092 1287; x_wconf 82' lang='lat' dir='ltr'>Bethel,</span> <span class='ocrx_word' id='word_1_93' title='bbox 1131 1243 1300 1290; x_wconf 80' lang='lat' dir='ltr'>usquead</span> 
     </span>
     <span class='ocr_line' id='line_1_20' title="bbox 400 1301 1299 1353; baseline -0.003 -13"><span class='ocrx_word' id='word_1_94' title='bbox 400 1303 520 1341; x_wconf 86' lang='lat' dir='ltr'>locum</span> <span class='ocrx_word' id='word_1_95' title='bbox 549 1303 584 1340; x_wconf 90' lang='lat' dir='ltr'>in</span> <span class='ocrx_word' id='word_1_96' title='bbox 612 1316 680 1352; x_wconf 90' lang='lat' dir='ltr'>quo</span> <span class='ocrx_word' id='word_1_97' title='bbox 700 1301 798 1353; x_wconf 88' lang='lat' dir='ltr'>prius</span> <span class='ocrx_word' id='word_1_98' title='bbox 828 1302 896 1338; x_wconf 86' lang='lat' dir='ltr'>suit</span> <span class='ocrx_word' id='word_1_99' title='bbox 924 1301 1193 1339; x_wconf 84' lang='lat' dir='ltr'>tabernaculum</span> <span class='ocrx_word' id='word_1_100' title='bbox 1224 1301 1299 1352; x_wconf 86' lang='lat' dir='ltr'>ejus</span> 
     </span>
     <span class='ocr_line' id='line_1_21' title="bbox 401 1361 1300 1413; baseline -0.003 -12"><span class='ocrx_word' id='word_1_101' title='bbox 401 1364 493 1401; x_wconf 90' lang='lat' dir='ltr'>inter</span> <span class='ocrx_word' id='word_1_102' title='bbox 511 1363 635 1401; x_wconf 88' lang='lat' dir='ltr'>Bethel</span> <span class='ocrx_word' id='word_1_103' title='bbox 654 1371 686 1399; x_wconf 90' lang='lat' dir='ltr'>et</span> <span class='ocrx_word' id='word_1_104' title='bbox 704 1365 827 1413; x_wconf 79' lang='lat' dir='ltr'>Aggae,</span> <span class='ocrx_word' id='word_1_105' title='bbox 853 1361 900 1399; x_wconf 85' lang='lat' dir='ltr'>ad</span> <span class='ocrx_word' id='word_1_106' title='bbox 922 1362 1041 1399; x_wconf 91' lang='lat' dir='ltr'>locum</span> <span class='ocrx_word' id='word_1_107' title='bbox 1060 1361 1180 1399; x_wconf 85' lang='lat' dir='ltr'>altaris</span> <span class='ocrx_word' id='word_1_108' title='bbox 1203 1361 1300 1412; x_wconf 87' lang='lat' dir='ltr'>quod</span> 
     </span>
     <span class='ocr_line' id='line_1_22' title="bbox 401 1422 804 1475; baseline -0.005 -15"><span class='ocrx_word' id='word_1_109' title='bbox 401 1423 452 1460; x_wconf 83' lang='lat' dir='ltr'>ibi</span> <span class='ocrx_word' id='word_1_110' title='bbox 467 1422 645 1475; x_wconf 86' lang='lat' dir='ltr'>principio</span> <span class='ocrx_word' id='word_1_111' title='bbox 665 1423 804 1459; x_wconf 84' lang='lat' dir='ltr'>fecerat.</span> 
     </span>
    </p>
   </div>
   <div class='ocr_carea' id='block_1_9' title="bbox 218 1545 1304 2810">
    <p class='ocr_par' dir='ltr' id='par_1_9' title="bbox 347 1545 1303 2080">
     <span class='ocr_line' id='line_1_23' title="bbox 403 1545 1300 1595; baseline 0 -13"><span class='ocrx_word' id='word_1_112' title='bbox 403 1548 439 1582; x_wconf 85' lang='grc'>1.</span> <span class='ocrx_word' id='word_1_113' title='bbox 471 1546 562 1583; x_wconf 89' lang='lat' dir='ltr'>Cum</span> <span class='ocrx_word' id='word_1_114' title='bbox 588 1545 740 1582; x_wconf 83' lang='lat' dir='ltr'>alacrem</span> <span class='ocrx_word' id='word_1_115' title='bbox 760 1553 916 1583; x_wconf 83' lang='lat' dir='ltr'>vestrum</span> <span class='ocrx_word' id='word_1_116' title='bbox 932 1554 1158 1595; x_wconf 69' lang='lat' dir='ltr'>conventum,</span> <span class='ocrx_word' id='word_1_117' title='bbox 1193 1554 1226 1583; x_wconf 86' lang='lat' dir='ltr'>et</span> <span class='ocrx_word' id='word_1_118' title='bbox 1246 1545 1300 1582; x_wconf 90' lang='lat' dir='ltr'>in-</span> 
     </span>
     <span class='ocr_line' id='line_1_24' title="bbox 349 1605 1301 1658; baseline 0 -14"><span class='ocrx_word' id='word_1_119' title='bbox 349 1621 434 1658; x_wconf 85' lang='lat' dir='ltr'>gens</span> <span class='ocrx_word' id='word_1_120' title='bbox 464 1605 633 1644; x_wconf 87' lang='lat' dir='ltr'>audiendi</span> <span class='ocrx_word' id='word_1_121' title='bbox 658 1606 876 1643; x_wconf 83' lang='lat' dir='ltr'>desiderium</span> <span class='ocrx_word' id='word_1_122' title='bbox 902 1606 1008 1643; x_wconf 89' lang='lat' dir='ltr'>hodie</span> <span class='ocrx_word' id='word_1_123' title='bbox 1031 1607 1187 1654; x_wconf 85' lang='lat' dir='ltr'>videam,</span> <span class='ocrx_word' id='word_1_124' title='bbox 1219 1606 1301 1644; x_wconf 78' lang='lat' dir='ltr'>volo</span> 
     </span>
     <span class='ocr_line' id='line_1_25' title="bbox 347 1667 1302 1717; baseline 0 -13"><span class='ocrx_word' id='word_1_125' title='bbox 347 1667 512 1704; x_wconf 89' lang='lat' dir='ltr'>debitum</span> <span class='ocrx_word' id='word_1_126' title='bbox 546 1667 694 1713; x_wconf 74' lang='lat' dir='ltr'>solvere,</span> <span class='ocrx_word' id='word_1_127' title='bbox 729 1680 798 1716; x_wconf 89' lang='lat' dir='ltr'>quo</span> <span class='ocrx_word' id='word_1_128' title='bbox 826 1680 910 1717; x_wconf 85' lang='lat' dir='ltr'>erga</span> <span class='ocrx_word' id='word_1_129' title='bbox 932 1667 1116 1704; x_wconf 86' lang='lat' dir='ltr'>caritatem</span> <span class='ocrx_word' id='word_1_130' title='bbox 1148 1676 1302 1704; x_wconf 79' lang='lat' dir='ltr'>vestram</span> 
     </span>
     <span class='ocr_line' id='line_1_26' title="bbox 348 1727 1303 1777; baseline 0.001 -13"><span class='ocrx_word' id='word_1_131' title='bbox 348 1727 539 1765; x_wconf 84' lang='lat' dir='ltr'>obstrictus</span> <span class='ocrx_word' id='word_1_132' title='bbox 564 1741 657 1764; x_wconf 90' lang='lat' dir='ltr'>sum.</span> <span class='ocrx_word' id='word_1_133' title='bbox 678 1729 723 1765; x_wconf 85' lang='lat' dir='ltr'>Et</span> <span class='ocrx_word' id='word_1_134' title='bbox 744 1727 816 1763; x_wconf 89' lang='lat' dir='ltr'>seio</span> <span class='ocrx_word' id='word_1_135' title='bbox 828 1727 904 1777; x_wconf 85' lang='lat' dir='ltr'>ejus</span> <span class='ocrx_word' id='word_1_136' title='bbox 924 1727 1071 1764; x_wconf 86' lang='lat' dir='ltr'>fortasse</span> <span class='ocrx_word' id='word_1_137' title='bbox 1091 1741 1153 1766; x_wconf 86' lang='lat' dir='ltr'>vos</span> <span class='ocrx_word' id='word_1_138' title='bbox 1172 1727 1303 1765; x_wconf 85' lang='lat' dir='ltr'>oblitos</span> 
     </span>
     <span class='ocr_line' id='line_1_27' title="bbox 349 1786 1303 1838; baseline -0.001 -12"><span class='ocrx_word' id='word_1_139' title='bbox 349 1802 436 1837; x_wconf 87' lang='lat' dir='ltr'>esse,</span> <span class='ocrx_word' id='word_1_140' title='bbox 453 1802 494 1825; x_wconf 89' lang='lat' dir='ltr'>eo</span> <span class='ocrx_word' id='word_1_141' title='bbox 509 1787 606 1838; x_wconf 87' lang='lat' dir='ltr'>quod</span> <span class='ocrx_word' id='word_1_142' title='bbox 619 1787 723 1824; x_wconf 85' lang='lat' dir='ltr'>multi</span> <span class='ocrx_word' id='word_1_143' title='bbox 739 1786 814 1824; x_wconf 88' lang='lat' dir='ltr'>dies</span> <span class='ocrx_word' id='word_1_144' title='bbox 827 1787 1098 1836; x_wconf 88' lang='lat' dir='ltr'>intercesserint,</span> <span class='ocrx_word' id='word_1_145' title='bbox 1119 1802 1303 1838; x_wconf 85' lang='lat' dir='ltr'>sermoque</span> 
     </span>
     <span class='ocr_line' id='line_1_28' title="bbox 350 1847 1302 1886; baseline 0 0"><span class='ocrx_word' id='word_1_146' title='bbox 350 1857 467 1886; x_wconf 85' lang='lat' dir='ltr'>noster</span> <span class='ocrx_word' id='word_1_147' title='bbox 483 1848 531 1886; x_wconf 86' lang='lat' dir='ltr'>ad</span> <span class='ocrx_word' id='word_1_148' title='bbox 542 1848 611 1885; x_wconf 89' lang='lat' dir='ltr'>alia</span> <span class='ocrx_word' id='word_1_149' title='bbox 628 1847 771 1885; x_wconf 85' lang='lat' dir='ltr'>interim</span> <span class='ocrx_word' id='word_1_150' title='bbox 787 1847 833 1885; x_wconf 87' lang='lat' dir='ltr'>sit</span> <span class='ocrx_word' id='word_1_151' title='bbox 849 1847 1037 1886; x_wconf 88' lang='lat' dir='ltr'>deductus.</span> <span class='ocrx_word' id='word_1_152' title='bbox 1063 1849 1154 1886; x_wconf 86' lang='lat' dir='ltr'>Nam</span> <span class='ocrx_word' id='word_1_153' title='bbox 1173 1858 1302 1886; x_wconf 73' lang='lat' dir='ltr'>sanct-:e</span> 
     </span>
     <span class='ocr_line' id='line_1_29' title="bbox 350 1908 1301 1961; baseline 0.001 -15"><span class='ocrx_word' id='word_1_154' title='bbox 350 1909 552 1948; x_wconf 76' lang='lat' dir='ltr'>festivitatis</span> <span class='ocrx_word' id='word_1_155' title='bbox 576 1908 750 1947; x_wconf 76' lang='lat' dir='ltr'>adventus</span> <span class='ocrx_word' id='word_1_156' title='bbox 772 1909 898 1946; x_wconf 87' lang='lat' dir='ltr'>seriem</span> <span class='ocrx_word' id='word_1_157' title='bbox 930 1908 1030 1946; x_wconf 82' lang='lat' dir='ltr'>nobis</span> <span class='ocrx_word' id='word_1_158' title='bbox 1052 1908 1301 1961; x_wconf 84' lang='lat' dir='ltr'>interpellavit.</span> 
     </span>
     <span class='ocr_line' id='line_1_30' title="bbox 351 1969 1303 2022; baseline 0.001 -15"><span class='ocrx_word' id='word_1_159' title='bbox 351 1970 474 2020; x_wconf 83' lang='lat' dir='ltr'>Neque</span> <span class='ocrx_word' id='word_1_160' title='bbox 508 1969 603 2007; x_wconf 90' lang='lat' dir='ltr'>enim</span> <span class='ocrx_word' id='word_1_161' title='bbox 622 1984 686 2022; x_wconf 86' lang='lat' dir='ltr'>par</span> <span class='ocrx_word' id='word_1_162' title='bbox 704 1978 777 2007; x_wconf 87' lang='lat' dir='ltr'>erat</span> <span class='ocrx_word' id='word_1_163' title='bbox 801 1978 855 2020; x_wconf 88' lang='lat' dir='ltr'>ut,</span> <span class='ocrx_word' id='word_1_164' title='bbox 880 1969 967 2007; x_wconf 86' lang='lat' dir='ltr'>dum</span> <span class='ocrx_word' id='word_1_165' title='bbox 985 1984 1127 2008; x_wconf 88' lang='lat' dir='ltr'>crucem</span> <span class='ocrx_word' id='word_1_166' title='bbox 1154 1971 1303 2008; x_wconf 90' lang='lat' dir='ltr'>Domini</span> 
     </span>
     <span class='ocr_line' id='line_1_31' title="bbox 352 2030 1300 2080; baseline 0 -12"><span class='ocrx_word' id='word_1_167' title='bbox 352 2031 624 2080; x_wconf 87' lang='lat' dir='ltr'>celebraremus,</span> <span class='ocrx_word' id='word_1_168' title='bbox 664 2030 709 2068; x_wconf 87' lang='lat' dir='ltr'>de</span> <span class='ocrx_word' id='word_1_169' title='bbox 736 2030 815 2068; x_wconf 82' lang='lat' dir='ltr'>aliis</span> <span class='ocrx_word' id='word_1_170' title='bbox 840 2045 1037 2069; x_wconf 88' lang='lat' dir='ltr'>sermonem</span> <span class='ocrx_word' id='word_1_171' title='bbox 1067 2032 1300 2070; x_wconf 85' lang='lat' dir='ltr'>afferremus:</span> 
     </span>
    </p>

    <p class='ocr_par' dir='ltr' id='par_1_10' title="bbox 218 2091 1304 2810">
     <span class='ocr_line' id='line_1_32' title="bbox 218 2091 1303 2143; baseline 0.001 -14"><span class='ocrx_word' id='word_1_172' title='bbox 218 2094 338 2122; x_wconf 77' lang='lat' dir='ltr'>Festum</span> <span class='ocrx_word' id='word_1_173' title='bbox 353 2107 471 2130; x_wconf 85' lang='lat' dir='ltr'>mensa</span> <span class='ocrx_word' id='word_1_174' title='bbox 485 2101 602 2129; x_wconf 85' lang='lat' dir='ltr'>autem</span> <span class='ocrx_word' id='word_1_175' title='bbox 612 2092 715 2129; x_wconf 83' lang='lat' dir='ltr'>vobis</span> <span class='ocrx_word' id='word_1_176' title='bbox 731 2091 958 2143; x_wconf 85' lang='lat' dir='ltr'>proponenda</span> <span class='ocrx_word' id='word_1_177' title='bbox 974 2101 1047 2130; x_wconf 87' lang='lat' dir='ltr'>erat</span> <span class='ocrx_word' id='word_1_178' title='bbox 1061 2093 1134 2130; x_wconf 86' lang='lat' dir='ltr'>suis</span> <span class='ocrx_word' id='word_1_179' title='bbox 1148 2106 1303 2143; x_wconf 82' lang='lat' dir='ltr'>congrua</span> 
     </span>
     <span class='ocr_line' id='line_1_33' title="bbox 354 2150 1304 2204; baseline 0.001 -14"><span class='ocrx_word' id='word_1_180' title='bbox 354 2153 584 2204; x_wconf 81' lang='lat' dir='ltr'>temporibus.</span> <span class='ocrx_word' id='word_1_181' title='bbox 599 2151 645 2188; x_wconf 89' lang='lat' dir='ltr'>Et</span> <span class='ocrx_word' id='word_1_182' title='bbox 664 2150 798 2188; x_wconf 86' lang='lat' dir='ltr'>idcirco</span> <span class='ocrx_word' id='word_1_183' title='bbox 809 2151 950 2201; x_wconf 89' lang='lat' dir='ltr'>quando</span> <span class='ocrx_word' id='word_1_184' title='bbox 966 2153 1064 2189; x_wconf 71' lang='lat' dir='ltr'>venit</span> <span class='ocrx_word' id='word_1_185' title='bbox 1075 2152 1151 2191; x_wconf 89' lang='lat' dir='ltr'>dies</span> <span class='ocrx_word' id='word_1_186' title='bbox 1171 2153 1304 2191; x_wconf 84' lang='lat' dir='ltr'>Tradi-</span> 
     </span>
     <span class='ocr_line' id='line_1_34' title="bbox 351 2209 1301 2264; baseline 0.002 -16"><span class='ocrx_word' id='word_1_187' title='bbox 351 2211 472 2260; x_wconf 88' lang='lat' dir='ltr'>tionis,</span> <span class='ocrx_word' id='word_1_188' title='bbox 495 2211 660 2248; x_wconf 90' lang='lat' dir='ltr'>continua</span> <span class='ocrx_word' id='word_1_189' title='bbox 689 2209 860 2248; x_wconf 77' lang='lat' dir='ltr'>doctrinae</span> <span class='ocrx_word' id='word_1_190' title='bbox 878 2211 966 2248; x_wconf 89' lang='lat' dir='ltr'>serie</span> <span class='ocrx_word' id='word_1_191' title='bbox 982 2221 1127 2262; x_wconf 86' lang='lat' dir='ltr'>resecta,</span> <span class='ocrx_word' id='word_1_192' title='bbox 1147 2227 1301 2264; x_wconf 71' lang='lat' dir='ltr'>praesen—</span> 
     </span>
     <span class='ocr_line' id='line_1_35' title="bbox 352 2271 1302 2325; baseline 0.003 -17"><span class='ocrx_word' id='word_1_193' title='bbox 352 2271 448 2309; x_wconf 87' lang='lat' dir='ltr'>tibus</span> <span class='ocrx_word' id='word_1_194' title='bbox 459 2285 535 2321; x_wconf 80' lang='lat' dir='ltr'>quae</span> <span class='ocrx_word' id='word_1_195' title='bbox 555 2271 728 2321; x_wconf 83' lang='lat' dir='ltr'>urgebant</span> <span class='ocrx_word' id='word_1_196' title='bbox 742 2285 802 2307; x_wconf 89' lang='lat' dir='ltr'>nos</span> <span class='ocrx_word' id='word_1_197' title='bbox 827 2272 1146 2322; x_wconf 83' lang='lat' dir='ltr'>accommodantes,</span> <span class='ocrx_word' id='word_1_198' title='bbox 1169 2273 1205 2311; x_wconf 90' lang='lat' dir='ltr'>in</span> <span class='ocrx_word' id='word_1_199' title='bbox 1220 2287 1302 2325; x_wconf 87' lang='lat' dir='ltr'>pro-</span> 
     </span>
     <span class='ocr_line' id='line_1_36' title="bbox 351 2331 1302 2382; baseline 0.003 -13"><span class='ocrx_word' id='word_1_200' title='bbox 351 2331 503 2369; x_wconf 86' lang='lat' dir='ltr'>ditorem</span> <span class='ocrx_word' id='word_1_201' title='bbox 527 2331 685 2382; x_wconf 84' lang='lat' dir='ltr'>linguam</span> <span class='ocrx_word' id='word_1_202' title='bbox 715 2331 940 2369; x_wconf 73' lang='lat' dir='ltr'>laxavimus:</span> <span class='ocrx_word' id='word_1_203' title='bbox 975 2332 1102 2370; x_wconf 85' lang='lat' dir='ltr'>deinde</span> <span class='ocrx_word' id='word_1_204' title='bbox 1125 2333 1169 2371; x_wconf 88' lang='lat' dir='ltr'>de</span> <span class='ocrx_word' id='word_1_205' title='bbox 1199 2349 1302 2372; x_wconf 87' lang='lat' dir='ltr'>cruce</span> 
     </span>
     <span class='ocr_line' id='line_1_37' title="bbox 351 2392 1301 2444; baseline 0.005 -15"><span class='ocrx_word' id='word_1_206' title='bbox 351 2392 470 2443; x_wconf 90' lang='lat' dir='ltr'>aliqua</span> <span class='ocrx_word' id='word_1_207' title='bbox 487 2392 522 2429; x_wconf 91' lang='lat' dir='ltr'>in</span> <span class='ocrx_word' id='word_1_208' title='bbox 534 2392 926 2444; x_wconf 86' lang='lat' dir='ltr'>mediumprotulimus.</span> <span class='ocrx_word' id='word_1_209' title='bbox 941 2395 1080 2443; x_wconf 85' lang='lat' dir='ltr'>Postea,</span> <span class='ocrx_word' id='word_1_210' title='bbox 1096 2395 1301 2434; x_wconf 90' lang='lat' dir='ltr'>illucescen-</span> 
     </span>
     <span class='ocr_line' id='line_1_38' title="bbox 352 2453 1301 2502; baseline 0.004 -11"><span class='ocrx_word' id='word_1_211' title='bbox 352 2463 386 2491; x_wconf 86' lang='lat' dir='ltr'>te</span> <span class='ocrx_word' id='word_1_212' title='bbox 411 2453 690 2491; x_wconf 84' lang='lat' dir='ltr'>Resurrectionis</span> <span class='ocrx_word' id='word_1_213' title='bbox 716 2453 787 2502; x_wconf 86' lang='lat' dir='ltr'>die,</span> <span class='ocrx_word' id='word_1_214' title='bbox 828 2453 1060 2491; x_wconf 86' lang='lat' dir='ltr'>necessarium</span> <span class='ocrx_word' id='word_1_215' title='bbox 1087 2465 1161 2493; x_wconf 85' lang='lat' dir='ltr'>erat</span> <span class='ocrx_word' id='word_1_216' title='bbox 1193 2466 1232 2494; x_wconf 86' lang='lat' dir='ltr'>ut</span> <span class='ocrx_word' id='word_1_217' title='bbox 1257 2456 1301 2495; x_wconf 88' lang='lat' dir='ltr'>de</span> 
     </span>
     <span class='ocr_line' id='line_1_39' title="bbox 352 2511 1302 2553; baseline 0.004 -3"><span class='ocrx_word' id='word_1_218' title='bbox 352 2512 606 2550; x_wconf 88' lang='lat' dir='ltr'>resurrectione</span> <span class='ocrx_word' id='word_1_219' title='bbox 620 2511 763 2549; x_wconf 89' lang='lat' dir='ltr'>Domini</span> <span class='ocrx_word' id='word_1_220' title='bbox 784 2511 964 2551; x_wconf 86' lang='lat' dir='ltr'>caritatem</span> <span class='ocrx_word' id='word_1_221' title='bbox 984 2522 1138 2551; x_wconf 81' lang='lat' dir='ltr'>vestram</span> <span class='ocrx_word' id='word_1_222' title='bbox 1157 2514 1302 2553; x_wconf 79' lang='lat' dir='ltr'>(locere-</span> 
     </span>
     <span class='ocr_line' id='line_1_40' title="bbox 353 2574 1302 2627; baseline 0.003 -15"><span class='ocrx_word' id='word_1_223' title='bbox 353 2589 452 2612; x_wconf 85' lang='lat' dir='ltr'>mus:</span> <span class='ocrx_word' id='word_1_224' title='bbox 481 2583 513 2612; x_wconf 88' lang='lat' dir='ltr'>et</span> <span class='ocrx_word' id='word_1_225' title='bbox 532 2574 760 2624; x_wconf 88' lang='lat' dir='ltr'>sequentibus</span> <span class='ocrx_word' id='word_1_226' title='bbox 788 2574 929 2625; x_wconf 85' lang='lat' dir='ltr'>diebus,</span> <span class='ocrx_word' id='word_1_227' title='bbox 965 2590 1028 2627; x_wconf 86' lang='lat' dir='ltr'>per</span> <span class='ocrx_word' id='word_1_228' title='bbox 1060 2590 1099 2613; x_wconf 90' lang='lat' dir='ltr'>ea</span> <span class='ocrx_word' id='word_1_229' title='bbox 1130 2578 1302 2616; x_wconf 88' lang='lat' dir='ltr'>miracula</span> 
     </span>
     <span class='ocr_line' id='line_1_41' title="bbox 353 2635 1300 2686; baseline 0.004 -14"><span class='ocrx_word' id='word_1_230' title='bbox 353 2650 430 2686; x_wconf 83' lang='lat' dir='ltr'>quae</span> <span class='ocrx_word' id='word_1_231' title='bbox 451 2644 533 2673; x_wconf 89' lang='lat' dir='ltr'>tunc</span> <span class='ocrx_word' id='word_1_232' title='bbox 551 2635 644 2672; x_wconf 87' lang='lat' dir='ltr'>facta</span> <span class='ocrx_word' id='word_1_233' title='bbox 657 2643 752 2684; x_wconf 88' lang='lat' dir='ltr'>sunt,</span> <span class='ocrx_word' id='word_1_234' title='bbox 775 2635 1039 2674; x_wconf 85' lang='lat' dir='ltr'>resurrectionis</span> <span class='ocrx_word' id='word_1_235' title='bbox 1049 2635 1300 2676; x_wconf 86' lang='lat' dir='ltr'>demonstratio</span> 
     </span>
     <span class='ocr_line' id='line_1_42' title="bbox 352 2695 1300 2750; baseline 0.003 -16"><span class='ocrx_word' id='word_1_236' title='bbox 352 2697 480 2734; x_wconf 87' lang='lat' dir='ltr'>iterum</span> <span class='ocrx_word' id='word_1_237' title='bbox 512 2695 691 2734; x_wconf 85' lang='lat' dir='ltr'>afferenda</span> <span class='ocrx_word' id='word_1_238' title='bbox 707 2705 802 2733; x_wconf 86' lang='lat' dir='ltr'>erat:</span> <span class='ocrx_word' id='word_1_239' title='bbox 824 2696 966 2747; x_wconf 88' lang='lat' dir='ltr'>quando</span> <span class='ocrx_word' id='word_1_240' title='bbox 988 2697 1093 2735; x_wconf 84' lang='lat' dir='ltr'>etiam</span> <span class='ocrx_word' id='word_1_241' title='bbox 1109 2699 1300 2750; x_wconf 71' lang='lat' dir='ltr'>Apostolo-</span> 
     </span>
     <span class='ocr_line' id='line_1_43' title="bbox 352 2757 1303 2810; baseline 0.004 -15"><span class='ocrx_word' id='word_1_242' title='bbox 352 2773 433 2795; x_wconf 89' lang='lat' dir='ltr'>rum</span> <span class='ocrx_word' id='word_1_243' title='bbox 453 2760 536 2795; x_wconf 88' lang='lat' dir='ltr'>Acta</span> <span class='ocrx_word' id='word_1_244' title='bbox 559 2757 751 2810; x_wconf 84' lang='lat' dir='ltr'>explanare</span> <span class='ocrx_word' id='word_1_245' title='bbox 767 2757 953 2810; x_wconf 84' lang='lat' dir='ltr'>coepimus,</span> <span class='ocrx_word' id='word_1_246' title='bbox 978 2758 1060 2797; x_wconf 91' lang='lat' dir='ltr'>inde</span> <span class='ocrx_word' id='word_1_247' title='bbox 1078 2759 1180 2798; x_wconf 82' lang='lat' dir='ltr'>vobis</span> <span class='ocrx_word' id='word_1_248' title='bbox 1196 2761 1303 2798; x_wconf 90' lang='lat' dir='ltr'>conti-</span> 
     </span>
    </p>
   </div>
   <div class='ocr_carea' id='block_1_10' title="bbox 353 2882 1361 3399">
    <p class='ocr_par' dir='ltr' id='par_1_11' title="bbox 353 2882 1361 3399">
     <span class='ocr_line' id='line_1_44' title="bbox 398 2882 1359 2927; baseline -0.001 -11"><span class='ocrx_word' id='word_1_249' title='bbox 398 2892 411 2907; x_wconf 77' lang='lat'>·</span> <span class='ocrx_word' id='word_1_250' title='bbox 428 2888 480 2916; x_wconf 70' lang='grc' dir='ltr'>Διά.</span> <span class='ocrx_word' id='word_1_251' title='bbox 495 2897 537 2918; x_wconf 77' lang='grc' dir='ltr'>τοι</span> <span class='ocrx_word' id='word_1_252' title='bbox 554 2887 641 2916; x_wconf 74' lang='grc' dir='ltr'>τοῦτο</span> <span class='ocrx_word' id='word_1_253' title='bbox 657 2882 778 2914; x_wconf 78' lang='lat' dir='ltr'>etc.Et</span> <span class='ocrx_word' id='word_1_254' title='bbox 794 2883 916 2915; x_wconf 64' lang='lat' dir='ltr'>ideirco</span> <span class='ocrx_word' id='word_1_255' title='bbox 929 2884 1065 2927; x_wconf 80' lang='lat' dir='ltr'>quando</span> <span class='ocrx_word' id='word_1_256' title='bbox 1082 2885 1170 2916; x_wconf 78' lang='grc' dir='ltr'>ιέηίι</span> <span class='ocrx_word' id='word_1_257' title='bbox 1185 2885 1258 2916; x_wconf 78' lang='lat' dir='ltr'>dies</span> <span class='ocrx_word' id='word_1_258' title='bbox 1277 2885 1359 2916; x_wconf 78' lang='lat' dir='ltr'>Tra-</span> 
     </span>
     <span class='ocr_line' id='line_1_45' title="bbox 354 2934 1359 2979; baseline 0.003 -14"><span class='ocrx_word' id='word_1_259' title='bbox 354 2934 504 2974; x_wconf 71' lang='lat' dir='ltr'>ditionis,</span> <span class='ocrx_word' id='word_1_260' title='bbox 526 2938 684 2966; x_wconf 75' lang='lat' dir='ltr'>continua</span> <span class='ocrx_word' id='word_1_261' title='bbox 708 2934 867 2967; x_wconf 68' lang='lat' dir='ltr'>docti-lnce</span> <span class='ocrx_word' id='word_1_262' title='bbox 888 2937 967 2967; x_wconf 78' lang='lat' dir='ltr'>serie</span> <span class='ocrx_word' id='word_1_263' title='bbox 991 2944 1126 2978; x_wconf 74' lang='lat' dir='ltr'>resecta,</span> <span class='ocrx_word' id='word_1_264' title='bbox 1143 2938 1359 2979; x_wconf 71' lang='lat' dir='ltr'>praesemibus</span> 
     </span>
     <span class='ocr_line' id='line_1_46' title="bbox 355 2987 1360 3031; baseline 0.004 -15"><span class='ocrx_word' id='word_1_265' title='bbox 355 2999 431 3030; x_wconf 59' lang='grc' dir='ltr'>(μισ.)</span> <span class='ocrx_word' id='word_1_266' title='bbox 450 2987 610 3030; x_wconf 72' lang='lat' dir='ltr'>urgebant</span> <span class='ocrx_word' id='word_1_267' title='bbox 633 2999 692 3018; x_wconf 83' lang='lat' dir='ltr'>nos</span> <span class='ocrx_word' id='word_1_268' title='bbox 712 2988 998 3020; x_wconf 77' lang='lat' dir='ltr'>accommodantes</span> <span class='ocrx_word' id='word_1_269' title='bbox 1011 3014 1018 3027; x_wconf 95' lang='lat'>,</span> <span class='ocrx_word' id='word_1_270' title='bbox 1039 2990 1073 3019; x_wconf 82' lang='lat' dir='ltr'>in</span> <span class='ocrx_word' id='word_1_271' title='bbox 1085 2990 1282 3031; x_wconf 66' lang='lat' dir='ltr'>proditorem</span> <span class='ocrx_word' id='word_1_272' title='bbox 1298 2990 1360 3020; x_wconf 79' lang='lat' dir='ltr'>lin-</span> 
     </span>
     <span class='ocr_line' id='line_1_47' title="bbox 353 3040 1359 3085; baseline 0.003 -15"><span class='ocrx_word' id='word_1_273' title='bbox 353 3051 455 3083; x_wconf 76' lang='lat' dir='ltr'>guam</span> <span class='ocrx_word' id='word_1_274' title='bbox 471 3040 670 3073; x_wconf 71' lang='lat' dir='ltr'>laxavimus.</span> <span class='ocrx_word' id='word_1_275' title='bbox 686 3043 746 3073; x_wconf 86' lang='lat' dir='ltr'>Hic</span> <span class='ocrx_word' id='word_1_276' title='bbox 768 3041 914 3083; x_wconf 82' lang='lat' dir='ltr'>loquitur</span> <span class='ocrx_word' id='word_1_277' title='bbox 930 3040 1188 3085; x_wconf 80' lang='lat' dir='ltr'>Chrysostomus</span> <span class='ocrx_word' id='word_1_278' title='bbox 1203 3040 1244 3073; x_wconf 87' lang='lat' dir='ltr'>de</span> <span class='ocrx_word' id='word_1_279' title='bbox 1263 3053 1359 3073; x_wconf 76' lang='lat' dir='ltr'>causa</span> 
     </span>
     <span class='ocr_line' id='line_1_48' title="bbox 355 3090 1361 3136; baseline 0.001 -13"><span class='ocrx_word' id='word_1_280' title='bbox 355 3090 602 3133; x_wconf 68' lang='lat' dir='ltr'>interpellandoe</span> <span class='ocrx_word' id='word_1_281' title='bbox 618 3095 709 3125; x_wconf 81' lang='lat' dir='ltr'>seriei</span> <span class='ocrx_word' id='word_1_282' title='bbox 735 3092 947 3125; x_wconf 80' lang='lat' dir='ltr'>homiliarum</span> <span class='ocrx_word' id='word_1_283' title='bbox 964 3094 997 3125; x_wconf 87' lang='lat' dir='ltr'>iu</span> <span class='ocrx_word' id='word_1_284' title='bbox 1013 3094 1165 3126; x_wconf 78' lang='lat' dir='ltr'>Genesim</span> <span class='ocrx_word' id='word_1_285' title='bbox 1177 3119 1184 3131; x_wconf 82' lang='grc'>,</span> <span class='ocrx_word' id='word_1_286' title='bbox 1203 3106 1285 3136; x_wconf 75' lang='lat' dir='ltr'>quas</span> <span class='ocrx_word' id='word_1_287' title='bbox 1303 3106 1361 3124; x_wconf 80' lang='lat' dir='ltr'>nu—</span> 
     </span>
     <span class='ocr_line' id='line_1_49' title="bbox 357 3143 1360 3187; baseline 0.005 -13"><span class='ocrx_word' id='word_1_288' title='bbox 357 3154 448 3174; x_wconf 81' lang='lat' dir='ltr'>rnero</span> <span class='ocrx_word' id='word_1_289' title='bbox 474 3144 606 3184; x_wconf 73' lang='lat' dir='ltr'>triginta</span> <span class='ocrx_word' id='word_1_290' title='bbox 632 3144 715 3177; x_wconf 85' lang='lat' dir='ltr'>duas</span> <span class='ocrx_word' id='word_1_291' title='bbox 738 3146 806 3187; x_wconf 77' lang='lat' dir='ltr'>jam</span> <span class='ocrx_word' id='word_1_292' title='bbox 823 3143 954 3177; x_wconf 80' lang='lat' dir='ltr'>habitas</span> <span class='ocrx_word' id='word_1_293' title='bbox 973 3157 1029 3187; x_wconf 81' lang='lat' dir='ltr'>per</span> <span class='ocrx_word' id='word_1_294' title='bbox 1046 3153 1150 3178; x_wconf 81' lang='lat' dir='ltr'>totam</span> <span class='ocrx_word' id='word_1_295' title='bbox 1167 3145 1360 3186; x_wconf 66' lang='lat' dir='ltr'>Qundragc-</span> 
     </span>
     <span class='ocr_line' id='line_1_50' title="bbox 355 3197 1358 3240; baseline 0 -13"><span class='ocrx_word' id='word_1_296' title='bbox 355 3198 473 3227; x_wconf 71' lang='lat' dir='ltr'>siniam</span> <span class='ocrx_word' id='word_1_297' title='bbox 486 3221 493 3234; x_wconf 84' lang='lat'>,</span> <span class='ocrx_word' id='word_1_298' title='bbox 520 3205 595 3238; x_wconf 80' lang='lat' dir='ltr'>post</span> <span class='ocrx_word' id='word_1_299' title='bbox 619 3199 820 3240; x_wconf 81' lang='lat' dir='ltr'>trigesimam</span> <span class='ocrx_word' id='word_1_300' title='bbox 850 3197 1029 3229; x_wconf 78' lang='lat' dir='ltr'>secundam</span> <span class='ocrx_word' id='word_1_301' title='bbox 1058 3197 1146 3229; x_wconf 82' lang='lat' dir='ltr'>aliud</span> <span class='ocrx_word' id='word_1_302' title='bbox 1173 3197 1204 3230; x_wconf 90' lang='lat' dir='ltr'>in</span> <span class='ocrx_word' id='word_1_303' title='bbox 1230 3205 1358 3240; x_wconf 77' lang='lat' dir='ltr'>tempus</span> 
     </span>
     <span class='ocr_line' id='line_1_51' title="bbox 355 3246 1359 3292; baseline 0.002 -13"><span class='ocrx_word' id='word_1_304' title='bbox 355 3246 501 3287; x_wconf 76' lang='lat' dir='ltr'>distulit,</span> <span class='ocrx_word' id='word_1_305' title='bbox 519 3256 554 3280; x_wconf 84' lang='lat' dir='ltr'>ut</span> <span class='ocrx_word' id='word_1_306' title='bbox 570 3248 648 3279; x_wconf 79' lang='lat' dir='ltr'>feria</span> <span class='ocrx_word' id='word_1_307' title='bbox 665 3250 779 3291; x_wconf 86' lang='lat' dir='ltr'>quinta</span> <span class='ocrx_word' id='word_1_308' title='bbox 796 3251 828 3280; x_wconf 81' lang='lat' dir='ltr'>&#39;m</span> <span class='ocrx_word' id='word_1_309' title='bbox 846 3261 941 3282; x_wconf 80' lang='lat' dir='ltr'>coena</span> <span class='ocrx_word' id='word_1_310' title='bbox 960 3251 1091 3282; x_wconf 89' lang='lat' dir='ltr'>Domini</span> <span class='ocrx_word' id='word_1_311' title='bbox 1109 3250 1150 3283; x_wconf 85' lang='lat' dir='ltr'>dc</span> <span class='ocrx_word' id='word_1_312' title='bbox 1170 3249 1255 3283; x_wconf 85' lang='lat' dir='ltr'>Judu</span> <span class='ocrx_word' id='word_1_313' title='bbox 1283 3260 1359 3292; x_wconf 78' lang='lat' dir='ltr'>pro-</span> 
     </span>
     <span class='ocr_line' id='line_1_52' title="bbox 354 3299 1359 3342; baseline 0.002 -11"><span class='ocrx_word' id='word_1_314' title='bbox 354 3299 463 3332; x_wconf 77' lang='lat' dir='ltr'>ditore</span> <span class='ocrx_word' id='word_1_315' title='bbox 488 3299 687 3342; x_wconf 75' lang='lat' dir='ltr'>loqueretur,</span> <span class='ocrx_word' id='word_1_316' title='bbox 704 3309 738 3332; x_wconf 87' lang='lat' dir='ltr'>ut</span> <span class='ocrx_word' id='word_1_317' title='bbox 753 3303 852 3333; x_wconf 77' lang='lat' dir='ltr'>etiarn</span> <span class='ocrx_word' id='word_1_318' title='bbox 877 3311 990 3335; x_wconf 88' lang='lat' dir='ltr'>monet</span> <span class='ocrx_word' id='word_1_319' title='bbox 1013 3302 1064 3335; x_wconf 84' lang='lat' dir='ltr'>ille</span> <span class='ocrx_word' id='word_1_320' title='bbox 1089 3304 1121 3335; x_wconf 86' lang='lat' dir='ltr'>in</span> <span class='ocrx_word' id='word_1_321' title='bbox 1148 3302 1290 3335; x_wconf 63' lang='lat' dir='ltr'>{tonsilia</span> <span class='ocrx_word' id='word_1_322' title='bbox 1318 3301 1359 3333; x_wconf 83' lang='lat' dir='ltr'>‹le</span> 
     </span>
     <span class='ocr_line' id='line_1_53' title="bbox 355 3351 1357 3399; baseline 0.005 -17"><span class='ocrx_word' id='word_1_323' title='bbox 355 3351 553 3395; x_wconf 69' lang='lat' dir='ltr'>Ju‹t:·‚c=·j·1s</span> <span class='ocrx_word' id='word_1_324' title='bbox 571 3351 711 3394; x_wconf 58' lang='lat' dir='ltr'>initium,</span> <span class='ocrx_word' id='word_1_325' title='bbox 729 3357 900 3396; x_wconf 56' lang='grc' dir='ltr'>ἐνῖούὸμτμ,</span> <span class='ocrx_word' id='word_1_326' title='bbox 912 3361 1078 3397; x_wconf 44' lang='lat' dir='ltr'>&amp;yur-qvo&amp;</span> <span class='ocrx_word' id='word_1_327' title='bbox 1096 3367 1195 3399; x_wconf 79' lang='lat' dir='ltr'>quam</span> <span class='ocrx_word' id='word_1_328' title='bbox 1212 3355 1357 3388; x_wconf 72' lang='lat' dir='ltr'>secundo</span> 
     </span>
    </p>
   </div>
   <div class='ocr_carea' id='block_1_11' title="bbox 1361 169 1958 202">
    <p class='ocr_par' dir='ltr' id='par_1_12' title="bbox 1361 169 1958 202">
     <span class='ocr_line' id='line_1_54' title="bbox 1361 169 1958 202; baseline -0.007 0"><span class='ocrx_word' id='word_1_329' title='bbox 1361 172 1564 202; x_wconf 81' lang='lat' dir='ltr'>ARCHIEP.</span> <span class='ocrx_word' id='word_1_330' title='bbox 1602 170 1800 200; x_wconf 72' lang='lat' dir='ltr'>CONSTAN</span> <span class='ocrx_word' id='word_1_331' title='bbox 1808 170 1877 199; x_wconf 70' lang='lat' dir='ltr'>Tm</span> <span class='ocrx_word' id='word_1_332' title='bbox 1885 169 1939 199; x_wconf 89' lang='grc' dir='ltr'>ΟΡ</span> <span class='ocrx_word' id='word_1_333' title='bbox 1948 188 1958 198; x_wconf 87' lang='lat'><strong>.</strong></span> 
     </span>
    </p>
   </div>
   <div class='ocr_carea' id='block_1_12' title="bbox 1362 249 2391 850">
    <p class='ocr_par' dir='ltr' id='par_1_13' title="bbox 1362 249 2391 850">
     <span class='ocr_line' id='line_1_55' title="bbox 1362 249 2382 304; baseline -0.006 -13"><span class='ocrx_word' id='word_1_334' title='bbox 1362 254 1488 304; x_wconf 51' lang='grc' dir='ltr'>*Ημεῖς</span> <span class='ocrx_word' id='word_1_335' title='bbox 1518 252 1563 291; x_wconf 80' lang='grc' dir='ltr'>τὰ</span> <span class='ocrx_word' id='word_1_336' title='bbox 1582 252 1667 304; x_wconf 74' lang='grc' dir='ltr'>παρ’</span> <span class='ocrx_word' id='word_1_337' title='bbox 1686 254 1816 290; x_wconf 79' lang='grc' dir='ltr'>ἑαυτῶν</span> <span class='ocrx_word' id='word_1_338' title='bbox 1841 249 2113 301; x_wconf 81' lang='grc' dir='ltr'>ἐπιδειξώμεθα,</span> <span class='ocrx_word' id='word_1_339' title='bbox 2135 249 2196 287; x_wconf 82' lang='grc' dir='ltr'>καὶ</span> <span class='ocrx_word' id='word_1_340' title='bbox 2215 251 2382 301; x_wconf 70' lang='grc' dir='ltr'>εἰλικρινῆ</span> 
     </span>
     <span class='ocr_line' id='line_1_56' title="bbox 1362 311 2384 366; baseline -0.006 -14"><span class='ocrx_word' id='word_1_341' title='bbox 1362 315 1426 361; x_wconf 82' lang='grc' dir='ltr'>τὴν</span> <span class='ocrx_word' id='word_1_342' title='bbox 1451 314 1570 352; x_wconf 87' lang='grc' dir='ltr'>πίστιν</span> <span class='ocrx_word' id='word_1_343' title='bbox 1601 314 1756 366; x_wconf 79' lang='grc' dir='ltr'>ἔχωμεν,</span> <span class='ocrx_word' id='word_1_344' title='bbox 1783 313 1909 356; x_wconf 84' lang='grc' dir='ltr'>εἰδότες</span> <span class='ocrx_word' id='word_1_345' title='bbox 1927 312 1967 350; x_wconf 76' lang='grc' dir='ltr'>τὸ</span> <span class='ocrx_word' id='word_1_346' title='bbox 1985 311 2182 362; x_wconf 74' lang='grc' dir='ltr'>εὐμήχανον</span> <span class='ocrx_word' id='word_1_347' title='bbox 2209 314 2268 348; x_wconf 73' lang='grc' dir='ltr'>τοῦ</span> <span class='ocrx_word' id='word_1_348' title='bbox 2298 324 2384 361; x_wconf 86' lang='grc' dir='ltr'>προ-</span> 
     </span>
     <span class='ocr_line' id='line_1_57' title="bbox 1363 371 2384 428; baseline -0.006 -15"><span class='ocrx_word' id='word_1_349' title='bbox 1363 372 1490 414; x_wconf 80' lang='grc' dir='ltr'>στάτου</span> <span class='ocrx_word' id='word_1_350' title='bbox 1509 377 1578 412; x_wconf 84' lang='grc' dir='ltr'>τῶν</span> <span class='ocrx_word' id='word_1_351' title='bbox 1598 375 1777 428; x_wconf 77' lang='grc' dir='ltr'>ἡμετέρων</span> <span class='ocrx_word' id='word_1_352' title='bbox 1805 377 1940 427; x_wconf 77' lang='grc' dir='ltr'>ψυχῶν.</span> <span class='ocrx_word' id='word_1_353' title='bbox 1962 373 2032 411; x_wconf 84' lang='grc' dir='ltr'>Καὶ</span> <span class='ocrx_word' id='word_1_354' title='bbox 2058 372 2197 414; x_wconf 85' lang='grc' dir='ltr'>πάντως</span> <span class='ocrx_word' id='word_1_355' title='bbox 2216 375 2234 409; x_wconf 87' lang='grc' dir='ltr'><em>ὃ</em></span> <span class='ocrx_word' id='word_1_356' title='bbox 2253 371 2384 421; x_wconf 85' lang='grc' dir='ltr'>μᾶλλον</span> 
     </span>
     <span class='ocr_line' id='line_1_58' title="bbox 1362 432 2387 491; baseline -0.004 -18"><span class='ocrx_word' id='word_1_357' title='bbox 1362 439 1463 486; x_wconf 75' lang='grc' dir='ltr'>ἡμῶν</span> <span class='ocrx_word' id='word_1_358' title='bbox 1497 435 1594 479; x_wconf 78' lang='grc' dir='ltr'>εἰδὼς</span> <span class='ocrx_word' id='word_1_359' title='bbox 1618 435 1657 472; x_wconf 84' lang='grc' dir='ltr'>τὸ</span> <span class='ocrx_word' id='word_1_360' title='bbox 1678 434 1872 488; x_wconf 71' lang='grc' dir='ltr'>συμφέρον,</span> <span class='ocrx_word' id='word_1_361' title='bbox 1894 433 2000 491; x_wconf 72' lang='grc' dir='ltr'>οὕτως</span> <span class='ocrx_word' id='word_1_362' title='bbox 2030 432 2112 470; x_wconf 80' lang='grc' dir='ltr'>αὐτὸ</span> <span class='ocrx_word' id='word_1_363' title='bbox 2133 432 2276 475; x_wconf 79' lang='grc' dir='ltr'>δεόντως</span> <span class='ocrx_word' id='word_1_364' title='bbox 2295 433 2387 469; x_wconf 89' lang='grc' dir='ltr'>οἷκο-</span> 
     </span>
     <span class='ocr_line' id='line_1_59' title="bbox 1363 493 2387 547; baseline -0.004 -14"><span class='ocrx_word' id='word_1_365' title='bbox 1363 497 1531 547; x_wconf 80' lang='grc' dir='ltr'>νομήσει,</span> <span class='ocrx_word' id='word_1_366' title='bbox 1559 499 1605 540; x_wconf 83' lang='grc' dir='ltr'>ὡς</span> <span class='ocrx_word' id='word_1_367' title='bbox 1624 495 1683 534; x_wconf 76' lang='grc' dir='ltr'>καὶ</span> <span class='ocrx_word' id='word_1_368' title='bbox 1702 498 1796 547; x_wconf 79' lang='grc' dir='ltr'>αὐτῷ</span> <span class='ocrx_word' id='word_1_369' title='bbox 1826 495 1958 546; x_wconf 87' lang='grc' dir='ltr'>πρέπον</span> <span class='ocrx_word' id='word_1_370' title='bbox 1981 493 2076 541; x_wconf 78' lang='grc' dir='ltr'>ἐστὶ,</span> <span class='ocrx_word' id='word_1_371' title='bbox 2096 494 2156 531; x_wconf 79' lang='grc' dir='ltr'>καὶ</span> <span class='ocrx_word' id='word_1_372' title='bbox 2188 497 2273 543; x_wconf 83' lang='grc' dir='ltr'>ἡμῖν</span> <span class='ocrx_word' id='word_1_373' title='bbox 2298 508 2387 542; x_wconf 89' lang='grc' dir='ltr'>συμ-</span> 
     </span>
     <span class='ocr_line' id='line_1_60' title="bbox 1364 549 2388 608; baseline -0.007 -16"><span class='ocrx_word' id='word_1_374' title='bbox 1364 555 1491 608; x_wconf 79' lang='grc' dir='ltr'>φέρον,</span> <span class='ocrx_word' id='word_1_375' title='bbox 1513 554 1570 592; x_wconf 76' lang='grc' dir='ltr'>ἵνα</span> <span class='ocrx_word' id='word_1_376' title='bbox 1601 555 1659 592; x_wconf 86' lang='grc' dir='ltr'>καὶ</span> <span class='ocrx_word' id='word_1_377' title='bbox 1695 556 1758 599; x_wconf 73' lang='grc' dir='ltr'>τῆς</span> <span class='ocrx_word' id='word_1_378' title='bbox 1780 556 1956 603; x_wconf 60' lang='grc' dir='ltr'>ὑπομονῆς</span> <span class='ocrx_word' id='word_1_379' title='bbox 1992 551 2048 588; x_wconf 83' lang='grc' dir='ltr'>τὸν</span> <span class='ocrx_word' id='word_1_380' title='bbox 2085 553 2205 600; x_wconf 79' lang='grc' dir='ltr'>μισθὸν</span> <span class='ocrx_word' id='word_1_381' title='bbox 2233 549 2388 600; x_wconf 81' lang='grc' dir='ltr'>κομισώ-</span> 
     </span>
     <span class='ocr_line' id='line_1_61' title="bbox 1366 611 2387 668; baseline -0.007 -13"><span class='ocrx_word' id='word_1_382' title='bbox 1366 621 1474 668; x_wconf 85' lang='grc' dir='ltr'>μεθα,</span> <span class='ocrx_word' id='word_1_383' title='bbox 1495 616 1555 654; x_wconf 81' lang='grc' dir='ltr'>καὶ</span> <span class='ocrx_word' id='word_1_384' title='bbox 1575 619 1636 662; x_wconf 64' lang='grc' dir='ltr'>τῆς</span> <span class='ocrx_word' id='word_1_385' title='bbox 1666 614 1750 666; x_wconf 80' lang='grc' dir='ltr'>παρ’</span> <span class='ocrx_word' id='word_1_386' title='bbox 1777 616 1879 652; x_wconf 75' lang='grc' dir='ltr'>αὐτοῦ</span> <span class='ocrx_word' id='word_1_387' title='bbox 1898 612 2157 665; x_wconf 73' lang='grc' dir='ltr'>φιλανθρωπίας</span> <span class='ocrx_word' id='word_1_388' title='bbox 2174 611 2387 661; x_wconf 79' lang='grc' dir='ltr'>ἀξιωθῶμεν,</span> 
     </span>
     <span class='ocr_line' id='line_1_62' title="bbox 1364 671 2389 730; baseline -0.008 -14"><span class='ocrx_word' id='word_1_389' title='bbox 1364 679 1484 730; x_wconf 75' lang='grc' dir='ltr'>χάριτι</span> <span class='ocrx_word' id='word_1_390' title='bbox 1520 677 1580 715; x_wconf 83' lang='grc' dir='ltr'>καὶ</span> <span class='ocrx_word' id='word_1_391' title='bbox 1623 678 1813 726; x_wconf 83' lang='grc' dir='ltr'>οἷκτιρμοῖς</span> <span class='ocrx_word' id='word_1_392' title='bbox 1859 678 1918 712; x_wconf 78' lang='grc' dir='ltr'>τοῦ</span> <span class='ocrx_word' id='word_1_393' title='bbox 1956 672 2086 724; x_wconf 84' lang='grc' dir='ltr'>Κυρίου</span> <span class='ocrx_word' id='word_1_394' title='bbox 2130 675 2230 722; x_wconf 79' lang='grc' dir='ltr'>ἡμῶν</span> <span class='ocrx_word' id='word_1_395' title='bbox 2274 671 2389 718; x_wconf 76' lang='grc' dir='ltr'>Ἰησοῦ</span> 
     </span>
     <span class='ocr_line' id='line_1_63' title="bbox 1365 731 2391 792; baseline -0.009 -14"><span class='ocrx_word' id='word_1_396' title='bbox 1365 740 1545 792; x_wconf 74' lang='grc' dir='ltr'>Χριστοῦ,</span> <span class='ocrx_word' id='word_1_397' title='bbox 1578 741 1652 788; x_wconf 86' lang='grc' dir='ltr'>μεθ’</span> <span class='ocrx_word' id='word_1_398' title='bbox 1684 731 1722 774; x_wconf 72' lang='grc' dir='ltr'>οῧ</span> <span class='ocrx_word' id='word_1_399' title='bbox 1754 739 1804 788; x_wconf 80' lang='grc' dir='ltr'>τῷ</span> <span class='ocrx_word' id='word_1_400' title='bbox 1823 735 1940 786; x_wconf 84' lang='grc' dir='ltr'>Πατρὶ</span> <span class='ocrx_word' id='word_1_401' title='bbox 1976 735 2050 783; x_wconf 89' lang='grc' dir='ltr'>ἅμα</span> <span class='ocrx_word' id='word_1_402' title='bbox 2079 736 2129 785; x_wconf 84' lang='grc' dir='ltr'>τῷ</span> <span class='ocrx_word' id='word_1_403' title='bbox 2159 732 2247 784; x_wconf 77' lang='grc' dir='ltr'>ἁγίῳ</span> <span class='ocrx_word' id='word_1_404' title='bbox 2278 731 2391 770; x_wconf 79' lang='grc' dir='ltr'>Πνεύ-</span> 
     </span>
     <span class='ocr_line' id='line_1_64' title="bbox 1371 791 2390 850; baseline -0.009 -13"><span class='ocrx_word' id='word_1_405' title='bbox 1371 815 1474 850; x_wconf 84' lang='grc' dir='ltr'>ματι,</span> <span class='ocrx_word' id='word_1_406' title='bbox 1497 798 1578 842; x_wconf 78' lang='grc' dir='ltr'>δόξα</span> <span class='ocrx_word' id='word_1_407' title='bbox 1591 828 1600 845; x_wconf 85' lang='grc'>,</span> <span class='ocrx_word' id='word_1_408' title='bbox 1620 797 1767 850; x_wconf 81' lang='grc' dir='ltr'>κράτος,</span> <span class='ocrx_word' id='word_1_409' title='bbox 1783 795 1891 845; x_wconf 78' lang='grc' dir='ltr'>τιμὴ,</span> <span class='ocrx_word' id='word_1_410' title='bbox 1913 799 1970 833; x_wconf 78' lang='grc' dir='ltr'>νῦν</span> <span class='ocrx_word' id='word_1_411' title='bbox 1989 794 2047 832; x_wconf 74' lang='grc' dir='ltr'>καὶ</span> <span class='ocrx_word' id='word_1_412' title='bbox 2075 794 2152 842; x_wconf 82' lang='grc' dir='ltr'>ἀεὶ,</span> <span class='ocrx_word' id='word_1_413' title='bbox 2172 793 2229 832; x_wconf 79' lang='grc' dir='ltr'>καὶ</span> <span class='ocrx_word' id='word_1_414' title='bbox 2250 795 2297 836; x_wconf 81' lang='grc' dir='ltr'>εἷς</span> <span class='ocrx_word' id='word_1_415' title='bbox 2314 791 2390 834; x_wconf 74' lang='grc' dir='ltr'>τοὺς</span> 
     </span>
    </p>
   </div>
   <div class='ocr_carea' id='block_1_13' title="bbox 1370 857 2021 1040">
    <p class='ocr_par' dir='ltr' id='par_1_14' title="bbox 1370 857 2021 1040">
     <span class='ocr_line' id='line_1_65' title="bbox 1370 857 1912 907; baseline -0.007 -9"><span class='ocrx_word' id='word_1_416' title='bbox 1370 862 1496 904; x_wconf 75' lang='grc' dir='ltr'>αἰῶνας</span> <span class='ocrx_word' id='word_1_417' title='bbox 1526 863 1594 898; x_wconf 77' lang='grc' dir='ltr'>τῶν</span> <span class='ocrx_word' id='word_1_418' title='bbox 1615 858 1762 896; x_wconf 79' lang='grc' dir='ltr'>αἰώνων.</span> <span class='ocrx_word' id='word_1_419' title='bbox 1791 857 1912 907; x_wconf 73' lang='grc' dir='ltr'>Ἀμήν.</span> 
     </span>
     <span class='ocr_line' id='line_1_66' title="bbox 1747 988 2021 1040; baseline -0.007 -11"><span class='ocrx_word' id='word_1_420' title='bbox 1747 991 1924 1029; x_wconf 72' lang='grc' dir='ltr'>ΟΜΙᾹΙΑ</span> <span class='ocrx_word' id='word_1_421' title='bbox 1954 988 2021 1040; x_wconf 80' lang='grc' dir='ltr'>λγ’.</span> 
     </span>
    </p>
   </div>
   <div class='ocr_carea' id='block_1_14' title="bbox 1369 1107 2397 1469">
    <p class='ocr_par' dir='ltr' id='par_1_15' title="bbox 1369 1107 2397 1469">
     <span class='ocr_line' id='line_1_67' title="bbox 1369 1107 2396 1165; baseline -0.003 -13"><span class='ocrx_word' id='word_1_422' title='bbox 1369 1112 1509 1165; x_wconf 66' lang='grc' dir='ltr'>Ἄὸραμ</span> <span class='ocrx_word' id='word_1_423' title='bbox 1528 1113 1563 1151; x_wconf 77' lang='grc' dir='ltr'>δὲ</span> <span class='ocrx_word' id='word_1_424' title='bbox 1583 1107 1625 1159; x_wconf 62' lang='grc' dir='ltr'>ἦν</span> <span class='ocrx_word' id='word_1_425' title='bbox 1640 1112 1802 1155; x_wconf 78' lang='grc' dir='ltr'>πλούσιος</span> <span class='ocrx_word' id='word_1_426' title='bbox 1818 1113 1948 1164; x_wconf 70' lang='grc' dir='ltr'>σφόδρα</span> <span class='ocrx_word' id='word_1_427' title='bbox 1963 1111 2102 1157; x_wconf 61' lang='grc' dir='ltr'>κτήνεσι</span> <span class='ocrx_word' id='word_1_428' title='bbox 2116 1139 2125 1156; x_wconf 90' lang='grc'>,</span> <span class='ocrx_word' id='word_1_429' title='bbox 2152 1112 2212 1149; x_wconf 76' lang='grc' dir='ltr'>καὶ</span> <span class='ocrx_word' id='word_1_430' title='bbox 2229 1111 2396 1164; x_wconf 78' lang='grc' dir='ltr'>ἀργυρίῳ,</span> 
     </span>
     <span class='ocr_line' id='line_1_68' title="bbox 1422 1167 2394 1226; baseline -0.004 -13"><span class='ocrx_word' id='word_1_431' title='bbox 1422 1176 1481 1213; x_wconf 82' lang='grc' dir='ltr'>καὶ</span> <span class='ocrx_word' id='word_1_432' title='bbox 1509 1173 1656 1226; x_wconf 76' lang='grc' dir='ltr'>χρυσίῳ.</span> <span class='ocrx_word' id='word_1_433' title='bbox 1692 1173 1761 1211; x_wconf 78' lang='grc' dir='ltr'>Καὶ</span> <span class='ocrx_word' id='word_1_434' title='bbox 1785 1173 1973 1224; x_wconf 76' lang='grc' dir='ltr'>ἐπορεύθη,</span> <span class='ocrx_word' id='word_1_435' title='bbox 2004 1171 2079 1211; x_wconf 73' lang='grc' dir='ltr'>ὅθεν</span> <span class='ocrx_word' id='word_1_436' title='bbox 2099 1167 2222 1219; x_wconf 65' lang='grc' dir='ltr'>ἦλθεν,</span> <span class='ocrx_word' id='word_1_437' title='bbox 2255 1175 2302 1215; x_wconf 85' lang='grc' dir='ltr'>εἷς</span> <span class='ocrx_word' id='word_1_438' title='bbox 2333 1172 2394 1218; x_wconf 73' lang='grc' dir='ltr'>τὴν</span> 
     </span>
     <span class='ocr_line' id='line_1_69' title="bbox 1423 1228 2394 1289; baseline -0.004 -15"><span class='ocrx_word' id='word_1_439' title='bbox 1423 1236 1552 1289; x_wconf 81' lang='grc' dir='ltr'>ἔρημον</span> <span class='ocrx_word' id='word_1_440' title='bbox 1575 1236 1638 1278; x_wconf 78' lang='grc' dir='ltr'>ἕως</span> <span class='ocrx_word' id='word_1_441' title='bbox 1660 1235 1793 1283; x_wconf 68' lang='grc' dir='ltr'>Βεθὴλ,</span> <span class='ocrx_word' id='word_1_442' title='bbox 1817 1235 1879 1277; x_wconf 80' lang='grc' dir='ltr'>ἕως</span> <span class='ocrx_word' id='word_1_443' title='bbox 1898 1239 1957 1273; x_wconf 75' lang='grc' dir='ltr'>τοῦ</span> <span class='ocrx_word' id='word_1_444' title='bbox 1972 1234 2098 1281; x_wconf 83' lang='grc' dir='ltr'>τόπου,</span> <span class='ocrx_word' id='word_1_445' title='bbox 2120 1228 2158 1272; x_wconf 63' lang='grc' dir='ltr'>οὗ</span> <span class='ocrx_word' id='word_1_446' title='bbox 2174 1229 2216 1280; x_wconf 68' lang='grc' dir='ltr'>ἦν</span> <span class='ocrx_word' id='word_1_447' title='bbox 2240 1237 2261 1279; x_wconf 86' lang='grc' dir='ltr'>ἡ</span> <span class='ocrx_word' id='word_1_448' title='bbox 2284 1233 2394 1280; x_wconf 80' lang='grc' dir='ltr'>σκηνὴ</span> 
     </span>
     <span class='ocr_line' id='line_1_70' title="bbox 1425 1294 2397 1348; baseline -0.003 -14"><span class='ocrx_word' id='word_1_449' title='bbox 1425 1300 1528 1335; x_wconf 82' lang='grc' dir='ltr'>αὐτοῦ</span> <span class='ocrx_word' id='word_1_450' title='bbox 1565 1297 1604 1335; x_wconf 78' lang='grc' dir='ltr'>τὸ</span> <span class='ocrx_word' id='word_1_451' title='bbox 1633 1295 1799 1348; x_wconf 86' lang='grc' dir='ltr'>πρότερον</span> <span class='ocrx_word' id='word_1_452' title='bbox 1833 1295 1899 1334; x_wconf 81' lang='grc' dir='ltr'>ἀνὰ</span> <span class='ocrx_word' id='word_1_453' title='bbox 1934 1295 2037 1346; x_wconf 89' lang='grc' dir='ltr'>μέσον</span> <span class='ocrx_word' id='word_1_454' title='bbox 2063 1294 2200 1343; x_wconf 84' lang='grc' dir='ltr'>Βεθὴλ,</span> <span class='ocrx_word' id='word_1_455' title='bbox 2238 1295 2298 1332; x_wconf 84' lang='grc' dir='ltr'>καὶ</span> <span class='ocrx_word' id='word_1_456' title='bbox 2332 1297 2397 1332; x_wconf 74' lang='grc' dir='ltr'>ἀνὰ</span> 
     </span>
     <span class='ocr_line' id='line_1_71' title="bbox 1426 1348 2396 1409; baseline -0.005 -13"><span class='ocrx_word' id='word_1_457' title='bbox 1426 1357 1530 1409; x_wconf 80' lang='grc' dir='ltr'>μέσον</span> <span class='ocrx_word' id='word_1_458' title='bbox 1551 1357 1691 1409; x_wconf 72' lang='grc' dir='ltr'>Ἁγγαὶ,</span> <span class='ocrx_word' id='word_1_459' title='bbox 1721 1360 1768 1400; x_wconf 85' lang='grc' dir='ltr'>εἷς</span> <span class='ocrx_word' id='word_1_460' title='bbox 1796 1356 1853 1393; x_wconf 81' lang='grc' dir='ltr'>τὸν</span> <span class='ocrx_word' id='word_1_461' title='bbox 1879 1356 1983 1394; x_wconf 82' lang='grc' dir='ltr'>τόπον</span> <span class='ocrx_word' id='word_1_462' title='bbox 2001 1360 2060 1394; x_wconf 79' lang='grc' dir='ltr'>τοῦ</span> <span class='ocrx_word' id='word_1_463' title='bbox 2077 1355 2340 1407; x_wconf 81' lang='grc' dir='ltr'>θυσιαστηρίου,</span> <span class='ocrx_word' id='word_1_464' title='bbox 2358 1348 2396 1392; x_wconf 65' lang='grc' dir='ltr'>οὗ</span> 
     </span>
     <span class='ocr_line' id='line_1_72' title="bbox 1425 1417 1905 1469; baseline -0.004 -12"><span class='ocrx_word' id='word_1_465' title='bbox 1425 1418 1584 1464; x_wconf 79' lang='grc' dir='ltr'>ἐποίησεν</span> <span class='ocrx_word' id='word_1_466' title='bbox 1606 1419 1678 1456; x_wconf 80' lang='grc' dir='ltr'>ἐκεῖ</span> <span class='ocrx_word' id='word_1_467' title='bbox 1696 1417 1759 1464; x_wconf 74' lang='grc' dir='ltr'>τὴν</span> <span class='ocrx_word' id='word_1_468' title='bbox 1779 1417 1905 1469; x_wconf 75' lang='grc' dir='ltr'>ἀρχήν.</span> 
     </span>
    </p>
   </div>
   <div class='ocr_carea' id='block_1_15' title="bbox 1370 1538 2400 2815">
    <p class='ocr_par' dir='ltr' id='par_1_16' title="bbox 1370 1538 2400 2815">
     <span class='ocr_line' id='line_1_73' title="bbox 1426 1538 2398 1596; baseline -0.005 -15"><span class='ocrx_word' id='word_1_469' title='bbox 1426 1542 1542 1596; x_wconf 63' lang='lat' dir='ltr'><strong>‘Opffiv</strong></span> <span class='ocrx_word' id='word_1_470' title='bbox 1559 1544 1656 1592; x_wconf 76' lang='grc' dir='ltr'>ὑμῶν</span> <span class='ocrx_word' id='word_1_471' title='bbox 1675 1541 1826 1592; x_wconf 72' lang='grc' dir='ltr'>σήμερον</span> <span class='ocrx_word' id='word_1_472' title='bbox 1846 1539 1909 1586; x_wconf 86' lang='grc' dir='ltr'>τὴν</span> <span class='ocrx_word' id='word_1_473' title='bbox 1931 1539 2019 1589; x_wconf 74' lang='grc' dir='ltr'>μετὰ</span> <span class='ocrx_word' id='word_1_474' title='bbox 2038 1538 2232 1591; x_wconf 82' lang='grc' dir='ltr'>προθυμίας</span> <span class='ocrx_word' id='word_1_475' title='bbox 2252 1540 2398 1576; x_wconf 69' lang='grc' dir='ltr'>ἐνταῦθα</span> 
     </span>
     <span class='ocr_line' id='line_1_74' title="bbox 1374 1602 2398 1656; baseline -0.007 -11"><span class='ocrx_word' id='word_1_476' title='bbox 1374 1607 1528 1653; x_wconf 79' lang='grc' dir='ltr'>σύναξιν,</span> <span class='ocrx_word' id='word_1_477' title='bbox 1545 1605 1606 1644; x_wconf 72' lang='grc' dir='ltr'>καὶ</span> <span class='ocrx_word' id='word_1_478' title='bbox 1633 1605 1691 1643; x_wconf 72' lang='grc' dir='ltr'>τὸν</span> <span class='ocrx_word' id='word_1_479' title='bbox 1708 1604 1788 1656; x_wconf 71' lang='grc' dir='ltr'>περὶ</span> <span class='ocrx_word' id='word_1_480' title='bbox 1806 1603 1868 1650; x_wconf 81' lang='grc' dir='ltr'>τὴν</span> <span class='ocrx_word' id='word_1_481' title='bbox 1890 1603 2054 1655; x_wconf 77' lang='grc' dir='ltr'>ἀκρόασιν</span> <span class='ocrx_word' id='word_1_482' title='bbox 2082 1603 2198 1649; x_wconf 82' lang='grc' dir='ltr'>πόθον,</span> <span class='ocrx_word' id='word_1_483' title='bbox 2227 1602 2398 1653; x_wconf 80' lang='grc' dir='ltr'>βούλομαι</span> 
     </span>
     <span class='ocr_line' id='line_1_75' title="bbox 1372 1663 2398 1720; baseline -0.005 -14"><span class='ocrx_word' id='word_1_484' title='bbox 1372 1667 1474 1720; x_wconf 77' lang='grc' dir='ltr'>χρέος</span> <span class='ocrx_word' id='word_1_485' title='bbox 1503 1670 1584 1717; x_wconf 81' lang='grc' dir='ltr'>ὑμῖν</span> <span class='ocrx_word' id='word_1_486' title='bbox 1616 1670 1837 1713; x_wconf 78' lang='grc' dir='ltr'>καταθεῖναι,</span> <span class='ocrx_word' id='word_1_487' title='bbox 1860 1665 1944 1716; x_wconf 78' lang='grc' dir='ltr'>ὅπερ</span> <span class='ocrx_word' id='word_1_488' title='bbox 1966 1665 2147 1715; x_wconf 52' lang='grc' dir='ltr'>ὀφείλομεν</span> <span class='ocrx_word' id='word_1_489' title='bbox 2176 1667 2218 1715; x_wconf 79' lang='grc' dir='ltr'>τῇ</span> <span class='ocrx_word' id='word_1_490' title='bbox 2246 1663 2398 1715; x_wconf 79' lang='grc' dir='ltr'>ὑμετέρα</span> 
     </span>
     <span class='ocr_line' id='line_1_76' title="bbox 1375 1721 2398 1779; baseline -0.005 -13"><span class='ocrx_word' id='word_1_491' title='bbox 1375 1729 1506 1779; x_wconf 78' lang='grc' dir='ltr'>ἀγάπῃ.</span> <span class='ocrx_word' id='word_1_492' title='bbox 1534 1728 1602 1766; x_wconf 78' lang='grc' dir='ltr'>Καὶ</span> <span class='ocrx_word' id='word_1_493' title='bbox 1629 1721 1705 1765; x_wconf 67' lang='grc' dir='ltr'>οἶδα</span> <span class='ocrx_word' id='word_1_494' title='bbox 1719 1726 1772 1764; x_wconf 73' lang='grc' dir='ltr'>ὅτι</span> <span class='ocrx_word' id='word_1_495' title='bbox 1793 1726 1889 1764; x_wconf 76' lang='grc' dir='ltr'>αὐτοὶ</span> <span class='ocrx_word' id='word_1_496' title='bbox 1913 1725 1973 1775; x_wconf 84' lang='grc' dir='ltr'>μὲν</span> <span class='ocrx_word' id='word_1_497' title='bbox 1994 1725 2076 1767; x_wconf 87' lang='grc' dir='ltr'>ἴσως</span> <span class='ocrx_word' id='word_1_498' title='bbox 2096 1724 2321 1771; x_wconf 80' lang='grc' dir='ltr'>ἐπιλέλησθε,</span> <span class='ocrx_word' id='word_1_499' title='bbox 2341 1724 2398 1761; x_wconf 83' lang='grc' dir='ltr'>διὰ</span> 
     </span>
     <span class='ocr_line' id='line_1_77' title="bbox 1372 1785 2398 1840; baseline -0.006 -13"><span class='ocrx_word' id='word_1_500' title='bbox 1372 1790 1412 1827; x_wconf 80' lang='grc' dir='ltr'>τὸ</span> <span class='ocrx_word' id='word_1_501' title='bbox 1427 1789 1558 1832; x_wconf 78' lang='grc' dir='ltr'>πολλὰς</span> <span class='ocrx_word' id='word_1_502' title='bbox 1587 1791 1621 1826; x_wconf 80' lang='grc' dir='ltr'>ἐν</span> <span class='ocrx_word' id='word_1_503' title='bbox 1643 1791 1692 1840; x_wconf 81' lang='grc' dir='ltr'>τῷ</span> <span class='ocrx_word' id='word_1_504' title='bbox 1725 1787 1853 1838; x_wconf 70' lang='grc' dir='ltr'>μεταξὺ</span> <span class='ocrx_word' id='word_1_505' title='bbox 1873 1789 2058 1837; x_wconf 79' lang='grc' dir='ltr'>παρελθεῖν</span> <span class='ocrx_word' id='word_1_506' title='bbox 2072 1786 2227 1838; x_wconf 76' lang='grc' dir='ltr'>ἡμέρας,</span> <span class='ocrx_word' id='word_1_507' title='bbox 2249 1786 2308 1822; x_wconf 83' lang='grc' dir='ltr'>καὶ</span> <span class='ocrx_word' id='word_1_508' title='bbox 2345 1785 2398 1836; x_wconf 76' lang='grc' dir='ltr'>ἐφ’</span> 
     </span>
     <span class='ocr_line' id='line_1_78' title="bbox 1373 1845 2399 1902; baseline -0.006 -14"><span class='ocrx_word' id='word_1_509' title='bbox 1373 1850 1474 1902; x_wconf 79' lang='grc' dir='ltr'>ἕτερα</span> <span class='ocrx_word' id='word_1_510' title='bbox 1493 1853 1578 1900; x_wconf 86' lang='grc' dir='ltr'>ἡμῖν</span> <span class='ocrx_word' id='word_1_511' title='bbox 1606 1849 1852 1894; x_wconf 78' lang='grc' dir='ltr'>ἐξελκυσθῆναι</span> <span class='ocrx_word' id='word_1_512' title='bbox 1886 1846 1950 1894; x_wconf 79' lang='grc' dir='ltr'>τὴν</span> <span class='ocrx_word' id='word_1_513' title='bbox 1970 1845 2131 1890; x_wconf 78' lang='grc' dir='ltr'>διάλεξιν.</span> <span class='ocrx_word' id='word_1_514' title='bbox 2165 1845 2210 1884; x_wconf 77' lang='lat' dir='ltr'>‘H</span> <span class='ocrx_word' id='word_1_515' title='bbox 2243 1845 2311 1899; x_wconf 83' lang='grc' dir='ltr'>γὰρ</span> <span class='ocrx_word' id='word_1_516' title='bbox 2337 1849 2399 1892; x_wconf 79' lang='grc' dir='ltr'>τ’ἧς</span> 
     </span>
     <span class='ocr_line' id='line_1_79' title="bbox 1373 1907 2397 1964; baseline -0.005 -15"><span class='ocrx_word' id='word_1_517' title='bbox 1373 1911 1473 1962; x_wconf 82' lang='grc' dir='ltr'>ἁγίας</span> <span class='ocrx_word' id='word_1_518' title='bbox 1494 1914 1616 1964; x_wconf 74' lang='grc' dir='ltr'>ἑορτῆς</span> <span class='ocrx_word' id='word_1_519' title='bbox 1635 1910 1807 1963; x_wconf 84' lang='grc' dir='ltr'>παρουσία</span> <span class='ocrx_word' id='word_1_520' title='bbox 1825 1908 1888 1956; x_wconf 78' lang='grc' dir='ltr'>τὴν</span> <span class='ocrx_word' id='word_1_521' title='bbox 1905 1907 2108 1946; x_wconf 84' lang='grc' dir='ltr'>ἀκολουθίαν</span> <span class='ocrx_word' id='word_1_522' title='bbox 2128 1910 2212 1957; x_wconf 83' lang='grc' dir='ltr'>ἡμῖν</span> <span class='ocrx_word' id='word_1_523' title='bbox 2229 1907 2397 1958; x_wconf 77' lang='grc' dir='ltr'>διέκοψεν.</span> 
     </span>
     <span class='ocr_line' id='line_1_80' title="bbox 1373 1967 2400 2024; baseline -0.005 -14"><span class='ocrx_word' id='word_1_524' title='bbox 1373 1971 1463 2011; x_wconf 79' lang='grc' dir='ltr'>Οὐδὲ</span> <span class='ocrx_word' id='word_1_525' title='bbox 1492 1971 1560 2024; x_wconf 84' lang='grc' dir='ltr'>γὰρ</span> <span class='ocrx_word' id='word_1_526' title='bbox 1587 1967 1628 2018; x_wconf 61' lang='grc' dir='ltr'>ἦν</span> <span class='ocrx_word' id='word_1_527' title='bbox 1650 1971 1789 2023; x_wconf 76' lang='grc' dir='ltr'>εὔλογον</span> <span class='ocrx_word' id='word_1_528' title='bbox 1808 1971 1865 2009; x_wconf 83' lang='grc' dir='ltr'>τὸν</span> <span class='ocrx_word' id='word_1_529' title='bbox 1886 1969 2033 2021; x_wconf 79' lang='grc' dir='ltr'>σταυρὸν</span> <span class='ocrx_word' id='word_1_530' title='bbox 2063 1972 2157 2019; x_wconf 78' lang='grc' dir='ltr'>ἡμᾶς</span> <span class='ocrx_word' id='word_1_531' title='bbox 2176 1968 2400 2020; x_wconf 76' lang='grc' dir='ltr'>ἑορτάζοντας</span> 
     </span>
     <span class='ocr_line' id='line_1_81' title="bbox 1371 2029 2399 2086; baseline -0.003 -16"><span class='ocrx_word' id='word_1_532' title='bbox 1371 2038 1430 2072; x_wconf 79' lang='grc' dir='ltr'>τοῦ</span> <span class='ocrx_word' id='word_1_533' title='bbox 1446 2032 1646 2080; x_wconf 79' lang='grc' dir='ltr'>Δεσπότου,</span> <span class='ocrx_word' id='word_1_534' title='bbox 1675 2033 1755 2086; x_wconf 80' lang='grc' dir='ltr'>περὶ</span> <span class='ocrx_word' id='word_1_535' title='bbox 1783 2032 1884 2083; x_wconf 84' lang='grc' dir='ltr'>ἕτερα</span> <span class='ocrx_word' id='word_1_536' title='bbox 1910 2035 1995 2082; x_wconf 76' lang='grc' dir='ltr'>ἡμῖν</span> <span class='ocrx_word' id='word_1_537' title='bbox 2010 2030 2074 2076; x_wconf 74' lang='grc' dir='ltr'>τὴν</span> <span class='ocrx_word' id='word_1_538' title='bbox 2098 2029 2325 2075; x_wconf 80' lang='grc' dir='ltr'>διδασκαλίαν</span> <span class='ocrx_word' id='word_1_539' title='bbox 2347 2030 2399 2082; x_wconf 84' lang='grc' dir='ltr'>γί-</span> 
     </span>
     <span class='ocr_line' id='line_1_82' title="bbox 1372 2091 2397 2145; baseline -0.004 -13"><span class='ocrx_word' id='word_1_540' title='bbox 1372 2098 1509 2132; x_wconf 90' lang='grc' dir='ltr'>νεσθαι·</span> <span class='ocrx_word' id='word_1_541' title='bbox 1533 2095 1610 2132; x_wconf 85' lang='grc' dir='ltr'>ἀλλ’</span> <span class='ocrx_word' id='word_1_542' title='bbox 1644 2095 1752 2145; x_wconf 66' lang='grc' dir='ltr'>ἐχρῆν</span> <span class='ocrx_word' id='word_1_543' title='bbox 1773 2095 1851 2132; x_wconf 84' lang='grc' dir='ltr'>καθ’</span> <span class='ocrx_word' id='word_1_544' title='bbox 1874 2093 2019 2131; x_wconf 79' lang='grc' dir='ltr'>ἕκαστον</span> <span class='ocrx_word' id='word_1_545' title='bbox 2043 2091 2163 2143; x_wconf 78' lang='grc' dir='ltr'>καιρὸν</span> <span class='ocrx_word' id='word_1_546' title='bbox 2181 2091 2245 2137; x_wconf 84' lang='grc' dir='ltr'>τὴν</span> <span class='ocrx_word' id='word_1_547' title='bbox 2266 2091 2397 2143; x_wconf 81' lang='grc' dir='ltr'>ἁρμότ-</span> 
     </span>
     <span class='ocr_line' id='line_1_83' title="bbox 1371 2151 2399 2206; baseline -0.004 -13"><span class='ocrx_word' id='word_1_548' title='bbox 1371 2171 1497 2194; x_wconf 86' lang='grc' dir='ltr'>τουσαν</span> <span class='ocrx_word' id='word_1_549' title='bbox 1525 2158 1606 2205; x_wconf 80' lang='grc' dir='ltr'>ὑμῖν</span> <span class='ocrx_word' id='word_1_550' title='bbox 1631 2153 1860 2206; x_wconf 87' lang='grc' dir='ltr'>παρατιθέναι</span> <span class='ocrx_word' id='word_1_551' title='bbox 1879 2154 2068 2204; x_wconf 79' lang='grc' dir='ltr'>τράπεζαν.</span> <span class='ocrx_word' id='word_1_552' title='bbox 2096 2157 2109 2172; x_wconf 73' lang='lat'>²¹</span> <span class='ocrx_word' id='word_1_553' title='bbox 2125 2151 2193 2190; x_wconf 83' lang='grc' dir='ltr'>Διοί</span> <span class='ocrx_word' id='word_1_554' title='bbox 2220 2167 2273 2189; x_wconf 92' lang='grc' dir='ltr'>τοι</span> <span class='ocrx_word' id='word_1_555' title='bbox 2298 2155 2399 2190; x_wconf 81' lang='grc' dir='ltr'>τοῦτο</span> 
     </span>
     <span class='ocr_line' id='line_1_84' title="bbox 1371 2212 2399 2266; baseline -0.002 -14"><span class='ocrx_word' id='word_1_556' title='bbox 1371 2216 1475 2262; x_wconf 76' lang='grc' dir='ltr'>ἡνίκα</span> <span class='ocrx_word' id='word_1_557' title='bbox 1494 2219 1515 2261; x_wconf 82' lang='grc' dir='ltr'>ἡ</span> <span class='ocrx_word' id='word_1_558' title='bbox 1539 2219 1601 2262; x_wconf 81' lang='grc' dir='ltr'>τ’ῆς</span> <span class='ocrx_word' id='word_1_559' title='bbox 1636 2215 1862 2266; x_wconf 70' lang='grc' dir='ltr'>παραδόσεως</span> <span class='ocrx_word' id='word_1_560' title='bbox 1892 2213 2037 2266; x_wconf 63' lang='grc' dir='ltr'>ἔφθασεν</span> <span class='ocrx_word' id='word_1_561' title='bbox 2063 2213 2202 2265; x_wconf 78' lang='grc' dir='ltr'>ἡμέρα,</span> <span class='ocrx_word' id='word_1_562' title='bbox 2233 2212 2296 2259; x_wconf 77' lang='grc' dir='ltr'>τὴν</span> <span class='ocrx_word' id='word_1_563' title='bbox 2317 2215 2399 2250; x_wconf 87' lang='grc' dir='ltr'>ἀκο-</span> 
     </span>
     <span class='ocr_line' id='line_1_85' title="bbox 1370 2273 2399 2326; baseline -0.004 -12"><span class='ocrx_word' id='word_1_564' title='bbox 1370 2275 1509 2314; x_wconf 89' lang='grc' dir='ltr'>λουθίαν</span> <span class='ocrx_word' id='word_1_565' title='bbox 1538 2275 1758 2326; x_wconf 78' lang='grc' dir='ltr'>δια-εμόντες</span> <span class='ocrx_word' id='word_1_566' title='bbox 1793 2279 1855 2321; x_wconf 70' lang='grc' dir='ltr'>τῆς</span> <span class='ocrx_word' id='word_1_567' title='bbox 1887 2274 2131 2321; x_wconf 77' lang='grc' dir='ltr'>διδασκαλίας,</span> <span class='ocrx_word' id='word_1_568' title='bbox 2151 2277 2210 2311; x_wconf 75' lang='grc' dir='ltr'>τοῦ</span> <span class='ocrx_word' id='word_1_569' title='bbox 2231 2273 2399 2311; x_wconf 80' lang='grc' dir='ltr'>κατεπεί-</span> 
     </span>
     <span class='ocr_line' id='line_1_86' title="bbox 1371 2335 2398 2388; baseline -0.002 -15"><span class='ocrx_word' id='word_1_570' title='bbox 1371 2351 1488 2387; x_wconf 82' lang='grc' dir='ltr'>γοντος</span> <span class='ocrx_word' id='word_1_571' title='bbox 1506 2335 1706 2388; x_wconf 73' lang='grc' dir='ltr'>γενόμενοι,</span> <span class='ocrx_word' id='word_1_572' title='bbox 1728 2336 1785 2374; x_wconf 79' lang='grc' dir='ltr'>ἐπὶ</span> <span class='ocrx_word' id='word_1_573' title='bbox 1800 2336 1857 2374; x_wconf 84' lang='grc' dir='ltr'>τὸν</span> <span class='ocrx_word' id='word_1_574' title='bbox 1869 2336 2040 2387; x_wconf 71' lang='grc' dir='ltr'>προδότην</span> <span class='ocrx_word' id='word_1_575' title='bbox 2059 2335 2122 2381; x_wconf 83' lang='grc' dir='ltr'>τὴν</span> <span class='ocrx_word' id='word_1_576' title='bbox 2136 2336 2295 2385; x_wconf 81' lang='grc' dir='ltr'>γλῶτταν</span> <span class='ocrx_word' id='word_1_577' title='bbox 2312 2335 2398 2372; x_wconf 81' lang='grc' dir='ltr'>ἐπα-</span> 
     </span>
     <span class='ocr_line' id='line_1_87' title="bbox 1372 2395 2399 2448; baseline -0.003 -13"><span class='ocrx_word' id='word_1_578' title='bbox 1372 2397 1552 2448; x_wconf 76' lang='grc' dir='ltr'>φήκαμεν,</span> <span class='ocrx_word' id='word_1_579' title='bbox 1585 2397 1645 2434; x_wconf 75' lang='grc' dir='ltr'>καὶ</span> <span class='ocrx_word' id='word_1_580' title='bbox 1673 2397 1778 2435; x_wconf 85' lang='grc' dir='ltr'>πάλιν</span> <span class='ocrx_word' id='word_1_581' title='bbox 1811 2396 1854 2434; x_wconf 75' lang='grc' dir='ltr'>τὰ</span> <span class='ocrx_word' id='word_1_582' title='bbox 1882 2396 1972 2434; x_wconf 69' lang='grc' dir='ltr'>κατὰ</span> <span class='ocrx_word' id='word_1_583' title='bbox 2000 2396 2058 2434; x_wconf 73' lang='grc' dir='ltr'>τὸν</span> <span class='ocrx_word' id='word_1_584' title='bbox 2079 2395 2227 2447; x_wconf 81' lang='grc' dir='ltr'>σταυρὸν</span> <span class='ocrx_word' id='word_1_585' title='bbox 2249 2395 2399 2447; x_wconf 58' lang='grc' dir='ltr'>ὒμίνξεῖς</span> 
     </span>
     <span class='ocr_line' id='line_1_88' title="bbox 1373 2452 2398 2511; baseline -0.003 -14"><span class='ocrx_word' id='word_1_586' title='bbox 1373 2459 1475 2508; x_wconf 83' lang='grc' dir='ltr'>μέσον</span> <span class='ocrx_word' id='word_1_587' title='bbox 1495 2458 1752 2511; x_wconf 79' lang='grc' dir='ltr'>προεθήκαμεν.</span> <span class='ocrx_word' id='word_1_588' title='bbox 1774 2452 1862 2496; x_wconf 66' lang='grc' dir='ltr'>Εἶτα</span> <span class='ocrx_word' id='word_1_589' title='bbox 1884 2458 2105 2500; x_wconf 78' lang='grc' dir='ltr'>ἀναστάσεως</span> <span class='ocrx_word' id='word_1_590' title='bbox 2120 2457 2254 2508; x_wconf 75' lang='grc' dir='ltr'>ἡμέρας</span> <span class='ocrx_word' id='word_1_591' title='bbox 2289 2472 2398 2495; x_wconf 81' lang='grc' dir='ltr'>κατα·</span> 
     </span>
     <span class='ocr_line' id='line_1_89' title="bbox 1370 2513 2398 2571; baseline -0.002 -14"><span class='ocrx_word' id='word_1_592' title='bbox 1370 2520 1564 2566; x_wconf 63' lang='grc' dir='ltr'>λανῗούσης,</span> <span class='ocrx_word' id='word_1_593' title='bbox 1599 2521 1786 2570; x_wconf 69' lang='grc' dir='ltr'>ἀναγκαῖον</span> <span class='ocrx_word' id='word_1_594' title='bbox 1820 2513 1861 2565; x_wconf 66' lang='grc' dir='ltr'>ἦν</span> <span class='ocrx_word' id='word_1_595' title='bbox 1892 2518 1935 2556; x_wconf 80' lang='grc' dir='ltr'>τὰ</span> <span class='ocrx_word' id='word_1_596' title='bbox 1968 2518 2048 2571; x_wconf 75' lang='grc' dir='ltr'>περὶ</span> <span class='ocrx_word' id='word_1_597' title='bbox 2083 2521 2144 2565; x_wconf 69' lang='grc' dir='ltr'>τῆς</span> <span class='ocrx_word' id='word_1_598' title='bbox 2178 2520 2398 2560; x_wconf 77' lang='grc' dir='ltr'>ἀναστάσεως</span> 
     </span>
     <span class='ocr_line' id='line_1_90' title="bbox 1370 2579 2398 2631; baseline -0.002 -13"><span class='ocrx_word' id='word_1_599' title='bbox 1370 2585 1429 2619; x_wconf 78' lang='grc' dir='ltr'>τοῦ</span> <span class='ocrx_word' id='word_1_600' title='bbox 1456 2583 1633 2619; x_wconf 75' lang='grc' dir='ltr'>Δεσπότου</span> <span class='ocrx_word' id='word_1_601' title='bbox 1668 2579 1801 2624; x_wconf 74' lang='grc' dir='ltr'>διδάξαι</span> <span class='ocrx_word' id='word_1_602' title='bbox 1839 2579 1901 2626; x_wconf 77' lang='grc' dir='ltr'>τὴν</span> <span class='ocrx_word' id='word_1_603' title='bbox 1937 2579 2108 2631; x_wconf 79' lang='grc' dir='ltr'>ὑμετέραν</span> <span class='ocrx_word' id='word_1_604' title='bbox 2138 2579 2278 2629; x_wconf 78' lang='grc' dir='ltr'>ἀγάπην</span> <span class='ocrx_word' id='word_1_605' title='bbox 2293 2609 2303 2627; x_wconf 90' lang='grc'>,</span> <span class='ocrx_word' id='word_1_606' title='bbox 2338 2579 2398 2616; x_wconf 77' lang='grc' dir='ltr'>καὶ</span> 
     </span>
     <span class='ocr_line' id='line_1_91' title="bbox 1371 2639 2397 2693; baseline -0.003 -14"><span class='ocrx_word' id='word_1_607' title='bbox 1371 2642 1477 2679; x_wconf 77' lang='grc' dir='ltr'>πάλιν</span> <span class='ocrx_word' id='word_1_608' title='bbox 1500 2643 1534 2679; x_wconf 82' lang='grc' dir='ltr'>ἐν</span> <span class='ocrx_word' id='word_1_609' title='bbox 1567 2648 1641 2685; x_wconf 84' lang='grc' dir='ltr'>ταῖς</span> <span class='ocrx_word' id='word_1_610' title='bbox 1669 2641 1788 2693; x_wconf 67' lang='grc' dir='ltr'>ἐφεξῆς</span> <span class='ocrx_word' id='word_1_611' title='bbox 1812 2641 1960 2693; x_wconf 80' lang='grc' dir='ltr'>ἡμέραις</span> <span class='ocrx_word' id='word_1_612' title='bbox 1989 2643 2050 2686; x_wconf 79' lang='grc' dir='ltr'>τῆς</span> <span class='ocrx_word' id='word_1_613' title='bbox 2083 2639 2304 2683; x_wconf 70' lang='grc' dir='ltr'>ἀναστάσεως</span> <span class='ocrx_word' id='word_1_614' title='bbox 2334 2639 2397 2686; x_wconf 80' lang='grc' dir='ltr'>τὴν</span> 
     </span>
     <span class='ocr_line' id='line_1_92' title="bbox 1372 2701 2398 2755; baseline -0.001 -16"><span class='ocrx_word' id='word_1_615' title='bbox 1372 2702 1544 2747; x_wconf 73' lang='grc' dir='ltr'>ἀπόδειξιν</span> <span class='ocrx_word' id='word_1_616' title='bbox 1563 2706 1644 2753; x_wconf 82' lang='grc' dir='ltr'>ὑμῖν</span> <span class='ocrx_word' id='word_1_617' title='bbox 1663 2709 1856 2755; x_wconf 76' lang='grc' dir='ltr'>παρασχεῖν</span> <span class='ocrx_word' id='word_1_618' title='bbox 1881 2702 1936 2740; x_wconf 80' lang='grc' dir='ltr'>διὰ</span> <span class='ocrx_word' id='word_1_619' title='bbox 1955 2705 2022 2740; x_wconf 82' lang='grc' dir='ltr'>τῶν</span> <span class='ocrx_word' id='word_1_620' title='bbox 2045 2701 2134 2751; x_wconf 79' lang='grc' dir='ltr'>μετὰ</span> <span class='ocrx_word' id='word_1_621' title='bbox 2162 2705 2272 2739; x_wconf 75' lang='grc' dir='ltr'>ταῦτα</span> <span class='ocrx_word' id='word_1_622' title='bbox 2301 2716 2398 2753; x_wconf 80' lang='grc' dir='ltr'>γεγε-</span> 
     </span>
     <span class='ocr_line' id='line_1_93' title="bbox 1372 2762 2398 2815; baseline 0.001 -16"><span class='ocrx_word' id='word_1_623' title='bbox 1372 2763 1527 2813; x_wconf 82' lang='grc' dir='ltr'>νημένων</span> <span class='ocrx_word' id='word_1_624' title='bbox 1560 2763 1767 2814; x_wconf 68' lang='grc' dir='ltr'>θαυμάτων,</span> <span class='ocrx_word' id='word_1_625' title='bbox 1797 2765 1852 2801; x_wconf 79' lang='grc' dir='ltr'>ὅτε</span> <span class='ocrx_word' id='word_1_626' title='bbox 1869 2763 1927 2800; x_wconf 80' lang='grc' dir='ltr'>καὶ</span> <span class='ocrx_word' id='word_1_627' title='bbox 1947 2766 2014 2800; x_wconf 78' lang='grc' dir='ltr'>τῶν</span> <span class='ocrx_word' id='word_1_628' title='bbox 2031 2762 2198 2815; x_wconf 73' lang='grc' dir='ltr'>Πράξεων</span> <span class='ocrx_word' id='word_1_629' title='bbox 2225 2765 2292 2800; x_wconf 82' lang='grc' dir='ltr'>τῶν</span> <span class='ocrx_word' id='word_1_630' title='bbox 2315 2764 2398 2800; x_wconf 83' lang='grc' dir='ltr'>ἀπο-</span> 
     </span>
    </p>
   </div>
   <div class='ocr_carea' id='block_1_16' title="bbox 1391 2886 2401 3349">
    <p class='ocr_par' dir='ltr' id='par_1_17' title="bbox 1391 2886 2401 3349">
     <span class='ocr_line' id='line_1_94' title="bbox 1392 2886 2399 2932; baseline 0.003 -15"><span class='ocrx_word' id='word_1_631' title='bbox 1392 2887 1501 2918; x_wconf 87' lang='lat' dir='ltr'>Tomo</span> <span class='ocrx_word' id='word_1_632' title='bbox 1518 2886 1628 2918; x_wconf 76' lang='lat' dir='ltr'>habes.</span> <span class='ocrx_word' id='word_1_633' title='bbox 1646 2888 1778 2919; x_wconf 68' lang='lat' dir='ltr'>Deinde</span> <span class='ocrx_word' id='word_1_634' title='bbox 1797 2889 1838 2920; x_wconf 82' lang='lat' dir='ltr'>de</span> <span class='ocrx_word' id='word_1_635' title='bbox 1856 2900 1950 2920; x_wconf 71' lang='lat' dir='ltr'>eruce</span> <span class='ocrx_word' id='word_1_636' title='bbox 1967 2889 2086 2931; x_wconf 79' lang='lat' dir='ltr'>aliqua</span> <span class='ocrx_word' id='word_1_637' title='bbox 2111 2890 2143 2919; x_wconf 74' lang='lat' dir='ltr'>in</span> <span class='ocrx_word' id='word_1_638' title='bbox 2167 2889 2308 2920; x_wconf 78' lang='lat' dir='ltr'>medium</span> <span class='ocrx_word' id='word_1_639' title='bbox 2327 2900 2399 2932; x_wconf 76' lang='lat' dir='ltr'>pm-</span> 
     </span>
     <span class='ocr_line' id='line_1_95' title="bbox 1394 2939 2401 2983; baseline 0.003 -14"><span class='ocrx_word' id='word_1_640' title='bbox 1394 2939 1539 2970; x_wconf 75' lang='lat' dir='ltr'>!nlimus.</span> <span class='ocrx_word' id='word_1_641' title='bbox 1560 2941 1667 2981; x_wconf 64' lang='lat' dir='ltr'>Pergit</span> <span class='ocrx_word' id='word_1_642' title='bbox 1685 2940 1960 2983; x_wconf 67' lang='lat' dir='ltr'>Clirysostonuis,</span> <span class='ocrx_word' id='word_1_643' title='bbox 1979 2941 2172 2972; x_wconf 78' lang='lat' dir='ltr'>ulterutram</span> <span class='ocrx_word' id='word_1_644' title='bbox 2191 2951 2232 2972; x_wconf 80' lang='lat' dir='ltr'>ex</span> <span class='ocrx_word' id='word_1_645' title='bbox 2249 2939 2401 2972; x_wconf 83' lang='lat' dir='ltr'>Homiliis</span> 
     </span>
     <span class='ocr_line' id='line_1_96' title="bbox 1393 2989 2399 3035; baseline 0.004 -15"><span class='ocrx_word' id='word_1_646' title='bbox 1393 2989 1434 3020; x_wconf 84' lang='lat' dir='ltr'>(le</span> <span class='ocrx_word' id='word_1_647' title='bbox 1451 3001 1547 3022; x_wconf 88' lang='lat' dir='ltr'>cruce</span> <span class='ocrx_word' id='word_1_648' title='bbox 1560 3018 1567 3031; x_wconf 58' lang='lat'>7</span> <span class='ocrx_word' id='word_1_649' title='bbox 1581 3002 1652 3032; x_wconf 65' lang='lat' dir='ltr'>quat:</span> <span class='ocrx_word' id='word_1_650' title='bbox 1669 2999 1742 3032; x_wconf 66' lang='lat' dir='ltr'>post</span> <span class='ocrx_word' id='word_1_651' title='bbox 1762 2992 1922 3023; x_wconf 67' lang='lat' dir='ltr'>tlomilias</span> <span class='ocrx_word' id='word_1_652' title='bbox 1938 2992 1978 3023; x_wconf 85' lang='lat' dir='ltr'>de</span> <span class='ocrx_word' id='word_1_653' title='bbox 1995 2991 2166 3035; x_wconf 79' lang='lat' dir='ltr'>proditore</span> <span class='ocrx_word' id='word_1_654' title='bbox 2189 2991 2274 3024; x_wconf 78' lang='lat' dir='ltr'>Juda</span> <span class='ocrx_word' id='word_1_655' title='bbox 2290 2993 2399 3024; x_wconf 81' lang='lat' dir='ltr'>Torno</span> 
     </span>
     <span class='ocr_line' id='line_1_97' title="bbox 1393 3041 2398 3084; baseline 0.005 -12"><span class='ocrx_word' id='word_1_656' title='bbox 1393 3041 1539 3074; x_wconf 72' lang='lat' dir='ltr'>secundo</span> <span class='ocrx_word' id='word_1_657' title='bbox 1557 3051 1736 3084; x_wconf 82' lang='lat' dir='ltr'>ponuntur,</span> <span class='ocrx_word' id='word_1_658' title='bbox 1756 3043 1917 3077; x_wconf 62' lang='lat' dir='ltr'>indicans</span> <span class='ocrx_word' id='word_1_659' title='bbox 1934 3045 1992 3076; x_wconf 63' lang='lat' dir='ltr'>Dsse</span> <span class='ocrx_word' id='word_1_660' title='bbox 2008 3054 2118 3077; x_wconf 81' lang='lat' dir='ltr'>autem</span> <span class='ocrx_word' id='word_1_661' title='bbox 2136 3044 2267 3077; x_wconf 63' lang='lat' dir='ltr'>Paschae</span> <span class='ocrx_word' id='word_1_662' title='bbox 2282 3053 2398 3077; x_wconf 83' lang='lat' dir='ltr'>contra</span> 
     </span>
     <span class='ocr_line' id='line_1_98' title="bbox 1394 3093 2398 3130; baseline 0.003 -6"><span class='ocrx_word' id='word_1_663' title='bbox 1394 3093 1540 3125; x_wconf 68' lang='lat' dir='ltr'>ebriosos</span> <span class='ocrx_word' id='word_1_664' title='bbox 1563 3102 1595 3125; x_wconf 83' lang='lat' dir='ltr'>et</span> <span class='ocrx_word' id='word_1_665' title='bbox 1620 3093 1661 3126; x_wconf 76' lang='lat' dir='ltr'>de</span> <span class='ocrx_word' id='word_1_666' title='bbox 1686 3098 1922 3128; x_wconf 79' lang='lat' dir='ltr'>resurreetione</span> <span class='ocrx_word' id='word_1_667' title='bbox 1939 3098 2157 3129; x_wconf 80' lang='lat' dir='ltr'>concionatus</span> <span class='ocrx_word' id='word_1_668' title='bbox 2172 3105 2221 3129; x_wconf 84' lang='lat' dir='ltr'>est.</span> <span class='ocrx_word' id='word_1_669' title='bbox 2239 3113 2244 3130; x_wconf 87' lang='lat'>:</span> <span class='ocrx_word' id='word_1_670' title='bbox 2263 3096 2398 3129; x_wconf 82' lang='lat' dir='ltr'>demum</span> 
     </span>
     <span class='ocr_line' id='line_1_99' title="bbox 1395 3147 2398 3191; baseline 0.003 -13"><span class='ocrx_word' id='word_1_671' title='bbox 1395 3154 1542 3189; x_wconf 74' lang='lat' dir='ltr'>tempore</span> <span class='ocrx_word' id='word_1_672' title='bbox 1560 3147 1708 3179; x_wconf 76' lang='lat' dir='ltr'>l‘asclmli</span> <span class='ocrx_word' id='word_1_673' title='bbox 1727 3147 1887 3180; x_wconf 84' lang='lat' dir='ltr'>lIomilias</span> <span class='ocrx_word' id='word_1_674' title='bbox 1904 3148 2019 3180; x_wconf 80' lang='lat' dir='ltr'>habuit</span> <span class='ocrx_word' id='word_1_675' title='bbox 2035 3151 2066 3180; x_wconf 91' lang='lat' dir='ltr'>in</span> <span class='ocrx_word' id='word_1_676' title='bbox 2082 3149 2280 3191; x_wconf 79' lang='lat' dir='ltr'>principium</span> <span class='ocrx_word' id='word_1_677' title='bbox 2299 3151 2398 3181; x_wconf 81' lang='lat' dir='ltr'>Acto-</span> 
     </span>
     <span class='ocr_line' id='line_1_100' title="bbox 1392 3198 2398 3241; baseline 0.003 -12"><span class='ocrx_word' id='word_1_678' title='bbox 1392 3201 1559 3231; x_wconf 71' lang='lat' dir='ltr'>rum.lI;rc</span> <span class='ocrx_word' id='word_1_679' title='bbox 1575 3198 1723 3241; x_wconf 75' lang='lat' dir='ltr'>pluribus</span> <span class='ocrx_word' id='word_1_680' title='bbox 1736 3207 1887 3232; x_wconf 79' lang='lat' dir='ltr'>enarrata</span> <span class='ocrx_word' id='word_1_681' title='bbox 1905 3199 1979 3232; x_wconf 67' lang='lat' dir='ltr'>vide</span> <span class='ocrx_word' id='word_1_682' title='bbox 1992 3203 2100 3234; x_wconf 85' lang='lat' dir='ltr'>Tomo</span> <span class='ocrx_word' id='word_1_683' title='bbox 2116 3203 2212 3235; x_wconf 86' lang='lat' dir='ltr'>tertio</span> <span class='ocrx_word' id='word_1_684' title='bbox 2224 3203 2255 3233; x_wconf 87' lang='lat' dir='ltr'>in</span> <span class='ocrx_word' id='word_1_685' title='bbox 2272 3202 2398 3233; x_wconf 86' lang='lat' dir='ltr'>Monito</span> 
     </span>
     <span class='ocr_line' id='line_1_101' title="bbox 1393 3249 2398 3297; baseline 0.005 -16"><span class='ocrx_word' id='word_1_686' title='bbox 1393 3249 1434 3281; x_wconf 80' lang='lat' dir='ltr'>nd</span> <span class='ocrx_word' id='word_1_687' title='bbox 1459 3251 1618 3283; x_wconf 72' lang='lat' dir='ltr'>llomilins</span> <span class='ocrx_word' id='word_1_688' title='bbox 1648 3253 1680 3284; x_wconf 90' lang='lat' dir='ltr'>in</span> <span class='ocrx_word' id='word_1_689' title='bbox 1708 3253 1906 3294; x_wconf 76' lang='lat' dir='ltr'>principium</span> <span class='ocrx_word' id='word_1_690' title='bbox 1933 3254 2089 3285; x_wconf 79' lang='lat' dir='ltr'>Actorum</span> <span class='ocrx_word' id='word_1_691' title='bbox 2116 3266 2147 3296; x_wconf 84' lang='lat' dir='ltr'>p.</span> <span class='ocrx_word' id='word_1_692' title='bbox 2176 3258 2229 3296; x_wconf 80' lang='lat'>49,</span> <span class='ocrx_word' id='word_1_693' title='bbox 2255 3253 2398 3297; x_wconf 80' lang='lat' dir='ltr'>itemque</span> 
     </span>
     <span class='ocr_line' id='line_1_102' title="bbox 1391 3304 2208 3349; baseline 0.005 -13"><span class='ocrx_word' id='word_1_694' title='bbox 1391 3304 1500 3336; x_wconf 86' lang='lat' dir='ltr'>Tomo</span> <span class='ocrx_word' id='word_1_695' title='bbox 1516 3304 1660 3336; x_wconf 67' lang='lat' dir='ltr'>secundo</span> <span class='ocrx_word' id='word_1_696' title='bbox 1677 3306 1708 3337; x_wconf 90' lang='lat' dir='ltr'>in</span> <span class='ocrx_word' id='word_1_697' title='bbox 1725 3305 1851 3337; x_wconf 82' lang='lat' dir='ltr'>Monito</span> <span class='ocrx_word' id='word_1_698' title='bbox 1868 3304 1908 3337; x_wconf 81' lang='lat' dir='ltr'>(Ie</span> <span class='ocrx_word' id='word_1_699' title='bbox 1924 3304 2009 3338; x_wconf 70' lang='lat' dir='ltr'>Juda</span> <span class='ocrx_word' id='word_1_700' title='bbox 2026 3306 2208 3349; x_wconf 72' lang='lat' dir='ltr'>pro‹l³tore.</span> 
     </span>
    </p>
   </div>
  </div>
 </body>
</html>
