2516 3791
891 176 948 204 Dr:
984 175 1106 205 ANNA

97 259 329 311 λέγεται,κα“ι
356 258 527 305 συνθήκας
558 262 711 296 ποιεῖται
739 258 826 311 πρὸς
857 257 916 297 τὸν
944 255 1123 307 Θεὸν.,Ὣ

94 320 291 374 παῤῥησίας
317 319 488 372 γυναικός.
524 318 670 366 Ἐπειδὴ
699 320 912 358 καταὸαλεῖν
941 319 1018 358 οὐδὲ
1044 319 1122 357 τότε

90 374 184 434 εἶχε,
207 381 263 420 διὰ
280 381 320 420 τὸ
339 380 488 432 μηδέπω
507 380 642 427 λαὸεῑν,
661 381 732 420 ἀπὸ
747 382 816 419 τῶν
838 380 1036 432 μελλόντων
1055 395 1122 419 κα-

91 442 260 481 ταὸἄλλει
273 441 338 488 τὴν
357 442 477 493 τιμήν.
497 442 567 481 Καὶ
596 441 756 495 καθάπερ
774 442 898 481 πολλοὶ
925 445 994 480 τῶν
1012 442 1122 493 γηπό-

90 518 158 540 νων
177 504 212 541 ἐν
231 502 333 556 πενίᾳ
345 504 469 547 ζῶντες
483 503 616 556 ἐσχάτῃ
629 534 638 551 ,
651 504 711 542 καὶ
731 503 894 557 ἀργύριον
908 505 971 542 οὐκ
985 503 1123 556 ἔχοντες

90 562 182 603 ὥστε
202 564 334 617 μόσχον
351 564 373 610 ἢ
390 564 567 617 πρόόατον
584 564 774 617 πρίασθαι,
794 567 846 618 ἐφ’
863 564 1010 617 ἡμισείᾳ
1025 565 1121 619 παρὰ

89 628 159 664 τῶν
182 626 360 664 δεσποτῶν
378 625 466 664 αὐτὰ
480 625 732 677 λαμὸάνουσιν,
752 626 823 665 ἀπὸ
836 629 905 665 τῶν
923 626 1120 677 μελλόντων

90 690 235 739 καρπῶν
262 687 324 735 τὴν
356 686 464 739 τιμὴν
492 687 764 740 ὑπισχνούμενοι
779 687 1011 726 καταὸαλεῖν·
1029 689 1120 727 οὕτω

89 747 132 794 δὴ
161 748 220 787 καὶ
239 747 348 796 αὕτη,
371 750 505 800 μᾶλλον
525 748 560 787 δὲ
579 749 638 787 καὶ
662 750 783 801 πολλῷ
810 748 914 788 πλέον
944 748 1118 797 ἐποίησεν.

90 812 143 847 Οὐ
163 808 232 862 γὰρ
261 811 314 862 ἐφ’
341 809 488 862 ἡμισείᾳ
521 810 580 848 τὸν
607 810 680 848 υἱὸν
718 809 894 860 λαμὸοἱνει
925 810 1023 864 παρὰ
1059 815 1120 850 τοῦ

88 871 199 918 Θεοῦ,
220 870 297 907 ἀλλ’
325 869 414 908 ὥστε
442 869 633 924 ὁλόκληρον
663 873 758 924 αὐτῷ
776 873 964 910 ἀποδοῦναι
994 873 1117 922 πάλιν,

86 931 146 969 καὶ
173 930 236 978 τὴν
266 930 515 983 παιδοτροφίαν
540 930 808 984 καρπώσασθαι.
830 931 1018 987 Ἀρκοῦσαν
1051 933 1120 989 γὰρ

85 990 238 1042 οἶμοιὸὴν
258 985 347 1030 εἶναι
367 991 528 1043 ἐνόμισε,
550 993 591 1032 τὸ
609 991 755 1032 πονέσαι
773 993 855 1046 περὶ
874 993 932 1032 τὸν
951 999 1012 1034 τοῦ
1025 997 1118 1035 Θεοῦ

85 1050 191 1104 ἱερέα.
212 1052 282 1092 Καὶ
301 1047 391 1092 οἶνον
421 1053 483 1092 καὶ
511 1053 672 1105 μέθυσμα
694 1055 732 1093 οὗ
757 1054 806 1106 μὴ
832 1054 972 1103 πίεται,
999 1057 1116 1110 φησὶν.

83 1115 162 1153 Οὔκ
179 1114 338 1161 ἐνενόησε
353 1114 438 1167 πρὸς
449 1115 590 1164 ἑαυτὴν,
602 1114 754 1167 λέγουσα
768 1131 777 1139 ·
797 1120 811 1137 ‘¹
823 1116 858 1154 τί
874 1117 909 1155 δὲ
927 1116 967 1154 ἂν
984 1118 1117 1163 ἁπαλὸς

83 1173 132 1212 ὢν
146 1175 215 1214 ὑπὸ
234 1179 296 1222 τῆς
317 1175 526 1229 ὑδροποσίας
544 1177 788 1230 διαφθείρηται
802 1194 812 1225 ;
828 1177 863 1216 τί
881 1178 917 1217 ’δὲ
936 1179 976 1217 ἂν
1002 1181 1116 1232 ἀῤῥω-

83 1235 162 1288 στίᾳ
181 1236 354 1289 περιπέσῃ
371 1253 380 1283 ;
410 1237 445 1275 τί
473 1237 508 1276 δὲ
531 1237 572 1275 ἂν
590 1238 749 1290 ἀποθάνῃ
762 1269 771 1286 ,
789 1239 880 1292 νόσῳ
908 1241 1115 1293 παραδοθεὶς

80 1298 240 1349 χαλεπῇ;
271 1297 362 1336 Ἀλλ’
397 1298 592 1345 ἐννοήσασα
623 1299 677 1339 ὅτι
703 1303 721 1338 ὁ
755 1299 832 1345 δοὺς
862 1301 982 1348 αὐτὸν,
1012 1303 1114 1347 αὐτὸς

81 1358 142 1396 καὶ
167 1362 231 1405 τῆς
258 1358 375 1410 ὑγείας
401 1362 596 1413 προνοῆσαι
622 1361 828 1408 δυνήσεται,
848 1361 883 1407 ἐξ
903 1364 1017 1402 αὐτῶν
1042 1367 1112 1403 τῶν

81 1419 292 1473 σπαργάνων
308 1420 369 1459 καὶ
388 1423 456 1459 τῶν
476 1422 608 1460 ὠδίνων
625 1424 673 1466 εἷς
698 1421 762 1470 τὴν
783 1422 982 1474 ἁγιωσύνην
1008 1424 1110 1463 αὐτὸν

80 1481 295 1531 ε’νεὸίὸασεν,
313 1483 370 1522 ἐπὶ
384 1482 443 1522 τὸν
464 1483 555 1523 Θεὸν
572 1484 704 1538 ῥίψασα
721 1485 762 1523 τὸ
784 1491 866 1534 πᾶν,
883 1485 942 1524 καὶ
957 1487 1026 1540 πρὸ
1040 1490 1109 1525 τῶν

77 1542 212 1583 ὠδίνων
228 1548 250 1592 ἡ
268 1544 405 1598 γαστὴρ
432 1547 539 1593 αὐτῆς
563 1546 726 1598 ἡγιάζετο
744 1547 928 1601 προφήτην
955 1547 1086 1601 ἔχουσα
1100 1580 1110 1598 ,

79 1604 139 1644 καὶ
149 1604 244 1657 ἱερέα
261 1609 393 1645 κυοῦσα
404 1636 415 1654 ,
434 1607 494 1645 καὶ
511 1607 551 1646 τὸ
570 1608 736 1660 ἀνάθημα
761 1608 930 1661 φέρουσα,
946 1609 1110 1662 ἀνάθημα

79 1665 249 1718 ἔμψυχον.
276 1667 346 1706 Διὰ
381 1671 493 1706 ταῦτα
527 1669 688 1721 ἠνείχετο
721 1670 921 1720 ἀθυμούσης
951 1672 1060 1719 αὐτῆς
1091 1675 1110 1711 ὁ

78 1727 189 1776 Θεὸς,
213 1728 269 1767 διὰ
301 1733 402 1768 τοῦτο
434 1730 589 1782 βραδέως
622 1731 757 1780 ἐδίδου,
780 1730 837 1769 ἵνα
860 1733 1109 1787 λαμπροτέραν

78 1790 189 1838 αὐτὴν
210 1794 260 1844 τῷ
276 1791 396 1845 τρόπῳ
416 1795 475 1830 τοῦ
494 1791 597 1831 τόκου
614 1793 764 1845 ποιήσῃ,
779 1792 836 1831 ἵνα
852 1793 944 1845 δείξῃ
972 1794 1036 1843 τὴν
1053 1811 1109 1849 φι-

77 1852 254 1905 λοσοφίαν.
294 1853 364 1891 Καὶ
398 1852 466 1905 γὰρ
494 1855 543 1897 εἷς
578 1853 643 1901 τὴν
678 1854 782 1907 εὐχὴν
814 1862 1021 1895 καταστᾶσα
1048 1859 1109 1896 οὐκ

75 1914 232 1964 ἐμνήσθη
244 1917 307 1960 τῆς
321 1915 519 1963 ἀντιζήλου,
536 1917 597 1954 οὐκ
614 1909 708 1955 εἶπεν
724 1918 833 1963 αὐτῆς
848 1917 911 1962 τὰς
922 1918 1108 1972 λοιδορίας,

75 1975 139 2013 οὐκ
157 1975 302 2027 ἤνεγκεν
319 1978 368 2020 εἷς
387 1976 494 2027 μέσον
516 1976 562 2015 τὰ
590 1977 723 2026 ὀνείδη,
740 1980 803 2017 οὐκ
821 1973 917 2018 εἶπεν
929 1995 937 2003 ·
968 1981 1107 2028 ἐκδίκη-

76 2035 135 2074 σόν
158 2052 201 2087 με
215 2039 254 2075 ἐκ
275 2040 338 2084 τῆς
357 2045 487 2089 μιαρᾶς
511 2039 572 2077 καὶ
594 2047 749 2093 πονηρᾶς
774 2042 935 2093 γυναικὸς
954 2043 1106 2090 ἐκείνης·

75 2097 164 2151 ἅπερ
191 2098 319 2137 πολλαὶ
336 2104 473 2138 ποιοῦσι
493 2108 672 2153 γυναῖκες·
691 2102 782 2141 ἀλλὰ
805 2103 894 2154 μηδὲ
913 2108 1105 2155 μνησθεῖσα

73 2160 143 2196 τῶν
172 2160 312 2198 ὀνειδῶν
350 2161 505 2208 ἐκείνων,
519 2163 600 2215 περὶ
631 2166 700 2202 τῶν
734 2165 823 2216 αὐτῇ
858 2167 1104 2219 συμφερόντων

72 2219 203 2272 ηὔχετο
221 2220 336 2271 μόνον.
358 2223 474 2261 Τοῦτο
498 2224 557 2262 καὶ
583 2223 625 2263 σὺ
648 2225 807 2274 ποίησον,
829 2226 990 2279 ἄνθρωπε
1006 2259 1015 2277 ,
1045 2230 1104 2268 καὶ

72 2280 154 2319 ὅταν
175 2281 250 2334 ἴδῃς
270 2283 392 2335 ἐχθρὸν
422 2285 617 2333 λυποῦντα,
638 2286 724 2338 πρὸς
743 2289 872 2326 ἐκεῖνον
902 2287 965 2339 μὲν
994 2291 1102 2341 μηδὲν

72 2342 225 2392 ἐκὸάλῃς
244 2345 340 2395 ῥῆμα
354 2345 492 2397 πικρὸν,
512 2346 600 2397 μηδὲ
623 2347 702 2398 εὔξῃ
729 2350 806 2386 κατ’
830 2350 935 2388 αὐτοῦ
957 2351 1044 2402 πρὸς
1064 2351 1102 2391 σὲ

73 2403 235 2455 ἀπεχθῶς
248 2404 385 2457 ἔχοντος
396 2421 403 2429 ·
421 2407 584 2445 εἰσελθὼν
602 2408 657 2456 δὲ,
676 2409 737 2448 καὶ
745 2409 791 2449 τὰ
800 2410 931 2462 γόνατα
943 2412 1100 2466 κάμψας,

73 2464 131 2502 καὶ
154 2464 285 2518 δάκρυα
315 2467 432 2518 ἀφεὶς,
456 2470 655 2519 παρακάλει
692 2471 750 2510 τὸν
781 2472 871 2511 Θεὸν
902 2475 1008 2512 λῦσαι
1035 2474 1100 2523 τὴν

72 2524 234 2574 ἀθυμίαν,
255 2526 378 2566 aeica:
397 2528 461 2575 τὴν
479 2529 591 2577 λύπην
606 2546 615 2554 ·
640 2530 725 2584 ὅπερ
755 2527 812 2571 οὖν
840 2534 900 2571 καὶ
919 2534 1007 2582 αὕτη
1038 2553 1101 2575 πε-

72 2585 195 2632 ποίηκε
208 2617 217 2633 ,
237 2587 352 2626 καὶτὰ
371 2589 521 2641 μέγιστα
536 2591 633 2644 παρὰ
647 2595 710 2639 τῆς
729 2595 855 2646 ἐχθρᾶς
868 2596 1100 2649 ἐκαρπώσατο

70 2647 240 2698 γυναικός.
272 2648 415 2697 Ἰἰκείνη
449 2652 517 2705 γὰρ
543 2653 629 2705 πρὸς
657 2653 715 2692 τὸν
742 2655 843 2694 τόκον
870 2660 930 2694 τοῦ
959 2658 1099 2698 παιδίου

71 2708 272 2760 συνέπραξε.
295 2710 366 2748 Καὶ
393 2715 485 2759 πῶς,
508 2713 576 2765 ἐγὼ
609 2714 713 2766 λέγω.
734 2715 881 2765 Ἐπειδὴ
910 2718 1099 2769 ὠνείδισεν,

70 2767 207 2819 ἔθλιψε,
229 2770 288 2807 καὶ
307 2772 446 2820 μείζονα
470 2773 536 2820 τὴν
563 2774 685 2823 ὀδύνην
715 2778 921 2829 εἰργάσατο,
938 2781 1008 2819 ἀπὸ
1038 2785 1100 2829 τῆς

70 2828 193 2874 ὀδύνης
216 2832 239 2875 ἠ
271 2831 356 2882 εὐχὴ
378 2837 682 2890 προσεκτικωτέρα
702 2838 853 2889 γέγονεν,
873 2844 894 2887 ἡ
925 2841 1012 2894 εὐχὴ
1040 2844 1099 2882 τὸν

69 2889 161 2927 Θεὸν
174 2891 397 2931 ἐπεσπάσατο
408 2922 417 2938 ,
437 2894 496 2932 καὶ
517 2897 694 2936 ἐπινεῦσαι
709 2900 866 2950 ἐποίησε,
883 2902 942 2940 καὶ
959 2903 1068 2949 οὕτως
1081 2909 1099 2944 ὁ

68 2950 239 2999 Σαμουὴλ
258 2952 394 3004 ἐτέχθη.
409 2952 532 3002 ζΏστε,
549 2957 607 2995 ἐὰν
628 2958 803 3011 νήφωμεν,
820 2965 858 3001 οὐ
885 2964 988 3015 μόνον
1005 2970 1099 3017 ἡμᾶς

67 3014 99 3050 οἱ
127 3013 242 3065 ἐχθροὶ
279 3014 376 3051 οὐδὲν
407 3016 641 3069 παραὸλοὶψαι
668 3021 889 3074 δυνήσονται,
919 3028 1010 3066 ἀλλὰ
1037 3029 1097 3066 καὶ

67 3072 286 3124 ὠφελήσουσι
305 3073 348 3111 τὰ
368 3074 536 3127 μέγιστα,
558 3078 643 3131 πρὸς
661 3081 776 3120 πάντα
794 3087 888 3135 ἡμᾶς
908 3089 1096 3127 σπουδαιο-

68 3134 185 3185 τέρους
204 3135 447 3186 ἐργαζόμενοι,
470 3138 573 3189 μόνον
592 3139 632 3177 ἂν
663 3142 712 3192 μὴ
741 3146 828 3196 πρὸς
845 3148 1018 3202 λοιδορίας
1037 3151 1096 3189 καὶ

69 3192 196 3246 ὖὸρεις,
209 3195 299 3234 ἀλλὰ
319 3198 404 3251 πρὸς
415 3199 519 3251 εὐχὰς
537 3201 679 3246 ἑαυτοὺς
694 3204 834 3257 ἄγωμεν
849 3210 918 3248 ἀπὸ
933 3213 996 3258 τῆς
1009 3212 1096 3265 παρ’

70 3254 209 3293 ἐκείνων
241 3257 462 3309 ἐγγινομένης
493 3263 578 3312 ἡμῖν
608 3264 766 3315 ἀθυμίας.
795 3268 954 3309 Τεκοῧσα
988 3272 1023 3312 δὲ
1057 3275 1096 3312 τὸ

116 3376 127 3389 ι
146 3368 224 3410 ¹¹⁶¹?-

246 3376 273 3403 τί
290 3374 336 3405 er'
350 3372 402 3405 bic·
420 3383 450 3406 rt
469 3377 500 3408 iu
518 3382 676 3421 serpenti-

2062 167 2146 211 821

1196 256 1294 294 illins
1309 255 1518 296 educatione
1535 257 1643 296 verba
1660 258 1759 307 facit,
1775 268 1808 297 et
1825 274 1906 298 cum
1924 261 1997 299 Deo
2012 273 2154 314 pactum

1195 316 1272 355 init.
1296 318 1328 355 Ο
1360 317 1613 357 confidentiam
1644 319 1833 360 mulieris!
1859 321 1954 368 Quia
1985 336 2053 360 non
2078 334 2154 363 tum

1194 379 1395 431 persolvere
1413 389 1571 433 poterat,
1591 380 1690 432 quod
1719 381 1879 420 nondum
1907 384 2113 436 accepisset,
2134 401 2152 423 a

1148 460 1170 491 Ε
1194 440 1326 478 suturis
1344 450 1504 478 sumtum
1532 441 1685 494 pretium
1712 443 1896 495 persolvit.
1919 444 1965 482 lit
1984 446 2155 495 qnema'd-

1193 499 1342 538 modum
1359 515 1452 554 saepc
1472 502 1576 540 multi
1599 503 1765 554 agricola?
1785 518 1926 542 summa
1947 507 2057 558 pressi
2077 520 2155 558 ege-

1193 570 1295 610 state,
1333 576 1415 601 cnm
1448 572 1586 602 tantum
1619 564 1775 616 pecunia:
1806 580 1875 603 non
1908 576 2087 620 suppetat,
2117 578 2156 607 nt

1194 622 1349 661 vitulum
1368 624 1504 676 possint
1523 634 1583 663 aut
1598 639 1701 663 ovem
1720 640 1849 674 emere,
1867 627 1933 665 hac
1953 628 2156 668 conditione

1193 697 1213 721 a
1241 683 1397 722 dominis
1425 699 1464 723 ea
1493 686 1676 739 accipiunt
1703 687 1893 736 animalia,
1917 697 1955 726 ut
1975 690 2154 729 semissem

1193 745 1376 784 fructuum
1410 746 1583 798 reddant,
1623 762 1729 799 seque
1765 749 1919 801 pretinm
1950 764 1995 788 ex
2024 752 2155 791 suturis

1193 804 1388 845 deductum
1424 808 1603 846 fructibus
1637 809 1879 862 persoluturos
1913 812 2152 864 promittunt:

1192 867 1243 906 sic
1261 869 1368 907 etiam
1388 869 1470 919 ista,
1493 870 1548 908 vel
1571 870 1690 923 potius
1720 873 1836 925 majus
1863 873 2036 924 quiddam
2059 890 2151 927 prze-

1145 175 1291 204 statmo
1332 175 1358 204 Ι.

1132 971 1179 996 7⁰«,
1192 929 1296 967 stitit.
1331 931 1411 969 Non
1448 931 1544 970 enim
1579 945 1619 970 ea
1651 932 1866 985 conditione,
1902 944 1940 972 ut
1971 936 2152 975 semissem

1143 1011 1166 1038 A
1191 991 1374 1030 fructuum
1387 992 1527 1043 reddat,
1543 993 1662 1032 filium
1677 995 1822 1049 accipit,
1835 995 1897 1033 scd
1914 1005 1952 1034 ut
1967 1005 2079 1036 totum
2097 998 2152 1037 illi

1189 1051 1320 1092 deinde
1335 1054 1512 1106 restituat,
1528 1064 1563 1094 et
1582 1056 1764 1094 fructuum
1783 1057 1861 1096 loco
1882 1058 1954 1096 ssli'r
1970 1058 2151 1099 educatio-

1190 1128 1269 1152 nem
1288 1115 1453 1168 accipiat.
1473 1117 1719 1156 sufficientem
1739 1118 1835 1156 enim
1855 1132 1928 1157 esse
1954 1121 2151 1160 mercedem

1188 1176 1426 1224 existimavit,
1460 1187 1500 1216 ιιι
1524 1178 1665 1217 labores
1690 1193 1773 1218 suos
1802 1179 1837 1217 in
1868 1180 1936 1218 Dei
1958 1181 2152 1221 sacerdotis

1187 1235 1434 1275 educationem
1463 1237 1695 1291 impenderet.
1724 1242 1779 1278 Et
1804 1242 1944 1278 vinum
1970 1249 2007 1279 et
2038 1256 2152 1281 omne

1186 1299 1291 1350 quod
1316 1300 1486 1337 inebriat
1505 1313 1584 1337 non
1601 1301 1715 1347 bibet,
1737 1300 1862 1351 inquit.
1883 1302 1962 1339 Non
1984 1302 2035 1340 illi
2054 1304 2151 1342 venit

1185 1359 1221 1398 in
1244 1369 1398 1398 mentem
1423 1359 1500 1398 haec
1519 1360 1617 1414 apud
1637 1375 1674 1399 se
1687 1361 1807 1400 dicere
1824 1362 1947 1409 :Quid
1965 1377 2050 1402 vcro
2073 1365 2149 1413 liet,

1183 1419 1212 1457 si
1228 1419 1316 1458 dum
1330 1429 1429 1459 tener
1445 1429 1496 1459 est
1514 1421 1645 1472 infans,
1664 1437 1764 1474 aquae
1779 1432 1867 1476 potu
1887 1425 1964 1476 ejus
1982 1425 2149 1464 valetudo

1183 1480 1362 1520 laedatur?
1383 1481 1472 1534 quid
1502 1481 1532 1522 si
1559 1482 1596 1521 in
1622 1483 1790 1522 morbum
1826 1485 1990 1524 incidat?
2011 1487 2099 1538 quid
2118 1489 2147 1527 si

1182 1543 1287 1595 gravi
1307 1544 1433 1582 morbo
1449 1558 1639 1597 oppressus
1652 1545 1854 1584 moriatur?
1871 1546 1942 1585 Sed
1958 1561 2038 1586 cum
2051 1550 2147 1601 cogi-

1182 1612 1289 1642 tasset
1322 1619 1419 1655 enm,
1455 1619 1474 1643 a
1505 1620 1576 1657 quo
1617 1607 1732 1644 fuerat
1763 1606 1883 1658 datus,
1916 1623 2018 1660 posse
2048 1610 2148 1649 illius

1134 1674 1157 1704 B
1182 1679 1324 1716 quoque
1342 1666 1485 1705 sanitati
1505 1667 1707 1720 providere,
1731 1668 1776 1706 ab
1804 1669 1892 1721 ipsis
1920 1670 2146 1710 incunabulis

1182 1736 1216 1765 et
1246 1737 1369 1780 panus
1402 1728 1606 1767 secundinis
1637 1729 1672 1767 in
1704 1730 1925 1769 sanctitatem
1958 1731 2063 1770 illum
2090 1733 2145 1771 in·
2178 1765 2184 1770 .

1181 1789 1295 1838 vexit,
1319 1791 1465 1842 Deoquc
1483 1804 1557 1828 rem
1573 1799 1685 1828 totam
1700 1791 1894 1842 commisit,
1912 1801 1946 1830 et
1964 1802 2044 1831 ante
2061 1809 2144 1847 par-

1181 1860 1257 1889 tum
1279 1852 1572 1890 sanctificabatur
1591 1853 1667 1905 ejus
1687 1861 1808 1891 uterus
1827 1853 1863 1891 in
1884 1868 1954 1905 qno
1971 1856 2144 1908 propheta

1180 1913 1400 1965 gestabatur,
1421 1922 1454 1951 et
1484 1913 1647 1952 sacerdos
1675 1914 1958 1967 concipiebatur,
1978 1927 2014 1956 et
2032 1916 2143 1955 dona-

1179 1974 1274 2012 rium
1292 1975 1486 2026 ferebatur,
1509 1975 1714 2025 donarium,
1736 1975 1883 2027 inquam
1896 2007 1906 2026 ,
1925 1977 2139 2016 animatum.

1178 2035 1263 2075 ldeo
1294 2036 1433 2075 diutius
1464 2051 1542 2075 cam
1574 2051 1725 2076 moerore
1755 2039 1882 2077 confici
1916 2040 2143 2092 permittebat

1178 2098 1291 2147 Deus,
1308 2097 1389 2135 ideo
1408 2097 1509 2136 tarde
1527 2097 1649 2147 dabat,
1669 2108 1709 2136 ut
1726 2113 1802 2137 eam
1823 2099 1899 2152 ipso
1920 2114 2046 2152 genere
2062 2116 2142 2154 par-

1176 2166 1234 2197 tus
1262 2158 1495 2198 illustriorem
1514 2158 1692 2210 redderet,
1716 2169 1756 2198 ut
1776 2160 2046 2214 philosophiam
2064 2163 2141 2215 ejus

1175 2220 1358 2272 animique
1397 2220 1678 2259 moderationem
1720 2221 1930 2260 ostenderet.
1972 2224 2067 2262 Nam
2103 2224 2139 2262 in

1126 2292 1152 2324 c
1175 2282 1340 2320 oratione
1359 2296 1429 2320 non
1449 2283 1612 2321 meminit
1627 2283 1778 2334 aemulce,
1795 2297 1864 2322 non
1884 2284 1961 2337 ejus
1981 2286 2140 2325 convicia

1174 2343 1402 2395 memoravit,
1435 2358 1506 2382 non
1533 2344 1570 2382 in
1601 2344 1762 2384 medium
1794 2346 1943 2398 protulit
1973 2348 2050 2401 ejus
2069 2363 2138 2401 op-

1174 2405 1332 2458 probria,
1353 2419 1423 2444 non
1442 2405 1552 2456 dixit,
1572 2406 1752 2445 L‘lcisecre
1779 2421 1836 2446 me
1854 2406 1899 2445 dc
1923 2407 2085 2461 improba
2106 2419 2140 2447 et

1173 2466 1317 2505 scelesta
1337 2467 1399 2505 illa
1416 2467 1583 2517 muliere,
1600 2467 1695 2520 quod
1717 2468 1839 2506 multae
1859 2470 1994 2507 faciunt
2011 2470 2137 2509 mulie-

1173 2542 1228 2566 res
1245 2544 1253 2565 :
1271 2528 1334 2567 sed
1351 2543 1462 2580 neque
1481 2529 1697 2581 probrorum
1718 2529 1918 2578 recordata,
1936 2530 1982 2568 de
2000 2531 2043 2569 iis
2059 2541 2136 2569 tan-

1171 2598 1249 2627 tum
1280 2603 1359 2641 quae
1393 2590 1461 2627 sibi
1492 2589 1684 2642 proderant
1717 2604 1838 2642 preces
1867 2591 2048 2629 offerebat.
2082 2593 2137 2630 Ita

1171 2651 1226 2688 sac
1239 2660 1275 2688 tu
1294 2665 1446 2702 quoque,
1467 2650 1515 2688 mi
1540 2651 1661 2701 homo,
1684 2665 1836 2703 cumque
1855 2652 1990 2691 videris
2010 2653 2135 2692 inimi-

1173 2726 1254 2749 cum
1274 2711 1396 2750 dolore
1415 2711 1645 2762 afficientem,
1667 2713 1702 2750 in
1725 2727 1806 2751 eum
1824 2714 1972 2765 quidem
1993 2715 2135 2755 nullum

1171 2774 1330 2826 asperius
1356 2773 1507 2811 verbum
1526 2773 1668 2822 mittas,
1688 2788 1799 2825 neque
1819 2775 1911 2813 male
1929 2790 2012 2828 erga
2034 2787 2066 2815 te
2083 2779 2135 2816 af-

1172 2835 1260 2873 fecto
1277 2833 1481 2886 impreceris
1494 2833 1575 2872 :sed
1591 2835 1782 2887 ingressus,
1796 2850 1837 2874 ac
1851 2837 1954 2875 flexis
1968 2839 2132 2890 genibus,

1172 2897 1328 2948 fusisque
1347 2896 1530 2949 lacrymis,
1560 2897 1677 2934 Deum
1705 2912 1862 2950 precare,
1886 2909 1923 2938 ut
1952 2901 2134 2941 tristitiam

1171 2958 1339 2997 discutiat
1357 2957 1588 3009 doloremque
1606 2959 1823 3011 restinguat;
1843 2960 1940 3012 qnod
1956 2962 2031 3000 lucc
2045 2978 2132 3014 quo-

1124 3039 1147 3067 1)
1170 3035 1239 3072 que
1258 3019 1388 3058 mulier
1407 3020 1501 3068 fecit,
1519 3033 1581 3057 nec
1601 3019 1817 3060 mediocrem
1832 3023 1988 3061 fructum
2004 3038 2048 3062 ex
2064 3025 2129 3062 ini-

1171 3081 1262 3120 mica
1282 3080 1438 3131 collegit.
1462 3080 1528 3118 llla
1554 3081 1647 3118 enim
1667 3081 1713 3119 ad
1731 3082 1826 3121 hunc
1846 3093 1988 3136 partum
2009 3085 2125 3123 insan-

1169 3143 1213 3181 tis
1247 3141 1482 3181 obtinendum
1525 3142 1699 3195 opitulata
1739 3153 1802 3183 est.
1841 3147 1921 3192 Quo
1954 3155 2056 3198 pacto
2091 3147 2126 3184 id

1167 3206 1300 3243 sactum
1321 3203 1378 3253 sit,
1401 3217 1465 3255 ego
1485 3203 1615 3242 dicam.
1636 3205 1730 3253 Quia
1750 3206 1941 3259 opprobria
1958 3207 2123 3257 jactui-at.

1167 3272 1357 3317 afflixerat,
1394 3272 1635 3325 majoremque
1661 3272 1821 3313 dolorem
1854 3273 2076 3321 reddiderat,
2105 3291 2124 3313 a
