2433 3775
41 2002 139 2031 Eruli.
161 2010 207 2043 17.

259 188 317 246 54
687 204 725 233 s.
762 203 944 233 sommis
979 203 1221 233 cum'sosr.

1261 203 1446 232 ARCHHZP
1456 223 1464 231 .
1505 201 1862 233 CONSTANTINOP.

255 286 405 339 protulit
417 316 426 335 ,
439 295 471 324 et
484 299 588 324 suum
599 286 734 338 accepit
748 294 935 324 ornatum:
953 294 991 323 ut
1004 285 1095 323 nulli
1110 294 1205 338 post·
1231 289 1253 318 B
1279 286 1506 334 ἀναδοθῆναι,
1524 284 1613 334 μετὰ
1631 285 1671 323 τὸ
1691 285 1880 323 ἀπολαὸεῖν
1900 285 1963 331 τὴν
1991 287 2055 337 γῆν
2088 286 2144 324 τὸν
2178 288 2301 325 οἰκεῖον

256 345 321 382 hac
351 344 470 382 dicere
498 345 628 395 liceat,
656 344 731 382 sinc
759 345 844 383 solis
871 343 1116 396 cooperatione
1136 357 1206 380 non

256 415 490 444 maturescere
518 407 638 457 fruges
666 415 698 444 et
724 414 916 458 proventus
937 413 1049 441 terrae.
1071 402 1207 441 Idcirco

256 466 412 505 declarat
430 467 518 516 tibi,
539 476 728 517 antequam
756 466 806 503 sol
835 466 1067 510 formaretur,
1089 463 1206 500 omnia

255 527 363 566 fuisse
383 528 529 580 impleta
547 558 557 572 ‚
579 536 619 564 ut
645 540 688 564 ne
715 526 781 564 soli
812 526 996 562 fructuum
1015 532 1221 576 proventus.

256 589 455 638 adscribas,
472 588 532 627 sed
549 588 709 626 omnium
724 586 845 639 opifici
861 587 953 634 Deo,
969 585 1030 636 qui
1049 584 1144 622 dixit
1161 585 1208 623 ab

255 649 358 688 initio
377 666 384 686 τ
411 651 607 688 Θεννηίηεε
626 657 730 686 terra
749 649 909 685 herbam
921 648 1033 699 soeni.
1054 646 1161 692 Quod
1175 647 1207 685 si

253 711 428 759 dixerint,
446 710 529 748 solis
543 709 760 747 functionem
775 709 882 747 etiam
897 707 1032 760 aliquid
1049 707 1205 760 operari,

254 780 293 808 ut
316 772 452 809 fructus
476 779 733 819 maturescant,
759 783 870 820 neque
888 782 953 820 ego
984 768 1200 806 contradico.

253 833 344 869 Nam
357 832 447 870 sicut
461 831 489 869 si
503 832 697 883 agricolam
710 831 826 869 dicam
843 830 1022 882 cooperari
1038 829 1083 868 ad
1101 838 1204 868 terra:

253 893 409 943 cultum,
440 907 511 931 non
537 892 617 931 ideo
641 892 848 930 universum
877 891 997 930 tribuo
1017 890 1201 943 agricolae,

250 954 314 992 sed
340 954 479 993 etiamsi
499 955 528 992 is
556 954 749 992 sexcenties
785 967 890 990 suum
919 961 1000 1003 agat
1024 951 1200 997 officium,

250 1015 317 1053 nisi
329 1016 359 1054 is
370 1015 432 1066 qui
447 1029 511 1053 suo
526 1015 692 1053 mandato
703 1015 748 1051 ab
760 1013 862 1051 initio
874 1022 1005 1051 terram
1017 1012 1059 1049 ad
1072 1013 1201 1050 facien-

249 1075 312 1113 dos
334 1076 469 1114 fructus
501 1075 665 1113 idoneam
685 1074 784 1123 fecit,
804 1073 850 1110 ad
868 1073 935 1111 hoc
954 1087 1031 1110 cam
1061 1086 1201 1123 quoque

248 1150 390 1175 movere
408 1136 494 1175 velit
510 1166 520 1185 ,
548 1136 639 1174 nihil
666 1135 829 1188 proficiet
845 1134 970 1172 multis
990 1133 1173 1172 laboribus
1191 1149 1198 1170 :

248 1197 410 1236 similiter
429 1197 530 1247 dico,
555 1197 694 1235 etiamsi
723 1210 804 1234 cum
827 1196 948 1233 labore
969 1195 1092 1233 rustici
1110 1209 1197 1233 con-

247 1259 355 1311 spiret
373 1259 456 1297 solis
474 1268 507 1297 ct
526 1259 620 1297 lunae
643 1257 800 1310 operatio
812 1287 823 1306 ,
844 1266 878 1294 et
897 1256 975 1295 caeli
994 1256 1197 1309 temperies,

246 1334 359 1370 neque
385 1320 435 1358 sic
456 1319 646 1357 utilitatem
666 1318 824 1369 aliquam
843 1318 938 1365 fore,
960 1317 1028 1356 nisi
1049 1331 1199 1370 superne

245 1381 325 1419 illos
343 1382 490 1420 dextera
510 1380 656 1419 Domini
672 1379 852 1431 adjuverit
874 1395 882 1415 :
904 1378 972 1416 hac
990 1387 1109 1416 autem
1125 1391 1200 1415 ma-

244 1456 291 1480 uu
322 1442 443 1481 valida
472 1443 620 1495 juvante
656 1441 764 1479 etiam
795 1440 966 1478 elementa
1000 1439 1200 1491 plurimum

244 1504 438 1541 conferunt.
465 1503 551 1542 Haec
568 1501 680 1555 probe
700 1500 871 1539 memoria
892 1509 1066 1548 tenentes,
1095 1514 1197 1538 com-

243 1566 374 1618 pescite
393 1580 450 1604 eos
465 1565 526 1616 qui
543 1564 661 1602 adhuc
680 1577 796 1602 errare
809 1562 956 1612 volunt,
976 1570 1011 1599 et
1026 1575 1095 1599 non
1115 1575 1198 1599 con-

244 1627 375 1677 cedite,
399 1636 439 1664 ut
458 1625 635 1665 Creatoris
651 1625 766 1662 honor
785 1633 954 1662 creaturae
974 1622 1194 1661 concedatur.

244 1691 443 1742 Eapropter
471 1697 504 1726 et
531 1687 656 1726 divina
673 1686 858 1738 Scriptura
886 1699 955 1723 non
975 1684 1089 1722 solum
1108 1683 1196 1736 pul—

246 1750 486 1788 chritudinem
504 1750 602 1801 ejus,
624 1757 657 1786 et
675 1745 980 1799 magnitudinem,
1003 1754 1037 1782 et
1055 1744 1196 1782 utilita-

242 1818 315 1848 tem
325 1810 494 1860 ostendit,
505 1808 655 1848 djcendo
672 1824 679 1844 ε
694 1808 800 1846 Sicut
813 1819 987 1859 sponsus,
1002 1806 1198 1856 et,Exsul-

245 1873 341 1909 tabit
361 1874 460 1909 sicut
473 1873 583 1923 gigas
601 1870 655 1907 ad
672 1868 904 1906 currendam
923 1869 1034 1904 viam
1048 1883 1063 1911 ,-
1082 1865 1145 1904 sed
1166 1874 1200 1903 et

244 1932 526 1970 imbecillitatem
542 1930 846 1979 debilitatemque.
875 1927 972 1965 Audi
998 1928 1091 1965 enim
1113 1928 1201 1978 quid

245 1993 332 2031 alibi
346 1992 442 2031 dicat
461 2009 469 2029 :
491 1993 594 2043 Quid
609 1991 689 2030 sole
705 1990 868 2028 lucidius
881 1993 897 2025 Ρ
915 1997 950 2026 et
968 1989 1040 2026 hoc
1057 1989 1199 2040 deficit.

244 2056 296 2093 Ne
313 2064 347 2092 te
362 2054 528 2106 decipiat,
546 2052 674 2103 inquit,
694 2050 935 2103 spectaculum
951 2065 959 2085 :
978 2062 1060 2086 nam
1081 2049 1111 2087 si
1129 2063 1199 2087 vo-

243 2116 351 2153 luerit
370 2114 543 2152 Conditor
555 2113 729 2164 imperare
744 2140 755 2160 ,
777 2109 879 2161 quasi
906 2123 1100 2159 numquam
1116 2110 1197 2146 fue-

243 2176 307 2223 rit,
324 2176 372 2213 ita
385 2173 594 2226 disparebit.
617 2172 701 2209 Haec
716 2171 745 2208 si
761 2169 1017 2207 intellexissent
1035 2169 1197 2220 gentiles,

244 2237 452 2288 neutiquam
473 2237 508 2273 in
542 2242 680 2272 tantum
708 2231 914 2272 incidissent
943 2244 1117 2279 errorem,
1138 2230 1200 2268 sed

246 2307 339 2336 recte
354 2297 530 2335 vidissent
547 2325 556 2342 ,
580 2308 626 2332 ex
645 2301 888 2331 creaturarum
908 2291 1202 2343 contemplatione

246 2375 312 2413 par
333 2373 406 2398 esse
432 2357 474 2396 ad
507 2357 709 2394 Creatorem
737 2352 936 2392 ascendere.
967 2352 1115 2404 Propter
1133 2353 1201 2391 hoc

248 2431 374 2474 quarto
389 2420 448 2459 die
463 2420 573 2458 solem
587 2418 670 2456 fecit
677 2448 689 2468 ,
706 2430 749 2454 ne
764 2424 865 2468 putes
878 2415 982 2452 illum
995 2413 1066 2452 diei
1081 2424 1199 2453 aucto-

248 2498 337 2522 rem.
370 2484 462 2521 Nam
491 2480 587 2532 quod
606 2479 652 2517 de
678 2477 873 2517 seminibus
899 2490 918 2513 a
941 2475 1044 2513 nobis
1062 2476 1198 2514 dictum

248 2554 301 2582 est
312 2575 320 2591 ,
341 2552 374 2582 et
389 2542 434 2580 de
454 2542 512 2579 die
525 2541 608 2579 licet
622 2539 756 2588 dicere,
777 2552 902 2590 nempe
917 2536 1024 2575 fuisse
1038 2546 1108 2574 tres
1125 2536 1201 2575 dics

250 2614 329 2643 ante
350 2604 435 2643 solis
455 2602 715 2642 formationem.
738 2600 865 2639 Voluit
885 2608 1003 2637 autem
1024 2599 1200 2636 Dominus

251 2676 284 2704 et
303 2681 365 2719 per
384 2666 451 2703 hoc
464 2665 678 2703 clementum
698 2662 882 2700 clariorem
899 2660 970 2698 diei
989 2660 1104 2698 lucem
1120 2660 1200 2698 red-

250 2727 358 2765 dere:
383 2726 419 2764 id
439 2726 530 2777 quod
555 2734 587 2763 ct
608 2724 652 2762 de
669 2723 800 2762 minori
825 2721 1018 2771 luminari,
1035 2721 1103 2759 hoc
1125 2731 1198 2771 est,

252 2790 296 2827 de
314 2789 398 2826 luna
417 2787 638 2825 dixerimus:
658 2786 757 2823 sactae
774 2784 868 2822 enim
883 2791 964 2821 sunt
992 2791 1061 2821 tres
1085 2792 1201 2820 noctes

253 2860 333 2889 ante
346 2851 423 2902 ejus
439 2848 694 2887 formationem.
712 2850 876 2884 Attamen
891 2854 924 2883 et
939 2844 1015 2882 haec
1031 2843 1201 2896 producta

254 2927 355 2951 suam
390 2912 492 2948 affert
526 2910 716 2947 utilitatem
748 2923 755 2944 ε
786 2907 938 2959 dissipat
963 2906 1056 2944 enim
1092 2906 1204 2944 noctis

254 2973 429 3021 tenebras,
451 2981 483 3010 et
498 2972 620 3020 ferme,
643 2979 679 3008 ut
698 2970 745 3007 ita
772 2968 902 3017 dicam,
919 2967 1039 3006 eadem
1059 2979 1136 3019 quae
1152 2968 1204 3006 sol

256 3036 330 3087 ipse
359 3033 442 3071 facit
459 3046 541 3081 erga
571 3032 639 3069 alia
662 3031 791 3069 omnia.
815 3030 876 3069 Sol
902 3029 996 3068 enim
1019 3029 1206 3068 ordinatus

260 3094 373 3133 estad
394 3095 461 3133 hoc
487 3096 535 3131 Ut
553 3101 730 3144 proeesset
755 3093 849 3137 diei,
887 3091 971 3128 luna
1000 3099 1132 3137 autem,
1158 3092 1207 3128 Ut

253 3164 429 3208 proeesset
447 3157 558 3192 nocti.
574 3153 672 3200 Quid
686 3163 737 3190 est
755 3155 802 3190 Ut
819 3161 993 3204 prseesset
1006 3153 1095 3201 diei,
1110 3161 1142 3189 et
1160 3153 1207 3189 Ul

302 3285 316 3306 l·
333 3280 469 3313 Coislin.
491 3286 507 3317 fr,
524 3289 637 3323 χρῆσις-

301 3346 305 3354 ’
331 3332 442 3365 ἨοῐΊῑῙ4
466 3337 572 3368 ἐκείνης
591 3334 619 3363 C}

258 3402 364 3422 .t:w·r,:
381 3394 432 3422 τὶς
451 3392 603 3429 κραταιὰς.
621 3381 719 3414 deil
740 3389 771 3413 CL
790 3382 867 3421 lips-¹.
890 3387 995 3418 εἰιιντς
1013 3383 1059 3414 οὖν
1078 3389 1137 3417 τῆς.

1279 344 1409 394 κόσμον
1423 358 1430 366 ·
1450 343 1507 381 ἵνα
1524 344 1645 394 μηδενὶ
1673 344 1731 396 ἐξῇ
1759 349 1827 384 τῶν
1850 345 1939 397 μετὰ
1964 350 2076 384 ταῦτα
2094 346 2229 397 λέγειν,
2250 348 2302 385 ὅτι

1281 405 1361 441 ἄνευ
1384 407 1447 448 τῆς
1474 404 1596 443 τούτου
1620 406 1812 456 ἐνεργείας,
1833 410 1896 445 οὐκ
1915 407 1954 444 ἂν
1976 407 2227 459 ἐτελεσφορήθη
2258 406 2303 444 τὰ

1283 464 1352 502 ἀπὸ
1369 468 1432 512 τῆς
1449 468 1524 517 γ’ῆς.
1541 466 1610 504 Διὰ
1628 469 1730 504 τοῦτο
1750 466 1901 506 δείκνυσί
1921 484 1975 506 σοι
2004 468 2072 521 πρὸ
2103 471 2165 515 τῆς
2181 466 2303 505 τούτου

1282 526 1508 580 δημιουργίας
1536 526 1676 565 ἅπαντα
1708 529 1994 579 πεπληρωμένα,
2024 529 2081 567 ἵνα
2111 529 2160 580 μὴ
2192 528 2304 580 τούτῳ

1282 587 1475 640 ἐπιγράφῃς
1496 591 1565 626 τῶν
1602 591 1746 640 καρπῶν
1772 588 1837 635 τὴν
1855 590 2117 642 τελεσφόρησιν,
2135 589 2226 628 ἀλλὰ
2254 592 2304 642 τῷ

1279 651 1347 686 τῶν
1368 650 1532 687 ἁπάντων
1549 651 1770 702 δημιουργῷ,
1790 653 1840 702 τῷ
1857 650 1891 695 ἐξ
1910 653 2022 703 ἄρχ’-ῆς
2043 651 2191 690 εἰπόντι·
2212 653 2304 689 Βλα-

1282 709 1446 757 στησάτω
1466 713 1487 756 ἦ
1507 714 1551 762 γῆ
1571 711 1719 762 βοτάνην
1746 711 1888 764 χόρτου.
1922 713 1967 750 Εἰ
2000 711 2036 750 δὲ
2069 712 2222 763 λέγοιεν,
2249 711 2304 750 ὅτι

1279 773 1433 810 συντελεῖ
1461 788 1495 810 τι
1509 773 1568 810 καὶ
1587 776 1645 811 τοῦ
1665 773 1764 818 ἡλίου
1785 772 1833 820 ”’ἡ
1850 773 1953 825 χρεία
1968 773 2052 825 πρὸς
2070 774 2110 811 τὸ
2128 773 2204 816 τοὺς
2221 788 2304 824 καρ-

1278 830 1362 875 ποὺς
1388 832 1634 880 πεπαίνεσθαι,
1663 833 1739 872 οὐδὲ
1770 833 1838 886 ἐγὼ
1863 835 2044 885 ἀντιλέγω.
2069 832 2208 886 ’Ὠσπερ
2235 833 2302 885 γὰρ

1277 893 1336 930 καὶ
1365 894 1423 932 τὸν
1449 895 1599 946 γηπόνον
1617 895 1729 946 λέγων
1756 902 1929 948 συνεργεῖν
1954 896 2040 948 πρὸς
2067 895 2130 943 τὴν
2149 899 2211 941 τῆς
2239 898 2303 945 γῆς

1276 954 1452 1005 ἐργασίαν,
1471 958 1509 998 οὐ
1523 958 1572 1008 τῷ
1588 957 1730 1009 γηπόνῳ
1756 957 1795 995 τὸ
1815 964 1884 994 πᾶν
1903 956 2108 1007 λογίζομαι,
2129 956 2220 994 ἀλλὰ
2238 956 2302 994 κᾶν

1277 1015 1439 1065 μυριάκις
1452 1019 1469 1054 6
1485 1016 1635 1067 γηπόνος
1652 1017 1696 1055 τὰ
1710 1017 1795 1068 παρ’
1809 1020 1930 1056 ἑαυτοῦ
1949 1016 2184 1064 ἐπιδείξηται,
2205 1019 2235 1055 εἷ
2251 1017 2300 1067 μὴ

1275 1077 1292 1110 6
1311 1077 1362 1126 τῷ
1381 1076 1496 1128 οἰκείῳ
1524 1078 1769 1129 προστάγματι
1792 1078 1825 1122 ἐξ
1859 1081 1970 1131 ἀρχῆς
1997 1077 2104 1125 αὐτὴν
2133 1078 2302 1130 διεγείρας

1274 1135 1359 1186 πρὸς
1372 1136 1435 1182 τὴν
1449 1139 1518 1174 τῶν
1529 1141 1673 1190 καρπῶν
1691 1139 1799 1185 αὐτὴν
1814 1139 1947 1190 γένεσιν
1967 1143 2108 1186 κινῆσαι
2128 1141 2280 1191 βουληθῇ
2291 1170 2300 1183 .,

1274 1196 1368 1235 οὐδὲν
1397 1197 1517 1250 ὄφελος
1549 1201 1618 1236 τῶν
1651 1201 1790 1238 πολλῶν
1824 1199 2009 1250 καμάτων·
2038 1200 2095 1237 τὸν
2128 1201 2230 1238 αὐτὸν
2259 1201 2299 1246 δὴ

1273 1257 1399 1309 τρόπον
1421 1259 1511 1311 φημὶ
1526 1290 1535 1307 ,
1554 1259 1608 1298 ὅτι
1639 1259 1702 1298 κᾶν
1724 1260 1813 1311 μετὰ
1840 1265 1900 1298 τοῦ
1924 1259 2078 1311 γηπόνου
2106 1260 2165 1298 καὶ
2190 1264 2212 1307 ἡ
2241 1265 2301 1298 τοῦ

1271 1319 1369 1366 ἡλίου
1393 1320 1574 1373 συνέργεια
1595 1321 1837 1372 συμὲάληται,
1855 1321 1914 1359 καὶ
1931 1325 1953 1368 ἡ
1975 1324 2037 1368 τῆς
2053 1321 2216 1369 σελήνης,
2241 1321 2302 1359 καὶ

1271 1385 1293 1427 ἧ
1314 1384 1381 1419 τῶν
1403 1382 1514 1434 ἀέρων
1537 1382 1727 1434 εὐκρασία,
1755 1382 1830 1420 οὐδὲ
1855 1381 1964 1425 οὕτως
1988 1382 2086 1420 ἔσται
2113 1398 2148 1420 τι
2174 1382 2299 1430 πλέον,

1274 1442 1322 1493 μὴ
1348 1447 1410 1490 τῆς
1436 1444 1564 1482 ἄνωθεν
1587 1443 1696 1489 δεξιᾶς
1715 1443 2039 1496 συνεφαπτομένης”
2064 1450 2078 1465 ²
2095 1444 2226 1490 ἐκείνης
2263 1444 2299 1482 δὲ

1272 1506 1333 1550 τῆς
1366 1510 1534 1557 κραταιᾶς
1570 1505 1686 1557 χειρὸς
1715 1505 1947 1556 βουλομένης,
1979 1505 2039 1543 καὶ
2062 1509 2084 1551 ἡ
2114 1503 2211 1556 παρὰ
2230 1507 2299 1543 τῶν

1273 1565 1452 1618 στοιχείων
1504 1566 1659 1618 ἐνέργεια
1700 1567 1848 1619 μέγιστα
1888 1567 2132 1618 συμέαλεῖται.
2177 1568 2300 1605 Ταῦτα

1272 1626 1361 1678 μετὰ
1404 1628 1583 1680 ἀκριὸείας
1613 1629 1821 1681 κατέχοντες
1865 1628 2104 1678 ἐπιστομίζετε
2135 1627 2212 1672 τοὺς
2247 1628 2298 1667 ἔτι

1270 1690 1470 1727 πλανᾶσθαι
1507 1689 1751 1741 βουλομένους,
1778 1691 1836 1728 καὶ
1868 1690 1915 1741 μὴ
1943 1696 2155 1742 συγχωρεῖτε
2180 1690 2299 1728 τὸτοῦ

1272 1750 1480 1803 δημιουργοῦ
1493 1750 1598 1795 σε’ὅας
1615 1757 1685 1795 τοῖς
1700 1751 1889 1801 κτίσμασιν
1903 1751 2102 1802 ἀπονέμειν.
2123 1751 2191 1789 Διὰ
2198 1755 2301 1789 τοῦτο

1272 1811 1330 1848 καὶ
1356 1815 1378 1858 ἡ
1411 1811 1487 1849 θεία
1521 1811 1646 1864 Γραφὴ
1667 1813 1704 1850 οὐ
1727 1812 1830 1863 μόνον
1857 1813 1895 1850 τὸ
1926 1812 2053 1856 κάλλος
2078 1815 2182 1851 αὐτοῦ
2213 1816 2298 1862 ἡμῖν

1273 1871 1442 1917 δείκνυσι,
1473 1872 1533 1910 καὶ
1566 1873 1606 1910 τὸ
1636 1873 1798 1924 μέγεθος,
1821 1873 1881 1911 καὶ
1907 1873 1971 1918 τὴν
2002 1872 2137 1925 χρείαν,
2160 1872 2217 1910 διὰ
2237 1875 2297 1910 τοῦ

1274 1932 1467 1981 εἷπεῖν,Ὡς
1486 1933 1644 1985 νυμφίος,
1658 1933 1730 1982 καὶ,
1750 1933 2016 1984 Ἀγαλλιάσεται
2031 1935 2078 1976 ὡς
2097 1933 2196 1984 γίγας
2217 1933 2298 1984 δρα-

1274 2001 1351 2045 μεῖν
1365 1994 1455 2042 ὁδὸν,
1472 1994 1586 2033 dom&
1599 1995 1659 2032 καὶ
1677 1995 1718 2034 τὸ
1734 1994 1873 2038 ἀσθενὲς
1891 1994 1949 2033 καὶ
1968 1994 2164 2045 οὐδαμινόν.
2180 1993 2300 2033 Ἄκου-

1273 2071 1332 2093 σον
1359 2055 1428 2108 γὰρ
1457 2055 1492 2093 τί
1526 2071 1628 2107 φησιν
1651 2057 1807 2107 ἀλλαχοῦ
1820 2072 1827 2079 ·
1848 2056 1896 2093 Τί
1913 2056 2156 2108 φωτεινότερον
2175 2055 2298 2103 ἡλίους

1273 2115 1333 2153 καὶ
1351 2120 1451 2154 τοῦτο
1477 2116 1642 2154 ἐκλείπει.
1663 2116 1725 2162 Μή
1745 2132 1783 2153 σε
1805 2117 1992 2163 ἀπατάτω,
2013 2116 2115 2168 φησὶν
2130 2146 2139 2163 ,
2168 2121 2189 2163 ἡ
2213 2116 2274 2154 θέα
2292 2132 2299 2140 ·

1274 2175 1333 2214 ἐὰν
1360 2176 1427 2229 γὰρ
1477 2178 1628 2228 βουληθῇ
1665 2180 1682 2214 6
1720 2177 1979 2229 δημιουργήσας
2014 2177 2224 2228 προστάξαι,
2253 2181 2300 2220 ὡς

1273 2237 1348 2276 οὐδὲ
1379 2237 1527 2289 γεγονὼς
1559 2238 1764 2289 ἀφίπταται.
1808 2239 1932 2275 Ταῦτα
1958 2241 1986 2276 εἷ
2026 2240 2179 2276 συνεῖδον
2210 2238 2298 2276 Ἑλ·-

1273 2298 1385 2344 λήνων
1414 2300 1555 2346 παῖδες,
1596 2300 1657 2336 οὐκ
1699 2298 1739 2335 ἂν
1774 2298 1944 2345 τοσαύτην
1980 2299 2114 2346 πλάνην
2146 2300 2299 2346 ἐπλανή-

1275 2362 1404 2406 Οησαν,
1425 2361 1501 2398 ἀλλ’
1525 2353 1612 2398 εἶδον
1643 2359 1682 2397 ἂν
1717 2361 1852 2407 καλῶς,
1879 2359 1932 2397 ὅτι
1967 2360 2135 2412 προσήκει
2169 2363 2208 2399 ἐκ
2238 2364 2298 2407 τῆς

1274 2423 1343 2458 τῶν
1377 2420 1693 2472 δημιουργημάτων
1727 2421 1870 2472 θεωρίας
1907 2421 1963 2459 ἐπὶ
2000 2422 2058 2460 τὸν
2092 2421 2298 2473 δημιουργὸν

1275 2483 1500 2534 ἀναδραμεῖν.
1519 2482 1587 2521 Διὰ
1606 2486 1708 2522 τοῦτο
1728 2484 1789 2521 καὶ
1817 2486 1861 2535 τῇ
1885 2483 2037 2535 τετάρτῃ
2057 2483 2174 2535 ἡμέρα
2196 2483 2299 2521 αὐτὸν

1275 2543 1560 2595 ἐδημιούργησεν,
1581 2543 1636 2581 ἵνα
1668 2544 1716 2595 μὴ
1740 2544 1886 2596 νομίσῃς
1909 2548 2027 2583 τοῦτον
2054 2551 2216 2596 συνιστᾷν
2235 2544 2299 2591 τὴν

1275 2604 1426 2656 ἡμέραν.
1455 2604 1504 2643 ’“Ὸ
1526 2605 1593 2657 γὰρ
1615 2605 1671 2643 ἐπὶ
1692 2609 1759 2643 τῶν
1784 2606 1994 2658 σπερμάτων
2011 2605 2174 2656 εἴπομεν,
2199 2609 2300 2644 τοῦτο

1276 2666 1334 2703 καὶ
1356 2666 1413 2704 ἐπὶ
1427 2669 1489 2712 τῆς
1506 2666 1638 2719 ἡμέρας
1667 2668 1822 2718 ἐροῦμεν,
1848 2667 1902 2704 ὅτι
1932 2666 2086 2717 ε’γένοντο
2118 2667 2179 2717 μὲν
2207 2673 2299 2718 τρεῖς

1275 2727 1405 2778 ἡμέραι
1422 2727 1490 2779 πρὸ
1511 2730 1573 2773 τῆς
1598 2728 1720 2767 τούτου
1749 2727 1985 2780 δημιουργίας.
2006 2726 2204 2774 Ἰζὸουλῆθη
2225 2728 2261 2766 δὲ
2281 2731 2299 2766 6

1241 2819 1251 2826 .
1277 2789 1457 2834 Δεσπότης
1476 2788 1535 2826 καὶ
1560 2788 1617 2827 διὰ
1643 2794 1703 2827 τοῦ
1727 2788 1897 2841 στοιχείου
1927 2787 2048 2826 τούτου
2076 2787 2297 2841 φαιδρότερον

1277 2849 1316 2887 τὸ
1336 2852 1406 2901 φῶς
1428 2852 1489 2895 τῆς
1507 2849 1639 2901 ἡμέρας
1655 2850 1886 2901 ἐργάσασθαι·
1915 2849 1954 2887 τὸ
1983 2849 2066 2887 αὐτὸ
2085 2848 2142 2886 καὶ
2161 2849 2218 2888 ἐπὶ
2238 2854 2298 2887 τοῦ

1278 2910 1457 2953 ἐλάττονος
1471 2914 1652 2962 φωστῆρος
1679 2911 1834 2960 εἴποιμεν
1853 2910 1893 2947 ἂν
1910 2940 1918 2957 ,
1940 2913 2001 2956 τῆς
2023 2910 2169 2957 σελήνης
2186 2909 2278 2961 λέγω
2291 2926 2298 2934 ·

1278 2972 1439 3023 γεγόνασι
1458 2971 1524 3023 γὰρ
1545 2978 1636 3025 τρεῖς
1662 2971 1780 3015 νύκτες
1799 2972 1867 3023 πρὸ
1895 2975 1956 3017 τῆς
1982 2970 2111 3017 ταύτης
2131 2973 2297 3025 δημιουρ·

1279 3034 1368 3085 γίας.
1406 3033 1496 3071 Ἀλλ’
1530 3034 1624 3084 ὅμως
1656 3033 1715 3071 καὶ
1745 3033 1830 3079 αὐτὴ
1865 3035 2086 3084 παραχθεῖσα
2121 3032 2185 3078 τὴν
2215 3034 2298 3083 παρ’

1281 3096 1405 3139 ἑαυτῆς
1419 3093 1569 3146 εἰσφέρει
1596 3093 1735 3146 χρείαν,
1754 3094 2023 3137 διασκεδάζουσα
2046 3094 2107 3137 τ’ἧς
2127 3092 2246 3135 νυκτὸς
2261 3093 2300 3130 τὸ

1281 3152 1423 3194 σκότος,
1447 3151 1503 3188 καὶ
1534 3153 1655 3203 σχεδον
1684 3154 1790 3190 εἰπεῖν
1819 3151 1861 3188 τὰ
1892 3152 1977 3190 αὐτὰ
1999 3154 2048 3203 τῷ
2075 3151 2163 3203 ἡλίῳ
2187 3167 2299 3189 συντε-

1343 3274 1358 3299 d
1379 3274 1469 3307 Haec.
1491 3279 1569 3308 ἀλλὰ
1587 3280 1633 3308 καὶ
1651 3280 1683 3308 τὸ
1701 3278 1816 3312 ἀσθενὲς
1834 3279 1881 3307 καὶ
1899 3277 2067 3316 οὐδαμινόν.
2087 3286 2159 3318 ‹1¹1oe
2175 3275 2207 3306 in
2227 3274 2298 3306 Mo-

638 3338 853 3373 τῆςκραταιᾶς.
869 3327 965 3362 Colt»,
985 3339 1067 3360 unus
1078 3335 1105 3359 et
1122 3326 1256 3360 Coislin.
1299 3326 1355 3358 rcl.
1371 3325 1518 3367 deerunt,
1539 3328 1570 3358 in
1588 3327 1713 3359 cmteris
1729 3325 1900 3357 hahentur.
