2566 3791
151 600 273 628 moralis
290 611 340 628 cx-

151 640 277 669 hortatio

149 689 248 710 ‹ontra
271 693 339 710 axa-

151 725 260 750 titiani.

160 2261 166 2277 ι
184 2251 321 2281 .T1'm.6.

158 2300 205 2320 1⁴).

361 200 450 231 210
781 198 818 227 S.
857 197 1042 227 JOANMS
1079 194 1321 226 cuni‘sOST.

357 284 439 322 dem
457 281 654 321 sortiuntur
666 280 954 333 appellationem.
975 281 1168 332 Propterea
1185 277 1310 315 beatus

357 346 416 383 hic
431 343 605 397 propheta
621 342 799 381 narrando
814 342 970 380 hocloco
990 340 1198 388 subsistens,
1209 335 1309 375 aliud

357 404 488 441 iterum
503 401 723 454 principium
741 400 892 438 orditur.

408 591 442 630 5.
479 592 642 629 Ceterum
676 602 720 625 ne
756 588 894 639 incepta
930 585 1081 624 lectione
1127 584 1310 635 aliquanto

355 652 588 704 prolixiorem
613 658 777 687 texamus
797 661 995 685 sermonem
1012 676 1022 696 ,
1045 646 1105 684 hic
1122 646 1230 684 etiam
1246 659 1309 684 nos

355 728 437 752 cum
451 713 553 750 beato
571 711 747 763 propheta
760 708 905 747 dicendi
924 708 1032 747 finem
1050 707 1235 756 faciamus,
1256 720 1308 744 se—

354 783 521 826 quentem
551 771 892 824 interpretationem,
915 771 943 808 si
979 771 1076 807 Deus
1096 767 1309 821 permiserit,

352 836 388 873 in
407 835 519 872 alium
545 847 743 873 sermonem
762 841 980 885 reponentes.
1002 833 1083 871 Jam
1101 839 1220 868 autem
1237 829 1308 867 ad-

353 896 526 934 monitam
541 895 724 933 earitatem
742 903 898 933 vestram
914 893 1058 942 vellem,
1075 906 1144 943 quo
1160 891 1310 943 amplio-

352 972 427 995 rem
446 956 638 1008 quemdam
656 970 701 993 ex
735 954 842 993 djctis
860 953 988 992 nostris
1004 954 1160 990 fructum
1187 951 1308 1004 perci-

351 1018 480 1070 piatis,
499 1027 538 1055 ut
561 1017 722 1068 quotidie
740 1030 804 1055 vos
825 1014 1046 1063 examinetis,
1069 1012 1159 1064 quid
1178 1027 1223 1050 ex
1241 1013 1308 1051 hoc

351 1092 528 1128 sermone,
550 1087 583 1116 et
598 1077 743 1128 quidex
761 1076 831 1114 alio
842 1074 1103 1125 lucrifeceritis,
1123 1083 1157 1111 et
1167 1087 1236 1111 non
1246 1088 1305 1111 so-

350 1140 427 1176 lum
445 1138 594 1176 auribus
607 1137 812 1190 percipiatis
823 1145 943 1175 nostra
955 1135 1066 1185 dicta,
1081 1133 1184 1173 sedet
1197 1135 1307 1172 menti

349 1208 477 1238 vestrae
489 1199 577 1236 bene
597 1197 863 1246 commendetis,
880 1207 913 1235 et
932 1196 1141 1248 quotidiana
1157 1195 1307 1234 medita-

349 1260 444 1298 tione
475 1259 618 1297 firmam
648 1259 699 1297 rei
725 1258 935 1297 memoriam
971 1257 1130 1296 teneatis.
1163 1257 1306 1297 Vellem

352 1321 450 1359 enim
468 1335 532 1360 vos
545 1335 614 1359 non
623 1320 728 1360 vobis
740 1329 880 1358 tantum
894 1319 1078 1372 proficere,
1095 1318 1157 1356 sed
1172 1327 1206 1356 et
1219 1318 1307 1356 alio-

350 1396 433 1420 rum
454 1382 532 1419 fieri
562 1381 768 1433 magistros,
791 1381 841 1419 ita
870 1390 910 1418 ut
929 1379 1072 1433 possitis
1091 1379 1200 1417 etiam
1219 1379 1307 1417 alios

356 1443 559 1493 admonere,
571 1457 682 1494 neque
692 1443 761 1481 hoc
773 1443 892 1481 verbis
905 1442 1093 1480 dumtaxat
1107 1437 1225 1493 agere,
1247 1440 1310 1479 sed

351 1514 385 1542 et
404 1504 573 1556 operibus
589 1503 732 1541 erudire
745 1504 929 1555 proximos
948 1502 993 1540 ad
1002 1502 1218 1555 praeclarum
1232 1502 1307 1540 vir-

351 1565 437 1603 tutis
449 1565 807 1616 officium.Cogitate,
822 1578 898 1614 oro,
914 1564 942 1602 si
958 1578 1038 1614 vos,
1050 1564 1112 1615 qui
1123 1564 1183 1602 hie
1197 1564 1304 1602 affui—

352 1626 430 1676 stis,
455 1625 614 1677 quotidie
641 1626 909 1678 portiunculam
928 1634 1067 1663 tantum
1086 1626 1309 1678 accepissetis

352 1687 400 1725 ad
419 1686 659 1725 emendandas
672 1687 900 1725 affectionum
917 1686 1215 1739 perturbationes,
1231 1688 1309 1740 jam

352 1748 400 1786 ad
441 1762 621 1787 summum
661 1748 810 1798 aliquod
850 1747 1035 1798 fastigium
1075 1757 1310 1799 perventuros

352 1809 472 1847 fuisse.
492 1809 585 1846 Nam
605 1822 674 1846 non
693 1822 868 1846 cessamus
887 1807 1106 1859 quotidianis
1131 1809 1309 1846 sermoni-

351 1871 421 1908 bus
438 1870 617 1908 inculcare
636 1870 784 1908 auribus
797 1869 939 1919 vestris,
961 1883 1038 1919 quae
1060 1869 1107 1907 ad
1123 1869 1310 1908 instituen-

353 1931 438 1970 dam
449 1931 622 1984 optimam
636 1931 748 1970 vitam
758 1931 922 1981 attinent,
938 1939 977 1968 ut
989 1930 1214 1969 eradicentur
1225 1931 1311 1969 mali

354 1993 414 2031 isti
432 1993 592 2039 affectus,
614 1992 706 2043 iram
725 1993 807 2030 dico
824 2023 836 2042 ,
859 1992 1036 2030 invidiam
1070 2002 1104 2030 et
1122 1993 1273 2031 livorem
1301 2008 1308 2029 :

356 2054 486 2105 quibus
505 2053 666 2103 sublatis,
694 2053 836 2091 facilius
855 2063 889 2091 et
909 2053 1045 2091 insania
1065 2053 1127 2091 illa
1147 2054 1183 2092 in
1204 2054 1310 2092 colli-

357 2114 480 2165 gendis
490 2114 651 2166 pecuniis
662 2113 942 2151 emendationem
949 2113 1151 2151 admitteret
1166 2130 1174 2151 :
1192 2123 1225 2151 et
1239 2128 1312 2152 ces-

358 2185 455 2213 sante
473 2175 610 2213 insania
628 2175 801 2223 avaritiae,
821 2175 948 2227 majori
970 2175 1156 2212 securitate
1176 2175 1311 2212 illicitae

359 2237 532 2287 foedaeque
546 2236 776 2287 cogitationes
807 2235 1126 2287 comprimerentur
1149 2250 1157 2271 :
1182 2236 1310 2272 Radix

361 2301 464 2336 enim
495 2299 665 2334 omnium
692 2297 883 2333 malorum
910 2304 966 2333 est
996 2298 1178 2333 avaritia.
1205 2296 1313 2342 Quod

362 2360 391 2397 si
410 2358 567 2397 radicem
578 2357 847 2404 resecuerimus,
863 2366 896 2394 et
915 2356 1077 2394 funditus
1091 2357 1312 2409 exstirpave-

362 2421 490 2469 rimus,
524 2419 664 2456 facilius
702 2432 820 2455 ramos
856 2417 976 2455 licebit
1009 2427 1206 2470 amputare.
1235 2421 1313 2456 Arx

1362 193 1568 221 ARCfflEP.
1608 194 1969 226 CONSTANTINOP-

1383 273 1512 327 Κυρίου
1543 278 1602 312 τοῦ
1620 276 1733 324 Θεοῦ,
1763 276 1853 315 οὕτω
1870 278 1932 316 καὶ
1948 281 1980 316 οἳ
2000 280 2039 322 ἐκ
2066 277 2188 316 τούτου
2218 279 2337 316 λοιπὸν
2366 280 2408 317 τὸ

1383 334 1478 384 γένος
1511 337 1748 387 καταγόμενοί
1776 342 1839 385 τ’ἧς
1872 341 1978 386 αὖτ’ῆς
2016 339 2191 384 ἀξιοῦνται
2225 355 2407 394 προσηγο-

1386 393 1472 445 ρίας.
1494 395 1563 433 Διὰ
1582 400 1684 436 τοῦτο
1710 399 1770 437 καὶ
1791 403 1809 437 ὁ
1827 399 1998 452 μακάριος
2017 395 2113 444 οἶτος
2143 401 2323 453 προφήτης
2354 404 2407 440 ἐν-

1383 459 1494 494 ταῦθα
1528 457 1658 505 στήσας
1689 459 1752 507 τὴν
1789 461 1950 512 διήγησιν
1985 461 2092 500 πάλιν
2125 462 2239 514 ἀρχὴν
2285 462 2406 517 ἑτέραν

1383 531 1545 556 ποιειται.

1436 580 1526 618 Ἀλλ’
1545 579 1601 618 ἵνα
1623 581 1677 633 μὴ
1695 581 1881 634 ἀρξάμενοι
1900 582 1916 603 ¹²
1929 588 1988 622 τοῦ
2010 584 2224 635 διηγήματος
2245 587 2293 629 εἷς
2317 585 2407 624 πολὺ

1383 645 1494 693 μῆκος
1508 642 1715 694 ἐκτείνωμεν
1730 643 1792 690 τὴν
1810 643 2050 692 διδασκαλίαν,
2071 645 2219 682 ἐνταῦθα
2234 645 2409 696 καὶ-ἡμεῖς

1383 703 1541 757 καθάπερ
1559 708 1577 743 ὁ
1597 704 1768 758 μακάριος
1787 699 1884 748 οὗτος
1912 704 2094 757 προφήτης
2124 705 2410 757 καταπαύσωμεν

1381 765 1438 804 τὸν
1460 764 1576 817 λόγον,
1593 768 1641 809 εἷς
1655 765 1718 812 τὴν
1746 765 1846 814 ἑξῆς,
1872 766 1929 804 ἐὰν
1961 769 1979 803 ὃ
2001 765 2091 809 Θεὸς
2122 765 2311 819 ἐπιτρέπῃ,
2339 770 2410 805 τῶν

1382 825 1564 876 ἑπομένων
1583 826 1646 873 τὴν
1667 826 1854 879 ἑρμηνείαν
1872 827 2159 878 ταμιευσάμενοι.
2179 827 2279 871 Τέως
2299 828 2335 866 δὲ
2351 828 2410 866 ἐπὶ

1333 886 1356 917 C
1381 891 1441 924 τοῦ
1460 887 1631 939 παρόντος
1651 890 1760 926 ἐκεῖνο
1775 887 2022 939 παρακαλέσαι
2039 887 2102 934 τὴν
2127 888 2298 942 ὑμετέραν
2322 890 2410 940 ἀγά-

1381 964 1451 995 πην
1488 948 1677 999 βούλομαι,
1708 948 1798 987 ὥστε
1827 948 2046 1000 καρποῦσθαί
2078 965 2113 986 τι
2139 949 2245 988 πλέον
2274 952 2313 988 ἐκ
2339 953 2409 989 τῶν

1380 1010 1464 1061 παρ’
1497 1011 1597 1059 ἡμῶν
1630 1010 1842 1062 λεγομένων,
1878 1010 1939 1048 καὶ
1974 1010 2053 1048 καθ’
2086 1010 2236 1058 ἑκάστην
2272 1011 2410 1063 ἡμέραν

1381 1068 1523 1113 ἑαυτοὺς
1543 1071 1801 1122 διερευνᾶσθαι,
1821 1070 1856 1108 τί
1873 1070 1934 1121 μὲν
1960 1072 2000 1109 ἐκ
2018 1070 2145 1118 ταύτης
2163 1074 2225 1117 τῆς
2241 1073 2409 1111 διδασκα-

1379 1129 1456 1174 λίας
1477 1131 1683 1183 ἐκερδάνατε
1696 1161 1708 1182 ,
1726 1131 1760 1170 τί
1786 1132 1821 1170 δὲ
1843 1134 1882 1170 ἐκ
1899 1135 1961 1178 τῆς
1986 1132 2126 1186 ἑτέρας,
2147 1133 2208 1171 καὶ
2231 1133 2281 1184 μὴ
2306 1134 2410 1185 μόνον

1381 1190 1487 1244 μέχρι
1505 1195 1567 1238 τῆς
1596 1194 1703 1238 ἀκοῆς
1731 1192 1892 1245 δέχεσθαι
1912 1193 1956 1230 τὰ
1975 1195 2059 1245 παρ’
2090 1196 2191 1244 ἡμῶν
2211 1195 2384 1247 λεγόμενα
2399 1226 2410 1243 ,

1381 1252 1472 1291 ἀλλὰ
1492 1253 1552 1291 καὶ
1571 1255 1619 1296 εἷς
1631 1252 1695 1299 τὴν
1717 1254 1868 1292 διάνοιαν
1888 1257 1986 1304 ὑμῶν
2012 1253 2101 1291 αὐτὰ
2128 1254 2410 1303 ἐναποτίθεσθαι,

1380 1315 1439 1352 καὶ
1469 1318 1512 1365 τῇ
1551 1320 1688 1367 συνεχεῖ
1718 1315 1846 1368 μελέτῃ
1875 1315 2007 1367 παγίαν
2030 1317 2144 1353 αὗτῶν
2178 1315 2241 1363 τὴν
2268 1316 2410 1366 μνήμην

1378 1379 1565 1415 ποιεῖσθαι.
1585 1376 1766 1427 Βούλομαι
1785 1376 1854 1429 γὰρ
1873 1380 1963 1426 ὓμᾶς
1988 1376 2036 1427 μὴ
2058 1377 2160 1427 μόνον
2191 1379 2326 1421 ἑαυτοῖς
2347 1379 2411 1429 ἀρ-

1379 1443 1468 1488 κεῖν,
1488 1438 1579 1476 ἀλλὰ
1613 1437 1674 1476 καὶ
1707 1437 1837 1491 ἑτέροις
1866 1438 2096 1482 διδασκάλους
2117 1438 2294 1490 γίνεσθαι,
2320 1438 2411 1477 ὥστε

1380 1498 1546 1537 δύνασθαι
1574 1499 1634 1537 καὶ
1660 1498 1797 1551 ἑτέρους
1824 1503 2008 1548 νουθετεῖν,
2037 1500 2098 1538 καὶ
2129 1499 2178 1550 μὴ
2207 1499 2264 1538 διὰ
2297 1500 2411 1551 λόγων

1382 1559 1486 1610 μόνον
1515 1564 1616 1598 τοῦτο
1639 1567 1766 1609 ποιεῖν,
1801 1561 1891 1600 ἀλλὰ
1918 1561 1977 1598 καὶ
2002 1560 2060 1599 διὰ
2093 1564 2162 1599 τῶν
2192 1560 2302 1613 ἔργων
2321 1577 2410 1600 παι-

1383 1621 1490 1659 δεύειν
1510 1621 1588 1665 τοὺς
1602 1621 1750 1668 πλησίον
1765 1623 1851 1675 πρὸς
1870 1622 1933 1669 τὴν
1948 1626 2010 1669 τῆς
2033 1624 2158 1675 ἀρετῆς
2182 1621 2411 1675 κατόρθωσιν.

1383 1682 1572 1730 Ἐννόησον
1594 1683 1662 1736 γάρ
1682 1699 1760 1734 μοι,
1780 1682 1834 1722 ὅτι
1862 1685 1892 1721 εἰ
1921 1684 2145 1735 βουληθείητε
2166 1685 2243 1721 καθ’
2260 1682 2412 1729 ἑκάστην

1333 1747 1358 1776 D
1383 1743 1521 1796 ’ἡμέραν
1537 1745 1685 1782 ἐνταῦθα
1704 1743 1983 1796 παραγενόμενοι
2006 1744 2130 1796 μικρόν
2150 1760 2183 1781 τι
2205 1743 2308 1795 μέρος
2323 1759 2410 1795 καρ-

1383 1809 1533 1843 ποῦσθαι
1545 1836 1555 1853 ,
1570 1805 1630 1843 καὶ
1650 1807 1720 1842 τῶν
1740 1805 1973 1857 ἐνοχλούντων
1992 1807 2073 1856 ὑμῖν
2090 1808 2212 1844 παθῶν
2229 1805 2410 1858 διόρθωσιν

1384 1865 1713 1914 ποιήσασθαι,πῶς
1741 1868 1820 1905 κατ’
1840 1867 1954 1918 ὀλίγον
1988 1868 2036 1910 εἷς
2064 1865 2173 1913 αὐτὴν
2192 1869 2256 1912 τῆς
2286 1869 2412 1918 ἀρετῆς

1383 1927 1446 1974 τὴν
1482 1927 1592 1978 ἄκραν
1619 1926 1770 1980 κορυφὴν
1803 1926 1993 1966 ἐλεύσεσθε.
2018 1925 2111 1966 Οὐδὲ
2142 1926 2210 1980 γὰρ
2227 1926 2413 1977 παυόμεθα

1385 1990 1436 2042 ἐφ’
1455 1988 1606 2035 ἑκάστης
1628 1988 1888 2040 διαλεγόμενοι,
1909 1988 1969 2025 καὶ
1997 1988 2079 2039 περὶ
2097 1990 2160 2033 τ’ῆς
2187 1987 2333 2039 ἀρίστης
2349 2003 2414 2026 πο-

1384 2050 1512 2093 λιτείας
1535 2052 1615 2100 ὑμῖν
1635 2051 1840 2102 ἐνηχοῧντες
1851 2080 1861 2098 ,
1871 2049 1963 2088 ὥστε
1974 2049 2018 2087 τὰ
2033 2049 2174 2101 ὀλέθρια
2190 2053 2303 2088 ταῦτα
2316 2048 2412 2095 πάθη

1385 2112 1582 2155 ἐκκόπτειν,
1611 2112 1669 2149 τὸν
1707 2112 1814 2162 θυμὸν
1842 2111 1956 2161 λέγω,
1992 2111 2055 2158 τὴν
2099 2110 2309 2162 βασκανίαν,
2329 2111 2412 2150 ιιτὸν

1386 2172 1521 2224 φθόνον.
1533 2171 1674 2210 Τούτων
1709 2171 1778 2223 γὰρ
1808 2171 2071 2219 ἀναιρεθέντων,
2101 2173 2334 2224 εὐκολώτερον
2353 2173 2413 2210 καὶ

1384 2237 1406 2280 ἡ
1439 2233 1518 2286 περὶ
1549 2232 1593 2270 τὰ
1618 2231 1790 2284 χρήματα
1823 2232 1932 2282 μανία
1958 2231 2138 2284 διόρθωσιν
2163 2232 2332 2283 λήψεται,
2352 2232 2412 2271 καὶ

1385 2297 1447 2340 τῆς
1465 2293 1545 2345 περὶ
1562 2292 1606 2331 τὰ
1624 2292 1796 2345 χρήματα
1823 2293 1949 2343 μανίας
1968 2294 2074 2331 πάλιν
2092 2293 2306 2340 παυθείσης,
2322 2293 2412 2344 μετὰ

1384 2355 1541 2398 πλείονος
1559 2359 1620 2402 τῆς
1637 2354 1753 2398 ἀδείας
1768 2356 1799 2393 οἱ
1818 2355 1941 2393 ἄτοποι
1956 2354 2119 2405 λογισμοὶ
2133 2354 2194 2392 καὶ
2211 2357 2246 2392 αἱ
2267 2356 2411 2408 αἰσχραὶ

1385 2416 1590 2466 ἐνθυμήσεις
1612 2416 1958 2463 κατασταλήσονται·
1980 2415 2082 2459 Ῥίζα
2099 2415 2167 2469 γὰρ
2186 2416 2326 2454 πάντων
2341 2420 2412 2455 τῶν

363 2482 458 2519 enim
479 2480 671 2529 malorum,
693 2488 726 2516 et
745 2479 933 2530 colophon,
950 2487 990 2516 ut
1008 2479 1059 2516 ita
1080 2478 1212 2527 (licam,
1225 2493 1312 2531 pee—
1335 2481 1358 2511 E
1384 2481 1502 2516 κακῶν
1522 2480 1615 2516 ἐστιν
1640 2482 1660 2524 ἡ
1681 2477 1907 2529 φιλαργυρία.
1925 2475 1988 2515 Ἂν
2008 2476 2122 2514 τοίνυν
2141 2476 2204 2523 τὴν
2236 2477 2331 2529 ῥίζαν
2353 2479 2414 2515 ἔκ-

364 2551 538 2591 catorum,
559 2550 610 2579 est
636 2540 752 2578 rabies
772 2540 833 2577 illa
865 2539 1145 2591 colligendarum
1168 2541 1313 2580 divitia-

361 2617 457 2653 rum,
476 2617 584 2654 quam
613 2601 642 2640 si
669 2601 813 2640 domare
829 2601 1064 2648 voluerimus,
1087 2602 1177 2640 nihil
1206 2612 1313 2651 vetat,

362 2665 448 2716 quin
468 2665 575 2703 simul
589 2673 622 2701 et
635 2664 701 2701 hac
715 2663 852 2701 insania
874 2662 1082 2706 liberemur,
1099 2672 1133 2701 et
1153 2677 1234 2701 cum
1247 2664 1313 2702 hac

362 2726 556 2764 evellamus
575 2734 608 2763 et
628 2725 848 2763 eradicemus
878 2737 998 2762 omnes
1026 2724 1241 2776 perniciosos
1259 2726 1314 2762 af-

1385 2541 1560 2592 τέμωμεν,
1580 2540 1638 2578 καὶ
1653 2541 1687 2585 ἐξ
1717 2543 1818 2579 αὐτοῦ
1835 2545 1894 2578 τοῦ
1921 2540 2044 2592 βάθους
2063 2540 2171 2587 αὐτὴν
2201 2539 2413 2579 ἀνασπάσω-

1387 2620 1460 2654 μεν,
1481 2601 1710 2654 εὐκολώτερον
1742 2605 1811 2640 τῶν
1843 2602 1981 2641 κλάδων
2011 2601 2254 2653 περιεσόμεθα.
2275 2600 2320 2639 Ἡ
2345 2600 2413 2653 γὰρ

1386 2664 1573 2718 ἀκρόπολις
1592 2667 1660 2702 τῶν
1679 2667 1810 2709 κακῶν,
1831 2664 1890 2702 καὶ
1906 2667 1924 2702 ὃ
1937 2662 2108 2715 κολοφὼν,
2135 2665 2181 2705 ὡς
2201 2664 2323 2709 εἰπεῖν,
2341 2664 2412 2700 τῶν

1387 2725 1664 2776 ἁμαρτημάτων,
1686 2728 1708 2771 ἡ
1726 2724 1839 2764 λύσσα
1869 2727 1937 2762 τῶν
1965 2723 2160 2776 χρημάτων
2187 2723 2292 2769 ἐστὶν,
2312 2717 2353 2768 ἧς
2383 2725 2413 2760 εἷ

363 2789 488 2825 sectus.
510 2789 590 2826 Jam
622 2801 666 2824 ne
684 2785 906 2824 existimetis>
921 2799 1092 2835 magnum
1110 2785 1248 2837 aliquid
1281 2796 1311 2824 et
1324 2819 1371 2843 179
1389 2788 1635 2841 βουληθείημεν
1655 2788 1917 2842 περιγενέσθαι,
1934 2787 2028 2826 οὐδὲν
2046 2787 2085 2825 τὸ
2103 2785 2235 2825 κωλύον
2251 2786 2312 2824 καὶ
2327 2786 2411 2824 ταύ-

363 2862 470 2899 grave
492 2862 564 2886 esse
585 2863 694 2900 opum
713 2856 944 2886 contemtum.
963 2847 1058 2893 Quia
1076 2861 1158 2885 cum
1173 2862 1312 2886 mecum
1336 2858 1360 2885 Α
1385 2867 1448 2896 την
1479 2850 1540 2897 τὴν
1574 2850 1700 2899 μανίαν
1719 2853 1893 2902 ἐκφυγεῖν,
1913 2849 1972 2887 καὶ
2002 2848 2092 2899 μετὰ
2107 2847 2236 2894 ταύτης
2261 2862 2412 2885 συνανα-

362 2918 502 2961 reputo,
525 2919 597 2946 tam
612 2909 742 2947 multos
763 2910 808 2947 ob
836 2909 977 2965 inanem
995 2917 1029 2946 et
1049 2908 1213 2947 inutilem
1234 2910 1311 2962 glo-

362 2971 451 3007 riam
471 2970 584 3007 multa
599 2970 678 3007 auri
694 2970 823 3008 talenta
841 2969 1008 3007 effudisse
1028 2969 1064 3008 in
1081 2970 1215 3008 nullam
1241 2972 1312 3010 uti-

361 3032 512 3081 litatem,
533 3031 596 3069 sed
617 3041 655 3069 ut
681 3045 700 3068 a
727 3031 1018 3069 circumforaneis
1050 3041 1084 3069 et
1108 3031 1313 3071 trivialibus

362 3092 588 3131 homunculis
616 3101 839 3144 aucupentur
868 3092 1021 3130 nominis
1042 3092 1311 3144 celebritatem,

360 3168 441 3205 qua:
457 3153 504 3192 ad
522 3168 703 3205 vesperam
719 3153 864 3203 desinit,
880 3163 913 3192 et
943 3168 1034 3206 scepc
1048 3168 1116 3192 non
1138 3169 1248 3207 usque
1263 3155 1310 3193 ad

1386 2913 1520 2950 σπάσαι
1540 2912 1599 2950 καὶ
1620 2914 1778 2963 ἐκτεμεῖν
1793 2910 1909 2950 πάντα
1926 2910 1970 2947 τὰ
1986 2910 2127 2963 ὀλέθρια
2138 2909 2246 2956 πάθη.
2271 2909 2341 2948 Καὶ
2360 2908 2410 2960 μὴ

1385 2974 1551 3024 νομίσητε
1573 2973 1664 3025 μέγα
1682 2989 1717 3011 τι
1744 2973 1804 3011 καὶ
1836 2971 1999 3024 φορτικὸν
2030 2966 2120 3009 εἶναι
2146 2971 2185 3009 τὸ
2215 2972 2411 3023 χρημάτων

1383 3037 1569 3087 ὑπεριδεῖν.
1597 3035 1710 3074 (Όταν
1738 3034 1805 3087 γὰρ
1827 3034 1991 3082 ἐννοήσω,
2021 3033 2075 3072 ὅτι
2095 3032 2217 3072 πολλοὶ
2246 3036 2315 3070 τῶν
2346 3036 2412 3070 ἀν-

1384 3096 1530 3148 θρώπων
1555 3096 1611 3135 διὰ
1644 3096 1745 3144 κενὴν
1779 3096 1839 3134 καὶ
1860 3095 2025 3141 ἀνόνητον
2059 3093 2261 3146 φιλοτιμίαν
2296 3092 2411 3131 πολλὰ

1382 3159 1528 3212 χρυσίου
1548 3159 1705 3198 τάλαντα
1719 3158 1852 3210 ἐξέχεον
1872 3159 1919 3200 εἰς
1945 3156 2040 3194 οὐδὲν
2061 3155 2148 3203 δέον,
2169 3156 2246 3192 ἀλλ’
2270 3153 2326 3192 ἵνα
2346 3153 2410 3200 τὴν

403 3288 419 3312 ¹¹
443 3287 498 3319 Sic
511 3286 654 3328 quinque
669 3286 747 3317 Mss.
767 3292 866 3317 recte.
883 3284 945 3317 Alii
970 3290 1022 3319 τοῦ
1046 3293 1287 3329 cim-suffimenta.
1307 3289 1365 3321 In—
1399 3300 1471 3331 qum
1488 3298 1681 3332 sequnntur,
1700 3288 1743 3321 ab
1760 3289 1810 3321 his
1826 3288 1952 3326 verbi&
1968 3293 2014 3322 καὶ
2032 3297 2084 3326 τῆς
2100 3293 2169 3334 περὶ
2197 3293 2237 3322 τὰ
2259 3296 2408 3333 χρήματα

358 3340 405 3372 fra
423 3340 503 3381 neg.
525 3344 574 3371 ἐὰν
592 3343 607 3372 ὸ
624 3344 685 3375 θεὶς
702 3343 858 3382 ἐπιτρέψῃ.

1397 3349 1520 3384 μανίη,
1542 3354 1640 3384 usquc
1657 3342 1699 3374 ad
1716 3341 1768 3374 illa
1786 3341 1884 3374 ιρι-113
1903 3348 1978 3383 post
1993 3339 2110 3373 decem
2127 3341 2259 3373 circiter
2276 3351 2405 3380 νει-3ης,

400 3406 411 3418 κ
437 3394 516 3436 Rrg.
532 3404 614 3424 unus
632 3398 681 3425 τὸν
699 3397 810 3436 :Arias-2,
829 3397 878 3424 τὸν
896 3399 992 3434 five-a.
1012 3395 1133 3426 τούτων.
1151 3391 1252 3425 Paulo
1268 3401 1361 3435 post,
1399 3400 1534 3440 ρορτιιόν
1559 3398 1628 3429 εἶναι
1653 3401 1685 3430 τὸ
1710 3404 1877 3441 χρημάτων
1902 3396 2062 3435 ὑπεριδιῖν,
2081 3391 2200 3425 desunt
2217 3394 2249 3424 iu
2266 3392 2403 3426 coislin.
