2566 3791
149 555 233 582 Psul.
244 551 296 593 43.

147 603 194 632 ¹:-

340 89 430 145 242
757 99 794 129 s.

338 184 376 221 in
397 183 508 220 altum
526 180 663 232 extolli,
681 194 766 219 mox
780 191 898 220 autem
915 181 1066 234 deprimi
1081 196 1089 217 :
1110 181 1158 218 ita
1177 188 1210 217 et
1223 178 1283 217 vi—

339 243 464 281 demus
479 256 538 281 eos
552 243 615 294 qui
628 242 798 280 virtutem
813 250 1052 289 contemnunt,
1071 249 1106 278 et
1118 238 1284 289 nequitiae

338 304 426 344 dant
443 317 601 356 operam,
632 316 727 340 nunc
745 302 889 353 quidem
914 301 1070 339 sublime
1087 310 1220 350 sapere,
1251 305 1286 334 et

339 365 527 417 supercilia
546 364 729 412 extollere,
752 372 858 412 atque
882 362 991 412 hujus
1014 359 1098 397 vitae
1117 358 1213 395 curis
1231 357 1286 394 in-

340 434 454 463 tentos
473 438 556 473 esse,
576 424 694 461 subito
707 431 826 459 autem
842 420 960 471 dejici,
978 428 1012 456 et
1027 418 1075 456 ad
1090 426 1288 455 extremam

340 486 464 524 venire
479 485 645 536 inopiam.
662 483 760 528 Quos
772 482 897 519 beatus
907 479 1030 518 David
1042 478 1286 526 subindicans,
1299 500 1347 526 205

340 546 481 584 dicebat
498 561 506 581 ε
528 546 589 583 Ne
610 545 780 581 timueris
799 555 886 579 cum
907 541 1288 592 dives-factusfuerit
1312 539 1338 568 Α

343 609 455 645 homo
470 635 483 652 ,
520 605 587 642 vel
615 617 702 641 cum
730 603 992 653 multiplicata
1001 603 1132 654 suerit
1160 601 1289 653 gloria

341 668 476 704 domus
500 666 581 716 ejus
595 679 606 699 .·
636 665 730 715 quia
756 676 844 700 cum
863 663 1052 700 interierit
1073 674 1151 698 non
1167 668 1290 698 sumet

341 728 485 763 omnia.
508 723 557 761 Et
569 723 659 761 bene
677 721 784 769 dixit,
803 724 863 760 Ne
880 724 1066 760 timueris.
1085 721 1139 759 Ne
1157 730 1192 759 te
1206 734 1288 758 con-

339 785 470 832 turbet,
487 783 605 821 dicere
621 782 715 830 vult,
735 781 861 820 divitis
879 781 1097 819 abundantia
1120 790 1154 818 et
1166 781 1288 832 gloriae

338 844 520 897 splendor.
556 842 710 882 Videbis
738 841 833 880 enim
851 855 920 880 non
939 842 1054 879 multo
1081 850 1162 893 post
1186 841 1289 879 humi

336 907 524 957 jacentem,
554 912 588 941 et
615 902 706 940 nihil
725 902 865 954 operari
885 902 1076 951 valentem,
1106 911 1289 940 mortuum

342 965 494 1003 cadaver
511 963 693 1002 vermibus
705 963 742 1001 in
760 963 859 1001 cibos
874 963 1065 1014 objectum,
1081 962 1290 1015 nudumque

342 1025 396 1062 his
415 1024 580 1062 omnibus
599 1024 733 1061 factum
741 1052 752 1072 ,
785 1023 848 1073 qui
868 1023 962 1060 nihil
984 1023 1115 1061 horum
1144 1024 1289 1062 omnino

341 1100 460 1124 secum
478 1086 615 1122 auferre
625 1084 793 1139 potuerit,
810 1083 870 1122 sed
885 1084 945 1122 bic
958 1084 1076 1122 omnia
1090 1084 1287 1135 reliquerit.

342 1148 396 1184 Ne
412 1146 524 1197 igitur
534 1145 663 1184 anxius
677 1145 739 1194 sis,
759 1159 840 1182 cum
854 1144 989 1183 videris
1005 1146 1211 1196 praesentia:
1231 1159 1291 1184 ne-

342 1221 410 1256 que
427 1207 572 1244 beatum
588 1206 685 1244 dicas
697 1220 778 1244 eum
793 1205 854 1256 qui
870 1213 950 1258 post
961 1205 1069 1242 breve
1092 1214 1230 1257 tempus
1244 1207 1290 1244 ab

343 1267 399 1304 his
409 1267 574 1304 omnibus
588 1266 810 1304 destituetur.
822 1265 1014 1317 Ejusmodi
1025 1265 1119 1303 enim
1135 1274 1185 1303 est
1198 1280 1290 1317 prae-
1314 1274 1336 1303 B

343 1341 421 1365 sens
439 1327 600 1376 felicitas,
619 1335 653 1364 et
674 1325 884 1364 divitiarum
902 1335 1040 1374 natura,
1065 1335 1105 1363 ut
1128 1339 1198 1363 non
1219 1341 1288 1364 una

343 1387 588 1438 commigrent,
608 1401 690 1424 eum
705 1386 789 1423 hine
801 1386 907 1424 fuerit
921 1385 1136 1424 abeundum.
1149 1386 1288 1424 Divites

343 1447 439 1485 enim
456 1447 514 1485 his
532 1447 698 1485 omnibus
713 1445 857 1495 relictis,
873 1446 961 1484 nudi
979 1446 1064 1484 hinc
1076 1445 1286 1497 abscedunt,

342 1517 481 1546 tantum
498 1508 636 1546 malitia
655 1507 787 1556 vestiti,
808 1515 842 1544 et
866 1516 1092 1559 peccatorum
1122 1508 1290 1546 oneribus

342 1568 426 1606 inde
442 1568 610 1606 collectis.
633 1569 681 1605 At
698 1568 803 1618 longe
821 1581 921 1606 secus
938 1567 1046 1605 habet
1065 1568 1191 1618 virtus,
1209 1582 1288 1619 quae

341 1629 401 1666 hic
429 1642 569 1679 quoque
588 1628 800 1680 potentiores
825 1627 1106 1677 insidiatoribus,
1135 1638 1169 1667 et
1187 1629 1291 1681 plane

342 1688 493 1726 invictos
509 1688 628 1727 reddit
643 1703 737 1737 suos,
751 1688 1026 1738 continuamque
1035 1689 1170 1740 praebet
1186 1690 1289 1728 volu-

342 1758 488 1801 ptatem,
511 1758 544 1786 et
556 1762 600 1786 ne
616 1749 745 1786 sentire
754 1748 900 1799 quidem
911 1748 996 1786 sinit
1010 1763 1128 1787 rerum
1139 1749 1291 1788 istarum

341 1809 638 1859 inaequalitatem:
665 1808 725 1846 sed
744 1817 778 1846 et
792 1808 877 1846 hinc
903 1808 1160 1860 emigrantibus
1180 1811 1290 1849 comi-

343 1878 413 1906 tem
430 1883 466 1906 se
484 1868 596 1918 addit,
616 1877 649 1906 et
662 1877 745 1906 tunc
758 1869 998 1921 potissimum,
1019 1884 1100 1908 cum
1114 1871 1190 1922 ejus
1205 1872 1290 1909 suh-

342 1930 435 1968 sidio
454 1944 611 1982 egemus,
644 1930 681 1967 in
711 1929 838 1980 dieque
865 1931 927 1968 illo
950 1931 1100 1969 terribili
1121 1946 1290 1983 magnum

345 1991 447 2029 nobis
473 2000 615 2043 praestat
641 1990 831 2039 auxilium,
862 1991 1004 2041 placans
1027 1992 1130 2030 nobis
1154 1993 1292 2032 Judicis

346 2051 490 2089 oculum
507 2067 514 2087 :
531 2060 565 2088 et
577 2051 670 2088 sicut
682 2051 742 2088 hic
752 2051 796 2088 ab
812 2051 1060 2102 ingruentibus
1072 2053 1289 2102 infortuniis,

348 2112 396 2149 ita
417 2111 503 2148 etin
522 2112 640 2148 futuro
660 2125 696 2148 se
714 2111 864 2148 colentes
883 2125 903 2148 a
927 2112 1111 2150 tormentis
1131 2113 1202 2151 illis
1224 2114 1292 2151 eri-

348 2172 413 2222 pit.
430 2171 550 2221 Neque
568 2170 635 2208 hoc
654 2171 770 2208 solum
789 2170 874 2221 agit,
889 2170 949 2207 sed
969 2180 1002 2208 et
1016 2172 1211 2210 ineffabilia
1230 2187 1293 2210 no-

347 2231 404 2268 bis
422 2231 529 2279 bona,
551 2230 681 2281 quibus
693 2231 869 2279 fruamur,
888 2231 1065 2268 conciliat.
1083 2231 1131 2270 Et
1146 2241 1186 2270 ut
1204 2233 1292 2271 scias

350 2292 426 2330 baec
444 2292 492 2329 ita
515 2305 588 2329 sese
602 2291 745 2336 habere,
767 2305 878 2341 neque
890 2305 952 2328 nos
971 2291 1006 2328 in
1021 2305 1154 2329 vanum
1171 2302 1203 2330 et
1221 2294 1294 2331 ssu-

349 2361 423 2389 stra
437 2352 481 2390 ad
494 2351 748 2389 blandiendum
762 2351 819 2388 his
829 2351 950 2389 verbis
962 2352 1014 2389 uti
1027 2353 1186 2390 :tentabo
1201 2367 1294 2391 nunc

350 2426 394 2449 ex
407 2412 463 2450 his
472 2426 550 2463 quae
564 2411 745 2463 proposita
756 2411 983 2449 suntcaritati
993 2421 1118 2450 vestrae
1135 2413 1169 2449 id
1183 2423 1295 2452 osten-

349 2472 446 2510 dere.
470 2472 566 2511 Vide
585 2472 678 2509 enim
696 2471 874 2522 quomodo
895 2471 1129 2509 admirandus
1142 2473 1201 2511 ille
1223 2474 1292 2524 vir,

350 2535 424 2572 Noe
442 2532 534 2582 dico,
565 2533 730 2571 universo
758 2532 943 2569 hominum
971 2546 1096 2583 genere
1125 2533 1295 2573 adversus

351 2594 578 2645 semetipsum
603 2593 823 2630 clementiam
841 2593 987 2630 Domini
1005 2593 1053 2631 ad
1072 2593 1295 2633 iracundiam

350 2662 562 2705 provocante
578 2669 585 2689 :
607 2653 680 2702 ille,
707 2653 864 2703 inquam,
890 2653 985 2692 solus
1001 2667 1065 2691 sua
1079 2654 1210 2693 virtute
1228 2670 1293 2707 po-

352 2715 419 2751 tuit
437 2723 469 2751 et
494 2713 748 2764 indignationis
766 2713 965 2765 periculum
979 2714 1144 2764 effugere,
1171 2724 1204 2752 et
1220 2729 1292 2753 ma·
1319 2712 1343 2742 Ῑ)

352 2789 457 2823 gnam
478 2774 544 2811 Dei
564 2774 844 2811 benevolentiam
861 2773 929 2811 sibi
953 2775 1151 2812 conciliare.
1174 2778 1237 2825 Ac,
1264 2776 1293 2814 si

351 2835 478 2886 placet,
489 2835 677 2884 loquamur
689 2834 734 2871 de
749 2834 792 2871 iis
805 2848 883 2884 quae
899 2834 933 2871 in
950 2835 1113 2886 priesenti
1126 2836 1200 2874 vita
1214 2851 1294 2875 eve-

353 2895 466 2932 niunt.
487 2896 578 2932 Sunt
595 2895 689 2932 enim
708 2895 864 2932 fortassis
879 2894 988 2944 aliqui
1007 2895 1134 2933 suturis
1149 2905 1182 2934 et
1201 2897 1292 2935 invi-

351 2955 516 2993 sibilibus
539 2969 665 3005 parum
689 2954 877 2993 credentes
899 2955 1097 2994 Videamus
1117 2957 1232 3008 itaque
1249 2973 1294 2997 ex

351 3017 396 3054 iis
414 3030 490 3066 quse
510 3016 568 3053 hic
594 3016 771 3062 eveniunt,
791 3016 908 3066 qualia
928 3017 1136 3068 contingunt
1161 3018 1204 3055 iis
1232 3020 1292 3069 qui

351 3077 513 3127 nequitiae
528 3091 563 3113 se
572 3075 720 3124 dedunt,
742 3076 902 3127 etqualia
919 3077 1046 3128 accipit
1060 3078 1088 3114 is
1103 3078 1164 3128 qui
1179 3078 1293 3117 virtu-

348 3147 417 3175 tem
437 3145 598 3174 sectatur.
617 3138 806 3185 Postquam
822 3136 914 3174 onim
929 3137 1042 3175 bonus
1059 3140 1154 3176 Deus
1173 3139 1219 3177 ob
1238 3140 1293 3178 in-

347 3212 432 3248 gens
459 3197 603 3235 malitia:
636 3206 863 3247 augmentum
890 3198 1098 3236 sententiam
1121 3200 1201 3238 tulit
1219 3215 1291 3239 esse

346 3260 539 3297 humanum
558 3271 667 3306 genus
684 3257 871 3295 universali
891 3259 1043 3309 pernicie
1056 3260 1288 3311 puniendum,

833 99 1018 130 JOANNIS
1053 96 1294 128 CHRYSOST.
1335 95 1540 126 ARCfflEP.
1579 92 1937 124 CONSTANTINOP-

1357 177 1514 228 γαλήνῃ,
1544 174 1605 213 καὶ
1631 177 1768 222 ἐννοῶν,
1793 178 1842 218 ὡς
1866 174 1961 214 οὐδὲν
1989 177 2058 213 τῶν
2087 173 2267 225 ποταμίων
2300 175 2379 225 ῥευ-

1360 235 1480 287 μάτων
1508 233 1685 286 διενήνοχε
1715 233 1760 272 τὰ
1794 239 1854 272 τοῦ
1881 234 2050 287 παρόντος
2081 235 2154 286 βίου
2184 235 2379 286 πράγματα

1361 295 1451 345 μετὰ
1478 294 1650 341 τοσαύτης
1679 294 1835 339 εὔκολίας
1861 295 1923 333 καὶ
1952 295 2065 346 ῥύμης
2101 294 2380 347 παρατρέχοντα.

1359 355 1528 407 Καθάπερ
1549 354 1617 406 γάρ
1643 356 1736 393 ἐστιν
1770 356 1851 394 ἰδεῖν
1873 355 1918 392 τὰ
1949 359 2012 402 τῆς
2039 355 2215 402 θαλάσσης
2241 354 2383 404 κύματα

1360 419 1418 453 νῦν
1446 414 1508 466 μὲν
1535 417 1583 458 εἷς
1602 413 1686 467 ὕψος
1704 415 1836 467 ἄφατον
1860 415 2048 468 αἷρόμενα,
2067 415 2189 467 ἀθρόον
2217 415 2252 453 δὲ
2275 414 2381 451 πάλιν

1361 475 1636 525 ταπεινούμενα’
1665 475 1723 512 τὸν
1746 475 1847 514 αὐτὸν
1867 475 1908 522 δὴ
1928 475 2054 527 τρόπον
2071 476 2131 514 καὶ
2151 475 2230 518 τοὺς
2257 475 2383 527 ἀρετῆς

1363 538 1594 587 ἀμελοῦντας,
1620 534 1681 572 καὶ
1698 534 1762 580 τὴν
1785 536 1910 573 κακίαν
1942 535 2122 585 μετιόντας
2142 537 2292 587 ὁρῶμεν,
2324 537 2382 571 νῦν

1363 596 1426 648 μὲν
1446 598 1805 647 μεγαλοφρονοῦντας,
1835 595 1976 638 καὶτὰς
2003 598 2109 647 ὀφρῦς
2135 596 2383 640 ἀνασπῶντας,

1361 657 1422 695 καὶ
1433 656 1513 708 περὶ
1524 655 1568 694 τὰ
1581 661 1641 694 τοῦ
1654 655 1821 708 παρόντος
1838 655 1912 707 βίου
1926 655 2120 707 πράγματα
2137 653 2384 704 ἐπτοημένους,

1363 718 1485 770 ἀθρόον
1505 716 1540 754 δὲ
1557 716 1844 767 ταπεινουμένους
1855 746 1865 764 ,
1887 717 1947 754 καὶ
1961 718 2011 759 εἷς
2027 716 2180 768 ἐσχάτην
2197 714 2384 765 ἐλαυνομέ-

1362 794 1438 822 νους
1462 778 1596 816 πενίαν.
1626 778 1780 821 Τούτους
1807 777 1873 830 γὰρ
1902 777 1962 815 καὶ
1983 780 2001 815 ὁ
2029 777 2198 828 μακάριος
2230 775 2341 814 Δαυὶδ
2366 778 2385 813 ὁ

1361 840 1543 892 προφήτης
1561 841 1794 890 αἰνιττόμενος
1821 839 1937 890 ἔλεγε·
1958 838 2021 885 Μὴ
2050 839 2155 890 φοὸοῧ
2177 837 2260 875 ὅταν
2278 838 2386 875 πλου-

1361 900 1452 952 τήσῃ
1475 901 1673 951 ἄνθρωπος,
1701 900 1724 946 ἢ
1749 900 1831 938 ὅταν
1852 902 2032 947 πληθυνθῇ
2052 902 2074 945 ἡ
2095 898 2176 942 δόξα
2202 901 2262 936 τοῦ
2291 896 2386 935 οἴκου

1362 962 1482 997 αὐτοῦ’
1501 960 1555 997 ὅτι
1578 963 1640 998 οὔκ
1659 962 1694 998 ἐν
1713 963 1764 1011 τῷ
1785 960 2014 1007 ἀποθνήσκειν
2040 961 2143 998 αὐτὸν
2172 959 2322 1010 λήψεται
2340 957 2385 995 τὰ

1361 1020 1490 1057 πάντα.
1509 1021 1584 1061 Καὶ
1597 1023 1712 1063 καλῶς
1726 1014 1814 1067 εἶπε,
1829 1020 1892 1066 Μὴ
1910 1020 2029 1072 φοὲῗοῧ.
2050 1020 2111 1066 Μή
2131 1035 2170 1057 σε
2185 1018 2386 1071 θορυὸείτω,

1362 1079 1479 1131 φησὶν,
1507 1083 1529 1126 ἡ
1554 1083 1614 1119 τοῦ
1651 1080 1800 1119 πλούτου
1827 1080 2029 1132 περιουσία,
2057 1080 2117 1118 καὶ
2150 1083 2173 1126 ἡ
2199 1083 2262 1126 τῆς
2287 1079 2387 1125 δόξης

1362 1141 1580 1193 περιφάνεια.
1601 1140 1710 1194 Ὄψει
1729 1141 1797 1193 γὰρ
1818 1143 1893 1192 μετ’
1915 1142 1954 1178 οὖ
1979 1139 2067 1179 πολὺ
2083 1140 2197 1192 χαμαὶ
2215 1139 2386 1190 κείμενον,

1363 1201 1604 1254 ἀνενέργητον,
1631 1202 1764 1254 νεκρὸν,
1795 1200 2015 1254 ἐρριμμένον,
2050 1200 2240 1246 σκωλήκων
2273 1198 2388 1251 γιγνό-

1364 1278 1466 1312 μενον
1503 1261 1647 1314 τροφὴν,
1685 1262 1814 1314 γυμνὸν
1859 1261 1991 1299 τούτων
2025 1261 2189 1299 ἁπάντων
2221 1259 2388 1312 γιγνόμε-

1361 1337 1431 1370 νον,
1462 1323 1521 1360 καὶ
1555 1322 1651 1360 οὐδὲν
1675 1322 1765 1366 ὅλως
1799 1323 1872 1373 μεθ’
1899 1324 2020 1360 ἑαυτοῦ
2050 1324 2250 1373 ἀπενεγκεῖν
2283 1321 2390 1367 δυνη-

1362 1382 1483 1429 θέντα,
1505 1382 1582 1420 om?
1598 1385 1744 1421 ἐνταῦθα
1762 1382 1900 1420 ἅπαντα
1922 1381 2173 1420 καταλιπόντα.
2192 1381 2255 1428 Μὴ
2274 1380 2388 1419 τοίνυν

1361 1442 1406 1480 τὰ
1431 1442 1587 1494 παρόντα
1621 1442 1702 1480 ἰδὼν
1742 1442 1958 1495 ἀγωνιάσῃς,
1990 1443 2078 1494 μηδὲ
2111 1442 2310 1495 μακαρίσῃς
2328 1442 2387 1480 τὸν

1363 1502 1452 1554 μετὰ
1470 1503 1602 1556 βραχὺν
1628 1502 1751 1557 χρόνον
1779 1505 1814 1541 ἐν
1844 1503 1974 1556 ἐρημίᾳ
1987 1502 2118 1541 τούτων
2142 1503 2312 1554 μέλλοντα
2330 1502 2387 1553 γί-

1361 1568 1490 1603 νεσθαι.
1511 1564 1762 1617 Τοιοῦτονγὰρ
1775 1567 1798 1611 ἡ
1819 1570 1978 1616 παροῦσα
2002 1564 2188 1617 εὗημερία,
2204 1563 2264 1601 καὶ
2282 1566 2305 1610 ἡ
2326 1567 2386 1601 τοῦ

1361 1624 1510 1663 πλούτου
1538 1625 1656 1677 φύσις·
1680 1627 1717 1663 οὗ
1741 1626 1981 1676 συναποδημεὶ
2012 1631 2083 1668 τοῖς
2104 1626 2258 1663 ἐντεῦθεν
2289 1628 2386 1675 μεθι-

1363 1685 1564 1736 σταμένοις,
1582 1687 1659 1724 ἀλλ’
1675 1688 1821 1724 ἐνταῦθα
1841 1685 1948 1732 αὐτὴν
1966 1685 2105 1722 ἅπασαν
2124 1685 2386 1731 καταλιπόντες,

1361 1746 1486 1797 γυμνοὶ
1503 1746 1563 1784 καὶ
1583 1746 1708 1799 ἔρημοι
1728 1745 1872 1794 ἀπίασι,
1895 1746 2002 1796 μόνην
2019 1745 2084 1791 τὴν
2099 1745 2225 1784 κακίαν
2246 1746 2387 1798 περιδε-

1362 1807 1530 1857 ὃλημένοι
1541 1837 1551 1855 ,
1569 1807 1627 1844 καὶ
1646 1807 1691 1844 τὰ
1706 1810 1745 1845 ἐκ
1763 1806 1895 1854 ταύτης
1914 1809 2028 1850 αὐτοῖς
2044 1806 2254 1857 συλλέγεντα
2269 1807 2388 1858 ἆμαρ-

1362 1867 1527 1918 τημάτων
1545 1867 1681 1919 φορτία.
1703 1866 1788 1906 Ἐπὶ
1808 1867 1843 1905 δὲ
1861 1871 1925 1914 τῆς
1945 1869 2072 1920 ἀρετῆς
2091 1873 2243 1907 τοιοῦτον
2270 1867 2386 1906 οὐδέν·

1364 1929 1454 1968 ἀλλὰ
1485 1929 1546 1967 καὶ
1581 1931 1729 1967 ἐνταῦθα
1764 1928 1953 1983 ἀνωτέρους
1982 1933 2052 1968 τῶν
2093 1929 2386 1968 ἐπιδουλευόντων

1360 1990 1569 2037 καθίστησι,
1595 1990 1654 2028 καὶ
1687 1989 1885 2034 ἀναλώτους
1911 1991 2116 2042 ἐργάζεται,
2145 1991 2208 2029 καὶ
2244 1991 2385 2038 διηνεκῆ

1360 2050 1422 2096 τὴν
1442 2049 1567 2095 ἡδονὴν
1587 2050 1791 2102 χαρίζεται,
1810 2050 1870 2088 καὶ
1890 2052 1954 2089 οὐκ
1972 2051 2096 2103 ἀφίησι
2116 2054 2179 2098 τῆς
2196 2055 2264 2090 τῶν
2291 2067 2385 2104 πρα-

1361 2110 1506 2160 γμάτων
1541 2111 1742 2160 ἀνωμαλίας
1779 2110 1937 2157 αἴσθησιν
1970 2112 2105 2159 λαῧεῖν,
2140 2113 2200 2150 καὶ
2232 2116 2386 2151 ἐντεῦθεν

1362 2172 1583 2221 ἀποδημοῦσι
1602 2170 1901 2221 συμμεθίσταται,
1921 2171 1981 2209 καὶ
2009 2171 2087 2209 τότε
2115 2172 2293 2221 μάλιστα,
2328 2173 2386 2210 ὅτε

1362 2230 1535 2282 χρῄζομεν
1562 2234 1625 2276 τῆς
1645 2234 1728 2282 παρ’
1755 2232 1861 2277 αὐτῆς
1879 2232 2085 2284 συμμαχίας
2097 2261 2107 2278 ,
2136 2233 2196 2270 καὶ
2212 2233 2303 2271 κατὰ
2320 2233 2384 2280 τὴν

1363 2291 1497 2343 ἡμέραν
1523 2291 1655 2339 ἐκείνην
1682 2292 1746 2339 τὴν
1772 2292 1922 2344 φοὸερὰν
1951 2292 2083 2340 πολλὴν
2115 2296 2199 2344 ἡμῖν
2236 2294 2385 2346 παρέχει

1363 2351 1427 2397 τὴν
1455 2351 1628 2403 βοήθειαν,
1656 2353 1786 2406 ἥμερον
1805 2356 1889 2403 ἡμῖν
1909 2357 2112 2391 καθιστῶσα
2130 2359 2190 2392 τοῦ
2221 2355 2383 2393 δικαστοῦ

1363 2413 1402 2450 τὸ
1417 2413 1516 2463 ὄμμα
1532 2428 1539 2436 ·
1559 2414 1618 2451 καὶ
1637 2413 1794 2465 καθάπερ
1814 2416 1958 2452 ἐνταῦθα
1977 2414 2156 2467 παρόντων
2175 2418 2244 2453 τῶν
2265 2417 2384 2454 δεινῶν

1365 2473 1555 2525 ἀνωτέρους
1582 2474 1767 2522 καθίστησι
1794 2477 1863 2512 τῶν
1894 2475 2026 2519 δεινῶν,
2058 2475 2146 2513 οὕτω
2178 2476 2238 2514 καὶ
2269 2479 2304 2515 ἐν
2333 2479 2384 2529 τῷ

1366 2535 1526 2584 μέλλοντι
1559 2535 1742 2588 ἐξαρπάζει
1773 2535 1850 2579 τοὺς
1878 2535 1984 2582 αὐτὴν
2017 2537 2284 2590 ἐπιφερομένους
2314 2539 2384 2575 τῶν

1364 2595 1605 2648 κολαστηρίων
1631 2596 1783 2634 ἐκείνων.
1813 2597 1883 2635 Καὶ
1906 2599 1943 2635 οὒ
1964 2600 2065 2635 τοῦτο
2089 2597 2205 2647 μόνον,
2233 2596 2313 2635 ἀλλ’
2333 2598 2385 2636 ἔτι

1365 2656 1423 2693 καὶ
1438 2659 1498 2702 τῆς
1517 2658 1584 2694 τῶν
1604 2657 1809 2710 ἀπορρήτων
1827 2660 1963 2709 ἀγαθῶν
1985 2657 2208 2701 ἀπολαύσεως
2223 2657 2385 2710 πρόξενος

1364 2720 1448 2766 ἡμῖν
1466 2717 1608 2768 γίνεται.
1629 2719 1697 2755 Καὶ
1716 2718 1772 2755 ἵνα
1793 2718 1925 2770 μάθῃς,
1945 2718 1997 2756 ὅτι
2025 2722 2136 2756 ταῦτα
2162 2717 2269 2762 οὕτως
2297 2719 2383 2771 ἔχει,

1364 2778 1423 2814 καὶ
1449 2780 1512 2829 οὐχ
1530 2779 1648 2821 ἁπλῶς
1662 2778 1721 2816 καὶ
1745 2781 1821 2830 εἰκῇ
1841 2780 2127 2830 ψυχαγωγοῦντες
2147 2782 2236 2829 ὑμᾶς
2251 2779 2385 2824 τούτοις

1364 2839 1563 2889 κεχρήμεθα
1591 2844 1661 2881 τοῖς
1691 2838 1857 2890 ῥήμασιν,
1886 2841 1925 2877 ἐκ
1957 2842 2025 2876 τῶν
2059 2843 2116 2876 ν’ὗν
2145 2840 2383 2891 προκειμένων

1364 2898 1471 2941 δεῖξαι
1488 2899 1700 2950 πειράσομαι
1720 2903 1762 2951 τῇ
1783 2899 1932 2952 ὑμετέρᾳ
1952 2899 2085 2952 ἀγάπῃ.
2105 2899 2204 2953 εὈροι
2220 2900 2288 2952 γὰρ
2309 2905 2383 2946 πῶς

1364 2963 1381 2997 ὃ
1403 2959 1592 3009 θαυμάσιος
1610 2954 1724 3007 οὗτος,
1743 2963 1761 2998 ὁ
1780 2962 1859 2998 Νῶε
1875 2960 1986 3011 λέγω,
2008 2961 2135 3003 παντὸς
2156 2964 2215 2998 τοῦ
2236 2963 2304 2997 τῶν
2325 2962 2383 2998 ἀν-

1364 3019 1508 3070 θρώπων
1528 3021 1643 3070 γένους
1662 3023 1708 3063 εἷς
1723 3020 1785 3067 τὴν
1806 3021 1884 3059 κατ’
1901 3024 2012 3059 αὐτῶν
2032 3020 2267 3072 ἀγανάκτησιν
2283 3023 2385 3059 ἐκκα-

1363 3081 1552 3130 λεσαμένου
1571 3082 1628 3119 τὸν
1654 3082 1894 3133 φιλάνθριι)πον
1912 3082 2105 3128 Δεσπότην,
2125 3075 2221 3124 οὗτος
2245 3081 2301 3120 διὰ
2321 3086 2383 3129 τῆς

1361 3141 1488 3183 οἰκείας
1516 3143 1665 3188 ἠδυνήθη
1694 3144 1820 3194 ἀρετ-’ῆς
1846 3141 1904 3178 καὶ
1933 3145 1993 3187 τῆς
2018 3142 2287 3192 ἀγανακτήσεως
2317 3143 2381 3190 τὴν

1361 3208 1482 3253 πεῖραν
1512 3203 1700 3253 διαφυγεῖν,
1733 3202 1791 3239 καὶ
1819 3201 1951 3247 πολλὴν
1979 3201 2043 3247 τὴν
2070 3205 2154 3254 παρ’
2190 3205 2294 3241 αὐτοῦ
2325 3203 2382 3241 εὔ-

1360 3278 1452 3301 νοιαν
1474 3263 1739 3314 ἐφελκύσασθαι.
1760 3262 1829 3300 Καὶ
1849 3264 1876 3300 εἶ
1900 3262 2033 3312 βούλει,
2054 3262 2140 3308 τέως
2161 3264 2324 3316 περὶτῶν
2346 3268 2378 3302 ἐν
