2483 3791
659 226 700 256 {N
740 226 839 256 cxl».
884 225 930 254 ΙΙ.

56 316 116 364 τὴν
135 313 291 360 ὑπακοὴν
319 314 387 350 τῶν
407 308 660 359 ἐντελλομένων
680 310 737 346 ὑπ’
756 309 873 346 αὑτοῦ.
903 306 973 346 Καὶ
1001 308 1074 345 ἐνε-

54 376 192 416 τείλατο
212 373 336 427 Κύριος
355 375 373 411 ὁ
391 372 481 415 Θεὸς
498 373 548 423 τῷ
564 369 675 420 Ἀδὰμ
699 369 826 421 λέγων·
854 369 924 407 ἀπὸ
949 367 1078 410 παντὸς

54 435 154 482 ξύλου
174 439 234 474 τοῦ
248 436 282 472 ἐν
301 436 352 485 τῷ
374 431 576 484 παραδείσῳ
598 429 727 483 βρώσει
745 429 839 482 φάγῃ
857 445 863 452 ·
880 427 950 467 ἀπὸ
969 426 1005 467 δὲ
1020 431 1080 466 τοῦ

54 498 152 542 ξύλου
175 501 235 535 τοῦ
253 494 438 547 γινώσκειν
459 492 566 531 καλὸν
586 492 646 529 καὶ
669 490 837 542 πονηρὸν,
862 490 901 528 οὗ
930 487 1081 541 φάγεσθε

54 561 114 598 ἀπ’
150 560 268 596 αὐτοῦ.
286 550 336 611 *tl
367 557 396 593 δ’
429 554 468 592 ἂν
491 552 608 605 ἡμέρα
633 552 766 604 φάγητε
791 552 851 589 ἀπ’
875 552 1001 597 αὐτοῦ,
1021 553 1082 587 θα-

54 620 148 671 νάτῳ
164 619 403 657 ἀποθανεῖσθε.
434 613 531 653 Πολὺ
559 616 621 658 τῆς
641 613 784 657 ἐντολῆς
807 610 847 649 τὸ
876 608 1082 660 ἀνεπαχθές.

58 679 164 719 Ἀλλὰ
189 678 312 725 δεινὸν,
338 675 497 726 ἀγαπητὲ
511 704 520 721 ,
540 678 562 721 ἡ
582 672 734 727 ῥᾳθυμία
747 687 756 695 ·
776 671 896 722 ὥσπερ
913 669 982 721 γὰρ
997 669 1084 716 αὕτη

57 741 119 780 καὶ
146 739 189 778 τὰ
208 738 334 778 εὔκολα
351 737 501 776 δύσκολα
522 739 608 785 ἡμῖν
636 733 818 785 φαίνεσθαι
839 736 949 778 ποιεῖ,
977 730 1086 773 οὕτως

57 805 80 847 ἡ
100 798 232 845 σπουδὴ
252 797 312 836 καὶ
328 801 349 843 ἦ
371 793 546 846 ἀγρυπνία
560 792 621 831 καὶ
636 791 680 830 τὰ
695 790 846 829 δύσκολα
863 788 987 827 εὔκολα
1000 792 1086 839 ἡμῖν

61 859 306 909 ἀπεργάζεται.
325 855 372 893 Τί
389 854 456 905 γὰρ
469 883 478 901 ,
499 852 575 891 εἶπέ
591 866 671 902 μοι,
685 849 808 888 τούτου
825 849 1085 900 ἀνεπαχθέστε-

61 934 117 971 ρον
132 934 141 966 ;
159 918 193 955 τί
213 915 342 961 ταύτης
371 917 433 960 τῆς
454 915 559 963 τιμῆς
589 914 705 962 μεῖζον
737 909 862 961 γένοιτ’
886 909 949 957 ἄν;
969 909 1085 961 Παρέ-

60 994 143 1031 σχεν
163 978 398 1016 ἐνδιαιτᾶσθαι
419 976 469 1026 τῷ
489 971 714 1026 παραδείσῳ,
742 973 792 1022 τῷ
820 970 944 1009 κάλλει
963 969 1088 1022 τέρπε-

60 1044 142 1078 σθαι
160 1041 228 1076 τῶν
245 1035 444 1089 ὁρωμένων,
464 1034 524 1072 καὶ
541 1032 604 1080 τὴν
627 1032 705 1084 ὄψιν
722 1034 852 1071 ἐκεῖθεν
878 1032 1088 1085 εὐφραίνειν,

61 1099 121 1138 καὶ
139 1098 194 1136 διὰ
221 1100 283 1143 τῆς
310 1094 538 1149 ἀπολαύσεως
557 1092 690 1139 πολλὴν
708 1092 772 1139 τὴν
794 1092 921 1140 ἡδονὴν
937 1097 1089 1145 καρποῦ-

61 1164 153 1199 σθαι.
170 1157 355 1205 Ἐννόησον
371 1156 439 1209 γὰρ
456 1154 534 1194 ὅσον
557 1148 600 1201 ἦν
618 1157 701 1205 ὁρᾷν
718 1153 761 1191 τὰ
777 1153 902 1205 δένδρα
916 1158 987 1197 τοῖς
1004 1169 1092 1206 καρ-

64 1225 142 1263 ποῖς
173 1218 382 1271 βριθόμενα,
411 1218 479 1254 τῶν
502 1219 613 1254 ἀνθῶν
642 1214 704 1262 τὴν
724 1213 916 1262 ποικιλίαν,
944 1217 1013 1252 τῶν
1036 1216 1092 1265 βο-

65 1283 178 1320 τανῶν
198 1279 261 1326 τὴν
277 1276 457 1330 διαφορὰν,
473 1279 541 1314 τῶν
562 1275 698 1327 φύλλων
715 1275 777 1319 τὰς
793 1274 924 1326 κόμας,
940 1273 986 1314 τὰ
1002 1274 1093 1313 ἄλλα

65 1342 131 1382 ὅσα
149 1341 239 1384 εἰκὸς
263 1342 297 1379 ἐν
316 1337 520 1390 παραδείσῳ
536 1336 730 1389 wadum,
750 1335 809 1374 καὶ
834 1337 870 1373 ἓν
889 1335 1094 1388 παραδείσῳ

67 1403 136 1441 ὑπὸ
160 1405 220 1440 τοῦ
258 1402 351 1438 Θεοῦ
384 1397 595 1450 φυτευθέντι.
629 1396 698 1435 Διὰ
728 1396 797 1449 γὰρ
827 1399 929 1435 τοῦτο
960 1398 1095 1449 προλα-

68 1463 177 1502 ὅοῧσα
203 1465 225 1508 ἡ
255 1459 330 1498 θεία
352 1458 474 1511 Γραφὴ
505 1452 616 1503 εἶπεν,
646 1458 698 1495 ὅτι
730 1455 967 1502 Ἐξανέτειλεν
989 1456 1040 1494 ἔτι
1059 1459 1098 1495 ἐκ

68 1526 131 1570 τῆς
156 1526 220 1574 γῆς
239 1527 309 1560 πᾶν
337 1519 436 1564 ξύλον
463 1521 590 1571 ὡραῖον
619 1520 666 1562 εἷς
687 1517 821 1571 ὅρασιν,
845 1517 904 1554 καὶΙ
924 1517 1031 1555 καλὸν
1052 1519 1101 1560 εἰς

72 1586 220 1636 βρῶσιν,
239 1582 296 1619 ἵνα
314 1579 441 1619 εἰδέναι
457 1579 596 1631 ἔχωμεν
620 1577 703 1626 ὅσης
722 1576 884 1630 ἀφθονίας
902 1576 1102 1626 ἀπολαύων,
1124 1593 1147 1623 c

71 1645 119 1686 εἰς
137 1643 200 1690 τὴν
226 1643 383 1680 δοθεῖσαν
406 1641 500 1692 αὐτῷ
527 1638 670 1686 ἐντολὴν
691 1639 851 1692 ἐξύὸρισε
881 1638 939 1677 διὰ
967 1637 1100 1685 πολλὴν

73 1702 243 1756 ἀκρασίαν
278 1702 337 1741 καὶ
369 1700 552 1754 ῥᾳθυμίαν.
585 1700 594 1713 ’
611 1699 772 1746 Ξννόησον
803 1698 874 1752 γάρ
905 1715 983 1751 μοι,
1016 1702 1104 1751 ἀγα-

72 1765 183 1812 πητὲ,
201 1767 263 1810 τῆς
292 1765 398 1813 τιμῆς
426 1762 490 1808 τὴν
512 1760 726 1813 ὑπερόολὴν,
754 1755 796 1806 ἧς
815 1761 917 1799 αὐτὸν
941 1759 1103 1808 ἠξίωσεν,

73 1826 271 1870 ἰδιάζουσαν
302 1823 362 1862 καὶ
395 1822 641 1874 ἀφωρισμένην
674 1823 766 1873 αὐτῷ
787 1822 962 1872 τράπεζαν
983 1821 1047 1867 τὴν
1068 1823 1102 1859 ἐν

74 1890 125 1940 τῷ
143 1885 346 1938 παραδείσῳ
374 1883 641 1935 δωρησάμενος,
662 1882 719 1920 ἵνα
740 1882 788 1932 μὴ
809 1881 935 1933 νομίσῃ
957 1882 1020 1930 τὴν
1041 1883 1103 1920 αὐ-

76 1947 141 1994 τὴν
159 1952 230 1990 τοῖς
245 1946 382 1996 ἀλόγοις
395 1945 454 1982 καί
474 1944 567 1994 αὐτῷ
584 1943 711 1995 τροφὴν
734 1943 919 1996 ὑπάρχειν,
937 1944 1014 1981 ἀλλ’
1039 1943 1103 1996 ἔχῃ

78 2008 238 2060 καθάπερ
264 2005 426 2058 βασιλεὺς
454 2004 718 2055 ἐνδιαιτώμενος
737 2009 780 2057 τῇ
808 2009 867 2043 τοῦ
894 2006 1104 2059 παραδείσου

80 2070 236 2119 διαγωγῇ
252 2097 261 2115 ,
283 2069 450 2118 ἐντρυφᾷν
473 2069 516 2117 τῇ
536 2067 667 2103 ἐκεῖθεν
691 2065 905 2113 ἀπολαύσει,
924 2067 983 2104 καὶ
1003 2066 1109 2105 καθά-

79 2145 144 2181 περ
162 2127 331 2173 δεσπότης
348 2125 608 2181 κεχωρισμένος
621 2120 644 2177 ᾗ
659 2129 728 2164 τῶν
744 2128 791 2169 εἷς
803 2127 1001 2178 ὑπηρεσίαν
1015 2129 1108 2179 αὐτῷ

81 2188 386 2243 παρασχεθέντων,
412 2187 472 2226 καὶ
493 2186 740 2238 ἀφωρισμένην
767 2186 856 2238 Βέχῃ
885 2187 949 2234 τὴν
980 2188 1110 2239 διαγω-

80 2250 158 2301 γήν.
184 2248 256 2288 Καὶ
275 2247 488 2295 ἐνετείλατο,
509 2248 613 2299 φησὶ,
634 2246 762 2300 Κύριος
779 2250 797 2285 ὁ
819 2248 909 2292 Θεὸς
928 2250 978 2300 τῷ
999 2248 1110 2299 Ἀδὰμ
1134 2270 1158 2299 1,

81 2310 193 2363 λέγων
208 2325 216 2334 ·
235 2309 304 2348 ἀπὸ
319 2308 449 2352 παντὸς
470 2307 569 2352 ξύλου
588 2312 650 2347 τοῦ
669 2310 704 2346 ἐν
720 2310 770 2360 τῷ
787 2307 990 2362 παραδείσῳ
1012 2309 1108 2361 βρώ-

81 2386 135 2409 σει
156 2370 268 2423 φάγη·
287 2369 358 2408 ἀπὸ
376 2368 411 2408 δὲ
430 2372 490 2406 τοῦ
521 2368 619 2414 ξύλου
636 2371 696 2407 τοῦ
724 2368 907 2420 γινώσκειν
925 2370 1032 2409 καλὸν
1053 2370 1112 2409 καὶ

81 2432 249 2485 πονηρὸν,
278 2432 316 2468 οὐ
341 2429 490 2482 φάγεσθε
519 2431 579 2468 ἀπ’
597 2432 711 2468 αὐτοῦ.
728 2424 779 2485 ῗῌ
799 2431 828 2468 δ’
845 2429 886 2468 ἂν
907 2429 1025 2484 ἡμέρᾳ
1041 2431 1112 2484 φά-

82 2509 168 2544 γητε
200 2493 260 2530 ἀπ’
278 2492 402 2538 αὐτοῦ,
431 2490 570 2542 θανάτῳ
588 2491 814 2530 ἀποθανεῖσθε
826 2507 834 2515 ·
858 2492 1041 2545 μονονουχὶ
1059 2493 1115 2532 λέ-

84 2569 154 2606 γων
173 2552 259 2604 πρὸς
277 2551 393 2599 αὐτὸν,
418 2550 466 2602 μὴ
484 2551 552 2605 γὰρ
574 2551 662 2605 βαρύ
679 2568 714 2590 τι
730 2552 789 2590 καὶ
805 2553 955 2606 ἐπαχθὲς
975 2555 1114 2593 ἀπαιτῶ

85 2613 183 2666 παρὰ
214 2616 298 2659 σοῦ,
331 2611 481 2651 Πάντων
515 2612 580 2659 τὴν
602 2613 796 2652 ἀπόλαυσιν
825 2615 1023 2668 ἐπιτρέπω,
1044 2615 1117 2660 ἑνὸς

86 2674 210 2714 τούτου
227 2673 243 2694 ¹³
258 2674 360 2725 μόνον
388 2672 438 2723 μὴ
456 2673 614 2726 ἅψασθαι
638 2674 863 2726 ἐντέλλομαι·
882 2676 973 2716 ἀλλὰ
992 2677 1053 2715 καὶ
1077 2678 1118 2716 τὸ

87 2735 265 2787 ἐπιτίμιον
282 2734 376 2786 μέγα
397 2734 519 2788 ὁρίζω,
547 2735 603 2773 ἵνα
627 2734 691 2773 κᾶν
711 2737 762 2788 τῷ
785 2736 882 2789 φόὸῳ
910 2738 1118 2790 σωφρονιζό-

88 2813 190 2850 μενος
212 2796 366 2849 φυλάξῃς
387 2795 452 2842 τ·>,ν
473 2799 557 2848 παρ’
585 2798 670 2847 ἐμοῦ
689 2812 744 2835 σοι
766 2798 919 2837 δοθεῖσαν
949 2800 1091 2847 ἐντολήν
1110 2816 1117 2823 ·

89 2859 214 2898 ταύτὸν
245 2860 368 2903 ποιῶν,
388 2856 509 2910 ὥσπερ
542 2858 583 2896 ἂν
609 2858 641 2896 εἴ
665 2875 718 2902 τις
748 2860 918 2908 δεσπότης
937 2863 1120 2914 φιλότιμος

91 2920 202 2958 οἰκίαν
225 2918 379 2971 μεγάλην
401 2919 470 2956 τινὶ
490 2918 752 2970 ε’μπιστεύσειε,
779 2921 840 2959 καὶ
859 2922 949 2974 ὑπὲρ
977 2926 1037 2960 τοῦ
1056 2921 1120 2969 τὴν
1145 2936 1168 2965 Ε

92 2979 296 3020 δεσποτείαν
318 2980 412 3030 αὐτῷ
429 2979 592 3031 ἀκέραιον
614 2980 743 3031 μένειν,
765 2982 879 3035 βραχύ
906 2998 940 3021 τι
960 2983 1123 3036 ἀργύριον

94 3040 268 3081 τυπώσειε
292 3041 375 3091 παρ’
405 3041 510 3079 αὐτοῦ
542 3041 709 3080 δίδοσθαι.
745 3042 852 3082 Οὕτω
871 3043 914 3090 δὴ
943 3044 1003 3082 καὶ
1029 3047 1048 3083 ὁ
1072 3061 1125 3097 φι-

94 3104 298 3158 λάνθρωπος
314 3104 415 3153 ἡμῶν
436 3102 618 3150 Δεσπότης
632 3103 775 3142 πάντων
800 3107 869 3144 τῶν
892 3105 927 3143 ἐν
942 3108 993 3157 τῷ
1012 3122 1127 3159 παρα-

97 3164 201 3217 δείσῳ
231 3162 295 3210 τὴν
329 3162 521 3201 ἀπόλαυσιν
543 3166 636 3216 αὐτῷ
672 3165 927 3219 χαρισάμενος,
960 3171 1020 3206 τοῦ
1057 3168 1129 3209 ἑνὸς

98 3224 324 3275 ξύλουμόνου
348 3225 567 3277 ἀποσχέσθαι
592 3224 786 3274 ἐκέλευσεν,
808 3226 865 3265 ἵνα
895 3227 1021 3266 εἰδέναι
1043 3228 1129 3280 ἔχη,

100 3287 155 3325 ὅτι
174 3284 242 3323 ὑπὸ
258 3284 439 3333 Δεσπότην
456 3286 563 3334 ἐστὶν,
578 3280 607 3339 ᾧ
624 3287 797 3340 προσήκει
816 3289 917 3326 αὐτὸν
932 3271 1111 3328 πείθεσθαι
1126 3320 1132 3327 .

108 3348 167 3386 καὶ
185 3352 256 3388 τοῖς
279 3349 336 3383 ὑπ’
360 3347 489 3386 ἐκείνου
509 3349 826 3399 προσταττομένοις
843 3349 960 3388 εἴκειν.

152 3462 165 3476 ·
183 3449 317 3484 Coislin.
337 3457 422 3494 ἔχειν.

970 222 1131 253 GENES.
1171 220 1330 251 noant„
1369 218 1464 248 xtv.

2042 198 2063 211 η

2015 212 2091 242 131

1144 318 1220 355 gno
1247 310 1377 341 autem
1406 300 1553 339 sciendi
1588 300 1729 335 bonum
1759 307 1795 334 et
1829 297 1998 341 malum,
2026 311 2102 332 non

1147 365 1363 404 comedetis.
1391 364 1640 414 Quocumque
1663 367 1790 397 autem
1811 359 1873 395 die
1891 358 2102 394 comederi-

1149 429 1198 465 tis
1212 440 1260 464 ex
1275 439 1332 472 eo,
1346 432 1468 462 morte
1487 423 1717 460 moriemini.
1738 420 1870 469 Magna
1891 417 1998 469 hujus
2019 431 2105 468 prze-

1151 488 1242 541 cepti
1276 486 1428 525 facilitas
1456 493 1520 523 est.
1551 482 1636 531 Sed,
1667 481 1809 527 dilecte,
1836 492 1945 531 grave
1974 477 2108 514 malum

1152 559 1203 587 est
1237 547 1397 596 desidia3
1429 546 1523 585 sicut
1562 544 1657 583 enim
1693 543 1753 581 illa
1794 541 1877 579 facit
1915 549 1953 577 ut
1993 537 2110 576 facilia

1154 612 1272 650 omnia
1318 610 1508 649 videantur
1557 607 1720 647 difficilia
1736 637 1746 656 ,
1780 605 1831 644 sic
1875 603 2034 642 studium
2079 611 2112 640 et

1154 672 1342 723 vigilantia
1357 701 1367 720 ‚
1404 671 1511 708 ctiam
1555 668 1676 706 omnia
1718 666 1828 705 ardua
1875 675 1908 703 et
1950 662 2111 702 difficilia

1154 732 1273 769 facilia
1303 730 1406 768 nobis
1430 729 1596 767 reddunt.
1618 726 1719 773 Quid
1744 726 1853 774 enim,
1873 724 1948 773 dic,
1976 737 2110 774 quaeso,

1157 792 1225 829 hoc
1241 790 1408 828 mandato
1428 788 1598 826 facilius?
1619 787 1708 838 quid
1728 787 1795 824 lioc
1814 786 1947 823 honore
1971 784 2114 835 majus?

1158 851 1384 890 Concedehat
1406 848 1540 889 versari
1558 848 1593 885 in
1612 845 1794 899 paradiso,
1816 844 2018 882 visibilium
2039 845 2113 880 sor·

1160 912 1323 950 mositate
1333 909 1518 956 oblectari,
1529 906 1733 960 aspiciendo
1746 904 1941 944 exhilarari
1953 913 1984 941 ct
1997 905 2115 941 fruen—

1159 973 1206 1012 do
1230 986 1397 1024 magnam
1419 971 1635 1023 voluptatem
1653 967 1844 1021 percipere.
1861 965 1986 1016 Cogita
2011 978 2116 1016 quam

1156 1033 1361 1087 jucundum
1377 1031 1483 1071 fuerit
1499 1029 1622 1069 videre
1640 1029 1784 1067 arbores
1802 1027 1980 1065 fructibus
1995 1040 2118 1064 onera-

1162 1104 1230 1144 tas,
1257 1095 1388 1133 florum
1414 1092 1634 1140 varietatem,
1652 1089 1846 1128 herbarum
1860 1087 2120 1133 diversitatem,

1163 1155 1330 1193 foliorum
1349 1168 1482 1200 comaS,
1499 1161 1604 1203 atque
1617 1150 1689 1188 alia
1707 1164 1787 1201 quae
1802 1148 1998 1188 verisimile
2018 1157 2069 1185 est
2086 1147 2121 1186 in

1164 1215 1329 1269 paradiso
1348 1215 1456 1252 fuisse
1465 1244 1476 1263 ‚
1496 1222 1530 1252 et
1553 1214 1588 1251 in
1620 1210 1786 1264 paradiso
1810 1225 1830 1247 a
1851 1211 1926 1248 Deo
1953 1209 2123 1263 plantato.

1166 1279 1316 1329 Propter
1327 1276 1395 1314 hoc
1414 1275 1511 1314 enim
1531 1273 1695 1327 superius
1715 1271 1841 1310 divina
1860 1270 2046 1322 Scriptura
2063 1269 2124 1307 di-

1167 1342 1229 1391 cit,
1258 1342 1454 1380 produxit
1481 1341 1610 1378 adhuc
1641 1353 1688 1377 ex
1713 1346 1816 1375 terra
1846 1349 1959 1374 omne
1981 1336 2128 1388 lignum

1165 1403 1372 1456 pulchrum
1386 1409 1558 1454 aspectu,
1569 1408 1606 1439 et
1619 1401 1762 1438 honum
1774 1399 1828 1436 ad
1838 1397 2128 1442 comedendum,

1169 1474 1208 1503 ut
1240 1464 1328 1503 scire
1355 1463 1545 1516 possimus,
1567 1470 1701 1513 quanta
1726 1460 1846 1498 fruens
1869 1458 2045 1504 ubertate,
2069 1471 2130 1509 per

1171 1539 1337 1578 magnam
1351 1522 1662 1577 intemperantiam
1678 1531 1712 1561 et
1726 1519 1990 1573 negligentiam,
2006 1518 2130 1556 datum

1173 1586 1242 1626 sibi
1269 1585 1481 1625 mandatum
1502 1583 1705 1624 violaverit.
1726 1582 1866 1634 Cogita,
1887 1581 2044 1628 obsecro,
2058 1579 2130 1617 ho-

1173 1649 1270 1686 noris
1299 1646 1544 1695 eminentiam,
1565 1659 1636 1697 qua
1665 1643 1770 1682 illum
1799 1649 2038 1694 prosequutus
2064 1648 2129 1689 est,

1172 1710 1256 1747 data
1276 1709 1331 1746 illi
1345 1722 1466 1746 mensa
1482 1706 1628 1759 propria
1647 1714 1681 1743 ct
1699 1712 1883 1756 segregata
1895 1702 1932 1740 in
1948 1700 2130 1753 paradiso,

1174 1779 1213 1808 ut
1232 1783 1276 1808 ne
1295 1777 1436 1822 putaret
1461 1767 1623 1806 eamdem
1647 1766 1716 1804 sibi
1741 1775 1775 1803 et
1790 1763 1963 1816 jumentis
1986 1762 2129 1810 instrui,

1175 1830 1238 1869 sed
1253 1830 1397 1868 haberet
1414 1828 1514 1879 quasi
1535 1841 1612 1876 rex,
1623 1827 1658 1864 in
1675 1825 1842 1880 paradiso
1858 1837 1976 1875 agens,
1989 1823 2132 1861 delicia—

1175 1905 1255 1928 rum
1276 1890 1431 1943 copiam,
1450 1897 1484 1926 et
1509 1888 1610 1939 quasi
1625 1887 1793 1926 dominus
1812 1885 2003 1937 separatim
2021 1883 2132 1934 dege-

1176 1959 1242 2001 ret,
1269 1960 1374 2002 atque
1404 1949 1514 1987 aliam
1545 1962 1653 1999 quam
1689 1946 1845 1984 ministri
1878 1945 2135 1982 habitationem

1178 2013 1376 2051 sortiretur.
1401 2013 1454 2050 Ec
1479 2012 1661 2062 prcecepit
1686 2010 1879 2047 Dominus
1898 2008 2006 2046 Deus
2033 2006 2138 2044 Adoe

1180 2075 1311 2111 dicens
1330 2088 1342 2109 .·
1363 2073 1418 2111 Et
1434 2073 1540 2109 omni
1555 2071 1675 2123 ligno,
1693 2069 1798 2122 quod
1811 2077 1867 2107 est
1881 2071 1922 2105 in
1935 2067 2134 2120 paradiso,

1181 2134 1417 2172 comedendo
1430 2133 1604 2171 comedes
1628 2147 1636 2167 :
1658 2145 1706 2169 ex
1724 2131 1829 2183 ligno
1846 2137 1977 2167 autem
1992 2129 2139 2166 sciendi

1183 2197 1326 2232 bonum
1345 2201 1381 2231 et
1405 2192 1568 2242 malum,
1590 2205 1668 2229 non
1682 2191 1888 2229 comedetis
1900 2204 1948 2227 ex
1970 2202 2024 2227 eo.
2039 2190 2138 2239 Quo-

1182 2269 1347 2307 cumque
1365 2263 1497 2292 autem
1511 2255 1575 2291 die
1593 2254 1848 2299 comederitis,
1862 2259 1983 2289 morte
2003 2253 2138 2288 morie-

1184 2318 1281 2353 mini
1303 2331 1314 2351 .·
1338 2314 1439 2366 quasi
1460 2313 1592 2352 diceret
1611 2313 1659 2351 ad
1677 2313 1782 2350 illum
1806 2328 1813 2349 :
1833 2313 1931 2351 Num
1949 2311 2139 2349 molestum

1183 2376 1324 2428 aliquid
1342 2385 1504 2428 et-grave
1521 2384 1602 2428 peto
1623 2389 1669 2413 ex
1682 2374 1740 2412 te?
1757 2373 1843 2412 Frui
1862 2373 1956 2411 enim
1974 2373 2140 2411 omnibus

1185 2437 1251 2476 tihi
1271 2438 1453 2491 permitto,
1473 2436 1540 2475 hoc
1567 2450 1680 2474 unum
1698 2435 1866 2488 praccipio
1887 2448 1931 2472 ne
1947 2434 2105 2485 tetigeris
2131 2449 2137 2469 ε

1186 2509 1219 2537 et
1238 2512 1406 2551 magnam
1426 2511 1567 2550 poenam
1583 2496 1749 2547 decerno,
1766 2505 1806 2533 ut
1824 2496 1882 2534 vel
1897 2495 2023 2533 timore
2038 2508 2140 2532 coer—

1187 2560 1301 2610 citus,
1331 2559 1457 2597 datum
1487 2573 1506 2596 a
1534 2572 1591 2596 me
1620 2557 1688 2596 tibi
1714 2557 1925 2595 mandatum
1950 2555 2140 2594 custodias.

1189 2621 1273 2660 Haec
1303 2620 1468 2668 faciebat,
1489 2619 1593 2670 quasi
1619 2619 1788 2656 dominus
1814 2617 1944 2668 aliquis
1966 2616 2140 2663 liberalis,

1189 2682 1337 2721 domum
1356 2693 1522 2732 magnam
1538 2678 1647 2717 alicui
1666 2677 1894 2726 concredens,
1911 2686 1945 2715 ct
1964 2686 2002 2714 ut
2023 2676 2142 2715 domi-

1190 2744 1292 2782 nium
1310 2743 1379 2781 sibi
1397 2741 1539 2780 salvum
1557 2749 1709 2787 maneat,
1732 2753 1860 2791 parum
1878 2747 2017 2776 tantum
2038 2752 2143 2791 pecu·
2165 2769 2174 2775 .

1192 2806 1258 2844 niae
1278 2803 1438 2843 dandum
1457 2803 1503 2840 ab
1522 2802 1585 2840 illo
1602 2800 1818 2854 praescribat.
1839 2799 1899 2839 Sic
1923 2813 2006 2838 sane
2023 2808 2057 2838 et
2076 2800 2143 2837 be-

1193 2869 1321 2920 nignus
1341 2874 1457 2904 noster
1480 2863 1669 2907 Dominus,
1691 2876 1853 2901 concesso
1874 2861 2034 2900 omnium
2065 2875 2143 2912 quae

1195 2930 1230 2967 in
1251 2926 1415 2981 paradiso
1440 2934 1537 2963 erant
1568 2924 1700 2973 fructu,
1721 2923 1768 2961 ab
1792 2937 1862 2961 uno
1888 2930 2026 2961 tantum
2047 2921 2145 2973 ligno

1193 2989 1368 3028 abstinere
1391 2986 1510 3039 jussit,
1536 2993 1575 3022 ut
1604 2984 1693 3022 scire
1718 2992 1833 3036 posset
1864 2983 1986 3032 homo,
2013 2996 2049 3020 se
2073 2995 2147 3019 csse

1197 3051 1264 3089 sub
1289 3049 1459 3097 Domino,
1482 3046 1538 3084 cui
1565 3044 1710 3083 obedire
1738 3045 1881 3083 deberet
1901 3053 1935 3082 et
1960 3057 2097 3095 parere,
2119 3042 2147 3079 si

1198 3111 1287 3163 quid
1302 3111 1362 3148 ille
1382 3109 1581 3160 imperaret.

1197 3455 1211 3478 ¹¹
1230 3450 1291 3484 Alii
1307 3462 1409 3493 μονον.

1947 3504 2000 3526 10.
