2566 3791
660 295 873 335 HOMILIA
901 293 1042 333 XXIV.

183 430 365 460 Gen.6.10.
382 424 515 465 Genuit
543 433 659 462 autem
686 424 760 460 Noe
786 431 856 459 tres
876 419 983 464 filios,
1000 418 1095 465 Sem,
1114 414 1243 463 Cham,
1263 414 1327 451 Ja-

431 485 542 539 pheth
565 500 572 520 :
595 492 759 533 corrupta
775 489 892 517 autem
907 485 981 515 erat
995 486 1088 514 terra
1104 488 1223 512 coram
1238 474 1326 524 Deo,

433 555 467 583 et
485 544 616 595 repleta
631 549 682 579 est
697 549 789 577 terra
808 535 994 589 injustitia.

432 667 467 702 1.
487 661 595 700 Haud
613 661 798 712 vulgarem
812 657 1001 695 utilitatem
1018 654 1097 692 heri
1113 652 1215 692 nobis
1234 661 1328 691 attu-

378 724 420 761 lit
444 723 531 776 justi
559 722 636 760 Noe
666 718 882 771 genealogia.
911 718 1003 755 Nam
1035 724 1069 752 et
1096 713 1328 765 cognovimus

377 783 580 822 mirabilem
607 779 819 834 genealogiae
843 776 1004 824 modum,
1026 784 1058 813 et
1088 774 1246 812 vidimus
1260 774 1327 826 ju—

379 855 473 883 stum
498 843 652 893 laudari,
669 856 739 880 non
767 855 786 878 a
812 848 1001 892 parentum
1030 836 1203 886 claritate,
1225 834 1287 873 sed
1308 849 1328 873 a

380 919 521 943 morum
535 903 725 957 probitate,
741 909 888 954 propter
907 912 1015 949 quam
1038 905 1176 935 tantum
1195 895 1330 948 accepit

380 966 621 1005 testimonium
650 978 670 1001 a
695 963 818 1001 divina
855 959 1041 1011 Scriptura
1071 973 1080 994 ε
1107 959 1192 995 lVoe'
1217 956 1327 1005 enim,

381 1027 509 1078 inquit,
522 1028 634 1064 homo
642 1027 786 1077 justus,
798 1023 990 1074 perfectus
1006 1021 1192 1056 exsistens
1207 1020 1248 1055 in
1259 1032 1329 1070 ge·-

382 1089 582 1125 neratione
598 1099 670 1124 sua
686 1100 697 1120 .·
713 1085 798 1121 Deo
810 1083 957 1134 placuit
974 1081 1068 1117 Noti.
1083 1080 1217 1116 Totum
1235 1077 1330 1115 enim

381 1161 577 1186 sermonem
595 1147 631 1184 in
652 1159 764 1198 pauca
778 1144 853 1181 haec
871 1141 982 1181 verba
998 1139 1228 1178 insumsimus
1240 1138 1329 1177 heri.

1349 480 1373 510 C

381 1205 680 1257 Quandoquidem
713 1203 919 1241 divinorum
951 1198 1172 1250 eloquiorum
1206 1206 1332 1235 natura
1352 1201 1378 1232 D

381 1267 418 1305 in
433 1266 557 1320 paucis
571 1265 691 1304 verbis
709 1264 837 1301 multas
855 1260 1108 1299 sententiarum
1122 1259 1225 1296 affert
1238 1257 1332 1296 divi-

380 1328 461 1376 tias,
481 1336 514 1365 et
535 1326 752 1364 ineffabilem
780 1323 970 1374 diligenter
1001 1319 1151 1358 scrutari
1182 1319 1334 1358 volenti-

220 1400 371 1436 Scriptura
384 1389 450 1427 bus
474 1389 680 1426 thesaurum
707 1385 871 1436 largitur.
898 1381 1069 1430 Proinde,
1096 1381 1262 1429 obsecro,
1289 1394 1334 1418 ne

181 1441 371 1509 iming’im
384 1449 473 1500 quid
505 1449 541 1486 in
577 1447 685 1486 sacris
721 1445 833 1484 literis
862 1442 1099 1496 perfunctorie
1129 1451 1191 1479 aut
1219 1441 1334 1479 obiter

211 1505 226 1518 ο
307 1502 313 1509 ’
383 1517 626 1561 praetereatur,
647 1507 712 1545 sed
738 1506 874 1544 etiamsi
903 1504 1044 1542 nomina
1071 1511 1331 1550 recenseantur,

381 1570 439 1609 vel
452 1568 610 1607 historiae
627 1576 827 1614 narrentur,
842 1564 1065 1602 reconditum
1079 1563 1334 1613 investigemus

182 1641 366 1680 Joan.5.39.
382 1630 600 1669 thesaurum.
622 1629 716 1667 Nam
739 1626 819 1664 ideo
843 1624 1008 1663 Christus
1031 1623 1172 1660 dicebat
1192 1639 1199 1660 :
1219 1623 1334 1661 Scru-

383 1693 522 1729 tamini
541 1690 771 1739 Scripturas.
793 1685 891 1733 Quia
910 1698 979 1721 non
999 1683 1134 1732 ubique
1155 1682 1190 1719 in
1211 1696 1337 1734 super-

381 1751 461 1789 ficie
491 1763 590 1787 mens
615 1748 809 1800 Scriptura}
838 1744 1040 1792 invenitur,
1068 1743 1131 1781 sed
1160 1757 1251 1794 opus
1287 1751 1338 1780 est

382 1810 553 1849 scrutinio
571 1809 699 1856 multo,
719 1816 758 1845 ut
771 1806 864 1844 nihil
885 1805 920 1842 in
936 1803 1112 1857 profundo
1126 1803 1252 1851 latens,
1267 1817 1336 1841 no-

381 1872 438 1910 bis
456 1879 633 1909 remaneat
653 1867 913 1907 absconditum.
933 1865 1042 1912 Quod
1059 1864 1089 1902 si
1107 1864 1182 1902 sola
1200 1873 1336 1902 naturae
1358 1865 1383 1895 E

187 1952 262 1978 Gen.
282 1950 312 1981 6,
338 1959 369 1988 9,
384 1933 576 1986 appellatio
588 1962 597 1979 ‚
612 1931 699 1979 hoc,
713 1929 860 1979 inquam
873 1958 882 1976 ‚
895 1940 1039 1975 nomen,
1061 1927 1211 1974 Homo,
1232 1933 1339 1963 tantae

385 1994 488 2032 nobis
509 1991 677 2030 utilitatis
695 1997 944 2041 argumentum
957 1986 1035 2024 heri
1053 1986 1120 2023 fuit
1138 2001 1146 2022 :
1166 1995 1341 2036 quantum

385 2056 526 2093 lucrum
556 2066 627 2090 non
657 2050 915 2103 percipiemus,
947 2049 978 2086 si
1007 2056 1139 2085 attenta
1166 2061 1207 2084 ac
1238 2045 1342 2097 vigili

386 2123 504 2152 mente
519 2112 674 2163 singula,
694 2124 772 2161 quae
792 2110 829 2147 in
843 2123 942 2146 sacra
956 2108 1141 2160 Scriptura
1161 2107 1340 2154 feruntur,

388 2173 602 2212 audiemus?
634 2171 779 2209 Etenim
816 2170 1025 2207 clementem
1062 2168 1236 2205 habemus
1268 2168 1343 2204 Do—

388 2235 539 2282 minum,
553 2242 586 2270 et
614 2231 756 2283 quando
786 2230 886 2268 videt
913 2244 975 2267 nos
1004 2228 1189 2277 sollicitos,
1213 2236 1247 2265 et
1267 2241 1343 2264 ma-

390 2308 499 2346 gnum
513 2293 732 2331 desiderium
750 2291 795 2328 ad
811 2288 1050 2341 cognoscenda
1067 2288 1190 2339 divina
1205 2287 1344 2338 eloquia

389 2356 538 2403 habere,
558 2367 627 2391 non
661 2351 834 2405 permittit
854 2364 916 2388 nos
937 2350 1010 2387 ulla
1031 2363 1069 2386 re
1087 2347 1260 2399 indigere,
1282 2347 1345 2385 sed

393 2415 511 2453 statim
528 2414 682 2451 illustrat
698 2420 851 2449 mentem
866 2420 1032 2459 nostram,
1052 2419 1085 2447 et
1102 2423 1206 2447 suum
1226 2408 1344 2459 fulgo-

392 2489 467 2513 rem
480 2474 644 2526 largitur,
661 2481 694 2510 et
709 2485 774 2524 pro
788 2470 983 2524 perspicaci
1009 2469 1182 2522 sapientia
1198 2469 1261 2506 illa
1282 2483 1345 2506 sua

792 148 831 178 S.
867 147 1055 179 JOANNIS
1090 145 1335 177 CHRYSOST.
1374 143 1584 175 ARCHIEP.
1622 141 1990 174 CONSTANTINOP-

1773 291 1950 329 ΟΜῙΛῘΑ
1970 290 2037 329 κδ’.

1399 409 1586 461 Ἐγέννησε
1605 410 1642 450 δὲ
1663 413 1744 451 Νῶε
1771 419 1865 464 τρεῖς
1884 412 1997 462 υἱοὺς,
2013 414 2072 452 τὸν
2091 414 2193 466 Σὴμ,
2223 415 2281 454 τὸν
2313 416 2419 467 Χὰμ,

1451 470 1510 510 τὸν
1522 470 1637 524 Ἰάφεθ
1650 487 1659 495 ·
1671 471 1801 524 ἐφθᾶρη
1821 471 1858 511 δὲ
1874 476 1896 519 ἡ
1913 476 1958 525 γ’ἠ·
1977 473 2130 513 ἐναντίον
2149 477 2210 513 τοῦ
2228 477 2341 527 Θεοῦ,
2360 477 2418 514 καὶ

1452 532 1608 579 ἐπλήσθη
1627 535 1650 579 ἡ
1667 536 1712 584 γη’“’
1733 533 1881 577 ἀδικίας.

1451 655 1505 693 Οὐ
1523 653 1568 692 τὰ
1582 654 1734 706 τυχόντα
1752 657 1846 705 ἡμᾶς
1865 655 2025 707 ὠφέλησε
2045 655 2127 708 χθὲς
2153 659 2175 702 ἡ
2195 659 2256 695 τοῦ
2285 657 2420 696 δικαίου

1398 715 1480 752 Νῶε
1497 715 1714 766 γενεαλογία.
1728 714 1799 754 Καὶ
1815 714 1882 768 γὰρ
1904 714 2057 767 ἔγνωμεν
2091 716 2290 766 θαυμαστὸν
2305 732 2425 769 γενεα-

1397 775 1518 826 λογίας
1535 774 1678 827 τρόπον,
1694 775 1754 814 καὶ
1768 775 1904 826 εἴδομεν
1915 776 1973 814 τὸν
1990 775 2123 815 δίκαιον
2140 778 2424 830 ἅνακηρυττόμε-

1397 849 1454 871 νον
1473 834 1533 872 οὐκ
1549 833 1619 871 ἀπὸ
1641 836 1704 879 τῆς
1716 835 1784 871 τῶν
1801 833 1978 885 προγόνων
1998 834 2245 886 περιφανείας,
2260 837 2338 874 ἀλλ’
2354 836 2425 874 ἀπὸ

1397 895 1461 938 τῆς
1478 895 1547 931 τῶν
1566 892 1701 931 οἰκείων
1718 892 1856 946 τρόπων
1876 895 2022 946 ἀρετῆς,
2051 895 2094 932 δι’
2114 894 2157 941 ἣν
2177 896 2237 933 καὶ
2253 894 2424 941 τοσαύτην

1401 952 1537 997 ἐδέξατο
1551 952 1746 1007 μαρτυρίαν
1761 953 1859 1005 παρὰ
1876 956 1939 1000 τῆς
1957 954 2051 997 θείας
2068 955 2214 1007 Γραφῆς
2225 970 2233 978 ·
2249 957 2330 993 Νῶε
2343 955 2425 1008 γὰρ,

1402 1015 1520 1066 φησὶν,
1539 1015 1717 1067 ἄνθρωπος
1737 1014 1886 1061 δίκαιος,
1905 1015 2036 1058 τέλειος
2054 1013 2102 1053 ὢν
2123 1018 2157 1054 ἐν
2175 1018 2219 1066 effi
2240 1022 2341 1068 γενεᾷ
2367 1018 2427 1054 αὗ-

1401 1078 1461 1113 τοῢ
1474 1090 1482 1098 ·
1497 1077 1548 1127 τῷ
1562 1077 1645 1127 Θεῷ
1665 1073 1876 1128 εὖηρέστησε
1891 1077 1984 1114 Νῶε.
1998 1076 2061 1119 Εἷς
2077 1080 2189 1114 ταῦτα
2206 1076 2276 1130 γὰρ
2292 1077 2428 1128 βραχέα
2482 1112 2490 1116 .

1403 1135 1450 1174 τὰ
1466 1136 1607 1189 ῥήματα
1623 1134 1761 1174 ἅπασαν
1776 1136 2005 1174 διδασκαλίαν
2018 1135 2099 1189 χθὲς
2116 1136 2428 1187 κατηναλώσαμεν.

1404 1197 1451 1236 ‘H
1477 1197 1546 1250 γὰρ
1564 1200 1633 1236 τῶν
1662 1197 1761 1235 θείων
1792 1196 1918 1249 λογίων
1949 1197 2051 1249 φύσις
2075 1199 2110 1235 ἐν
2137 1197 2266 1247 ὀλίγοις
2295 1197 2430 1250 ῥήμασι

1403 1257 1508 1298 πολὺν
1543 1258 1775 1297 ἐπιδείκνυται
1798 1259 1868 1295 τῶν
1897 1257 2083 1308 νοημάτων
2108 1257 2166 1296 τὸν
2187 1260 2350 1303 πλοῦτον,
2370 1258 2432 1296 καὶ

1404 1319 1535 1371 ἄφατον
1556 1318 1738 1371 χαρίζεται
1757 1317 1814 1355 τὸν
1844 1317 2015 1372 θησαυρὸν
2034 1323 2106 1362 τοῖς
2138 1317 2227 1369 μετὰ
2252 1318 2432 1372 ἀκριὸείας

1403 1380 1466 1426 τὴν
1478 1379 1617 1433 ἔρευναν
1630 1381 1802 1418 ποιεῖσθαι
1815 1378 2048 1430 βουλομένοις.
2067 1379 2130 1417 Διὸ
2141 1379 2183 1426 δὴ
2195 1409 2206 1427 ,
2215 1381 2432 1431 παρακαλῶ,

1407 1439 1515 1492 μηδὲν
1547 1439 1666 1483 ἁπλῶς
1695 1438 1933 1491 διατρέχωμεν
1961 1442 2031 1477 τῶν
2061 1441 2095 1478 ἐν
2127 1441 2171 1491 effi
2201 1439 2276 1493 θείαΙ
2306 1440 2432 1491 Γραφῇ

1405 1499 1588 1551 κειμένων,
1623 1498 1715 1537 ἀλλὰ
1749 1498 1814 1537 κᾶν
1845 1498 2024 1549 ὀνομάτων
2064 1501 2258 1552 κατάλογος
2286 1494 2310 1552 ffi
2325 1529 2335 1548 ‚
2367 1497 2432 1538 κᾶν

1405 1561 1558 1614 ἱστορίας
1587 1560 1767 1612 διήγησις,
1787 1559 1846 1598 τὸν
1880 1559 2161 1613 ἐγκεκρυμμένον
2191 1560 2433 1613 ἀνιχνεύωμεν

1407 1621 1594 1673 θησαυρόν.
1632 1620 1700 1659 Διὰ
1727 1620 1794 1673 γὰρ
1832 1625 1933 1659 τοῦτο
1962 1621 2022 1659 καὶ
2056 1624 2074 1659 ὃ
2102 1621 2256 1673 Χριστὸς
2295 1621 2412 1673 ἔλεγεν
2425 1637 2433 1644 ·

1407 1682 1596 1737 Ἔρευνδίτε
1625 1680 1688 1724 τὰς
1707 1680 1863 1733 Γραφάς.
1878 1680 2028 1727 Ἐπειδὴ
2049 1683 2088 1719 οὐ
2106 1685 2287 1734 πανταχοῦ
2307 1682 2342 1726 ἐξ
2362 1685 2437 1720 ἐπι·

1407 1746 1518 1790 πολῆς
1537 1745 1629 1781 ἐστιν
1651 1744 1761 1793 εὑρεῖν
1781 1741 1840 1779 τὸν
1862 1745 1938 1779 νοῦν
1956 1745 2026 1780 τῶν
2047 1743 2356 1794 ἐγγεγραμμένων,
2371 1744 2435 1781 ἀλ-

1408 1802 1455 1841 λὰ
1473 1802 1577 1854 χρεία
1595 1802 1655 1840 καὶ
1674 1801 1806 1847 πολλῆς
1825 1800 1966 1850 ἐρεύνης
1985 1802 2077 1840 ἐστὶν
2096 1805 2196 1852 ἡμῖν,
2212 1802 2306 1841 ὥστε
2326 1803 2435 1854 μηδὲν

1409 1867 1503 1913 ἡμᾶς
1519 1864 1636 1900 λαθεῖν
1652 1864 1720 1900 τῶν
1736 1863 1771 1899 ἐν
1789 1863 1839 1913 τῷ
1857 1861 1957 1912 βάθει
1975 1861 2157 1911 κειμένων.
2172 1864 2217 1900 Εἰ
2233 1862 2269 1902 δὲ
2286 1867 2308 1911 ἡ
2329 1879 2437 1917 προσ-

1409 1923 1536 1977 ηγορία
1563 1922 1651 1974 μόνη
1673 1924 1736 1967 τῆς
1754 1920 1910 1973 φύσεως,
1927 1920 1968 1959 τὸ
1987 1921 2167 1974 ἄνθρωπος
2193 1924 2304 1974 ὄνομα
2325 1923 2436 1975 λέγω,

1409 1984 1579 2031 τοσαύτην
1599 1987 1684 2035 ἡμῖν
1713 1983 1812 2020 ἔτεκε
1837 1981 1919 2034 χθὲς
1945 1982 2115 2035 ὠφελείας
2135 1983 2308 2033 ὑπόθεσιν,
2331 1985 2438 2024 πόσον

1411 2047 1449 2083 οὐ
1469 2044 1731 2096 καρπωσόμεθα
1746 2042 1867 2095 κέρδος
1879 2073 1889 2091 ,
1903 2044 1932 2080 εἷ
1952 2043 2097 2081 ἕκαστον
2116 2047 2186 2082 τῶν
2201 2046 2236 2082 ἐν
2249 2048 2293 2096 τῇ
2313 2040 2438 2098 Γραφῇ

1414 2104 1502 2155 μετὰ
1520 2107 1699 2156 προσοχῆς
1719 2102 1780 2141 καὶ
1811 2102 1989 2154 ἀγρύπνου
2008 2103 2160 2148 διανοίας
2179 2105 2349 2156 ἐπίωμεν;
2368 2107 2439 2144 Καὶ

1412 2165 1481 2217 γὰρ
1499 2166 1741 2218 φιλάνθρωπον
1770 2163 1898 2215 ἔχομεν
1918 2164 2115 2213 Δεσπότην,
2145 2166 2205 2203 καὶ
2225 2166 2364 2205 ἐπειδὰν
2384 2167 2439 2213 ἴδη

1415 2228 1656 2277 μεριμνῶντας
1673 2228 1768 2276 ἡμᾶς
1779 2255 1789 2272 ,
1816 2224 1877 2262 καὶ
1892 2224 1996 2263 πόθον
2016 2224 2124 2263 πολὺν
2143 2211 2441 2278 ἐπιδεικνυμένους

1414 2286 1499 2338 πρὸς
1516 2285 1579 2331 τὴν
1599 2287 1667 2323 τῶν
1683 2285 1783 2323 θείων
1802 2284 1929 2341 λογίων
1955 2285 2184 2333 κατανόησιν,
2207 2288 2271 2325 οὐκ
2299 2287 2440 2340 ἀφίησιν

1415 2346 1532 2398 ἑτέρου
1550 2347 1641 2390 τινὸς
1665 2347 1828 2394 δεηθῆναι
1844 2375 1854 2393 ,
1872 2345 1949 2383 ἀλλ’
1970 2346 2094 2389 εὐθέως
2115 2346 2256 2398 φωτίζει
2275 2348 2334 2386 τὸν
2353 2349 2443 2399 ἡμέ-

1416 2423 1513 2459 τερον
1531 2407 1710 2458 λογισμὸν,
1731 2406 1792 2444 καὶ
1811 2405 1874 2453 τὴν
1892 2408 1975 2457 παρ’
2000 2408 2104 2443 αὐτοῦ
2137 2407 2312 2459 ἔλλαμψιν
2333 2407 2442 2461 χαρί-

1418 2469 1534 2515 ζεται,
1555 2468 1614 2506 καὶ
1631 2466 1721 2506 κατὰ
1741 2467 1804 2513 τὴν
1825 2466 2023 2519 εὐμήχανον
2044 2468 2149 2504 αὐτοῦ
2182 2468 2304 2520 σοφίαν
2327 2475 2445 2507 πᾶσαν

393 2551 534 2574 omnem
554 2549 674 2573 veram
698 2533 897 2571 doctrinam
917 2531 1043 2569 animae
1068 2539 1195 2568 nostrae
1210 2529 1403 2579 inserit.2‚7
1419 2529 1481 2575 τὴν
1509 2531 1621 2576 ἀληθῆ
1646 2527 1875 2566 διδασκαλίαν
1901 2527 2054 2575 ἐντίθησι
2074 2532 2118 2580 effi
2149 2530 2307 2582 ἡμετέρα
2335 2534 2444 2583 ψυγῆ.

393 2598 595 2650 Eapropter
617 2609 698 2633 cum
719 2608 783 2631 nos
812 2593 857 2631 ad
879 2592 975 2631 istud
994 2592 1112 2644 ipsum
1139 2590 1346 2628 adhortare·
1369 2593 1393 2621 Α
1420 2589 1487 2628 Διὰ
1506 2593 1606 2627 τοῦτο
1623 2588 1682 2626 καὶ
1697 2587 1902 2640 προτρέπων
1923 2592 2017 2638 ἡμᾶς
2037 2589 2094 2626 ἐπὶ
2117 2593 2236 2636 τοῦτο,
2261 2571 2322 2628 >coit
2351 2575 2444 2643 προ-

394 2668 475 2705 tur,
506 2667 540 2696 et
569 2656 759 2694 alacriores
788 2655 938 2701 faceret,
970 2651 1190 2690 heatitudine
1220 2650 1347 2702 dignos

394 2718 590 2757 declaravit
604 2731 661 2754 eos
676 2717 737 2767 qui
753 2717 821 2753 tale
840 2713 1057 2752 desiderium
1072 2726 1142 2764 prae
1159 2726 1194 2749 se
1206 2712 1347 2760 ferrent,

199 2784 379 2815 Matth.5.6.
395 2780 542 2818 dicens:
568 2781 681 2816 Beati
710 2781 777 2830 qui
808 2779 980 2815 esurirent
1006 2783 1042 2812 et
1070 2777 1206 2812 sitiunt
1227 2776 1347 2825 justi-

398 2845 505 2885 tiam,
523 2843 616 2893 qnia
631 2842 702 2891 ipsi
715 2840 1010 2877 saturabuntur.
1028 2834 1125 2874 Vide
1139 2835 1348 2887 sapientiam

395 2902 573 2948 doctoris;
593 2914 661 2937 non
681 2900 796 2937 solum
815 2913 878 2937 nos
896 2912 960 2950 per
988 2895 1246 2934 beatitudinem
1264 2896 1348 2934 lior-

397 2972 506 3010 tatur,
524 2961 586 2999 sed
608 2970 639 2998 et
659 2975 740 2998 cum
753 2960 862 3007 dixit,
883 2961 958 3010 Qui
974 2961 1148 2997 esuriunt
1164 2966 1199 2995 et
1215 2960 1353 2995 sitiunt

389 3025 607 3075 justitiam,
636 3021 759 3058 docuit
784 3020 985 3066 audientes,
1011 3028 1140 3070 quanta
1173 3018 1352 3055 alacritate

397 3082 597 3134 spiritualia
618 3081 755 3131 eloquia
772 3081 985 3132 investigare
1004 3094 1068 3132 par
1087 3078 1205 3117 fuerit.
1219 3079 1351 3124 Quem-

397 3142 613 3191 admodum,
641 3142 775 3190 inquit,
800 3141 823 3179 ii
858 3156 945 3192 quos
973 3141 1083 3178 sames
1111 3139 1232 3186 ducit,
1260 3139 1349 3176 mira

396 3204 577 3242 alacritate
590 3203 636 3241 ad
652 3204 746 3240 cibos
766 3202 944 3248 festinant,
961 3210 993 3239 ct
1012 3201 1073 3252 qui
1090 3201 1147 3238 siti
1163 3199 1287 3237 ardent
1303 3199 1348 3236 ad

1419 2650 1546 2700 θυμοτέ
1552 2666 1627 2703 ρους
1643 2649 1870 2703 ἐργαζόμενος
1882 2680 1891 2697 ,
1908 2652 2142 2702 μακαρισμῶν
2157 2649 2270 2694 ἀξίους
2287 2651 2446 2704 ἀπέφηνε

1419 2711 1497 2755 τοὺς
1528 2712 1585 2749 τὸν
1627 2716 1780 2749 τοιοῦτον
1816 2710 1920 2748 πόθον
1959 2711 2257 2761 ἐπιδεικνυμένους
2269 2742 2280 2759 ,
2317 2712 2446 2763 λέγων,

1420 2772 1599 2824 Μακάριοι
1616 2775 1646 2810 οἱ
1662 2774 1845 2814 πεινῶντες
1861 2771 1920 2809 καὶ
1951 2772 2117 2823 διψῶντες
2131 2771 2195 2817 τὴν
2214 2773 2448 2820 δικαιοσύνην,

1420 2832 1473 2870 ὅτι
1494 2833 1588 2870 αὐτοὶ
1607 2832 1923 2886 χορτασθήσονται.
1941 2830 2039 2884 υΟρα
2065 2831 2188 2883 σοφίαν
2209 2834 2420 2872 διδασκάλου
2438 2848 2447 2856 ·

1420 2894 1457 2930 οὐ
1486 2893 1543 2931 διὰ
1560 2897 1618 2930 τοῦ
1644 2895 1868 2945 μακαρισμοῦ
1902 2892 2005 2943 μόνον
2036 2892 2261 2946 προέτρεψεν,
2281 2894 2370 2931 ἀλλὰ
2389 2894 2450 2932 καὶ

1420 2957 1470 3005 τῷ
1492 2956 1616 3000 εἰπεῖν,
1638 2957 1685 2992 Οἱ
1707 2956 1892 2996 πεινῶντες
1915 2953 1975 2990 καὶ
1996 2954 2162 3005 διψῶντες
2182 2954 2245 3000 τὴν
2270 2955 2450 2992 δικαιοσύ-

1538 3015 1603 3027 m„

1422 3076 1592 3127 προσήκει
1615 3075 1700 3128 πρὸς
1719 3074 1781 3121 τὴν
1797 3078 1865 3111 τῶν
1893 3078 2138 3125 πνευματικῶν
2155 3074 2280 3126 λογίων
2307 3075 2447 3127 ἔρευναν

1423 3139 1545 3188 ὃρμᾷν.
1564 3136 1732 3187 Καθάπερ
1758 3134 1846 3186 γὰρ,
1869 3135 1987 3186 φησὶν,
2003 3138 2033 3173 οἱ
2054 3135 2172 3182 πείνης
2199 3137 2448 3188 προηγησαμέ-

1423 3213 1483 3244 νης
1501 3197 1590 3247 μετὰ
1609 3197 1804 3250 προθυμίας
1824 3196 1957 3247 ἀφάτου
1978 3196 2034 3234 ἐπὶ
2061 3196 2124 3243 τὴν
2144 3196 2274 3249 τροφὴν
2296 3197 2448 3248 ἐπείγον-

399 3275 522 3316 potum
545 3278 671 3313 magno
690 3262 865 3301 desiderio
887 3261 1058 3299 accedunt
1077 3277 1084 3298 :
1101 3260 1224 3299 eodem
1245 3260 1350 3297 modo
1376 3261 1399 3290 Β
1424 3274 1503 3303 ται,
1527 3258 1586 3295 καὶ
1616 3260 1646 3295 οἳ
1680 3258 1750 3296 ἀπὸ
1776 3261 1835 3295 τοῦ
1858 3258 1986 3294 πολλοῦ
2015 3257 2131 3307 δίψους
2161 3257 2379 3308 ἐκκαιόμενοι
2398 3261 2448 3308 τῷ

397 3326 439 3363 :ul
472 3325 693 3377 spiritualem
717 3323 930 3367 ‹lot-trinam,
955 3332 1133 3373 tamquam
1162 3321 1351 3359 esurientes

1426 3319 1559 3368 πόματι
1585 3320 1672 3368 μετὰ
1694 3319 1844 3363 σπουδῆς
1869 3318 2035 3369 προσίασι
2051 3335 2057 3340 ·
2075 3318 2165 3355 κατὰ
2194 3319 2250 3356 τον
2282 3320 2382 3356 αὐτὸν
2404 3319 2445 3363 δὴ
