2516 3791
631 201 674 230 tx
711 200 812 230 c-tt‘.
853 199 948 229 xvt.
987 197 1148 227 GENES.
1189 196 1344 227 ttOMtt..
1386 195 1574 224 xxxvut.

75 288 193 339 ὥσπερ
224 281 266 324 αὖ
298 285 402 324 πάλιν
431 284 489 322 καὶ
510 283 651 336 φίλτρου
683 284 839 326 πλείονος
866 283 1027 321 ὑπόθεσιν
1057 281 1096 319 τὸ

75 347 226 386 ἐναντίον
247 350 424 384 ποιοῦνται
436 373 446 390 ,
464 345 597 396 σφόδρα
615 344 751 396 κούφως
774 346 832 382 καὶ
854 343 1008 390 ἀνοήτως
1022 348 1098 385 ταῖς

75 407 206 459 γυναιξὶ
222 406 438 457 λογιζόμενοι
456 406 514 443 καὶ
536 404 599 451 τὴν
617 405 783 443 ἀπαιδίαν
808 405 867 443 καὶ
889 404 951 451 τὴν
972 405 1098 442 εὐπαι-

75 466 166 511 δίαν,
187 469 248 506 οὖκ
271 466 398 510 εἰδότες
415 466 468 505 ὅτι
484 470 544 504 τοῦ
563 469 625 512 τῆς
646 466 779 518 φύσεώς
799 468 873 504 ἐστι
888 467 1099 515 δημιουργοῦ

74 529 114 566 τὸ
132 534 214 572 πᾶν,
238 527 298 565 καὶ
323 527 401 566 οὔτε
422 530 444 573 ἡ
462 528 625 565 συνουσία
639 557 649 571 ,
668 528 744 565 οὔτε
771 527 886 579 ἕτερόν
906 526 940 564 τί
968 528 1041 564 ἐστι
1061 524 1101 561 τὸ

77 589 264 640 δυνάμενον
279 589 480 628 συντελέσαι
500 589 586 640 πρὸς
601 588 664 635 τὴν
685 591 752 626 τῶν
773 587 906 626 παίδων
922 584 1101 636 διαδοχὴν,

78 649 126 700 μὴ
142 653 204 696 τ’ἧς
221 650 350 688 ἄνωθεν
370 649 485 702 χειρὸς
498 649 825 701 συνεφαπτομένης,
845 647 904 685 καὶ
923 645 986 692 τὴν
1002 644 1101 697 φύσιν
1122 650 1147 679 Ι)

78 711 309 763 διεγειρούσης
326 710 412 763 πρὸς
430 711 488 748 τὸν
503 709 614 748 τόκον.
633 708 743 761 Ἅπερ
762 708 915 760 ἀκριὸῶς
933 709 951 744 ὁ
972 706 1103 747 δίκαιος

77 767 176 815 οὗτος
212 771 463 821 ἐπιστάμενος,
486 769 563 807 οὔτε
585 773 627 821 τῇ
663 767 802 819 γυναικὶ
840 767 1011 819 ἐλογίζετο
1039 766 1102 813 τὴν

78 833 258 877 ἀπαιδίαν,
278 833 338 870 καὶ
355 831 419 877 τὴν
442 831 684 882 προσήκουσαν
702 831 788 879 αὐτῇ
805 827 910 878 τιμὴν
931 827 987 866 διὰ
1009 828 1102 866 πάν-

75 910 142 931 των
164 891 341 942 ἀπένειμε.
357 891 426 930 Διά
445 907 498 929 τοι
514 894 615 929 τοῦτο
630 890 689 927 καὶ
706 889 794 936 αὐτὴ
816 889 1104 940 φιλοτιμουμένη,

75 954 134 992 καὶ
156 952 348 1004 βουλομένη
380 951 488 996 δεῖξαι
507 951 592 998 ὅσην
612 957 765 989 ποιεῖται
791 949 874 1002 περὶ
894 949 952 988 τὸν
971 951 1103 989 δίκαιον

76 1013 332 1067 φιλοστοργίαν,
358 1015 396 1050 οὐ
412 1013 452 1051 τὸ
473 1015 599 1058 ἑαυτῆς
621 1016 819 1058 σκοποῦσα,
850 1013 927 1050 ἀλλ’
944 1012 1037 1056 ὅπως
1063 1012 1103 1050 ἂν

75 1075 197 1127 ἐκείνῳ
225 1074 450 1126 παραμυθίαν
485 1073 563 1113 τινὰ
590 1077 653 1120 τῆς
687 1073 854 1118 ἀπαιδίας
887 1075 1105 1122 ἐπινοήσειε,

76 1135 260 1187 μονονουχὶ
278 1141 355 1179 ταῖς
373 1134 517 1177 οἰκείαις
537 1135 639 1187 χερσὶ
654 1135 814 1173 λαθοῦσα
832 1135 895 1182 τὴν
915 1135 1104 1183 παιδίσκην

77 1195 139 1242 τὴν
159 1195 354 1247 Αἰγυπτίαν
375 1196 432 1234 ἐπὶ
460 1196 522 1242 τὴν
551 1195 640 1234 ἰδίαν
662 1196 762 1243 εὐνὴν
792 1196 964 1248 ἀνήγαγεν
982 1213 990 1220 ·
1014 1196 1104 1235 ἀλλὰ

77 1257 136 1295 καὶ
156 1257 213 1296 διὰ
235 1259 302 1295 τῶν
325 1257 492 1310 ῥημάτων
512 1256 715 1296 δεικνύουσα
734 1258 792 1295 τὸν
813 1259 956 1306 σκοπὸν,
987 1260 1030 1297 δι’
1067 1259 1103 1298 ὃν

77 1323 178 1358 τοῦτο
198 1322 344 1366 ποιῆσαι
368 1319 576 1363 κατεδέξατο
589 1348 598 1365 ,
620 1319 724 1371 φησίν
736 1335 743 1342 ·
761 1319 881 1366 ἐπειδὴ
903 1320 970 1372 ἐγὼ
986 1321 1104 1373 ἄχρη-

78 1396 157 1425 στος
172 1379 289 1432 ὤφθην
309 1380 369 1418 καὶ
391 1380 629 1426 ἀνεπιτήδειος
647 1381 732 1432 πρὸς
753 1381 874 1432 γονήν·
897 1381 1104 1419 Συνέκλεισε

77 1442 146 1494 γάρ
169 1458 212 1492 με
239 1445 257 1479 ὁ
277 1441 401 1493 Κύριος
424 1445 485 1479 τοῦ
513 1441 561 1491 μὴ
582 1447 707 1480 τεκεῖν.
725 1442 823 1496 ζὈρα
848 1444 965 1494 ψυχῆς
980 1443 1106 1494 εὐγνω-

79 1503 246 1554 μοσύνην,
266 1506 340 1546 πῶς
361 1502 456 1541 οὐδὲν
477 1503 640 1555 δυσχερὲς
656 1504 860 1556 φθέγγεται,
879 1504 955 1542 οὐδὲ
975 1503 1106 1542 ἀποδύ-

81 1580 176 1617 ρεται
208 1563 265 1602 διὰ
293 1563 357 1610 τὴν
396 1564 593 1617 στείρωσιν,
626 1565 717 1603 ἀλλὰ
751 1566 854 1617 μόνον
889 1569 991 1604 τοῦτο
1019 1569 1103 1616 ἡμῖν

79 1628 232 1678 ἐμφῆναι
252 1626 438 1677 βούλεται,
469 1625 521 1664 ὅτι
555 1629 605 1678 τῷ
639 1627 840 1680 δημιουργῷ
873 1629 935 1673 τῆς
973 1626 1106 1679 φύσεως

78 1692 177 1726 τοῦτο
202 1687 409 1738 λογιζομένη
430 1686 550 1739 πράως
569 1688 628 1725 καὶ
650 1688 815 1739 γενναίως
842 1688 961 1742 ἔφερε,
979 1704 1105 1741 προτι-

78 1753 183 1800 μῶσα
201 1750 240 1788 τὸ
259 1752 308 1802 τῷ
336 1752 419 1802 Θεῷ
439 1750 559 1788 δοκοῦν
581 1752 644 1795 τῆς
662 1750 790 1793 οἰκείας
819 1750 1006 1801 ἐπιθυμίας
1019 1781 1028 1798 ,
1045 1751 1105 1789 καὶ

79 1812 220 1851 ἐσκόπει
234 1811 328 1856 ὅπως
343 1811 400 1850 τὸν
416 1812 526 1864 ἄνδρα
542 1811 853 1864 παραμυθήσηται.
865 1812 1012 1859 Ἐπειδὴ
1034 1806 1105 1860 οῦν,

2032 181 2124 241 445

1171 278 1261 316 sicut
1281 278 1327 316 ob
1343 277 1554 316 contrariam
1575 275 1755 314 adamare.
1780 278 1982 327 Uti-nmque
2000 279 2126 315 stolide

1171 349 1204 377 et
1226 338 1471 392 imprudenter
1489 345 1612 389 agunt,
1632 338 1693 388 qui
1722 338 1896 375 uxoribus
1917 338 2126 376 adscribunt

1171 400 1393 438 sterilitatem
1420 399 1475 438 vel
1507 398 1776 446 secunditatem,
1806 398 1906 449 quasi
1937 399 2128 436 nescientes

1172 476 1191 498 a
1212 470 1346 498 natnrae
1373 460 1565 498 Conditore
1585 459 1784 512 dispensari
1811 459 1990 509 universa,
2003 469 2036 497 et
2062 474 2127 496 nc-

1173 535 1241 572 que
1255 521 1404 570 coitum,
1427 535 1538 572 neque
1558 520 1657 558 aliud
1680 519 1852 571 quiddam
1871 519 1916 557 ad
1935 534 2128 572 procrean-

1173 583 1238 622 dos
1258 584 1390 622 liberos
1408 586 1579 630 conferre,
1604 585 1670 622 nisi
1692 594 1900 637 cooperetur
1919 599 2044 623 manus
2064 600 2130 623 su-

1174 658 1297 695 perna,
1323 658 1403 694 qua:
1433 654 1596 682 naturam
1624 646 1670 683 ad
1701 646 1958 697 procreandum
1988 646 2129 684 excitet.

1174 705 1262 750 Quae
1285 718 1363 741 cum
1389 705 1498 756 probe
1518 715 1632 742 nosset
1649 707 1765 757 justus
1786 707 1858 755 ille,
1879 708 1981 744 uxori
2004 708 2132 745 sterili-

1172 772 1277 802 tatem
1306 778 1374 802 non
1403 765 1604 817 imputabat
1625 781 1633 801 :
1653 765 1712 803 sed
1739 778 1989 815 congruentem
2020 769 2130 806 bono-

1171 839 1245 863 rem
1271 839 1409 878 semper
1434 826 1466 863 ei
1493 826 1684 863 tribuebat.
1715 830 1829 877 Atque
1858 828 1948 865 banc
1974 829 2019 866 ob
2041 844 2104 866 can
2127 854 2129 856 -

1171 901 1248 924 sam
1275 887 1353 939 ipsa
1382 886 1418 924 in
1442 886 1554 925 officii
1583 887 1711 937 vicem,
1737 888 1930 938 volensque
1953 888 2132 926 declarare

1170 956 1305 997 quanto
1327 961 1450 985 amore
1473 961 1555 999 erga
1578 948 1698 986 virum
1725 948 1917 997 afliciatur,
1942 962 2011 986 non
2035 951 2133 1000 qnod

1170 1009 1225 1046 sui
1249 1008 1362 1060 ipsius
1382 1018 1471 1059 erat,
1491 1009 1686 1061 spectabat,
1707 1009 1767 1047 sed
1787 1009 1967 1060 quomodo
1985 1010 2037 1047 illi
2053 1025 2132 1048 con-

1172 1069 1380 1107 solationem
1396 1070 1588 1120 quamdam
1602 1070 1766 1108 orbitatis
1781 1071 1974 1109 liberorum
1991 1072 2132 1122 excogi-

1171 1138 1275 1181 taret,
1309 1131 1411 1181 quasi
1447 1132 1612 1169 manibus
1647 1131 1722 1169 suis
1759 1140 1939 1184 acceptam
1975 1132 2132 1184 puellam

1174 1191 1385 1244 AEgyptiam
1404 1192 1438 1229 in
1454 1192 1585 1230 lectum
1600 1207 1704 1230 suum
1721 1191 1865 1230 induxit
1882 1209 1889 1229 :
1906 1193 1991 1243 quin
2007 1203 2039 1231 et
2056 1207 2133 1230 ver-

1171 1252 1227 1290 bis
1246 1252 1334 1305 ipsis
1354 1253 1520 1302 ostendit,
1542 1268 1613 1305 qua
1629 1254 1675 1292 de
1692 1268 1796 1292 causa
1813 1253 1851 1291 id
1869 1254 1987 1303 faciat,
2003 1264 2034 1292 et
2052 1255 2134 1305 quis

1140 1327 1150 1356 3
1170 1314 1247 1366 ejus
1268 1313 1315 1352 sit
1343 1329 1484 1367 scopus.
1510 1315 1607 1363 Quia
1639 1329 1716 1367 ego,
1740 1316 1867 1366 inquit,
1891 1316 2029 1354 inutilis
2056 1316 2131 1354 visa

1171 1388 1266 1422 sum,
1289 1383 1322 1412 et
1339 1375 1385 1412 ad
1406 1375 1649 1426 generandum
1668 1390 1738 1414 non
1758 1376 1884 1414 idonea
1903 1392 1910 1412 z
1930 1377 2132 1414 Conclusit

1172 1434 1266 1473 enim
1288 1449 1349 1473 me
1366 1437 1575 1483 Dominus,
1597 1445 1638 1474 ut
1660 1451 1707 1474 ne
1718 1451 1907 1489 parerem.
1929 1437 2026 1476 Vide
2039 1452 2132 1489 prn-

1171 1495 1313 1534 dentem
1333 1496 1505 1547 animam,
1529 1498 1708 1548 quomodo
1725 1498 1817 1535 nibil
1832 1512 1998 1550 asperum
2016 1498 2134 1548 loqui-

1172 1566 1245 1606 tur,
1273 1557 1496 1596 sterilitatem
1522 1572 1592 1596 non
1618 1558 1783 1611 deplorat
1805 1575 1813 1595 :
1834 1559 1899 1597 sed
1923 1559 2039 1597 solum
2064 1559 2133 1597 hoc

1172 1617 1274 1655 nobis
1293 1617 1476 1656 declarare
1495 1619 1590 1669 vult,
1613 1619 1711 1670 quod
1731 1629 1866 1657 naturae
1882 1620 2038 1658 Domino
2057 1620 2135 1672 opi-

1173 1678 1233 1716 fici
1261 1679 1329 1716 hoc
1358 1679 1580 1730 adscribens,
1611 1681 1738 1718 leniter
1765 1691 1798 1719 et
1828 1695 1994 1732 generose
2031 1681 2133 1727 serat,

1177 1739 1313 1778 malens
1329 1740 1425 1791 quod
1441 1742 1516 1779 Deo
1529 1742 1704 1794 placebat,
1724 1757 1830 1793 quam
1844 1742 1939 1793 quod
1960 1742 2035 1794 ipsa
2051 1756 2134 1780 con-

1174 1801 1391 1853 cupiscebat,
1412 1811 1445 1840 et
1464 1802 1531 1840 hoc
1551 1817 1660 1840 unum
1683 1813 1857 1856 spectans,
1875 1814 1913 1841 ut
1933 1803 2053 1841 virum
2075 1818 2134 1841 so-

79 1874 196 1922 Φησὶν,
225 1873 314 1924 Ἰζμὲ
345 1873 563 1912 συνέκλεισεν
591 1877 609 1912 ὁ
641 1873 766 1925 Κύριος
806 1877 864 1912 τοῦ
903 1875 951 1925 μὴ
981 1881 1104 1913 τεκεῖν,
1118 1863 1319 1918 3,35laretun
1337 1864 1533 1913 Quoniam,
1554 1864 1681 1915 inquit,
1695 1866 1890 1903 Dominus
1905 1880 1963 1902 me
1981 1866 2134 1903 conclu-

80 1935 181 1982 mor,
199 1935 258 1974 καὶ
274 1936 376 1973 αὐτοῦ
395 1939 454 1973 τοῦ
472 1936 626 1987 ῥήματος
641 1939 663 1982 ἢ
684 1935 850 1988 ἔμφασις,
868 1939 942 1979 πῶς
958 1935 1108 1975 δείκνυσι
1129 1932 1154 1960 Α
1176 1928 1238 1974 sit,
1254 1934 1296 1963 ut
1315 1940 1362 1963 ne
1376 1940 1565 1976 parerem.
1584 1928 1725 1972 Quanta
1744 1926 1852 1978 hujus
1867 1926 1967 1964 verbi
1988 1927 2134 1978 empha-

80 2001 139 2034 τοῦ
156 1998 248 2035 Θεοῦ
268 1996 330 2042 τὴν
351 1996 513 2049 πρόνοιαν
533 1996 592 2035 καὶ
608 1996 673 2042 τὴν
693 1997 824 2049 ἄφατον
843 1996 1010 2048 δύναμιν,
1030 1999 1107 2036 Κα-

80 2057 192 2110 θάπερ
212 2057 279 2108 γὰρ
310 2060 437 2107 ἡμεῖς,
468 2057 584 2109 φησὶν,
615 2058 673 2095 ἐπὶ
705 2061 768 2104 τῆς
800 2057 910 2100 οἰκίας
947 2058 1107 2108 κλείομεν

80 2118 140 2156 καὶ
164 2118 360 2170 ἀνοίγομεν,
383 2118 471 2157 οὕτω
500 2120 559 2157 καὶ
579 2122 596 2157 ὁ
611 2119 791 2166 Δεσπότης
816 2118 954 2165 {ulta-Ze
973 2118 1109 2171 φύσεως

81 2179 282 2231 ἐργάζεται,
303 2181 362 2219 καὶ
389 2183 439 2232 τῷ
455 2179 571 2232 οἰκείῳ
587 2180 834 2232 προστάγματι
863 2179 922 2217 καὶ
936 2179 998 2223 τὰς
1017 2180 1110 2223 κλεῖς

81 2240 226 2292 ἐπάγει,
244 2241 304 2280 καὶ
322 2242 428 2280 πάλιν
442 2241 548 2289 ἡνίκα
568 2241 608 2279 ἂν
631 2243 784 2293 βουληθῇ
807 2240 955 2292 ἀνοίγει,
974 2240 1034 2278 καὶ
1055 2256 1111 2278 κε-

80 2302 174 2341 λεύει
208 2304 272 2350 τήν
295 2303 395 2356 φύσιν
428 2304 468 2342 τὸ
504 2306 630 2350 ἑαυτῆς
663 2302 881 2355 ἐργάζεσθαι.
914 2303 1019 2341 Ἐπεὶ
1050 2296 1108 2341 οὖν

82 2363 282 2403 συνέκλεισέ
304 2381 366 2415 με,
386 2364 503 2417 φησὶν,
534 2368 552 2404 ὁ
580 2364 704 2416 Κύριος
730 2367 790 2402 τοῦ
813 2363 861 2415 μὴ
889 2369 1016 2406 τεκεῖν,
1039 2362 1113 2402 εἴσ-

84 2427 159 2463 ελθε
185 2425 270 2476 πρὸς
291 2425 354 2471 τὴν
384 2426 572 2471 παιδίσκην
593 2441 680 2476 μου,
709 2425 766 2463 ἵνα
801 2424 1054 2476 τεκνοποιήσῃς
1079 2423 1113 2468 ἐξ

85 2489 203 2533 αὐτῆς.
226 2481 319 2526 Οἶδα
349 2486 403 2525 ὅτι
429 2486 498 2538 ἐγώ
518 2489 591 2537 εἰμι
607 2491 628 2533 ἡ
652 2486 747 2524 αἰτία
767 2490 831 2533 τῆς
852 2486 1034 2530 ἀπαιδίας·
1055 2485 1113 2524 διὰ

84 2552 184 2587 τοῦτο
202 2550 240 2586 οὐ
259 2547 431 2599 βούλομαί
453 2564 491 2586 σε
510 2549 748 2599 ἀποστερῆσαι
770 2551 832 2594 τῆς
857 2550 1008 2586 ἐντεῦθεν
1037 2563 1111 2584 πα-

87 2609 268 2661 ραμυθίας.
283 2608 387 2652 Ἴσως
416 2608 451 2647 δὲ
486 2608 545 2647 καὶ
572 2608 776 2647 ὑπώπτευεν
796 2612 819 2654 ἡ
838 2608 938 2660 Σάρα
958 2607 1007 2659 μὴ
1027 2610 1111 2661 παρ’

86 2670 192 2717 αὐτὴν
224 2671 333 2721 μόνην
363 2664 452 2708 εἶναι
483 2669 528 2708 τὰ
550 2672 612 2715 τῆς
629 2670 814 2717 ἀπαιδίας,
831 2671 919 2708 ἀλλὰ
941 2669 1000 2707 καὶ
1016 2669 1112 2722 παρὰ

85 2731 143 2769 τὸν
169 2732 393 2782 πατριάρχην
407 2747 415 2754 ·
436 2731 494 2769 διὰ
515 2734 615 2769 τοῦτο
639 2730 831 2781 βουλομένη
851 2731 894 2768 δι’
914 2731 1028 2768 αὐτῶν
1043 2733 1111 2768 τῶν

87 2790 195 2843 ἔργων
227 2792 533 2842 πληροφορηθῆναι
546 2820 555 2837 ,
593 2795 798 2841 παραχωρεῖ
839 2791 883 2840 τῇ
921 2788 1088 2840 παιδίσκῃ
1103 2818 1112 2835 ,

87 2851 146 2889 καὶ
178 2851 226 2894 εἷς
246 2850 311 2897 τὴν
341 2850 439 2897 εὐνὴν
471 2850 578 2897 αὐτὴν
600 2850 695 2901 ἄγει,
723 2849 779 2887 ἵνα
801 2849 894 2902 μάθῃ
926 2851 969 2887 δι’
1000 2852 1111 2888 αὐτῶν

87 2915 157 2951 τῶν
176 2911 408 2964 πραγμάτων,
424 2914 470 2955 ὡς
488 2914 594 2962 ἑαυτῇ
615 2911 654 2949 τὸ
672 2917 742 2949 πᾶν
755 2911 884 2963 ὀφείλει
903 2912 1110 2963 λογίζεσθαι.

87 2973 287 3020 ’Υπήκουσε
321 2972 378 3018 δὲ,
411 2973 528 3024 φησὶν,
562 2972 701 3025 Ἀὅραμ
728 2976 790 3019 τῆς
824 2975 942 3024 φωνῆς
975 2973 1108 3026 Σάρας.

87 3034 210 3082 Πολλὴ
239 3039 299 3072 τοῦ
330 3034 463 3072 δικαίου
489 3037 511 3080 ἦ
540 3033 739 3086 φιλοσοφία.
773 3033 890 3087 “Οπερ
909 3034 976 3087 γὰρ
1005 3034 1112 3087 ἔφθην

90 3095 209 3144 εἰπὼν,
235 3100 336 3134 τοῦτο
358 3095 417 3134 καὶ
446 3100 503 3134 νῦν
532 3096 619 3148 ἐρῶ·
639 3095 694 3134 ὅτι
723 3095 800 3134 οὔτε
819 3096 986 3148 πρότερον
1012 3100 1114 3135 τοῦτο

89 3156 338 3205 ἐὸουλεύσατο,
355 3155 470 3194 καίτοι
492 3157 524 3193 ἐν
546 3156 685 3208 ἐσχάτῳ
712 3156 804 3208 γήρα
833 3157 953 3195 λοιπὸν
974 3156 1035 3202 ὢν,
1054 3157 1114 3196 καὶ

90 3221 148 3255 νῦν
170 3217 232 3264 τὴν
263 3216 464 3270 προτροπὴν
484 3217 582 3269 παρὰ
602 3220 664 3263 τ’ἧς
684 3217 802 3269 Σάρας
828 3216 1010 3268 δεξάμενος
1026 3217 1116 3256 ἑτοί-

93 3295 166 3322 μως
198 3278 397 3324 ὑπήκουσε,
431 3278 564 3321 δεικνὺς
603 3277 656 3316 ὅτι
687 3279 749 3316 οὐκ
782 3279 968 3330 ἐπιθυμίας
1000 3279 1115 3318 ἕνεκεν

92 3333 213 3382 ἁπλῶς
225 3368 234 3383 ,
253 3338 328 3377 οὐδὲ
350 3340 454 3378 πάθει
473 3341 740 3377 κατακολουθῶν
757 3342 819 3386 τῆς
838 3340 1020 3384 συνουσίας
1039 3340 1117 3387 ἠνέ-

1178 1985 1226 2024 sis
1239 1995 1290 2024 est
1303 1986 1320 2023 ἱ)
1335 2001 1442 2037 quam
1457 1986 1675 2024 ineffabilem
1689 1986 1843 2025 ostendit
1857 1987 1920 2024 Dei
1938 1987 2134 2039 potentiam

1178 2056 1212 2085 et
1224 2047 1489 2099 providentiam
1503 2048 1520 2085 Ρ
1537 2048 1648 2094 Quasi
1668 2047 1801 2086 diceret
1824 2064 1831 2084 ε
1858 2048 1958 2085 Sicut
1973 2062 2035 2085 nos
2052 2062 2134 2100 ape-

1178 2108 1292 2146 rimus
1312 2117 1346 2146 et
1369 2108 1574 2146 claudimus
1593 2107 1755 2156 domum,
1775 2108 1822 2145 ita
1846 2117 1879 2145 et
1903 2108 2080 2145 Dominus
2099 2109 2135 2146 in

1178 2177 1305 2206 natura
1322 2178 1503 2221 operatur,
1525 2177 1558 2206 et
1577 2183 1640 2206 suo
1656 2177 1834 2221 praecepto
1854 2168 2003 2220 clandit,
2022 2178 2055 2206 et
2072 2169 2136 2206 ite-

1180 2244 1261 2268 rum
1279 2231 1422 2282 quando
1436 2230 1516 2268 vult
1535 2230 1664 2282 aperit,
1687 2239 1721 2267 et
1736 2231 1842 2282 jubet
1861 2239 2023 2268 naturam
2042 2230 2137 2281 quod

1180 2306 1286 2331 suum
1301 2301 1352 2330 est
1365 2291 1517 2344 operari.
1535 2292 1716 2338 Quoniam
1733 2292 1846 2343 igitur
1863 2292 1893 2329 C
1896 2292 2063 2329 onclusit
2080 2306 2139 2328 me

1181 2355 1390 2400 Dominus,
1407 2362 1448 2391 ut
1464 2368 1511 2391 ne
1521 2367 1714 2405 parerem,
1734 2354 1933 2405 ingredere
1949 2353 2003 2390 ad
2014 2353 2139 2391 ancil-

1181 2416 1262 2453 lam
1282 2429 1422 2461 meam,
1441 2423 1482 2452 ut
1497 2429 1544 2452 ex
1559 2429 1605 2452 ea
1619 2415 1768 2466 prolem
1779 2427 1966 2465 procrees.
1985 2413 2067 2452 Scio
2083 2428 2140 2451 me

1181 2477 1344 2515 orbitatis
1364 2490 1508 2514 causam
1527 2490 1602 2514 esse
1612 2491 1623 2525 ;
1644 2485 1831 2529 propterea
1848 2475 1928 2513 nolo
1943 2484 1977 2512 te
1995 2475 2139 2527 privare

1180 2538 1243 2576 illo
1263 2538 1400 2576 solatio.
1422 2538 1596 2576 Fortassis
1618 2547 1736 2575 autem
1759 2537 1864 2575 etiam
1890 2536 2140 2588 suspicabatur

1180 2601 1268 2638 Sara
1289 2599 1513 2637 sterilitatem
1539 2598 1639 2635 illam
1665 2612 1735 2636 non
1762 2612 1781 2635 a
1805 2612 1841 2636 se
1866 2597 1938 2635 sola
1963 2610 2052 2643 esse,
2076 2596 2139 2634 sed

1180 2661 1288 2699 etiam
1307 2675 1352 2698 ex
1371 2660 1576 2713 patriarcha
1600 2676 1607 2696 :
1630 2659 1708 2697 ideo
1728 2660 1852 2697 volens
1875 2667 1969 2696 certo
1991 2657 2137 2709 experi—

1181 2732 1300 2761 mento
1324 2722 1357 2760 id
1372 2721 1580 2773 comperire,
1598 2721 1736 2758 ancillae
1752 2721 1859 2767 cedit,
1876 2729 1910 2758 et
1926 2720 2025 2757 illam
2040 2721 2074 2756 in
2089 2719 2138 2756 le-

1182 2794 1279 2823 ctum
1296 2784 1393 2822 illius
1413 2783 1527 2826 ducit,
1548 2792 1587 2820 ut
1606 2797 1643 2820 re
1660 2783 1734 2834 ipsa
1751 2782 1866 2820 discat
1885 2795 1928 2819 an
1944 2781 2019 2819 sola
2037 2781 2082 2819 sit
2102 2781 2137 2818 in

1181 2860 1300 2893 causa,
1315 2845 1454 2895 sibique
1466 2843 1530 2881 soli
1544 2844 1588 2881 sit
1600 2842 1834 2880 adscribenda
1849 2842 2028 2880 sterilitas.
2041 2843 2138 2880 Obe-

1181 2909 1277 2945 divit
1298 2915 1441 2951 autem,
1468 2905 1597 2955 inquit,
1620 2904 1774 2942 Abram
1796 2907 1887 2942 voci
1905 2904 2024 2942 Sarte.
2051 2905 2136 2944 Ma-

1183 2982 1251 3021 gna
1266 2967 1354 3020 justi
1385 2965 1624 3018 philosophia.
1650 2964 1691 3002 ld
1716 2965 1809 3002 enim
1829 2965 1926 3015 quod
1951 2964 2046 3010 dixi,
2073 2964 2140 3001 boc

1183 3039 1216 3068 et
1233 3043 1326 3067 nnnc
1341 3028 1422 3066 dico
1447 3043 1454 3063 :
1479 3027 1582 3064 illum
1602 3040 1669 3064 non
1690 3025 1844 3078 priorem
1865 3026 1933 3064 hoe
1950 3025 2138 3064 consilium

1184 3091 1318 3140 iniisse,
1342 3089 1506 3140 quamvis
1534 3091 1568 3125 in
1596 3096 1755 3124 extrema
1780 3097 1956 3125 senectute
1977 3096 2079 3134 esset,
2108 3095 2140 3122 ct

1185 3167 1278 3193 nunc
1300 3167 1319 3190 a
1340 3153 1426 3190 Sara
1445 3149 1670 3188 admonitum
1687 3159 1851 3202 prompte
1865 3149 2082 3196 obedivisse,
2103 3156 2140 3182 nt

1186 3216 1327 3254 doceret
1341 3227 1376 3251 se
1390 3227 1457 3251 non
1470 3227 1513 3249 ex
1529 3210 1814 3263 concupiscentia
1830 3211 1884 3248 vel
1897 3209 2048 3249 libidine
2059 3223 2141 3246 con-

1188 3276 1289 3329 gredi
1311 3289 1390 3312 cum
1415 3274 1475 3311 illa
1494 3272 1661 3321 voluisse,
1677 3271 1741 3309 sed·
1756 3281 1793 3309 nt
1809 3272 1954 3309 seminis
1968 3271 2142 3319 relinque-

1190 3348 1241 3376 ret
1258 3336 1523 3375 successionem.
1547 3335 1582 3371 5.
1604 3335 1655 3371 Et
1677 3334 1765 3371 tulit
1785 3333 1883 3370 Sara
1908 3346 2006 3370 uxor
2025 3331 2144 3368 Alme

94 3415 215 3452 οχετο,
238 3402 313 3438 ἀλλ’
347 3399 437 3439 ὥστε
472 3401 672 3452 σπέρματος
707 3400 874 3452 διαδοχὴν
896 3404 1114 3440 καταλιπεῖν.
1144 3409 1167 3439 C
1195 3400 1367 3450 Δέξαι-ειη
1402 3397 1625 3448 ,Egrptiam
1661 3394 1849 3432 ancillam
1885 3407 2008 3430 suam.
2039 3398 2146 3441 post-
