2516 3791
122 1254 218 1280 Jlal'r'⁴
238 1260 268 1280 11

122 1304 170 1321 2).

324 169 417 232 894
749 183 788 213 s.
824 182 1008 213 ioannis
1041 181 1284 211 cunvsosr.

320 266 416 317 quod
430 265 560 304 domus
571 264 703 303 limites
715 274 954 317 transgressus
972 272 1037 313 est,
1056 262 1151 314 quod
1170 277 1269 301 man-

320 327 414 379 cipia
443 336 503 365 tua
532 326 667 379 rapuit,
698 325 795 376 quod
822 325 899 364 vim
924 324 1059 374 attulit,
1083 323 1181 375 quod
1208 333 1269 361 tua

319 398 448 441 praeter
461 389 521 441 jus
541 387 748 440 occupavit,
771 385 866 437 quod
886 385 934 423 ad
952 394 1198 438 paupertatem
1213 399 1269 423 re-

318 450 441 502 degit?
464 454 512 488 At
532 449 689 487 nondum
710 447 842 500 eripuit
859 447 988 497 vitam,
1008 447 1106 498 quod
1124 447 1270 486 molitus

318 519 370 548 est
389 510 475 548 Saiil
488 525 496 545 :
511 509 608 559 quod
629 508 659 546 si
687 516 720 545 et
748 507 859 545 vitam
877 506 1012 558 eripere
1031 514 1176 544 conatus
1195 514 1269 556 est,

320 572 464 609 sortasse
485 569 590 608 semel
608 569 645 607 id
666 581 774 606 ausus
791 576 860 616 est,
879 581 949 605 non
967 567 1024 606 bis
1043 576 1104 605 aut
1120 576 1184 616 ter,
1208 577 1270 606 aut

321 632 466 684 saepius,
489 631 581 669 sicut
595 630 677 669 fecit
706 628 928 680 saithquod
955 629 986 667 si
1012 629 1120 667 etiam
1139 629 1269 678 semel,

321 694 349 731 si
370 693 442 743 bis,
467 693 495 730 si
516 701 583 742 ter,
604 692 632 729 si
653 690 784 743 saepius
803 690 869 730 hoc
887 690 1057 740 tentavit,
1077 699 1112 729 at
1131 705 1200 729 non
1219 699 1271 729 tot

319 755 465 793 affectus
483 754 545 791 abs
563 763 597 791 te
615 752 811 802 beneficiis,
834 760 870 790 at
888 766 957 790 non
985 767 1067 791 cum
1093 752 1199 791 semel
1219 762 1271 790 at-

319 830 389 867 que
406 816 534 853 iterum
549 813 730 852 incidisset
753 813 789 851 in
814 827 941 851 manus
954 822 1046 861 tuas,
1066 822 1099 851 et
1112 822 1272 853 servatus

320 884 480 913 essetzet
512 875 542 912 si
565 873 634 911 hoc
661 886 802 924 quoque
832 873 968 910 factum
992 881 1066 922 est,
1088 872 1140 911 sie
1166 872 1273 910 etiam

319 951 442 975 rursus
461 945 602 988 superat
619 936 695 987 ipse
711 934 841 973 David.
858 935 938 972 Non
959 933 1053 972 enim
1071 933 1172 986 paria
1191 943 1274 972 sunt

319 999 386 1036 sub
404 1007 520 1036 vetere
538 997 615 1049 lege
629 997 827 1048 degentem,
843 1005 877 1033 et
892 1009 986 1033 nunc
1000 1004 1081 1048 post
1097 995 1272 1047 evangelii

319 1060 469 1112 gratiam
482 1059 568 1097 talia
584 1058 781 1097 condonare
797 1058 917 1109 gratis.
929 1058 1009 1095 Non
1024 1056 1185 1095 audierat
1199 1058 1274 1095 Da-

319 1121 384 1160 vid
402 1120 607 1174 parabolam
625 1119 669 1157 de
684 1119 806 1157 decem
819 1118 980 1156 millibus
995 1119 1208 1156 talentorum
1223 1127 1273 1156 at-

319 1197 387 1234 que
396 1182 440 1220 de
454 1191 598 1222 centum
610 1179 778 1229 denariis;
786 1194 854 1218 non
863 1179 1024 1218 audierat
1036 1180 1273 1232 precationem

277 1274 283 1280 .
319 1243 509 1293 dicentem,
543 1244 738 1280 Remittite
768 1243 987 1279 hominibus
1015 1242 1146 1279 debita
1175 1245 1274 1294 ipso-

1289 1285 1336 1308 775

1323 181 1534 212 ARCfflEP.
1572 182 1922 212 CONSTANTINOP-

1343 263 1406 310 τὴν
1422 264 1537 317 ψυχὴν
1557 265 1728 340 ἀφείλετο,
1752 265 1836 318 ὅπερ
1851 259 1948 310 οὗτος
1962 265 2186 310 ἐσπούδαζεν·
2206 268 2236 303 εἰ
2253 265 2288 305 δὲ
2305 267 2364 304 καὶ

1343 324 1406 372 τὴν
1438 325 1554 378 ψυχὴν
1583 326 1795 365 ἐσπούδασεν
1819 327 2023 380 ἀφελέσθαι,
2044 328 2120 366 ἀλλ’
2147 325 2240 371 ἅπαξ
2269 329 2362 364 τοῦτ’

1343 387 1580 436 ἐτολμησεν”
1568 404 1667 436 ισως,
1700 388 1778 441 οὐχὶ
1812 389 1862 432 δὶς
1890 389 1950 427 καὶ
1983 389 2076 441 τρὶς,
2109 389 2169 427 καὶ
2197 388 2366 432 πολλάκις

1343 446 1523 501 ι’καθάπερ
1541 453 1658 493 οὗτος·
1687 452 1716 488 εἷ
1735 449 1770 488 δὲ
1788 466 1846 488 και
1873 449 1965 494 ἅπαξ
1984 466 2044 488 και
2063 450 2114 493 δὶς
2131 449 2191 488 καὶ
2211 450 2284 502 τρὶς
2307 449 2367 488 καὶ

1342 509 1532 557 πολλάκις,
1561 512 1638 548 ἀλλ’
1668 512 1706 549 οὗ
1733 516 1886 550 τοσαῦτα
1919 511 2175 563 εὖεργετηθεὶς,
2204 511 2279 548 ἀλλ’
2303 513 2366 549 οὐκ

1343 571 1450 610 ἐλθὼν
1469 575 1516 616 εἷς
1536 573 1598 616 τὰς
1615 578 1736 627 χεῖρας
1757 573 1816 612 καὶ
1837 572 1929 617 ἅπαξ
1948 572 2008 611 καὶ
2028 571 2198 624 δεύτερον,
2217 570 2276 609 καὶ
2291 573 2366 610 δια-

1343 634 1483 678 σωθείς·
1510 637 1541 673 εἷ
1564 635 1599 673 δὲ
1629 635 1688 673 καὶ
1708 639 1822 683 τοῦτο,
1847 634 1907 673 καὶ
1924 633 2014 672 οὕτω
2038 635 2238 673 πλεονεκτεῖ
2260 633 2366 672 πάλιν

1342 699 1360 734 ὃ
1389 695 1511 735 Δαυίδ.
1541 698 1595 735 Οὐ
1619 696 1687 748 γάρ
1713 699 1805 735 ἐστιν
1831 696 1902 734 ἴσον
1923 695 1980 734 ἐπὶ
2010 699 2073 743 τῆς
2101 696 2264 738 Παλαιᾶς
2285 695 2368 733 ὄντα

1300 772 1321 801 Ε
1343 762 1486 796 τοιαῦτα
1505 760 1714 811 φιλοσοφεῖν,
1736 758 1794 796 καὶ
1813 762 1872 796 νῦν
1893 757 1982 808 μετὰ
2003 757 2066 805 τὴν
2085 756 2189 810 χάριν
2209 755 2368 799 τοιαύτας

1343 819 1548 872 χαρίζεσθαι
1570 819 1712 872 δωρεάς.
1731 821 1809 859 Οὐκ
1827 813 1870 866 ἦν
1884 823 1901 858 ὃ
1917 819 2027 857 Δαυὶὸ
2046 818 2198 862 ἀκούσας
2213 817 2274 865 τὴν
2295 833 2368 855 πα-

1347 880 1497 932 ραὸολὴν
1527 882 1595 918 τῶν
1627 880 1757 932 μυρίων
1788 881 1968 919 ταλάντων
1995 880 2054 918 καὶ
2074 882 2144 917 τῶν
2166 879 2286 918 ἑκατὸν
2310 879 2371 925 δη-

1344 941 1487 994 ναρίων·
1506 943 1568 979 οὐκ
1586 936 1628 988 ἦν
1644 945 1661 979 ὁ
1675 941 1784 980 Δαυίδ
1797 941 1948 986 ἀκούσας
1960 943 2024 987 τῆς
2043 942 2148 993 εὒχῆς
2166 943 2228 987 τῆς
2245 939 2371 992 λεγού-

1344 1018 1426 1050 σης,
1458 998 1580 1055 Ἄφετε
1610 1008 1681 1048 τοῖς
1714 1002 1908 1056 ἀνθρώποις
1939 1002 1985 1041 τὰ
2018 1002 2206 1055 ὀφληματα
2235 1003 2368 1048 αὐτων,

1344 1063 1458 1107 καθως
1486 1064 1546 1102 καὶ
1572 1068 1590 1103 ὁ
1618 1064 1745 1118 Πατηρ
1774 1067 1871 1115 ὑμῶν
1891 1068 1908 1103 ὃ
1934 1064 2113 1117 οὐράνιος·
2134 1065 2196 1101 οὐκ
2221 1067 2263 1110 ἠν
2290 1061 2370 1100 ἰδὼν

1345 1124 1402 1162 τὸν
1422 1126 1574 1178 Χριστὸν
1603 1126 1863 1178 σταυρωθέντα,
1882 1128 1947 1178 οὔχ
1968 1129 2056 1176 αἱμα
2074 1141 2114 1163 το
2131 1124 2246 1176 τίμιον
2267 1127 2372 1176 ἐκχυ-

1346 1186 1412 1234 θὲν,
1442 1188 1517 1226 οὐδὲ
1546 1187 1624 1232 τους
1655 1187 1795 1240 μυρίους
1822 1188 1902 1240 περὶ
1921 1187 2124 1240 φιλοσοφίας
2145 1186 2295 1230 ἀκούσας
2312 1185 2371 1223 λό-

1346 1264 1445 1301 γους
1463 1252 1526 1287 οὐκ
1546 1249 1721 1288 ἀπέλαυσε
1752 1249 1870 1294 Θυσίας
1896 1249 2091 1297 τοσαύτης,
2119 1249 2188 1286 οὐδ’
2223 1247 2372 1299 αἵματος

320 1319 421 1351 runc,
442 1307 540 1342 sicut
559 1311 595 1341 et
612 1305 734 1340 Pater
748 1311 877 1340 vester
886 1303 1075 1348 ccelestis;
1091 1316 1161 1341 non
1176 1303 1271 1342 vide
1302 1324 1326 1352 5
1348 1309 1497 1362 μετέσχε
1515 1312 1738 1359 δεσποτικοῦ
1759 1313 1835 1349 ἀλλ’
1862 1311 2098 1364 ἀτελεστέρρις
2127 1309 2371 1362 ἕηρεφόμενος

320 1375 374 1404 rat
401 1365 585 1403 Chlistum
605 1363 835 1413 ciucifixum,
861 1377 932 1401 non
962 1364 1114 1401 effusum
1141 1365 1275 1416 pretio-

320 1440 399 1464 sum
439 1425 664 1478 sanguinem,
706 1438 769 1462 nec
805 1423 966 1462 audieiat
998 1424 1275 1464 innumerabiles

320 1502 497 1525 sermones
516 1487 610 1524 circa
627 1486 719 1524 hane
734 1485 998 1538 philosophiam
1008 1502 1019 1536 3
1037 1500 1107 1524 non
1125 1487 1208 1525 talis
1221 1502 1275 1525 sa-

320 1549 460 1597 crificii,
480 1562 592 1598 neque
618 1547 803 1598 sanguinis
821 1547 992 1584 dominici
1006 1547 1182 1600 particeps
1200 1550 1275 1587 fue-

320 1619 388 1659 rat,
409 1609 471 1647 scd
497 1609 636 1660 legibus
664 1608 986 1660 imperfectioribus
1012 1608 1196 1659 educatus,
1216 1624 1275 1648 ne-

319 1685 390 1721 que
407 1671 478 1708 tale
491 1670 687 1721 quidquam
705 1669 944 1721 exigentibus,
969 1679 1086 1708 tamen
1105 1670 1151 1708 ad
1169 1685 1276 1710 evan-

320 1733 439 1783 gelicae
472 1731 706 1784 philosophia„²
737 1731 921 1784 fastigium
951 1732 1124 1783 pervenit.
1161 1735 1207 1771 At
1235 1743 1274 1771 tu

320 1795 520 1844 frequenter
533 1793 657 1842 iratus,
672 1792 886 1845 injuriarum
902 1792 1109 1831 memoriam
1122 1793 1249 1833 retines
1265 1810 1272 1831 ε

321 1856 379 1893 hic
398 1870 482 1894 vero
502 1869 584 1893 cum
606 1854 651 1892 de
673 1854 804 1892 futuris
826 1863 1010 1904 metueret,
1032 1864 1127 1893 certo
1147 1855 1272 1906 sciens,

321 1917 349 1954 si
376 1917 517 1955 hostem
537 1925 706 1965 servaret,
729 1930 764 1954 se
792 1925 825 1954 et
852 1915 996 1955 civitate
1014 1916 1274 1968 exsulaturum,

322 1987 353 2016 et
380 1978 492 2016 vitam
511 1977 751 2016 calamitosam
776 1986 958 2027 acturum,
982 1991 1050 2015 non
1069 1976 1206 2016 destitit
1224 1988 1276 2017 ta-

320 2054 399 2077 men
422 2040 521 2077 illius
539 2039 670 2077 habere
690 2053 825 2088 curam,
846 2039 908 2077 sed
927 2039 1045 2077 omnia
1063 2038 1159 2090 feeit,
1180 2040 1276 2079 hunc

320 2103 426 2139 talem
443 2111 566 2140 contra
589 2116 624 2139 se
639 2101 779 2140 hostem
797 2102 933 2140 fovens.
954 2102 1046 2148 Quis
1063 2116 1276 2140 commemo-

321 2178 398 2202 rare
417 2164 532 2202 valcat
550 2163 776 2201 tolerantiam
795 2163 862 2201 hac
883 2164 1082 2216 majorem?
1102 2165 1212 2203 Porro
1238 2174 1277 2202 ut

322 2238 389 2261 non
412 2233 552 2261 tantum
571 2238 615 2261 ex
634 2223 836 2275 praeteritis,
856 2237 982 2263 verum
1001 2239 1046 2263 ex
1060 2225 1116 2262 his
1135 2239 1277 2277 quoque

321 2299 398 2336 qnae
418 2299 512 2322 nunc
531 2284 622 2321 fiunt
641 2284 757 2321 discas
776 2283 852 2321 fieri
869 2298 986 2336 posse,
1014 2294 1053 2323 ut
1077 2300 1159 2324 cum
1189 2300 1275 2337 quc-

321 2348 375 2384 vis
392 2346 535 2384 homine
550 2346 712 2383 animum
725 2345 759 2383 in
777 2354 810 2383 te
824 2345 990 2383 hostilem
1003 2357 1144 2397 gerente
1157 2348 1276 2386 redeas

322 2409 356 2446 in
376 2408 547 2459 gratiam,
567 2406 655 2458 quid
674 2407 775 2444 leone
790 2406 944 2445 saevius?
965 2406 1012 2444 Et
1038 2416 1154 2446 tamen
1181 2409 1277 2447 hunc

322 2469 475 2506 eicurem
497 2476 796 2518 mansuetumque
817 2466 971 2505 reddunt
993 2467 1174 2518 homines,
1203 2480 1277 2509 arte

322 2539 484 2567 naturam
521 2537 726 2581 superantes
742 2543 749 2564 ε
766 2529 876 2579 fitque
906 2529 1033 2579 quavis
1063 2544 1129 2569 ove
1157 2532 1277 2570 mitior

320 2594 390 2630 sera
408 2592 567 2629 omnium
583 2590 842 2628 immanissima
859 2600 892 2629 et
908 2591 1175 2643 superbissima,
1188 2594 1276 2633 adeo

322 2663 358 2690 ut
375 2668 437 2705 per
451 2654 569 2690 sorum
587 2651 759 2701 ambulet,
775 2651 951 2689 neminem
966 2652 1140 2691 territans.
1157 2655 1275 2701 Quam

321 2716 431 2765 igitur
450 2713 608 2751 habituri
635 2726 757 2751 sumus
775 2712 1053 2763 excusationem,
1081 2729 1188 2765 quam
1207 2715 1273 2754 im-

323 2775 539 2827 petrabimus
554 2774 707 2823 veniam,
735 2773 862 2812 sicum
878 2775 967 2812 feras
987 2774 1116 2812 bestias
1142 2776 1276 2815 cicure-

323 2851 412 2884 mus,
422 2836 666 2886 negaverimus
676 2835 836 2873 homines
844 2849 1014 2885 umquam
1028 2850 1128 2888 posse
1143 2838 1275 2889 placari

322 2898 578 2947 benevolosque
602 2911 683 2949 erga
703 2910 765 2935 nos
784 2896 910 2934 reddi?
927 2897 1036 2948 Atqui
1058 2897 1178 2936 bestia?
1198 2901 1273 2951 qni-

321 2960 401 2997 ‹lem
414 2967 715 3011 p1·aetei·natui·am
730 2967 867 2996 estesse
887 2967 1118 3007 mansuetam,
1138 2960 1274 2999 homini

322 3035 404 3059 vero
426 3029 553 3073 praeter
572 3028 736 3057 naturam
755 3029 804 3057 est
822 3019 951 3057 feritas.
970 3019 1066 3071 Ergo
1082 3035 1163 3059 cum
1180 3021 1214 3059 in
1234 3023 1277 3060 il-

322 3083 364 3119 lis
385 3092 546 3119 naturam
571 3081 769 3131 vincamus,
790 3096 858 3132 qua
876 3081 990 3119 fronte
1010 3096 1072 3120 nos
1089 3085 1276 3122 excusabi-

322 3159 418 3192 mus,
439 3144 468 3181 si
494 3143 527 3180 in
552 3142 695 3180 homine
716 3156 901 3180 causemur
920 3143 1030 3180 animi
1054 3145 1274 3196 propositum

322 3225 388 3247 non
422 3224 523 3260 posse
552 3209 715 3260 corrigi?
737 3208 843 3253 Quod
870 3209 898 3246 si
925 3208 1044 3247 adhuc
1072 3211 1274 3261 contendis,

322 3276 411 3313 illud
425 3276 593 3324 dixerim,
610 3275 773 3326 quamvis
788 3275 977 3313 insanabili
992 3276 1115 3314 morbo
1132 3286 1275 3329 aegrotet

1347 1372 1464 1423 νόμοις
1484 1372 1543 1410 καὶ
1570 1371 1664 1411 οὖῗὲν
1687 1375 1872 1412 ἀπαιτουσι
1894 1377 2058 1421 τοιοῦτον,
2077 1388 2162 1425 προς
2183 1371 2288 1418 αὐτὴν
2306 1370 2370 1418 τὴν

1347 1433 1498 1487 κορυφὴν
1519 1437 1581 1480 τῆς
1603 1436 1637 1472 ἐν
1660 1437 1703 1483 τῇ
1722 1435 1842 1488 χάριτι
1862 1434 1986 1487 ἔφθασε
2006 1434 2217 1487 φιλοσοφίας.
2238 1433 2309 1472 Καὶ
2328 1431 2370 1470 σὺ

1349 1494 1411 1546 μὲν
1445 1494 1614 1539 πολλάκις
1645 1495 1731 1547 ὑπὲρ
1762 1498 1831 1533 τῶν
1875 1495 2117 1548 παρελθόντων
2153 1493 2373 1547 ὀργιζόμενος

1350 1562 1593 1606 μνησικακεῖς·
1611 1551 1707 1599 οὗτος
1724 1556 1759 1595 δὲ
1779 1557 1838 1595 καὶ
1852 1557 1938 1609 ὑπὲρ
1958 1559 2027 1594 τῶν
2048 1555 2243 1607 μελλόντων
2265 1555 2372 1593 δεδοι-

1347 1617 1437 1665 κὼς,
1457 1618 1516 1656 καὶ
1537 1617 1634 1661 εἰδὼς
1658 1619 1811 1670 ἀκριὸῶς
1825 1648 1835 1666 ,
1858 1618 1912 1657 ὅτι
1933 1618 2094 1666 ἀοίκητος
2121 1619 2214 1670 αὐτῷ
2235 1616 2333 1655 ἔσται
2350 1619 2372 1663 ἡ

1348 1679 1467 1728 πόλις,
1481 1679 1538 1717 καὶ
1557 1678 1703 1723 ἀὸίωτος
1719 1683 1736 1718 ὃ
1752 1679 1823 1731 βίος
1839 1679 1991 1718 σώσαντι
2004 1680 2061 1719 τὸν
2074 1679 2209 1732 ἐχθρὸν,
2224 1679 2287 1716 οὐκ
2298 1676 2375 1730 ἀφί-

1348 1756 1455 1779 στατο
1475 1744 1538 1788 τῆς
1557 1740 1687 1779 ἐκείνου
1714 1741 1940 1792 κηδεμονίας,
1961 1740 2050 1779 ἀλλὰ
2078 1740 2180 1779 πάντ’
2200 1740 2349 1794 ἔπραττε
2364 1770 2373 1787 ,

1348 1805 1425 1841 καθ’
1446 1805 1567 1841 ἑαυτοῦ
1585 1802 1643 1841 τὸν
1662 1802 1827 1854 πολέμιον
1846 1803 1991 1854 τρέφων.
2018 1801 2082 1845 Τίς
2105 1801 2145 1840 ἂν
2166 1800 2269 1855 σχοίη
2289 1800 2373 1839 ταύ-

1355 1880 1417 1912 της
1446 1863 1583 1915 μείζονα
1604 1864 1822 1909 ἀνεξικακίαν
1843 1866 1969 1910 εἰπεῖν,
1989 1863 2067 1902 Ἵνα
2094 1861 2130 1902 δὲ
2156 1863 2216 1901 καὶ
2243 1864 2282 1901 ἐκ
2305 1866 2374 1902 τῶν

1350 1929 1408 1964 νἰΐν
1439 1926 1628 1978 γινομένων
1661 1926 1795 1978 μάθῃς,
1831 1925 1884 1965 ὅτι
1920 1926 2075 1973 δυνατὸν,
2112 1925 2151 1964 ἂν
2188 1925 2373 1977 ἐθέλωμεν,

1349 1988 1464 2026 πάντα
1489 1988 1670 2041 ἄνθρωπον
1703 1988 1788 2040 πρὸς
1806 1992 1899 2039 ἡμᾶς
1919 1989 2079 2040 ἀπεχθῶς
2101 1987 2226 2041 ἔχοντα
2245 1989 2374 2026 καταλ-

1306 2067 1326 2096 [;
1349 2049 1468 2098 λάξαι,
1497 2050 1531 2088 τί
1563 2050 1698 2094 λέοντος
1734 2049 1942 2103 ἀγριώτερον
1959 2066 1967 2091 ;
2006 2050 2096 2088 Ἀλλ’
2132 2049 2226 2101 ὅμως
2255 2054 2374 2089 τοῦτον

1349 2115 1536 2163 ἡμεροῧσιν
1574 2111 1772 2165 ἅνθρωποι,
1806 2111 1866 2150 καί
1899 2116 1920 2159 ἡ
1954 2111 2059 2164 τέχνη
2085 2110 2148 2158 τὴν
2174 2111 2276 2163 φύσιν
2294 2112 2373 2163 βιά-

1351 2175 1464 2219 ζεται,
1492 2173 1552 2211 καὶ
1576 2172 1707 2224 γίνεται
1738 2172 1914 2223 προὸάτου
1943 2173 2069 2216 παντὸς
2088 2173 2339 2225 ἐπιεικέστερος
2356 2177 2374 2211 ὃ

1350 2234 1490 2272 πάντων
1519 2235 1647 2287 Θηρίων
1673 2234 1882 2288 ἀγριώτερος
1907 2235 1966 2272 καὶ
1991 2234 2260 2287 βασιλικώτερος
2275 2264 2284 2281 ,
2315 2235 2374 2273 καὶ

1352 2296 1408 2333 διὰ
1423 2300 1484 2343 τῆς
1507 2299 1633 2348 ἀγορᾶς
1655 2297 1785 2348 βαδίζει
1805 2297 1936 2347 μηδένα
1956 2296 2202 2347 δεδιττόμενος.
2223 2297 2302 2335 Τίν’
2317 2291 2374 2335 οῧν

1351 2357 1467 2407 ἕξομεν
1489 2358 1689 2409 ἀπολογίαν,
1720 2357 1796 2396 τίνα
1817 2358 2040 2410 συγγνώμην,
2064 2358 2167 2410 θηρία
2197 2358 2258 2409 μὲν
2282 2361 2372 2408 ἡμε-

1353 2423 1508 2469 ροῧντες,
1537 2418 1736 2495 ἀνθρώπους
1755 2419 1790 2456 δὲ
1817 2419 1974 2470 λέγοντες
2007 2419 2055 2470 μὴ
2077 2419 2242 2458 δύνασθαι
2261 2436 2373 2457 κατα-

1349 2479 1512 2531 πραυνειν
1531 2479 1639 2526 ποτε,
1667 2479 1754 2530 μηοὲ
1783 2486 1893 2555 πριεῖν
1915 2496 2000 2532 προς
2019 2485 2113 2531 ημᾶς
2134 2481 2192 2532 37-
2177 2496 2226 2518 ιν
2245 2480 2375 2529 ἡδέι)ς;

1350 2541 1474 2579 Ιιαίτοι
1497 2557 1535 2591 γε
1562 2558 1611 2578 τι)
1642 2541 1750 2618 θηρίι)
1779 2540 1821 2591 μὲ
1809 2541 1985 2594 ,νπαρὰ
1972 2557 2070 2580 φυσιν
2090 2542 2130 2580 τὸ
2150 2541 2304 2594 ημερον·
2324 2545 2373 2579 τῶ

1350 2601 1520 2654 ἀνθρώπω
1547 2602 1582 2641 δὲ
1610 2604 1706 2654 παρα
1732 2619 1831 2655 φυσιν
1864 2619 1903 2642 το
1919 2603 2065 2678 Wo't'wiov
2084 2602 2198 2641 “Ototv
2225 2607 2282 2641 οὐν
2311 2607 2373 2650 τῆς

1302 2677 1325 2706 C
1349 2662 1482 2715 φύσεως
1508 2663 1788 2715 περιγινόμεθα,
1815 2664 1878 2701 τίν’
1907 2664 2024 2715 ε’ξομεν
2055 2665 2256 2716 ἀπολογίαν,
2281 2681 2370 2718 προ-

1350 2724 1478 2776 αίρεσιν
1497 2724 1654 2776 λέγοντες
1676 2724 1723 2775 μὴ
1744 2725 1910 2764 δύνασθαι
1926 2726 2103 2779 διορθοῧν;
2123 2728 2167 2764 Εἰ
2183 2727 2212 2764 δ’
2237 2726 2287 2765 ἔτι
2313 2743 2372 2780 φι-

1347 2787 1530 2829 λονεικεῖς,
1551 2787 1652 2823 ἐκεῖν’
1684 2786 1724 2823 ἂν
1755 2785 1909 2836 εἴποιμι,
1938 2786 1991 2824 ὅτι
2020 2787 2083 2825 κᾶν
2108 2788 2233 2826 ἀνίατα
2265 2792 2372 2841 νοσῇ,

1346 2847 1423 2890 ὅσος
1443 2863 1495 2885 σοι
1525 2846 1649 2897 μείζων
1674 2851 1691 2885 ὃ
1722 2847 1840 2893 πόνος,
1866 2848 2025 2893 τοσοῦτός
2053 2864 2106 2888 σοι
2134 2849 2193 2887 καὶ
2213 2853 2230 2888 ὁ
2253 2849 2373 2901 μισθὸς

1346 2908 1602 2962 παραμένοντι,
1629 2909 1688 2947 καὶ
1714 2910 1935 2961 θεραπεύοντι
1957 2911 2014 2949 τὸν
2043 2915 2209 2949 νοσοῦντα
2233 2912 2370 2952 ἀνίατα.

1346 2970 1412 3009 Ἳῧν
1431 2970 1543 3008 τοίνυν
1564 2974 1750 3022 σκοπῶμεν
1775 2971 1890 3022 μόνον,
1912 2973 1977 3025 οὐχ
2005 2972 2097 3016 ὅπως
2125 2973 2232 3024 μηδὲν
2247 2974 2368 3012 πάθω-

1351 3049 1412 3083 μεν
1432 3032 1527 3084 παρὰ
1547 3035 1616 3070 τῶν
1636 3034 1769 3086 ἐχθρῶν
1799 3034 1919 3082 κακὸν,
1941 3036 2016 3073 ἀλλ’
2048 3034 2140 3078 ὅπως
2169 3035 2276 3085 μηδὲν
2306 3037 2370 3073 αὐ-

1347 3092 1424 3137 τοὺς
1449 3097 1551 3144 ’ἡμεῖς
1579 3093 1808 3146 ἐργασώμεθα
1832 3095 1958 3133 κακόν·
1985 3096 2042 3133 καὶ
2067 3096 2160 3135 οὐδὲν
2182 3095 2371 3146 πεισόμεθα

1348 3155 1470 3199 δεινὸν,
1492 3155 1554 3192 κᾶν
1577 3156 1683 3209 μυρία
1712 3156 1907 3209 πάσχωμεν
1924 3157 2037 3195 δεινά·
2058 3160 2236 3210 ὡσπεροῧν
2255 3159 2326 3196 οὐδ’
2353 3161 2371 3196 ὁ

1348 3216 1455 3254 Δαυὶδ
1474 3217 1719 3267 ἐλαυνόμενος,
1743 3219 2033 3270 φυγαδευόμενος,
2051 3219 2155 3271 μέχρι
2177 3221 2238 3264 τῆς
2257 3222 2369 3271 ψυχῆς

1349 3279 1454 3324 αὐτῆς
1470 3278 1793 3329 ἐπιῧουλευόμενος,
1817 3280 1922 3318 ἔπαθέ
1946 3296 1979 3317 τι
2002 3280 2121 3325 δεινὸν,
2144 3280 2220 3317 ἀλλ’
2239 3280 2369 3319 ἐκείνου

367 3386 380 3407 1,
408 3383 467 3415 llic
487 3391 518 3415 et
532 3382 616 3415 infra
633 3381 782 3426 quaedam
802 3382 938 3414 deerant
954 3384 986 3415 in
1005 3382 1124 3425 lidius,
1140 3396 1210 3427 quw
1228 3396 1264 3417 cx
1285 3385 1384 3428 Regio
1402 3384 1516 3418 codice
1534 3397 1607 3428 supl
1621 3384 1727 3418 lentur
1746 3413 1751 3419 .
1769 3394 1799 3417 et
1818 3386 1902 3418 lecta
1929 3386 2058 3419 fucrant
2082 3385 2123 3418 al)
2142 3389 2324 3430 Inter-prete

2491 2421 2497 2428 .
2492 2383 2494 2388 -
2487 2067 2497 2356 —v--oss----‹
2491 2031 2493 2037 -
