2516 3791
253 138 342 198 752
669 154 707 184 s.
744 152 932 185 somn-'is
966 151 1209 183 CHRYSOST.

51 249 123 284 sap.
150 244 234 286 9³4·
251 246 389 275 moveat
415 252 423 272 :
460 237 720 288 Cogitationes
749 239 851 274 enim
883 234 1107 272 mortalium
1145 237 1194 270 ti-

251 299 379 345 midae,
413 307 449 336 et
477 301 631 336 incer-tce
665 299 959 336 adinventiones
985 308 1128 332 eorum.
1145 295 1198 332 Ne

250 359 360 409 igitur
380 358 417 396 id
428 358 526 409 quod
539 359 684 395 firmum
703 366 753 395 est
766 357 918 404 deseras,
934 364 973 393 ut
988 354 1113 393 animae
1130 363 1199 392 tuae

251 420 400 457 salutem
420 419 572 456 infirmis
589 427 621 455 et
634 417 822 455 fallacibus
835 415 1030 454 ratiociniis
1041 415 1200 454 commit-

253 490 306 518 tas
324 497 331 517 ε
353 480 414 517 sed
431 493 532 516 mane
551 479 586 515 in
606 478 649 515 iis
678 492 755 528 quae
778 476 952 527 didicisti,
975 485 1008 515 et
1037 491 1115 528 quae
1135 476 1199 514 tibi

48 558 235 590 muniemus,
251 541 451 580 concredita
465 549 559 588 sunt,
573 548 606 576 et
618 538 678 576 dic
697 554 703 574 :
723 541 772 576 In
785 539 1080 591 principiofecit
1093 539 1200 576 Deus

47 599 222 667 ζῖξῖᾝζζωε
251 604 386 641 coelum
406 610 443 638 et
458 609 612 638 terram.
629 599 667 637 Si
699 599 919 637 Manichaeus
947 599 1147 649 accesserit,
1171 598 1199 637 si
1229 612 1249 640 Β

46 681 142 708 nem„
158 691 238 708 crea
252 663 425 711 Maicion,
447 661 476 698 si
494 663 528 700 V
533 659 678 698 alentini
698 660 822 698 moibo
839 660 1053 710 laborantes,
1075 660 1104 697 si
1120 660 1200 711 qui-

47 728 92 748 ¹⁰¹
96 732 141 749 ⁰¹²¹
177 732 236 749 ⁰⁵⁵⁹
250 740 271 764 x
277 725 304 762 is
317 724 423 773 alius,
436 723 504 760 hoe
517 721 654 759 dictum
669 721 804 773 objice,
820 725 849 759 si
863 720 1037 759 iidentem
1048 721 1197 771 videris,

47 773 99 789 m
86 764 163 800 gaba
159 770 200 793 ¹²
248 795 286 823 tu
301 798 379 823 eum
395 793 434 821 ut
445 784 621 821 furentem
638 782 796 835 deplma.
807 783 974 820 Buxeum
991 782 1046 820 illi
1070 782 1200 820 habent

248 847 414 896 colorem,
427 844 622 883 demissum
641 843 887 895 supercilium,
908 843 1101 882 verborum
1125 857 1200 881 mo-

247 907 397 946 destiam
410 906 622 958 praeferunt:
637 914 674 942 tu
702 905 785 955 fuge
806 904 991 942 illecebras
998 913 1053 953 ,et
1071 904 1199 957 lupum

247 968 313 1006 sub
328 968 405 1006 ovis
429 966 522 1019 pelle
543 965 724 1004 occultum
757 964 992 1017 deprehende.
1010 966 1200 1017 Propterea

246 1029 351 1067 illum
372 1028 528 1066 maxime
558 1026 640 1065 odio
662 1026 814 1074 habeas,
834 1025 918 1076 quia
944 1025 1033 1063 dum
1062 1040 1145 1078 erga
1168 1035 1201 1064 te

247 1104 457 1128 conservum
478 1089 575 1127 mitis
594 1097 628 1126 et
647 1096 851 1126 mansuetus
869 1101 943 1125 esse
961 1087 1120 1137 videtur,
1137 1088 1199 1126 ad-

247 1167 370 1192 versus
390 1165 613 1190 communem
631 1159 793 1188 nostrum
821 1149 983 1187 omnium
1001 1149 1199 1188 Dominum

247 1227 332 1252 cane
360 1212 486 1251 rabido
507 1211 656 1250 ferocior
679 1219 742 1259 est,
762 1210 988 1262 implacabile
1006 1211 1142 1249 bellum
1166 1221 1200 1249 et

247 1275 412 1328 praelium
449 1287 572 1326 gerens
603 1281 725 1311 contra
758 1272 899 1322 caelum,
929 1281 962 1310 et
992 1281 1199 1324 potestatem
1225 1283 1248 1311 C

247 1335 441 1387 quamdam
460 1337 535 1373 Deo
553 1346 747 1386 opponenS.
762 1333 860 1384 Fuge
872 1332 971 1371 virus
991 1332 1200 1384 iniquitatis,

248 1397 446 1450 perniciosa
460 1396 652 1448 pharmaca
681 1393 764 1431 odio
784 1392 897 1430 babe:
920 1401 954 1432 et
975 1407 1083 1445 quam
1103 1409 1123 1432 a
1139 1408 1201 1448 pa-

249 1459 365 1497 tribus
394 1457 560 1509 accepisti
581 1454 826 1503 hereditatem,
849 1468 976 1507 nempe
996 1454 1201 1494 divinarum

247 1520 519 1572 Scripturarum
537 1516 646 1554 fidem
659 1525 767 1566 atque
784 1514 997 1564 doctrinam,
1008 1515 1100 1554 hanc
1119 1530 1201 1554 cum

248 1580 363 1618 multa
381 1578 521 1616 cautela
545 1576 667 1615 retine.
691 1578 740 1613 In
768 1577 960 1628 principio
967 1577 1073 1629 fecit
1093 1578 1202 1615 Deus

249 1642 387 1679 coelum
402 1649 438 1678 et
452 1648 605 1677 terram.
621 1636 723 1685 Quid
740 1635 809 1674 hoc
827 1636 905 1674 est?
926 1636 1042 1689 primo
1061 1637 1201 1687 caelum,

250 1711 369 1754 postea
399 1699 554 1739 terram?
584 1699 700 1751 primo
729 1706 885 1745 tectum,
906 1707 1027 1750 postea
1057 1699 1202 1737 solum?

250 1766 328 1803 Non
347 1763 441 1802 enim
467 1770 603 1800 naturae
626 1758 824 1798 necessitati
849 1758 1018 1798 subditus
1039 1769 1106 1811 est,
1135 1774 1204 1799 non

252 1827 337 1864 artis
367 1824 502 1876 regulis
519 1821 638 1861 servit.
671 1821 815 1859 Etenim
834 1830 868 1860 et
896 1830 1031 1859 naturae
1051 1830 1084 1860 et
1102 1822 1203 1872 artis,

251 1897 284 1926 et
323 1901 443 1925 rerum
482 1884 645 1923 omnium
681 1882 850 1922 voluntas
887 1882 954 1921 Dei
991 1883 1113 1935 opifex
1149 1898 1206 1921 ar-

251 1949 409 1999 tifexque
433 1956 496 1985 est.
522 1947 642 1983 Terra
672 1951 804 1982 autem
830 1952 915 1982 erat
945 1944 1152 1982 invisibilis
1171 1953 1207 1982 et

253 2012 517 2061 incomposita.
536 2008 609 2045 Cur
637 2005 765 2044 caelum
794 2006 991 2058 perfectum
1018 2005 1206 2058 produxit,
1234 2007 1258 2036 D

254 2081 383 2108 terram
403 2079 519 2108 autem
529 2066 703 2120 paulatim
719 2065 933 2104 fabricatum
949 2081 1031 2105 eum
1043 2081 1116 2105 esse
1129 2081 1209 2106 nar-

255 2130 482 2182 ratMoyses?
492 2131 541 2167 Ut
550 2137 737 2180 postquam
753 2127 789 2165 in
802 2126 1040 2178 praestantiori
1059 2127 1210 2165 elemen-

255 2203 290 2231 to
307 2193 383 2244 ejus
403 2191 573 2229 virtutem
603 2187 795 2237 didiceras,
818 2186 947 2225 certior
974 2187 1077 2226 fieres
1105 2188 1210 2226 illum

258 2252 406 2305 perinde
421 2250 576 2303 potuisse
594 2258 724 2286 terram
738 2248 930 2299 perfectam
945 2247 1155 2300 producere,
1175 2258 1212 2286 ut

257 2315 384 2352 caelum
402 2309 624 2351 fecerat.Sed
637 2317 781 2362 propter
797 2316 830 2346 te
845 2317 879 2346 et
899 2318 1042 2361 propter
1062 2309 1210 2350 salutem

257 2385 354 2414 tuam
377 2388 446 2412 non
475 2373 526 2411 sic
539 2372 633 2410 fecit.
653 2368 857 2419 Quomodo,
883 2369 1020 2420 inquies
1037 2400 1046 2419 ,
1067 2381 1211 2424 propter

258 2451 313 2474 me
333 2445 365 2473 et
385 2443 528 2487 propter
545 2446 659 2470 meam
673 2430 848 2469 salutem?
863 2431 1070 2470 Communis
1090 2445 1208 2471 mens-a

258 2507 291 2535 ct
308 2496 422 2549 patria
443 2505 476 2533 et
508 2494 632 2532 nutrix
651 2501 684 2531 ct
702 2501 815 2530 mater
833 2491 993 2529 omnium
1013 2501 1063 2530 est
1092 2502 1182 2531 terra
1200 2525 1209 2542 ,
1238 2499 1260 2527 E

260 2559 345 2596 urbs
372 2567 406 2595 et
434 2556 637 2609 sepulerum
665 2567 862 2592 commune.
894 2552 1036 2591 Etenim
1065 2568 1209 2607 corpora

259 2630 376 2658 nostra
396 2633 441 2656 cx
457 2618 549 2670 ipsa,
565 2615 716 2666 indeque
729 2613 937 2666 corporibus
956 2615 1085 2652 nostris
1102 2616 1207 2653 sumi-

259 2690 318 2718 tur
337 2680 564 2726 alimentum,
586 2677 620 2714 in
642 2677 718 2728 ipsa
737 2675 942 2713 habitamus
960 2683 994 2713 et
1011 2689 1208 2723 versamur,

260 2750 292 2778 et
330 2750 408 2792 post
433 2749 580 2777 mortem
602 2738 733 2776 iterum
762 2736 799 2774 in
836 2736 949 2788 ipsam
982 2737 1207 2777 revertimur.

261 2804 312 2840 Ne
328 2802 448 2851 itaque
463 2815 505 2838 ex
524 2798 726 2837 necessariis
742 2798 864 2835 usibus
881 2797 993 2849 ipsam
1013 2798 1093 2850 plus
1107 2813 1214 2850 quam

263 2876 326 2914 par
363 2871 436 2898 erat
482 2859 674 2907 mirareris,
712 2872 799 2897 neve
824 2857 1080 2896 beneficiorum
1113 2860 1213 2912 copia

262 2932 297 2960 te
338 2922 372 2959 in
412 2921 626 2973 impietatem
672 2929 768 2972 perti
770 2919 888 2957 ἰΙιοι-οῑ
921 2933 963 2957 ac
1006 2920 1211 2972 supplanta-
1227 2954 1276 2979 550

265 2993 315 3021 ret
331 2983 482 3034 ,ipsam
516 2982 580 3019 tibi
614 2981 711 3033 piins
742 2980 927 3018 informem
960 2989 992 3017 et
1031 2980 1210 3034 incompo-
1237 2993 1261 3021 Α

267 3087 457 3133 incipiebat,
476 3095 557 3120 teste
572 3086 769 3130 Epiphanio,
785 3098 818 3128 p.
834 3087 919 3119 630:
936 3090 969 3124 ἦν
982 3095 1023 3120 Θε
1026 3102 1053 3125 o,-
1067 3091 1115 3120 καὶ
1132 3090 1198 3127 ihr,
1217 3113 1230 3131 r
1237 3097 1271 3126 ὡς

267 3150 316 3178 καὶ
331 3150 448 3181 norw,
467 3148 537 3172 etat
549 3139 641 3171 Dim
668 3146 697 3171 et
708 3140 864 3178 materia,
880 3138 940 3169 lux
966 3145 997 3169 εἰ
1019 3139 1170 3171 tenebrae.
1187 3140 1226 3170 51
1230 3151 1272 3170 ir-

268 3199 341 3229 cion
357 3194 423 3227 duo
437 3193 595 3235 principia
612 3190 830 3229 admittebat,
860 3189 983 3222 bonum
1001 3198 1034 3222 et
1052 3189 1188 3224 malum.
1211 3192 1271 3222 lio-

270 3259 346 3280 num
365 3248 468 3278 Deum
495 3242 574 3276 niliil
599 3244 630 3274 in
649 3241 772 3273 mundo
802 3240 960 3273 creavisse
977 3240 1130 3283 (licebat,
1148 3241 1267 3284 Empti.

271 3314 300 3341 p.
333 3302 406 3332 3021.
436 3295 654 3328 Valentiniani
692 3293 854 3325 AEonilius
882 3294 993 3325 onmia
1023 3292 1269 3328 adscribebant.

271 3350 370 3384 Paulo
388 3356 461 3393 post
480 3352 591 3388 πὺξννον
609 3352 720 3387 &yvon-a
739 3350 835 3379 ἐκεῖνοι
851 3351 883 3379 τὸ
900 3354 1011 3390 χρῶμα
1028 3357 1032 3375 2
1052 3345 1192 3378 baa-cum
1215 3345 1272 3376 lm—

1271 153 1474 183 ARCHIEP.
1514 156 1874 187 CONSTANTINOP-

1271 236 1319 285 τῷ
1351 238 1468 288 σαθρῷ
1500 238 1559 274 καὶ
1597 241 1780 290 ἐπισφαλεῖ
1811 239 1873 287 τὴν
1903 240 2078 293 σωτηρίαν
2104 240 2301 294 ἐγχειρίσῃς

1271 297 1333 340 τῆς
1353 299 1416 342 σῆς
1430 298 1565 348 ψυχῆς·
1587 299 1677 337 ἀλλὰ
1697 300 1778 350 μένε
1803 303 1837 338 ἐν
1856 294 1906 343 οἷς
1927 300 2052 351 ἔμαθες
2075 301 2135 338 καὶ
2151 300 2300 339 ἐπιστώ-

1272 359 1349 403 θης,
1370 356 1428 395 καὶ
1447 358 1527 410 λέγε
1542 374 1549 382 ·
1570 359 1631 397 Ἐν
1649 363 1741 413 ἀρχῇ
1762 361 1922 406 ἐποίησεν
1939 365 1956 400 ὃ
1971 362 2060 404 Θεὸς
2074 361 2132 399 τὸν
2153 362 2298 414 οὐρανὸν

1273 417 1331 455 καὶ
1341 417 1403 464 τὴν
1420 420 1500 469 γῆν.
1520 418 1594 457 Κᾶν
1614 422 1812 473 Μανιχαῖος
1829 421 2003 473 προσέλθῃ
2016 451 2025 468 ,
2039 422 2103 459 κᾶν
2118 421 2300 473 Μαρκίων,

1273 477 1335 515 κᾶν
1351 479 1382 516 οἱ
1401 478 1444 516 τὰ
1461 480 1693 519 Οὐαλεντίνου
1707 487 1899 527 νοσοῦντες,
1914 482 1978 520 κᾶν
1995 486 2154 522 ὁστισοῦν
2169 482 2298 534 ἕτερος,

1273 544 1372 578 τοῦτο
1391 540 1550 592 προξάλ)
1553 557 1590 579 ου
1626 542 1665 580 τὸ
1699 545 1731 594 ῥυ
1724 558 1816 593 ,υα-
1846 542 1909 580 κᾶν
1944 542 2021 594 ἴδῃς
2050 559 2088 594 γε
2075 545 2226 588 ιλωντα,
2260 559 2300 581 συ

1274 601 1442 653 δάκρυσον
1460 602 1562 640 αὐτὸν
1582 605 1628 646 ὡς
1649 602 1868 677 μαινόμενον.
1888 602 2076 646 Πύξινον”
2058 619 2195 656 εχουσιν
2214 605 2302 641 εκεῖ-

1272 676 1324 699 νοι
1359 662 1398 699 τὸ
1433 678 1582 714 χρωυα,
1607 663 1665 701 καὶ
1697 662 1951 722 κατεσταλμέν
1941 679 1983 710 ην
2003 663 2068 711 τὴν
2094 663 2222 716 ὀφρὺν,
2241 664 2301 702 καὶ

1274 722 1472 773 ῥημάτων
1459 724 1666 762 επιείκειαν·
1686 723 1800 763 ἀλλὰ
1792 724 1878 777 φύγε
1896 724 1936 761 τὸ
1957 724 2100 778 δέλεαρ,
2114 741 2174 762 και
2191 724 2248 762 τὸν
2265 725 2301 762 ἐν

1273 786 1315 835 τῇ
1337 785 1420 837 δορᾷ
1435 788 1495 822 τοῦ
1514 785 1691 837 προὲάτου
1710 786 1949 837 κρυπτόμενον
1974 785 2219 836 καταμάνθανε
2234 784 2298 823 λύ-

1273 861 1344 883 κον.
1366 845 1435 884 Διὰ
1453 849 1556 884 τοῦτο
1582 846 1682 884 αὐτὸν
1704 847 1860 896 μάλιστα
1881 846 2044 897 μίσησον,
2061 847 2113 884 ὅτι
2133 862 2218 898 προς
2237 845 2300 896 μὲν

1272 922 1329 944 τον
1359 906 1547 957 ὁμόδουλόν
1583 922 1622 944 σε
1656 907 1835 958 προσηνὴς
1855 923 1913 946 και
1934 907 2065 959 ἥμερος
2084 911 2172 945 εἰναι
2188 908 2298 953 δοκεῖ,

1272 983 1358 1019 προς
1385 967 1420 1006 δὲ
1444 967 1502 1005 τὸν
1522 968 1640 1006 κοινὸν
1664 970 1766 1019 ἡμῶν
1791 969 1954 1006 ἁπάντων
1984 968 2168 1014 Δεσπότην
2187 971 2297 1005 κυνῶν

1270 1028 1474 1067 λυττώντων
1494 1029 1585 1067 ἐστὶν
1607 1029 1833 1081 ἀγριώτερος,
1856 1030 2051 1082 ἀκήρυκτον
2073 1032 2119 1073 εἷς
2153 1029 2211 1068 τὸν
2236 1031 2297 1068 οὖ-

1273 1091 1373 1141 ρανὸν
1389 1089 1508 1142 μάχην
1523 1089 1670 1142 εἰσάγων
1692 1090 1751 1129 καὶ
1776 1091 1928 1141 πόλεμον
1949 1091 2134 1136 ἄσπονδον,
2149 1089 2208 1128 καὶ
2234 1089 2299 1128 δύ-

1271 1151 1374 1202 ναμίν
1393 1167 1471 1189 τινα
1495 1151 1530 1196 ἐξ
1563 1151 1721 1195 ἐναντίας
1746 1153 1998 1190 ἀντικαθιστῶν
2017 1154 2068 1202 τῷ
2086 1153 2181 1205 Θεῷ.
2197 1151 2299 1203 Φύγε-

1270 1213 1328 1250 τὸν
1349 1212 1399 1250 ἰὸν
1432 1215 1495 1259 τῆς
1527 1212 1715 1264 πονηρίας,
1738 1213 1887 1264 μίσησον
1920 1212 1965 1250 τὰ
1994 1212 2192 1265 δηλητήρια
2206 1212 2299 1265 φάρ-

1273 1288 1385 1323 μακα·
1405 1272 1465 1311 καὶ
1480 1273 1522 1320 ἣν
1541 1273 1638 1326 παρὰ
1655 1276 1724 1312 τῶν
1743 1273 1902 1327 πατέρων
1923 1272 2027 1317 ἐδέξω
2051 1272 2298 1327 κληρονομίαν,

1271 1334 1334 1381 τὴν
1355 1335 1423 1373 ἀπὸ
1441 1338 1511 1372 τῶν
1538 1334 1637 1373 θείων
1658 1336 1807 1388 Γραφῶν
1829 1334 1946 1373 πίστιν
1966 1334 2026 1372 καὶ
2056 1333 2299 1380 διδασκαλίαν,

1273 1393 1402 1441 ταύτην
1422 1394 1576 1447 κάτεχε
1570 1395 1658 1434 μετὰ
1673 1396 1787 1434 πολλῒ
1770 1411 1842 1442 qq
1825 1398 1888 1441 τῆς
1907 1394 2110 1448 ἀσφαλείας.
2128 1395 2226 1433 Ἐν
2207 1398 2299 1448 ἀρχῇ-

1273 1455 1435 1503 ἕποίησεν
1455 1458 1473 1494 ὁ
1489 1457 1577 1501 Θεὸς
1595 1457 1653 1495 τὸν
1674 1457 1817 1509 οὖρανον
1836 1455 1896 1494 καὶ
1919 1456 1984 1504 τὴν
2008 1459 2086 1507 γῆν.
2106 1455 2153 1493 Τί
2172 1471 2298 1494 τουτο
2290 1485 2298 1499 ,

1273 1519 1411 1569 πρῶτον
1424 1517 1482 1556 τὸν
1502 1517 1658 1569 οὐρανὸν,
1676 1521 1751 1554 εἶτα
1767 1517 1830 1564 τὴν
1857 1519 1941 1568 γῆν;
1961 1519 2098 1569 πρῶτον
2117 1532 2175 1554 τον
2196 1515 2302 1569 ι’ὅρο-

1273 1593 1351 1631 φον,
1371 1582 1445 1616 εἶτα
1465 1577 1506 1615 τὸ
1523 1578 1664 1630 ἔδαφος,
1685 1579 1737 1616 Οὐ
1761 1577 1828 1629 γὰρ
1850 1578 1984 1629 ἀνάγκη
2005 1576 2141 1629 φύσεως
2156 1576 2302 1614 ὑπόκει-

1274 1654 1351 1684 ται,
1372 1638 1449 1677 οὐδὲ
1464 1637 1651 1690 ἀκολουθίᾳ
1670 1637 1796 1689 τέχνης
1816 1637 1980 1676 δουλεύει.
1997 1637 2068 1676 Καὶ
2081 1637 2148 1690 γὰρ
2167 1636 2226 1674 καὶ
2241 1636 2305 1689 φύ-

1276 1715 1362 1743 σεως
1381 1699 1441 1738 καὶ
1455 1698 1582 1751 τέχνης
1608 1698 1666 1736 καὶ
1684 1701 1753 1736 τῶν
1772 1699 1878 1737 ὄντων
1899 1699 2062 1737 ἁπάντων
2087 1701 2109 1744 ἡ
2141 1697 2304 1749 βούλησις

1276 1765 1334 1799 τοῦ
1352 1762 1444 1800 Θεου
1463 1761 1671 1812 δημιουργὸς
1689 1775 1749 1798 και
1767 1759 1931 1813 τεχνίτης
1950 1759 2037 1798 ἐστί.
2072 1758 2119 1798 ‘H
2146 1758 2182 1796 δὲ
2200 1774 2245 1810 γη
2261 1753 2303 1806 ἦν

1277 1822 1424 1898 ἀόρατρς
1454 1821 1512 1859 καὶ
1545 1821 1815 1860 ἀκατασκεύαστ
1818 1837 1865 1865 ος.
1891 1820 1996 1864 Τίνος
2029 1819 2143 1858 ἕνεκεν
2162 1819 2221 1857 τὸν
2242 1818 2303 1871 μὲν

1278 1883 1419 1937 οὐρανὸν
1457 1881 1716 1935 ἀπαρτισθέντα
1740 1881 1949 1936 παρήγ,αγε
1977 1881 2039 1928 τὴν
2072 1880 2108 1919 δὲ
2127 1897 2193 1932 γην
2215 1881 2306 1919 κατὰ

1281 1945 1402 1996 μικρὸν
1421 1944 1621 1997 Οτεχνεύειν
1641 1944 1744 1982 αὐτόν
1762 1959 1866 1996 φησιν
1881 1946 1898 1981 ὃ
1913 1945 2090 1990 Μωϋσῆς,
2106 1941 2183 1981 Ἵνα
2201 1943 2237 1980 ἐν
2255 1944 2306 1994 τῷ

1281 2005 1430 2058 βελτίονι
1455 2005 1616 2058 στοιχείῳ
1631 2004 1749 2056 μαθὼν
1768 2007 1872 2043 αὐτοῦ
1893 2004 1955 2051 τὴν
1973 2003 2116 2055 δύναμιν
2133 2004 2308 2056 πληροφο-

1281 2069 1388 2119 ρηθῇς
1406 2066 1458 2105 ὅτι
1470 2065 1530 2105 καὶ
1545 2065 1678 2112 ταύτην
1690 2065 1842 2112 ἠδύνατο
1853 2095 1862 2113 ,
1875 2064 2032 2116 καθάπερ
2043 2067 2186 2113 ἐκεῖνον,
2197 2066 2308 2115 ἀπηρ-

1280 2127 1447 2179 τισμένην
1465 2132 1694 2180 παραγαγεῖν.
1716 2125 1819 2165 Ἀλλὰ
1839 2126 1895 2164 διὰ
1915 2125 1953 2164 σὲ
1972 2125 2032 2164 καὶ
2051 2124 2114 2172 τὴν
2132 2125 2308 2178 σωτηρίαν

1280 2189 1342 2236 τὴν
1363 2188 1427 2235 σὴν
1444 2190 1506 2226 οὐκ
1525 2188 1687 2235 ἐποίησεν
1703 2187 1808 2226 οὕτω.
1833 2189 1916 2230 Πῶς
1933 2188 1977 2224 δι’
1997 2186 2060 2237 ἐμὲ
2079 2186 2139 2224 καὶ
2156 2186 2219 2233 τὴν
2241 2201 2308 2224 σω-

1281 2249 1404 2302 τηρίαν
1428 2249 1490 2296 τὴν
1507 2248 1609 2299 ἐμὴν,
1626 2248 1642 2268 ‘²
1656 2249 1760 2301 φησί,
1782 2246 1890 2294 Κοινὴ
1917 2247 2071 2298 τράπεζα
2099 2247 2159 2286 καὶ
2184 2248 2310 2299 πατρὶς

1283 2311 1341 2349 καὶ
1359 2311 1482 2362 τροφὸς
1497 2309 1555 2348 καὶ
1572 2309 1690 2361 μήτηρ
1708 2309 1871 2347 ἁπάντων
1891 2308 1983 2346 ἐστὶν
2002 2311 2024 2355 ἡ
2044 2311 2088 2361 γῆ
2102 2338 2112 2355 ,
2131 2308 2191 2346 καὶ
2210 2308 2311 2352 πόλις

1282 2372 1340 2411 καὶ
1356 2372 1462 2423 τάφος
1481 2371 1604 2414 κοινός.
1623 2369 1693 2409 Καὶ
1706 2369 1772 2423 γὰρ
1800 2370 1843 2408 τὰ
1861 2369 2009 2420 σώματα
2025 2372 2125 2420 ἡμῶν
2137 2369 2172 2414 ἐξ
2186 2371 2311 2417 αὐτῆς,

1282 2434 1340 2472 καὶ
1354 2432 1464 2485 τροφὴ
1485 2437 1554 2475 τοῖς
1575 2430 1735 2481 σώμασιν
1754 2434 1854 2481 ἡμῶν
1875 2431 2021 2478 ἐκεῖθεν,
2042 2430 2100 2467 καὶ
2123 2429 2256 2477 οἴκησις
2275 2431 2310 2468 ἐν

1283 2497 1370 2546 αὐτῇ
1390 2494 1449 2531 καὶ
1470 2491 1623 2543 διαγωγὴ
1638 2521 1647 2537 ,
1665 2491 1724 2529 καὶ
1745 2491 1834 2542 μετὰ
1851 2490 1995 2529 Θάνατον
2013 2490 2098 2541 πρὸς
2117 2489 2224 2537 αὐτὴν
2245 2491 2313 2529 ποί-

1283 2559 1336 2594 λιν
1356 2555 1531 2597 ἐπάνοδος.
1557 2553 1622 2592 Ἵν’
1652 2548 1710 2591 οὖν
1739 2552 1786 2603 μὴ
1811 2552 1851 2590 τὸ
1882 2555 1945 2598 τῆς
1974 2551 2096 2604 χρείας
2125 2554 2311 2603 ἀναγκαῖον

1283 2614 1370 2667 ὑπὲρ
1402 2614 1465 2660 τὴν
1495 2614 1593 2658 ἀξίαν
1627 2630 1665 2652 σε
1695 2613 1882 2664 Θαυμάζειν
1903 2611 2012 2658 αὐτὴν
2037 2613 2313 2665 παρασκευάσῃ,

1284 2677 1343 2715 καὶ
1378 2677 1418 2714 τὸ
1448 2678 1516 2713 τῶν
1550 2676 1755 2728 εὐεργεσιῶν
1777 2676 1908 2721 πλῆθος
1932 2673 2017 2726 πρὸς
2044 2671 2207 2711 ἀσέὸειαν
2226 2675 2312 2712 ὑπο·

1285 2737 1428 2788 σκελίσῃ
1440 2766 1449 2783 ,
1468 2735 1618 2774 δείκνυσί
1638 2752 1712 2781 σοι,
1741 2735 1823 2787 πρὶν
1839 2735 1860 2781 ἢ
1875 2734 2056 2786 γενέσθαι,
2079 2733 2186 2780 αὐτὴν
2201 2734 2310 2786 ἀμόρ-

1285 2813 1399 2851 φωτον
1412 2797 1471 2835 καὶ
1493 2796 1752 2842 ἀδιατύπωτον,
1768 2795 1824 2833 ἵνα
1841 2795 1904 2842 τὴν
1924 2794 2102 2834 ἀσθένειαν
2126 2793 2219 2842 ἰδὼν,
2229 2799 2313 2833 oau-

1286 2859 1401 2910 μα’σῃς
1424 2858 1481 2895 τὸν
1510 2856 1759 2910 παραγαγόντα
1796 2856 1924 2903 αὐτὴν,
1950 2855 2010 2893 καὶ
2036 2860 2152 2892 πᾶσαν
2175 2855 2313 2893 ἐνθέντα

1287 2922 1362 2958 αὐτ
1351 2921 1448 2971 *iz->pa
1467 2917 1610 2967 δύναμιν
1626 2916 1775 2964 ταύτη·ν
1795 2916 1886 2954 ἵνα
1867 2916 2013 2967 οοξάσῃς
2022 2930 2078 2953 τον
2102 2913 2145 2952 τὰ
2160 2918 2314 2953 τοσαῦτα

1286 2996 1369 3032 προς
1388 2979 1562 3030 ἡμετέραν
1597 2977 1710 3016 ἄνεσιν
1732 2976 2026 3016 κατεσκευακότα,
2060 2974 2248 3019 Δοξάζεται
2277 2977 2315 3013 δὲ

1306 3083 1691 3124 I›01111·ll‹colorenz‚·hoc
1705 3090 1753 3115 est
1767 3081 1833 3116 ssav
1839 3080 2077 3124 uni‚pallid11m
2096 3078 2173 3112 buxi
2189 3080 2313 3111 instar:

1309 3137 1370 3169 hoc
1385 3135 1507 3169 dititur
1532 3134 1603 3167 de
1597 3136 1633 3167 iis
1654 3136 1709 3178 qui
1727 3134 1898 3173 simulate,
1917 3141 1950 3166 et
1967 3140 2004 3165 ut
2020 3132 2102 3165 alios
2127 3133 2313 3164 circumu-

1307 3190 1416 3227 niani
1439 3189 1696 3220 macerationem
1709 3194 1741 3218 et
1754 3185 1915 3228 pallidum
1930 3185 2056 3219 vultum
2073 3184 2246 3218 affectant

1351 3242 1366 3264 ¹·
1393 3242 1467 3272 Post
1485 3244 1590 3285 &popu
1604 3240 1682 3282 Reg.
1705 3245 1749 3272 vm·
1766 3237 1872 3270 addit.

1352 3302 1363 3315 n
1389 3292 1467 3334 Reg.
1496 3294 1680 3333 τεχνιτείιειν.

1352 3345 1366 3371 d
1394 3354 1498 3382 ψητεν·
1519 3350 1602 3378 {emas
1623 3342 1824 3383 :meroz-1303

2512 1205 2516 1209 .
2511 1145 2516 1179 ..ἢ
2509 1084 2516 1118 ο..
2508 1023 2516 1063 eq«
2508 974 2516 1008 n:
2509 913 2516 936 ιι-
2509 855 2513 862 -
