2566 3791
709 190 751 219 ΙΝ
791 190 892 219 etr.
933 188 994 218 tv.

120 285 158 320 οὐ
175 279 308 325 κολάζω
327 278 384 317 διὰ
402 277 442 316 τὸ
459 274 659 328 ἁμαρτηΟέν
672 290 679 298 ·
697 275 940 327 φιλάνθρωπος
959 273 1027 325 γάρ
1048 273 1138 320 εἶμι,

120 342 178 379 καὶ
192 342 244 379 Οὗ
263 338 432 391 βούλομαι
450 338 508 376 τὸν
527 336 673 375 θάνατον
692 340 751 374 τοῦ
780 335 991 387 ἇμαρτιι1λοῧ
1003 362 1013 379 ,
1030 336 1077 377 ὡς
1102 332 1143 371 τὸ

119 400 323 454 ἐπιστρέψαι
335 399 394 438 καὶ
409 401 471 450 ζῇν
486 397 598 436 αὐτόν.
609 397 713 435 Ἐπεὶ
726 391 782 435 οἶν
799 396 972 447 ἥμαρτες,
987 393 1145 445 ἹἸσύχα-

119 479 190 510 σον,
202 462 356 514 γαλήνην
369 458 514 512 ἔργασαί
528 474 589 496 σου
605 464 675 500 τοῖς
691 460 869 509 λογισμοῖς
879 486 889 503 ,
909 456 968 494 καὶ
985 454 1143 493 ἀπαλλά-

118 527 198 574 γηΟι
219 525 281 569 τῆς
299 525 367 559 τῶν
387 520 554 570 κυμάτων
571 519 801 571 σφοδρότητος
815 547 824 564 ,
839 521 908 556 τῶν
921 514 1143 567 πολιορκούν-

119 599 188 621 των
203 599 263 622 σου
276 582 338 628 τὴν
352 581 518 622 διάνοιαν.
532 579 756 618 κατάστειλον
774 578 837 625 τὴν
849 577 1023 630 ταραχὴν,
1034 575 1082 626 μὴ
1094 577 1144 627 τῷ

120 643 331 696 προλαὸόντι
342 641 572 694 ἁμαρτήματι
586 640 702 692 ἕτερον
717 638 962 692 χαλεπώτερον
979 639 1144 689 προσθῇς,

123 705 210 755 μηδὲ
229 703 398 755 βουλεύσῃ
414 702 521 754 μηδὲν
533 705 602 740 τῶν
613 701 826 748 ἀνηκέστων.
842 699 901 744 Μὴ
915 697 1144 750 αἰχμάλωτον

122 766 247 804 σαυτὸν
266 766 395 816 “ἐκδῷς
425 767 475 815 τῷ
504 765 644 814 πονηρῷ
673 761 819 810 δαίμονι.
841 759 1040 811 ἽΙμαρτες,
1055 757 1143 804 ἡσύ-

121 841 239 878 χασον.
261 825 361 879 ’ᾙδει
376 826 436 863 καὶ
458 827 496 863 ἐκ
511 822 703 874 προοιμίων
719 821 782 868 τὴν
798 820 994 871 μέλλουσαν
1009 817 1145 871 ἐπιχεί-

1033 187 1195 218 GENES.

1236 186 1402 216 nonni„
1444 186 1571 217 xvnl.

2076 177 2162 239 180

1214 272 1316 310 Nolo
1336 280 1496 310 mortem
1518 274 1748 324 peccatoris,
1767 273 1836 310 sed
1853 281 1895 311 ut
1914 284 2163 314 convertatur
2176 285 2286 314 Esnh.
2316 286 2363 318 13.

1213 342 1250 371 et
1269 336 1393 374 νίνιιι.
1422 333 1538 386 Igitur
1555 333 1639 384 quia
1666 334 1838 385 peccasti,
1864 336 2037 385 Quiesce,
2061 345 2161 374 tran-

1213 394 1427 445 quillitatem
1453 408 1538 447 para
1575 393 1850 445 cogitationibus
1877 395 1960 442 tuis,
1989 404 2022 432 et
2052 396 2165 434 libera

1214 464 1366 493 mentem
1381 469 1403 493 a
1420 455 1586 508 procellis
1606 454 1783 494 ssuctuum
1810 455 2079 505 inundantium,
2107 470 2166 494 co-

1215 515 1298 553 bibe
1311 516 1615 568 perturbationem
1632 516 1745 567 illam,
1766 530 1809 555 ne
1827 516 1938 554 addas
1956 517 2067 570 priori
2086 531 2168 570 pec-

1212 586 1290 614 cato
1323 578 1469 627 gravius
1503 577 1620 627 aliud,
1651 592 1764 628 neque
1798 578 1987 616 consilium
2018 579 2166 630 aliquod

1214 636 1477 676 immedicabile
1494 639 1658 691 arripias.
1675 640 1729 677 Ne
1742 638 1898 691 teipsum
1917 640 2075 691 maligno
2094 640 2166 679 dae-

1214 699 1310 736 moni
1322 699 1505 750 captivum
1515 699 1644 737 tradas.
1653 701 1845 748 Peccasti,
1854 704 2016 752 quiesce.
2025 702 2168 740 Sciebat

1213 758 1260 796 ab
1282 758 1384 797 initio
1416 759 1512 809 quod
1531 760 1678 797 fratrem
1701 759 1761 797 bic
1785 760 1991 799 adoriturns
2015 772 2117 809 essct,
2134 772 2168 800 et

1213 819 1292 858 ideo
1308 829 1410 858 antea
1428 819 1550 858 verbis
1572 819 1748 871 reprimit.
1773 821 1864 857 Nam
1884 822 1967 871 qnia
1988 832 2169 873 tamquam

123 902 220 937 ρησιν
243 885 333 924 κατὰ
353 888 413 924 τοῦ
433 886 580 936 ἀδελφοῦ
596 882 768 934 γίνεσθαι,
789 881 847 920 καὶ
867 880 924 919 διὰ
938 879 1069 918 τούτων
1089 881 1145 918 αὖ·
1166 887 1190 918 Β
1213 882 1322 930 Deus,
1339 881 1396 919 cui
1408 881 1515 919 etiam
1527 895 1654 919 arcana
1671 889 1753 918 sunt
1771 881 1925 932 cognita,
1938 883 2071 921 sciebat
2087 899 2168 921 cor-

119 946 183 993 τὴν
207 945 480 998 προαναστέλλει
503 948 571 982 τῶν
602 944 783 998 ῥημάτων.
809 941 955 988 Ἐπειδὴ
975 939 992 962 ¹³
1001 940 1069 993 γὰρ
1099 943 1146 984 ὡς

119 1009 209 1052 Θεὸς
225 1007 285 1046 καὶ
303 1007 349 1045 τὰ
370 1007 554 1059 ἀπόῤῥητα
575 1009 636 1052 τ’ἧς
656 1004 809 1048 διανοίας
823 1003 1054 1054 ἐπιστάμενος
1070 1003 1147 1054 ᾔδει

120 1073 181 1116 τῆς
196 1068 341 1122 καρδίας
356 1070 459 1106 αὐτοῦ
478 1068 521 1106 τὰ
540 1067 719 1117 κινήματα
731 1095 740 1113 ,
761 1069 804 1118 τῇ
836 1067 953 1116 πολλῇ
974 1063 1148 1117 παραινέ-

121 1145 172 1168 σει
194 1131 254 1168 καὶ
280 1133 323 1182 τῇ
351 1133 421 1167 τῶν
452 1128 617 1181 ῥημάτων
637 1126 896 1179 συγκαταὸάσει
927 1127 1148 1172 κατάλληλον

121 1193 215 1244 αὐτῷ
240 1191 302 1237 τὴν
322 1190 476 1243 ἰατρείαν
496 1189 667 1243 εἰσφέρει,
698 1189 742 1227 τὰ
761 1191 845 1241 παρ’
869 1190 992 1227 ἑαυτοῦ
1012 1188 1151 1242 ἅπαντα

120 1254 279 1304 πληρῶν,
297 1253 327 1290 εἷ
342 1251 402 1289 καὶ
417 1245 514 1294 οὗτος
528 1252 568 1290 τὸ
586 1251 770 1304 φάρμακον
795 1250 1026 1300 ἀπωσάμενος
1047 1251 1094 1294 εἷς
1112 1248 1152 1287 τὸ

121 1315 183 1358 τῆς
216 1311 482 1364 ἀδελφοκτονίας
513 1311 686 1363 βάραθρον
711 1309 830 1348 ἑαυτὸν
860 1310 1149 1363 κατεκρήμνισεν.

121 1373 302 1427 Ἥμαρτες
314 1401 323 1419 ,
335 1373 524 1425 ἦσύχασον.
538 1371 600 1419 Μὴ
619 1371 767 1423 νομίσῃς
777 1402 787 1420 ,
803 1371 920 1423 φησὶν,
935 1373 964 1410 εἰ
983 1371 1042 1409 καὶ
1059 1374 1151 1410 ἀπε-

123 1434 278 1486 στράφην
295 1449 354 1472 σου
384 1433 446 1480 τὴν
470 1432 592 1471 Ουσίαν
620 1431 676 1470 διὰ
703 1431 766 1479 τὴν
788 1433 850 1470 οὐκ
868 1431 972 1484 ὀρθὴν
992 1431 1150 1483 γνώμην,

122 1496 182 1536 καὶ
207 1498 237 1535 εἰ
261 1495 301 1534 τὸ
329 1499 389 1533 τοῦ
412 1494 559 1545 ἀδελφοῦ
582 1493 690 1544 δῶρον
714 1492 978 1544 προσεδεξάμην
1000 1492 1058 1532 διὰ
1085 1492 1148 1540 τὴν

122 1559 201 1607 ὑγιῆ
215 1555 434 1608 προαίρεσιν,
449 1553 504 1592 ὅτι
520 1555 589 1591 τῶν
609 1553 790 1606 πρωτείων
809 1569 847 1592 σε
866 1555 1069 1607 ἀποστερῶ,
1089 1554 1151 1593 καὶ

123 1620 210 1663 (τῆς
237 1616 333 1660 ἀξίας
365 1617 434 1653 τῶν
466 1614 699 1666 πρωτοτόκων
720 1614 894 1653 ἐκὸάλλω.
928 1614 1148 1668 Ἡσύχασον·
1172 1621 1195 1652 C

125 1681 155 1718 εἰ
174 1678 242 1730 γὰρ
261 1677 320 1716 καὶ
339 1679 401 1723 τῆς
415 1678 499 1727 παρ’
517 1678 601 1726 ἐμοῦ
619 1677 725 1726 τιμῆς
741 1674 906 1722 ἠξίωται,
926 1676 987 1714 καὶ
1004 1676 1151 1729 εὐπρόσ-

126 1741 230 1778 δεκτα
255 1740 358 1777 αὐτοῦ
385 1737 505 1789 γέγονε
526 1736 571 1774 τὰ
599 1737 712 1788 δῶρα,
739 1737 831 1775 ἀλλὰ
850 1737 946 1789 Πρὸς
966 1737 1003 1775 σὲ
1023 1741 1045 1784 ἦ
1066 1739 1152 1777 ἀπο-

127 1799 259 1852 στροφὴ
275 1800 398 1845 αὐτοῦ,
427 1798 487 1836 καὶ
509 1796 550 1836 σὺ
579 1797 692 1849 ἄρξεις
712 1799 828 1835 αὐτοῦ.
850 1796 965 1835 “sterce
984 1798 1043 1836 καὶ
1065 1797 1154 1849 μετὰ

128 1861 191 1909 τὴν
206 1861 378 1914 ἁμαρτίαν
399 1859 528 1906 ταύτην
547 1859 639 1910 ἔχειν
657 1875 695 1897 σε
724 1862 896 1911 συγχωρῶ
920 1859 965 1898 τὰ
983 1861 1155 1914 προτερή-

129 1937 223 1973 ματα
250 1926 312 1968 τῆς
342 1919 601 1972 πρωτοτοκίας,
633 1923 790 1958 κάκεῖνον
810 1920 878 1958 ὑπὸ
893 1919 956 1967 τὴν
977 1921 1041 1968 σὴν
1061 1921 1154 1966 ἐξου-

127 1983 205 2022 σίαν
225 1977 314 2021 εἶναι
332 1980 482 2028 κελεύω,
503 1981 564 2018 καὶ
589 1981 658 2019 ὑπὸ
668 1981 732 2027 τὴν
750 1980 863 2034 ἀρχὴν
881 1980 945 2028 τὴν
962 1982 1038 2028 σήν.
1054 1981 1153 2035 “Opoz

127 2042 387 2097 φιλανθρωπίαν
419 2041 598 2081 Δεσπότου
609 2072 619 2090 ,
650 2045 725 2086 πῶς
756 2045 861 2081 αὐτοῦ
897 2043 1059 2094 βούλεται
1093 2045 1151 2083 τὸν

128 2106 234 2156 θυμὸν
254 2105 313 2143 καὶ
334 2103 398 2150 τὴν
419 2102 546 2154 μανίαν
576 2105 823 2150 καταστεῖλαι,
855 2104 916 2142 καὶ
942 2104 1005 2152 τὴν
1039 2104 1152 2157 ὁρμὴν

124 2166 272 2218 ἐκκόψαι
291 2164 348 2203 διὰ
366 2166 434 2202 τῶν
452 2163 616 2215 ῥημάτων
639 2163 782 2202 τούτων.
803 2164 860 2204 Τὰ
887 2164 954 2217 γὰρ
973 2166 1153 2217 κινήματα

125 2228 187 2272 ri<
207 2225 356 2270 διανοίας
380 2226 483 2262 αὐτοῦ
505 2223 747 2269 κατοπτεύων,
766 2224 826 2262 καὶ
844 2228 907 2271 τῆς
926 2228 1069 2278 φονικῆς
1090 2228 1152 2264 αὖ·

123 2291 183 2325 τοῦ
203 2285 345 2339 γνώμης
380 2285 608 2335 ἐπιστάμενος
628 2284 668 2322 τὸ
690 2284 819 2332 ἀπηνὲς
833 2316 843 2333 ,
870 2286 938 2333 ἤδη
960 2287 1151 2338 προλεᾶναι

1213 942 1270 980 dis
1287 943 1386 981 illius
1412 952 1544 990 motus,
1563 942 1721 980 multum
1748 941 1987 993 admonendo,
2009 954 2043 986 et
2063 945 2170 983 verba

1214 1004 1313 1041 illius
1344 1004 1545 1042 infirmitati
1578 1002 1806 1042 accommoda
1836 1004 2046 1056 proferendo
2081 1020 2170 1044 con-

1217 1075 1403 1117 gruentem
1429 1065 1497 1119 ipsi
1523 1065 1739 1104 medicinam
1767 1066 1931 1120 protulit,
1961 1081 2039 1117 quae
2072 1068 2106 1105 in
2136 1081 2173 1105 se

1217 1137 1317 1166 crant
1332 1127 1450 1166 omnia
1464 1127 1610 1176 faciens,
1626 1128 1765 1166 tametsi
1782 1128 1843 1166 ille
1856 1128 1999 1181 repulso
2015 1129 2175 1167 medica-

1218 1198 1348 1239 mento,
1369 1189 1405 1227 in
1423 1188 1612 1227 fratricidii
1634 1188 1854 1241 profundum
1873 1204 1910 1228 se
1928 1190 2170 1242 praecipitarit.

1217 1252 1411 1297 Peccasn}
1433 1252 1596 1303 quiesce.
1616 1251 1670 1288 Ne
1687 1259 1807 1303 putes,
1825 1251 1954 1302 inquit,
1969 1251 2052 1289 licet
2067 1261 2171 1289 tuum

1217 1320 1400 1350 aversatus
1418 1311 1488 1349 sim
1515 1311 1733 1350 sacrificium
1755 1312 1802 1350 ob
1822 1326 1972 1364 pravam
1999 1322 2172 1360 mentem,

1216 1372 1408 1424 fratrisque
1424 1372 1640 1411 oblationem
1657 1382 1837 1426 acceptam
1852 1374 2042 1412 habuerim
2056 1375 2102 1412 ob
2118 1389 2173 1413 sa-

1218 1448 1301 1472 nam
1315 1434 1558 1483 intentionem,
1570 1447 1627 1472 me
1644 1433 1724 1473 ideo
1742 1435 1899 1488 primatu
1918 1445 1953 1474 te
1966 1435 2172 1484 destituere,

1218 1505 1252 1534 et
1267 1495 1557 1549 primogeniturae
1573 1495 1787 1548 dignitatem
1804 1511 1824 1534 a
1841 1506 1875 1535 te
1887 1497 2035 1535 auferre.
2061 1499 2173 1548 Quie-

1218 1572 1280 1596 sce
1293 1573 1312 1607 ;
1333 1570 1416 1595 nam
1434 1557 1517 1595 licet
1537 1556 1671 1595 bonore
1700 1571 1766 1610 ego
1801 1558 1906 1596 illum
1936 1567 2174 1611 prosequutus

1218 1618 1368 1668 fuerim,
1388 1627 1604 1671 acceptaque
1622 1618 1754 1656 suerint
1772 1618 1870 1658 illius
1897 1619 1989 1658 dona
2004 1634 2174 1658 :verum—

1219 1688 1337 1718 tamen
1362 1679 1406 1717 A
1408 1680 1435 1716 d
1461 1688 1498 1717 te
1524 1682 1723 1718 conversio
1754 1680 1876 1727 illius,
1913 1689 1951 1718 et
1981 1689 2021 1718 tu
2053 1684 2175 1732 ipsius

1220 1740 1618 1791 dominaberithaque
1627 1749 1708 1792 post
1718 1751 1902 1792 peccatum
1913 1741 1981 1779 hoc
1995 1742 2174 1794 permitto,

1219 1808 1261 1837 ut
1279 1800 1572 1852 primogeniturae
1591 1800 1792 1852 privilegiis
1811 1800 1979 1852 gaudeas,
2000 1802 2175 1853 illumque

1220 1861 1287 1899 sub
1313 1870 1374 1899 tua
1399 1870 1571 1914 potestate
1596 1870 1630 1900 et
1651 1861 1811 1900 dominio
1830 1876 1905 1901 esse
1931 1863 2053 1915 jube02
2077 1864 2175 1902 Vide

1218 1921 1473 1974 benignitatem
1501 1922 1673 1971 Domini,
1691 1923 1869 1974 quomodo
1890 1924 2049 1962 furorem
2067 1933 2101 1963 et
2121 1925 2177 1962 in-

1218 1983 1354 2021 saniam
1380 1984 1478 2022 illius
1505 1983 1719 2033 demulcere,
1737 1993 1771 2022 et
1789 1985 1908 2023 verbis
1924 1985 1981 2023 his
2001 1985 2174 2038 impetum

1218 2044 1355 2082 auferre
1370 2045 1509 2082 nititur.
1530 2044 1675 2096 Quippe
1697 2054 1814 2082 motus
1842 2046 1970 2083 mentis
1989 2046 2089 2084 illius
2116 2046 2175 2084 vi·-

1216 2105 1317 2153 dens,
1330 2114 1364 2143 et
1391 2104 1571 2142 crudelem
1589 2118 1630 2142 ac
1651 2105 1919 2157 sanguinariam
1936 2106 2034 2143 illius
2044 2106 2174 2145 volun-

1217 2174 1326 2203 tatem
1347 2165 1481 2214 sciens,
1499 2178 1595 2203 nunc
1623 2165 1866 2218 praemitigare
1898 2167 1974 2218 ejus
2001 2167 2176 2205 rationem

1218 2227 1298 2265 vult
1315 2236 1349 2265 et
1364 2226 1587 2265 serenitatem
1604 2226 1715 2264 menti
1741 2225 1907 2265 inducere
1919 2257 1929 2275 ,
1950 2227 2175 2280 subjiciendo

1218 2287 1286 2339 ipsi
1299 2288 1458 2335 fratrem,
1469 2296 1503 2324 et
1512 2295 1723 2339 potestatem
1733 2286 1846 2339 ipsius
1861 2288 1952 2326 nihil
1967 2288 2172 2327 minuendo.

126 2349 230 2386 αὐτοῦ
263 2348 423 2398 βούλεται
451 2346 507 2385 τὸν
528 2346 714 2397 λογισμὸν,
734 2346 794 2384 καὶ
820 2347 975 2399 γαλήνην
995 2347 1150 2401 ἐργάσα-
1173 2359 1198 2389 D
1219 2350 1474 2387 Verumtamen
1488 2357 1566 2400 post
1581 2357 1714 2386 tantam
1727 2363 1850 2387 curam
1861 2358 1895 2386 et
1909 2358 2004 2387 tanta
2019 2350 2175 2388 remedia

125 2413 204 2447 σθαι
234 2411 335 2447 αὐτοῦ
354 2411 398 2460 τῇ
428 2407 584 2460 διανοίᾳ,
611 2407 816 2445 ὑποτάττων
837 2411 930 2461 αὐτῷ
962 2409 1020 2458 τὸν
1051 2411 1151 2448 ἀδελ-

124 2469 203 2520 φὸν,
240 2468 301 2507 καὶ
331 2469 394 2515 τὴν
433 2466 585 2512 ἐξουσίαν
620 2470 723 2506 αὐτοῦ
769 2468 818 2519 μὴ
862 2469 1150 2521 ὑποτεμνόμενος.

127 2528 230 2567 Ἀλλὰ
249 2529 308 2567 καὶ
340 2528 429 2579 μετὰ
453 2527 516 2574 τὴν
535 2527 707 2576 τοσαύτην
735 2528 935 2580 ἐπιμέλειαν
966 2531 1026 2569 καὶ
1062 2531 1151 2582 μετὰ

125 2593 275 2628 τοσαῦτα
295 2588 339 2628 τὰ
361 2588 531 2641 φάρμακα
557 2588 653 2627 οὐδὲν
685 2589 788 2628 πλέον
816 2592 834 2628 ὁ
863 2590 952 2629 Κάϊν
973 2590 1149 2630 ἀπώνατο.

125 2649 297 2688 Τοσοῦτόν
335 2652 408 2688 ἐστι
439 2647 582 2700 γνώμης
608 2649 781 2704 διαφορὰ,
805 2651 864 2689 καὶ
890 2650 1016 2696 κακίας
1041 2655 1150 2705 ὓπερ-

124 2709 225 2757 ὅολή.

175 2770 265 2809 Ἀλλ’
284 2769 340 2807 ἵνα
365 2770 414 2820 μὴ
436 2769 494 2809 ἐπὶ
511 2769 614 2809 πλέον
635 2769 874 2817 ᾱέκτείναντες
891 2773 952 2811 τὸν
970 2773 1072 2826 λόγον
1094 2775 1149 2814 δό-

123 2830 233 2880 ξωμεν
255 2832 479 2884 παρενοχλεῖν
500 2831 564 2878 τὴν
585 2832 755 2884 ὑμετέραν
775 2833 931 2885 ἀγάπην,
958 2834 1019 2873 καὶ
1036 2851 1149 2888 προσ-

123 2890 227 2943 κορὴς
253 2893 334 2942 ὑμῖν
357 2894 503 2943 νομισθῇ
523 2896 545 2939 ἡ
567 2895 650 2946 παρ’
671 2896 772 2944 ἡμῶν
793 2894 915 2945 ὁμιλία
946 2895 1010 2940 τὰς
1041 2896 1148 2941 ἀκοὰς

122 2953 220 3002 ὑμῶν
242 2952 500 2999 ἀποκναίουσα,
520 2955 664 2991 ἐνταῦθα
697 2954 986 3000 καταπαύσαντες
1003 2957 1061 2995 τὸν
1090 2958 1147 2996 λό·

1218 2409 1310 2448 nihil
1332 2409 1510 2448 commodi
1530 2409 1620 2448 Cain
1644 2409 1727 2448 inde
1745 2410 1879 2448 retulit.
1903 2411 2062 2449 Tantum
2080 2412 2176 2449 valet

1218 2470 1346 2509 mentis
1358 2469 1550 2510 diversitas
1567 2479 1602 2509 et
1620 2470 1766 2509 malitiae
1785 2483 1962 2510 excessus.

1269 2781 1304 2817 7.
1314 2777 1387 2817 Sed
1401 2791 1444 2816 ne
1458 2778 1600 2829 longius
1614 2787 1791 2830 protracta
1809 2779 1922 2817 oratio
1936 2788 2056 2818 nostra
2071 2779 2166 2819 cari-

1215 2840 1278 2879 tati
1299 2849 1426 2878 vestrae
1457 2839 1657 2878 molestiam
1683 2839 1854 2878 exhibere
1875 2840 2056 2890 videatur,
2079 2856 2169 2881 neve
2212 2853 2222 2859 ”

1214 2900 1362 2939 taedium
1376 2900 1480 2939 vobis
1495 2900 1620 2938 afferre
1630 2899 1689 2938 hic
1703 2914 1819 2939 sermo
1838 2910 1956 2939 noster
1968 2912 2166 2953 censeatur,

1214 2972 1248 3001 et
1279 2976 1383 3000 aures
1409 2970 1544 2999 vestras
1571 2959 1770 3010 obtundat,
1798 2961 1858 3000 hic
1889 2962 1998 3001 finem
2024 2963 2167 3002 dicendi

121 3028 200 3064 γον,
217 3015 327 3052 ἐκεῖνο
353 3014 654 3065 παρακαλέσωμεν
683 3019 779 3066 fay-¹⁴52
801 3021 844 3069 τῇ
876 3018 1061 3074 φιληκοΐᾳ,
1090 3036 1146 3071 μι-
1168 3033 1191 3063 E
1213 3023 1559 3066 facientes,vestrum
1573 3016 1915 3061 audiendistudium
1929 3024 2167 3074 cohortemur,

121 3075 228 3120 σῆσαι
244 3073 307 3121 τὴν
331 3073 494 3122 τοιαύτην
524 3074 692 3126 μίμησιν,
711 3077 797 3116 exat
824 3080 868 3129 τῇ
899 3079 1006 3132 κακίᾳ
1032 3082 1146 3120 πολλὰ

121 3135 254 3188 χαίρειν
280 3135 556 3188 προσειπόντας,
590 3136 652 3181 τὰς
678 3142 737 3176 τοῦ
756 3139 885 3191 Κυρίου
906 3141 1046 3186 ἐντολὰς
1068 3147 1144 3193 μετ’

164 3274 178 3288 ·
194 3264 297 3300 Savil.
311 3268 401 3305 ἐκῧός.

165 3317 182 3341 b
197 3316 312 3350 Mon-el.
330 3325 364 3350 et
378 3317 514 3361 quidam
530 3318 585 3352 alii
604 3325 662 3365 γὰρ
679 3325 694 3355 ὸ
712 3326 785 3360 θεός.

164 3377 177 3392 e
194 3367 254 3400 Alii
272 3377 323 3406 τῆς
339 3375 421 3409 ἀξίας
437 3379 494 3404 τῶν
507 3379 714 3415 πρωτοτοκίων
730 3388 760 3406 σε
776 3377 902 3409 ἐκςαλῶ.

1215 3094 1254 3123 ut
1264 3083 1419 3122 caveatis
1432 3096 1475 3120 ne
1491 3082 1600 3120 istum
1621 3081 1822 3133 imitemini,
1833 3092 1868 3122 et
1884 3093 1926 3122 ut
1936 3085 2058 3123 relicta
2070 3087 2167 3124 omni

1215 3145 1366 3191 malitia,
1397 3142 1567 3182 mandata
1586 3143 1734 3182 Domini
1763 3153 1895 3184 attente
1919 3160 1960 3185 ac
1979 3146 2168 3198 diligenter

1205 3272 1221 3297 d
1243 3270 1346 3304 Savil.
1363 3278 1396 3303 et
1412 3278 1554 3314 quatuor
1575 3271 1652 3303 Mss.
1671 3276 1856 3311 ἐκτείνοντες.
1875 3272 1978 3305 Paulo
2000 3280 2075 3315 post
2092 3274 2169 3315 qui-

1161 3322 1238 3355 dam
1260 3323 1313 3355 alii
1331 3329 1348 3361 ἡ
1365 3326 1439 3367 παρ’
1455 3328 1541 3364 ἡμῶν
1557 3325 1729 3357 διδασκαλία
1746 3330 1809 3362 τάς.

1205 3382 1216 3393 ‘
1235 3376 1313 3417 llt‘g.
1329 3380 1375 3407 καὶ
1392 3381 1445 3413 τὴν
1464 3379 1578 3407 κακίαν.

2178 327 2226 356 23.

2180 2780 2297 2809 Montis
2312 2782 2372 2819 cpi-

2180 2823 2272 2854 lomis-
