<?xml version="1.0" encoding="UTF-8"?>
<!DOCTYPE html PUBLIC "-//W3C//DTD XHTML 1.0 Transitional//EN"
    "http://www.w3.org/TR/xhtml1/DTD/xhtml1-transitional.dtd">
<html xmlns="http://www.w3.org/1999/xhtml" xml:lang="en" lang="en">
 <head>
  <title>
</title>
<meta http-equiv="Content-Type" content="text/html;charset=utf-8" />
  <meta name='ocr-system' content='tesseract 3.04.00' />
  <meta name='ocr-capabilities' content='ocr_page ocr_carea ocr_par ocr_line ocrx_word'/>
</head>
<body>
  <div class='ocr_page' id='page_1' title='image "./operaomniaquaeex04johnuoft_0497.png"; bbox 0 0 2516 3791; ppageno 0'>
   <div class='ocr_carea' id='block_1_1' title="bbox 693 258 1046 291">
    <p class='ocr_par' dir='ltr' id='par_1_1' title="bbox 693 258 1046 291">
     <span class='ocr_line' id='line_1_1' title="bbox 693 258 1046 291; baseline -0.006 -1"><span class='ocrx_word' id='word_1_1' title='bbox 693 260 735 290; x_wconf 82' lang='grc' dir='ltr'><em>ΙΝ</em></span> <span class='ocrx_word' id='word_1_2' title='bbox 776 260 877 291; x_wconf 76' lang='lat' dir='ltr'>CAP.</span> <span class='ocrx_word' id='word_1_3' title='bbox 917 258 1046 290; x_wconf 76' lang='lat' dir='ltr'><em>xviu.</em></span> 
     </span>
    </p>
   </div>
   <div class='ocr_carea' id='block_1_2' title="bbox 111 340 1141 1493">
    <p class='ocr_par' dir='ltr' id='par_1_2' title="bbox 111 340 1141 1493">
     <span class='ocr_line' id='line_1_2' title="bbox 115 340 1135 397; baseline -0.008 -10"><span class='ocrx_word' id='word_1_4' title='bbox 115 345 267 387; x_wconf 83' lang='grc' dir='ltr'>τάλαντά</span> <span class='ocrx_word' id='word_1_5' title='bbox 287 361 346 397; x_wconf 87' lang='grc' dir='ltr'><em>μοι</em></span> <span class='ocrx_word' id='word_1_6' title='bbox 371 344 522 390; x_wconf 85' lang='grc' dir='ltr'>ἔδωκας,</span> <span class='ocrx_word' id='word_1_7' title='bbox 543 342 593 381; x_wconf 76' lang='grc' dir='ltr'><em>ἴδε</em></span> <span class='ocrx_word' id='word_1_8' title='bbox 613 342 702 381; x_wconf 81' lang='grc' dir='ltr'>ἄλλα</span> <span class='ocrx_word' id='word_1_9' title='bbox 730 343 833 381; x_wconf 82' lang='grc' dir='ltr'>πέντε</span> <span class='ocrx_word' id='word_1_10' title='bbox 862 343 1016 381; x_wconf 83' lang='grc' dir='ltr'>τάλαντα</span> <span class='ocrx_word' id='word_1_11' title='bbox 1035 340 1135 393; x_wconf 80' lang='grc' dir='ltr'>ἐκέρ-</span> 
     </span>
     <span class='ocr_line' id='line_1_3' title="bbox 114 403 1135 456; baseline -0.006 -9"><span class='ocrx_word' id='word_1_12' title='bbox 114 411 203 455; x_wconf 88' lang='grc' dir='ltr'>δησα</span> <span class='ocrx_word' id='word_1_13' title='bbox 222 411 276 447; x_wconf 84' lang='grc' dir='ltr'>ἐπ’</span> <span class='ocrx_word' id='word_1_14' title='bbox 298 409 425 450; x_wconf 79' lang='grc' dir='ltr'>αὐτοῖς.</span> <span class='ocrx_word' id='word_1_15' title='bbox 440 405 563 453; x_wconf 69' lang='grc' dir='ltr'>Πολλὴ</span> <span class='ocrx_word' id='word_1_16' title='bbox 583 409 642 444; x_wconf 91' lang='grc' dir='ltr'><em>τοῦ</em></span> <span class='ocrx_word' id='word_1_17' title='bbox 657 405 790 444; x_wconf 80' lang='grc' dir='ltr'>οἰκέτου</span> <span class='ocrx_word' id='word_1_18' title='bbox 808 409 830 453; x_wconf 86' lang='grc' dir='ltr'>ἡ</span> <span class='ocrx_word' id='word_1_19' title='bbox 849 411 862 426; x_wconf 86' lang='lat'><em>¹¹</em></span> <span class='ocrx_word' id='word_1_20' title='bbox 875 403 1135 456; x_wconf 74' lang='grc' dir='ltr'>εὐγνωμοσύνη,</span> 
     </span>
     <span class='ocr_line' id='line_1_4' title="bbox 114 466 1134 521; baseline -0.005 -14"><span class='ocrx_word' id='word_1_21' title='bbox 114 468 260 521; x_wconf 80' lang='grc' dir='ltr'>δαψιλὴς</span> <span class='ocrx_word' id='word_1_22' title='bbox 276 471 297 514; x_wconf 84' lang='grc' dir='ltr'>ἡ</span> <span class='ocrx_word' id='word_1_23' title='bbox 315 471 375 505; x_wconf 91' lang='grc' dir='ltr'><em>τοῦ</em></span> <span class='ocrx_word' id='word_1_24' title='bbox 394 467 561 507; x_wconf 84' lang='grc' dir='ltr'>δεσπότου</span> <span class='ocrx_word' id='word_1_25' title='bbox 583 467 837 520; x_wconf 79' lang='grc' dir='ltr'>φιλανθρωπία.</span> <span class='ocrx_word' id='word_1_26' title='bbox 861 467 909 505; x_wconf 85' lang='grc' dir='ltr'><em>Τί</em></span> <span class='ocrx_word' id='word_1_27' title='bbox 928 466 994 518; x_wconf 89' lang='grc' dir='ltr'><em>γάρ</em></span> <span class='ocrx_word' id='word_1_28' title='bbox 1012 478 1134 518; x_wconf 74' lang='grc' dir='ltr'>φησιν;</span> 
     </span>
     <span class='ocr_line' id='line_1_5' title="bbox 114 523 1136 581; baseline -0.005 -13"><span class='ocrx_word' id='word_1_29' title='bbox 114 523 166 568; x_wconf 71' lang='grc' dir='ltr'><em>Εῦ</em></span> <span class='ocrx_word' id='word_1_30' title='bbox 178 560 187 575; x_wconf 92' lang='grc'>,</span> <span class='ocrx_word' id='word_1_31' title='bbox 207 531 306 568; x_wconf 83' lang='grc' dir='ltr'>δοῦλε</span> <span class='ocrx_word' id='word_1_32' title='bbox 323 530 428 578; x_wconf 84' lang='grc' dir='ltr'>ἀγαθὲ</span> <span class='ocrx_word' id='word_1_33' title='bbox 448 529 507 568; x_wconf 69' lang='grc' dir='ltr'><em>καὶ</em></span> <span class='ocrx_word' id='word_1_34' title='bbox 526 529 627 568; x_wconf 84' lang='grc' dir='ltr'>πιστὲ</span> <span class='ocrx_word' id='word_1_35' title='bbox 640 559 649 576; x_wconf 86' lang='grc'><em>,</em></span> <span class='ocrx_word' id='word_1_36' title='bbox 666 530 723 567; x_wconf 78' lang='grc' dir='ltr'>ἐπὶ</span> <span class='ocrx_word' id='word_1_37' title='bbox 742 529 843 581; x_wconf 84' lang='grc' dir='ltr'>ὀλίγα</span> <span class='ocrx_word' id='word_1_38' title='bbox 859 523 900 576; x_wconf 68' lang='grc' dir='ltr'><em>ἧς</em></span> <span class='ocrx_word' id='word_1_39' title='bbox 918 526 1058 573; x_wconf 86' lang='grc' dir='ltr'>πιστὸς,</span> <span class='ocrx_word' id='word_1_40' title='bbox 1078 526 1136 564; x_wconf 80' lang='grc' dir='ltr'>ἐπὶ</span> 
     </span>
     <span class='ocr_line' id='line_1_6' title="bbox 112 587 1136 641; baseline -0.003 -14"><span class='ocrx_word' id='word_1_41' title='bbox 112 592 250 628; x_wconf 77' lang='grc' dir='ltr'>πολλῶν</span> <span class='ocrx_word' id='word_1_42' title='bbox 279 606 317 628; x_wconf 86' lang='grc' dir='ltr'><em>σε</em></span> <span class='ocrx_word' id='word_1_43' title='bbox 348 589 580 637; x_wconf 76' lang='grc' dir='ltr'>καταστήσω·</span> <span class='ocrx_word' id='word_1_44' title='bbox 611 589 743 628; x_wconf 81' lang='grc' dir='ltr'>εἴσελθε</span> <span class='ocrx_word' id='word_1_45' title='bbox 770 593 818 632; x_wconf 80' lang='grc' dir='ltr'><em>εἷς</em></span> <span class='ocrx_word' id='word_1_46' title='bbox 836 589 899 637; x_wconf 84' lang='grc' dir='ltr'><em>τὴν</em></span> <span class='ocrx_word' id='word_1_47' title='bbox 931 587 1045 641; x_wconf 77' lang='grc' dir='ltr'>χαρὰν</span> <span class='ocrx_word' id='word_1_48' title='bbox 1075 591 1136 624; x_wconf 89' lang='grc' dir='ltr'><em>τοῦ</em></span> 
     </span>
     <span class='ocr_line' id='line_1_7' title="bbox 113 647 1136 704; baseline -0.004 -15"><span class='ocrx_word' id='word_1_49' title='bbox 113 651 230 703; x_wconf 83' lang='grc' dir='ltr'>κυρίου</span> <span class='ocrx_word' id='word_1_50' title='bbox 248 667 323 690; x_wconf 90' lang='grc' dir='ltr'>σου.</span> <span class='ocrx_word' id='word_1_51' title='bbox 339 647 504 699; x_wconf 79' lang='grc' dir='ltr'>Ἐπειδὴ,</span> <span class='ocrx_word' id='word_1_52' title='bbox 523 651 623 704; x_wconf 76' lang='grc' dir='ltr'>φησὶ,</span> <span class='ocrx_word' id='word_1_53' title='bbox 642 650 776 698; x_wconf 79' lang='grc' dir='ltr'>πολλὴν</span> <span class='ocrx_word' id='word_1_54' title='bbox 791 650 920 694; x_wconf 84' lang='grc' dir='ltr'>ἔδειξας</span> <span class='ocrx_word' id='word_1_55' title='bbox 933 651 968 687; x_wconf 83' lang='grc' dir='ltr'><em>ἐν</em></span> <span class='ocrx_word' id='word_1_56' title='bbox 986 654 1057 692; x_wconf 83' lang='grc' dir='ltr'>τοῖς</span> <span class='ocrx_word' id='word_1_57' title='bbox 1069 647 1136 694; x_wconf 81' lang='grc' dir='ltr'><em>ἤδη</em></span> 
     </span>
     <span class='ocr_line' id='line_1_8' title="bbox 111 705 1138 763; baseline -0.005 -13"><span class='ocrx_word' id='word_1_58' title='bbox 111 715 326 751; x_wconf 84' lang='grc' dir='ltr'>πιστευθεῖσι</span> <span class='ocrx_word' id='word_1_59' title='bbox 345 712 406 759; x_wconf 75' lang='grc' dir='ltr'><em>τὴν</em></span> <span class='ocrx_word' id='word_1_60' title='bbox 427 711 708 763; x_wconf 75' lang='grc' dir='ltr'>εὐγνωμοσύνην,</span> <span class='ocrx_word' id='word_1_61' title='bbox 728 711 818 756; x_wconf 82' lang='grc' dir='ltr'>ἄξιος</span> <span class='ocrx_word' id='word_1_62' title='bbox 845 705 876 748; x_wconf 67' lang='grc' dir='ltr'><em>εἶ</em></span> <span class='ocrx_word' id='word_1_63' title='bbox 903 709 962 748; x_wconf 81' lang='grc' dir='ltr'><em>καὶ</em></span> <span class='ocrx_word' id='word_1_64' title='bbox 994 708 1138 746; x_wconf 83' lang='grc' dir='ltr'>πλείονα</span> 
     </span>
     <span class='ocr_line' id='line_1_9' title="bbox 114 770 1138 826; baseline -0.005 -14"><span class='ocrx_word' id='word_1_65' title='bbox 114 775 387 826; x_wconf 54' lang='grc' dir='ltr'>ἐγχειρισθῆναι.</span> <span class='ocrx_word' id='word_1_66' title='bbox 419 774 603 825; x_wconf 83' lang='grc' dir='ltr'>Προσῆλθε</span> <span class='ocrx_word' id='word_1_67' title='bbox 636 771 672 810; x_wconf 82' lang='grc' dir='ltr'><em>δὲ</em></span> <span class='ocrx_word' id='word_1_68' title='bbox 706 771 764 810; x_wconf 80' lang='grc' dir='ltr'><em>καὶ</em></span> <span class='ocrx_word' id='word_1_69' title='bbox 796 774 814 809; x_wconf 81' lang='grc' dir='ltr'><strong>ὃ</strong></span> <span class='ocrx_word' id='word_1_70' title='bbox 837 770 882 809; x_wconf 81' lang='grc' dir='ltr'><em>τὰ</em></span> <span class='ocrx_word' id='word_1_71' title='bbox 906 770 965 808; x_wconf 84' lang='grc' dir='ltr'><em>δύο</em></span> <span class='ocrx_word' id='word_1_72' title='bbox 983 770 1138 808; x_wconf 88' lang='grc' dir='ltr'>τάλαντα</span> 
     </span>
     <span class='ocr_line' id='line_1_10' title="bbox 115 831 1136 886; baseline -0.005 -14"><span class='ocrx_word' id='word_1_73' title='bbox 115 833 264 886; x_wconf 73' lang='grc' dir='ltr'>εἰληφὼς</span> <span class='ocrx_word' id='word_1_74' title='bbox 279 863 289 879; x_wconf 88' lang='grc'><em>,</em></span> <span class='ocrx_word' id='word_1_75' title='bbox 302 833 413 884; x_wconf 85' lang='grc' dir='ltr'>λέγων</span> <span class='ocrx_word' id='word_1_76' title='bbox 427 849 435 856; x_wconf 92' lang='grc'><strong><em>·</em></strong></span> <span class='ocrx_word' id='word_1_77' title='bbox 458 833 536 885; x_wconf 73' lang='grc' dir='ltr'>οὐχὶ</span> <span class='ocrx_word' id='word_1_78' title='bbox 566 832 625 870; x_wconf 80' lang='grc' dir='ltr'><em>δύο</em></span> <span class='ocrx_word' id='word_1_79' title='bbox 651 831 806 870; x_wconf 82' lang='grc' dir='ltr'>τάλαντά</span> <span class='ocrx_word' id='word_1_80' title='bbox 826 847 886 882; x_wconf 86' lang='grc' dir='ltr'><em>μοι</em></span> <span class='ocrx_word' id='word_1_81' title='bbox 913 831 1136 882; x_wconf 56' lang='grc' dir='ltr'>παρέδωκας</span> 
     </span>
     <span class='ocr_line' id='line_1_11' title="bbox 112 891 1136 945; baseline -0.004 -12"><span class='ocrx_word' id='word_1_82' title='bbox 112 895 183 933; x_wconf 83' lang='grc' dir='ltr'><em>Ἴδε</em></span> <span class='ocrx_word' id='word_1_83' title='bbox 216 895 306 932; x_wconf 85' lang='grc' dir='ltr'>ἅλλα</span> <span class='ocrx_word' id='word_1_84' title='bbox 336 894 395 932; x_wconf 82' lang='grc' dir='ltr'><em>δύο</em></span> <span class='ocrx_word' id='word_1_85' title='bbox 425 894 579 931; x_wconf 81' lang='grc' dir='ltr'>τάλαντα</span> <span class='ocrx_word' id='word_1_86' title='bbox 601 892 774 945; x_wconf 85' lang='grc' dir='ltr'>ἐκέρδησα</span> <span class='ocrx_word' id='word_1_87' title='bbox 791 895 844 930; x_wconf 82' lang='grc' dir='ltr'>ἐπ’</span> <span class='ocrx_word' id='word_1_88' title='bbox 864 894 993 936; x_wconf 79' lang='grc' dir='ltr'>αὐτοῖς.</span> <span class='ocrx_word' id='word_1_89' title='bbox 1014 891 1136 938; x_wconf 86' lang='grc' dir='ltr'>Πολλὴ</span> 
     </span>
     <span class='ocr_line' id='line_1_12' title="bbox 113 953 1139 1007; baseline -0.003 -13"><span class='ocrx_word' id='word_1_90' title='bbox 113 956 172 994; x_wconf 81' lang='grc' dir='ltr'><em>καὶ</em></span> <span class='ocrx_word' id='word_1_91' title='bbox 188 955 309 993; x_wconf 84' lang='grc' dir='ltr'>τούτου</span> <span class='ocrx_word' id='word_1_92' title='bbox 325 959 348 1001; x_wconf 80' lang='grc' dir='ltr'>ἡ</span> <span class='ocrx_word' id='word_1_93' title='bbox 368 955 448 1007; x_wconf 85' lang='grc' dir='ltr'>περὶ</span> <span class='ocrx_word' id='word_1_94' title='bbox 464 954 508 992; x_wconf 86' lang='grc' dir='ltr'><em>τὰ</em></span> <span class='ocrx_word' id='word_1_95' title='bbox 524 953 715 993; x_wconf 77' lang='grc' dir='ltr'>δεσποτικὰ</span> <span class='ocrx_word' id='word_1_96' title='bbox 738 954 907 1007; x_wconf 80' lang='grc' dir='ltr'>χρήματα</span> <span class='ocrx_word' id='word_1_97' title='bbox 927 953 1041 992; x_wconf 85' lang='grc' dir='ltr'>εὔνοια</span> <span class='ocrx_word' id='word_1_98' title='bbox 1054 983 1063 1000; x_wconf 89' lang='grc'><em>,</em></span> <span class='ocrx_word' id='word_1_99' title='bbox 1088 954 1139 992; x_wconf 81' lang='grc' dir='ltr'>διὸ</span> 
     </span>
     <span class='ocr_line' id='line_1_13' title="bbox 113 1015 1137 1068; baseline -0.002 -14"><span class='ocrx_word' id='word_1_100' title='bbox 113 1016 256 1054; x_wconf 78' lang='grc' dir='ltr'>καὶτῶν</span> <span class='ocrx_word' id='word_1_101' title='bbox 272 1018 384 1054; x_wconf 79' lang='grc' dir='ltr'>αὐτῶν</span> <span class='ocrx_word' id='word_1_102' title='bbox 398 1015 553 1060; x_wconf 77' lang='grc' dir='ltr'>ἀξιοῦται</span> <span class='ocrx_word' id='word_1_103' title='bbox 571 1018 621 1067; x_wconf 82' lang='grc' dir='ltr'><em>τῷ</em></span> <span class='ocrx_word' id='word_1_104' title='bbox 646 1015 817 1068; x_wconf 84' lang='grc' dir='ltr'>προτέρῳ.</span> <span class='ocrx_word' id='word_1_105' title='bbox 844 1015 912 1053; x_wconf 75' lang='grc' dir='ltr'><em>Καὶ</em></span> <span class='ocrx_word' id='word_1_106' title='bbox 942 1015 1032 1058; x_wconf 84' lang='grc' dir='ltr'>τίνος</span> <span class='ocrx_word' id='word_1_107' title='bbox 1064 1015 1137 1053; x_wconf 79' lang='grc' dir='ltr'>ἕνε-</span> 
     </span>
     <span class='ocr_line' id='line_1_14' title="bbox 113 1076 1139 1129; baseline -0.002 -13"><span class='ocrx_word' id='word_1_108' title='bbox 113 1092 170 1117; x_wconf 84' lang='grc' dir='ltr'><em>κεν</em></span> <span class='ocrx_word' id='word_1_109' title='bbox 203 1076 262 1115; x_wconf 80' lang='grc' dir='ltr'><em>δύο</em></span> <span class='ocrx_word' id='word_1_110' title='bbox 293 1076 534 1129; x_wconf 83' lang='grc' dir='ltr'>προσενεγκὼν</span> <span class='ocrx_word' id='word_1_111' title='bbox 553 1077 708 1115; x_wconf 88' lang='grc' dir='ltr'>τάλαντα</span> <span class='ocrx_word' id='word_1_112' title='bbox 735 1079 798 1122; x_wconf 67' lang='grc' dir='ltr'><em>τῆς</em></span> <span class='ocrx_word' id='word_1_113' title='bbox 817 1078 923 1123; x_wconf 79' lang='grc' dir='ltr'>αὐτῆς</span> <span class='ocrx_word' id='word_1_114' title='bbox 945 1076 1066 1129; x_wconf 84' lang='grc' dir='ltr'>ἐκείνῳ</span> <span class='ocrx_word' id='word_1_115' title='bbox 1089 1078 1139 1128; x_wconf 84' lang='grc' dir='ltr'><em>τῷ</em></span> 
     </span>
     <span class='ocr_line' id='line_1_15' title="bbox 114 1136 1139 1191; baseline 0 -16"><span class='ocrx_word' id='word_1_116' title='bbox 114 1136 158 1175; x_wconf 73' lang='grc' dir='ltr'><em>τὰ</em></span> <span class='ocrx_word' id='word_1_117' title='bbox 172 1138 275 1176; x_wconf 86' lang='grc' dir='ltr'>πέντε</span> <span class='ocrx_word' id='word_1_118' title='bbox 293 1137 550 1191; x_wconf 85' lang='grc' dir='ltr'>προσαγαγόντι</span> <span class='ocrx_word' id='word_1_119' title='bbox 567 1137 723 1182; x_wconf 78' lang='grc' dir='ltr'>ἀξιοῦται</span> <span class='ocrx_word' id='word_1_120' title='bbox 742 1140 846 1189; x_wconf 76' lang='grc' dir='ltr'>τιμῆς</span> <span class='ocrx_word' id='word_1_121' title='bbox 860 1155 868 1184; x_wconf 83' lang='grc'>;</span> <span class='ocrx_word' id='word_1_122' title='bbox 891 1137 1064 1181; x_wconf 80' lang='grc' dir='ltr'>Εἰκότως·</span> <span class='ocrx_word' id='word_1_123' title='bbox 1080 1136 1139 1175; x_wconf 85' lang='grc' dir='ltr'><em>τὸν</em></span> 
     </span>
     <span class='ocr_line' id='line_1_16' title="bbox 115 1198 1139 1252; baseline -0.001 -14"><span class='ocrx_word' id='word_1_124' title='bbox 115 1200 177 1251; x_wconf 80' lang='grc' dir='ltr'><em>μὲν</em></span> <span class='ocrx_word' id='word_1_125' title='bbox 197 1199 263 1252; x_wconf 81' lang='grc' dir='ltr'><em>γὰρ</em></span> <span class='ocrx_word' id='word_1_126' title='bbox 283 1199 500 1251; x_wconf 86' lang='grc' dir='ltr'>πλεονασμὸν</span> <span class='ocrx_word' id='word_1_127' title='bbox 517 1199 575 1237; x_wconf 70' lang='grc' dir='ltr'><em>καὶ</em></span> <span class='ocrx_word' id='word_1_128' title='bbox 590 1198 654 1246; x_wconf 83' lang='grc' dir='ltr'><em>τὴν</em></span> <span class='ocrx_word' id='word_1_129' title='bbox 674 1199 863 1237; x_wconf 82' lang='grc' dir='ltr'>ἐλάττωσιν</span> <span class='ocrx_word' id='word_1_130' title='bbox 887 1200 953 1252; x_wconf 70' lang='grc' dir='ltr'><em>οὐχ</em></span> <span class='ocrx_word' id='word_1_131' title='bbox 970 1202 992 1245; x_wconf 85' lang='grc' dir='ltr'>ἡ</span> <span class='ocrx_word' id='word_1_132' title='bbox 1017 1199 1139 1237; x_wconf 83' lang='grc' dir='ltr'>τούτου</span> 
     </span>
     <span class='ocr_line' id='line_1_17' title="bbox 115 1259 1138 1313; baseline -0.001 -15"><span class='ocrx_word' id='word_1_133' title='bbox 115 1261 268 1309; x_wconf 86' lang='grc' dir='ltr'>σπουδὴ,</span> <span class='ocrx_word' id='word_1_134' title='bbox 288 1261 405 1308; x_wconf 80' lang='grc' dir='ltr'>οὖδὲὴ</span> <span class='ocrx_word' id='word_1_135' title='bbox 435 1260 565 1299; x_wconf 81' lang='grc' dir='ltr'>ἐκείνου</span> <span class='ocrx_word' id='word_1_136' title='bbox 598 1259 750 1313; x_wconf 75' lang='grc' dir='ltr'>ῥᾳθυμία</span> <span class='ocrx_word' id='word_1_137' title='bbox 779 1259 987 1309; x_wconf 81' lang='grc' dir='ltr'>πεποίηκεν,</span> <span class='ocrx_word' id='word_1_138' title='bbox 1013 1261 1090 1298; x_wconf 89' lang='grc' dir='ltr'>ἀλλ’</span> <span class='ocrx_word' id='word_1_139' title='bbox 1116 1263 1138 1306; x_wconf 78' lang='grc' dir='ltr'>ἡ</span> 
     </span>
     <span class='ocr_line' id='line_1_18' title="bbox 115 1319 1141 1371; baseline 0.001 -14"><span class='ocrx_word' id='word_1_140' title='bbox 115 1324 184 1358; x_wconf 87' lang='grc' dir='ltr'><em>τῶν</em></span> <span class='ocrx_word' id='word_1_141' title='bbox 205 1320 502 1371; x_wconf 75' lang='grc' dir='ltr'>ἐμπιστευθέντων</span> <span class='ocrx_word' id='word_1_142' title='bbox 520 1321 682 1367; x_wconf 84' lang='grc' dir='ltr'>ποσότης.</span> <span class='ocrx_word' id='word_1_143' title='bbox 699 1320 756 1359; x_wconf 79' lang='grc' dir='ltr'><em>Τὰ</em></span> <span class='ocrx_word' id='word_1_144' title='bbox 774 1319 892 1371; x_wconf 81' lang='grc' dir='ltr'>μέντοι</span> <span class='ocrx_word' id='word_1_145' title='bbox 910 1323 973 1367; x_wconf 75' lang='grc' dir='ltr'><em>τῆς</em></span> <span class='ocrx_word' id='word_1_146' title='bbox 988 1321 1141 1367; x_wconf 76' lang='grc' dir='ltr'>σπουδῆς</span> 
     </span>
     <span class='ocr_line' id='line_1_19' title="bbox 117 1381 1139 1434; baseline 0.001 -15"><span class='ocrx_word' id='word_1_147' title='bbox 117 1381 176 1419; x_wconf 88' lang='grc' dir='ltr'><em>ἴσα</em></span> <span class='ocrx_word' id='word_1_148' title='bbox 192 1381 250 1419; x_wconf 76' lang='grc' dir='ltr'><em>καὶ</em></span> <span class='ocrx_word' id='word_1_149' title='bbox 269 1381 363 1433; x_wconf 83' lang='grc' dir='ltr'>παρὰ</span> <span class='ocrx_word' id='word_1_150' title='bbox 381 1381 523 1428; x_wconf 79' lang='grc' dir='ltr'>τούτου,</span> <span class='ocrx_word' id='word_1_151' title='bbox 545 1381 603 1419; x_wconf 83' lang='grc' dir='ltr'><em>καὶ</em></span> <span class='ocrx_word' id='word_1_152' title='bbox 628 1383 712 1434; x_wconf 87' lang='grc' dir='ltr'>παρ’</span> <span class='ocrx_word' id='word_1_153' title='bbox 729 1381 858 1420; x_wconf 84' lang='grc' dir='ltr'>ἐκείνου</span> <span class='ocrx_word' id='word_1_154' title='bbox 880 1381 1117 1428; x_wconf 87' lang='grc' dir='ltr'>εἰσενήνεκται</span> <span class='ocrx_word' id='word_1_155' title='bbox 1131 1397 1139 1405; x_wconf 90' lang='grc'><em>·</em></span> 
     </span>
     <span class='ocr_line' id='line_1_20' title="bbox 117 1441 1071 1493; baseline 0.001 -14"><span class='ocrx_word' id='word_1_156' title='bbox 117 1441 173 1480; x_wconf 85' lang='grc' dir='ltr'>διὰ</span> <span class='ocrx_word' id='word_1_157' title='bbox 188 1447 286 1481; x_wconf 85' lang='grc' dir='ltr'>τοῦτο</span> <span class='ocrx_word' id='word_1_158' title='bbox 305 1442 365 1481; x_wconf 87' lang='grc' dir='ltr'><em>καὶ</em></span> <span class='ocrx_word' id='word_1_159' title='bbox 384 1446 448 1489; x_wconf 82' lang='grc' dir='ltr'><em>τῆς</em></span> <span class='ocrx_word' id='word_1_160' title='bbox 467 1441 617 1493; x_wconf 74' lang='grc' dir='ltr'>ἀμοιὸἦς</span> <span class='ocrx_word' id='word_1_161' title='bbox 643 1445 705 1489; x_wconf 71' lang='grc' dir='ltr'><em>τῆς</em></span> <span class='ocrx_word' id='word_1_162' title='bbox 725 1443 832 1488; x_wconf 78' lang='grc' dir='ltr'>αὐτῆς</span> <span class='ocrx_word' id='word_1_163' title='bbox 851 1442 1071 1490; x_wconf 82' lang='grc' dir='ltr'>ἀπήλαυσαν.</span> 
     </span>
    </p>
   </div>
   <div class='ocr_carea' id='block_1_3' title="bbox 170 1564 1141 1619">
    <p class='ocr_par' dir='ltr' id='par_1_3' title="bbox 170 1564 1141 1619">
     <span class='ocr_line' id='line_1_21' title="bbox 170 1564 1141 1619; baseline 0.002 -16"><span class='ocrx_word' id='word_1_164' title='bbox 170 1564 261 1603; x_wconf 78' lang='grc' dir='ltr'>Ἀλλ’</span> <span class='ocrx_word' id='word_1_165' title='bbox 274 1568 292 1604; x_wconf 84' lang='grc' dir='ltr'>ὁ</span> <span class='ocrx_word' id='word_1_166' title='bbox 310 1566 426 1618; x_wconf 79' lang='grc' dir='ltr'>ἕτερος</span> <span class='ocrx_word' id='word_1_167' title='bbox 444 1565 539 1604; x_wconf 77' lang='grc' dir='ltr'>οὐδὲν</span> <span class='ocrx_word' id='word_1_168' title='bbox 555 1565 708 1604; x_wconf 73' lang='grc' dir='ltr'>τοιοῦτον</span> <span class='ocrx_word' id='word_1_169' title='bbox 725 1565 934 1617; x_wconf 84' lang='grc' dir='ltr'>διεπράξατο</span> <span class='ocrx_word' id='word_1_170' title='bbox 947 1584 954 1592; x_wconf 91' lang='grc'><em>·</em></span> <span class='ocrx_word' id='word_1_171' title='bbox 974 1567 1064 1605; x_wconf 83' lang='grc' dir='ltr'>ἀλλὰ</span> <span class='ocrx_word' id='word_1_172' title='bbox 1087 1567 1141 1619; x_wconf 78' lang='grc' dir='ltr'><em>τί;</em></span> 
     </span>
    </p>
   </div>
   <div class='ocr_carea' id='block_1_4' title="bbox 116 1622 1144 1680">
    <p class='ocr_par' dir='ltr' id='par_1_4' title="bbox 116 1622 1144 1680">
     <span class='ocr_line' id='line_1_22' title="bbox 116 1622 1144 1680; baseline 0.003 -16"><span class='ocrx_word' id='word_1_173' title='bbox 116 1627 302 1678; x_wconf 82' lang='grc' dir='ltr'>Προσῆλθε</span> <span class='ocrx_word' id='word_1_174' title='bbox 318 1627 429 1678; x_wconf 83' lang='grc' dir='ltr'>λέγων</span> <span class='ocrx_word' id='word_1_175' title='bbox 443 1642 452 1651; x_wconf 85' lang='grc'><em>·</em></span> <span class='ocrx_word' id='word_1_176' title='bbox 471 1627 609 1679; x_wconf 85' lang='grc' dir='ltr'>Ἔγνων</span> <span class='ocrx_word' id='word_1_177' title='bbox 634 1642 692 1675; x_wconf 88' lang='grc' dir='ltr'><em>σε,</em></span> <span class='ocrx_word' id='word_1_178' title='bbox 709 1626 763 1666; x_wconf 78' lang='grc' dir='ltr'><em>ὅτι</em></span> <span class='ocrx_word' id='word_1_179' title='bbox 790 1628 940 1680; x_wconf 84' lang='grc' dir='ltr'>σκληρὸς</span> <span class='ocrx_word' id='word_1_180' title='bbox 959 1622 992 1667; x_wconf 68' lang='grc' dir='ltr'><em>εἷ</em></span> <span class='ocrx_word' id='word_1_181' title='bbox 1015 1629 1144 1680; x_wconf 85' lang='grc' dir='ltr'>ἅνθρω-</span> 
     </span>
    </p>
   </div>
   <div class='ocr_carea' id='block_1_5' title="bbox 112 1688 1142 2597">
    <p class='ocr_par' dir='ltr' id='par_1_5' title="bbox 112 1688 1142 2597">
     <span class='ocr_line' id='line_1_23' title="bbox 116 1688 1141 1742; baseline 0.004 -17"><span class='ocrx_word' id='word_1_182' title='bbox 116 1703 197 1734; x_wconf 87' lang='grc' dir='ltr'>πος,</span> <span class='ocrx_word' id='word_1_183' title='bbox 213 1688 354 1740; x_wconf 83' lang='grc' dir='ltr'>θερίζων</span> <span class='ocrx_word' id='word_1_184' title='bbox 373 1688 460 1728; x_wconf 74' lang='grc' dir='ltr'>ὅπου</span> <span class='ocrx_word' id='word_1_185' title='bbox 476 1691 538 1727; x_wconf 81' lang='grc' dir='ltr'><em>οὐκ</em></span> <span class='ocrx_word' id='word_1_186' title='bbox 557 1688 739 1741; x_wconf 84' lang='grc' dir='ltr'>ἔσπειρας,</span> <span class='ocrx_word' id='word_1_187' title='bbox 760 1689 819 1728; x_wconf 82' lang='grc' dir='ltr'><em>καὶ</em></span> <span class='ocrx_word' id='word_1_188' title='bbox 834 1690 992 1742; x_wconf 80' lang='grc' dir='ltr'>συνάγων</span> <span class='ocrx_word' id='word_1_189' title='bbox 1006 1690 1082 1729; x_wconf 78' lang='grc' dir='ltr'>ὅθεν</span> <span class='ocrx_word' id='word_1_190' title='bbox 1103 1693 1141 1729; x_wconf 79' lang='grc' dir='ltr'><em>οὗ</em></span> 
     </span>
     <span class='ocr_line' id='line_1_24' title="bbox 117 1749 1142 1804; baseline 0.003 -18"><span class='ocrx_word' id='word_1_191' title='bbox 117 1749 380 1801; x_wconf 84' lang='grc' dir='ltr'>διεσκόρπισας·</span> <span class='ocrx_word' id='word_1_192' title='bbox 403 1750 462 1788; x_wconf 77' lang='grc' dir='ltr'><em>καὶ</em></span> <span class='ocrx_word' id='word_1_193' title='bbox 482 1749 663 1803; x_wconf 66' lang='grc' dir='ltr'>φοῧηθεὶς,</span> <span class='ocrx_word' id='word_1_194' title='bbox 683 1750 842 1789; x_wconf 83' lang='grc' dir='ltr'>ἀπελθὼν</span> <span class='ocrx_word' id='word_1_195' title='bbox 862 1750 995 1804; x_wconf 81' lang='grc' dir='ltr'>ἔκρυψα</span> <span class='ocrx_word' id='word_1_196' title='bbox 1013 1751 1054 1790; x_wconf 82' lang='grc' dir='ltr'><em>τὸ</em></span> <span class='ocrx_word' id='word_1_197' title='bbox 1076 1751 1142 1789; x_wconf 90' lang='grc' dir='ltr'><em>τά-</em></span> 
     </span>
     <span class='ocr_line' id='line_1_25' title="bbox 116 1809 1139 1863; baseline 0.003 -16"><span class='ocrx_word' id='word_1_198' title='bbox 116 1811 240 1848; x_wconf 85' lang='grc' dir='ltr'>λαντον</span> <span class='ocrx_word' id='word_1_199' title='bbox 259 1812 293 1848; x_wconf 82' lang='grc' dir='ltr'><em>ἐν</em></span> <span class='ocrx_word' id='word_1_200' title='bbox 311 1813 355 1862; x_wconf 71' lang='grc' dir='ltr'><em>τῇ</em></span> <span class='ocrx_word' id='word_1_201' title='bbox 378 1814 439 1863; x_wconf 76' lang='grc' dir='ltr'><em>γῇ.</em></span> <span class='ocrx_word' id='word_1_202' title='bbox 458 1809 548 1849; x_wconf 78' lang='grc' dir='ltr'>Ἰδοὺ</span> <span class='ocrx_word' id='word_1_203' title='bbox 569 1811 659 1862; x_wconf 76' lang='grc' dir='ltr'>ἔχεις</span> <span class='ocrx_word' id='word_1_204' title='bbox 678 1811 717 1849; x_wconf 82' lang='grc' dir='ltr'><em>τὸ</em></span> <span class='ocrx_word' id='word_1_205' title='bbox 749 1811 822 1850; x_wconf 86' lang='grc' dir='ltr'>σόν.</span> <span class='ocrx_word' id='word_1_206' title='bbox 844 1810 893 1850; x_wconf 83' lang='grc' dir='ltr'><strong><em>Ὢ</em></strong></span> <span class='ocrx_word' id='word_1_207' title='bbox 920 1812 1027 1850; x_wconf 86' lang='grc' dir='ltr'>κακία</span> <span class='ocrx_word' id='word_1_208' title='bbox 1047 1812 1139 1850; x_wconf 80' lang='grc' dir='ltr'>οἷκέ-</span> 
     </span>
     <span class='ocr_line' id='line_1_26' title="bbox 117 1871 1140 1924; baseline 0.003 -15"><span class='ocrx_word' id='word_1_209' title='bbox 117 1887 194 1909; x_wconf 89' lang='grc' dir='ltr'>του·</span> <span class='ocrx_word' id='word_1_210' title='bbox 224 1871 253 1908; x_wconf 81' lang='grc' dir='ltr'><strong>ὢ</strong></span> <span class='ocrx_word' id='word_1_211' title='bbox 280 1871 527 1922; x_wconf 81' lang='grc' dir='ltr'>ἀγνωμοσύνης</span> <span class='ocrx_word' id='word_1_212' title='bbox 549 1872 745 1924; x_wconf 68' lang='grc' dir='ltr'>ὑπερὸολὴ,</span> <span class='ocrx_word' id='word_1_213' title='bbox 766 1875 804 1910; x_wconf 79' lang='grc' dir='ltr'><em>οὗ</em></span> <span class='ocrx_word' id='word_1_214' title='bbox 836 1873 938 1924; x_wconf 89' lang='grc' dir='ltr'>μόνον</span> <span class='ocrx_word' id='word_1_215' title='bbox 961 1872 1014 1911; x_wconf 79' lang='grc' dir='ltr'><em>ὅτι</em></span> <span class='ocrx_word' id='word_1_216' title='bbox 1043 1873 1140 1912; x_wconf 76' lang='grc' dir='ltr'>οὐδὲν</span> 
     </span>
     <span class='ocr_line' id='line_1_27' title="bbox 117 1932 1140 1986; baseline 0.003 -16"><span class='ocrx_word' id='word_1_217' title='bbox 117 1932 302 1984; x_wconf 74' lang='grc' dir='ltr'>εἰργάσατο</span> <span class='ocrx_word' id='word_1_218' title='bbox 320 1932 375 1970; x_wconf 76' lang='grc' dir='ltr'>ἐπὶ</span> <span class='ocrx_word' id='word_1_219' title='bbox 394 1935 444 1985; x_wconf 84' lang='grc' dir='ltr'><em>τῷ</em></span> <span class='ocrx_word' id='word_1_220' title='bbox 460 1933 589 1971; x_wconf 79' lang='grc' dir='ltr'>δοθέντι</span> <span class='ocrx_word' id='word_1_221' title='bbox 610 1935 703 1985; x_wconf 83' lang='grc' dir='ltr'>αὐτῷ</span> <span class='ocrx_word' id='word_1_222' title='bbox 719 1933 899 1986; x_wconf 83' lang='grc' dir='ltr'>ταλάντῳ,</span> <span class='ocrx_word' id='word_1_223' title='bbox 917 1935 994 1972; x_wconf 81' lang='grc' dir='ltr'>ἀλλ’</span> <span class='ocrx_word' id='word_1_224' title='bbox 1013 1935 1067 1973; x_wconf 77' lang='grc' dir='ltr'><em>ὅτι</em></span> <span class='ocrx_word' id='word_1_225' title='bbox 1081 1935 1140 1973; x_wconf 78' lang='grc' dir='ltr'><em>καὶ</em></span> 
     </span>
     <span class='ocr_line' id='line_1_28' title="bbox 116 1994 1139 2048; baseline 0.005 -18"><span class='ocrx_word' id='word_1_226' title='bbox 116 1994 192 2031; x_wconf 73' lang='grc' dir='ltr'>ἀντὶ</span> <span class='ocrx_word' id='word_1_227' title='bbox 216 1994 385 2032; x_wconf 77' lang='grc' dir='ltr'>ταλάντου</span> <span class='ocrx_word' id='word_1_228' title='bbox 414 1994 624 2045; x_wconf 84' lang='grc' dir='ltr'>κατηγορίαν</span> <span class='ocrx_word' id='word_1_229' title='bbox 644 1994 871 2046; x_wconf 75' lang='grc' dir='ltr'>προσήνεγκε.</span> <span class='ocrx_word' id='word_1_230' title='bbox 887 1997 1054 2034; x_wconf 83' lang='grc' dir='ltr'>Τοιοῦτον</span> <span class='ocrx_word' id='word_1_231' title='bbox 1071 1996 1139 2048; x_wconf 80' lang='grc' dir='ltr'><em>γὰρ</em></span> 
     </span>
     <span class='ocr_line' id='line_1_29' title="bbox 115 2054 1138 2108; baseline 0.003 -16"><span class='ocrx_word' id='word_1_232' title='bbox 115 2058 137 2101; x_wconf 82' lang='grc' dir='ltr'>ἡ</span> <span class='ocrx_word' id='word_1_233' title='bbox 154 2054 324 2106; x_wconf 79' lang='grc' dir='ltr'>πονηρία·</span> <span class='ocrx_word' id='word_1_234' title='bbox 345 2059 462 2092; x_wconf 84' lang='grc' dir='ltr'>σκοτοῖ</span> <span class='ocrx_word' id='word_1_235' title='bbox 484 2055 541 2092; x_wconf 84' lang='grc' dir='ltr'><em>τὸν</em></span> <span class='ocrx_word' id='word_1_236' title='bbox 562 2055 742 2106; x_wconf 85' lang='grc' dir='ltr'>λογισμὸν,</span> <span class='ocrx_word' id='word_1_237' title='bbox 769 2056 828 2093; x_wconf 80' lang='grc' dir='ltr'><em>καὶ</em></span> <span class='ocrx_word' id='word_1_238' title='bbox 858 2055 949 2094; x_wconf 84' lang='grc' dir='ltr'>κατὰ</span> <span class='ocrx_word' id='word_1_239' title='bbox 972 2060 1138 2108; x_wconf 83' lang='grc' dir='ltr'>κρημνῶν</span> 
     </span>
     <span class='ocr_line' id='line_1_30' title="bbox 114 2115 1136 2170; baseline 0.004 -17"><span class='ocrx_word' id='word_1_240' title='bbox 114 2121 206 2154; x_wconf 78' lang='grc' dir='ltr'>ποιεῖ</span> <span class='ocrx_word' id='word_1_241' title='bbox 225 2117 386 2168; x_wconf 79' lang='grc' dir='ltr'>φέρεσθαι</span> <span class='ocrx_word' id='word_1_242' title='bbox 405 2117 462 2156; x_wconf 84' lang='grc' dir='ltr'><em>τὸν</em></span> <span class='ocrx_word' id='word_1_243' title='bbox 483 2115 574 2160; x_wconf 82' lang='grc' dir='ltr'>ἅπαξ</span> <span class='ocrx_word' id='word_1_244' title='bbox 593 2119 655 2163; x_wconf 82' lang='grc' dir='ltr'>τ’ἧς</span> <span class='ocrx_word' id='word_1_245' title='bbox 668 2116 799 2160; x_wconf 80' lang='grc' dir='ltr'>εὐθείας</span> <span class='ocrx_word' id='word_1_246' title='bbox 810 2118 1028 2170; x_wconf 80' lang='grc' dir='ltr'>ἐκτραπέντα</span> <span class='ocrx_word' id='word_1_247' title='bbox 1046 2120 1136 2157; x_wconf 86' lang='grc' dir='ltr'>ὁδοῦ.</span> 
     </span>
     <span class='ocr_line' id='line_1_31' title="bbox 114 2178 1138 2230; baseline 0.001 -14"><span class='ocrx_word' id='word_1_248' title='bbox 114 2179 236 2216; x_wconf 84' lang='grc' dir='ltr'>Ταῦτα</span> <span class='ocrx_word' id='word_1_249' title='bbox 257 2179 291 2216; x_wconf 80' lang='grc' dir='ltr'><em>δὲ</em></span> <span class='ocrx_word' id='word_1_250' title='bbox 307 2179 423 2216; x_wconf 78' lang='grc' dir='ltr'>πάντα</span> <span class='ocrx_word' id='word_1_251' title='bbox 446 2178 524 2230; x_wconf 76' lang='grc' dir='ltr'>περὶ</span> <span class='ocrx_word' id='word_1_252' title='bbox 544 2180 612 2215; x_wconf 84' lang='grc' dir='ltr'><em>τῶν</em></span> <span class='ocrx_word' id='word_1_253' title='bbox 632 2178 851 2215; x_wconf 84' lang='grc' dir='ltr'>διδασκάλων</span> <span class='ocrx_word' id='word_1_254' title='bbox 869 2178 1023 2230; x_wconf 86' lang='grc' dir='ltr'>εἴρηται,</span> <span class='ocrx_word' id='word_1_255' title='bbox 1046 2179 1138 2217; x_wconf 86' lang='grc' dir='ltr'>ὥστε</span> 
     </span>
     <span class='ocr_line' id='line_1_32' title="bbox 113 2237 1138 2291; baseline -0.001 -14"><span class='ocrx_word' id='word_1_256' title='bbox 113 2239 162 2289; x_wconf 76' lang='grc' dir='ltr'><em>μὴ</em></span> <span class='ocrx_word' id='word_1_257' title='bbox 183 2240 465 2291; x_wconf 82' lang='grc' dir='ltr'>ἀποκρύπτεσθαι</span> <span class='ocrx_word' id='word_1_258' title='bbox 484 2238 527 2277; x_wconf 82' lang='grc' dir='ltr'><em>τὰ</em></span> <span class='ocrx_word' id='word_1_259' title='bbox 545 2238 835 2289; x_wconf 80' lang='grc' dir='ltr'>ἐμπιστευθέντα,</span> <span class='ocrx_word' id='word_1_260' title='bbox 854 2238 943 2276; x_wconf 85' lang='grc' dir='ltr'>ἀλλὰ</span> <span class='ocrx_word' id='word_1_261' title='bbox 960 2237 1049 2288; x_wconf 85' lang='grc' dir='ltr'>μετὰ</span> <span class='ocrx_word' id='word_1_262' title='bbox 1066 2238 1138 2276; x_wconf 86' lang='grc' dir='ltr'>πά-</span> 
     </span>
     <span class='ocr_line' id='line_1_33' title="bbox 112 2299 1136 2352; baseline -0.001 -13"><span class='ocrx_word' id='word_1_263' title='bbox 112 2316 174 2347; x_wconf 75' lang='grc' dir='ltr'>σης</span> <span class='ocrx_word' id='word_1_264' title='bbox 198 2301 350 2346; x_wconf 77' lang='grc' dir='ltr'>σπουδῆς</span> <span class='ocrx_word' id='word_1_265' title='bbox 366 2299 594 2352; x_wconf 86' lang='grc' dir='ltr'>παρατιθέναι</span> <span class='ocrx_word' id='word_1_266' title='bbox 622 2305 694 2343; x_wconf 86' lang='grc' dir='ltr'>τοῖς</span> <span class='ocrx_word' id='word_1_267' title='bbox 719 2300 1023 2351; x_wconf 82' lang='grc' dir='ltr'>μαθητευομένοις.</span> <span class='ocrx_word' id='word_1_268' title='bbox 1043 2299 1136 2339; x_wconf 82' lang='grc' dir='ltr'>Ἀλλ’</span> 
     </span>
     <span class='ocr_line' id='line_1_34' title="bbox 112 2361 1134 2413; baseline 0 -13"><span class='ocrx_word' id='word_1_269' title='bbox 112 2362 215 2400; x_wconf 79' lang='grc' dir='ltr'>ἄκουε</span> <span class='ocrx_word' id='word_1_270' title='bbox 239 2362 375 2409; x_wconf 85' lang='grc' dir='ltr'>λοιπὸν,</span> <span class='ocrx_word' id='word_1_271' title='bbox 398 2361 575 2413; x_wconf 80' lang='grc' dir='ltr'>ἀγαπητὲ,</span> <span class='ocrx_word' id='word_1_272' title='bbox 590 2363 630 2399; x_wconf 83' lang='grc' dir='ltr'>ἐκ</span> <span class='ocrx_word' id='word_1_273' title='bbox 653 2364 715 2408; x_wconf 68' lang='grc' dir='ltr'><em>τῆς</em></span> <span class='ocrx_word' id='word_1_274' title='bbox 743 2361 828 2413; x_wconf 79' lang='grc' dir='ltr'>πρὸς</span> <span class='ocrx_word' id='word_1_275' title='bbox 847 2363 977 2399; x_wconf 80' lang='grc' dir='ltr'>ἐκεῖνον</span> <span class='ocrx_word' id='word_1_276' title='bbox 996 2363 1134 2413; x_wconf 88' lang='grc' dir='ltr'>ἀγανα-</span> 
     </span>
     <span class='ocr_line' id='line_1_35' title="bbox 112 2422 1137 2475; baseline 0.001 -15"><span class='ocrx_word' id='word_1_277' title='bbox 112 2423 289 2470; x_wconf 79' lang='grc' dir='ltr'>κτήσεως,</span> <span class='ocrx_word' id='word_1_278' title='bbox 317 2423 410 2466; x_wconf 80' lang='grc' dir='ltr'>ὅπως</span> <span class='ocrx_word' id='word_1_279' title='bbox 439 2422 498 2460; x_wconf 68' lang='grc' dir='ltr'><em>καὶ</em></span> <span class='ocrx_word' id='word_1_280' title='bbox 527 2425 558 2460; x_wconf 83' lang='grc' dir='ltr'><em>οἱ</em></span> <span class='ocrx_word' id='word_1_281' title='bbox 588 2423 864 2473; x_wconf 80' lang='grc' dir='ltr'>μαθητευόμενοι</span> <span class='ocrx_word' id='word_1_282' title='bbox 883 2422 1066 2461; x_wconf 79' lang='grc' dir='ltr'>ὑπεύθυνοι</span> <span class='ocrx_word' id='word_1_283' title='bbox 1083 2423 1137 2475; x_wconf 89' lang='grc' dir='ltr'><em>γί-</em></span> 
     </span>
     <span class='ocr_line' id='line_1_36' title="bbox 112 2483 1136 2534; baseline 0.002 -14"><span class='ocrx_word' id='word_1_284' title='bbox 112 2495 244 2531; x_wconf 83' lang='grc' dir='ltr'>νονται,</span> <span class='ocrx_word' id='word_1_285' title='bbox 264 2483 322 2522; x_wconf 79' lang='grc' dir='ltr'><em>καὶ</em></span> <span class='ocrx_word' id='word_1_286' title='bbox 338 2486 398 2523; x_wconf 84' lang='grc' dir='ltr'><em>οὐκ</em></span> <span class='ocrx_word' id='word_1_287' title='bbox 425 2485 541 2522; x_wconf 82' lang='grc' dir='ltr'>ἐκεῖνα</span> <span class='ocrx_word' id='word_1_288' title='bbox 566 2483 670 2534; x_wconf 85' lang='grc' dir='ltr'>μόνον</span> <span class='ocrx_word' id='word_1_289' title='bbox 690 2486 920 2522; x_wconf 85' lang='grc' dir='ltr'>ἀπαιτοῦνται</span> <span class='ocrx_word' id='word_1_290' title='bbox 947 2483 991 2521; x_wconf 85' lang='grc' dir='ltr'><em>τὰ</em></span> <span class='ocrx_word' id='word_1_291' title='bbox 1023 2499 1136 2522; x_wconf 88' lang='grc' dir='ltr'>κατα-</span> 
     </span>
     <span class='ocr_line' id='line_1_37' title="bbox 112 2543 1135 2597; baseline 0.003 -16"><span class='ocrx_word' id='word_1_292' title='bbox 112 2543 304 2592; x_wconf 69' lang='grc' dir='ltr'>ῧληθέντα,</span> <span class='ocrx_word' id='word_1_293' title='bbox 336 2545 426 2584; x_wconf 84' lang='grc' dir='ltr'>ἀλλὰ</span> <span class='ocrx_word' id='word_1_294' title='bbox 454 2545 514 2583; x_wconf 83' lang='grc' dir='ltr'><em>καὶ</em></span> <span class='ocrx_word' id='word_1_295' title='bbox 539 2545 628 2596; x_wconf 86' lang='grc' dir='ltr'>μετὰ</span> <span class='ocrx_word' id='word_1_296' title='bbox 656 2550 717 2585; x_wconf 82' lang='grc' dir='ltr'><em>τοῦ</em></span> <span class='ocrx_word' id='word_1_297' title='bbox 751 2545 854 2584; x_wconf 86' lang='grc' dir='ltr'>τόκου</span> <span class='ocrx_word' id='word_1_298' title='bbox 881 2545 946 2593; x_wconf 83' lang='grc' dir='ltr'><em>τὴν</em></span> <span class='ocrx_word' id='word_1_299' title='bbox 965 2544 1135 2597; x_wconf 82' lang='grc' dir='ltr'><em>ι’μέθοδον</em></span> 
     </span>
    </p>
   </div>
   <div class='ocr_carea' id='block_1_6' title="bbox 108 2669 1118 3493">
    <p class='ocr_par' dir='ltr' id='par_1_6' title="bbox 109 2669 1118 2868">
     <span class='ocr_line' id='line_1_38' title="bbox 155 2669 1118 2714; baseline 0 -10"><span class='ocrx_word' id='word_1_300' title='bbox 155 2680 167 2694; x_wconf 75' lang='lat'>⁸</span> <span class='ocrx_word' id='word_1_301' title='bbox 191 2673 400 2713; x_wconf 72' lang='grc' dir='ltr'>Εὖγνωμοσύνη</span> <span class='ocrx_word' id='word_1_302' title='bbox 423 2677 474 2702; x_wconf 88' lang='lat' dir='ltr'><em>est</em></span> <span class='ocrx_word' id='word_1_303' title='bbox 495 2678 530 2702; x_wconf 85' lang='grc' dir='ltr'><em>ιιι</em></span> <span class='ocrx_word' id='word_1_304' title='bbox 551 2669 728 2712; x_wconf 84' lang='lat' dir='ltr'><em>plurimum</em></span> <span class='ocrx_word' id='word_1_305' title='bbox 745 2679 859 2714; x_wconf 78' lang='lat' dir='ltr'><em>gratas</em></span> <span class='ocrx_word' id='word_1_306' title='bbox 875 2671 1008 2703; x_wconf 86' lang='lat' dir='ltr'><em>animus</em></span> <span class='ocrx_word' id='word_1_307' title='bbox 1023 2695 1032 2711; x_wconf 93' lang='lat'><strong>‚</strong></span> <span class='ocrx_word' id='word_1_308' title='bbox 1050 2671 1118 2704; x_wconf 86' lang='lat' dir='ltr'><em>sive</em></span> 
     </span>
     <span class='ocr_line' id='line_1_39' title="bbox 110 2721 1118 2766; baseline 0.003 -14"><span class='ocrx_word' id='word_1_309' title='bbox 110 2723 200 2763; x_wconf 81' lang='lat' dir='ltr'><em>grati</em></span> <span class='ocrx_word' id='word_1_310' title='bbox 219 2733 278 2760; x_wconf 78' lang='lat' dir='ltr'><em>pm</em></span> <span class='ocrx_word' id='word_1_311' title='bbox 298 2730 434 2765; x_wconf 80' lang='lat' dir='ltr'><em>accepto</em></span> <span class='ocrx_word' id='word_1_312' title='bbox 458 2721 618 2766; x_wconf 68' lang='lat' dir='ltr'><em>beneficio</em></span> <span class='ocrx_word' id='word_1_313' title='bbox 642 2723 749 2753; x_wconf 85' lang='lat' dir='ltr'><em>animi</em></span> <span class='ocrx_word' id='word_1_314' title='bbox 769 2725 913 2766; x_wconf 81' lang='lat' dir='ltr'><em>signum.</em></span> <span class='ocrx_word' id='word_1_315' title='bbox 931 2721 1118 2766; x_wconf 80' lang='lat' dir='ltr'>Aliquando</span> 
     </span>
     <span class='ocr_line' id='line_1_40' title="bbox 109 2772 1117 2819; baseline 0.004 -17"><span class='ocrx_word' id='word_1_316' title='bbox 109 2772 209 2803; x_wconf 70' lang='lat' dir='ltr'><em>ctiam</em></span> <span class='ocrx_word' id='word_1_317' title='bbox 220 2772 378 2815; x_wconf 75' lang='lat' dir='ltr'><em>probitas,</em></span> <span class='ocrx_word' id='word_1_318' title='bbox 398 2773 525 2816; x_wconf 78' lang='lat' dir='ltr'><em>illaque</em></span> <span class='ocrx_word' id='word_1_319' title='bbox 542 2775 646 2805; x_wconf 74' lang='lat' dir='ltr'><em>vittas</em></span> <span class='ocrx_word' id='word_1_320' title='bbox 662 2785 739 2817; x_wconf 78' lang='lat' dir='ltr'><em>qaoe</em></span> <span class='ocrx_word' id='word_1_321' title='bbox 753 2781 886 2818; x_wconf 76' lang='lat' dir='ltr'><em>gratam</em></span> <span class='ocrx_word' id='word_1_322' title='bbox 903 2781 934 2807; x_wconf 83' lang='lat' dir='ltr'><em>et</em></span> <span class='ocrx_word' id='word_1_323' title='bbox 945 2782 1117 2819; x_wconf 85' lang='lat' dir='ltr'><em>acceptum</em></span> 
     </span>
     <span class='ocr_line' id='line_1_41' title="bbox 110 2824 231 2868; baseline 0 -13"><span class='ocrx_word' id='word_1_324' title='bbox 110 2824 231 2868; x_wconf 67' lang='lat' dir='ltr'><em>elficit.</em></span> 
     </span>
    </p>

    <p class='ocr_par' dir='ltr' id='par_1_7' title="bbox 108 2874 1118 3493">
     <span class='ocr_line' id='line_1_42' title="bbox 155 2874 1116 2920; baseline 0.003 -11"><span class='ocrx_word' id='word_1_325' title='bbox 155 2877 171 2900; x_wconf 67' lang='grc' dir='ltr'><em>Ι)</em></span> <span class='ocrx_word' id='word_1_326' title='bbox 196 2874 279 2910; x_wconf 57' lang='lat' dir='ltr'><em>Axia</em></span> <span class='ocrx_word' id='word_1_327' title='bbox 294 2881 343 2910; x_wconf 81' lang='grc' dir='ltr'><em>καὶ</em></span> <span class='ocrx_word' id='word_1_328' title='bbox 360 2882 441 2918; x_wconf 83' lang='grc' dir='ltr'>μετὰ</span> <span class='ocrx_word' id='word_1_329' title='bbox 459 2881 511 2910; x_wconf 85' lang='grc' dir='ltr'><em>τοῦ</em></span> <span class='ocrx_word' id='word_1_330' title='bbox 528 2884 614 2911; x_wconf 81' lang='grc' dir='ltr'>τόκου</span> <span class='ocrx_word' id='word_1_331' title='bbox 630 2883 682 2916; x_wconf 75' lang='grc' dir='ltr'><em>τὴν</em></span> <span class='ocrx_word' id='word_1_332' title='bbox 697 2881 822 2920; x_wconf 69' lang='grc' dir='ltr'>μέθοδον</span> <span class='ocrx_word' id='word_1_333' title='bbox 834 2881 1019 2919; x_wconf 75' lang='grc' dir='ltr'>ὑπομένουσι.</span> <span class='ocrx_word' id='word_1_334' title='bbox 1038 2878 1116 2911; x_wconf 69' lang='lat' dir='ltr'><em>Sin-</em></span> 
     </span>
     <span class='ocr_line' id='line_1_43' title="bbox 109 2926 1116 2973; baseline 0.004 -16"><span class='ocrx_word' id='word_1_335' title='bbox 109 2926 229 2969; x_wconf 80' lang='lat' dir='ltr'><em>gularis</em></span> <span class='ocrx_word' id='word_1_336' title='bbox 246 2939 320 2959; x_wconf 83' lang='lat' dir='ltr'><em>usus</em></span> <span class='ocrx_word' id='word_1_337' title='bbox 338 2928 429 2960; x_wconf 83' lang='lat' dir='ltr'><em>vocis</em></span> <span class='ocrx_word' id='word_1_338' title='bbox 446 2931 587 2971; x_wconf 73' lang='grc' dir='ltr'>μέθοδος,</span> <span class='ocrx_word' id='word_1_339' title='bbox 603 2940 675 2971; x_wconf 84' lang='lat' dir='ltr'><em>quae</em></span> <span class='ocrx_word' id='word_1_340' title='bbox 690 2929 788 2973; x_wconf 84' lang='lat' dir='ltr'><em>vulgo</em></span> <span class='ocrx_word' id='word_1_341' title='bbox 808 2929 973 2973; x_wconf 84' lang='lat' dir='ltr'><em>significat</em></span> <span class='ocrx_word' id='word_1_342' title='bbox 993 2929 1116 2962; x_wconf 74' lang='lat' dir='ltr'><em>metho-</em></span> 
     </span>
     <span class='ocr_line' id='line_1_44' title="bbox 108 2977 1113 3021; baseline 0.003 -12"><span class='ocrx_word' id='word_1_343' title='bbox 108 2979 204 3021; x_wconf 82' lang='lat' dir='ltr'><em>dum,</em></span> <span class='ocrx_word' id='word_1_344' title='bbox 222 2977 389 3018; x_wconf 80' lang='lat' dir='ltr'><strong><em>technam,</em></strong></span> <span class='ocrx_word' id='word_1_345' title='bbox 407 2986 521 3018; x_wconf 86' lang='lat' dir='ltr'><em>artem,</em></span> <span class='ocrx_word' id='word_1_346' title='bbox 539 2981 606 3011; x_wconf 74' lang='lat' dir='ltr'><em>sive</em></span> <span class='ocrx_word' id='word_1_347' title='bbox 629 2979 932 3014; x_wconf 76' lang='lat' dir='ltr'><em>machinamentum</em></span> <span class='ocrx_word' id='word_1_348' title='bbox 948 2995 958 3013; x_wconf 92' lang='lat'><em>.·</em></span> <span class='ocrx_word' id='word_1_349' title='bbox 973 2980 1037 3014; x_wconf 82' lang='lat' dir='ltr'><em>hoc</em></span> <span class='ocrx_word' id='word_1_350' title='bbox 1053 2992 1113 3012; x_wconf 88' lang='lat' dir='ltr'><em>au·-</em></span> 
     </span>
     <span class='ocr_line' id='line_1_45' title="bbox 110 3030 1116 3077; baseline 0.002 -15"><span class='ocrx_word' id='word_1_351' title='bbox 110 3038 176 3062; x_wconf 84' lang='lat' dir='ltr'><em>tem</em></span> <span class='ocrx_word' id='word_1_352' title='bbox 193 3030 267 3063; x_wconf 91' lang='lat' dir='ltr'><em>loco</em></span> <span class='ocrx_word' id='word_1_353' title='bbox 287 3030 348 3063; x_wconf 84' lang='lat' dir='ltr'>sibi</span> <span class='ocrx_word' id='word_1_354' title='bbox 365 3031 436 3063; x_wconf 72' lang='lat' dir='ltr'><em>vult</em></span> <span class='ocrx_word' id='word_1_355' title='bbox 455 3033 678 3074; x_wconf 76' lang='lat' dir='ltr'><em>exactionem,</em></span> <span class='ocrx_word' id='word_1_356' title='bbox 696 3033 764 3065; x_wconf 86' lang='lat' dir='ltr'><em>sive</em></span> <span class='ocrx_word' id='word_1_357' title='bbox 779 3035 1026 3077; x_wconf 80' lang='lat' dir='ltr'><em>requisitionem</em></span> <span class='ocrx_word' id='word_1_358' title='bbox 1039 3032 1116 3076; x_wconf 88' lang='lat' dir='ltr'><em>soe-</em></span> 
     </span>
     <span class='ocr_line' id='line_1_46' title="bbox 110 3082 1115 3127; baseline 0.005 -14"><span class='ocrx_word' id='word_1_359' title='bbox 110 3085 199 3115; x_wconf 82' lang='lat' dir='ltr'><em>noris</em></span> <span class='ocrx_word' id='word_1_360' title='bbox 213 3094 286 3115; x_wconf 81' lang='lat' dir='ltr'><em>cum</em></span> <span class='ocrx_word' id='word_1_361' title='bbox 302 3091 374 3115; x_wconf 80' lang='lat' dir='ltr'><em>arte</em></span> <span class='ocrx_word' id='word_1_362' title='bbox 389 3082 621 3127; x_wconf 81' lang='lat' dir='ltr'><em>conjunctam,</em></span> <span class='ocrx_word' id='word_1_363' title='bbox 636 3084 766 3127; x_wconf 85' lang='lat' dir='ltr'><em>qualem</em></span> <span class='ocrx_word' id='word_1_364' title='bbox 792 3086 1045 3127; x_wconf 76' lang='lat' dir='ltr'><em>pater-familias</em></span> <span class='ocrx_word' id='word_1_365' title='bbox 1062 3084 1115 3118; x_wconf 86' lang='lat' dir='ltr'><em>ille</em></span> 
     </span>
     <span class='ocr_line' id='line_1_47' title="bbox 109 3135 1112 3180; baseline 0.003 -14"><span class='ocrx_word' id='word_1_366' title='bbox 109 3135 334 3179; x_wconf 77' lang='lat' dir='ltr'><em>evangelicus,</em></span> <span class='ocrx_word' id='word_1_367' title='bbox 348 3137 404 3179; x_wconf 88' lang='lat' dir='ltr'><em>qui</em></span> <span class='ocrx_word' id='word_1_368' title='bbox 420 3137 595 3179; x_wconf 78' lang='lat' dir='ltr'><em>pecuniam</em></span> <span class='ocrx_word' id='word_1_369' title='bbox 613 3138 713 3169; x_wconf 73' lang='lat' dir='ltr'><em>servis</em></span> <span class='ocrx_word' id='word_1_370' title='bbox 737 3136 897 3180; x_wconf 75' lang='lat' dir='ltr'><em>tradidit,</em></span> <span class='ocrx_word' id='word_1_371' title='bbox 912 3136 1112 3170; x_wconf 76' lang='lat' dir='ltr'>adhibebat:</span> 
     </span>
     <span class='ocr_line' id='line_1_48' title="bbox 109 3187 1115 3232; baseline 0.007 -15"><span class='ocrx_word' id='word_1_372' title='bbox 109 3199 207 3230; x_wconf 81' lang='lat' dir='ltr'><em>quem</em></span> <span class='ocrx_word' id='word_1_373' title='bbox 233 3190 323 3220; x_wconf 80' lang='lat' dir='ltr'><em>vocis</em></span> <span class='ocrx_word' id='word_1_374' title='bbox 348 3199 440 3221; x_wconf 89' lang='lat' dir='ltr'><em>usum</em></span> <span class='ocrx_word' id='word_1_375' title='bbox 460 3187 661 3221; x_wconf 79' lang='lat' dir='ltr'><em>confirmant</em></span> <span class='ocrx_word' id='word_1_376' title='bbox 685 3188 754 3222; x_wconf 74' lang='lat' dir='ltr'><em>lioec</em></span> <span class='ocrx_word' id='word_1_377' title='bbox 781 3188 864 3222; x_wconf 83' lang='lat' dir='ltr'><em>iufra</em></span> <span class='ocrx_word' id='word_1_378' title='bbox 890 3191 997 3232; x_wconf 88' lang='lat' dir='ltr'><em>posita</em></span> <span class='ocrx_word' id='word_1_379' title='bbox 1018 3206 1024 3224; x_wconf 74' lang='grc' dir='ltr'>ε</span> <span class='ocrx_word' id='word_1_380' title='bbox 1043 3195 1115 3224; x_wconf 79' lang='grc' dir='ltr'>ὅταν</span> 
     </span>
     <span class='ocr_line' id='line_1_49' title="bbox 111 3241 1115 3285; baseline 0.006 -15"><span class='ocrx_word' id='word_1_381' title='bbox 111 3244 158 3271; x_wconf 65' lang='grc' dir='ltr'><em>καὶ</em></span> <span class='ocrx_word' id='word_1_382' title='bbox 176 3245 225 3273; x_wconf 73' lang='grc' dir='ltr'><em>τὸν</em></span> <span class='ocrx_word' id='word_1_383' title='bbox 249 3242 323 3284; x_wconf 71' lang='grc' dir='ltr'>ὑπὲρ</span> <span class='ocrx_word' id='word_1_384' title='bbox 341 3243 452 3274; x_wconf 82' lang='grc' dir='ltr'>τοὺτων</span> <span class='ocrx_word' id='word_1_385' title='bbox 473 3247 558 3274; x_wconf 82' lang='grc' dir='ltr'>τόκον</span> <span class='ocrx_word' id='word_1_386' title='bbox 573 3244 808 3283; x_wconf 72' lang='grc' dir='ltr'>μεθοῆεὑωνται,</span> <span class='ocrx_word' id='word_1_387' title='bbox 823 3241 960 3285; x_wconf 76' lang='lat' dir='ltr'><em>quando</em></span> <span class='ocrx_word' id='word_1_388' title='bbox 978 3252 1039 3285; x_wconf 76' lang='lat' dir='ltr'><em>pro</em></span> <span class='ocrx_word' id='word_1_389' title='bbox 1053 3241 1115 3273; x_wconf 78' lang='lat' dir='ltr'><em>de-</em></span> 
     </span>
     <span class='ocr_line' id='line_1_50' title="bbox 109 3292 1115 3337; baseline 0.004 -16"><span class='ocrx_word' id='word_1_390' title='bbox 109 3293 224 3333; x_wconf 75' lang='lat' dir='ltr'><em>positis</em></span> <span class='ocrx_word' id='word_1_391' title='bbox 243 3293 396 3334; x_wconf 83' lang='lat' dir='ltr'><em>pecuniis</em></span> <span class='ocrx_word' id='word_1_392' title='bbox 415 3294 513 3323; x_wconf 81' lang='lat' dir='ltr'><em>u&#39;sura</em></span> <span class='ocrx_word' id='word_1_393' title='bbox 532 3292 576 3324; x_wconf 85' lang='lat' dir='ltr'><em>ab</em></span> <span class='ocrx_word' id='word_1_394' title='bbox 597 3294 644 3324; x_wconf 83' lang='lat' dir='ltr'><em>eis</em></span> <span class='ocrx_word' id='word_1_395' title='bbox 662 3295 823 3337; x_wconf 67' lang='lat' dir='ltr'><em>exigitur-5</em></span> <span class='ocrx_word' id='word_1_396' title='bbox 840 3302 873 3326; x_wconf 82' lang='lat' dir='ltr'><em>et</em></span> <span class='ocrx_word' id='word_1_397' title='bbox 894 3293 978 3326; x_wconf 74' lang='lat' dir='ltr'><em>iufra</em></span> <span class='ocrx_word' id='word_1_398' title='bbox 998 3293 1115 3327; x_wconf 88' lang='lat' dir='ltr'><em>eodem</em></span> 
     </span>
     <span class='ocr_line' id='line_1_51' title="bbox 110 3342 1118 3390; baseline 0.002 -14"><span class='ocrx_word' id='word_1_399' title='bbox 110 3354 226 3375; x_wconf 57' lang='lat' dir='ltr'><em>sensu:</em></span> <span class='ocrx_word' id='word_1_400' title='bbox 245 3342 312 3377; x_wconf 68' lang='grc' dir='ltr'>ἐκεῖ</span> <span class='ocrx_word' id='word_1_401' title='bbox 326 3347 382 3386; x_wconf 79' lang='grc' dir='ltr'><em>μὲν</em></span> <span class='ocrx_word' id='word_1_402' title='bbox 397 3349 455 3390; x_wconf 70' lang='grc' dir='ltr'>γὰρ</span> <span class='ocrx_word' id='word_1_403' title='bbox 469 3348 484 3378; x_wconf 78' lang='grc' dir='ltr'>ὀ</span> <span class='ocrx_word' id='word_1_404' title='bbox 495 3347 679 3386; x_wconf 50' lang='lat' dir='ltr'><em>,nimam-&#39;15</em></span> <span class='ocrx_word' id='word_1_405' title='bbox 695 3350 734 3383; x_wconf 78' lang='grc' dir='ltr'><em>εἰς</em></span> <span class='ocrx_word' id='word_1_406' title='bbox 749 3351 878 3389; x_wconf 70' lang='grc' dir='ltr'>ἐσχάτην</span> <span class='ocrx_word' id='word_1_407' title='bbox 894 3351 994 3380; x_wconf 81' lang='grc' dir='ltr'>πενίαν</span> <span class='ocrx_word' id='word_1_408' title='bbox 1010 3351 1118 3390; x_wconf 68' lang='grc' dir='ltr'>ἀθρόον</span> 
     </span>
     <span class='ocr_line' id='line_1_52' title="bbox 113 3399 1106 3441; baseline 0.002 -13"><span class='ocrx_word' id='word_1_409' title='bbox 113 3401 328 3441; x_wconf 53' lang='grc' dir='ltr'>ιαταςέρεταυ</span> <span class='ocrx_word' id='word_1_410' title='bbox 347 3400 472 3430; x_wconf 76' lang='grc' dir='ltr'>ἐνταῦθα</span> <span class='ocrx_word' id='word_1_411' title='bbox 489 3399 520 3430; x_wconf 76' lang='grc' dir='ltr'><em>δὲ</em></span> <span class='ocrx_word' id='word_1_412' title='bbox 544 3401 559 3430; x_wconf 81' lang='grc' dir='ltr'><strong>ὁ</strong></span> <span class='ocrx_word' id='word_1_413' title='bbox 575 3400 822 3440; x_wconf 79' lang='grc' dir='ltr'>μεθοδευύμενος,</span> <span class='ocrx_word' id='word_1_414' title='bbox 837 3403 910 3432; x_wconf 75' lang='grc' dir='ltr'>ὅταν</span> <span class='ocrx_word' id='word_1_415' title='bbox 930 3402 1043 3436; x_wconf 67' lang='grc' dir='ltr'>πολλὴν</span> <span class='ocrx_word' id='word_1_416' title='bbox 1066 3401 1106 3430; x_wconf 69' lang='grc' dir='ltr'>εἶι-</span> 
     </span>
     <span class='ocr_line' id='line_1_53' title="bbox 114 3450 1117 3493; baseline 0.004 -14"><span class='ocrx_word' id='word_1_417' title='bbox 114 3451 296 3490; x_wconf 74' lang='grc' dir='ltr'>γνωμοσύνην</span> <span class='ocrx_word' id='word_1_418' title='bbox 313 3450 575 3492; x_wconf 67' lang='grc' dir='ltr'>ἐπιδεῖξηται,ἒσῳ</span> <span class='ocrx_word' id='word_1_419' title='bbox 592 3454 627 3483; x_wconf 78' lang='grc' dir='ltr'><em>ἀν</em></span> <span class='ocrx_word' id='word_1_420' title='bbox 649 3452 769 3484; x_wconf 69' lang='grc' dir='ltr'>πλείονα</span> <span class='ocrx_word' id='word_1_421' title='bbox 788 3457 872 3485; x_wconf 69' lang='grc' dir='ltr'>τέκον</span> <span class='ocrx_word' id='word_1_422' title='bbox 895 3456 1055 3493; x_wconf 55' lang='lat' dir='ltr'><em>tinus-sna,</em></span> <span class='ocrx_word' id='word_1_423' title='bbox 1072 3464 1117 3483; x_wconf 76' lang='grc' dir='ltr'><em>το-</em></span> 
     </span>
    </p>
   </div>
   <div class='ocr_carea' id='block_1_7' title="bbox 1085 257 1246 289">
    <p class='ocr_par' dir='ltr' id='par_1_8' title="bbox 1085 257 1246 289">
     <span class='ocr_line' id='line_1_54' title="bbox 1085 257 1246 289; baseline 0.012 -2"><span class='ocrx_word' id='word_1_424' title='bbox 1085 257 1246 289; x_wconf 80' lang='lat' dir='ltr'><strong>GENES.</strong></span> 
     </span>
    </p>
   </div>
   <div class='ocr_carea' id='block_1_8' title="bbox 1284 250 2157 309">
    <p class='ocr_par' dir='ltr' id='par_1_9' title="bbox 1284 250 2157 309">
     <span class='ocr_line' id='line_1_55' title="bbox 1284 250 2157 309; baseline 0 -21"><span class='ocrx_word' id='word_1_425' title='bbox 1284 257 1442 289; x_wconf 72' lang='lat' dir='ltr'><em>nomn„</em></span> <span class='ocrx_word' id='word_1_426' title='bbox 1479 257 1573 288; x_wconf 74' lang='lat' dir='ltr'><em>xm.</em></span> <span class='ocrx_word' id='word_1_427' title='bbox 2068 250 2157 309; x_wconf 72' lang='lat'><em>477</em></span> 
     </span>
    </p>
   </div>
   <div class='ocr_carea' id='block_1_9' title="bbox 1210 340 2162 393">
    <p class='ocr_par' dir='ltr' id='par_1_10' title="bbox 1210 340 2162 393">
     <span class='ocr_line' id='line_1_56' title="bbox 1210 340 2162 393; baseline 0.002 -15"><span class='ocrx_word' id='word_1_428' title='bbox 1210 355 1278 392; x_wconf 84' lang='lat' dir='ltr'><em>gna</em></span> <span class='ocrx_word' id='word_1_429' title='bbox 1307 340 1400 380; x_wconf 81' lang='lat' dir='ltr'><em>servi</em></span> <span class='ocrx_word' id='word_1_430' title='bbox 1429 340 1543 393; x_wconf 83' lang='lat' dir='ltr'><em>gratia</em></span> <span class='ocrx_word' id='word_1_431' title='bbox 1573 349 1608 380; x_wconf 88' lang='lat' dir='ltr'><em>et</em></span> <span class='ocrx_word' id='word_1_432' title='bbox 1635 340 1806 393; x_wconf 71' lang='lat' dir='ltr'><em>probitaS,</em></span> <span class='ocrx_word' id='word_1_433' title='bbox 1840 341 1940 392; x_wconf 82' lang='lat' dir='ltr'><em>larga</em></span> <span class='ocrx_word' id='word_1_434' title='bbox 1972 341 2078 379; x_wconf 87' lang='lat' dir='ltr'><em>etiam</em></span> <span class='ocrx_word' id='word_1_435' title='bbox 2098 343 2162 380; x_wconf 86' lang='lat' dir='ltr'><em>do·</em></span> 
     </span>
    </p>
   </div>
   <div class='ocr_carea' id='block_1_10' title="bbox 1210 399 2362 453">
    <p class='ocr_par' dir='ltr' id='par_1_11' title="bbox 1210 399 2362 453">
     <span class='ocr_line' id='line_1_57' title="bbox 1210 399 2362 453; baseline 0.003 -15"><span class='ocrx_word' id='word_1_436' title='bbox 1210 401 1297 439; x_wconf 84' lang='lat' dir='ltr'><em>mini</em></span> <span class='ocrx_word' id='word_1_437' title='bbox 1327 401 1538 452; x_wconf 81' lang='lat' dir='ltr'><em>benignitas.</em></span> <span class='ocrx_word' id='word_1_438' title='bbox 1562 400 1609 439; x_wconf 82' lang='lat' dir='ltr'><em>Et</em></span> <span class='ocrx_word' id='word_1_439' title='bbox 1635 400 1724 452; x_wconf 90' lang='lat' dir='ltr'><em>quid</em></span> <span class='ocrx_word' id='word_1_440' title='bbox 1755 399 1873 439; x_wconf 76' lang='lat' dir='ltr'><em>dicit?</em></span> <span class='ocrx_word' id='word_1_441' title='bbox 1901 402 2033 453; x_wconf 80' lang='lat' dir='ltr'><em>Euge,</em></span> <span class='ocrx_word' id='word_1_442' title='bbox 2057 416 2162 441; x_wconf 82' lang='lat' dir='ltr'><em>serve</em></span> <span class='ocrx_word' id='word_1_443' title='bbox 2178 412 2288 440; x_wconf 74' lang='lat' dir='ltr'><em>Mauh.</em></span> <span class='ocrx_word' id='word_1_444' title='bbox 2312 413 2362 441; x_wconf 78' lang='lat'><em>25.</em></span> 
     </span>
    </p>
   </div>
   <div class='ocr_carea' id='block_1_11' title="bbox 1205 460 2226 700">
    <p class='ocr_par' dir='ltr' id='par_1_12' title="bbox 1205 460 2226 700">
     <span class='ocr_line' id='line_1_58' title="bbox 1210 460 2226 515; baseline 0.001 -16"><span class='ocrx_word' id='word_1_445' title='bbox 1210 464 1308 500; x_wconf 85' lang='lat' dir='ltr'><em>bone</em></span> <span class='ocrx_word' id='word_1_446' title='bbox 1323 471 1359 500; x_wconf 89' lang='lat' dir='ltr'><em>et</em></span> <span class='ocrx_word' id='word_1_447' title='bbox 1379 462 1522 513; x_wconf 82' lang='lat' dir='ltr'><em>fidelis,</em></span> <span class='ocrx_word' id='word_1_448' title='bbox 1540 475 1654 513; x_wconf 82' lang='lat' dir='ltr'><em>super</em></span> <span class='ocrx_word' id='word_1_449' title='bbox 1664 462 2076 515; x_wconf 81' lang='lat' dir='ltr'><em>pattcafitistifidelis‚</em></span> <span class='ocrx_word' id='word_1_450' title='bbox 2096 476 2162 501; x_wconf 82' lang='lat' dir='ltr'><em>su-</em></span> <span class='ocrx_word' id='word_1_451' title='bbox 2178 460 2226 481; x_wconf 87' lang='lat'><em>²¹·</em></span> 
     </span>
     <span class='ocr_line' id='line_1_59' title="bbox 1205 523 2164 576; baseline 0.002 -18"><span class='ocrx_word' id='word_1_452' title='bbox 1205 536 1276 573; x_wconf 81' lang='lat' dir='ltr'><em>per</em></span> <span class='ocrx_word' id='word_1_453' title='bbox 1295 523 1418 560; x_wconf 79' lang='lat' dir='ltr'><em>multa</em></span> <span class='ocrx_word' id='word_1_454' title='bbox 1441 531 1476 560; x_wconf 91' lang='lat' dir='ltr'><em>te</em></span> <span class='ocrx_word' id='word_1_455' title='bbox 1504 525 1737 561; x_wconf 74' lang='lat' dir='ltr'><em>constituam</em></span> <span class='ocrx_word' id='word_1_456' title='bbox 1759 539 1768 559; x_wconf 91' lang='lat'>:</span> <span class='ocrx_word' id='word_1_457' title='bbox 1793 523 1993 576; x_wconf 78' lang='lat' dir='ltr'><em>ingredere</em></span> <span class='ocrx_word' id='word_1_458' title='bbox 2011 526 2052 561; x_wconf 91' lang='lat' dir='ltr'><em>in</em></span> <span class='ocrx_word' id='word_1_459' title='bbox 2071 537 2164 576; x_wconf 81' lang='lat' dir='ltr'><em>gaa-</em></span> 
     </span>
     <span class='ocr_line' id='line_1_60' title="bbox 1210 587 2166 640; baseline 0.003 -17"><span class='ocrx_word' id='word_1_460' title='bbox 1210 587 1315 624; x_wconf 82' lang='lat' dir='ltr'><em>dium</em></span> <span class='ocrx_word' id='word_1_461' title='bbox 1335 587 1484 624; x_wconf 88' lang='lat' dir='ltr'><em>domini</em></span> <span class='ocrx_word' id='word_1_462' title='bbox 1503 589 1573 625; x_wconf 83' lang='lat' dir='ltr'><em>tui.</em></span> <span class='ocrx_word' id='word_1_463' title='bbox 1593 588 1796 638; x_wconf 79' lang='lat' dir='ltr'><em>Quoniam,</em></span> <span class='ocrx_word' id='word_1_464' title='bbox 1818 587 1947 638; x_wconf 87' lang='lat' dir='ltr'><em>inquit,</em></span> <span class='ocrx_word' id='word_1_465' title='bbox 1968 588 2003 626; x_wconf 91' lang='lat' dir='ltr'><em>in</em></span> <span class='ocrx_word' id='word_1_466' title='bbox 2025 588 2068 626; x_wconf 90' lang='lat' dir='ltr'><em>iis</em></span> <span class='ocrx_word' id='word_1_467' title='bbox 2086 603 2166 640; x_wconf 81' lang='lat' dir='ltr'><em>quae</em></span> 
     </span>
     <span class='ocr_line' id='line_1_61' title="bbox 1209 645 2166 700; baseline 0.004 -16"><span class='ocrx_word' id='word_1_468' title='bbox 1209 646 1274 685; x_wconf 87' lang='lat' dir='ltr'><em>tibi</em></span> <span class='ocrx_word' id='word_1_469' title='bbox 1291 645 1423 684; x_wconf 89' lang='lat' dir='ltr'><em>credita</em></span> <span class='ocrx_word' id='word_1_470' title='bbox 1445 656 1540 696; x_wconf 87' lang='lat' dir='ltr'><em>sunt,</em></span> <span class='ocrx_word' id='word_1_471' title='bbox 1560 657 1701 699; x_wconf 86' lang='lat' dir='ltr'><em>gratum</em></span> <span class='ocrx_word' id='word_1_472' title='bbox 1721 663 1792 700; x_wconf 79' lang='lat' dir='ltr'><em>prae</em></span> <span class='ocrx_word' id='word_1_473' title='bbox 1807 658 1840 686; x_wconf 90' lang='lat' dir='ltr'><em>te</em></span> <span class='ocrx_word' id='word_1_474' title='bbox 1860 649 1972 687; x_wconf 91' lang='lat' dir='ltr'><em>tulisti</em></span> <span class='ocrx_word' id='word_1_475' title='bbox 1992 650 2166 699; x_wconf 83' lang='lat' dir='ltr'><em>animum,</em></span> 
     </span>
    </p>
   </div>
   <div class='ocr_carea' id='block_1_12' title="bbox 1207 706 2364 759">
    <p class='ocr_par' dir='ltr' id='par_1_13' title="bbox 1207 706 2364 759">
     <span class='ocr_line' id='line_1_62' title="bbox 1207 706 2364 759; baseline 0.006 -16"><span class='ocrx_word' id='word_1_476' title='bbox 1207 706 1340 758; x_wconf 88' lang='lat' dir='ltr'><em>dignus</em></span> <span class='ocrx_word' id='word_1_477' title='bbox 1371 720 1407 744; x_wconf 90' lang='lat' dir='ltr'><em>es</em></span> <span class='ocrx_word' id='word_1_478' title='bbox 1439 707 1497 744; x_wconf 89' lang='lat' dir='ltr'><em>cui</em></span> <span class='ocrx_word' id='word_1_479' title='bbox 1528 716 1562 744; x_wconf 86' lang='lat' dir='ltr'><em>et</em></span> <span class='ocrx_word' id='word_1_480' title='bbox 1593 708 1726 759; x_wconf 87' lang='lat' dir='ltr'><em>majora</em></span> <span class='ocrx_word' id='word_1_481' title='bbox 1756 707 1953 747; x_wconf 84' lang='lat' dir='ltr'><em>tradantur.</em></span> <span class='ocrx_word' id='word_1_482' title='bbox 1990 711 2168 750; x_wconf 77' lang='lat' dir='ltr'><em>Accessit</em></span> <span class='ocrx_word' id='word_1_483' title='bbox 2184 714 2298 744; x_wconf 74' lang='lat' dir='ltr'><em>&#39;bid-v·</em></span> <span class='ocrx_word' id='word_1_484' title='bbox 2317 723 2364 742; x_wconf 81' lang='lat'><em>2²·</em></span> 
     </span>
    </p>
   </div>
   <div class='ocr_carea' id='block_1_13' title="bbox 1164 769 2173 1536">
    <p class='ocr_par' dir='ltr' id='par_1_14' title="bbox 1209 769 2166 820">
     <span class='ocr_line' id='line_1_63' title="bbox 1209 769 2166 820; baseline 0.001 -13"><span class='ocrx_word' id='word_1_485' title='bbox 1209 777 1339 807; x_wconf 82' lang='lat' dir='ltr'><em>autem</em></span> <span class='ocrx_word' id='word_1_486' title='bbox 1359 776 1395 806; x_wconf 88' lang='lat' dir='ltr'><em>et</em></span> <span class='ocrx_word' id='word_1_487' title='bbox 1415 770 1483 819; x_wconf 81' lang='lat' dir='ltr'><em>qui</em></span> <span class='ocrx_word' id='word_1_488' title='bbox 1501 769 1578 807; x_wconf 83' lang='lat' dir='ltr'><em>duo</em></span> <span class='ocrx_word' id='word_1_489' title='bbox 1600 769 1752 806; x_wconf 86' lang='lat' dir='ltr'><em>talenta</em></span> <span class='ocrx_word' id='word_1_490' title='bbox 1771 779 1984 820; x_wconf 82' lang='lat' dir='ltr'><em>acceperat,</em></span> <span class='ocrx_word' id='word_1_491' title='bbox 2006 772 2136 810; x_wconf 86' lang='lat' dir='ltr'><em>dicens</em></span> <span class='ocrx_word' id='word_1_492' title='bbox 2157 788 2166 808; x_wconf 86' lang='lat'><em>.-</em></span> 
     </span>
    </p>

    <p class='ocr_par' dir='ltr' id='par_1_15' title="bbox 1164 830 2173 1536">
     <span class='ocr_line' id='line_1_64' title="bbox 1164 830 2170 871; baseline 0.004 -4"><span class='ocrx_word' id='word_1_493' title='bbox 1164 831 1187 862; x_wconf 87' lang='lat' dir='ltr'>C</span> <span class='ocrx_word' id='word_1_494' title='bbox 1209 831 1357 868; x_wconf 86' lang='lat' dir='ltr'><em>Nonne</em></span> <span class='ocrx_word' id='word_1_495' title='bbox 1389 830 1466 868; x_wconf 84' lang='lat' dir='ltr'><em>duo</em></span> <span class='ocrx_word' id='word_1_496' title='bbox 1498 830 1650 867; x_wconf 81' lang='lat' dir='ltr'><em>talenta</em></span> <span class='ocrx_word' id='word_1_497' title='bbox 1678 831 1774 867; x_wconf 77' lang='lat' dir='ltr'><em>mihi</em></span> <span class='ocrx_word' id='word_1_498' title='bbox 1807 832 2001 868; x_wconf 79' lang='lat' dir='ltr'><em>tradidisti</em></span> <span class='ocrx_word' id='word_1_499' title='bbox 2029 835 2045 867; x_wconf 69' lang='lat' dir='ltr'><em>f&gt;</em></span> <span class='ocrx_word' id='word_1_500' title='bbox 2067 835 2170 871; x_wconf 88' lang='lat' dir='ltr'><em>Ecce</em></span> 
     </span>
     <span class='ocr_line' id='line_1_65' title="bbox 1210 890 2171 944; baseline 0.003 -15"><span class='ocrx_word' id='word_1_501' title='bbox 1210 892 1292 929; x_wconf 87' lang='lat' dir='ltr'><em>alia</em></span> <span class='ocrx_word' id='word_1_502' title='bbox 1311 892 1388 929; x_wconf 85' lang='lat' dir='ltr'><em>duo</em></span> <span class='ocrx_word' id='word_1_503' title='bbox 1411 890 1584 930; x_wconf 83' lang='lat' dir='ltr'><em>lucratus</em></span> <span class='ocrx_word' id='word_1_504' title='bbox 1609 904 1695 929; x_wconf 87' lang='lat' dir='ltr'><em>sam</em></span> <span class='ocrx_word' id='word_1_505' title='bbox 1714 892 1883 940; x_wconf 83' lang='lat' dir='ltr'><em>insuper.</em></span> <span class='ocrx_word' id='word_1_506' title='bbox 1905 892 2036 942; x_wconf 83' lang='lat' dir='ltr'><em>Magna</em></span> <span class='ocrx_word' id='word_1_507' title='bbox 2063 893 2171 944; x_wconf 74' lang='lat' dir='ltr'><em>liujus</em></span> 
     </span>
     <span class='ocr_line' id='line_1_66' title="bbox 1209 949 2170 1003; baseline 0.003 -15"><span class='ocrx_word' id='word_1_508' title='bbox 1209 964 1350 1002; x_wconf 89' lang='lat' dir='ltr'><em>quoque</em></span> <span class='ocrx_word' id='word_1_509' title='bbox 1368 951 1460 989; x_wconf 90' lang='lat' dir='ltr'><em>circa</em></span> <span class='ocrx_word' id='word_1_510' title='bbox 1480 950 1649 1003; x_wconf 83' lang='lat' dir='ltr'><em>pecunias</em></span> <span class='ocrx_word' id='word_1_511' title='bbox 1667 949 1802 989; x_wconf 91' lang='lat' dir='ltr'><em>domini</em></span> <span class='ocrx_word' id='word_1_512' title='bbox 1822 950 1876 988; x_wconf 88' lang='lat' dir='ltr'><em>sui</em></span> <span class='ocrx_word' id='word_1_513' title='bbox 1894 964 1976 988; x_wconf 84' lang='lat' dir='ltr'><em>cura</em></span> <span class='ocrx_word' id='word_1_514' title='bbox 1993 961 2026 989; x_wconf 86' lang='lat' dir='ltr'><em>ct</em></span> <span class='ocrx_word' id='word_1_515' title='bbox 2042 953 2170 991; x_wconf 84' lang='lat' dir='ltr'><em>sollici-</em></span> 
     </span>
     <span class='ocr_line' id='line_1_67' title="bbox 1208 1007 2169 1060; baseline 0.001 -12"><span class='ocrx_word' id='word_1_516' title='bbox 1208 1010 1315 1058; x_wconf 86' lang='lat' dir='ltr'><em>tudo;</em></span> <span class='ocrx_word' id='word_1_517' title='bbox 1336 1009 1429 1047; x_wconf 88' lang='lat' dir='ltr'><em>unde</em></span> <span class='ocrx_word' id='word_1_518' title='bbox 1447 1019 1481 1047; x_wconf 86' lang='lat' dir='ltr'><em>et</em></span> <span class='ocrx_word' id='word_1_519' title='bbox 1502 1008 1624 1048; x_wconf 88' lang='lat' dir='ltr'><em>eadem</em></span> <span class='ocrx_word' id='word_1_520' title='bbox 1645 1023 1725 1060; x_wconf 82' lang='lat' dir='ltr'><em>quae</em></span> <span class='ocrx_word' id='word_1_521' title='bbox 1745 1007 1908 1060; x_wconf 85' lang='lat' dir='ltr'><em>superior</em></span> <span class='ocrx_word' id='word_1_522' title='bbox 1940 1009 2086 1047; x_wconf 83' lang='lat' dir='ltr'><em>meritus</em></span> <span class='ocrx_word' id='word_1_523' title='bbox 2106 1021 2169 1049; x_wconf 87' lang='lat' dir='ltr'><em>cst.</em></span> 
     </span>
     <span class='ocr_line' id='line_1_68' title="bbox 1212 1069 2170 1123; baseline -0.001 -14"><span class='ocrx_word' id='word_1_524' title='bbox 1212 1071 1259 1109; x_wconf 86' lang='lat' dir='ltr'><em>Et</em></span> <span class='ocrx_word' id='word_1_525' title='bbox 1279 1086 1388 1123; x_wconf 86' lang='lat' dir='ltr'><em>quare</em></span> <span class='ocrx_word' id='word_1_526' title='bbox 1406 1071 1466 1109; x_wconf 88' lang='lat' dir='ltr'><em>ille</em></span> <span class='ocrx_word' id='word_1_527' title='bbox 1490 1070 1552 1121; x_wconf 90' lang='lat' dir='ltr'><em>qui</em></span> <span class='ocrx_word' id='word_1_528' title='bbox 1579 1069 1653 1108; x_wconf 86' lang='lat' dir='ltr'><em>duo</em></span> <span class='ocrx_word' id='word_1_529' title='bbox 1680 1069 1802 1107; x_wconf 83' lang='lat' dir='ltr'><em>attulit</em></span> <span class='ocrx_word' id='word_1_530' title='bbox 1830 1069 1961 1107; x_wconf 87' lang='lat' dir='ltr'><em>talenta</em></span> <span class='ocrx_word' id='word_1_531' title='bbox 1976 1099 1986 1118; x_wconf 85' lang='lat'><em>‚</em></span> <span class='ocrx_word' id='word_1_532' title='bbox 2006 1070 2170 1108; x_wconf 82' lang='lat' dir='ltr'><em>cumdem</em></span> 
     </span>
     <span class='ocr_line' id='line_1_69' title="bbox 1211 1129 2170 1183; baseline -0.003 -12"><span class='ocrx_word' id='word_1_533' title='bbox 1211 1132 1439 1183; x_wconf 84' lang='lat' dir='ltr'><em>consequitur</em></span> <span class='ocrx_word' id='word_1_534' title='bbox 1473 1131 1643 1169; x_wconf 87' lang='lat' dir='ltr'><em>honorem</em></span> <span class='ocrx_word' id='word_1_535' title='bbox 1661 1160 1672 1180; x_wconf 87' lang='lat'><em>‚</em></span> <span class='ocrx_word' id='word_1_536' title='bbox 1710 1143 1816 1181; x_wconf 79' lang='lat' dir='ltr'><em>quem</em></span> <span class='ocrx_word' id='word_1_537' title='bbox 1851 1129 1913 1167; x_wconf 87' lang='lat' dir='ltr'><em>ille</em></span> <span class='ocrx_word' id='word_1_538' title='bbox 1945 1130 2005 1180; x_wconf 88' lang='lat' dir='ltr'><em>qni</em></span> <span class='ocrx_word' id='word_1_539' title='bbox 2041 1130 2170 1168; x_wconf 84' lang='lat' dir='ltr'><em>talenta</em></span> 
     </span>
     <span class='ocr_line' id='line_1_70' title="bbox 1212 1190 2172 1244; baseline 0 -15"><span class='ocrx_word' id='word_1_540' title='bbox 1212 1192 1368 1244; x_wconf 91' lang='lat' dir='ltr'><em>quinque</em></span> <span class='ocrx_word' id='word_1_541' title='bbox 1394 1191 1590 1230; x_wconf 78' lang='lat' dir='ltr'><em>attulerat?</em></span> <span class='ocrx_word' id='word_1_542' title='bbox 1617 1190 1776 1229; x_wconf 88' lang='lat' dir='ltr'><em>Merito:</em></span> <span class='ocrx_word' id='word_1_543' title='bbox 1809 1191 2042 1228; x_wconf 84' lang='lat' dir='ltr'><em>accretioncm</em></span> <span class='ocrx_word' id='word_1_544' title='bbox 2076 1191 2172 1229; x_wconf 86' lang='lat' dir='ltr'><em>enim</em></span> 
     </span>
     <span class='ocr_line' id='line_1_71' title="bbox 1211 1250 2173 1302; baseline -0.003 -11"><span class='ocrx_word' id='word_1_545' title='bbox 1211 1263 1246 1292; x_wconf 91' lang='lat' dir='ltr'><em>et</em></span> <span class='ocrx_word' id='word_1_546' title='bbox 1271 1253 1559 1291; x_wconf 85' lang='lat' dir='ltr'><em>imminutionem</em></span> <span class='ocrx_word' id='word_1_547' title='bbox 1581 1266 1651 1290; x_wconf 91' lang='lat' dir='ltr'><em>non</em></span> <span class='ocrx_word' id='word_1_548' title='bbox 1672 1251 1730 1291; x_wconf 81' lang='lat' dir='ltr'><em>vcl</em></span> <span class='ocrx_word' id='word_1_549' title='bbox 1750 1251 1860 1302; x_wconf 87' lang='lat' dir='ltr'><em>hujus</em></span> <span class='ocrx_word' id='word_1_550' title='bbox 1885 1250 2094 1301; x_wconf 80' lang='lat' dir='ltr'><em>diligentia,</em></span> <span class='ocrx_word' id='word_1_551' title='bbox 2116 1252 2173 1289; x_wconf 75' lang='lat' dir='ltr'><em>vel</em></span> 
     </span>
     <span class='ocr_line' id='line_1_72' title="bbox 1211 1311 2171 1365; baseline -0.004 -13"><span class='ocrx_word' id='word_1_552' title='bbox 1211 1314 1310 1352; x_wconf 90' lang='lat' dir='ltr'><em>illius</em></span> <span class='ocrx_word' id='word_1_553' title='bbox 1331 1313 1546 1365; x_wconf 84' lang='lat' dir='ltr'><em>negligentia</em></span> <span class='ocrx_word' id='word_1_554' title='bbox 1572 1312 1677 1362; x_wconf 84' lang='lat' dir='ltr'><em>fecit,</em></span> <span class='ocrx_word' id='word_1_555' title='bbox 1705 1311 1766 1350; x_wconf 86' lang='lat' dir='ltr'><em>sed</em></span> <span class='ocrx_word' id='word_1_556' title='bbox 1794 1311 2077 1350; x_wconf 85' lang='lat' dir='ltr'><em>concreditorum</em></span> <span class='ocrx_word' id='word_1_557' title='bbox 2096 1326 2171 1349; x_wconf 86' lang='lat' dir='ltr'><em>mo-</em></span> 
     </span>
     <span class='ocr_line' id='line_1_73' title="bbox 1211 1372 2172 1426; baseline -0.003 -12"><span class='ocrx_word' id='word_1_558' title='bbox 1211 1375 1292 1414; x_wconf 89' lang='lat' dir='ltr'><em>dus.</em></span> <span class='ocrx_word' id='word_1_559' title='bbox 1324 1376 1417 1414; x_wconf 86' lang='lat' dir='ltr'><em>Nam</em></span> <span class='ocrx_word' id='word_1_560' title='bbox 1443 1373 1541 1425; x_wconf 88' lang='lat' dir='ltr'><em>quod</em></span> <span class='ocrx_word' id='word_1_561' title='bbox 1570 1373 1617 1412; x_wconf 87' lang='lat' dir='ltr'><em>ad</em></span> <span class='ocrx_word' id='word_1_562' title='bbox 1644 1373 1871 1426; x_wconf 83' lang='lat' dir='ltr'><em>diligentiam</em></span> <span class='ocrx_word' id='word_1_563' title='bbox 1900 1372 2038 1420; x_wconf 84' lang='lat' dir='ltr'><em>attinet,</em></span> <span class='ocrx_word' id='word_1_564' title='bbox 2067 1373 2172 1411; x_wconf 89' lang='lat' dir='ltr'><em>ambo</em></span> 
     </span>
     <span class='ocr_line' id='line_1_74' title="bbox 1212 1432 2171 1490; baseline -0.004 -16"><span class='ocrx_word' id='word_1_565' title='bbox 1212 1450 1316 1490; x_wconf 88' lang='lat' dir='ltr'><em>pares</em></span> <span class='ocrx_word' id='word_1_566' title='bbox 1335 1436 1499 1485; x_wconf 76' lang='lat' dir='ltr'><em>fuerun13</em></span> <span class='ocrx_word' id='word_1_567' title='bbox 1519 1433 1671 1487; x_wconf 84' lang='lat' dir='ltr'><em>proinde</em></span> <span class='ocrx_word' id='word_1_568' title='bbox 1688 1443 1720 1473; x_wconf 89' lang='lat' dir='ltr'><em>et</em></span> <span class='ocrx_word' id='word_1_569' title='bbox 1739 1432 1900 1472; x_wconf 89' lang='lat' dir='ltr'><em>camdem</em></span> <span class='ocrx_word' id='word_1_570' title='bbox 1919 1433 2171 1471; x_wconf 82' lang='lat' dir='ltr'><em>remuneratio-</em></span> 
     </span>
     <span class='ocr_line' id='line_1_75' title="bbox 1213 1497 1520 1536; baseline -0.01 0"><span class='ocrx_word' id='word_1_571' title='bbox 1213 1512 1295 1536; x_wconf 89' lang='lat' dir='ltr'><em>nem</em></span> <span class='ocrx_word' id='word_1_572' title='bbox 1313 1497 1407 1535; x_wconf 87' lang='lat' dir='ltr'><em>nacti</em></span> <span class='ocrx_word' id='word_1_573' title='bbox 1428 1505 1520 1535; x_wconf 86' lang='lat' dir='ltr'><em>sunt.</em></span> 
     </span>
    </p>
   </div>
   <div class='ocr_carea' id='block_1_14' title="bbox 1167 1564 2173 1608">
    <p class='ocr_par' dir='ltr' id='par_1_16' title="bbox 1167 1564 2173 1608">
     <span class='ocr_line' id='line_1_76' title="bbox 1167 1564 2173 1608; baseline -0.002 -4"><span class='ocrx_word' id='word_1_574' title='bbox 1167 1574 1193 1604; x_wconf 92' lang='lat' dir='ltr'>D</span> <span class='ocrx_word' id='word_1_575' title='bbox 1267 1569 1304 1605; x_wconf 60' lang='lat'><em>⁸32.</em></span> <span class='ocrx_word' id='word_1_576' title='bbox 1335 1568 1471 1608; x_wconf 85' lang='lat' dir='ltr'><em>Verum</em></span> <span class='ocrx_word' id='word_1_577' title='bbox 1497 1567 1589 1605; x_wconf 89' lang='lat' dir='ltr'><em>alius</em></span> <span class='ocrx_word' id='word_1_578' title='bbox 1617 1566 1679 1604; x_wconf 89' lang='lat' dir='ltr'><em>ille</em></span> <span class='ocrx_word' id='word_1_579' title='bbox 1703 1564 1794 1603; x_wconf 85' lang='lat' dir='ltr'><em>nihil</em></span> <span class='ocrx_word' id='word_1_580' title='bbox 1823 1564 1893 1602; x_wconf 90' lang='lat' dir='ltr'><em>tale</em></span> <span class='ocrx_word' id='word_1_581' title='bbox 1925 1564 2082 1602; x_wconf 84' lang='lat' dir='ltr'><em>fecerat:</em></span> <span class='ocrx_word' id='word_1_582' title='bbox 2111 1567 2173 1602; x_wconf 87' lang='lat' dir='ltr'><em>scd</em></span> 
     </span>
    </p>
   </div>
   <div class='ocr_carea' id='block_1_15' title="bbox 1215 1626 2371 1679">
    <p class='ocr_par' dir='ltr' id='par_1_17' title="bbox 1215 1626 2371 1679">
     <span class='ocr_line' id='line_1_77' title="bbox 1215 1626 2371 1679; baseline -0.003 -14"><span class='ocrx_word' id='word_1_583' title='bbox 1215 1627 1329 1679; x_wconf 79' lang='lat' dir='ltr'><em>quid?</em></span> <span class='ocrx_word' id='word_1_584' title='bbox 1349 1627 1517 1677; x_wconf 81' lang='lat' dir='ltr'><em>Accessit,</em></span> <span class='ocrx_word' id='word_1_585' title='bbox 1535 1627 1680 1665; x_wconf 86' lang='lat' dir='ltr'><em>dicens:</em></span> <span class='ocrx_word' id='word_1_586' title='bbox 1705 1626 1878 1678; x_wconf 78' lang='lat' dir='ltr'><em>Cognovi</em></span> <span class='ocrx_word' id='word_1_587' title='bbox 1899 1634 1946 1674; x_wconf 87' lang='lat' dir='ltr'><em>te,</em></span> <span class='ocrx_word' id='word_1_588' title='bbox 1970 1626 2075 1678; x_wconf 83' lang='lat' dir='ltr'><em>quod</em></span> <span class='ocrx_word' id='word_1_589' title='bbox 2104 1639 2172 1663; x_wconf 83' lang='lat' dir='ltr'><em>aa·</em></span> <span class='ocrx_word' id='word_1_590' title='bbox 2188 1633 2265 1660; x_wconf 69' lang='lat' dir='ltr'><em>lma.</em></span> <span class='ocrx_word' id='word_1_591' title='bbox 2287 1635 2371 1670; x_wconf 68' lang='lat'><em>=›.2‘.⁴</em></span> 
     </span>
    </p>
   </div>
   <div class='ocr_carea' id='block_1_16' title="bbox 1213 1675 2235 1736">
    <p class='ocr_par' dir='ltr' id='par_1_18' title="bbox 1213 1675 2235 1736">
     <span class='ocr_line' id='line_1_78' title="bbox 1213 1675 2235 1736; baseline -0.003 -9"><span class='ocrx_word' id='word_1_592' title='bbox 1213 1697 1337 1727; x_wconf 82' lang='lat' dir='ltr'><em>steras</em></span> <span class='ocrx_word' id='word_1_593' title='bbox 1366 1690 1480 1726; x_wconf 83' lang='lat' dir='ltr'><em>homo</em></span> <span class='ocrx_word' id='word_1_594' title='bbox 1509 1691 1586 1736; x_wconf 87' lang='lat' dir='ltr'><em>sis,</em></span> <span class='ocrx_word' id='word_1_595' title='bbox 1612 1696 1756 1726; x_wconf 86' lang='lat' dir='ltr'><em>metens</em></span> <span class='ocrx_word' id='word_1_596' title='bbox 1784 1688 1850 1725; x_wconf 83' lang='lat' dir='ltr'><em>ubi</em></span> <span class='ocrx_word' id='word_1_597' title='bbox 1869 1700 1948 1724; x_wconf 89' lang='lat' dir='ltr'><em>non</em></span> <span class='ocrx_word' id='word_1_598' title='bbox 1974 1687 2174 1724; x_wconf 83' lang='lat' dir='ltr'><em>seminasti</em></span> <span class='ocrx_word' id='word_1_599' title='bbox 2186 1675 2235 1705; x_wconf 78' lang='lat'><em>²5·</em></span> 
     </span>
    </p>
   </div>
   <div class='ocr_carea' id='block_1_17' title="bbox 1206 1748 2173 2597">
    <p class='ocr_par' dir='ltr' id='par_1_19' title="bbox 1206 1748 2173 2597">
     <span class='ocr_line' id='line_1_79' title="bbox 1213 1748 2172 1801; baseline -0.003 -14"><span class='ocrx_word' id='word_1_600' title='bbox 1213 1758 1250 1787; x_wconf 83' lang='lat' dir='ltr'><em>et</em></span> <span class='ocrx_word' id='word_1_601' title='bbox 1269 1762 1508 1801; x_wconf 82' lang='lat' dir='ltr'><em>congregans</em></span> <span class='ocrx_word' id='word_1_602' title='bbox 1527 1751 1594 1787; x_wconf 77' lang='lat' dir='ltr'><em>uhi</em></span> <span class='ocrx_word' id='word_1_603' title='bbox 1613 1762 1691 1786; x_wconf 87' lang='lat' dir='ltr'><em>non</em></span> <span class='ocrx_word' id='word_1_604' title='bbox 1717 1748 1891 1799; x_wconf 84' lang='lat' dir='ltr'><em>sparsisti</em></span> <span class='ocrx_word' id='word_1_605' title='bbox 1907 1762 1918 1782; x_wconf 83' lang='grc'><em>.-</em></span> <span class='ocrx_word' id='word_1_606' title='bbox 1938 1755 1974 1784; x_wconf 89' lang='lat' dir='ltr'><em>et</em></span> <span class='ocrx_word' id='word_1_607' title='bbox 2001 1755 2172 1785; x_wconf 87' lang='lat' dir='ltr'><em>metuens</em></span> 
     </span>
     <span class='ocr_line' id='line_1_80' title="bbox 1214 1808 2173 1848; baseline -0.004 0"><span class='ocrx_word' id='word_1_608' title='bbox 1214 1812 1295 1848; x_wconf 83' lang='lat' dir='ltr'><em>abii</em></span> <span class='ocrx_word' id='word_1_609' title='bbox 1311 1819 1346 1848; x_wconf 87' lang='lat' dir='ltr'><em>et</em></span> <span class='ocrx_word' id='word_1_610' title='bbox 1364 1810 1559 1847; x_wconf 78' lang='lat' dir='ltr'><em>occultavi</em></span> <span class='ocrx_word' id='word_1_611' title='bbox 1579 1809 1768 1847; x_wconf 78' lang='lat' dir='ltr'><em>talentum</em></span> <span class='ocrx_word' id='word_1_612' title='bbox 1788 1809 1831 1843; x_wconf 89' lang='lat' dir='ltr'><em>in</em></span> <span class='ocrx_word' id='word_1_613' title='bbox 1851 1815 1965 1844; x_wconf 73' lang='lat' dir='ltr'><em>terra.</em></span> <span class='ocrx_word' id='word_1_614' title='bbox 1983 1808 2086 1845; x_wconf 88' lang='lat' dir='ltr'><em>Ecce</em></span> <span class='ocrx_word' id='word_1_615' title='bbox 2105 1809 2173 1844; x_wconf 79' lang='lat' dir='ltr'><em>ha-</em></span> 
     </span>
     <span class='ocr_line' id='line_1_81' title="bbox 1215 1865 2170 1924; baseline -0.004 -14"><span class='ocrx_word' id='word_1_616' title='bbox 1215 1874 1278 1910; x_wconf 72' lang='lat' dir='ltr'><em>bes</em></span> <span class='ocrx_word' id='word_1_617' title='bbox 1299 1872 1405 1924; x_wconf 84' lang='lat' dir='ltr'><em>quod</em></span> <span class='ocrx_word' id='word_1_618' title='bbox 1421 1879 1529 1908; x_wconf 83' lang='lat' dir='ltr'><em>taum</em></span> <span class='ocrx_word' id='word_1_619' title='bbox 1547 1879 1617 1909; x_wconf 84' lang='lat' dir='ltr'><em>est.</em></span> <span class='ocrx_word' id='word_1_620' title='bbox 1636 1870 1668 1908; x_wconf 93' lang='grc' dir='ltr'><strong>Ο</strong></span> <span class='ocrx_word' id='word_1_621' title='bbox 1687 1868 1858 1906; x_wconf 84' lang='lat' dir='ltr'><em>malitiam</em></span> <span class='ocrx_word' id='word_1_622' title='bbox 1877 1865 2057 1906; x_wconf 71' lang='lat' dir='ltr'><em>famulilo</em></span> <span class='ocrx_word' id='word_1_623' title='bbox 2076 1882 2170 1906; x_wconf 90' lang='lat' dir='ltr'><em>sum-</em></span> 
     </span>
     <span class='ocr_line' id='line_1_82' title="bbox 1215 1929 2169 1985; baseline -0.004 -14"><span class='ocrx_word' id='word_1_624' title='bbox 1215 1948 1311 1971; x_wconf 85' lang='lat' dir='ltr'><em>mam</em></span> <span class='ocrx_word' id='word_1_625' title='bbox 1331 1929 1624 1985; x_wconf 74' lang='lat' dir='ltr'><em>improbitatem!</em></span> <span class='ocrx_word' id='word_1_626' title='bbox 1643 1944 1712 1969; x_wconf 91' lang='lat' dir='ltr'><em>non</em></span> <span class='ocrx_word' id='word_1_627' title='bbox 1743 1930 1858 1969; x_wconf 86' lang='lat' dir='ltr'><em>solum</em></span> <span class='ocrx_word' id='word_1_628' title='bbox 1889 1929 1980 1967; x_wconf 87' lang='lat' dir='ltr'><em>nihil</em></span> <span class='ocrx_word' id='word_1_629' title='bbox 2005 1930 2169 1981; x_wconf 83' lang='lat' dir='ltr'><em>negotia—</em></span> 
     </span>
     <span class='ocr_line' id='line_1_83' title="bbox 1211 1990 2172 2043; baseline -0.002 -11"><span class='ocrx_word' id='word_1_630' title='bbox 1211 2003 1269 2032; x_wconf 85' lang='lat' dir='ltr'><em>tus</em></span> <span class='ocrx_word' id='word_1_631' title='bbox 1288 2003 1339 2032; x_wconf 87' lang='lat' dir='ltr'><em>est</em></span> <span class='ocrx_word' id='word_1_632' title='bbox 1357 2008 1403 2032; x_wconf 82' lang='lat' dir='ltr'><em>ex</em></span> <span class='ocrx_word' id='word_1_633' title='bbox 1419 1993 1550 2031; x_wconf 89' lang='lat' dir='ltr'><em>talento</em></span> <span class='ocrx_word' id='word_1_634' title='bbox 1568 1992 1636 2030; x_wconf 84' lang='lat' dir='ltr'><em>sihi</em></span> <span class='ocrx_word' id='word_1_635' title='bbox 1653 1990 1801 2037; x_wconf 87' lang='lat' dir='ltr'><em>credito,</em></span> <span class='ocrx_word' id='word_1_636' title='bbox 1823 1990 1882 2029; x_wconf 88' lang='lat' dir='ltr'><em>sed</em></span> <span class='ocrx_word' id='word_1_637' title='bbox 1906 2000 1939 2028; x_wconf 90' lang='lat' dir='ltr'><em>et</em></span> <span class='ocrx_word' id='word_1_638' title='bbox 1960 2005 2026 2043; x_wconf 86' lang='lat' dir='ltr'><em>pro</em></span> <span class='ocrx_word' id='word_1_639' title='bbox 2041 1991 2172 2030; x_wconf 84' lang='lat' dir='ltr'><em>talento</em></span> 
     </span>
     <span class='ocr_line' id='line_1_84' title="bbox 1211 2051 2170 2100; baseline -0.005 -7"><span class='ocrx_word' id='word_1_640' title='bbox 1211 2055 1472 2094; x_wconf 87' lang='lat' dir='ltr'><em>accusationem</em></span> <span class='ocrx_word' id='word_1_641' title='bbox 1491 2053 1622 2092; x_wconf 87' lang='lat' dir='ltr'><em>attulit.</em></span> <span class='ocrx_word' id='word_1_642' title='bbox 1643 2053 1697 2090; x_wconf 89' lang='lat' dir='ltr'><em>Ita</em></span> <span class='ocrx_word' id='word_1_643' title='bbox 1717 2051 1811 2091; x_wconf 89' lang='lat' dir='ltr'><em>enim</em></span> <span class='ocrx_word' id='word_1_644' title='bbox 1831 2051 1919 2089; x_wconf 89' lang='lat' dir='ltr'><em>solet</em></span> <span class='ocrx_word' id='word_1_645' title='bbox 1933 2051 2091 2100; x_wconf 74' lang='lat' dir='ltr'><em>malitia5</em></span> <span class='ocrx_word' id='word_1_646' title='bbox 2108 2052 2170 2089; x_wconf 89' lang='lat' dir='ltr'><em>oh-</em></span> 
     </span>
     <span class='ocr_line' id='line_1_85' title="bbox 1210 2111 2170 2163; baseline -0.006 -8"><span class='ocrx_word' id='word_1_647' title='bbox 1210 2117 1369 2155; x_wconf 84' lang='lat' dir='ltr'><em>tenebrat</em></span> <span class='ocrx_word' id='word_1_648' title='bbox 1391 2115 1563 2153; x_wconf 88' lang='lat' dir='ltr'><em>rationem</em></span> <span class='ocrx_word' id='word_1_649' title='bbox 1586 2123 1620 2152; x_wconf 92' lang='lat' dir='ltr'><em>et</em></span> <span class='ocrx_word' id='word_1_650' title='bbox 1640 2127 1722 2151; x_wconf 89' lang='lat' dir='ltr'><em>eum</em></span> <span class='ocrx_word' id='word_1_651' title='bbox 1747 2112 1811 2163; x_wconf 85' lang='lat' dir='ltr'><em>qui</em></span> <span class='ocrx_word' id='word_1_652' title='bbox 1837 2111 1943 2149; x_wconf 86' lang='lat' dir='ltr'><em>semel</em></span> <span class='ocrx_word' id='word_1_653' title='bbox 1961 2126 1982 2149; x_wconf 90' lang='lat' dir='ltr'><em>a</em></span> <span class='ocrx_word' id='word_1_654' title='bbox 2000 2121 2094 2149; x_wconf 87' lang='lat' dir='ltr'><em>recta</em></span> <span class='ocrx_word' id='word_1_655' title='bbox 2113 2112 2170 2150; x_wconf 84' lang='lat' dir='ltr'><em>via</em></span> 
     </span>
     <span class='ocr_line' id='line_1_86' title="bbox 1210 2171 2169 2226; baseline -0.005 -11"><span class='ocrx_word' id='word_1_656' title='bbox 1210 2186 1261 2215; x_wconf 86' lang='lat' dir='ltr'><em>est</em></span> <span class='ocrx_word' id='word_1_657' title='bbox 1282 2190 1452 2225; x_wconf 81' lang='lat' dir='ltr'><em>aversus,</em></span> <span class='ocrx_word' id='word_1_658' title='bbox 1474 2175 1510 2212; x_wconf 93' lang='lat' dir='ltr'><em>in</em></span> <span class='ocrx_word' id='word_1_659' title='bbox 1528 2173 1725 2226; x_wconf 73' lang='lat' dir='ltr'><em>praecipitia</em></span> <span class='ocrx_word' id='word_1_660' title='bbox 1751 2171 1906 2224; x_wconf 88' lang='lat' dir='ltr'><em>conjicit.</em></span> <span class='ocrx_word' id='word_1_661' title='bbox 1936 2171 2020 2209; x_wconf 82' lang='lat' dir='ltr'><em>Haec</em></span> <span class='ocrx_word' id='word_1_662' title='bbox 2050 2181 2169 2210; x_wconf 90' lang='lat' dir='ltr'><em>autem</em></span> 
     </span>
     <span class='ocr_line' id='line_1_87' title="bbox 1209 2232 2168 2287; baseline -0.005 -11"><span class='ocrx_word' id='word_1_663' title='bbox 1209 2238 1327 2277; x_wconf 82' lang='lat' dir='ltr'><em>omnia</em></span> <span class='ocrx_word' id='word_1_664' title='bbox 1344 2237 1389 2274; x_wconf 90' lang='lat' dir='ltr'><em>de</em></span> <span class='ocrx_word' id='word_1_665' title='bbox 1409 2235 1591 2287; x_wconf 82' lang='lat' dir='ltr'><em>magistris</em></span> <span class='ocrx_word' id='word_1_666' title='bbox 1617 2233 1713 2271; x_wconf 89' lang='lat' dir='ltr'><em>dicta</em></span> <span class='ocrx_word' id='word_1_667' title='bbox 1743 2241 1845 2281; x_wconf 81' lang='lat' dir='ltr'><em>sunt,</em></span> <span class='ocrx_word' id='word_1_668' title='bbox 1876 2241 1916 2270; x_wconf 90' lang='lat' dir='ltr'><em>ut</em></span> <span class='ocrx_word' id='word_1_669' title='bbox 1941 2232 2071 2270; x_wconf 85' lang='lat' dir='ltr'><em>talenta</em></span> <span class='ocrx_word' id='word_1_670' title='bbox 2100 2233 2168 2271; x_wconf 84' lang='lat' dir='ltr'><em>sibi</em></span> 
     </span>
     <span class='ocr_line' id='line_1_88' title="bbox 1210 2292 2168 2345; baseline -0.006 -7"><span class='ocrx_word' id='word_1_671' title='bbox 1210 2297 1412 2338; x_wconf 85' lang='lat' dir='ltr'><em>concredita</em></span> <span class='ocrx_word' id='word_1_672' title='bbox 1433 2310 1503 2334; x_wconf 93' lang='lat' dir='ltr'><em>non</em></span> <span class='ocrx_word' id='word_1_673' title='bbox 1522 2293 1765 2343; x_wconf 87' lang='lat' dir='ltr'><em>abscondant,</em></span> <span class='ocrx_word' id='word_1_674' title='bbox 1787 2292 1849 2332; x_wconf 89' lang='lat' dir='ltr'><em>sed</em></span> <span class='ocrx_word' id='word_1_675' title='bbox 1866 2293 1963 2332; x_wconf 88' lang='lat' dir='ltr'><em>omni</em></span> <span class='ocrx_word' id='word_1_676' title='bbox 1982 2292 2168 2345; x_wconf 84' lang='lat' dir='ltr'><em>diligentia</em></span> 
     </span>
     <span class='ocr_line' id='line_1_89' title="bbox 1207 2353 2166 2410; baseline -0.006 -11"><span class='ocrx_word' id='word_1_677' title='bbox 1207 2360 1343 2399; x_wconf 88' lang='lat' dir='ltr'><em>discere</em></span> <span class='ocrx_word' id='word_1_678' title='bbox 1371 2356 1599 2410; x_wconf 87' lang='lat' dir='ltr'><em>cupientibus</em></span> <span class='ocrx_word' id='word_1_679' title='bbox 1617 2363 1810 2408; x_wconf 88' lang='lat' dir='ltr'><em>apponant.</em></span> <span class='ocrx_word' id='word_1_680' title='bbox 1834 2355 1971 2393; x_wconf 82' lang='lat' dir='ltr'><em>Verum</em></span> <span class='ocrx_word' id='word_1_681' title='bbox 1999 2353 2166 2408; x_wconf 78' lang='lat' dir='ltr'><em>deinceps</em></span> 
     </span>
     <span class='ocr_line' id='line_1_90' title="bbox 1207 2415 2166 2471; baseline -0.011 -10"><span class='ocrx_word' id='word_1_682' title='bbox 1207 2421 1318 2471; x_wconf 86' lang='lat' dir='ltr'><em>audi,</em></span> <span class='ocrx_word' id='word_1_683' title='bbox 1338 2419 1480 2466; x_wconf 85' lang='lat' dir='ltr'><em>dilecte,</em></span> <span class='ocrx_word' id='word_1_684' title='bbox 1501 2432 1547 2457; x_wconf 82' lang='lat' dir='ltr'><em>ex</em></span> <span class='ocrx_word' id='word_1_685' title='bbox 1566 2416 1808 2468; x_wconf 87' lang='lat' dir='ltr'><em>indignatione</em></span> <span class='ocrx_word' id='word_1_686' title='bbox 1833 2429 1916 2467; x_wconf 87' lang='lat' dir='ltr'><em>erga</em></span> <span class='ocrx_word' id='word_1_687' title='bbox 1934 2415 2053 2464; x_wconf 34' lang='lat' dir='ltr'><em>illum!</em></span> <span class='ocrx_word' id='word_1_688' title='bbox 2077 2431 2166 2467; x_wconf 85' lang='lat' dir='ltr'><em>quo·</em></span> 
     </span>
     <span class='ocr_line' id='line_1_91' title="bbox 1207 2475 2163 2525; baseline -0.007 -3"><span class='ocrx_word' id='word_1_689' title='bbox 1207 2483 1315 2523; x_wconf 89' lang='lat' dir='ltr'><em>modo</em></span> <span class='ocrx_word' id='word_1_690' title='bbox 1333 2481 1439 2519; x_wconf 85' lang='lat' dir='ltr'><em>etiam</em></span> <span class='ocrx_word' id='word_1_691' title='bbox 1452 2478 1632 2517; x_wconf 87' lang='lat' dir='ltr'><em>auditores</em></span> <span class='ocrx_word' id='word_1_692' title='bbox 1652 2477 1703 2515; x_wconf 90' lang='lat' dir='ltr'><em>rei</em></span> <span class='ocrx_word' id='word_1_693' title='bbox 1722 2475 1886 2525; x_wconf 75' lang='lat' dir='ltr'><em>evadant,</em></span> <span class='ocrx_word' id='word_1_694' title='bbox 1904 2485 1937 2514; x_wconf 87' lang='lat' dir='ltr'><em>et</em></span> <span class='ocrx_word' id='word_1_695' title='bbox 1958 2489 2026 2513; x_wconf 82' lang='lat' dir='ltr'><em>non</em></span> <span class='ocrx_word' id='word_1_696' title='bbox 2047 2479 2163 2515; x_wconf 87' lang='lat' dir='ltr'><em>solum</em></span> 
     </span>
     <span class='ocr_line' id='line_1_92' title="bbox 1206 2536 2162 2597; baseline -0.008 -13"><span class='ocrx_word' id='word_1_697' title='bbox 1206 2544 1269 2584; x_wconf 86' lang='lat' dir='ltr'><em>illa</em></span> <span class='ocrx_word' id='word_1_698' title='bbox 1283 2550 1485 2597; x_wconf 86' lang='lat' dir='ltr'><em>repetantur</em></span> <span class='ocrx_word' id='word_1_699' title='bbox 1506 2553 1585 2592; x_wconf 83' lang='lat' dir='ltr'><em>quae</em></span> <span class='ocrx_word' id='word_1_700' title='bbox 1607 2536 1807 2576; x_wconf 89' lang='lat' dir='ltr'><em>concredita</em></span> <span class='ocrx_word' id='word_1_701' title='bbox 1826 2545 1921 2586; x_wconf 74' lang='lat' dir='ltr'><em>sunt,</em></span> <span class='ocrx_word' id='word_1_702' title='bbox 1937 2536 1999 2576; x_wconf 85' lang='lat' dir='ltr'><em>sed</em></span> <span class='ocrx_word' id='word_1_703' title='bbox 2022 2546 2054 2574; x_wconf 91' lang='lat' dir='ltr'><em>et</em></span> <span class='ocrx_word' id='word_1_704' title='bbox 2079 2551 2162 2576; x_wconf 81' lang='lat' dir='ltr'><em>cum</em></span> 
     </span>
    </p>
   </div>
   <div class='ocr_carea' id='block_1_18' title="bbox 1147 2662 2161 3489">
    <p class='ocr_par' dir='ltr' id='par_1_20' title="bbox 1147 2662 2161 3489">
     <span class='ocr_line' id='line_1_93' title="bbox 1151 2662 2161 2715; baseline -0.012 -9"><span class='ocrx_word' id='word_1_705' title='bbox 1151 2674 1245 2715; x_wconf 74' lang='grc' dir='ltr'>σούτῳ</span> <span class='ocrx_word' id='word_1_706' title='bbox 1271 2672 1485 2713; x_wconf 67' lang='grc' dir='ltr'>δαψιλεστέρας</span> <span class='ocrx_word' id='word_1_707' title='bbox 1508 2667 1653 2700; x_wconf 74' lang='grc' dir='ltr'>ἀπολαύει</span> <span class='ocrx_word' id='word_1_708' title='bbox 1676 2671 1728 2701; x_wconf 80' lang='grc' dir='ltr'><em>τῆς</em></span> <span class='ocrx_word' id='word_1_709' title='bbox 1756 2666 1867 2697; x_wconf 70' lang='grc' dir='ltr'>ἄνωθεν</span> <span class='ocrx_word' id='word_1_710' title='bbox 1894 2665 2018 2704; x_wconf 75' lang='grc' dir='ltr'>ἀμοιὸἤς</span> <span class='ocrx_word' id='word_1_711' title='bbox 2041 2673 2047 2692; x_wconf 75' lang='lat' dir='ltr'><strong><em>z</em></strong></span> <span class='ocrx_word' id='word_1_712' title='bbox 2077 2662 2161 2694; x_wconf 82' lang='lat' dir='ltr'><em>Illic</em></span> 
     </span>
     <span class='ocr_line' id='line_1_94' title="bbox 1151 2714 2159 2763; baseline -0.01 -8"><span class='ocrx_word' id='word_1_713' title='bbox 1151 2725 1239 2754; x_wconf 87' lang='lat' dir='ltr'><em>enim</em></span> <span class='ocrx_word' id='word_1_714' title='bbox 1261 2724 1288 2753; x_wconf 86' lang='lat' dir='ltr'><em>is</em></span> <span class='ocrx_word' id='word_1_715' title='bbox 1308 2733 1329 2752; x_wconf 89' lang='lat' dir='ltr'><em>a</em></span> <span class='ocrx_word' id='word_1_716' title='bbox 1345 2731 1411 2763; x_wconf 81' lang='lat' dir='ltr'><em>quo</em></span> <span class='ocrx_word' id='word_1_717' title='bbox 1438 2719 1592 2761; x_wconf 73' lang='lat' dir='ltr'><em>exigitur,</em></span> <span class='ocrx_word' id='word_1_718' title='bbox 1609 2715 1717 2747; x_wconf 81' lang='lat' dir='ltr'><em>sabito</em></span> <span class='ocrx_word' id='word_1_719' title='bbox 1744 2714 1779 2745; x_wconf 83' lang='grc' dir='ltr'><em>ἰη</em></span> <span class='ocrx_word' id='word_1_720' title='bbox 1808 2721 1984 2745; x_wconf 73' lang='lat' dir='ltr'><em>exv-emam</em></span> <span class='ocrx_word' id='word_1_721' title='bbox 2012 2715 2159 2758; x_wconf 86' lang='lat' dir='ltr'><em>inopiam</em></span> 
     </span>
     <span class='ocr_line' id='line_1_95' title="bbox 1149 2766 2160 2817; baseline -0.011 -11"><span class='ocrx_word' id='word_1_722' title='bbox 1149 2773 1315 2817; x_wconf 76' lang='lat' dir='ltr'><em>defirt111·,·</em></span> <span class='ocrx_word' id='word_1_723' title='bbox 1339 2771 1393 2802; x_wconf 83' lang='lat' dir='ltr'><em>hic</em></span> <span class='ocrx_word' id='word_1_724' title='bbox 1411 2777 1521 2801; x_wconf 82' lang='lat' dir='ltr'><em>autem</em></span> <span class='ocrx_word' id='word_1_725' title='bbox 1545 2769 1574 2799; x_wconf 85' lang='lat' dir='ltr'><em>is</em></span> <span class='ocrx_word' id='word_1_726' title='bbox 1590 2779 1611 2798; x_wconf 87' lang='lat' dir='ltr'><em>a</em></span> <span class='ocrx_word' id='word_1_727' title='bbox 1636 2777 1703 2810; x_wconf 81' lang='lat' dir='ltr'><em>quo</em></span> <span class='ocrx_word' id='word_1_728' title='bbox 1724 2766 1903 2809; x_wconf 80' lang='lat' dir='ltr'><em>requiritur</em></span> <span class='ocrx_word' id='word_1_729' title='bbox 1924 2766 2061 2809; x_wconf 84' lang='lat' dir='ltr'><em>quando</em></span> <span class='ocrx_word' id='word_1_730' title='bbox 2082 2778 2160 2810; x_wconf 78' lang='lat' dir='ltr'><em>gra-</em></span> 
     </span>
     <span class='ocr_line' id='line_1_96' title="bbox 1149 2817 2160 2869; baseline -0.008 -12"><span class='ocrx_word' id='word_1_731' title='bbox 1149 2834 1214 2857; x_wconf 81' lang='lat' dir='ltr'><em>tum</em></span> <span class='ocrx_word' id='word_1_732' title='bbox 1227 2824 1431 2869; x_wconf 80' lang='lat' dir='ltr'><em>probumque</em></span> <span class='ocrx_word' id='word_1_733' title='bbox 1454 2821 1601 2852; x_wconf 83' lang='lat' dir='ltr'><em>animam</em></span> <span class='ocrx_word' id='word_1_734' title='bbox 1624 2829 1696 2862; x_wconf 81' lang='lat' dir='ltr'><em>prce</em></span> <span class='ocrx_word' id='word_1_735' title='bbox 1711 2829 1747 2848; x_wconf 88' lang='lat' dir='ltr'><em>se</em></span> <span class='ocrx_word' id='word_1_736' title='bbox 1773 2817 1898 2857; x_wconf 75' lang='lat' dir='ltr'><em>tulerit,</em></span> <span class='ocrx_word' id='word_1_737' title='bbox 1915 2826 2042 2861; x_wconf 79' lang='lat' dir='ltr'><em>quanto</em></span> <span class='ocrx_word' id='word_1_738' title='bbox 2057 2818 2160 2864; x_wconf 80' lang='lat' dir='ltr'><em>majo-</em></span> 
     </span>
     <span class='ocr_line' id='line_1_97' title="bbox 1148 2868 2159 2917; baseline -0.007 -8"><span class='ocrx_word' id='word_1_739' title='bbox 1148 2890 1215 2909; x_wconf 86' lang='lat' dir='ltr'><em>rem</em></span> <span class='ocrx_word' id='word_1_740' title='bbox 1239 2885 1371 2908; x_wconf 80' lang='lat' dir='ltr'><em>asuram</em></span> <span class='ocrx_word' id='word_1_741' title='bbox 1392 2872 1530 2917; x_wconf 75' lang='lat' dir='ltr'><em>affiret,</em></span> <span class='ocrx_word' id='word_1_742' title='bbox 1548 2877 1643 2902; x_wconf 86' lang='lat' dir='ltr'><em>tanto</em></span> <span class='ocrx_word' id='word_1_743' title='bbox 1660 2869 1802 2912; x_wconf 72' lang='lat' dir='ltr'><em>largiori</em></span> <span class='ocrx_word' id='word_1_744' title='bbox 1812 2868 1944 2909; x_wconf 79' lang='lat' dir='ltr'><em>fruetur</em></span> <span class='ocrx_word' id='word_1_745' title='bbox 1962 2870 2089 2902; x_wconf 83' lang='lat' dir='ltr'><em>eoelesti</em></span> <span class='ocrx_word' id='word_1_746' title='bbox 2109 2883 2159 2903; x_wconf 84' lang='lat' dir='ltr'><em>re—</em></span> 
     </span>
     <span class='ocr_line' id='line_1_98' title="bbox 1147 2918 2155 2967; baseline -0.008 -6"><span class='ocrx_word' id='word_1_747' title='bbox 1147 2929 1384 2961; x_wconf 81' lang='lat' dir='ltr'><em>muneratione.</em></span> <span class='ocrx_word' id='word_1_748' title='bbox 1403 2927 1521 2967; x_wconf 83' lang='lat' dir='ltr'><em>Itaque</em></span> <span class='ocrx_word' id='word_1_749' title='bbox 1547 2921 1658 2954; x_wconf 86' lang='lat' dir='ltr'><em>locum</em></span> <span class='ocrx_word' id='word_1_750' title='bbox 1683 2918 1775 2951; x_wconf 90' lang='lat' dir='ltr'><em>illum</em></span> <span class='ocrx_word' id='word_1_751' title='bbox 1800 2930 1899 2962; x_wconf 84' lang='lat' dir='ltr'><em>supra</em></span> <span class='ocrx_word' id='word_1_752' title='bbox 1915 2929 2155 2964; x_wconf 75' lang='lat' dir='ltr'><em>memoratum,</em></span> 
     </span>
     <span class='ocr_line' id='line_1_99' title="bbox 1149 2974 2158 3023; baseline -0.011 -6"><span class='ocrx_word' id='word_1_753' title='bbox 1149 2986 1230 3016; x_wconf 72' lang='grc' dir='ltr'>ἀλλὰ</span> <span class='ocrx_word' id='word_1_754' title='bbox 1242 2986 1291 3016; x_wconf 65' lang='grc' dir='ltr'><em>καὶ</em></span> <span class='ocrx_word' id='word_1_755' title='bbox 1305 2984 1388 3023; x_wconf 83' lang='grc' dir='ltr'>μετὰ</span> <span class='ocrx_word' id='word_1_756' title='bbox 1402 2981 1455 3011; x_wconf 86' lang='grc' dir='ltr'><em>τοῦ</em></span> <span class='ocrx_word' id='word_1_757' title='bbox 1469 2982 1557 3010; x_wconf 81' lang='grc' dir='ltr'>τόκου</span> <span class='ocrx_word' id='word_1_758' title='bbox 1573 2980 1626 3012; x_wconf 82' lang='grc' dir='ltr'><em>τὴν</em></span> <span class='ocrx_word' id='word_1_759' title='bbox 1639 2974 1766 3015; x_wconf 77' lang='grc' dir='ltr'>μέθοδον</span> <span class='ocrx_word' id='word_1_760' title='bbox 1781 2974 1989 3016; x_wconf 78' lang='grc' dir='ltr'>ὑπομένουσιν,</span> <span class='ocrx_word' id='word_1_761' title='bbox 2006 2975 2052 3007; x_wconf 88' lang='lat' dir='ltr'><em>sic</em></span> <span class='ocrx_word' id='word_1_762' title='bbox 2069 2983 2158 3008; x_wconf 85' lang='lat' dir='ltr'><em>recte</em></span> 
     </span>
     <span class='ocr_line' id='line_1_100' title="bbox 1150 3026 2155 3076; baseline -0.014 -10"><span class='ocrx_word' id='word_1_763' title='bbox 1150 3033 1406 3076; x_wconf 80' lang='lat' dir='ltr'><em>interpretemur</em></span> <span class='ocrx_word' id='word_1_764' title='bbox 1425 3041 1432 3059; x_wconf 89' lang='lat'>:</span> <span class='ocrx_word' id='word_1_765' title='bbox 1450 3026 1508 3059; x_wconf 83' lang='lat' dir='ltr'><em>sed</em></span> <span class='ocrx_word' id='word_1_766' title='bbox 1524 3037 1596 3057; x_wconf 85' lang='lat' dir='ltr'><em>cum</em></span> <span class='ocrx_word' id='word_1_767' title='bbox 1619 3035 1719 3055; x_wconf 83' lang='lat' dir='ltr'><em>usura</em></span> <span class='ocrx_word' id='word_1_768' title='bbox 1743 3026 1950 3056; x_wconf 73' lang='lat' dir='ltr'><em>exactionem</em></span> <span class='ocrx_word' id='word_1_769' title='bbox 1971 3028 2155 3068; x_wconf 66' lang='lat' dir='ltr'><em>patiuntur,</em></span> 
     </span>
     <span class='ocr_line' id='line_1_101' title="bbox 1148 3076 2159 3128; baseline -0.016 -8"><span class='ocrx_word' id='word_1_770' title='bbox 1148 3087 1263 3128; x_wconf 84' lang='lat' dir='ltr'><em>Longe</em></span> <span class='ocrx_word' id='word_1_771' title='bbox 1284 3082 1451 3115; x_wconf 84' lang='lat' dir='ltr'><em>diversam</em></span> <span class='ocrx_word' id='word_1_772' title='bbox 1475 3078 1566 3110; x_wconf 75' lang='lat' dir='ltr'><em>vocis</em></span> <span class='ocrx_word' id='word_1_773' title='bbox 1589 3078 1765 3119; x_wconf 77' lang='grc' dir='ltr'>μεθοδεῦσαι</span> <span class='ocrx_word' id='word_1_774' title='bbox 1786 3076 2094 3117; x_wconf 83' lang='lat' dir='ltr'><em>interpretationem</em></span> <span class='ocrx_word' id='word_1_775' title='bbox 2110 3079 2159 3111; x_wconf 82' lang='lat' dir='ltr'><em>af.</em></span> 
     </span>
     <span class='ocr_line' id='line_1_102' title="bbox 1148 3127 2157 3176; baseline -0.013 -6"><span class='ocrx_word' id='word_1_776' title='bbox 1148 3137 1214 3169; x_wconf 80' lang='lat' dir='ltr'><em>fert</em></span> <span class='ocrx_word' id='word_1_777' title='bbox 1229 3135 1306 3168; x_wconf 83' lang='lat' dir='ltr'><em>alibi</em></span> <span class='ocrx_word' id='word_1_778' title='bbox 1324 3132 1602 3176; x_wconf 73' lang='lat' dir='ltr'><em>Chrysostomu53</em></span> <span class='ocrx_word' id='word_1_779' title='bbox 1621 3127 1779 3159; x_wconf 82' lang='lat' dir='ltr'><em>nimirum</em></span> <span class='ocrx_word' id='word_1_780' title='bbox 1794 3127 1829 3159; x_wconf 90' lang='lat' dir='ltr'><em>in</em></span> <span class='ocrx_word' id='word_1_781' title='bbox 1845 3127 1991 3160; x_wconf 80' lang='lat' dir='ltr'><em>Humilia</em></span> <span class='ocrx_word' id='word_1_782' title='bbox 2007 3130 2107 3163; x_wconf 77' lang='lat' dir='ltr'>XXII</span> <span class='ocrx_word' id='word_1_783' title='bbox 2124 3133 2157 3164; x_wconf 75' lang='lat' dir='ltr'><em>jn</em></span> 
     </span>
     <span class='ocr_line' id='line_1_103' title="bbox 1149 3181 2158 3231; baseline -0.004 -10"><span class='ocrx_word' id='word_1_784' title='bbox 1149 3189 1256 3231; x_wconf 86' lang='lat' dir='ltr'><em>Epist.</em></span> <span class='ocrx_word' id='word_1_785' title='bbox 1275 3185 1319 3218; x_wconf 85' lang='lat' dir='ltr'><em>ad</em></span> <span class='ocrx_word' id='word_1_786' title='bbox 1336 3183 1516 3226; x_wconf 78' lang='lat' dir='ltr'><em>Ephesios:</em></span> <span class='ocrx_word' id='word_1_787' title='bbox 1534 3187 1567 3214; x_wconf 86' lang='grc' dir='ltr'>Τι’</span> <span class='ocrx_word' id='word_1_788' title='bbox 1584 3185 1644 3214; x_wconf 79' lang='grc' dir='ltr'>ἐστι</span> <span class='ocrx_word' id='word_1_789' title='bbox 1665 3181 2024 3222; x_wconf 56' lang='lat'><em>„1200821&#39;251120062-5221·</em></span> <span class='ocrx_word' id='word_1_790' title='bbox 2039 3187 2100 3217; x_wconf 62' lang='grc' dir='ltr'>ἐστι</span> <span class='ocrx_word' id='word_1_791' title='bbox 2125 3190 2158 3218; x_wconf 76' lang='grc' dir='ltr'><em>τὸ</em></span> 
     </span>
     <span class='ocr_line' id='line_1_104' title="bbox 1149 3235 2157 3277; baseline -0.013 -3"><span class='ocrx_word' id='word_1_792' title='bbox 1149 3247 1302 3277; x_wconf 75' lang='grc' dir='ltr'>ἀπατῆσαι</span> <span class='ocrx_word' id='word_1_793' title='bbox 1321 3241 1369 3270; x_wconf 76' lang='grc' dir='ltr'><em>καὶ</em></span> <span class='ocrx_word' id='word_1_794' title='bbox 1385 3238 1431 3268; x_wconf 78' lang='grc' dir='ltr'>διὰ</span> <span class='ocrx_word' id='word_1_795' title='bbox 1445 3241 1582 3277; x_wconf 72' lang='grc' dir='ltr'>μηχανῆς</span> <span class='ocrx_word' id='word_1_796' title='bbox 1595 3235 1682 3272; x_wconf 77' lang='grc' dir='ltr'>ἑλεῖν,</span> <span class='ocrx_word' id='word_1_797' title='bbox 1697 3235 1771 3276; x_wconf 73' lang='grc' dir='ltr'>ὅπερ</span> <span class='ocrx_word' id='word_1_798' title='bbox 1787 3235 1836 3264; x_wconf 77' lang='grc' dir='ltr'><em>καὶ</em></span> <span class='ocrx_word' id='word_1_799' title='bbox 1850 3235 1896 3265; x_wconf 80' lang='grc' dir='ltr'>ἐπὶ</span> <span class='ocrx_word' id='word_1_800' title='bbox 1913 3241 1971 3265; x_wconf 82' lang='grc' dir='ltr'><em>τῶν</em></span> <span class='ocrx_word' id='word_1_801' title='bbox 1987 3245 2099 3277; x_wconf 64' lang='grc' dir='ltr'>τεχνῶν</span> <span class='ocrx_word' id='word_1_802' title='bbox 2115 3242 2157 3277; x_wconf 60' lang='lat'><em>75-</em></span> 
     </span>
     <span class='ocr_line' id='line_1_105' title="bbox 1149 3285 2159 3331; baseline -0.011 -5"><span class='ocrx_word' id='word_1_803' title='bbox 1149 3307 1247 3331; x_wconf 76' lang='grc' dir='ltr'>νεται,</span> <span class='ocrx_word' id='word_1_804' title='bbox 1263 3294 1310 3323; x_wconf 77' lang='grc' dir='ltr'><em>καὶ</em></span> <span class='ocrx_word' id='word_1_805' title='bbox 1328 3294 1357 3322; x_wconf 72' lang='grc' dir='ltr'><em>ἐν</em></span> <span class='ocrx_word' id='word_1_806' title='bbox 1372 3291 1483 3328; x_wconf 68' lang='grc' dir='ltr'>λόγοις,</span> <span class='ocrx_word' id='word_1_807' title='bbox 1499 3289 1547 3319; x_wconf 78' lang='grc' dir='ltr'><em>καὶ</em></span> <span class='ocrx_word' id='word_1_808' title='bbox 1561 3289 1590 3318; x_wconf 84' lang='grc' dir='ltr'><em>ἐν</em></span> <span class='ocrx_word' id='word_1_809' title='bbox 1605 3288 1718 3330; x_wconf 74' lang='grc' dir='ltr'>ἔργοις,</span> <span class='ocrx_word' id='word_1_810' title='bbox 1733 3287 1781 3316; x_wconf 76' lang='grc' dir='ltr'><em>καὶ</em></span> <span class='ocrx_word' id='word_1_811' title='bbox 1800 3287 1828 3315; x_wconf 85' lang='grc' dir='ltr'><em>ἐν</em></span> <span class='ocrx_word' id='word_1_812' title='bbox 1842 3287 2045 3326; x_wconf 69' lang='grc' dir='ltr'>παλαίσμασιῑ</span> <span class='ocrx_word' id='word_1_813' title='bbox 2065 3285 2159 3330; x_wconf 78' lang='lat' dir='ltr'><em>Quid</em></span> 
     </span>
     <span class='ocr_line' id='line_1_106' title="bbox 1151 3334 2157 3386; baseline -0.01 -9"><span class='ocrx_word' id='word_1_814' title='bbox 1151 3351 1200 3376; x_wconf 76' lang='lat' dir='ltr'><em>est</em></span> <span class='ocrx_word' id='word_1_815' title='bbox 1222 3338 1389 3386; x_wconf 60' lang='grc' dir='ltr'>μεθοδεξαῖ)</span> <span class='ocrx_word' id='word_1_816' title='bbox 1406 3340 1586 3372; x_wconf 55' lang='lat' dir='ltr'><em>mmai-:0⁶21</em></span> <span class='ocrx_word' id='word_1_817' title='bbox 1609 3341 1657 3366; x_wconf 68' lang='grc' dir='ltr'><em>εει</em></span> <span class='ocrx_word' id='word_1_818' title='bbox 1679 3334 1849 3377; x_wconf 71' lang='lat' dir='ltr'><em>decipere,</em></span> <span class='ocrx_word' id='word_1_819' title='bbox 1867 3342 1898 3365; x_wconf 81' lang='lat' dir='ltr'><em>et</em></span> <span class='ocrx_word' id='word_1_820' title='bbox 1908 3346 1969 3378; x_wconf 69' lang='lat' dir='ltr'><em>per</em></span> <span class='ocrx_word' id='word_1_821' title='bbox 1983 3336 2157 3368; x_wconf 77' lang='lat' dir='ltr'><em>machina-</em></span> 
     </span>
     <span class='ocr_line' id='line_1_107' title="bbox 1150 3385 2159 3434; baseline -0.012 -7"><span class='ocrx_word' id='word_1_822' title='bbox 1150 3402 1261 3427; x_wconf 75' lang='lat' dir='ltr'><em>menta</em></span> <span class='ocrx_word' id='word_1_823' title='bbox 1279 3401 1406 3434; x_wconf 77' lang='lat' dir='ltr'><em>capere,</em></span> <span class='ocrx_word' id='word_1_824' title='bbox 1425 3388 1516 3431; x_wconf 80' lang='lat' dir='ltr'><em>qnod</em></span> <span class='ocrx_word' id='word_1_825' title='bbox 1528 3386 1578 3431; x_wconf 80' lang='lat' dir='ltr'><em>fit</em></span> <span class='ocrx_word' id='word_1_826' title='bbox 1597 3388 1628 3418; x_wconf 85' lang='lat' dir='ltr'><em>t&#39;n</em></span> <span class='ocrx_word' id='word_1_827' title='bbox 1647 3385 1773 3419; x_wconf 83' lang='lat' dir='ltr'><em>artibus</em></span> <span class='ocrx_word' id='word_1_828' title='bbox 1785 3410 1795 3428; x_wconf 84' lang='lat'><strong><em>‚</em></strong></span> <span class='ocrx_word' id='word_1_829' title='bbox 1814 3388 1847 3418; x_wconf 85' lang='grc' dir='ltr'><strong>ιή</strong></span> <span class='ocrx_word' id='word_1_830' title='bbox 1866 3386 1985 3427; x_wconf 70' lang='lat' dir='ltr'><em>verbis,</em></span> <span class='ocrx_word' id='word_1_831' title='bbox 2004 3389 2036 3419; x_wconf 80' lang='lat' dir='ltr'><em>in</em></span> <span class='ocrx_word' id='word_1_832' title='bbox 2055 3392 2159 3432; x_wconf 60' lang='lat' dir='ltr'><em>operi-</em></span> 
     </span>
     <span class='ocr_line' id='line_1_108' title="bbox 1152 3443 1467 3489; baseline -0.025 -10"><span class='ocrx_word' id='word_1_833' title='bbox 1152 3449 1230 3489; x_wconf 79' lang='lat' dir='ltr'><em>bas,</em></span> <span class='ocrx_word' id='word_1_834' title='bbox 1249 3447 1280 3476; x_wconf 85' lang='lat' dir='ltr'><em>in</em></span> <span class='ocrx_word' id='word_1_835' title='bbox 1297 3443 1467 3486; x_wconf 71' lang='lat' dir='ltr'><em>pnloestra.</em></span> 
     </span>
    </p>
   </div>
  </div>
 </body>
</html>
