2516 3791
139 608 209 638 Αιι,
227 606 322 648 4,31,

341 209 430 271 390
743 226 779 255 5.

336 305 538 358 vinculum,
562 321 655 346 nune
673 307 776 358 rixa,
814 318 846 347 et
877 309 1062 347 contentio.
1097 309 1170 346 Ubi
1191 308 1284 346 enim

337 380 455 404 meum
470 376 503 405 et
525 376 642 419 tuum,
663 369 737 406 illic
756 383 858 406 omne
877 369 995 406 litium
1015 382 1125 419 genus
1147 377 1181 405 ct
1205 381 1286 405 con-

336 428 502 466 tentionis
526 430 661 467 occasio
683 429 766 466 :ubi
795 438 912 466 autem
934 429 1009 465 haec
1027 442 1096 466 non
1115 437 1209 475 sunt,
1232 428 1285 466 ibi

334 502 456 526 secura
479 499 639 527 versatur
653 504 725 541 pax
741 498 774 526 et
788 487 986 526 eoncordia.
1009 487 1057 526 Et
1070 487 1149 526 baec
1167 497 1206 526 ut
1221 488 1283 526 di—

334 562 424 599 scas,
441 549 525 587 audi
548 548 634 599 quid
655 549 751 586 dieat
769 548 893 586 beatus
910 549 1026 586 Lucas
1040 548 1086 587 de
1098 549 1142 587 iis
1156 549 1218 600 qui
1237 549 1284 587 ab

334 610 436 647 initio
463 609 508 647 ad
537 609 645 646 fidem
670 608 828 647 conversi
871 618 964 648 sunt.
1002 611 1116 657 Erat,
1152 610 1280 661 inquit,

335 673 505 707 omnium
526 683 592 707 cor
615 683 733 707 unum
760 678 797 707 et
820 673 955 708 anima
974 684 1054 708 ιιηα
1071 686 1081 706 .·
1100 685 1170 708 11011
1187 670 1284 722 (111οᾶ

332 744 438 767 11113111
451 729 607 767 animam
620 729 810 768 habuerint
821 744 954 778 omnes,
970 730 1166 781 (quomodo
1189 730 1282 769 enim

331 792 397 829 1100
411 822 422 841 ,
443 805 522 829 cum
549 791 585 829 in
604 791 757 831 diversis
777 791 984 844 corporibus
1006 792 1168 830 fuerint?
1189 796 1201 841 )
1222 792 1284 830 sed

331 853 556 891 concordiam
577 853 722 891 illorum
748 852 981 890 arctissimam
1006 853 1108 890 nobis
1136 852 1284 891 demon-

329 923 428 952 strat.
448 916 529 954 Jam
552 914 620 952 nisi
653 915 815 966 plurimae
829 915 1008 967 patientiae
1029 915 1151 952 fuisset
1165 916 1284 966 justus

329 977 404 1024 ille,
434 986 467 1014 et
487 977 662 1029 insignem
692 990 766 1028 prae
784 990 821 1014 se
839 975 978 1013 tulisset
997 976 1279 1028 philosophiam,

329 1038 585 1076 succensuisset
617 1037 777 1084 forsitan,
800 1045 833 1074 et
869 1036 918 1073 ita
943 1038 973 1073 ei
994 1035 1165 1074 dixisset:
1191 1036 1283 1082 Quis

328 1100 427 1137 furor
459 1098 520 1137 ille
538 1099 556 1136 ἶ)
578 1098 710 1136 Ausine
729 1106 810 1135 sunt
842 1097 968 1134 famuli
989 1097 1042 1134 tui
1069 1111 1108 1135 os
1142 1097 1281 1150 aperire

327 1159 498 1198 adversus
518 1174 641 1212 operas
661 1159 785 1197 meas?
805 1173 874 1196 non
893 1158 1094 1209 cogitarunt
1109 1168 1281 1209 quantum

328 1222 419 1259 inter
456 1236 518 1259 nos
540 1221 585 1259 sit
614 1220 840 1258 discrimen?
860 1220 965 1258 Unde
986 1219 1079 1257 enim
1117 1220 1183 1258 tibi
1218 1221 1280 1258 illa

326 1281 573 1320 abnndantia?
603 1296 717 1320 nonne
745 1296 789 1319 ex
808 1295 885 1319 mea
916 1281 1033 1319 eura?
1056 1280 1146 1327 Quis
1182 1289 1216 1319 te
1243 1281 1279 1319 in

326 1343 514 1381 hominum
532 1352 758 1395 conspectum
779 1341 929 1395 protulit
947 1342 964 1379 ?
983 1355 1098 1379 nonne
1131 1355 1195 1394 ego
1217 1343 1279 1393 qui

325 1419 391 1457 pro
411 1405 576 1442 omnibus
598 1404 664 1442 tihi
679 1404 742 1453 fui,
758 1412 791 1441 et
808 1403 921 1455 patris
946 1402 1011 1440 tibi
1030 1403 1126 1441 vices
1140 1402 1195 1454 egi
1215 1417 1279 1455 per

326 1465 443 1503 omnia
457 1466 474 1503 ‚⁰
488 1468 602 1516 Atque
626 1465 691 1502 has
710 1464 800 1502 mihi
819 1478 884 1516 pro
900 1473 950 1501 tot
961 1463 1168 1501 ministeriis
1179 1478 1278 1501 mer-

325 1526 426 1565 cedes
447 1527 598 1565 reddis?
620 1526 775 1564 Haecine
799 1540 861 1577 spe
889 1525 1021 1575 ubique
1048 1533 1082 1562 te
1113 1527 1278 1563 comitem

325 1588 462 1626 itineris
486 1588 630 1626 habui?
659 1587 765 1637 Esto,
790 1586 882 1624 nihil
910 1599 1032 1624 eorum
1052 1600 1130 1636 quae
1162 1600 1182 1623 a
1221 1601 1278 1624 me

323 1650 432 1687 babes
450 1650 486 1687 in
507 1658 657 1687 mentem
674 1648 740 1686 tibi
768 1648 884 1686 veniat
903 1662 910 1683 :
939 1660 1053 1684 nonne
1073 1647 1197 1684 saltem
1217 1647 1277 1685 vel

323 1721 497 1750 senectam
510 1725 625 1748 meam
635 1719 668 1747 et
681 1723 785 1747 canos
803 1708 954 1747 revereri
973 1707 1186 1760 oportebat?
1204 1708 1276 1747 Sed

322 1771 543 1809 connivendo
562 1770 754 1823 permisisti
775 1778 932 1822 pastores
959 1778 1036 1806 tuos
1048 1769 1085 1806 in
1101 1783 1196 1807 meos
1215 1769 1275 1807 de—

319 1832 499 1880 bacchari,
516 1831 652 1869 nescius
668 1830 766 1881 quod
782 1830 874 1868 sieut
888 1829 1114 1879 contumelia,
1135 1844 1204 1881 qua
1220 1830 1274 1869 illi

319 1893 437 1931 affecti
454 1902 550 1943 sunt,
571 1893 608 1931 in
627 1907 684 1930 me
705 1891 845 1942 transit,
874 1890 924 1929 ita
949 1900 983 1929 et
1001 1899 1145 1929 tuorum
1160 1901 1271 1931 teme-

319 1954 405 1993 ritas
425 1954 492 1992 tibi
507 1953 737 1993 adscribitur.

372 2026 409 2062 4.
432 2023 504 2061 Sed
539 2023 630 2060 nihil
659 2023 788 2061 borum
807 2022 926 2074 justus
960 2021 1016 2059 vel
1052 2020 1090 2059 in
1120 2031 1273 2062 mentem

321 2084 478 2132 admisit,
499 2083 560 2121 sed
592 2083 760 2121 omnibus
790 2082 862 2120 illis
889 2082 934 2120 ab
955 2082 1074 2121 animo
1106 2084 1271 2135 repulsis,

322 2158 434 2182 unum
456 2144 526 2182 hoe
558 2144 696 2195 agebat,
723 2143 902 2194 quomodo
930 2143 1028 2194 quod
1060 2153 1271 2196 erupturum

321 2214 395 2243 erat
409 2205 641 2243 contentionis
650 2204 854 2242 incendium
862 2203 1115 2255 exstingueret,
1127 2213 1160 2242 et
1170 2206 1272 2245 suavi

321 2266 542 2318 separatione
559 2265 768 2316 excogitata,
783 2264 915 2315 absque
933 2264 1048 2301 turbis
1066 2265 1243 2304 habitaret
1261 2282 1268 2303 ε

321 2326 409 2364 dicit
427 2326 521 2364 enim
543 2342 549 2362 z
573 2327 675 2363 Ecce
699 2338 833 2363 annon
852 2327 975 2362 omnis
1007 2333 1110 2362 terra
1140 2339 1271 2364 coram

322 2397 359 2426 te
383 2391 471 2425 est?
502 2387 669 2425 Discede
694 2400 719 2422 a
747 2387 879 2423 1ηοεεί
908 2393 948 2422 tu
976 2385 1030 2421 ad
1058 2387 1269 2435 sinistram,

320 2463 390 2501 ego
419 2450 474 2486 ad
499 2449 676 2485 dextram
690 2463 706 2492 ;
723 2449 756 2484 si
777 2455 819 2484 tu
839 2446 893 2483 ad
910 2447 1100 2494 detlram,
1125 2460 1192 2498 ego
1218 2449 1272 2484 ad

319 2513 529 2548 sinistram.
549 2509 643 2549 Vide
658 2506 962 2546 mansuetudinem
977 2507 1078 2558 justi.
1093 2508 1270 2559 Operibus

319 2573 412 2609 enim
427 2571 591 2619 ostendit,
611 2584 646 2608 se
665 2583 733 2608 non
759 2583 823 2606 5113
846 2577 968 2620 sponte
986 2569 1099 2606 facere
1116 2569 1195 2618 hoc,
1211 2584 1270 2607 ne—

320 2648 387 2684 que
406 2632 560 2685 separari
582 2632 694 2680 velle,
716 2630 776 2668 sed
796 2630 842 2668 ob
863 2629 1094 2667 contentionis
1120 2631 1268 2668 necessi—

321 2706 448 2745 tatem,
469 2705 508 2733 ut
538 2709 581 2733 110
607 2696 643 2732 111
673 2694 780 2732 (101110
801 2694 847 2731 511
863 2702 1072 2745 perpetuum
1101 2693 1235 2732 bellum
1258 2712 1266 2732 :

318 2758 400 2795 vide
429 2756 607 2808 quomodo
625 2755 745 2793 verbis
767 2755 864 2792 illius
894 2754 1002 2792 bilem
1019 2755 1264 2803 mansuefacit,

318 2828 351 2855 et
381 2833 519 2855 0111110111
542 2818 573 2856 01
599 2816 778 2855 electionis
795 2824 1000 2868 potestatem
1021 2814 1098 2864 dat,
1132 2830 1263 2867 propo-

318 2879 438 2929 nitque
466 2892 604 2915 omnem
626 2887 768 2925 terram,
796 2890 836 2913 30
869 2875 985 2913 dicit:
1013 2877 1114 2914 Eece
1132 2891 1266 2914 annon

319 2942 440 2976 munis
461 2948 564 2976 terra
593 2953 722 2977 eoram
744 2943 815 2976 tc?
845 2940 963 2985 Quam
990 2937 1045 2976 vis
1077 2938 1168 2988 elige
1193 2955 1199 2975 :
1231 2949 1264 2977 01

316 3014 392 3051 ego,
421 3014 526 3050 quam
546 3009 582 3037 tu
604 3000 800 3050 reliqueris,
822 3012 949 3050 magna
976 3012 1056 3036 eum
1083 2999 1265 3051 voluptate.

315 3061 498 3112 accipiam.
514 3063 643 3111 Magna
660 3060 801 3112 estjusti
819 3060 925 3110 hujus
940 3058 1261 3111 1)1111050[11113.Νο11

315 3122 391 3158 Ι11111
422 3121 564 3158 omnino
592 3135 757 3158 onerosus
791 3134 862 3157 esse
892 3119 1010 3157 fratris
1040 3119 1259 3172 filio;quasi

312 3184 443 3221 ‹licei-ct
461 3199 467 3218 :
491 3182 667 3230 Quoniam
683 3180 718 3218 id
733 3180 827 3232 quod
849 3180 1012 3218 nolebam
1027 3180 1170 3227 accidit,
1189 3197 1259 3232 quo

312 3253 442 3282 vesscnt
469 3243 715 3289 contentiones,
736 3242 969 3279 necessarium
986 3251 1037 3279 est
1062 3251 1099 3278 ut
1120 3256 1257 3294 separe-

312 3320 389 3343 mur
408 3321 414 3340 :
431 3313 611 3357 propterea
636 3313 667 3339 10
691 3301 874 3340 dominum
896 3302 1074 3340 electionis
1102 3314 1135 3341 01
1156 3305 1254 3342 ιιι-111-

310 3377 401 3403 trum
423 3366 595 3402 constituo
616 3380 624 3412 ;
644 3374 673 3401 et
699 3377 837 3400 0111110111
859 3363 921 3400 tihi
958 3373 1162 3415 potestatem
1193 3365 1251 3407 (10,

308 3438 341 3465 ut
371 3437 496 3465 [01111111
525 3439 629 3476 quam
656 3424 834 3462 11101101οη1
862 3438 978 3461 censes
1009 3434 1043 3462 tu
1073 3425 1194 3477 eligas,
1218 3436 1249 3465 01

820 227 1003 258 JOANMS
1038 228 1275 258 CHRYSOST.
1316 227 1522 259 ARCfflEP.
1561 230 1915 264 CONSTANTINOP-

1354 313 1376 356 ἡ
1397 310 1516 361 εἰρήνη
1533 311 1592 350 καὶ
1612 315 1629 350 ὃ
1651 313 1840 364 σύνδεσμος
1858 318 1921 362 τ’ἥς
1940 315 2078 367 ἀγάπης
2090 345 2100 363 ,
2117 318 2189 356 ἐκεῖ
2202 318 2300 371 μάχη
2314 320 2374 357 καὶ

1354 371 1556 422 φιλονεικία.
1576 372 1695 412 εὈπου
1713 374 1780 427 γὰρ
1809 376 1848 414 τὸ
1871 376 1954 427 ἐμὸν
1970 377 2030 414 καὶ
2047 377 2087 416 τὸ
2105 378 2177 426 σὸν,
2193 381 2262 417 ἐκεῖ
2277 386 2374 417 πᾶσα

1355 431 1472 483 μοίχης
1495 433 1585 481 ἰδέα,
1606 434 1665 472 καὶ
1689 436 1898 487 φιλονεικίας
1918 437 2095 480 ὑπόθεσις·
2114 437 2194 477 ἔνθα
2214 440 2249 478 δὲ
2273 443 2377 478 τοῦτο

1355 492 1403 543 μὴ
1423 487 1446 545 ᾗ
1454 523 1462 540 ,
1481 492 1526 531 τὰ
1541 498 1603 541 τῆς
1618 495 1780 546 ὁμονοίας
1789 497 1849 536 καὶ
1862 497 1906 536 τὰ
1920 501 1981 544 τῆς
2001 499 2139 550 εἰρήνης
2157 500 2245 550 μετὰ
2259 499 2375 548 πάσης

1354 553 1533 605 ἀκριὸείας
1551 556 1782 596 πολιτεύεται.
1796 558 1867 596 Καὶ
1885 557 1943 595 ἵνα
1955 559 2086 611 μάθῃς,
2104 561 2207 598 ἄκουε
2221 561 2255 598 τί
2270 577 2374 612 φησιν

1353 618 1370 653 ὁ
1404 615 1574 667 μακάριος
1596 619 1734 660 Λουκᾶς
1762 618 1843 671 περὶ
1877 621 1945 657 τῶν
1983 619 2018 663 ἐξ
2048 622 2160 672 ἀρχῆς
2188 623 2230 672 τῇ
2258 620 2375 659 πίστει

1351 676 1575 727 προσιόντων.
1593 671 1676 727 ἾΙν,
1697 678 1802 731 φησὶ,
1821 678 1962 717 πάντων
1978 682 2000 726 ἠ
2017 680 2145 731 καρδία
2164 679 2224 718 καὶ
2236 683 2258 727 ἡ
2277 681 2372 733 ψυχὴ

1352 737 1417 787 μία
1431 753 1438 760 ·
1461 740 1522 776 οὐκ
1542 739 1661 786 ἐπειδὴ
1681 739 1797 792 ψυχὴν
1819 739 1901 791 μίαν
1920 733 2014 792 εἶχον
2033 741 2174 790 πάντες,
2189 743 2285 789 (πῶς
2306 741 2374 795 γὰρ

1353 800 1387 836 ἐν
1403 800 1577 853 διαφόροις
1597 800 1757 851 σώμασιν
1772 801 1906 849 &vra-23)
1933 801 2023 840 ἀλλὰ
2039 801 2101 849 τὴν
2119 802 2373 853 ἐπιτεταμένην

1351 861 1511 911 ὁμόνοιαν
1532 865 1615 912 ἡμῖν
1637 862 1798 901 δείκνυσι.
1819 862 1888 901 Καὶ
1909 864 1938 901 εἷ
1964 862 2013 913 μὴ
2042 863 2173 916 σφόδρα
2194 863 2374 916 μακρόθυ·

1352 922 1414 971 μός
1430 937 1480 965 τις
1500 917 1542 969 ἦν
1561 925 1579 960 ὁ
1599 922 1748 971 δίκαιος,
1769 923 1828 962 καὶ
1848 925 2046 976 φιλοσοφεῖν
2072 924 2185 973 εἰδὼς,
2206 925 2266 963 καὶ
2292 928 2375 977 ἐχα-

1349 983 1496 1029 λέπηνεν
1516 983 1570 1033 ἂν,
1588 984 1648 1022 καὶ
1675 977 1750 1022 εἷπε
1769 984 1854 1038 πρὸς
1879 984 1978 1023 αὐτόν
1992 1000 2000 1009 ·
2016 985 2068 1027 τίς
2086 988 2108 1032 ἢ
2128 985 2278 1033 τοσαύτη
2302 1002 2377 1024 πα-

1351 1044 1478 1095 ροινία;
1510 1043 1631 1087 ”Ολ(ος
1657 1044 1725 1097 γὰρ
1757 1045 1952 1095 ἐτόλμησαν
1986 1049 2018 1084 οἱ
2052 1046 2284 1099 προσήκοντές
2320 1064 2375 1086 σοι

1349 1107 1465 1157 διᾶραι
1487 1105 1600 1155 στόμα
1632 1105 1718 1159 πρὸς
1749 1105 1827 1148 τοὺς
1858 1106 1935 1157 ἐμοὶ
1966 1106 2207 1158 διαφέροντας,
2226 1108 2285 1146 καὶ
2313 1111 2375 1147 οὐκ

1349 1165 1548 1213 ἐνενόησαν,
1569 1165 1649 1203 ὅσον
1667 1167 1706 1205 τὸ
1727 1165 1831 1217 μέσον
1861 1166 1934 1205 ἐστὶ
1957 1165 2086 1217 μεταξὺ
2114 1170 2237 1218 ἡμῶν;
2256 1168 2372 1208 Πόθεν

1347 1227 1414 1278 γάρ
1434 1242 1488 1265 σοι
1507 1226 1550 1265 τὰ
1570 1231 1631 1274 τ’ἦς
1647 1227 1809 1276 εὔπορίας
1824 1226 1952 1275 ταύτης
1963 1228 2162 1279 γεγένηται;
2175 1231 2236 1268 οὐκ
2253 1233 2292 1269 ἐκ
2308 1234 2372 1277 τῆς

1347 1290 1435 1339 ἐμῆς
1454 1288 1681 1339 κηδεμονίας,
1700 1287 1764 1331 Τίς
1785 1288 1822 1327 δέ
1853 1304 1892 1326 σε
1924 1290 1971 1332 εἷς
2001 1288 2200 1342 ἀνθρώπους
2224 1292 2373 1343 ὀφθῆναι

1347 1349 1554 1397 πεποίηκεν,
1573 1351 1636 1388 οὐκ
1655 1349 1724 1401 ἐγὼ
1747 1350 1825 1388 ἀντὶ
1853 1349 1993 1388 πάντων
2026 1366 2079 1389 σοι
2112 1351 2284 1403 γεγονὼς,
2311 1353 2373 1390 καὶ

1347 1410 1409 1458 τὴν
1441 1410 1574 1463 πατρός
1604 1426 1658 1449 σοι
1680 1410 1801 1463 χρείαν
1837 1410 1894 1450 διὰ
1922 1412 2060 1450 πάντων
2095 1411 2371 1463 ἐπιδειξάμενος

1930 1471 1979 1485 Nl&

1345 1471 1486 1515 Ταύτας
1507 1487 1565 1521 μοι
1587 1473 1649 1515 τὰς
1677 1471 1826 1522 ἀμοιὸὰς
1856 1473 2026 1517 ἀποοιοως
2045 1476 2107 1520 τῆς
2138 1475 2270 1520 πολλῆς
2288 1474 2371 1526 περὶ

1302 1549 1326 1579 C
1348 1533 1386 1572 σὲ
1421 1532 1624 1586 θεραπείας,
1667 1534 1790 1571 Ταῦτα
1823 1533 1972 1577 ἐλπίζων
2002 1538 2182 1587 πανταχοῦ
2217 1550 2254 1573 σε
2290 1538 2367 1586 μετ’

1345 1597 1432 1645 ἐμοῦ
1462 1597 1648 1647 περιῆγον5
1671 1593 1810 1641 Ἔστω,
1831 1595 1925 1634 οὐδὲν
1957 1597 2026 1633 τῶν
2052 1595 2284 1647 ὑπηργμένων
2313 1612 2368 1636 σοι

1346 1659 1429 1708 παρ’
1452 1659 1535 1706 ἐμοῦ
1562 1658 1608 1699 εἷς
1628 1655 1757 1694 ἔννοιαν
1775 1655 1915 1699 ἔλαὸες·
1933 1656 1997 1694 κᾶν
2014 1673 2079 1707 μου
2091 1660 2172 1709 γοῦν
2198 1657 2237 1695 τὸ
2256 1661 2367 1711 γ’ἧρας

1346 1716 1549 1764 αἷδεσθῆναί
1569 1732 1607 1754 σε
1623 1718 1683 1755 οὐκ
1703 1719 1825 1768 ἐχρῆν,
1840 1717 1900 1754 καὶ
1914 1720 2063 1766 τιμῆσαι
2077 1717 2139 1761 τὰς
2159 1719 2284 1763 πολιὰς
2303 1719 2368 1764 τὰς

1345 1779 1449 1830 ἐμάς,
1468 1778 1574 1817 Ἀλλὰ
1588 1779 1756 1831 περιεῖδες
1775 1777 1854 1822 τοὺς
1872 1778 2040 1829 ποιμένας
2059 1779 2137 1823 τοὺς
2157 1780 2236 1824 σοὺς
2250 1783 2366 1831 ἐμπα-

1346 1844 1540 1892 ροινοῦντας
1558 1845 1628 1883 τοῖς
1648 1841 1743 1889 ἐμοῖς
1763 1838 1939 1889 ποιμέσιν,
1956 1841 2018 1877 οὐκ
2047 1839 2144 1883 εἰδὼς
2174 1840 2227 1879 ὅτι
2246 1841 2367 1896 ὥσπερ

1344 1905 1365 1948 ἡ
1387 1904 1435 1944 εἷς
1467 1899 1616 1944 ἐκείνους
1635 1900 1732 1953 ῧὲρις
1761 1901 1808 1944 εἷς
1835 1898 1898 1951 ἐμὲ
1926 1900 2115 1949 διαὸαίνει,
2142 1900 2233 1940 οὕτω
2263 1903 2320 1942 καὶ
2341 1907 2364 1950 ἡ

1343 1962 1481 2001 ἐκείνων
1498 1962 1688 2014 προπέτεια
1705 1963 1752 2005 εἷς
1774 1960 1812 2000 σὲ
1829 1960 1892 2008 τὴν
1913 1961 2087 2014 ἀναφορὰν
2107 1962 2192 2015 ἔχει.

1396 2024 1487 2062 Ἀλλ’
1502 2023 1598 2062 οὐδὲν
1618 2022 1748 2062 τούτων
1771 2025 1788 2061 ὃ
1807 2022 1938 2066 δίκαιος
1957 2023 2035 2061 οὔτε
2057 2025 2105 2067 εἷς
2124 2025 2276 2063 διάνοιαν
2295 2027 2364 2064 λα-

1343 2086 1415 2124 ὅεῖν
1435 2084 1643 2129 κατεδέξατο
1654 2115 1662 2131 ,
1686 2083 1777 2122 ἀλλὰ
1791 2084 1907 2122 πάντα
1919 2088 2071 2123 τοιοῦτον
2085 2087 2251 2137 λογισμὸν
2266 2089 2364 2126 ἀπω-

1343 2147 1511 2197 σάμενος,
1524 2146 1597 2190 ἑνὸς
1615 2145 1747 2197 γίνεται
1769 2144 1871 2196 μόνου
1883 2175 1892 2192 ,
1905 2144 1998 2188 ὅπως
2017 2145 2076 2183 καὶ
2090 2145 2154 2192 τὴν
2168 2146 2362 2197 μέλλουσαν

1341 2207 1549 2252 ἐξάπτεσθαι
1561 2205 1769 2258 φιλονεικίαν
1787 2204 1990 2257 κατασῧέσῃ
2004 2236 2014 2252 ,
2028 2206 2088 2243 καὶ
2106 2207 2164 2245 τὸν
2181 2209 2361 2260 χῳρισμὸν

1342 2268 1482 2312 ἀλύπως
1501 2267 1685 2311 ἐπινοήσας
1711 2266 1826 2312 πάσης
1845 2270 2002 2318 ταραχῆς
2029 2266 2126 2311 ἐκτὸς
2145 2268 2276 2321 ποιήσῃ
2297 2269 2361 2317 τὴν

1341 2329 1466 2368 οἰκίαν.
1484 2331 1560 2366 Οὐκ
1576 2327 1666 2376 ἰδοὺ,
1680 2327 1784 2379 φησὶ,
1802 2335 1899 2366 πᾶσα
1915 2332 1936 2375 ἡ
1956 2330 2000 2377 γῆ
2021 2328 2171 2367 ἐναντίον
2195 2345 2254 2368 σου
2269 2331 2345 2370 ἐστί
2351 2349 2361 2380 ;

1341 2390 1605 2442 Διαχωρίσθητι
1627 2389 1688 2427 ἀπ’
1704 2391 1788 2439 ἐμοῦ
1800 2404 1808 2411 ·
1827 2391 1856 2426 εἷ
1874 2387 1913 2426 σὺ
1932 2390 1978 2432 εἷς
1997 2388 2110 2435 δεξιὰ,
2131 2389 2199 2441 ἐγὼ
2220 2393 2267 2435 εἷς
2282 2395 2361 2446 ἀρι-

1340 2452 1463 2504 στερά·
1487 2454 1515 2489 εἰ
1536 2449 1630 2489 &seb
1645 2452 1693 2493 εἷς
1713 2449 1898 2503 ἀριστερὰ,
1918 2449 1986 2501 ἐγὼ
2002 2451 2049 2494 εἷς
2068 2449 2172 2494 δεξιοί.
2186 2451 2282 2504 “Opa
2296 2454 2360 2502 τὴν

1342 2512 1531 2551 ἐπιείκειαν
1550 2516 1608 2550 τοῦ
1644 2511 1791 2549 δικαίου.
1814 2509 1959 2555 Δεικνὶις
1981 2511 2048 2564 γὰρ
2079 2514 2171 2565 αὐτῷ
2204 2514 2260 2552 διὰ
2291 2519 2360 2554 τῶν

1341 2572 1632 2625 πραγμάτιι1ν,ὂ’τι
1645 2574 1710 2625 οὐχ
1721 2571 1807 2611 ἑκὼν
1821 2575 1922 2610 τοῦτο
1936 2577 2049 2619 ποιεῖ,
2063 2572 2139 2610 οὐδὲ
2152 2574 2360 2626 βουλόμενος

1340 2635 1442 2672 αὐτὸν
1458 2637 1694 2686 χωρισθῆναι,
1710 2633 1799 2672 ἀλλὰ
1813 2633 1870 2672 διὰ
1883 2632 1945 2680 τὴν
1955 2637 2017 2680 τῆς
2030 2634 2240 2686 φιλονεικίας
2254 2637 2360 2689 ἀνοίγ-

1340 2711 1417 2743 κην,
1439 2696 1498 2733 καὶ
1518 2695 1608 2734 ὥστε
1627 2695 1675 2745 μὴ
1705 2696 1845 2742 διηνεκῆ
1877 2694 1934 2732 τὸν
1965 2694 2116 2745 πόλεμον
2137 2689 2224 2733 εἶναι
2255 2700 2290 2736 ἐν
2314 2702 2358 2751 τῇ

1338 2757 1451 2809 οἰκίᾳ,
1471 2757 1593 2795 σκόπει
1608 2760 1681 2801 πῶς
1701 2756 1757 2794 διὰ
1775 2759 1843 2794 τῶν
1861 2755 1973 2807 λόγων
1991 2755 2227 2810 καταπραύνει
2254 2761 2357 2797 αὐτοῦ

1290 2830 1312 2859 Ε
1338 2817 1399 2864 τὴν
1419 2817 1628 2869 φλεγμονὴν,
1645 2817 1704 2855 καὶ
1725 2819 1817 2869 αὐτῷ
1836 2823 1952 2855 πᾶσαν
1973 2817 2036 2864 τὴν
2056 2817 2212 2862 ἐξουσίαν
2237 2819 2358 2860 δίδωσι

1336 2881 1397 2924 τῆς
1414 2880 1575 2927 ἐκλογῆς,
1599 2878 1657 2916 καὶ
1686 2877 1889 2931 προτίθησιν
1915 2879 2010 2930 αὐτῷ
2030 2877 2092 2924 τὴν
2119 2881 2184 2930 γῆν
2204 2879 2356 2928 ἅπασαν,

1337 2939 1396 2977 καί
1415 2955 1518 2991 φησιν
1532 2954 1539 2961 ·
1558 2941 1634 2977 Οὐκ
1650 2938 1720 2976 ἰδοὺ
1741 2945 1839 2976 πᾶσα
1857 2941 1878 2984 ἡ
1899 2942 1942 2989 γῆ
1960 2938 2111 2976 ἐναντίον
2132 2955 2191 2977 σου
2205 2957 2214 2987 ;
2230 2940 2299 2979 oer
2315 2942 2355 2979 ἂν

1337 3001 1442 3052 βούλῃ
1457 3031 1465 3047 ,
1491 3003 1585 3047 ἑλοῦ,
1602 2999 1701 3051 κάγὼ
1717 2999 1850 3045 ἐκείνην
1869 2999 2103 3050 καταδέξομαι
2119 3000 2207 3050 μετὰ
2223 3003 2355 3048 πολλῆς

1333 3064 1395 3107 τῆς
1425 3063 1568 3108 ἡδονῆς,
1603 3062 1644 3108 ἦν
1675 3060 1714 3098 ἂν
1743 3061 1840 3104 αὐτὸς
1872 3060 2081 3113 καταλίπῃς.
2117 3062 2262 3112 Μεγάλη
2295 3068 2354 3103 τοῦ

1334 3121 1466 3160 δικαίου
1482 3126 1501 3168 ἡ
1521 3121 1715 3174 φιλοσοφία.
1731 3122 1798 3160 Διὰ
1817 3122 1956 3160 πάντων
1971 3122 2171 3174 ἀνεπαχθὴς
2192 3123 2352 3174 βούλεται

1332 3184 1489 3235 γενέσθαι
1508 3187 1557 3234 τῷ
1578 3184 1761 3236 ἀδελφιδῷ.
1776 3182 1922 3228 Ἐπειδὴ
1943 3182 2030 3235 γὰρ,
2052 3183 2168 3235 φησὶν,
2189 3184 2274 3237 ὅπερ
2291 3187 2351 3224 οὐκ

1331 3245 1537 3296 ἑδουλόμην,
1554 3249 1654 3284 τοῦτο
1672 3245 1823 3296 γίνεται,
1838 3244 1897 3282 καὶ
1914 3244 1971 3282 ἵνα
1997 3244 2040 3282 τὰ
2061 3248 2123 3291 τῆς
2141 3247 2349 3297 φιλονεικίας

1329 3310 1460 3356 παυθῇ,
1477 3307 1532 3343 τον
1549 3306 1729 3359 χωρισμὸν
1750 3305 1885 3356 ἀνάγκη
1901 3305 2077 3355 συμὸἧναι
2092 3321 2098 3328 ·
2118 3305 2174 3342 διὰ
2192 3307 2291 3345 τοῦτό
2311 3325 2347 3347 σε

1326 3367 1441 3418 κύριον
1460 3367 1648 3416 καθίστημι
1669 3371 1730 3413 τῆς
1751 3367 1934 3418 αἱρέσεως,
1956 3366 2013 3404 καὶ
2032 3366 2093 3413 τὴν
2113 3366 2268 3410 ἐξουσίαν
2293 3384 2344 3406 σοι

1324 3436 1439 3466 πᾶσαν
1450 3429 1574 3478 δίδωμι
1586 3459 1593 3469 ,
1608 3427 1663 3466 ἵνα
1678 3429 1719 3474 ἢν
1737 3428 1775 3465 ἂν
1787 3427 1931 3478 νομίσῃς
1946 3421 2032 3465 εἶναι
2044 3429 2252 3480 τιμιιιπέραν
2265 3432 2341 3479 γῆν,
