2516 3791
211 879 341 907 Affectus

153 923 278 949 maxime
294 931 339 947 re-

153 964 282 1000 quiritur
311 963 340 988 in

153 1005 295 1031 oratione.

162 1309 321 1347 1.Reg.t.

160 1353 272 1391 13.19.

201 2600 308 2628 Procul
334 2610 348 2627 a

159 2643 267 2679 templo
297 2642 349 2668 ha-

163 2684 253 2710 bitare
313 2693 347 2709 :in

159 2730 277 2752 excuset
292 2735 348 2751 non

158 2766 340 2794 accedentes.

350 162 444 222 854

349 275 448 311 nens,
469 261 583 300 vitam
611 269 710 299 tuam
739 259 808 298 hoc
836 268 939 312 pacto
967 255 1118 294 munias.
1140 250 1248 301 Quod
1272 250 1302 288 si

350 322 487 371 feceris,
512 321 650 360 etiamsi
670 321 834 374 plurimae
847 318 1011 373 procellae
1030 316 1210 367 ingruant,
1227 312 1303 351 sive

350 380 572 430 tentationes,
589 380 664 418 sive
676 378 866 425 moestitiae,
883 377 957 415 sive
977 373 1207 426 cogitationes
1225 385 1302 409 mo-

350 440 460 490 lestae,
483 441 558 478 sive
585 439 727 490 quidvis
748 437 859 486 aliud,
881 436 973 474 nihil
994 434 1145 487 dejicere
1174 431 1303 485 poterit

351 500 497 539 domum
511 510 582 538 tam
602 499 733 538 crebris
747 497 1011 552 precationibus
1028 496 1178 547 ligatam
1196 502 1303 544 atque

351 562 540 600 munitam.
566 561 683 609 Dices,
700 560 772 606 Qui
795 559 871 597 fieri
887 567 1003 611 potest
1016 566 1055 595 ut
1069 557 1176 594 homo
1197 569 1305 593 saecu-

351 622 449 670 laris,
468 621 664 659 forensibus
684 620 835 672 negotiis
872 619 1020 669 affixus,
1055 617 1171 656 tribus
1204 615 1303 653 horis

351 682 419 720 diei
442 692 617 734 precetur,
635 691 669 720 et
689 681 735 720 ad
755 681 940 720 eeclesiam
959 679 1101 718 currat?
1114 679 1248 726 Potest,
1269 685 1304 714 et

352 743 455 781 facile
473 752 524 780 est
545 759 552 779 ι
572 743 655 781 licet
681 743 776 781 enim
793 742 840 780 ad
858 740 1043 780 eeclesiam
1065 752 1206 778 currere
1233 751 1303 775 non

354 804 399 842 sit
428 804 669 853 commodum,
700 813 816 857 potest
838 803 928 842 inihi
955 803 992 840 in
1021 803 1098 839 foro
1127 800 1305 849 curiaeque

353 866 530 904 vestibulo
558 867 694 903 haerens
722 865 954 904 nihilominus
980 862 1119 916 precari
1141 878 1148 898 :
1170 860 1216 898 ad
1238 861 1304 898 hoe

354 927 447 965 enim
472 937 590 966 mente
618 927 731 978 magis
763 941 852 979 opus
879 935 931 964 est
949 939 1056 977 quam
1077 937 1174 971 voce,
1196 920 1307 959 animi

354 989 573 1027 contentione
605 988 719 1039 magis
745 1001 853 1039 quam
877 1000 1048 1024 manuum
1072 982 1277 1022 extensione
1297 996 1305 1017 ε

353 1064 416 1088 nec
444 1059 519 1088 tam
550 1050 657 1087 refert
691 1063 762 1100 quo
792 1047 948 1100 eorporis
970 1046 1097 1084 habitu
1116 1044 1154 1082 id
1180 1043 1304 1091 facias,

354 1126 460 1162 quam
479 1125 548 1162 quo
567 1111 693 1148 animae
711 1110 839 1148 affeetu
857 1125 865 1145 ε
880 1106 1168 1159 quandoquidem
1181 1114 1215 1142 et
1230 1104 1307 1156 ipsa

356 1175 456 1210 Anna
481 1186 551 1210 non
576 1171 622 1209 ob
649 1171 822 1208 intensam
843 1168 1150 1215 vociferationem,
1178 1164 1240 1203 sed
1261 1164 1307 1202 ob

356 1233 536 1271 internum
561 1232 676 1271 cordis
708 1232 898 1270 clamorem
926 1229 1094 1268 exaudita
1125 1236 1187 1265 est.
1210 1226 1309 1264 Dicit

357 1295 451 1332 enim
469 1294 670 1346 Scriptura,
698 1294 736 1330 V
731 1307 780 1330 oz·
801 1295 882 1345 ejus
902 1306 981 1330 non
1000 1291 1248 1335 audiebatur,
1273 1295 1310 1324 et

357 1357 552 1394 Dominus
579 1356 781 1393 exaudivit
814 1369 913 1392 eam.
943 1352 1020 1390 Hoc
1050 1360 1082 1388 et
1112 1350 1172 1387 alii
1203 1347 1310 1386 multi

356 1432 448 1470 saepe
462 1418 632 1465 fecerunt,
651 1425 684 1454 et
700 1416 872 1454 clamante
891 1414 987 1451 intus
1006 1411 1229 1463 magistratu,
1242 1408 1310 1446 mi-

356 1488 472 1526 nante,
494 1486 710 1529 exasperato,
730 1477 880 1525 furente,
898 1475 968 1527 ipsi
991 1488 1056 1526 pro
1087 1472 1225 1510 foribus
1250 1484 1310 1507 eu-

356 1540 417 1577 riae
437 1548 565 1577 stantes
589 1547 775 1590 postquam
795 1551 830 1574 se
849 1549 947 1573 sacro
973 1535 1072 1585 signo
1102 1531 1310 1579 munissent,

357 1610 390 1638 et
418 1614 531 1652 pauca
551 1599 588 1636 in
607 1598 726 1635 animo
756 1596 902 1649 precati,
926 1593 1129 1646 introgressi
1161 1592 1207 1629 ad
1229 1605 1311 1628 eum

358 1669 586 1699 mutaverunt
604 1658 802 1705 hominem,
819 1671 860 1695 ae
875 1656 1144 1707 mitigaverunt,
1161 1662 1194 1691 et
1212 1666 1309 1689 man—

357 1732 496 1761 suetum
521 1736 566 1760 ex
592 1734 718 1773 aspero
741 1718 977 1757 reddiderunt
995 1733 1002 1753 :
1020 1729 1133 1767 neque
1160 1714 1234 1751 illis
1251 1722 1314 1751 aut

358 1784 472 1834 loeus,
489 1793 549 1822 aut
573 1792 726 1835 tempus,
742 1790 803 1819 aut
821 1779 1003 1819 silentium
1027 1777 1074 1816 acl
1095 1774 1313 1831 precandum

359 1845 427 1882 fuit
438 1844 702 1897 impedimento.

412 1908 448 1943 (j.
478 1905 554 1943 Hoc
577 1905 684 1943 etiam
699 1914 738 1942 tu
757 1904 862 1943 facito
883 1920 891 1941 :
914 1902 1103 1956 ingemisce
1119 1915 1252 1951 amare,
1276 1900 1313 1938 in

358 1966 566 2004 memoriam
579 1980 703 2004 revoca
716 1975 776 2003 tua
792 1974 945 2017 peecata,
961 1963 1100 2016 suspice
1115 1964 1150 2001 in
1171 1963 1311 2011 eaelum,

359 2028 418 2065 dic
434 2028 469 2065 in
485 2037 612 2076 mente,
627 2029 810 2065 flIiserere
830 2029 918 2073 mei,
935 2024 1111 2076 Deus,{et
1127 2021 1313 2061 absolvisti

359 2090 607 2142 precationem.
624 2089 696 2137 Qui
718 2089 812 2126 enim
830 2088 933 2138 dicit,
958 2089 1158 2135 stIiserere,
1177 2085 1313 2123 confes-

360 2151 495 2188 sionem
511 2151 625 2199 offert,
636 2159 669 2188 et
683 2159 868 2202 peecatum
884 2163 989 2187 suum
1001 2147 1160 2199 agnoseit
1174 2162 1181 2182 ε
1196 2146 1312 2197 lapso-

777 177 817 208 S.
854 174 1032 207 JOANMS
1066 169 1306 202 CHRYSOST·
1348 167 1551 196 ARCHIEP.
1590 167 1939 198 CONSTANTINOP.

1371 249 1577 300 λαμδάνων,
1604 249 1772 288 πάντοθέν
1802 266 1862 289 σου
1894 250 2103 303 περίφραξον
2125 251 2189 299 τὴν
2213 252 2315 300 ζωήν.
2335 251 2395 292 Ἂν

1371 310 1484 349 τοίνυν
1503 309 1592 348 οὕτω
1611 314 1731 363 ποιῇς,
1747 310 1811 349 κᾶν
1834 311 1949 364 μυρίοι
1965 312 2156 351 πνεύσωσιν
2178 313 2300 363 ἄνεμοι
2319 316 2396 352 λοι-

1328 375 1351 406 C
1373 372 1451 419 πὸν,
1466 371 1530 409 κᾶν
1548 371 1738 423 πειρασμοὶ
1753 402 1762 419 ,
1781 371 1844 410 κᾶν
1865 372 2032 423 ἀθυμίαι,
2051 373 2115 411 κᾶν
2129 373 2291 425 λογισμοί
2309 389 2398 417 τινες

1374 432 1509 478 ἀηδεῖς,
1533 432 1596 470 κᾶν
1613 436 1726 471 ὃτιοῦν
1743 433 1871 484 ἐπέλθῃ
1890 433 2011 480 δεινὸν,
2030 436 2068 470 οὐ
2087 434 2271 481 δυνήσεται
2291 450 2400 472 κατα-

1374 493 1490 531 ὅαλεῖν
1510 492 1574 540 τὴν
1594 493 1705 531 οἰκίαν
1732 493 1866 540 ἐκείνην
1884 499 2030 536 πυκναῖς
2048 493 2157 537 οὕτως
2176 499 2294 546 εὐχαῖς
2313 510 2401 533 συν·-

1375 554 1572 605 δεδεμένην.
1592 554 1664 592 Καὶ
1682 557 1756 598 πῶς
1775 555 1932 602 δυνατὸν,
1960 554 2076 606 φησὶν,
2105 555 2287 607 ἄνθρωπον
2313 559 2400 607 βιω-

1373 616 1482 662 τικὸν,
1506 615 1720 668 δικαστηρίῳ
1753 615 2037 668 προσηλωμένον,
2066 616 2158 655 κατὰ
2187 624 2279 669 τρεῖς
2309 617 2402 669 ὥρας

1375 677 1537 729 εὔχεσθαι
1567 680 1627 724 τῆς
1648 677 1800 730 ἡμέρας,
1821 677 1880 715 καὶ
1907 679 1955 720 εἷς
1985 677 2174 723 ἐκκλησίαν
2197 678 2400 731 ἐκτρέχειν;

1374 740 1542 788 Δυνατὸν,
1563 740 1622 779 καὶ
1639 740 1771 792 σφόδρα
1791 739 1930 778 εὔκολον
1943 755 1951 762 ·
1972 738 2036 777 κᾶν
2059 739 2126 793 γὰρ
2142 742 2188 784 εἷς
2214 740 2401 787 ἐκκλησίαν

1375 801 1518 852 δραμεῖν
1541 801 1589 852 μὴ
1613 800 1739 853 ῥᾴδιον,
1757 803 1891 839 ἑστῶτα
1911 802 1982 838 ἐκεῖ
2010 802 2078 852 πρὸ
2098 803 2166 839 τῶν
2196 804 2320 853 θυρῶν,
2344 799 2403 839 καὶ

1375 864 1426 914 τῷ
1447 862 1660 913 δικαστηρίῳ
1674 862 1943 914 προσηλωμένον
1959 861 2122 906 εὔξασθαι
2142 862 2286 900 δυνατόν
2303 877 2310 886 ·
2328 860 2403 900 οὐδὲ
2455 894 2458 907 γ

1376 922 1444 974 γὰρ
1462 921 1552 960 οὕτω
1569 926 1684 976 φωνῆς
1702 923 1805 976 χρεία
1818 953 1828 970 ,
1853 925 1900 966 ὡς
1921 924 2073 967 διανοίας
2090 953 2100 969 ,
2125 924 2203 961 οὐδὲ
2232 923 2406 966 ἐκτάσεως
2454 932 2458 963 ἑ

1331 991 1356 1020 D
1377 985 1517 1035 χειρῶν,
1537 986 1597 1026 ’ὡς
1627 983 1883 1034 συντεταμένης
1920 986 2056 1036 ψυχῆς,
2087 983 2162 1022 οὐδὲ
2198 983 2404 1035 σχήματος,

1378 1044 1469 1082 ἀλλὰ
1486 1044 1706 1098 φρονήματος
1720 1059 1727 1066 ·
1746 1044 1823 1081 ἐπεὶ
1843 1045 1903 1082 καί
1917 1049 1938 1091 ἡ
1955 1044 2059 1083 Ἄννα
2074 1043 2162 1091 αὕτη
2177 1075 2187 1092 ,
2207 1047 2270 1082 οὐκ
2285 1043 2404 1090 ἐπειδὴ

1375 1105 1544 1158 λαμπρὰν
1585 1104 1601 1125 ¹³

1619 1104 1679 1143 καὶ
1716 1105 1872 1157 μεγάλην
1908 1109 2021 1158 ἀφῆκε
2053 1106 2182 1157 φωνὴν,
2215 1105 2272 1144 διὰ
2304 1108 2406 1143 τοῦτο

1377 1165 1523 1212 ἠκούετο
1535 1194 1545 1211 ,
1563 1166 1640 1204 ἀλλ’
1662 1165 1781 1213 ἐπειδὴ
1806 1166 1942 1218 μεγάλα
1959 1166 2051 1205 ἔνδον
2071 1166 2163 1205 κατὰ
2182 1165 2244 1213 τὴν
2260 1165 2405 1218 καρδίαν

1377 1226 1473 1265 ἐέόα.
1492 1225 1537 1265 ‘H
1557 1225 1653 1279 φωνὴ
1673 1226 1740 1278 γὰρ
1759 1227 1863 1273 αὐτ-ῆς
1883 1227 1943 1264 οὐκ
1958 1226 2116 1274 ἠκούετο,
2137 1227 2240 1279 φησὶ,
2256 1227 2317 1265 καὶ
2333 1229 2406 1264 εἷσ-

1376 1288 1500 1335 τ’,κουεν
1526 1290 1631 1334 αὐτ-ῆς
1647 1291 1664 1326 ὃ
1679 1287 1780 1331 Θεός.
1801 1290 1913 1326 Τοῦτο
1932 1288 1992 1326 καὶ
2008 1289 2106 1326 ἄλλοι
2127 1289 2251 1327 πολλοὶ
2272 1287 2406 1327 πολλά-

1378 1366 1432 1392 κις
1448 1349 1628 1396 ἐποίησαν,
1644 1349 1703 1387 καὶ
1726 1351 1874 1400 βοῶντος
1890 1354 1949 1388 τοῦ
1969 1350 2134 1402 ἄρχοντος
2149 1350 2295 1397 ἔνδοθεν,
2311 1353 2410 1388 ἀπει-

1379 1412 1539 1457 λοῦντος,
1561 1410 1814 1461 διατεινομένου
1828 1440 1837 1457 ,
1860 1412 2068 1461 μαινομένου
2083 1439 2093 1456 ,
2119 1412 2187 1463 πρὸ
2208 1415 2276 1449 τῶν
2296 1414 2407 1463 θυρῶν

1382 1475 1529 1516 ἑστῶτες
1547 1473 1843 1525 σφραγισάμενοι,
1864 1473 1924 1510 καὶ
1940 1472 2039 1524 ὀλίγα
2060 1474 2202 1525 ῥήματα
2222 1473 2314 1511 κατὰ
2331 1472 2407 1511 διοί-

1383 1549 1477 1571 νοιαν
1511 1533 1712 1583 εὐξάμενοι,
1747 1532 1955 1576 εἰσελθόντες
1988 1534 2178 1584 μετέὸαλον
2215 1534 2316 1572 αὐτὸν
2350 1532 2409 1570 καὶ

1384 1594 1569 1645 ἓπράϋναν,
1589 1594 1649 1632 καὶ
1675 1593 1804 1646 ἥμερον
1821 1593 1856 1637 ἐξ
1883 1594 2002 1645 ἀγρίου
2021 1594 2259 1641 κατέστησαν·
2277 1594 2336 1633 καὶ
2353 1595 2410 1632 οὗ·

1385 1654 1440 1692 δὲν
1466 1655 1542 1692 οὔτε
1570 1655 1640 1692 ἀπὸ
1663 1658 1723 1692 τοῦ
1748 1655 1868 1702 τόπου,
1890 1655 1968 1692 οὔτε
1991 1656 2060 1693 ἀπὸ
2083 1659 2142 1694 τοῦ
2169 1660 2311 1708 καιροῦ,
2333 1655 2409 1694 οὔτε

1384 1715 1453 1754 ἀπὸ
1468 1719 1530 1763 τῆς
1545 1718 1644 1768 σιγῆς
1657 1716 1742 1767 πρὸς
1763 1715 1826 1763 τὴν
1856 1715 1961 1768 εὐχὴν
1977 1716 2106 1763 ταύτην
2122 1717 2405 1765 ἐνεποδίσθησαν.

1437 1904 1550 1941 Τοῦτο
1577 1902 1617 1950 δὴ
1639 1902 1697 1941 καὶ
1718 1902 1758 1941 σὺ
1780 1902 1942 1950 ποίησον·
1975 1902 2136 1947 στέναξον
2154 1905 2307 1956 πικρῶς,
2327 1905 2411 1941 ἀνα-

1385 1963 1559 2014 μνήσθητι
1578 1967 1646 2002 τῶν
1666 1963 1931 2016 ἁμαρτημάτων
1953 1966 2020 2002 τῶν
2046 1967 2128 2012 σῶν,
2149 1964 2344 2016 ἀνάὸλεψον
2365 1965 2411 2008 εἷς

1383 2025 1440 2064 τὸν
1457 2026 1613 2078 οὐρανὸν,
1627 2024 1702 2064 εἰπὲ
1717 2025 1808 2064 κατὰ
1825 2025 1978 2064 διάνοιαν
1995 2041 2003 2048 ·
2022 2025 2192 2073 Ἐλέησόν
2209 2042 2253 2076 με
2272 2029 2290 2063 ὃ
2309 2026 2412 2072 Θεὸς,

1383 2086 1442 2124 καὶ
1463 2086 1677 2139 ἀπήρτισταί
1695 2102 1755 2124 σου
1777 2090 1798 2133 ἡ
1820 2085 1917 2138 εὐχή.
1939 2086 1984 2125 ‘O
2003 2086 2072 2138 γὰρ
2092 2087 2212 2135 εἰπὼν,
2228 2087 2412 2134 Ἐλέησον,

1383 2149 1629 2200 ἐξομολόγησιν
1661 2147 1882 2194 ἐπεδείξατο,
1915 2148 1974 2185 καὶ
2005 2151 2073 2185 τῶν
2093 2148 2228 2186 οἰκείων
2255 2150 2414 2200 ἁμαρτη-

360 2225 441 2247 rum
457 2210 550 2247 enim
564 2219 614 2247 est
629 2209 906 2247 misericordiam
921 2208 1109 2258 requirere.
1123 2206 1195 2252 Qui
1208 2205 1310 2251 dicit,
1336 2225 1362 2254 Α
1384 2209 1502 2260 μάτων
1518 2209 1691 2260 “gni-(vm-
1706 2211 1774 2245 τῶν
1790 2208 1857 2261 γὰρ
1871 2208 2128 2260 ἡμαρτηκότων
2148 2209 2223 2246 ἐστὶ
2242 2209 2282 2246 τὸ
2298 2211 2412 2248 ἐλεεῖ..

362 2273 547 2309 Miserere
561 2273 647 2316 mei,
664 2269 906 2307 remissionem
921 2268 1134 2306 delictorum
1153 2266 1310 2318 aceepit:

361 2332 422 2383 qui
435 2332 529 2369 enim
544 2330 825 2369 misericordiam
838 2338 1073 2380 consequutus
1090 2338 1152 2376 est,
1163 2342 1232 2365 non
1248 2341 1313 2379 pu-

361 2394 468 2431 nitur.
481 2393 553 2440 Qui
571 2393 674 2440 dicit,
685 2395 870 2430 Miserere
881 2394 966 2440 mei,
981 2404 1130 2442 regnum
1145 2389 1312 2428 caelorum

361 2455 515 2493 obtinuit
541 2471 548 2491 :
574 2469 679 2506 quem
709 2454 804 2492 enim
834 2455 931 2491 Deus
964 2453 1165 2500 miseratur,
1191 2465 1260 2489 non
1292 2464 1312 2487 a

361 2531 464 2569 poena
472 2516 587 2554 solum
594 2516 733 2563 liberat,
742 2515 1011 2553 sedfuturorum
1023 2513 1128 2552 etiam
1137 2513 1313 2550 honorum

360 2578 578 2631 possessione
611 2577 794 2629 dignatur.
832 2578 884 2614 Ne
925 2576 1036 2628 igitur
1072 2574 1314 2613 excusationes

362 2654 562 2691 quaeramus
578 2639 729 2677 dicendo
749 2653 818 2677 non
838 2653 910 2677 esse
934 2637 1173 2691 propinquam
1193 2650 1314 2689 preca-

362 2701 469 2739 tionis
495 2701 605 2739 aedem
629 2717 636 2738 :
659 2715 720 2738 nos
752 2701 847 2738 enim
877 2700 982 2752 ipsos,
1006 2699 1034 2737 si
1067 2698 1176 2737 sobrii
1205 2698 1315 2735 fueri-

363 2777 455 2809 mus,
476 2763 609 2815 templa
627 2762 691 2800 Dei
712 2762 795 2800 facit
815 2762 926 2813 gratia
943 2761 1110 2814 Spiritus,
1129 2769 1166 2797 ut
1186 2772 1314 2810 magna

362 2824 519 2874 undique
555 2823 656 2861 nobis
683 2823 850 2876 precandi
887 2824 1033 2861 facultas
1065 2821 1169 2859 adsit.
1193 2822 1315 2871 Neque

361 2885 455 2923 enim
484 2885 564 2922 talis
595 2895 645 2923 cst
671 2885 767 2937 apud
792 2900 855 2923 nos
882 2884 1027 2924 divinus
1051 2885 1180 2933 cultus,
1200 2882 1314 2935 qualis

361 2946 544 2997 quondam
579 2946 675 2999 apud
706 2945 848 2985 Judaeos
883 2957 956 2985 crat
989 2947 1144 2984 multum
1180 2946 1314 2984 habens

363 3008 586 3045 sensibilium
601 3008 893 3056 ceremoniarum,
913 3009 1096 3059 multaque
1113 3007 1314 3060 operatione

365 3069 536 3119 indigens.
550 3069 631 3106 lllic
643 3079 870 3121 precatui-um
884 3070 1066 3122 oportebat
1080 3069 1126 3107 ad
1143 3068 1313 3121 templum

363 3130 560 3178 ascendere,
583 3139 755 3167 turturem
783 3144 910 3178 emere,
931 3131 1027 3182 ligna
1055 3140 1088 3167 et
1122 3130 1239 3181 ignem
1270 3128 1316 3167 ad

363 3206 488 3229 manus
513 3191 657 3240 habere,
678 3200 818 3242 arrepto
856 3191 969 3229 cultro
1001 3190 1102 3228 altari
1137 3191 1313 3238 assistere,

362 3254 501 3305 aliaque
513 3253 623 3291 multa
641 3261 812 3305 praecepta
830 3253 997 3305 perficere
1019 3267 1026 3289 t
1049 3253 1108 3290 hic
1124 3252 1214 3290 nihil
1231 3252 1313 3302 tale,

417 3363 430 3384 ¹¹
457 3358 638 3392 Colbertini
657 3366 687 3390 et
705 3359 784 3400 Reg.
803 3364 938 3401 μεγάλην
956 3362 1013 3401 εἶχε
1032 3375 1134 3405 ῑρωνην.

1383 2274 1461 2308 σθαι
1491 2269 1535 2307 ‘O
1555 2268 1661 2306 εἰπὼν
1694 2268 1777 2307 'Dc'
1837 2269 1844 2280 '
2086 2268 2095 2282 '
2125 2287 2133 2293 ·
2368 2272 2390 2281 '⁹

1466 2299 1473 2306 .
1591 2297 1596 2307 ,
1670 2301 1675 2312 ,
1761 2284 1862 2315 εησον
1893 2285 1958 2319 με,
1981 2285 2204 2322 συγμορησιν
2223 2269 2328 2308 ἔλαὸε
2343 2287 2412 2309 των

1381 2330 1736 2380 πεπλημμελημένων
1752 2345 1759 2352 ·
1787 2333 1804 2367 ὃ
1828 2329 1896 2381 γὰρ
1918 2331 2070 2376 ε’λεηθεὶς
2090 2332 2127 2368 οὗ
2147 2332 2347 2374 κολάζεται.
2367 2329 2412 2369 ‘O
2463 2342 2465 2348 ⁴

1383 2391 1501 2438 εἰπὼν,
1523 2390 1690 2437 Ἐλέησόν
1715 2407 1775 2442 με,
1811 2391 1989 2441 βασιλείας
2022 2391 2141 2443 ἔτυχεν
2179 2393 2350 2443 οὐρανῶν·
2375 2392 2412 2431 ὃν
2464 2406 2465 2416 ¹

1382 2451 1449 2503 γὰρ
1468 2455 1485 2489 ὃ
1504 2452 1592 2495 Θεὸς
1624 2451 1757 2498 ἐλεήσει
1770 2481 1779 2499 ,
1799 2453 1836 2489 οὐ
1857 2450 2032 2495 κολάσεως
2054 2451 2270 2490 ἀπαλλάττει
2296 2452 2412 2503 μόνον,
2464 2469 2465 2493 l

1384 2512 1474 2551 ἀλλὰ
1504 2515 1562 2550 καὶ
1591 2514 1657 2550 τῶν
1682 2511 1878 2562 μελλόντων
1899 2513 2037 2563 ἀγαθῶν
2069 2513 2169 2557 ἀξιοῖ.
2207 2513 2269 2560 Μὴ
2299 2513 2410 2552 τοίνυν
2462 2524 2465 2546 ἲ

1383 2573 1679 2627 προφασιζώμεθα
1711 2573 1887 2625 λέγοντες,
1917 2577 1964 2618 ὡς
1998 2577 2061 2613 οὐκ
2093 2575 2167 2613 ἔστι
2186 2574 2332 2621 πλησίον
2352 2577 2411 2613 εὖ·-

1384 2636 1523 2688 κτηριος
1541 2640 1650 2679 οἰκος·
1670 2639 1764 2685 ἡμᾶς
1783 2634 1851 2686 γὰρ
1872 2634 1995 2678 αὐτοὺς
2009 2663 2018 2680 ,
2039 2635 2097 2673 ἐὰν
2118 2635 2295 2688 νήφωμεν,
2311 2634 2412 2679 ναοὺς

2463 2083 2503 2438 ηςξζςττ.3.”.μ-
2493 2024 2503 2067 ⁴„
2494 1978 2503 2004 ...
2495 1920 2503 1943 -

2479 2439 2499 2516 ‘'B-‘⁴

2479 2598 2491 2608 '¹
2482 2529 2497 2550 ’ἶ

1384 2699 1527 2744 ἐποίησε
1558 2702 1616 2735 τοῦ
1649 2699 1742 2735 Θεοῦ
1779 2701 1838 2735 τοῦ
1871 2695 2076 2746 Πνεύματος
2104 2701 2125 2744 ἡ
2156 2696 2278 2749 χάρις,
2321 2696 2411 2735 ὥστε
2464 2708 2465 2712 ’

1384 2761 1496 2806 πολλὴ
1525 2758 1692 2796 πάντοθεν
1717 2761 1800 2808 ’ἡμῖν
1821 2761 1841 2803 ἡ
1865 2757 2017 2796 εὐκολία.
2040 2758 2109 2795 Καὶ
2126 2758 2192 2809 γὰρ
2213 2760 2250 2796 οὐ
2268 2757 2410 2805 τοιαύτη

1384 2823 1484 2870 ’ἡμῶν
1510 2824 1531 2867 ἡ
1561 2819 1724 2872 λατρεία,
1755 2818 1810 2856 οἵα
1843 2819 1939 2870 παρὰ
1969 2819 2149 2862 Ἰουδαίοις
2177 2819 2216 2857 τὸ
2244 2824 2411 2872 πρότερον

1384 2878 1441 2930 ἦν,
1473 2881 1560 2921 πολὺ
1586 2882 1624 2920 τὸ
1653 2881 1815 2928 αἰσθητὸν
1836 2880 1988 2932 ἔχουσα,
2011 2881 2070 2919 καὶ
2103 2882 2215 2927 πολλῆ
2265 2880 2410 2932 δεομένη

1385 2942 1637 2996 πραγματείας.
1655 2943 1752 2980 'linat
1773 2941 1835 2991 μὲν
1853 2941 1920 2994 γὰρ
1939 2942 1996 2980 τὸν
2021 2941 2204 2994 εὐχόμενον
2227 2942 2286 2980 καὶ
2306 2945 2353 2986 εἷς
2372 2942 2412 2980 τὸ
2464 2963 2466 2983 ;

1385 3005 1475 3057 ἱερὸν
1497 3004 1668 3050 ἀναὸἧναι
1688 3003 1775 3048 ἔδει,
1794 3002 1854 3040 καὶ
1872 3002 2021 3054 τρυγόνα
2037 3002 2228 3055 πρίασθαι,
2247 3003 2305 3041 καὶ
2330 3002 2411 3047 ξύλα
2463 3046 2465 3051 ⁴

1386 3068 1444 3105 καὶ
1464 3070 1533 3118 πῦρ
1555 3064 1816 3117 μεταχειρίσαι,
1833 3064 1891 3102 καὶ
1921 3064 2098 3116 μάχαιραν
2127 3065 2262 3110 λαὸεἷν,
2285 3064 2344 3102 καὶ
2362 3066 2411 3116 τῷ

1388 3130 1497 3180 βωμῷ
1517 3130 1762 3179 παραστῆναι,
1781 3126 1839 3163 καὶ
1861 3125 1973 3163 πολλὰ
1992 3125 2092 3177 ἕτερα
2113 3125 2268 3164 διανύσαι
2289 3125 2410 3164 ἐπιτά-

1386 3204 1525 3241 γματα·
1557 3191 1702 3227 ἐνταῦθα
1729 3187 1764 3226 δὲ
1783 3186 1877 3225 οὐδὲν
1898 3190 2064 3232 τοιοῦτον,
2095 3188 2171 3224 ἀλλ’
2199 3185 2352 3237 ὅπουπερ
2371 3185 2410 3223 ἂν
2455 3186 2458 3189 ’

1389 3246 1450 3303 ἧς,
1470 3251 1510 3289 τὸ
1528 3249 1769 3301 Ουσιαστηριον
1790 3247 1880 3300 ἔχεις
1900 3246 1988 3298 μετὰ
2008 3250 2132 3286 σαυτοῦ
2149 3276 2158 3295 ,
2178 3247 2237 3286 καὶ
2258 3246 2321 3293 τὴν
2343 3245 2408 3298 μά·

1453 3367 1464 3380 ··
1492 3357 1571 3396 neg.
1589 3367 1682 3394 unus⁷
1701 3353 1797 3387 Colb.
1819 3364 1900 3387 unus
1916 3366 2058 3394 κατεγνω.
