2516 3791
701 229 742 259 IN
780 229 883 260 CAP.
921 228 1032 260 xvu.

99 320 233 371 ἄστρων
249 313 326 359 τοὺς
350 313 384 359 ἐξ
403 314 508 352 αὐτοῦ
527 313 712 366 τεχθέντας
737 315 992 366 παρισωθῆναι.
1012 310 1120 364 Τάχα

99 380 193 422 εἴτις
208 375 431 429 εὐγνωμόνως
457 375 642 427 βουληθείη
666 376 827 422 συνιδεῖν,
848 376 885 412 οὐ
912 373 1014 424 μόνον
1034 371 1120 410 εἰσὶν

97 437 456 483 ἑκατονταπλασίονα,
484 436 505 474 ἃ
530 439 548 475 6
578 436 709 480 δίκαιος
727 430 824 480 οὗτος
851 435 1040 486 ἐκομίσατο
1061 434 1120 471 ἐν-

1072 224 1235 257 GENES.

1275 226 1431 258 norun.
1471 227 1545 257 xi..
2055 217 2110 274 47
2129 233 2137 259 ι

1191 309 1316 347 millia.
1335 308 1442 356 Quod
1456 309 1485 347 si
1510 308 1570 347 hic
1597 316 1694 346 tanta
1714 317 1952 358 consequutus
1980 318 2045 357 cst,
2067 312 2148 361 quis

1191 384 1306 409 sermo
1327 384 1470 409 narrare
1489 378 1626 423 posset,
1645 368 1776 420 quibus
1792 369 1949 421 posthinc
1976 370 2149 408 fruiturus

1194 433 1252 471 ille
1266 433 1335 471 sit?
1351 434 1425 472 lino
1441 433 1545 471 etiam
1567 433 1647 482 hoe,
1663 440 1836 484 quantum
1854 431 1955 470 nobis
1967 433 2149 485 possibile,

96 502 225 545 ταῧθα,
252 497 342 536 ἀλλὰ
361 497 420 535 καὶ
453 496 741 549 μυριοπλασίονα.
763 498 805 535 lii
837 496 871 535 δὲ
892 497 1040 534 ἐνταῦθα
1059 509 1119 532 το-
1133 516 1180 543 1007
1193 509 1307 532 sermo
1341 495 1523 533 ostendere
1553 495 1693 548 poterit.
1726 493 1879 541 Quando
1916 493 2011 532 enim
2046 494 2150 532 audis

97 560 226 599 σούτων
246 558 377 607 ἠξιιῖιθη
390 589 399 605 ,
419 559 469 603 τίς
489 559 529 597 ἂν
548 559 648 611 λόγος
678 559 906 610 παραστῆσαι
935 555 1121 602 δυνήσεται

95 625 157 668 τῆς
175 624 246 660 ἐκεῖ
268 621 493 664 ἀπολαύσεως
513 621 576 669 τὴν
602 621 717 668 λῆξιν;
738 621 884 658 Μᾶλλον
904 617 939 656 δὲ
954 647 963 664 ,
984 619 1031 660 ὡς
1050 610 1120 653 οἷόν

96 699 154 730 τε,
189 683 247 721 καὶ
275 687 376 722 τοῦτο
399 686 416 721 6
438 684 537 735 λόγος
566 683 674 727 δεῖξαι
704 680 900 727 δυνήσεται.
921 679 1033 718 “O-rav
1054 677 1121 728 γὰρ

97 745 268 797 ἀκούσῃς,
298 745 350 783 ὅτι
370 745 496 788 πάντες
513 747 543 782 οἱ
564 743 691 782 δίκαιοι
709 742 741 787 ἐξ
762 741 893 780 ἐκείνου
924 739 1030 791 μέχρι
1048 741 1121 784 νῦν,

97 805 155 843 καὶ
184 805 289 858 μέχρι
325 809 386 852 τῆς
416 805 614 848 συντελείας
645 805 769 851 αὐτῆς,
789 803 896 854 εὐχῆς
915 799 1013 852 ἔργον
1041 814 1121 837 ποι-

96 870 212 904 οῦνται
242 868 290 910 εἷς
319 866 398 910 τοὺς
428 866 576 909 κόλπους
606 868 666 904 τοῦ
699 863 925 915 πατριάρχου
947 862 1122 906 καταντῆ-

97 943 174 972 σαι,
192 927 295 966 ποίαν
315 927 436 979 ἑτέραν
461 926 602 978 μείζονα
619 924 750 971 ταύτης
767 923 874 974 τιμὴν
893 924 1122 974 παραστῆσαι

97 987 244 1040 δυνήσῃ;
266 981 366 1031 Εἶδες
385 982 454 1025 οἶόν
470 989 565 1026 ἐστιν
583 985 761 1038 ὑπομονὴ,
781 984 861 1023 ὅσον
882 983 974 1022 ἐστὶν
990 982 1097 1035 ἀρετ-λι
1111 1011 1122 1029 ,

95 1048 174 1087 ὅσον
186 1048 260 1086 ἐστὶ
277 1049 314 1087 τὸ
331 1042 418 1087 εἶναι
440 1048 609 1101 φιλόθεον,
629 1047 688 1086 καὶ
702 1045 837 1093 πολλὴν
858 1043 1124 1097 εὐγνωμοσύνην

97 1109 351 1149 ἐπιδείκνυσθαι
386 1110 467 1163 περὶ
498 1108 560 1153 τὰς
590 1112 650 1147 τοῦ
684 1108 864 1147 Δεσπότου
899 1106 1097 1159 εὐεργεσίας
1112 1122 1123 1154 ;

99 1171 244 1219 Ἐπειδὴ
267 1172 334 1224 γὰρ
362 1171 452 1210 κατὰ
472 1171 592 1224 καιρὸν
618 1171 662 1209 τὰ
685 1171 770 1223 παρ’
792 1171 915 1207 ἑαυτοῦ
935 1168 1123 1221 εἰσέφερεν,

99 1233 313 1286 εὐχαρίστως
331 1233 446 1272 πάντα
465 1232 670 1285 δεχόμενος,
689 1232 749 1270 καὶ
775 1231 820 1270 τὰ
844 1229 984 1283 χρηστὰ
1003 1229 1061 1268 καὶ
1079 1226 1124 1266 τὰ

97 1295 255 1341 ἐναντία,
287 1295 343 1334 διὰ
371 1298 472 1333 τοῦτο
498 1298 516 1332 6
540 1294 781 1346 φιλάνθρωπος
805 1291 896 1335 Θεὸς
924 1292 1122 1329 τελευταῖον

98 1355 261 1394 ἁπάντων
277 1356 316 1394 τὸ
331 1356 518 1408 κεφάλαιον
533 1357 602 1393 τῶν
619 1357 771 1406 ἀγαθῶν,
793 1353 851 1392 καὶ
865 1352 950 1404 ὅπερ
967 1351 1122 1403 μάλιστα

97 1420 115 1454 6
139 1416 269 1460 δίκαιος
298 1416 484 1468 ἐπεθύμει,
516 1419 618 1454 τοῦτο
645 1417 738 1467 αὐτῷ
767 1413 967 1467 ἐχαρίσατο.
988 1412 1122 1452 Σκόπει

96 1477 163 1530 γὰρ
182 1481 257 1523 πῶς
275 1479 311 1516 ἐν
333 1477 630 1530 εἰκοσιτέσσαρσιν
651 1475 763 1515 ἔτεσιν
783 1475 967 1520 ε’ὅασάνιζε
985 1478 1045 1513 τοῦ
1065 1475 1121 1512 δι-

96 1537 196 1577 καίου
222 1538 285 1586 τὴν
305 1538 446 1592 ἀρετήν.
466 1538 593 1578 Ἡνίκα
610 1537 679 1591 γὰρ
694 1537 835 1585 ἐξῆλθεν
856 1537 925 1576 ἀπὸ
939 1539 1003 1584 τῆς
1025 1538 1122 1591 Χαῤ-

98 1598 159 1651 §av
178 1599 378 1644 ὑπακούσας
393 1603 444 1653 τῷ
462 1603 521 1639 τοῦ
539 1599 718 1639 Δεσπότου
738 1599 1007 1653 προστάγματι,
1027 1599 1124 1637 {660-

98 1660 256 1712 μήκοντα
274 1662 377 1701 πέντε
408 1656 450 1709 ἦν
481 1663 581 1709 ἐτῶν,
602 1660 710 1715 φησί·
740 1661 813 1700 νυνὶ
848 1661 903 1710 δὲ,
929 1660 986 1699 ὅτε
1011 1665 1124 1699 ταῦτα

97 1723 257 1771 ἤκουσεν,
276 1727 463 1763 ἑκατοστοῧ
479 1724 599 1762 λοιπὸν
618 1719 660 1771 ἦν
678 1723 774 1767 ἔτους
793 1723 932 1767 ἐπιὸάς.

151 1787 275 1824 Ταῦτα
293 1785 492 1832 ἀκούοντες,
509 1784 706 1836 ἀγαπητοὶ,
727 1784 974 1836 παιδευώμεθα
988 1783 1122 1831 πολλὴν

98 1846 161 1893 τὴν
191 1845 370 1896 ὑπομονὴν
398 1845 674 1893 ἐπιδείκνυσθαι,
702 1845 762 1884 καὶ
783 1846 958 1897 μηδέποτε
991 1845 1123 1891 ἀλύειν,

98 1907 186 1959 μηδὲ
210 1915 339 1960 ναρκᾷν
359 1908 444 1958 πρὸς
464 1906 542 1951 τοὺς
566 1909 628 1953 τῆς
647 1908 772 1959 ἀρετῆς
789 1908 957 1960 ἱδρῶτας,
974 1908 1051 1945 ἀλλ’
1070 1908 1123 1944 εἰ-

97 1969 192 2008 δέναι
210 1969 262 2008 ὅτι
282 1970 461 2022 φιλότιμος
483 1968 531 2006 ὢν
558 1967 616 2007 καὶ
638 1968 880 2021 μεγαλόδωρος
902 1972 919 2007 6
941 1968 1125 2015 Δεσπότης

96 2035 114 2070 6
133 2031 301 2083 ἡμέτερος
327 2031 404 2069 ἀντὶ
424 2033 558 2082 μικρῶν
578 2029 691 2068 πόνων
709 2029 864 2082 μεγάλας
882 2033 967 2081 ἡμῖν
998 2028 1124 2068 ἀποδί-

95 2094 181 2131 δωσι
212 2092 273 2136 τὰς
300 2092 472 2143 ἀμοιὸὰς,
491 2092 549 2130 καὶ
569 2093 606 2130 οὐ
628 2091 731 2142 μόνον
759 2093 795 2129 ἐν
817 2094 867 2144 τῷ
889 2093 1052 2143 μέλλοντι
1079 2090 1124 2129 τὰ

95 2153 250 2192 ἀθάνατα
270 2153 383 2204 ἀγαθὰ
399 2152 648 2203 ταμιευόμενος
661 2181 671 2199 ,
688 2152 779 2191 ἀλλὰ
798 2152 857 2190 καὶ
876 2152 966 2191 κατὰ
980 2151 1039 2190 τὸν
1055 2167 1125 2191 πα-

96 2215 197 2268 ρόντα
231 2214 304 2267 βίον
335 2214 646 2266 παραμυθούμενος
672 2216 773 2264 ἡμῶν
800 2216 862 2260 τῆς
893 2213 1028 2266 φύσεως
1058 2213 1123 2260 τὴν

94 2276 284 2323 ἀσθένειαν,
301 2274 433 2318 πολλὰς
451 2275 686 2326 φιλοτιμεῖται
705 2273 767 2318 τὰς
781 2273 922 2327 δωρεάς.
939 2273 1043 2313 Ἐπεὶ
1063 2274 1122 2313 καὶ

92 2341 110 2376 ὁ
136 2336 358 2389 πατριάρχης
387 2330 486 2380 οὗτος
509 2337 571 2374 οὐκ
603 2335 704 2388 ὀλίγα
730 2337 766 2373 ἐν
783 2338 834 2389 τῷ
856 2334 985 2388 μεταξὺ
1005 2335 1121 2389 χρόνῳ

93 2398 257 2449 ὑπέμεινε
288 2398 332 2436 τὰ
364 2397 527 2450 λυπηρὰ,
547 2399 577 2435 εἷ
599 2397 658 2436 καὶ
676 2396 760 2435 *ὅτι
793 2397 960 2436 ἑκάστοτε
994 2398 1121 2450 ἀνεμί-

92 2475 195 2512 γνυτο
215 2465 284 2502 τοῖς
303 2460 472 2511 λυπηροῖς
501 2458 560 2497 καὶ
587 2459 631 2498 τὰ
649 2459 800 2512 χρηστά.
824 2459 1026 2511 Κηδόμενος
1052 2459 1120 2513 γὰρ

92 2523 194 2571 ἡμῶν
209 2523 272 2566 τῆς
297 2519 473 2563 ἀσθενείας
492 2522 510 2558 6
533 2523 603 2559 τῶν
629 2522 717 2559 ὅλων
746 2520 837 2565 Θεὸς
849 2549 858 2566 ,
876 2521 954 2560 οὔτε
973 2521 1027 2560 ἀεὶ
1048 2528 1120 2566 τοῖς

91 2584 259 2635 λυπηροῖς
278 2581 420 2634 ἀφίησιν
437 2585 531 2633 ἡμᾶς
546 2583 784 2634 ἐναπομένειν,
800 2581 857 2621 ἵνα
877 2582 926 2635 μὴ
945 2583 1118 2637 ῧέλέγχη-

92 2659 150 2681 ται
169 2646 269 2693 ἡμῶν
289 2646 311 2689 ἡ
331 2642 510 2682 ἀσθένεια·
533 2642 624 2681 ἀλλὰ
641 2649 786 2696 ταχεῖαν
807 2643 867 2683 καὶ
886 2644 988 2688 αὐτὸς
1003 2643 1116 2696 παρέ·

92 2721 149 2756 χει
167 2704 230 2752 τὴν
261 2705 458 2758 ἀντίληψιν,
482 2705 610 2757 ῥωννὺς
627 2707 728 2757 ἡμῶν
749 2705 812 2754 τὴν
832 2705 1042 2759 προθυμίαν,
1059 2706 1118 2745 καὶ

92 2767 150 2806 τὸν
167 2767 334 2819 λογισμὸν
355 2767 542 2820 διεγείρων.
564 2767 659 2806 Οὔτε
678 2767 732 2807 ἀεὶ
751 2769 785 2806 ἓν
807 2767 922 2807 ἀνέσει
941 2760 1030 2806 εἶναι
1048 2785 1117 2807 κα-

94 2828 305 2879 ταλιμπάνει
319 2859 328 2877 ,
346 2827 403 2867 ἵνα
430 2828 478 2880 μὴ
500 2830 728 2882 ῥᾳθυμότεροι
752 2829 931 2882 γενόμενοι
949 2828 1036 2882 πρὸς
1052 2828 1118 2876 τὴν

94 2890 219 2928 κακίαν
240 2889 547 2940 αὐτομολήσωμεν.
563 2889 609 2928 ‘H
632 2890 700 2943 γὰρ
730 2890 831 2944 φύσις
850 2894 872 2938 ἦ
898 2889 1118 2943 ἀνθρωπεία,

93 2951 233 2990 ἐπειδὰν
263 2951 394 2997 πολλῆς
413 2950 561 2994 ἀνέσεως
589 2951 820 3001 ἕπιλάὸηται,
851 2951 1119 2990 ἐπιλανθάνεται

93 3015 154 3059 τῆς
170 3012 343 3064 εὐγενείας
356 3043 365 3061 ,
384 3011 442 3050 καὶ
456 3013 522 3065 οὐχ
538 3012 680 3050 ἵσταται
699 3013 756 3052 ἐπὶ
771 3015 841 3051 τῶν
857 3012 993 3051 οἰκείων
1010 3012 1099 3066 ὅρων
1110 3028 1118 3036 ·

94 3075 137 3112 δι’
167 3074 185 3113 ὃ
212 3073 370 3126 καθάπερ
398 3073 516 3125 πατὴρ
544 3073 789 3126 φιλόστοργος,
819 3074 904 3113 ποτὲ
936 3073 998 3125 μὲν
1023 3077 1118 3126 ἡμᾶς

94 3135 235 3183 ἀνίησι,
255 3134 340 3174 ποτὲ
369 3134 404 3173 δὲ
435 3135 658 3187 σωφρονίζει,
687 3134 731 3173 ἵν’
759 3134 868 3179 οὕτως
886 3137 987 3188 ἡμῶν
1011 3140 1117 3187 μεθο-

94 3195 200 3248 δεύσῃ
216 3199 279 3243 τῆς
293 3198 408 3249 ψυχῆς
423 3195 486 3243 τὴν
507 3196 652 3248 ὑγίειαν.
670 3196 772 3236 Ἐπεὶ
790 3197 850 3235 καὶ
867 3196 984 3249 ἰατρὸς
995 3225 1006 3245 ,
1019 3199 1116 3237 ἐπει-

139 3319 185 3361 υῘ
200 3319 326 3352 Bois'uis
350 3324 395 3354 ὅτι
422 3319 678 3362 expungendum
706 3327 830 3354 censet.
856 3320 936 3353 Mox
961 3326 1001 3356 τά
1026 3329 1104 3354 ante

94 3377 212 3415 χρηστά
226 3369 417 3404 addidimus
433 3382 450 3404 e
465 3370 584 3414 Cois-L]

138 3435 152 3450 ¹
176 3423 363 3467 ἐλέγχηται,
391 3422 433 3457 ad
464 3423 630 3464 littei-mn,
661 3423 892 3468 redarguatur,
923 3424 1104 3469 aliquando

1146 553 1170 581 Λ
1192 570 1313 593 omnes
1336 557 1454 608 justos
1485 556 1530 593 ab
1557 557 1618 594 illo
1639 555 1771 594 adhoc
1799 570 1910 607 usque
1935 564 2086 608 teinpus,
2118 565 2151 593 et

1192 630 1303 668 usque
1333 616 1377 654 ad
1409 617 1747 655 eonsuuunutiouem
1770 626 1981 670 temporum,
2013 616 2049 654 id
2078 631 2151 655 ina-

1196 677 1291 715 ximo
1311 678 1345 714 in
1373 677 1465 716 votis
1484 678 1615 715 babere
1630 709 1639 726 ,
1661 688 1698 716 ut
1717 679 1761 717 ad
1793 680 1910 717 simun
1941 678 2151 732 patriarchio

1193 738 1417 790 perveniant,
1446 752 1554 789 quam
1580 738 1679 776 aliud
1706 740 1773 777 hoc
1793 742 1962 792 majorem
1983 740 2152 778 bonorem

1194 798 1364 837 exhibere
1379 799 1540 852 poteris?
1559 799 1694 839 Vidisti
1713 811 1846 851 quanta
1872 816 1925 839 res
1946 802 1990 838 sit
2008 802 2151 853 patien-

1194 860 1255 909 tia,
1275 870 1407 912 quanta
1428 860 1555 909 virtus,
1576 870 1749 912 ‹piantum
1769 862 1813 899 sit
1834 876 1909 899 esse
1928 862 2150 911 religiosum,

1194 930 1227 959 et
1247 931 1389 973 gratum
1417 936 1489 974 prm
1511 936 1547 960 se
1574 922 1664 960 serre
1684 922 1844 960 animum
1873 935 1956 973 erga
1981 923 2151 961 beneficia

1194 983 1369 1022 Domini?
1385 983 1480 1031 Quia
1496 983 1603 1034 enim,
1623 983 1766 1035 quando
1782 984 1992 1036 oportebat,
2017 999 2078 1022 sua
2100 994 2152 1023 at-

1194 1044 1295 1095 tulit,
1312 1060 1393 1084 cum
1411 1045 1608 1098 gratiarum
1635 1046 1773 1084 actione
1786 1045 1906 1083 omnia
1922 1045 2048 1096 serens,
2080 1055 2152 1083 tam

1191 1105 1369 1158 jucunda,
1392 1121 1501 1158 quam
1521 1106 1729 1160 injucunda,
1748 1116 1934 1159 propterea
1954 1106 2154 1145 misericors

1196 1168 1292 1205 Deus
1313 1167 1440 1206 ultimo
1457 1177 1564 1220 caput
1579 1168 1755 1206 bonorum
1770 1168 1944 1217 omnium,
1961 1177 1994 1205 et
2009 1167 2045 1205 id
2057 1167 2154 1219 quod

1190 1228 1310 1280 justus
1326 1228 1483 1267 maxime
1505 1229 1788 1282 concupiscebat,
1807 1228 1959 1280 largitus
1978 1237 2040 1266 est.
2063 1229 2154 1267 Con-

1149 1297 1172 1327 Β
1195 1288 1310 1327 sidera
1352 1289 1468 1340 enim,
1496 1289 1676 1341 quomodo
1704 1290 1832 1342 viginti
1862 1300 2016 1342 quamor
2044 1304 2154 1329 annos

1194 1350 1399 1402 probaverit
1422 1351 1512 1403 justi
1533 1351 1715 1391 virtutem.
1736 1351 1891 1399 Quando
1919 1352 2013 1390 enim
2042 1351 2155 1391 exivit

1194 1425 1213 1449 a
1231 1411 1405 1462 Chal-ran,
1420 1421 1453 1450 et
1471 1412 1631 1453 obedivit
1645 1422 1820 1466 praecepto
1838 1413 1994 1462 Domini,
2013 1422 2154 1465 septua-

1195 1473 1293 1524 ginta
1314 1473 1474 1525 quinque
1488 1488 1663 1513 annorum
1683 1484 1772 1524 erat,
1800 1475 1916 1526 inquit
1939 1491 1946 1511 :
1970 1489 2064 1513 nunc
2091 1490 2153 1514 au-

1194 1543 1264 1572 tem
1282 1543 1471 1587 postquam
1492 1536 1569 1574 haec
1587 1535 1744 1588 audivit,
1765 1536 1958 1589 nonaginta
1974 1545 2008 1575 et
2026 1551 2154 1577 novem

1193 1608 1304 1634 annos
1320 1606 1529 1636 excesserat.

1248 1773 1284 1811 5.
1305 1772 1390 1811 Haec
1414 1771 1617 1824 audientes,
1639 1773 1761 1812 dilecti
1773 1804 1784 1821 ,
1803 1773 1983 1812 discamus
2001 1773 2152 1811 multam
2167 1791 2286 1820 morans
2302 1803 2352 1820 cx-

1195 1833 1365 1872 exhibere
1386 1834 1607 1886 patientiam,
1630 1844 1664 1874 et
1685 1849 1883 1887 numquam
1905 1836 1941 1873 in
1968 1835 2152 1874 laboribus
2168 1835 2304 1862 hortatio.

1194 1895 1372 1934 virtutum
1387 1895 1445 1934 vel
1463 1895 1659 1948 desperare,
1679 1896 1736 1935 vel
1752 1905 1972 1949 torpescere;
1991 1895 2054 1935 sed
2065 1896 2154 1934 scia·

1195 1970 1275 1994 mus
1303 1956 1500 1994 Dominum
1528 1965 1689 1995 nostrum
1707 1957 1904 2009 benignum
1929 1971 2003 1995 esse
2021 1965 2054 1995 et
2075 1971 2154 1995 mu—

1195 2018 1356 2065 uilicum,
1371 2033 1412 2057 ac
1439 2033 1504 2071 pro
1531 2020 1653 2071 parvis
1679 2019 1866 2058 laboribus
1894 2033 2023 2070 magna
2052 2019 2156 2057 nobis

1194 2078 1341 2118 reddere
1355 2079 1515 2132 praemia,
1540 2093 1609 2118 non
1636 2080 1753 2118 solum
1779 2080 1813 2118 in
1830 2080 1993 2118 futurum
2009 2080 2155 2117 immor-

1194 2140 1280 2178 talia
1310 2141 1404 2178 bona
1431 2140 1646 2192 reponendo,
1673 2140 1735 2179 sed
1759 2150 1793 2179 et
1823 2141 1860 2178 in
1886 2141 2051 2193 praesenti
2079 2141 2155 2179 vita

1195 2210 1323 2239 nostrae
1340 2210 1474 2239 naturae
1490 2201 1737 2240 infirmitatem
1757 2201 1882 2240 multis
1903 2201 2155 2254 largitionibus

1195 2261 1422 2301 consolando.
1442 2261 1744 2314 Quandoquidem
1763 2262 1968 2316 patriarcba
1992 2263 2057 2301 iste
2084 2277 2154 2301 non

1194 2323 1422 2362 mediocriter
1440 2323 1625 2377 interjecto
1654 2325 1719 2363 illo
1746 2333 1902 2377 tempore
1921 2325 2081 2364 adversis
2101 2340 2156 2364 rc—

1192 2385 1261 2424 bus
1280 2385 1459 2424 exercitus
1479 2396 1542 2437 est,
1560 2387 1726 2438 quamvis
1745 2400 1884 2440 semper
1898 2386 2048 2426 adversa
2065 2397 2155 2426 tem-

1191 2456 1400 2500 perarentur
1431 2448 1622 2501 prosperis.
1651 2447 1913 2487 Universorum
1934 2448 2028 2486 enim
2057 2450 2154 2487 Deus

1191 2518 1319 2548 nostrae
1344 2509 1566 2548 infirmitatis
1582 2523 1706 2548 euram
1727 2522 1848 2561 agens,
1867 2523 1936 2547 non
1957 2524 2095 2562 semper
2117 2510 2154 2547 in

1190 2569 1350 2610 adversis
1374 2585 1438 2608 nos
1468 2584 1609 2608 manere
1631 2570 1727 2620 sinit,
1755 2579 1795 2607 ut
1823 2583 1893 2607 non
1926 2571 2153 2623 opprimatur

1190 2642 1310 2671 nostra
1329 2631 1519 2670 infirmitas
1540 2647 1548 2669 :
1573 2631 1634 2670 sod
1654 2632 1813 2670 celeriter
1840 2640 1874 2669 et
1905 2631 1980 2684 ipse
1999 2631 2154 2684 opitula-

1190 2704 1262 2745 tur,
1278 2695 1425 2733 firmans
1441 2702 1598 2732 nostram
1615 2693 1847 2741 alacritatem,
1867 2701 1900 2730 et
1915 2702 2069 2730 mentem
2091 2708 2154 2731 ex-

1191 2757 1313 2795 citans.
1340 2757 1463 2807 Neque
1492 2769 1630 2807 semper
1651 2755 1700 2792 im
1727 2754 1961 2806 prosperitate
1990 2769 2052 2792 nos
2079 2769 2154 2793 esse

1191 2819 1290 2866 sinit,
1313 2827 1350 2855 ut
1371 2831 1413 2855 ne
1429 2817 1558 2855 fiamus
1572 2815 1858 2868 negligentiores,
1875 2825 1909 2853 et
1925 2816 1961 2854 in
1979 2816 2150 2854 vitiorum

1191 2889 1308 2933 partes
1341 2878 1632 2930 transfugiamus.
1670 2878 1834 2915 Humana
1871 2877 1965 2915 enim
1997 2887 2123 2938 natura
2142 2907 2152 2925 ,

1191 2941 1334 2993 quando
1354 2941 1509 2978 multum
1528 2953 1695 2992 prospere
1715 2939 1744 2976 ei
1776 2938 1947 2987 succedit,
1968 2953 2040 2976 suae
2060 2939 2153 2977 obli-

1190 3003 1341 3043 viscitur
1358 3001 1568 3049 nobilitatis,
1583 3014 1695 3052 neque
1709 3000 1800 3038 intra
1816 3014 1898 3039 suos
1919 3000 2052 3038 limites
2068 3000 2153 3038 sub-

1192 3064 1285 3103 sistit
1317 3080 1324 3100 :
1359 3063 1493 3101 idcirco
1525 3061 1626 3113 quasi
1658 3061 1926 3100 amantissimus
1961 3071 2060 3114 pater
2090 3062 2154 3100 ali-

1193 3129 1335 3183 quando
1362 3130 1466 3168 nobis
1495 3127 1681 3180 indulget,
1709 3128 1902 3181 aliquando
1924 3130 2094 3181 castigat,
2115 3139 2154 3167 ut

1141 3208 1166 3237 F,
1193 3198 1304 3238 variis
1334 3197 1404 3236 viis
1433 3205 1559 3235 nostrae
1588 3195 1714 3235 animae
1734 3197 1886 3236 salutem
1915 3207 2023 3236 curet.
2054 3198 2152 3244 Quo-

1138 3322 1255 3362 ctiam,
1276 3322 1440 3358 vincatur,
1462 3319 1511 3352 vel
1529 3322 1750 3364 opprimatur,
1769 3332 1835 3365 quo
1852 3333 1946 3355 sensu
1964 3321 2150 3365 frequenter

1138 3373 1227 3416 apud
1240 3372 1471 3416 Clirysostom.
1490 3371 1641 3406 liabetur.
