2483 3791
748 197 791 229 ΙΝ
827 197 928 228 cat).
970 196 1014 227 ll.

111 281 307 329 διοικούσης
346 283 405 322 καὶ
445 282 488 320 τὰ
530 281 692 334 ὁρώμενα
729 281 867 319 ἅπαντα
904 280 963 319 καὶ
1001 280 1040 318 τὸ
1071 282 1139 319 τῶν

111 343 303 396 ἀνθρώπων
335 343 450 394 γένος,
483 342 551 381 Καὶ
585 342 643 380 ἐάν
677 357 728 385 τις
758 343 910 404 βουληθὶῇ
937 340 1026 393 μετὰ
1054 343 1141 380 πολ-

133 407 175 451 ἧς
201 406 263 450 τῆς
297 403 560 454 εὐγνωμοσύνης
592 403 730 440 ἅπαντα
763 404 839 440 κατ’
866 403 953 445 εἶδος
973 404 1140 441 ἐποπτεῦ-

111 480 172 504 σαι
194 464 240 503 vta
268 466 347 503 καθ’
371 464 522 511 ἑκάστην
542 463 678 516 ἡμέραν
712 465 766 502 ἐπ’
800 463 980 517 εὐεργεσία
1012 462 1141 515 ἡμετέ-

111 540 155 578 ρᾳ
183 525 249 564 ὑπὸ
268 531 328 564 τοῦ
347 527 416 563 τῶν
442 525 604 562 ἁπάντων
631 525 842 577 δημιουργοῦ
870 524 1141 575 ἐπιτελούμενα,

110 588 262 626 ἅδυσσον
278 587 439 640 εεῦρήσει
455 586 725 639 φιλανθρωπίας.
747 588 850 630 Ποῑος
868 585 937 638 γὰρ
956 586 1141 637 λογισμὸς,

110 650 134 696 ἢ
163 648 247 686 ποία
267 649 402 687 διάνοια
421 647 600 700 ἐφικέσθαι
618 647 800 694 δυνήσεται
820 649 882 692 τῆς
903 646 1036 699 ἀφέτου
1055 649 1141 699 ἀγα-

112 710 255 757 θότητος
278 709 333 756 ,ἣν
348 709 428 763 περὶ
449 710 488 748 τὸ
507 711 575 747 τῶν
591 707 781 760 ἀνθρώπιον
800 707 896 757 γένος
910 707 1142 756 ἐνδείκνυται,

109 771 310 810 ἀνατέλλων
342 771 400 809 τὸν
441 770 538 816 ἥλιον
577 769 634 807 ἐπὶ
675 767 845 819 πονηροὺς
877 767 936 806 καὶ
971 768 1118 819 ἀγαθοὺς
1131 798 1141 816 ,

108 832 169 870 καὶ
187 831 323 885 βρέχων
337 831 394 870 ἐπὶ
425 829 578 873 δικαίως
608 829 670 867 καὶ
685 829 844 876 ἀδίκους,
864 829 924 867 καὶ
943 835 1061 867 πᾶσαν
1078 828 1141 875 τὴν

109 891 219 939 ἄλλην
239 890 252 912 ¹
263 890 428 943 ἀφθονίαν
440 892 624 942 χορηγῶν;
643 890 751 942 Τάχα
760 889 957 943 περαιτέρω
973 892 1032 926 τοῦ
1049 889 1140 928 δέον-

108 967 167 996 τος
181 953 241 991 τὸν
257 952 358 1003 λόγον
378 950 610 1001 ἐξετείναμεν,
631 952 697 1002 οὐχ
715 951 837 993 ἁπλῶς
852 950 927 988 οὐδὲ
947 953 1023 1002 εἰκῇ
1039 954 1142 990 τοῦτο

108 1013 338 1060 ποιήσαντες,
370 1012 449 1050 ἀλλ’
468 1011 525 1049 ἵνα
560 1012 605 1049 δι’
632 1014 729 1062 ὑμῶν
751 1011 908 1062 μάθωσιν
934 1015 967 1051 οἱ
999 1014 1140 1051 ἀπολει-

108 1074 266 1126 φθέντες,
280 1074 359 1112 ὅσον
376 1072 517 1116 ἑαυτοὺς
534 1072 749 1123 ἐζημίωσαν,
771 1073 827 1110 διὰ
846 1073 910 1119 τὴν
931 1073 1137 1124 σωματικὴν

106 1135 239 1187 τροφὴν
256 1133 558 1186 ἀποστερήσαντες
579 1132 717 1176 ἑαυτοὺς
742 1136 805 1180 τ’ἧς
833 1138 1070 1184 πνευματικῆς
1090 1137 1140 1173 δι-

109 1195 312 1240 δασκαλίας.
333 1194 427 1234 Ἀλλ’
446 1193 504 1232 ἵνα
526 1193 574 1245 μὴ
595 1193 810 1241 ἐπιτείνηται
839 1195 956 1238 αὐτοῖς
984 1195 1029 1234 τὰ
1054 1198 1141 1242 ‘'r-'Ec

109 1256 277 1307 ἀθυμίας,
295 1256 359 1303 τὴν
382 1255 573 1308 ἀδελφικὴν
594 1255 674 1307 περὶ
698 1257 813 1298 αὐτοῖς
838 1255 1053 1299 ἐπιδείξασθε
1082 1256 1139 1295 εὕ-

108 1331 216 1364 νοιαν,
235 1316 504 1359 διαὸιὸάσαντες
524 1317 640 1358 αὐτοῖς
666 1315 710 1353 τὰ
734 1317 818 1367 παρ’
832 1318 934 1366 ἡμῶν
953 1316 1120 1369 εἰρημένα
1132 1332 1139 1339 ·

111 1381 211 1415 τοῦτο
230 1376 299 1430 γὰρ
316 1375 462 1429 γνησίας
477 1375 617 1428 ἀγάπης
635 1375 836 1428 τεκμήριον.
855 1378 899 1415 Εἰ
914 1376 982 1431 γὰρ
997 1377 1056 1415 ἐπὶ
1071 1380 1140 1416 τῶν

109 1440 284 1486 αἰσθητῶν
305 1438 506 1488 ἐδεσμάτων
525 1439 557 1476 οἱ
584 1441 686 1475 τοῦτο
716 1441 914 1485 ποιοῦντες,
930 1438 991 1476 καὶ
1009 1437 1053 1476 τὰ
1071 1438 1142 1478 ἀπὸ

109 1501 172 1544 τῆς
192 1498 365 1550 τραπέζης
391 1505 462 1542 τοῖς
482 1500 595 1536 αὐτῶν
614 1498 803 1552 γνωρίμοις
833 1499 1142 1552 διαφυλάττοντες,

113 1559 276 1611 μέγιστον
298 1559 437 1611 ἀγάπης
467 1560 655 1612 τεκμήριον
675 1560 878 1612 ἐκφέρουσι,
897 1562 1018 1613 πολλῷ
1054 1564 1145 1613 μᾶλ-

113 1622 172 1658 λον
186 1620 246 1658 ἐπὶ
262 1622 330 1657 τῶν
350 1623 596 1670 πνευματικῶν
612 1625 714 1659 τοῦτο
729 1620 909 1672 γινόμενον
929 1621 1038 1660 πολὺν
1057 1626 1142 1673 ἡμῖν

111 1680 255 1734 παρέξει
272 1680 329 1718 τὸν
342 1679 484 1718 ἔπαινον
498 1696 506 1704 ·
528 1679 634 1718 πάλιν
654 1679 722 1732 γὰρ
741 1683 790 1725 εἰς
802 1685 897 1732 ἡμᾶς
915 1681 959 1720 τὰ
974 1685 1038 1728 τῆς
1054 1684 1144 1735 ὠφε-

111 1740 208 1784 λείας
240 1740 502 1792 περιστήσεται.
539 1740 583 1779 Ὁ
617 1740 684 1793 γὰρ
704 1742 762 1780 τὸν
790 1742 939 1788 πλησίον
969 1744 1144 1782 διδάσκειν

110 1802 315 1846 σπουδάζων
325 1831 334 1848 ,
354 1804 392 1840 οὐ
408 1805 571 1840 τοσοῦτον
585 1805 714 1841 ἐκεῖνον
730 1805 902 1855 εὐεργετεῖ
912 1832 922 1851 ,
939 1803 1021 1842 ὅσον
1031 1807 1144 1857 ἑαυτῷ
1170 1813 1192 1842 Β

113 1864 255 1914 μείζονα
275 1863 433 1915 προξενεῖ
463 1863 520 1902 τὸν
544 1864 758 1914 μισθὸν,κα“ι
787 1866 929 1903 διπλοῦν
950 1871 1143 1918 καρποῦται

110 1924 151 1962 τὸ
170 1924 310 1977 κέρδος,
328 1928 390 1971 τῆς
410 1940 448 1961 τε
469 1923 567 1976 παρὰ
597 1928 657 1962 τοῦ
690 1926 784 1963 Θεοῦ
813 1925 964 1975 ἀμοιὸἦς
988 1926 1145 1971 πλείονος

112 1984 317 2032 ἀπολαύων,
351 1985 410 2022 καὶ
442 1984 543 2029 αὐτὸς
568 1986 610 2023 δι’
630 1979 679 2023 ὧν
702 1986 760 2024 τὸν
794 1987 940 2039 ἀδελφὸν
968 1988 1143 2027 διδάσκειν

112 2048 305 2097 ἐπιχειρεῖ,
336 2048 385 2090 εἷς
424 2047 618 2096 ὑπόμνησιν
654 2046 862 2098 ἐρχόμενος,
897 2047 956 2085 καὶ
988 2051 1142 2088 ἀνανεῶν

111 2109 195 2158 παρ’
219 2108 331 2159 ἑαυτῷ
349 2107 412 2154 τὴν
427 2107 572 2158 μνήμην
591 2110 660 2145 τῶν
679 2106 883 2157 εἰρημένων.

162 2231 216 2270 Τὸ
233 2230 353 2283 κέρδος
372 2230 484 2269 τοίνυν
504 2231 695 2276 ἐννοοῦντες
718 2231 760 2280 τὸ,
786 2231 968 2284 ὑμέτερον,
987 2232 1036 2284 μὴ
1057 2238 1139 2286 φθο-

114 2293 243 2340 νήσητε
262 2297 334 2336 τοῖς
366 2293 523 2345 ἀδελφοῖς
553 2299 623 2338 τοῖς
642 2292 839 2345 ὑμετέροις,
868 2293 960 2332 ἀλλὰ
989 2299 1046 2332 νῦν
1076 2294 1138 2346 μὲν

108 2353 153 2392 τὰ
180 2355 264 2407 παρ’
283 2356 384 2404 ἡμῶν
416 2354 588 2405 λεγόμενα
619 2355 704 2407 παρ’
726 2358 822 2405 ὑμῶν
851 2355 1135 2406 μανθανέτωσαν.

53 2448 55 2450 .
109 2413 190 2453 Ἵνα
217 2414 252 2453 δὲ
280 2414 330 2465 μὴ
365 2417 399 2452 ἐν
430 2415 574 2467 χάριτος
610 2415 708 2467 μέρει
740 2419 822 2468 παρ’
853 2419 951 2467 ὑμῶν
983 2418 1138 2468 μέλλωσι

109 2479 220 2513 ταῦτα
240 2476 483 2525 διδάσκεσθαι,
519 2475 636 2515 ἕλκετε
658 2477 781 2521 αὐτοὺς
807 2478 892 2529 πρὸς
919 2481 1033 2529 ἡμᾶς,
1063 2479 1139 2517 πεί-

110 2540 224 2581 θοντες
242 2539 289 2580 ὡς
308 2537 472 2576 οὐδέποτε
500 2537 647 2588 κώλυμα
667 2539 800 2588 γίνεται
835 2539 921 2592 πρὸς
951 2540 1014 2588 τὴν
1043 2542 1138 2578 διδα-

108 2598 256 2636 σκαλίαν
276 2598 339 2646 τὴν
358 2599 598 2649 πνευματικὴν
619 2604 640 2647 ἡ
667 2603 729 2647 τῆς
748 2604 879 2653 τροφῆς
896 2605 958 2648 τῆς
977 2617 1135 2654 σωματι-

108 2662 172 2705 κῆς
205 2659 416 2711 μετάληψις·
452 2661 541 2698 ἀλλὰ
570 2662 620 2699 δεῖ
650 2661 766 2700 πάντα
794 2663 913 2714 καιρὸν
942 2663 1137 2710 ἐπιτήδειον

107 2723 268 2771 ἡγεῖσθαι
287 2721 372 2772 πρὸς
391 2719 454 2766 τὴν
477 2723 546 2759 τῶν
573 2725 818 2772 πνευματικῶν
838 2723 948 2776 λόγων
976 2724 1136 2769 διάλεξιν.

105 2780 166 2819 Ἂν
186 2786 295 2820 ταῦτα
325 2781 415 2832 μετὰ
448 2782 626 2835 ἀκριέείας
654 2783 798 2834 ἴδωμεν,
833 2785 1052 2836 δυνησόμεθα
1078 2786 1136 2824 καὶ

107 2841 165 2880 ἐπὶ
193 2841 304 2885 οἰκίας
333 2842 583 2895 διατρίὸοντες,
604 2844 664 2882 καὶ
690 2845 779 2895 μετὰ
800 2845 864 2892 τὴν
888 2845 1057 2894 ἑστίασιν,
1077 2848 1137 2886 καὶ

107 2903 175 2955 πρὸ
204 2906 266 2949 τῆς
299 2903 484 2946 ἑστιάσεως
516 2903 606 2954 μετὰ
638 2911 761 2959 χεῖρας
792 2907 956 2950 λαὸόντες
988 2907 1032 2945 τὰ
1061 2911 1136 2946 θεῖα

108 2963 230 3015 βιὸλία
249 2963 312 3012 τὴν
343 2963 377 3008 ἐξ
398 2966 512 3002 αὐτῶν
530 2970 750 3018 καρποῦσθαι
772 2967 964 3020 ὠφέλειαν,
990 2968 1050 3006 καὶ
1072 2968 1134 3016 τὴν

105 3024 345 3075 πνευματικὴν
361 3024 491 3076 τροφὴν
510 3029 553 3076 τῇ
579 3028 674 3079 ψυχῇ
698 3028 878 3081 παρέχειν.
894 3028 1035 3081 Ἵὶσπερ
1067 3029 1135 3082 γὰρ

105 3085 146 3123 τὸ
173 3089 278 3136 σῶμα
306 3086 416 3123 δεῖται
435 3089 497 3133 τῆς
528 3088 696 3135 αἰσθητῆς
727 3093 876 3141 τροφῆς,
909 3088 1000 3128 οὕτω
1021 3090 1080 3128 καὶ
1113 3095 1134 3138 ἡ

105 3145 200 3202 ψυχὴ
225 3145 348 3199 χρῄζει
385 3149 619 3200 καθημερινῆς
649 3149 897 3199 ὓπομνήσεως,
916 3150 976 3188 καὶ
1008 3153 1137 3204 τροφῆς

106 3210 362 3258 πνευματικῆς,
381 3207 438 3246 ἵνα
457 3209 668 3260 νευρουμένη
685 3209 842 3262 ἀντέχειν
872 3210 1017 3258 δύνηται
1050 3212 1136 3264 πρὸς

149 3318 161 3331 ‘
178 3312 257 3355 Reg.
278 3323 360 3344 uuus
380 3315 514 3358 r'apt'cxzz-
530 3312 623 3345 Infra
640 3314 774 3348 Coisliu.
795 3320 830 3350 ἐπ
843 3318 997 3352 δείκνυται.

152 3366 165 3389 t·
182 3363 317 3396 Coislin.
334 3370 474 3409 ἀρθονίαν
489 3371 637 3413 παρέχων.

268 3430 362 3453 ΤΟΜ-
396 3430 449 3454 lV.

1054 194 1215 226 GENES.

1257 193 1413 224 nomn..
1454 194 1501 224 X.

2104 202 2163 246 97

1212 286 1284 316 nat.
1307 277 1383 316 Nisi
1409 277 1503 315 enim
1520 277 1599 316 -hoe
1619 287 1705 315 esset
1719 307 1728 326 ,
1759 280 1936 330 quomodo
1960 283 2166 321 universum

1211 338 1417 377 subsisteret
1435 352 1476 377 ac
1495 337 1666 387 duraret,
1686 352 1755 376 non
1783 339 2002 391 gubernante
2021 351 2055 380 et
2070 342 2164 381 diri-

1213 409 1316 452 gente
1337 413 1488 453 superna
1509 414 1616 439 manu
1647 414 1730 438 cum
1758 400 1916 440 visibilia
1938 403 2013 440 haec
2032 405 2167 453 omnia,

1213 471 1290 500 tum
1308 461 1504 500 humanum
1527 461 1594 500 hoc
1621 462 1757 513 genus.o
1779 461 1825 500 Et
1851 463 1879 501 si
1906 463 1986 514 quis
2016 465 2170 503 voluerit

1214 521 1405 574 prudenter
1419 531 1454 560 et
1467 522 1651 576 speciatim
1668 523 1843 576 inspicere
1858 524 1975 562 omnia
1990 539 2070 575 quae
2084 540 2170 576 quo-

1211 582 1301 621 tidie
1318 583 1353 621 in
1373 592 1534 621 nostrum
1553 583 1768 622 heneficium
1786 584 1832 622 ab
1850 584 2011 622 omnium
2030 585 2172 638 Opifiee

1214 643 1461 695 perficiuntur,
1472 644 1644 697 abyssum
1657 644 1812 683 inveniet
1825 645 2066 697 benignitatis.
2077 647 2169 694 Quis

1215 705 1309 742 enim
1330 718 1467 753 sermo,
1490 719 1570 756 quae
1585 719 1683 743 mens
1699 706 1746 744 ad
1764 706 1979 745 ineffabilem
1999 707 2091 746 banc
2105 708 2170 746 bo-

1215 765 1362 802 nitatem
1378 765 1577 817 pertingere
1593 766 1733 817 poterit,
1749 781 1859 817 quam
1880 767 2037 807 humano
2051 769 2170 821 generi

1213 835 1385 879 perpetuo
1403 826 1570 873 ostendit,
1591 827 1676 864 oriri
1700 827 1830 866 faciens
1847 829 1957 866 solem
1981 844 2087 868 suum
2107 845 2167 869 su·
2186 846 2298 875 finam,
2319 846 2351 876 5,

1214 899 1276 938 per
1310 886 1422 925 malos
1447 896 1482 925 et
1512 887 1639 936 bon05,
1661 896 1696 925 et
1717 887 1842 939 pluens
1874 903 1980 941 super
2005 891 2120 942 justos
2137 901 2173 930 et
2186 888 2237 926 45-

1214 946 1382 999 injustos,
1397 960 1611 998 omnemque
1627 948 1734 986 aliam
1753 949 1893 1002 copiam
1912 950 2174 1003 suppeditans?

1215 1009 1321 1047 Forte
1347 1009 1490 1061 longius
1519 1023 1627 1061 quam
1652 1010 1855 1062 oportebat,
1874 1024 2071 1050 sermonem
2093 1026 2175 1065 pro-

1218 1069 1550 1109 duximus:verum
1563 1071 1632 1109 hoc
1650 1085 1720 1109 non
1740 1071 1875 1123 absque
1893 1073 2043 1122 ratione,
2064 1089 2177 1126 neque

1217 1141 1348 1170 temere
1364 1132 1500 1170 factum
1519 1141 1570 1170 est
1584 1147 1596 1181 3
1621 1131 1682 1170 sed
1699 1141 1739 1170 ut
1758 1133 1920 1172 absentes
1935 1149 1980 1172 ex
1998 1135 2101 1174 vobis
2115 1135 2175 1174 di-

1212 1202 1327 1243 scant,
1343 1202 1520 1244 quantum
1545 1193 1779 1246 sibimetipsis
1801 1194 1923 1233 damni
1953 1197 2113 1242 fecerint,
2130 1198 2176 1236 ob

1212 1253 1435 1306 corporalem
1461 1254 1583 1292 eibum
1611 1255 1819 1308 semetipsos
1850 1271 1870 1295 a
1900 1258 2080 1310 spirituali
2110 1259 2176 1298 do-

1215 1315 1328 1352 ctrina
1347 1315 1600 1354 subducentes.
1641 1317 1819 1356 Caeterum
1853 1332 1897 1357 ne
1928 1319 2080 1358 nimium
2108 1321 2176 1361 do—

1212 1375 1327 1424 leant,
1346 1377 1498 1415 fraterna
1518 1377 1600 1416 illos
1617 1377 1861 1418 benevolentia
1891 1383 2176 1433 prosequamini,

1214 1447 1432 1477 recensentes
1460 1438 1548 1491 ipsis
1579 1453 1659 1490 quae
1687 1455 1707 1478 a
1735 1441 1836 1479 nobis
1864 1441 1958 1480 dicta
1983 1452 2091 1482 sunt:
2110 1445 2178 1482 hoe

1215 1497 1311 1536 enim
1323 1498 1468 1537 sincerae
1480 1500 1638 1539 caritatis
1653 1511 1919 1552 argumentum.
1935 1505 2024 1542 Nam
2041 1505 2070 1542 si
2088 1505 2177 1544 inter

1216 1573 1344 1610 magna
1361 1560 1518 1599 caritatis
1538 1561 1668 1600 indicia
1691 1562 1834 1611 habent,
1855 1564 1915 1615 qui
1938 1565 1985 1602 ita
2005 1565 2049 1604 ‹le
2068 1567 2179 1605 sensi-

1216 1620 1354 1658 bilibus
1378 1621 1511 1659 eduliis
1537 1621 1606 1660 boe
1641 1623 1716 1661 suis
1746 1623 1987 1663 familiaribus
2018 1626 2176 1665 faciunt:

1218 1680 1331 1719 multo
1360 1681 1476 1733 magis
1505 1682 1541 1720 in
1570 1683 1820 1735 spiritualibus
1847 1685 1915 1724 boc
1940 1686 2077 1738 agendo
2096 1702 2175 1725 ma-

1218 1755 1324 1793 gnam
1341 1742 1442 1780 nobis
1461 1742 1604 1781 laudem
1619 1758 1809 1796 paramus3
1828 1745 1919 1784 redit
1939 1747 2035 1784 enim
2050 1747 2098 1786 ad
2114 1763 2177 1786 nos

1220 1802 1315 1854 ipsos
1333 1803 1485 1841 utilitas.
1507 1804 1600 1841 Nam
1620 1804 1678 1842 cui
1696 1804 1858 1843 studium
1874 1816 1927 1844 est
1949 1807 2078 1845 docere
2092 1822 2177 1860 pro-

1218 1862 1372 1911 ximum,
1392 1863 1421 1901 is
1447 1877 1517 1902 non
1537 1873 1610 1901 tam
1630 1864 1684 1901 illi
1705 1864 1894 1913 benefacit,
1911 1881 2019 1917 quam
2035 1867 2175 1920 sibiipsi

1219 1936 1386 1975 magnam
1420 1923 1616 1961 mercedem
1650 1934 1765 1976 parat,
1787 1925 1998 1978 duplicique
2025 1937 2177 1980 augetur

1218 1983 1337 2033 lucro,
1362 1983 1449 2022 dum
1478 1985 1595 2037 majus
1615 1999 1634 2023 a
1654 1986 1730 2023 Deo
1748 1987 1936 2039 praemium
1957 1990 2173 2040 assequitur,

1217 2054 1251 2083 et
1270 2045 1358 2082 dum
1378 2045 1521 2083 tratrem
1540 2045 1666 2084 docere
1684 2046 1914 2098 aggreditur,
1935 2048 2094 2088 docendo
2120 2051 2173 2088 in-

1217 2106 1320 2144 terim
1352 2106 1494 2159 sibiipsi
1532 2108 1740 2145 memoriam
1770 2121 1893 2146 corum
1925 2124 2003 2160 quae
2031 2111 2175 2149 audivit

1215 2175 1373 2205 renovat.

1266 2231 1303 2271 8.
1324 2232 1441 2284 Igitur
1462 2233 1657 2285 cogitantes
1676 2243 1815 2274 tantum
1833 2237 1975 2276 lucrum
1994 2248 2169 2291 vestrum,

1212 2370 1291 2408 quae
1311 2370 1404 2394 nunc
1421 2371 1440 2394 a
1460 2356 1561 2395 ncbis
1583 2357 1767 2397 dicuntur.
1800 2362 1853 2398 Ne
1876 2371 1993 2399 autem
2025 2364 2173 2415 posthac

1213 2426 1331 2456 vestro
1345 2417 1518 2456 beneficio
1534 2418 1682 2457 obnoxii
1698 2420 1774 2459 hoec
1791 2421 1942 2472 discant,
1957 2423 2078 2462 ducite
2090 2425 2172 2463 illos

1212 2479 1259 2517 ad
1290 2493 1368 2527 nos,
1394 2479 1645 2531 persuadentes
1673 2481 1777 2534 ipsis,
1804 2483 1896 2521 nihil
1925 2485 2046 2523 obesse
2066 2486 2171 2538 spiri-

1210 2540 1300 2578 tuali
1316 2553 1459 2589 mensae,
1475 2540 1504 2577 si
1517 2540 1696 2592 praecedat
1713 2544 1908 2595 corporalis
1925 2545 1996 2583 cibi
2011 2547 2143 2586 sumtio
2159 2563 2167 2584 ε

1211 2600 1272 2640 sed
1285 2614 1389 2639 omne
1401 2610 1541 2653 tempus
1552 2601 1731 2653 spirituali
1748 2604 1900 2642 sermoni
1916 2605 2084 2644 idoneum
2095 2621 2169 2647 esse

1210 2661 1458 2716 reputandum.
1481 2662 1564 2700 Haec
1589 2662 1618 2700 si
1640 2673 1733 2701 recte
1757 2673 1953 2715 teneamus,
1970 2668 2168 2718 poterimus

1210 2733 1244 2762 et
1257 2723 1354 2762 domi
1371 2732 1566 2771 versantes,
1583 2732 1663 2761 ante
1682 2732 1715 2761 et
1733 2733 1811 2776 post
1831 2726 2039 2765 convivium
2068 2743 2166 2768 acce-

1210 2785 1280 2838 ptis
1294 2785 1328 2823 in
1344 2785 1508 2823 manibus
1518 2783 1651 2822 divinis
1667 2785 1798 2834 Libris,
1809 2786 2001 2826 utilitatem
2015 2789 2098 2828 inde
2111 2785 2167 2829 νεί-

1209 2861 1304 2900 pere,
1322 2857 1355 2885 et
1371 2845 1592 2899 spiritualem
1608 2845 1729 2884 cibum
1747 2846 1874 2886 animae
1889 2849 2058 2901 praebere.
2073 2853 2164 2891 Nam

1209 2907 1301 2946 sicut
1321 2921 1449 2959 corpus
1469 2905 1603 2956 indiget
1622 2906 1781 2944 sensibili
1802 2907 1900 2955 cibo,
1921 2909 1969 2947 ita
1987 2919 2022 2948 et
2044 2913 2164 2950 anima

1209 2967 1415 3019 quotidiana
1434 2966 1675 3004 admonitione
1690 2976 1723 3005 et
1740 2968 1981 3020 spiritualium
2001 2971 2163 3011 ciborum

1209 3028 1479 3067 refocillatione:
1495 3035 1533 3064 ut
1552 3027 1715 3066 roborata
1736 3028 1898 3069 resistere
1919 3032 2028 3084 possit
2049 3036 2164 3072 camis

1208 3089 1406 3136 rebellioni,
1423 3097 1456 3126 et
1472 3089 1638 3126 continuo
1654 3089 1749 3128 bello
1765 3105 1836 3142 quo
1855 3106 2037 3144 urgemur,
2053 3096 2164 3145 quod-

1207 3165 1276 3202 que
1298 3150 1450 3188 animam
1471 3158 1627 3187 nostram
1656 3149 1693 3189 in
1721 3152 1928 3191 servitutem
1959 3154 2111 3207 redigit,
2134 3159 2162 3194 si

1207 3212 1264 3249 vel
1297 3224 1424 3263 parum
1460 3209 1600 3248 desides
1634 3225 1707 3249 esse
1737 3213 1969 3253 voluerimus.
2011 3217 2163 3255 Proinde

1196 3328 1209 3342 τι
1227 3317 1305 3359 ch.
1325 3327 1406 3347 uuus
1425 3324 1474 3353 τῆς
1490 3321 1621 3358 ἀτιμίας.

2257 2264 2376 2292 Moralis

1214 2307 1257 2332 ne
1268 2293 1461 2332 invideatis
1476 2295 1648 2334 fratribus
1660 2298 1799 2347 vestris,
1812 2298 1871 2337 sed
1885 2314 1903 2337 a
1914 2300 2018 2338 vobis
2032 2301 2170 2341 discant
2185 2305 2362 2333 exhumuo.
