2433 3775
751 157 791 186 ΙΝ
830 156 932 187 (ΞΛΡ.
975 157 1005 184 l.

112 242 380 298 προδεδομένους
417 244 478 288 τῆς
511 239 665 292 κατάρας
700 238 931 292 ἐλευθερώσῃ,
964 237 1035 277 Καὶ
1071 240 1138 289 βοᾷ

111 309 213 343 τοῦτο
245 305 385 346 Παῦλος
421 301 531 354 λέγων
548 317 555 325 ·
580 300 729 354 Χριστὸς
747 304 842 351 ἡμᾶς
861 299 1068 353 ἐξηγόρασεν
1099 301 1137 338 ἐκ

110 367 172 411 τῆς
191 365 346 418 κατάρας
362 369 422 402 τοῦ
431 362 536 414 νόμου
548 391 558 410 ,
572 361 754 414 γενόμενος
770 360 858 413 ὑπὲρ
875 363 976 412 ἡμῶν
988 359 1138 412 κατάρα.

112 427 157 464 Εἰ
174 424 289 464 τοίνυν
309 424 432 472 αὐτὸς,
451 423 539 467 Θεὸς
561 422 610 460 ὢν
627 422 687 461 καὶ
704 426 765 469 τῆς
791 421 909 465 οὐσίας
924 420 1056 467 ἐκείνης
1075 423 1138 467 τῆς

112 485 311 538 ἀπορρήτου
326 483 522 537 τυγχάνων,
536 483 593 521 διὰ
611 481 872 535 φιλανθρωπίαν
890 481 1020 533 ἄφατον
1028 485 1137 519 ταῦτα

112 547 250 586 ἅπαντα
269 547 476 590 κατεδέξατο
504 546 547 583 δι’
567 548 660 595 ἡμᾶς
694 544 752 582 καὶ
774 543 838 590 τὴν
867 541 1043 595 σωτηρίαν
1072 540 1137 588 τὴν

1044 155 1206 185 GENES.

111 609 285 660 ἡμετέραν
299 625 306 633 ·
326 609 359 646 τί
377 610 438 646 οὐκ
460 607 500 645 ἂν
521 607 641 657 εἴημεν
664 605 762 644 αὐτοὶ
792 603 919 642 δίκαιοι
948 602 1029 654 περὶ
1058 600 1137 644 τοὺς
1159 614 1185 644 D

112 673 286 721 ὁμογενεῖς
312 669 546 713 ἐπιδείξασθαι
584 667 644 705 καὶ
671 666 715 704 τὰ
747 665 836 716 μέλη
869 663 913 702 τὰ
949 662 1108 714 ἡμέτερα
1125 692 1134 710 ,

112 731 203 769 ὥστε
229 732 289 769 καὶ
307 734 369 777 τῆς
387 730 561 782 φάρυγγος
584 733 597 748 ‘¹
611 726 733 769 αὐτοὺς
761 724 956 777 ἐξαρπάσαι
975 727 1035 761 τοῦ
1057 724 1136 761 δια-

114 792 217 830 δόλου
229 821 240 839 ,
255 792 315 829 καὶ
336 791 422 843 πρὸς
440 788 505 834 τὴν
523 791 585 835 τ’ἥς
610 790 736 840 ἀρετῆς
753 785 828 824 ὁδὸν
846 787 1110 837 χειραγωγῆσαι
1125 799 1135 831 ;

112 851 215 903 εΌσῳ
241 852 308 903 γὰρ
340 851 436 904 ψυχὴ
468 849 630 900 σώματος
659 848 827 900 κρείσσων
843 876 852 894 ,
882 847 1037 899 τοσούτῳ
1067 847 1136 884 τῶν

109 913 269 966 χρήμασι
304 911 518 964 βοηθούντων
547 915 616 954 τοῖς
643 909 818 961 δεομένοις
845 902 940 946 οὗτοι
967 907 1135 959 μειζόνων

113 975 286 1018 ἀξιοῦνται
316 975 385 1011 τῶν
407 971 563 1024 ἀμοιὸῶν
582 972 613 1009 οἱ
637 970 694 1010 διὰ
722 973 785 1016 τῆς
805 968 1045 1021 παραινέσεως
1077 968 1137 1007 καὶ

111 1038 174 1081 τῆς
188 1039 351 1087 συνεχοῦς
370 1033 594 1076 διδασκαλίας
615 1031 692 1075 τοὺς
719 1030 890 1085 ῥᾳθύμους
918 1030 978 1068 καὶ
1000 1031 1135 1068 ἀναπε-

112 1095 295 1140 πτωκότας
327 1095 510 1148 ἀνάγοντες
532 1094 589 1133 ἐπὶ
620 1094 684 1142 τὴν
715 1095 847 1131 εὐθεῖαν
872 1092 965 1141 ὁδὸν,
984 1091 1043 1130 καὶ
1063 1092 1137 1130 δει-

113 1158 252 1202 κνύντες
265 1161 326 1205 τῆς
339 1157 400 1209 μὲν
419 1156 544 1201 κακίας
561 1156 601 1194 τὸ
616 1154 788 1204 δυσειδὲς,
804 1157 867 1201 τῆς
885 1153 921 1193 δὲ
941 1153 1033 1192 κατὰ
1047 1154 1138 1194 Θεὸν

114 1221 240 1273 ἀρετῆς
261 1218 352 1266 ι’τὴν
371 1218 504 1264 πολλὴν
526 1216 728 1271 εὐμορφίαν.

167 1283 289 1320 Ταῦτα
313 1280 425 1319 τοίνυν
469 1279 609 1318 ἅπαντα
649 1277 796 1326 εἰδότες,
826 1278 895 1331 πρὸ
923 1281 991 1317 τῶν
1023 1278 1138 1318 ἄλλων

117 1343 281 1381 ἁπάντων
298 1344 367 1380 τῶν
387 1342 560 1392 βιωτικῶν
581 1339 662 1393 περὶ
680 1342 743 1387 τῆς
769 1339 861 1378 κατὰ
879 1339 995 1392 ψυχὴν
1023 1355 1140 1387 σωτη-

116 1403 190 1457 ρίας
218 1401 459 1455 διαλεγώμεθα
492 1407 562 1447 τοῖς
594 1402 760 1453 πλησίον,
793 1403 841 1446 εἷς
869 1402 998 1449 ταύτην
1019 1400 1142 1445 αὐτοὺς

114 1466 292 1519 ἐνάγοντες
309 1464 373 1512 τὴν
396 1465 581 1519 μέριμναν.
609 1463 803 1516 Ἀγαπητὸν
827 1464 918 1519 γὰρ,
942 1464 1138 1516 ἀγαπητὸν,

115 1532 267 1582 συνεχῶς
301 1532 414 1567 ταῦτα
441 1527 678 1581 ἐνηχουμένην
707 1527 771 1576 τὴν
805 1528 922 1582 ψυχὴν
952 1529 1141 1577 δυνηθῆναι

114 1593 307 1645 ἀνενεγκεῖν
334 1595 373 1631 ἐκ
390 1594 453 1638 τῆς
479 1590 633 1631 ἇὸύσσου
666 1593 736 1629 τῶν
770 1594 888 1630 κακῶν
919 1594 988 1630 τῶν
1021 1593 1056 1630 ἐν
1087 1595 1138 1645 τῷ

114 1654 211 1707 μέσῳ
230 1653 485 1708 στρεφομένων,
505 1653 564 1693 καὶ
579 1654 821 1708 περιγενέσθαι
849 1658 912 1702 τῆς
930 1658 999 1694 τῶν
1018 1659 1137 1695 παθῶν

113 1716 380 1760 ἐπαναστάσεως
393 1745 402 1762 ,
433 1717 522 1770 ἅπερ
544 1717 710 1762 διηνεκῶς
735 1718 914 1770 πολιορκεῖ
931 1717 994 1764 τὴν
1013 1717 1140 1770 ἡμετέ-

114 1794 176 1830 ραν
197 1777 329 1831 ψυχήν.
360 1777 430 1816 Καὶ
458 1777 516 1816 διὰ
536 1782 638 1816 τοῦτο
665 1778 769 1831 χρεία
804 1781 888 1829 ἡμῖν
917 1781 1049 1826 πολλ’ῆς
1079 1782 1142 1826 τῆς

114 1839 305 1893 ἀγρυπνίας
317 1869 327 1887 ,
343 1838 462 1886 ἐπειδὴ
478 1838 538 1876 καὶ
553 1839 714 1886 διηνεκὴς
731 1842 816 1890 ἡμῖν
832 1842 925 1878 ἐστιν
939 1842 957 1877 ὁ
972 1839 1142 1890 πόλεμος,

113 1901 172 1938 καὶ
192 1900 380 1952 ἀνακωχὴν
395 1899 558 1938 οὐδέποτε
577 1899 669 1951 ἔχων
682 1916 689 1923 ·
713 1900 765 1938 διὸ
781 1899 842 1938 καὶ
861 1902 1002 1944 Παῦλος
1023 1900 1140 1953 ἔλεγεν

114 1961 288 2014 Ἰἰφεσίοις
300 1961 442 2015 γράφων
456 1977 463 1985 ·
482 1963 558 2000 Οὐκ
577 1961 669 2000 ἔστιν
690 1964 774 2012 ἡμῖν
790 1965 812 2009 ἡ
828 1961 925 2009 πάλη
944 1963 1031 2013 πρὸς
1052 1958 1141 2014 αἷμα

114 2024 172 2061 καὶ
195 2023 326 2075 σάρκα,
345 2022 435 2061 ἀλλὰ
451 2022 536 2075 πρὸς
551 2022 613 2066 τὰς
629 2022 762 2075 ἀρχὰς,
780 2023 866 2075 πρὸς
882 2022 944 2066 τὰς
961 2022 1116 2067 ἐξουσίας
1130 2053 1140 2071 ,

113 2085 198 2136 πρὸς
215 2083 292 2127 τοὺς
310 2083 596 2136 κοσμοκράτορας
609 2088 669 2122 τοῦ
690 2083 833 2128 σκότους
848 2087 907 2122 τοῦ
926 2087 1050 2128 αἰῶνος
1064 2084 1142 2123 τού-

113 2162 171 2184 του
185 2177 194 2193 ,
213 2146 299 2198 πρὸς
317 2147 361 2183 τὰ
385 2145 608 2195 πνευματικὰ
625 2147 688 2191 τῆς
711 2145 880 2199 πονηρίας
900 2148 934 2184 ἐν
950 2151 1021 2190 τοῖς
1039 2147 1142 2185 ἐπου-

115 2207 251 2260 ρανίοις.
273 2206 334 2254 Μὴ
357 2206 541 2258 νομίσητε,
562 2206 666 2260 φησὶ,
689 2207 747 2246 τὸν
774 2207 926 2260 τυχόντα
950 2211 1036 2259 ἡμῖν
1051 2224 1139 2263 προ-

112 2272 245 2308 κεῖσθαι
261 2272 397 2321 ἀγῶνα·
420 2270 457 2308 οὐ
472 2269 558 2321 πρὸς
577 2271 752 2322 ὁμογενεῖς
771 2272 856 2320 ἡμῖν
872 2271 965 2308 ἐστιν
986 2274 1007 2317 ἡ
1025 2269 1138 2319 πάλη,

111 2330 187 2370 οὐδὲ
216 2330 330 2378 ἐξίσης
354 2333 439 2382 ἡμῖν
461 2330 608 2370 ἐστιτὰ
639 2333 701 2378 τῆς
722 2330 960 2385 παρατάξεως.
977 2332 1048 2370 Καὶ
1073 2332 1142 2385 γὰρ

111 2391 250 2443 σώματι
285 2391 617 2444 συμπεπλεγμένοι,
638 2399 710 2436 τοῖς
741 2392 943 2443 ἀσωμάτοις
977 2394 1141 2432 παλαίειν

112 2453 281 2504 δυνάμεσι
301 2453 592 2505 προστετάγμεθα
607 2469 614 2477 ·
635 2453 726 2492 ἀλλὰ
755 2453 804 2505 μὴ
828 2453 986 2502 δείσητε’
1015 2456 1044 2493 εἷ
1074 2455 1142 2509 γὰρ

112 2515 171 2553 καὶ
193 2514 378 2566 ἀνώμαλος
395 2517 418 2561 ἡ
440 2514 538 2567 μάχη
552 2545 562 2562 ,
583 2515 675 2554 ἀλλὰ
698 2515 833 2567 μεγάλη
853 2518 921 2554 τῶν
939 2515 1055 2555 ὅπλων
1073 2520 1141 2556 τῶν

111 2577 293 2629 ἡμετέρων
312 2580 334 2623 ἡ
356 2575 513 2626 δύναμις.
530 2575 714 2629 Ἔπήγαγε
731 2576 798 2629 γὰρ
819 2577 1000 2630 μονονουχὶ
1013 2577 1140 2630 λέγων,

111 2638 230 2685 ἐπειδὴ
254 2637 382 2690 ἔγνωτε
415 2639 485 2675 τῶν
516 2637 695 2688 πολεμίων
724 2638 788 2685 τὴν
810 2637 923 2691 φύσιν,
956 2638 1005 2690 μὴ
1027 2655 1142 2678 κατα-

111 2700 261 2748 πέσητε,
279 2699 367 2751 μηδὲ
388 2699 587 2751 ναρκῆσητε
606 2699 693 2754 προς
718 2699 781 2748 τὴν
797 2700 914 2747 πάλην
930 2717 937 2723 ·
958 2701 1049 2740 ἀλλὰ
1073 2701 1142 2740 Διὰ

111 2767 211 2801 τοῦτο
230 2761 423 2800 ἀναλάῧετε
458 2760 521 2807 τὴν
550 2760 748 2800 πανοπλίαν
777 2763 838 2800 τοῦ
856 2763 968 2810 Θεοῦ,
996 2762 1084 2814 πρὸς
1103 2763 1143 2802 τὸ

112 2824 278 2863 δύνασθαι
297 2826 386 2872 ὑμᾶς
406 2825 532 2869 στῆναι
560 2821 647 2875 πρὸς
662 2822 724 2866 τὰς
742 2822 923 2874 μεθοδείας
939 2827 999 2862 τοῦ
1016 2824 1141 2863 διαδό-

111 2887 183 2924 λου.
212 2884 374 2923 ηΠολλαὶ
402 2883 471 2936 γὰρ
498 2887 534 2922 αἱ
565 2883 686 2922 τούτου
709 2885 904 2934 μεθοδεῖαι,
935 2887 1028 2923 τοῦτ’
1048 2885 1140 2924 ἔστιν

112 2945 199 2991 ὁδοὶ,
216 2946 258 2984 δι’
277 2939 323 2982 ὧν
341 2945 579 2989 ὑποσκελίζειν
593 2947 763 2997 ἐπιχειρεῖ
776 2944 855 2989 τοὺς
871 2947 1141 3000 ρᾳθυμοτέρους,

113 3007 170 3045 καὶ
193 3008 243 3045 δεῖ
264 3006 389 3049 ταύτας
411 3006 564 3058 ἀκριίῶς
596 3006 823 3053 ἐπίστασθαι,
845 3006 936 3046 ὥστε
963 3009 1140 3061 διαφυγεῖν

113 3069 217 3106 αὐτοῦ
248 3067 309 3110 τὰς
342 3066 469 3114 λαὸὰς,
503 3067 561 3105 καὶ
589 3067 763 3118 μηδεμίαν
793 3069 888 3120 αὐτῷ
917 3068 1141 3121 παρείσδυσιν

115 3129 267 3181 ἀφιέναι,
291 3129 381 3167 ἀλλὰ
402 3129 459 3166 καὶ
479 3129 637 3180 γλώττης
659 3128 840 3181 ἀκρίὸειαν
865 3130 1141 3179 ἐπιδείκνυσθαι,

115 3189 173 3226 καὶ
196 3190 384 3240 ὀφθαλμῶν
405 3189 614 3240 ἀσφάλειαν,
638 3189 697 3227 καὶ
727 3189 880 3232 διανοίας
901 3190 1142 3243 καθαρότητα,

160 3319 171 3331 -·
190 3308 243 3339 Sic
260 3309 363 3341 savit.
385 3311 463 3351 ch.
484 3319 515 3342 et
533 3312 820 3351 ‹30121311.;310rcl.
838 3317 940 3347 αὑτοῦ.

161 3362 173 3383 b
192 3361 343 3402 Quinqui-
359 3363 436 3394 Mss.
457 3377 508 3401 την
525 3368 638 3401 misam
657 3368 785 3400 2201131'22.
808 3365 898 3398 Infra
913 3363 1048 3398 Coisliu.
1071 3374 1120 3401 τῆς

1162 1476 1186 1506 E

1166 2891 1189 2921 B

1251 155 1408 186 ιιοιιιιι.
1449 155 1511 186 ιιι.
2106 141 2162 188 25

1211 237 1279 276 bus
1307 237 1450 288 clamat,
1473 237 1594 276 dicens
1615 253 1622 274 :
1649 238 1823 276 Christus
1857 252 1923 276 nos
1959 240 2117 278 redemit
2141 254 2165 278 a
2182 255 2253 282 Gal,
2267 255 2296 284 3.
2318 254 2366 283 13.

1212 300 1421 338 maledicto
1433 300 1540 353 legis,
1544 300 1686 352 sactus
1698 313 1768 351 pro
1781 301 1890 337 nobis
1905 300 2164 338 maledictum.

1213 360 1252 400 Si
1271 360 1384 413 igitur
1405 360 1495 413 ipsc,
1517 359 1579 412 qui
1599 360 1697 398 Deus
1720 368 1822 398 estet
1841 359 2032 397 ineffabilis
2052 375 2166 399 essen-

1211 421 1284 472 tim,
1323 421 1370 460 ob
1402 421 1660 474 benignitatem
1686 420 1906 459 ineffabilem
1942 420 2018 457 haec
2049 421 2167 458 omnia

1210 491 1353 535 propter
1369 497 1432 521 nos
1446 492 1480 521 et
1499 491 1643 536 propter
1657 483 1807 520 salutem
1823 490 1981 520 nostram
1995 482 2164 534 suscepit:

1209 544 1297 595 quid
1317 558 1386 583 non
1408 559 1428 582 a
1449 544 1552 582 nobis
1571 558 1714 595 aequum
1733 552 1785 581 cst
1804 552 1971 596 praestare
1989 556 2071 594 erga
2091 557 2163 589 eos,

1207 605 1268 656 qui
1301 605 1440 657 cognati
1466 614 1548 643 sunt
1566 619 1608 643 ac
1633 605 1793 643 membra
1820 613 1953 654 nastra,
1972 613 2011 642 ut
2029 613 2167 656 ereptos

1208 680 1266 703 cos
1279 680 1323 704 ex
1337 666 1473 704 diaboli
1493 666 1672 716 faucibus,
1695 666 1730 704 in
1744 666 1841 705 viam
1860 665 2002 705 virtutis
2020 665 2166 704 induca-

1208 729 1319 767 mus?
1339 731 1431 767 Nam
1459 738 1497 766 ut
1522 729 1641 767 anima
1672 743 1819 782 corpore
1849 729 2074 781 praistantior
2098 738 2165 780 est,

1209 789 1256 828 ita
1286 790 1343 839 iis,
1373 791 1435 841 qui
1467 789 1713 841 indigentibus
1741 792 1908 842 pecunias
1930 800 1963 827 et
1982 791 2168 829 facultates

1208 849 1453 903 suppeditant,
1480 850 1678 903 majoribus
1710 851 1869 903 prirniiis
1893 851 1995 901 digni
2025 861 2106 888 sunt
2125 852 2165 898 ii,

1208 911 1270 962 qui
1301 910 1524 949 admonendo
1550 920 1585 950 et
1611 911 1778 949 continue
1814 911 1976 950 docendo
2004 912 2038 949 in
2072 913 2169 950 viani

1207 981 1339 1011 rectam
1353 972 1500 1025 supinos
1517 981 1551 1011 ct
1566 971 1706 1011 desides
1726 972 1915 1023 inducunt,
1937 973 2168 1011 monstrando

1209 1034 1259 1074 eis
1273 1043 1306 1073 ct
1325 1034 1499 1073 vitiorum
1517 1034 1794 1087 deformitatem,
1816 1044 1848 1074 et
1869 1034 2003 1075 divinae
2024 1034 2169 1075 virtutis

1209 1095 1529 1150 pulchritudinem.

1265 1282 1301 1320 5.
1318 1281 1402 1320 Haec
1414 1282 1524 1334 igitur
1540 1281 1661 1321 omnia
1675 1295 1757 1320 cum
1773 1281 1943 1332 sciamus,
1958 1296 2032 1336 prae
2049 1282 2169 1321 omni-
2182 1300 2303 1329 Momm
2319 1310 2370 1327 ρ,-

1210 1343 1279 1383 bus
1311 1344 1393 1382 aliis
1425 1344 1535 1397 hujus
1568 1344 1652 1383 vitae
1688 1344 1784 1383 curis
1815 1344 1860 1383 de
1895 1344 2008 1382 salute
2043 1344 2169 1382 animae
2182 1343 2321 1371 ¹10f¹³¹³ffi

1211 1406 1396 1458 proximos
1416 1405 1654 1457 alloquamur,
1676 1405 1839 1444 eamdem
1863 1406 1935 1444 illis
1957 1405 2167 1444 sollicitudi-

1211 1483 1293 1508 nem
1308 1469 1517 1521 ingerentes.
1532 1468 1702 1521 Optahilc
1712 1468 1820 1517 enim,
1832 1467 1988 1521 optabile
2001 1468 2117 1521 plane,
2133 1477 2171 1505 ut

1211 1530 1344 1581 anima,
1364 1529 1421 1568 cui
1441 1530 1519 1568 haee
1537 1529 1704 1568 continuo
1724 1529 1964 1581 inculcantur,
1987 1529 2100 1583 possit
2118 1544 2170 1568 rc-

1210 1591 1296 1630 duci
1315 1606 1361 1630 ex
1378 1591 1510 1644 abysso
1527 1591 1718 1640 malorum,
1737 1590 1773 1628 in
1788 1605 1939 1642 quorum
1956 1589 2074 1629 medio
2089 1605 2169 1630 vcr-

1210 1667 1343 1701 samur,
1366 1662 1399 1692 ct
1419 1667 1642 1706 compescere
1669 1653 1879 1703 affectuum,
1909 1652 1970 1704 qui
2000 1662 2171 1705 perpetuo

1211 1715 1369 1753 animam
1387 1724 1545 1753 nostram
1571 1714 1751 1765 infestant,
1771 1714 2012 1752 rebellionem.
2033 1713 2171 1752 Idcirco

1212 1776 1314 1814 nobis
1327 1790 1416 1829 opus
1432 1785 1483 1814 est
1498 1789 1626 1827 magna
1642 1775 1844 1827 vigilantia,
1858 1776 2028 1827 quoniam
2042 1785 2075 1814 et
2088 1790 2171 1815 con-

1209 1837 1352 1876 tinuum
1369 1837 1473 1875 nobis
1487 1846 1538 1875 est
1551 1837 1701 1885 bellum,
1712 1846 1745 1874 et
1756 1835 1908 1875 induciae
1920 1837 2029 1875 null-‘1⁴=
2047 1853 2054 1873 :
2072 1837 2167 1875 ideo-

1211 1913 1280 1950 que
1299 1899 1432 1936 Paulus
1449 1897 1591 1936 dicebat
1611 1897 1777 1950 Ephesiis
1803 1897 1960 1936 scribens
1978 1913 1985 1934 :
2002 1899 2093 1936 Non
2112 1907 2167 1937 est
2182 1909 2291 1947 tiphos.
2315 1911 2344 1940 6.

1212 1962 1324 1998 nobis
1339 1960 1566 1998 colluctatio
1582 1960 1767 1998 adversus
1779 1962 2011 2011 sanguinem
2024 1968 2061 1997 et
2075 1973 2165 1998 car-
2182 1958 2190 1978 ¹
2203 1959 2231 1979 ²·

1213 2036 1314 2069 nem,
1335 2022 1404 2060 sed
1421 2023 1608 2060 adversus
1619 2023 1872 2073 principatus,
1890 2022 2074 2060 adversus
2094 2036 2166 2074 po—

1212 2091 1382 2129 testates,
1412 2084 1597 2121 adversus
1626 2083 1762 2120 mundi
1789 2083 1978 2130 dominos,
2004 2091 2168 2121 rectores

1212 2145 1459 2182 tenebrarum
1479 2145 1613 2182 saeculi
1638 2145 1766 2195 hujus,
1784 2145 1968 2182 adversus
1987 2147 2168 2196 spiritua-

1213 2205 1268 2244 les
1302 2208 1496 2259 nequitias
1526 2208 1568 2242 in
1598 2205 1824 2243 caelestibus.
1852 2205 1907 2243 Nc
1942 2204 2165 2255 existimetis,

1210 2267 1276 2317 ait,
1298 2266 1449 2318 vulgare
1467 2265 1569 2304 nobis
1598 2275 1775 2304 certamen
1801 2266 1954 2319 proponi
1979 2282 1986 2302 :
2010 2281 2079 2305 non
2096 2267 2166 2306 ad—

1209 2342 1334 2368 versus
1365 2327 1525 2381 ejusdem
1563 2327 1700 2380 generis
1729 2327 1952 2367 adversarios
1985 2328 2087 2366 nobis
2117 2339 2167 2367 cst

1211 2398 1402 2440 certamen,
1425 2403 1536 2440 neque
1563 2403 1609 2427 ex
1636 2403 1738 2440 aequo
1761 2389 1938 2427 exercitus
1969 2399 2087 2428 noster
2106 2390 2165 2428 in-

1211 2460 1367 2489 structus
1397 2459 1458 2488 est.
1489 2450 1564 2488 Nos
1591 2449 1687 2488 enim
1712 2450 1775 2501 qui
1802 2451 2011 2503 corporibus
2042 2465 2166 2489 sumus

1211 2512 1358 2562 annexi,
1376 2511 1411 2549 in
1428 2511 1505 2549 acie
1523 2510 1683 2549 collocati
1699 2525 1837 2559 sumus,
1855 2521 1895 2550 ut
1909 2527 1990 2550 cum
2006 2512 2167 2564 incorpo-

1211 2574 1280 2612 reis
1306 2572 1506 2613 virtutibus
1534 2571 1767 2624 confligamus
1792 2589 1799 2609 :
1821 2573 1883 2611 scd
1913 2587 1957 2611 ne
1983 2573 2136 2611 timeatis
2159 2591 2165 2610 :

1211 2649 1294 2674 nam
1324 2635 1408 2673 licet
1433 2632 1619 2684 inaequalis
1649 2633 1696 2671 sit
1727 2647 1859 2685 pugna,
1894 2647 2021 2685 magna
2052 2643 2167 2673 tamen

1210 2711 1393 2736 armorum
1413 2703 1614 2733 nostrorum
1641 2694 1756 2733 virtus
1775 2703 1838 2732 est.
1859 2694 2054 2747 Subjungit
2072 2696 2167 2734 enim

1209 2759 1299 2810 haec,
1317 2757 1418 2810 quasi
1443 2756 1576 2794 diceret
1594 2755 1801 2804 :Quoniam
1830 2756 1979 2795 novistis
2010 2757 2166 2796 hostium

1209 2829 1388 2867 naturam,
1408 2831 1451 2855 nc
1470 2816 1588 2855 animo
1605 2816 1813 2865 concidatis,
1833 2831 1876 2855 ne
1896 2819 2102 2871 torpescatis
2119 2817 2166 2858 ad

1210 2894 1369 2934 pugnam
1379 2895 1392 2930 3
1415 2878 1478 2917 sed
1499 2880 1665 2929 Propter
1684 2878 1756 2916 hoc
1776 2881 1957 2931 suscipite
1987 2890 2164 2918 armatu-
2178 2896 2273 2934 Ephe.»
2302 2894 2331 2922 a,

1211 2957 1296 2981 ram
1312 2943 1402 2988 Dei,
1422 2949 1463 2978 ut
1474 2941 1628 2992 possitis
1641 2941 1817 2977 resistere
1835 2941 1987 2979 insidiis
2000 2942 2161 2980 diaboli.
2184 2945 2228 2965 ¹¹·

1210 3004 1335 3043 Multa:
1353 3002 1445 3040 enim
1470 3001 1546 3052 ejus
1566 3008 1647 3037 sunt
1666 2999 1817 3049 insidiae,
1837 3000 1905 3039 hoc
1929 3011 1979 3040 est
2000 3002 2082 3053 vite,
2105 3018 2167 3056 per

1211 3080 1298 3118 quas
1330 3062 1604 3115 negligentiores
1631 3061 1861 3114 supplantare
1889 3063 2015 3100 nititur
2045 3080 2051 3100 ε
2080 3079 2165 3115 quas

1211 3127 1402 3177 diligenter
1421 3136 1628 3174 cognoscere
1659 3137 1772 3175 opera*
1795 3125 1949 3176 pretium
1967 3135 2031 3175 est,
2057 3127 2103 3163 ita
2128 3137 2162 3163 ui

1213 3187 1425 3237 effugiamus
1446 3185 1522 3235 ejus
1545 3193 1705 3228 conatus,
1728 3194 1759 3223 ct
1780 3186 1919 3224 nullum
1936 3187 2002 3239 ipsi
2025 3187 2162 3238 ingrcs—

1155 3318 1233 3344 κατὰ
1253 3317 1343 3352 ‚Lupa
1364 3314 1484 3351 ἀρετῆς.

1198 3373 1210 3387 ³
1228 3360 1364 3395 Cuislln.
1386 3367 1472 3394 πόσας
1498 3363 1565 3401 γάρ.
