2516 3791
672 225 711 253 ΙΝ
751 224 853 254 CAP.
894 223 954 252 XI.

54 307 113 346 καὶ
132 305 218 345 πολὺ
238 306 277 344 τὸ
297 306 415 356 κέρδος
430 305 593 358 φέρουσα.
615 304 719 344 Ἀλλὰ
737 306 840 344 πάλιν
864 305 922 343 ἐπὶ
939 305 977 343 τὸ
994 319 1076 356 προ-

53 367 209 418 κείμενον
229 365 490 417 ἐπανέλθωμεν,
521 365 581 404 καὶ
611 366 739 417 ἴδωμεν
756 370 824 404 τῶν
845 366 924 404 τότε
944 366 1077 417 ἀνδρῶν

51 427 113 475 τὴν
132 427 277 478 τόλμαν.
299 427 356 465 Τὰ
374 426 442 480 γὰρ
461 427 598 466 ἐκείνων
632 427 726 474 πάθη
760 430 858 478 ἡμῖν,
887 428 916 464 εἶ
940 425 1074 477 βουλοί-

53 491 140 539 μεθα
157 489 290 540 νήφειν,
325 489 564 540 σωφρονισμὸς
593 488 789 539 γενήσεται.
806 487 875 526 Καὶ
894 485 1078 537 οἰκοδομή-

53 564 170 600 σωμεν
197 552 331 592 ἑαυτοῖς
345 579 354 596 ,
375 549 477 601 φησὶ,
507 549 621 597 πόλιν,
642 549 700 588 καὶ
722 549 866 601 πύργον,
884 543 921 586 οῦ
938 548 1036 594 ἔσται
1054 549 1076 593 ἡ

994 220 1155 251 GENES.

1090 579 1137 603 298

1195 218 1349 250 nomn..
1391 222 1500 252 XXX.

2017 208 2104 267 347

1150 302 1267 341 tacito.
1292 302 1374 340 llaec
1393 303 1499 341 laude
1521 302 1632 355 digua
1653 310 1705 340 est
1725 302 1912 349 memoria,
1938 301 2012 338 liaee
2033 316 2108 339 ina-

1152 373 1261 411 gnum
1303 360 1444 398 lucrum
1475 361 1588 399 assert.
1614 360 1791 398 Caeterum
1827 359 1875 397 ad
1904 359 2107 398 institutum

1152 421 1352 471 redeamus,
1388 431 1421 460 et
1454 422 1641 461 videamus
1667 421 1812 459 illorum
1843 421 2025 469 virorum,
2048 421 2110 471 qui

1155 491 1238 519 tunc
1257 492 1370 532 erant,
1393 482 1591 521 audaciam.
1612 483 1761 521 illorum
1783 482 1876 520 enim
1897 482 2111 532 affectiones,

1154 553 1292 592 nostrat,
1308 545 1337 582 si
1362 559 1482 597 sapere
1500 545 1739 594 voluerimus,
1762 544 1998 583 emendationi
2031 558 2109 582 ser-

53 610 186 661 κεραλὴ
225 611 287 653 ἕως
326 614 385 648 τοῦ
423 613 584 663 οὐρανοῦ,
614 610 672 649 καὶ
705 610 908 661 ποιήσωμεν
946 611 1077 650 ἑαυτοῖς
1102 616 1126 644 Α
1154 603 1271 643 viunt.
1295 607 1610 657 Etaedg'ficemus,
1628 606 1880 657 inquit,nobis
1893 609 2108 656 civitatem,

53 671 163 722 ὄνομα
182 672 250 723 πρὸ
275 674 334 709 τοῦ
356 673 591 725 διασπαρῆναι
612 671 668 709 ἐπὶ
686 673 747 716 τῆς
778 673 852 722 γῆς.
873 670 982 721 Ὁρᾷς
1003 671 1078 711 πῶς

55 736 236 783 πανταχοῦ
266 734 327 777 τῆς
350 734 482 769 ἑαυτῶν
501 731 642 783 γνώμης
662 736 675 752 ³
692 731 753 777 τὴν
782 729 968 783 διαφθορὰν
1001 731 1077 766 ἐπι·

55 791 259 830 δεικνύουσι.
279 793 349 831 Καὶ
363 792 662 843 οἷκοδομήσωμεν,
676 791 793 843 φησὶν,
812 793 945 834 ἑαυτοῖς
957 790 1075 828 πόλιν·

54 852 114 891 καὶ
135 853 240 890 πάλιν
253 868 260 876 ·
281 853 494 903 Ποιήσωμεν
520 855 655 896 ἑαυτοῖς
678 852 800 902 ὄνομα.
821 851 914 889 Ἀλλ’
934 851 998 903 δ’ρα
1018 850 1078 889 καὶ

55 912 143 963 μετὰ
163 911 336 958 τοσαύτην
362 913 601 965 πανωλεθρίαν
619 912 724 950 πάλιν
745 913 818 956 πῶς
833 913 895 950 οὐκ
915 912 1077 950 ἐλάττοσι

52 979 173 1018 κακοῖς
191 975 416 1025 ἐπιχειροῦσι.
438 973 485 1011 Τί
520 967 577 1012 οὖν
603 973 658 1011 ἵνα
682 972 892 1025 γενήσηται;
917 976 991 1017 πῶς
1020 972 1076 1010 ἵνα

53 1036 329 1086 ἀναχαιτισθῶσι
351 1037 414 1080 τῆς
440 1034 587 1085 μανίας,
602 1033 800 1086 Ὑπέσχετο
829 1033 956 1085 μηκέτι
978 1034 1078 1082 ποιή-

53 1110 124 1134 σειν
143 1096 390 1146 κατακλυσμὸν
399 1095 462 1143 τὴν
473 1096 603 1134 οἰκείαν
621 1095 884 1148 φιλανθρωπίαν
902 1095 1077 1147 μιμούμε-

53 1171 128 1200 νος·
148 1151 240 1195 οὗτοι
275 1156 310 1195 δὲ
336 1156 412 1195 οὐδὲ
439 1163 515 1200 ταῖς
544 1157 729 1209 τιμωρίαις
760 1156 1076 1209 ἐσωφρονίσθησαν,

52 1217 130 1256 οὔτε
159 1223 235 1262 ταῖς
269 1218 479 1271 εὐεργεσίαις
511 1218 666 1269 βελτίους
697 1217 864 1270 ἐγένοντο.
890 1218 953 1256 Διὸ
973 1219 1077 1257 ἄκουε

52 1280 120 1315 τῶν
151 1277 229 1323 ἑξῆς
243 1308 252 1325 ,
271 1278 327 1317 ἵνα
357 1282 469 1330 μάθῃς
501 1282 562 1325 τῆς
582 1279 714 1331 ἀφάτου
736 1278 998 1331 φιλανθρωπίας
1016 1284 1076 1318 τοῦ

52 1340 144 1376 Θεοῦ
163 1339 202 1377 τὸ
222 1339 373 1390 μέγεθος.
390 1339 460 1378 Καὶ
482 1339 632 1387 κατέὸη,
657 1339 740 1391 φησὶ
757 1371 766 1387 ,

53 1400 135 1437 ἰδεῖν
175 1398 238 1446 τὴν
274 1400 395 1448 πολιν,
429 1399 488 1437 καὶ
532 1402 590 1438 τὸν
618 1398 772 1452 πύργον,
807 1398 844 1437 δν
878 1400 1076 1451 ᾠκοδόμουν

54 1463 85 1498 οἱ
119 1461 186 1498 υἱοὶ
215 1464 284 1499 τῶν
316 1460 519 1514 ἀνθρώπων.
553 1459 650 1514 ’Όρα
684 1463 760 1504 πῶς
793 1461 1018 1513 ἀνθρωπίνως
1055 1467 1075 1510 ἡ

55 1522 177 1574 Γραφὴ
210 1522 417 1573 διαλέγεται.
457 1522 526 1560 Καὶ
557 1521 689 1569 κατέὸη
706 1551 718 1596 ,
754 1521 862 1574 φησὶ,
899 1522 1024 1575 Κύριος
1060 1527 1078 1562 ὃ

53 1582 159 1626 Θεός·
195 1584 258 1636 οὐχ
295 1582 352 1621 ἵνα
399 1582 622 1636 ἀνθρωπίνως
658 1583 838 1635 νοήσωμεν
854 1613 864 1630 ,
907 1585 984 1622 ἀλλ’
1021 1584 1077 1623 ἵνα

53 1643 110 1682 διὰ
142 1644 261 1682 τούτου
292 1644 539 1696 παιοευώμεθα
569 1644 746 1696 μηδέποτε
775 1645 1077 1698 καταψηφίζεσθαι

54 1705 174 1748 ἁπλῶς
202 1707 270 1743 τῶν
296 1707 452 1758 ἀδελφων
476 1708 544 1743 τῶν
567 1705 761 1757 ἡμετερων,
791 1707 879 1757 μήτε
904 1706 937 1751 ἐξ
971 1709 1078 1753 ἀκοῆς

53 1766 308 1813 καταδικάζειν,
341 1767 400 1805 ἐὰν
436 1766 484 1817 μὴ
524 1766 690 1819 πρότερον
725 1766 858 1813 πολλὴν
902 1765 1078 1818 δεξώμεθα

52 1824 116 1871 τὴν
151 1827 400 1880 πληροφορίαν.
434 1826 560 1865 Πάντα
595 1827 664 1879 γὰρ
697 1826 741 1864 τὰ
775 1827 872 1880 παρὰ
904 1831 964 1866 τοῦ
985 1830 1077 1866 Θεοῦ

54 1887 110 1925 διὰ
128 1892 229 1927 τοῦτο
240 1889 391 1939 γίνεται,
411 1889 471 1927 καὶ
489 1889 640 1941 τοσαύτῃ
658 1889 828 1942 κέχρηται
842 1893 884 1941 τῇ
902 1905 1077 1941 συγκατα-

53 1948 155 1986 ὅοίσει
173 1950 258 2003 πρὸς
289 1950 517 1988 διδασκαλίαν
537 1952 598 1996 τῆς
617 1953 687 1988 τῶν
722 1949 912 2002 ἀνθρώπων
932 1949 1076 2002 φύσεως.

54 2009 124 2047 Καὶ
146 2011 296 2058 κατέὸη,
313 2012 414 2063 φησὶ,
431 2010 558 2064 Κύριος
571 2015 588 2049 ὃ
606 2011 694 2054 Θεὸς
713 2012 794 2049 ἰδεῖν
815 2012 879 2058 τὴν
898 2011 999 2049 πόλιν
1019 2011 1077 2049 καὶ
1101 2022 1125 2052 C

51 2071 108 2109 τὸν
129 2071 270 2124 πύργον.
290 2070 386 2125 εὈρα
415 2073 516 2111 αὐτὸν
544 2073 607 2110 οὐκ
626 2074 666 2110 ἐκ
694 2072 886 2125 προοιμίων
907 2072 1077 2111 ἀναστέλ-

50 2133 156 2170 λοντα
184 2135 295 2171 αὐτῶν
318 2133 382 2180 τὴν
411 2133 552 2184 μανίαν,
575 2132 665 2172 ἀλλὰ
686 2135 801 2185 πολλῇ
822 2136 866 2184 τῇ
897 2138 1075 2187 μακροθυ-

50 2192 115 2245 μίᾳ
141 2193 369 2246 κεχρημένον,
392 2194 450 2232 καὶ
485 2194 702 2245 ἀναμένοντα
736 2197 784 2237 εἷς
818 2194 916 2247 ἔργον
953 2193 1076 2238 αὐτοὺς

49 2255 191 2306 ἀγαγεῖν
226 2254 290 2302 τὴν
316 2255 484 2307 πονηρίαν
507 2256 660 2301 ἅπασαν,
687 2255 747 2294 καὶ
777 2255 854 2293 τότε
881 2257 1075 2302 ἐκκοπῆναι

47 2315 110 2363 τὴν
131 2315 361 2368 ἐπιχείρησιν.
382 2316 460 2355 Ἵνα
491 2317 560 2370 γὰρ
586 2317 634 2367 μή
668 2333 737 2355 τινι
769 2317 826 2367 ε’ξῆ
858 2316 988 2368 λέγειν,
1019 2316 1072 2355 ὅτι

47 2376 296 2416 ἐδουλεύσαντο
315 2378 391 2429 μὲν,
421 2380 483 2416 οὐκ
502 2378 633 2430 ἤγαγον
671 2378 706 2416 δὲ
737 2381 784 2422 εἷς
803 2378 902 2430 ἔργον
935 2378 979 2416 τὰ
1011 2379 1071 2416 δό-

49 2436 174 2486 ξαντα,
197 2437 361 2489 ἀναμένει
379 2440 566 2492 πληρῶσαι
593 2439 716 2484 αὐτοὺς
743 2439 788 2478 τὰ
823 2439 1071 2492 βουλευθέντα,

48 2498 108 2536 καὶ
136 2498 213 2536 τότε
235 2498 341 2544 δεῖξαι
362 2502 475 2544 αὐτοῖς
493 2503 540 2544 ὡς
569 2501 727 2548 ἀνοήτοις
752 2503 978 2553 ἐπιχειροῦσι.
1002 2500 1073 2539 Καὶ

49 2559 181 2606 κατέὸη
193 2591 203 2608 ,
223 2561 328 2613 φησὶ,
348 2560 475 2613 Κύριος
489 2565 508 2600 ὁ
523 2562 611 2606 Θεὸς
631 2564 713 2601 ἰδεῖν
732 2562 795 2610 τὴν
810 2562 924 2610 πόλιν,
939 2562 998 2600 καὶ
1013 2561 1072 2600 τὸν

48 2619 190 2673 πύργον,
218 2621 253 2659 ὃν
276 2622 507 2674 ᾠκοδόμησαν
527 2625 558 2662 οἱ
577 2625 644 2663 υἱοὶ
663 2627 732 2663 τῶν
749 2622 955 2676 ἀνθρώπων.
974 2622 1072 2675 ιὈρα

46 2682 305 2734 φιλανθρωπίας
319 2684 527 2739 ὑπερὸολήν.
549 2685 781 2739 Συνεχώρησε
801 2691 927 2737 καμεῖν
949 2685 1072 2730 αὐτοὺς

47 2742 107 2781 καὶ
129 2745 465 2797 ταλαιπωρηθῆναι,
496 2746 552 2784 ἵνα
577 2749 647 2785 τῶν
677 2747 898 2799 πραγμάτων
921 2750 943 2793 ἦ
966 2753 1072 2800 πεῖρα

49 2802 255 2848 διδάσκαλος
273 2807 388 2850 αὐτοῖς
415 2805 570 2858 γένηται.
602 2808 674 2847 Καὶ
694 2808 813 2855 ἐπειδὴ
839 2801 926 2846 εἶδεν
949 2808 1071 2859 ἀκμά-

47 2866 170 2908 ζουσαν
189 2865 252 2911 τὴν
269 2865 407 2914 κακίαν,
418 2868 477 2906 καὶ
492 2868 554 2915 τὴν
570 2868 667 2909 νόσον
688 2867 704 2889 ¹³
716 2868 992 2920 ἐπιτεινομένην,
1011 2871 1072 2909 οὐκ

47 2927 95 2969 εἷς
121 2925 217 2970 τέλος
247 2926 402 2979 ἀφίησιν,
435 2928 526 2967 ἀλλὰ
557 2929 620 2977 τὴν
654 2930 785 2969 οἰκείαν
812 2930 1072 2982 ἐνδεικνύμενος

47 2985 269 3035 ἀγαθότητα,
302 2987 462 3040 καθάπερ
497 2990 619 3065 ἰατρὸς
649 2991 811 3042 ἄριστος,
841 2993 929 3043 ὁρῶν
958 2993 1072 3030 αὐτῶν

47 3044 279 3097 αὐξανομένην
295 3047 358 3094 τὴν
378 3048 488 3096 νόσον,
511 3050 571 3088 και
587 3050 627 3088 τὸ
645 3050 783 3096 ἕλκος’
765 3052 904 3090 ανίατον
930 3051 1071 3103 γινόμε-

48 3121 118 3154 νον,
136 3115 281 3160 ταχεῖαν
301 3115 452 3148 ποιεῖται
479 3110 542 3158 τὴν
561 3111 686 3163 τομὴν,
704 3113 760 3152 ἵνα
782 3115 962 3158 παντελως
983 3116 1071 3166 ἀφα-

49 3165 127 3218 νίσῃ
146 3167 210 3214 τὴν
233 3169 346 3208 αἰτίαν
361 3173 423 3217 τῆς
441 3171 554 3211 νόσου.
576 3173 645 3212 Καὶ
664 3177 762 3219 εἰπε,
782 3174 889 3225 φησὶ,
908 3173 1032 3225 Κύριος
1055 3177 1073 3212 ὁ

798 1339 925 1389 Κύριος
949 1343 966 1377 ὁ
989 1341 1078 1384 Θεὸς
1101 1349 1125 1378 Β

1152 672 1189 701 et
1205 668 1356 713 turrim,
1377 668 1487 718 cujus
1512 676 1629 718 caput
1662 670 1733 705 erit
1752 681 1874 719 usque
1894 670 1935 704 in
1955 667 2107 713 coelum,

1151 734 1187 762 el
1206 727 1402 775 faciamus
1437 729 1546 765 nobis
1577 731 1668 779 ipsis
1706 742 1845 765 nomen
1882 731 2111 780 priusquam

1151 786 1418 838 dispergamur
1445 801 1558 838 super
1587 796 1744 826 terram.
1778 788 1892 827 Vides
1930 789 2111 838 quomodo

1152 846 1415 898 corruptionem
1445 848 1572 885 animae
1594 862 1668 885 suae
1699 847 1833 898 ubique
1855 849 2038 887 exhibent.
2059 852 2112 888 Ec

1151 910 1399 963 (edificemus,
1421 911 1548 962 inquit,
1583 913 1693 950 nobis
1725 914 1924 950 civitatem
1946 927 1956 947 .-
1981 921 2015 950 et
2048 913 2112 951 ite-

1152 985 1232 1008 rum
1250 986 1258 1007 :
1276 973 1489 1010 Faciamus
1507 975 1722 1024 nobisipsis
1739 986 1892 1010 nomen.
1912 972 2008 1011 Vide
2023 987 2112 1024 quo-

1152 1032 1258 1071 modo
1285 1033 1391 1071 etiarn
1426 1042 1504 1086 post
1524 1034 1723 1086 generalem
1743 1033 1903 1071 omnium
1926 1033 2111 1072 inteiitum

1153 1107 1221 1131 non
1244 1094 1381 1132 minora
1399 1095 1492 1132 mala
1510 1093 1778 1146 aggrediantur.
1797 1093 1897 1140 Quid
1917 1108 1999 1145 eigo
2024 1095 2114 1132 siet“

1152 1155 1330 1206 quomodo
1346 1155 1420 1193 ab
1412 1155 1548 1194 insania
1563 1170 1626 1193 sua
1641 1155 1902 1208 reprimentur.
1894 1155 1910 1181 ⁰
1927 1155 2113 1193 Pollicitus

1151 1225 1202 1254 est
1231 1218 1343 1265 Deus,
1363 1231 1399 1255 se
1424 1231 1493 1255 non
1515 1217 1609 1255 ultra
1636 1217 1814 1254 facturum
1835 1215 2038 1266 diluvium,
2058 1217 2113 1254 ni-

1153 1277 1285 1315 mirum
1294 1277 1547 1316 misericordiae
1560 1292 1632 1316 suae
1644 1277 1936 1316 consuetudinem
1949 1291 2113 1316 servans:

1151 1339 1206 1377 illi
1225 1349 1344 1378 autem
1363 1354 1477 1391 neque
1497 1340 1608 1393 poenis
1628 1339 1884 1378 emendatiores
1917 1339 1997 1377 facti
2019 1348 2114 1389 sunt,

1154 1414 1268 1452 neque
1285 1401 1470 1439 benefieiis
1492 1401 1669 1440 meliores.
1688 1400 1782 1439 Audi
1802 1415 1880 1452 quae
1901 1410 2112 1452 sequuntur,

1152 1471 1192 1499 ut
1218 1462 1334 1501 diseas
1350 1462 1545 1501 ineffabilis
1573 1461 1827 1501 misericordiae
1845 1462 1910 1500 Dei
1931 1462 2112 1514 magnitu-

1152 1522 1287 1562 dinem.
1331 1524 1368 1562 5.
1415 1526 1469 1562 Ec
1506 1525 1720 1571 descendit,
1748 1523 1878 1575 inquit,
1918 1525 2112 1562 Dominus

1151 1585 1273 1632 Deus,
1297 1593 1339 1623 ut
1358 1586 1509 1623 videret
1529 1588 1741 1632 civitatem,
1762 1593 1798 1623 et
1818 1587 1970 1635 turrim,
1993 1599 2111 1637 quam

2153 1536 2231 1565 Nont
2249 1543 2317 1565 sunt

2126 1584 2234 1605 temere
2249 1589 2317 1606 con-

2157 1620 2316 1647 domnandi

1151 1646 1499 1700 ‹edificabantfilii
1519 1648 1734 1685 hominum.
1749 1646 1844 1686 Vide
1857 1647 2035 1698 quomodo
2047 1647 2110 1685 hu
2126 1660 2240 1693 naues
2266 1671 2317 1687 ne-

1152 1721 1257 1745 mano
1278 1722 1376 1746 more
1395 1707 1582 1760 Seiiptura
1612 1708 1786 1759 loquitur.
1822 1710 1875 1746 Et
1895 1709 2077 1747 descendi

2079 1718 2093 1747 t
2124 1712 2180 1738 que
2202 1712 2237 1728 ΕΚ
2259 1712 2315 1728 au-

2095 1740 2105 1756 '
2125 1744 2190 1770 ditu
2230 1741 2316 1780 judi-

1152 1767 1282 1818 inquit,
1304 1769 1496 1807 Dominus
1515 1770 1646 1817 Deus;
1663 1782 1732 1806 non
1762 1777 1801 1806 ut
1820 1768 1977 1806 humano
2005 1768 2110 1808 modo
2124 1784 2261 1812 candum.

1153 1828 1412 1880 intelligamus,
1433 1829 1494 1867 sed
1519 1838 1557 1867 ut
1579 1843 1641 1882 per
1668 1829 1736 1867 hoc
1764 1829 1985 1880 erudiamur,
2002 1845 2110 1869 num-

1152 1903 1260 1940 quam
1276 1899 1404 1927 temere
1414 1890 1537 1928 fratres
1548 1890 1849 1940 condemnandos,
1862 1905 1974 1942 neque
1984 1891 2111 1930 auditu

1153 1950 1226 1988 solo
1240 1950 1480 2003 judicandum
1499 1966 1587 1999 esse,
1609 1951 1676 1989 nisi
1698 1952 1864 2004 pluribus
1885 1954 2114 2004 argumentis

1151 2010 1252 2062 prius
1272 2011 1358 2048 certi
1387 2011 1593 2050 reddamur.
1618 2012 1748 2050 Omnia
1777 2012 1871 2050 enim
1895 2028 1915 2051 a
1935 2014 2010 2052 Deo
2030 2013 2110 2053 ideo

1153 2071 1257 2120 fiunt,
1271 2080 1305 2109 et
1324 2071 1370 2109 ob
1388 2072 1455 2110 hoc
1476 2081 1573 2110 tanta
1591 2072 1637 2110 ad
1659 2072 1894 2111 erudiendum
1912 2074 2111 2114 humanum

1150 2145 1261 2183 genus
1291 2132 1407 2170 utitur
1427 2133 1601 2171 sermonis
1634 2134 1942 2186 attemperatione.
1965 2137 2021 2173 Et
2047 2137 2112 2174 de-

1149 2195 1310 2243 scendit,
1331 2194 1462 2244 inquit,
1478 2196 1675 2233 Dominus
1696 2196 1818 2242 Deus,
1836 2204 1878 2234 ut
1893 2198 2045 2235 videret
2057 2201 2112 2236 ci-

1151 2256 1309 2292 vitatem
1326 2263 1361 2292 et
1386 2257 1535 2292 turrim.
1556 2254 1652 2295 Vide
1685 2255 1864 2307 quomodo
1884 2270 1956 2295 non
1988 2257 2111 2296 statim

1147 2315 1194 2353 ab
1226 2315 1330 2354 initio
1365 2315 1510 2354 illorum
1538 2316 1701 2369 reprimit
1735 2317 1924 2367 insaniam,
1943 2317 2006 2356 sed
2029 2319 2112 2357 diu-

1148 2386 1250 2415 turna
1271 2377 1416 2416 lenitate
1435 2378 1561 2425 utitur,
1583 2386 1617 2416 et
1637 2388 1818 2431 exspectat
1839 2379 1950 2417 donec
1970 2393 2111 2418 omnem

1148 2438 1321 2476 malitiam
1339 2452 1441 2477 suam
1462 2453 1568 2491 opere
1596 2438 1791 2485 declarent,
1811 2449 1844 2478 et
1863 2449 1947 2478 tunc
1965 2450 2110 2479 conatus

1147 2513 1270 2538 eorum
1295 2499 1458 2552 impedit.
1475 2501 1530 2538 Ne
1559 2501 1654 2538 enim
1670 2501 1750 2552 quis
1765 2501 1884 2539 dicere
1900 2502 2027 2554 possit,
2047 2501 2109 2539 de-

1145 2561 1315 2600 liberasse
1333 2561 1482 2613 quidem
1508 2561 1602 2606 illos,
1624 2561 1684 2599 sed
1712 2576 1790 2612 quae
1809 2561 2051 2609 decreverant,
2070 2562 2106 2600 in

1146 2636 1236 2677 opus
1265 2637 1333 2661 non
1354 2621 1563 2671 deduxisse,
1589 2622 1817 2674 praestolatur
1844 2622 1957 2661 donec
1989 2623 2108 2661 animo

1145 2683 1362 2722 destinatum
1380 2696 1470 2736 opus
1483 2682 1753 2735 aggrediantur,
1775 2692 1814 2720 ut
1836 2692 1919 2721 tune
1936 2692 2108 2722 monstret

1145 2744 1196 2783 eis
1212 2759 1319 2796 quam
1346 2744 1489 2781 inutilia
1515 2743 1734 2782 attentarint.
1752 2746 1804 2782 El
1820 2745 2031 2791 descendit,
2052 2745 2107 2783 in-

1145 2806 1236 2857 quit,
1256 2807 1452 2843 Dominus
1467 2805 1575 2842 Deus
1592 2813 1633 2842 ut
1655 2805 1806 2842 videret
1826 2807 2040 2856 civitatem,
2060 2820 2107 2844 ac
2157 2850 2165 2855 ,

1147 2869 1297 2912 turrim,
1338 2879 1458 2918 quam
1493 2866 1744 2918 aedificabant
1769 2866 1856 2918 filii
1893 2867 2104 2904 hominum.

1147 2927 1242 2966 Vide
1257 2925 1509 2965 misericordia:
1531 2926 1776 2963 excellentiam
1801 2942 1809 2962 :
1833 2927 1995 2979 permisit
2027 2927 2106 2966 illos

1147 2985 1338 3027 laboribus
1356 3001 1429 3025 sese
1459 2986 1630 3035 affligere,
1662 2995 1700 3024 ut
1730 3001 1851 3025 rerum
1889 2988 2106 3040 experientia

1146 3048 1373 3103 praeceptoris
1407 3047 1483 3084 loco
1516 3047 1588 3084 illis
1608 3056 1707 3085 esset.
1734 3047 1779 3085 Et
1812 3048 1980 3099 quoniam
2013 3049 2105 3087 vidit

1147 3110 1324 3148 malitiam
1347 3108 1574 3156 invalescere,
1597 3116 1630 3145 et
1658 3108 1825 3146 morbum
1854 3108 2001 3158 intendi,
2033 3123 2102 3148 non

1148 3185 1260 3222 usque
1279 3170 1326 3208 ad
1347 3170 1454 3207 {inem
1474 3168 1660 3220 permittit,
1676 3169 1738 3208 sed
1758 3184 1858 3209 suam
1871 3170 2027 3210 declarat
2042 3172 2104 3210 bo-

94 3301 106 3315 *
122 3291 273 3332 Quattuor
289 3293 428 3334 Mssaefiv
440 3298 584 3340 διαφορὰ-ι
600 3300 782 3332 amasinum.
797 3296 890 3329 Infra
907 3305 968 3335 πῶς
982 3304 1059 3329 ante
1095 3312 1162 3335 ται,
1179 3303 1211 3327 et
1227 3305 1288 3334 πῶς
1305 3303 1380 3337 post
1397 3299 1443 3328 ἵνα
1462 3291 1555 3325 uncis
1573 3291 1744 3336 includit]

50 3347 100 3376 ⁰31
114 3343 146 3375 in
163 3343 360 3386 quibusdam
376 3345 562 3380 Mss.deest.
574 3347 704 3381 Ibidem
721 3355 748 3382 ri
762 3351 810 3383 οὖν
824 3354 870 3383 ἵνα
886 3358 1056 3391 ymeri-mnu

50 3404 110 3433 πῶς
125 3401 170 3430 ἵνα
186 3403 412 3439 &mxxi-moaci
442 3399 557 3442 [sm-it.
582 3400 614 3433 in
632 3411 734 3444 marg.
749 3413 765 3433 e
786 3413 852 3434 var.
875 3401 949 3434 lect.
967 3408 1055 3443 γένη-

1137 3349 1152 3372 b
1177 3348 1249 3379 l'res
1266 3347 1341 3379 Mss.
1361 3350 1579 3389 strymona-qv.
