2516 3791
769 210 811 239 ΙΝ
846 209 948 238 cM‘.
989 208 1068 238 vn.

167 308 237 344 ρειν
256 290 418 337 ἠδύνατο.
441 290 525 330 Ἐπὶ
544 290 606 341 μὲν
622 290 690 343 γὰρ
708 293 777 329 τῶν
790 290 854 337 τὴν
871 291 1045 329 θάλατταν
1056 291 1182 328 πλεόν-

163 368 247 401 των,
274 352 338 390 κᾶν
363 351 407 390 τὰ
440 351 579 402 κύματα
598 354 805 404 κορυφωθῇ,
829 366 937 396 εςεστι
966 351 1026 389 καὶ
1054 353 1101 395 εἰς
1128 350 1185 388 τὸν

162 413 304 466 οὐρανὸν
338 413 580 452 ἀναὸλέποντα
610 412 777 455 πολλάκις
790 442 799 458 ,
829 412 886 450 καὶ
908 411 1059 465 κορυφὴν
1089 412 1186 465 ὄρους

163 475 389 525 θεασάμενον,
406 474 465 512 καὶ
475 474 576 512 πόλιν
597 473 736 525 μακρὰν
754 473 1042 511 κατοπτεύσαντα
1056 472 1184 523 μικράν

162 552 240 574 τινα
259 535 474 588 παραψυχὴν
488 534 609 573 λαὸεῖν
621 550 629 558 ·
647 537 677 572 εἰ
699 534 735 573 δὲ
764 533 871 577 πολὺς
898 534 959 572 καὶ
978 533 1150 585 ἀφόρητος
1168 537 1186 571 ὁ

165 595 298 648 χειμὼν
325 596 481 647 γένοιτο,
500 597 535 634 ἐν
553 596 636 635 δέκα
665 595 688 641 ἢ
707 596 814 648 ὀλίγῳ
841 594 996 633 πλείοσιν
1015 593 1163 645 ἡμέραις
1176 622 1185 639 ,

164 658 224 696 καὶ
257 656 349 708 μετὰ
375 656 454 700 τοὺς
481 656 628 700 πολλοὺς
647 658 824 708 χειμῶνας
842 655 990 697 ἐκείνους
1017 654 1077 693 καὶ
1107 653 1186 698 τοὺς

165 718 340 762 κινδύνους
351 748 360 765 ,
372 720 420 761 εἷς
435 717 498 764 τὴν
512 720 576 768 γῆν
593 716 787 769 ἐκριφέντες
798 747 808 764 ,
818 716 878 754 καὶ
890 715 1013 767 μικρὸν
1028 714 1184 762 ἀνέντες,

163 779 304 818 πάντων
335 779 473 817 ἐκείνων
500 782 569 816 τῶν
597 779 762 829 λυπηρῶν
790 776 900 823 λήθην
932 775 1182 826 λαμὸάνουσιν.

164 839 336 877 Ἐνταῦθα
356 838 392 877 δὲ
411 838 507 877 οὐδὲν
524 842 674 884 τοιοῦτο,
695 837 773 875 ἀλλ’
794 837 851 876 ἐπὶ
867 836 1020 874 ἐνιαυτὸν
1040 835 1184 882 ὁλόκλη-
1208 842 1232 873 Ε

165 913 221 951 ρον
243 899 284 938 τὸ
302 899 419 937 καινὸν
440 899 500 937 καὶ
530 898 621 943 ξένον
649 898 735 951 ᾤκει
756 897 1010 950 δεσμωτήριον,
1030 896 1106 935 οὐδὲ
1125 897 1184 934 τὸν

163 960 250 1013 ἀέρα
280 961 491 999 ἀναπνεῦσαι
510 959 710 1010 δυνάμενος.
742 960 824 1003 Πῶς
849 958 940 1011 γὰρ,
965 958 1184 1010 πανταχόθεν

162 1021 426 1072 ἠσφαλισμένης
443 1024 505 1067 τῆς
524 1020 673 1058 κιὸωτοῧ
686 1037 695 1067 ;
709 1021 791 1063 Πῶς
806 1019 986 1072 ἀντέσχεν,
1009 1020 1085 1058 εἶπέ
1105 1035 1184 1070 μοι,

163 1085 236 1126 πῶς
264 1083 441 1134 διήρκεσεν
457 1099 466 1129 ;
485 1084 529 1120 Εἰ
549 1081 618 1135 γὰρ
642 1082 711 1120 ἀπὸ
735 1081 877 1133 σιδήρου
897 1081 957 1119 καὶ
987 1081 1185 1132 ἀδάμαντος

164 1145 279 1187 αὐτοῖς
297 1143 515 1190 συνειστήκει
532 1143 576 1181 τὰ
595 1143 764 1193 σώματα,
791 1146 865 1187 πῶς
896 1142 936 1180 ἂν
964 1143 1183 1189 ἠδυνήθησαν

165 1204 255 1255 μήτε
283 1205 382 1256 ἀέρος
413 1205 645 1249 ἀπολαύοντες
665 1205 754 1254 μήτε
778 1205 905 1253 ἀνέμου
920 1233 930 1250 ,
959 1203 991 1243 οἳ
1009 1207 1069 1242 τοῦ
1089 1203 1188 1256 ἀέρος

163 1268 226 1304 οὐκ
243 1266 384 1304 ἔλαττον
402 1266 445 1304 τὰ
459 1265 608 1316 σώματα
621 1266 776 1319 ἡμέτερα
796 1265 1058 1312 ἀνακτήσασθαι
1076 1264 1186 1317 πεφύ-

164 1343 246 1365 κασι
257 1357 267 1374 ‚
286 1326 374 1377 μήτε
386 1326 463 1370 τοὺς
481 1325 679 1378 ὀφθαλμοὺς
696 1326 1003 1378 ἑστιᾶσαιέχοντες
1020 1325 1106 1378 πρὸς
1120 1325 1185 1371 τὴν

1106 207 1268 237 GENES.
1304 207 1459 237 nomn„
1500 208 1612 238 XXV.

2118 213 2205 258 277

1257 299 1426 342 spectare,
1440 290 1561 342 sicque
1575 289 1793 343 aliquantam
1813 292 2089 332 consolationem
2108 307 2208 345 cape-

1257 364 1313 400 re;
1326 350 1424 401 quod
1435 351 1462 390 si
1480 353 1623 403 gravior
1637 362 1672 391 ct
1683 352 1941 391 intolerabilior
1956 354 2063 391 suerit
2080 363 2208 406 tempe—

1257 421 1343 462 stas,
1364 422 1443 465 post
1470 413 1593 452 decem
1616 415 1673 454 vel
1692 415 1798 467 paulo
1819 415 1939 467 plures
1966 415 2057 461 dies,
2079 424 2112 454 et
2133 425 2212 467 post

1259 474 1390 511 multas
1412 474 1492 513 illas
1524 484 1746 528 tempestates
1765 485 1799 514 et
1821 476 1991 528 pericula,
2024 476 2060 514 in
2081 485 2211 514 terram

1256 535 1370 586 ejecti,
1386 545 1419 573 et
1438 537 1626 588 paululum
1646 537 1780 587 resecti,
1799 537 1960 576 omnium
1978 537 2121 575 illarum
2138 552 2212 576 mo·

1255 595 1440 634 lestiarum
1462 598 1739 637 obliviscuntur.
1776 600 1842 637 llic
1871 609 1989 638 autem
2012 600 2103 638 nihil
2126 600 2209 650 tale,

1256 654 1318 692 sed
1333 670 1426 694 anno
1445 666 1518 696 toto
1537 672 1672 697 novum
1686 668 1719 698 et
1738 660 2075 712 stupendumillum
2093 675 2210 700 carce-

1259 729 1334 753 rem
1353 716 1593 768 inhabitabat,
1613 733 1727 771 neque
1744 735 1859 760 acrem
1882 724 2056 776 respirare
2074 725 2207 763 valens.

1259 777 1450 822 Quomodo
1478 778 1575 817 enim
1608 781 1804 832 potuisset,
1831 798 1913 822 cum
1947 785 2105 836 undique
2131 800 2212 824 arca

1259 837 1378 876 clausa
1396 839 1511 877 esset?
1526 840 1729 889 Quomodo,
1746 857 1877 893 quaeso,
1896 846 2052 883 restitit?
2065 861 2212 896 quomo-

1257 894 1304 934 do
1330 895 1507 937 duravit?
1536 899 1629 937 Nam
1648 899 1677 938 si
1696 901 1810 939 ferrea
1829 910 1862 940 et
1882 901 2111 942 adamantina
2139 904 2212 942 illis

1257 956 1406 996 fuissent
1425 972 1588 1012 corpora,
1603 962 1783 1011 quomodo
1801 963 2011 1014 potuissent,
2025 965 2086 1015 qui
2100 979 2213 1015 nequo

1259 1030 1337 1055 acre
1348 1018 1557 1057 fruebantur
1568 1034 1681 1071 neque
1692 1023 1876 1073 vento‚qui
1891 1037 1959 1062 non
1973 1025 2091 1063 minus
2103 1039 2211 1080 quam

1258 1092 1318 1115 aer
1331 1078 1377 1116 ad
1392 1079 1625 1119 refocillanda
1644 1096 1791 1135 corpora
1807 1092 1926 1122 nostra
1943 1085 2056 1123 finctus
2071 1095 2136 1135 cst,
2155 1100 2212 1123 ne-

1259 1153 1326 1189 que
1345 1141 1466 1179 oculos
1485 1156 1628 1193 pascere
1647 1153 1825 1195 poterant,
1845 1155 1907 1183 aut
1926 1146 2016 1193 caeli,
2034 1156 2095 1184 aut
2112 1157 2212 1186 terra:

1258 1200 1406 1239 floribus
1426 1202 1530 1253 pictae
1551 1205 1781 1256 spectaculo?
1798 1207 1989 1254 Quomodo
2010 1222 2080 1246 non
2096 1223 2212 1248 cxcae-

1257 1266 1328 1304 cati
1349 1267 1444 1305 oculi
1463 1281 1600 1318 eorum,
1620 1270 1683 1320 qui
1700 1269 1837 1308 tamdiu
1859 1271 1909 1309 ibi
1927 1274 2102 1324 egerunt?
2116 1274 2163 1311 Et
2183 1274 2213 1312 si

1258 1333 1424 1373 humanis
1438 1336 1638 1374 rationibus
1656 1339 1732 1376 haec
1749 1337 2014 1391 deprehendere
2031 1340 2212 1388 volumus,

164 1393 224 1426 τοῦ
241 1390 384 1440 Οὐρανοῦ
399 1387 492 1434 (θέαν,
508 1386 531 1432 ἢ
550 1387 636 1440 πρὸς
650 1387 713 1433 τὴν
728 1389 798 1425 τῶν
818 1389 929 1425 ἀνθῶν
948 1390 1017 1425 τῶν
1038 1387 1108 1425 ἀπὸ
1123 1389 1185 1432 Τῗις
1198 1419 1247 1444 2³7
1259 1407 1291 1436 et
1313 1398 1404 1437 illud
1425 1399 1670 1451 cogitandum,
1696 1401 1791 1441 unde
1812 1403 1971 1441 fluvialis
1990 1413 2023 1441 et
2044 1405 2212 1456 potabilis

164 1451 227 1499 γῆς
248 1448 445 1497 ποικιλίαν,
467 1449 549 1491 Πῶς
569 1448 603 1486 δὲ
619 1448 698 1500 οὐχὶ
720 1447 778 1486 καὶ
798 1446 1098 1499 ἀπετυφλώθησαν
1122 1448 1184 1492 τὰς
1208 1458 1234 1486 A

163 1509 256 1560 ἅψεις
275 1508 333 1547 ἐπὶ
351 1512 512 1547 τοσοῦτον
533 1507 625 1546 οὕτω
652 1508 847 1560 διάγοντες,
868 1508 938 1546 Καὶ
958 1511 988 1546 εἰ
1007 1508 1185 1561 ἀνθρωπί-

163 1584 232 1612 νοις
246 1570 425 1620 λογισμοῖς
442 1573 553 1607 ταῧτα
572 1574 586 1590 ‘¹
601 1569 852 1620 βουληθείημεν
871 1573 1101 1620 καταμαθεῖν,
1121 1573 1184 1608 κά-

163 1636 256 1668 κεῖνο
275 1630 326 1668 δεῖ
354 1629 654 1677 ἐννοῆσαι,πόθεν
682 1629 805 1673 ὕδατος
835 1630 985 1680 ποτίμου
1013 1629 1182 1682 χορηγίαν

162 1692 264 1743 ἔσχον
279 1693 314 1729 ἐν
330 1694 373 1743 τῇ
392 1691 532 1743 κιὸωτῷ
553 1691 739 1742 διάγοντες.
756 1692 826 1730 Καὶ
846 1691 904 1729 ἵνα
928 1694 1038 1729 ταῦτα
1057 1695 1160 1744 παρῶ
1172 1723 1183 1740 ,

163 1755 237 1796 πῶς
252 1753 406 1799 ἠδυνήθη
426 1755 444 1790 ὁ
468 1752 599 1796 δίκαιος
614 1748 711 1796 οὗτος
733 1751 822 1802 μετὰ
835 1755 905 1790 τῶν
925 1755 1008 1790 υἱῶν
1028 1753 1087 1790 καὶ
1114 1756 1183 1791 τῶν

164 1816 337 1864 γυναικῶν
356 1813 419 1860 τὴν
441 1812 530 1864 μετὰ
548 1815 617 1850 τῶν
637 1813 771 1864 ἀλόγων
794 1813 853 1850 καὶ
871 1815 940 1851 τῶν
971 1813 1098 1866 θηρίων
1124 1814 1185 1853 καὶ

165 1876 232 1911 τῶν
269 1875 400 1911 λοιπῶν
442 1876 582 1920 πτηνῶν
620 1872 837 1924 ἀνασχέσθαι
871 1872 1068 1923 διαγωγήν,
1110 1877 1184 1918 πῶς

164 1934 287 1984 ἤνεγκε
308 1933 370 1979 τὴν
398 1933 586 1980 δυσιι)δίαν;
602 1937 676 1977 πῶς
699 1933 868 1985 ἠνέσχετο
890 1933 953 1980 τὴν
975 1933 1036 1972 σὺν
1070 1937 1183 1978 αὐτοῖς

164 1994 318 2042 οἴκησιν;
340 1994 410 2032 Καὶ
437 1994 469 2032 τί
492 1998 601 2032 ταῦτα
630 1994 744 2045 λέγω,
764 1996 847 2038 Πῶς
877 1994 966 2033 αὐτὰ
998 1994 1042 2033 τὰ
1072 1996 1182 2044 ἄλογα

164 2055 317 2102 ἠδυνήθη
338 2058 528 2107 ἀντισχεῖν,
547 2055 606 2093 καὶ
629 2055 677 2106 μὴ
699 2057 932 2108 διαφθαρῆναι
964 2059 999 2095 ἐν
1028 2056 1182 2108 τοσούτῳ

164 2116 268 2166 μήκει
283 2116 428 2168 χρόνου,
446 2116 536 2167 μήτε
550 2117 648 2168 ἀέρος
662 2117 794 2156 σπάσαι
809 2118 984 2168 δυνάμενα
995 2147 1004 2164 ,
1019 2117 1112 2168 μήτε
1125 2133 1181 2155 κι-

162 2177 327 2227 νούμενα,
348 2179 425 2216 ἀλλ’
447 2180 482 2216 ἐν
507 2178 558 2216 ἑνὶ
587 2178 684 2231 τόπῳ
699 2179 950 2231 καθειργμένα,
968 2178 1062 2217 ’‘lo-re
1090 2178 1179 2232 γὰρ,
1206 2191 1229 2221 Β

163 2239 254 2285 ἴστε,
275 2239 327 2277 ὅτι
346 2239 406 2277 καὶ
426 2239 483 2277 ἐπὶ
512 2243 575 2286 τῆς
593 2239 767 2291 ἡμετέρας
796 2238 929 2291 φύσεως
949 2239 1008 2278 καὶ
1037 2240 1096 2278 ἐπὶ
1118 2243 1181 2286 τῆς

161 2301 228 2337 π’ὖν
245 2299 394 2350 ἀλόγων,
415 2299 478 2338 κᾶν
498 2300 597 2352 ἀέρος
612 2300 858 2350 ἀπολαύωμεν,
878 2301 943 2339 κᾶν
967 2305 1035 2340 τῶν
1064 2303 1180 2341 ἄλλων

161 2360 338 2407 ἁπάντων,
358 2361 522 2408 διηνεκῶς
544 2360 579 2400 δὲ
598 2362 648 2399 ἑνὶ
673 2361 770 2414 τόπῳ
790 2354 884 2412 ῶμεν
908 2362 1182 2414 συγκεκλεισμέ-

160 2436 229 2468 νοι,
242 2419 338 2458 οὐδὲν
356 2421 395 2459 τὸ
414 2421 545 2460 κωλύον
562 2422 754 2462 ἀπολέσθαι
767 2423 826 2460 καὶ
843 2424 1088 2476 διαφθαρῆναι.
1105 2425 1180 2462 Πό-

163 2485 217 2519 θεν
240 2476 298 2519 οῧν
316 2481 470 2527 ἠδυνήθη
485 2482 653 2526 δ’δίκαιος
672 2477 770 2526 οὗτος
792 2483 880 2534 μετὰ
896 2484 1036 2522 πάντων
1060 2487 1129 2523 τῶν
1145 2487 1179 2524 ἐν

161 2544 204 2593 τῇ
233 2541 372 2594 κιὸιιπῷ
400 2548 559 2582 τοσοῦτον
591 2544 772 2596 διαρκέσαι
805 2544 929 2597 χρόνον
936 2561 946 2592 ;
976 2546 1179 2596 Οὐδαμόθεν

161 2603 325 2655 ἑτέρωθεν
344 2602 366 2649 ἢ
388 2605 458 2643 ἀπὸ
475 2607 537 2650 τῆς
552 2606 678 2644 ἄνωθεν
704 2610 812 2658 ῥοπῆς
839 2611 903 2654 τῆς
930 2607 1046 2645 πάντα
1077 2608 1182 2646 δυνα-

162 2664 279 2714 μένης.
301 2666 392 2704 Αὖτὸ
410 2664 478 2719 γὰρ
492 2666 532 2704 τὸ
549 2665 613 2712 τὴν
633 2666 781 2706 κιὸωτὸν
796 2662 863 2706 ῶδε
882 2670 1025 2707 κάκεῖσε
1041 2685 1180 2722 περιφε-

163 2725 309 2776 ρομένην
335 2725 384 2776 μὴ
404 2731 724 2775 καταποντισθῆναι
745 2730 812 2767 ὑπὸ
831 2732 893 2775 τῆς
922 2729 1093 2777 τοσαύτης
1110 2732 1179 2768 τῶν
1203 2749 1226 2778 C

161 2786 294 2824 ὑδάτων
316 2795 441 2839 φορᾶς,
455 2789 589 2833 οὐδενὸς
603 2789 698 2834 ὄντος
713 2794 773 2829 τοῦ
794 2792 1047 2845 κυὸερνῶντος,
1067 2793 1105 2830 οὐ
1118 2794 1180 2838 τῆς

162 2847 288 2885 ἄνωθεν
307 2848 425 2899 γέγονε
450 2851 578 2901 ῥοπῆς,
598 2851 690 2890 Οὐδὲ
709 2852 777 2905 γὰρ
796 2852 888 2904 ἔχεις
916 2854 1038 2900 εἰπεῖν,
1064 2852 1118 2891 ὅτι
1145 2855 1179 2891 ἐν

162 2908 281 2946 πλοίου
306 2910 464 2961 σχήματι
481 2905 540 2957 ἦν,
556 2914 603 2954 ὡς
623 2912 785 2952 δύνασθαι
802 2913 909 2966 τέχνῃ
939 2915 1006 2952 τινὶ
1026 2918 1180 2966 ἡνιοχεῖν

160 2971 268 3014 αὐτῆς
279 2969 342 3016 τὴν
354 2971 508 3022 πορείαν.
526 2972 685 3017 Κιὸωτὸς
694 2968 736 3021 ἦν
752 2974 921 3013 πάντοθεν
938 2975 1178 3027 πεφραγμένη·

160 3031 217 3069 καὶ
235 3030 291 3069 διὰ
304 3032 344 3069 τὸ
362 3032 572 3084 πρόσταγμα
590 3039 650 3073 τοῦ
668 3035 899 3088 δημιουργοῦ,
912 3037 950 3073 οὖ
962 3035 1065 3085 μόνον
1082 3036 1179 3075 οὐδὲν

161 3091 267 3139 αὐτὴν
287 3093 484 3144 ἐλυμήνατο
501 3098 522 3141 ἡ
542 3097 610 3133 τῶν
629 3095 764 3134 ὑδάτων
779 3096 868 3148 φορὰ
881 3126 891 3142 ,
911 3096 1001 3134 ἀλλὰ
1019 3096 1079 3135 καὶ
1095 3099 1181 3149 ὑψη-

159 3151 285 3205 λοτέρα
317 3155 483 3205 γενομένη
512 3158 546 3194 ἐν
574 3157 688 3208 πολλῇ
719 3156 894 3209 ἀσφαλείᾳ
925 3157 1074 3206 καθίστη
1104 3157 1182 3201 τοὺς

162 3217 387 3260 ἐνοικοῦντας.
415 3217 530 3257 εὈταν
555 3212 612 3257 οῧν
644 3223 662 3258 ὁ
690 3220 779 3263 Θεὸς
805 3220 999 3271 ἐργάσηταί
1023 3237 1075 3268 τι,
1097 3223 1181 3271 ἀγα-

163 3278 274 3326 πητὲ,
297 3277 345 3327 μὴ
365 3278 487 3328 βούλου
506 3281 686 3331 λογισμοῖς
707 3283 934 3331 ἀνθρωπίνοις
950 3281 1118 3327 ἐξετάζειν
1140 3283 1182 3320 τὰ

213 3427 217 3429 -
244 3407 344 3442 Savil.
363 3417 395 3441 et
411 3410 556 3454 quinque,
574 3412 639 3443 310:
672 3418 884 3457 postqt‘w'sflt:
913 3431 938 3448 4.
957 3418 1101 3447 ιμιιέίιΗ

1257 1481 1358 1518 aquae
1378 1469 1517 1521 copiam
1546 1469 1727 1508 habebant
1748 1471 1784 1509 in
1811 1485 1890 1509 arca
1910 1472 2083 1511 viventes.
2108 1473 2155 1511 Et
2173 1484 2213 1512 ut

1257 1535 1334 1573 haec
1345 1545 1564 1588 praeteream,
1587 1538 1767 1588 quomodo
1787 1539 1903 1591 potuit
1915 1541 2036 1592 justus
2050 1541 2112 1579 illc
2132 1556 2213 1580 cum

1259 1601 1344 1640 filiis
1357 1611 1390 1640 et
1401 1603 1575 1642 uxoribus
1586 1604 1889 1643 conversationem
1901 1620 1982 1644 cum
1994 1607 2076 1645 feris
2087 1617 2120 1646 et
2133 1609 2216 1648 aliis

1258 1670 1474 1709 animalibus
1490 1672 1603 1710 serre?
1623 1673 1800 1724 quomodo
1821 1674 1903 1712 tulit
1922 1675 2105 1714 foetorem?
2125 1691 2212 1728 quo-

1259 1738 1365 1777 modo
1393 1739 1475 1777 tulit
1497 1740 1826 1780 cohabitationem?
1846 1742 1893 1780 Et
1923 1757 1987 1781 cur
2008 1744 2074 1782 ista
2101 1744 2213 1784 dico?

1260 1804 1453 1852 Quomodo
1471 1806 1576 1843 bruta
1603 1807 1679 1858 ipsa
1706 1816 1898 1859 potuerunt
1926 1808 2070 1859 durare,
2088 1820 2122 1848 et
2142 1825 2212 1850 non

1258 1872 1375 1923 perire
1390 1872 1427 1909 in
1448 1881 1543 1910 tanta
1558 1874 1726 1926 temporis
1743 1874 1981 1926 longitudine,
2003 1891 2082 1927 quae
2101 1892 2213 1929 neque

1258 1953 1375 1978 aerem
1401 1941 1579 1978 attrahere
1593 1941 1772 1991 valebant,
1792 1956 1906 1992 neque
1921 1944 2074 1990 mox-eri,
2096 1944 2210 1983 sedin

1258 2019 1328 2043 uno
1347 2006 1425 2045 loco
1443 2007 1836 2046 coercebantufflScitis
1852 2008 1958 2057 enim,
1972 2018 2006 2046 ct
2021 2010 2133 2061 probe
2144 2011 2211 2049 sci-

1256 2073 1301 2110 tis
1320 2073 1426 2110 talem
1443 2087 1516 2111 esse
1529 2083 1685 2111 nostram
1701 2073 1962 2126 brutorumque
1976 2085 2155 2127 naturam,
2173 2087 2212 2115 ut

1257 2140 1394 2179 etiamsi
1408 2154 1488 2179 aere
1502 2142 1676 2191 fruamur,
1690 2142 1840 2193 aliisque
1853 2143 2030 2193 omnibus,
2046 2145 2211 2184 continuo

1256 2215 1374 2243 autem
1390 2206 1425 2244 in
1443 2221 1514 2244 uno
1530 2207 1609 2246 loco
1627 2207 1739 2246 simus
1756 2208 1899 2260 inclusi,
1919 2210 2008 2247 nihil
2023 2210 2211 2263 prohibeat

1255 2274 1446 2325 quominus
1466 2289 1666 2328 pereamus.
1689 2276 1794 2314 Unde
1814 2277 1926 2329 igitur
1957 2278 2075 2331 potuit
2091 2280 2210 2331 justus

1254 2356 1336 2380 cum
1348 2343 1515 2382 omnibus
1530 2343 1639 2395 quiin
1655 2358 1735 2382 arca
1746 2354 1962 2395 erant‚tanto
1977 2345 2108 2385 durare
2122 2357 2209 2386 tem-

1253 2412 1364 2464 pore?
1380 2412 1459 2450 Non
1479 2411 1626 2450 aliunde
1647 2426 1755 2462 quam
1774 2426 1819 2450 ex
1838 2427 1989 2465 superna
2011 2415 2137 2465 gratia,
2151 2415 2208 2453 eui

1254 2478 1371 2517 omnia
1392 2488 1475 2516 sunt
1488 2478 1686 2530 possibilia.
1703 2481 1828 2517 Annon
1842 2494 1961 2518 arcam
1979 2481 2063 2519 hinc
2077 2491 2110 2520 et
2126 2482 2208 2521 inde

1255 2545 1406 2596 moveri,
1428 2554 1461 2583 et
1490 2559 1561 2583 non
1587 2545 1768 2597 submergi
1788 2561 1807 2583 a
1827 2554 1923 2584 tanta
1956 2562 2132 2598 aquarum
2158 2551 2207 2598 vi,

1255 2627 1337 2652 cum
1352 2614 1474 2651 nullus
1489 2621 1576 2650 esset
1591 2613 1818 2662 gubernator,
1829 2627 1988 2666 supernae
2002 2625 2077 2653 erat
2099 2617 2205 2668 opis?

1255 2685 1332 2722 Non
1355 2682 1449 2720 enim
1469 2680 1588 2719 dicere
1606 2689 1705 2731 potes
1722 2681 1832 2719 fuisse
1852 2696 1970 2721 arcam
1991 2684 2036 2721 ad
2059 2686 2206 2725 modum

1254 2747 1367 2793 navis,
1385 2755 1423 2783 ut
1438 2755 1513 2784 arte
1527 2744 1683 2796 quadam
1698 2746 1795 2783 illius
1815 2747 1881 2784 iter
1904 2747 2012 2799 dirigi
2036 2751 2203 2801 potuerit.

1256 2816 1347 2851 Arca
1377 2820 1451 2849 erat
1480 2811 1638 2862 undique
1669 2813 1869 2850 munitazet
1898 2824 2044 2866 propter
2069 2830 2203 2867 praece-

1254 2888 1356 2931 ptum
1376 2877 1596 2925 Condhoris,
1610 2891 1678 2915 non
1698 2878 1812 2916 solum
1826 2893 1901 2917 eam
1919 2880 2045 2919 laedcrc
2061 2896 2128 2920 non
2145 2897 2203 2935 po-

1256 2945 1322 2983 tuit
1350 2959 1525 2997 aquarum
1557 2945 1724 2997 impetus,
1759 2945 1819 2984 scd
1853 2955 1886 2984 et
1918 2948 2107 2987 sublimior
2134 2950 2207 2988 illis

1254 3015 1345 3052 sacta
1369 3013 1607 3050 inhabitantes
1637 3011 1832 3055 admodum
1859 3028 1999 3053 securos
2028 3015 2200 3054 reddidit.

1255 3080 1409 3129 Quando
1441 3077 1535 3116 enim
1566 3079 1662 3116 Deus
1689 3089 1855 3132 operatur
1884 3081 2036 3132 aliquid,
2059 3082 2200 3128 dilecte,

1254 3147 1326 3186 noli
1351 3147 1507 3184 humana
1537 3145 1806 3184 ratiocinatione
1829 3147 1906 3198 ejus
1937 3161 2042 3198 opera
2070 3149 2224 3198 cmliii-⁸

1254 3294 1448 3329 numquam
1472 3288 1580 3330 potest
1613 3279 1764 3316 humana
1797 3279 1962 3326 cogitatio
1985 3280 2155 3331 attingere
2176 3290 2205 3318 ot

2258 3091 2407 3116 Cum—aton:

2217 3137 2343 3157 notrum
2360 3133 2406 3156 in·

2215 3173 2408 3211 ‹unqu-:lien-

1254 3228 1354 3252 rere:
1378 3211 1628 3250 transcendunt
1659 3211 1752 3249 enim
1785 3221 1935 3250 mentem
1970 3222 2139 3258 nostran»,
2171 3216 2321 3251 mutum.
