2516 3791
87 1779 156 1808 Act.
174 1788 201 1817 7.
222 1788 251 1808 2.

274 118 372 173 Υ[Γιο
705 127 742 157 s.

284 212 346 251 sed
368 212 483 255 multo
502 208 745 259 abundantior
759 208 936 246 bonorum
962 217 1110 256 operum
1134 201 1235 253 copia

286 272 433 311 manat?
454 272 558 310 Sicut
576 270 672 309 enim
689 278 848 307 catenam
862 264 1052 316 quamdam
1073 275 1232 307 auream,

286 335 336 373 sic
362 334 439 385 ejus
464 332 653 370 historiam
674 331 710 367 in
726 329 912 378 Scriptura
934 324 1060 361 divina
1079 321 1234 359 recensi-

782 123 965 156 JOANNIS
999 121 1238 153 CHRYSOST.
1278 118 1483 151 ARCHIEP.
1523 120 1880 151 CONSTANTINOP.

1309 200 1589 252 κατορθωμάτων
1614 201 1796 253 ἀρύονται,
1818 203 1878 240 καὶ
1897 204 1935 241 οὖ
1957 203 2058 253 μόνον
2077 205 2138 242 οὐκ
2157 204 2329 243 ἐκένωσαν

1308 258 1353 296 τὰ
1372 258 1524 307 νάματα,
1557 260 1633 296 ἀλλ’
1666 260 1723 297 ἐπὶ
1756 262 1874 299 πλεῖον
1907 261 2092 305 ἀναὸλύζει
2117 265 2187 300 τῶν
2207 262 2330 301 τούτου

1310 318 1590 368 κατορθωμάτων
1610 322 1631 364 ἡ
1652 319 1852 372 περιουσία,
1870 319 2012 373 (Ὠσπερ
2029 321 2097 373 γὰρ
2118 322 2235 373 σειράν
2253 338 2332 359 τινα

288 404 358 432 tam
374 393 618 439 inveniemu53
649 404 690 427 ac
711 387 861 439 singulis
883 382 1104 435 temporibus
1119 380 1236 433 primo
1261 388 1286 417 D
1309 381 1458 429 χρυσῆν,
1475 378 1583 421 οὕτως
1598 380 1824 430 ἡρμοσμένην
1841 381 2032 432 εὑρήσομεν
2048 381 2112 428 τὴν
2133 383 2210 420 κατ’
2233 383 2333 420 αὐτὸν

287 455 389 492 illum
420 454 648 491 observamus
666 461 757 485 verae
779 443 1015 498 philosophiae
1042 440 1236 493 specimina

289 515 527 557 exhibentem,
548 509 736 558 statimque
755 513 957 556 sequentem
981 502 1050 540 Dei
1073 514 1237 539 remune-

288 575 470 612 rationem.
490 571 535 608 Et
551 578 590 606 ut
604 567 752 605 discatis
767 567 814 604 ita
825 579 861 603 se
876 579 950 603 rem
962 563 1108 609 habere,
1122 575 1236 613 operae

288 634 441 686 pretium
472 630 578 667 fuerit
610 628 719 681 paulo
747 626 855 674 altius
884 623 1041 664 breviter
1058 623 1163 661 vobis
1183 635 1238 659 res

288 695 363 745 ejus
390 704 583 739 recensere,
600 698 637 726 ut
667 687 784 726 sciatis
800 686 967 724 eximiam
992 684 1080 737 justi
1112 682 1235 728 fidem,

288 767 397 804 quam
428 752 520 790 circa
550 749 801 803 promissiones
836 747 978 785 divinas
1011 744 1176 792 ostendit,
1207 752 1240 781 et

288 813 434 864 benigni
451 812 516 850 Dei
529 810 779 848 retributiones
795 808 943 859 largiter
962 806 1028 858 ipsi
1047 817 1238 843 concessas.

287 874 433 912 Sufficit
450 872 545 911 enim
564 870 726 908 unusille
738 870 870 921 justus,
885 877 924 904 ut
940 880 1060 904 omnes
1076 879 1138 903 nos
1157 878 1239 902 eru-

288 934 378 981 diat,
399 947 469 984 quo
503 931 666 970 alacriter
685 928 935 981 aggrediamur
954 926 1100 965 virtutis
1128 933 1239 963 certa-

288 995 400 1044 mina,
437 992 654 1032 confidentes
687 989 849 1042 supernis
877 986 1236 1035 remunerationibus,

289 1066 323 1094 et
339 1055 487 1094 scientes
499 1051 737 1092 misericordis
755 1049 899 1088 Domini
913 1048 1023 1086 nostri
1044 1047 1239 1085 liberalita-

288 1125 372 1163 tem,
388 1115 506 1153 omnia
526 1128 604 1162 quse
619 1112 709 1150 dura
723 1120 755 1149 et
768 1109 879 1148 ardua
894 1110 929 1147 in
942 1109 1010 1146 hac
1025 1107 1100 1145 vita
1112 1107 1238 1145 vitlen-
1264 1112 1288 1142 E

289 1186 360 1225 tur,
385 1190 446 1228 spe
470 1173 796 1212 remunerationum
816 1171 964 1208 libenter
988 1168 1237 1220 suscipiamus.

263 1267 266 1269 .
290 1233 472 1272 Attendite
499 1233 631 1283 itaque,
662 1231 818 1278 obsecro,
841 1228 1020 1280 quomodo
1052 1228 1097 1265 ab
1118 1227 1237 1275 initio,

289 1303 479 1346 postquam
509 1293 628 1330 indole
656 1306 718 1329 sua
750 1300 782 1328 et
814 1290 918 1328 insita
951 1299 1084 1327 naturae
1113 1297 1239 1326 nostrae

289 1354 433 1392 scientia
451 1354 540 1391 bene
555 1367 639 1390 usus
657 1361 720 1400 est,
737 1352 874 1389 nullum
892 1360 1077 1388 externum
1095 1349 1239 1387 sortitus

289 1415 486 1464 doctorem,
500 1413 560 1451 sed
573 1422 606 1450 et
618 1413 663 1450 ab
677 1411 880 1449 infidelibus
892 1411 1098 1463 parentibus
1109 1410 1239 1447 educa-

289 1485 364 1525 tus,
387 1475 513 1513 divina
539 1473 761 1525 apparitione
786 1473 919 1524 potitus
944 1481 1006 1510 est.
1027 1473 1119 1510 Nam
1155 1470 1238 1521 quia

288 1536 404 1587 prima
421 1544 521 1572 aetate
535 1547 603 1571 non
620 1542 791 1583 sequutus
804 1541 855 1569 est
870 1545 1026 1569 errorem
1039 1540 1238 1582 paternum,

1311 438 1471 488 διήγησιν
1499 438 1558 476 ἐπὶ
1583 442 1646 484 τῆς
1671 439 1763 482 θείας
1782 441 1925 492 Γραφῆς
1957 441 2119 490 κειμένην
2138 457 2146 465 ·
2172 442 2231 479 καὶ
2256 443 2332 479 καθ’

1312 498 1457 536 ἕκαστον
1476 499 1596 550 καιρὸν
1613 499 1780 552 πρότερον
1800 500 1861 551 μὲν
1878 501 1976 539 αὐτὸν
1994 502 2271 552 ἐπιδεικνύμενον
2290 501 2335 539 τὰ

1311 563 1374 606 τῆς
1394 559 1521 602 οἰκείας
1541 560 1759 612 φιλοσοφίας,
1787 561 1961 611 ἑπομένην
1981 560 2017 599 δὲ
2035 565 2254 614 παραχρῆμα
2275 562 2335 599 καὶ

1312 620 1375 667 τὴν
1396 620 1493 672 παρὰ
1523 624 1582 657 τοῦ
1615 622 1707 659 Θεοῦ
1732 620 1899 671 ἀμοιὸήν.
1930 620 2000 659 Καὶ
2029 620 2086 659 ἵνα
2114 622 2248 672 μάθητε
2283 623 2335 660 ὅτι

1312 681 1421 725 οὕτως
1453 682 1545 733 ἔχει,
1572 683 1759 732 ἀναγκαῖον
1779 682 1907 719 ἄνωθεν
1933 684 2015 730 ὑμῖν
2044 682 2132 732 μετὰ
2150 682 2336 732 συντομίας

1312 742 1357 780 τὰ
1376 745 1454 780 κατ’
1484 743 1586 781 αὐτὸν
1617 743 1867 793 διηγήσασθαι,
1887 742 1942 781 ἵνα
1964 745 2077 789 εἰδῆτε
2107 743 2166 781 καὶ
2193 748 2252 782 τοῦ
2285 744 2334 781 δι-

1313 803 1413 842 καίου
1430 804 1493 850 τὴν
1519 805 1805 857 ὗπερὸάλλουσαν
1826 805 1942 843 πίστιν
1956 835 1965 853 ,
1985 806 2027 852 ἣν
2053 805 2133 858 περὶ
2155 805 2217 849 τὰς
2247 809 2333 844 ὃπο-

1315 864 1451 915 σχέσεις
1469 869 1528 903 τοῦ
1548 867 1640 904 Θεοῦ
1661 866 1896 904 ἐπιδείκνυται
1910 898 1917 911 ,
1934 866 1994 904 καὶ
2013 870 2072 904 τοῦ
2093 866 2336 919 φιλανθρώπου

1314 926 1406 962 Θεοῦ
1431 926 1519 974 μετὰ
1547 926 1727 978 δαψιλείας
1744 927 1804 969 τὰς
1825 927 1973 976 ἀμοιὸὰς
1991 928 2084 979 αὐτῷ
2102 926 2118 946 ¹³
2133 927 2337 980 παρεχομέ-

1313 1000 1385 1023 νου.
1406 985 1539 1029 Ἱκανὸς
1557 986 1624 1040 γὰρ
1643 990 1660 1024 ὃ
1680 986 1811 1030 δίκαιος
1830 982 1926 1030 οὗτος
1958 988 2114 1031 ἅπαντας
2138 992 2233 1038 ἡμᾶς
2254 1003 2339 1025 παι-

1315 1046 1444 1093 δεῦσαι,
1461 1047 1547 1100 πρὸς
1561 1048 1640 1091 τοὺς
1657 1052 1720 1094 τῆς
1740 1051 1865 1100 ἀρετῆς
1882 1051 2018 1100 ἀγῶνας
2038 1050 2126 1099 μετὰ
2144 1049 2339 1101 προθυμίας

1316 1107 1528 1146 ἀποδύεσθαι
1558 1111 1767 1161 θαρροῦντας
1794 1115 1871 1153 ταῖς
1901 1110 2029 1147 ἄνωθεν
2063 1111 2245 1160 ἀμοιὸαῖς,
2278 1110 2338 1148 καὶ

1316 1168 1448 1212 εἰδότας
1463 1175 1522 1208 τοῦ
1536 1170 1706 1222 ἡμετέρου
1723 1170 1898 1208 Δεσπότου
1916 1170 1980 1217 τὴν
1994 1170 2206 1222 φιλοτιμίαν,
2222 1171 2339 1209 πάντα

1313 1229 1357 1267 τὰ
1377 1232 1528 1282 δυσχερῆ
1551 1231 1760 1280 νομιζόμενα
1781 1230 1872 1268 κατὰ
1891 1232 1948 1269 τὸν
1980 1230 2137 1283 παρόντα
2164 1231 2237 1282 βίον
2259 1234 2336 1282 μετ’

1313 1292 1468 1335 εὐκολίας
1503 1292 1775 1343 καταδέχεσθαι,
1802 1295 1846 1343 τῇ
1883 1291 1997 1329 ἐλπίδι
2030 1295 2098 1329 τῶν
2130 1291 2336 1330 ἀντιδόσεων

1313 1351 1553 1403 τρεφομένους.
1588 1351 1789 1405 Προσέχετε
1825 1351 1864 1398 δὴ
1880 1381 1889 1399 ,
1927 1353 2136 1403 παρακαλῶ,
2170 1352 2262 1395 ὅπως
2298 1355 2337 1390 ἐκ

1314 1413 1519 1464 προοιμίων,
1542 1413 1660 1460 ἐπειδὴ
1678 1414 1721 1451 τὰ
1743 1415 1826 1465 παρ’
1845 1415 1966 1450 ἑαυτοῦ
1985 1413 2115 1451 οἴκοθεν
2138 1413 2338 1464 εἰσήνεγκεν

1314 1475 1354 1511 ἐκ
1375 1477 1436 1520 τῆς
1454 1474 1655 1526 ἐγκειμένης
1671 1477 1713 1525 τῆ
1734 1474 1889 1526 ἡμετέρα
1909 1473 2006 1524 φύσει
2020 1473 2195 1525 γνώσεως,
2216 1474 2338 1512 οὐδένα

1314 1534 1436 1578 ἔξωθεν
1457 1534 1617 1586 ἐσχηκὼς
1641 1535 1861 1581 διδάσκαλον,
1882 1534 1972 1572 ἀλλὰ
2000 1534 2060 1571 καὶ
2088 1534 2154 1571 ὑπὸ
2180 1534 2340 1577 ἀπίστοις

289 1595 352 1633 scd
371 1595 538 1647 pietatem
564 1607 647 1644 erga
677 1606 807 1629 numen
821 1592 998 1638 exhibuit,
1015 1591 1095 1628 ideo
1115 1605 1237 1642 super-
1253 1626 1300 1649 363
1314 1599 1451 1645 γονεῦσι
1476 1595 1695 1647 τρεφόμενος,
1715 1597 1776 1639 τῆς
1794 1594 1885 1636 θείας
1906 1593 2101 1632 ἀπέλαυσεν
2125 1596 2337 1638 ἐπιφανείας.

289 1670 370 1693 nam
386 1654 625 1692 visitationem
644 1652 763 1690 statim
778 1651 946 1701 obtinuit,
967 1665 1050 1689 cum
1069 1650 1188 1688 adhuc
1202 1651 1238 1687 in
1265 1661 1291 1691 Α
1315 1655 1461 1702 Ἐπειδὴ
1492 1656 1561 1708 γὰρ
1595 1655 1702 1706 μηδὲν
1735 1655 1827 1693 κατὰ
1862 1654 1925 1700 τὴν
1955 1655 2096 1706 πρώτην
2125 1635 2265 1701 ἡλωζίαν
2294 1659 2338 1702 τῆ

290 1714 453 1753 Chaldaea
482 1723 570 1752 esset
589 1729 596 1749 ι
614 1722 648 1750 et
678 1713 744 1750 hoc
764 1711 867 1749 nobis
894 1713 1016 1748 beatus
1035 1710 1239 1762 Stephanus

288 1775 434 1828 exponit
449 1773 668 1812 manifestius
685 1773 734 1811 sic
747 1771 869 1810 dicens
888 1787 895 1808 :
914 1773 1021 1809 Deus
1032 1771 1167 1823 gloriae
1180 1772 1239 1807 vi-

289 1850 353 1874 sus
373 1844 430 1873 est
454 1837 560 1887 patri
587 1842 717 1872 nostro
745 1832 971 1881 Abraham,
993 1845 1080 1869 cum
1109 1832 1239 1868 adhuc

290 1906 385 1936 esset
413 1900 455 1933 in
473 1897 770 1947 Mesopotamia,
788 1897 1014 1946 priusquam
1045 1894 1240 1930 habitaret

290 1960 331 1994 in
352 1959 546 1995 Charran.
568 1955 706 1995 Vidisti
731 1955 909 2006 quomodo
933 1968 1011 1991 eum
1038 1952 1122 1991 inde
1148 1953 1239 1991 visio

288 2018 490 2056 amoverit?
508 2016 712 2056 Verisimile
731 2016 825 2054 enim
844 2025 894 2053 cst
914 2030 996 2053 cum
1016 2029 1098 2052 cum
1118 2014 1240 2052 sedula

290 2079 327 2117 in
337 2080 453 2116 Deum
471 2077 609 2129 pietate,
624 2077 833 2129 parentibus
854 2089 993 2127 quoque
1007 2075 1239 2113 reverentiam

291 2139 494 2178 exhibuisse
512 2154 519 2175 :
538 2148 706 2188 tantoque
724 2151 843 2176 amore
865 2145 1003 2189 patrem
1029 2136 1099 2174 sibi
1122 2136 1239 2173 conei-

290 2201 444 2248 liavisse,
473 2209 513 2237 ut
543 2199 626 2237 inde
653 2199 698 2237 ad
720 2197 987 2249 relinquendam
1021 2211 1140 2234 amore
1172 2197 1239 2234 filii

290 2261 443 2314 patriam
466 2275 580 2309 suam,
610 2270 643 2298 et
662 2260 706 2297 ad
726 2259 964 2297 habitandum
992 2258 1144 2295 alienam
1163 2272 1239 2295 mo-

291 2332 348 2360 tus
372 2322 431 2360 sit.
464 2325 512 2359 At
541 2320 730 2372 diligenter
754 2319 845 2369 vide,
874 2319 1030 2367 obsecro,
1061 2318 1239 2369 quomodo
1265 2335 1288 2364 B

291 2392 323 2420 et
339 2383 414 2419 liaec
431 2396 509 2432 quae
524 2395 543 2418 a
561 2383 634 2418 Deo
651 2380 718 2418 fuit
735 2380 781 2418 oh
795 2380 949 2432 priorem
969 2379 1141 2417 virtutem
1165 2380 1240 2431 ejus

289 2443 462 2492 visitatio,
480 2443 607 2480 iterum
627 2441 814 2479 clariorem
835 2441 910 2492 ejus
925 2440 1096 2478 virtutem
1111 2440 1238 2478 reddi-

289 2499 391 2538 derit.
408 2500 529 2552 Elegit
545 2500 639 2537 enim
654 2509 834 2551 paternam
848 2498 1027 2550 regionem
1042 2498 1238 2549 relinquere

290 2571 323 2599 et
345 2561 495 2599 alienam
515 2561 730 2610 inhabitare,
748 2569 787 2598 ut
808 2569 1026 2613 praeceptum
1048 2560 1114 2598 Dei
1131 2560 1238 2612 perfi-

290 2632 382 2660 ceret
399 2639 405 2658 :
425 2632 458 2660 et
474 2631 617 2674 paratus
639 2630 713 2659 erat
732 2621 839 2659 etiam
854 2621 986 2672 absque
1006 2621 1177 2672 cognatis,
1200 2631 1238 2659 ut

288 2683 378 2720 mihi
406 2682 560 2731 videtur,
587 2681 907 2734 peregrinationem
937 2681 1114 2734 suscipere
1131 2697 1139 2718 :
1157 2682 1236 2731 sed,

287 2752 327 2779 ut
343 2742 436 2791 dixi,
457 2743 526 2780 viri
544 2743 659 2781 virtus
675 2751 707 2780 et
720 2742 870 2793 insignis
887 2756 969 2793 erga
989 2751 1150 2794 parentes
1163 2743 1236 2795 pic-

286 2812 352 2853 tas,
373 2803 487 2841 effecit
507 2813 546 2841 ut
568 2813 663 2855 pater
678 2817 794 2842 comes
814 2804 912 2841 {ieret
928 2803 1077 2841 itineris.
1098 2804 1236 2843 Deinde

286 2875 366 2898 cum
380 2862 618 2913 pervenissent
629 2862 664 2899 in
674 2862 856 2911 Charran,
874 2862 950 2900 illic
964 2862 1236 2901 tabernaculum

284 2920 451 2958 fixerunt.
475 2921 520 2959 Et
537 2931 723 2974 postquam
740 2931 852 2960 morte
867 2923 1012 2961 functus
1025 2932 1077 2961 est
1093 2924 1234 2962 Tharra

284 2982 374 3029 (hoc
390 2983 483 3019 enim
503 2983 595 3034 patri
621 2983 696 3034 ejus
713 2998 839 3022 nomen
864 2989 974 3033 erat),
995 2984 1124 3022 iterum
1142 2999 1232 3037 prae-

1313 1717 1430 1768 πλάνῃ
1447 1722 1506 1755 τοῦ
1524 1718 1653 1769 πατρὸς
1673 1716 1990 1762 κατηκολούθησεν,
2013 1716 2104 1754 ἀλλὰ
2118 1716 2180 1763 τὴν
2200 1718 2288 1769 πρὸς
2300 1718 2341 1755 τὸ

1314 1780 1419 1817 Θεῖον
1441 1777 1627 1830 θεραπείαν
1658 1776 1888 1824 ἐπεδείκνυτο,
1921 1777 1981 1814 καὶ
2008 1780 2070 1823 τῆς
2104 1778 2233 1815 ἄνωθεν
2265 1779 2340 1817 ἐπι-

1314 1842 1447 1886 σκοπῆς
1467 1838 1601 1890 ταχέως
1623 1837 1790 1889 ἐπέτυχεν
1813 1837 1864 1875 ἔτι
1892 1838 1949 1875 ἐπὶ
1981 1842 2042 1885 τῆς
2072 1838 2252 1882 Χαλδαίας
2267 1839 2314 1877 ὤν
2330 1855 2338 1862 ·

1312 1904 1412 1939 τοῦτο
1444 1899 1512 1952 γὰρ
1546 1902 1630 1949 ἡμῖν
1664 1899 1873 1952 σαφέστερον
1914 1899 2089 1937 ἐκτίθεται
2114 1902 2134 1937 ὁ
2168 1899 2338 1951 μακάριος

1314 1962 1489 2013 Στέφανος
1510 1960 1599 1998 οὕτω
1622 1959 1733 2010 λέγων
1747 1975 1755 1982 ·
1776 1959 1821 1997 ‘O
1843 1960 1932 2002 Θεὸς
1960 1963 2022 2006 τῆς
2043 1959 2142 2006 δόξης
2160 1959 2258 2012 ὤφθη
2289 1963 2339 2013 τῷ

1313 2022 1419 2074 πατρὶ
1439 2024 1540 2072 ἡμῶν
1562 2020 1722 2072 Ἀἕραὰμ
1749 2020 1821 2058 ὄντι
1846 2023 1880 2058 ἐν
1902 2024 1945 2071 τῆ
1966 2020 2240 2072 Μεσοποταμίᾳ,
2256 2021 2338 2073 πρὶν·

1314 2082 1559 2128 ἢκατοικῆσαι
1576 2080 1676 2118 αὐτὸν
1698 2083 1731 2118 ἐν
1749 2081 1905 2132 Χαρράν.
1924 2075 2025 2124 Εἶδες
2044 2084 2119 2125 πῶς
2135 2085 2157 2128 ἡ
2178 2082 2256 2133 ὄψις
2272 2083 2338 2119 αὐ-

1314 2143 1371 2181 τὸν
1391 2144 1520 2179 ἐκεῖθεν
1539 2142 1750 2188 3οἰνέσ·ι.·’[,ο·εν
1765 2158 1773 2187 ;
1788 2142 1893 2184 Εἰκὸς
1911 2141 1978 2193 γὰρ
1998 2141 2050 2179 ὅτι
2071 2141 2159 2192 μετὰ
2178 2145 2239 2188 τῆς
2258 2142 2338 2195 περὶ

1314 2204 1353 2241 τὸ
1369 2204 1472 2240 Θεῖον
1501 2201 1696 2253 θεραπείας,
1717 2201 1776 2239 καὶ
1795 2201 1857 2248 τὴν
1885 2202 1964 2254 περὶ
1994 2201 2070 2245 τοὺς
2089 2203 2339 2254 γεγεννηκότας

1315 2265 1400 2301 αἰδῶ
1429 2262 1724 2311 ἐπιδεικνύμενος,
1745 2262 1804 2299 καὶ
1829 2265 1876 2305 εἷς
1897 2262 1985 2300 πολὺ
2017 2263 2156 2315 φίλτρον
2185 2267 2337 2302 ἐπισπα-

1315 2324 1462 2373 σάμενος
1493 2324 1550 2362 τὸν
1578 2323 1732 2375 πατέρα,
1756 2323 1857 2366 αὐτὸς
1887 2325 1980 2375 αὐτῷ
2011 2324 2117 2367 αἴτιος
2136 2324 2254 2374 γέγονε
2275 2327 2338 2371 τῆς

1315 2388 1442 2424 ἐκεῖθεν
1471 2385 1586 2429 ἐξόδου
1608 2400 1615 2408 ·
1644 2385 1705 2422 καί
1733 2384 1790 2422 διὰ
1810 2385 1867 2422 τὸν
1890 2385 1994 2422 πόθον
2021 2389 2080 2422 τοῦ
2110 2387 2233 2430 παιδὸς
2259 2387 2339 2432 ἠνέ-

1315 2464 1417 2499 σχετο
1442 2447 1647 2485 καταλιπεῖν
1667 2444 1729 2492 τὴν
1751 2445 1880 2483 οἰκείαν
1902 2445 2072 2498 πατρίδα,
2101 2446 2161 2484 καὶ
2184 2449 2245 2494 τὴν
2270 2449 2336 2485 ἀλ-

1312 2508 1453 2560 λοτρίαν
1481 2510 1633 2553 οἰκῆσαι.
1654 2507 1745 2545 Ἀλλ’
1765 2506 1829 2559 ὅρα
1852 2522 1910 2557 μοι
1931 2507 2020 2557 μετὰ
2040 2508 2240 2559 ἀκριὸείας,
2262 2512 2337 2554 πῶς

1313 2570 1372 2608 καὶ
1390 2569 1476 2615 αὐτὴ
1497 2573 1518 2615 ἡ
1538 2568 1635 2621 παρὰ
1653 2571 1712 2606 τοῦ
1733 2570 1824 2607 Θεοῦ
1844 2567 2011 2619 γενομένη
2040 2568 2096 2606 διὰ
2123 2568 2185 2614 τὴν
2205 2571 2336 2621 προλα-

1312 2631 1439 2669 ὅοῦσαν
1461 2629 1585 2682 ἀρετὴν
1611 2631 1658 2671 εἷς
1683 2628 1786 2666 αὑτὸν
1815 2629 1996 2680 ἐπίσκεψις
2016 2629 2121 2667 πάλιν
2148 2632 2252 2669 αὐτοῦ
2272 2630 2334 2678 τὴν

1312 2692 1440 2746 ἀρετὴν
1471 2689 1763 2743 περιφανεστέραν
1795 2689 1987 2741 ἐργάζεται.
2022 2688 2148 2728 Εἵλετο
2179 2690 2246 2743 γὰρ
2273 2691 2335 2738 τὴν

1310 2754 1430 2806 χώραν
1457 2751 1519 2798 τὴν
1547 2749 1721 2799 πατρικὴν
1749 2751 1952 2787 καταλιπεῖν
1976 2749 2035 2787 καὶ
2064 2750 2126 2797 τὴν
2150 2751 2335 2804 ἀλλοτρίαν

1311 2816 1470 2859 οἰκῆσαι,
1486 2811 1542 2849 ἵνα
1563 2809 1601 2847 τὸ
1620 2809 1718 2863 παρὰ
1738 2814 1796 2848 τοῦ
1816 2812 1908 2849 Θεοῦ
1929 2811 2147 2863 προσταχθὲν
2173 2815 2220 2855 εἷς
2236 2812 2335 2863 ἔργον

1311 2873 1426 2925 ἀγάγῃ
1443 2887 1451 2895 ·
1474 2871 1534 2909 καὶ
1555 2871 1692 2920 ἕτοιμος
1721 2864 1776 2916 ῆν,
1793 2873 1840 2914 ὡς
1865 2871 1942 2920 ἐμοὶ
1961 2872 2072 2919 δοκεῖ,
2089 2862 2247 2910 καὶ”ἀ’νευ
2267 2874 2335 2910 τῶν

1309 2932 1556 2986 προσηκόντων
1583 2932 1642 2969 καὶ
1662 2931 1740 2969 καθ’
1759 2932 1878 2970 ἑαυτὸν
1898 2932 1961 2978 τὴν
1980 2933 2182 2983 ἀποδημίαν
2199 2932 2337 2972 στείλα-

1309 2999 1412 3034 σθαι·
1433 2996 1521 3038 ἀλλ’,
1543 2991 1627 3044 ὅπερ
1656 2992 1760 3043 ἔφθην
1781 2992 1886 3030 εἰπὼν
1899 3023 1908 3040 ,
1935 2997 1956 3039 ἠ
1986 2996 2045 3030 τοῦ
2066 2994 2188 3046 ἀνδρὸς
2207 2994 2334 3046 ἀρετὴ,

85 3057 155 3086 Gen.
175 3065 220 3086 υ.
241 3067 263 3086 ι.
283 3057 424 3101 ceptum
448 3058 498 3086 cst
527 3049 555 3086 ei
581 3064 598 3086 a
625 3051 698 3087 Deo
719 3059 757 3087 ut
777 3051 890 3088 exiret
915 3050 1008 3089 inde.
1040 3052 1233 3103 Egredere
1258 3056 1281 3087 C
1308 3056 1368 3094 χαὶ
1390 3058 1411 3101 ἡ
1440 3053 1552 3100 πολλὴ
1573 3053 1738 3104 θεραπεία
1754 3056 1775 3099 ἡ
1798 3055 1878 3104 περὶ
1897 3053 1976 3096 τοὺς
1999 3053 2159 3095 τεκόντας
2180 3055 2334 3091 συνοδοι-

280 3116 390 3164 enim,
419 3115 548 3166 inquit,
579 3117 625 3152 cle
654 3124 756 3153 terra
779 3125 846 3154 tua
868 3126 903 3155 et
926 3118 974 3155 de
999 3120 1231 3170 cognatione

321 3231 337 3254 ¹·
363 3227 487 3269 [Savil.
506 3230 536 3260 iu
555 3240 658 3270 marg.
680 3232 764 3271 conj.
785 3235 1022 3276 παρεχομένας.]

318 3291 331 3305 ι
359 3278 527 3319 iaqumu,
553 3281 598 3311 ad
620 3283 711 3312 sedes
737 3284 913 3315 movendus
931 3287 1088 3328 compulit
1108 3301 1117 3319 .·
1133 3287 1201 3321 haec
1220 3300 1282 3321 vox

1307 3116 1412 3167 πόρον
1442 3113 1679 3166 γενέσθαικαὶ
1702 3114 1758 3151 τὸν
1784 3113 1918 3165 πατέρα
1946 3114 2219 3167 παρεσκεύασεν,
2241 3108 2332 3152 Εἶτα

1319 3229 1473 3274 frequens
1489 3237 1537 3262 est
1555 3229 1610 3262 ills
1629 3242 1699 3263 usu.
