2516 3791
662 206 705 235 tx
744 206 844 235 Css'.

75 298 221 351 λέγοντα
241 295 367 346 ἀπίδῃς
380 323 389 339 ,
410 291 594 343 ἀγαπητὲ,
621 289 709 341 μηδὲ
729 289 814 341 πρὸς
832 288 895 335 τὴν
924 286 1100 326 εὐτέλειαν

77 359 140 406 τὴν
156 357 255 408 ἐμὴν,
274 357 350 394 ἀλλ’
363 353 417 393 ὅτι
430 352 474 390 τὰ
490 351 586 403 παρὰ
602 356 663 390 τοῦ
682 349 863 388 Δεσπότου
891 347 1099 399 διακομίζιι),

77 419 134 459 καὶ
153 419 238 471 πρὸς
262 417 319 455 τὸν
342 411 639 453 ἀποστείλαντα”
620 427 710 464 εχι)ν
736 410 798 457 τὴν
825 410 977 448 διάνοιαν
1002 424 1101 446 τετα-

76 479 196 531 μένην,
217 478 308 516 οὕτω
329 475 416 528 μετὰ
436 491 485 521 νη·
469 474 570 526 ‘lawe
590 473 693 546 &5700
719 471 763 510 τὰ
787 472 825 509 λ;
828 470 974 521 γόμενα.
998 468 1041 507 Ἐ
1045 467 1102 506 πεὶ

76 540 134 578 καὶ
162 541 197 577 ἐν
216 545 286 582 τοῖς
313 535 539 586 ἀνθρωπίνοις
565 534 784 585 πράγμασιν,
803 530 975 570 ἐπειδὰν’
963 545 980 567 0
1003 532 1102 581 βασι-

76 599 154 644 λευς
165 628 174 645 ,
191 602 209 637 ὁ
224 599 264 638 τὸ
280 598 435 647 διάδημα
451 594 709 647 περικείμενος,
735 593 930 646 γράμματα
949 588 1101 640 διαπέμ-

74 666 196 715 ψηται,
217 665 234 699 ὃ
262 660 324 712 μὲν
354 658 602 711 ἐπιφερόμενος
632 660 743 694 ταύτα
774 656 850 693 καθ’
884 652 1005 690 ἑαυτον
1038 651 1101 701 μὲν

76 723 210 766 οὐδενὸς
225 700 328 772 λόγου
346 721 438 765 ἄξιος
453 718 630 770 τυγχάνει,
652 719 729 756 ἀλλ
759 714 900 761 εὐτελής
927 713 978 756 τίς
998 714 1073 750 ἐστι
1090 741 1100 757 ,

75 801 133 823 και
147 784 314 826 πολλάκις
331 781 407 820 οὐδὲ
422 779 610 832 προγόνους
624 781 782 830 ἀριθμεῖν
798 776 900 828 ἔχων,
921 773 1000 811 ἀλλ
1012 771 1101 810 ἀνώ-

75 860 180 896 νυμος
196 844 254 882 καὶ
274 842 309 887 ἐξ
328 841 535 891 ἀνωνόμωψ
552 840 628 876 ἀλ>“
646 841 708 876 οὐκ
727 836 848 888 ἐκείνω
865 849 1100 887 προσεγουσιν

74 908 105 943 οἱ
128 909 238 943 ταῦτα
266 903 428 956 δέχεσθαι
445 900 650 951 μέλλοντες,
670 897 761 937 ἀλλὰ
781 896 837 934 διὰ
853 896 896 934 τὰ
916 900 976 934 τοῦ
996 897 1100 946 βασι-

74 966 160 1009 λέως
178 965 372 1017 γράμματα
398 961 532 1009 πολλὴν
560 960 710 1012 κάκείνῳ
728 959 835 1010 τιμὴν
864 957 1099 1008 ἀπονέμουσι,

75 1027 133 1066 καὶ
150 1026 194 1065 τὰ
212 1026 406 1078 γράμματα
428 1022 516 1075 μετὰ
533 1023 662 1060 πολλοῦ
682 1024 742 1059 τοῦ
763 1020 870 1073 φόέου
888 1019 948 1058 καὶ
968 1020 1101 1064 πολλῆς

74 1090 137 1135 τῆς
155 1087 304 1139 ἡσυχίας
332 1086 506 1139 δέχονται.
540 1085 585 1123 Εἰ
610 1083 724 1122 τοίνυν
757 1084 884 1125 ἐκεῖνος
916 1081 1099 1133 ἀνθρώπου

74 1149 286 1200 ἐπαγόμενος
305 1148 518 1200 γράμματα,
545 1145 604 1184 καὶ
620 1145 755 1198 χάρτην
777 1145 896 1187 ἁπλῶς
909 1148 923 1164 ⁰
935 1143 1101 1195 ἐπιφερό-

76 1225 188 1261 μενος,
204 1209 300 1262 παρὰ
314 1215 420 1247 πᾶσιν
437 1207 699 1259 ἐναποδέχεται,
716 1207 836 1258 πολλῷ
854 1206 986 1256 μᾶλλον
1001 1207 1101 1255 ὑμεῖς

76 1270 117 1308 ’ἅν
145 1270 238 1317 εἴητε
267 1270 392 1309 δίκαιοι
411 1268 455 1307 τὰ
473 1267 569 1320 παρὰ
596 1271 656 1305 τοῦ
684 1266 892 1317 Πνεύματος
923 1266 966 1303 δι’
999 1266 1100 1315 ἡμῶν

75 1334 156 1383 ὑμῖν
192 1331 395 1384 πεμφθέντα
421 1330 523 1382 λόγια
552 1328 642 1379 μετὰ
671 1330 804 1374 πολλῆς
832 1329 896 1373 τῆς
922 1328 1102 1379 προσοχῆς

886 205 976 234 xix.
1017 202 1181 232 Gizmzs.

2038 189 2059 213 Γ

1222 202 1385 231 notin..
1427 201 1548 230 xmv.
2036 211 2060 233 t)

1173 284 1283 335 igitur
1305 284 1346 322 ad
1372 299 1427 322 me
1444 283 1618 323 dicentem
1633 314 1643 333 ,
1665 285 1862 333 carissime,
1884 300 1994 336 neque
2013 286 2057 324 ud
2081 297 2128 325 tc-

1173 346 1344 384 nuitatem
1364 360 1479 384 meam
1500 345 1668 399 respicias
1691 361 1699 383 :
1720 345 1782 384 sed
1805 346 1972 397 quoniam
1991 360 2030 384 ea
2049 362 2128 398 qua:

1174 408 1319 446 Domini
1335 417 1417 446 sunt
1434 408 1557 458 assere,
1577 406 1621 445 ad
1639 421 1718 446 euin
1734 407 1795 460 qui
1814 422 1869 445 ine
1885 408 1982 446 misit
1998 417 2128 447 attenta

1172 479 1288 507 mente
1308 483 1520 518 conversus,
1538 469 1639 520 vigili
1658 469 1777 508 auimo
1796 484 1876 521 qum
1891 469 2061 508 dicuntur
2074 485 2130 509 ac-

1172 528 1259 580 cipe.
1296 527 1596 579 Quandoquidem
1627 537 1660 566 et
1691 528 1725 566 in
1762 528 1928 566 humanis
1964 528 2128 579 negotiis,

1171 589 1313 640 quando
1342 591 1539 641 Imperator
1566 589 1765 627 diademate
1796 598 1982 628 coronatus
2011 590 2130 628 literas

1173 649 1301 697 mittit,
1322 658 1406 687 tunc
1426 649 1455 687 is
1468 679 1477 697 ,
1494 649 1555 700 qui
1570 664 1628 687 eas
1642 651 1764 699 affert,
1779 665 1840 702 per
1857 665 1893 689 se
1908 651 2040 689 nullius
2055 666 2130 690 mo-

1172 710 1280 748 menti
1301 719 1371 760 est,
1392 709 1454 747 sed
1472 711 1529 748 vir
1547 724 1566 748 e
1587 710 1708 760 trivio,
1727 711 1788 760 qui
1809 726 1900 763 saepe
1917 727 2028 763 neque
2048 726 2130 764 pro-

1171 771 1346 822 genitores
1365 784 1552 808 numerare
1572 771 1704 822 possit,
1725 771 1898 809 obscurus
1915 803 1923 819 ‚
1941 782 1974 811 et
1995 788 2038 811 ex
2066 774 2128 811 ob-

1172 832 1284 870 scuris
1306 848 1314 869 :
1337 831 1399 870 sed
1428 846 1496 870 non
1521 831 1567 870 ad
1599 832 1703 869 illum
1735 842 1891 884 spectant
1922 834 1982 884 qui
2009 835 2126 873 literas

1171 894 1370 946 suscepturi
1389 902 1490 940 sunt,
1511 893 1573 932 sed
1593 902 1737 946 propter
1752 893 1994 946 imperatorias
2009 896 2126 934 literas

1170 955 1223 993 illi
1242 970 1382 1008 quoque
1403 955 1558 993 multum
1577 955 1748 994 exhibent
1768 955 1928 1006 honoris,
1949 971 1990 994 ae
2008 957 2126 995 literas

1172 1032 1299 1069 magna
1324 1032 1406 1056 eum
1435 1017 1631 1056 reverentia
1650 1026 1683 1055 et
1701 1017 1842 1055 silentio
1869 1018 2056 1070 recipiunt.
2085 1022 2123 1058 bi

1122 1077 1146 1107 Ε
1171 1079 1280 1129 igitur
1302 1079 1331 1117 is
1348 1078 1410 1131 qui
1429 1078 1584 1117 hominis
1602 1077 1736 1128 literas,
1753 1087 1786 1116 et
1806 1077 1967 1116 chartam
1989 1088 2126 1118 tantuin

1169 1142 1294 1189 affert,
1315 1141 1366 1179 sic
1384 1140 1550 1179 omnibus
1578 1148 1742 1192 acceptus
1768 1148 1819 1177 est
1842 1155 1850 1176 :
1874 1140 1988 1178 multo
2009 1142 2125 1193 magis

1171 1217 1234 1241 vos
1253 1201 1419 1240 convenit
1449 1200 1612 1253 eloquia,
1639 1215 1718 1252 quae
1734 1215 1754 1238 a
1773 1200 1912 1254 Spiritu
1940 1202 2042 1241 vobis
2066 1218 2130 1255 per

1171 1278 1234 1302 nos
1258 1263 1470 1312 mittuntur,
1498 1275 1627 1314 magna
1658 1261 1849 1300 attentione
1877 1262 2069 1315 suscipere,
2091 1274 2130 1302 ut

1171 1339 1338 1377 magnam
1364 1325 1454 1377 grati
1473 1324 1585 1362 animi
1607 1324 1784 1376 recipiatis
1809 1324 2020 1363 mercedem.
2039 1326 2130 1364 Nam

75 1392 316 1444 ὑποδέχεσθαι,
335 1391 391 1430 ἵνα
418 1394 480 1438 τῆς
507 1389 773 1442 εὐγνωμοσύνης
799 1389 933 1436 πολλὴν
953 1389 1101 1440 κομίση-
1114 1418 1162 1443 448
1173 1387 1202 1425 si
1224 1386 1352 1426 viderit
1371 1385 1548 1424 Dominus
1576 1385 1825 1424 universorum
1849 1386 2050 1425 animarum
2069 1402 2129 1426 ve-

75 1458 133 1492 σθε
153 1453 217 1500 τὴν
235 1453 400 1504 ἀμοιὸήν.
420 1452 506 1492 Ἐὰν
526 1452 594 1505 γὰρ
613 1451 670 1503 ἴδῃ
688 1453 707 1489 ὁ
726 1453 795 1489 τῶν
815 1452 904 1489 ὅλων
920 1450 1102 1495 Δεσπότης

74 1517 136 1561 τῆς
152 1518 266 1568 ψυχῆς
281 1517 378 1566 ὑμῶν
398 1514 462 1562 τὴν
481 1513 691 1567 προθυμίαν,
712 1513 770 1551 καὶ
793 1516 878 1563 ἡμῖν
893 1511 1102 1565 δαψιλεστέ-

76 1592 136 1628 ραν
164 1575 306 1628 παρέξει
335 1575 398 1622 τὴν
429 1575 601 1627 χορηγίαν
636 1573 693 1612 διὰ
726 1574 789 1621 τὴν
819 1573 1006 1625 οἰκοδομὴν
1038 1573 1102 1620 τὴν

73 1636 258 1689 ὑμετέραν,
283 1636 341 1675 καὶ
360 1639 442 1687 ὑμῖν
463 1641 476 1657 ³
488 1635 632 1674 πλείονα
648 1635 846 1688 δωρήσεται
864 1634 928 1682 τὴν
949 1634 1101 1682 σύνεσιν,

74 1697 164 1736 ὥστε
185 1698 336 1736 συνιέναι
350 1697 395 1736 τὰ
413 1697 600 1748 λεγόμενα.
618 1696 779 1749 Δαψιλὴς
791 1696 857 1748 γὰρ
876 1699 897 1742 ἡ
912 1699 972 1734 τοῦ
990 1696 1104 1734 Πνεύ-

76 1774 183 1809 ματος
201 1758 324 1811 χάρις,
343 1775 401 1796 και
426 1760 475 1802 εἷς
496 1758 628 1801 πάντας
649 1757 843 1810 ἐκγεομένη
866 1756 989 1795 οὐδένα
1007 1773 1104 1809 μερι-

76 1820 163 1870 σμὸν
182 1819 359 1870 ὑπομένει,
374 1819 465 1858 om&
480 1823 522 1872 τῇ
539 1821 687 1871 διανομῇ·
712 1820 844 1870 μᾶλλον
872 1818 1025 1866 αὔξεται,
1045 1819 1104 1857 καὶ

76 1881 146 1919 ὅσω
167 1881 207 1920 ἂν
228 1881 367 1925 πὶείους
390 1883 475 1919 ὠσιν
495 1884 528 1919 οἱ
543 1881 672 1928 ταύτης
693 1880 898 1955 μετέ-(οντες
910 1910 919 1927 ,
948 1880 1104 1933 τοσούτῳ

75 1921 134 1980 καί
162 1942 205 1981 τὰ
231 1959 294 1989 της
310 1942 454 1994 χάριτος
478 1941 535 1980 ἐπὶ
559 1941 664 1980 πλέον
693 1941 899 1980 ἐκτείνεται.
923 1942 1018 1994 Φέρε
1034 1946 1106 1990 οὖν,

76 2006 106 2042 εἰ
127 2005 220 2042 δοκεῖ
238 2034 247 2049 ,
281 2004 339 2042 καὶ
373 2003 526 2056 σήμερον
553 1996 615 2050 τῆς
644 2003 848 2046 ἀκολουθίας
879 2005 948 2041 τῶν
983 2003 1105 2056 πρῴην

76 2068 161 2115 ἡμῖν
182 2065 374 2117 εἰρημένων
401 2064 651 2115 ἐπιλαδώμεθα
664 2094 674 2111 ,
701 2064 761 2102 καὶ
784 2064 912 2115 ἴδωμεν
933 2064 1018 2102 ὅπου
1047 2065 1106 2103 τὸν

75 2128 175 2178 λόγον
192 2127 447 2177 κατελύσαμεν,
465 2126 524 2165 καὶ
539 2126 614 2165 ὅθεν
631 2126 732 2164 αὐτὸν
747 2126 934 2164 ἀναλαὲεῐν
950 2126 1106 2178 σήμερον

622 2186 639 2208 b

75 2192 242 2240 προσῆκε.
261 2190 336 2226 Ποῧ
354 2183 412 2226 οὖν
431 2188 489 2226 τὸν
504 2187 605 2239 λόγον
652 2187 774 2239 πρῴην
791 2187 1105 2239 προσορμίσαντες,

75 2249 165 2288 οὕτω
176 2253 238 2296 τῆς
255 2248 481 2292 διδασκαλίας
499 2248 728 2298 ἐπαυσάμεθα
744 2265 753 2295 ;
772 2247 830 2286 Τὰ
839 2247 930 2286 κατὰ
947 2248 1004 2286 τὸν
1021 2247 1106 2286 Λὼτ

75 2313 156 2361 ὑμῖν
177 2310 413 2362 διηγούμενοι,
438 2309 498 2348 καὶ
521 2309 578 2348 τὸν
596 2311 666 2346 τῶν
687 2308 856 2360 Σοδόμων
881 2309 1103 2360 ἐμπρησμὸν,

75 2373 146 2410 ἐκεῖ
159 2372 217 2410 τὸν
245 2370 344 2423 λόγον
359 2370 571 2421 ἐστήσαμεν,
587 2370 672 2409 ὅπου
693 2372 710 2408 ὁ
726 2369 857 2414 δίκαιος
879 2373 926 2414 εἷς
943 2370 1006 2417 τὴν
1028 2372 1103 2418 Ση-

74 2432 147 2485 γὼρ
163 2433 324 2479 διεσώθη.
345 2432 390 2471 ‘O
404 2432 502 2479 ἥλιος
517 2431 584 2484 γὰρ
600 2431 741 2479 ἐξῆλθεν
762 2432 820 2470 ἐπὶ
835 2435 897 2479 τῆς
913 2436 988 2483 γῆς,
1004 2432 1104 2484 φησὶ,

75 2494 134 2533 καὶ
158 2493 241 2532 Λὼτ
261 2495 419 2541 εἰσῆλθεν
439 2495 487 2536 εἰς
509 2492 660 2545 Σηγὼρ,
694 2492 752 2531 καὶ
781 2493 860 2531 τότε
883 2498 905 2541 ἡ
937 2494 1104 2541 θεήλατος

73 2554 190 2601 ἐκείνη
211 2555 296 2607 ὀργὴ
322 2554 400 2599 τούς
418 2570 456 2592 τε
488 2555 524 2592 ἓν
552 2554 722 2605 Σοδόμοις
742 2554 915 2594 κατέλαὲε
929 2585 939 2602 ,
962 2555 1021 2593 καὶ
1043 2559 1105 2603 τῆς

75 2619 139 2667 γῆς
157 2616 214 2654 τὸν
233 2615 426 2668 ἀφανισμὸν
447 2615 654 2668 εἰργάσατο,
675 2615 733 2655 ὅτε
753 2616 813 2654 καὶ
833 2619 854 2663 ἡ
870 2616 956 2668 γυνὴ
974 2621 1034 2656 τοῦ
1053 2619 1105 2655 δι-

77 2676 176 2715 καίου
198 2677 432 2727 ἐπιλαθομένη
450 2679 518 2714 τῶν
540 2677 712 2728 ῥηθέντων
730 2678 826 2729 παρὰ
841 2680 911 2715 τῶν
931 2678 1102 2731 ἀγγέλων,

77 2743 296 2796 ἐπιὸλέψασα
315 2746 362 2787 εἷς
378 2744 422 2782 τὰ
442 2744 566 2793 ὀπίσω,
582 2744 721 2796 ἐγένετο
743 2745 853 2793 στήλη
876 2746 972 2795 ἁλὸς,
990 2748 1104 2793 διηνε-

32 2853 37 2857 ,
76 2810 134 2854 κὲς
156 2811 348 2863 ὑπόμνημα
376 2817 451 2855 ταῖς
484 2812 572 2863 μετὰ
598 2817 708 2851 ταῦτα
733 2819 868 2864 γενεαῖς
894 2818 957 2861 τῆς
975 2814 1106 2859 οἰκείας

121 2962 135 2976 ¹³
159 2952 218 2984 San
229 2951 260 2983 il.
289 2959 323 2984 et
347 2953 492 2995 quinque
513 2953 590 2985 Mss.
612 2959 822 3002 ἐπιφερόμενος
846 2959 922 2990 οὕτω
950 2960 1089 3001 περίὅλε-

77 3012 151 3042 πτὸς
167 3009 244 3045 ἐστι,
263 3008 364 3047 πολλῷ
379 3009 507 3047 μᾶλλον.
520 3005 635 3038 Morel.
654 3015 687 3039 ct
703 3007 757 3040 alii
777 3013 988 3054 ἐπιρερόμενος
1004 3015 1089 3056 παρὰ

79 3065 164 3091 πᾶσιν
181 3059 408 3100 ἐναποῧέχεται,
428 3061 530 3100 πολλῷ
547 3061 677 3099 μᾶλλον.
691 3059 824 3099 Quanta
840 3071 915 3091 eum
934 3071 1089 3092 reteren-

81 3109 124 3139 tia
149 3107 228 3139 olim
256 3109 486 3150 exciperentur
512 3109 734 3151 imperatori-”e
763 3109 876 3150 litei-ze,
903 3110 1014 3143 tidcre
1042 3119 1091 3144 est

79 3159 168 3201 apud
196 3161 374 3202 scriptores
403 3168 473 3192 tum
501 3159 769 3202 Ecclesiasticos,
798 3170 867 3194 tum
894 3164 1087 3207 Byzantios.

80 3212 207 3243 Locum
232 3212 392 3253 insignem
419 3211 579 3244 babemus
606 3212 694 3255 apud
714 3214 812 3246 Socr.
833 3211 891 3245 lib.
917 3216 946 3255 l,
964 3226 993 3247 e.
1019 3217 1058 3247 24
1081 3228 1086 3246 :

80 3261 135 3294 ubi
160 3271 312 3295 narratur
335 3274 409 3295 cum
428 3265 460 3298 in
476 3263 684 3307 depositione
710 3264 892 3305 Eustatliii,
912 3267 1090 3308 episc,A11-

81 3315 211 3348 tioebire
221 3343 229 3355 ,
243 3324 312 3348 tota
327 3328 408 3359 pene
424 3329 468 3350 cn
478 3319 540 3349 itas
552 3316 714 3350 seditione
728 3317 975 3362 conflagrasset,
989 3327 1089 3363 atque

80 3369 233 3411 utrinque
261 3370 397 3400 armatis
419 3368 583 3401 stantibus
611 3369 795 3402 factionum
825 3369 991 3413 partibus,
1016 3383 1088 3415 qua:

79 3418 141 3452 sibi
155 3420 273 3453 milites
289 3420 604 3464 adjunxerant,jam
623 3434 725 3465 prope
742 3421 854 3456 fuisset
870 3431 904 3455 ut
925 3423 968 3457 ad
990 3432 1087 3457 atrox

1126 1455 1152 1484 A
1172 1458 1327 1488 suarum
1353 1448 1591 1495 alacritatem,
1611 1457 1644 1485 et
1662 1447 1764 1485 nobis
1792 1447 1964 1500 largiores
1991 1458 2130 1487 sumtus

1173 1520 1318 1564 propter
1345 1518 1500 1549 vestram
1524 1508 1798 1547 aedificationem
1817 1509 2075 1562 suppeditabit,
2098 1520 2131 1548 et

1173 1573 1275 1613 vobis
1294 1572 1465 1624 majorem
1481 1570 1655 1624 praebebit
1680 1570 1918 1621 intellectum,
1939 1580 1974 1609 ut
1994 1586 2031 1609 ea
2052 1587 2130 1623 quae

1171 1634 1344 1673 dicuntur
1359 1633 1557 1685 intelligere
1579 1632 1740 1671 valeatis.
1762 1632 1939 1671 Liberalis
1966 1633 2060 1671 enim
2080 1643 2130 1672 est

1173 1696 1329 1748 Spiritus
1344 1694 1478 1746 gratia,
1496 1702 1529 1731 et
1544 1707 1580 1731 se
1593 1693 1629 1730 in
1646 1706 1767 1731 omnes
1780 1692 1979 1743 effundens,
1994 1694 2129 1731 nullam

1171 1756 1383 1794 divisionem
1404 1753 1567 1804 sustinet,
1588 1752 1650 1791 sed
1669 1767 1751 1791 eum
1772 1751 2018 1804 distribuitur,
2048 1768 2129 1792 ma-

1173 1818 1227 1870 gis
1246 1817 1383 1866 crescit,
1400 1825 1433 1854 et
1449 1823 1579 1867 quanto
1597 1814 1717 1867 plures
1733 1823 1815 1853 sunt
1832 1815 1906 1867 ejus
1924 1815 2128 1868 participes,

1172 1889 1268 1919 tanto
1288 1889 1321 1918 et
1339 1878 1551 1917 heneficium
1566 1877 1682 1928 magis
1695 1876 1910 1915 extenditur.
1928 1879 2002 1929 Age
2018 1878 2130 1930 igitur

1173 1943 1200 1981 si
1223 1941 1377 1989 videtur,
1395 1949 1428 1978 et
1443 1939 1552 1978 hodie
1581 1938 1627 1976 ad
1649 1938 1772 1977 scriem
1791 1953 1914 1978 eorum
1934 1954 2012 1990 quse
2030 1939 2130 1992 prius

1173 2003 1268 2042 dicta
1303 2012 1384 2041 sunt
1416 2002 1617 2049 veniamus,
1639 2014 1680 2038 ae
1706 1999 1891 2039 videamus
1923 2001 1986 2039 ubi
2015 2016 2130 2042 sermo

1173 2065 1336 2113 desierit,
1359 2073 1392 2102 et
1414 2062 1509 2101 unde
1536 2076 1618 2100 eum
1652 2070 1808 2113 repetere
1831 2061 1939 2100 bodie
1959 2074 2128 2115 oporteat.

1173 2125 1339 2175 Quonam
1376 2123 1486 2175 igitur
1522 2135 1636 2173 nuper
1669 2120 1890 2173 appulimus,
1926 2136 1967 2160 ae
2003 2122 2130 2162 docen-

1171 2186 1208 2224 di
1241 2186 1349 2223 finem
1375 2182 1556 2221 fecimus?
1576 2183 1629 2219 De
1657 2181 1726 2218 Lot
1751 2178 1853 2220 vobis
1880 2183 2129 2236 narrabamus,

1172 2258 1206 2287 et
1219 2247 1264 2285 de
1285 2246 1524 2284 Sodomorum
1550 2243 1730 2293 incendio,
1757 2244 1834 2282 illic
1848 2258 1869 2282 a
1891 2258 2052 2283 sermone
2066 2244 2130 2284 de-

1171 2309 1350 2358 stitimus,
1373 2308 1434 2346 ubi
1455 2307 1575 2359 justus
1598 2306 1635 2344 in
1661 2306 1774 2358 Segor
1803 2315 1962 2345 servatus
1983 2316 2045 2345 est.
2065 2307 2132 2346 Sol

1172 2372 1267 2410 enim
1284 2383 1453 2424 egressus
1476 2377 1530 2407 est
1553 2382 1666 2420 super
1684 2377 1843 2413 terram,·
1861 2376 1898 2406 et
1914 2370 1985 2406 Lol
2011 2371 2131 2407 intra-

1175 2437 1227 2474 vit
1239 2436 1282 2473 in
1297 2434 1426 2485 Segor,
1441 2440 1474 2469 et
1495 2439 1580 2469 tunc
1599 2430 1652 2468 ira
1667 2444 1687 2467 a
1704 2431 1779 2468 Deo
1794 2429 1954 2468 immissa
1968 2430 2132 2468 Sodomi-

1172 2505 1225 2534 tas
1237 2493 1484 2548 apprehendit,
1499 2501 1533 2530 et
1548 2500 1679 2530 terram
1691 2490 1787 2528 illam
1805 2490 1974 2540 abolevit,
1990 2491 2132 2542 quando

1171 2567 1204 2596 et
1218 2572 1310 2596 uxor
1324 2556 1415 2610 justi
1434 2568 1557 2593 eorum
1572 2567 1652 2604 quae
1671 2552 1718 2590 ab
1733 2552 1869 2603 angelis
1883 2551 1980 2590 dicta
1993 2553 2132 2590 fuerant

1171 2620 1375 2669 immemor,
1396 2616 1567 2671 spectavit
1600 2623 1812 2664 retrorsum,
1838 2623 1870 2652 et
1896 2615 1986 2652 facta
2006 2624 2056 2652 est
2076 2629 2131 2652 co-

1172 2686 1295 2723 lumna
1310 2684 1406 2732 salis,
1422 2690 1632 2735 perpetuum
1650 2679 1908 2718 monimentum
1928 2677 2129 2731 posteriori-

1173 2748 1241 2785 bus
1276 2745 1414 2784 saeculis
1447 2758 1519 2781 sure
1553 2741 1776 2794 negligentiae
1807 2740 1977 2792 praebens.
2006 2740 2132 2792 Operae

1174 2812 1329 2866 pretium
1354 2823 1448 2848 nunc
1472 2807 1579 2846 fuerit
1600 2806 1807 2845 intermissae
1837 2804 1938 2843 seriei
1960 2804 2132 2851 insistere,

1123 2955 1273 2999 praelium
1290 2954 1472 2992 veniretur,
1491 2950 1756 2993 supervenientes
1778 2949 2008 2992 imperatorias
2024 2937 2136 2981 literas

1123 3006 1283 3050 populum
1303 3007 1421 3038 timore
1441 3002 1646 3046 implevisse,
1663 3008 1696 3033 et
1709 3000 1866 3033 factiosos
1882 3002 2133 3042 compescuisse.

1125 3058 1276 3091 Vidimus
1295 3068 1393 3100 supra
1418 3057 1528 3088 Tomo
1555 3055 1610 3086 111
1635 3051 1809 3095 epistolam
1832 3051 1972 3085 Honorii
1996 3052 2137 3087 Sacram

1124 3111 1285 3155 appellari
1311 3123 1317 3141 :
1339 3109 1547 3151 diximusque
1577 3106 1698 3149 passim
1722 3104 1954 3148 imperatorias
1978 3104 2135 3147 epistolas

1124 3163 1186 3197 hac
1206 3175 1269 3196 una
1296 3173 1376 3195 voce
1401 3161 1508 3195 Sacra
1526 3157 1707 3202 appellatas
1724 3157 1837 3196 fuisse,
1851 3155 1941 3200 quod
1955 3156 2060 3189 solum
2079 3168 2138 3189 no-

1125 3228 1199 3248 men
1217 3215 1259 3247 nd
1284 3225 1333 3246 rex
1343 3214 1503 3246 erentiuin
1530 3219 1628 3253 atque
1650 3217 1776 3241 metum
1797 3208 1958 3251 populum
1980 3206 2133 3240 iocabat.

1167 3279 1180 3292 ss
1203 3267 1268 3300 Sex
1285 3267 1360 3298 Mss.
1380 3268 1501 3300 πλέονα
1518 3267 1638 3307 παρέξει
1655 3268 1709 3301 τὴν
1726 3265 1844 3297 σύνεσιν,

1170 3321 1184 3343 ¹¹
1209 3318 1311 3352 Satil.
1331 3325 1363 3350 et
1378 3324 1457 3349 octo
1473 3316 1549 3348 Mss.
1566 3322 1669 3362 πρῴην
1684 3318 1856 3352 τελέσαντες
1872 3321 1923 3351 τῆς
1935 3315 2132 3350 διδασκαλίας.

1121 3371 1236 3405 Morel.
1257 3379 1358 3417 πρῴην
1380 3373 1652 3416 προσορμίσαντες,
1674 3371 1750 3402 οὕτω
1774 3376 1826 3404 τῆς
1847 3369 2044 3403 διδασκαλίας.
2060 3366 2134 3396 Μυι

1120 3423 1222 3459 savit.
1238 3431 1271 3456 et
1287 3424 1430 3467 quinque
1445 3422 1520 3455 Mss.
1537 3426 1727 3467 ἐμπρησμὸν,
1743 3427 1835 3467 μέχρι
1852 3423 1957 3455 τούτου
1971 3425 2022 3453 τὸν
2040 3423 2135 3460 hym.

2167 846 2331 884 ΙΙΙηΝἿῚΙΙιι·

2141 898 2205 915 runi
2243 890 2330 914 liti-:ne

2140 940 2204 956 cuin
2223 940 2260 965 qu
2272 937 2329 955 nit-1

2164 977 2329 997 reve-rrum.»

2098 1021 2121 1029 *⁸
2140 1013 2306 1048 accipie-lun
2321 1026 2329 1030 -

2141 1059 2199 1080 tur.
