2516 3791
639 184 643 187 ,
687 154 730 184 ΙΝ
767 154 870 184 CAP.
911 155 1007 185 vnt.

100 242 203 277 λιστα
222 236 362 275 πάντων
382 236 497 279 αὐτοῖς
515 233 711 288 τιμιώτερα
731 229 818 274 εἶναι
846 237 958 274 δοκεῖ·
983 235 1122 288 ἄνθρω-

99 314 164 337 πον
180 297 216 336 δὲ
244 297 326 336 ὄντα
352 296 411 335 καὶ
433 299 515 349 Θεῷ
534 296 758 348 προσάγοντα
776 298 851 339 πῶς
870 299 933 334 οὐκ
953 298 1060 349 ἐχρῆν
1080 296 1124 334 τὰ

98 356 291 409 τιμιώτερα
313 357 372 395 καὶ
396 356 555 409 ἐξαίρετα
579 356 768 408 προσάγειν
785 374 794 404 ;
815 360 989 397 Τοσοῦτον
1010 357 1122 395 τοίνυν

101 420 205 457 αὐτοῦ
226 417 465 470 ἁμαρτόντος,
490 417 550 455 καὶ
575 418 748 464 τοσαύτην
776 419 1035 470 ἐπιδειξαμένου
1060 418 1123 465 τὴν

97 478 372 531 καταφρόνησιν,
404 481 465 517 οὐκ
495 478 656 530 ἀπῄτησε
684 478 805 525 δίκην,
844 480 919 518 οὐδὲ
949 479 1123 532 τιμωρίαν

97 538 182 591 ὑπὲρ
227 542 296 577 τῶν
335 539 574 592 γεγενημένων
605 539 836 593 εἰσεπράξατο
849 570 859 588 ,
890 539 968 578 ἀλλ’
998 540 1124 578 ὡσανεὶ

97 601 194 653 φίλος
208 600 298 653 φίλῳ
315 602 402 652 μετὰ
416 601 533 649 πάσης
546 601 763 654 ἡμερότητος
779 600 1021 652 διαλεγόμενος
1035 599 1124 638 οὕτω

96 661 255 714 διελέχθη
285 662 396 713 λέγων
419 677 427 685 ·
458 662 645 715 ἽΙμαρτες
660 692 669 710 ,
705 662 897 714 ἡσύχασον.
943 661 1056 699 Μόνον
1084 661 1124 698 τὸ

96 722 296 775 ἁμαρτηΟὲν
317 725 410 776 αὐτῷ
429 722 533 767 ἔδειξε
548 753 558 770 ,
583 723 642 761 καὶ
662 722 906 762 συνεὸούλευσε
925 721 975 772 μὴ
995 737 1122 773 περαι-

96 784 186 837 τέρω
213 784 398 836 προὸἧναι.
440 777 542 826 Εἶδες
559 783 755 835 ὑπερὸολὴν
776 783 1008 834 ἀγαΟότητος;
1030 782 1122 820 Ἀλλ’

97 845 216 892 ἐπειδὴ
227 847 354 888 ἐκεῖνος
374 847 412 884 οὐ
435 844 538 896 μόνον
558 846 621 883 οὐκ
637 843 800 896 ἐκέρδανέ
815 860 850 881 τι
866 846 905 882 ἐκ
921 847 983 890 τῆς
997 843 1122 882 τοσαύ·

94 923 157 952 της
185 906 425 953 ἀνεξικακίας,
456 905 546 944 ἀλλὰ
578 907 640 944 καὶ
657 912 728 950 τοῖς
745 905 960 958 προλαὸοὔσι
980 905 1120 955 μείζονα

95 967 302 1022 προσέθηκε,
321 968 380 1006 καὶ
404 967 462 1006 ἐπὶ
480 966 542 1014 τὴν
558 967 695 1020 σφαγὴν
709 966 864 1019 ἠπείχθη
881 970 940 1005 τοῦ
959 967 1120 1018 ἀδελφοῦ,

94 1029 153 1067 καὶ
168 1028 259 1068 οὕτω
283 1028 342 1080 μὲν
364 1028 496 1076 πολλὴν
519 1031 565 1072 εἷς
587 1029 688 1067 αὐτὸν
710 1028 944 1067 ἐπιδείκνυται
963 1026 1027 1074 τὴν
1048 1044 1119 1078 μα-

95 1090 284 1142 κροθυμίαν
300 1119 310 1136 ,
343 1089 598 1140 πυνθανόμενος
622 1089 790 1142 πρότερον
811 1089 871 1127 καὶ
892 1087 1005 1132 διδοὺς
1026 1090 1119 1140 αὐτῷ

94 1151 198 1189 τόπον
228 1150 438 1203 ἀπολογίας·
464 1150 584 1198 ἐπειδὴ
606 1151 642 1189 δὲ
665 1150 838 1202 ἐνέμεινεν
864 1153 1120 1202 ἀναισχυντῶν,

94 1211 172 1251 τότε
195 1211 256 1259 τὴν
276 1211 449 1264 τιμωρίαν
468 1212 589 1263 ἐπάγει
612 1215 854 1264 σωφρονισμοῦ
874 1211 1006 1259 ἕνεκεν,
1027 1213 1119 1250 πολ-

94 1272 158 1318 λὴν
171 1272 230 1311 καὶ
246 1273 354 1320 αὐτὴν
373 1272 521 1325 ἔχουσαν
536 1272 756 1324 μεμιγμένην
769 1271 832 1318 τὴν
846 1275 930 1325 παρ’
946 1273 1050 1310 αὐτοῦ
1064 1288 1120 1324 φι-

94 1333 329 1385 λανθρωπίαν.
350 1333 459 1387 Ὁρᾷς
477 1336 564 1382 πῶς,
583 1333 687 1380 ἡνίκα
708 1332 770 1384 μὲν
787 1335 835 1377 εἷς
852 1334 953 1372 αὐτὸν
967 1333 1118 1385 ἥμαρτε,

94 1394 154 1432 καὶ
173 1395 346 1448 ἁμαρτίαν
369 1398 406 1434 οὗ
424 1395 488 1442 τὴν
508 1399 699 1448 τυχοῦσαν,
722 1394 977 1448 ἀπεπέμψατο·
1007 1394 1063 1433 ὅτε
1081 1395 1118 1434 δὲ

94 1455 185 1494 κατὰ
212 1462 271 1496 τοῦ
301 1458 449 1509 ἀδελφοῦ
469 1456 533 1504 τὴν
560 1456 671 1500 δεξιὰν
694 1455 847 1504 ὥπλισε,
880 1456 958 1495 τότε
974 1456 1034 1494 καὶ
1054 1455 1117 1503 τὴν

93 1517 297 1568 ἐπιτίμησιν
323 1519 382 1557 καὶ
414 1517 477 1565 τὴν
503 1518 661 1571 κατάραν
681 1518 831 1562 ἐδέξατο.
855 1517 960 1556 Οὕτω
979 1521 1038 1556 νῦν
1059 1519 1119 1558 καὶ

92 1581 194 1630 ἡμεῖς
208 1583 378 1630 ποιῶμεν,
392 1579 451 1617 καὶ
469 1579 660 1631 μιμώμεθα
679 1579 737 1617 τὸν
754 1579 937 1626 Δεσπότην
957 1580 1014 1619 τὸν
1034 1580 1116 1631 ἡμέ-

91 1655 189 1692 τερον
200 1656 207 1664 ·
222 1641 282 1679 καὶ
297 1641 342 1680 τὰ
356 1641 420 1691 μἐν
436 1643 484 1684 εἷς
499 1645 594 1692 ἡμᾶς
610 1641 854 1694 ἁμαρτήματα
867 1642 1118 1694 παραπέμπω-

91 1718 167 1751 μεν,
179 1702 238 1740 καὶ
248 1706 488 1755 συγχωρῶμεν
498 1709 569 1746 τοῖς
580 1704 627 1746 εἷς
636 1707 731 1753 ἡμᾶς
740 1703 1022 1754 πλημμελοῦσιν·
1036 1704 1118 1742 ὅταν

91 1762 127 1802 δὲ
141 1765 189 1808 εἷς
204 1765 262 1802 τὸν
278 1765 370 1803 Θεὸν
386 1764 559 1815 συντείνῃ,
577 1764 654 1802 τότε
672 1764 769 1808 δίκας
785 1766 1006 1815 ἀπαιτῶμεν.
1025 1765 1118 1803 Ἀλλ’

91 1826 152 1862 οὐκ
172 1819 235 1863 οἷδ’
254 1824 347 1869 ὅπως
362 1825 572 1868 ἀπεναντίας
588 1825 727 1863 ἅπαντα
745 1825 1043 1876 διαπραττόμεθα,
1057 1826 1117 1864 καὶ

90 1882 134 1922 τὰ
162 1883 224 1934 μὲν
252 1886 299 1927 εἷς
332 1885 389 1923 τὸν
409 1885 500 1924 Θεὸν
525 1884 749 1923 διαὸαίνοντα
778 1885 1020 1937 ἁμαρτήματα
1039 1886 1116 1924 οὐδὲ

90 1944 179 1988 ὅλως
196 1946 343 1983 ἐκδικεῖν
361 1946 614 1996 σπουδάζομεν,
635 1945 675 1983 ἂν
689 1945 726 1984 δέ
740 1962 774 1983 τι
790 1948 860 1983 τῶν
875 1946 1051 1998 τυχόντων
1067 1949 1117 1992 εἷς

88 2009 183 2055 ἡμᾶς
203 2006 436 2059 ἁμαρτηθείη,
455 2007 575 2046 τούτου
595 2007 737 2061 σφοδροὶ
750 2007 917 2059 γινόμεθα
934 2007 1115 2052 ἐξετασταὶ

89 2066 149 2104 καὶ
168 2067 373 2120 κατήγοροι,
389 2071 450 2106 οὐκ
463 2068 590 2111 εἰδότες
604 2070 656 2106 ὅτι
671 2067 781 2121 ταύτῃ
793 2068 852 2107 καὶ
862 2069 1026 2119 μειζόνως
1036 2070 1114 2108 καθ’

88 2131 189 2178 ἡμῶν
213 2130 344 2179 μᾶλλον
364 2129 601 2183 παροξύνομεν
626 2129 684 2168 τὸν
705 2131 948 2183 φιλάνθρωπον
974 2131 1152 2186 Δεσπό-.

87 2205 163 2236 την.
181 2189 267 2229 εὈτι
282 2189 350 2242 γὰρ
368 2190 442 2234 ἔθος
457 2193 507 2243 τῷ
523 2192 604 2242 Θεῷ
618 2190 662 2228 τὰ
680 2192 742 2242 μὲν
760 2193 807 2234 εἰς
824 2191 927 2230 αὑτὸν
942 2192 1113 2236 πολλάκις

87 2251 379 2302 ἀποπέμπεσθαι,
421 2251 466 2291 τὰ
500 2251 536 2291 δὲ
569 2254 617 2296 εἷς
649 2251 730 2296 τοὺς
760 2252 910 2299 πλησίον
947 2253 1113 2303 γινόμενα

85 2312 344 2364 ἁμαρτήματα,
375 2316 487 2350 ταῦτα
520 2312 608 2364 μετὰ
629 2315 761 2360 πολλῆς
781 2314 929 2351 ἐκδικεῖν
950 2315 1013 2360 τῆς
1033 2329 1113 2366 σφο-

86 2373 269 2424 δρότητος,
291 2374 394 2412 ἄκουε
415 2377 474 2412 τοῦ
496 2373 557 2424 μὲν
584 2373 757 2428 μακαρίου
776 2374 922 2413 Παύλου
939 2374 1111 2427 λέγοντος·

84 2433 131 2472 Εἴ
161 2450 214 2478 τις
244 2440 392 2485 γυναῖκα
420 2435 493 2488 ἔχει
513 2435 681 2484 ἄπιστον,
705 2435 765 2474 καὶ
793 2435 878 2483 αὐτὴ
915 2437 1112 2476 συνευδοκεῖ

83 2497 187 2534 οἰκεῖν
215 2496 294 2547 μετ’
317 2498 432 2545 αὐτοῦ,
449 2496 497 2548 μὴ
517 2497 649 2550 ἀφιέτω
669 2498 790 2545 αὐτήν.
822 2498 893 2536 Καὶ
912 2497 997 2550 γυνὴ
1015 2499 1046 2537 εἴ
1059 2515 1112 2544 τις

82 2556 154 2607 ἔχει
177 2557 285 2610 ἄνδρα
302 2557 461 2604 ἄπιστον,
491 2558 551 2596 καὶ
572 2559 673 2603 αὐτὸς
693 2561 890 2599 συνευδοκεῖ
905 2562 1009 2598 οἰκεῖν
1034 2561 1111 2612 μετ’

83 2619 201 2664 αὐτῆς,
219 2618 267 2669 μὴ
285 2618 416 2671 ἀφιέτω
435 2619 550 2658 αὐτόν.
567 2614 670 2665 Εἶδες
686 2621 778 2669 πόση
790 2625 811 2667 ἦ
829 2622 1107 2673 συγκατάθασις,

83 2677 156 2716 Κᾶν
173 2678 310 2727 Ἵίλλην
329 2674 367 2732 ᾗ,
389 2681 486 2733 φησὶ,
507 2680 570 2719 κᾶν
587 2681 744 2730 ἄπιστος,
763 2683 997 2735 καταδέχεται
1019 2683 1054 2723 δὲ
1070 2685 1110 2724 τὸ

83 2740 292 2779 συνοικέσιον
307 2769 316 2787 ,
339 2741 388 2792 μὴ
408 2743 625 2795 παραιτήσῃ.
652 2744 723 2782 Καὶ
745 2744 869 2783 πάλιν·
893 2744 968 2783 Κᾶν
990 2745 1106 2793 ἐθνικὴ

80 2800 234 2853 τυγχάνῃ
260 2806 282 2849 ἡ
314 2803 424 2876 γυνὴ,
458 2804 522 2842 κᾶν
549 2805 718 2853 ἄπιστος,
749 2805 946 2856 βούλεται
928 2806 963 2844 οὲ
992 2822 1108 2845 συνοι-

80 2867 167 2909 κεῖν,
190 2862 278 2912 μὴ’
260 2863 398 2916 απώσῃ.
431 2865 508 2904 Τί
497 2865 578 2918 γὰρ,
603 2866 730 2919 φησὶν,
756 2861 862 2915 οἶδας,
881 2870 910 2905 ὠ
933 2867 1051 2920 γύναι,
1079 2871 1108 2907 εἷ

78 2922 135 2960 τὸν
157 2923 265 2976 ἄνδρα
292 2924 414 2970 σώσεις
429 2957 439 2975 ,
461 2926 484 2973 ἢ
507 2927 540 2965 τί
565 2930 682 2976 οἶδας,
703 2929 807 2980 ἄνερ,
823 2931 852 2967 εἷ
871 2946 934 2976 την
954 2937 1104 2981 γυναῖκα

78 2982 219 3033 σώσεις;
241 2985 335 3039 ”Ορα
354 3004 391 3028 π·
395 3005 428 3032 )ς
445 2990 482 3027 οὐ
498 2988 626 3027 κωλύει
640 3005 698 3027 τον
719 2993 936 3029 ἀπιστοῦντα
959 2994 1024 3029 αὐτ
1027 3009 1054 3029 ι)
1081 2991 1102 3038 ἢ

77 3044 138 3092 τὴν
160 3049 371 3087 ἀπιστοῦσαν
387 3051 644 3103 καταδέχεσθαι
662 3054 710 3095 εἷς
724 3052 783 3090 τὸν
805 3056 865 3090 τοῦ
889 3053 1102 3091 συνοικεσίου

78 3105 193 3156 νόμον.
224 3107 344 3148 Ἄκουε
376 3110 411 3150 δὲ
437 3111 543 3149 πάλιν
565 3114 668 3150 αὐτοῦ
691 3116 750 3151 τοῦ
774 3114 929 3165 Χριστοῦ
944 3113 1104 3165 λέγοντος

76 3172 147 3211 τοῖς
177 3172 348 3219 μαθηταῖς
365 3187 374 3218 ;
403 3171 506 3225 Λέγω
530 3172 597 3225 γὰρ
619 3175 699 3224 ὑμῖν
712 3203 721 3220 ,
742 3173 796 3212 ὅτι
816 3181 884 3218 πᾶς
903 3177 920 3212 ὁ
941 3174 1102 3213 ἀπολύων

75 3227 138 3275 τὴν
165 3236 312 3280 γυιαῖκα
344 3233 446 3270 αὐτοῦ
477 3234 649 3285 παρεκτὸς
680 3234 784 3286 λόγου
808 3235 991 3287 πορνείας,
1012 3243 1103 3274 ποιεῖ

77 3289 184 3335 αὐτὴν
205 3295 444 3343 μοιχευΟηναι.
465 3295 589 3340 Πολλὴ
608 3311 670 3341 της
682 3308 741 3347 φιν
744 3296 975 3347 ανθρωπίας
958 3313 980 3344 η
997 3301 1102 3350 ὑπερ-

76 3349 174 3396 ὅολη.
207 3352 327 3389 mv*
304 3369 449 3398 απιστος
471 3371 515 3403 η,
535 3371 653 3407 φησιν,
670 3336 695 3402 ἢΙ
711 3356 828 3404 ἐθνικὴ
841 3387 850 3405 ,
869 3359 1102 3411 καταδέχεται

1045 153 1207 184 ΕΕΝΕΒ.

1247 153 1402 184 uomit.
1443 154 1569 184 xxvi.
2064 144 2152 205 287

1200 234 1305 288 cipua
1326 234 1399 273 illis
1415 235 1595 284 tribuunt,
1614 234 1746 286 illaque
1765 235 1892 273 offerre
1907 237 2064 275 maxime
2082 248 2156 276 stu-

1197 295 1296 346 dent,
1327 310 1406 347 quae
1431 296 1599 334 omnibus
1627 296 1833 348 pretiosiora
1859 296 1928 334 sibi
1957 297 2126 336 videntur
2147 316 2155 336 :

1198 356 1376 407 quomodo
1397 357 1577 395 bominem
1596 358 1671 395 Deo
1693 357 1896 395 offerentem
1917 371 1985 395 non
2010 368 2155 410 oporte-

1198 417 1342 455 batDeo
1358 417 1566 470 pretiosiora
1585 426 1617 456 et
1641 417 1886 470 praestantiora
1903 418 2030 455 offerre
2045 419 2062 455 ἶ)
2081 418 2154 469 lgi-

1199 487 1258 516 tur
1277 493 1359 516 cum
1375 488 1510 516 tantum
1527 487 1698 531 peccaret,
1709 488 1742 516 et
1759 488 1895 517 tantum
1913 493 1986 531 prae
2001 494 2036 516 se
2052 480 2158 517 ferret.

1198 548 1413 577 contemtum
1431 540 1504 583 ille,
1520 541 1617 578 Deus
1639 550 1752 578 tamen
1767 555 1835 578 non
1852 540 1979 592 petivit
1996 535 2154 593 poenam,

1198 613 1311 648 neque
1330 614 1394 651 pro
1423 600 1524 637 factis
1544 601 1762 652 supplicium
1789 601 1907 651 exegit
1933 617 1941 637 τ
1971 601 2033 639 scd
2054 602 2154 652 quasi

1196 660 1333 697 amicus
1350 661 1480 709 amico,
1503 675 1584 698 cum
1601 662 1696 698 omni
1714 662 1856 700 leuitate
1870 662 2019 713 loquens
2038 663 2089 700 sic
2101 662 2157 700 di-

1197 721 1251 758 xit
1270 736 1277 757 :
1300 723 1495 767 Peccasti,
1511 725 1675 772 quiesce.
1694 723 1882 760 Peccatum
1898 723 2086 761 dumtaxat
2102 725 2153 762 illi
2172 737 2246 765 Gen.
2273 736 2302 775 4.
2325 748 2354 776 7.

1146 786 1170 816 D
1195 780 1385 830 iudicavit,
1404 790 1437 819 et
1452 782 1630 819 consuluit
1647 796 1689 818 ne
1703 782 1850 819 ulterius
1864 783 2151 833 progrederetur.

1195 840 1330 880 Vidisti
1353 842 1522 879 bonitatis
1541 841 1815 879 excellentiam?
1828 841 1898 880 Sed
1912 842 1997 892 quia
2012 843 2071 880 ille
2085 859 2154 882 non

1194 902 1309 940 solum
1331 903 1420 940 nihil
1442 917 1487 940 ex
1507 912 1603 941 tanta
1625 902 1795 954 patientia
1816 903 2018 952 lucrifecit,
2040 903 2103 941 sed
2121 914 2154 942 et

1194 963 1357 1015 graviora
1380 963 1506 1016 primis
1527 963 1680 1016 adjecit,
1701 973 1807 1014 atque
1826 963 1871 1001 ad
1890 964 2012 1002 fratris
2034 979 2154 1003 necem

1191 1025 1412 1078 properavit,
1428 1026 1525 1063 Deus
1537 1025 1683 1075 quidem
1703 1025 1738 1062 in
1755 1039 1837 1062 eum
1853 1024 1973 1063 adbuc
1986 1039 2155 1076 magnam

1192 1086 1397 1124 ostendebat
1418 1086 1599 1124 leuitatem
1613 1116 1624 1135 ,
1645 1086 1866 1137 interrogans
1885 1086 1986 1138 prius
2013 1096 2046 1124 et
2064 1086 2154 1125 dans

1191 1148 1246 1186 illi
1266 1148 1517 1186 satisfactionis
1535 1148 1653 1185 locum
1669 1163 1676 1184 :
1690 1146 1752 1186 sed
1775 1147 1861 1198 quia
1878 1148 2008 1186 mansit
2035 1148 2155 1200 impu-

1192 1209 1293 1259 dens,
1311 1219 1394 1247 tunc
1410 1223 1548 1262 poenam
1567 1209 1688 1247 intulit
1704 1220 1739 1248 et
1750 1208 2007 1247 emendationis
2023 1211 2152 1261 gratia,

1192 1285 1270 1322 qua:
1284 1271 1390 1309 etiam
1405 1270 1482 1323 ipsa
1497 1271 1650 1308 multum
1663 1270 1818 1308 habebat
1832 1270 2083 1308 misericordiae
2094 1270 2155 1308 ad-

1193 1331 1487 1371 mixtum.Vides
1504 1331 1683 1382 quomodo
1695 1332 1805 1379 Deus,
1823 1331 1968 1382 quando
1983 1332 2018 1369 in
2036 1332 2155 1384 ipsum

1193 1392 1367 1445 peccavit,
1389 1401 1647 1445 peccatumque
1668 1406 1736 1430 non
1751 1393 1915 1444 vulgare,
1929 1392 2069 1431 dimisit
2101 1394 2153 1432 ei:

1190 1453 1334 1505 quando
1349 1463 1467 1492 autem
1488 1454 1524 1492 in
1543 1454 1689 1492 fratrem
1706 1454 1860 1492 armavit
1878 1454 2058 1504 dextram,
2076 1469 2155 1493 ma-

1190 1517 1364 1556 ledictum
1383 1518 1506 1556 intulit
1527 1527 1561 1557 et
1587 1518 1817 1571 increpavit?
1837 1519 1898 1558 Sic
1924 1533 2017 1557 nunc
2036 1528 2070 1557 et
2091 1533 2154 1557 nos

1143 1586 1166 1615 E
1192 1580 1384 1630 faciamus,
1400 1580 1862 1631 imitemurqueDominum
1876 1590 2055 1629 nostrum;
2077 1590 2110 1619 et
2124 1581 2153 1618 si

1189 1640 1276 1692 quid
1299 1640 1336 1679 in
1354 1655 1419 1679 nos
1439 1650 1626 1694 peccatum
1650 1642 1770 1691 fuerit,
1792 1642 1936 1680 veniam
1962 1642 2100 1691 demus,
2120 1652 2153 1680 et

1189 1703 1414 1741 remittamus
1433 1704 1477 1740 iis
1491 1703 1553 1754 qui
1577 1703 1614 1741 in
1644 1717 1707 1741 nos
1725 1703 1954 1754 deliquerunt
1976 1719 1983 1740 :
2007 1703 2152 1754 quando

1189 1773 1309 1803 autem
1336 1765 1371 1802 in
1387 1766 1505 1802 Deum
1525 1774 1708 1817 peecatum
1730 1766 1902 1815 refertur,
1922 1775 2007 1803 tunc
2031 1780 2151 1817 poenas

1188 1825 1387 1877 exigamus.
1403 1825 1474 1864 Sed
1494 1826 1610 1864 nescio
1625 1827 1686 1877 qui
1704 1826 1762 1876 tit,
1787 1836 1827 1864 ut
1845 1826 1964 1865 omnia
1984 1840 2084 1864 secus
2097 1827 2150 1864 fa-

1188 1886 1339 1936 ciamus,
1360 1886 1504 1924 omnino
1525 1896 1668 1939 peccata
1696 1901 1774 1938 quae
1803 1887 1850 1925 ad
1869 1889 1986 1925 Deum
2013 1887 2148 1940 pertin-

1187 1957 1288 1999 gunt,
1310 1948 1425 1986 inulta
1440 1962 1514 1986 esse
1533 1949 1711 1986 sinimus:
1733 1949 1762 1987 si
1783 1948 1864 2000 quis
1879 1958 1999 1987 autem
2018 1963 2147 2001 parum
2246 1979 2328 2017 Qui·
2322 1992 2351 2009 m

1186 2008 1303 2059 quid
1293 2024 1329 2047 m
1344 2023 1408 2047 nos
1425 2010 1637 2062 peccaverit,
1659 2010 1842 2062 ejusgrax
1846 2025 1881 2048 es
1901 2025 2025 2049 sumus
2046 2011 2144 2048 ulto—
2161 2030 2212 2048 nos
2239 2029 2352 2058 peccat,

1187 2084 1241 2108 res
1263 2079 1297 2108 et
1309 2080 1544 2120 accusatores,
1564 2071 1767 2122 ignorantes
1786 2085 1850 2109 nos
1868 2085 1907 2109 ea
1926 2071 2061 2109 ratione
2076 2072 2141 2109 mi·
2159 2061 2352 2132 ξξηωῦγὶῑιᾞ

1159 2131 1401 2186 fisericordem
1426 2132 1626 2170 Dominum
1648 2132 1762 2183 magis
1794 2132 2018 2171 exacerbare.
2037 2133 2143 2180 Quod
2160 2151 2268 2181 peccat
2296 2156 2352 2183 pu-

1125 2164 1174 2229 AG
1185 2192 1280 2230 enim
1296 2207 1372 2231 mos
1392 2194 1438 2231 sit
1447 2194 1523 2231 Deo
1541 2208 1634 2246 saepe
1655 2192 1836 2231 dimittere
1851 2208 1929 2245 quae
1947 2194 1983 2232 in
2002 2208 2037 2232 se
2055 2208 2143 2246 pee—
2159 2188 2268 2214 ''¹³²⁰''

1184 2263 1260 2292 cata
1280 2255 1424 2304 fuerint,
1444 2269 1570 2293 verum
1593 2269 1671 2306 quae
1699 2255 1734 2293 in
1761 2256 1981 2307 proximum,
1998 2269 2037 2293 ea
2061 2270 2143 2294 cum

1182 2330 1311 2368 magna
1331 2317 1519 2355 severitate
1539 2317 1749 2368 exquirere,
1775 2316 1860 2355 audi
1890 2317 2035 2355 beatum
2050 2319 2143 2356 Pau-

1182 2378 1259 2416 lum
1284 2379 1481 2417 dicentem:
1501 2380 1542 2418 Si
1561 2382 1647 2431 quis
1666 2392 1825 2416 uxorem
1855 2380 1972 2416 habet
1997 2379 2142 2432 inside-
2162 2400 2187 2419 1.
2208 2391 2280 2420 Cor.
2293 2403 2322 2432 7.

1184 2441 1273 2488 lem,
1291 2449 1326 2478 et
1343 2443 1416 2493 ipsi
1428 2449 1585 2493 gratum
1595 2441 1718 2491 suerit
1731 2441 1959 2478 cohabitare
1974 2441 2049 2483 illi,
2065 2454 2143 2477 non
2162 2441 2206 2461 ¹²·
2233 2433 2279 2461 ¹3·

1183 2502 1355 2539 dimittat
1371 2502 1496 2539 illam.
1508 2503 1561 2539 Et
1575 2503 1609 2539 si
1626 2515 1704 2553 qua
1725 2501 1864 2538 mulier
1879 2502 1995 2538 habet
2012 2503 2142 2538 virum

1182 2564 1396 2616 itisidelem,
1417 2572 1453 2601 et
1471 2565 1535 2601 hic
1549 2566 1741 2601 consentit
1758 2564 1937 2600 hahitare
1949 2577 2034 2600 cum
2051 2563 2138 2610 illa,

1184 2639 1264 2663 non
1283 2627 1458 2662 dimittat
1482 2625 1610 2661 illam.
1633 2623 1768 2662 Vidisti
1790 2633 1920 2674 quanta
1942 2623 1993 2660 ibi
2015 2623 2141 2661 indul-

1182 2685 1484 2738 gentiaPEtiamsi
1502 2684 1645 2736 gentilis
1665 2684 1785 2732 fuerit,
1803 2685 1941 2722 etiamsi
1957 2684 2114 2722 infidelis
2129 2713 2139 2732 ,

1181 2747 1304 2800 probet
1329 2756 1447 2784 autem
1475 2745 1791 2791 cohabitationem,
1812 2759 1880 2782 non
1906 2745 2071 2797 refugiat.
2092 2745 2140 2782 Et

1182 2809 1313 2845 iterum
1336 2822 1344 2842 :
1368 2808 1457 2844 Etsi
1474 2806 1634 2857 gentilis
1649 2806 1780 2857 suerit
1801 2806 1955 2852 mulier,
1979 2808 2052 2843 etsi
2074 2808 2139 2842 in-

1168 2869 1322 2922 fidelis,
1335 2868 1500 2920 ‘vultque
1529 2868 1766 2914 cohabitare,
1782 2880 1860 2903 non
1874 2867 2049 2918 repellat.
2065 2861 2231 2918 ριιῖηιιίι.
2243 2892 2270 2909 v.
2292 2881 2341 2908 1³7,

1133 2931 1155 2960 Β
1178 2933 1267 2977 scis,
1303 2929 1439 2980 inquit,
1471 2929 1627 2974 mulier,
1654 2941 1745 2965 mim
1771 2930 1902 2965 ‘virum
1935 2929 2140 2966 salvatura

1175 2995 1227 3030 sis
1240 2996 1335 3028 Paut
1349 2993 1416 3042 qui
1431 2992 1519 3039 scis,
1539 2992 1615 3034 vir,
1639 3003 1728 3025 mim
1746 2989 1945 3027 mulierem
1963 2991 2138 3028 salvatu-

1174 3066 1239 3090 rus
1259 3055 1311 3090 sis
1330 3055 1346 3087 P
1368 3050 1463 3089 Vide
1479 3048 1656 3100 quomodo
1673 3063 1742 3087 non
1766 3050 1932 3101 prohibet
1950 3051 2138 3088 infidelem

1173 3112 1378 3165 quempiam
1406 3111 1459 3148 vel
1481 3110 1686 3162 quampiam
1714 3110 1747 3148 in
1770 3112 1992 3149 contubernii
2027 3112 2140 3164 legem

1173 3175 1320 3213 assumi.
1344 3172 1437 3211 Audi
1461 3173 1591 3209 iterum
1619 3172 1738 3224 ipsum
1758 3172 1943 3211 Christum
1963 3173 2139 3212 dicentem

1173 3235 1384 3288 discipulis:
1403 3235 1504 3271 Dico
1525 3235 1627 3270 enim
1647 3235 1775 3281 vobis,
1798 3237 1922 3273 omnis
1943 3238 2010 3287 qui
2028 3237 2263 3279 ‹limi-Mam..
2286 3250 2315 3279 5,

1174 3300 1266 3335 serit
1286 3309 1443 3334 uxorem
1467 3308 1576 3332 suam
1589 3303 1749 3346 excepta
1769 3309 1889 3333 causa
1907 3297 2138 3346 fornicatio·
2151 3293 2201 3321 3²·

1176 3360 1370 3410 nis,sacit
1398 3357 1512 3395 illam
1537 3357 1734 3395 moechari.
1765 3357 1892 3408 Ingens
1918 3357 2134 3410 benignitas.
