<?xml version="1.0" encoding="UTF-8"?>
<!DOCTYPE html PUBLIC "-//W3C//DTD XHTML 1.0 Transitional//EN"
    "http://www.w3.org/TR/xhtml1/DTD/xhtml1-transitional.dtd">
<html xmlns="http://www.w3.org/1999/xhtml" xml:lang="en" lang="en">
 <head>
  <title>
</title>
<meta http-equiv="Content-Type" content="text/html;charset=utf-8" />
  <meta name='ocr-system' content='tesseract 3.04.00' />
  <meta name='ocr-capabilities' content='ocr_page ocr_carea ocr_par ocr_line ocrx_word'/>
</head>
<body>
  <div class='ocr_page' id='page_1' title='image "./operaomniaquaeex04johnuoft_0119.png"; bbox 0 0 2483 3791; ppageno 0'>
   <div class='ocr_carea' id='block_1_1' title="bbox 750 239 1012 273">
    <p class='ocr_par' dir='ltr' id='par_1_1' title="bbox 750 239 1012 273">
     <span class='ocr_line' id='line_1_1' title="bbox 750 239 1012 273; baseline -0.008 -3"><span class='ocrx_word' id='word_1_1' title='bbox 750 240 790 270; x_wconf 80' lang='grc' dir='ltr'>ΙΝ</span> <span class='ocrx_word' id='word_1_2' title='bbox 826 240 925 273; x_wconf 74' lang='grc' dir='ltr'>ΕΑΡ.</span> <span class='ocrx_word' id='word_1_3' title='bbox 966 239 1012 269; x_wconf 84' lang='grc' dir='ltr'>Η.</span> 
     </span>
    </p>
   </div>
   <div class='ocr_carea' id='block_1_2' title="bbox 90 321 1143 3067">
    <p class='ocr_par' dir='ltr' id='par_1_2' title="bbox 90 321 1143 3067">
     <span class='ocr_line' id='line_1_2' title="bbox 125 321 1140 376; baseline -0.005 -11"><span class='ocrx_word' id='word_1_4' title='bbox 125 325 282 373; x_wconf 83' lang='grc' dir='ltr'>νηστείας</span> <span class='ocrx_word' id='word_1_5' title='bbox 311 325 546 371; x_wconf 76' lang='grc' dir='ltr'>κατεσκληκὸς</span> <span class='ocrx_word' id='word_1_6' title='bbox 580 325 689 362; x_wconf 82' lang='grc' dir='ltr'>δεῖται</span> <span class='ocrx_word' id='word_1_7' title='bbox 727 329 854 376; x_wconf 77' lang='grc' dir='ltr'>μικρᾶς</span> <span class='ocrx_word' id='word_1_8' title='bbox 887 321 1034 367; x_wconf 82' lang='grc' dir='ltr'>ἀνέσεως</span> <span class='ocrx_word' id='word_1_9' title='bbox 1047 353 1056 371; x_wconf 90' lang='grc'>,</span> <span class='ocrx_word' id='word_1_10' title='bbox 1097 322 1140 361; x_wconf 76' lang='grc' dir='ltr'>ἵν’</span> 
     </span>
     <span class='ocr_line' id='line_1_3' title="bbox 124 383 1142 438; baseline -0.004 -13"><span class='ocrx_word' id='word_1_11' title='bbox 124 387 212 425; x_wconf 77' lang='grc' dir='ltr'>οὕτω</span> <span class='ocrx_word' id='word_1_12' title='bbox 232 387 336 425; x_wconf 75' lang='grc' dir='ltr'>πάλιν</span> <span class='ocrx_word' id='word_1_13' title='bbox 357 386 557 438; x_wconf 69' lang='grc' dir='ltr'>ἀκμαζούοῃ</span> <span class='ocrx_word' id='word_1_14' title='bbox 582 387 625 437; x_wconf 79' lang='grc' dir='ltr'>τῇ</span> <span class='ocrx_word' id='word_1_15' title='bbox 658 384 834 438; x_wconf 73' lang='grc' dir='ltr'>προθυμία</span> <span class='ocrx_word' id='word_1_16' title='bbox 860 384 946 437; x_wconf 84' lang='grc' dir='ltr'>πρὸς</span> <span class='ocrx_word' id='word_1_17' title='bbox 977 383 1056 428; x_wconf 75' lang='grc' dir='ltr'>τοὺς</span> <span class='ocrx_word' id='word_1_18' title='bbox 1081 386 1142 430; x_wconf 76' lang='grc' dir='ltr'>τῆς</span> 
     </span>
     <span class='ocr_line' id='line_1_4' title="bbox 123 444 1140 499; baseline -0.002 -15"><span class='ocrx_word' id='word_1_19' title='bbox 123 447 280 494; x_wconf 89' lang='grc' dir='ltr'>νηστείας</span> <span class='ocrx_word' id='word_1_20' title='bbox 300 448 435 499; x_wconf 78' lang='grc' dir='ltr'>ἀγῶνας</span> <span class='ocrx_word' id='word_1_21' title='bbox 462 446 745 493; x_wconf 76' lang='grc' dir='ltr'>ε’παποδύσηται·</span> <span class='ocrx_word' id='word_1_22' title='bbox 779 445 869 484; x_wconf 77' lang='grc' dir='ltr'>οὕτω</span> <span class='ocrx_word' id='word_1_23' title='bbox 903 444 962 483; x_wconf 81' lang='grc' dir='ltr'>καὶ</span> <span class='ocrx_word' id='word_1_24' title='bbox 992 448 1014 492; x_wconf 83' lang='grc' dir='ltr'>ἡ</span> <span class='ocrx_word' id='word_1_25' title='bbox 1043 444 1140 498; x_wconf 71' lang='grc' dir='ltr'>ψυχὴ</span> 
     </span>
     <span class='ocr_line' id='line_1_5' title="bbox 121 505 1143 560; baseline -0.002 -15"><span class='ocrx_word' id='word_1_26' title='bbox 121 507 243 560; x_wconf 76' lang='grc' dir='ltr'>χρῄζει</span> <span class='ocrx_word' id='word_1_27' title='bbox 273 507 545 546; x_wconf 71' lang='grc' dir='ltr'>διαναπαύεσθαι</span> <span class='ocrx_word' id='word_1_28' title='bbox 571 507 630 545; x_wconf 76' lang='grc' dir='ltr'>καὶ</span> <span class='ocrx_word' id='word_1_29' title='bbox 661 506 828 545; x_wconf 79' lang='grc' dir='ltr'>ἀνίεσθαι.</span> <span class='ocrx_word' id='word_1_30' title='bbox 867 506 959 545; x_wconf 80' lang='grc' dir='ltr'>Οὔτε</span> <span class='ocrx_word' id='word_1_31' title='bbox 987 506 1055 558; x_wconf 69' lang='grc' dir='ltr'>γὰρ</span> <span class='ocrx_word' id='word_1_32' title='bbox 1089 505 1143 543; x_wconf 68' lang='grc' dir='ltr'>ἀεὶ</span> 
     </span>
     <span class='ocr_line' id='line_1_6' title="bbox 121 565 1142 621; baseline -0.003 -15"><span class='ocrx_word' id='word_1_33' title='bbox 121 568 335 606; x_wconf 76' lang='grc' dir='ltr'>κατατείνειν</span> <span class='ocrx_word' id='word_1_34' title='bbox 365 568 455 621; x_wconf 69' lang='grc' dir='ltr'>χρὴ,</span> <span class='ocrx_word' id='word_1_35' title='bbox 484 567 561 608; x_wconf 79' lang='grc' dir='ltr'>οὔτε</span> <span class='ocrx_word' id='word_1_36' title='bbox 589 567 624 606; x_wconf 79' lang='grc' dir='ltr'>δὲ</span> <span class='ocrx_word' id='word_1_37' title='bbox 658 567 814 614; x_wconf 68' lang='grc' dir='ltr'>ἀνιέναι,</span> <span class='ocrx_word' id='word_1_38' title='bbox 843 566 931 605; x_wconf 66' lang='grc' dir='ltr'>ἀλλὰ</span> <span class='ocrx_word' id='word_1_39' title='bbox 965 566 1049 605; x_wconf 82' lang='grc' dir='ltr'>ποτὲ</span> <span class='ocrx_word' id='word_1_40' title='bbox 1079 565 1142 616; x_wconf 81' lang='grc' dir='ltr'>μὲν</span> 
     </span>
     <span class='ocr_line' id='line_1_7' title="bbox 121 626 1142 678; baseline -0.003 -11"><span class='ocrx_word' id='word_1_41' title='bbox 121 632 240 676; x_wconf 82' lang='grc' dir='ltr'>τοῦτο,</span> <span class='ocrx_word' id='word_1_42' title='bbox 260 629 343 668; x_wconf 78' lang='grc' dir='ltr'>ποτὲ</span> <span class='ocrx_word' id='word_1_43' title='bbox 364 630 399 668; x_wconf 80' lang='grc' dir='ltr'>δὲ</span> <span class='ocrx_word' id='word_1_44' title='bbox 420 633 530 670; x_wconf 81' lang='grc' dir='ltr'>ἐκεῖνο</span> <span class='ocrx_word' id='word_1_45' title='bbox 547 636 670 674; x_wconf 84' lang='grc' dir='ltr'>ποιεῖν,</span> <span class='ocrx_word' id='word_1_46' title='bbox 691 629 751 667; x_wconf 68' lang='grc' dir='ltr'>καὶ</span> <span class='ocrx_word' id='word_1_47' title='bbox 782 627 890 672; x_wconf 81' lang='grc' dir='ltr'>οὕτως</span> <span class='ocrx_word' id='word_1_48' title='bbox 911 630 1062 678; x_wconf 75' lang='grc' dir='ltr'>ἡνιοχεῖν</span> <span class='ocrx_word' id='word_1_49' title='bbox 1083 626 1142 665; x_wconf 81' lang='grc' dir='ltr'>καὶ</span> 
     </span>
     <span class='ocr_line' id='line_1_8' title="bbox 123 687 1143 743; baseline 0.005 -16"><span class='ocrx_word' id='word_1_50' title='bbox 123 693 184 736; x_wconf 77' lang='grc' dir='ltr'>τῆς</span> <span class='ocrx_word' id='word_1_51' title='bbox 202 692 318 743; x_wconf 70' lang='grc' dir='ltr'>ψυχῆς</span> <span class='ocrx_word' id='word_1_52' title='bbox 335 690 396 737; x_wconf 78' lang='grc' dir='ltr'>τὴν</span> <span class='ocrx_word' id='word_1_53' title='bbox 415 692 645 737; x_wconf 79' lang='grc' dir='ltr'>κατάστασιν,</span> <span class='ocrx_word' id='word_1_54' title='bbox 660 689 743 728; x_wconf 68' lang='lat' dir='ltr'>‘xuni</span> <span class='ocrx_word' id='word_1_55' title='bbox 760 691 822 735; x_wconf 71' lang='grc' dir='ltr'>τῆς</span> <span class='ocrx_word' id='word_1_56' title='bbox 837 688 964 742; x_wconf 75' lang='grc' dir='ltr'>σαρκὸς</span> <span class='ocrx_word' id='word_1_57' title='bbox 981 687 1025 725; x_wconf 70' lang='grc' dir='ltr'>τὰ</span> <span class='ocrx_word' id='word_1_58' title='bbox 1041 702 1143 740; x_wconf 64' lang='grc' dir='ltr'>σκίρ-</span> 
     </span>
     <span class='ocr_line' id='line_1_9' title="bbox 123 747 1142 803; baseline -0.004 -15"><span class='ocrx_word' id='word_1_59' title='bbox 123 751 277 802; x_wconf 73' lang='grc' dir='ltr'>τηματα.</span> <span class='ocrx_word' id='word_1_60' title='bbox 299 750 441 802; x_wconf 80' lang='grc' dir='ltr'>Ὥσπερ</span> <span class='ocrx_word' id='word_1_61' title='bbox 456 751 523 803; x_wconf 75' lang='grc' dir='ltr'>γὰρ</span> <span class='ocrx_word' id='word_1_62' title='bbox 545 751 584 789; x_wconf 83' lang='grc' dir='ltr'>τὸ</span> <span class='ocrx_word' id='word_1_63' title='bbox 606 750 659 788; x_wconf 76' lang='grc' dir='ltr'>ἀεὶ</span> <span class='ocrx_word' id='word_1_64' title='bbox 681 748 894 789; x_wconf 85' lang='grc' dir='ltr'>κατατείνειν</span> <span class='ocrx_word' id='word_1_65' title='bbox 923 754 993 791; x_wconf 86' lang='grc' dir='ltr'>τοῖς</span> <span class='ocrx_word' id='word_1_66' title='bbox 1025 747 1142 790; x_wconf 86' lang='grc' dir='ltr'>πόνοις</span> 
     </span>
     <span class='ocr_line' id='line_1_10' title="bbox 122 809 1142 856; baseline -0.004 -6"><span class='ocrx_word' id='word_1_67' title='bbox 122 812 323 856; x_wconf 74' lang='grc' dir='ltr'>ἀποκναίειν</span> <span class='ocrx_word' id='word_1_68' title='bbox 342 817 435 851; x_wconf 87' lang='grc' dir='ltr'>ποιεῖ</span> <span class='ocrx_word' id='word_1_69' title='bbox 460 812 519 850; x_wconf 82' lang='grc' dir='ltr'>καὶ</span> <span class='ocrx_word' id='word_1_70' title='bbox 546 811 773 850; x_wconf 76' lang='grc' dir='ltr'>ἀναπίπτειν·</span> <span class='ocrx_word' id='word_1_71' title='bbox 791 809 882 848; x_wconf 79' lang='grc' dir='ltr'>οὕτω</span> <span class='ocrx_word' id='word_1_72' title='bbox 911 809 952 847; x_wconf 81' lang='grc' dir='ltr'>τὸ</span> <span class='ocrx_word' id='word_1_73' title='bbox 976 810 1142 856; x_wconf 79' lang='grc' dir='ltr'>διηνεκῶς</span> 
     </span>
     <span class='ocr_line' id='line_1_11' title="bbox 122 870 1139 927; baseline -0.002 -18"><span class='ocrx_word' id='word_1_74' title='bbox 122 872 254 910; x_wconf 77' lang='grc' dir='ltr'>ἀνιέναι</span> <span class='ocrx_word' id='word_1_75' title='bbox 269 875 314 916; x_wconf 83' lang='grc' dir='ltr'>εἷς</span> <span class='ocrx_word' id='word_1_76' title='bbox 336 872 506 927; x_wconf 71' lang='grc' dir='ltr'>ῥαθυμίαν</span> <span class='ocrx_word' id='word_1_77' title='bbox 522 872 612 923; x_wconf 80' lang='grc' dir='ltr'>ἄγει.</span> <span class='ocrx_word' id='word_1_78' title='bbox 632 873 746 910; x_wconf 76' lang='grc' dir='ltr'>Τοῦτο</span> <span class='ocrx_word' id='word_1_79' title='bbox 759 870 818 908; x_wconf 85' lang='grc' dir='ltr'>καὶ</span> <span class='ocrx_word' id='word_1_80' title='bbox 836 870 894 908; x_wconf 80' lang='grc' dir='ltr'>ἐπὶ</span> <span class='ocrx_word' id='word_1_81' title='bbox 922 873 984 916; x_wconf 73' lang='grc' dir='ltr'>τῆς</span> <span class='ocrx_word' id='word_1_82' title='bbox 999 871 1115 921; x_wconf 75' lang='grc' dir='ltr'>ψυχῆς</span> <span class='ocrx_word' id='word_1_83' title='bbox 1129 898 1139 918; x_wconf 93' lang='grc'>,</span> 
     </span>
     <span class='ocr_line' id='line_1_12' title="bbox 122 929 1142 984; baseline -0.002 -13"><span class='ocrx_word' id='word_1_84' title='bbox 122 933 180 972; x_wconf 72' lang='grc' dir='ltr'>καὶ</span> <span class='ocrx_word' id='word_1_85' title='bbox 196 933 252 971; x_wconf 77' lang='grc' dir='ltr'>ἐπὶ</span> <span class='ocrx_word' id='word_1_86' title='bbox 271 937 330 971; x_wconf 78' lang='grc' dir='ltr'>τοῦ</span> <span class='ocrx_word' id='word_1_87' title='bbox 351 933 511 984; x_wconf 80' lang='grc' dir='ltr'>σώματος</span> <span class='ocrx_word' id='word_1_88' title='bbox 526 933 716 984; x_wconf 68' lang='grc' dir='ltr'>συμὸαῖνον</span> <span class='ocrx_word' id='word_1_89' title='bbox 734 930 801 969; x_wconf 81' lang='grc' dir='ltr'>ἴδοι</span> <span class='ocrx_word' id='word_1_90' title='bbox 817 947 870 976; x_wconf 89' lang='grc' dir='ltr'>τις</span> <span class='ocrx_word' id='word_1_91' title='bbox 889 931 942 970; x_wconf 79' lang='grc' dir='ltr'>ἄν.</span> <span class='ocrx_word' id='word_1_92' title='bbox 957 929 1024 969; x_wconf 82' lang='grc' dir='ltr'>Διὰ</span> <span class='ocrx_word' id='word_1_93' title='bbox 1042 933 1142 969; x_wconf 76' lang='grc' dir='ltr'>τοῦτο</span> 
     </span>
     <span class='ocr_line' id='line_1_13' title="bbox 121 992 1141 1047; baseline -0.002 -15"><span class='ocrx_word' id='word_1_94' title='bbox 121 997 301 1046; x_wconf 69' lang='grc' dir='ltr'>πανταχοῦ</span> <span class='ocrx_word' id='word_1_95' title='bbox 326 997 348 1041; x_wconf 83' lang='grc' dir='ltr'>ἡ</span> <span class='ocrx_word' id='word_1_96' title='bbox 380 993 579 1047; x_wconf 79' lang='grc' dir='ltr'>συμμετρία</span> <span class='ocrx_word' id='word_1_97' title='bbox 599 993 718 1031; x_wconf 84' lang='grc' dir='ltr'>καλόν.</span> <span class='ocrx_word' id='word_1_98' title='bbox 743 992 759 1013; x_wconf 85' lang='lat'>‘¹</span> <span class='ocrx_word' id='word_1_99' title='bbox 778 992 847 1031; x_wconf 80' lang='grc' dir='ltr'>Καὶ</span> <span class='ocrx_word' id='word_1_100' title='bbox 866 994 968 1031; x_wconf 71' lang='grc' dir='ltr'>τοῗτο</span> <span class='ocrx_word' id='word_1_101' title='bbox 988 992 1071 1030; x_wconf 77' lang='grc' dir='ltr'>αὐτὸ</span> <span class='ocrx_word' id='word_1_102' title='bbox 1093 993 1141 1030; x_wconf 85' lang='grc' dir='ltr'>δι-</span> 
     </span>
     <span class='ocr_line' id='line_1_14' title="bbox 121 1055 1141 1107; baseline -0.002 -15"><span class='ocrx_word' id='word_1_103' title='bbox 121 1055 241 1094; x_wconf 84' lang='grc' dir='ltr'>δάσκει</span> <span class='ocrx_word' id='word_1_104' title='bbox 264 1058 358 1107; x_wconf 79' lang='grc' dir='ltr'>ἡμᾶς</span> <span class='ocrx_word' id='word_1_105' title='bbox 381 1058 485 1094; x_wconf 84' lang='grc' dir='ltr'>ὁτῶν</span> <span class='ocrx_word' id='word_1_106' title='bbox 511 1055 598 1094; x_wconf 79' lang='grc' dir='ltr'>ὅλων</span> <span class='ocrx_word' id='word_1_107' title='bbox 625 1055 736 1103; x_wconf 83' lang='grc' dir='ltr'>Θεὸς,</span> <span class='ocrx_word' id='word_1_108' title='bbox 771 1055 830 1093; x_wconf 82' lang='grc' dir='ltr'>καὶ</span> <span class='ocrx_word' id='word_1_109' title='bbox 858 1055 902 1092; x_wconf 81' lang='grc' dir='ltr'>δι’</span> <span class='ocrx_word' id='word_1_110' title='bbox 934 1056 1045 1092; x_wconf 84' lang='grc' dir='ltr'>αὐτῶν</span> <span class='ocrx_word' id='word_1_111' title='bbox 1072 1055 1141 1091; x_wconf 83' lang='grc' dir='ltr'>τῶν</span> 
     </span>
     <span class='ocr_line' id='line_1_15' title="bbox 121 1115 1140 1171; baseline 0 -17"><span class='ocrx_word' id='word_1_112' title='bbox 121 1118 449 1171; x_wconf 77' lang='grc' dir='ltr'>δημιουργημοίτων,</span> <span class='ocrx_word' id='word_1_113' title='bbox 485 1117 506 1156; x_wconf 84' lang='grc' dir='ltr'>ἃ</span> <span class='ocrx_word' id='word_1_114' title='bbox 542 1118 627 1169; x_wconf 80' lang='grc' dir='ltr'>πρὸς</span> <span class='ocrx_word' id='word_1_115' title='bbox 664 1117 726 1165; x_wconf 78' lang='grc' dir='ltr'>τὴν</span> <span class='ocrx_word' id='word_1_116' title='bbox 763 1115 936 1169; x_wconf 81' lang='grc' dir='ltr'>ἡμετέραν</span> <span class='ocrx_word' id='word_1_117' title='bbox 975 1115 1140 1155; x_wconf 88' lang='grc' dir='ltr'>σύστασιν</span> 
     </span>
     <span class='ocr_line' id='line_1_16' title="bbox 121 1176 1142 1232; baseline -0.002 -16"><span class='ocrx_word' id='word_1_118' title='bbox 121 1178 317 1232; x_wconf 70' lang='grc' dir='ltr'>παρήγαγε.</span> <span class='ocrx_word' id='word_1_119' title='bbox 341 1179 409 1218; x_wconf 75' lang='grc' dir='ltr'>Καὶ</span> <span class='ocrx_word' id='word_1_120' title='bbox 429 1178 486 1216; x_wconf 76' lang='grc' dir='ltr'>ἵνα</span> <span class='ocrx_word' id='word_1_121' title='bbox 504 1179 655 1229; x_wconf 77' lang='grc' dir='ltr'>μάθητε,</span> <span class='ocrx_word' id='word_1_122' title='bbox 675 1178 733 1217; x_wconf 76' lang='grc' dir='ltr'>ἐπὶ</span> <span class='ocrx_word' id='word_1_123' title='bbox 751 1181 813 1225; x_wconf 77' lang='grc' dir='ltr'>τῆς</span> <span class='ocrx_word' id='word_1_124' title='bbox 841 1178 976 1231; x_wconf 79' lang='grc' dir='ltr'>ἡμέρας</span> <span class='ocrx_word' id='word_1_125' title='bbox 1000 1176 1061 1215; x_wconf 81' lang='grc' dir='ltr'>καὶ</span> <span class='ocrx_word' id='word_1_126' title='bbox 1079 1180 1142 1224; x_wconf 79' lang='grc' dir='ltr'>τῆς</span> 
     </span>
     <span class='ocr_line' id='line_1_17' title="bbox 121 1239 1140 1292; baseline -0.001 -15"><span class='ocrx_word' id='word_1_127' title='bbox 121 1240 262 1287; x_wconf 81' lang='grc' dir='ltr'>νυκτὸς,</span> <span class='ocrx_word' id='word_1_128' title='bbox 277 1243 336 1278; x_wconf 69' lang='grc' dir='ltr'>τοῦ</span> <span class='ocrx_word' id='word_1_129' title='bbox 355 1240 464 1292; x_wconf 74' lang='grc' dir='ltr'>φωτὸς</span> <span class='ocrx_word' id='word_1_130' title='bbox 482 1240 575 1291; x_wconf 82' lang='grc' dir='ltr'>λέγω</span> <span class='ocrx_word' id='word_1_131' title='bbox 600 1241 659 1278; x_wconf 75' lang='grc' dir='ltr'>καὶ</span> <span class='ocrx_word' id='word_1_132' title='bbox 677 1244 737 1279; x_wconf 75' lang='grc' dir='ltr'>τοῦ</span> <span class='ocrx_word' id='word_1_133' title='bbox 769 1239 932 1286; x_wconf 82' lang='grc' dir='ltr'>σκότους,</span> <span class='ocrx_word' id='word_1_134' title='bbox 962 1239 1019 1278; x_wconf 77' lang='grc' dir='ltr'>τὸν</span> <span class='ocrx_word' id='word_1_135' title='bbox 1039 1239 1140 1291; x_wconf 89' lang='grc' dir='ltr'>λόγον</span> 
     </span>
     <span class='ocr_line' id='line_1_18' title="bbox 120 1299 1140 1354; baseline -0.001 -16"><span class='ocrx_word' id='word_1_136' title='bbox 120 1300 367 1351; x_wconf 81' lang='grc' dir='ltr'>γυμνάσωμεν.</span> <span class='ocrx_word' id='word_1_137' title='bbox 387 1301 532 1348; x_wconf 76' lang='grc' dir='ltr'>Ἐπειδὴ</span> <span class='ocrx_word' id='word_1_138' title='bbox 546 1301 613 1354; x_wconf 72' lang='grc' dir='ltr'>γὰρ</span> <span class='ocrx_word' id='word_1_139' title='bbox 638 1300 700 1348; x_wconf 69' lang='grc' dir='ltr'>τὴν</span> <span class='ocrx_word' id='word_1_140' title='bbox 732 1301 796 1352; x_wconf 78' lang='grc' dir='ltr'>μὲν</span> <span class='ocrx_word' id='word_1_141' title='bbox 815 1300 950 1354; x_wconf 76' lang='grc' dir='ltr'>ἡμέραν</span> <span class='ocrx_word' id='word_1_142' title='bbox 967 1299 1140 1353; x_wconf 68' lang='grc' dir='ltr'>ἀφώρισεν</span> 
     </span>
     <span class='ocr_line' id='line_1_19' title="bbox 119 1361 1141 1416; baseline 0.001 -17"><span class='ocrx_word' id='word_1_143' title='bbox 119 1363 198 1399; x_wconf 50' lang='grc' dir='ltr'>’Ἐπ’</span> <span class='ocrx_word' id='word_1_144' title='bbox 219 1361 364 1416; x_wconf 73' lang='grc' dir='ltr'>ἐργασίᾳ</span> <span class='ocrx_word' id='word_1_145' title='bbox 382 1364 424 1413; x_wconf 82' lang='grc' dir='ltr'>τῇ</span> <span class='ocrx_word' id='word_1_146' title='bbox 443 1365 511 1400; x_wconf 84' lang='grc' dir='ltr'>τῶν</span> <span class='ocrx_word' id='word_1_147' title='bbox 534 1361 725 1413; x_wconf 79' lang='grc' dir='ltr'>ἀνθρώπων</span> <span class='ocrx_word' id='word_1_148' title='bbox 745 1361 861 1414; x_wconf 80' lang='grc' dir='ltr'>φύσει,</span> <span class='ocrx_word' id='word_1_149' title='bbox 877 1362 916 1400; x_wconf 84' lang='grc' dir='ltr'>τὸ</span> <span class='ocrx_word' id='word_1_150' title='bbox 937 1361 974 1400; x_wconf 78' lang='grc' dir='ltr'>δὲ</span> <span class='ocrx_word' id='word_1_151' title='bbox 992 1364 1054 1408; x_wconf 74' lang='grc' dir='ltr'>τῆς</span> <span class='ocrx_word' id='word_1_152' title='bbox 1078 1378 1141 1400; x_wconf 86' lang='grc' dir='ltr'>νυ-</span> 
     </span>
     <span class='ocr_line' id='line_1_20' title="bbox 120 1422 1141 1474; baseline 0.003 -15"><span class='ocrx_word' id='word_1_153' title='bbox 120 1422 198 1465; x_wconf 79' lang='grc' dir='ltr'>κτὸς</span> <span class='ocrx_word' id='word_1_154' title='bbox 228 1422 349 1466; x_wconf 79' lang='grc' dir='ltr'>σκότος</span> <span class='ocrx_word' id='word_1_155' title='bbox 384 1423 431 1466; x_wconf 89' lang='grc' dir='ltr'>εἷς</span> <span class='ocrx_word' id='word_1_156' title='bbox 460 1422 574 1461; x_wconf 80' lang='grc' dir='ltr'>ἄνεσιν</span> <span class='ocrx_word' id='word_1_157' title='bbox 603 1422 663 1460; x_wconf 72' lang='grc' dir='ltr'>καὶ</span> <span class='ocrx_word' id='word_1_158' title='bbox 696 1422 885 1474; x_wconf 76' lang='grc' dir='ltr'>ἀνακωχῆν</span> <span class='ocrx_word' id='word_1_159' title='bbox 916 1425 985 1461; x_wconf 77' lang='grc' dir='ltr'>τῶν</span> <span class='ocrx_word' id='word_1_160' title='bbox 1012 1423 1141 1473; x_wconf 81' lang='grc' dir='ltr'>πόνων,</span> 
     </span>
     <span class='ocr_line' id='line_1_21' title="bbox 121 1482 1143 1537; baseline 0.001 -16"><span class='ocrx_word' id='word_1_161' title='bbox 121 1482 230 1536; x_wconf 84' lang='grc' dir='ltr'>μέτρα</span> <span class='ocrx_word' id='word_1_162' title='bbox 251 1483 310 1522; x_wconf 78' lang='grc' dir='ltr'>καὶ</span> <span class='ocrx_word' id='word_1_163' title='bbox 324 1483 423 1535; x_wconf 77' lang='grc' dir='ltr'>ὅρους</span> <span class='ocrx_word' id='word_1_164' title='bbox 442 1483 617 1537; x_wconf 82' lang='grc' dir='ltr'>ἑκατέροις</span> <span class='ocrx_word' id='word_1_165' title='bbox 635 1484 772 1532; x_wconf 82' lang='grc' dir='ltr'>ἔπηξεν,</span> <span class='ocrx_word' id='word_1_166' title='bbox 791 1484 882 1523; x_wconf 79' lang='grc' dir='ltr'>ὥστε</span> <span class='ocrx_word' id='word_1_167' title='bbox 912 1484 971 1523; x_wconf 83' lang='grc' dir='ltr'>καὶ</span> <span class='ocrx_word' id='word_1_168' title='bbox 987 1485 1143 1529; x_wconf 87' lang='grc' dir='ltr'>ἅπαντας</span> 
     </span>
     <span class='ocr_line' id='line_1_22' title="bbox 119 1545 1141 1601; baseline 0.004 -19"><span class='ocrx_word' id='word_1_169' title='bbox 119 1550 213 1594; x_wconf 78' lang='grc' dir='ltr'>ἡμᾶς</span> <span class='ocrx_word' id='word_1_170' title='bbox 250 1548 311 1591; x_wconf 70' lang='grc' dir='ltr'>τῆς</span> <span class='ocrx_word' id='word_1_171' title='bbox 344 1545 472 1582; x_wconf 80' lang='grc' dir='ltr'>ἐκεῖθεν</span> <span class='ocrx_word' id='word_1_172' title='bbox 499 1545 697 1599; x_wconf 79' lang='grc' dir='ltr'>εὐεργεσίας</span> <span class='ocrx_word' id='word_1_173' title='bbox 729 1545 930 1585; x_wconf 83' lang='grc' dir='ltr'>ἀπολαύειν.</span> <span class='ocrx_word' id='word_1_174' title='bbox 955 1546 1042 1585; x_wconf 71' lang='lat' dir='ltr'>“Ort</span> <span class='ocrx_word' id='word_1_175' title='bbox 1073 1547 1141 1601; x_wconf 83' lang='grc' dir='ltr'>γὰρ</span> 
     </span>
     <span class='ocr_line' id='line_1_23' title="bbox 90 1602 1139 1660; baseline 0.006 -19"><span class='ocrx_word' id='word_1_176' title='bbox 90 1632 98 1637; x_wconf 29' lang='grc' dir='ltr'>ι</span> <span class='ocrx_word' id='word_1_177' title='bbox 119 1603 158 1641; x_wconf 83' lang='grc' dir='ltr'>τὸ</span> <span class='ocrx_word' id='word_1_178' title='bbox 182 1607 253 1657; x_wconf 73' lang='grc' dir='ltr'>φῶς</span> <span class='ocrx_word' id='word_1_179' title='bbox 273 1602 287 1625; x_wconf 72' lang='lat'><em>¹</em></span> <span class='ocrx_word' id='word_1_180' title='bbox 301 1607 361 1651; x_wconf 74' lang='grc' dir='ltr'>τῆς</span> <span class='ocrx_word' id='word_1_181' title='bbox 384 1607 550 1657; x_wconf 67' lang='grc' dir='ltr'>ἡμερινῆς</span> <span class='ocrx_word' id='word_1_182' title='bbox 583 1606 748 1660; x_wconf 82' lang='grc' dir='ltr'>ἐργασίας</span> <span class='ocrx_word' id='word_1_183' title='bbox 765 1607 839 1646; x_wconf 82' lang='grc' dir='ltr'>ἐστὶ</span> <span class='ocrx_word' id='word_1_184' title='bbox 865 1607 1006 1660; x_wconf 81' lang='grc' dir='ltr'>καιρὸς,</span> <span class='ocrx_word' id='word_1_185' title='bbox 1035 1608 1139 1647; x_wconf 89' lang='grc' dir='ltr'>ἄκουε</span> 
     </span>
     <span class='ocr_line' id='line_1_24' title="bbox 119 1665 1140 1720; baseline 0.007 -18"><span class='ocrx_word' id='word_1_186' title='bbox 119 1668 178 1702; x_wconf 67' lang='grc' dir='ltr'>τοῦ</span> <span class='ocrx_word' id='word_1_187' title='bbox 210 1665 321 1703; x_wconf 78' lang='grc' dir='ltr'>Δαυὶδ</span> <span class='ocrx_word' id='word_1_188' title='bbox 341 1665 516 1719; x_wconf 85' lang='grc' dir='ltr'>λέγοντος,</span> <span class='ocrx_word' id='word_1_189' title='bbox 540 1666 783 1712; x_wconf 70' lang='grc' dir='ltr'>Ἰῖξελεύσεται</span> <span class='ocrx_word' id='word_1_190' title='bbox 810 1669 989 1720; x_wconf 83' lang='grc' dir='ltr'>ἅνθρωπος</span> <span class='ocrx_word' id='word_1_191' title='bbox 1020 1669 1078 1707; x_wconf 81' lang='grc' dir='ltr'>ἐπὶ</span> <span class='ocrx_word' id='word_1_192' title='bbox 1101 1670 1140 1709; x_wconf 84' lang='grc' dir='ltr'>τὸ</span> 
     </span>
     <span class='ocr_line' id='line_1_25' title="bbox 119 1726 1140 1782; baseline 0.006 -19"><span class='ocrx_word' id='word_1_193' title='bbox 119 1726 218 1779; x_wconf 85' lang='grc' dir='ltr'>ἔργον</span> <span class='ocrx_word' id='word_1_194' title='bbox 236 1729 341 1765; x_wconf 73' lang='grc' dir='ltr'>αὐτοῦ</span> <span class='ocrx_word' id='word_1_195' title='bbox 355 1755 364 1773; x_wconf 87' lang='grc'>,</span> <span class='ocrx_word' id='word_1_196' title='bbox 387 1727 445 1765; x_wconf 82' lang='grc' dir='ltr'>καὶ</span> <span class='ocrx_word' id='word_1_197' title='bbox 465 1727 523 1766; x_wconf 79' lang='grc' dir='ltr'>ἐπὶ</span> <span class='ocrx_word' id='word_1_198' title='bbox 541 1727 603 1775; x_wconf 77' lang='grc' dir='ltr'>τὴν</span> <span class='ocrx_word' id='word_1_199' title='bbox 629 1729 793 1782; x_wconf 82' lang='grc' dir='ltr'>ἐργασίαν</span> <span class='ocrx_word' id='word_1_200' title='bbox 814 1732 934 1777; x_wconf 82' lang='grc' dir='ltr'>αὐτοῦ,</span> <span class='ocrx_word' id='word_1_201' title='bbox 953 1728 1018 1773; x_wconf 78' lang='grc' dir='ltr'>ἕως</span> <span class='ocrx_word' id='word_1_202' title='bbox 1033 1730 1140 1769; x_wconf 85' lang='grc' dir='ltr'>ἑσπέ-</span> 
     </span>
     <span class='ocr_line' id='line_1_26' title="bbox 120 1783 1141 1842; baseline 0.004 -16"><span class='ocrx_word' id='word_1_203' title='bbox 120 1804 192 1839; x_wconf 82' lang='grc' dir='ltr'>ρας.</span> <span class='ocrx_word' id='word_1_204' title='bbox 212 1787 280 1826; x_wconf 76' lang='grc' dir='ltr'>Καὶ</span> <span class='ocrx_word' id='word_1_205' title='bbox 305 1789 421 1832; x_wconf 77' lang='grc' dir='ltr'>καλῶς</span> <span class='ocrx_word' id='word_1_206' title='bbox 442 1783 549 1837; x_wconf 65' lang='grc' dir='ltr'>εἶπεν,</span> <span class='ocrx_word' id='word_1_207' title='bbox 568 1789 666 1835; x_wconf 63' lang='lat' dir='ltr'>“Eme</span> <span class='ocrx_word' id='word_1_208' title='bbox 693 1790 858 1842; x_wconf 84' lang='grc' dir='ltr'>ἑσπέρας·</span> <span class='ocrx_word' id='word_1_209' title='bbox 875 1791 1141 1840; x_wconf 68' lang='grc' dir='ltr'>καταλαὸούσης</span> 
     </span>
     <span class='ocr_line' id='line_1_27' title="bbox 118 1848 1142 1904; baseline 0.005 -18"><span class='ocrx_word' id='word_1_210' title='bbox 118 1848 186 1901; x_wconf 72' lang='grc' dir='ltr'>γὰρ</span> <span class='ocrx_word' id='word_1_211' title='bbox 204 1851 266 1895; x_wconf 73' lang='grc' dir='ltr'>τῆς</span> <span class='ocrx_word' id='word_1_212' title='bbox 287 1848 453 1900; x_wconf 82' lang='grc' dir='ltr'>ἑσπέρας,</span> <span class='ocrx_word' id='word_1_213' title='bbox 475 1850 515 1888; x_wconf 73' lang='grc' dir='ltr'>τὸ</span> <span class='ocrx_word' id='word_1_214' title='bbox 541 1855 611 1903; x_wconf 70' lang='grc' dir='ltr'>φῶς</span> <span class='ocrx_word' id='word_1_215' title='bbox 638 1853 836 1904; x_wconf 70' lang='grc' dir='ltr'>ὑποχωρεῖ,</span> <span class='ocrx_word' id='word_1_216' title='bbox 856 1851 916 1890; x_wconf 84' lang='grc' dir='ltr'>καὶ</span> <span class='ocrx_word' id='word_1_217' title='bbox 943 1853 1084 1891; x_wconf 83' lang='grc' dir='ltr'>ἐπελθὸν</span> <span class='ocrx_word' id='word_1_218' title='bbox 1103 1854 1142 1892; x_wconf 84' lang='grc' dir='ltr'>τὸ</span> 
     </span>
     <span class='ocr_line' id='line_1_28' title="bbox 120 1910 1142 1965; baseline 0.005 -18"><span class='ocrx_word' id='word_1_219' title='bbox 120 1910 241 1953; x_wconf 83' lang='grc' dir='ltr'>σκότος</span> <span class='ocrx_word' id='word_1_220' title='bbox 269 1911 512 1962; x_wconf 85' lang='grc' dir='ltr'>κατακοιμίζει</span> <span class='ocrx_word' id='word_1_221' title='bbox 530 1912 592 1958; x_wconf 72' lang='grc' dir='ltr'>τὴν</span> <span class='ocrx_word' id='word_1_222' title='bbox 624 1912 842 1964; x_wconf 81' lang='grc' dir='ltr'>ἀνθρωπίνην</span> <span class='ocrx_word' id='word_1_223' title='bbox 876 1911 988 1965; x_wconf 73' lang='grc' dir='ltr'>φύσιν,</span> <span class='ocrx_word' id='word_1_224' title='bbox 1022 1913 1081 1951; x_wconf 85' lang='grc' dir='ltr'>καὶ</span> <span class='ocrx_word' id='word_1_225' title='bbox 1102 1914 1142 1952; x_wconf 86' lang='grc' dir='ltr'>τὸ</span> 
     </span>
     <span class='ocr_line' id='line_1_29' title="bbox 121 1972 1142 2021; baseline 0.006 -14"><span class='ocrx_word' id='word_1_226' title='bbox 121 1972 224 2019; x_wconf 80' lang='grc' dir='ltr'>σῶμα</span> <span class='ocrx_word' id='word_1_227' title='bbox 242 1972 436 2018; x_wconf 80' lang='grc' dir='ltr'>πεπονηκὸς</span> <span class='ocrx_word' id='word_1_228' title='bbox 452 1972 678 2021; x_wconf 79' lang='grc' dir='ltr'>διαναπαύει,</span> <span class='ocrx_word' id='word_1_229' title='bbox 695 1973 754 2011; x_wconf 83' lang='grc' dir='ltr'>καὶ</span> <span class='ocrx_word' id='word_1_230' title='bbox 774 1972 836 2017; x_wconf 82' lang='grc' dir='ltr'>τὰς</span> <span class='ocrx_word' id='word_1_231' title='bbox 856 1973 1032 2021; x_wconf 80' lang='grc' dir='ltr'>αἰσθήσεις</span> <span class='ocrx_word' id='word_1_232' title='bbox 1051 1975 1142 2014; x_wconf 79' lang='grc' dir='ltr'>ἁπά-</span> 
     </span>
     <span class='ocr_line' id='line_1_30' title="bbox 121 2030 1141 2087; baseline 0.005 -19"><span class='ocrx_word' id='word_1_233' title='bbox 121 2046 184 2075; x_wconf 85' lang='grc' dir='ltr'>σας</span> <span class='ocrx_word' id='word_1_234' title='bbox 200 2030 328 2080; x_wconf 80' lang='grc' dir='ltr'>ἀνίησι,</span> <span class='ocrx_word' id='word_1_235' title='bbox 342 2032 402 2070; x_wconf 83' lang='grc' dir='ltr'>καὶ</span> <span class='ocrx_word' id='word_1_236' title='bbox 427 2034 583 2085; x_wconf 72' lang='grc' dir='ltr'>καθάπερ</span> <span class='ocrx_word' id='word_1_237' title='bbox 603 2033 724 2087; x_wconf 68' lang='grc' dir='ltr'>τροφὸς</span> <span class='ocrx_word' id='word_1_238' title='bbox 754 2033 879 2087; x_wconf 78' lang='grc' dir='ltr'>ἀρίστη</span> <span class='ocrx_word' id='word_1_239' title='bbox 899 2033 942 2072; x_wconf 80' lang='grc' dir='ltr'>τὰ</span> <span class='ocrx_word' id='word_1_240' title='bbox 971 2036 1141 2083; x_wconf 81' lang='grc' dir='ltr'>αἰσθητή-</span> 
     </span>
     <span class='ocr_line' id='line_1_31' title="bbox 122 2092 1140 2148; baseline 0.005 -19"><span class='ocrx_word' id='word_1_241' title='bbox 122 2107 180 2145; x_wconf 88' lang='grc' dir='ltr'>ρια</span> <span class='ocrx_word' id='word_1_242' title='bbox 200 2092 336 2130; x_wconf 77' lang='grc' dir='ltr'>ἅπαντα</span> <span class='ocrx_word' id='word_1_243' title='bbox 351 2097 394 2145; x_wconf 83' lang='grc' dir='ltr'>τῇ</span> <span class='ocrx_word' id='word_1_244' title='bbox 415 2096 498 2146; x_wconf 86' lang='grc' dir='ltr'>παρ’</span> <span class='ocrx_word' id='word_1_245' title='bbox 522 2096 648 2141; x_wconf 75' lang='grc' dir='ltr'>ἑαυτῆς</span> <span class='ocrx_word' id='word_1_246' title='bbox 665 2095 847 2148; x_wconf 78' lang='grc' dir='ltr'>ἐπιμελείᾳ</span> <span class='ocrx_word' id='word_1_247' title='bbox 865 2097 933 2133; x_wconf 77' lang='grc' dir='ltr'>τῶν</span> <span class='ocrx_word' id='word_1_248' title='bbox 953 2095 1067 2134; x_wconf 89' lang='grc' dir='ltr'>πόνων</span> <span class='ocrx_word' id='word_1_249' title='bbox 1081 2097 1140 2135; x_wconf 79' lang='grc' dir='ltr'>καὶ</span> 
     </span>
     <span class='ocr_line' id='line_1_32' title="bbox 120 2154 1140 2208; baseline 0.005 -18"><span class='ocrx_word' id='word_1_250' title='bbox 120 2155 188 2191; x_wconf 83' lang='grc' dir='ltr'>τῶν</span> <span class='ocrx_word' id='word_1_251' title='bbox 215 2154 382 2204; x_wconf 70' lang='grc' dir='ltr'>καμάτων</span> <span class='ocrx_word' id='word_1_252' title='bbox 417 2157 564 2193; x_wconf 85' lang='grc' dir='ltr'>ἀνιεῖσα.</span> <span class='ocrx_word' id='word_1_253' title='bbox 599 2155 765 2194; x_wconf 79' lang='grc' dir='ltr'>Ἐπειδὰν</span> <span class='ocrx_word' id='word_1_254' title='bbox 807 2156 842 2194; x_wconf 77' lang='grc' dir='ltr'>δὲ</span> <span class='ocrx_word' id='word_1_255' title='bbox 879 2158 1048 2208; x_wconf 79' lang='grc' dir='ltr'>πληρωθῇ</span> <span class='ocrx_word' id='word_1_256' title='bbox 1078 2160 1140 2203; x_wconf 81' lang='grc' dir='ltr'>τῆς</span> 
     </span>
     <span class='ocr_line' id='line_1_33' title="bbox 119 2213 1140 2271; baseline 0.007 -21"><span class='ocrx_word' id='word_1_257' title='bbox 119 2213 239 2258; x_wconf 82' lang='grc' dir='ltr'>νυκτὸς</span> <span class='ocrx_word' id='word_1_258' title='bbox 252 2214 291 2252; x_wconf 76' lang='grc' dir='ltr'>τὸ</span> <span class='ocrx_word' id='word_1_259' title='bbox 306 2214 442 2266; x_wconf 79' lang='grc' dir='ltr'>μέτρον,</span> <span class='ocrx_word' id='word_1_260' title='bbox 459 2215 651 2263; x_wconf 77' lang='grc' dir='ltr'>ἐπιστάσης</span> <span class='ocrx_word' id='word_1_261' title='bbox 666 2219 728 2262; x_wconf 73' lang='grc' dir='ltr'>τῆς</span> <span class='ocrx_word' id='word_1_262' title='bbox 747 2221 807 2254; x_wconf 78' lang='grc' dir='ltr'>τοῦ</span> <span class='ocrx_word' id='word_1_263' title='bbox 826 2217 936 2268; x_wconf 74' lang='grc' dir='ltr'>φωτὸς</span> <span class='ocrx_word' id='word_1_264' title='bbox 949 2217 1140 2271; x_wconf 88' lang='grc' dir='ltr'>παρουσίας</span> 
     </span>
     <span class='ocr_line' id='line_1_34' title="bbox 117 2273 1140 2329; baseline 0.007 -18"><span class='ocrx_word' id='word_1_265' title='bbox 117 2273 201 2311; x_wconf 66' lang='lat' dir='ltr'>”nal</span> <span class='ocrx_word' id='word_1_266' title='bbox 235 2275 469 2329; x_wconf 77' lang='grc' dir='ltr'>διεγειράσης,</span> <span class='ocrx_word' id='word_1_267' title='bbox 501 2275 758 2327; x_wconf 78' lang='grc' dir='ltr'>παρασκευάζει</span> <span class='ocrx_word' id='word_1_268' title='bbox 795 2277 1032 2328; x_wconf 84' lang='grc' dir='ltr'>ἀκμαζούσαις</span> <span class='ocrx_word' id='word_1_269' title='bbox 1063 2286 1140 2324; x_wconf 89' lang='grc' dir='ltr'>ταῖς</span> 
     </span>
     <span class='ocr_line' id='line_1_35' title="bbox 117 2335 1136 2390; baseline 0.007 -18"><span class='ocrx_word' id='word_1_270' title='bbox 117 2335 298 2382; x_wconf 76' lang='grc' dir='ltr'>αἰσθήσεσι</span> <span class='ocrx_word' id='word_1_271' title='bbox 323 2336 536 2390; x_wconf 63' lang='grc' dir='ltr'>προσῧαλεῖν</span> <span class='ocrx_word' id='word_1_272' title='bbox 555 2342 630 2380; x_wconf 83' lang='grc' dir='ltr'>ταῖς</span> <span class='ocrx_word' id='word_1_273' title='bbox 648 2339 812 2383; x_wconf 75' lang='grc' dir='ltr'>ἡλιακαῖς</span> <span class='ocrx_word' id='word_1_274' title='bbox 837 2341 973 2388; x_wconf 87' lang='grc' dir='ltr'>ἀκτῖσι,</span> <span class='ocrx_word' id='word_1_275' title='bbox 994 2340 1054 2378; x_wconf 87' lang='grc' dir='ltr'>καὶ</span> <span class='ocrx_word' id='word_1_276' title='bbox 1068 2343 1136 2380; x_wconf 82' lang='grc' dir='ltr'>τῶν</span> 
     </span>
     <span class='ocr_line' id='line_1_36' title="bbox 116 2395 1140 2456; baseline 0.009 -24"><span class='ocrx_word' id='word_1_277' title='bbox 116 2395 271 2442; x_wconf 80' lang='grc' dir='ltr'>συνήθων</span> <span class='ocrx_word' id='word_1_278' title='bbox 291 2396 399 2449; x_wconf 84' lang='grc' dir='ltr'>ἔργων</span> <span class='ocrx_word' id='word_1_279' title='bbox 427 2397 597 2441; x_wconf 78' lang='grc' dir='ltr'>ἅπτεσθαι</span> <span class='ocrx_word' id='word_1_280' title='bbox 613 2405 721 2452; x_wconf 73' lang='grc' dir='ltr'>νεαρᾷ</span> <span class='ocrx_word' id='word_1_281' title='bbox 740 2398 800 2436; x_wconf 78' lang='grc' dir='ltr'>καὶ</span> <span class='ocrx_word' id='word_1_282' title='bbox 831 2399 952 2453; x_wconf 86' lang='grc' dir='ltr'>ζεούσῃ</span> <span class='ocrx_word' id='word_1_283' title='bbox 985 2403 1029 2454; x_wconf 79' lang='grc' dir='ltr'>τῇ</span> <span class='ocrx_word' id='word_1_284' title='bbox 1051 2417 1140 2456; x_wconf 90' lang='grc' dir='ltr'>προ-</span> 
     </span>
     <span class='ocr_line' id='line_1_37' title="bbox 116 2455 1136 2511; baseline 0.01 -19"><span class='ocrx_word' id='word_1_285' title='bbox 116 2455 234 2509; x_wconf 69' lang='grc' dir='ltr'>θυμίᾳ.</span> <span class='ocrx_word' id='word_1_286' title='bbox 251 2458 365 2494; x_wconf 76' lang='grc' dir='ltr'>Τοῦτο</span> <span class='ocrx_word' id='word_1_287' title='bbox 381 2457 437 2495; x_wconf 78' lang='grc' dir='ltr'>καὶ</span> <span class='ocrx_word' id='word_1_288' title='bbox 459 2458 596 2496; x_wconf 77' lang='grc' dir='ltr'>ἐπὶτῶν</span> <span class='ocrx_word' id='word_1_289' title='bbox 616 2462 754 2511; x_wconf 82' lang='grc' dir='ltr'>τροπῶν</span> <span class='ocrx_word' id='word_1_290' title='bbox 778 2463 837 2499; x_wconf 78' lang='grc' dir='ltr'>τοῦ</span> <span class='ocrx_word' id='word_1_291' title='bbox 865 2463 1021 2501; x_wconf 77' lang='grc' dir='ltr'>ἐνιαυτοῦ</span> <span class='ocrx_word' id='word_1_292' title='bbox 1043 2466 1136 2502; x_wconf 85' lang='grc' dir='ltr'>ἐστιν</span> 
     </span>
     <span class='ocr_line' id='line_1_38' title="bbox 118 2516 1138 2580; baseline 0.011 -27"><span class='ocrx_word' id='word_1_293' title='bbox 118 2516 199 2554; x_wconf 66' lang='grc' dir='ltr'>ἰδεῖν</span> <span class='ocrx_word' id='word_1_294' title='bbox 219 2517 460 2569; x_wconf 82' lang='grc' dir='ltr'>γεγενημένον.</span> <span class='ocrx_word' id='word_1_295' title='bbox 478 2519 550 2558; x_wconf 85' lang='grc' dir='ltr'>Τὸν</span> <span class='ocrx_word' id='word_1_296' title='bbox 568 2520 637 2573; x_wconf 79' lang='grc' dir='ltr'>γὰρ</span> <span class='ocrx_word' id='word_1_297' title='bbox 661 2524 820 2573; x_wconf 80' lang='grc' dir='ltr'>χειμῶνα</span> <span class='ocrx_word' id='word_1_298' title='bbox 843 2522 1042 2576; x_wconf 76' lang='grc' dir='ltr'>διαδέχεται</span> <span class='ocrx_word' id='word_1_299' title='bbox 1062 2525 1138 2580; x_wconf 83' lang='grc' dir='ltr'>ἔαρ,</span> 
     </span>
     <span class='ocr_line' id='line_1_39' title="bbox 117 2576 1136 2636; baseline 0.011 -21"><span class='ocrx_word' id='word_1_300' title='bbox 117 2577 175 2615; x_wconf 82' lang='grc' dir='ltr'>καὶ</span> <span class='ocrx_word' id='word_1_301' title='bbox 196 2576 303 2621; x_wconf 82' lang='grc' dir='ltr'>οὕτως</span> <span class='ocrx_word' id='word_1_302' title='bbox 329 2579 558 2624; x_wconf 59' lang='grc' dir='ltr'>’ἐπιστάντος</span> <span class='ocrx_word' id='word_1_303' title='bbox 576 2585 636 2619; x_wconf 74' lang='grc' dir='ltr'>τοῦ</span> <span class='ocrx_word' id='word_1_304' title='bbox 669 2582 785 2634; x_wconf 81' lang='grc' dir='ltr'>θέρους</span> <span class='ocrx_word' id='word_1_305' title='bbox 812 2585 1078 2636; x_wconf 70' lang='grc' dir='ltr'>καταλαμὸοίνει</span> <span class='ocrx_word' id='word_1_306' title='bbox 1097 2588 1136 2626; x_wconf 85' lang='grc' dir='ltr'>τὸ</span> 
     </span>
     <span class='ocr_line' id='line_1_40' title="bbox 116 2638 1137 2700; baseline 0.011 -24"><span class='ocrx_word' id='word_1_307' title='bbox 116 2638 329 2691; x_wconf 78' lang='grc' dir='ltr'>μετόπωρον,</span> <span class='ocrx_word' id='word_1_308' title='bbox 348 2639 403 2678; x_wconf 79' lang='grc' dir='ltr'>ἵνα</span> <span class='ocrx_word' id='word_1_309' title='bbox 418 2644 461 2693; x_wconf 77' lang='grc' dir='ltr'>τῇ</span> <span class='ocrx_word' id='word_1_310' title='bbox 481 2643 655 2695; x_wconf 75' lang='grc' dir='ltr'>ἐναλλαγῇ</span> <span class='ocrx_word' id='word_1_311' title='bbox 678 2646 741 2690; x_wconf 79' lang='grc' dir='ltr'>τῆς</span> <span class='ocrx_word' id='word_1_312' title='bbox 762 2647 830 2683; x_wconf 84' lang='grc' dir='ltr'>τῶν</span> <span class='ocrx_word' id='word_1_313' title='bbox 851 2645 962 2700; x_wconf 83' lang='grc' dir='ltr'>ἀέρων</span> <span class='ocrx_word' id='word_1_314' title='bbox 980 2648 1137 2700; x_wconf 80' lang='grc' dir='ltr'>κράσεως</span> 
     </span>
     <span class='ocr_line' id='line_1_41' title="bbox 115 2700 1136 2757; baseline 0.011 -20"><span class='ocrx_word' id='word_1_315' title='bbox 115 2700 369 2746; x_wconf 79' lang='grc' dir='ltr'>διαναπαύηται</span> <span class='ocrx_word' id='word_1_316' title='bbox 387 2704 487 2752; x_wconf 79' lang='grc' dir='ltr'>ἡμῶν</span> <span class='ocrx_word' id='word_1_317' title='bbox 508 2701 552 2741; x_wconf 81' lang='grc' dir='ltr'>τὰ</span> <span class='ocrx_word' id='word_1_318' title='bbox 567 2702 732 2755; x_wconf 85' lang='grc' dir='ltr'>σώματα,</span> <span class='ocrx_word' id='word_1_319' title='bbox 752 2705 812 2744; x_wconf 81' lang='grc' dir='ltr'>καὶ</span> <span class='ocrx_word' id='word_1_320' title='bbox 832 2706 921 2757; x_wconf 84' lang='grc' dir='ltr'>μήτε</span> <span class='ocrx_word' id='word_1_321' title='bbox 946 2708 1004 2747; x_wconf 78' lang='grc' dir='ltr'>ἐπὶ</span> <span class='ocrx_word' id='word_1_322' title='bbox 1030 2709 1136 2748; x_wconf 83' lang='grc' dir='ltr'>πλέον</span> 
     </span>
     <span class='ocr_line' id='line_1_42' title="bbox 114 2763 1136 2820; baseline 0.011 -22"><span class='ocrx_word' id='word_1_323' title='bbox 114 2763 163 2813; x_wconf 83' lang='grc' dir='ltr'>τῷ</span> <span class='ocrx_word' id='word_1_324' title='bbox 188 2764 309 2814; x_wconf 78' lang='grc' dir='ltr'>κρυμῷ</span> <span class='ocrx_word' id='word_1_325' title='bbox 333 2763 536 2814; x_wconf 83' lang='grc' dir='ltr'>πηγνύμενα</span> <span class='ocrx_word' id='word_1_326' title='bbox 563 2765 825 2819; x_wconf 67' lang='grc' dir='ltr'>διαφθείρηται,</span> <span class='ocrx_word' id='word_1_327' title='bbox 857 2768 948 2820; x_wconf 84' lang='grc' dir='ltr'>μήτε</span> <span class='ocrx_word' id='word_1_328' title='bbox 976 2770 1043 2809; x_wconf 78' lang='grc' dir='ltr'>ὑπὸ</span> <span class='ocrx_word' id='word_1_329' title='bbox 1072 2773 1136 2818; x_wconf 78' lang='grc' dir='ltr'>τῆς</span> 
     </span>
     <span class='ocr_line' id='line_1_43' title="bbox 114 2823 1134 2882; baseline 0.011 -22"><span class='ocrx_word' id='word_1_330' title='bbox 114 2825 172 2860; x_wconf 78' lang='grc' dir='ltr'>τοῦ</span> <span class='ocrx_word' id='word_1_331' title='bbox 193 2823 310 2876; x_wconf 84' lang='grc' dir='ltr'>θέρους</span> <span class='ocrx_word' id='word_1_332' title='bbox 327 2824 556 2877; x_wconf 56' lang='grc' dir='ltr'>σφοδρότητος</span> <span class='ocrx_word' id='word_1_333' title='bbox 577 2827 634 2865; x_wconf 77' lang='grc' dir='ltr'>ε’πὶ</span> <span class='ocrx_word' id='word_1_334' title='bbox 660 2828 748 2866; x_wconf 81' lang='grc' dir='ltr'>πολὺ</span> <span class='ocrx_word' id='word_1_335' title='bbox 769 2831 1025 2882; x_wconf 85' lang='grc' dir='ltr'>θερμαινόμενα</span> <span class='ocrx_word' id='word_1_336' title='bbox 1052 2833 1134 2870; x_wconf 86' lang='grc' dir='ltr'>δια-</span> 
     </span>
     <span class='ocr_line' id='line_1_44' title="bbox 114 2883 1135 2948; baseline 0.013 -28"><span class='ocrx_word' id='word_1_337' title='bbox 114 2883 258 2930; x_wconf 87' lang='grc' dir='ltr'>λύηται·</span> <span class='ocrx_word' id='word_1_338' title='bbox 278 2884 335 2922; x_wconf 78' lang='grc' dir='ltr'>διὰ</span> <span class='ocrx_word' id='word_1_339' title='bbox 363 2889 465 2924; x_wconf 80' lang='grc' dir='ltr'>τοῦτο</span> <span class='ocrx_word' id='word_1_340' title='bbox 498 2889 772 2939; x_wconf 82' lang='grc' dir='ltr'>ἐγγυμνάζεσθαι</span> <span class='ocrx_word' id='word_1_341' title='bbox 789 2893 1046 2944; x_wconf 80' lang='grc' dir='ltr'>παρασκευάζει</span> <span class='ocrx_word' id='word_1_342' title='bbox 1066 2895 1135 2948; x_wconf 81' lang='grc' dir='ltr'>πρὸ</span> 
     </span>
     <span class='ocr_line' id='line_1_45' title="bbox 116 2943 1134 3009; baseline 0.013 -27"><span class='ocrx_word' id='word_1_343' title='bbox 116 2943 179 2992; x_wconf 74' lang='grc' dir='ltr'>μὲν</span> <span class='ocrx_word' id='word_1_344' title='bbox 196 2948 255 2983; x_wconf 74' lang='grc' dir='ltr'>τοῦ</span> <span class='ocrx_word' id='word_1_345' title='bbox 268 2944 445 2997; x_wconf 64' lang='grc' dir='ltr'>ἷχειμῶνος</span> <span class='ocrx_word' id='word_1_346' title='bbox 471 2950 521 3000; x_wconf 84' lang='grc' dir='ltr'>τῷ</span> <span class='ocrx_word' id='word_1_347' title='bbox 549 2950 764 3004; x_wconf 81' lang='grc' dir='ltr'>μετοπώρῳ,</span> <span class='ocrx_word' id='word_1_348' title='bbox 783 2952 852 3005; x_wconf 73' lang='grc' dir='ltr'>πρὸ</span> <span class='ocrx_word' id='word_1_349' title='bbox 874 2952 910 2992; x_wconf 79' lang='grc' dir='ltr'>δὲ</span> <span class='ocrx_word' id='word_1_350' title='bbox 929 2959 989 2993; x_wconf 79' lang='grc' dir='ltr'>τοῦ</span> <span class='ocrx_word' id='word_1_351' title='bbox 1017 2954 1134 3009; x_wconf 86' lang='grc' dir='ltr'>θέρους</span> 
     </span>
     <span class='ocr_line' id='line_1_46' title="bbox 115 3004 1135 3067; baseline 0.015 -27"><span class='ocrx_word' id='word_1_352' title='bbox 115 3005 164 3056; x_wconf 78' lang='grc' dir='ltr'>τῷ</span> <span class='ocrx_word' id='word_1_353' title='bbox 184 3004 359 3057; x_wconf 62' lang='grc' dir='ltr'>ἕαριξΚαὶ</span> <span class='ocrx_word' id='word_1_354' title='bbox 377 3007 410 3044; x_wconf 89' lang='grc' dir='ltr'>εἴ</span> <span class='ocrx_word' id='word_1_355' title='bbox 426 3023 477 3051; x_wconf 88' lang='grc' dir='ltr'>τις</span> <span class='ocrx_word' id='word_1_356' title='bbox 493 3010 717 3062; x_wconf 80' lang='grc' dir='ltr'>εὐγνωμόνως</span> <span class='ocrx_word' id='word_1_357' title='bbox 733 3012 871 3051; x_wconf 86' lang='grc' dir='ltr'>ἅπαντα</span> <span class='ocrx_word' id='word_1_358' title='bbox 891 3021 1034 3053; x_wconf 87' lang='grc' dir='ltr'>σκοπεῖν</span> <span class='ocrx_word' id='word_1_359' title='bbox 1056 3015 1135 3067; x_wconf 86' lang='grc' dir='ltr'>βού-</span> 
     </span>
    </p>
   </div>
   <div class='ocr_carea' id='block_1_3' title="bbox 156 3110 1115 3162">
    <p class='ocr_par' dir='ltr' id='par_1_3' title="bbox 156 3110 1115 3162">
     <span class='ocr_line' id='line_1_47' title="bbox 156 3110 1115 3162; baseline 0.014 -21"><span class='ocrx_word' id='word_1_360' title='bbox 156 3121 170 3136; x_wconf 84' lang='lat' dir='ltr'>e</span> <span class='ocrx_word' id='word_1_361' title='bbox 185 3110 321 3146; x_wconf 76' lang='lat' dir='ltr'>Coislin.</span> <span class='ocrx_word' id='word_1_362' title='bbox 347 3117 396 3148; x_wconf 80' lang='grc' dir='ltr'>καὶ</span> <span class='ocrx_word' id='word_1_363' title='bbox 425 3119 477 3148; x_wconf 83' lang='grc' dir='ltr'>τοῦ</span> <span class='ocrx_word' id='word_1_364' title='bbox 505 3122 642 3158; x_wconf 79' lang='grc' dir='ltr'>σώματος</span> <span class='ocrx_word' id='word_1_365' title='bbox 666 3123 717 3152; x_wconf 86' lang='grc' dir='ltr'>τά.</span> <span class='ocrx_word' id='word_1_366' title='bbox 742 3118 821 3151; x_wconf 81' lang='lat' dir='ltr'>Mox</span> <span class='ocrx_word' id='word_1_367' title='bbox 842 3124 1022 3162; x_wconf 80' lang='grc' dir='ltr'>ἀποκναίειν,</span> <span class='ocrx_word' id='word_1_368' title='bbox 1050 3132 1115 3154; x_wconf 64' lang='lat' dir='ltr'>vox</span> 
     </span>
    </p>
   </div>
   <div class='ocr_carea' id='block_1_4' title="bbox 115 3214 1112 3261">
    <p class='ocr_par' dir='ltr' id='par_1_4' title="bbox 115 3214 1112 3261">
     <span class='ocr_line' id='line_1_48' title="bbox 115 3214 1112 3261; baseline 0.012 -15"><span class='ocrx_word' id='word_1_369' title='bbox 115 3226 131 3244; x_wconf 74' lang='grc' dir='ltr'>«ι</span> <span class='ocrx_word' id='word_1_370' title='bbox 148 3214 315 3251; x_wconf 50' lang='lat' dir='ltr'>hamran·</span> <span class='ocrx_word' id='word_1_371' title='bbox 337 3217 369 3250; x_wconf 84' lang='lat' dir='ltr'>in</span> <span class='ocrx_word' id='word_1_372' title='bbox 385 3217 623 3261; x_wconf 81' lang='lat' dir='ltr'>significatione</span> <span class='ocrx_word' id='word_1_373' title='bbox 650 3222 791 3254; x_wconf 83' lang='lat' dir='ltr'>neutrali</span> <span class='ocrx_word' id='word_1_374' title='bbox 808 3234 892 3255; x_wconf 79' lang='lat' dir='ltr'>nove</span> <span class='ocrx_word' id='word_1_375' title='bbox 917 3222 1058 3257; x_wconf 84' lang='lat' dir='ltr'>dictum.</span> <span class='ocrx_word' id='word_1_376' title='bbox 1075 3226 1112 3258; x_wconf 77' lang='lat' dir='ltr'>A.</span> 
     </span>
    </p>
   </div>
   <div class='ocr_carea' id='block_1_5' title="bbox 1053 237 1212 268">
    <p class='ocr_par' dir='ltr' id='par_1_5' title="bbox 1053 237 1212 268">
     <span class='ocr_line' id='line_1_49' title="bbox 1053 237 1212 268; baseline -0.006 0"><span class='ocrx_word' id='word_1_377' title='bbox 1053 237 1212 268; x_wconf 64' lang='lat' dir='ltr'>CRM-ts.</span> 
     </span>
    </p>
   </div>
   <div class='ocr_carea' id='block_1_6' title="bbox 1253 237 2170 292">
    <p class='ocr_par' dir='ltr' id='par_1_6' title="bbox 1253 237 2170 292">
     <span class='ocr_line' id='line_1_50' title="bbox 1253 237 2170 292; baseline 0.003 -24"><span class='ocrx_word' id='word_1_378' title='bbox 1253 237 1409 269; x_wconf 74' lang='lat' dir='ltr'>nomn„</span> <span class='ocrx_word' id='word_1_379' title='bbox 1449 238 1510 270; x_wconf 76' lang='lat' dir='ltr'>xt.</span> <span class='ocrx_word' id='word_1_380' title='bbox 2109 245 2170 292; x_wconf 72' lang='lat'>99</span> 
     </span>
    </p>
   </div>
   <div class='ocr_carea' id='block_1_7' title="bbox 1214 320 2172 1538">
    <p class='ocr_par' dir='ltr' id='par_1_7' title="bbox 1214 320 2172 1538">
     <span class='ocr_line' id='line_1_51' title="bbox 1218 320 2169 374; baseline 0.003 -14"><span class='ocrx_word' id='word_1_381' title='bbox 1218 320 1388 360; x_wconf 87' lang='lat' dir='ltr'>nonnulla</span> <span class='ocrx_word' id='word_1_382' title='bbox 1415 321 1550 374; x_wconf 77' lang='lat' dir='ltr'>indiget</span> <span class='ocrx_word' id='word_1_383' title='bbox 1579 321 1855 373; x_wconf 81' lang='lat' dir='ltr'>refocillatione,</span> <span class='ocrx_word' id='word_1_384' title='bbox 1880 331 1917 360; x_wconf 89' lang='lat' dir='ltr'>ut</span> <span class='ocrx_word' id='word_1_385' title='bbox 1942 337 2084 362; x_wconf 85' lang='lat' dir='ltr'>rursum</span> <span class='ocrx_word' id='word_1_386' title='bbox 2114 327 2169 363; x_wconf 90' lang='lat' dir='ltr'>in-</span> 
     </span>
     <span class='ocr_line' id='line_1_52' title="bbox 1217 382 2167 436; baseline 0.004 -16"><span class='ocrx_word' id='word_1_387' title='bbox 1217 382 1314 434; x_wconf 83' lang='lat' dir='ltr'><strong>genti</strong></span> <span class='ocrx_word' id='word_1_388' title='bbox 1325 382 1508 422; x_wconf 85' lang='lat' dir='ltr'>alacritate</span> <span class='ocrx_word' id='word_1_389' title='bbox 1517 382 1732 422; x_wconf 77' lang='lat' dir='ltr'>adferendos</span> <span class='ocrx_word' id='word_1_390' title='bbox 1745 383 1874 436; x_wconf 87' lang='lat' dir='ltr'>jejunii</span> <span class='ocrx_word' id='word_1_391' title='bbox 1887 383 2023 422; x_wconf 86' lang='lat' dir='ltr'>labores</span> <span class='ocrx_word' id='word_1_392' title='bbox 2033 385 2167 424; x_wconf 84' lang='lat' dir='ltr'>redeat:</span> 
     </span>
     <span class='ocr_line' id='line_1_53' title="bbox 1218 444 2167 497; baseline 0.004 -16"><span class='ocrx_word' id='word_1_393' title='bbox 1218 444 1266 482; x_wconf 86' lang='lat' dir='ltr'>ita</span> <span class='ocrx_word' id='word_1_394' title='bbox 1290 453 1327 483; x_wconf 89' lang='lat' dir='ltr'>et</span> <span class='ocrx_word' id='word_1_395' title='bbox 1345 444 1464 483; x_wconf 84' lang='lat' dir='ltr'>anima</span> <span class='ocrx_word' id='word_1_396' title='bbox 1486 453 1600 483; x_wconf 83' lang='lat' dir='ltr'>vestra</span> <span class='ocrx_word' id='word_1_397' title='bbox 1621 444 1827 484; x_wconf 77' lang='lat' dir='ltr'>remissione</span> <span class='ocrx_word' id='word_1_398' title='bbox 1843 445 1979 497; x_wconf 86' lang='lat' dir='ltr'>indiget</span> <span class='ocrx_word' id='word_1_399' title='bbox 1992 455 2026 483; x_wconf 90' lang='lat' dir='ltr'>ct</span> <span class='ocrx_word' id='word_1_400' title='bbox 2039 446 2167 496; x_wconf 86' lang='lat' dir='ltr'>quiete.</span> 
     </span>
     <span class='ocr_line' id='line_1_54' title="bbox 1218 504 2172 559; baseline 0.005 -17"><span class='ocrx_word' id='word_1_401' title='bbox 1218 505 1342 556; x_wconf 88' lang='lat' dir='ltr'>Neque</span> <span class='ocrx_word' id='word_1_402' title='bbox 1356 504 1451 544; x_wconf 89' lang='lat' dir='ltr'>euim</span> <span class='ocrx_word' id='word_1_403' title='bbox 1470 519 1608 559; x_wconf 88' lang='lat' dir='ltr'>semper</span> <span class='ocrx_word' id='word_1_404' title='bbox 1622 505 1814 555; x_wconf 81' lang='lat' dir='ltr'>intendere,</span> <span class='ocrx_word' id='word_1_405' title='bbox 1834 520 1948 558; x_wconf 89' lang='lat' dir='ltr'>neque</span> <span class='ocrx_word' id='word_1_406' title='bbox 1964 521 2104 559; x_wconf 89' lang='lat' dir='ltr'>semper</span> <span class='ocrx_word' id='word_1_407' title='bbox 2118 522 2172 547; x_wconf 89' lang='lat' dir='ltr'>re-</span> 
     </span>
     <span class='ocr_line' id='line_1_55' title="bbox 1217 564 2170 619; baseline 0.004 -17"><span class='ocrx_word' id='word_1_408' title='bbox 1217 564 1362 605; x_wconf 78' lang='lat' dir='ltr'>mittere</span> <span class='ocrx_word' id='word_1_409' title='bbox 1375 576 1514 619; x_wconf 81' lang='lat' dir='ltr'>oportet</span> <span class='ocrx_word' id='word_1_410' title='bbox 1522 582 1534 618; x_wconf 86' lang='lat'>;</span> <span class='ocrx_word' id='word_1_411' title='bbox 1544 566 1607 605; x_wconf 89' lang='lat' dir='ltr'>sed</span> <span class='ocrx_word' id='word_1_412' title='bbox 1623 581 1718 606; x_wconf 90' lang='lat' dir='ltr'>nunc</span> <span class='ocrx_word' id='word_1_413' title='bbox 1733 566 1815 618; x_wconf 86' lang='lat' dir='ltr'>hoc,</span> <span class='ocrx_word' id='word_1_414' title='bbox 1827 580 1922 606; x_wconf 88' lang='lat' dir='ltr'>nunc</span> <span class='ocrx_word' id='word_1_415' title='bbox 1936 567 2029 606; x_wconf 90' lang='lat' dir='ltr'>illud</span> <span class='ocrx_word' id='word_1_416' title='bbox 2041 568 2170 606; x_wconf 85' lang='lat' dir='ltr'>sacien-</span> 
     </span>
     <span class='ocr_line' id='line_1_56' title="bbox 1216 625 2171 679; baseline 0.004 -16"><span class='ocrx_word' id='word_1_417' title='bbox 1216 625 1306 663; x_wconf 91' lang='lat' dir='ltr'>dum</span> <span class='ocrx_word' id='word_1_418' title='bbox 1321 641 1332 676; x_wconf 85' lang='lat'>;</span> <span class='ocrx_word' id='word_1_419' title='bbox 1349 635 1383 665; x_wconf 91' lang='lat' dir='ltr'>et</span> <span class='ocrx_word' id='word_1_420' title='bbox 1402 627 1453 665; x_wconf 89' lang='lat' dir='ltr'>sic</span> <span class='ocrx_word' id='word_1_421' title='bbox 1473 627 1649 679; x_wconf 85' lang='lat' dir='ltr'>regendus</span> <span class='ocrx_word' id='word_1_422' title='bbox 1673 628 1800 666; x_wconf 77' lang='lat' dir='ltr'>animae</span> <span class='ocrx_word' id='word_1_423' title='bbox 1821 636 1945 676; x_wconf 90' lang='lat' dir='ltr'>status,</span> <span class='ocrx_word' id='word_1_424' title='bbox 1967 637 2001 666; x_wconf 93' lang='lat' dir='ltr'>et</span> <span class='ocrx_word' id='word_1_425' title='bbox 2018 627 2171 667; x_wconf 83' lang='lat' dir='ltr'>doman-</span> 
     </span>
     <span class='ocr_line' id='line_1_57' title="bbox 1217 685 2170 742; baseline 0.005 -19"><span class='ocrx_word' id='word_1_426' title='bbox 1217 685 1262 723; x_wconf 89' lang='lat' dir='ltr'>da</span> <span class='ocrx_word' id='word_1_427' title='bbox 1275 687 1606 740; x_wconf 81' lang='lat' dir='ltr'>cai-nispetulantia.</span> <span class='ocrx_word' id='word_1_428' title='bbox 1625 689 1718 726; x_wconf 88' lang='lat' dir='ltr'>Nam</span> <span class='ocrx_word' id='word_1_429' title='bbox 1732 689 1823 727; x_wconf 90' lang='lat' dir='ltr'>sicut</span> <span class='ocrx_word' id='word_1_430' title='bbox 1839 703 1978 742; x_wconf 78' lang='lat' dir='ltr'>semper</span> <span class='ocrx_word' id='word_1_431' title='bbox 1994 689 2170 728; x_wconf 83' lang='lat' dir='ltr'>intentum</span> 
     </span>
     <span class='ocr_line' id='line_1_58' title="bbox 1215 746 2170 804; baseline 0.006 -21"><span class='ocrx_word' id='word_1_432' title='bbox 1215 760 1289 784; x_wconf 87' lang='lat' dir='ltr'>esse</span> <span class='ocrx_word' id='word_1_433' title='bbox 1312 746 1509 795; x_wconf 83' lang='lat' dir='ltr'>laboribus,</span> <span class='ocrx_word' id='word_1_434' title='bbox 1535 747 1573 785; x_wconf 86' lang='lat' dir='ltr'>id</span> <span class='ocrx_word' id='word_1_435' title='bbox 1590 748 1735 787; x_wconf 83' lang='lat' dir='ltr'>taedium</span> <span class='ocrx_word' id='word_1_436' title='bbox 1758 751 1861 788; x_wconf 79' lang='lat' dir='ltr'>affert</span> <span class='ocrx_word' id='word_1_437' title='bbox 1883 760 1916 788; x_wconf 93' lang='lat' dir='ltr'>et</span> <span class='ocrx_word' id='word_1_438' title='bbox 1952 750 2077 804; x_wconf 82' lang='lat' dir='ltr'>dejicit</span> <span class='ocrx_word' id='word_1_439' title='bbox 2099 751 2170 789; x_wconf 87' lang='lat' dir='ltr'>:ita</span> 
     </span>
     <span class='ocr_line' id='line_1_59' title="bbox 1216 808 2170 862; baseline 0.007 -19"><span class='ocrx_word' id='word_1_440' title='bbox 1216 816 1386 859; x_wconf 86' lang='lat' dir='ltr'>perpetuo</span> <span class='ocrx_word' id='word_1_441' title='bbox 1406 808 1602 857; x_wconf 82' lang='lat' dir='ltr'>remittere,</span> <span class='ocrx_word' id='word_1_442' title='bbox 1627 808 1672 847; x_wconf 90' lang='lat' dir='ltr'>ad</span> <span class='ocrx_word' id='word_1_443' title='bbox 1700 809 1879 862; x_wconf 80' lang='lat' dir='ltr'>ignaviam</span> <span class='ocrx_word' id='word_1_444' title='bbox 1898 810 2047 849; x_wconf 85' lang='lat' dir='ltr'>inducit.</span> <span class='ocrx_word' id='word_1_445' title='bbox 2067 812 2110 850; x_wconf 86' lang='lat' dir='ltr'>ld</span> <span class='ocrx_word' id='word_1_446' title='bbox 2136 821 2170 850; x_wconf 90' lang='lat' dir='ltr'>et</span> 
     </span>
     <span class='ocr_line' id='line_1_60' title="bbox 1216 866 2170 924; baseline 0.008 -20"><span class='ocrx_word' id='word_1_447' title='bbox 1216 866 1252 904; x_wconf 89' lang='lat' dir='ltr'>in</span> <span class='ocrx_word' id='word_1_448' title='bbox 1273 867 1392 906; x_wconf 90' lang='lat' dir='ltr'>anima</span> <span class='ocrx_word' id='word_1_449' title='bbox 1416 877 1451 906; x_wconf 87' lang='lat' dir='ltr'>et</span> <span class='ocrx_word' id='word_1_450' title='bbox 1473 869 1515 906; x_wconf 79' lang='lat' dir='ltr'>in</span> <span class='ocrx_word' id='word_1_451' title='bbox 1537 883 1685 922; x_wconf 91' lang='lat' dir='ltr'>corpore</span> <span class='ocrx_word' id='word_1_452' title='bbox 1710 884 1776 907; x_wconf 91' lang='lat' dir='ltr'>usu</span> <span class='ocrx_word' id='word_1_453' title='bbox 1799 871 1920 910; x_wconf 78' lang='lat' dir='ltr'>venire</span> <span class='ocrx_word' id='word_1_454' title='bbox 1941 872 2062 910; x_wconf 72' lang='lat' dir='ltr'>videre</span> <span class='ocrx_word' id='word_1_455' title='bbox 2086 875 2170 924; x_wconf 88' lang='lat' dir='ltr'>quis</span> 
     </span>
     <span class='ocr_line' id='line_1_61' title="bbox 1214 930 2170 983; baseline 0.008 -17"><span class='ocrx_word' id='word_1_456' title='bbox 1214 937 1344 981; x_wconf 80' lang='lat' dir='ltr'>potest.</span> <span class='ocrx_word' id='word_1_457' title='bbox 1363 931 1553 983; x_wconf 80' lang='lat' dir='ltr'>Propterea</span> <span class='ocrx_word' id='word_1_458' title='bbox 1566 930 1695 970; x_wconf 80' lang='lat' dir='ltr'>modus</span> <span class='ocrx_word' id='word_1_459' title='bbox 1712 931 1844 983; x_wconf 85' lang='lat' dir='ltr'>ubique</span> <span class='ocrx_word' id='word_1_460' title='bbox 1857 932 1972 971; x_wconf 92' lang='lat' dir='ltr'>bonus</span> <span class='ocrx_word' id='word_1_461' title='bbox 1985 943 2047 973; x_wconf 88' lang='lat' dir='ltr'>est.</span> <span class='ocrx_word' id='word_1_462' title='bbox 2062 935 2170 981; x_wconf 82' lang='lat' dir='ltr'>Quod</span> 
     </span>
     <span class='ocr_line' id='line_1_62' title="bbox 1217 990 2170 1045; baseline 0.006 -18"><span class='ocrx_word' id='word_1_463' title='bbox 1217 1003 1280 1027; x_wconf 90' lang='lat' dir='ltr'>nos</span> <span class='ocrx_word' id='word_1_464' title='bbox 1296 990 1546 1029; x_wconf 81' lang='lat' dir='ltr'>universorum</span> <span class='ocrx_word' id='word_1_465' title='bbox 1557 993 1654 1030; x_wconf 89' lang='lat' dir='ltr'>Deus</span> <span class='ocrx_word' id='word_1_466' title='bbox 1669 991 1773 1030; x_wconf 85' lang='lat' dir='ltr'>docet</span> <span class='ocrx_word' id='word_1_467' title='bbox 1784 992 1891 1030; x_wconf 86' lang='lat' dir='ltr'>etiam</span> <span class='ocrx_word' id='word_1_468' title='bbox 1904 1007 1966 1045; x_wconf 92' lang='lat' dir='ltr'>per</span> <span class='ocrx_word' id='word_1_469' title='bbox 1979 1003 2170 1043; x_wconf 86' lang='lat' dir='ltr'>creaturas,</span> 
     </span>
     <span class='ocr_line' id='line_1_63' title="bbox 1217 1051 2170 1106; baseline 0.006 -18"><span class='ocrx_word' id='word_1_470' title='bbox 1217 1064 1306 1102; x_wconf 87' lang='lat' dir='ltr'>quas</span> <span class='ocrx_word' id='word_1_471' title='bbox 1322 1051 1370 1090; x_wconf 87' lang='lat' dir='ltr'>ad</span> <span class='ocrx_word' id='word_1_472' title='bbox 1386 1052 1497 1090; x_wconf 86' lang='lat' dir='ltr'>nostri</span> <span class='ocrx_word' id='word_1_473' title='bbox 1508 1051 1798 1091; x_wconf 88' lang='lat' dir='ltr'>constitutionem</span> <span class='ocrx_word' id='word_1_474' title='bbox 1807 1053 1993 1106; x_wconf 78' lang='lat' dir='ltr'>produxit.</span> <span class='ocrx_word' id='word_1_475' title='bbox 2003 1056 2118 1106; x_wconf 78' lang='lat' dir='ltr'>Atque</span> <span class='ocrx_word' id='word_1_476' title='bbox 2131 1065 2170 1094; x_wconf 88' lang='lat' dir='ltr'>ut</span> 
     </span>
     <span class='ocr_line' id='line_1_64' title="bbox 1217 1111 2170 1165; baseline 0.006 -16"><span class='ocrx_word' id='word_1_477' title='bbox 1217 1111 1285 1150; x_wconf 90' lang='lat' dir='ltr'>hoc</span> <span class='ocrx_word' id='word_1_478' title='bbox 1304 1112 1525 1165; x_wconf 84' lang='lat' dir='ltr'>intelligatis,</span> <span class='ocrx_word' id='word_1_479' title='bbox 1533 1113 1578 1152; x_wconf 86' lang='lat' dir='ltr'>de</span> <span class='ocrx_word' id='word_1_480' title='bbox 1588 1113 1648 1152; x_wconf 89' lang='lat' dir='ltr'>die</span> <span class='ocrx_word' id='word_1_481' title='bbox 1660 1127 1701 1152; x_wconf 89' lang='lat' dir='ltr'>ac</span> <span class='ocrx_word' id='word_1_482' title='bbox 1713 1123 1827 1163; x_wconf 88' lang='lat' dir='ltr'>nocte,</span> <span class='ocrx_word' id='word_1_483' title='bbox 1839 1114 1906 1153; x_wconf 90' lang='lat' dir='ltr'>hoc</span> <span class='ocrx_word' id='word_1_484' title='bbox 1918 1125 1969 1153; x_wconf 90' lang='lat' dir='ltr'>est</span> <span class='ocrx_word' id='word_1_485' title='bbox 1980 1115 2024 1154; x_wconf 88' lang='lat' dir='ltr'>de</span> <span class='ocrx_word' id='word_1_486' title='bbox 2038 1116 2117 1155; x_wconf 86' lang='lat' dir='ltr'>luce</span> <span class='ocrx_word' id='word_1_487' title='bbox 2128 1131 2170 1156; x_wconf 88' lang='lat' dir='ltr'>ac</span> 
     </span>
     <span class='ocr_line' id='line_1_65' title="bbox 1215 1173 2171 1229; baseline 0.006 -17"><span class='ocrx_word' id='word_1_488' title='bbox 1215 1173 1382 1222; x_wconf 86' lang='lat' dir='ltr'>tenebris,</span> <span class='ocrx_word' id='word_1_489' title='bbox 1396 1188 1592 1214; x_wconf 86' lang='lat' dir='ltr'>sermonem</span> <span class='ocrx_word' id='word_1_490' title='bbox 1612 1175 1850 1215; x_wconf 80' lang='lat' dir='ltr'>instituamus.</span> <span class='ocrx_word' id='word_1_491' title='bbox 1865 1176 2171 1229; x_wconf 83' lang='lat' dir='ltr'>Quandoquidem</span> 
     </span>
     <span class='ocr_line' id='line_1_66' title="bbox 1215 1234 2171 1290; baseline 0.007 -18"><span class='ocrx_word' id='word_1_492' title='bbox 1215 1234 1310 1273; x_wconf 85' lang='lat' dir='ltr'>enim</span> <span class='ocrx_word' id='word_1_493' title='bbox 1332 1234 1428 1273; x_wconf 87' lang='lat' dir='ltr'>diem</span> <span class='ocrx_word' id='word_1_494' title='bbox 1447 1237 1648 1289; x_wconf 82' lang='lat' dir='ltr'>segregavit</span> <span class='ocrx_word' id='word_1_495' title='bbox 1667 1237 1702 1275; x_wconf 89' lang='lat' dir='ltr'>in</span> <span class='ocrx_word' id='word_1_496' title='bbox 1728 1251 1817 1290; x_wconf 90' lang='lat' dir='ltr'>opus</span> <span class='ocrx_word' id='word_1_497' title='bbox 1835 1237 2001 1277; x_wconf 82' lang='lat' dir='ltr'>humanae</span> <span class='ocrx_word' id='word_1_498' title='bbox 2021 1248 2171 1289; x_wconf 64' lang='lat' dir='ltr'>naturae,</span> 
     </span>
     <span class='ocr_line' id='line_1_67' title="bbox 1215 1296 2170 1350; baseline 0.007 -17"><span class='ocrx_word' id='word_1_499' title='bbox 1215 1304 1250 1334; x_wconf 94' lang='lat' dir='ltr'>et</span> <span class='ocrx_word' id='word_1_500' title='bbox 1268 1304 1407 1334; x_wconf 90' lang='lat' dir='ltr'>noctem</span> <span class='ocrx_word' id='word_1_501' title='bbox 1430 1296 1467 1335; x_wconf 88' lang='lat' dir='ltr'>in</span> <span class='ocrx_word' id='word_1_502' title='bbox 1494 1298 1653 1349; x_wconf 89' lang='lat' dir='ltr'>requiem</span> <span class='ocrx_word' id='word_1_503' title='bbox 1671 1306 1707 1336; x_wconf 87' lang='lat' dir='ltr'>et</span> <span class='ocrx_word' id='word_1_504' title='bbox 1729 1298 1974 1338; x_wconf 86' lang='lat' dir='ltr'>remissionem</span> <span class='ocrx_word' id='word_1_505' title='bbox 1993 1300 2170 1350; x_wconf 87' lang='lat' dir='ltr'>laborum,</span> 
     </span>
     <span class='ocr_line' id='line_1_68' title="bbox 1216 1358 2172 1412; baseline 0.007 -18"><span class='ocrx_word' id='word_1_506' title='bbox 1216 1370 1398 1396; x_wconf 79' lang='lat' dir='ltr'>mensuras</span> <span class='ocrx_word' id='word_1_507' title='bbox 1422 1367 1456 1396; x_wconf 91' lang='lat' dir='ltr'>et</span> <span class='ocrx_word' id='word_1_508' title='bbox 1488 1358 1658 1397; x_wconf 90' lang='lat' dir='ltr'>terminos</span> <span class='ocrx_word' id='word_1_509' title='bbox 1683 1359 1843 1411; x_wconf 90' lang='lat' dir='ltr'>utrisque</span> <span class='ocrx_word' id='word_1_510' title='bbox 1871 1360 2048 1412; x_wconf 76' lang='lat' dir='ltr'>praefixit,</span> <span class='ocrx_word' id='word_1_511' title='bbox 2076 1362 2172 1401; x_wconf 88' lang='lat' dir='ltr'>unde</span> 
     </span>
     <span class='ocr_line' id='line_1_69' title="bbox 1216 1417 2169 1474; baseline 0.006 -18"><span class='ocrx_word' id='word_1_512' title='bbox 1216 1417 1318 1456; x_wconf 91' lang='lat' dir='ltr'>nobis</span> <span class='ocrx_word' id='word_1_513' title='bbox 1345 1419 1512 1458; x_wconf 90' lang='lat' dir='ltr'>omnibus</span> <span class='ocrx_word' id='word_1_514' title='bbox 1537 1420 1710 1459; x_wconf 80' lang='lat' dir='ltr'>beneficia</span> <span class='ocrx_word' id='word_1_515' title='bbox 1736 1421 1901 1472; x_wconf 60' lang='lat' dir='ltr'>quaedam</span> <span class='ocrx_word' id='word_1_516' title='bbox 1928 1423 2169 1474; x_wconf 86' lang='lat' dir='ltr'>provenirent.</span> 
     </span>
     <span class='ocr_line' id='line_1_70' title="bbox 1216 1479 2168 1538; baseline 0.006 -21"><span class='ocrx_word' id='word_1_517' title='bbox 1216 1479 1309 1517; x_wconf 88' lang='lat' dir='ltr'>Nam</span> <span class='ocrx_word' id='word_1_518' title='bbox 1324 1480 1423 1532; x_wconf 90' lang='lat' dir='ltr'>quod</span> <span class='ocrx_word' id='word_1_519' title='bbox 1446 1481 1524 1530; x_wconf 78' lang='lat' dir='ltr'>lux,</span> <span class='ocrx_word' id='word_1_520' title='bbox 1543 1481 1682 1521; x_wconf 81' lang='lat' dir='ltr'>diurnae</span> <span class='ocrx_word' id='word_1_521' title='bbox 1705 1483 1920 1535; x_wconf 85' lang='lat' dir='ltr'>operationis</span> <span class='ocrx_word' id='word_1_522' title='bbox 1947 1484 1991 1522; x_wconf 90' lang='lat' dir='ltr'>sit</span> <span class='ocrx_word' id='word_1_523' title='bbox 2019 1492 2168 1538; x_wconf 89' lang='lat' dir='ltr'>tempus,</span> 
     </span>
    </p>
   </div>
   <div class='ocr_carea' id='block_1_8' title="bbox 1215 1540 2369 1596">
    <p class='ocr_par' dir='ltr' id='par_1_8' title="bbox 1215 1540 2369 1596">
     <span class='ocr_line' id='line_1_71' title="bbox 1215 1540 2369 1596; baseline 0.01 -19"><span class='ocrx_word' id='word_1_524' title='bbox 1215 1540 1304 1579; x_wconf 86' lang='lat' dir='ltr'>audi</span> <span class='ocrx_word' id='word_1_525' title='bbox 1332 1541 1453 1582; x_wconf 87' lang='lat' dir='ltr'>David</span> <span class='ocrx_word' id='word_1_526' title='bbox 1478 1542 1682 1582; x_wconf 85' lang='lat' dir='ltr'>dicentem:</span> <span class='ocrx_word' id='word_1_527' title='bbox 1711 1545 1945 1596; x_wconf 75' lang='lat' dir='ltr'>Egredietur</span> <span class='ocrx_word' id='word_1_528' title='bbox 1973 1547 2088 1583; x_wconf 77' lang='lat' dir='ltr'>lzomo</span> <span class='ocrx_word' id='word_1_529' title='bbox 2117 1547 2171 1585; x_wconf 85' lang='lat' dir='ltr'>ad</span> <span class='ocrx_word' id='word_1_530' title='bbox 2183 1557 2274 1588; x_wconf 75' lang='lat' dir='ltr'>Psal.</span> <span class='ocrx_word' id='word_1_531' title='bbox 2303 1558 2369 1591; x_wconf 81' lang='grc' dir='ltr'>ιο3,</span> 
     </span>
    </p>
   </div>
   <div class='ocr_carea' id='block_1_9' title="bbox 1207 1600 2236 2938">
    <p class='ocr_par' dir='ltr' id='par_1_9' title="bbox 1207 1600 2236 2938">
     <span class='ocr_line' id='line_1_72' title="bbox 1215 1600 2236 1662; baseline 0.007 -21"><span class='ocrx_word' id='word_1_532' title='bbox 1215 1616 1309 1654; x_wconf 82' lang='lat' dir='ltr'>opus</span> <span class='ocrx_word' id='word_1_533' title='bbox 1330 1617 1458 1652; x_wconf 80' lang='lat' dir='ltr'>suum,</span> <span class='ocrx_word' id='word_1_534' title='bbox 1486 1613 1524 1643; x_wconf 86' lang='lat' dir='ltr'>et</span> <span class='ocrx_word' id='word_1_535' title='bbox 1550 1607 1605 1643; x_wconf 84' lang='lat' dir='ltr'>ad</span> <span class='ocrx_word' id='word_1_536' title='bbox 1624 1608 1887 1658; x_wconf 79' lang='lat' dir='ltr'>operationem</span> <span class='ocrx_word' id='word_1_537' title='bbox 1908 1621 2019 1645; x_wconf 82' lang='lat' dir='ltr'>suam</span> <span class='ocrx_word' id='word_1_538' title='bbox 2051 1622 2170 1662; x_wconf 81' lang='lat' dir='ltr'>usque</span> <span class='ocrx_word' id='word_1_539' title='bbox 2184 1600 2236 1631; x_wconf 78' lang='lat'>²3·</span> 
     </span>
     <span class='ocr_line' id='line_1_73' title="bbox 1215 1665 2170 1723; baseline 0.007 -21"><span class='ocrx_word' id='word_1_540' title='bbox 1215 1665 1271 1702; x_wconf 85' lang='lat' dir='ltr'>ad</span> <span class='ocrx_word' id='word_1_541' title='bbox 1281 1678 1496 1718; x_wconf 83' lang='lat' dir='ltr'>vesperam.</span> <span class='ocrx_word' id='word_1_542' title='bbox 1507 1666 1553 1704; x_wconf 85' lang='lat' dir='ltr'>Et</span> <span class='ocrx_word' id='word_1_543' title='bbox 1567 1666 1658 1705; x_wconf 88' lang='lat' dir='ltr'>bene</span> <span class='ocrx_word' id='word_1_544' title='bbox 1671 1667 1800 1718; x_wconf 84' lang='lat' dir='ltr'>inquit,</span> <span class='ocrx_word' id='word_1_545' title='bbox 1822 1669 1952 1722; x_wconf 85' lang='lat' dir='ltr'>Usque</span> <span class='ocrx_word' id='word_1_546' title='bbox 1967 1670 2021 1707; x_wconf 84' lang='lat' dir='ltr'>ad</span> <span class='ocrx_word' id='word_1_547' title='bbox 2033 1684 2170 1723; x_wconf 83' lang='lat' dir='ltr'>vespe-</span> 
     </span>
     <span class='ocr_line' id='line_1_74' title="bbox 1215 1726 2171 1781; baseline 0.008 -19"><span class='ocrx_word' id='word_1_548' title='bbox 1215 1739 1301 1763; x_wconf 87' lang='lat' dir='ltr'>ram</span> <span class='ocrx_word' id='word_1_549' title='bbox 1317 1741 1328 1762; x_wconf 91' lang='lat'><em>:</em></span> <span class='ocrx_word' id='word_1_550' title='bbox 1351 1740 1433 1764; x_wconf 89' lang='lat' dir='ltr'>nam</span> <span class='ocrx_word' id='word_1_551' title='bbox 1456 1726 1642 1779; x_wconf 84' lang='lat' dir='ltr'>ingruente</span> <span class='ocrx_word' id='word_1_552' title='bbox 1671 1742 1817 1780; x_wconf 87' lang='lat' dir='ltr'>vespere</span> <span class='ocrx_word' id='word_1_553' title='bbox 1842 1729 1907 1768; x_wconf 85' lang='lat' dir='ltr'>lux</span> <span class='ocrx_word' id='word_1_554' title='bbox 1931 1730 2111 1781; x_wconf 84' lang='lat' dir='ltr'>abscedit,</span> <span class='ocrx_word' id='word_1_555' title='bbox 2137 1741 2171 1771; x_wconf 93' lang='lat' dir='ltr'>et</span> 
     </span>
     <span class='ocr_line' id='line_1_75' title="bbox 1215 1785 2169 1845; baseline 0.008 -22"><span class='ocrx_word' id='word_1_556' title='bbox 1215 1785 1440 1826; x_wconf 86' lang='lat' dir='ltr'>succedentes</span> <span class='ocrx_word' id='word_1_557' title='bbox 1457 1788 1609 1826; x_wconf 83' lang='lat' dir='ltr'>tenebrae</span> <span class='ocrx_word' id='word_1_558' title='bbox 1623 1788 1818 1828; x_wconf 83' lang='lat' dir='ltr'>humanam</span> <span class='ocrx_word' id='word_1_559' title='bbox 1832 1799 1997 1829; x_wconf 85' lang='lat' dir='ltr'>naturam</span> <span class='ocrx_word' id='word_1_560' title='bbox 2013 1792 2169 1845; x_wconf 90' lang='lat' dir='ltr'>sopiunt,</span> 
     </span>
     <span class='ocr_line' id='line_1_76' title="bbox 1215 1848 2169 1904; baseline 0.009 -21"><span class='ocrx_word' id='word_1_561' title='bbox 1215 1855 1250 1884; x_wconf 89' lang='lat' dir='ltr'>et</span> <span class='ocrx_word' id='word_1_562' title='bbox 1268 1860 1396 1898; x_wconf 90' lang='lat' dir='ltr'>corpus</span> <span class='ocrx_word' id='word_1_563' title='bbox 1412 1848 1510 1898; x_wconf 90' lang='lat' dir='ltr'>quod</span> <span class='ocrx_word' id='word_1_564' title='bbox 1528 1848 1765 1899; x_wconf 79' lang='lat' dir='ltr'>laboraverat,</span> <span class='ocrx_word' id='word_1_565' title='bbox 1785 1850 1895 1901; x_wconf 88' lang='lat' dir='ltr'>quieti</span> <span class='ocrx_word' id='word_1_566' title='bbox 1913 1852 2074 1904; x_wconf 87' lang='lat' dir='ltr'>tradunt,</span> <span class='ocrx_word' id='word_1_567' title='bbox 2090 1867 2169 1892; x_wconf 89' lang='lat' dir='ltr'>sen—</span> 
     </span>
     <span class='ocr_line' id='line_1_77' title="bbox 1215 1908 2169 1965; baseline 0.01 -21"><span class='ocrx_word' id='word_1_568' title='bbox 1215 1921 1276 1945; x_wconf 92' lang='lat' dir='ltr'>sus</span> <span class='ocrx_word' id='word_1_569' title='bbox 1291 1921 1411 1946; x_wconf 87' lang='lat' dir='ltr'>omnes</span> <span class='ocrx_word' id='word_1_570' title='bbox 1425 1908 1624 1958; x_wconf 86' lang='lat' dir='ltr'>remittunt,</span> <span class='ocrx_word' id='word_1_571' title='bbox 1637 1919 1670 1948; x_wconf 90' lang='lat' dir='ltr'>et</span> <span class='ocrx_word' id='word_1_572' title='bbox 1682 1911 1784 1961; x_wconf 91' lang='lat' dir='ltr'>quasi</span> <span class='ocrx_word' id='word_1_573' title='bbox 1795 1912 1920 1951; x_wconf 81' lang='lat' dir='ltr'>nutrix</span> <span class='ocrx_word' id='word_1_574' title='bbox 1931 1914 2079 1965; x_wconf 88' lang='lat' dir='ltr'>optima,</span> <span class='ocrx_word' id='word_1_575' title='bbox 2090 1928 2169 1954; x_wconf 93' lang='lat' dir='ltr'>sen-</span> 
     </span>
     <span class='ocr_line' id='line_1_78' title="bbox 1215 1970 2169 2023; baseline 0.01 -18"><span class='ocrx_word' id='word_1_576' title='bbox 1215 1982 1322 2006; x_wconf 85' lang='lat' dir='ltr'>suum</span> <span class='ocrx_word' id='word_1_577' title='bbox 1344 1970 1487 2022; x_wconf 87' lang='lat' dir='ltr'>organis</span> <span class='ocrx_word' id='word_1_578' title='bbox 1510 1971 1677 2010; x_wconf 89' lang='lat' dir='ltr'>omnibus</span> <span class='ocrx_word' id='word_1_579' title='bbox 1698 1972 1851 2023; x_wconf 86' lang='lat' dir='ltr'>quietem</span> <span class='ocrx_word' id='word_1_580' title='bbox 1869 1988 1889 2011; x_wconf 86' lang='lat' dir='ltr'>a</span> <span class='ocrx_word' id='word_1_581' title='bbox 1908 1973 2092 2014; x_wconf 87' lang='lat' dir='ltr'>laboribus</span> <span class='ocrx_word' id='word_1_582' title='bbox 2113 1977 2169 2015; x_wconf 85' lang='lat' dir='ltr'>fa-</span> 
     </span>
     <span class='ocr_line' id='line_1_79' title="bbox 1216 2030 2168 2083; baseline 0.011 -16"><span class='ocrx_word' id='word_1_583' title='bbox 1216 2030 1520 2083; x_wconf 87' lang='lat' dir='ltr'>tigationibusque</span> <span class='ocrx_word' id='word_1_584' title='bbox 1547 2032 1756 2072; x_wconf 86' lang='lat' dir='ltr'>concedunt.</span> <span class='ocrx_word' id='word_1_585' title='bbox 1784 2035 1876 2072; x_wconf 87' lang='lat' dir='ltr'>Cum</span> <span class='ocrx_word' id='word_1_586' title='bbox 1900 2049 1984 2074; x_wconf 76' lang='lat' dir='ltr'>vero</span> <span class='ocrx_word' id='word_1_587' title='bbox 2005 2051 2168 2077; x_wconf 84' lang='lat' dir='ltr'>mensura</span> 
     </span>
     <span class='ocr_line' id='line_1_80' title="bbox 1217 2092 2195 2147; baseline 0.008 -18"><span class='ocrx_word' id='word_1_588' title='bbox 1217 2092 1328 2130; x_wconf 86' lang='lat' dir='ltr'>noctis</span> <span class='ocrx_word' id='word_1_589' title='bbox 1339 2092 1484 2145; x_wconf 89' lang='lat' dir='ltr'>impleta</span> <span class='ocrx_word' id='word_1_590' title='bbox 1498 2093 1616 2142; x_wconf 87' lang='lat' dir='ltr'>fuerit,</span> <span class='ocrx_word' id='word_1_591' title='bbox 1627 2095 1918 2147; x_wconf 82' lang='lat' dir='ltr'>appropinquans</span> <span class='ocrx_word' id='word_1_592' title='bbox 1933 2097 2023 2135; x_wconf 86' lang='lat' dir='ltr'>lucis</span> <span class='ocrx_word' id='word_1_593' title='bbox 2037 2097 2168 2137; x_wconf 77' lang='lat' dir='ltr'>adven·</span> <span class='ocrx_word' id='word_1_594' title='bbox 2190 2138 2195 2143; x_wconf 69' lang='grc'>,</span> 
     </span>
     <span class='ocr_line' id='line_1_81' title="bbox 1215 2153 2167 2209; baseline 0.009 -20"><span class='ocrx_word' id='word_1_595' title='bbox 1215 2160 1271 2189; x_wconf 88' lang='lat' dir='ltr'>tus</span> <span class='ocrx_word' id='word_1_596' title='bbox 1285 2153 1418 2191; x_wconf 80' lang='lat' dir='ltr'>excitat</span> <span class='ocrx_word' id='word_1_597' title='bbox 1435 2162 1469 2191; x_wconf 87' lang='lat' dir='ltr'>et</span> <span class='ocrx_word' id='word_1_598' title='bbox 1488 2153 1528 2192; x_wconf 88' lang='lat' dir='ltr'>id</span> <span class='ocrx_word' id='word_1_599' title='bbox 1549 2153 1624 2205; x_wconf 85' lang='lat' dir='ltr'>agit</span> <span class='ocrx_word' id='word_1_600' title='bbox 1640 2163 1679 2192; x_wconf 91' lang='lat' dir='ltr'>ut</span> <span class='ocrx_word' id='word_1_601' title='bbox 1696 2155 1853 2207; x_wconf 86' lang='lat' dir='ltr'>vigentes</span> <span class='ocrx_word' id='word_1_602' title='bbox 1871 2157 2064 2209; x_wconf 83' lang='lat' dir='ltr'>refectique</span> <span class='ocrx_word' id='word_1_603' title='bbox 2082 2174 2167 2198; x_wconf 84' lang='lat' dir='ltr'>sen-</span> 
     </span>
     <span class='ocr_line' id='line_1_82' title="bbox 1214 2212 2167 2272; baseline 0.009 -22"><span class='ocrx_word' id='word_1_604' title='bbox 1214 2226 1274 2250; x_wconf 91' lang='lat' dir='ltr'>sus</span> <span class='ocrx_word' id='word_1_605' title='bbox 1291 2212 1422 2252; x_wconf 91' lang='lat' dir='ltr'>solares</span> <span class='ocrx_word' id='word_1_606' title='bbox 1442 2213 1564 2252; x_wconf 89' lang='lat' dir='ltr'>radios</span> <span class='ocrx_word' id='word_1_607' title='bbox 1578 2213 1720 2266; x_wconf 87' lang='lat' dir='ltr'>adeant,</span> <span class='ocrx_word' id='word_1_608' title='bbox 1737 2225 1771 2253; x_wconf 91' lang='lat' dir='ltr'>et</span> <span class='ocrx_word' id='word_1_609' title='bbox 1790 2225 1829 2254; x_wconf 88' lang='lat' dir='ltr'>ut</span> <span class='ocrx_word' id='word_1_610' title='bbox 1847 2215 1955 2256; x_wconf 89' lang='lat' dir='ltr'>homo</span> <span class='ocrx_word' id='word_1_611' title='bbox 1969 2232 2060 2257; x_wconf 88' lang='lat' dir='ltr'>nova</span> <span class='ocrx_word' id='word_1_612' title='bbox 2079 2235 2167 2272; x_wconf 83' lang='lat' dir='ltr'>qua-</span> 
     </span>
     <span class='ocr_line' id='line_1_83' title="bbox 1213 2271 2168 2332; baseline 0.012 -22"><span class='ocrx_word' id='word_1_613' title='bbox 1213 2271 1299 2310; x_wconf 89' lang='lat' dir='ltr'>dam</span> <span class='ocrx_word' id='word_1_614' title='bbox 1313 2282 1347 2311; x_wconf 90' lang='lat' dir='ltr'>et</span> <span class='ocrx_word' id='word_1_615' title='bbox 1359 2273 1509 2312; x_wconf 84' lang='lat' dir='ltr'>ferventi</span> <span class='ocrx_word' id='word_1_616' title='bbox 1523 2275 1705 2314; x_wconf 87' lang='lat' dir='ltr'>alacritate</span> <span class='ocrx_word' id='word_1_617' title='bbox 1720 2277 1896 2315; x_wconf 89' lang='lat' dir='ltr'>consuetis</span> <span class='ocrx_word' id='word_1_618' title='bbox 1910 2279 2078 2332; x_wconf 86' lang='lat' dir='ltr'>operibus</span> <span class='ocrx_word' id='word_1_619' title='bbox 2093 2296 2168 2320; x_wconf 85' lang='lat' dir='ltr'>ma·</span> 
     </span>
     <span class='ocr_line' id='line_1_84' title="bbox 1213 2334 2166 2382; baseline 0.009 -10"><span class='ocrx_word' id='word_1_620' title='bbox 1213 2348 1300 2372; x_wconf 91' lang='lat' dir='ltr'>num</span> <span class='ocrx_word' id='word_1_621' title='bbox 1315 2334 1516 2375; x_wconf 89' lang='lat' dir='ltr'>admoveat.</span> <span class='ocrx_word' id='word_1_622' title='bbox 1533 2336 1630 2374; x_wconf 86' lang='lat' dir='ltr'>lllud</span> <span class='ocrx_word' id='word_1_623' title='bbox 1639 2337 1746 2375; x_wconf 88' lang='lat' dir='ltr'>etiam</span> <span class='ocrx_word' id='word_1_624' title='bbox 1765 2337 1800 2375; x_wconf 91' lang='lat' dir='ltr'>in</span> <span class='ocrx_word' id='word_1_625' title='bbox 1821 2339 1903 2377; x_wconf 85' lang='lat' dir='ltr'>anni</span> <span class='ocrx_word' id='word_1_626' title='bbox 1924 2343 2166 2382; x_wconf 77' lang='lat' dir='ltr'>conversioni-</span> 
     </span>
     <span class='ocr_line' id='line_1_85' title="bbox 1208 2390 2164 2455; baseline 0.008 -21"><span class='ocrx_word' id='word_1_627' title='bbox 1208 2390 1280 2435; x_wconf 80' lang='lat' dir='ltr'>-bus</span> <span class='ocrx_word' id='word_1_628' title='bbox 1303 2396 1381 2435; x_wconf 87' lang='lat' dir='ltr'>fieri</span> <span class='ocrx_word' id='word_1_629' title='bbox 1408 2397 1599 2437; x_wconf 78' lang='lat' dir='ltr'>cernimus,</span> <span class='ocrx_word' id='word_1_630' title='bbox 1627 2398 1789 2437; x_wconf 91' lang='lat' dir='ltr'>Hiemem</span> <span class='ocrx_word' id='word_1_631' title='bbox 1812 2400 1909 2439; x_wconf 91' lang='lat' dir='ltr'>enim</span> <span class='ocrx_word' id='word_1_632' title='bbox 1932 2403 2066 2455; x_wconf 79' lang='lat' dir='ltr'>excipit</span> <span class='ocrx_word' id='word_1_633' title='bbox 2091 2418 2164 2452; x_wconf 88' lang='lat' dir='ltr'>ver,</span> 
     </span>
     <span class='ocr_line' id='line_1_86' title="bbox 1211 2458 2163 2516; baseline 0.008 -21"><span class='ocrx_word' id='word_1_634' title='bbox 1211 2466 1246 2495; x_wconf 89' lang='lat' dir='ltr'>et</span> <span class='ocrx_word' id='word_1_635' title='bbox 1259 2466 1390 2496; x_wconf 78' lang='lat' dir='ltr'>exactae</span> <span class='ocrx_word' id='word_1_636' title='bbox 1402 2458 1512 2497; x_wconf 76' lang='lat' dir='ltr'>aestati</span> <span class='ocrx_word' id='word_1_637' title='bbox 1528 2458 1685 2498; x_wconf 89' lang='lat' dir='ltr'>succedit</span> <span class='ocrx_word' id='word_1_638' title='bbox 1695 2469 1909 2500; x_wconf 87' lang='lat' dir='ltr'>autumnus:</span> <span class='ocrx_word' id='word_1_639' title='bbox 1925 2473 1963 2501; x_wconf 91' lang='lat' dir='ltr'>ut</span> <span class='ocrx_word' id='word_1_640' title='bbox 1975 2478 2040 2516; x_wconf 88' lang='lat' dir='ltr'>per</span> <span class='ocrx_word' id='word_1_641' title='bbox 2055 2465 2163 2503; x_wconf 83' lang='lat' dir='ltr'>vicis-</span> 
     </span>
     <span class='ocr_line' id='line_1_87' title="bbox 1211 2518 2165 2576; baseline 0.009 -20"><span class='ocrx_word' id='word_1_642' title='bbox 1211 2518 1403 2558; x_wconf 89' lang='lat' dir='ltr'>situdinem</span> <span class='ocrx_word' id='word_1_643' title='bbox 1423 2529 1623 2572; x_wconf 87' lang='lat' dir='ltr'>temporum</span> <span class='ocrx_word' id='word_1_644' title='bbox 1646 2530 1679 2559; x_wconf 92' lang='lat' dir='ltr'>et</span> <span class='ocrx_word' id='word_1_645' title='bbox 1720 2522 1849 2561; x_wconf 83' lang='lat' dir='ltr'>mutati</span> <span class='ocrx_word' id='word_1_646' title='bbox 1874 2524 1964 2563; x_wconf 81' lang='lat' dir='ltr'>aeris</span> <span class='ocrx_word' id='word_1_647' title='bbox 1984 2526 2165 2576; x_wconf 85' lang='lat' dir='ltr'>quiescant</span> 
     </span>
     <span class='ocr_line' id='line_1_88' title="bbox 1211 2582 2165 2640; baseline 0.008 -22"><span class='ocrx_word' id='word_1_648' title='bbox 1211 2594 1359 2633; x_wconf 84' lang='lat' dir='ltr'>corpora</span> <span class='ocrx_word' id='word_1_649' title='bbox 1390 2589 1528 2631; x_wconf 80' lang='lat' dir='ltr'>nostra,</span> <span class='ocrx_word' id='word_1_650' title='bbox 1562 2582 1833 2634; x_wconf 71' lang='lat' dir='ltr'>neque&#39;frigore</span> <span class='ocrx_word' id='word_1_651' title='bbox 1857 2584 2010 2623; x_wconf 89' lang='lat' dir='ltr'>nimium</span> <span class='ocrx_word' id='word_1_652' title='bbox 2033 2600 2165 2640; x_wconf 89' lang='lat' dir='ltr'>conge-</span> 
     </span>
     <span class='ocr_line' id='line_1_89' title="bbox 1208 2640 2162 2693; baseline 0.008 -15"><span class='ocrx_word' id='word_1_653' title='bbox 1208 2640 1280 2679; x_wconf 88' lang='lat' dir='ltr'>lata</span> <span class='ocrx_word' id='word_1_654' title='bbox 1292 2650 1583 2693; x_wconf 86' lang='lat' dir='ltr'>corrumpantur,</span> <span class='ocrx_word' id='word_1_655' title='bbox 1600 2654 1716 2693; x_wconf 89' lang='lat' dir='ltr'>neque</span> <span class='ocrx_word' id='word_1_656' title='bbox 1725 2643 1852 2682; x_wconf 85' lang='lat' dir='ltr'>caloris</span> <span class='ocrx_word' id='word_1_657' title='bbox 1868 2645 2091 2685; x_wconf 81' lang='lat' dir='ltr'>vehementia</span> <span class='ocrx_word' id='word_1_658' title='bbox 2107 2648 2162 2687; x_wconf 89' lang='lat' dir='ltr'>ni-</span> 
     </span>
     <span class='ocr_line' id='line_1_90' title="bbox 1210 2703 2162 2751; baseline 0.009 -9"><span class='ocrx_word' id='word_1_659' title='bbox 1210 2703 1324 2742; x_wconf 90' lang='lat' dir='ltr'>mium</span> <span class='ocrx_word' id='word_1_660' title='bbox 1348 2703 1517 2742; x_wconf 88' lang='lat' dir='ltr'>calefacta</span> <span class='ocrx_word' id='word_1_661' title='bbox 1545 2703 1809 2743; x_wconf 83' lang='lat' dir='ltr'>dissolvantur:</span> <span class='ocrx_word' id='word_1_662' title='bbox 1836 2716 1870 2745; x_wconf 89' lang='lat' dir='ltr'>et</span> <span class='ocrx_word' id='word_1_663' title='bbox 1893 2716 1932 2745; x_wconf 92' lang='lat' dir='ltr'>ut</span> <span class='ocrx_word' id='word_1_664' title='bbox 1951 2708 1998 2747; x_wconf 86' lang='lat' dir='ltr'>ad</span> <span class='ocrx_word' id='word_1_665' title='bbox 2016 2709 2085 2748; x_wconf 87' lang='lat' dir='ltr'>hoc</span> <span class='ocrx_word' id='word_1_666' title='bbox 2098 2725 2162 2751; x_wconf 89' lang='lat' dir='ltr'>nos</span> 
     </span>
     <span class='ocr_line' id='line_1_91' title="bbox 1209 2764 2162 2818; baseline 0.01 -17"><span class='ocrx_word' id='word_1_667' title='bbox 1209 2773 1395 2817; x_wconf 79' lang='lat' dir='ltr'>praeparet,</span> <span class='ocrx_word' id='word_1_668' title='bbox 1415 2764 1524 2802; x_wconf 87' lang='lat' dir='ltr'>hiemi</span> <span class='ocrx_word' id='word_1_669' title='bbox 1545 2765 1731 2816; x_wconf 79' lang='lat' dir='ltr'>praemittit</span> <span class='ocrx_word' id='word_1_670' title='bbox 1749 2775 1974 2818; x_wconf 89' lang='lat' dir='ltr'>autumnum,</span> <span class='ocrx_word' id='word_1_671' title='bbox 1996 2779 2030 2808; x_wconf 92' lang='lat' dir='ltr'>et</span> <span class='ocrx_word' id='word_1_672' title='bbox 2050 2774 2162 2811; x_wconf 75' lang='lat' dir='ltr'>aestati</span> 
     </span>
     <span class='ocr_line' id='line_1_92' title="bbox 1209 2824 2161 2878; baseline 0.007 -14"><span class='ocrx_word' id='word_1_673' title='bbox 1209 2839 1282 2864; x_wconf 85' lang='lat' dir='ltr'>ver.</span> <span class='ocrx_word' id='word_1_674' title='bbox 1308 2824 1418 2873; x_wconf 88' lang='lat' dir='ltr'>Quod</span> <span class='ocrx_word' id='word_1_675' title='bbox 1433 2825 1462 2863; x_wconf 89' lang='lat' dir='ltr'>si</span> <span class='ocrx_word' id='word_1_676' title='bbox 1481 2825 1562 2876; x_wconf 90' lang='lat' dir='ltr'>quis</span> <span class='ocrx_word' id='word_1_677' title='bbox 1585 2824 1777 2878; x_wconf 89' lang='lat' dir='ltr'>prudenter</span> <span class='ocrx_word' id='word_1_678' title='bbox 1795 2826 1872 2866; x_wconf 85' lang='lat' dir='ltr'>haec</span> <span class='ocrx_word' id='word_1_679' title='bbox 1899 2831 2019 2869; x_wconf 84' lang='lat' dir='ltr'>omnia</span> <span class='ocrx_word' id='word_1_680' title='bbox 2041 2846 2161 2872; x_wconf 89' lang='lat' dir='ltr'>secum</span> 
     </span>
     <span class='ocr_line' id='line_1_93' title="bbox 1207 2885 2159 2938; baseline 0.011 -15"><span class='ocrx_word' id='word_1_681' title='bbox 1207 2885 1430 2938; x_wconf 82' lang='lat' dir='ltr'>expenderit,</span> <span class='ocrx_word' id='word_1_682' title='bbox 1454 2885 1608 2924; x_wconf 72' lang='lat' dir='ltr'>inveniet</span> <span class='ocrx_word' id='word_1_683' title='bbox 1627 2885 1662 2924; x_wconf 87' lang='lat' dir='ltr'>in</span> <span class='ocrx_word' id='word_1_684' title='bbox 1683 2887 1849 2927; x_wconf 87' lang='lat' dir='ltr'>omnibus</span> <span class='ocrx_word' id='word_1_685' title='bbox 1871 2893 2042 2931; x_wconf 90' lang='lat' dir='ltr'>creaturis</span> <span class='ocrx_word' id='word_1_686' title='bbox 2063 2895 2159 2933; x_wconf 85' lang='lat' dir='ltr'>ordi-</span> 
     </span>
    </p>
   </div>
   <div class='ocr_carea' id='block_1_10' title="bbox 1205 2953 2158 3075">
    <p class='ocr_par' dir='ltr' id='par_1_10' title="bbox 1205 2953 2158 3075">
     <span class='ocr_line' id='line_1_94' title="bbox 1208 2953 2158 3004; baseline 0.009 -12"><span class='ocrx_word' id='word_1_687' title='bbox 1208 2968 1287 2992; x_wconf 91' lang='lat' dir='ltr'>nem</span> <span class='ocrx_word' id='word_1_688' title='bbox 1307 2963 1340 2992; x_wconf 90' lang='lat' dir='ltr'>et</span> <span class='ocrx_word' id='word_1_689' title='bbox 1368 2953 1542 2992; x_wconf 88' lang='lat' dir='ltr'>rationem</span> <span class='ocrx_word' id='word_1_690' title='bbox 1565 2953 1775 3004; x_wconf 80' lang='lat' dir='ltr'>quamdam,</span> <span class='ocrx_word' id='word_1_691' title='bbox 1799 2965 1832 2994; x_wconf 93' lang='lat' dir='ltr'>et</span> <span class='ocrx_word' id='word_1_692' title='bbox 1856 2958 1949 2997; x_wconf 89' lang='lat' dir='ltr'>nihil</span> <span class='ocrx_word' id='word_1_693' title='bbox 1976 2969 2105 3000; x_wconf 88' lang='lat' dir='ltr'>temere</span> <span class='ocrx_word' id='word_1_694' title='bbox 2126 2973 2158 3001; x_wconf 84' lang='lat' dir='ltr'>et</span> 
     </span>
     <span class='ocr_line' id='line_1_95' title="bbox 1205 3015 2158 3075; baseline 0.007 -20"><span class='ocrx_word' id='word_1_695' title='bbox 1205 3017 1339 3068; x_wconf 87' lang='lat' dir='ltr'>absque</span> <span class='ocrx_word' id='word_1_696' title='bbox 1354 3015 1488 3053; x_wconf 89' lang='lat' dir='ltr'>ratione</span> <span class='ocrx_word' id='word_1_697' title='bbox 1506 3015 1652 3053; x_wconf 89' lang='lat' dir='ltr'>sactum.</span> <span class='ocrx_word' id='word_1_698' title='bbox 1664 3015 1740 3054; x_wconf 89' lang='lat' dir='ltr'>Hoc</span> <span class='ocrx_word' id='word_1_699' title='bbox 1753 3025 1787 3055; x_wconf 92' lang='lat' dir='ltr'>et</span> <span class='ocrx_word' id='word_1_700' title='bbox 1806 3017 1841 3056; x_wconf 91' lang='lat' dir='ltr'>in</span> <span class='ocrx_word' id='word_1_701' title='bbox 1856 3020 2063 3071; x_wconf 84' lang='lat' dir='ltr'>seminibus,</span> <span class='ocrx_word' id='word_1_702' title='bbox 2081 3038 2158 3075; x_wconf 65' lang='lat' dir='ltr'>quse</span> 
     </span>
    </p>
   </div>
   <div class='ocr_carea' id='block_1_11' title="bbox 114 3118 2157 3221">
    <p class='ocr_par' dir='ltr' id='par_1_11' title="bbox 114 3118 2157 3221">
     <span class='ocr_line' id='line_1_96' title="bbox 1193 3118 2157 3169; baseline 0.009 -17"><span class='ocrx_word' id='word_1_703' title='bbox 1193 3121 1210 3146; x_wconf 71' lang='lat' dir='ltr'>tl</span> <span class='ocrx_word' id='word_1_704' title='bbox 1226 3120 1363 3154; x_wconf 86' lang='lat' dir='ltr'>Coislin.</span> <span class='ocrx_word' id='word_1_705' title='bbox 1379 3128 1411 3152; x_wconf 86' lang='lat' dir='ltr'>et</span> <span class='ocrx_word' id='word_1_706' title='bbox 1436 3118 1491 3152; x_wconf 78' lang='lat' dir='ltr'>alii</span> <span class='ocrx_word' id='word_1_707' title='bbox 1517 3124 1566 3154; x_wconf 82' lang='grc' dir='ltr'>καὶ</span> <span class='ocrx_word' id='word_1_708' title='bbox 1594 3124 1682 3155; x_wconf 81' lang='grc' dir='ltr'>τοῦτο</span> <span class='ocrx_word' id='word_1_709' title='bbox 1707 3124 1780 3157; x_wconf 77' lang='grc' dir='ltr'>αὐτὸ</span> <span class='ocrx_word' id='word_1_710' title='bbox 1804 3125 1948 3159; x_wconf 72' lang='grc' dir='ltr'>παιδεύων</span> <span class='ocrx_word' id='word_1_711' title='bbox 1971 3131 2061 3169; x_wconf 65' lang='grc' dir='ltr'>ἡμεῖς.</span> <span class='ocrx_word' id='word_1_712' title='bbox 2081 3127 2157 3161; x_wconf 79' lang='lat' dir='ltr'>Mox</span> 
     </span>
     <span class='ocr_line' id='line_1_97' title="bbox 114 3162 1889 3221; baseline 0.008 -27"><span class='ocrx_word' id='word_1_713' title='bbox 114 3170 203 3202; x_wconf 75' lang='lat' dir='ltr'>certe</span> <span class='ocrx_word' id='word_1_714' title='bbox 214 3162 278 3196; x_wconf 89' lang='lat' dir='ltr'>hoc</span> <span class='ocrx_word' id='word_1_715' title='bbox 294 3176 351 3196; x_wconf 84' lang='lat' dir='ltr'>usu</span> <span class='ocrx_word' id='word_1_716' title='bbox 368 3162 518 3209; x_wconf 82' lang='lat' dir='ltr'>insolita,</span> <span class='ocrx_word' id='word_1_717' title='bbox 536 3169 624 3200; x_wconf 83' lang='lat' dir='ltr'>circa</span> <span class='ocrx_word' id='word_1_718' title='bbox 639 3180 737 3212; x_wconf 83' lang='lat' dir='ltr'>quam</span> <span class='ocrx_word' id='word_1_719' title='bbox 751 3168 821 3202; x_wconf 80' lang='lat' dir='ltr'>haec</span> <span class='ocrx_word' id='word_1_720' title='bbox 838 3178 935 3204; x_wconf 82' lang='lat' dir='ltr'>notat</span> <span class='ocrx_word' id='word_1_721' title='bbox 949 3171 1092 3205; x_wconf 52' lang='lat' dir='ltr'>Sat-inus</span> <span class='ocrx_word' id='word_1_722' title='bbox 1106 3186 1112 3204; x_wconf 91' lang='lat'>:</span> <span class='ocrx_word' id='word_1_723' title='bbox 1148 3172 1284 3206; x_wconf 84' lang='lat' dir='ltr'>Coislin.</span> <span class='ocrx_word' id='word_1_724' title='bbox 1304 3176 1340 3207; x_wconf 80' lang='grc' dir='ltr'>δι’</span> <span class='ocrx_word' id='word_1_725' title='bbox 1357 3176 1453 3206; x_wconf 69' lang='grc' dir='ltr'>αὐτῶν</span> <span class='ocrx_word' id='word_1_726' title='bbox 1472 3181 1530 3205; x_wconf 76' lang='grc' dir='ltr'>τῶν</span> <span class='ocrx_word' id='word_1_727' title='bbox 1546 3178 1736 3218; x_wconf 65' lang='grc' dir='ltr'>πραγμάτων</span> <span class='ocrx_word' id='word_1_728' title='bbox 1753 3179 1889 3221; x_wconf 67' lang='grc' dir='ltr'>ἀκριέῶς.</span> 
     </span>
    </p>
   </div>
   <div class='ocr_carea' id='block_1_12' title="bbox 1192 3225 1514 3270">
    <p class='ocr_par' dir='ltr' id='par_1_12' title="bbox 1192 3225 1514 3270">
     <span class='ocr_line' id='line_1_98' title="bbox 1192 3225 1514 3270; baseline 0 -13"><span class='ocrx_word' id='word_1_729' title='bbox 1192 3231 1204 3245; x_wconf 84' lang='lat'><em>⁰</em></span> <span class='ocrx_word' id='word_1_730' title='bbox 1223 3225 1283 3257; x_wconf 79' lang='lat' dir='ltr'>Alii</span> <span class='ocrx_word' id='word_1_731' title='bbox 1297 3228 1344 3259; x_wconf 76' lang='grc' dir='ltr'>ἐπ’</span> <span class='ocrx_word' id='word_1_732' title='bbox 1361 3229 1514 3270; x_wconf 66' lang='grc' dir='ltr'>ἐργασίαν.</span> 
     </span>
    </p>
   </div>
   <div class='ocr_carea' id='block_1_13' title="bbox 115 3267 1117 3426">
    <p class='ocr_par' dir='ltr' id='par_1_13' title="bbox 115 3267 1117 3426">
     <span class='ocr_line' id='line_1_99' title="bbox 115 3267 1116 3319; baseline 0.015 -22"><span class='ocrx_word' id='word_1_733' title='bbox 115 3267 276 3300; x_wconf 71' lang='lat' dir='ltr'>Donamus</span> <span class='ocrx_word' id='word_1_734' title='bbox 291 3269 417 3302; x_wconf 84' lang='lat' dir='ltr'>mavult</span> <span class='ocrx_word' id='word_1_735' title='bbox 435 3278 571 3307; x_wconf 72' lang='grc' dir='ltr'>ἀποκνεῖν</span> <span class='ocrx_word' id='word_1_736' title='bbox 590 3285 596 3303; x_wconf 88' lang='lat'>:</span> <span class='ocrx_word' id='word_1_737' title='bbox 616 3272 755 3306; x_wconf 83' lang='lat' dir='ltr'>fortasse</span> <span class='ocrx_word' id='word_1_738' title='bbox 773 3273 947 3319; x_wconf 80' lang='lat' dir='ltr'>legendum</span> <span class='ocrx_word' id='word_1_739' title='bbox 964 3282 1116 3312; x_wconf 75' lang='grc' dir='ltr'>ἀποκναίει</span> 
     </span>
     <span class='ocr_line' id='line_1_100' title="bbox 116 3323 1114 3368; baseline 0.011 -17"><span class='ocrx_word' id='word_1_740' title='bbox 116 3323 164 3352; x_wconf 73' lang='grc' dir='ltr'>καὶ</span> <span class='ocrx_word' id='word_1_741' title='bbox 190 3327 265 3353; x_wconf 76' lang='grc' dir='ltr'>ποιεῖ</span> <span class='ocrx_word' id='word_1_742' title='bbox 290 3327 472 3367; x_wconf 63' lang='grc' dir='ltr'>ἀναπίπτειν.</span> <span class='ocrx_word' id='word_1_743' title='bbox 491 3323 664 3368; x_wconf 75' lang='lat' dir='ltr'>Clirysost.</span> <span class='ocrx_word' id='word_1_744' title='bbox 686 3326 786 3359; x_wconf 76' lang='lat' dir='ltr'>[lom.</span> <span class='ocrx_word' id='word_1_745' title='bbox 805 3329 824 3358; x_wconf 80' lang='grc'><strong>6</strong></span> <span class='ocrx_word' id='word_1_746' title='bbox 840 3328 871 3360; x_wconf 89' lang='lat' dir='ltr'>iu</span> <span class='ocrx_word' id='word_1_747' title='bbox 891 3329 909 3360; x_wconf 86' lang='lat'><strong>2</strong></span> <span class='ocrx_word' id='word_1_748' title='bbox 936 3327 979 3361; x_wconf 85' lang='lat' dir='ltr'>ad</span> <span class='ocrx_word' id='word_1_749' title='bbox 995 3329 1114 3362; x_wconf 87' lang='lat' dir='ltr'>Timo-</span> 
     </span>
     <span class='ocr_line' id='line_1_101' title="bbox 116 3369 1117 3426; baseline 0.015 -26"><span class='ocrx_word' id='word_1_750' title='bbox 116 3369 243 3402; x_wconf 75' lang='lat' dir='ltr'>theum:</span> <span class='ocrx_word' id='word_1_751' title='bbox 266 3375 296 3405; x_wconf 66' lang='grc' dir='ltr'>οὗ</span> <span class='ocrx_word' id='word_1_752' title='bbox 309 3379 397 3414; x_wconf 73' lang='grc' dir='ltr'>μόνον</span> <span class='ocrx_word' id='word_1_753' title='bbox 413 3378 461 3407; x_wconf 67' lang='lat'>021.</span> <span class='ocrx_word' id='word_1_754' title='bbox 480 3381 629 3410; x_wconf 60' lang='grc' dir='ltr'>ἀποκναίει</span> <span class='ocrx_word' id='word_1_755' title='bbox 646 3384 716 3423; x_wconf 63' lang='grc' dir='ltr'>πρὸς</span> <span class='ocrx_word' id='word_1_756' title='bbox 733 3385 785 3416; x_wconf 74' lang='grc' dir='ltr'>τὴν</span> <span class='ocrx_word' id='word_1_757' title='bbox 807 3386 956 3426; x_wconf 60' lang='grc' dir='ltr'>ἀνρόαςω,</span> <span class='ocrx_word' id='word_1_758' title='bbox 974 3385 1053 3415; x_wconf 70' lang='grc' dir='ltr'>αἶὶλὰ</span> <span class='ocrx_word' id='word_1_759' title='bbox 1070 3387 1117 3415; x_wconf 73' lang='grc' dir='ltr'>ναὶ</span> 
     </span>
    </p>
   </div>
   <div class='ocr_carea' id='block_1_14' title="bbox 1194 3277 1783 3418">
    <p class='ocr_par' dir='ltr' id='par_1_14' title="bbox 1194 3277 1783 3418">
     <span class='ocr_line' id='line_1_102' title="bbox 1194 3277 1783 3323; baseline 0.01 -20"><span class='ocrx_word' id='word_1_760' title='bbox 1194 3277 1207 3303; x_wconf 79' lang='lat' dir='ltr'>f</span> <span class='ocrx_word' id='word_1_761' title='bbox 1223 3278 1304 3319; x_wconf 81' lang='lat' dir='ltr'>Reg.</span> <span class='ocrx_word' id='word_1_762' title='bbox 1324 3287 1406 3308; x_wconf 88' lang='lat' dir='ltr'>unus</span> <span class='ocrx_word' id='word_1_763' title='bbox 1425 3285 1476 3314; x_wconf 70' lang='grc' dir='ltr'>τῆς</span> <span class='ocrx_word' id='word_1_764' title='bbox 1502 3281 1618 3323; x_wconf 71' lang='grc' dir='ltr'>ἡμέρας</span> <span class='ocrx_word' id='word_1_765' title='bbox 1635 3281 1783 3322; x_wconf 70' lang='grc' dir='ltr'>ἐργασίας.</span> 
     </span>
     <span class='ocr_line' id='line_1_103' title="bbox 1195 3328 1573 3374; baseline 0 -13"><span class='ocrx_word' id='word_1_766' title='bbox 1195 3340 1207 3354; x_wconf 75' lang='lat'>³¹</span> <span class='ocrx_word' id='word_1_767' title='bbox 1226 3328 1286 3362; x_wconf 79' lang='lat' dir='ltr'>Alii</span> <span class='ocrx_word' id='word_1_768' title='bbox 1306 3334 1353 3362; x_wconf 64' lang='lat' dir='ltr'>mi</span> <span class='ocrx_word' id='word_1_769' title='bbox 1371 3331 1573 3374; x_wconf 74' lang='grc' dir='ltr'>διεγειρούσης.</span> 
     </span>
     <span class='ocr_line' id='line_1_104' title="bbox 1199 3382 1542 3418; baseline -0.003 -6"><span class='ocrx_word' id='word_1_770' title='bbox 1199 3383 1212 3397; x_wconf 71' lang='grc'>’“</span> <span class='ocrx_word' id='word_1_771' title='bbox 1232 3382 1323 3414; x_wconf 82' lang='lat' dir='ltr'>Fort.</span> <span class='ocrx_word' id='word_1_772' title='bbox 1349 3385 1542 3418; x_wconf 65' lang='grc' dir='ltr'>ἀποστάντος.</span> 
     </span>
    </p>
   </div>
   <div class='ocr_carea' id='block_1_15' title="bbox 115 3429 285 3463">
    <p class='ocr_par' dir='ltr' id='par_1_15' title="bbox 115 3429 285 3463">
     <span class='ocr_line' id='line_1_105' title="bbox 115 3429 285 3463; baseline 0.006 -9"><span class='ocrx_word' id='word_1_773' title='bbox 115 3429 260 3463; x_wconf 50' lang='grc' dir='ltr'>’,ὑμνεῖ-ιιι.</span> <span class='ocrx_word' id='word_1_774' title='bbox 271 3439 285 3452; x_wconf 73' lang='lat'>1·</span> 
     </span>
    </p>
   </div>
  </div>
 </body>
</html>
