2516 3791
725 167 767 197 ix
805 167 906 197 cn).
948 167 1054 198 xxv.
1095 164 1258 195 ons-us.
1299 166 1454 196 nouit.
1496 167 1615 196 xiix.
2098 156 2189 219 509

144 252 221 290 Οὐκ
240 250 364 301 ἔχομεν
382 248 608 287 ἐπιλαὸέσθαι
628 250 739 287 αὐτῶν
758 253 820 296 τ’ἧς
834 252 922 297 ζωῆς
936 280 944 296 ,
965 250 1024 288 καὶ
1042 252 1163 294 εἰπεῖν,
1234 248 1399 296 studiosi,
1426 249 1556 287 sterilis
1587 249 1654 286 fuit
1667 250 1683 286 '·.'
1718 250 1794 287 Nou
1832 265 2017 303 possumus
2049 269 2192 305 ean-pore

143 310 197 348 ὅτι
217 313 284 347 τῶν
301 311 480 361 ἁμαρτιῶν
496 303 537 355 ἧν
554 308 652 361 ἔργον
672 313 693 356 ἡ
715 311 908 363 στείρωσις.
931 312 998 350 Καὶ
1019 310 1073 348 ἵνα
1095 310 1162 360 μοί-
1234 323 1357 348 corum
1377 310 1502 359 vitam,
1515 319 1550 349 et
1568 310 1687 349 dicere
1705 311 1929 350 sterilitatem
1953 312 2050 351 illam
2068 329 2189 366 pecea-

144 374 204 422 θῃς
230 370 270 409 τὸ
300 369 512 420 θαυμαστὸν,
542 370 595 407 δ’τι
624 372 685 408 οὐκ
716 371 803 418 αὐτ-λ,
832 372 935 422 μόνον
961 378 1080 423 στεῖρα
1111 365 1164 417 ἦν,
1236 379 1352 409 torum
1366 386 1469 410 ‹tausa
1489 371 1754 410 immissam.l⁴]t
1775 382 1812 410 ut
1825 372 1941 411 discas
1958 388 2030 412 reni
2046 375 2186 417 miram,

144 430 234 469 ἀλλὰ
259 431 317 469 καὶ
335 436 356 478 ἡ
376 431 495 484 μήτηρ
515 436 574 470 τοῦ
601 432 733 470 δικαίου
753 436 775 479 ἦ
796 434 937 485 Σάρρα·
970 432 1028 471 καὶ
1058 433 1123 484 οὐχ
1143 435 1163 478 ἡ
1237 446 1304 468 nou
1322 432 1436 470 solum
1471 433 1543 485 ipsa
1567 433 1696 471 sterilis
1721 434 1804 481 suit,
1829 434 1890 473 scd
1919 444 1951 473 ct
1980 438 2188 488 materjusti

144 492 261 545 μήτηρ
282 493 317 532 δὲ
334 495 439 532 αὐτοῦ
459 494 574 544 μόνον,
590 493 678 532 ἀλλὰ
699 494 757 532 καὶ
775 499 796 542 ἡ
814 495 943 548 νύμφη,
961 498 1020 533 τοῦ
1036 493 1166 533 'lambe
1235 493 1340 530 Sarra
1361 510 1367 529 ε
1387 508 1498 544 neque
1513 504 1624 532 mater
1638 496 1713 546 ejus
1731 496 1820 543 sola,
1838 496 1900 534 sed
1923 506 1956 534 et
1974 512 2100 547 nurus,
2123 499 2191 536 Ra-

142 557 163 600 ἡ
195 553 281 602 γυνὴ
309 557 330 599 ἡ
358 553 498 606 Ῥαχὴλ
526 555 629 606 λέγω.
657 555 704 593 Τί
735 556 897 607 βούλεται
927 558 995 593 τῶν
1021 557 1166 605 στειρῶν
1236 553 1313 590 chel
1344 569 1435 591 uxor
1455 556 1592 593 ssu-nbi.
1617 557 1715 603 Quid
1738 558 1806 595 sibi
1831 559 1909 597 vult
1936 559 1997 596 ilie
2014 561 2190 599 sterilium

142 614 273 654 τούτων
300 618 318 653 ὁ
339 615 461 668 χορός;
482 615 617 660 Πάντες
652 616 799 661 δίκαιοι,
829 616 956 659 πάντες
986 615 1165 667 ἐνάρετοι,
1238 613 1393 652 chorus?
1416 618 1548 653 Omnes
1564 619 1674 668 justi,
1705 634 1826 657 omnes
1864 621 1997 658 virtute
2029 623 2188 674 pra-diti,

142 676 271 720 πάντες
302 677 369 715 ὑπὸ
398 679 491 715 Θεοῦ
520 677 806 729 μαρτυρούμενοι.
835 676 924 729 Περὶ
955 675 1022 727 γὰρ
1052 677 1164 714 αὐτῶν
1176 703 1223 728 493
1238 676 1480 713 omnesaDco
1500 678 1739 716 testimonium
1753 680 2034 721 aulana-&Nam
2047 683 2091 721 d(-
2106 685 2193 737 ipsis

142 736 277 788 ἔλεγεν·
312 737 405 789 Ἐγώ
439 740 512 788 εἶμι
548 741 566 776 ὁ
599 739 687 781 Θεὸς
718 737 897 790 Ἀέραὰμ,
928 737 986 774 καὶ
1021 740 1039 774 ὁ
1077 736 1165 780 Θεὸς
1188 741 1212 768 A
1238 733 2046 788 dicebat:EgoswnDeussllnulmm,Deus
2059 749 2188 793 Isaac,
2207 751 2309 778 E-rvcl·
2327 749 2392 780 3-6-

144 798 287 844 Ἰσαὰκ,
308 799 365 836 καὶ
383 801 401 836 ὃ
423 799 513 842 Θεὸς
532 798 674 836 'Iam-36.
693 799 762 836 Καὶ
784 802 801 836 ὃ
821 797 990 850 μακάριος
1010 797 1045 837 δὲ
1065 799 1166 836 Παῧ-
1239 798 1344 835 Deus
1370 799 1509 836 Jacob.
1529 800 1656 837 Beatus
1685 811 1803 839 autem
1836 804 1969 842 Paulus
1997 806 2043 843 :n't
2070 824 2076 844 :
2100 810 2192 846 Ideo
2209 821 2298 850 llelw.
2324 829 2367 849 ιι.

142 859 199 903 λός
220 876 323 911 φησι·
343 860 399 898 Δι’
417 860 435 898 ὃ
451 863 512 898 οὐκ
536 860 787 912 ἐπαισχύνεται
810 863 828 897 ὁ
848 860 955 907 Θεὸς,
981 859 1070 903 Θεὸς
1090 861 1166 897 ἐπι·
1239 873 1316 896 non
1350 861 1605 913 confunditur
1632 863 1739 900 Deus
1752 893 1766 910 ,
1799 873 1841 902 ιιι
1869 876 2030 905 vocetur
2062 884 2192 908 eorum
2211 864 2256 893 ’θ’

141 922 322 959 καλεῖσθαι
350 921 474 958 αὐτῶν.
502 920 625 959 Πολλὰ
656 921 769 958 αὐτῶν
797 920 841 959 τὰ
864 920 1023 972 ἐγκώμια
1054 922 1089 958 ἐν
1122 923 1165 972 τῇ
1238 921 1356 959 Deus.
1376 921 1502 960 Multa:
1535 921 1695 974 ipsorum
1720 924 1844 963 laudes
1870 927 1905 964 in
1933 929 2050 976 Novo,
2071 932 2192 970 multa:

143 983 255 1032 Καινῇ
272 1012 280 1028 ,
306 980 428 1019 πολλοὶ
448 983 479 1020 οἱ
495 980 630 1019 ἔπαινοι
650 983 684 1019 ἐν
700 984 742 1033 τῇ
764 983 920 1032 Παλαιᾷ.
938 980 1166 1033 Πανταχόθεν
1238 981 1273 1019 in
1300 982 1435 1021 Veteri.
1453 983 1622 1035 Undique
1658 984 1744 1024 clari
1772 996 1806 1025 et
1841 988 1990 1039 nobiles,
2012 1001 2046 1029 et
2073 1007 2193 1031 omnes

140 1041 296 1094 λαμπροὶ
317 1042 374 1079 καὶ
390 1042 576 1093 ἐπίσημοι,
597 1042 656 1080 καὶ
680 1043 807 1086 πάντες
824 1041 961 1094 στείρας
980 1042 1083 1094 ἔσχον
1103 1058 1166 1093 γυ-
1236 1043 1373 1081 steriles
1408 1043 1609 1084 habuerunt
1647 1060 1789 1099 uxores,
1817 1050 2002 1102 multoque
2037 1062 2194 1106 tempore

141 1108 276 1146 ναῖκας,
292 1103 350 1142 καὶ
363 1105 398 1140 ἐν
414 1103 559 1156 ἀπαιδία
576 1097 665 1150 ἦσαν
681 1103 786 1157 μέχρι
800 1104 930 1141 πολλοῦ
948 1107 1006 1141 τοῦ
1023 1102 1163 1155 χρόνου.
1237 1113 1426 1142 caruerunt
1448 1105 1580 1144 liberis.

196 1163 308 1201 “om
337 1157 394 1202 οῧν
414 1163 489 1217 ἴδῃς
510 1164 617 1217 ἄνδρα
637 1165 697 1203 καὶ
716 1169 865 1215 γυναῖκα
884 1166 918 1203 ἐν
945 1166 1052 1216 ἀρετῇ
1081 1165 1166 1208 ζῶν·
1291 1166 1331 1202 Q.
1365 1166 1520 1213 Quando
1535 1167 1646 1219 igitur
1658 1169 1792 1209 videris
1812 1171 1932 1211 virum
1951 1183 1985 1211 et
2009 1175 2193 1213 mulierem

142 1240 221 1269 τας,
241 1226 300 1263 καὶ
316 1227 351 1263 ἐν
372 1226 519 1277 ἀπαιδία
538 1225 784 1277 τυγχάνοντας·
803 1225 886 1264 ὅταν
904 1225 978 1276 ἴδῃς
997 1225 1166 1269 θεοσεὸεῖς
1235 1223 1366 1262 virtuti
1398 1224 1553 1275 deditos,
1584 1241 1702 1265 carere
1733 1230 1847 1281 prole,
1878 1231 2020 1281 quando
2060 1233 2194 1271 videris

141 1287 261 1334 ὄντας,
290 1287 348 1325 καὶ
374 1286 555 1330 εὐλαὸείας
583 1286 900 1337 “ε’πιμελομένους,
922 1286 1094 1333 ἄπαιδας,
1116 1285 1164 1336 μὴ
1236 1284 1313 1336 pios
1335 1294 1367 1322 et
1394 1286 1578 1338 religionis
1599 1289 1778 1328 studiosos
1807 1306 1875 1329 non
1895 1292 2025 1331 habere
2043 1295 2191 1344 liberos,

140 1346 284 1398 νομίσῃς
308 1348 488 1401 ἁμαρτιῶν
511 1341 598 1385 εἶναι
617 1347 712 1399 ἔργα.
739 1347 872 1385 Πολλοὶ
896 1346 964 1399 γὰρ
987 1351 1047 1385 τοῦ
1073 1349 1166 1385 Θεοῦ
1236 1359 1280 1383 ne
1315 1346 1452 1385 tribuas
1484 1347 1553 1386 hoc
1585 1350 1751 1402 pcccatis.
1774 1352 1901 1391 Multa:
1933 1355 2026 1393 enim
2058 1355 2193 1395 dix-inat·

139 1410 201 1454 τῆς
219 1409 414 1456 οἰκονομίας
431 1411 461 1446 οἱ
476 1407 573 1460 λόγοι
585 1408 645 1446 καὶ
665 1411 749 1457 ἡμῖν
768 1409 984 1461 ἀπόρρητοι,
1004 1408 1064 1446 καὶ
1079 1407 1165 1461 ὑπὲρ
1188 1418 1210 1447 Β
1236 1404 1510 1458 dispensationis
1526 1410 1680 1448 rationes
1699 1411 1800 1450 nohis
1815 1424 1898 1453 sunt
1915 1430 2067 1463 areanae,
2084 1427 2117 1455 et
2128 1433 2194 1470 pro

139 1469 278 1507 πάντων
298 1471 513 1522 εὐχαριστεῖν
541 1470 611 1516 δεῖ,
632 1470 690 1508 καὶ
711 1469 834 1521 μόνους
855 1469 1004 1514 ἐκείνους
1022 1469 1164 1508 ταλανί-
1236 1468 1402 1506 omnibus
1425 1469 1558 1521 gratias
1589 1486 1692 1524 agere
1727 1484 1889 1526 oportet,
1920 1492 1961 1515 ac
1990 1478 2082 1516 solos
2113 1479 2194 1517 illos

139 1531 206 1574 ζειν
226 1529 303 1574 τοὺς
321 1533 355 1569 ἐν
372 1530 479 1584 κακίᾳ
499 1532 645 1578 ζῶντας,
667 1532 705 1569 οὐ
725 1531 803 1575 τοὺς
823 1531 948 1570 παιδία
967 1531 1015 1581 μὴ
1036 1547 1163 1579 κεκτη-
1237 1528 1382 1568 miseros
1407 1530 1538 1577 dicere,
1553 1533 1615 1584 qui
1643 1534 1678 1572 in
1703 1546 1847 1588 peccato
1876 1538 2020 1587 vivunt,
2036 1555 2105 1578 non
2136 1555 2194 1580 eos

138 1591 273 1642 μένους.
302 1591 424 1630 Πολλὰ
452 1592 519 1644 γὰρ
547 1593 716 1637 πολλάκις
752 1596 770 1632 ὁ
798 1592 888 1638 Θεὸς
919 1592 1165 1646 συμφερόντως
1238 1590 1369 1641 quibus
1394 1592 1462 1630 filii
1491 1593 1630 1633 desunt.
1648 1596 1792 1650 Quippe
1815 1613 2055 1652 saepenumero
2080 1604 2192 1641 multa

138 1654 332 1703 οἰκονομεῖ·
351 1657 454 1704 ἡμεῖς
477 1653 513 1692 δὲ
533 1653 594 1700 τὴν
616 1654 729 1692 αἰτίαν
750 1657 819 1692 τῶν
843 1654 1084 1706 γεγενημένων
1102 1655 1165 1693 οὐκ
1237 1652 1333 1689 Deus
1367 1652 1504 1691 utiliter
1537 1654 1742 1708 dispensat,
1765 1673 1919 1709 quorum
1951 1676 2014 1700 nos
2050 1678 2192 1703 causam

138 1713 251 1763 ἴσμεν.
279 1713 347 1752 Διὰ
368 1719 468 1753 τοῦτο
488 1719 668 1767 πανταχοῦ
687 1715 876 1766 θαυμάζειν
893 1717 998 1753 αὐτοῦ
1017 1714 1080 1761 τὴν
1107 1730 1166 1752 σο-
1236 1712 1424 1752 nescimus.
1448 1715 1646 1769 Eapropter
1662 1719 1697 1756 in
1713 1721 1878 1759 omnibus
1897 1723 2107 1775 sapientiam
2116 1727 2193 1778 ejus

142 1774 221 1827 φίαν
240 1775 332 1827 χρὴ,
351 1775 410 1814 καὶ
434 1775 584 1820 δοξάζειν
604 1779 708 1814 αὐτοῦ
730 1776 793 1823 τὴν
817 1774 1080 1830 φιλανθρωπίαν
1103 1775 1164 1822 τὴν
1236 1773 1408 1812 admirari
1444 1786 1608 1828 oportet,
1651 1793 1692 1817 ac
1727 1781 1928 1832 glorificare
1976 1785 2193 1825 ineffiibilem

144 1837 286 1887 ἄφατον,
306 1835 408 1874 Ἀλλὰ
424 1841 533 1874 ταῦτα
554 1837 616 1887 μὲν
637 1838 721 1890 πρὸς
737 1838 907 1890 ὠφέλειαν
927 1840 1011 1888 ἡμῖν
1031 1836 1166 1889 εἴρηται
1239 1834 1534 1875 miscricordiam.
1554 1838 1626 1877 Sed
1645 1839 1721 1878 liaec
1752 1842 1900 1892 quidem
1925 1845 1970 1883 ad
2002 1847 2193 1886 utilitatem

143 1896 207 1943 τὴν
229 1898 412 1949 ὑμετέραν,
431 1897 523 1936 ὥστε
549 1899 682 1946 πολλὴν
709 1899 771 1946 τὴν
798 1898 1063 1950 εὐγνωμοσύνην
1093 1900 1168 1937 ἔπ’.-
1238 1905 1395 1935 vestram
1425 1897 1521 1936 dieta
1547 1909 1640 1949 sunt,
1664 1901 1744 1940 ideo
1775 1913 1813 1941 ut
1832 1905 2029 1945 admodum
2055 1918 2194 1960 gratam

147 1959 363 2005 δείκνυσθαι,
401 1960 460 1998 καὶ
491 1959 539 2011 μὴ
571 1961 857 2014 περιεργάζεσθαι
886 1964 945 1998 τοῦ
981 1962 1074 1998 Θεοῦ
1106 1960 1169 2004 τὰς
1238 1959 1458 1997 voluntatem
1487 1961 1699 2008 exhiheatis,
1717 1978 1830 2016 neque
1859 1967 1904 2005 de
1935 1968 2195 2021 dispensatione

145 2020 358 2071 οἰκονομίας·
382 2022 432 2059 δεῖ
460 2021 496 2059 δὲ
515 2022 573 2059 καὶ
593 2021 656 2068 τὴν
677 2021 791 2060 αἰτίαν
817 2024 939 2069 εἰπεῖν,
957 2022 1000 2059 δι’
1020 2021 1061 2068 ἢν
1077 2016 1167 2069 ἦσαν
1239 2019 1362 2058 divina
1383 2021 1521 2060 curiose
1535 2023 1766 2063 sciscitemini
1781 2042 1788 2063 τ
1803 2042 1945 2067 causam
1963 2039 2080 2069 tamen
2097 2031 2194 2071 dica-

143 2083 271 2119 ἐκεῖναι
292 2087 427 2133 στεῖραι
460 2084 495 2120 αἱ
519 2088 692 2134 γυναῖκες.
720 2082 785 2126 Τίς
808 2076 865 2120 οὖν
896 2084 988 2121 ἐστιν
1007 2087 1029 2129 ἡ
1053 2082 1164 2130 αἰτία,
1186 2088 1211 2118 C
1238 2095 1317 2119 mus
1342 2091 1488 2135 propter
1506 2098 1615 2134 quam
1644 2086 1811 2126 mulieres
1833 2088 1904 2127 illae
1925 2092 2062 2130 steriles
2080 2093 2190 2131 fuere.

141 2142 238 2190 Ἵνα,
268 2144 350 2181 ὅταν
379 2143 454 2194 ἴδῃς
481 2143 543 2190 τὴν
571 2143 740 2196 παρθένον
769 2144 955 2182 τίκτουσαν
974 2143 1031 2182 τὸν
1053 2144 1165 2183 κοινὸν
1238 2144 1412 2191 Quaenam
1433 2143 1544 2195 igitur
1564 2155 1614 2184 cst
1639 2149 1773 2186 causa?
1794 2151 1844 2187 Ut
1865 2164 1947 2188 cum
1965 2152 2101 2191 videris
2120 2155 2195 2192 vir-

140 2207 242 2254 ἡμῶν
274 2203 470 2252 Δεσπότην,
497 2204 545 2255 μὴ
578 2205 791 2257 ἀπιστήσῃς.
822 2204 1008 2255 Γύμνασόν
1035 2220 1095 2243 σου
1114 2208 1165 2244 ἐν·
1236 2202 1354 2255 ginem
1366 2214 1528 2243 nostrum
1539 2221 1762 2247 communem
1777 2211 1974 2251 Dominum
1985 2214 2194 2267 parientem,

139 2268 248 2303 ταῧθα
263 2265 327 2313 τὴν
348 2266 512 2312 διάνοιαν,
531 2266 648 2319 φησὶν,
668 2269 703 2304 ἐν
719 2270 762 2318 τῇ
782 2266 900 2321 μήτρα
918 2269 988 2304 τῶν
1005 2269 1164 2319 στειρῶν,
1236 2279 1280 2303 nc
1297 2265 1345 2304 sis
1367 2265 1585 2305 incredulus.
1610 2269 1748 2308 Exerce
1769 2272 1863 2310 enim
1882 2273 1942 2312 hic
1961 2283 2040 2313 tuos
2059 2290 2193 2322 sensus,
2221 2284 2398 2312 Fecunduas

139 2325 183 2364 ἵν’
210 2326 292 2366 ὅταν
318 2326 396 2379 ἴδῃς
425 2327 682 2380 πεπηρωμένην
713 2327 772 2366 καὶ
806 2327 991 2379 δεδεμένην
1027 2328 1164 2382 μήτραν
1236 2326 1371 2378 inquit,
1394 2327 1431 2366 in
1463 2329 1573 2368 vulva
1602 2331 1800 2382 sterilium,
1829 2343 1885 2383 ut,
1911 2349 1993 2374 cum
2023 2337 2194 2377 didiceris
2229 2326 2397 2395 ῧξιίζὲιζῖῗῖ

140 2388 226 2439 πρὸς
244 2388 465 2427 παιδοποιίαν
488 2388 714 2440 ἀνοιγομένην
734 2390 774 2427 ἐκ
791 2392 855 2435 τῆς
873 2393 933 2427 τοῦ
951 2391 1043 2428 Θεοῦ
1057 2390 1164 2441 χάρι-
1235 2387 1384 2440 ligatam
1409 2398 1443 2427 et
1462 2400 1658 2430 emortuam
1677 2393 1828 2432 vulvam
1849 2395 1974 2435 divina
1994 2398 2127 2437 virtute
2147 2400 2194 2438 ad
2208 2379 2281 2445 ginis
2316 2385 2396 2445 ⁴pro-

142 2464 218 2496 τος,
234 2449 283 2499 μὴ
301 2449 483 2502 θαυμάσῃς
504 2449 637 2489 ἀκούων
660 2449 713 2488 ὅτι
737 2450 905 2503 παρθένος
925 2450 1033 2489 ἔτεκε.
1057 2452 1166 2489 Μᾶλ-
1236 2450 1517 2502 procreationem
1536 2453 1682 2505 aperiri,
1705 2454 1787 2493 inde
1806 2456 1957 2509 copiosis
1977 2461 2195 2511 argumentis
2210 2451 2266 2478 ¹¹³²*

142 2511 201 2549 λον
223 2510 258 2549 δὲ
276 2510 455 2562 θαύμασον
479 2511 536 2550 καὶ
555 2511 772 2563 ἐκπλάγηθι,
787 2511 878 2550 ἀλλὰ
898 2511 947 2563 μὴ
969 2512 1166 2563 ἀπιστήσῃς
1236 2511 1389 2564 acceptis
1404 2541 1415 2561 ‚
1455 2526 1525 2550 non
1573 2513 1761 2553 admireris
1813 2517 1963 2556 audiens
2016 2520 2195 2571 virginem

143 2574 193 2624 τῷ
209 2571 374 2623 θαύματι.
387 2571 502 2611 ’Όταν
521 2567 579 2610 οὖν
596 2573 681 2625 λέγῃ
700 2573 785 2624 πρὸς
801 2572 838 2610 σὲ
853 2576 871 2611 ὁ
888 2572 1053 2617 Ἰουδαῖος
1066 2601 1076 2619 ,
1091 2575 1166 2618 πῶς
1237 2573 1415 2627 peperisse
1435 2590 1443 2610 :
1463 2574 1536 2612 imo
1568 2575 1746 2615 admirare
1769 2587 1802 2616 et
1824 2579 2047 2632 obstupesce,
2069 2582 2133 2620 sed
2154 2597 2196 2621 ne

144 2632 258 2671 ἔτεκεν
277 2637 299 2680 ἡ
319 2633 507 2686 παρθένος;
534 2634 610 2673 εἰπὲ
637 2634 723 2686 πρὸς
753 2634 872 2681 αὐτὸν,
905 2637 980 2678 πῶς
1008 2634 1124 2673 ἔτεκεν
1143 2638 1164 2682 ἡ
1238 2635 1287 2674 sis
1308 2635 1515 2674 incredulus
1539 2637 1722 2675 miraculo.
1745 2639 1896 2685 Quando
1915 2641 2026 2692 igitur
2042 2643 2092 2681 ibi
2109 2643 2198 2682 dicit

145 2699 265 2745 στεῖρα
287 2695 346 2732 καὶ
366 2701 602 2747 γεγηρακυῖα;
626 2695 697 2734 Δύο
715 2695 784 2749 γὰρ
803 2696 995 2748 κωλύματα
1014 2696 1091 2735 τότε
1111 2692 1166 2746 ἦν,
1238 2696 1386 2736 Judaeus
1401 2726 1411 2744 ,
1449 2696 1629 2747 quomodo
1671 2699 1809 2750 peperit
1848 2700 1976 2751 virgo?
2016 2702 2075 2741 dic.
2120 2705 2152 2743 ei
2187 2721 2195 2741 ε

145 2754 185 2792 τό
210 2770 247 2792 τε
275 2755 386 2807 ἄωρον
412 2759 473 2802 τῆς
498 2756 661 2804 ἡλικίας,
682 2757 743 2795 καὶ
762 2757 801 2795 τὸ
818 2757 993 2811 ἄχρηστον
1013 2760 1076 2804 τῆς
1104 2757 1167 2810 φύ-
1189 2770 1214 2800 D
1240 2756 1428 2805 Quomodo
1457 2757 1594 2809 peperit
1625 2758 1756 2797 sterilis
1782 2768 1816 2798 et
1847 2762 1997 2799 vetula?
2017 2764 2098 2802 Duo
2126 2765 2197 2803 im—

147 2830 232 2858 σεως
249 2831 257 2839 ·
275 2816 331 2853 ἐπὶ
347 2815 382 2853 δὲ
396 2819 457 2862 τῆς
475 2816 647 2869 παρθένου
667 2817 702 2855 ἓν
722 2816 869 2869 κώλυμα
893 2821 934 2865 ἠν
951 2848 960 2866 ,
977 2818 1017 2857 τὸ
1033 2818 1081 2870 μὴ
1103 2835 1167 2870 με-
1239 2819 1444 2872 pedimenta
1471 2827 1556 2856 tunc
1584 2828 1693 2867 erant,
1714 2829 1748 2857 ct
1777 2829 1860 2859 aetas
1888 2822 2149 2876 intempestiva,
2165 2836 2199 2864 et

147 2883 289 2928 taes-etv
316 2876 423 2923 αὐτὴν
450 2877 578 2927 γάμου.
612 2880 842 2930 Προοδοποιεῖ
866 2879 979 2918 τοίνυν
1006 2883 1049 2933 τῇ
1076 2897 1169 2932 παρ-
1240 2889 1367 2918 natura
1386 2879 1512 2918 vitiata
1530 2895 1537 2915 :
1555 2878 1590 2916 in
1609 2879 1750 2931 virgine
1772 2891 1891 2920 autem
1911 2898 2024 2923 unum
2045 2884 2197 2940 inipedi-

147 2936 268 2990 θένῳὴ
286 2942 417 2990 στεῖρα.
446 2938 516 2975 Καὶ
531 2937 587 2976 ἵνα
608 2939 720 2991 μάθῃς
745 2939 798 2978 ὅτι
826 2940 882 2979 διὰ
911 2945 1011 2979 τοῦτο
1035 2947 1169 2992 στεῖραι
1241 2950 1400 2980 mentum
1423 2940 1510 2990 suit,
1534 2940 1630 2991 quod
1658 2955 1727 2979 non
1759 2952 1848 2981 esset
1865 2945 2042 2999 particeps
2064 2961 2196 2986 concu-

145 2998 354 3052 προέλαὸον,
372 2997 429 3035 ἵνα
442 3002 610 3051 πιστευθῇ
628 3001 691 3045 τῆς
709 3000 881 3052 παρθένου
902 3004 920 3039 ὁ
935 3003 1048 3049 τόκος,
1068 3003 1170 3041 ἄκου-
1242 3002 1350 3041 bitus.
1371 3001 1512 3040 Sterilis
1531 3001 1643 3052 igitur
1657 3002 1734 3053 jam
1753 3003 1849 3041 viam
1867 3015 1969 3058 paret
1987 3008 2132 3060 virgini.
2153 3010 2200 3048 Et

149 3074 207 3099 σον
231 3060 301 3098 ἀπὸ
324 3062 393 3097 τῶν
424 3059 590 3112 ῥημάτων
621 3064 680 3098 τοῦ
712 3060 871 3114 Γαὸριὴλ
895 3065 964 3100 τῶν
990 3065 1076 3116 πρὸς
1103 3064 1166 3112 τὴν
1244 3071 1283 3100 ut
1299 3062 1388 3100 scias
1401 3071 1545 3113 propter
1562 3062 1628 3099 hoc
1653 3063 1789 3102 steriles
1802 3065 1904 3117 prius
1923 3067 2045 3116 fuisse,
2064 3079 2102 3107 ut
2121 3085 2200 3108 cre-

148 3120 316 3173 παρθένον
347 3121 550 3173 εἰρημένων.
586 3120 734 3168 Ἐπειδὴ
767 3122 834 3175 γὰρ
866 3117 950 3170 ἦλθε
981 3125 1040 3163 καὶ
1072 3118 1167 3163 εἶπεν
1244 3125 1351 3163 datur
1367 3122 1585 3175 virginitatis
1613 3132 1736 3175 partus
1758 3125 1867 3164 :audi
1889 3128 1999 3166 verba
2020 3131 2200 3169 Gabrielis

149 3183 256 3233 αὐτῇ,
276 3182 446 3234 Συλλήψῃ
470 3183 506 3219 ἐν
528 3181 674 3234 γαστρὶ,
694 3182 754 3220 καὶ
772 3182 851 3235 τέξῃ
874 3184 960 3232 υἱὸν,
982 3185 1042 3223 καὶ
1061 3186 1169 3224 καλέ·
1245 3185 1291 3224 ad
1307 3183 1483 3236 virginem
1492 3183 1803 3236 dicta.Postquam
1817 3188 1913 3226 enim
1924 3189 2022 3229 venit
2037 3200 2070 3230 et
2084 3191 2177 3231 dixit
2189 3222 2198 3240 ‚

138 3340 143 3345 ,
195 3317 209 3332 ι
233 3304 387 3348 [Cois-lin.
405 3310 668 3350 ἐπιμελουμένους,
693 3315 729 3340 ut
754 3319 852 3352 supra
878 3309 946 3352 ipse
971 3309 1006 3344 S.
1032 3310 1153 3356 Chrys,
1174 3312 1273 3344 Hom.
1301 3309 1322 3344 1.
1341 3311 1381 3342 Τ.
1402 3309 1521 3352 111‚p.
1542 3310 1619 3352 3⁴9,
1638 3310 1674 3350 B,
1697 3312 1765 3353 Η.]

371 3381 464 3406 mm.
503 3382 555 3406 iv.
1967 3374 2016 3411 38
