2516 3791
154 961 293 1002 Isai.40.
309 960 340 992 6.

157 1014 184 1034 1.
199 1007 270 1034 Pet.
292 1013 318 1034 Ι.

154 1045 206 1086 24.

354 127 445 170 520
783 137 821 166 s.
859 135 1044 167 somnis
1080 132 1319 164 cnm'sosr.

1361 132 1550 161 ARCHOEP
1559 151 1568 159 ·
1609 132 1692 162 CON
1700 132 1965 163 STANTINOP.

350 221 462 260 bilem
474 219 576 259 illam
590 233 678 270 esse,
687 228 728 258 ut
741 218 992 272 superveniens
1002 215 1148 254 morbus
1163 221 1305 266 repente
1326 216 1350 245 Β
1377 227 1472 259 νισε,
1499 212 1559 249 καὶ
1577 213 1646 266 πρὸ
1665 215 1728 260 τῆς
1745 214 1844 252 νόσου
1873 217 1984 268 γῆρας
2009 213 2206 252 καταλαὸὸν
2227 215 2318 261 ἀηδῆ
2339 215 2399 252 καὶ

353 297 496 323 omnem
514 283 615 321 illam
641 283 793 321 formam
811 280 988 327 obscuret,
1018 286 1052 315 et
1069 285 1109 313 ut
1127 288 1305 312 nonnum-

353 359 462 396 quam
490 353 570 382 ante
601 343 782 391 morbum,
803 342 833 378 si
865 337 1034 377 invaserit
1066 343 1239 382 senectus,
1255 334 1304 371 fa-

353 405 437 455 cies,
449 419 527 455 quae
546 413 645 441 antea
659 404 810 439 formosa
821 408 909 444 erat,
927 398 989 435 fiat
1003 394 1185 445 deformis,
1201 403 1234 432 et
1250 394 1305 432 in-

349 467 529 519 jucunda:
550 477 646 501 mors
663 471 780 500 autem
794 457 1059 512 supervenien5‚
1074 470 1216 494 omnem
1226 469 1303 493 cor-

353 526 451 580 poris
465 519 911 577 pulchritudinemperdat.
928 519 974 557 Et
986 518 1017 556 si
1027 531 1133 568 quem
1149 516 1304 556 viderint

353 587 466 638 gloria
484 594 516 623 et
529 583 685 637 potentia
704 583 932 630 instructum,
945 578 1054 630 etqui
1070 578 1106 616 in
1123 591 1304 616 summum

352 648 570 699 dignitatum
589 644 759 684 verticem
773 641 986 696 pervenerit,
1007 640 1173 691 omnique
1189 638 1304 677 felici-

352 718 424 747 tate
450 708 600 756 fruatur,
620 706 726 744 etiam
757 704 861 742 illum
882 710 1106 756 praetereunt,
1127 699 1229 751 quasi
1249 699 1305 737 ni-

353 773 407 811 hil
425 772 552 811 stabile
563 780 596 809 et
610 770 766 809 solidum
775 769 978 816 habentem,
1000 766 1061 805 sed
1079 765 1124 804 de
1136 764 1207 803 illis
1223 764 1305 816 glo-

352 833 504 871 riantem
525 846 604 883 quae
629 830 839 870 fluminibus
870 829 957 881 ipsis
987 841 1097 880 ocyus
1126 825 1307 878 praeterla—

352 893 501 931 buntur.
540 891 642 940 Quid
669 891 763 929 enim
793 890 891 928 omni
926 889 1035 941 hujus
1076 887 1161 925 vitae
1195 886 1307 937 gloria

355 954 478 1003 vilius,
493 968 572 1005 qua:
591 953 670 991 flori
690 952 808 990 herbae
829 950 1008 988 confertur
1026 948 1044 985 ἒ)
1062 949 1196 985 Omnis
1214 945 1308 984 enim

353 1014 482 1067 gloria
501 1014 682 1058 hominis,
702 1010 831 1061 inquit,
848 1009 1033 1063 sicutflos
1052 1009 1159 1058 foeni.

407 1076 447 1113 4.
467 1073 634 1122 Vidistis,
650 1072 787 1121 dilecti,
801 1085 908 1123 quam
927 1078 1028 1108 acute
1046 1067 1191 1107 videant
1213 1066 1308 1105 oculi

355 1135 455 1187 fidei,
477 1135 507 1174 si
526 1134 667 1186 quando
693 1134 727 1171 in
744 1134 861 1170 Deum
879 1145 978 1169 mens
996 1130 1128 1167 intenta
1161 1127 1268 1165 fuerit
1290 1127 1307 1164 ἒ)

353 1197 498 1236 vidistis
518 1195 695 1247 quomodo
711 1209 730 1232 a
751 1193 849 1231 nulla
877 1207 915 1230 re
936 1190 1074 1231 visibili
1093 1189 1211 1241 decipi
1226 1202 1309 1241 pos-

355 1268 452 1308 sunt,
471 1258 533 1296 sed
548 1266 683 1295 rectum
696 1256 828 1293 habent
846 1267 966 1292 rerum
989 1252 1182 1305 judicium,
1197 1264 1310 1300 neque

355 1320 392 1358 in
409 1320 484 1357 ullo
502 1319 674 1356 falluntur
689 1317 706 1355 ἶ)
727 1316 808 1365 Sed,
825 1316 853 1354 si
875 1324 1017 1367 gratum
1038 1323 1103 1363 est,
1117 1313 1246 1350 iterum
1262 1311 1309 1349 ad

356 1389 563 1420 contextum
583 1378 754 1417 sermonis
780 1385 1012 1423 revertamur,
1035 1385 1068 1413 et
1087 1373 1211 1427 paucis
1226 1387 1310 1426 pro-

357 1440 482 1494 positis
513 1440 621 1477 finem
655 1436 823 1488 loquendi
851 1436 1036 1484 faciamus,
1057 1444 1096 1472 ut
1132 1433 1309 1471 dictorum

357 1501 529 1540 memoria
543 1500 653 1538 menti
669 1508 794 1538 vestrae
813 1498 994 1549 infigatur.
1011 1496 1104 1534 Nam
1124 1503 1310 1547 postquam

358 1562 545 1615 Scriptura
565 1574 761 1599 sermonem
776 1559 821 1596 de
838 1557 964 1595 divino
975 1556 1076 1607 signo
1095 1555 1227 1604 finivit,
1247 1568 1311 1592 nos

357 1623 488 1661 iterum
507 1622 633 1660 docere
651 1621 731 1659 vult
750 1620 819 1657 alia
838 1633 918 1669 quae
940 1617 985 1656 ad
999 1618 1137 1670 justum
1156 1616 1260 1653 illum
1278 1625 1312 1654 et

359 1683 454 1721 filios
469 1682 567 1720 illius
582 1681 772 1734 pertinent,
787 1689 820 1717 et
834 1679 922 1717 dicit
937 1695 944 1715 :
964 1678 1162 1717 18.Erant
1181 1685 1311 1714 autem

347 1745 389 1797 fi
393 1745 436 1781 lii
451 1745 547 1790 Νοέ,
563 1743 685 1795 quide
698 1755 791 1779 arca
801 1742 942 1792 egressi
950 1748 1054 1785 sunt,
1066 1739 1308 1785 Sem‚Clzam,

359 1806 545 1856 Japhezlz.
567 1805 692 1842 Cham
710 1810 840 1840 autem
860 1809 947 1838 erat
970 1808 1083 1852 pater·
1099 1800 1308 1837 Chanaan.

361 1866 424 1903 19.
450 1866 541 1903 Tres
561 1872 650 1902 sunt
667 1865 708 1901 1ιί
715 1864 803 1915 filii
837 1863 936 1907 Noe)
973 1863 1022 1899 ab
1052 1863 1135 1898 istis
1153 1860 1315 1911 dispersi

361 1936 454 1966 sunt
474 1941 587 1978 super
605 1940 756 1964 omnem
776 1934 931 1963 terram.
951 1923 1112 1975 Dignum
1130 1921 1190 1959 hic
1207 1920 1315 1958 fuerit

363 1997 402 2025 ut
421 1987 643 2038 inquiramus
661 2000 768 2037 quare
798 1985 921 2024 divina
954 1984 1139 2036 Scriptura
1159 1983 1224 2021 hos
1245 1991 1315 2020 tres

363 2048 458 2085 filios
488 2046 817 2096 commemorando,
852 2045 975 2084 subdit
1001 2061 1008 2082 :
1031 2046 1156 2083 Cham
1184 2052 1316 2082 autem

362 2117 448 2146 erat
459 2117 573 2160 pater
587 2110 794 2146 Clzanaan.
815 2108 869 2145 Ne
890 2107 1040 2159 putetis,
1071 2105 1228 2154 obsecro,
1248 2105 1316 2142 hoc

361 2169 497 2219 absque
516 2183 619 2207 causa
636 2169 744 2206 fuisse
761 2168 939 2220 adjectum
958 2183 965 2203 :
989 2167 1081 2205 nihil
1099 2167 1192 2204 enim
1205 2166 1241 2203 in
1260 2165 1316 2203 di-

363 2231 448 2268 vina
468 2230 651 2282 Scriptura
682 2229 892 2278 continetur,
914 2228 1010 2280 quod
1028 2242 1097 2266 non
1122 2228 1241 2278 aliqua
1260 2241 1316 2264 ra-

364 2291 461 2329 tione
479 2291 616 2329 dictum
636 2291 694 2338 sit,
719 2305 797 2341 quae
819 2305 887 2328 non
902 2299 935 2327 et
959 2290 1124 2327 latentem
1146 2289 1181 2326 in
1201 2303 1236 2326 se
1254 2289 1317 2326 ha-

366 2353 449 2391 beat
468 2353 670 2390 utilitatem.
700 2352 820 2398 Quare
839 2365 921 2403 ergo
937 2350 1168 2402 significavit,
1193 2351 1317 2388 Cham

366 2423 495 2452 autem
515 2423 600 2452 erat
618 2422 730 2466 pater
752 2412 978 2451 Clzanaani‘
997 2411 1123 2451 Voluit
1157 2425 1220 2463 per
1251 2411 1318 2448 hoc

365 2474 469 2513 nobis
491 2474 589 2512 illius
620 2473 926 2526 intemperantiam
952 2472 1130 2524 ingentem
1154 2471 1319 2510 subindi-

364 2550 455 2585 care,
476 2550 516 2573 ac
537 2549 652 2586 neque
671 2534 882 2573 calamitatis
903 2533 1182 2585 magnitudinem
1214 2533 1318 2571 illum

365 2610 523 2635 coercere
547 2596 716 2649 potuisse,
737 2609 850 2646 neque
877 2604 1012 2633 tantam
1040 2593 1077 2632 in
1099 2608 1178 2631 arca
1210 2608 1319 2644 angu-

365 2657 470 2695 stiam
489 2657 733 2695 irrefrenatam
754 2656 852 2694 illius
862 2655 1195 2708 ,concupiscentiam
1216 2655 1319 2693 seda-

364 2718 483 2757 visse:
507 2719 565 2757 sed
587 2719 753 2770 quamvis
783 2719 890 2756 frater
909 2719 984 2770 ejus
1015 2718 1127 2769 major
1158 2717 1317 2755 nonduin

365 2780 459 2817 filios
475 2780 738 2832 proci-cavisset,
749 2780 846 2817 hunc
863 2778 1125 2817 incontinentia:
1137 2778 1315 2828 deditum,

365 2841 401 2878 in
422 2850 578 2894 tempore
596 2851 701 2879 tantae
716 2840 985 2892 indignationis,
1000 2840 1216 2893 et'generalis
1230 2839 1317 2877 inte-

365 2902 467 2951 ritus,
494 2917 563 2953 quo
583 2902 679 2941 orbis
698 2903 972 2955 comprehensus
996 2911 1060 2951 est,
1086 2901 1136 2939 rei
1163 2914 1316 2938 venerem

365 2963 526 3001 deditum
554 2964 672 3014 fuisse,
703 2973 736 3001 et
773 2962 978 3015 cupiditatis
1012 2961 1317 3014 intemperantiam

1379 273 1513 324 ἀτερπῆ
1530 272 1592 319 τὴν
1615 273 1683 325 πρὸ
1705 274 1825 313 τούτου
1846 275 2015 328 εὔμορφον
2035 275 2113 327 ὄψιν
2139 275 2399 327 ἀπειργάσατο,

1377 332 1437 369 καὶ
1468 333 1613 376 θάνατος
1640 334 1676 372 δὲ
1703 335 1857 373 ἐπελθὼν
1887 336 2026 374 ἅπασαν
2054 335 2118 383 τὴν
2149 340 2210 374 τοῦ
2240 335 2402 386 σώματος

1377 391 1471 445 ὥραν
1492 392 1673 446 διέφθειρε.
1708 394 1783 433 Κᾶν
1802 395 1902 440 δόξαν
1922 396 2022 434 ἴδωσί
2047 412 2126 434 τινα
2144 396 2403 449 περιὸεὸλημέ-

1378 467 1454 500 νον,
1471 453 1536 490 κᾶν
1565 454 1788 503 δυναστείαν,
1805 456 1870 494 κᾶν
1897 459 1946 500 εἷς
1966 457 2074 503 αὐτὴν
2102 461 2170 496 τῶν
2194 456 2402 506 ἀξιωμάτων

1377 513 1440 560 τὴν
1459 514 1609 567 κορυφὴν
1628 517 1874 565 ἀνεληλυθότα,
1897 518 1957 555 καὶ
1978 518 2093 565 πάσης
2113 518 2300 570 εὐημερίας
2319 519 2405 556 ἀπο-

1377 574 1546 623 λαύοντα,
1566 576 1626 613 καὶ
1647 581 1765 614 τοῦτον
1783 578 2062 630 παρατρέχουσιν
2079 581 2126 623 ὡς
2150 579 2244 617 οὐδὲν
2265 578 2404 630 βέὸαιον

1379 635 1522 688 ἔχοντα,
1546 636 1623 675 οὐδὲ
1651 636 1838 685 ἀκίνητον,
1861 639 1938 676 ἀλλ’
1967 641 2022 677 ἐπ’
2048 639 2191 682 ἐκείνοις
2210 639 2300 691 μέγα
2321 655 2406 692 φρο-

1379 700 1504 734 νοῦντα
1535 703 1606 741 τοῖς
1638 698 1820 749 ποταμίων
1855 699 2034 751 ῥευμάτων
2068 701 2199 750 μᾶλλον
2229 699 2405 752 παρατρέ-

1379 772 1494 809 χουσι.
1515 759 1562 797 Τί
1584 758 1652 811 γὰρ
1679 762 1742 803 τῆς
1761 760 1860 807 δόξης
1890 760 2028 808 ἁπάσης
2054 764 2114 799 τοῦ
2132 760 2302 813 παρόντος
2331 761 2405 813 βίου

1381 819 1638 872 εὐτελέστερον,
1658 820 1742 858 ὅταν
1761 824 1810 873 τῷ
1829 822 1923 860 ἄνθει
1942 825 2002 860 τοῦ
2021 821 2148 874 χόρτου
2169 822 2405 873 παραὸάλλη-

1381 894 1460 927 ται;
1488 881 1596 919 Πᾶσα
1629 880 1696 933 γὰρ
1724 881 1803 926 δόξα
1834 881 2033 935 ἀνθρώπου,
2070 882 2192 935 φησὶν,
2228 885 2275 926 ὣς
2307 883 2405 926 ἄνθος

1377 940 1516 992 χόρτου.

1432 1063 1577 1110 Εἴδετε,
1607 1064 1804 1115 ἀγαπητοὶ,
1826 1063 1901 1109 πῶς
1925 1066 2013 1116 μετὰ
2033 1065 2212 1118 ἀκριὸείας
2230 1069 2356 1120 ὁρῶσιν
2376 1070 2407 1105 οἱ

1379 1126 1441 1170 τῆς
1471 1124 1622 1168 πίστεως
1659 1126 1851 1177 ὀφθαλμοὶ,
1882 1127 2021 1164 ἐπειδὰν
2054 1127 2140 1179 πρὸς
2171 1127 2228 1165 τὸν
2263 1127 2353 1166 Θεὸν
2385 1122 2407 1176 ἦ

1378 1187 1551 1237 τεταμένη
1566 1191 1587 1234 ἡ
1607 1187 1759 1234 διάνοια;
1781 1188 1889 1226 εἴδετε
1914 1191 1988 1231 πῶς
2008 1190 2066 1226 ὕπ’
2084 1189 2218 1233 οὐδενὸς
2233 1191 2301 1227 τῶν
2320 1192 2407 1241 ὅρω-

1381 1247 1493 1298 μένων
1513 1250 1817 1300 παραλογισθῆναι
1834 1247 2014 1295 δύνανται,
2031 1249 2121 1288 ἀλλὰ
2136 1249 2199 1296 τὴν
2216 1249 2319 1303 ὀρθὴν
2338 1253 2406 1288 τῶν

1379 1310 1598 1362 πραγμάτων
1625 1309 1747 1362 ἔχουσι
1775 1309 1908 1362 κρίσιν,
1929 1309 2091 1360 οὐδεμίαν
2113 1311 2252 1357 ἀπάτην
2271 1312 2408 1361 ὑπομέ-

1379 1387 1512 1419 νοντες;
1532 1371 1622 1410 Ἀλλ’
1635 1401 1644 1417 ,
1677 1373 1707 1409 εἷ
1739 1372 1848 1418 δοκεῖ,
1877 1372 1983 1409 πάλιν
2015 1372 2072 1409 ἐπὶ
2106 1371 2169 1419 τὴν
2203 1372 2406 1410 ἀκολουθίαν

1380 1432 1624 1483 ἐπανέλθωμεν
1643 1436 1703 1470 τοῦ
1722 1432 1844 1481 λόγου,
1864 1432 1924 1470 καὶ
1939 1433 2040 1483 ὀλίγα
2058 1432 2265 1484 προσθέντες
2292 1449 2407 1472 κατα-

1380 1493 1569 1543 παύσωμεν
1600 1493 1663 1540 τὴν
1692 1493 1942 1540 διδασκαλίαν,
1968 1493 2059 1531 ὥστε
2087 1494 2147 1531 καὶ
2174 1493 2237 1539 τὴν
2267 1494 2408 1544 μνήμην

1380 1556 1449 1591 τῶν
1469 1554 1661 1607 εἰρημένων
1688 1556 1866 1600 ἐντεθῆναι
1887 1557 1983 1605 ὑμῶν
2006 1557 2049 1605 τῇ
2080 1555 2228 1609 διανοίᾳ.
2260 1555 2407 1602 Ἐπειδὴ

1381 1615 1449 1668 γὰρ
1466 1616 1621 1654 ἐτέλεσεν
1636 1620 1658 1663 ἢ
1678 1615 1753 1653 θεία
1763 1615 1887 1667 Γραφὴ
1906 1615 1969 1662 τὴν
1985 1616 2066 1667 περὶ
2078 1620 2137 1654 τοῦ
2153 1617 2242 1655 θείου
2262 1617 2408 1667 σημείου

1383 1676 1543 1727 διήγησιν
1560 1706 1569 1723 ,
1592 1676 1753 1728 βούλεται
1771 1676 1877 1713 πάλιν
1905 1675 2041 1720 διδάξαι
2065 1680 2159 1727 ἡμᾶς
2177 1677 2222 1715 τὰ
2241 1678 2332 1715 κατὰ
2351 1678 2408 1716 τὸν

1383 1736 1514 1775 δίκαιον
1534 1737 1594 1775 καὶ
1617 1736 1696 1781 τοὺς
1722 1737 1843 1775 τούτου
1872 1736 1980 1783 υἱοὺς,
2011 1737 2070 1774 καί
2091 1753 2194 1789 φησιν
2210 1753 2218 1761 ·
2235 1731 2352 1776 τΗσαν
2373 1737 2409 1775 δὲ

1383 1801 1414 1836 οἱ
1433 1797 1500 1835 υἱοὶ
1529 1802 1589 1835 τοῦ
1610 1800 1690 1836 Νῶε
1715 1799 1745 1835 οἱ
1766 1797 1956 1842 ἐξελθόντες
1979 1800 2017 1836 ἐκ
2035 1802 2099 1845 τῆς
2117 1799 2288 1847 κιὸωτοῧ,
2310 1799 2408 1850 Σὴμ,

1383 1858 1488 1908 Χὰμ,
1510 1857 1636 1911 Ἰάφεθ.
1658 1858 1743 1909 Χὰμ
1771 1857 1807 1896 δὲ
1834 1852 1877 1905 ἦν
1899 1858 2016 1910 πατὴρ
2044 1863 2104 1897 τοῦ
2124 1860 2281 1898 Χαναάν.
2306 1861 2411 1913 Τρεῖς

1384 1914 1477 1957 οῧτοί
1506 1921 1592 1957 εἶσιν
1613 1919 1680 1957 υἱοὶ
1700 1921 1805 1957 Νῶε·
1829 1919 1898 1957 ἀπὸ
1927 1919 2058 1956 τούτων
2085 1919 2324 1972 διεσπάρησαν
2352 1921 2410 1959 ἐπὶ

1383 1987 1499 2019 πᾶσαν
1515 1981 1578 2028 τὴν
1601 1984 1678 2033 γῆν.
1696 1981 1808 2025 Ἄξιον
1831 1983 1977 2019 ἐνταῦθα
2001 1984 2172 2030 ζητῆσαι,
2187 1981 2278 2026 τίνος
2297 1982 2410 2020 ἕνεκεν

1383 2044 1451 2079 τῶν
1467 2044 1572 2094 τριῶν
1590 2045 1671 2080 υἱῶν
1688 2046 1746 2080 τοῦ
1766 2045 1845 2081 Νῶε
1865 2042 2173 2093 μνημονεύσασαὴ
2191 2043 2267 2082 θεία
2285 2044 2409 2098 Γραφὴ

1385 2102 1558 2153 ἐπήγαγε,
1588 2102 1675 2152 Χὰμ
1703 2103 1739 2141 δὲ
1758 2097 1800 2158 ἦν
1828 2101 1946 2156 πατὴρ
1967 2106 2026 2140 τοῦ
2057 2094 2296 2151 ΧαναάνζΜὴ
2315 2104 2412 2156 νομί-

1385 2178 1492 2210 σητε,
1510 2165 1724 2214 παρακαλῶ,
1752 2164 1872 2207 ἁπλῶς
1896 2168 1996 2201 τοῦτο
2023 2167 2275 2216 προσεῤῥῖφθαι
2289 2181 2296 2188 ·
2317 2165 2411 2205 οὐδὲν

1384 2223 1452 2275 γάρ
1473 2225 1545 2261 ἐστι
1564 2225 1632 2261 τῶν
1654 2225 1688 2261 ἐν
1714 2226 1757 2275 τῇ
1779 2223 1852 2275 θείᾳ
1873 2225 1996 2275 Γραφῇ
2018 2224 2232 2275 κειμένων,δ
2252 2225 2301 2276 μὴ
2323 2226 2413 2276 μετά

1385 2299 1476 2327 τινος
1496 2282 1633 2334 εἴρηται
1649 2283 1751 2335 λόγου
1763 2314 1772 2331 ,
1792 2284 1924 2330 πολλὴν
1942 2283 2005 2329 τὴν
2026 2284 2194 2336 ὠφέλειαν
2220 2287 2412 2337 ἐγκεκρυμ-

1388 2344 1494 2393 μένην
1526 2344 1675 2396 ἔχοντος.
1707 2344 1811 2387 Τίνος
1842 2339 1899 2382 οῧν
1931 2344 2043 2382 ἕνεκεν
2073 2346 2321 2397 ἐπεσημήνατο
2353 2347 2413 2385 καὶ

1340 2410 1365 2440 Ε
1387 2405 1599 2458 προσέθηκεν
1612 2434 1622 2452 ,
1643 2405 1694 2442 ὅτι
1716 2405 1801 2455 Χὰμ
1821 2405 1856 2442 δὲ
1877 2399 1918 2452 ἦν
1939 2421 2056 2458 πατ·,ρ
2074 2410 2134 2444 τοῦ
2152 2407 2314 2455 Χαναάν;
2331 2407 2414 2446 Βού-

1386 2468 1484 2504 λεται
1500 2466 1556 2505 διὰ
1576 2466 1696 2505 τούτου
1721 2467 1916 2510 αἰνίξασθαι
1937 2469 2021 2516 ’ἡμῖν
2042 2469 2104 2512 τ’ἧς
2123 2467 2292 2521 ἀκρασίας
2311 2470 2414 2507 αὐτοῦ

1387 2528 1450 2575 τὴν
1471 2527 1664 2582 ὑπερέολὴν
1679 2559 1688 2576 ,
1703 2529 1762 2567 καὶ
1777 2529 1831 2567 ὅτι
1851 2528 1927 2567 οὐδὲ
1944 2532 2006 2575 τῆς
2023 2536 2202 2581 συμφορᾶς
2214 2530 2253 2568 τὸ
2273 2530 2414 2582 μέγεθος

1388 2591 1603 2637 συσταλῆναι
1631 2590 1733 2628 αὐτὸν
1763 2589 1967 2637 πεποίηκεν,
1991 2589 2065 2628 οὐδὲ
2086 2593 2107 2636 ἡ
2136 2591 2287 2637 τοσαύτη
2307 2593 2342 2629 ἐν
2370 2594 2413 2642 τῇ

1387 2651 1527 2703 κιὲωτῷ
1555 2651 1788 2703 στενοχωρία,
1814 2651 1905 2690 ἀλλὰ
1933 2651 2122 2690 καίτοιτοῦ
2141 2651 2335 2704 πρεσίῗότου
2356 2655 2415 2691 οὖ-

1388 2712 1482 2750 δέπω
1514 2712 1572 2750 καὶ
1605 2716 1662 2750 νῦν
1695 2713 2025 2760 τεκνοποιήσαντος,
2056 2707 2154 2756 οὗτος
2186 2716 2229 2764 τῇ
2263 2714 2415 2767 ἀκρασίᾳ

1388 2774 1509 2812 ἑαυτὸν
1528 2773 1644 2818 ἐκδοὺς
1665 2777 1699 2812 ἐν
1726 2778 1836 2826 καιρῷ
1867 2774 2037 2820 τοσαύτης
2064 2774 2336 2826 ἀγανακτήσεως
2355 2777 2415 2814 καὶ

1389 2835 1628 2886 πανωλεθρίας
1665 2835 1727 2882 τὴν
1771 2835 1976 2885 οἰκουμένην
2015 2834 2302 2883 καταλαὸούσης,
2334 2835 2416 2888 περὶ

1391 2896 1572 2934 συνουσίαν
1591 2898 1796 2948 ἠσχολεῖτο,
1818 2897 1878 2934 καὶ
1905 2896 1944 2934 τὸ
1968 2895 2186 2948 ἀχαλίνωτον
2212 2898 2275 2942 τ’ἧς
2295 2898 2417 2934 ἐπιθυ*

1393 2958 1472 3008 μίας
1490 2959 1526 2995 οὐ
1547 2958 1787 3006 κατέστελλεν,
1808 2960 1885 2997 ἀλλ’
1905 2958 1971 3005 ἤδη
1993 2959 2120 2996 ἄνωθεν
2142 2958 2200 2996 καὶ
2226 2959 2265 2996 ἐκ
2292 2973 2415 3010 προοι-

368 3038 435 3062 non
457 3025 696 3073 refrenavisse,
712 3024 771 3062 sed
789 3025 864 3076 jam
884 3024 1003 3061 statim
1019 3023 1064 3061 ab
1086 3023 1185 3060 initio
1209 3022 1317 3060 animi
1333 3041 1381 3066 275
1395 3019 1480 3069 μίων
1504 3019 1633 3058 ἐκείνου
1662 3023 1722 3065 τῆς
1744 3019 1886 3071 γνώμης
1918 3021 2022 3057 αὐτοῦ
2042 3019 2080 3057 τὸ
2101 3018 2291 3071 μογθηρόν.
2313 3018 2415 3057 Ἐπεὶ

367 3086 421 3123 sui
450 3086 659 3138 pravitatem
678 3086 948 3124 demonstrasse.
972 3086 1096 3136 Itaque
1134 3099 1215 3122 cum
1250 3098 1317 3121 non
1346 3084 1369 3113 Α
1392 3075 1448 3120 οὖν
1475 3084 1549 3131 μετ’
1571 3082 1608 3118 οὐ
1632 3081 1719 3119 πολὺ
1742 3081 1797 3118 διὰ
1816 3081 1878 3127 τὴν
1907 3081 2005 3133 ὕὸριν
2025 3079 2087 3126 τὴν
2105 3081 2152 3122 εἷς
2172 3080 2228 3117 τὸν
2248 3095 2414 3132 γεγεννη-

368 3147 482 3184 multo
509 3157 585 3198 post
608 3156 752 3199 propter
778 3146 1027 3185 contumeliam
1056 3146 1092 3183 in
1125 3154 1318 3198 parentem,

366 3206 652 3245 maledictionem
663 3216 888 3259 suscepturus
905 3216 993 3244 esset
1008 3206 1082 3258 ejus
1108 3205 1204 3243 fitius
1226 3204 1319 3242 Cha-

368 3281 456 3305 naan
480 3283 486 3303 :
505 3267 582 3305 idco
595 3268 778 3320 Scriptura
795 3268 916 3306 divina
937 3268 975 3306 id
992 3268 1091 3321 prius
1112 3266 1319 3320 assignavit,

371 3328 510 3379 filiique
524 3344 648 3367 nomen
668 3330 873 3382 declaravit,
886 3346 926 3369 ac
941 3331 1047 3369 simul
1070 3331 1181 3384 patris
1202 3331 1324 3369 intem·

1392 3143 1477 3181 κότα
1500 3143 1620 3193 μέλλει
1637 3142 1696 3188 τὴν
1717 3143 1873 3193 κατάραν
1893 3141 2054 3193 δέχεσθαι
2069 3144 2086 3178 ὁ
2103 3139 2246 3178 Χαναὰν
2262 3143 2280 3178 ὃ
2295 3140 2416 3178 τούτου

1392 3210 1492 3249 παῖς,
1522 3203 1577 3242 διὰ
1603 3208 1702 3242 τοῦτο
1717 3203 1782 3250 ἤδη
1802 3202 2025 3254 προλαὸοῧσα
2042 3206 2064 3249 ἡ
2086 3201 2160 3239 θεία
2182 3201 2303 3253 Γραφὴ
2332 3203 2417 3240 ἐπε-

1394 3265 1594 3315 σημήνατο,
1627 3265 1685 3303 καὶ
1719 3270 1779 3304 τοῦ
1810 3265 1931 3307 παιδος
1961 3267 2046 3314 ἡμῖν
2081 3263 2143 3310 τὴν
2180 3261 2415 3315 προσηγορίαν

1395 3328 1502 3374 δήλην
1526 3327 1706 3375 ἐποίησεν,
1727 3330 1813 3365 ὁμοῦ
1832 3326 1891 3364 καὶ
1912 3329 1970 3364 τοῦ
1990 3324 2232 3377 γεγεννηκότος
2249 3324 2289 3362 τὸ
2308 3325 2415 3374 ἀκρα-
