2516 3791
160 1770 224 1798 Non
239 1775 306 1797 sunt

119 1814 219 1840 auditu
245 1812 305 1839 solo

117 1854 224 1880 (Istnlle-

119 1895 238 1923 muandi
249 1895 302 1922 rei.

123 2316 308 2346 Exod.23.1.

125 2439 213 2466 Itum.
229 2437 275 2478 [Ἰ.

130 2491 173 2509 10·

130 2629 228 2657 ΔΠαΙΙΙι
247 2641 274 2669 7.
286 2639 294 2657 Ι
305 2653 311 2658 .

323 139 417 201 494

321 236 414 274 mala
436 245 694 276 coacerventur.
714 238 792 276 Non
812 237 928 276 solum
954 247 1082 285 magna
1102 242 1154 271 est
1172 232 1268 270 mul-

320 297 436 336 titudo
453 297 630 347 clamoris,
648 298 709 336 sed
721 298 826 336 etiam
841 295 1033 348 injustitiae.
1050 294 1143 330 Nam
1160 290 1267 341 illud,

324 359 482 398 Clamor
492 360 738 398 Sodomorum
748 366 783 394 et
796 356 1020 395 Gomorrhoe
1034 353 1269 403 multiplica-

322 429 382 458 tus
399 430 468 468 est,
484 419 608 471 opinor
635 418 848 468 significare,
870 416 965 467 ipsos
987 427 1068 451 cum
1088 413 1270 450 inenarra-

320 481 384 519 bili
404 490 436 518 et
450 480 589 519 veniam
610 478 746 515 nullam
765 484 919 513 merente
939 474 1125 525 iniquitate
1139 473 1270 511 multas

321 542 426 580 etiam
445 539 636 591 injustitias
649 538 737 575 alias
755 536 1023 575 exhibuissezet
1037 535 1270 574 insurrexisse

320 601 534 654 potentiores
553 608 673 637 contra
688 597 927 647 invalidiores,
948 597 1166 648 ditioresque
1187 610 1269 634 con-

321 670 374 698 tra
385 672 566 711 pauperes.
580 656 733 695 Proinde
746 670 814 695 non
831 657 958 706 solum,
973 656 1102 708 inquit,
1120 667 1270 706 magnus

321 729 394 757 erat
402 719 564 771 planctus
573 717 748 768 clamoris,
759 716 820 756 sed
830 727 863 755 et
874 726 1015 770 peccata
1030 717 1190 769 ipsorum
1200 729 1270 753 non

321 779 483 832 vulgaria
493 780 603 828 fuere,
612 778 672 817 sed
686 793 827 831 magna,
840 788 946 829 atque
959 777 1126 829 ingentia.
1138 777 1269 815 Insoli-

322 851 401 878 tum
419 840 513 879 enim
533 839 731 891 iniquitatis
750 839 897 877 modum
916 839 1221 889 excogitaverunt,
1239 846 1272 875 et

319 902 451 940 alienas
469 911 502 940 et
518 901 661 939 illicitas
680 899 827 939 coeundi
846 900 940 951 leges
965 899 1186 937 invenerunt.
1209 899 1272 935 At-

319 978 386 1015 que
406 973 502 1001 tanta
516 972 590 1001 erat
599 962 742 1000 malitiae
758 960 974 1013 proclivitas,
986 968 1025 997 ut
1041 973 1162 997 omnes
1174 960 1270 998 omni

715 153 755 185 S.
792 152 978 185 JOANNIS
1015 151 1257 183 CHRYSOST·
1296 150 1504 181 ARCHIEP.
1545 150 1902 183 CONSTANTINOP.

1343 232 1650 285 περιφανέστεραι,
1671 233 1800 272 τούτων
1828 233 2099 284 ἐμνημόνευσεν.
2122 236 2372 283 Πεπλήθυνται

1342 291 1427 342 πρός
1459 309 1525 343 με,
1553 293 1612 331 καὶ
1637 297 1671 332 αἱ
1702 295 1872 347 ἁμαρτίαι
1900 296 2012 332 αὐτῶν
2042 294 2194 346 μεγάλαι
2221 296 2368 348 σφόδρα.

1341 351 1438 404 εὈροι
1468 355 1538 390 τῶν
1565 356 1682 392 κακῶν
1711 354 1774 401 τὴν
1805 354 1976 392 ἐπίτασιν.
2003 355 2056 393 Οὔ
2087 355 2190 405 μόνον
2215 356 2303 394 πολὺ
2331 357 2371 394 τὸ

1341 415 1471 459 πλῆθος
1488 417 1550 460 τ’ῆς
1567 418 1739 466 κραυγῆς,
1762 414 1852 453 ἀλλὰ
1878 414 1937 452 καὶ
1963 416 2032 460 τῆς
2046 414 2193 459 ἀδικίας.
2210 415 2263 453 Τὸ
2280 415 2348 467 γὰρ
2361 447 2374 464 ,

1342 473 1489 525 Κραυγὴ
1521 474 1688 526 Σοδόμων
1720 475 1779 513 καὶ
1809 474 1992 527 Γομόρρας
2021 476 2284 524 πεπλήθυνται,
2315 471 2369 515 οἶ-

1342 550 1406 584 μαι
1424 535 1623 586 σημαίνειν,
1640 536 1693 574 ὅτι
1720 535 1810 587 μετὰ
1835 539 1898 582 τῆς
1919 536 2139 588 παρανομίας
2159 537 2292 585 ἐκείνης
2307 540 2371 584 τῆς

1341 597 1474 649 ἀφάτου
1505 598 1564 635 καὶ
1591 598 1707 644 πάσης
1737 598 1947 650 συγγνώμης
1975 598 2281 650 ἀπεστερημένης,
2310 600 2370 637 καὶ

1340 659 1458 710 ἑτέρας
1501 658 1636 702 ἀδικίας
1675 658 1808 702 πολλὰς
1846 657 2106 705 ἐπεδείκνυντο,
2141 661 2173 696 οἱ
2211 659 2368 698 δυνατώυ

1339 733 1432 770 τεροι
1451 718 1784 769 κατεξανιστάμενοι
1809 721 1879 757 τῶν
1911 718 2180 772 ἀσθενεστέρων,
2202 723 2233 758 οἱ
2259 720 2369 758 πλού-

1340 794 1409 817 σιοι
1444 783 1514 818 τῶν
1545 780 1716 827 πενήτων.
1749 782 1802 819 Οὐ
1840 780 1942 832 μόνον
1976 781 2108 830 τοίνυν,
2142 781 2246 833 φησὶ,
2283 781 2371 820 πολὺ

1340 843 1404 886 τῆς
1422 844 1576 893 κραυγῆς
1593 841 1632 880 τὸ
1649 844 1793 888 πένθος,
1812 842 1902 880 ἀλλὰ
1927 843 1986 880 καὶ
2010 846 2046 881 αἱ
2066 842 2237 894 ἁμαρτίαι
2257 844 2372 882 αὐτῶν

1339 903 1406 953 οὐχ
1421 904 1457 939 αἱ
1479 903 1651 954 τυχοῦσαί
1665 905 1766 950 εἰσιν,
1781 902 1872 940 ἀλλὰ
1898 903 1957 941 καὶ
1980 903 2150 955 μεγάλαι,
2166 904 2226 941 καὶ
2240 903 2373 956 σφόδρα

1342 962 1503 1013 μεγάλαι.
1534 963 1642 1001 Ξένον
1671 962 1740 1015 γὰρ
1764 963 1891 1015 τρόπον
1912 963 2132 1016 παρανομίας
2159 964 2373 1012 ἐπενόησαν,

319 1025 413 1063 111010
431 1025 664 1077 replerentur,
679 1032 712 1060 et
728 1023 862 1060 nullam
882 1031 1001 1074 postea
1018 1021 1269 1060 correctionem
1293 1042 1316 1074 C
1341 1022 1400 1060 καὶ
1417 1023 1625 1066 ἀλλοκότους
1640 1023 1699 1061 καὶ
1721 1023 1891 1074 ἀθέσμους
1910 1028 1979 1062 τῶν
1998 1024 2123 1075 μίξεων
2138 1025 2262 1076 νόμους
2278 1027 2374 1078 ἐφεῦ-

319 1084 561 1133 admitterent,
577 1084 746 1135 dignique
777 1092 889 1120 essent
907 1082 967 1133 qui
988 1082 1130 1134 penitus
1148 1082 1270 1120 011010-

321 1156 443 1184 rentur
463 1162 470 1183 :
493 1160 606 1197 neque
637 1145 731 1182 enim
758 1144 972 1182 incurabiles
990 1143 1134 1181 illorum
1155 1144 1270 1183 morbi

320 1205 475 1243 medicos
492 1205 661 1243 ferebant.
681 1205 804 1241 Postea
822 1202 951 1240 docens
966 1216 1069 1240 0111110
1084 1202 1271 1241 hominum

320 1280 441 1317 genus,
450 1266 531 1303 11001
541 1279 666 1316 magna
683 1263 786 1303 valde
796 1273 829 1301 et
842 1263 1024 1315 explorata
1036 1263 1104 1301 sint
1117 1272 1270 1315 peccata,

320 1336 621 1365 1101101110010111011
632 1324 928 1378 pronuntiandam
937 1325 1155 1374 sententiam,
1163 1339 1271 1375 quam

320 1388 513 1427 manifesta:
533 1387 756 1440 probationes
774 1385 903 1434 adsint,
923 1385 1038 1436 inquit
1059 1401 1066 1422 :
1090 1386 1185 1424 Cum
1208 1387 1271 1424 de-

319 1450 512 1497 scendero,
525 1450 665 1486 videbo
681 1456 805 1485 utrum
813 1449 930 1498 juxta
947 1447 1152 1484 clamorem
1173 1449 1272 1498 ipso-

319 1524 414 1559 rum,
435 1512 502 1561 qui
533 1511 585 1547 acl
614 1522 673 1546 me
701 1509 825 1556 venit,
844 1508 1063 1559 perficiant,
1081 1522 1213 1555 necne,
1233 1517 1271 1546 ιιι

319 1573 448 1609 sciam.
464 1570 562 1617 Quid
573 1569 641 1607 sibi
658 1569 748 1619 vult,
765 1578 797 1606 et
814 1582 878 1606 cur
897 1582 1093 1606 sermonem
1106 1583 1212 1606 suum
1223 1569 1272 1607 ita

318 1632 554 1685 attemperat?
571 1632 598 1669 C
604 1645 666 1669 um
696 1630 926 1667 descendero
940 1659 952 1674 ‚
968 1628 1095 1680 inquit,
1112 1630 1264 1667 videbo.

318 1692 506 1744 Numquid
522 1690 656 1730 deloco
682 1691 717 1729 in
736 1691 855 1729 locum
876 1689 1002 1728 transit
1022 1689 1270 1729 universorum

320 1754 517 1793 Dominus?
538 1753 652 1791 Absit.
669 1753 747 1791 Non
765 1752 831 1790 1100
852 1751 919 1789 51111
939 1751 1037 1801 vult3
1054 1750 1114 1789 sed
1129 1760 1168 1788 ut
1181 1751 1272 1801 dixi,

320 1815 480 1854 crassiori
490 1828 649 1853 sermone
657 1828 718 1852 1105
732 1813 916 1851 instituere
925 1812 1035 1865 cupit,
1044 1825 1172 1864 magna
1182 1826 1272 1865 opus

320 1890 392 1914 0550
406 1875 650 1927 diligentia:et
666 1887 734 1911 non
748 1872 874 1911 auditu
889 1872 962 1910 solo
978 1881 1178 1924 peccatores
1192 1887 1273 1911 con-

318 1936 535 1975 demnandos
553 1950 637 1985 esse,
647 1949 757 1986 neque
775 1933 985 1972 sententiam
1002 1933 1195 1983 serendam,
1205 1934 1273 1972 nisi

319 1998 561 2051 comprobatio
571 1996 760 2050 praecedat.
769 1995 1049 2033 Audiamushaec
1059 1996 1272 2034 01111105.Νο11

320 2060 413 2097 enim
425 2059 539 2097 solum
555 2058 580 2095 ii
598 2057 659 2108 qui
675 2070 739 2109 pro
755 2055 926 2093 tribunali
942 2055 1075 2105 sedent,
1089 2055 1275 2095 observare

320 2121 410 2158 110110
429 2120 543 2171 legem
559 2118 701 2166 debent,
712 2116 774 2154 sed
788 2125 821 2153 et
835 2115 956 2153 nullus
971 2130 1140 2166 umquam
1155 2116 1200 2154 01)
1211 2131 1275 2154 1111-

323 2179 406 2218 (10111
419 2179 678 2218 accusationem
690 2177 897 2229 proximum
910 2176 1129 2214 condemnet.
1139 2176 1276 2215 Idcirco

325 2241 420 2278 0111111
435 2249 467 2278 01
482 2248 561 2292 post
573 2238 649 2276 110εο
668 2238 791 2275 beatus
808 2237 924 2274 Moses
939 2236 1078 2288 Spiritu
1097 2247 1215 2276 sancto
1226 2238 1277 2276 af-

323 2302 428 2340 ssatus
456 2301 636 2350 admonet,
657 2299 778 2337 dicens
801 2314 808 2334 ε
833 2297 1027 2335 Auditum
1052 2312 1200 2336 vanum
1231 2313 1278 2337 ne

324 2365 507 2414 accipias.
521 2362 570 2399 Et
587 2361 711 2399 beatus
728 2359 872 2407 Paulus,
889 2358 1056 2408 scribens,
1077 2359 1252 2398 clamabat
1269 2376 1276 2397 :

331 2427 384 2464 Tu
397 2433 525 2463 autem
543 2423 948 2475 curjudicas-fratrem
964 2425 1099 2458 tuum?
1115 2421 1277 2460 Christus

326 2500 465 2538 quoque
479 2484 687 2538 praecipiens
707 2481 894 2534 discipulis
908 2481 994 2529 suis,
1018 2491 1050 2519 et
1068 2481 1199 2520 docens
1213 2484 1278 2522 Ju-

328 2547 487 2586 daeorum
503 2544 785 2594 multitudinem,
804 2542 938 2581 scribas
960 2556 1092 2592 eorum,
1104 2552 1137 2580 et
1154 2544 1278 2581 Phari—

329 2623 428 2657 saeos,
447 2608 592 2654 Nolite,
611 2604 740 2656 inquit,
757 2605 949 2655 judicare,
966 2613 1007 2641 ut
1039 2618 1115 2641 non
1130 2606 1281 2656 judice-

327 2673 430 2708 mini.
459 2670 532 2707 Cur
561 2667 668 2716 enim,
703 2666 832 2717 inquit,
864 2673 944 2702 ante
973 2674 1113 2718 tempus
1140 2665 1280 2705 invadis

319 2731 546 2783 judicisjus?
563 2743 625 2767 cur
641 2726 814 2780 praevenis
828 2726 923 2764 diem
940 2726 1042 2764 illum
1056 2727 1280 2766 terribilem?

324 2793 509 2844 Visjudex
520 2791 617 2829 csse?
631 2788 1125 2840 ,111111001011101111511111,011110
1139 2788 1277 2828 delicta.

324 2853 453 2891 Nullus
463 2861 512 2890 est
523 2850 696 2902 quix‘ctct.
712 2849 771 2887 Sic
784 2848 878 2886 0111111
888 2857 921 2885 01
932 2857 1074 2900 peccata
1090 2857 1149 2885 tua
1162 2863 1279 2887 0111011-

323 2913 441 2962 dabis,
458 2922 490 2951 et
508 2911 598 2950 nihil
617 2925 662 2948 ex
694 2909 762 2948 hoc
780 2908 996 2947 incommodi
1023 2909 1150 2961 capies.
1172 2910 1278 2956 Quod

323 2974 351 3012 si
374 2973 505 3011 relictis
524 2972 628 3009 rebus
649 2971 718 3009 tuis
739 2969 838 3007 sedes
858 2969 904 3007 ad
917 2969 1155 3022 judicandum
1170 2970 1273 3021 alios,

322 3035 471 3086 majores
490 3033 598 3071 tetihi
615 3032 680 3084 ipsi
698 3030 862 3081 colligere
877 3039 1102 3083 pcccatorum
1119 3031 1273 3070 sarcinas

321 3110 389 3135 non
414 3095 532 3133 sentis.
550 3093 699 3141 Idcirco,
722 3092 876 3140 obsecro,
896 3091 1076 3142 fugiamus
1094 3093 1236 3130 omnino
1253 3108 1270 3130 a

319 3154 594 3195 condemnandis
608 3154 698 3192 aliis.
717 3154 809 3190 Nam
828 3153 891 3190 etsi
906 3152 1102 3205 judiciariae
1119 3163 1270 3206 potesta-

319 3219 363 3257 tis
380 3232 446 3255 non
466 3216 514 3255 sis
534 3214 723 3268 particeps,
741 3213 1073 3265 attamenjudieasti
1091 3224 1220 3264 mente,
1235 3224 1267 3253 ct

319 3292 458 3337 peccato
472 3281 583 3322 fecisti
598 3290 629 3318 tc
641 3280 997 3331 olmoxium‚quando
1009 3281 1107 3320 nulla
1117 3281 1263 3321 demon-

317 3352 480 3391 stratione
510 3357 662 3400 accepta,
689 3345 749 3385 scd
777 3360 1014 3397 saepenumero
1046 3348 1118 3387 sola
1148 3349 1262 3402 suspi-

1287 3082 1334 3149 [38
1344 3104 1411 3155 γὰρ
1436 3102 1493 3139 καὶ
1518 3101 1561 3138 τὰ
1578 3100 1812 3153 ἡμαρτημένα
1833 3114 1887 3136 σοι
1906 3097 2076 3150 διορθώσῃ
2090 3128 2098 3144 ,
2127 3095 2187 3134 καὶ
2207 3096 2374 3146 οὐδεμίαν

1342 1099 1411 1135 ρον,
1432 1083 1491 1122 καὶ
1505 1083 1657 1131 τοσαύτη
1675 1086 1737 1130 τῆς
1760 1083 1884 1127 κακίας
1900 1087 1922 1130 ἡ
1942 1084 2051 1137 φορὰ,
2072 1087 2118 1128 ὡς
2138 1086 2294 1129 ἅπαντας
2309 1089 2372 1131 τῆς

1339 1145 1453 1195 λύμης
1482 1146 1752 1191 ἀναπλησθῆναι
1780 1144 1920 1193 πάσης,
1958 1145 2017 1183 καὶ
2047 1146 2220 1197 μηδεμίαν
2251 1147 2373 1185 λοιπὸν

1342 1207 1520 1258 διόρθωσιν
1541 1205 1664 1250 αὐτοὺς
1694 1205 1940 1257 ἐπιδέχεσθαι,
1963 1207 2039 1245 ἀλλ’
2073 1210 2270 1260 ἀφανισμοῦ
2301 1208 2371 1245 δεῖ-

1342 1272 1420 1306 σθαι
1440 1269 1629 1311 παντελοῦς
1645 1283 1652 1291 ·
1674 1267 1751 1306 οὐδὲ
1768 1266 1835 1319 γὰρ
1855 1267 2007 1320 ἰατρείαν
2029 1268 2150 1306 λοι-,τὸν
2170 1268 2373 1321 ἐπιδέχεται

1340 1329 1385 1368 τὰ
1413 1328 1544 1368 τούτων
1574 1329 1669 1375 πάθη
1701 1328 1825 1367 ἀνίατα
1856 1328 2035 1380 γεγονότα.
2069 1324 2160 1368 Εἶτα
2197 1330 2372 1368 παιδεύων

1342 1391 1480 1429 ἅπασαν
1511 1393 1579 1428 τῶν
1613 1389 1803 1441 ἀνθρώπιον
1836 1389 1900 1436 τὴν
1929 1390 2051 1442 φύσιν,
2086 1389 2149 1428 κᾶν
2184 1391 2320 1440 μεγάλα
2349 1384 2373 1442 ἦ

1341 1452 1474 1504 σφόδρα
1497 1450 1541 1489 τὰ
1570 1450 1812 1502 ἁμαρτήματα
1831 1450 1891 1489 καὶ
1920 1450 2197 1501 ὡμολογημένα,
2215 1450 2264 1501 μὴ
2285 1451 2373 1503 πρό-

1340 1528 1438 1564 τερον
1457 1512 1518 1555 τὰς
1536 1512 1671 1564 ψήφους
1689 1511 1846 1564 ἐκφέρειν
1859 1540 1868 1557 ,
1887 1511 1967 1564 πρὶν
1990 1512 2028 1549 ἂν
2057 1513 2211 1563 ἐναργεῖς
2230 1511 2373 1549 ἀποδεί-

1343 1573 1408 1618 ξεις
1433 1573 1623 1625 γένωνται,
1649 1573 1756 1625 φησί·
1784 1573 1949 1616 Καταὸὰς
1968 1573 2120 1625 ὄψομαι,
2143 1575 2172 1611 εἷ
2196 1573 2287 1611 κατὰ
2309 1572 2372 1619 τὴν

1341 1633 1498 1686 κραυγὴν
1519 1637 1631 1672 αὐτῶν
1647 1636 1892 1672 συντελοῦνται
1912 1634 1975 1681 τὴν
1996 1634 2192 1685 ἐρχομένην
2206 1634 2292 1685 πρός
2309 1650 2352 1684 με
2366 1649 2373 1657 ·

1341 1698 1372 1734 εἷ
1392 1696 1427 1734 δὲ
1447 1695 1494 1747 μὴ
1511 1726 1519 1743 ,
1540 1696 1596 1733 ἵνα
1615 1698 1698 1746 γνῶ.
1716 1695 1763 1733 Τί
1784 1694 1947 1746 βούλεται
1972 1699 2034 1742 τῆς
2053 1695 2183 1739 λέξεως
2202 1698 2223 1741 ἡ
2245 1710 2374 1746 συγκα-

1341 1757 1508 1804 τάὲασις,
1534 1757 1723 1803 Καταὸὰς,
1759 1756 1875 1809 φησὶν,
1915 1756 2058 1809 ὄψομαι.
2091 1755 2211 1795 Τόπον
2241 1755 2308 1808 γὰρ
2335 1758 2376 1794 ἐκ

1340 1819 1446 1857 τόπου
1479 1818 1686 1869 μεταδαίνει
1716 1821 1733 1856 ὁ
1764 1821 1833 1856 τῶν
1854 1817 1943 1856 ὅλων
1963 1817 2077 1865 Θεός,
2103 1817 2215 1869 Οὐχὶ,
2243 1817 2291 1868 μὴ
2316 1818 2375 1868 γέ-

1339 1895 1447 1918 νοιτο.
1473 1882 1525 1919 Οὐ
1551 1883 1654 1918 τοῦτο
1668 1878 1787 1930 λέγει,
1815 1880 1891 1917 ἀλλ’
1911 1880 1995 1930 ὅπερ
2015 1879 2185 1922 πολλάκις
2212 1878 2309 1930 ἔφην,
2329 1881 2374 1930 τῇ

1341 1941 1522 1994 παχύτητι
1541 1943 1604 1988 τῆς
1623 1940 1747 1985 λέξεως
1767 1943 1861 1992 ἡμᾶς
1895 1940 2080 1979 παιδεῦσαι
2109 1939 2293 1992 βούλεται,
2321 1941 2375 1979 ὅτι

1343 2005 1394 2042 δεῖ
1427 2004 1541 2055 πολλῇ
1570 2006 1612 2055 τῇ
1645 2001 1805 2054 ἀκριὸείᾳ
1837 2005 2049 2054 κεχρῆσθαι,
2086 2001 2144 2039 καὶ
2180 2001 2269 2052 μήτε
2304 2002 2374 2040 ἀπὸ

1344 2067 1450 2111 ἀκοῆς
1481 2063 1726 2108 καταδικάζειν
1754 2061 1833 2106 τοὺς
1862 2061 2134 2113 ἡμαρτηκότας,
2170 2062 2260 2112 μήτε
2292 2062 2374 2101 ἄνευ

1343 2123 1552 2168 ἀποδείξεως
1588 2123 1649 2167 τὰς
1675 2123 1811 2175 ψήφους
1850 2122 2018 2174 ἐκφέρειν.
2038 2123 2232 2173 Ἀκούωμεν
2264 2127 2375 2160 ταῦτα

1345 2186 1508 2228 ἅπαντες.
1530 2187 1583 2223 Οὔ
1604 2184 1670 2236 γὰρ
1694 2184 1796 2234 μόνον
1819 2185 1849 2221 οἱ
1869 2183 1927 2221 τὸν
1948 2183 2145 2221 δικαστικὸν
2161 2183 2278 2236 θρόνον
2296 2184 2375 2221 ἐπέ-

1344 2262 1485 2299 χοντες,
1521 2248 1641 2284 τοῦτον
1667 2244 2001 2297 παραφυλάττεσθαι
2031 2244 2208 2297 ὀφείλουσι
2239 2244 2295 2282 τὸν
2317 2245 2372 2282 νό-

1347 2325 1422 2359 μον,
1443 2308 1532 2346 ἀλλὰ
1565 2307 1625 2345 καὶ
1654 2310 1753 2357 ἡμῶν
1789 2307 1933 2350 ἕκαστος
1966 2305 2142 2357 μηδέποτε
2177 2305 2245 2344 ἀπὸ
2270 2307 2376 2358 ψιλῆς

1346 2369 1510 2416 διαὸολῆς
1534 2368 1754 2420 κατακρίνειν
1770 2367 1828 2405 τὸν
1845 2368 2006 2414 πλησίον.
2028 2368 2095 2406 Διὰ
2114 2367 2180 2419 γὰρ
2197 2371 2299 2406 τοῦτο
2315 2368 2373 2406 καὶ

1348 2432 1436 2483 μετὰ
1455 2434 1564 2468 ταῦτα
1589 2433 1606 2468 ὁ
1636 2429 1805 2482 μακάριος
1833 2423 1930 2472 οὗτος
1958 2431 2115 2475 Μωυσῆς
2142 2427 2374 2480 ἐνηχούμενος

1346 2492 1412 2531 ὑπὸ
1432 2496 1490 2530 τοῦ
1510 2490 1716 2541 Πνεύματος
1740 2490 1905 2542 παρῄνει,
1926 2490 2036 2539 λέγων
2053 2505 2060 2512 ·
2079 2488 2199 2536 Ἆκοὴν
2221 2489 2373 2539 ματαίαν

1348 2553 1395 2604 μὴ
1424 2552 1615 2605 παραδέξῃ.
1653 2552 1721 2590 Καὶ
1750 2554 1767 2589 ὃ
1796 2550 1965 2603 μακάριος
1998 2550 2034 2588 δὲ
2062 2551 2203 2593 Παῦλος
2229 2550 2371 2601 γράφων

1347 2614 1450 2652 {60²2-
1470 2614 1520 2652 Σὺ
1540 2613 1575 2652 δὲ
1604 2613 1635 2650 τί
1658 2612 1784 2665 κρίνεις
1812 2611 1870 2650 τὸν
1891 2611 2037 2664 ἀδελφόν
2056 2626 2137 2658 σου,
2158 2610 2226 2648 Καὶ
2245 2614 2262 2648 ὁ
2282 2611 2370 2661 xp:-

1347 2676 1425 2719 στος
1445 2674 1713 2725 διατασσόμενος
1732 2679 1802 2716 τοῖς
1823 2677 2012 2721 μαθηταῖς,
2032 2671 2090 2709 καὶ
2111 2670 2283 2709 διδάσκων
2302 2674 2372 2709 τῶν

1347 2736 1522 2774 Ἰουδαίων
1550 2735 1589 2773 τὸ
1622 2737 1773 2780 πλῆθος,
1801 2733 1878 2777 τοὺς
1907 2732 2140 2785 γραχῖματεάς
2168 2734 2281 2770 αὐτῶν
2312 2732 2372 2769 καὶ

1347 2796 1585 2848 Φαρισαίους,
1612 2796 1725 2846 ἔλεγε·
1748 2794 1809 2842 Μὴ
1829 2794 1981 2847 κρίνετε,
2004 2794 2059 2830 ἵνα
2079 2792 2128 2844 μὴ
2149 2795 2304 2845 κριθῆτε.
2325 2792 2373 2831 Τί

1346 2857 1437 2909 γὰρ,
1476 2857 1580 2909 φησὶ,
1609 2856 1676 2908 πρὸ
1705 2860 1827 2907 καιροῦ
1857 2855 2022 2907 ἁρπάζεις
2046 2855 2086 2892 τὸ
2114 2857 2173 2891 τοῦ
2209 2854 2373 2892 δικαστοῦ

1356 2919 1401 2929 ⁴5·st
1564 2918 1572 2931 Ι
1782 2916 1789 2929 Ι
1916 2916 1924 2931 Χ
2047 2914 2054 2927 Ι
2150 2916 2160 2927 5
2208 2913 2216 2927 Ι

1347 2935 1503 2969 αςιωμα;
1538 2934 1572 2956 τι
1599 2917 1860 2970 προλαμὸανεις
1888 2933 1951 2963 την
1984 2919 2118 2967 ἡμεραν
2145 2930 2278 2960 εκεινην
2311 2913 2372 2961 τὴν

1346 2980 1518 3033 φοῖἰεράν,
1554 2979 1677 3017 Βούλει
1703 2978 1824 3030 κριτὴς
1852 2972 1958 3022 sivan
1993 2978 2129 3015 Σαυτοῦ
2160 2973 2277 3025 γίνου,
2312 2975 2372 3012 καὶ

1347 3045 1414 3079 τῶν
1436 3057 1490 3079 σοι
1511 3039 1879 3090 πεπλημμελημένων.
1899 3037 2024 3080 Οὐδεὶς
2042 3040 2059 3074 ὁ
2078 3035 2235 3074 κωλύων.
2267 3034 2374 3073 Οὕτω

1342 3166 1380 3200 ἐκ
1400 3167 1458 3201 τοῦ
1475 3162 1680 3214 πράγματος
1695 3160 1876 3211 ὑποστήσῃ
1893 3158 2043 3210 βλάῧην.
2061 3156 2146 3195 ’litua
2161 3156 2197 3194 δὲ
2215 3155 2258 3193 τὰ
2278 3156 2373 3195 κατὰ

1341 3224 1466 3262 σαυτὸν
1497 3222 1700 3261 καταλιπὼν
1731 3221 1868 3272 ἑτέρους
1895 3219 2021 3271 καθέζῃ
2053 3219 2190 3271 κρίνων,
2225 3218 2366 3268 μείζονα

1339 3289 1456 3338 σαυτῷ
1484 3285 1526 3322 τὰ
1559 3285 1680 3336 φορτία
1707 3286 1776 3321 τῶν
1796 3281 2061 3334 ἁμαρτημάτων
2094 3278 2269 3330 συλλέγων
2303 3281 2364 3316 οὐκ

1338 3348 1494 3398 αἰσθάνῃ.
1517 3347 1570 3385 Δι’
1592 3347 1629 3392 ὃ,
1647 3343 2054 3396 παρακα).ὦ,φεύγ(ι1μεν
2074 3342 2186 3391 πάντη
2205 3341 2242 3379 τὸ
2258 3355 2363 3377 κατα-
