2516 3791
132 713 310 750 1.Reg.¹.7.

174 1693 315 1720 sterilitas

127 1742 266 1771 quun¹um

130 1778 248 1803 malum.

330 169 422 215 818

756 184 796 213 S.
835 182 1022 213 JOANMS
1058 178 1303 211 CHRYSOST.
1342 179 1550 209 ARCHIEP.
1591 180 1950 211 CONSTANTINOP.

327 266 425 317 quod
449 266 632 305 tristitiam
658 265 760 304 nobis
782 265 875 318 parit
894 280 902 301 :
919 262 1014 314 quod
1033 272 1067 301 et
1086 262 1145 300 isti
1165 260 1277 299 conti·
1300 264 1323 295 B
1350 263 1392 312 τῇ
1414 261 1569 314 γυναικὶ,
1589 262 1720 301 καὶτὸν
1738 265 1886 302 πλοῦτον
1906 265 2014 310 αὐτῆς
2028 266 2090 310 τῆς
2108 263 2257 309 πίστεως
2276 266 2371 304 κατί-

327 327 391 379 git.
411 328 492 365 Non
515 327 610 366 enim
637 326 732 378 quod
756 325 869 378 ipsam
891 323 974 362 odio
992 331 1275 376 prosequeretur,

325 398 388 427 aut
405 397 638 436 aversaretur,
661 389 756 425 Deus
778 385 997 423 concluserat
1014 383 1165 422 vulvam
1184 384 1273 436 ejus,

325 449 388 488 sed
414 459 453 487 ut
475 450 566 487 fores
596 447 698 485 nobis
728 446 967 499 philosophiae
996 454 1177 496 reseraret,
1206 459 1276 497 qua

324 510 473 563 praedita
490 508 620 547 mulier
639 507 722 557 fuit,
742 507 888 560 ejusque
911 506 995 544 fidei
1020 506 1168 545 divitias
1187 520 1275 545 con-

325 572 551 625 spiceremus,
562 583 603 608 ac
613 569 824 607 nobiliorem
841 569 942 607 illam
958 568 1043 607 binc
1053 569 1098 608 ab
1114 583 1154 607 eo
1169 567 1278 606 fuisse

325 631 501 671 redditam
531 644 829 682 cognosceremus.
859 629 954 667 Audi
969 644 1054 668 vero
1072 629 1180 668 etiam
1199 643 1278 681 quae

326 702 534 744 sequuntur.
563 694 618 731 Et
651 695 706 732 sic
736 693 935 744 faciebat,
959 691 1093 743 inquit,
1115 691 1279 744 singulis

327 757 444 793 annis
459 768 485 792 a
502 754 623 791 multo
646 761 826 805 tempore,
842 767 929 792 cum
949 753 1173 791 ascenderet
1195 754 1278 803 ipsa

327 820 368 854 in
383 817 541 853 domum
559 817 734 854 Domini.
755 816 810 854 Et
832 816 1074 861 tristabatur,
1092 822 1129 852 et
1146 813 1279 865 plora-

328 881 407 925 bat,
424 886 460 915 et
475 891 552 915 non
563 877 968 915 comedebat.lntensus
983 875 1097 924 dolor,
1107 874 1277 913 diuturna

327 939 516 993 aegritudo,
538 954 608 978 non
626 939 698 977 duo
719 949 835 977 tresve
854 938 944 988 dies,
961 952 1024 976 nec
1043 937 1186 989 viginti,
1217 951 1280 976 nec

327 1011 481 1047 centum,
498 1015 562 1039 nec
581 1001 691 1049 mille,
712 1014 775 1038 nec
797 999 854 1038 bis
879 999 1027 1037 totidem
1043 1014 1051 1036 ι
1067 998 1191 1037 multis
1217 1012 1279 1036 an-

326 1063 382 1101 nis
400 1063 543 1102 dolebat
561 1062 701 1111 mulier,
722 1071 756 1099 et
776 1060 1016 1111 cruciabatur,
1032 1061 1100 1099 hoc
1118 1060 1214 1098 enim
1229 1069 1280 1097 est

326 1124 481 1174 illud,A
494 1125 615 1162 multo
632 1131 1072 1175 tempore:verumtamen
1084 1135 1154 1159 non
1167 1121 1279 1173 impa-

327 1186 454 1224 tienter
471 1186 566 1235 tulit,
585 1199 698 1236 neque
719 1183 891 1237 temporis
913 1183 1100 1236 longitudo
1115 1183 1277 1236 pbiloso-

328 1247 452 1299 phiam
473 1247 550 1299 ejus
567 1245 763 1298 superavit,
785 1260 896 1296 neque
912 1245 1044 1298 probra
1067 1254 1101 1283 et
1120 1244 1280 1284 convicia

329 1307 444 1360 ipsius
456 1307 605 1355 aemulae,
614 1306 676 1345 sed
685 1307 809 1345 orabat
821 1306 962 1345 assidue
979 1320 1021 1344 ac
1030 1306 1253 1359 supplicabat
1267 1321 1275 1342 τ

327 1368 424 1420 quod
453 1368 619 1406 omnibus
646 1368 763 1420 majus
791 1375 854 1416 est,
879 1367 1025 1420 ejusque
1052 1367 1279 1420 potissimum

328 1444 411 1482 erga
443 1431 559 1467 Deum
594 1443 752 1467 amorem
781 1428 934 1479 indicat,
962 1442 1032 1466 non
1070 1428 1280 1481 simpliciter

326 1489 423 1528 hunc
447 1491 565 1542 ipsum
595 1491 754 1529 obtinere
779 1490 898 1528 filium
925 1490 1083 1542 optabat,
1112 1489 1173 1528 sed
1205 1491 1280 1528 Deo

327 1551 483 1588 fructum
497 1550 632 1601 dicare,
649 1561 754 1602 atque
767 1551 859 1589 uteri
875 1551 930 1589 sui
948 1550 1126 1603 primitias
1141 1551 1279 1601 offerre,

328 1626 368 1650 ac
394 1613 574 1664 praeclarae
605 1612 708 1650 istius
734 1612 978 1664 promissionis
1001 1611 1200 1650 mercedem
1221 1626 1280 1650 re-

329 1673 429 1711 ferre.
450 1673 558 1712 Unde
585 1673 623 1712 id
657 1673 820 1711 constat?
840 1673 900 1711 Ex
925 1672 970 1710 iis
991 1673 1111 1710 verbis
1133 1686 1210 1724 quae
1230 1687 1282 1711 se-

329 1744 497 1787 quuntur.
516 1734 623 1773 Scitis
638 1733 761 1785 utique
775 1748 896 1773 omnes
910 1733 1121 1771 mulieribus
1138 1742 1284 1786 propter

330 1795 426 1835 viros
446 1795 705 1834 intolerandam
723 1810 797 1835 esse
821 1795 1055 1835 sterilitatem.
1076 1797 1167 1835 Sunt
1188 1797 1283 1836 enim

331 1857 492 1896 homines
519 1857 668 1910 plurimi
696 1866 770 1895 tam
795 1857 982 1908 immanes,
1007 1866 1046 1896 ut
1072 1857 1285 1897 mulieribus

329 1918 419 1957 vitio
448 1927 604 1969 vertant,
634 1919 663 1957 si
688 1920 777 1958 forte
806 1933 875 1958 non
903 1919 1058 1972 pariant,
1081 1933 1144 1957 nec
1168 1918 1286 1956 sciunt

330 1980 397 2018 hoc
410 1980 573 2033 pariendi
587 1980 722 2019 donum
738 1980 782 2019 de
798 1981 893 2020 caelis
909 1990 1015 2033 atque
1028 1995 1047 2019 a
1061 1980 1285 2034 providentia

331 2041 454 2080 divina
492 2042 667 2094 originem
703 2043 864 2093 trahere,
895 2057 937 2082 ac
970 2057 1084 2095 neque
1120 2052 1286 2082 naturam

332 2104 507 2153 mulieris,
523 2119 636 2156 neque
664 2119 904 2158 congressum,
921 2119 1035 2157 neque
1058 2105 1157 2145 aliud
1179 2106 1286 2158 quid-

332 2179 440 2217 quam
470 2165 516 2203 ad
551 2165 620 2204 hoc
652 2179 715 2218 per
754 2180 790 2204 se
825 2166 998 2205 sufficere.
1030 2168 1286 2207 Verumtamen

331 2226 496 2278 quamvis
524 2226 638 2264 sciant
665 2226 844 2265 immerito
871 2241 906 2265 se
933 2227 1026 2266 vitio
1053 2236 1204 2278 vertere,
1223 2242 1286 2265 ex-

332 2288 504 2339 probrant
527 2296 562 2325 et
589 2297 796 2326 aversantur
818 2301 988 2340 persaepe,
1010 2301 1122 2338 neque
1141 2287 1286 2326 illarum

334 2348 508 2387 consortio
523 2348 753 2386 delectantur.

387 2417 422 2455 5.
452 2416 654 2455 Videamus
685 2431 780 2468 ergo,
812 2430 897 2456 num
931 2417 1018 2456 huic
1046 2417 1188 2456 mulieri
1221 2418 1287 2457 hoc

335 2479 453 2530 ipsum
483 2478 665 2516 acciderit.
682 2479 775 2517 Nam
799 2479 828 2517 si
849 2479 1052 2532 despectam
1079 2479 1225 2530 quidem
1244 2480 1286 2518 il-

333 2540 420 2589 lam,
439 2548 652 2578 contemtam
669 2549 702 2577 et
719 2540 941 2578 contumeliis
956 2540 1120 2579 affectam
1139 2540 1286 2592 videris,

335 2615 448 2652 neque
467 2601 580 2652 gratia
600 2600 695 2653 apud
717 2602 888 2640 maritum
906 2602 1036 2651 valere,
1051 2602 1112 2654 qui
1131 2617 1195 2641 nec
1216 2603 1288 2641 ulla

335 2663 448 2715 ipsam
476 2662 721 2701 benevolentia
745 2663 1015 2716 complectatur,
1034 2663 1168 2702 idcirco
1190 2665 1290 2703 illam

336 2723 453 2762 silium
483 2733 670 2776 exoptasse
691 2724 865 2777 conjicere
893 2724 1037 2778 poteris,
1058 2734 1098 2763 ut
1115 2726 1227 2764 multa
1247 2727 1291 2764 fi-

335 2783 441 2821 (lucia
465 2794 499 2822 et
525 2785 689 2823 libertate
712 2784 895 2837 gauderet,
917 2800 958 2824 ac
977 2786 1055 2824 viro
1077 2787 1210 2839 gratior
1229 2788 1292 2826 fic—

338 2854 403 2883 ret.
426 2846 490 2883 Sin
507 2856 626 2884 autem
648 2847 865 2885 contrarium
881 2847 1172 2900 deprehenderis,
1194 2863 1293 2887 eam-

339 2921 409 2957 que
426 2907 617 2958 gratiorem
644 2907 704 2945 illa
725 2908 844 2955 fuisse,
867 2923 946 2959 quae
972 2908 1101 2947 liberos
1122 2909 1290 2962 habebat,

340 2968 437 3018 quod
453 2983 530 3006 eam
551 2969 610 3006 vir
624 2983 709 3007 suus
729 2969 855 3021 majori
874 2969 1119 3009 benevolentia
1133 2972 1293 3025 comple-

339 3038 506 3077 cteretur,
524 3029 610 3067 hinc
643 3039 791 3083 apparet
814 3045 883 3069 non
918 3031 964 3069 ob
991 3031 1190 3070 humanum
1226 3033 1292 3071 ali-

339 3105 444 3140 quem
485 3091 672 3138 affectum,
702 3105 814 3142 neque
850 3101 889 3130 ut
918 3092 1038 3131 virum
1075 3093 1143 3132 sibi
1179 3095 1293 3147 magis

338 3152 558 3201 conciliaret,
589 3166 666 3189 eam
697 3161 836 3204 optasse
861 3153 1009 3201 liberos,
1037 3154 1098 3193 sed
1136 3155 1182 3193 ob
1215 3170 1293 3194 eam

337 3228 494 3261 causam,
522 3228 628 3264 quam
658 3213 833 3251 diximus.
858 3214 962 3253 Unde
994 3215 1105 3267 igitur
1142 3216 1210 3255 boc
1249 3217 1293 3255 li-

337 3276 446 3325 quet?
466 3275 558 3313 Audi
586 3274 653 3313 boc
676 3274 852 3313 dicentem
879 3285 1068 3315 auctorem.
1093 3278 1172 3317 Non
1198 3280 1290 3317 enim

1305 3125 1337 3150 70

1318 3162 1343 3191 Λ

1350 324 1477 374 δωμεν,
1495 323 1555 362 καὶ
1575 327 1711 374 γνῶμεν
1730 324 1782 362 ὅτι
1804 324 2049 377 λαμπροτέραν
2069 325 2175 372 αὐτὴν
2194 328 2234 364 ἐκ
2251 327 2372 365 τούτου

1350 384 1536 437 εἰργάζετο.
1549 383 1671 423 Ἄκουε
1695 385 1732 424 δὲ
1750 385 1810 424 καὶ
1840 386 1884 423 τὰ
1905 385 1994 432 ἑξῆς.
2018 385 2087 425 Καὶ
2115 386 2222 432 οὕτως
2241 388 2373 438 ἐποίει,

1349 445 1467 498 φησὶν,
1488 445 1642 484 ἐνιαυτὸν
1663 447 1740 484 κατ’
1757 445 1910 485 ἐνιαυτὸν
1928 446 1998 485 ἀπὸ
2016 449 2149 496 ἱκανοῦ,
2168 449 2202 485 ἓν
2219 450 2270 500 τῷ
2290 451 2373 486 ἀνα·

1349 506 1480 544 Εἀίνειν
1510 506 1618 554 αὐτὴν
1655 509 1702 551 εἷς
1739 501 1832 546 οἶκον
1863 507 2003 560 Κυρίου.
2037 507 2109 547 Καὶ
2135 508 2262 559 ἠθύμει
2275 536 2285 555 ,
2315 509 2375 546 καὶ

1349 567 1484 617 ἔκλαιε,
1506 568 1565 606 καὶ
1583 569 1646 607 οὒκ
1663 568 1794 615 ἤσθιεν.
1814 568 2075 619 Ἐπιτεταμένη
2097 572 2119 616 ἡ
2140 570 2243 618 ὀδύνη
2256 599 2265 617 ,
2284 569 2374 608 πολὺ

1350 629 1388 668 τὸ
1416 631 1525 680 μ’ἧκος
1547 633 1609 676 τῆς
1628 628 1764 677 λύπης,
1784 631 1821 668 οὐ
1842 629 1901 668 δύο
1927 630 1986 668 καὶ
2009 636 2101 682 τρεῖς
2118 630 2251 684 ἡμέραι
2265 661 2276 679 ,
2298 630 2375 669 οὐδὲ

1350 690 1458 729 εἴκοσι
1476 691 1535 730 καὶ
1546 691 1773 740 ἓκατὸν,οὗδὲ
1782 691 1894 745 χίλιαι
1909 691 1968 730 καὶ
1983 691 2033 736 δὶς
2048 696 2234 731 τοσαῦται·
2253 692 2271 713 ¹³
2283 695 2374 740 ἀλλ’,

1351 751 1412 796 Ἐξ
1439 755 1576 802 ἱκανοῦ,
1594 753 1713 806 φησὶν,
1744 754 1803 799 ἔτη
1836 753 1950 792 πολλὰ
1984 753 2182 804 λυπουμένη
2210 753 2270 792 καὶ
2297 755 2374 792 ὀδυ·

1349 813 1488 864 νωμένη
1518 809 1561 861 ἦν
1580 818 1602 861 ἡ
1620 813 1728 866 γυνή·
1744 817 1846 853 τοῦτο
1863 814 1930 866 γάρ
1954 816 2029 853 ἐστι
2047 814 2108 863 τὸ,
2130 814 2216 854 Ἀπὸ
2236 817 2355 854 ἱκανοῦ
2367 831 2375 839 ·

1351 875 1410 913 καὶ
1428 875 1523 926 ὅμως
1539 877 1600 914 οὐκ
1620 875 1918 924 ἀπεδυσπέτησεν,
1937 875 2014 915 οὐδὲ
2034 875 2177 925 ἤλεγξεν
2193 878 2299 922 αὐτῆς
2312 876 2376 924 τὴν

1352 936 1554 988 φιλοσοφίαν
1581 941 1640 975 τοῦ
1670 936 1795 990 χρόνου
1814 937 1854 976 τὸ
1872 939 2002 987 μῆκος,
2022 937 2099 976 οὐδὲ
2119 937 2163 975 τὰ
2183 938 2296 985 ὀνείδη
2317 938 2377 976 καὶ

1353 998 1388 1034 αἱ
1406 996 1574 1049 λοιδορίαι
1601 999 1663 1042 τῆς
1683 997 1880 1045 ἀντιζῆλου,
1901 998 1976 1035 ἀλλ’
1997 998 2127 1049 ηὔχετο
2146 1000 2300 1050 συνεχῶς
2317 997 2379 1036 καὶ

1351 1056 1503 1096 ἱκέτευε·
1532 1057 1592 1096 καὶ
1615 1057 1654 1095 τὸ
1683 1058 1725 1105 δὴ
1756 1061 1870 1108 μεῖζον
1896 1058 2073 1108 ἁπάντων,
2098 1058 2158 1097 καὶ
2182 1059 2200 1098 ὃ
2224 1059 2377 1110 μάλιστα

1352 1117 1521 1157 δείκνυσιν
1538 1121 1656 1170 Ῑαῦτῆς
1682 1118 1740 1158 τὸν
1762 1119 1843 1171 περὶ
1872 1119 1930 1157 τὸν
1960 1118 2050 1159 Θεὸν
2080 1118 2199 1168 πόθον,
2231 1119 2286 1159 ὅτι
2313 1121 2379 1172 οὐχ

1352 1180 1471 1224 ἅπλῶς
1501 1181 1586 1219 αὐτὸ
1613 1186 1713 1220 τοῦτο
1739 1181 1779 1219 τὸ
1803 1181 1942 1220 παιδίον
1970 1181 2167 1229 κτήσασθαι
2186 1182 2378 1234 ἐπεθύμει,

1352 1241 1443 1280 ἀλλὰ
1463 1242 1596 1294 καρπὸν
1618 1245 1794 1281 ἀναθεῖναι
1812 1244 1862 1295 τῷ
1880 1243 1964 1294 Θεῷ
1977 1273 1987 1291 ,
2007 1243 2067 1281 καὶ
2088 1245 2151 1290 τῆς
2166 1242 2294 1287 οἰκείας
2317 1259 2380 1296 γα-

1353 1303 1454 1355 στρὸς
1473 1302 1716 1356 ἀπάρξασθαι,
1736 1303 1796 1342 καὶ
1810 1306 1873 1350 τῆς
1893 1305 2003 1350 καλῆς
2015 1304 2146 1352 ταύτης
2159 1304 2380 1358 ὑποσχέσεως

1351 1363 1472 1402 λαὸεῖν
1490 1364 1548 1402 τὸν
1571 1364 1708 1415 μισθόν.
1722 1364 1837 1403 Πόθεν
1858 1368 1960 1403 τοῦτο
1976 1367 2102 1413 δῆλον,
2120 1365 2187 1405 Ἐκ
2204 1369 2273 1404 τῶν
2291 1365 2380 1417 μετὰ

1351 1429 1462 1463 ταῦτα
1488 1425 1666 1477 ῥημάτων.
1693 1425 1789 1464 'lo-ra
1817 1425 1885 1478 γὰρ
1913 1426 2022 1473 δήπου
2047 1427 2196 1475 πάντες,
2223 1426 2278 1465 ὅτι
2304 1433 2380 1470 ταῖς

1352 1486 1484 1538 γυναιξὶ
1500 1486 1558 1525 διὰ
1572 1486 1650 1531 τοὺς
1669 1486 1794 1540 ἄνδρας
1814 1488 1969 1538 μάλιστα
1988 1487 2159 1541 ἀφόρητον
2179 1491 2201 1534 ἡ
2220 1487 2379 1526 ἀπαιδία.

1353 1547 1485 1586 Πολλοὶ
1500 1547 1567 1600 γὰρ
1583 1551 1650 1586 τῶν
1672 1548 1863 1600 ἀνθρώπων
1882 1548 1989 1592 οὕτως
2006 1550 2138 1600 ἀλόγως
2161 1549 2352 1587 διάκεινται
2367 1579 2379 1596 ,

1354 1611 1400 1651 ὡς
1427 1615 1503 1652 ταῖς
1517 1608 1670 1660 γυναιξὶν
1694 1611 1866 1661 ἐγκαλεῖν,
1893 1609 2031 1648 ἐπειδὰν
2053 1609 2102 1661 μὴ
2123 1609 2301 1658 τίκτωσιν,
2320 1612 2382 1649 οὐκ

1356 1669 1481 1713 εἰδότες
1495 1669 1549 1709 ὅτι
1567 1670 1606 1708 τὸ
1623 1676 1736 1708 τεκεῖν
1755 1671 1886 1709 ἄνωθεν
1906 1671 1980 1723 ἔχει
2000 1670 2064 1717 τὴν
2086 1671 2211 1724 ἀρχὴν,
2232 1671 2302 1710 ἀπὸ
2320 1673 2383 1717 τῆς

1355 1734 1414 1769 τοῦ
1441 1733 1533 1770 Θεοῦ
1565 1731 1752 1785 προνοίας,
1775 1732 1835 1770 καὶ
1863 1731 1942 1771 οὔτε
1964 1731 2125 1784 γυναικὸς
2153 1732 2273 1784 φύσις,
2306 1733 2383 1772 οὔτε

1357 1791 1542 1843 συνουσία,
1562 1792 1639 1831 οὔτε
1655 1793 1741 1832 ἄλλο
1760 1793 1857 1832 οὐδὲν
1877 1792 2046 1846 αὐταρκὲς
2061 1794 2147 1847 πρὸς
2161 1793 2263 1833 τοῦτό
2275 1795 2382 1833 ἐστιν.

1357 1854 1449 1893 Ἀλλ’
1470 1853 1576 1906 ὅμως,
1601 1853 1716 1893 καίτοι
1737 1872 1776 1907 γε
1793 1855 1918 1900 εἰδότες
1937 1855 1991 1894 ὅτι
2019 1854 2147 1898 ἀδίκως
2164 1857 2383 1907 ἐγκαλοῦσιν,

1356 1916 1581 1965 ὀνειδίζουσι,
1599 1916 1659 1954 καὶ
1698 1916 1974 1969 ἀποστρέφονται
2001 1917 2195 1966 πολλάκις,
2226 1916 2286 1954 καὶ
2319 1918 2383 1969 οὐχ

1355 1978 1466 2025 ἡδέως
1483 1977 1569 2031 πρὸς
1589 1977 1694 2022 αὐτὰς
1709 1978 1860 2031 ἔχουσιν.

1411 2419 1560 2471 Ὶδωμεν
1597 2420 1710 2458 τοίνυν
1733 2420 1792 2458 καὶ
1827 2420 1882 2459 ἐπὶ
1912 2420 2040 2469 ταύτης
2071 2423 2132 2468 τῆς
2161 2422 2319 2473 γυναικὸς
2355 2424 2384 2460 εἶ

1359 2486 1458 2520 τοῦτο
1486 2482 1697 2521 συνέῧαινεν.
1717 2480 1777 2520 Ἂν
1807 2481 1870 2533 μὲν
1889 2481 1956 2535 γὰρ
1983 2482 2057 2534 ἴδῃς
2086 2482 2192 2530 αὐτὴν
2211 2498 2385 2535 καταφρο-

1358 2543 1539 2593 νουμένην,
1555 2543 1827 2594 ἀτιμαζομένην,
1845 2543 2085 2595 ὖῧριζομένην,
2107 2543 2305 2596 παρρησίαν
2325 2545 2387 2582 οὐκ

1361 2605 1507 2657 ἔχουσαν
1527 2605 1612 2657 πρὸς
1644 2605 1703 2643 τὸν
1732 2605 1862 2657 ἄνδρα,
1882 2603 1958 2642 οὐδὲ
1980 2606 2111 2651 πολλῆς
2144 2603 2385 2643 ἀπολαύουσαν

1362 2668 1423 2711 τῆς
1441 2665 1590 2713 εὐνοίας,
1608 2665 1737 2717 δυνήσῃ
1760 2665 2019 2717 στοχάσασθαι,
2041 2666 2094 2704 ὅτι
2117 2665 2173 2704 διὰ
2191 2670 2292 2704 τοῦτο
2309 2667 2387 2704 ἐπε-

1361 2727 1461 2778 θύμει
1494 2726 1651 2774 παιδίου,
1683 2726 1740 2764 ἵνα
1775 2726 1974 2779 παρρησίαν
2006 2727 2069 2780 ἔχῃ
2100 2726 2160 2765 καὶ
2192 2725 2388 2780 ἐλευθερίαν

1360 2787 1506 2836 πολλὴν,
1536 2787 1594 2825 καὶ
1621 2787 1844 2840 ποθεινοτέρα
1877 2786 2020 2839 γένηται
2051 2791 2101 2840 τῷ
2131 2788 2241 2841 ἀνδρί.
2262 2787 2323 2825 Ἂν
2351 2787 2387 2825 δὲ

1362 2848 1559 2888 τούναντίον
1577 2849 1669 2887 ἅπαν
1686 2848 1807 2900 εὕρῃς,
1828 2849 1934 2896 αὐτὴν
1957 2852 2019 2896 τ’ἧς
2035 2849 2078 2888 τὰ
2097 2848 2223 2887 παιδία
2242 2848 2388 2901 ἐχούσης

1364 2913 1496 2963 μᾶλλον
1521 2911 1770 2962 ἀγαπωμένην,
1796 2911 1856 2948 καὶ
1879 2911 2035 2955 πλείονος
2062 2910 2305 2950 ἀπολαύουσαν
2328 2911 2387 2948 εὗ-

1362 2973 1455 3017 νοίας
1471 3003 1480 3021 ,
1507 2973 1646 3020 εὔδηλον
1664 2971 1715 3010 ὅτι
1735 2974 1772 3011 οὗ
1796 2973 1837 3010 δι’
1861 2971 2076 3024 ἀνθρώπινόν
2091 2988 2149 3020 τι,
2171 2972 2240 3010 οὔδ’
2255 2970 2311 3009 ἵνα
2329 2971 2387 3010 τὸν

1364 3034 1472 3088 ἄνδρα
1496 3034 1734 3081 ἐπισπάσηται
1756 3035 1902 3084 μᾶλλον,
1925 3032 2091 3084 ἐπεθύμει
2117 3032 2272 3077 παιδίου,
2297 3031 2388 3071 ἀλλὰ

1340 3096 1420 3149 7διὰ
1439 3095 1502 3142 τὴν
1533 3095 1717 3147 εἰρημένην
1746 3095 1872 3133 αἰτίαν.
1907 3093 2019 3132 Πόθεν
2049 3087 2107 3132 οὖν
2134 3098 2234 3132 τοῦτο
2264 3095 2385 3141 δῆλον,

1363 3156 1527 3195 Ἄκουσον
1548 3157 1650 3195 αὐτοῦ
1674 3160 1733 3194 τοῦ
1756 3154 1980 3208 συγγραφέως
2006 3155 2090 3193 αὐτὸ
2111 3154 2287 3205 λέγοντος·
2308 3153 2385 3193 οὐδὲ

1360 3218 1427 3271 γὰρ
1448 3219 1565 3261 ἁπλῶς
1589 3218 1671 3256 αὐτὸ
1692 3217 1854 3264 τέθεικεν,
1874 3218 1950 3255 ἀλλ’
1971 3216 2027 3254 ἵνα
2051 3219 2112 3263 τ’ἧς
2137 3215 2296 3267 γυναικὸς
2316 3216 2385 3266 μά-

1361 3284 1421 3331 θῃς
1447 3280 1510 3326 τὴν
1535 3279 1672 3330 ἀρετήν.
1689 3281 1735 3317 Τι’
1762 3272 1819 3316 οὖν
1844 3272 1940 3322 οὗτός
1961 3293 2082 3330 φησιν,
2105 3277 2247 3328 Ἠγοίπα
2274 3276 2341 3329 γὰρ
2363 3280 2381 3314 ὁ

380 3382 385 3403 ¹
415 3382 501 3416 nme,
523 3385 589 3414 ἀλλ’
617 3386 645 3421 ἐξ
672 3387 768 3416 inm>
792 3398 885 3427 pru-2,
914 3381 1048 3415 deerunt
1075 3385 1105 3416 in
1131 3384 1249 3427 Fauo,
1270 3384 1327 3419 scd
1344 3384 1530 3419 Colbertini
1549 3383 1670 3415 hubent
