2566 3791
704 215 746 244 ΙΝ
787 214 891 244 CAP.
931 214 975 245 V.

77 302 244 355 κουμένην
281 300 337 339 διὰ
367 300 431 347 τὴν
469 301 532 346 τῆς
563 298 689 342 κακίας
729 298 890 337 ἐπίτασιν
925 297 985 336 καὶ
1020 296 1098 336 οὐδὲ

76 365 184 408 οὕτως
201 364 398 408 ἀποστῆναι
429 363 493 407 τῆς
521 360 647 404 κακίας
678 360 939 407 ηίόυλήθησαν.
962 358 1052 397 Ἀλλ’
1082 361 1100 396 ὁ

76 426 314 478 φιλάνθρωπος
333 423 422 466 Θεὸς
439 422 515 462 οὐδὲ
545 422 633 473 μετὰ
659 422 723 469 τὴν
754 422 927 468 τοσαύτην
945 420 1101 472 πρόρῥη·

77 503 144 534 σιν,
161 486 237 525 οὐδὲ
256 485 346 537 μετὰ
366 484 424 523 τὸν
446 484 621 522 τοσούτων
641 485 787 536 ἀριθμὸν
806 486 891 521 ἑτῶν
907 482 971 528 τὴν
988 498 1101 529 τιμω-

79 547 154 599 ρίαν
179 547 320 599 ἐποίγει,
343 546 433 584 ἀλλὰ
450 546 556 584 πάλιν
572 545 684 589 αὔξων
713 547 818 582 αὐτοῦ
837 544 900 590 τὴν
922 547 1102 596 μακροθυ-

77 607 174 658 μίαν,
190 609 250 646 md
268 608 385 661 ἕτερον
401 610 464 646 οὐκ
487 607 612 659 ὀλίγων
627 610 713 646 ἐτῶν
731 607 876 658 ἀριθμὸν
891 604 1101 656 προστίθησι

77 673 120 721 τῇ
147 670 258 722 οἰκεία
285 670 499 722 ἀνεξικακίᾳ.
522 672 576 708 Οὐ
603 668 673 722 γὰρ
697 668 754 706 διὰ
781 673 882 706 τοῦτο
915 666 1100 719 παρήγαγε

78 730 142 777 τὴν
161 733 230 768 τῶν
247 731 437 782 ἀνθρώπιον
454 730 566 783 φύσιν,
586 730 678 768 ὥστε
697 728 986 782 τιμωρήσασθαι,
1010 726 1101 765 ἀλλὰ

77 792 272 830 τούναντίον
291 792 397 838 ἅπαν,
412 792 502 830 ὥστε
518 794 588 829 τῶν
606 790 739 843 μυρίων
759 792 900 841 ἀγαθῶν
922 787 985 835 τὴν
1011 786 1100 826 ἀπό-

78 854 201 892 λαυσιν
219 853 457 904 δωρήσασθαι.
474 852 542 890 Διὰ
561 855 663 890 τοῦτο
684 854 768 903 ὁρᾷς
790 851 892 889 αὐτὸν
919 851 1100 900 πανταχοῦ

79 914 268 965 μέλλοντα,
292 914 350 951 καὶ
368 912 650 963 ἀναὸαλλόμενον
661 913 695 949 ἐν
707 917 782 955 ταῖς
800 910 998 964 τιμωρίαις.
1011 910 1102 949 Ἀλλ’

76 974 132 1012 ἵνα
148 977 195 1025 μὴ
215 977 266 1027 τῷ
282 974 410 1020 πλήθει
422 975 490 1016 τῶν
506 973 704 1024 λεγομένων
723 972 988 1024 καταχώσωμεν
1005 974 1102 1022 ὑμῶν

76 1034 141 1082 τὴν
165 1035 321 1086 μνήμην,
348 1035 455 1088 μέχρι
473 1034 594 1073 τούτου
624 1034 815 1081 στήσαντες
834 1034 891 1072 τὸν
924 1033 1025 1085 λόγον
1057 1033 1104 1075 εἷς

77 1098 140 1144 τὴν
157 1100 318 1136 ἐπιοῦσαν
337 1097 383 1136 τὰ
403 1096 594 1147 λειπόμενα
609 1096 883 1147 ταμιευσάμεθα.

130 1158 280 1195 ‘'roffi-rot
296 1156 331 1194 δὲ
355 1155 404 1206 μὴ
426 1157 547 1198 ἁπλῶς
577 1155 773 1206 ἀκούωμεν,
796 1153 992 1207 ἀγαπητοὶ,
1013 1153 1105 1193 ἀλλὰ

79 1216 326 1268 παιδευώμεθα
341 1220 403 1263 τῆς
422 1218 547 1269 ἀρετ-ἧς
564 1218 826 1268 ἐπιμελεῖσθαι,
852 1216 911 1255 καὶ
935 1215 999 1263 τὴν
1023 1214 1105 1267 περὶ

78 1277 138 1316 τὸν
168 1279 258 1317 Θεὸν
291 1278 516 1330 εὐαρέστησιν
551 1278 633 1330 περὶ
669 1280 799 1317 πολλοῦ
823 1281 1016 1325 ποιεῖσθαι,
1046 1276 1106 1314 καὶ

82 1341 172 1390 μήτε
205 1340 314 1384 οἰκίας
345 1339 576 1393 προστασίαν,
613 1340 702 1391 μήτε
733 1341 894 1392 γυναικὸς
922 1339 1105 1392 φροντίδα,

82 1402 171 1451 μήτε
187 1402 321 1440 παίδων
341 1400 560 1452 ἐπιμέλειαν,
579 1401 671 1453 μήτε
696 1402 783 1440 ἄλλο
807 1401 915 1452 μηδὲν
943 1400 1098 1452 προὸαλ-

80 1463 242 1514 λώμεθα,
259 1462 320 1501 καὶ
349 1462 548 1513 νομίσωμεν
576 1464 693 1513 ἀρκεῖν
715 1466 801 1513 ἡμῖν
829 1464 878 1505 εἷς
913 1461 1104 1513 ἀπολογίαν

79 1528 140 1564 τοῦ
165 1524 326 1578 ῥᾳθύμως
348 1525 410 1562 καὶ
427 1523 661 1575 ἠμελημένως
682 1526 757 1573 ζῇν,
792 1523 880 1575 μηδὲ
911 1525 956 1562 τὰ
986 1524 1105 1578 ψυχρὰ

77 1587 194 1624 ἐκεῖνα
217 1586 277 1624 καὶ
297 1585 447 1632 ἀνόνητα
478 1588 621 1637 ῥήματα
652 1585 894 1639 προφέρωμεν,
919 1586 978 1624 καὶ
996 1586 1106 1637 λέγω·

80 1663 142 1698 μεν
153 1663 160 1670 ·
178 1647 346 1698 κοσμικός
360 1649 450 1697 εἶμι,
460 1652 608 1698 γυναῖκα
623 1646 695 1699 ἔχω
705 1678 714 1695 ,
726 1648 786 1686 καὶ
796 1648 927 1686 τέκνων
939 1648 1105 1701 φροντίδα

79 1713 258 1759 ποιοῦμαι.
279 1711 406 1747 Ταῦτα
429 1714 502 1751 τοῖς
528 1708 685 1747 πλείοσιν
711 1709 784 1752 ἔθος
814 1709 943 1760 λέγειν,
965 1708 1106 1748 ἐπειδὰν

79 1769 202 1814 αὐτοὺς
212 1771 473 1822 παρακαλῶμεν
488 1772 536 1812 εἷς
548 1769 626 1814 τοὺς
639 1769 725 1821 ὑπὲρ
743 1774 806 1817 τῆς
822 1772 948 1824 ἀρετῆς
964 1771 1108 1818 πόνους,

79 1832 103 1877 ἢ
119 1832 200 1885 περὶ
213 1831 277 1878 τὴν
295 1835 364 1870 τῶν
387 1833 413 1870 Γ
417 1834 534 1883 ραφῶν
553 1832 750 1883 ἀνάγνωσιν
775 1831 910 1878 πολλὴν
932 1836 1108 1870 ποιεῖσθαι

81 1891 145 1938 τὴν
169 1892 334 1939 σπουδήν.
355 1895 434 1931 Οὐκ
456 1891 550 1930 ἔστιν
576 1893 658 1943 ἐμὸν
689 1897 814 1939 τοῦτο,
838 1892 940 1944 φησί·
968 1892 1016 1942 μὴ
1040 1893 1107 1944 γὰρ

81 1952 334 2004 ἀπεταξάμηνς
351 1952 399 2003 μὴ
427 1953 495 2004 γὰρ
527 1952 677 2005 μοναχός
707 1955 804 2004 εἷμι;
823 1953 871 1992 Τί
895 1953 1029 2004 λέγεις,
1049 1953 1108 1991 ἄν·

1014 213 1178 244 GENES.

2098 204 2121 215 F·

1218 213 1375 244 noant„
1415 213 1514 245 XXI.
2033 219 2123 248 221»

1171 311 1235 350 per
1256 297 1463 336 universum
1477 296 1602 335 orbem
1620 295 1819 347 diluvium,
1841 296 1888 334 ob
1900 297 2047 336 nimiam
2062 300 2127 338 lio-

1171 359 1310 397 minum
1326 358 1518 410 malitiam,
1543 368 1577 397 et
1596 371 1711 409 neque
1731 359 1783 396 sic
1796 372 1817 396 a
1839 360 1995 410 nequitia
2017 360 2127 399 absti-

1172 435 1254 459 nere
1275 421 1482 460 voluerunt.
1525 423 1573 459 At
1599 421 1752 459 clemens
1779 421 1876 459 Deus
1905 435 2016 472 neque
2048 431 2129 474 post

1173 491 1310 520 tantum
1330 482 1555 531 vaticinium,
1573 496 1687 533 neque
1703 491 1782 534 post
1797 491 1848 520 tot
1866 496 2042 520 annorum
2059 497 2129 520 nu-

1174 557 1312 581 merum
1328 557 1470 596 prunam
1485 542 1623 581 inducit
1640 559 1648 580 :
1666 543 1727 581 scd
1747 543 1865 581 denuo
1881 557 1982 581 suam
1999 553 2126 582 auctu-

1173 617 1235 641 rus
1254 603 1475 655 patientiam,
1495 604 1586 641 alios
1611 617 1680 641 non
1700 618 1831 657 paucos
1853 618 1963 642 annos
1980 619 2054 642 sua:
2074 613 2128 643 to-

1125 676 1149 705 D
1172 666 1331 705 lei-antiae
1353 668 1532 720 adjungit.
1562 670 1684 719 Neque
1712 669 1807 706 enim
1840 669 1921 706 ideo
1954 668 2130 721 produxit

1174 727 1372 765 humanum
1388 742 1500 779 genus
1514 738 1552 766 ut
1566 729 1723 781 puniret,
1744 729 1804 766 sed
1817 731 1921 782 plane
1934 744 1953 767 e
1970 729 2128 779 diverso,

1174 798 1213 826 ut
1232 788 1381 827 donaret
1404 790 1507 827 nobis
1523 790 1710 827 innumera
1731 791 1822 828 bona
1844 791 1976 841 quilius
1996 792 2130 829 fruere-

1173 864 1266 888 mur.
1287 850 1335 888 Et
1352 860 1540 903 propterea
1555 851 1674 903 ipsum
1696 851 1828 902 ubique
1846 852 1946 888 vides
1960 861 2129 889 cunctan-

1174 920 1256 959 tem,
1268 921 1301 949 et
1315 926 1432 950 moras
1443 921 1640 950 nectentem
1655 912 1690 949 in
1703 913 1816 964 poenis
1827 911 2041 962 infligendis.
2057 914 2130 952 Vc-

1174 987 1256 1010 rum
1267 987 1310 1011 ne
1319 972 1498 1011 dictorum
1511 972 1744 1011 multitudine
1754 987 1962 1010 memoriam
1974 982 2131 1010 vestram

1174 1034 1382 1085 obruamus,
1395 1034 1455 1072 hic
1471 1048 1669 1073 sermonem
1684 1034 1860 1085 sistentes,
1883 1042 2007 1071 caetera
2020 1048 2131 1084 usque

1175 1095 1212 1133 in
1235 1095 1430 1133 crastinum
1449 1109 1676 1148 reponemus.

1228 1158 1265 1195 6.
1295 1157 1378 1194 Haec
1396 1165 1530 1205 autem,
1565 1169 1608 1193 ne
1628 1153 1841 1207 simpliciter
1861 1163 1895 1192 et
1925 1153 2130 1192 inconside-
2144 1168 2331 1205 Moraustpff.

1176 1227 1296 1256 ranter
1310 1218 1516 1267 audiamus,
1530 1217 1654 1255 dilecti
1670 1232 1678 1253 :
1700 1216 1761 1254 sed
1774 1215 1984 1254 erudiamur
1999 1216 2044 1254 ad
2057 1217 2131 1255 vir·
2146 1212 2238 1247 ¹⁰¹3*ss-

1176 1288 1294 1317 tutum
1304 1293 1427 1318 curam
1439 1279 1630 1331 agendam,
1647 1277 1915 1328 admodumque
1926 1277 2133 1315 studeamus

1176 1341 1252 1378 Deo
1274 1341 1364 1379 benc
1382 1340 1540 1393 placere;
1564 1349 1599 1378 et
1619 1352 1732 1390 neque
1754 1337 1884 1376 domus
1904 1338 2132 1389 gubernatio-

1127 1396 1152 1426 Ε
1177 1414 1269 1446 nem,
1290 1414 1404 1451 neque
1420 1399 1545 1437 uxoris
1564 1412 1700 1448 curam,
1726 1410 1840 1448 neque
1858 1396 2018 1433 filiorum
2035 1395 2133 1433 solli-

1176 1461 1386 1510 citudinem,
1416 1474 1529 1512 neque
1555 1459 1655 1498 aliud
1677 1458 1853 1509 quiddam
1880 1466 2132 1509 praetexamus,

1175 1523 1272 1574 quod
1288 1531 1455 1575 putemus
1467 1521 1553 1560 satis
1568 1535 1642 1559 esse
1656 1520 1702 1558 ad
1716 1518 1960 1558 excusandam
1977 1527 2136 1556 nostram

1176 1585 1429 1636 negligentem,
1447 1583 1680 1634 desidemque
1701 1582 1817 1621 vitam
1840 1597 1848 1618 ε
1870 1595 1983 1631 neque
2003 1579 2134 1631 frigida

1175 1646 1236 1684 illa
1258 1647 1368 1685 verba
1386 1646 1624 1698 proferamus,
1644 1653 1679 1682 et
1702 1643 1865 1682 dicamus
1883 1657 1891 1678 :
1928 1641 2135 1680 Mundanus

1176 1722 1270 1758 sum,
1294 1721 1445 1745 uxorem
1459 1707 1590 1757 habeo,
1612 1715 1646 1744 et
1659 1706 1859 1743 liberorum
1879 1717 2004 1741 curam
2018 1716 2102 1754 gero
2123 1719 2131 1740 ε

1175 1768 1216 1806 id
1235 1768 1332 1819 quod
1347 1767 1453 1806 multi
1472 1768 1585 1805 solent
1606 1767 1745 1815 dicere,
1780 1766 1810 1804 si
1831 1764 1974 1816 quando
1994 1778 2053 1802 eos
2074 1779 2135 1803 ro-

1176 1843 1302 1880 gamus
1321 1838 1360 1867 ut
1378 1829 1425 1866 ad
1439 1829 1616 1866 virtutum
1636 1828 1776 1866 labores
1795 1825 2060 1877 ingrediantur,
2077 1827 2135 1864 vel

1176 1891 1332 1929 multum
1349 1889 1511 1928 studium
1526 1890 1722 1927 adhibeant
1741 1888 1777 1926 in
1799 1887 1910 1925 sacris
1929 1887 2060 1925 Literis
2078 1887 2132 1925 le-

1177 1952 1316 2003 gendis.
1349 1952 1430 1990 Non
1451 1960 1503 1989 est
1528 1951 1596 1989 hoc
1621 1963 1754 1999 meum,
1783 1949 1925 2000 inquit:
1957 1947 2134 1999 numquid

82 2019 217 2067 ορωπε;
236 2014 404 2058 Ἰἰκείνοις
425 2014 541 2065 μόνοις
568 2015 860 2067 ἀποκεκλήρωται
883 2015 923 2053 τὸ
942 2018 1005 2062 τῆς
1020 2015 1164 2067 πρὸς190
1178 2013 1381 2051 renuntiavi
1407 2013 1536 2051 saeculo
1549 2012 1567 2049 ἶ)
1600 2009 1778 2061 numquid
1805 2009 2004 2048 monachus
2025 2009 2133 2047 sum?

82 2074 140 2111 τὸν
170 2073 260 2113 Θεὸν
291 2073 571 2125 εὐαρεστήσεως;
602 2074 745 2116 Πάντας
780 2073 980 2125 ἀνθρώπους
1015 2074 1106 2113 θέλει

82 2138 255 2182 σωθῆναι,
280 2135 340 2172 καὶ
358 2136 405 2177 εἷς
426 2134 612 2185 ἐπίγνωσιν
644 2134 808 2182 ἀληθείας
827 2136 950 2181 ἐλθεῖν,
970 2135 1030 2172 καὶ
1049 2138 1105 2174 οὗ·

79 2195 163 2234 δένα
178 2196 338 2247 βούλεται
361 2197 484 2247 ἀρετῆς
507 2197 664 2246 ἀμελεῖν.
688 2195 811 2234 Ἄκουε
835 2195 911 2248 γὰρ,
925 2198 1028 2235 αὐτοῦ
1046 2197 1104 2236 διὰ

78 2262 140 2296 τοῦ
171 2258 348 2311 προφήτου
382 2257 557 2307 λέγοντος·
578 2258 632 2295 Οὐ
663 2256 834 2307 βούλομαι
863 2257 922 2295 τὸν
956 2258 1102 2297 θάνατον

78 2324 138 2358 τοῦ
163 2321 393 2372 ἇμαρτωλοῧ,
420 2322 466 2362 ὡς
486 2319 527 2358 τὸ
555 2318 765 2371 ἐπιστρέψαι
793 2319 851 2357 καὶ
887 2322 948 2372 ζῇν
985 2319 1102 2359 αὐτόν.

79 2380 141 2427 Μή
165 2397 200 2418 τι
226 2380 378 2433 γέγονεν,
399 2381 474 2419 εἶπέ
494 2395 576 2431 μοι,
598 2380 711 2433 τούτῳ
730 2383 780 2433 τῷ
801 2380 926 2434 δικαίῳ
953 2380 1102 2432 κώλυμα

79 2446 102 2489 ἡ
120 2442 282 2481 συνουσία
301 2446 363 2489 τῆς
388 2443 569 2493 γυναικὸς,
591 2442 613 2488 ἢ
640 2445 662 2488 ἡ
680 2445 750 2480 τῶν
780 2442 916 2481 παίδων
941 2443 1103 2496 φροντίς,

81 2503 143 2550 Μὴ
160 2503 286 2551 τοίνυν,
308 2505 526 2555 παρακαλῶ,
550 2503 640 2555 μηδὲ
669 2507 772 2555 ἡμεῖς
803 2506 994 2556 ἀπατῶμεν
1022 2508 1102 2543 ἑαυ-

81 2563 176 2611 τοὺς,
191 2564 269 2602 ἀλλ’
288 2564 358 2617 ὅσῳ
372 2565 517 2608 ταύταις
531 2564 706 2617 φροντίσιν
727 2565 933 2618 ἕνεχόμεθα,
948 2566 1103 2620 τοσούτῳ

83 2626 216 2675 μᾶλλον
232 2625 276 2664 τὰ
297 2625 368 2664 ἀπὸ
394 2628 457 2671 τῆς
477 2625 703 2675 ἀναγνώσεως
730 2629 799 2664 τῶν
827 2627 927 2665 θείων
952 2629 1102 2680 Γραφῶν

83 2685 266 2738 δεχώμεθα
288 2686 471 2738 φάρμακα.
494 2686 556 2734 Μὴ
575 2686 644 2739 γὰρ
663 2687 724 2726 καὶ
745 2683 839 2727 οὗτοι
859 2690 897 2726 οὗ
916 2692 979 2736 τῆς
999 2690 1105 2736 αὐτῆς

80 2750 164 2797 ἡμῖν
181 2746 314 2800 φύσεως
338 2742 443 2795 ιἦσαν,
459 2748 518 2786 καὶ
536 2748 613 2787 οὐδὲ
633 2748 803 2794 τοσαύτας
822 2750 983 2804 ἀφορμὰς
1008 2745 1104 2803 εἶχον

80 2808 143 2852 τὰς
159 2808 344 2860 ἐναγούσατ.
361 2807 484 2852 αὐτοὺς
498 2809 585 2862 πρὸς
601 2809 666 2857 τὴν
687 2814 750 2858 τῆς
773 2812 900 2865 ἀρετῆς
915 2811 1081 2864 ἐργασίαν
1091 2829 1101 2861 ;

82 2868 193 2912 Ποίας
210 2862 268 2907 οὖν
298 2868 339 2906 ἂν
360 2869 480 2920 εἴημεν
500 2870 711 2923 συγγνώμης
738 2871 849 2920 ἄξιοι,
869 2875 901 2912 οἱ
921 2873 982 2912 καὶ
1007 2875 1103 2912 διδα-

80 2927 227 2972 σκαλίας
240 2929 412 2976 τοσαύτης
429 2931 660 2976 ἀπολαύοντες
671 2963 682 2981 ,
697 2933 758 2972 καὶ
773 2933 947 2980 τοσαύτης
958 2934 1102 2987 χάριτος

80 2989 281 3034 ἀξιωθέντες
295 3021 305 3038 ,
327 2990 386 3029 καὶ
404 2993 467 3037 τῆς
483 2991 612 3031 ἄνωθεν
627 2994 834 3049 συμμαχίας
847 2995 1100 3043 ἀπολαύοντες,

78 3052 139 3090 καὶ
164 3054 233 3103 τῶν
254 3051 463 3104 ἀπορρήτων
483 3052 623 3092 ἐκείνων
649 3058 786 3107 ἀγαθῶν
807 3056 871 3103 τὴν
892 3057 1102 3109 ἐπαγγελίαν

78 3113 277 3164 δεξάμενοι,
290 3114 348 3152 ἐὰν
364 3113 413 3165 μὴ
433 3114 519 3166 πρὸς
537 3115 578 3154 τὸ
596 3118 666 3154 τῶν
683 3117 845 3156 παλαιῶν
860 3120 996 3170 ἀνδρῶν
1018 3119 1104 3172 φθά-

79 3189 195 3224 σωμεν
211 3177 274 3221 τ’ἧς
293 3176 419 3227 ἀρετῆς
439 3175 585 3228 μέτρον,
600 3177 642 3214 Εἰ
655 3177 724 3230 γὰρ
743 3178 956 3229 βουλοίμεθα
968 3179 1105 3232 νήφειν,

80 3235 183 3274 ἱκανὰ
194 3235 238 3274 τὰ
257 3237 408 3290 σήμερον
423 3241 508 3288 ἡμῖν
523 3238 709 3286 κινηθέντα
726 3240 892 3292 διεγεῖραι
907 3243 1003 3293 ἡμᾶς
1019 3243 1105 3296 πρὸς

1127 2078 1154 2107 Α
1176 2074 1278 2122 Quid
1297 2074 1401 2124 dicis,
1426 2073 1562 2112 homo?
1594 2075 1649 2110 An
1668 2073 1736 2110 hoc
1755 2071 1801 2109 ad
1819 2071 1913 2109 solos
1939 2070 2133 2109 monachos

1175 2136 1344 2189 pertinet,
1364 2144 1404 2173 ut
1422 2135 1513 2173 bene
1535 2135 1612 2172 Deo
1635 2132 1830 2186 placeant?
1858 2133 1993 2171 Omnes
2011 2131 2134 2169 homi-
2153 2150 2179 2171 ι,
2200 2145 2275 2172 Tim.

1175 2211 1236 2235 nes
1254 2197 1335 2235 vult
1352 2196 1472 2235 salvos
1491 2195 1588 2245 fieri,
1615 2203 1650 2232 et
1665 2193 1713 2232 ad
1732 2193 1952 2245 agnitionem
1967 2192 2132 2231 veritatis
2147 2186 2178 2223 4·

1175 2258 1316 2308 venire,
1346 2257 1554 2308 nullamque
1584 2255 1758 2294 virtutem
1797 2255 1990 2307 negligere.
2033 2254 2133 2294 Audi

1174 2322 1271 2360 enim
1288 2334 1367 2359 eum
1384 2334 1448 2373 per
1461 2318 1674 2372 prophetam
1690 2317 1869 2356 dicentem
1886 2333 1894 2353 :
1914 2317 2018 2355 Nolo
2033 2331 2132 2356 mor-
2147 2334 2260 2363 Ezech.
2287 2334 2332 2364 13,

1175 2393 1250 2421 tem
1268 2384 1499 2436 peccatoris,
1521 2381 1592 2419 sed
1609 2389 1652 2418 ut
1675 2388 1928 2419 convertatur·
1945 2388 1984 2417 et
2001 2382 2127 2419 vivat.
2148 2376 2198 2405 ²3·

1174 2443 1377 2496 Numquid,
1407 2443 1466 2481 dic
1495 2456 1572 2490 oro,
1604 2443 1702 2494 justo
1735 2442 1820 2479 huic
1842 2441 1968 2480 uxoris
1987 2455 2132 2480 consue-

1174 2506 1278 2556 tudo,
1300 2505 1358 2544 vel
1375 2505 1574 2543 liberorum
1594 2518 1678 2542 cura
1696 2503 1764 2541 suit
1783 2503 1999 2541 obstaculo?
2019 2504 2133 2542 Obse—

1174 2582 1234 2606 cro
1258 2567 1371 2619 igitur
1389 2581 1434 2604 ne
1450 2565 1687 2617 nosmetipsos
1707 2564 1891 2612 fallamus,
1922 2563 1983 2603 sed
2000 2573 2133 2615 quanto

1175 2629 1292 2682 magis
1310 2625 1558 2681 hujuscemodi
1579 2625 1674 2663 curis
1688 2625 1931 2677 implicamur,
1947 2633 2045 2662 tanto
2058 2639 2134 2663 ma·
2178 2659 2186 2664 .

1176 2691 1231 2743 gis
1263 2689 1422 2728 remedia
1453 2702 1499 2726 ex
1519 2685 1672 2724 lectione
1690 2685 1898 2723 divinarum
1925 2685 2133 2738 Scriptura-

1176 2767 1257 2792 rum
1277 2751 1529 2803 suscipiamus.
1553 2748 1680 2786 Nonne
1701 2756 1735 2785 et
1757 2747 1812 2785 illi
1833 2747 2008 2799 ejusdem,
2030 2749 2134 2801 cujus

1177 2828 1240 2852 nos
1267 2826 1406 2861 sumus,
1432 2812 1579 2848 fuerunt
1600 2818 1748 2856 naturae,
1772 2823 1885 2860 neque
1906 2819 1979 2848 tam
1998 2810 2133 2849 multas

1127 2882 1149 2912 B
1175 2876 1380 2914 habuerunt
1395 2872 1595 2912 occasiones
1612 2870 1660 2908 ad
1676 2870 1823 2908 virtutis
1841 2871 2006 2910 studium
2025 2872 2132 2911 indu-.

1175 2935 1320 2975 centes?
1348 2935 1429 2982 Qua
1453 2946 1537 2985 ergo
1556 2932 1688 2970 erimus
1715 2931 1819 2970 venia
1841 2931 1958 2984 digni,
1985 2934 2048 2985 qui
2067 2935 2132 2974 tali

1174 2997 1330 3036 fruimur
1340 2995 1518 3044 doctrina,
1530 3003 1563 3032 et
1573 3001 1707 3031 tantam
1717 2992 1869 3044 gratiam
1879 2995 2060 3045 assequuti
2071 3010 2130 3034 su-

1175 3073 1271 3108 mus,
1288 3072 1330 3096 ac
1339 3070 1491 3110 superne
1504 3053 1705 3093 subsidium
1724 3053 1909 3104 habemus,
1919 3065 1953 3094 et
1964 3056 2131 3095 ineffabi-

1174 3120 1266 3159 lium
1279 3119 1424 3157 illorum
1433 3118 1609 3156 bonorum
1627 3115 1901 3168 promissionem
1914 3119 2129 3171 accepimus,

1174 3182 1203 3221 si
1221 3195 1290 3221 non
1309 3180 1355 3219 ad
1375 3192 1578 3218 mensuram
1591 3177 1769 3215 virtutum
1787 3179 2030 3231 pervenimus,
2048 3180 2130 3232 qui-

1174 3243 1242 3282 bus
1253 3240 1392 3293 antiqui
1405 3242 1527 3280 Patres
1541 3237 1750 3291 pollebant?
1762 3239 1853 3278 Nam
1865 3240 1895 3278 si
1907 3240 2130 3282 voluerimus

124 3365 137 3380 ⁸
156 3356 232 3388 llaec
255 3357 404 3391 similiter
428 3363 628 3403 transposita
646 3362 802 3407 leguntur
816 3352 906 3410 apiid
921 3367 1082 3401 savinum
1117 3364 1208 3400 Pauli
1228 3365 1273 3400 ad
1288 3364 1504 3401 Timotheum
1522 3373 1555 3398 et
1573 3363 1757 3399 Ezechielis
1772 3363 1854 3398 loeis
1873 3370 1951 3397 ante
1964 3360 2129 3406 epilogum

80 3414 112 3439 et
128 3406 211 3441 ‹luos
225 3407 364 3442 Codices
381 3415 640 3458 manuscriptos,
657 3415 703 3448 ita
721 3423 757 3448 ut
776 3428 852 3452 cum
870 3419 1082 3463 sequentibus
1118 3429 1297 3464 ponantur.

2303 2153 2319 2164 θ

2303 2165 2332 2172 ..-
