<?xml version="1.0" encoding="UTF-8"?>
<!DOCTYPE html PUBLIC "-//W3C//DTD XHTML 1.0 Transitional//EN"
    "http://www.w3.org/TR/xhtml1/DTD/xhtml1-transitional.dtd">
<html xmlns="http://www.w3.org/1999/xhtml" xml:lang="en" lang="en">
 <head>
  <title>
</title>
<meta http-equiv="Content-Type" content="text/html;charset=utf-8" />
  <meta name='ocr-system' content='tesseract 3.04.00' />
  <meta name='ocr-capabilities' content='ocr_page ocr_carea ocr_par ocr_line ocrx_word'/>
</head>
<body>
  <div class='ocr_page' id='page_1' title='image "./operaomniaquaeex04johnuoft/operaomniaquaeex04johnuoft_0071.png"; bbox 0 0 2433 3775; ppageno 0'>
   <div class='ocr_carea' id='block_1_1' title="bbox 773 223 1030 253">
    <p class='ocr_par' dir='ltr' id='par_1_1' title="bbox 773 223 1030 253">
     <span class='ocr_line' id='line_1_1' title="bbox 773 223 1030 253; baseline -0.008 0"><span class='ocrx_word' id='word_1_1' title='bbox 773 223 813 253; x_wconf 73' lang='lat' dir='ltr'>{N</span> <span class='ocrx_word' id='word_1_2' title='bbox 854 223 957 253; x_wconf 73' lang='lat' dir='ltr'><strong>CAP.</strong></span> <span class='ocrx_word' id='word_1_3' title='bbox 999 223 1030 251; x_wconf 86' lang='lat'>1.</span> 
     </span>
    </p>
   </div>
   <div class='ocr_carea' id='block_1_2' title="bbox 115 304 1155 1877">
    <p class='ocr_par' dir='ltr' id='par_1_2' title="bbox 115 304 1155 1877">
     <span class='ocr_line' id='line_1_2' title="bbox 116 304 1139 362; baseline -0.01 -11"><span class='ocrx_word' id='word_1_4' title='bbox 116 312 204 351; x_wconf 73' lang='grc' dir='ltr'>ἀλλὰ</span> <span class='ocrx_word' id='word_1_5' title='bbox 240 310 298 348; x_wconf 76' lang='grc' dir='ltr'>καὶ</span> <span class='ocrx_word' id='word_1_6' title='bbox 330 311 508 362; x_wconf 86' lang='grc' dir='ltr'>κραυγῶν,</span> <span class='ocrx_word' id='word_1_7' title='bbox 542 308 600 344; x_wconf 84' lang='grc' dir='ltr'>καὶ</span> <span class='ocrx_word' id='word_1_8' title='bbox 632 307 865 358; x_wconf 82' lang='grc' dir='ltr'>βλασφημιῶν</span> <span class='ocrx_word' id='word_1_9' title='bbox 877 336 887 354; x_wconf 88' lang='grc'>,</span> <span class='ocrx_word' id='word_1_10' title='bbox 918 304 978 344; x_wconf 78' lang='grc' dir='ltr'>καὶ</span> <span class='ocrx_word' id='word_1_11' title='bbox 1007 304 1139 357; x_wconf 80' lang='grc' dir='ltr'>μυρίων</span> 
     </span>
     <span class='ocr_line' id='line_1_3' title="bbox 116 367 1141 423; baseline -0.007 -13"><span class='ocrx_word' id='word_1_12' title='bbox 116 371 269 423; x_wconf 81' lang='grc' dir='ltr'>ἀκαίρων</span> <span class='ocrx_word' id='word_1_13' title='bbox 292 369 383 408; x_wconf 84' lang='grc' dir='ltr'>ἐστὶν</span> <span class='ocrx_word' id='word_1_14' title='bbox 401 371 547 407; x_wconf 85' lang='grc' dir='ltr'>ἀκοῦσαι</span> <span class='ocrx_word' id='word_1_15' title='bbox 567 367 676 418; x_wconf 85' lang='grc' dir='ltr'>λόγων</span> <span class='ocrx_word' id='word_1_16' title='bbox 689 397 698 413; x_wconf 91' lang='grc'>,</span> <span class='ocrx_word' id='word_1_17' title='bbox 725 367 784 405; x_wconf 76' lang='grc' dir='ltr'>καὶ</span> <span class='ocrx_word' id='word_1_18' title='bbox 802 372 966 418; x_wconf 88' lang='grc' dir='ltr'>γυναῖκας</span> <span class='ocrx_word' id='word_1_19' title='bbox 989 369 1141 419; x_wconf 82' lang='grc' dir='ltr'>ἡταιρη-</span> 
     </span>
     <span class='ocr_line' id='line_1_4' title="bbox 116 425 1140 480; baseline -0.007 -12"><span class='ocrx_word' id='word_1_20' title='bbox 116 429 215 473; x_wconf 88' lang='grc' dir='ltr'>κυίας</span> <span class='ocrx_word' id='word_1_21' title='bbox 231 431 278 473; x_wconf 88' lang='grc' dir='ltr'>εἷς</span> <span class='ocrx_word' id='word_1_22' title='bbox 296 428 336 467; x_wconf 87' lang='grc' dir='ltr'>τὸ</span> <span class='ocrx_word' id='word_1_23' title='bbox 353 426 456 480; x_wconf 83' lang='grc' dir='ltr'>μέσον</span> <span class='ocrx_word' id='word_1_24' title='bbox 473 425 664 478; x_wconf 82' lang='grc' dir='ltr'>παριούσας</span> <span class='ocrx_word' id='word_1_25' title='bbox 685 427 780 473; x_wconf 83' lang='grc' dir='ltr'>ἰδεῖν,</span> <span class='ocrx_word' id='word_1_26' title='bbox 796 425 855 463; x_wconf 74' lang='grc' dir='ltr'>καὶ</span> <span class='ocrx_word' id='word_1_27' title='bbox 871 425 965 468; x_wconf 83' lang='grc' dir='ltr'>νέους</span> <span class='ocrx_word' id='word_1_28' title='bbox 979 425 1065 478; x_wconf 80' lang='grc' dir='ltr'>πρὸς</span> <span class='ocrx_word' id='word_1_29' title='bbox 1077 425 1140 472; x_wconf 75' lang='grc' dir='ltr'>τὴν</span> 
     </span>
     <span class='ocr_line' id='line_1_5' title="bbox 115 485 1140 543; baseline -0.004 -15"><span class='ocrx_word' id='word_1_30' title='bbox 115 493 185 529; x_wconf 87' lang='grc' dir='ltr'>τῶν</span> <span class='ocrx_word' id='word_1_31' title='bbox 205 492 378 543; x_wconf 81' lang='grc' dir='ltr'>γυναικῶν</span> <span class='ocrx_word' id='word_1_32' title='bbox 399 487 605 534; x_wconf 76' lang='grc' dir='ltr'>ἁπαλότητα</span> <span class='ocrx_word' id='word_1_33' title='bbox 625 486 766 530; x_wconf 75' lang='grc' dir='ltr'>ἑαυτοὺς</span> <span class='ocrx_word' id='word_1_34' title='bbox 784 486 994 531; x_wconf 78' lang='grc' dir='ltr'>ἓκδιδόντας.</span> <span class='ocrx_word' id='word_1_35' title='bbox 1010 485 1061 525; x_wconf 70' lang='lat' dir='ltr'>&#39;ll</span> <span class='ocrx_word' id='word_1_36' title='bbox 1080 502 1140 536; x_wconf 91' lang='grc' dir='ltr'>μι-</span> 
     </span>
     <span class='ocr_line' id='line_1_6' title="bbox 116 543 1141 603; baseline -0.005 -13"><span class='ocrx_word' id='word_1_37' title='bbox 116 550 184 603; x_wconf 81' lang='grc' dir='ltr'>κρά</span> <span class='ocrx_word' id='word_1_38' title='bbox 207 567 261 590; x_wconf 92' lang='grc' dir='ltr'>σοι</span> <span class='ocrx_word' id='word_1_39' title='bbox 284 554 396 589; x_wconf 84' lang='grc' dir='ltr'>ταῦτα</span> <span class='ocrx_word' id='word_1_40' title='bbox 416 551 509 588; x_wconf 79' lang='grc' dir='ltr'>δοκεῖ</span> <span class='ocrx_word' id='word_1_41' title='bbox 529 543 616 587; x_wconf 68' lang='grc' dir='ltr'>εἶναι</span> <span class='ocrx_word' id='word_1_42' title='bbox 636 548 722 599; x_wconf 81' lang='grc' dir='ltr'>πρὸς</span> <span class='ocrx_word' id='word_1_43' title='bbox 740 548 780 586; x_wconf 85' lang='grc' dir='ltr'>τὸ</span> <span class='ocrx_word' id='word_1_44' title='bbox 802 547 864 595; x_wconf 82' lang='grc' dir='ltr'>τὴν</span> <span class='ocrx_word' id='word_1_45' title='bbox 882 547 998 600; x_wconf 75' lang='grc' dir='ltr'>ψυχὴν</span> <span class='ocrx_word' id='word_1_46' title='bbox 1012 547 1141 600; x_wconf 83' lang='grc' dir='ltr'>αἰχμά-</span> 
     </span>
     <span class='ocr_line' id='line_1_7' title="bbox 116 608 1141 664; baseline -0.004 -15"><span class='ocrx_word' id='word_1_47' title='bbox 116 613 225 651; x_wconf 82' lang='grc' dir='ltr'>λωτον</span> <span class='ocrx_word' id='word_1_48' title='bbox 242 610 478 664; x_wconf 80' lang='grc' dir='ltr'>ἐργάσασθαι;</span> <span class='ocrx_word' id='word_1_49' title='bbox 499 611 543 649; x_wconf 76' lang='grc' dir='ltr'>Εἰ</span> <span class='ocrx_word' id='word_1_50' title='bbox 566 609 634 662; x_wconf 85' lang='grc' dir='ltr'>γὰρ</span> <span class='ocrx_word' id='word_1_51' title='bbox 665 609 724 647; x_wconf 75' lang='grc' dir='ltr'>καὶ</span> <span class='ocrx_word' id='word_1_52' title='bbox 753 610 788 647; x_wconf 79' lang='grc' dir='ltr'>αἱ</span> <span class='ocrx_word' id='word_1_53' title='bbox 824 608 893 647; x_wconf 86' lang='grc' dir='ltr'>ἀπὸ</span> <span class='ocrx_word' id='word_1_54' title='bbox 921 608 1141 656; x_wconf 79' lang='grc' dir='ltr'>ταύτομάτου</span> 
     </span>
     <span class='ocr_line' id='line_1_8' title="bbox 118 667 1143 725; baseline -0.006 -14"><span class='ocrx_word' id='word_1_55' title='bbox 118 672 298 725; x_wconf 75' lang='grc' dir='ltr'>συντυχίαι</span> <span class='ocrx_word' id='word_1_56' title='bbox 316 671 486 716; x_wconf 80' lang='grc' dir='ltr'>πολλάκις</span> <span class='ocrx_word' id='word_1_57' title='bbox 516 670 748 710; x_wconf 83' lang='grc' dir='ltr'>ὓπεσκέλισαν</span> <span class='ocrx_word' id='word_1_58' title='bbox 769 669 828 708; x_wconf 83' lang='grc' dir='ltr'>καὶ</span> <span class='ocrx_word' id='word_1_59' title='bbox 849 667 1060 715; x_wconf 74' lang='grc' dir='ltr'>κατέὸαλον,</span> <span class='ocrx_word' id='word_1_60' title='bbox 1084 668 1143 706; x_wconf 82' lang='grc' dir='ltr'>καὶ</span> 
     </span>
     <span class='ocr_line' id='line_1_9' title="bbox 118 727 1142 782; baseline -0.007 -11"><span class='ocrx_word' id='word_1_61' title='bbox 118 735 165 777; x_wconf 86' lang='grc' dir='ltr'>εἷς</span> <span class='ocrx_word' id='word_1_62' title='bbox 194 733 279 771; x_wconf 79' lang='grc' dir='ltr'>αὐτὸ</span> <span class='ocrx_word' id='word_1_63' title='bbox 304 735 366 779; x_wconf 75' lang='grc' dir='ltr'>τῆς</span> <span class='ocrx_word' id='word_1_64' title='bbox 391 731 566 775; x_wconf 82' lang='grc' dir='ltr'>ἀπωλείας</span> <span class='ocrx_word' id='word_1_65' title='bbox 587 731 626 769; x_wconf 85' lang='grc' dir='ltr'>τὸ</span> <span class='ocrx_word' id='word_1_66' title='bbox 656 730 828 782; x_wconf 81' lang='grc' dir='ltr'>βάραθρον</span> <span class='ocrx_word' id='word_1_67' title='bbox 848 728 1064 779; x_wconf 81' lang='grc' dir='ltr'>κατήνεγκαν</span> <span class='ocrx_word' id='word_1_68' title='bbox 1086 727 1142 765; x_wconf 85' lang='grc' dir='ltr'>τὸν</span> 
     </span>
     <span class='ocr_line' id='line_1_10' title="bbox 120 788 1145 845; baseline -0.007 -14"><span class='ocrx_word' id='word_1_69' title='bbox 120 793 169 843; x_wconf 83' lang='grc' dir='ltr'>μὴ</span> <span class='ocrx_word' id='word_1_70' title='bbox 189 792 406 845; x_wconf 85' lang='grc' dir='ltr'>προσέχοντα</span> <span class='ocrx_word' id='word_1_71' title='bbox 417 821 426 838; x_wconf 88' lang='grc'>,</span> <span class='ocrx_word' id='word_1_72' title='bbox 450 791 484 829; x_wconf 92' lang='grc' dir='ltr'>τί</span> <span class='ocrx_word' id='word_1_73' title='bbox 498 790 588 834; x_wconf 85' lang='grc' dir='ltr'>εἰκὸς</span> <span class='ocrx_word' id='word_1_74' title='bbox 603 793 726 828; x_wconf 89' lang='grc' dir='ltr'>παθεῖν</span> <span class='ocrx_word' id='word_1_75' title='bbox 746 788 823 832; x_wconf 74' lang='grc' dir='ltr'>τοὺς</span> <span class='ocrx_word' id='word_1_76' title='bbox 839 794 853 809; x_wconf 68' lang='lat'>⁸¹</span> <span class='ocrx_word' id='word_1_77' title='bbox 867 788 923 826; x_wconf 84' lang='grc' dir='ltr'>ἐπ’</span> <span class='ocrx_word' id='word_1_78' title='bbox 946 788 1029 826; x_wconf 82' lang='grc' dir='ltr'>αὐτὸ</span> <span class='ocrx_word' id='word_1_79' title='bbox 1045 791 1145 826; x_wconf 86' lang='grc' dir='ltr'>τοῦτο</span> 
     </span>
     <span class='ocr_line' id='line_1_11' title="bbox 116 847 1144 905; baseline -0.006 -14"><span class='ocrx_word' id='word_1_80' title='bbox 116 855 188 891; x_wconf 82' lang='grc' dir='ltr'>ἐκεῖ</span> <span class='ocrx_word' id='word_1_81' title='bbox 207 851 504 905; x_wconf 78' lang='grc' dir='ltr'>παραγινομένους</span> <span class='ocrx_word' id='word_1_82' title='bbox 518 880 529 899; x_wconf 88' lang='grc'>,</span> <span class='ocrx_word' id='word_1_83' title='bbox 556 850 615 889; x_wconf 74' lang='grc' dir='ltr'>καὶ</span> <span class='ocrx_word' id='word_1_84' title='bbox 638 849 716 893; x_wconf 82' lang='grc' dir='ltr'>τοὺς</span> <span class='ocrx_word' id='word_1_85' title='bbox 737 847 934 902; x_wconf 68' lang='grc' dir='ltr'>ὀφθαλμοὺς</span> <span class='ocrx_word' id='word_1_86' title='bbox 958 850 1144 891; x_wconf 81' lang='grc' dir='ltr'>ἑστιῶντας</span> 
     </span>
     <span class='ocr_line' id='line_1_12' title="bbox 117 909 1147 965; baseline -0.005 -14"><span class='ocrx_word' id='word_1_87' title='bbox 117 919 192 957; x_wconf 86' lang='grc' dir='ltr'>ταῖς</span> <span class='ocrx_word' id='word_1_88' title='bbox 220 913 434 965; x_wconf 85' lang='grc' dir='ltr'>παρανόμοις</span> <span class='ocrx_word' id='word_1_89' title='bbox 455 911 602 956; x_wconf 85' lang='grc' dir='ltr'>ἐκείναις</span> <span class='ocrx_word' id='word_1_90' title='bbox 631 910 742 957; x_wconf 87' lang='grc' dir='ltr'>θέαις,</span> <span class='ocrx_word' id='word_1_91' title='bbox 774 910 834 948; x_wconf 81' lang='grc' dir='ltr'>καὶ</span> <span class='ocrx_word' id='word_1_92' title='bbox 866 909 1147 963; x_wconf 77' lang='grc' dir='ltr'>ἀπηρτισμένους</span> 
     </span>
     <span class='ocr_line' id='line_1_13' title="bbox 117 970 1146 1026; baseline -0.005 -13"><span class='ocrx_word' id='word_1_93' title='bbox 117 973 260 1026; x_wconf 69' lang='grc' dir='ltr'>μοιχοὺς</span> <span class='ocrx_word' id='word_1_94' title='bbox 280 976 406 1012; x_wconf 83' lang='grc' dir='ltr'>ἐκεῖθεν</span> <span class='ocrx_word' id='word_1_95' title='bbox 428 972 629 1018; x_wconf 83' lang='grc' dir='ltr'>κατιόντας;</span> <span class='ocrx_word' id='word_1_96' title='bbox 649 970 761 1015; x_wconf 76' lang='grc' dir='ltr'>Εἰδὼς</span> <span class='ocrx_word' id='word_1_97' title='bbox 776 971 844 1023; x_wconf 78' lang='grc' dir='ltr'>γὰρ</span> <span class='ocrx_word' id='word_1_98' title='bbox 865 973 883 1009; x_wconf 82' lang='grc' dir='ltr'><strong>ὁ</strong></span> <span class='ocrx_word' id='word_1_99' title='bbox 906 971 1146 1023; x_wconf 78' lang='grc' dir='ltr'>φιλάνθρωπος</span> 
     </span>
     <span class='ocr_line' id='line_1_14' title="bbox 119 1031 1148 1086; baseline -0.004 -13"><span class='ocrx_word' id='word_1_100' title='bbox 119 1037 219 1085; x_wconf 73' lang='grc' dir='ltr'>ἡμῶν</span> <span class='ocrx_word' id='word_1_101' title='bbox 239 1034 420 1081; x_wconf 81' lang='grc' dir='ltr'>Δεσπότης</span> <span class='ocrx_word' id='word_1_102' title='bbox 439 1036 502 1080; x_wconf 79' lang='grc' dir='ltr'>τῆς</span> <span class='ocrx_word' id='word_1_103' title='bbox 521 1032 654 1085; x_wconf 79' lang='grc' dir='ltr'>φύσεως</span> <span class='ocrx_word' id='word_1_104' title='bbox 678 1035 740 1079; x_wconf 71' lang='grc' dir='ltr'>τῆς</span> <span class='ocrx_word' id='word_1_105' title='bbox 762 1031 935 1086; x_wconf 70' lang='grc' dir='ltr'>ἡμετέρας</span> <span class='ocrx_word' id='word_1_106' title='bbox 964 1032 1004 1070; x_wconf 81' lang='grc' dir='ltr'>τὸ</span> <span class='ocrx_word' id='word_1_107' title='bbox 1025 1033 1148 1078; x_wconf 81' lang='grc' dir='ltr'>εὖεπη-</span> 
     </span>
     <span class='ocr_line' id='line_1_15' title="bbox 120 1091 1148 1144; baseline -0.002 -12"><span class='ocrx_word' id='word_1_108' title='bbox 120 1093 281 1144; x_wconf 86' lang='grc' dir='ltr'>ρέαστον,</span> <span class='ocrx_word' id='word_1_109' title='bbox 298 1092 356 1131; x_wconf 81' lang='grc' dir='ltr'>καὶ</span> <span class='ocrx_word' id='word_1_110' title='bbox 373 1095 436 1138; x_wconf 80' lang='grc' dir='ltr'>τῆς</span> <span class='ocrx_word' id='word_1_111' title='bbox 452 1095 511 1130; x_wconf 89' lang='grc' dir='ltr'>τοῦ</span> <span class='ocrx_word' id='word_1_112' title='bbox 532 1091 694 1130; x_wconf 71' lang='grc' dir='ltr'>διαὸόλου</span> <span class='ocrx_word' id='word_1_113' title='bbox 714 1091 925 1143; x_wconf 85' lang='grc' dir='ltr'>κακουργίας</span> <span class='ocrx_word' id='word_1_114' title='bbox 941 1091 980 1130; x_wconf 86' lang='grc' dir='ltr'>τὸ</span> <span class='ocrx_word' id='word_1_115' title='bbox 998 1096 1148 1143; x_wconf 59' lang='grc' dir='ltr'>πανοῦρ«</span> 
     </span>
     <span class='ocr_line' id='line_1_16' title="bbox 119 1153 1148 1206; baseline -0.003 -13"><span class='ocrx_word' id='word_1_116' title='bbox 119 1171 178 1206; x_wconf 93' lang='grc' dir='ltr'>γον</span> <span class='ocrx_word' id='word_1_117' title='bbox 195 1155 255 1193; x_wconf 77' lang='grc' dir='ltr'>καὶ</span> <span class='ocrx_word' id='word_1_118' title='bbox 277 1154 516 1199; x_wconf 83' lang='grc' dir='ltr'>πολύπλοκον,</span> <span class='ocrx_word' id='word_1_119' title='bbox 544 1156 584 1192; x_wconf 82' lang='grc' dir='ltr'>ἐκ</span> <span class='ocrx_word' id='word_1_120' title='bbox 604 1155 732 1192; x_wconf 89' lang='grc' dir='ltr'>πολλοῦ</span> <span class='ocrx_word' id='word_1_121' title='bbox 756 1156 812 1190; x_wconf 86' lang='grc' dir='ltr'>τοῦ</span> <span class='ocrx_word' id='word_1_122' title='bbox 834 1153 1013 1205; x_wconf 88' lang='grc' dir='ltr'>περιόντος</span> <span class='ocrx_word' id='word_1_123' title='bbox 1041 1168 1119 1205; x_wconf 87' lang='grc' dir='ltr'>τειχ</span> <span class='ocrx_word' id='word_1_124' title='bbox 1123 1153 1148 1190; x_wconf 91' lang='grc' dir='ltr'>ί-</span> 
     </span>
     <span class='ocr_line' id='line_1_17' title="bbox 120 1210 1149 1264; baseline -0.003 -13"><span class='ocrx_word' id='word_1_125' title='bbox 120 1216 186 1258; x_wconf 86' lang='grc' dir='ltr'>ζων</span> <span class='ocrx_word' id='word_1_126' title='bbox 201 1217 296 1264; x_wconf 78' lang='grc' dir='ltr'>ἡμᾶς</span> <span class='ocrx_word' id='word_1_127' title='bbox 307 1242 316 1259; x_wconf 90' lang='grc'>,</span> <span class='ocrx_word' id='word_1_128' title='bbox 334 1213 395 1252; x_wconf 76' lang='grc' dir='ltr'>καὶ</span> <span class='ocrx_word' id='word_1_129' title='bbox 413 1211 619 1264; x_wconf 75' lang='grc' dir='ltr'>ΙΒουλόμενος</span> <span class='ocrx_word' id='word_1_130' title='bbox 634 1210 831 1255; x_wconf 81' lang='grc' dir='ltr'>ἀναλώτους</span> <span class='ocrx_word' id='word_1_131' title='bbox 847 1211 1060 1264; x_wconf 82' lang='grc' dir='ltr'>ἐργάσασθαι</span> <span class='ocrx_word' id='word_1_132' title='bbox 1075 1217 1149 1255; x_wconf 85' lang='grc' dir='ltr'>ταῖς</span> 
     </span>
     <span class='ocr_line' id='line_1_18' title="bbox 121 1270 1148 1326; baseline -0.004 -13"><span class='ocrx_word' id='word_1_133' title='bbox 121 1273 242 1313; x_wconf 84' lang='grc' dir='ltr'>τούτου</span> <span class='ocrx_word' id='word_1_134' title='bbox 260 1274 386 1326; x_wconf 90' lang='grc' dir='ltr'>παγίσι</span> <span class='ocrx_word' id='word_1_135' title='bbox 399 1303 408 1321; x_wconf 91' lang='grc'>,</span> <span class='ocrx_word' id='word_1_136' title='bbox 426 1273 483 1311; x_wconf 78' lang='grc' dir='ltr'>τὸν</span> <span class='ocrx_word' id='word_1_137' title='bbox 508 1273 613 1323; x_wconf 83' lang='grc' dir='ltr'>νόμον</span> <span class='ocrx_word' id='word_1_138' title='bbox 649 1275 768 1310; x_wconf 83' lang='grc' dir='ltr'>τοῦτον</span> <span class='ocrx_word' id='word_1_139' title='bbox 791 1270 987 1319; x_wconf 71' lang='grc' dir='ltr'>ι’τε’θεικεν,</span> <span class='ocrx_word' id='word_1_140' title='bbox 1019 1271 1129 1323; x_wconf 86' lang='grc' dir='ltr'>λέγων</span> <span class='ocrx_word' id='word_1_141' title='bbox 1141 1288 1148 1295; x_wconf 97' lang='grc'><em>·</em></span> 
     </span>
     <span class='ocr_line' id='line_1_19' title="bbox 121 1333 1148 1387; baseline -0.002 -14"><span class='ocrx_word' id='word_1_142' title='bbox 121 1335 166 1373; x_wconf 79' lang='lat' dir='ltr'>‘O</span> <span class='ocrx_word' id='word_1_143' title='bbox 181 1335 360 1387; x_wconf 68' lang='grc' dir='ltr'>ε’μῧλέψας</span> <span class='ocrx_word' id='word_1_144' title='bbox 377 1334 516 1386; x_wconf 82' lang='grc' dir='ltr'>γυναικὶ</span> <span class='ocrx_word' id='word_1_145' title='bbox 542 1333 628 1385; x_wconf 83' lang='grc' dir='ltr'>πρὸς</span> <span class='ocrx_word' id='word_1_146' title='bbox 646 1333 686 1371; x_wconf 81' lang='grc' dir='ltr'>τὸ</span> <span class='ocrx_word' id='word_1_147' title='bbox 702 1335 918 1383; x_wconf 71' lang='grc' dir='ltr'>ἐπιθυμῆσαι</span> <span class='ocrx_word' id='word_1_148' title='bbox 938 1335 1060 1379; x_wconf 80' lang='grc' dir='ltr'>αὐτῆς,</span> <span class='ocrx_word' id='word_1_149' title='bbox 1081 1333 1148 1380; x_wconf 87' lang='grc' dir='ltr'>ἤδη</span> 
     </span>
     <span class='ocr_line' id='line_1_20' title="bbox 121 1392 1151 1447; baseline -0.001 -14"><span class='ocrx_word' id='word_1_150' title='bbox 121 1395 323 1447; x_wconf 74' lang='grc' dir='ltr'>ἐμοίχευσεν</span> <span class='ocrx_word' id='word_1_151' title='bbox 340 1394 449 1442; x_wconf 79' lang='grc' dir='ltr'>αὐτὴν</span> <span class='ocrx_word' id='word_1_152' title='bbox 463 1396 497 1432; x_wconf 81' lang='grc' dir='ltr'>ἐν</span> <span class='ocrx_word' id='word_1_153' title='bbox 509 1397 552 1444; x_wconf 82' lang='grc' dir='ltr'>τῇ</span> <span class='ocrx_word' id='word_1_154' title='bbox 572 1392 701 1446; x_wconf 83' lang='grc' dir='ltr'>καρδίᾳ</span> <span class='ocrx_word' id='word_1_155' title='bbox 717 1395 821 1432; x_wconf 74' lang='grc' dir='ltr'>αὐτοῦ</span> <span class='ocrx_word' id='word_1_156' title='bbox 832 1423 842 1441; x_wconf 89' lang='grc'>,</span> <span class='ocrx_word' id='word_1_157' title='bbox 864 1393 1026 1446; x_wconf 79' lang='grc' dir='ltr'>μοιχείαν</span> <span class='ocrx_word' id='word_1_158' title='bbox 1040 1397 1151 1446; x_wconf 86' lang='grc' dir='ltr'>ἀπηρ-</span> 
     </span>
     <span class='ocr_line' id='line_1_21' title="bbox 122 1454 1151 1508; baseline -0.001 -14"><span class='ocrx_word' id='word_1_159' title='bbox 122 1456 288 1507; x_wconf 83' lang='grc' dir='ltr'>τισμένην</span> <span class='ocrx_word' id='word_1_160' title='bbox 307 1458 425 1494; x_wconf 84' lang='grc' dir='ltr'>καλῶν</span> <span class='ocrx_word' id='word_1_161' title='bbox 442 1455 503 1502; x_wconf 80' lang='grc' dir='ltr'>τὴν</span> <span class='ocrx_word' id='word_1_162' title='bbox 521 1455 608 1506; x_wconf 79' lang='grc' dir='ltr'>μετὰ</span> <span class='ocrx_word' id='word_1_163' title='bbox 624 1454 826 1507; x_wconf 87' lang='grc' dir='ltr'>περιεργίας</span> <span class='ocrx_word' id='word_1_164' title='bbox 843 1455 990 1508; x_wconf 84' lang='grc' dir='ltr'>θεωρίαν</span> <span class='ocrx_word' id='word_1_165' title='bbox 1009 1470 1151 1507; x_wconf 87' lang='grc' dir='ltr'>γεγενη-</span> 
     </span>
     <span class='ocr_line' id='line_1_22' title="bbox 124 1515 1151 1569; baseline -0.002 -12"><span class='ocrx_word' id='word_1_166' title='bbox 124 1518 244 1568; x_wconf 83' lang='grc' dir='ltr'>μένην.</span> <span class='ocrx_word' id='word_1_167' title='bbox 272 1517 333 1565; x_wconf 86' lang='grc' dir='ltr'>Μὴ</span> <span class='ocrx_word' id='word_1_168' title='bbox 357 1517 468 1556; x_wconf 87' lang='grc' dir='ltr'>τοίνυν</span> <span class='ocrx_word' id='word_1_169' title='bbox 490 1532 548 1568; x_wconf 92' lang='grc' dir='ltr'>μοι</span> <span class='ocrx_word' id='word_1_170' title='bbox 575 1515 654 1568; x_wconf 88' lang='grc' dir='ltr'>λέγε</span> <span class='ocrx_word' id='word_1_171' title='bbox 684 1515 823 1555; x_wconf 87' lang='grc' dir='ltr'>λοιπόν·</span> <span class='ocrx_word' id='word_1_172' title='bbox 855 1516 889 1554; x_wconf 90' lang='grc' dir='ltr'>τί</span> <span class='ocrx_word' id='word_1_173' title='bbox 921 1516 989 1569; x_wconf 87' lang='grc' dir='ltr'>γὰρ</span> <span class='ocrx_word' id='word_1_174' title='bbox 1022 1516 1151 1568; x_wconf 68' lang='grc' dir='ltr'>βλάὸος</span> 
     </span>
     <span class='ocr_line' id='line_1_23' title="bbox 124 1577 1151 1631; baseline -0.001 -13"><span class='ocrx_word' id='word_1_175' title='bbox 124 1579 193 1618; x_wconf 78' lang='grc' dir='ltr'>ἀπὸ</span> <span class='ocrx_word' id='word_1_176' title='bbox 209 1581 271 1625; x_wconf 75' lang='grc' dir='ltr'>τῆς</span> <span class='ocrx_word' id='word_1_177' title='bbox 290 1581 401 1618; x_wconf 84' lang='grc' dir='ltr'>ἐκεῖσε</span> <span class='ocrx_word' id='word_1_178' title='bbox 420 1577 618 1631; x_wconf 65' lang='grc' dir='ltr'>διατριὸἧς;</span> <span class='ocrx_word' id='word_1_179' title='bbox 639 1578 710 1616; x_wconf 84' lang='grc' dir='ltr'>Καὶ</span> <span class='ocrx_word' id='word_1_180' title='bbox 732 1578 815 1616; x_wconf 81' lang='grc' dir='ltr'>αὐτὸ</span> <span class='ocrx_word' id='word_1_181' title='bbox 836 1577 904 1630; x_wconf 80' lang='grc' dir='ltr'>γὰρ</span> <span class='ocrx_word' id='word_1_182' title='bbox 924 1577 1026 1629; x_wconf 86' lang='grc' dir='ltr'>μόνον</span> <span class='ocrx_word' id='word_1_183' title='bbox 1038 1579 1151 1625; x_wconf 76' lang='grc' dir='ltr'>τὸτῆς</span> 
     </span>
     <span class='ocr_line' id='line_1_24' title="bbox 123 1638 1151 1693; baseline 0 -15"><span class='ocrx_word' id='word_1_184' title='bbox 123 1643 191 1678; x_wconf 87' lang='grc' dir='ltr'>τῶν</span> <span class='ocrx_word' id='word_1_185' title='bbox 205 1640 324 1679; x_wconf 78' lang='grc' dir='ltr'>ἵππων</span> <span class='ocrx_word' id='word_1_186' title='bbox 343 1640 493 1691; x_wconf 85' lang='grc' dir='ltr'>ἁμίλλης</span> <span class='ocrx_word' id='word_1_187' title='bbox 508 1639 625 1678; x_wconf 83' lang='grc' dir='ltr'>ἱκανὸν</span> <span class='ocrx_word' id='word_1_188' title='bbox 640 1638 748 1678; x_wconf 85' lang='grc' dir='ltr'>πολὺν</span> <span class='ocrx_word' id='word_1_189' title='bbox 763 1643 806 1692; x_wconf 80' lang='grc' dir='ltr'>τῇ</span> <span class='ocrx_word' id='word_1_190' title='bbox 822 1642 918 1692; x_wconf 73' lang='grc' dir='ltr'>ψυχῇ</span> <span class='ocrx_word' id='word_1_191' title='bbox 938 1640 996 1678; x_wconf 84' lang='grc' dir='ltr'>τὸν</span> <span class='ocrx_word' id='word_1_192' title='bbox 1012 1642 1151 1693; x_wconf 86' lang='grc' dir='ltr'>ὄλεθρον</span> 
     </span>
     <span class='ocr_line' id='line_1_25' title="bbox 125 1700 1150 1754; baseline 0.001 -14"><span class='ocrx_word' id='word_1_193' title='bbox 125 1701 442 1754; x_wconf 69' lang='grc' dir='ltr'>ἐπαγαγεῖν.“οταν</span> <span class='ocrx_word' id='word_1_194' title='bbox 453 1701 521 1754; x_wconf 78' lang='grc' dir='ltr'>γὰρ</span> <span class='ocrx_word' id='word_1_195' title='bbox 532 1700 617 1753; x_wconf 74' lang='grc' dir='ltr'>ὑπὲρ</span> <span class='ocrx_word' id='word_1_196' title='bbox 629 1701 818 1748; x_wconf 82' lang='grc' dir='ltr'>ἀνονήτων,</span> <span class='ocrx_word' id='word_1_197' title='bbox 833 1701 893 1740; x_wconf 81' lang='grc' dir='ltr'>καὶ</span> <span class='ocrx_word' id='word_1_198' title='bbox 908 1701 957 1753; x_wconf 87' lang='grc' dir='ltr'>μὴ</span> <span class='ocrx_word' id='word_1_199' title='bbox 973 1701 1075 1752; x_wconf 87' lang='grc' dir='ltr'>μόνον</span> <span class='ocrx_word' id='word_1_200' title='bbox 1088 1718 1150 1753; x_wconf 82' lang='grc' dir='ltr'>μη-</span> 
     </span>
     <span class='ocr_line' id='line_1_26' title="bbox 125 1761 1152 1815; baseline -0.001 -14"><span class='ocrx_word' id='word_1_201' title='bbox 125 1762 179 1801; x_wconf 80' lang='grc' dir='ltr'>δὲν</span> <span class='ocrx_word' id='word_1_202' title='bbox 198 1767 241 1815; x_wconf 77' lang='grc' dir='ltr'>τῇ</span> <span class='ocrx_word' id='word_1_203' title='bbox 261 1765 357 1815; x_wconf 71' lang='grc' dir='ltr'>ψυχῇ</span> <span class='ocrx_word' id='word_1_204' title='bbox 375 1761 685 1813; x_wconf 64' lang='grc' dir='ltr'>συμὸαλλομένων,</span> <span class='ocrx_word' id='word_1_205' title='bbox 706 1761 796 1800; x_wconf 82' lang='grc' dir='ltr'>ἀλλὰ</span> <span class='ocrx_word' id='word_1_206' title='bbox 814 1762 874 1800; x_wconf 76' lang='grc' dir='ltr'>καὶ</span> <span class='ocrx_word' id='word_1_207' title='bbox 890 1763 1152 1814; x_wconf 80' lang='grc' dir='ltr'>λυμαινομένων</span> 
     </span>
     <span class='ocr_line' id='line_1_27' title="bbox 126 1823 1155 1877; baseline -0.001 -14"><span class='ocrx_word' id='word_1_208' title='bbox 126 1826 213 1876; x_wconf 78' lang='grc' dir='ltr'>αὐτῇ</span> <span class='ocrx_word' id='word_1_209' title='bbox 233 1826 291 1863; x_wconf 81' lang='grc' dir='ltr'>τὸν</span> <span class='ocrx_word' id='word_1_210' title='bbox 310 1824 430 1877; x_wconf 73' lang='grc' dir='ltr'>καιρὸν</span> <span class='ocrx_word' id='word_1_211' title='bbox 451 1823 783 1874; x_wconf 85' lang='grc' dir='ltr'>καταναλίσκωμεν,</span> <span class='ocrx_word' id='word_1_212' title='bbox 811 1824 870 1862; x_wconf 82' lang='grc' dir='ltr'>καὶ</span> <span class='ocrx_word' id='word_1_213' title='bbox 896 1825 1155 1872; x_wconf 83' lang='grc' dir='ltr'>διαπληκτιζώ-</span> 
     </span>
    </p>
   </div>
   <div class='ocr_carea' id='block_1_3' title="bbox 1071 220 1232 251">
    <p class='ocr_par' dir='ltr' id='par_1_3' title="bbox 1071 220 1232 251">
     <span class='ocr_line' id='line_1_28' title="bbox 1071 220 1232 251; baseline -0.012 -1"><span class='ocrx_word' id='word_1_214' title='bbox 1071 220 1232 251; x_wconf 62' lang='lat' dir='ltr'>Gumis.</span> 
     </span>
    </p>
   </div>
   <div class='ocr_carea' id='block_1_4' title="bbox 1173 1498 1203 1523">
    <p class='ocr_par' dir='ltr' id='par_1_4' title="bbox 1173 1498 1203 1523">
     <span class='ocr_line' id='line_1_29' title="bbox 1173 1498 1203 1523; baseline -0.067 0"><span class='ocrx_word' id='word_1_215' title='bbox 1173 1498 1203 1523; x_wconf 68' lang='lat'>[12</span> 
     </span>
    </p>
   </div>
   <div class='ocr_carea' id='block_1_5' title="bbox 128 1884 1187 1937">
    <p class='ocr_par' dir='ltr' id='par_1_5' title="bbox 128 1884 1187 1937">
     <span class='ocr_line' id='line_1_30' title="bbox 128 1884 1187 1937; baseline 0 -13"><span class='ocrx_word' id='word_1_216' title='bbox 128 1889 217 1936; x_wconf 82' lang='grc' dir='ltr'>μεθα</span> <span class='ocrx_word' id='word_1_217' title='bbox 231 1915 241 1934; x_wconf 82' lang='grc'>,</span> <span class='ocrx_word' id='word_1_218' title='bbox 260 1885 320 1924; x_wconf 74' lang='grc' dir='ltr'>καὶ</span> <span class='ocrx_word' id='word_1_219' title='bbox 347 1885 455 1937; x_wconf 87' lang='grc' dir='ltr'>μυρία</span> <span class='ocrx_word' id='word_1_220' title='bbox 476 1884 566 1936; x_wconf 74' lang='grc' dir='ltr'>ῥητὰ</span> <span class='ocrx_word' id='word_1_221' title='bbox 592 1884 652 1922; x_wconf 75' lang='grc' dir='ltr'>καὶ</span> <span class='ocrx_word' id='word_1_222' title='bbox 672 1885 808 1936; x_wconf 70' lang='grc' dir='ltr'>ἄρρητα</span> <span class='ocrx_word' id='word_1_223' title='bbox 837 1884 1084 1937; x_wconf 76' lang='grc' dir='ltr'>φθεγγώμεθα,</span> <span class='ocrx_word' id='word_1_224' title='bbox 1103 1885 1155 1929; x_wconf 88' lang='grc' dir='ltr'>τίς</span> <span class='ocrx_word' id='word_1_225' title='bbox 1183 1889 1187 1891; x_wconf 65' lang='grc'><strong>’</strong></span> 
     </span>
    </p>
   </div>
   <div class='ocr_carea' id='block_1_6' title="bbox 127 1944 1162 3224">
    <p class='ocr_par' dir='ltr' id='par_1_6' title="bbox 127 1944 1162 3224">
     <span class='ocr_line' id='line_1_31' title="bbox 127 1944 1156 1998; baseline -0.001 -13"><span class='ocrx_word' id='word_1_226' title='bbox 127 1952 212 1998; x_wconf 77' lang='grc' dir='ltr'>ἡμῖν</span> <span class='ocrx_word' id='word_1_227' title='bbox 231 1947 327 1985; x_wconf 82' lang='grc' dir='ltr'>ἔσται</span> <span class='ocrx_word' id='word_1_228' title='bbox 343 1945 553 1997; x_wconf 81' lang='grc' dir='ltr'>συγγνώμη;</span> <span class='ocrx_word' id='word_1_229' title='bbox 572 1944 658 1983; x_wconf 91' lang='grc' dir='ltr'>ποία</span> <span class='ocrx_word' id='word_1_230' title='bbox 671 1945 706 1982; x_wconf 79' lang='grc' dir='ltr'>δὲ</span> <span class='ocrx_word' id='word_1_231' title='bbox 721 1945 909 1997; x_wconf 69' lang='grc' dir='ltr'>ἀπολογία,</span> <span class='ocrx_word' id='word_1_232' title='bbox 925 1945 995 1984; x_wconf 81' lang='grc' dir='ltr'>Καὶ</span> <span class='ocrx_word' id='word_1_233' title='bbox 1011 1947 1156 1986; x_wconf 80' lang='grc' dir='ltr'>ἐνταῦθα</span> 
     </span>
     <span class='ocr_line' id='line_1_32' title="bbox 129 2005 1155 2059; baseline -0.002 -13"><span class='ocrx_word' id='word_1_234' title='bbox 129 2008 192 2058; x_wconf 81' lang='grc' dir='ltr'>μὲν</span> <span class='ocrx_word' id='word_1_235' title='bbox 213 2007 272 2045; x_wconf 76' lang='grc' dir='ltr'>ἐὰν</span> <span class='ocrx_word' id='word_1_236' title='bbox 294 2006 416 2058; x_wconf 82' lang='grc' dir='ltr'>μικρὸν</span> <span class='ocrx_word' id='word_1_237' title='bbox 437 2005 704 2059; x_wconf 88' lang='grc' dir='ltr'>παρατείνωμεν</span> <span class='ocrx_word' id='word_1_238' title='bbox 723 2005 786 2053; x_wconf 76' lang='grc' dir='ltr'>τὴν</span> <span class='ocrx_word' id='word_1_239' title='bbox 809 2006 1050 2051; x_wconf 75' lang='grc' dir='ltr'>διδασκαλίαν,</span> <span class='ocrx_word' id='word_1_240' title='bbox 1065 2007 1155 2046; x_wconf 90' lang='grc' dir='ltr'>πολ-</span> 
     </span>
     <span class='ocr_line' id='line_1_33' title="bbox 128 2065 1156 2120; baseline -0.001 -14"><span class='ocrx_word' id='word_1_241' title='bbox 128 2069 183 2106; x_wconf 74' lang='grc' dir='ltr'>λοὶ</span> <span class='ocrx_word' id='word_1_242' title='bbox 202 2066 465 2120; x_wconf 70' lang='grc' dir='ltr'>δυσχεραίνουσι</span> <span class='ocrx_word' id='word_1_243' title='bbox 481 2070 495 2086; x_wconf 71' lang='lat'>²¹</span> <span class='ocrx_word' id='word_1_244' title='bbox 508 2066 567 2104; x_wconf 82' lang='grc' dir='ltr'>καὶ</span> <span class='ocrx_word' id='word_1_245' title='bbox 584 2065 746 2112; x_wconf 81' lang='grc' dir='ltr'>ἀλύουσι,</span> <span class='ocrx_word' id='word_1_246' title='bbox 762 2065 821 2104; x_wconf 78' lang='grc' dir='ltr'>καὶ</span> <span class='ocrx_word' id='word_1_247' title='bbox 837 2065 940 2105; x_wconf 87' lang='grc' dir='ltr'>πόνον</span> <span class='ocrx_word' id='word_1_248' title='bbox 955 2070 1014 2104; x_wconf 89' lang='grc' dir='ltr'>τοῦ</span> <span class='ocrx_word' id='word_1_249' title='bbox 1035 2067 1156 2117; x_wconf 86' lang='grc' dir='ltr'>σώμα-</span> 
     </span>
     <span class='ocr_line' id='line_1_34' title="bbox 128 2126 1156 2178; baseline -0.002 -10"><span class='ocrx_word' id='word_1_250' title='bbox 128 2146 185 2173; x_wconf 89' lang='grc' dir='ltr'>τος</span> <span class='ocrx_word' id='word_1_251' title='bbox 205 2128 265 2167; x_wconf 76' lang='grc' dir='ltr'>καὶ</span> <span class='ocrx_word' id='word_1_252' title='bbox 283 2128 441 2177; x_wconf 79' lang='grc' dir='ltr'>κάματον</span> <span class='ocrx_word' id='word_1_253' title='bbox 456 2127 715 2178; x_wconf 64' lang='grc' dir='ltr'>προὸάλλονται</span> <span class='ocrx_word' id='word_1_254' title='bbox 727 2153 737 2172; x_wconf 88' lang='grc'>,</span> <span class='ocrx_word' id='word_1_255' title='bbox 767 2126 826 2165; x_wconf 82' lang='grc' dir='ltr'>καὶ</span> <span class='ocrx_word' id='word_1_256' title='bbox 852 2131 963 2165; x_wconf 88' lang='grc' dir='ltr'>ταῦτα</span> <span class='ocrx_word' id='word_1_257' title='bbox 982 2131 1042 2165; x_wconf 84' lang='grc' dir='ltr'>τοῦ</span> <span class='ocrx_word' id='word_1_258' title='bbox 1070 2132 1156 2166; x_wconf 89' lang='grc' dir='ltr'>θαυ-</span> 
     </span>
     <span class='ocr_line' id='line_1_35' title="bbox 130 2189 1154 2244; baseline -0.002 -13"><span class='ocrx_word' id='word_1_259' title='bbox 130 2197 262 2244; x_wconf 78' lang='grc' dir='ltr'>μαστοῦ</span> <span class='ocrx_word' id='word_1_260' title='bbox 281 2190 404 2230; x_wconf 87' lang='grc' dir='ltr'>τούτου</span> <span class='ocrx_word' id='word_1_261' title='bbox 424 2189 548 2242; x_wconf 78' lang='grc' dir='ltr'>ὀρόφου</span> <span class='ocrx_word' id='word_1_262' title='bbox 565 2193 684 2229; x_wconf 79' lang='grc' dir='ltr'>ἱκανοῦ</span> <span class='ocrx_word' id='word_1_263' title='bbox 699 2190 794 2234; x_wconf 87' lang='grc' dir='ltr'>ὄντος</span> <span class='ocrx_word' id='word_1_264' title='bbox 813 2191 1154 2242; x_wconf 76' lang='grc' dir='ltr'>παραμυθήσασθαι·</span> 
     </span>
     <span class='ocr_line' id='line_1_36' title="bbox 127 2251 1158 2306; baseline -0.001 -13"><span class='ocrx_word' id='word_1_265' title='bbox 127 2253 206 2293; x_wconf 83' lang='grc' dir='ltr'>οὔτε</span> <span class='ocrx_word' id='word_1_266' title='bbox 223 2253 290 2306; x_wconf 81' lang='grc' dir='ltr'>γὰρ</span> <span class='ocrx_word' id='word_1_267' title='bbox 319 2251 386 2290; x_wconf 79' lang='grc' dir='ltr'>ὑπὸ</span> <span class='ocrx_word' id='word_1_268' title='bbox 411 2255 544 2304; x_wconf 79' lang='grc' dir='ltr'>κρυμοῦ</span> <span class='ocrx_word' id='word_1_269' title='bbox 581 2253 672 2290; x_wconf 83' lang='grc' dir='ltr'>ἐστιν</span> <span class='ocrx_word' id='word_1_270' title='bbox 701 2253 952 2304; x_wconf 80' lang='grc' dir='ltr'>ἐνοχληθῆναι,</span> <span class='ocrx_word' id='word_1_271' title='bbox 985 2251 1062 2290; x_wconf 85' lang='grc' dir='ltr'>οὔτε</span> <span class='ocrx_word' id='word_1_272' title='bbox 1091 2254 1158 2293; x_wconf 79' lang='grc' dir='ltr'>ὑπὸ</span> 
     </span>
     <span class='ocr_line' id='line_1_37' title="bbox 129 2313 1158 2366; baseline 0 -12"><span class='ocrx_word' id='word_1_273' title='bbox 129 2319 249 2363; x_wconf 80' lang='grc' dir='ltr'>ὑετοῦ,</span> <span class='ocrx_word' id='word_1_274' title='bbox 270 2315 293 2360; x_wconf 83' lang='grc' dir='ltr'>ἢ</span> <span class='ocrx_word' id='word_1_275' title='bbox 312 2317 375 2361; x_wconf 73' lang='grc' dir='ltr'>τῆς</span> <span class='ocrx_word' id='word_1_276' title='bbox 403 2317 473 2352; x_wconf 89' lang='grc' dir='ltr'>τῶν</span> <span class='ocrx_word' id='word_1_277' title='bbox 501 2313 639 2364; x_wconf 85' lang='grc' dir='ltr'>ἀνέμων</span> <span class='ocrx_word' id='word_1_278' title='bbox 658 2313 908 2366; x_wconf 71' lang='grc' dir='ltr'>σφοδρότητος·</span> <span class='ocrx_word' id='word_1_279' title='bbox 932 2316 1002 2353; x_wconf 84' lang='grc' dir='ltr'>ἐκεῖ</span> <span class='ocrx_word' id='word_1_280' title='bbox 1027 2314 1064 2353; x_wconf 79' lang='grc' dir='ltr'>δὲ</span> <span class='ocrx_word' id='word_1_281' title='bbox 1097 2316 1158 2354; x_wconf 76' lang='grc' dir='ltr'>καὶ</span> 
     </span>
     <span class='ocr_line' id='line_1_38' title="bbox 127 2374 1157 2429; baseline 0 -15"><span class='ocrx_word' id='word_1_282' title='bbox 127 2379 227 2415; x_wconf 81' lang='grc' dir='ltr'>ὑετοῦ</span> <span class='ocrx_word' id='word_1_283' title='bbox 244 2375 376 2428; x_wconf 66' lang='grc' dir='ltr'>λοίὸρου</span> <span class='ocrx_word' id='word_1_284' title='bbox 396 2374 727 2429; x_wconf 76' lang='grc' dir='ltr'>καταρρηγνυμένου</span> <span class='ocrx_word' id='word_1_285' title='bbox 740 2402 750 2420; x_wconf 90' lang='grc'>,</span> <span class='ocrx_word' id='word_1_286' title='bbox 771 2374 830 2413; x_wconf 80' lang='grc' dir='ltr'>καὶ</span> <span class='ocrx_word' id='word_1_287' title='bbox 847 2374 985 2426; x_wconf 83' lang='grc' dir='ltr'>ἀνέμων</span> <span class='ocrx_word' id='word_1_288' title='bbox 1000 2377 1157 2429; x_wconf 75' lang='grc' dir='ltr'>σφοδρῶν</span> 
     </span>
     <span class='ocr_line' id='line_1_39' title="bbox 129 2435 1158 2488; baseline -0.002 -12"><span class='ocrx_word' id='word_1_289' title='bbox 129 2437 315 2485; x_wconf 84' lang='grc' dir='ltr'>πνεόντων,</span> <span class='ocrx_word' id='word_1_290' title='bbox 337 2436 397 2476; x_wconf 77' lang='grc' dir='ltr'>καὶ</span> <span class='ocrx_word' id='word_1_291' title='bbox 429 2437 555 2474; x_wconf 84' lang='grc' dir='ltr'>ἄλλοτε</span> <span class='ocrx_word' id='word_1_292' title='bbox 585 2439 644 2474; x_wconf 87' lang='grc' dir='ltr'>τοῦ</span> <span class='ocrx_word' id='word_1_293' title='bbox 667 2435 767 2483; x_wconf 79' lang='grc' dir='ltr'>ἡλίου</span> <span class='ocrx_word' id='word_1_294' title='bbox 793 2435 925 2488; x_wconf 83' lang='grc' dir='ltr'>θερμὴν</span> <span class='ocrx_word' id='word_1_295' title='bbox 943 2435 1006 2484; x_wconf 81' lang='grc' dir='ltr'>τὴν</span> <span class='ocrx_word' id='word_1_296' title='bbox 1035 2438 1158 2475; x_wconf 88' lang='grc' dir='ltr'>ἀκτῖνα</span> 
     </span>
     <span class='ocr_line' id='line_1_40' title="bbox 131 2495 1160 2550; baseline 0 -14"><span class='ocrx_word' id='word_1_297' title='bbox 131 2498 308 2550; x_wconf 69' lang='grc' dir='ltr'>ἀφιέντος,</span> <span class='ocrx_word' id='word_1_298' title='bbox 329 2499 367 2536; x_wconf 82' lang='grc' dir='ltr'>οὐ</span> <span class='ocrx_word' id='word_1_299' title='bbox 388 2497 470 2548; x_wconf 88' lang='grc' dir='ltr'>μίαν</span> <span class='ocrx_word' id='word_1_300' title='bbox 490 2495 568 2535; x_wconf 76' lang='grc' dir='ltr'>οὐδὲ</span> <span class='ocrx_word' id='word_1_301' title='bbox 589 2496 647 2536; x_wconf 84' lang='grc' dir='ltr'>δύο</span> <span class='ocrx_word' id='word_1_302' title='bbox 665 2495 778 2549; x_wconf 80' lang='grc' dir='ltr'>ὥρας,</span> <span class='ocrx_word' id='word_1_303' title='bbox 795 2496 886 2536; x_wconf 80' lang='grc' dir='ltr'>ἀλλὰ</span> <span class='ocrx_word' id='word_1_304' title='bbox 910 2497 950 2536; x_wconf 79' lang='grc' dir='ltr'>τὸ</span> <span class='ocrx_word' id='word_1_305' title='bbox 973 2497 1079 2536; x_wconf 86' lang='grc' dir='ltr'>πλέον</span> <span class='ocrx_word' id='word_1_306' title='bbox 1098 2501 1160 2544; x_wconf 80' lang='grc' dir='ltr'>τ’ἧς</span> 
     </span>
     <span class='ocr_line' id='line_1_41' title="bbox 131 2556 1160 2612; baseline 0.001 -16"><span class='ocrx_word' id='word_1_307' title='bbox 131 2559 266 2612; x_wconf 76' lang='grc' dir='ltr'>ἡμέρας</span> <span class='ocrx_word' id='word_1_308' title='bbox 296 2557 562 2610; x_wconf 78' lang='grc' dir='ltr'>διημερεύουσι,</span> <span class='ocrx_word' id='word_1_309' title='bbox 589 2557 648 2595; x_wconf 84' lang='grc' dir='ltr'>καὶ</span> <span class='ocrx_word' id='word_1_310' title='bbox 666 2556 744 2596; x_wconf 83' lang='grc' dir='ltr'>οὔτε</span> <span class='ocrx_word' id='word_1_311' title='bbox 765 2560 783 2596; x_wconf 84' lang='grc' dir='ltr'>ὃ</span> <span class='ocrx_word' id='word_1_312' title='bbox 801 2557 911 2610; x_wconf 91' lang='grc' dir='ltr'>γέρων</span> <span class='ocrx_word' id='word_1_313' title='bbox 930 2559 1077 2597; x_wconf 78' lang='grc' dir='ltr'>αἰδεῖται</span> <span class='ocrx_word' id='word_1_314' title='bbox 1096 2558 1160 2604; x_wconf 73' lang='grc' dir='ltr'>τὴν</span> 
     </span>
     <span class='ocr_line' id='line_1_42' title="bbox 130 2617 1162 2670; baseline 0.001 -13"><span class='ocrx_word' id='word_1_315' title='bbox 130 2619 269 2668; x_wconf 74' lang='grc' dir='ltr'>πολιὰν,</span> <span class='ocrx_word' id='word_1_316' title='bbox 294 2619 372 2658; x_wconf 84' lang='grc' dir='ltr'>οὔτε</span> <span class='ocrx_word' id='word_1_317' title='bbox 394 2622 411 2657; x_wconf 81' lang='grc' dir='ltr'><em>ὃ</em></span> <span class='ocrx_word' id='word_1_318' title='bbox 431 2618 503 2662; x_wconf 87' lang='grc' dir='ltr'>νέος</span> <span class='ocrx_word' id='word_1_319' title='bbox 537 2617 739 2670; x_wconf 68' lang='grc' dir='ltr'>αἰσχύνεται</span> <span class='ocrx_word' id='word_1_320' title='bbox 767 2618 853 2670; x_wconf 82' lang='grc' dir='ltr'>πρὸς</span> <span class='ocrx_word' id='word_1_321' title='bbox 880 2618 925 2658; x_wconf 79' lang='grc' dir='ltr'>τὰ</span> <span class='ocrx_word' id='word_1_322' title='bbox 955 2623 1017 2667; x_wconf 74' lang='grc' dir='ltr'>τῆς</span> <span class='ocrx_word' id='word_1_323' title='bbox 1038 2621 1162 2664; x_wconf 84' lang='grc' dir='ltr'>πολιᾶς</span> 
     </span>
     <span class='ocr_line' id='line_1_43' title="bbox 131 2678 1159 2731; baseline 0.001 -13"><span class='ocrx_word' id='word_1_324' title='bbox 131 2679 388 2731; x_wconf 80' lang='grc' dir='ltr'>ὑπεκκαύματα</span> <span class='ocrx_word' id='word_1_325' title='bbox 415 2679 584 2731; x_wconf 82' lang='grc' dir='ltr'>βαδίζων·</span> <span class='ocrx_word' id='word_1_326' title='bbox 615 2678 706 2717; x_wconf 82' lang='grc' dir='ltr'>ἀλλὰ</span> <span class='ocrx_word' id='word_1_327' title='bbox 726 2679 879 2727; x_wconf 83' lang='grc' dir='ltr'>τοσαύτη</span> <span class='ocrx_word' id='word_1_328' title='bbox 900 2683 921 2727; x_wconf 88' lang='grc' dir='ltr'>ἡ</span> <span class='ocrx_word' id='word_1_329' title='bbox 943 2681 1064 2727; x_wconf 88' lang='grc' dir='ltr'>ἀπάτη</span> <span class='ocrx_word' id='word_1_330' title='bbox 1077 2711 1086 2729; x_wconf 91' lang='grc'>,</span> <span class='ocrx_word' id='word_1_331' title='bbox 1113 2683 1159 2724; x_wconf 84' lang='grc' dir='ltr'>ὡς</span> 
     </span>
     <span class='ocr_line' id='line_1_44' title="bbox 131 2741 1159 2794; baseline 0 -15"><span class='ocrx_word' id='word_1_332' title='bbox 131 2741 191 2779; x_wconf 83' lang='grc' dir='ltr'>καὶ</span> <span class='ocrx_word' id='word_1_333' title='bbox 218 2743 293 2792; x_wconf 88' lang='grc' dir='ltr'>μεθ’</span> <span class='ocrx_word' id='word_1_334' title='bbox 320 2743 447 2788; x_wconf 67' lang='grc' dir='ltr'>ἡδονῆς</span> <span class='ocrx_word' id='word_1_335' title='bbox 465 2741 505 2779; x_wconf 83' lang='grc' dir='ltr'>τὸ</span> <span class='ocrx_word' id='word_1_336' title='bbox 522 2741 646 2792; x_wconf 85' lang='grc' dir='ltr'>δέλεαρ</span> <span class='ocrx_word' id='word_1_337' title='bbox 668 2742 777 2778; x_wconf 83' lang='grc' dir='ltr'>ἐκεῖνο</span> <span class='ocrx_word' id='word_1_338' title='bbox 795 2742 864 2778; x_wconf 87' lang='grc' dir='ltr'>τῶν</span> <span class='ocrx_word' id='word_1_339' title='bbox 878 2742 999 2794; x_wconf 82' lang='grc' dir='ltr'>ψυχῶν</span> <span class='ocrx_word' id='word_1_340' title='bbox 1021 2742 1159 2794; x_wconf 84' lang='grc' dir='ltr'>προσίε-</span> 
     </span>
     <span class='ocr_line' id='line_1_45' title="bbox 131 2801 1159 2853; baseline 0.002 -13"><span class='ocrx_word' id='word_1_341' title='bbox 131 2805 234 2850; x_wconf 80' lang='grc' dir='ltr'>σθαι,</span> <span class='ocrx_word' id='word_1_342' title='bbox 257 2802 316 2841; x_wconf 80' lang='grc' dir='ltr'>καὶ</span> <span class='ocrx_word' id='word_1_343' title='bbox 334 2802 382 2853; x_wconf 86' lang='grc' dir='ltr'>μὴ</span> <span class='ocrx_word' id='word_1_344' title='bbox 403 2805 526 2841; x_wconf 85' lang='grc' dir='ltr'>ἐννοεῖν</span> <span class='ocrx_word' id='word_1_345' title='bbox 540 2805 603 2848; x_wconf 66' lang='grc' dir='ltr'>τῆς</span> <span class='ocrx_word' id='word_1_346' title='bbox 622 2802 748 2848; x_wconf 71' lang='grc' dir='ltr'>ἡδονῆς</span> <span class='ocrx_word' id='word_1_347' title='bbox 778 2801 841 2852; x_wconf 78' lang='grc' dir='ltr'>μὲν</span> <span class='ocrx_word' id='word_1_348' title='bbox 860 2805 922 2849; x_wconf 74' lang='grc' dir='ltr'>τῆς</span> <span class='ocrx_word' id='word_1_349' title='bbox 949 2802 1159 2847; x_wconf 64' lang='grc' dir='ltr'>ἐπιὸλαὸοῦς</span> 
     </span>
     <span class='ocr_line' id='line_1_46' title="bbox 130 2863 1158 2916; baseline 0.004 -16"><span class='ocrx_word' id='word_1_350' title='bbox 130 2863 170 2902; x_wconf 79' lang='grc' dir='ltr'>τὸ</span> <span class='ocrx_word' id='word_1_351' title='bbox 194 2863 307 2916; x_wconf 77' lang='grc' dir='ltr'>βραχὺ</span> <span class='ocrx_word' id='word_1_352' title='bbox 326 2863 386 2902; x_wconf 78' lang='grc' dir='ltr'>καὶ</span> <span class='ocrx_word' id='word_1_353' title='bbox 405 2863 632 2916; x_wconf 78' lang='grc' dir='ltr'>πρόσκαιρον,</span> <span class='ocrx_word' id='word_1_354' title='bbox 654 2865 716 2909; x_wconf 73' lang='grc' dir='ltr'>τῆς</span> <span class='ocrx_word' id='word_1_355' title='bbox 736 2863 773 2902; x_wconf 83' lang='grc' dir='ltr'>δὲ</span> <span class='ocrx_word' id='word_1_356' title='bbox 792 2863 915 2912; x_wconf 81' lang='grc' dir='ltr'>ὀδύνης</span> <span class='ocrx_word' id='word_1_357' title='bbox 930 2865 968 2904; x_wconf 81' lang='grc' dir='ltr'>τὸ</span> <span class='ocrx_word' id='word_1_358' title='bbox 985 2865 1137 2911; x_wconf 83' lang='grc' dir='ltr'>διηνεκὲς</span> <span class='ocrx_word' id='word_1_359' title='bbox 1149 2897 1158 2915; x_wconf 89' lang='grc'>,</span> 
     </span>
     <span class='ocr_line' id='line_1_47' title="bbox 133 2924 1158 2981; baseline 0.003 -19"><span class='ocrx_word' id='word_1_360' title='bbox 133 2925 192 2962; x_wconf 78' lang='grc' dir='ltr'>καὶ</span> <span class='ocrx_word' id='word_1_361' title='bbox 219 2930 279 2964; x_wconf 86' lang='grc' dir='ltr'>τοῦ</span> <span class='ocrx_word' id='word_1_362' title='bbox 309 2924 501 2970; x_wconf 85' lang='grc' dir='ltr'>συνειδότος</span> <span class='ocrx_word' id='word_1_363' title='bbox 522 2925 585 2972; x_wconf 82' lang='grc' dir='ltr'>τὴν</span> <span class='ocrx_word' id='word_1_364' title='bbox 608 2925 833 2979; x_wconf 85' lang='grc' dir='ltr'>κατηγορίαν.</span> <span class='ocrx_word' id='word_1_365' title='bbox 854 2925 952 2981; x_wconf 86' lang='grc' dir='ltr'>Ὁρῶ</span> <span class='ocrx_word' id='word_1_366' title='bbox 973 2926 1041 2981; x_wconf 82' lang='grc' dir='ltr'>γὰρ</span> <span class='ocrx_word' id='word_1_367' title='bbox 1060 2928 1158 2966; x_wconf 82' lang='grc' dir='ltr'>ἐνίων</span> 
     </span>
     <span class='ocr_line' id='line_1_48' title="bbox 133 2985 1158 3041; baseline 0.003 -18"><span class='ocrx_word' id='word_1_368' title='bbox 133 2985 192 3023; x_wconf 75' lang='grc' dir='ltr'>καὶ</span> <span class='ocrx_word' id='word_1_369' title='bbox 209 2990 266 3024; x_wconf 83' lang='grc' dir='ltr'>νῦν</span> <span class='ocrx_word' id='word_1_370' title='bbox 284 2986 327 3024; x_wconf 76' lang='grc' dir='ltr'>τὰ</span> <span class='ocrx_word' id='word_1_371' title='bbox 342 2986 532 3039; x_wconf 80' lang='grc' dir='ltr'>πρόσωπα,</span> <span class='ocrx_word' id='word_1_372' title='bbox 553 2986 613 3025; x_wconf 78' lang='grc' dir='ltr'>καὶ</span> <span class='ocrx_word' id='word_1_373' title='bbox 632 2985 849 3039; x_wconf 82' lang='grc' dir='ltr'>στοχάζομαι</span> <span class='ocrx_word' id='word_1_374' title='bbox 869 2991 932 3035; x_wconf 74' lang='grc' dir='ltr'>τῆς</span> <span class='ocrx_word' id='word_1_375' title='bbox 953 2991 1068 3041; x_wconf 75' lang='grc' dir='ltr'>ψυχῆς</span> <span class='ocrx_word' id='word_1_376' title='bbox 1096 2988 1158 3035; x_wconf 78' lang='grc' dir='ltr'>τὴν</span> 
     </span>
     <span class='ocr_line' id='line_1_49' title="bbox 133 3046 1158 3103; baseline 0.005 -20"><span class='ocrx_word' id='word_1_377' title='bbox 133 3046 367 3094; x_wconf 80' lang='grc' dir='ltr'>κατάστασιν,</span> <span class='ocrx_word' id='word_1_378' title='bbox 386 3047 446 3084; x_wconf 84' lang='grc' dir='ltr'>καὶ</span> <span class='ocrx_word' id='word_1_379' title='bbox 464 3046 529 3094; x_wconf 81' lang='grc' dir='ltr'>ὅση</span> <span class='ocrx_word' id='word_1_380' title='bbox 544 3050 602 3086; x_wconf 89' lang='grc' dir='ltr'>νῦν</span> <span class='ocrx_word' id='word_1_381' title='bbox 623 3049 739 3091; x_wconf 84' lang='grc' dir='ltr'>αὐτοῖς</span> <span class='ocrx_word' id='word_1_382' title='bbox 763 3051 785 3094; x_wconf 84' lang='grc' dir='ltr'>ἡ</span> <span class='ocrx_word' id='word_1_383' title='bbox 807 3049 974 3099; x_wconf 81' lang='grc' dir='ltr'>μετάνοια</span> <span class='ocrx_word' id='word_1_384' title='bbox 999 3050 1158 3103; x_wconf 79' lang='grc' dir='ltr'>εἰσέρχε-</span> 
     </span>
     <span class='ocr_line' id='line_1_50' title="bbox 134 3107 1157 3163; baseline 0.004 -18"><span class='ocrx_word' id='word_1_385' title='bbox 134 3123 202 3146; x_wconf 87' lang='grc' dir='ltr'>ται.</span> <span class='ocrx_word' id='word_1_386' title='bbox 225 3107 316 3146; x_wconf 81' lang='grc' dir='ltr'>Ἀλλ’</span> <span class='ocrx_word' id='word_1_387' title='bbox 352 3107 446 3151; x_wconf 83' lang='grc' dir='ltr'>ὅπως</span> <span class='ocrx_word' id='word_1_388' title='bbox 478 3108 526 3159; x_wconf 87' lang='grc' dir='ltr'>μὴ</span> <span class='ocrx_word' id='word_1_389' title='bbox 546 3108 651 3148; x_wconf 87' lang='grc' dir='ltr'>πάλιν</span> <span class='ocrx_word' id='word_1_390' title='bbox 686 3116 758 3153; x_wconf 85' lang='grc' dir='ltr'>τοῖς</span> <span class='ocrx_word' id='word_1_391' title='bbox 782 3112 897 3154; x_wconf 84' lang='grc' dir='ltr'>αὐτοῖς</span> <span class='ocrx_word' id='word_1_392' title='bbox 925 3110 1157 3163; x_wconf 84' lang='grc' dir='ltr'>περιπέσητε,</span> 
     </span>
     <span class='ocr_line' id='line_1_51' title="bbox 134 3168 1160 3224; baseline 0.003 -16"><span class='ocrx_word' id='word_1_393' title='bbox 134 3168 222 3219; x_wconf 75' lang='grc' dir='ltr'>μηδὲ</span> <span class='ocrx_word' id='word_1_394' title='bbox 239 3168 327 3220; x_wconf 74' lang='grc' dir='ltr'>μετὰ</span> <span class='ocrx_word' id='word_1_395' title='bbox 345 3168 408 3216; x_wconf 82' lang='grc' dir='ltr'>τὴν</span> <span class='ocrx_word' id='word_1_396' title='bbox 428 3170 599 3218; x_wconf 80' lang='grc' dir='ltr'>τοσαύτην</span> <span class='ocrx_word' id='word_1_397' title='bbox 619 3173 720 3222; x_wconf 81' lang='grc' dir='ltr'>ἡμῶν</span> <span class='ocrx_word' id='word_1_398' title='bbox 744 3171 949 3224; x_wconf 86' lang='grc' dir='ltr'>παραίνεσιν</span> <span class='ocrx_word' id='word_1_399' title='bbox 970 3173 1076 3211; x_wconf 84' lang='grc' dir='ltr'>πάλιν</span> <span class='ocrx_word' id='word_1_400' title='bbox 1103 3173 1160 3211; x_wconf 73' lang='grc' dir='ltr'>ἐπὶ</span> 
     </span>
    </p>
   </div>
   <div class='ocr_carea' id='block_1_7' title="bbox 2106 203 2128 226">
    <p class='ocr_par' dir='ltr' id='par_1_7' title="bbox 2106 203 2128 226">
     <span class='ocr_line' id='line_1_52' title="bbox 2106 203 2128 226; baseline 0 -15"><span class='ocrx_word' id='word_1_401' title='bbox 2106 203 2128 226; x_wconf 51' lang='grc' dir='ltr'>Γ</span> 
     </span>
    </p>
   </div>
   <div class='ocr_carea' id='block_1_8' title="bbox 1273 219 2153 248">
    <p class='ocr_par' dir='ltr' id='par_1_8' title="bbox 1273 219 2153 248">
     <span class='ocr_line' id='line_1_53' title="bbox 1273 219 2153 248; baseline 0 0"><span class='ocrx_word' id='word_1_402' title='bbox 1273 219 1431 248; x_wconf 66' lang='lat' dir='ltr'>nomn„</span> <span class='ocrx_word' id='word_1_403' title='bbox 2109 223 2153 248; x_wconf 80' lang='lat'>)1</span> 
     </span>
    </p>
   </div>
   <div class='ocr_carea' id='block_1_9' title="bbox 1474 219 1535 248">
    <p class='ocr_par' dir='ltr' id='par_1_9' title="bbox 1474 219 1535 248">
     <span class='ocr_line' id='line_1_54' title="bbox 1474 219 1535 248; baseline 0 -1"><span class='ocrx_word' id='word_1_404' title='bbox 1474 219 1535 248; x_wconf 74' lang='lat' dir='ltr'>vi.</span> 
     </span>
    </p>
   </div>
   <div class='ocr_carea' id='block_1_10' title="bbox 1212 299 2175 961">
    <p class='ocr_par' dir='ltr' id='par_1_10' title="bbox 1212 299 2175 961">
     <span class='ocr_line' id='line_1_55' title="bbox 1213 299 2164 352; baseline -0.002 -12"><span class='ocrx_word' id='word_1_405' title='bbox 1213 302 1308 350; x_wconf 81' lang='lat' dir='ltr'>miae,</span> <span class='ocrx_word' id='word_1_406' title='bbox 1328 310 1362 339; x_wconf 90' lang='lat' dir='ltr'>et</span> <span class='ocrx_word' id='word_1_407' title='bbox 1380 301 1485 339; x_wconf 87' lang='lat' dir='ltr'>multi</span> <span class='ocrx_word' id='word_1_408' title='bbox 1504 299 1740 352; x_wconf 82' lang='lat' dir='ltr'>intempestivi</span> <span class='ocrx_word' id='word_1_409' title='bbox 1756 313 1932 337; x_wconf 82' lang='lat' dir='ltr'>sermones</span> <span class='ocrx_word' id='word_1_410' title='bbox 1953 300 2164 345; x_wconf 77' lang='lat' dir='ltr'>audiuntur,</span> 
     </span>
     <span class='ocr_line' id='line_1_56' title="bbox 1212 360 2166 414; baseline -0.003 -13"><span class='ocrx_word' id='word_1_411' title='bbox 1212 371 1246 400; x_wconf 86' lang='lat' dir='ltr'>et</span> <span class='ocrx_word' id='word_1_412' title='bbox 1265 362 1432 401; x_wconf 89' lang='lat' dir='ltr'>mulieres</span> <span class='ocrx_word' id='word_1_413' title='bbox 1460 360 1659 414; x_wconf 66' lang='lat' dir='ltr'>prostitutae</span> <span class='ocrx_word' id='word_1_414' title='bbox 1679 360 1714 398; x_wconf 92' lang='lat' dir='ltr'>in</span> <span class='ocrx_word' id='word_1_415' title='bbox 1735 360 1893 399; x_wconf 79' lang='lat' dir='ltr'>inedium</span> <span class='ocrx_word' id='word_1_416' title='bbox 1923 361 2111 412; x_wconf 82' lang='lat' dir='ltr'>prodeunt,</span> <span class='ocrx_word' id='word_1_417' title='bbox 2134 371 2166 398; x_wconf 85' lang='lat' dir='ltr'>et</span> 
     </span>
     <span class='ocr_line' id='line_1_57' title="bbox 1212 420 2167 476; baseline -0.005 -14"><span class='ocrx_word' id='word_1_418' title='bbox 1212 433 1416 476; x_wconf 82' lang='lat' dir='ltr'>spectantur</span> <span class='ocrx_word' id='word_1_419' title='bbox 1434 422 1558 461; x_wconf 88' lang='lat' dir='ltr'>molles</span> <span class='ocrx_word' id='word_1_420' title='bbox 1577 430 1610 460; x_wconf 92' lang='lat' dir='ltr'>et</span> <span class='ocrx_word' id='word_1_421' title='bbox 1626 421 1817 459; x_wconf 82' lang='lat' dir='ltr'>effeminati</span> <span class='ocrx_word' id='word_1_422' title='bbox 1843 420 1957 472; x_wconf 78' lang='lat' dir='ltr'>pueri.</span> <span class='ocrx_word' id='word_1_423' title='bbox 1979 422 2070 458; x_wconf 74' lang='lat' dir='ltr'>Num</span> <span class='ocrx_word' id='word_1_424' title='bbox 2088 436 2167 473; x_wconf 83' lang='lat' dir='ltr'>par-</span> 
     </span>
     <span class='ocr_line' id='line_1_58' title="bbox 1215 481 2169 533; baseline -0.004 -11"><span class='ocrx_word' id='word_1_425' title='bbox 1215 498 1259 522; x_wconf 76' lang='lat' dir='ltr'>va</span> <span class='ocrx_word' id='word_1_426' title='bbox 1282 485 1344 522; x_wconf 81' lang='lat' dir='ltr'>tibi</span> <span class='ocrx_word' id='word_1_427' title='bbox 1366 484 1439 521; x_wconf 71' lang='lat' dir='ltr'>brec</span> <span class='ocrx_word' id='word_1_428' title='bbox 1457 483 1636 529; x_wconf 86' lang='lat' dir='ltr'>videntur,</span> <span class='ocrx_word' id='word_1_429' title='bbox 1658 491 1691 520; x_wconf 92' lang='lat' dir='ltr'>et</span> <span class='ocrx_word' id='word_1_430' title='bbox 1711 496 1788 532; x_wconf 86' lang='lat' dir='ltr'>qua·</span> <span class='ocrx_word' id='word_1_431' title='bbox 1807 481 1854 519; x_wconf 88' lang='lat' dir='ltr'>ad</span> <span class='ocrx_word' id='word_1_432' title='bbox 1875 481 2037 533; x_wconf 77' lang='lat' dir='ltr'>captivas</span> <span class='ocrx_word' id='word_1_433' title='bbox 2055 482 2169 518; x_wconf 75' lang='lat' dir='ltr'>abdu-</span> 
     </span>
     <span class='ocr_line' id='line_1_59' title="bbox 1217 542 2169 596; baseline -0.004 -13"><span class='ocrx_word' id='word_1_434' title='bbox 1217 545 1344 583; x_wconf 78' lang='lat' dir='ltr'>condas</span> <span class='ocrx_word' id='word_1_435' title='bbox 1374 544 1512 582; x_wconf 89' lang='lat' dir='ltr'>animas</span> <span class='ocrx_word' id='word_1_436' title='bbox 1537 558 1664 596; x_wconf 90' lang='lat' dir='ltr'>parum</span> <span class='ocrx_word' id='word_1_437' title='bbox 1691 543 1851 580; x_wconf 70' lang='lat' dir='ltr'>saciant?</span> <span class='ocrx_word' id='word_1_438' title='bbox 1871 544 1961 580; x_wconf 70' lang='lat' dir='ltr'>Nam</span> <span class='ocrx_word' id='word_1_439' title='bbox 1982 542 2011 580; x_wconf 89' lang='lat' dir='ltr'>si</span> <span class='ocrx_word' id='word_1_440' title='bbox 2031 543 2169 580; x_wconf 82' lang='lat' dir='ltr'>fortuiti</span> 
     </span>
     <span class='ocr_line' id='line_1_60' title="bbox 1216 603 2169 656; baseline -0.003 -13"><span class='ocrx_word' id='word_1_441' title='bbox 1216 615 1409 644; x_wconf 77' lang='lat' dir='ltr'>conventus</span> <span class='ocrx_word' id='word_1_442' title='bbox 1438 605 1596 643; x_wconf 87' lang='lat' dir='ltr'>incautos</span> <span class='ocrx_word' id='word_1_443' title='bbox 1628 617 1719 656; x_wconf 66' lang='lat' dir='ltr'>sche</span> <span class='ocrx_word' id='word_1_444' title='bbox 1754 603 2045 656; x_wconf 83' lang='lat' dir='ltr'>supplantarunt,</span> <span class='ocrx_word' id='word_1_445' title='bbox 2075 612 2108 640; x_wconf 89' lang='lat' dir='ltr'>et</span> <span class='ocrx_word' id='word_1_446' title='bbox 2136 603 2169 640; x_wconf 90' lang='lat' dir='ltr'>in</span> 
     </span>
     <span class='ocr_line' id='line_1_61' title="bbox 1219 664 2172 719; baseline -0.001 -16"><span class='ocrx_word' id='word_1_447' title='bbox 1219 666 1426 719; x_wconf 80' lang='lat' dir='ltr'>perditionis</span> <span class='ocrx_word' id='word_1_448' title='bbox 1439 664 1657 718; x_wconf 80' lang='lat' dir='ltr'>profundum</span> <span class='ocrx_word' id='word_1_449' title='bbox 1677 679 1768 717; x_wconf 69' lang='lat' dir='ltr'>saepe</span> <span class='ocrx_word' id='word_1_450' title='bbox 1785 673 1984 713; x_wconf 83' lang='lat' dir='ltr'>traxerunt,</span> <span class='ocrx_word' id='word_1_451' title='bbox 2004 664 2092 715; x_wconf 86' lang='lat' dir='ltr'>quid</span> <span class='ocrx_word' id='word_1_452' title='bbox 2112 678 2172 702; x_wconf 81' lang='lat' dir='ltr'>ve-</span> 
     </span>
     <span class='ocr_line' id='line_1_62' title="bbox 1219 725 2172 776; baseline -0.003 -11"><span class='ocrx_word' id='word_1_453' title='bbox 1219 727 1369 765; x_wconf 85' lang='lat' dir='ltr'>risimile</span> <span class='ocrx_word' id='word_1_454' title='bbox 1390 736 1441 764; x_wconf 86' lang='lat' dir='ltr'>cst</span> <span class='ocrx_word' id='word_1_455' title='bbox 1466 725 1626 764; x_wconf 87' lang='lat' dir='ltr'>accidere</span> <span class='ocrx_word' id='word_1_456' title='bbox 1653 725 1738 772; x_wconf 83' lang='lat' dir='ltr'>illis,</span> <span class='ocrx_word' id='word_1_457' title='bbox 1759 725 1820 776; x_wconf 87' lang='lat' dir='ltr'>qui</span> <span class='ocrx_word' id='word_1_458' title='bbox 1844 725 1930 762; x_wconf 88' lang='lat' dir='ltr'>illue</span> <span class='ocrx_word' id='word_1_459' title='bbox 1950 739 1988 762; x_wconf 88' lang='lat' dir='ltr'>ea</span> <span class='ocrx_word' id='word_1_460' title='bbox 2008 725 2053 763; x_wconf 89' lang='lat' dir='ltr'>de</span> <span class='ocrx_word' id='word_1_461' title='bbox 2068 739 2172 763; x_wconf 86' lang='lat' dir='ltr'>causa</span> 
     </span>
     <span class='ocr_line' id='line_1_63' title="bbox 1221 785 2173 838; baseline 0 -14"><span class='ocrx_word' id='word_1_462' title='bbox 1221 787 1383 837; x_wconf 68' lang='lat' dir='ltr'>veniunt,</span> <span class='ocrx_word' id='word_1_463' title='bbox 1405 795 1438 823; x_wconf 91' lang='lat' dir='ltr'>et</span> <span class='ocrx_word' id='word_1_464' title='bbox 1453 786 1575 823; x_wconf 89' lang='lat' dir='ltr'>oculos</span> <span class='ocrx_word' id='word_1_465' title='bbox 1598 794 1745 837; x_wconf 82' lang='lat' dir='ltr'>pascunt</span> <span class='ocrx_word' id='word_1_466' title='bbox 1765 785 1902 823; x_wconf 76' lang='lat' dir='ltr'>illicitis</span> <span class='ocrx_word' id='word_1_467' title='bbox 1922 786 2018 824; x_wconf 87' lang='lat' dir='ltr'>liisce</span> <span class='ocrx_word' id='word_1_468' title='bbox 2038 795 2173 838; x_wconf 88' lang='lat' dir='ltr'>specta-</span> 
     </span>
     <span class='ocr_line' id='line_1_64' title="bbox 1219 845 2173 899; baseline -0.001 -13"><span class='ocrx_word' id='word_1_469' title='bbox 1219 848 1324 895; x_wconf 81' lang='lat' dir='ltr'>culis,</span> <span class='ocrx_word' id='word_1_470' title='bbox 1344 856 1378 886; x_wconf 88' lang='lat' dir='ltr'>et</span> <span class='ocrx_word' id='word_1_471' title='bbox 1397 846 1481 885; x_wconf 91' lang='lat' dir='ltr'>inde</span> <span class='ocrx_word' id='word_1_472' title='bbox 1496 846 1640 899; x_wconf 81' lang='lat' dir='ltr'>perfecti</span> <span class='ocrx_word' id='word_1_473' title='bbox 1661 845 1814 883; x_wconf 81' lang='lat' dir='ltr'>adulteri</span> <span class='ocrx_word' id='word_1_474' title='bbox 1833 846 2047 884; x_wconf 65' lang='lat' dir='ltr'>discedunt?</span> <span class='ocrx_word' id='word_1_475' title='bbox 2065 848 2173 885; x_wconf 71' lang='lat' dir='ltr'>Beni-</span> 
     </span>
     <span class='ocr_line' id='line_1_65' title="bbox 1220 907 2175 961; baseline 0 -14"><span class='ocrx_word' id='word_1_476' title='bbox 1220 923 1311 961; x_wconf 82' lang='lat' dir='ltr'>gnus</span> <span class='ocrx_word' id='word_1_477' title='bbox 1337 908 1432 946; x_wconf 90' lang='lat' dir='ltr'>enim</span> <span class='ocrx_word' id='word_1_478' title='bbox 1455 908 1632 946; x_wconf 88' lang='lat' dir='ltr'>Dominus</span> <span class='ocrx_word' id='word_1_479' title='bbox 1661 916 1778 945; x_wconf 84' lang='lat' dir='ltr'>noster</span> <span class='ocrx_word' id='word_1_480' title='bbox 1797 907 1909 945; x_wconf 86' lang='lat' dir='ltr'>sciens·</span> <span class='ocrx_word' id='word_1_481' title='bbox 1930 916 2092 945; x_wconf 86' lang='lat' dir='ltr'>naturam</span> <span class='ocrx_word' id='word_1_482' title='bbox 2116 923 2175 947; x_wconf 89' lang='lat' dir='ltr'>no—</span> 
     </span>
    </p>
   </div>
   <div class='ocr_carea' id='block_1_11' title="bbox 1182 967 2175 1021">
    <p class='ocr_par' dir='ltr' id='par_1_11' title="bbox 1182 967 2175 1021">
     <span class='ocr_line' id='line_1_66' title="bbox 1182 967 2175 1021; baseline -0.002 -13"><span class='ocrx_word' id='word_1_483' title='bbox 1182 989 1194 1018; x_wconf 72' lang='lat'><em>3</em></span> <span class='ocrx_word' id='word_1_484' title='bbox 1220 980 1330 1009; x_wconf 89' lang='lat' dir='ltr'>stram</span> <span class='ocrx_word' id='word_1_485' title='bbox 1347 969 1531 1007; x_wconf 84' lang='lat' dir='ltr'>tentationi</span> <span class='ocrx_word' id='word_1_486' title='bbox 1543 968 1755 1021; x_wconf 80' lang='lat' dir='ltr'>expositam,</span> <span class='ocrx_word' id='word_1_487' title='bbox 1771 977 1803 1005; x_wconf 84' lang='lat' dir='ltr'>et</span> <span class='ocrx_word' id='word_1_488' title='bbox 1815 967 1986 1005; x_wconf 75' lang='lat' dir='ltr'>daentonis</span> <span class='ocrx_word' id='word_1_489' title='bbox 1998 978 2175 1006; x_wconf 77' lang='lat' dir='ltr'>versutam</span> 
     </span>
    </p>
   </div>
   <div class='ocr_carea' id='block_1_12' title="bbox 1222 1030 2176 1148">
    <p class='ocr_par' dir='ltr' id='par_1_12' title="bbox 1222 1030 2176 1148">
     <span class='ocr_line' id='line_1_67' title="bbox 1222 1030 2176 1079; baseline -0.002 -8"><span class='ocrx_word' id='word_1_490' title='bbox 1222 1042 1256 1071; x_wconf 92' lang='lat' dir='ltr'>et</span> <span class='ocrx_word' id='word_1_491' title='bbox 1275 1032 1413 1071; x_wconf 83' lang='lat' dir='ltr'>variam</span> <span class='ocrx_word' id='word_1_492' title='bbox 1439 1031 1630 1079; x_wconf 82' lang='lat' dir='ltr'>malitiam,</span> <span class='ocrx_word' id='word_1_493' title='bbox 1654 1031 1743 1069; x_wconf 87' lang='lat' dir='ltr'>bene</span> <span class='ocrx_word' id='word_1_494' title='bbox 1762 1044 1825 1068; x_wconf 92' lang='lat' dir='ltr'>nos</span> <span class='ocrx_word' id='word_1_495' title='bbox 1844 1030 2006 1068; x_wconf 88' lang='lat' dir='ltr'>muniens</span> <span class='ocrx_word' id='word_1_496' title='bbox 2025 1039 2057 1068; x_wconf 88' lang='lat' dir='ltr'>ct</span> <span class='ocrx_word' id='word_1_497' title='bbox 2076 1030 2176 1069; x_wconf 79' lang='lat' dir='ltr'>inex-</span> 
     </span>
     <span class='ocr_line' id='line_1_68' title="bbox 1224 1091 2174 1148; baseline -0.005 -15"><span class='ocrx_word' id='word_1_498' title='bbox 1224 1094 1434 1148; x_wconf 87' lang='lat' dir='ltr'>pugnabiles</span> <span class='ocrx_word' id='word_1_499' title='bbox 1459 1092 1608 1131; x_wconf 85' lang='lat' dir='ltr'>reddere</span> <span class='ocrx_word' id='word_1_500' title='bbox 1633 1093 1776 1141; x_wconf 80' lang='lat' dir='ltr'>volens,</span> <span class='ocrx_word' id='word_1_501' title='bbox 1796 1091 1910 1144; x_wconf 83' lang='lat' dir='ltr'>legem</span> <span class='ocrx_word' id='word_1_502' title='bbox 1931 1091 2021 1129; x_wconf 85' lang='lat' dir='ltr'>lianc</span> <span class='ocrx_word' id='word_1_503' title='bbox 2041 1092 2174 1144; x_wconf 80' lang='lat' dir='ltr'>posuit,</span> 
     </span>
    </p>
   </div>
   <div class='ocr_carea' id='block_1_13' title="bbox 1222 1154 2345 1207">
    <p class='ocr_par' dir='ltr' id='par_1_13' title="bbox 1222 1154 2345 1207">
     <span class='ocr_line' id='line_1_69' title="bbox 1222 1154 2345 1207; baseline -0.01 -11"><span class='ocrx_word' id='word_1_504' title='bbox 1222 1156 1344 1195; x_wconf 86' lang='lat' dir='ltr'>dicens</span> <span class='ocrx_word' id='word_1_505' title='bbox 1363 1156 1469 1207; x_wconf 78' lang='lat' dir='ltr'>:Qui</span> <span class='ocrx_word' id='word_1_506' title='bbox 1481 1157 1636 1206; x_wconf 76' lang='lat' dir='ltr'>inspicit</span> <span class='ocrx_word' id='word_1_507' title='bbox 1650 1154 1850 1191; x_wconf 79' lang='lat' dir='ltr'>mulierem</span> <span class='ocrx_word' id='word_1_508' title='bbox 1866 1162 1907 1190; x_wconf 83' lang='lat' dir='ltr'>ut</span> <span class='ocrx_word' id='word_1_509' title='bbox 1927 1156 2176 1205; x_wconf 82' lang='lat' dir='ltr'>concupiscat</span> <span class='ocrx_word' id='word_1_510' title='bbox 2193 1161 2271 1189; x_wconf 58' lang='lat' dir='ltr'>Mau</span> <span class='ocrx_word' id='word_1_511' title='bbox 2336 1160 2345 1183; x_wconf 64' lang='grc' dir='ltr'>ἰ</span> 
     </span>
    </p>
   </div>
   <div class='ocr_carea' id='block_1_14' title="bbox 1223 1201 2242 1268">
    <p class='ocr_par' dir='ltr' id='par_1_14' title="bbox 1223 1201 2242 1268">
     <span class='ocr_line' id='line_1_70' title="bbox 1223 1201 2242 1268; baseline -0.004 -13"><span class='ocrx_word' id='word_1_512' title='bbox 1223 1231 1324 1263; x_wconf 86' lang='lat' dir='ltr'>eam,</span> <span class='ocrx_word' id='word_1_513' title='bbox 1346 1219 1432 1268; x_wconf 81' lang='lat' dir='ltr'>J&#39;am</span> <span class='ocrx_word' id='word_1_514' title='bbox 1453 1216 1700 1253; x_wconf 81' lang='lat' dir='ltr'>adulteratus</span> <span class='ocrx_word' id='word_1_515' title='bbox 1720 1223 1775 1252; x_wconf 81' lang='lat' dir='ltr'>est</span> <span class='ocrx_word' id='word_1_516' title='bbox 1796 1229 1882 1252; x_wconf 81' lang='lat' dir='ltr'>eam</span> <span class='ocrx_word' id='word_1_517' title='bbox 1899 1217 1940 1251; x_wconf 84' lang='lat' dir='ltr'>in</span> <span class='ocrx_word' id='word_1_518' title='bbox 1957 1215 2072 1252; x_wconf 81' lang='lat' dir='ltr'>corde</span> <span class='ocrx_word' id='word_1_519' title='bbox 2091 1229 2175 1261; x_wconf 83' lang='lat' dir='ltr'>suo,</span> <span class='ocrx_word' id='word_1_520' title='bbox 2194 1201 2242 1231; x_wconf 76' lang='lat'>²8·</span> 
     </span>
    </p>
   </div>
   <div class='ocr_carea' id='block_1_15' title="bbox 1223 1275 2190 2785">
    <p class='ocr_par' dir='ltr' id='par_1_15' title="bbox 1223 1275 2190 2785">
     <span class='ocr_line' id='line_1_71' title="bbox 1223 1275 2181 1328; baseline -0.002 -12"><span class='ocrx_word' id='word_1_521' title='bbox 1223 1277 1439 1317; x_wconf 85' lang='lat' dir='ltr'>adulterium</span> <span class='ocrx_word' id='word_1_522' title='bbox 1475 1284 1761 1315; x_wconf 84' lang='lat' dir='ltr'>consummatum</span> <span class='ocrx_word' id='word_1_523' title='bbox 1800 1275 1961 1316; x_wconf 80' lang='lat' dir='ltr'>vocando</span> <span class='ocrx_word' id='word_1_524' title='bbox 1999 1285 2181 1328; x_wconf 85' lang='lat' dir='ltr'>aspectum</span> 
     </span>
     <span class='ocr_line' id='line_1_72' title="bbox 1224 1337 2178 1389; baseline -0.005 -11"><span class='ocrx_word' id='word_1_525' title='bbox 1224 1354 1307 1379; x_wconf 90' lang='lat' dir='ltr'>cum</span> <span class='ocrx_word' id='word_1_526' title='bbox 1338 1338 1544 1377; x_wconf 82' lang='lat' dir='ltr'>curiositate</span> <span class='ocrx_word' id='word_1_527' title='bbox 1569 1338 1716 1376; x_wconf 82' lang='lat' dir='ltr'>factum.</span> <span class='ocrx_word' id='word_1_528' title='bbox 1746 1338 1799 1376; x_wconf 75' lang='lat' dir='ltr'>Ne</span> <span class='ocrx_word' id='word_1_529' title='bbox 1831 1337 1942 1389; x_wconf 84' lang='lat' dir='ltr'>igitur</span> <span class='ocrx_word' id='word_1_530' title='bbox 1965 1337 2024 1375; x_wconf 87' lang='lat' dir='ltr'>dic</span> <span class='ocrx_word' id='word_1_531' title='bbox 2054 1337 2148 1375; x_wconf 86' lang='lat' dir='ltr'>ultra</span> <span class='ocrx_word' id='word_1_532' title='bbox 2172 1353 2178 1372; x_wconf 89' lang='lat'>:</span> 
     </span>
     <span class='ocr_line' id='line_1_73' title="bbox 1226 1397 2181 1451; baseline -0.004 -13"><span class='ocrx_word' id='word_1_533' title='bbox 1226 1400 1326 1449; x_wconf 86' lang='lat' dir='ltr'>Quid</span> <span class='ocrx_word' id='word_1_534' title='bbox 1347 1399 1432 1438; x_wconf 84' lang='lat' dir='ltr'>mali</span> <span class='ocrx_word' id='word_1_535' title='bbox 1458 1413 1503 1438; x_wconf 75' lang='lat' dir='ltr'>ex</span> <span class='ocrx_word' id='word_1_536' title='bbox 1528 1398 1590 1436; x_wconf 88' lang='lat' dir='ltr'>illa</span> <span class='ocrx_word' id='word_1_537' title='bbox 1618 1398 1920 1449; x_wconf 72' lang='lat' dir='ltr'>frequentatione?</span> <span class='ocrx_word' id='word_1_538' title='bbox 1943 1397 2044 1436; x_wconf 87' lang='lat' dir='ltr'>Istud</span> <span class='ocrx_word' id='word_1_539' title='bbox 2064 1397 2181 1451; x_wconf 85' lang='lat' dir='ltr'>ipsum</span> 
     </span>
     <span class='ocr_line' id='line_1_74' title="bbox 1225 1458 2182 1511; baseline -0.003 -12"><span class='ocrx_word' id='word_1_540' title='bbox 1225 1461 1319 1500; x_wconf 92' lang='lat' dir='ltr'>enim</span> <span class='ocrx_word' id='word_1_541' title='bbox 1336 1460 1458 1499; x_wconf 80' lang='lat' dir='ltr'>videre</span> <span class='ocrx_word' id='word_1_542' title='bbox 1477 1473 1649 1511; x_wconf 86' lang='lat' dir='ltr'>equorum</span> <span class='ocrx_word' id='word_1_543' title='bbox 1665 1468 1855 1505; x_wconf 86' lang='lat' dir='ltr'>certamen,</span> <span class='ocrx_word' id='word_1_544' title='bbox 1875 1459 2007 1497; x_wconf 83' lang='lat' dir='ltr'>suffieit</span> <span class='ocrx_word' id='word_1_545' title='bbox 2023 1458 2070 1496; x_wconf 81' lang='lat' dir='ltr'>ad</span> <span class='ocrx_word' id='word_1_546' title='bbox 2090 1459 2182 1496; x_wconf 90' lang='lat' dir='ltr'>mul-</span> 
     </span>
     <span class='ocr_line' id='line_1_75' title="bbox 1226 1520 2181 1574; baseline -0.001 -14"><span class='ocrx_word' id='word_1_547' title='bbox 1226 1532 1299 1561; x_wconf 88' lang='lat' dir='ltr'>tam</span> <span class='ocrx_word' id='word_1_548' title='bbox 1313 1521 1507 1574; x_wconf 88' lang='lat' dir='ltr'>perniciem</span> <span class='ocrx_word' id='word_1_549' title='bbox 1535 1521 1662 1559; x_wconf 82' lang='lat' dir='ltr'>animae</span> <span class='ocrx_word' id='word_1_550' title='bbox 1682 1520 1916 1559; x_wconf 85' lang='lat' dir='ltr'>inferendam.</span> <span class='ocrx_word' id='word_1_551' title='bbox 1936 1522 2027 1559; x_wconf 84' lang='lat' dir='ltr'>Nam</span> <span class='ocrx_word' id='word_1_552' title='bbox 2044 1536 2123 1559; x_wconf 88' lang='lat' dir='ltr'>cum</span> <span class='ocrx_word' id='word_1_553' title='bbox 2147 1521 2181 1559; x_wconf 89' lang='lat' dir='ltr'>in</span> 
     </span>
     <span class='ocr_line' id='line_1_76' title="bbox 1227 1582 2184 1634; baseline -0.001 -12"><span class='ocrx_word' id='word_1_554' title='bbox 1227 1584 1384 1633; x_wconf 88' lang='lat' dir='ltr'>inutilia,</span> <span class='ocrx_word' id='word_1_555' title='bbox 1405 1593 1439 1622; x_wconf 90' lang='lat' dir='ltr'>et</span> <span class='ocrx_word' id='word_1_556' title='bbox 1455 1597 1495 1621; x_wconf 88' lang='lat' dir='ltr'>ea</span> <span class='ocrx_word' id='word_1_557' title='bbox 1514 1597 1593 1634; x_wconf 84' lang='lat' dir='ltr'>quae</span> <span class='ocrx_word' id='word_1_558' title='bbox 1614 1582 1742 1621; x_wconf 82' lang='lat' dir='ltr'>animae</span> <span class='ocrx_word' id='word_1_559' title='bbox 1768 1582 1859 1621; x_wconf 89' lang='lat' dir='ltr'>nihil</span> <span class='ocrx_word' id='word_1_560' title='bbox 1887 1582 2102 1630; x_wconf 87' lang='lat' dir='ltr'>conducunt,</span> <span class='ocrx_word' id='word_1_561' title='bbox 2123 1583 2184 1621; x_wconf 87' lang='lat' dir='ltr'>sed</span> 
     </span>
     <span class='ocr_line' id='line_1_77' title="bbox 1228 1643 2184 1697; baseline -0.003 -13"><span class='ocrx_word' id='word_1_562' title='bbox 1228 1655 1262 1684; x_wconf 90' lang='lat' dir='ltr'>et</span> <span class='ocrx_word' id='word_1_563' title='bbox 1289 1645 1462 1684; x_wconf 85' lang='lat' dir='ltr'>damnosa</span> <span class='ocrx_word' id='word_1_564' title='bbox 1488 1653 1592 1693; x_wconf 91' lang='lat' dir='ltr'>sunt,</span> <span class='ocrx_word' id='word_1_565' title='bbox 1613 1653 1755 1697; x_wconf 85' lang='lat' dir='ltr'>tempus</span> <span class='ocrx_word' id='word_1_566' title='bbox 1786 1643 2016 1693; x_wconf 82' lang='lat' dir='ltr'>insumimus,</span> <span class='ocrx_word' id='word_1_567' title='bbox 2038 1644 2184 1681; x_wconf 85' lang='lat' dir='ltr'>alterca-</span> 
     </span>
     <span class='ocr_line' id='line_1_78' title="bbox 1228 1705 2183 1758; baseline -0.001 -14"><span class='ocrx_word' id='word_1_568' title='bbox 1228 1721 1321 1756; x_wconf 90' lang='lat' dir='ltr'>mur,</span> <span class='ocrx_word' id='word_1_569' title='bbox 1339 1715 1372 1744; x_wconf 88' lang='lat' dir='ltr'>et</span> <span class='ocrx_word' id='word_1_570' title='bbox 1390 1706 1575 1745; x_wconf 84' lang='lat' dir='ltr'>innumera</span> <span class='ocrx_word' id='word_1_571' title='bbox 1596 1706 1718 1754; x_wconf 79' lang='lat' dir='ltr'>verba,</span> <span class='ocrx_word' id='word_1_572' title='bbox 1735 1714 1768 1743; x_wconf 88' lang='lat' dir='ltr'>et</span> <span class='ocrx_word' id='word_1_573' title='bbox 1783 1720 1862 1757; x_wconf 84' lang='lat' dir='ltr'>quae</span> <span class='ocrx_word' id='word_1_574' title='bbox 1879 1705 1975 1756; x_wconf 86' lang='lat' dir='ltr'>loqui</span> <span class='ocrx_word' id='word_1_575' title='bbox 1994 1719 2062 1744; x_wconf 92' lang='lat' dir='ltr'>non</span> <span class='ocrx_word' id='word_1_576' title='bbox 2080 1720 2183 1758; x_wconf 91' lang='lat' dir='ltr'>opor-</span> 
     </span>
     <span class='ocr_line' id='line_1_79' title="bbox 1230 1767 2184 1819; baseline -0.003 -12"><span class='ocrx_word' id='word_1_577' title='bbox 1230 1778 1293 1819; x_wconf 84' lang='lat' dir='ltr'>tet,</span> <span class='ocrx_word' id='word_1_578' title='bbox 1311 1768 1494 1819; x_wconf 90' lang='lat' dir='ltr'>loquimur</span> <span class='ocrx_word' id='word_1_579' title='bbox 1511 1784 1519 1806; x_wconf 89' lang='lat'>:</span> <span class='ocrx_word' id='word_1_580' title='bbox 1535 1782 1644 1819; x_wconf 87' lang='lat' dir='ltr'>quam</span> <span class='ocrx_word' id='word_1_581' title='bbox 1661 1767 1874 1806; x_wconf 83' lang='lat' dir='ltr'>habebimus</span> <span class='ocrx_word' id='word_1_582' title='bbox 1889 1768 2031 1805; x_wconf 71' lang='lat' dir='ltr'>veniam</span> <span class='ocrx_word' id='word_1_583' title='bbox 2042 1768 2060 1805; x_wconf 73' lang='grc' dir='ltr'>Ξ)</span> <span class='ocrx_word' id='word_1_584' title='bbox 2076 1782 2184 1818; x_wconf 83' lang='lat' dir='ltr'>quam</span> 
     </span>
     <span class='ocr_line' id='line_1_80' title="bbox 1228 1827 2185 1880; baseline -0.003 -12"><span class='ocrx_word' id='word_1_585' title='bbox 1228 1829 1516 1868; x_wconf 76' lang='lat' dir='ltr'>excusationem?</span> <span class='ocrx_word' id='word_1_586' title='bbox 1532 1829 1579 1867; x_wconf 85' lang='lat' dir='ltr'>Et</span> <span class='ocrx_word' id='word_1_587' title='bbox 1592 1829 1651 1867; x_wconf 87' lang='lat' dir='ltr'>hic</span> <span class='ocrx_word' id='word_1_588' title='bbox 1672 1827 1818 1880; x_wconf 89' lang='lat' dir='ltr'>quidem</span> <span class='ocrx_word' id='word_1_589' title='bbox 1830 1829 1859 1866; x_wconf 91' lang='lat' dir='ltr'>si</span> <span class='ocrx_word' id='word_1_590' title='bbox 1875 1829 1982 1880; x_wconf 86' lang='lat' dir='ltr'>paulo</span> <span class='ocrx_word' id='word_1_591' title='bbox 2008 1828 2185 1880; x_wconf 78' lang='lat' dir='ltr'>prolixius</span> 
     </span>
     <span class='ocr_line' id='line_1_81' title="bbox 1229 1889 2184 1941; baseline -0.002 -12"><span class='ocrx_word' id='word_1_592' title='bbox 1229 1891 1410 1939; x_wconf 86' lang='lat' dir='ltr'>docemus,</span> <span class='ocrx_word' id='word_1_593' title='bbox 1432 1889 1538 1927; x_wconf 86' lang='lat' dir='ltr'>multi</span> <span class='ocrx_word' id='word_1_594' title='bbox 1557 1898 1762 1928; x_wconf 88' lang='lat' dir='ltr'>succensent</span> <span class='ocrx_word' id='word_1_595' title='bbox 1783 1898 1816 1927; x_wconf 87' lang='lat' dir='ltr'>et</span> <span class='ocrx_word' id='word_1_596' title='bbox 1832 1903 1923 1941; x_wconf 77' lang='lat' dir='ltr'>aegre</span> <span class='ocrx_word' id='word_1_597' title='bbox 1940 1889 2067 1937; x_wconf 85' lang='lat' dir='ltr'>serunt,</span> <span class='ocrx_word' id='word_1_598' title='bbox 2082 1898 2117 1927; x_wconf 87' lang='lat' dir='ltr'>et</span> <span class='ocrx_word' id='word_1_599' title='bbox 2133 1890 2184 1927; x_wconf 91' lang='lat' dir='ltr'>in-</span> 
     </span>
     <span class='ocr_line' id='line_1_82' title="bbox 1230 1950 2185 2003; baseline -0.001 -13"><span class='ocrx_word' id='word_1_600' title='bbox 1230 1951 1438 1990; x_wconf 85' lang='lat' dir='ltr'>firmitatem</span> <span class='ocrx_word' id='word_1_601' title='bbox 1465 1951 1623 2003; x_wconf 89' lang='lat' dir='ltr'>corporis</span> <span class='ocrx_word' id='word_1_602' title='bbox 1641 1959 1675 1989; x_wconf 91' lang='lat' dir='ltr'>et</span> <span class='ocrx_word' id='word_1_603' title='bbox 1693 1950 1832 1988; x_wconf 86' lang='lat' dir='ltr'>labores</span> <span class='ocrx_word' id='word_1_604' title='bbox 1859 1959 2076 2002; x_wconf 69' lang='lat' dir='ltr'>pra-texunt,</span> <span class='ocrx_word' id='word_1_605' title='bbox 2105 1950 2185 1989; x_wconf 79' lang='lat' dir='ltr'>licet</span> 
     </span>
     <span class='ocr_line' id='line_1_83' title="bbox 1231 2011 2185 2064; baseline -0.002 -13"><span class='ocrx_word' id='word_1_606' title='bbox 1231 2012 1441 2051; x_wconf 71' lang='lat' dir='ltr'>admirabile</span> <span class='ocrx_word' id='word_1_607' title='bbox 1454 2012 1564 2064; x_wconf 85' lang='lat' dir='ltr'>hujus</span> <span class='ocrx_word' id='word_1_608' title='bbox 1578 2011 1701 2063; x_wconf 90' lang='lat' dir='ltr'>templi</span> <span class='ocrx_word' id='word_1_609' title='bbox 1718 2020 1849 2049; x_wconf 88' lang='lat' dir='ltr'>tectum</span> <span class='ocrx_word' id='word_1_610' title='bbox 1865 2011 2018 2048; x_wconf 89' lang='lat' dir='ltr'>multum</span> <span class='ocrx_word' id='word_1_611' title='bbox 2035 2012 2185 2059; x_wconf 73' lang='lat' dir='ltr'>soletur,</span> 
     </span>
     <span class='ocr_line' id='line_1_84' title="bbox 1231 2072 2188 2124; baseline -0.003 -12"><span class='ocrx_word' id='word_1_612' title='bbox 1231 2074 1323 2112; x_wconf 90' lang='lat' dir='ltr'>nihil</span> <span class='ocrx_word' id='word_1_613' title='bbox 1342 2074 1438 2112; x_wconf 89' lang='lat' dir='ltr'>enim</span> <span class='ocrx_word' id='word_1_614' title='bbox 1456 2072 1625 2113; x_wconf 72' lang='lat' dir='ltr'>molestia&gt;</span> <span class='ocrx_word' id='word_1_615' title='bbox 1640 2072 1736 2124; x_wconf 87' lang='lat' dir='ltr'>parit</span> <span class='ocrx_word' id='word_1_616' title='bbox 1756 2072 1882 2123; x_wconf 82' lang='lat' dir='ltr'>frigus,</span> <span class='ocrx_word' id='word_1_617' title='bbox 1899 2072 1955 2109; x_wconf 69' lang='lat' dir='ltr'>vel</span> <span class='ocrx_word' id='word_1_618' title='bbox 1971 2072 2110 2124; x_wconf 84' lang='lat' dir='ltr'>pluvia,</span> <span class='ocrx_word' id='word_1_619' title='bbox 2126 2082 2188 2109; x_wconf 86' lang='lat' dir='ltr'>aut</span> 
     </span>
     <span class='ocr_line' id='line_1_85' title="bbox 1230 2133 2188 2186; baseline -0.003 -13"><span class='ocrx_word' id='word_1_620' title='bbox 1230 2144 1420 2174; x_wconf 81' lang='lat' dir='ltr'>ventorum</span> <span class='ocrx_word' id='word_1_621' title='bbox 1451 2133 1625 2186; x_wconf 86' lang='lat' dir='ltr'>asperitas</span> <span class='ocrx_word' id='word_1_622' title='bbox 1633 2147 1645 2183; x_wconf 89' lang='lat'>;</span> <span class='ocrx_word' id='word_1_623' title='bbox 1680 2133 1755 2171; x_wconf 90' lang='lat' dir='ltr'>illic</span> <span class='ocrx_word' id='word_1_624' title='bbox 1782 2147 1881 2179; x_wconf 86' lang='lat' dir='ltr'>vero,</span> <span class='ocrx_word' id='word_1_625' title='bbox 1914 2133 1997 2171; x_wconf 87' lang='lat' dir='ltr'>lieet</span> <span class='ocrx_word' id='word_1_626' title='bbox 2033 2134 2188 2171; x_wconf 87' lang='lat' dir='ltr'>multum</span> 
     </span>
     <span class='ocr_line' id='line_1_86' title="bbox 1230 2193 2188 2248; baseline -0.003 -14"><span class='ocrx_word' id='word_1_627' title='bbox 1230 2196 1502 2248; x_wconf 82' lang='lat' dir='ltr'>compluantur,</span> <span class='ocrx_word' id='word_1_628' title='bbox 1523 2208 1543 2232; x_wconf 89' lang='lat' dir='ltr'>a</span> <span class='ocrx_word' id='word_1_629' title='bbox 1562 2194 1678 2232; x_wconf 73' lang='lat' dir='ltr'>ventis</span> <span class='ocrx_word' id='word_1_630' title='bbox 1694 2193 1824 2233; x_wconf 83' lang='lat' dir='ltr'>validis</span> <span class='ocrx_word' id='word_1_631' title='bbox 1836 2203 2024 2243; x_wconf 80' lang='lat' dir='ltr'>vexentur,</span> <span class='ocrx_word' id='word_1_632' title='bbox 2045 2203 2077 2232; x_wconf 89' lang='lat' dir='ltr'>ct</span> <span class='ocrx_word' id='word_1_633' title='bbox 2096 2195 2188 2232; x_wconf 85' lang='lat' dir='ltr'>calo-</span> 
     </span>
     <span class='ocr_line' id='line_1_87' title="bbox 1231 2254 2188 2307; baseline -0.001 -13"><span class='ocrx_word' id='word_1_634' title='bbox 1231 2271 1269 2294; x_wconf 89' lang='lat' dir='ltr'>re</span> <span class='ocrx_word' id='word_1_635' title='bbox 1296 2256 1381 2294; x_wconf 91' lang='lat' dir='ltr'>solis</span> <span class='ocrx_word' id='word_1_636' title='bbox 1410 2254 1605 2307; x_wconf 83' lang='lat' dir='ltr'>aliquando</span> <span class='ocrx_word' id='word_1_637' title='bbox 1633 2263 1802 2303; x_wconf 84' lang='lat' dir='ltr'>aestuent,</span> <span class='ocrx_word' id='word_1_638' title='bbox 1828 2269 1898 2293; x_wconf 89' lang='lat' dir='ltr'>non</span> <span class='ocrx_word' id='word_1_639' title='bbox 1926 2269 2055 2304; x_wconf 87' lang='lat' dir='ltr'>unam,</span> <span class='ocrx_word' id='word_1_640' title='bbox 2077 2269 2188 2305; x_wconf 86' lang='lat' dir='ltr'>neque</span> 
     </span>
     <span class='ocr_line' id='line_1_88' title="bbox 1231 2315 2189 2368; baseline -0.001 -13"><span class='ocrx_word' id='word_1_641' title='bbox 1231 2316 1321 2356; x_wconf 88' lang='lat' dir='ltr'>duas</span> <span class='ocrx_word' id='word_1_642' title='bbox 1337 2326 1474 2355; x_wconf 83' lang='lat' dir='ltr'>tantum</span> <span class='ocrx_word' id='word_1_643' title='bbox 1493 2316 1614 2367; x_wconf 85' lang='lat' dir='ltr'>horas,</span> <span class='ocrx_word' id='word_1_644' title='bbox 1631 2315 1692 2354; x_wconf 90' lang='lat' dir='ltr'>sed</span> <span class='ocrx_word' id='word_1_645' title='bbox 1713 2316 1844 2354; x_wconf 76' lang='lat' dir='ltr'>bonam</span> <span class='ocrx_word' id='word_1_646' title='bbox 1861 2315 1933 2353; x_wconf 87' lang='lat' dir='ltr'>diei</span> <span class='ocrx_word' id='word_1_647' title='bbox 1955 2324 2096 2368; x_wconf 87' lang='lat' dir='ltr'>partem</span> <span class='ocrx_word' id='word_1_648' title='bbox 2116 2331 2189 2354; x_wconf 84' lang='lat' dir='ltr'>ver-</span> 
     </span>
     <span class='ocr_line' id='line_1_89' title="bbox 1230 2385 2185 2429; baseline -0.003 -12"><span class='ocrx_word' id='word_1_649' title='bbox 1230 2388 1368 2427; x_wconf 87' lang='lat' dir='ltr'>santur,</span> <span class='ocrx_word' id='word_1_650' title='bbox 1386 2386 1419 2416; x_wconf 89' lang='lat' dir='ltr'>et</span> <span class='ocrx_word' id='word_1_651' title='bbox 1432 2392 1546 2429; x_wconf 90' lang='lat' dir='ltr'>neque</span> <span class='ocrx_word' id='word_1_652' title='bbox 1565 2390 1672 2415; x_wconf 80' lang='lat' dir='ltr'>senex</span> <span class='ocrx_word' id='word_1_653' title='bbox 1687 2390 1792 2414; x_wconf 88' lang='lat' dir='ltr'>canos</span> <span class='ocrx_word' id='word_1_654' title='bbox 1808 2390 1890 2414; x_wconf 90' lang='lat' dir='ltr'>snos</span> <span class='ocrx_word' id='word_1_655' title='bbox 1904 2385 2102 2425; x_wconf 78' lang='lat' dir='ltr'>reveretur,</span> <span class='ocrx_word' id='word_1_656' title='bbox 2124 2391 2185 2414; x_wconf 89' lang='lat' dir='ltr'>ne-</span> 
     </span>
     <span class='ocr_line' id='line_1_90' title="bbox 1230 2437 2186 2493; baseline -0.003 -15"><span class='ocrx_word' id='word_1_657' title='bbox 1230 2440 1478 2493; x_wconf 86' lang='lat' dir='ltr'>quejuvenem</span> <span class='ocrx_word' id='word_1_658' title='bbox 1493 2438 1602 2491; x_wconf 86' lang='lat' dir='ltr'>pudet</span> <span class='ocrx_word' id='word_1_659' title='bbox 1616 2437 1661 2476; x_wconf 88' lang='lat' dir='ltr'>ad</span> <span class='ocrx_word' id='word_1_660' title='bbox 1679 2452 1851 2476; x_wconf 87' lang='lat' dir='ltr'>canorum</span> <span class='ocrx_word' id='word_1_661' title='bbox 1867 2437 2088 2476; x_wconf 85' lang='lat' dir='ltr'>irritamenta</span> <span class='ocrx_word' id='word_1_662' title='bbox 2109 2437 2159 2475; x_wconf 89' lang='lat' dir='ltr'>ire</span> <span class='ocrx_word' id='word_1_663' title='bbox 2180 2455 2186 2474; x_wconf 75' lang='grc' dir='ltr'>ε</span> 
     </span>
     <span class='ocr_line' id='line_1_91' title="bbox 1231 2498 2190 2552; baseline -0.005 -12"><span class='ocrx_word' id='word_1_664' title='bbox 1231 2501 1296 2540; x_wconf 88' lang='lat' dir='ltr'>sed</span> <span class='ocrx_word' id='word_1_665' title='bbox 1327 2509 1424 2539; x_wconf 84' lang='lat' dir='ltr'>tanta</span> <span class='ocrx_word' id='word_1_666' title='bbox 1454 2509 1506 2538; x_wconf 88' lang='lat' dir='ltr'>est</span> <span class='ocrx_word' id='word_1_667' title='bbox 1536 2499 1612 2537; x_wconf 84' lang='lat' dir='ltr'>haec</span> <span class='ocrx_word' id='word_1_668' title='bbox 1632 2498 1813 2552; x_wconf 86' lang='lat' dir='ltr'>deceptio,</span> <span class='ocrx_word' id='word_1_669' title='bbox 1835 2508 1874 2536; x_wconf 87' lang='lat' dir='ltr'>ut</span> <span class='ocrx_word' id='word_1_670' title='bbox 1895 2512 1976 2536; x_wconf 89' lang='lat' dir='ltr'>cum</span> <span class='ocrx_word' id='word_1_671' title='bbox 2008 2498 2190 2550; x_wconf 83' lang='lat' dir='ltr'>voluptate</span> 
     </span>
     <span class='ocr_line' id='line_1_92' title="bbox 1231 2559 2187 2611; baseline -0.003 -11"><span class='ocrx_word' id='word_1_672' title='bbox 1231 2562 1308 2606; x_wconf 75' lang='lat' dir='ltr'>haec</span> <span class='ocrx_word' id='word_1_673' title='bbox 1323 2576 1400 2600; x_wconf 86' lang='lat' dir='ltr'>esca</span> <span class='ocrx_word' id='word_1_674' title='bbox 1419 2561 1621 2599; x_wconf 88' lang='lat' dir='ltr'>animarum</span> <span class='ocrx_word' id='word_1_675' title='bbox 1654 2560 1881 2609; x_wconf 84' lang='lat' dir='ltr'>admittatur,</span> <span class='ocrx_word' id='word_1_676' title='bbox 1902 2574 1965 2598; x_wconf 90' lang='lat' dir='ltr'>nec</span> <span class='ocrx_word' id='word_1_677' title='bbox 1992 2559 2187 2611; x_wconf 82' lang='lat' dir='ltr'>cogitetur,</span> 
     </span>
     <span class='ocr_line' id='line_1_93' title="bbox 1231 2621 2188 2674; baseline -0.004 -12"><span class='ocrx_word' id='word_1_678' title='bbox 1231 2624 1438 2662; x_wconf 87' lang='lat' dir='ltr'>damnosam</span> <span class='ocrx_word' id='word_1_679' title='bbox 1452 2622 1543 2660; x_wconf 84' lang='lat' dir='ltr'>lianc</span> <span class='ocrx_word' id='word_1_680' title='bbox 1558 2621 1777 2674; x_wconf 88' lang='lat' dir='ltr'>voluptatem</span> <span class='ocrx_word' id='word_1_681' title='bbox 1795 2621 1939 2661; x_wconf 83' lang='lat' dir='ltr'>brevem</span> <span class='ocrx_word' id='word_1_682' title='bbox 1953 2634 2028 2658; x_wconf 87' lang='lat' dir='ltr'>esse</span> <span class='ocrx_word' id='word_1_683' title='bbox 2047 2630 2080 2658; x_wconf 89' lang='lat' dir='ltr'>et</span> <span class='ocrx_word' id='word_1_684' title='bbox 2102 2629 2188 2658; x_wconf 81' lang='lat' dir='ltr'>tem-</span> 
     </span>
     <span class='ocr_line' id='line_1_94' title="bbox 1234 2681 2189 2737; baseline -0.001 -16"><span class='ocrx_word' id='word_1_685' title='bbox 1234 2684 1430 2737; x_wconf 83' lang='lat' dir='ltr'>porariam,</span> <span class='ocrx_word' id='word_1_686' title='bbox 1450 2682 1607 2720; x_wconf 87' lang='lat' dir='ltr'>dolorem</span> <span class='ocrx_word' id='word_1_687' title='bbox 1631 2696 1716 2720; x_wconf 85' lang='lat' dir='ltr'>vero</span> <span class='ocrx_word' id='word_1_688' title='bbox 1740 2690 1965 2734; x_wconf 84' lang='lat' dir='ltr'>perpetuum,</span> <span class='ocrx_word' id='word_1_689' title='bbox 1981 2691 2014 2719; x_wconf 90' lang='lat' dir='ltr'>et</span> <span class='ocrx_word' id='word_1_690' title='bbox 2031 2681 2189 2733; x_wconf 82' lang='lat' dir='ltr'>graviter</span> 
     </span>
     <span class='ocr_line' id='line_1_95' title="bbox 1231 2742 2189 2785; baseline -0.005 0"><span class='ocrx_word' id='word_1_691' title='bbox 1231 2754 1477 2785; x_wconf 84' lang='lat' dir='ltr'>accusaturam</span> <span class='ocrx_word' id='word_1_692' title='bbox 1514 2742 1777 2781; x_wconf 86' lang='lat' dir='ltr'>conscientiam.</span> <span class='ocrx_word' id='word_1_693' title='bbox 1812 2742 1931 2781; x_wconf 80' lang='lat' dir='ltr'>Video</span> <span class='ocrx_word' id='word_1_694' title='bbox 1969 2742 2064 2781; x_wconf 86' lang='lat' dir='ltr'>enim</span> <span class='ocrx_word' id='word_1_695' title='bbox 2096 2757 2189 2780; x_wconf 84' lang='lat' dir='ltr'>nune</span> 
     </span>
    </p>
   </div>
   <div class='ocr_carea' id='block_1_16' title="bbox 1201 2803 2189 2859">
    <p class='ocr_par' dir='ltr' id='par_1_16' title="bbox 1201 2803 2189 2859">
     <span class='ocr_line' id='line_1_96' title="bbox 1201 2803 2189 2859; baseline -0.001 -17"><span class='ocrx_word' id='word_1_696' title='bbox 1201 2834 1207 2842; x_wconf 88' lang='lat'><em>.</em></span> <span class='ocrx_word' id='word_1_697' title='bbox 1231 2807 1436 2859; x_wconf 85' lang='lat' dir='ltr'>aliquorum</span> <span class='ocrx_word' id='word_1_698' title='bbox 1446 2804 1563 2853; x_wconf 79' lang='lat' dir='ltr'>facies,</span> <span class='ocrx_word' id='word_1_699' title='bbox 1577 2812 1611 2842; x_wconf 91' lang='lat' dir='ltr'>et</span> <span class='ocrx_word' id='word_1_700' title='bbox 1626 2803 1784 2855; x_wconf 86' lang='lat' dir='ltr'>conjecto</span> <span class='ocrx_word' id='word_1_701' title='bbox 1797 2803 1912 2854; x_wconf 86' lang='lat' dir='ltr'>qualis</span> <span class='ocrx_word' id='word_1_702' title='bbox 1927 2804 2054 2842; x_wconf 87' lang='lat' dir='ltr'>animae</span> <span class='ocrx_word' id='word_1_703' title='bbox 2068 2803 2189 2842; x_wconf 80' lang='lat' dir='ltr'>eoi-uin</span> 
     </span>
    </p>
   </div>
   <div class='ocr_carea' id='block_1_17' title="bbox 1231 2864 2192 3226">
    <p class='ocr_par' dir='ltr' id='par_1_17' title="bbox 1231 2864 2192 3226">
     <span class='ocr_line' id='line_1_97' title="bbox 1231 2864 2184 2917; baseline -0.004 -10"><span class='ocrx_word' id='word_1_704' title='bbox 1231 2877 1366 2915; x_wconf 86' lang='lat' dir='ltr'>status,</span> <span class='ocrx_word' id='word_1_705' title='bbox 1398 2874 1597 2917; x_wconf 85' lang='lat' dir='ltr'>quantaque</span> <span class='ocrx_word' id='word_1_706' title='bbox 1628 2878 1722 2902; x_wconf 90' lang='lat' dir='ltr'>nunc</span> <span class='ocrx_word' id='word_1_707' title='bbox 1751 2864 1957 2916; x_wconf 85' lang='lat' dir='ltr'>poenitentia</span> <span class='ocrx_word' id='word_1_708' title='bbox 1988 2874 2184 2904; x_wconf 88' lang='lat' dir='ltr'>teneantur.</span> 
     </span>
     <span class='ocr_line' id='line_1_98' title="bbox 1235 2924 2191 2977; baseline -0.005 -9"><span class='ocrx_word' id='word_1_709' title='bbox 1235 2932 1373 2969; x_wconf 60' lang='lat' dir='ltr'>Verum</span> <span class='ocrx_word' id='word_1_710' title='bbox 1406 2941 1449 2965; x_wconf 82' lang='lat' dir='ltr'>nc</span> <span class='ocrx_word' id='word_1_711' title='bbox 1481 2927 1610 2965; x_wconf 88' lang='lat' dir='ltr'>iterum</span> <span class='ocrx_word' id='word_1_712' title='bbox 1642 2925 1677 2963; x_wconf 89' lang='lat' dir='ltr'>in</span> <span class='ocrx_word' id='word_1_713' title='bbox 1706 2924 1828 2963; x_wconf 83' lang='lat' dir='ltr'>eadem</span> <span class='ocrx_word' id='word_1_714' title='bbox 1860 2925 2046 2975; x_wconf 89' lang='lat' dir='ltr'>recidatis,</span> <span class='ocrx_word' id='word_1_715' title='bbox 2079 2941 2191 2977; x_wconf 81' lang='lat' dir='ltr'>neque</span> 
     </span>
     <span class='ocr_line' id='line_1_99' title="bbox 1233 2985 2192 3043; baseline -0.004 -15"><span class='ocrx_word' id='word_1_716' title='bbox 1233 2999 1313 3043; x_wconf 88' lang='lat' dir='ltr'>post</span> <span class='ocrx_word' id='word_1_717' title='bbox 1334 2997 1467 3027; x_wconf 82' lang='lat' dir='ltr'>tantam</span> <span class='ocrx_word' id='word_1_718' title='bbox 1500 2994 1657 3025; x_wconf 84' lang='lat' dir='ltr'>nostram</span> <span class='ocrx_word' id='word_1_719' title='bbox 1688 2985 1967 3025; x_wconf 86' lang='lat' dir='ltr'>admonitionem</span> <span class='ocrx_word' id='word_1_720' title='bbox 1998 2987 2127 3025; x_wconf 90' lang='lat' dir='ltr'>iterum</span> <span class='ocrx_word' id='word_1_721' title='bbox 2146 2987 2192 3025; x_wconf 84' lang='lat' dir='ltr'>ad</span> 
     </span>
     <span class='ocr_line' id='line_1_100' title="bbox 1234 3047 2190 3100; baseline -0.003 -11"><span class='ocrx_word' id='word_1_722' title='bbox 1234 3050 1412 3089; x_wconf 81' lang='lat' dir='ltr'>diabolica</span> <span class='ocrx_word' id='word_1_723' title='bbox 1447 3049 1507 3086; x_wconf 90' lang='lat' dir='ltr'>illa</span> <span class='ocrx_word' id='word_1_724' title='bbox 1538 3047 1687 3085; x_wconf 86' lang='lat' dir='ltr'>concilia</span> <span class='ocrx_word' id='word_1_725' title='bbox 1720 3056 1753 3085; x_wconf 88' lang='lat' dir='ltr'>et</span> <span class='ocrx_word' id='word_1_726' title='bbox 1787 3048 1988 3100; x_wconf 83' lang='lat' dir='ltr'>spectacula</span> <span class='ocrx_word' id='word_1_727' title='bbox 2026 3049 2190 3093; x_wconf 86' lang='lat' dir='ltr'>curratis,</span> 
     </span>
     <span class='ocr_line' id='line_1_101' title="bbox 1237 3109 2192 3160; baseline -0.004 -9"><span class='ocrx_word' id='word_1_728' title='bbox 1237 3111 1469 3150; x_wconf 86' lang='lat' dir='ltr'>necessarium</span> <span class='ocrx_word' id='word_1_729' title='bbox 1487 3118 1538 3147; x_wconf 86' lang='lat' dir='ltr'>est</span> <span class='ocrx_word' id='word_1_730' title='bbox 1559 3123 1623 3146; x_wconf 89' lang='lat' dir='ltr'>vos</span> <span class='ocrx_word' id='word_1_731' title='bbox 1643 3109 1974 3160; x_wconf 56' lang='lat' dir='ltr'>obtestari.,Ncque</span> <span class='ocrx_word' id='word_1_732' title='bbox 1993 3109 2086 3147; x_wconf 89' lang='lat' dir='ltr'>enim</span> <span class='ocrx_word' id='word_1_733' title='bbox 2103 3124 2192 3147; x_wconf 86' lang='lat' dir='ltr'>scm-</span> 
     </span>
     <span class='ocr_line' id='line_1_102' title="bbox 1238 3169 2191 3226; baseline -0.001 -17"><span class='ocrx_word' id='word_1_734' title='bbox 1238 3171 1450 3226; x_wconf 75' lang='lat' dir='ltr'>pcrexpedit</span> <span class='ocrx_word' id='word_1_735' title='bbox 1465 3171 1655 3222; x_wconf 83' lang='lat' dir='ltr'>pharmaca</span> <span class='ocrx_word' id='word_1_736' title='bbox 1673 3169 1764 3207; x_wconf 83' lang='lat' dir='ltr'>lenia</span> <span class='ocrx_word' id='word_1_737' title='bbox 1784 3169 1955 3208; x_wconf 77' lang='lat' dir='ltr'>adhihere</span> <span class='ocrx_word' id='word_1_738' title='bbox 1972 3170 2052 3208; x_wconf 76' lang='lat' dir='ltr'>:sed</span> <span class='ocrx_word' id='word_1_739' title='bbox 2074 3185 2191 3222; x_wconf 90' lang='lat' dir='ltr'>quan—</span> 
     </span>
    </p>
   </div>
   <div class='ocr_carea' id='block_1_18' title="bbox 179 3282 2190 3330">
    <p class='ocr_par' dir='ltr' id='par_1_18' title="bbox 179 3282 2190 3330">
     <span class='ocr_line' id='line_1_103' title="bbox 179 3282 2190 3330; baseline 0.002 -16"><span class='ocrx_word' id='word_1_740' title='bbox 179 3292 191 3306; x_wconf 53' lang='grc' dir='ltr'><strong><em>ἢ</em></strong></span> <span class='ocrx_word' id='word_1_741' title='bbox 208 3283 288 3325; x_wconf 80' lang='lat' dir='ltr'>Reg.</span> <span class='ocrx_word' id='word_1_742' title='bbox 308 3295 392 3316; x_wconf 88' lang='lat' dir='ltr'>unus</span> <span class='ocrx_word' id='word_1_743' title='bbox 406 3292 438 3316; x_wconf 82' lang='lat' dir='ltr'>et</span> <span class='ocrx_word' id='word_1_744' title='bbox 454 3284 556 3318; x_wconf 81' lang='lat' dir='ltr'>Savil.</span> <span class='ocrx_word' id='word_1_745' title='bbox 575 3285 608 3317; x_wconf 84' lang='lat' dir='ltr'>in</span> <span class='ocrx_word' id='word_1_746' title='bbox 626 3297 732 3327; x_wconf 74' lang='lat' dir='ltr'>marg.</span> <span class='ocrx_word' id='word_1_747' title='bbox 752 3290 798 3321; x_wconf 77' lang='grc' dir='ltr'>ἐπ’</span> <span class='ocrx_word' id='word_1_748' title='bbox 824 3290 905 3330; x_wconf 70' lang='grc' dir='ltr'>αὐτῷ</span> <span class='ocrx_word' id='word_1_749' title='bbox 926 3290 1031 3330; x_wconf 75' lang='grc' dir='ltr'>τοὺτῳ.</span> <span class='ocrx_word' id='word_1_750' title='bbox 1051 3286 1142 3319; x_wconf 86' lang='lat' dir='ltr'>Infra</span> <span class='ocrx_word' id='word_1_751' title='bbox 1181 3286 1282 3318; x_wconf 66' lang='lat' dir='ltr'>Saxil.</span> <span class='ocrx_word' id='word_1_752' title='bbox 1313 3295 1345 3318; x_wconf 74' lang='lat' dir='ltr'>et</span> <span class='ocrx_word' id='word_1_753' title='bbox 1372 3284 1507 3328; x_wconf 84' lang='lat' dir='ltr'>quidam</span> <span class='ocrx_word' id='word_1_754' title='bbox 1536 3284 1611 3317; x_wconf 74' lang='lat' dir='ltr'>Mss.</span> <span class='ocrx_word' id='word_1_755' title='bbox 1635 3289 1803 3328; x_wconf 62' lang='grc' dir='ltr'>περιεργίας</span> <span class='ocrx_word' id='word_1_756' title='bbox 1829 3282 1943 3317; x_wconf 71' lang='lat' dir='ltr'>Morel.</span> <span class='ocrx_word' id='word_1_757' title='bbox 1971 3291 2190 3327; x_wconf 55' lang='grc' dir='ltr'>περιεργνσως,</span> 
     </span>
    </p>
   </div>
   <div class='ocr_carea' id='block_1_19' title="bbox 136 3332 1146 3425">
    <p class='ocr_par' dir='ltr' id='par_1_19' title="bbox 136 3332 1146 3425">
     <span class='ocr_line' id='line_1_104' title="bbox 136 3332 1143 3383; baseline 0.01 -20"><span class='ocrx_word' id='word_1_758' title='bbox 136 3332 272 3365; x_wconf 77' lang='lat' dir='ltr'>Coisl&#39;in.</span> <span class='ocrx_word' id='word_1_759' title='bbox 293 3339 400 3370; x_wconf 71' lang='grc' dir='ltr'>ἐκεῖθεν</span> <span class='ocrx_word' id='word_1_760' title='bbox 412 3344 583 3379; x_wconf 66' lang='grc' dir='ltr'>μετιόνταςἼ</span> <span class='ocrx_word' id='word_1_761' title='bbox 597 3340 675 3374; x_wconf 68' lang='grc' dir='ltr'>εἰδὼς</span> <span class='ocrx_word' id='word_1_762' title='bbox 689 3344 746 3382; x_wconf 65' lang='grc' dir='ltr'>γάρ</span> <span class='ocrx_word' id='word_1_763' title='bbox 759 3342 773 3372; x_wconf 84' lang='grc' dir='ltr'>ὸ</span> <span class='ocrx_word' id='word_1_764' title='bbox 788 3342 992 3383; x_wconf 41' lang='grc' dir='ltr'>φιλάνθρωπος</span> <span class='ocrx_word' id='word_1_765' title='bbox 1007 3342 1069 3377; x_wconf 72' lang='grc' dir='ltr'>θεὸς</span> <span class='ocrx_word' id='word_1_766' title='bbox 1081 3348 1143 3377; x_wconf 76' lang='grc' dir='ltr'>τῆς.</span> 
     </span>
     <span class='ocr_line' id='line_1_105' title="bbox 185 3385 1146 3425; baseline 0.008 -9"><span class='ocrx_word' id='word_1_767' title='bbox 185 3387 200 3409; x_wconf 89' lang='lat'>¹·</span> <span class='ocrx_word' id='word_1_768' title='bbox 217 3385 270 3417; x_wconf 77' lang='lat' dir='ltr'>Sic</span> <span class='ocrx_word' id='word_1_769' title='bbox 288 3385 363 3417; x_wconf 72' lang='lat' dir='ltr'>Mss.</span> <span class='ocrx_word' id='word_1_770' title='bbox 392 3394 424 3419; x_wconf 82' lang='lat' dir='ltr'>ct</span> <span class='ocrx_word' id='word_1_771' title='bbox 446 3387 549 3423; x_wconf 82' lang='lat' dir='ltr'>Savil.</span> <span class='ocrx_word' id='word_1_772' title='bbox 572 3389 612 3422; x_wconf 87' lang='lat' dir='ltr'>In</span> <span class='ocrx_word' id='word_1_773' title='bbox 643 3389 755 3422; x_wconf 75' lang='lat' dir='ltr'>Morel.</span> <span class='ocrx_word' id='word_1_774' title='bbox 783 3395 910 3425; x_wconf 72' lang='grc' dir='ltr'>τέθεικεν</span> <span class='ocrx_word' id='word_1_775' title='bbox 928 3395 1024 3425; x_wconf 69' lang='grc' dir='ltr'>εἰπών.</span> <span class='ocrx_word' id='word_1_776' title='bbox 1057 3391 1146 3424; x_wconf 64' lang='lat' dir='ltr'>lusu-a·</span> 
     </span>
    </p>
   </div>
   <div class='ocr_carea' id='block_1_20' title="bbox 1231 3334 1769 3370">
    <p class='ocr_par' dir='ltr' id='par_1_20' title="bbox 1231 3334 1769 3370">
     <span class='ocr_line' id='line_1_106' title="bbox 1231 3334 1769 3370; baseline 0 -2"><span class='ocrx_word' id='word_1_777' title='bbox 1231 3351 1236 3362; x_wconf 65' lang='grc' dir='ltr'>ι</span> <span class='ocrx_word' id='word_1_778' title='bbox 1259 3341 1292 3370; x_wconf 82' lang='lat' dir='ltr'>lu</span> <span class='ocrx_word' id='word_1_779' title='bbox 1305 3336 1440 3370; x_wconf 79' lang='lat' dir='ltr'>Coislin.</span> <span class='ocrx_word' id='word_1_780' title='bbox 1464 3342 1508 3370; x_wconf 61' lang='lat' dir='ltr'>rus&lt;</span> <span class='ocrx_word' id='word_1_781' title='bbox 1527 3339 1643 3370; x_wconf 58' lang='grc' dir='ltr'>ἁὶὺοηι</span> <span class='ocrx_word' id='word_1_782' title='bbox 1663 3334 1769 3368; x_wconf 70' lang='lat' dir='ltr'>deest.</span> 
     </span>
    </p>
   </div>
  </div>
 </body>
</html>
