2516 3791
310 161 402 220 492
743 170 780 199 S.
816 167 1002 198 JOANNIS
1038 163 1279 195 CHRYSOST.
1321 162 1525 191 ARCHIEP.
1565 161 1925 190 CONSTANTINOP.

308 254 376 303 dit,
390 262 423 291 et
438 252 605 292 virtutem
624 251 660 288 in
679 250 796 288 anima
817 250 892 301 ejus
910 249 1075 285 latentem
1093 245 1256 294 detegere

310 314 601 355 v0111it.16.Cum
613 314 867 350 surrexissent
881 304 1152 355 autem,inquit,
1165 304 1258 351 viri,

310 382 557 427 respexerunt
570 374 765 427 infaciem
777 370 1027 407 Sodomorum
1042 374 1078 403 et
1097 366 1192 403 Gom
1200 377 1259 401 or-

311 438 402 475 rhoe.
420 437 474 473 De
491 433 625 485 angelis
637 431 735 469 dicit.
756 431 848 467 Nam
863 428 923 465 hic
933 424 1077 477 quidem
1094 425 1128 462 in
1142 424 1259 462 taber-

312 498 437 537 naculo
466 494 627 541 Abrahae,
655 501 688 529 et
713 490 842 541 angeli,
872 498 905 527 et
934 501 1055 526 eorum
1079 486 1258 524 Dominus

311 573 373 611 per
386 558 480 595 idem
501 565 640 605 tempus
655 551 723 589 visi
743 559 847 588 sunt:
863 559 981 602 postea
997 562 1082 589 vero
1104 547 1157 585 illi
1178 547 1258 598 qui-

309 619 390 657 dem
410 625 448 653 ut
466 613 619 653 ministri
638 611 738 650 missi
757 620 839 649 sunt
857 610 902 649 ad
930 609 1194 649 subversionem
1216 607 1259 645 il-

310 680 423 716 larum
450 675 650 724 civitatum,
672 674 748 725 ipsc
770 682 889 710 autem
914 671 1090 710 Dominus
1112 668 1256 717 mansit,

308 749 340 777 et
353 736 603 789 quasiamicus
616 735 730 773 amico
740 735 836 787 justo
857 732 1141 771 communicabat
1162 744 1258 782 quae-

308 815 391 839 nam
401 801 560 837 facturus
571 807 670 836 esset.
678 796 785 836 Unde
800 796 871 833 illis
884 794 1258 848 profectis,17.Di.2·it,

308 861 438 913 inquit,
453 861 646 898 Dominus
662 874 672 894 :
689 859 779 897 Non
795 857 928 896 celabo
944 857 1151 894 Abraham
1165 868 1260 906 pue-

309 938 393 962 rum
419 936 556 971 meum,
575 935 660 973 quoe
681 919 926 972 egosaciam.
949 919 1081 968 Magna
1112 915 1178 953 Dei
1206 914 1259 952 in-

307 984 490 1036 dulgentia
503 1013 514 1033 ,
533 992 568 1021 et
592 995 732 1020 omnem
759 993 953 1018 sermonem
978 991 1147 1030 superans
1164 977 1259 1028 justo

307 1047 422 1085 honor
440 1045 638 1084 exhibetur.
656 1042 749 1082 Vide
768 1055 919 1092 namque
934 1053 1004 1091 quo
1019 1048 1124 1091 pacto
1140 1038 1258 1089 ipsum

308 1108 508 1160 alloquatur
534 1105 632 1158 quasi
657 1105 764 1142 homo
785 1103 988 1151 hominem,
1012 1100 1259 1138 demonstrans

309 1170 426 1220 nohis,
447 1178 578 1221 quanto
606 1169 738 1206 honore
757 1165 924 1217 dignetur
949 1163 1109 1201 homines
1127 1161 1260 1199 virtute

138 1239 204 1267 Non
219 1241 295 1270 solus
309 1230 486 1284 praeditos.
507 1230 554 1268 Et
573 1238 611 1267 ut
634 1243 677 1266 ne
696 1237 796 1280 putes
814 1226 986 1263 honorem
1003 1233 1142 1263 tantum
1163 1223 1260 1274 justo

108 1280 190 1349 ,Ῐίῗιζιὸ
204 1282 297 1353 Ῑζιοοῖξζ
311 1307 512 1332 concessum
526 1291 634 1330 solius
643 1290 774 1328 divinae
790 1302 862 1326 csse
876 1285 1056 1335 bonitatis,
1073 1284 1158 1322 vide
1172 1298 1260 1335 quo-

108 1364 266 1398 conciliat.
311 1355 416 1394 modo
436 1354 558 1393 divina
590 1352 775 1404 Scriptura
795 1349 918 1387 doceat
937 1362 1015 1397 nos,
1046 1346 1164 1399 ipsum
1192 1345 1261 1383 sibi

107 1406 158 1432 ‘ed
169 1415 296 1437 ⁰⁰⁵⁰¹¹¹¹¹
311 1417 378 1470 ipsi
394 1415 537 1454 honoris
551 1414 660 1452 fuisse
674 1421 864 1459 auctorem,
875 1408 1051 1448 mandatis
1066 1422 1191 1460 nempe
1205 1407 1261 1444 di—

108 1445 180 1474 Deo.

310 1478 402 1518 vinis
430 1490 557 1528 magna
583 1474 769 1513 sedulitate
791 1472 1038 1521 obsequutum.
1069 1470 1260 1519 Postquam

308 1539 403 1578 enim
430 1537 524 1575 dixit
546 1552 554 1573 :
576 1537 668 1574 Non
697 1534 830 1572 celabo
865 1532 1072 1570 Abraham
1098 1543 1260 1581 puerum

308 1613 449 1645 meum,
473 1612 559 1650 quoe
575 1597 823 1649 egofaciatrz,
844 1607 914 1630 non
934 1591 1054 1629 statim
1068 1590 1157 1628 dicit
1173 1590 1262 1640 quid

307 1659 469 1695 futurum
496 1655 540 1693 sit
559 1669 567 1691 ε
590 1666 803 1704 consequens
831 1651 925 1689 enim
945 1659 1033 1699 erat,
1056 1658 1095 1686 ut
1111 1663 1262 1701 pergens

307 1717 439 1756 diceret
463 1731 499 1755 se
523 1717 750 1754 incensurum
769 1712 934 1751 Sodoma.
958 1712 1003 1748 At
1018 1709 1170 1761 dignum
1198 1720 1260 1759 est,

311 1789 349 1817 ut
364 1792 474 1830 neque
491 1776 582 1815 illud
601 1785 849 1829 praetereamus
867 1789 874 1810 τ
897 1786 1008 1823 neque
1034 1771 1129 1809 enim
1151 1770 1261 1824 sylla-

310 1841 405 1889 bam,
419 1854 532 1891 neque
548 1838 684 1892 apicem
700 1837 735 1874 in
751 1835 873 1874 divina
884 1833 1067 1885 Scriptura
1083 1832 1262 1885 praeterire

310 1911 456 1955 oportet.
476 1902 627 1948 Quantae
654 1898 750 1936 enim
773 1894 958 1947 dignitatis
984 1907 1057 1932 esse
1085 1902 1190 1946 putas
1225 1892 1261 1930 id

310 1964 406 2016 quod
425 1964 527 2012 dicit,
547 1962 752 2000 Abraham
771 1971 932 2011 puerum
962 1970 1087 1994 meum
1103 1959 1119 1992 Ρ
1140 1954 1263 2006 quanti

311 2025 485 2063 affectus?
500 2022 623 2075 quanti
642 2020 799 2059 amoris?
817 2019 893 2057 Hoc
922 2018 1016 2056 enim
1035 2016 1262 2068 potissimum

313 2096 481 2124 monstrat
503 2084 671 2123 eximiam
697 2081 905 2133 dignitatem
929 2089 962 2118 et
978 2079 1149 2116 honorem
1163 2079 1260 2130 justo
1275 2104 1321 2130 Μ

313 2147 525 2185 exhibitum.
546 2144 683 2183 Deinde
706 2143 744 2180 id
759 2141 855 2193 quod
874 2140 1058 2187 dicebam,
1075 2147 1262 2190 postquam
1288 2140 1312 2168 Α

311 2208 417 2257 dixit,
440 2208 530 2246 Non
556 2206 690 2244 celabo
710 2220 720 2240 .·
741 2217 811 2240 non
836 2201 957 2239 statim
987 2200 1088 2236 affert
1116 2207 1148 2236 et
1177 2198 1264 2235 dicit

313 2269 409 2321 quod.
428 2277 500 2306 erat
517 2268 679 2304 futurum
690 2281 700 2314 ;
721 2263 781 2302 sed
795 2262 910 2313 quid?
932 2262 978 2299 Ut
996 2260 1174 2297 discamus
1193 2272 1263 2296 non

313 2328 447 2378 absque
467 2340 583 2374 eausa,
603 2338 716 2374 neque
736 2332 867 2360 temere.
886 2322 1004 2358 Deum
1024 2327 1162 2355 tantum
1182 2331 1264 2368 erga

314 2389 417 2426 illum
427 2387 606 2426 declarare
622 2384 795 2433 studium,
814 2381 930 2433 inquit
947 2396 955 2418 :
974 2381 1035 2420 18.
1057 2380 1264 2416 Abraham

314 2459 442 2488 autem
445 2449 610 2501 futurus
622 2455 677 2485 est
698 2449 739 2484 in
754 2453 903 2497 gentem
917 2454 1098 2493 magnam
1114 2448 1149 2478 et
1167 2440 1265 2477 mul-

315 2519 417 2559 tam,
445 2519 481 2548 et
506 2511 548 2546 in
567 2511 648 2560 ipso
675 2507 947 2545 benedicentur
979 2515 1110 2540 omnes
1136 2509 1266 2552 gentes

313 2583 434 2612 terroe.
455 2573 519 2610 49.
538 2571 642 2609 Novi
657 2571 759 2607 enim
771 2567 877 2620 quod
893 2566 1099 2603 constituet
1114 2563 1212 2614 filiis
1228 2572 1264 2601 et

312 2636 446 2673 domui
460 2647 538 2672 suae
549 2640 633 2684 post
648 2645 700 2674 se,
716 2638 752 2669 et
769 2628 985 2667 custodient
1003 2628 1091 2663 vias
1103 2625 1265 2662 Domini

313 2698 403 2743 Dei,
419 2704 460 2733 ut
468 2696 631 2751 saciant
644 2693 838 2745 justitiam
857 2697 893 2727 et
906 2688 1114 2740 judicium,
1136 2694 1178 2724 ut
1196 2686 1264 2722 ad-

314 2759 430 2796 ducat
446 2758 637 2794 Dominus
657 2765 769 2805 super
781 2751 990 2791 Abraham
1013 2748 1144 2786 omnia
1162 2761 1264 2798 quae-

312 2831 474 2870 cumque
494 2818 676 2868 loquutus
702 2822 757 2853 est
781 2812 834 2850 ad
857 2825 956 2850 eum.
977 2810 1106 2861 Papae,
1132 2816 1263 2858 quanta
1300 2817 1309 2829 ¹

310 2878 538 2931 benignitatis
548 2875 691 2915 Domini
706 2869 934 2926 magnitudo!
950 2869 1127 2917 Quoniam
1142 2878 1262 2921 postea

308 2940 519 2978 inducturus
528 2947 600 2976 erat
612 2935 791 2975 excidium
803 2933 1050 2981 Sodomorum,
1060 2944 1154 2968 nunc
1161 2930 1262 2983 prius

307 3001 545 3054 patriarcham
567 2999 611 3037 ad
634 2998 803 3036 fiduciam
828 2994 994 3041 concitat,
1025 2992 1131 3030 simul
1149 2991 1259 3044 polli-

306 3076 386 3100 cens
411 3061 442 3099 ei
464 3060 744 3098 benedictionem
766 3056 981 3103 maximam,
1009 3052 1197 3105 ipsumque
1223 3051 1258 3089 in

305 3135 470 3173 magnam
504 3119 769 3158 multitudinem
800 3118 960 3154 futurum
995 3127 1100 3152 esse:
1129 3112 1258 3151 docens

303 3200 383 3224 eum
405 3185 501 3236 quod
518 3183 712 3222 mercedem
728 3183 820 3220 hane
835 3181 902 3234 pia}
922 3193 994 3218 suae
1014 3178 1141 3217 mentis
1157 3191 1256 3216 acce-

299 3260 426 3303 pturus
451 3250 506 3287 sit.
536 3249 658 3300 Cogita
693 3248 785 3286 enim
815 3256 945 3299 quanta
974 3246 1020 3285 sit
1044 3244 1254 3299 patriarcha:

1330 242 1394 293 ὅσῃ
1425 242 1685 293 συγκαταὸάσει
1715 242 1902 295 κέχρηται,
1934 247 2019 293 ὁμοῦ
2050 242 2109 281 καὶ
2136 244 2197 291 τὴν
2220 246 2267 286 εἰς
2297 242 2353 281 τὸν

1332 303 1464 341 δίκαιον
1483 302 1589 353 τιμὴν
1610 304 1762 352 δεικνὺς,
1781 305 1840 342 καὶ
1857 304 2051 356 ἐκκαλύψαι
2071 304 2276 355 βουλόμενος
2291 304 2353 351 τὴν

1334 363 1460 416 ἀρετὴν
1484 363 1547 411 τὴν
1574 364 1844 415 ἐναποκειμένην
1874 366 1978 402 αὐτοῦ
1999 368 2042 415 τῇ
2072 367 2180 416 ψυχῇ.
2207 364 2354 408 ’Bim-

1332 425 1475 468 στάντες
1491 424 1526 462 δὲ
1539 453 1548 470 ,
1568 426 1690 477 φησὶν,
1717 427 1748 464 οἳ
1768 426 1887 478 ἄνδρες
1905 424 2122 477 κατέὸλεψαν
2140 425 2196 463 ἐπὶ
2214 425 2354 477 πρόσω-

1331 501 1396 524 πον
1417 485 1582 536 Σοδόμων
1609 486 1668 524 καὶ
1697 488 1725 524 Γ
1728 487 1888 539 ομόῤῥας.
1917 485 2009 529 Τοὺς
2043 485 2208 536 ἀγγέλους
2240 486 2355 538 φησίν.

1332 548 1506 586 Ἐνταῦθα
1526 547 1587 599 μὲν
1614 548 1681 600 γὰρ
1710 550 1744 585 ἐν
1764 551 1806 599 τῇ
1838 551 1950 599 σκηνῇ
1970 551 2030 586 τοῦ
2049 547 2209 599 Ἀδραὰμ
2240 547 2299 584 καὶ
2325 550 2356 584 οἱ

1332 609 1491 660 ἄγγελοι,
1512 609 1571 647 καὶ
1591 612 1608 646 ὁ
1627 608 1757 646 τούτων
1778 609 1957 656 Δεσπότης
1985 608 2076 647 κατὰ
2095 607 2220 645 ταύτὸν
2236 607 2356 660 ὤφθη-

1333 687 1396 709 σαν
1409 687 1416 694 ·
1435 671 1554 710 λοιπὸν
1576 671 1610 709 δὲ
1631 674 1661 709 οἱ
1683 670 1745 722 μὲν
1764 673 1810 714 ὥς
1831 673 2005 722 ὑπηρέται
2023 662 2276 707 ἀπεστέλλοντο
2300 668 2357 706 ἐπὶ

1332 731 1395 778 τὴν
1425 732 1670 785 καταστροφὴν
1699 734 1767 770 τῶν
1796 732 1931 770 πόλεων
1958 730 2117 779 ἐκείνων,
2137 734 2154 768 ὃ
2175 730 2209 767 δὲ
2240 730 2356 781 ἔμενε,

1333 794 1490 847 καθάπερ
1519 794 1615 847 φίλος
1646 794 1756 847 φίλῳ,
1779 792 1962 845 μονονουχὶ
1987 791 2288 844 κοινολογούμενος
2307 794 2356 843 τῷ

1333 853 1473 904 δικαίῳ,
1494 853 1582 905 ἅπερ
1599 852 1721 903 ἔμελλε
1737 859 1863 890 ποιεῖν.
1883 852 2117 890 ἈπελθόντιοΝ
2138 852 2249 890 τοίνυν
2270 852 2358 889 ἐκεί-

1333 930 1419 961 νων,
1448 907 1559 961 Eine,
1585 914 1708 967 φησὶν,
1732 919 1749 953 ὁ
1774 914 1923 967 Κύριος·
1954 918 1968 934 ³
1983 916 2020 951 οὗ
2053 914 2101 964 μὴ
2134 913 2255 965 κρύψω
2288 913 2357 965 ἐγὼ

1332 975 1401 1012 ἀπὸ
1428 975 1587 1026 Ἀἕραὰμ
1605 980 1665 1013 τοῦ
1684 975 1806 1019 παιδός
1829 991 1913 1025 μου,
1940 975 1962 1012 ἃ
1986 975 2054 1026 ἐγὼ
2073 978 2174 1012 ποιῶ.
2195 975 2355 1026 Μεγίστη

1331 1039 1390 1072 τοῦ
1410 1038 1503 1073 Θεοῦ
1523 1039 1544 1082 ἡ
1556 1036 1847 1087 ’συγκατάῧασιῃ
1865 1036 1924 1074 καὶ
1942 1036 2058 1074 πάντα
2074 1036 2175 1086 λόγον
2194 1036 2358 1087 ὑπερῧαί-

1331 1111 1437 1134 νουσα
1464 1100 1486 1143 ἥ
1519 1099 1566 1140 εἷς
1594 1096 1652 1134 τὸν
1681 1096 1811 1134 δίκαιον
1841 1096 1940 1147 τιμή.
1971 1096 2069 1148 σΟρα
2087 1096 2154 1147 γὰρ
2181 1098 2255 1139 πῶς
2274 1096 2357 1148 πρὸς

1332 1158 1433 1196 αὐτὸν
1462 1159 1675 1210 διαλέγεται,
1692 1157 1820 1197 ὡσανεὶ
1840 1157 2019 1209 ἅνθρωπος
2045 1157 2217 1210 ἀνθρώπῳ
2239 1158 2358 1196 διαλε-

1333 1218 1490 1270 ξόμενος,
1512 1219 1643 1264 δεικνὺς
1662 1224 1746 1270 ἡμῖν
1765 1220 1848 1266 ὅσης
1867 1221 1898 1258 οἱ
1918 1218 2072 1271 ἐνάρετον.
2091 1218 2266 1263 ἀξιοῦνται
2294 1222 2356 1266 τῆς

1331 1281 1428 1333 παρὰ
1450 1284 1508 1318 τοῦ
1539 1283 1631 1319 Θεοῦ
1660 1284 1775 1332 τιμῆς.
1803 1280 1872 1319 Καὶ
1899 1279 1955 1318 ἵνα
1977 1279 2024 1331 μὴ
2044 1280 2190 1332 νομίσῃς
2215 1283 2276 1327 τῆς
2296 1284 2355 1318 τοῦ

1332 1346 1424 1381 Θεοῦ
1456 1342 1558 1393 μόνον
1579 1336 1666 1380 εἶναι
1692 1342 1905 1393 ἀγαθότητος
1935 1341 1998 1388 τὴν
2026 1341 2199 1388 τοσαύτην
2232 1344 2279 1384 εἷς
2300 1341 2356 1379 τὸν

1333 1404 1463 1442 δίκαιον
1482 1403 1600 1455 τιμὴν,
1621 1404 1684 1455 ὅροι
1700 1406 1774 1446 πῶς
1789 1406 1810 1449 ἡ
1830 1402 1905 1440 θεία
1925 1402 2048 1454 Γραφὴ
2072 1402 2227 1440 διδάσκει
2245 1406 2357 1453 ἡμᾶς,

1331 1467 1385 1504 ὅτι
1405 1465 1506 1509 αὐτὸς
1537 1467 1649 1516 ἑαυτῷ
1679 1463 1808 1511 ταύτης
1827 1467 1889 1510 τῆς
1914 1466 2018 1514 τιμῆς
2051 1463 2157 1507 αἴτιος
2183 1465 2357 1510 κατέστη,

1296 1545 1301 1554 ·
1334 1527 1422 1577 μετὰ
1441 1528 1572 1572 πολλῆς
1594 1529 1654 1572 τῆς
1672 1528 1828 1572 ὑπακοῆς
1846 1530 1917 1568 τοῖς
1935 1525 2032 1577 παρὰ
2051 1529 2109 1562 τοῦ
2129 1527 2221 1563 Θεοῦ
2241 1527 2356 1564 πειθό-

1334 1604 1432 1639 μενος
1463 1588 1708 1638 ἐπιτάγμασιν.
1736 1587 1855 1625 Εἰπὼν
1881 1586 1967 1639 γὰρ,
1990 1589 2042 1625 Οὐ
2074 1586 2122 1637 μὴ
2144 1586 2264 1640 κρύψω
2290 1588 2358 1625 ἀπὸ

1333 1650 1492 1701 Ἀδραὰμ
1518 1653 1578 1687 τοῦ
1606 1649 1728 1691 παιδός
1748 1664 1836 1699 μου,
1872 1649 1893 1685 ἃ
1925 1648 1994 1699 ἐγὼ
2022 1651 2128 1695 ποιῶ,
2150 1651 2212 1688 οὐκ
2235 1649 2360 1692 εὐθέως

1332 1710 1426 1761 λέγει
1452 1710 1491 1748 τὸ
1513 1709 1640 1760 μέλλον
1669 1709 1828 1747 ἔσεσθαι·
1855 1709 2039 1748 ἀκόλουθον
2059 1710 2126 1762 γὰρ
2155 1705 2198 1757 ἦν
2224 1712 2357 1761 ἐπαγα-

1333 1777 1405 1823 γεῖν
1421 1772 1479 1810 καὶ
1497 1774 1619 1819 εἰπεῖν,
1637 1770 1689 1809 ὅτι
1705 1770 1826 1821 μέλλει
1840 1770 1883 1808 τὰ
1899 1770 2040 1821 Σόδομα
2057 1773 2247 1823 ἐμπιπρᾷν.
2266 1771 2357 1810 Ἀλλ’

1334 1833 1426 1877 ἄξιον
1447 1833 1535 1884 μηδὲ
1564 1834 1674 1870 ἐκεῖνο
1693 1833 1953 1884 παραδραμεῖν·
1981 1831 2057 1870 οὐδὲ
2087 1836 2154 1884 γὰρ
2181 1832 2359 1879 συλλαὸὴν

1334 1895 1410 1933 οὐδὲ
1427 1895 1569 1947 κεραίαν
1593 1894 1827 1946 παρατρέχειν
1847 1892 1916 1946 χρὴ
1934 1896 2002 1931 τῶν
2022 1895 2056 1931 ἐν
2077 1897 2119 1945 τῇ
2144 1893 2218 1947 Οεία
2234 1895 2358 1946 Γραφῇ

1334 1956 1517 2007 κειμένων.
1536 1956 1656 2003 Πόσης
1673 1954 1739 2007 γὰρ
1758 1954 1822 1993 οἴει
1842 1958 1946 2006 τιμῆς
1965 1949 2053 1992 εἶναι
2078 1955 2137 1992 καὶ
2156 1959 2258 1993 τοῦτο
2277 1956 2361 1993 αὐτὸ

1333 2017 1372 2055 τὸ
1391 2017 1523 2068 λέγειν,
1554 2016 1713 2068 Ἀίραὰμ
1733 2020 1793 2053 τοῦ
1820 2015 1943 2059 παιδός
1963 2031 2048 2066 μου,
2067 2015 2175 2054 πόσου
2193 2016 2359 2068 φίλτρου;

1335 2078 1446 2124 πόσης
1479 2077 1682 2124 διαθέσεως,
1712 2079 1826 2115 Τοῦτο
1856 2077 1922 2129 γὰρ
1955 2077 2109 2127 μάλιστα
2140 2077 2291 2117 δείκνυσι
2322 2081 2362 2115 τὸ

1335 2139 1527 2190 ἐξαίρετον,
1548 2138 1606 2176 καὶ
1622 2138 1684 2184 τὴν
1706 2140 1753 2181 εἰς
1772 2138 1828 2175 τὸν
1859 2138 1990 2175 δίκαιον
2012 2137 2128 2188 τιμήν.
2150 2131 2258 2185 Εἶτα,
2277 2139 2361 2189 ὅπερ

1334 2200 1451 2250 ἔλεγον
1465 2229 1474 2246 ,
1504 2198 1628 2244 εἰπὼν,
1662 2200 1714 2237 Οὐ
1748 2198 1796 2248 μὴ
1830 2198 1971 2251 κρύψω,
2004 2201 2065 2236 οὐκ
2097 2197 2220 2242 εὐθέως
2241 2199 2363 2249 ἐπάγει

1335 2261 1394 2299 καὶ
1413 2261 1506 2312 λέγει
1534 2261 1573 2298 τὸ
1601 2261 1780 2312 γινόμενον
1793 2290 1802 2307 ,
1823 2261 1913 2298 ἀλλὰ
1944 2260 1996 2307 τί,
2015 2260 2094 2298 Ἵνα
2124 2260 2290 2311 μάθωμεν
2309 2261 2363 2298 ὅτι

1336 2325 1401 2374 οὐχ
1421 2323 1539 2365 ἁπλῶς
1559 2322 1634 2360 οὐδὲ
1661 2324 1737 2373 εἰκῇ
1758 2321 1931 2367 τοσαύτην
1955 2320 2034 2372 περὶ
2066 2322 2169 2359 αὐτὸν
2191 2322 2365 2359 δείκνυται

1335 2383 1399 2429 τὴν
1421 2383 1648 2433 κηδεμονίαν,
1670 2383 1774 2435 φησίν
1788 2399 1795 2405 ·
1818 2381 1978 2434 Ἀῧραὰμ
2004 2381 2039 2420 δὲ
2068 2381 2245 2433 γινόμενος
2266 2382 2364 2421 ἔσται

1336 2447 1382 2487 εἷς
1414 2444 1507 2488 ἔθνος
1537 2445 1628 2495 μέγα
1656 2444 1715 2482 καὶ
1743 2443 1832 2482 πολὺ
1845 2475 1854 2492 ,
1887 2445 1946 2481 καὶ
1979 2444 2309 2495 ἓνευλογηο·τ’,σονται
2328 2446 2362 2481 ἐν

1335 2509 1429 2558 αὐτῷ
1446 2506 1561 2543 πάντα
1580 2506 1623 2544 τὰ
1639 2506 1718 2552 ἔθνη
1739 2509 1800 2552 τῆς
1813 2508 1888 2556 γῆς.
1908 2505 2029 2560 Ἴιῐδειν
2048 2505 2115 2556 γὰρ
2133 2505 2187 2542 ὅτι
2207 2505 2363 2550 συντάξει

1334 2575 1404 2611 τοῖς
1423 2569 1508 2611 υἱοῖς
1539 2569 1644 2606 αὐτοῦ
1656 2599 1664 2615 ,
1685 2568 1743 2605 καὶ
1762 2570 1812 2619 τῷ
1831 2567 1916 2619 οἴκῳ
1944 2569 2047 2604 αὐτοῦ
2064 2569 2138 2616 μετ’
2163 2566 2284 2611 αὐτὸν,
2305 2567 2364 2604 καὶ

1335 2630 1523 2682 φυλάξουσι
1542 2629 1602 2673 τὰς
1621 2629 1717 2672 ὁδοὺς
1734 2629 1864 2681 Κυρίου
1884 2631 1944 2666 τοῦ
1961 2630 2054 2666 Θεοῦ
2069 2658 2078 2675 ,
2097 2633 2208 2665 ποιεῖν
2229 2628 2364 2666 δικαιο-

1335 2691 1438 2738 σύνην
1472 2691 1531 2729 καὶ
1563 2691 1676 2743 κρίσιν
1693 2721 1701 2737 ,
1738 2690 1830 2733 ὅπως
1872 2689 1911 2727 ἂν
1939 2689 2100 2740 ἐπαγάγῃ
2148 2689 2274 2741 Κύριος
2305 2689 2364 2727 ἐπὶ

1337 2753 1494 2809 3»ξιῧροιόιμ
1514 2753 1628 2791 πάντα
1640 2781 1649 2799 ,
1667 2753 1688 2790 ἃ
1704 2752 1853 2799 ἐλάλησε
1869 2751 1954 2803 πρὸς
1970 2751 2084 2788 αὐτόν.
2107 2751 2239 2797 Bagai,
2256 2751 2363 2789 πόσον

1336 2817 1396 2861 τῆς
1411 2819 1469 2853 τοῦ
1487 2813 1666 2853 Δεσπότου
1695 2811 1953 2866 φιλανθρωπίας
1972 2812 2011 2849 τὸ
2040 2811 2194 2863 μέγεθος.
2215 2811 2361 2859 Ἐπειδὴ

1336 2875 1456 2925 μέλλει
1474 2875 1561 2926 μετὰ
1581 2879 1691 2912 ταῦτα
1707 2873 1848 2925 ἐπάγειν
1868 2873 1911 2911 τὰ
1928 2872 2018 2911 κατὰ
2035 2872 2097 2920 τὴν
2117 2872 2363 2924 καταστροφὴν

1335 2937 1515 2997 Σοδόμων,
1537 2934 1723 2988 προλαέὼν
1743 2938 1802 2972 νῦν
1823 2933 2081 2986 παραθαρρύνει
2106 2933 2164 2971 τὸν
2188 2932 2362 2985 πατριάρ-

1333 3015 1414 3052 χην,
1433 3002 1518 3049 ὁμοῦ
1547 2998 1605 3036 καὶ
1624 2998 1686 3045 τὴν
1708 2996 1877 3048 μεγίστην
1895 2995 2052 3046 εὐλογίαν
2074 2996 2168 3046 αὐτῷ
2187 2996 2362 3046 ἐπαγγελ-

1332 3062 1494 3111 λόμενος,
1511 3060 1570 3099 καὶ
1586 3060 1636 3098 ὅτι
1655 3062 1702 3102 εἷς
1716 3061 1845 3105 πλῆθος
1864 3057 1961 3094 ἔσται
1980 3055 2088 3106 μέγα,
2110 3056 2169 3093 καὶ
2188 3055 2361 3093 διδάσκων

1331 3123 1432 3160 αὐτὸν
1470 3123 1522 3160 ὅτι
1553 3121 1703 3173 ἀμοιὸὴν
1736 3119 1865 3164 ταύτην
1897 3117 2070 3167 λαμίῗάνει
2106 3119 2167 3163 τῆς
2201 3117 2361 3169 φιλοΟέου

1330 3185 1434 3222 αὐτοῦ
1453 3183 1606 3234 γνώμης.
1629 3181 1816 3227 Ἰῧννόησον
1831 3178 1898 3230 γὰρ
1915 3178 1978 3225 ὅση
1996 3178 2089 3217 ἐστὶν
2109 3181 2130 3224 ἡ
2150 3181 2210 3216 τοῦ
2230 3193 2358 3229 πατρι-

1327 3243 1435 3295 άρχου
1456 3242 1585 3294 ἀρετὴ,
1603 3242 1683 3280 ὅταν
1703 3239 1825 3282 ὁΘεὸς
1841 3238 1926 3289 λέγῃ
1945 3267 1953 3285 ,
1975 3236 2095 3291 ’ᾙδειν
2114 3236 2181 3290 γὰρ
2200 3236 2253 3275 ὅτι
2273 3251 2356 3274 συν-

331 3387 345 3404 a
371 3377 409 3409 In
428 3373 539 3408 Bibliis
555 3372 677 3407 Graecis
700 3371 816 3415 legitur
841 3377 884 3413 μὴ
912 3373 1031 3414 ψρύνρω,
1049 3380 1105 3413 per
1123 3366 1425 3412 interrogationem.
