2433 3775
747 220 788 251 tx
827 220 927 250 CAP.
970 219 998 249 Ι.

107 325 213 362 ματος
246 310 348 362 χάρις
378 307 434 346 διὰ
471 308 532 354 τῆς
569 310 628 346 τοῦ
658 306 836 350 Μωϋσέως
864 304 1035 357 γλώττης.
1058 303 1129 342 Καὶ

107 367 180 411 εἶπε
195 402 204 420 ,
224 370 342 424 φησὶν,
365 373 384 408 6
398 369 506 416 Θεὸς,
521 368 728 421 συναχθήτω
748 369 787 408 τὸ
803 368 895 422 ὕδωρ
911 367 950 406 τὸ
964 366 1130 405 ὑποκάτω

106 438 166 472 τοῦ
180 434 323 486 οὐρανοῦ
340 433 387 475 εἷς
402 428 607 481 συναγωγὴν
625 429 721 480 μίαν,
742 429 802 467 καὶ
823 429 962 482 ὀφθήτω
978 431 1000 476 ἡ
1024 427 1128 480 ξηρά·

107 493 166 532 καὶ
195 493 331 545 ἐγένετο
349 491 453 531 οὕτω.
476 491 592 530 Βλέπε
609 506 690 541 μοι,
711 489 870 542 ἀγαπητὲ
883 521 892 539 ,
911 493 1056 529 ἐνταῦθα
1072 489 1134 528 τά-

109 554 158 598 ξιν
192 555 251 593 καὶι
284 553 488 593 ἀκολουθίαν
522 553 681 605 ἀρίστην.
701 552 848 599 Ἐπειδὴ
881 551 948 605 γὰρ
979 545 1072 589 εἶπεν
1095 553 1129 589 ἐν

107 617 224 667 ἀρχῇ,
256 614 310 652 ὅτι
334 607 405 652 ’Ἦν
427 617 450 660 ἡ
473 616 515 664 γῆ
545 613 691 666 ἀόρατος
715 613 775 651 καὶ
803 610 1130 657 ἀκατασκεύαστος,

107 681 120 697 ⁸
132 678 183 729 τῷ
197 675 256 714 καὶ
280 677 330 728 τῷ
349 674 462 726 σκότῳ
484 675 542 712 καὶ
570 679 641 717 τοῖς
659 673 760 712 ὕδασι
783 671 1038 711 καλύπτεσθαι·
1056 665 1130 709 εἶτα

106 740 149 788 τῇ
170 735 314 788 δευτέρᾳ
332 735 450 788 ἡμέρα
469 736 508 774 τὸ
535 734 717 786 στερέωμα
749 732 917 776 κελεύσας
945 731 1129 783 γενέσθαι,

107 797 164 835 τὸν
192 797 371 849 χωρισμὸν
392 798 461 836 τῶν
498 795 633 833 ὑδάτων
669 793 874 848 εἰργάσατο,
906 792 1058 836 καλέσας
1092 793 1132 832 τὸ

105 857 288 910 στερέωμα
317 855 460 909 οὐρανόν
473 871 482 880 ·
499 859 565 903 ,νῦν
584 854 691 894 πάλιν
709 854 862 893 διδάσκει
891 858 1003 905 ἡμᾶς,
1024 854 1077 892 ὅτι
1096 856 1130 893 ἐν

104 920 146 969 τῇ
179 918 278 970 τρίτῃ
307 916 424 968 ἡμέρα
449 916 488 954 τὸ
507 915 600 967 ὕδωρ
629 915 670 954 τὸ
695 914 863 954 ὑποκάτω
882 920 942 954 τοῦ
963 917 1130 968 οὐρανοῦ,

104 977 181 1024 ἤτοι
200 983 259 1016 τοῦ
281 976 542 1030 στερεώματος,
570 975 781 1029 προσέταξεν
801 978 848 1019 εἷς
875 975 958 1027 μίαν
975 992 1131 1027 συναγω-

104 1037 168 1089 γὴν
187 1038 372 1077 ’συνελθὸν
401 1036 521 1089 χώραν
547 1043 759 1089 παρασχεῖν,
791 1036 851 1075 καὶ
890 1039 1038 1089 ὀφθῆναι
1065 1036 1129 1084 τὴν

103 1099 210 1152 ξηράν
223 1115 230 1123 ·
247 1098 308 1137 καὶ
326 1098 463 1149 ἐγένετο
478 1097 598 1142 οὕτως.
619 1097 766 1146 Ἐπειδὴ
786 1098 854 1151 γὰρ
876 1099 1015 1137 ἅπαντα
1044 1098 1130 1136 ὑδά-

102 1178 171 1200 των
187 1160 430 1214 ἐπεπλήρωτο,
447 1159 581 1199 κελεύει
601 1161 649 1203 εἷς
667 1159 751 1211 μίαν
767 1159 972 1211 συναγωγὴν
994 1159 1130 1199 ὑδάτων

102 1223 142 1262 τὸ
162 1224 293 1269 πλῆθος
311 1223 499 1269 συνελθεῖν,
519 1221 576 1258 ἵνα
596 1220 704 1264 οὕτως
731 1223 858 1273 ὀφθῇ-ἰ]
882 1219 981 1275 ξηρά.
997 1221 1131 1261 Σκόπει

103 1285 177 1327 πῶς
199 1282 290 1321 κατὰ
315 1282 438 1335 μικρὸν
461 1285 546 1333 ἡμῖν
566 1281 631 1328 τὴν
653 1281 886 1332 διακόσμησιν
907 1281 967 1320 καὶ
987 1282 1049 1330 τὴν
1073 1285 1132 1321 εὖ·

104 1342 256 1397 μορφίαν
285 1345 391 1388 αὐτῆς
424 1342 687 1394 παραδείκνυσι.
720 1342 791 1381 Καὶ
822 1343 958 1393 ἐγένετο
975 1374 985 1392 ,
1013 1344 1131 1396 φησὶν,

101 1404 204 1443 οὕτω.
228 1405 334 1452 Πῶς,
350 1403 412 1448 Ὡς
427 1403 635 1457 προσέταξεν
653 1406 670 1442 6
689 1404 882 1452 Δεσπότης.
901 1399 993 1444 Εἶπε
1014 1406 1132 1456 μόνον,

102 1465 160 1503 καὶ
179 1465 218 1503 τὸ
244 1464 341 1517 ἔργον
369 1464 597 1512 ἠκολούθησε.
619 1466 735 1503 Τοῦτο
761 1464 830 1519 γὰρ
851 1465 936 1503 ἴδιον
960 1467 1072 1514 Θεοῦ,
1092 1467 1132 1505 τὸ

101 1525 193 1565 κατὰ
213 1526 252 1564 τὸ
271 1529 394 1565 ἑαυτοῦ
411 1526 573 1578 βούλημα
588 1526 633 1565 τὰ
651 1527 948 1579 δημιουργήματα
964 1530 1131 1580 ἡνίοχεῖν.

100 1587 171 1625 Καὶ
191 1587 367 1640 συνήχθη,
382 1587 487 1639 φησὶ,
503 1588 543 1626 τὸ
557 1586 650 1639 ὕδωρ
671 1587 710 1626 τὸ
729 1588 894 1627 ὑποκάτω
907 1593 966 1628 τοῦ
983 1591 1129 1642 οὐρανοῦ

466 1647 482 1668 ¹²
498 1651 626 1697 αὐτῶν,
643 1649 703 1687 καὶ
723 1649 823 1702 ὤφθη
846 1654 867 1697 ἡ
887 1650 988 1703 ξηρά.
1012 1652 1128 1690 Καθά-

99 1649 146 1693 εἷς
160 1647 222 1692 τὰς
242 1648 447 1700 συναγωγὰς

97 1725 163 1760 περ
182 1709 239 1748 ἐπὶ
254 1713 312 1748 τοῦ
334 1710 464 1766 φωτὸς,
479 1709 621 1754 σκότους
637 1713 732 1754 ὄντος
747 1715 928 1764 πανταχοῦ
940 1742 950 1760 ,
967 1711 1127 1751 ἐκέλευσε

99 1773 325 1823 παραχθῆναι
344 1771 384 1809 τὸ
406 1773 496 1823 φῶς,
516 1771 576 1810 καὶ
600 1773 839 1825 διαχωρισμὸν
861 1773 1047 1825 εἰργάσατο
1067 1778 1127 1813 τοῦ

98 1831 210 1884 φωτὸς
228 1832 288 1870 καὶ
303 1835 363 1871 τοῦ
385 1833 548 1881 σκότους,
569 1833 685 1872 (ὥστε
705 1833 745 1872 τὸ
765 1833 828 1884 μὲν
845 1837 888 1885 τῇ
905 1834 1022 1886 ἡμέρᾳ
1040 1838 1128 1873 ἀπο-

98 1895 299 1945 κληρῶσαι,
321 1894 360 1931 eb
384 1895 420 1932 δὲ
440 1897 484 1945 τῇ
508 1894 626 1932 νυκτί·
655 1896 715 1933 καὶ
737 1895 882 1934 ἐπὶτῶν
902 1896 1038 1934 ὑδάτων
1057 1897 1126 1935 πά-

96 1955 151 1992 λιν
178 1954 217 1992 τὸ
238 1954 419 2006 στερέωμα
435 1955 665 2006 παραγαγὼν,
680 1956 724 1994 τὰ
745 1955 807 2008 μὲν
828 1956 890 2003 τὴν
911 1956 983 1994 ἅνω
1005 1956 1124 2010 χώραν

97 2015 235 2066 ἐπέχειν
267 2015 425 2054 ἐκέλευσε
439 2047 449 2062 ,
479 2015 524 2054 τὰ
559 2016 595 2054 δὲ
633 2016 700 2054 ὑπὸ
731 2018 771 2055 τὸ
806 2018 988 2070 στερέωμα
1015 2012 1103 2056 εἰναι
1117 2035 1124 2042 ·

97 2074 187 2114 οὕτω
204 2075 263 2114 καὶ
282 2080 341 2114 νῦν
368 2077 454 2116 αὐτὰ
474 2081 585 2116 ταῦτα
602 2078 646 2116 τὰ
666 2077 777 2116 ὕδατα
791 2109 801 2126 ,
818 2079 862 2117 τὰ
878 2079 1046 2118 ὑποκάτω
1064 2085 1125 2119 τοῦ

97 2136 356 2190 στερεώματος,
369 2139 582 2190 προστάσσει
599 2141 648 2182 εἰς
663 2138 745 2190 μίαν
762 2139 965 2191 συναγωγὴν
978 2141 1125 2192 συνδρα-

97 2204 189 2248 μεῖν,
207 2196 264 2236 ἵνα
285 2201 376 2250 φανῇ
398 2202 420 2246 ἡ
438 2198 544 2250 ξηρὰ,
565 2199 624 2237 καὶ
647 2199 724 2238 τότε
744 2200 802 2237 καὶ
819 2199 929 2250 ταύτῃ
946 2200 986 2237 τὸ
1000 2202 1124 2238 οἰκεῖον

95 2260 196 2310 ἐπιθῇ
215 2257 325 2309 ὄνομα
339 2289 349 2307 ,
365 2259 485 2312 ὥσπερ
506 2260 564 2298 ἐπὶ
593 2264 652 2298 τοῦ
679 2261 792 2312 φωτὸς
811 2260 871 2298 καὶ
889 2264 949 2299 τοῦ
970 2260 1123 2304 σκότους.

94 2318 259 2370 Συνήχθη
275 2319 363 2373 γὰρ,
381 2321 464 2373 φησὶ
477 2351 487 2369 ,
509 2320 554 2359 τὰ
569 2321 680 2360 ὕδατα
697 2324 744 2365 εἰς
764 2321 826 2365 τὰς
841 2321 1046 2374 συναγωγὰς
1063 2325 1125 2361 αὐ-

93 2382 175 2427 τῶν,
189 2379 249 2417 καὶ
263 2381 361 2433 ὤφθη
378 2385 400 2429 ἡ
419 2381 526 2435 ξηρὰ,
542 2382 602 2421 καὶ
619 2383 782 2422 ἐκάλεσεν
798 2386 816 2421 ὁ
833 2383 923 2427 Θεὸς
936 2382 999 2431 τὴν
1017 2383 1122 2435 ξηρὰν

93 2443 170 2491 γ’ῆν.
188 2436 308 2490 Εἶδες,
327 2444 486 2494 ἀγαπητὲ
499 2472 509 2490 ,
528 2447 602 2488 πῶς
623 2444 768 2498 ἀόρατον
788 2438 894 2483 οῧσαν
910 2444 970 2483 καὶ
990 2447 1123 2483 ἀκατα-

92 2500 293 2550 σκεύαστον,
325 2504 486 2556 καθάπερ
505 2504 572 2543 ὑπὸ
591 2505 896 2558 παραπετάσμασί
914 2522 985 2544 τισι
1013 2507 1124 2545 καλυ-

533 2565 814 2618 αάπαμφιάσας,
839 2569 885 2611 ὡς
907 2569 1028 2615 εἰπεῖν,
1049 2568 1123 2606 δεί-

91 2563 269 2614 πτομένην
293 2570 364 2609 τοῖς
386 2565 507 2604 ὕδασιν

91 2639 208 2662 κνυσιν
230 2628 316 2676 ἡμῖν
346 2627 452 2674 αὐτῆς
479 2627 566 2672 τέως
591 2627 630 2665 τὸ
661 2627 862 2680 πρόσωπον,
883 2629 1012 2673 ἐπιθεὶς
1032 2630 1121 2681 αὐτῇ

89 2683 152 2732 τὴν
173 2687 302 2725 οἰκείαν
319 2688 576 2741 προσηγορίαν;
601 2689 671 2727 Καὶ
699 2689 743 2728 τὰ
761 2689 995 2740 συστήματα,
1012 2691 1098 2743 φησὶ
1110 2721 1120 2738 ,

87 2747 157 2783 τῶν
183 2748 318 2786 ὑδάτων
345 2749 490 2788 ἐκάλεσε
516 2750 706 2794 θαλάσσας.
728 2749 818 2790 Ἰδοὺ
849 2750 909 2789 καὶ
936 2750 980 2789 τὰ
1009 2751 1121 2791 ὕδατα

90 2805 195 2846 ἔλαὸε
226 2808 289 2856 τὴν
321 2809 452 2848 οἰκείαν
483 2811 733 2864 προσηγορίαν.
769 2812 939 2865 Καθάπερ
971 2813 1040 2865 γάρ
1069 2829 1121 2856 τις

88 2869 250 2919 τεχνίτης
274 2869 414 2922 ἄριστος
452 2872 594 2912 ἐπειδὰν
631 2872 743 2925 μέλλῃ
778 2874 1051 2918 κατασκευάζειν
1086 2891 1120 2912 τι

90 2931 210 2972 σκεῦος
226 2929 284 2968 διὰ
302 2934 365 2978 τῆς
381 2932 512 2976 οἰκείας
529 2934 728 2985 ἐπιστήμης
743 2964 752 2979 ,
771 2936 808 2973 οὖ
823 2935 991 2988 πρότερον
1007 2934 1120 2988 τούτῳ

90 2987 153 3035 τὴν
170 2990 298 3028 οἰκείαν
319 2992 556 3045 προσηγορίαν
576 2994 774 3042 ἐπιτίθησι,
793 2995 918 3048 μέχρις
938 2995 978 3034 ἂν
1004 2995 1044 3034 τὸ
1063 2996 1120 3035 τέ-

91 3051 149 3093 λος
167 3051 271 3103 ἕπιθῇ
289 3055 338 3105 τῷ
352 3056 687 3108 κατασκευαζομένῳ
698 3071 705 3079 ·
722 3055 810 3095 οὕτω
830 3057 872 3105 δὴ
888 3057 948 3095 καὶ
963 3061 980 3096 6
995 3057 1120 3110 φιλάν-

89 3114 225 3163 θρωπος
257 3114 439 3162 Δεσπότης
459 3117 497 3154 οὐ
517 3117 684 3169 πρότερον
712 3117 774 3162 τὰς
794 3118 1031 3172 προσηγορίας
1047 3124 1120 3163 τοῖς

132 3226 146 3241 ⁶
174 3216 230 3250 Sic
252 3217 350 3252 multi
376 3220 454 3253 Mss.
481 3221 522 3254 In
550 3221 681 3254 Metelli
706 3221 863 3255 Editione
886 3233 927 3267 τῷ
953 3223 1097 3266 primum

90 3266 216 3302 deerat.

133 3329 146 3344 ¹
162 3320 242 3363 Reg.
263 3332 345 3355 unus
371 3329 509 3362 εἰσελθών,
535 3325 672 3359 Coistin.
700 3331 836 3363 σονελθὶν
862 3335 976 3375 χώραν.
1008 3327 1096 3362 Ibid.

90 3377 139 3405 1.κί
154 3379 231 3404 ante
248 3378 372 3417 ὀρθῆναι
385 3375 477 3409 dce'st
494 3379 526 3410 in
545 3376 646 3411 Savit.

135 3424 149 3446 ¹ss
168 3423 259 3456 Unns
276 3428 377 3459 αὑτοῦ.

1040 218 1202 248 Gestis.

2100 203 2148 231 s'!

1242 217 1397 248 nomm.
1439 217 1484 246 V.
2092 227 2119 259 'l
2143 222 2151 243 ι

1200 303 1311 342 Mosis
1327 300 1544 357 lingnam.9.
1566 301 1618 339 Et
1634 300 1748 345 (Ιιζτίι,
1767 299 1894 350 inquit,
1913 300 2036 337 Deus:
2057 303 2153 338 Con-

1197 373 1375 416 gregetur
1388 377 1493 417 aqua
1503 376 1588 416 quae
1603 363 1672 400 sub
1691 360 1786 398 caelo
1805 369 1874 402 est,
1891 363 1932 396 in
1947 375 2151 411 congrega-

1154 433 1179 464 Ε
1203 428 1345 463 tionem
1365 439 1498 471 unam,
1521 432 1557 462 et
1577 430 1763 475 appareat
1784 422 1911 459 arida.
1936 422 2151 473 Ernst-cnm

1201 495 1257 525 est
1288 489 1356 524 ita.
1379 485 1476 525 Vide
1498 484 1571 532 hic,
1594 484 1760 530 obsecro,
1779 481 1920 529 dilecte,
1941 481 2101 519 ordinem
2122 491 2150 517 et

1202 547 1487 599 consequentiam
1497 546 1682 599 optimam.
1697 543 1791 591 Quia
1810 543 1953 581 dixerat
1968 542 2002 580 in
2022 542 2154 594 prinei-

1202 608 1283 660 pio:
1313 610 1431 646 Terra
1446 616 1528 646 erat
1549 605 1756 645 invisibilis
1767 613 1803 642 et
1825 606 2091 656 incomposita,
2115 617 2156 640 eo

1201 668 1296 719 quod
1331 668 1484 706 tenebris
1517 677 1550 706 et
1578 666 1679 718 aquis
1705 666 1954 716 obtegeretur:
1975 674 2008 703 et
2028 663 2156 702 deindo

1202 729 1370 780 praecepit
1389 728 1448 766 die
1467 727 1636 775 seeundo,
1658 736 1696 764 ut
1716 736 1804 764 esset
1824 727 2104 774 firmamentum,
2121 735 2153 763 ct

1201 802 1374 839 aquarum
1396 788 1653 840 separationem
1675 787 1771 835 sccii,
1795 787 2006 837 vocavitque
2028 787 2155 824 [irina-

1202 858 1361 886 mentum
1377 849 1505 886 eaelum
1527 863 1534 884 :
1554 861 1648 886 nunc
1678 847 1809 885 iterum
1827 846 1930 884 dooet
1946 861 2022 890 nos,
2043 861 2079 884 se
2097 847 2157 885 die

1202 909 1304 947 tertio
1324 908 1536 962 praecepisse
1554 922 1667 959 aqnee,
1697 922 1775 959 quse
1796 908 1864 945 snb
1884 908 1984 956 ezelo,
2006 907 2072 944 hoe
2092 918 2154 955 est,

1202 970 1438 1019 firmamento,
1452 979 1490 1008 nt
1510 969 1545 1007 in
1570 982 1677 1006 unam
1696 968 2003 1020 congregationem
2032 982 2155 1006 conve-

1200 1031 1305 1082 niret,
1325 1040 1359 1070 ct
1376 1031 1493 1069 locum
1515 1030 1632 1076 daret,
1651 1039 1756 1080 atquc
1775 1038 1960 1082 appareret
1973 1028 2073 1066 arida
2095 1045 2102 1065 :
2124 1039 2154 1066 et

1200 1093 1334 1131 sactum
1351 1102 1402 1131 est
1434 1093 1494 1131 ita.
1515 1092 1612 1140 Quia
1641 1091 1734 1129 enim
1756 1091 1876 1129 omnia
1898 1090 2042 1142 impleta
2058 1101 2157 1129 crant

1201 1154 1319 1205 aquis,
1336 1154 1445 1207 jussit
1466 1154 1502 1192 in
1524 1168 1632 1192 unam
1651 1152 1961 1205 congregationem
1981 1166 2157 1203 aquarum

1201 1215 1471 1253 multitudinem
1490 1214 1692 1263 concedere,
1712 1223 1751 1252 ut
1770 1213 1821 1251 sic
1835 1222 2022 1265 appareret
2037 1212 2152 1250 arida.

1201 1276 1299 1316 Vide
1319 1276 1499 1327 quomodo
1515 1276 1692 1329 paulatim
1711 1274 1810 1312 itlius
1832 1274 1935 1312 nobis
1952 1274 2154 1326 piilehritw

1201 1337 1322 1376 dinem
1338 1347 1372 1375 et
1390 1347 1556 1376 ornatum
1573 1336 1739 1375 ostendit.
1758 1338 1812 1374 Et
1826 1337 1979 1388 factum
1999 1344 2068 1381 est,
2094 1336 2156 1381 ait,

1201 1401 1269 1436 ita.
1287 1399 1496 1447 Quomodo?
1507 1399 1609 1437 Sicut
1622 1406 1839 1451 praeceperat
1856 1396 2157 1435 Dominus-Dixit

1200 1460 1332 1510 solum,
1348 1470 1382 1498 et
1397 1474 1487 1513 opus
1502 1460 1760 1511 subsequutum
1773 1468 1836 1497 est.
1852 1459 1928 1497 Hoc
1943 1458 2036 1496 enim
2050 1472 2156 1510 peen-

1199 1521 1287 1560 liare
1318 1523 1384 1560 Dei
1418 1532 1489 1570 est,
1523 1531 1561 1560 nt
1581 1521 1779 1561 secundum
1798 1520 2019 1560 voluntatem
2056 1534 2156 1558 Suam

1199 1592 1379 1622 creaturas
1394 1583 1611 1622 moderetur.
1627 1585 1679 1621 Et
1691 1591 1926 1635 congregata
1940 1591 2009 1628 est,
2029 1581 2156 1633 inquit,

1154 1666 1175 1696 B
1201 1659 1306 1698 aqua
1327 1660 1412 1698 quoe
1434 1648 1502 1684 sub
1525 1645 1632 1694 coelo,
1652 1647 1694 1682 in
1713 1646 2031 1696 congregationes
2048 1657 2152 1689 suas,

1200 1715 1236 1745 et
1258 1710 1439 1759 apparuit
1458 1708 1585 1745 arida.
1607 1705 1922 1753 Quemadmodum
1940 1704 1985 1742 de
2003 1705 2082 1742 luce
2100 1704 2156 1742 di-

1200 1777 1297 1806 ctum
1321 1778 1385 1816 est,
1424 1768 1522 1819 quod
1560 1782 1641 1806 cum
1671 1776 1785 1805 essent
1820 1766 1954 1816 ubique
1986 1765 2154 1814 tenebrae,

1194 1829 1342 1881 jusserit
1359 1829 1513 1882 produci
1540 1829 1669 1875 lucem,
1693 1837 1727 1866 et
1758 1826 2015 1879 separationem
2035 1826 2156 1863 fecerit

1198 1889 1288 1927 lucis
1310 1903 1351 1927 ae
1371 1889 1613 1938 tenebrarum,
1631 1897 1663 1925 ct
1676 1888 1767 1925 hane
1783 1887 1950 1925 tribuerit
1966 1886 2053 1935 diei,
2069 1886 2154 1924 istas

1198 1964 1281 1988 vero
1303 1949 1419 1999 noeti3
1435 1949 1601 1987 similiter
1619 1947 1757 1986 dietum
1777 1957 1842 1997 est,
1863 1946 1961 1998 quod
1975 1961 2057 1985 cum
2070 1961 2153 1999 pro-

1174 2024 1183 2030 ·
1197 2010 1304 2048 duxit
1322 2010 1604 2056 firmamentum,
1630 2023 1803 2059 aquarum
1822 2009 1909 2046 alias
1934 2007 2154 2060 superiorem

1196 2071 1314 2109 locum
1328 2085 1516 2123 occupare,
1530 2069 1618 2107 alias
1634 2079 1753 2107 autem
1767 2069 1834 2107 snb
1844 2070 2068 2107 firmamento
2081 2082 2155 2106 esse

1192 2131 1340 2183 jusserit
1360 2147 1368 2168 τ
1389 2131 1439 2169 sic
1454 2139 1487 2168 et
1516 2144 1610 2168 nunc
1628 2130 1710 2167 illas
1735 2130 1829 2182 ipsas
1849 2143 1970 2180 aquas,
1987 2144 2065 2180 quae
2088 2130 2156 2167 sub

1197 2192 1420 2230 firmamento
1429 2191 1587 2241 erant7in
1606 2205 1713 2228 unam
1733 2190 2041 2242 congregationem
2053 2190 2155 2243 jubet

1198 2253 1305 2304 coire,
1324 2262 1364 2291 ut
1379 2261 1549 2305 appareat
1562 2252 1674 2300 arida,
1690 2261 1724 2290 ct
1741 2252 1915 2290 tunchuic
1926 2253 2030 2290 etiam
2047 2267 2152 2291 snum

1197 2329 1324 2354 nomen
1343 2315 1527 2367 imponat3
1545 2314 1636 2352 sicut
1651 2314 1696 2352 de
1715 2314 1793 2353 luce
1807 2324 1840 2352 ct
1852 2315 2006 2353 tenebris
2016 2314 2154 2352 dietum

1196 2386 1259 2416 est.
1281 2378 1533 2429 Congregatoe
1563 2379 1666 2414 enim
1705 2385 1807 2424 sunt,
1847 2376 1912 2425 ait,
1935 2391 2047 2429 aquae
2069 2391 2154 2429 (711oe

1148 2453 1186 2500 c·
1196 2440 1266 2476 sub
1292 2439 1388 2476 coelo
1407 2446 1534 2486 erant,
1558 2440 1600 2474 in
1637 2440 1955 2490 congregationes
1989 2452 2093 2484 suas,
2117 2446 2153 2475 et

1195 2502 1378 2552 apparuit
1397 2500 1512 2537 arida
1529 2515 1540 2534 :
1563 2499 1625 2537 40.
1644 2507 1680 2536 et
1701 2501 1861 2537 vocavit
1875 2499 1983 2536 Deus
1999 2499 2153 2536 aridam

1195 2560 1506 2610 terramNidisti,
1529 2558 1669 2608 dilecte,
1689 2559 1871 2610 quomodo
1890 2561 1988 2598 Deus
2009 2568 2152 2605 terram,

1194 2638 1274 2674 quae
1286 2622 1479 2661 invisibilis
1494 2629 1567 2659 erat
1583 2630 1616 2658 et
1632 2620 1921 2673 incomposita,ct
1936 2619 2039 2670 aquis
2052 2620 2152 2670 qnasi

1193 2684 1433 2723 velaminibus
1458 2681 1676 2733 quibusdam
1700 2682 1949 2732 obtegebatur,
1971 2680 2150 2734 despolia-

1194 2746 1262 2796 vit,
1283 2755 1324 2783 ut
1342 2745 1392 2783 sic
1405 2744 1537 2793 dicam,
1551 2753 1584 2781 et
1598 2743 1725 2781 faciem
1744 2743 1842 2780 iltius
1861 2742 1962 2779 nobis
1977 2751 2151 2781 monstra-

1192 2807 1257 2855 vit,
1270 2806 1416 2859 proprio
1427 2805 1533 2843 etiam
1553 2804 1695 2842 nomine
1709 2803 1905 2855 imposito?
1921 2805 1975 2841 Et
1994 2807 2167 2855 congre?

1191 2871 1379 2921 gationes,
1410 2868 1474 2917 ait,
1494 2880 1684 2919 aquarum
1708 2868 1866 2904 vocavit
1899 2869 2038 2904 maria.
2060 2865 2152 2904 Eece

1192 2939 1225 2969 ct
1245 2945 1344 2982 aquae
1364 2943 1490 2967 nomen
1521 2942 1625 2966 snum
1647 2926 1779 2965 sortitae
1798 2936 1892 2965 sunt.
1916 2928 2006 2965 Nam
2026 2941 2150 2978 quem—

1192 2990 1388 3029 admodum
1405 2989 1561 3042 optimus
1586 2988 1717 3026 artifex
1732 2997 1808 3027 arte
1826 3003 1890 3027 sua
1914 3003 1976 3028 vas
2003 2988 2150 3040 aliquod

1144 3065 1168 3095 n
1191 3053 1364 3099 facturus,
1391 3065 1458 3089 non
1479 3059 1580 3087 antea
1608 3049 1660 3087 illi
1690 3063 1816 3087 nomen
1846 3050 2013 3103 imponit,
2036 3050 2148 3088 donee

1191 3118 1354 3156 absolvat
1371 3133 1379 3152 :
1396 3117 1443 3154 ita
1469 3125 1503 3153 et
1523 3114 1699 3167 benignus
1721 3116 1898 3154 Dominus
1917 3115 2057 3153 nomina
2079 3115 2147 3153 ele-

1177 3232 1189 3248 ‘·
1205 3220 1282 3258 fine
1300 3222 1393 3254 abest
1414 3233 1430 3251 a
1459 3219 1563 3254 Savil.
1581 3229 1614 3254 et
1636 3220 1678 3253 ab
1694 3220 1822 3266 aliquot
1845 3222 1933 3261 Mss„
1953 3223 2008 3264 qui
2033 3230 2145 3264 postea

1133 3273 1260 3308 liabent.
1276 3277 1504 3318 ἀκού-ἠρώτας.

1176 3328 1188 3347 ⁸¹
1208 3327 1269 3359 Alii
1295 3325 1598 3368 ἑπνμφιάσας.ῗεΐᾰι
1623 3324 1724 3359 lectio
1751 3332 1964 3372 ἀπαμξιάσκς,
1981 3325 2071 3370 quod
2098 3335 2148 3358 τοι

1135 3382 1282 3416 §.no-,0525
1292 3405 1299 3419 ,
1317 3376 1463 3420 11U<yClt.
