2516 3791
286 128 363 153 ἧς,

275 137 369 187 hoq,
705 143 742 171 S.
782 141 968 172 JOANNIS
1003 140 1246 170 CHRYSOST.

275 234 393 262 tuum.
415 226 606 275 Quoniam
621 226 654 261 si
671 231 807 261 contra
823 223 1078 274 Deum—fortis
1091 222 1218 272 fuisti,

273 285 395 322 multo
406 287 529 336 magis
541 291 679 322 contra
699 285 871 321 homines
890 290 1026 333 potens
1043 283 1130 318 eris.
1154 280 1221 318 Vi-

272 344 358 383 disti
384 344 560 395 quomodo
581 343 735 382 ostendit
764 351 874 380 totam
894 355 1052 392 causam,
1078 348 1224 393 propter

273 419 381 455 quam
395 405 481 442 adeo
496 418 531 442 se
544 404 697 452 demisit,
714 412 746 440 et
758 402 865 440 simul
878 401 1145 454 docuitjiismm
1159 414 1222 453 per

273 466 424 503 nominis
440 465 704 516 impositionem
718 462 797 514 quis
811 471 900 501 esset
921 477 1028 514 quem
1045 462 1177 501 viderit
1189 471 1222 501 et

272 522 588 575 comprehenderit.
604 524 694 559 Non
710 523 816 560 ultra
828 521 922 560 enim
935 524 1137 560 vocaberis
1150 522 1223 559 Ja-

115 593 201 620 tsrau
217 595 259 620 vi·
272 586 354 629 coh,
371 584 440 621 sed
453 583 578 620 lsrael
589 585 662 620 erit
676 596 814 621 nomen
827 591 947 621 tuum.
964 582 1073 621 Israel
1087 591 1220 633 autem,

71 635 140 661 deus
154 634 255 662 Deum.

103 2483 161 2509 (Tur
191 2485 246 2510 hu-

271 644 299 681 si
313 644 392 694 quis
410 643 673 695 interpretetur,
693 652 806 692 sonat,
824 643 958 684 Videns
973 645 1101 683 Deum.
1119 644 1218 691 Quo-

271 705 365 742 niam
380 704 470 741 sicut
485 703 607 742 videre
622 704 759 742 homini
777 704 946 757 possibile
959 714 1023 753 est,
1038 706 1155 743 Deum
1166 705 1223 744 vi-

272 766 352 803 dere
378 765 540 803 meruisti
556 775 763 817 :propterea
784 775 817 804 et
836 766 928 804 hanc
946 766 1221 819 appellationem

269 827 332 864 tibi
351 827 507 878 impono,
520 836 558 864 ut
573 827 739 865 omnibus
754 827 903 880 posteris
921 827 1149 865 manifestum
1164 827 1223 876 sit,
1242 851 1264 879 B

269 901 379 936 quam
408 887 582 926 visionem
608 896 817 938 assequutus
841 888 960 926 fueris.
983 888 1031 925 Et
1049 887 1194 939 subjicit
1212 903 1220 924 τ

274 949 466 998 Quoniam
477 949 717 999 praevaluisti
730 957 867 986 contra
882 950 1023 995 Deum,
1034 956 1071 985 et
1084 957 1220 986 contra

270 1011 441 1048 homines
453 1018 588 1061 potens
602 1012 676 1047 eris
690 1025 700 1045 .·
713 1009 803 1046 nihil
827 1009 981 1061 amplius
997 1009 1094 1057 time,
1109 1023 1221 1059 neque

268 1070 440 1108 damnum
452 1069 601 1120 aliquod
614 1079 806 1122 exspectes,
814 1070 910 1121 quod
923 1070 969 1108 ab
982 1070 1104 1120 aliquo
1118 1070 1218 1108 seras.

268 1132 361 1168 Nam
373 1132 434 1181 qui
448 1139 583 1168 tantam
602 1130 773 1169 virtutem
788 1130 972 1183 accepisti,
990 1139 1030 1168 ut
1049 1145 1131 1168 cum
1144 1132 1220 1169 Deo

269 1192 394 1228 luctari
415 1191 582 1239 valueris,
593 1191 707 1229 multo
721 1191 835 1243 magis
849 1191 1011 1230 homines
1022 1191 1219 1244 superabis,

268 1261 300 1289 et
322 1252 477 1291 invictus
495 1251 660 1290 omnibus
680 1252 763 1290 eris.

318 1376 356 1412 5.
381 1375 445 1413 His
465 1374 597 1413 auditis
620 1376 739 1427 justus
764 1375 1014 1428 obstupescens
1034 1375 1216 1427 magnitu-
1238 1396 1263 1428 C

266 1434 387 1473 dinem
413 1436 489 1487 ejus
518 1435 580 1486 qui
609 1449 728 1473 secum
755 1435 1036 1486 colloquebatur,
1058 1435 1146 1474 dicit
1165 1436 1217 1474 ei:

265 1498 328 1533 ΞΕ).
358 1495 570 1534 Αηηιιηῖίιι
589 1498 684 1533 mihi
710 1509 850 1533 nomen
869 1505 991 1534 tuum.
1018 1497 1072 1533 Et
1093 1497 1193 1534 dixit
1207 1513 1217 1533 .·

267 1558 345 1593 Cur
360 1559 500 1608 quaeris
517 1569 656 1593 nomen
667 1560 819 1593 meam?
835 1558 889 1593 Et
906 1557 1103 1594 benedixit
1118 1571 1216 1595 eum.

265 1620 361 1655 Intra
380 1627 459 1655 tuos
477 1617 623 1666 limites,
640 1617 772 1667 inquit,
793 1631 910 1667 mane,
929 1626 964 1655 et
982 1631 1025 1655 ne
1043 1626 1217 1669 transgre-

263 1678 372 1716 diaris
388 1691 590 1714 mensuram
603 1686 714 1714 tuam.
729 1677 797 1717 Vis
810 1691 924 1715 meam
936 1676 1218 1716 benedictionem

264 1739 444 1776 obtinere?
465 1738 557 1776 Ecce
578 1753 655 1776 eam
674 1738 742 1776 tibi
761 1738 819 1776 do.
841 1737 939 1776 Dicit
960 1738 1067 1787 enim,
1087 1740 1141 1776 Et
1157 1741 1218 1777 be-

264 1801 411 1838 nedicit
435 1813 533 1837 eum.
563 1800 628 1838 50.
659 1800 716 1837 Et
739 1802 912 1846 vocavit,
943 1798 1072 1850 inquit,
1091 1800 1216 1837 Jacob

264 1875 402 1898 nomen
431 1861 506 1898 loci
535 1861 657 1906 illius,
691 1861 860 1910 Speciem
890 1860 977 1897 Dei.
1006 1861 1095 1897 Vidi
1114 1863 1217 1898 enim

263 1923 499 1973 Demnsacie
509 1922 724 1974 adfaciem,
732 1929 768 1958 et
775 1921 1010 1973 salvasacta
1017 1929 1073 1958 est
1081 1923 1216 1959 anima
1239 1935 1263 1964 ι)

262 1997 360 2020 mea.
383 1982 496 2022 Vides
514 1991 689 2033 quantum
704 1981 736 2019 ci
751 1981 893 2019 fiduciae
910 1995 930 2018 a
944 1981 1079 2019 visione
1093 1981 1139 2019 sit
1153 1982 1214 2020 in—

261 2043 402 2080 ditum?
421 2044 542 2080 Salva
556 2044 678 2094 facta
697 2051 753 2080 est
769 2044 903 2080 anima
921 2056 1020 2089 mea,
1042 2055 1122 2093 quae
1141 2052 1215 2081 erat

262 2103 520 2155 propemodum
548 2111 688 2140 mortua
708 2117 781 2154 prce
801 2103 939 2141 timore.
963 2103 1142 2149 Quoniam
1161 2104 1211 2142 vi-

261 2164 344 2202 dere
358 2164 446 2202 mihi
459 2163 583 2200 datum
594 2172 644 2200 est
658 2165 774 2201 Deum
787 2163 876 2201 facie
887 2163 934 2200 ad
946 2164 1084 2211 faciem,
1095 2164 1215 2203 Salva

250 2228 370 2278 ⁴sacta
389 2234 443 2263 est
463 2227 598 2262 arzima
617 2237 713 2261 mea.
737 2225 780 2261 51
796 2253 802 2260 .
827 2225 942 2261 Ortus
961 2232 1016 2261 est
1034 2233 1164 2261 autem
1180 2227 1215 2263 ei

261 2288 332 2333 sol,
354 2287 512 2338 quando
526 2287 732 2336 proeceriit‘
745 2287 847 2322 visio
868 2285 956 2321 Dei.
975 2283 1112 2324 Vidisti
1127 2299 1213 2335 quo-

261 2346 368 2385 modo
384 2345 582 2384 infirmitati
593 2345 757 2382 humanae
769 2344 944 2382 Dominus
956 2359 1030 2382 sese
1043 2354 1213 2399 attempe-

261 2422 356 2457 rans,
370 2408 488 2445 omnia
504 2406 577 2457 agit
592 2415 625 2443 et
636 2414 773 2454 tractat,
790 2414 828 2442 ut
843 2420 944 2443 suam
960 2405 1214 2457 benignitatem

261 2469 440 2506 declaret?
460 2468 506 2505 Et
533 2481 576 2505 ne
605 2466 807 2515 admi1e1is,
837 2466 977 2516 dilecte,
1001 2466 1097 2517 quod
1118 2476 1212 2505 tanta

61 2535 95 2550 ¹¹¹
99 2535 141 2550 ¹¹¹³
159 2524 189 2559 s¹-'-'
185 2535 245 2552 ¹¹¹³
261 2530 305 2567 sit
320 2529 550 2581 indulgentiae
566 2528 664 2565 illius
680 2526 908 2579 magnitudo:
901 2527 982 2565 ·sed
998 2527 1113 2579 cogita
1127 2542 1214 2579 quo-

58 2576 153 2601 ;·.ppn‹
149 2572 213 2592 want

66 2617 108 2641 'Q
106 2606 160 2633 li

261 2591 366 2629 modo
381 2601 414 2628 ct
428 2599 507 2642 pati
511 2590 562 2627 iar
564 2589 653 2637 chae,
665 2603 746 2626 cum
763 2588 861 2640 apud
876 2603 1048 2639 queleum
1066 2589 1214 2638 sederet,

260 2653 294 2690 in
307 2652 461 2690 hominis
479 2652 594 2703 figura
610 2664 691 2688 cum
701 2649 835 2701 angelis
851 2649 978 2702 hospes
994 2651 1112 2701 suerit,
1125 2665 1212 2703 prae—
1239 2667 1260 2696 Ε

262 2714 403 2765 signans
419 2713 520 2751 nobis
535 2713 611 2764 jam
624 2712 738 2750 multo
754 2721 854 2749 antea
869 2720 902 2749 et
917 2712 963 2749 ab
976 2712 1077 2750 initio
1093 2726 1130 2751 se
1146 2712 1213 2750 hu-

262 2790 401 2813 manam
415 2784 579 2812 nanuum
592 2782 838 2825 suscepturum
851 2787 938 2824 esse,
953 2783 992 2811 ut
1008 2773 1059 2812 sic
1070 2788 1211 2812 omnem

260 2837 451 2873 humanam
469 2843 633 2872 naturam
646 2849 667 2872 a
679 2833 814 2871 diaboli
828 2833 1017 2886 tyrannide
1029 2834 1210 2886 liberaret,

259 2908 291 2935 ct
312 2897 357 2935 ad
379 2897 531 2935 salutem
550 2895 744 2934 reduceret.
768 2897 905 2935 Verum
934 2905 1020 2934 tunc
1048 2896 1210 2947 quidem,

257 2959 425 3010 quoniam
442 2957 541 2995 initia
562 2966 594 2995 et
615 2957 789 3009 principia
810 2965 919 3007 erant,
938 2956 974 2995 in
995 2957 1110 3010 figura
1132 2958 1210 2996 uni-

1282 139 1486 168 ARCHIEP.
1525 137 1887 168 CONSTANTINOP.

1293 222 1418 258 ἐστινὸ
1437 219 1522 271 πρὸς
1541 219 1642 256 αὐτὸν
1674 219 1929 270 διαλεγόμενος.
1961 219 2037 259 Καὶ
2066 218 2184 266 ἐπειδὴ
2211 213 2320 267 εἶπεν,

1265 293 1272 301 ’
1293 278 1445 326 Ἰακὼὸ,
1482 280 1607 332 φησίν·
1639 281 1693 318 Οὐ
1725 280 1938 327 κληθήσεται
1968 279 2019 317 ἔτι
2047 281 2087 318 τὸ
2116 280 2226 330 ὄνομά
2257 297 2318 319 σου

1292 339 1444 388 ’laxi-23,
1463 341 1539 378 ἀλλ’
1561 339 1705 392 Ἰσραὴλ
1730 340 1827 378 ἔσται
1857 341 1897 378 τὸ
1922 340 2031 390 ὄνομά
2065 356 2142 388 σου,
2170 340 2222 378 ὅτι
2250 340 2318 378 ἐνί-

1291 416 1423 452 σχυσας
1443 400 1531 451 μετὰ
1550 402 1644 440 Θεοῦ
1656 432 1665 449 ,
1686 401 1746 439 καὶ
1763 401 1852 452 μετὰ
1869 400 2058 453 ἀνθρώπων
2079 401 2220 445 δυνατὸς
2241 401 2315 452 ἔσῃ.

1292 457 1392 505 Εἶδες
1409 465 1484 506 πῶς
1503 461 1608 506 ἔδειξε
1625 462 1687 508 τὴν
1718 461 1830 500 αἰτίαν
1851 462 2004 509 ἅπασαν,
2032 463 2075 499 δι’
2106 463 2147 508 ἢν
2176 461 2240 508 τὴν
2261 478 2318 500 το-

1291 523 1421 597 σαύτην
1442 521 1701 573 συγκατάὸασιν
1722 522 1933 570 ἐπεδείξατο,
1961 538 2020 560 και
2048 525 2134 572 ὁμου
2159 522 2318 560 διδάσκει

1289 584 1346 622 τὸν
1373 583 1504 622 δίκαιον
1527 583 1583 621 διὰ
1604 586 1666 630 τ’ῆς
1689 582 1903 630 ἐπιτεθείσης
1934 584 2029 635 αὐτῳ
2057 582 2296 636 προσηγορίας
2311 613 2322 631 ,

1289 645 1340 689 τίς
1361 647 1453 684 ἐστιν
1479 645 1514 684 ὃν
1535 639 1604 683 εἶδε
1633 645 1692 682 καὶ
1719 650 1908 696 κατασχεῖν
1935 643 2149 691 κατηξιώθη.
2171 643 2288 681 Οὖκ”
2270 660 2321 681 ετι

1288 706 1356 759 γὰρ
1384 706 1616 754 κληθησεται,
1636 721 1751 757 φησιν,
1773 704 1904 743 Ἰακωὲ
1925 705 1964 743 τὸ
1996 705 2107 755 ὄνομά
2139 719 2220 752 σου,
2241 705 2320 742 ἀλλ’

1289 767 1597 820 ἸσραήλῃἸσραὴλ
1610 766 1645 805 δὲ
1660 771 1675 787 ‘¹
1685 765 1911 819 ἑρμηνεύεται
1921 796 1930 813 ,
1941 768 2030 819 ὁρῶν
2041 743 2144 804 Θεόν.
2158 764 2319 812 Ἐπειδὴ,

1288 832 1334 873 ὡς
1364 830 1446 867 ἷδεῖν
1476 828 1647 880 ἀνθρώπῳ
1667 828 1822 875 δυνατὸν,
1857 828 1941 865 ἰδεῖν
1960 825 2179 874 κατηξιώθης
2213 826 2318 872 Θεὸν,

1288 889 1344 927 διὰ
1363 892 1465 927 τοῦτο
1484 890 1542 927 καὶ
1556 889 1618 936 τὴν
1637 888 1872 940 προσηγορίαν
1889 903 1944 926 σοι
1962 887 2094 933 ταύτην
2111 885 2294 936 ἐπιτίθημι
2310 918 2318 934 ,

1285 948 1342 987 ἵνα
1358 955 1445 988 πᾶσι
1464 956 1535 993 τοῖς
1561 948 1639 994 ἑξῆς
1665 949 1863 994 κατάδηλον
1885 963 2051 999 γενηται,
2076 963 2149 991 οιας
2169 946 2319 993 ἠξιώθης

1286 1009 1468 1053 ὀπτασίας.
1488 1001 1558 1047 Καὶ
1579 1008 1764 1060 ἐπήγαγεν,
1787 1008 1903 1046 “Ort'
1888 1008 2100 1059 ενίσχυσας
2095 1007 2183 1045 μετὰ
2201 1009 2317 1055 Θεου,

1287 1071 1346 1108 καὶ
1367 1070 1456 1121 μετὰ
1476 1069 1668 1124 ἀνθρώπων
1694 1068 1834 1112 δυνατὸς
1854 1069 1928 1120 ἔσῃ.
1955 1067 1972 1089 ¹³
1986 1067 2090 1115 Μηδὲ
2113 1069 2235 1107 λοιπὸν
2263 1069 2317 1107 δέ·

1286 1132 1374 1180 διθι,
1397 1130 1487 1181 μηδὲ
1505 1131 1640 1183 βλάὸην
1660 1129 1738 1168 τινὰ
1758 1129 1981 1181 προσδοκήσῃ
2008 1128 2106 1180 παρά
2122 1143 2213 1172 τινος
2231 1131 2317 1167 ὑπο-

1286 1193 1411 1243 μένειν.
1441 1192 1486 1231 ‘O
1516 1193 1583 1245 γὰρ
1612 1191 1785 1237 τοσαύτην
1806 1189 1906 1243 ἷσᾈὺν
1938 1189 2162 1243 προσλαὸὼν,
2185 1193 2232 1234 ὡς
2258 1190 2318 1227 καὶ

1286 1254 1376 1305 μετὰ
1400 1256 1492 1292 Θεοῦ
1526 1255 1713 1299 δυνηθῆναι
1741 1251 1914 1290 παλαῖσαί
1943 1266 1999 1299 σε,
2031 1252 2152 1303 πολλῷ
2183 1252 2315 1301 μᾶλλον

1284 1318 1352 1353 τῶν
1373 1314 1564 1368 ἀνθρώπων
1584 1313 1742 1365 περιέσῃ,
1759 1313 1818 1351 καὶ
1834 1311 2023 1364 ἀχείρωτος
2043 1311 2153 1349 ἅπασι
2168 1311 2314 1363 γενήσῃ.

1336 1377 1494 1414 Γαυτα
1476 1375 1606 1414 ακούων
1625 1376 1674 1412 ὃ
1656 1374 1811 1421 οίκαιος,
1826 1390 1884 1411 και
1899 1375 2055 1411 καταπλ
2034 1388 2138 1424 αγεις
2156 1377 2217 1410 τοῦ
2231 1372 2318 1425 πρὸς

1285 1438 1387 1476 αὐτὸν
1410 1435 1654 1487 διαλεγομένου
1686 1435 1726 1473 τὸ
1759 1434 1921 1486 μεγεθος,
1950 1433 2075 1486 φησίν·
2097 1433 2315 1484 Ἀνοίγγειλόν

1286 1515 1344 1548 μοι
1365 1498 1405 1537 τὸ
1429 1497 1538 1548 ὄνου.οί
1557 1513 1629 1535 σου.
1647 1496 1717 1535 Και
1738 1500 1851 1534 εἶπεν·
1872 1494 1929 1533 ἵνα
1943 1494 1978 1532 τί
2003 1497 2135 1568 ἔρωτας
2151 1495 2191 1532 τὸ
2204 1494 2316 1545 ὄνομά

1285 1574 1368 1609 μου;
1387 1558 1458 1597 Και
1486 1558 1670 1609 ευλόγησεν
1689 1556 1804 1595 αὐτόν.
1820 1555 1933 1603 Ἔσω,
1953 1571 2059 1607 φησι,
2089 1557 2157 1592 τῶν
2179 1554 2315 1593 οἰκείων

1284 1619 1372 1672 ὅρων
1389 1619 1470 1669 μένε
1482 1650 1491 1667 ,
1511 1619 1566 1657 καὶ
1589 1618 1637 1669 μὴ
1655 1617 1843 1671 ὑπέρὸαινέ
1857 1633 1917 1655 σου
1938 1615 1982 1654 τὰ
1999 1615 2123 1667 μέτρα.
2145 1615 2316 1665 Εὐλογίας

1287 1680 1403 1731 βούλει
1423 1681 1620 1718 ἀπολαῦσαι
1639 1681 1703 1724 τ’ῆς
1724 1680 1807 1730 παρ’
1835 1679 1939 1728 ἐμοι),
1957 1675 2069 1723 Ἰδου,
2099 1675 2229 1721 ταύτην
2262 1691 2318 1714 σοι

1287 1743 1478 1795 δωροῦμαι.
1500 1740 1681 1791 Εὗλόγησε
1702 1739 1794 1791 γὰρ,
1822 1753 1939 1790 φησιν,
1971 1736 2085 1774 αὐτόν.
2105 1736 2177 1775 Καὶ
2197 1736 2316 1775 ἐκάλε-

1286 1818 1342 1841 σεν
1359 1801 1488 1840 Ἰακὼῧ
1515 1802 1555 1840 τὸ
1581 1801 1691 1839 ὄνομα
1717 1816 1777 1838 του
1797 1798 1903 1837 τόπου
1925 1797 2078 1845 ἐκείνου,
2097 1791 2184 1841 εἶδος
2206 1800 2313 1837 Θεου.

1285 1857 1388 1901 Εἶδον
1403 1862 1470 1914 γὰρ
1490 1863 1580 1901 Θεὸν
1595 1861 1782 1914 πρόσωπον
1803 1861 1888 1911 πρὸς
1906 1858 2105 1910 πρόσωπον,
2125 1858 2185 1896 καὶ
2201 1858 2314 1907 ἐσώθη

1287 1941 1350 1975 μου
1367 1928 1389 1971 ἡ
1411 1923 1519 1976 ψυχή.
1545 1922 1654 1975 εΟρᾷς
1684 1921 1789 1960 πόσον
1810 1923 1904 1972 αὐτῷ
1931 1919 2055 1971 θάρσος
2081 1919 2219 1972 γέγονεν
2241 1921 2311 1959 ἀπὸ

1284 1988 1346 2031 τῆς
1366 1984 1536 2028 ὀπτασίας
1570 1986 1633 2029 τῆς
1664 1981 1919 2034 γεγενημένης;
1951 1979 2091 2028 ’Est-'2071
2121 1981 2190 2035 γάρ
2223 1997 2312 2032 μου,

1284 2047 1401 2099 φησὶν,
1420 2050 1442 2093 ἡ
1458 2044 1574 2098 ψυχὴ,
1589 2048 1610 2091 ἡ
1633 2045 1755 2096 σχεδὸν
1777 2046 2032 2089 ἀποτεθνηκυῖα
2046 2042 2114 2081 ὑπὸ
2129 2045 2188 2080 τοῦ
2207 2041 2316 2086 δέους.

1284 2106 1431 2153 Ἐπειδὴ
1452 2108 1534 2144 ἰδεῖν
1557 2103 1776 2151 κατηξιώθην
1798 2103 1983 2154 πρόσωπον
2013 2103 2098 2154 πρὸς
2128 2103 2316 2154 πρόσωπον

1283 2168 1340 2205 τὸν
1374 2167 1476 2213 Θεὸν,
1495 2164 1635 2211 Ἐσώθη
1667 2180 1731 2214 μου
1751 2167 1771 2209 ἡ
1795 2165 1904 2214 ψυχή.
1931 2162 2098 2200 Ἀνέτειλε
2119 2162 2154 2200 δὲ
2188 2164 2283 2215 αὐτῷ
2298 2166 2317 2200 ὁ

1282 2227 1396 2273 ἥλιος,
1425 2227 1529 2273 ἡνίκα
1558 2227 1716 2278 παρῆλθε
1735 2225 1774 2262 τὸ
1803 2218 1889 2267 εἶδος
1914 2226 1973 2262 τοῦ
1995 2225 2099 2261 Θεοῦ.
2119 2217 2220 2266 Εἶδες
2240 2225 2316 2267 πῶς

1281 2290 1324 2338 τῇ
1342 2286 1501 2338 ἀσθενείᾳ
1516 2289 1558 2338 τῇ
1575 2287 1774 2338 ἀνθρωπίνη
1791 2284 2080 2336 συγκαταῧαίνων
2101 2287 2118 2322 ὁ
2133 2283 2314 2331 Δεσπότης

1281 2348 1394 2386 πάντα
1410 2351 1501 2386 ποιεῖ
1520 2363 1579 2384 και
1598 2362 1702 2398 πραμ
1683 2345 1908 2392 ιαατεύεται,
1924 2361 2015 2383 ωστε
2029 2344 2092 2391 τὴν
2107 2344 2237 2383 οἰκείαν
2253 2361 2311 2397 φι-

1280 2408 1501 2461 λανθρωπίαν
1518 2407 1772 2454 ἐπιδείξασθαι;
1790 2407 1857 2444 Και
1877 2405 1925 2456 μὴ
1940 2405 2149 2457 ξενισθης,
2130 2405 2290 2479 αγαπητὲ
2304 2436 2314 2454 ,

1281 2486 1365 2521 προς
1380 2486 1419 2508 το
1437 2486 1499 2515 ττς
1527 2485 1567 2507 συ
1570 2467 1821 2518 γκαταοασεως
1842 2466 1984 2518 υ.ε’γεθος
2002 2496 2011 2513 ,
2043 2467 2120 2505 ἀλλ’
2154 2465 2315 2512 ἐννόησον

1282 2530 1335 2568 ὅτι
1362 2531 1420 2568 καὶ
1452 2530 1509 2568 ἐπὶ
1532 2534 1590 2567 τοῦ
1613 2529 1857 2580 πατριάρχου,
1879 2528 1983 2573 ἡνίκα
2016 2527 2114 2579 παρὰ
2140 2527 2203 2573 τὴν
2236 2529 2314 2579 δρῦν

1284 2592 1476 2639 ἐκαθέζετο,
1497 2594 1530 2630 ἐν
1561 2590 1745 2644 ἀνθρώπου
1766 2590 1924 2641 σχήματι
1952 2588 2040 2639 μετὰ
2066 2591 2134 2626 τῶν
2158 2588 2314 2640 ἀγγέλων

1285 2652 1477 2699 ἐπεξενώθη
1497 2655 1547 2705 τῷ
1568 2652 1714 2704 δικαίῳ,
1734 2649 1943 2704 προμηνύων
1961 2654 2045 2700 ἡμῖν
2061 2650 2189 2688 ἄνωθεν
2205 2651 2264 2688 καὶ
2280 2650 2315 2694 ἐξ

1285 2716 1396 2766 ἀρχῆς
1410 2741 1419 2758 ,
1447 2713 1500 2752 ὅτι
1538 2713 1658 2763 μέλλει
1694 2711 1913 2764 ἀνθρωπίνην
1945 2711 2080 2763 μορφὴν
2111 2711 2315 2762 λαμὲάνων,

1286 2775 1376 2814 οὕτω
1393 2782 1509 2813 πᾶσαν
1529 2774 1592 2820 τὴν
1615 2772 1834 2825 ἀνθρωπίνην
1853 2771 1950 2823 φύσιν
1972 2775 2009 2810 ἐκ
2029 2774 2091 2817 τῆς
2110 2775 2169 2810 τοῦ
2191 2773 2315 2812 διαδό-

1284 2840 1343 2876 λου
1373 2836 1572 2888 τυραννίδος
1595 2837 1805 2887 ἐλευθεροῦν,
1842 2833 1902 2871 καὶ
1931 2833 2016 2885 πρὸς
2046 2832 2108 2880 τὴν
2140 2834 2315 2885 σωτηρίαν

1284 2898 1480 2949 ἐπανάγειν.
1533 2895 1637 2934 Ἀλλὰ
1682 2895 1760 2933 τότε
1810 2895 1871 2945 μὲν
1887 2925 1896 2941 ,
1943 2894 2063 2940 ἐπειδὴ
2111 2893 2205 2947 ἀρχὴ
2254 2895 2313 2933 καὶ

1284 2959 1452 3011 προοίμια
1482 2952 1547 3005 ἧν,
1569 2959 1602 2995 ἐν
1634 2957 1791 3008 σχήματι
1816 2955 2009 3008 φαντασίας
2041 2956 2179 3007 ἑκάστῳ
2201 2957 2313 2994 αὐτῶν

300 3124 312 3136 ³
332 3113 390 3145 ὅθ’.
401 3111 434 3144 il.
449 3112 532 3143 male
548 3116 738 3158 ἑρμηνεύεται
750 3140 757 3154 ,
777 3119 836 3152 νοῦ,-
847 3117 921 3159 'opem
937 3121 1022 3155 Θεόν,
1040 3111 1130 3157 qUOd
1149 3113 1182 3145 ln
1199 3124 1265 3145 uno
1300 3097 1446 3152 bssffW’.

257 3173 385 3197 tantum
403 3166 463 3198 Ms.
483 3163 643 3198 habetur:
664 3171 726 3203 νοῦς
741 3167 827 3197 enirn
846 3165 941 3198 abest
963 3178 980 3198 a
1004 3166 1131 3199 caeteris
1153 3167 1265 3199 omni.

254 3218 325 3250 lms.
354 3219 503 3259 [Legitur
532 3218 564 3249 in
590 3216 708 3259 Coisl.]
731 3219 824 3250 Esset
848 3219 958 3260 potius
980 3225 1057 3266 ἀνὴρ
1076 3224 1152 3264 ὁρῶν
1174 3226 1258 3259 osan,

254 3284 263 3300 '1
279 3273 299 3301 li
325 3271 440 3301 videns
465 3270 568 3302 Deum
582 3283 590 3300 .·
608 3277 644 3301 ut
659 3269 793 3312 quidam
820 3272 1092 3313 interpretantur,
1112 3273 1150 3312 is,
1169 3278 1254 3317 ἀνήρ,

257 3334 312 3355 ew.
346 3322 503 3354 llebra'i'cv
529 3327 614 3360 w’bt-
639 3321 701 3354 Sed
733 3328 758 3359 Ν
782 3323 924 3364 primum
947 3322 1036 3356 deest
1066 3326 1096 3357 in
1120 3325 1253 3357 nomine.

1342 3171 1358 3194 b
1377 3171 1530 3213 Quinque
1544 3171 1622 3203 Mss.
1641 3173 1755 3213 μηδένα
1774 3175 1893 3207 λοιπὸν,
1910 3179 1976 3200 non
1991 3166 2089 3200 male.

1340 3234 1352 3247 0
1371 3224 1461 3266 [Imo
1480 3222 1674 3256 xertcndum
1704 3231 1765 3264 cst,
1787 3223 1936 3266 Speciem
1956 3221 2033 3254 Dei.
2054 3219 2160 3254 Jacob
2187 3218 2311 3252 scilicet

1293 3274 1401 3308 locum
1421 3275 1465 3307 itu
1484 3283 1639 3307 vocatum
1658 3273 1847 3316 purten-HL]

2475 3628 2492 3791 ssz-v,
