2516 3791
144 1813 250 1838 suarm.
263 1807 326 1848 8]-

149 2674 261 2703 xlltli'l'vl.
288 2674 332 2702 15.

150 2726 198 2746 22.

350 116 367 125 υ

346 127 369 161 ἑ)
380 133 435 161 ,10
780 130 817 159 s.
855 130 1032 160 unimus
1068 128 1308 158 CHRYSOST.

1350 128 1534 157 aucun-13·
1544 149 1552 157 .
1591 129 1922 159 CONSTXNTKNOP
1932 150 1940 159 .

341 222 373 250 et
388 212 575 250 molestum
589 221 640 250 est
655 211 753 263 quod
769 226 789 249 a
804 226 859 249 me
874 209 1111 263 proponitur?
1128 208 1205 246 Nisi
1219 208 1290 245 sci·
1314 210 1337 240 Β
1364 224 1430 251 τως
1449 209 1581 261 ἕψεται.
1601 211 1654 248 Οὐ
1672 210 1738 262 γὰρ
1754 212 1885 261 μέλλω,
1911 212 2264 265 οὖδὲνάναὸάλλομαι,
2287 214 2383 253 ἐπει·

342 287 415 312 rcm
433 273 621 311 deteriores
638 272 715 310 fieri
730 303 740 321 ‚
760 271 902 322 quando
922 270 1040 322 priora
1061 277 1201 320 peccata
1220 280 1290 304 non

341 334 572 379 confitentur,
600 347 710 383 neque
731 332 887 383 idipsum
906 329 1130 380 requirerem.
1151 329 1290 366 Verum

340 396 425 446 quia
446 396 517 433 scio
550 394 735 432 hominum
765 406 874 442 genus
901 391 1013 441 magis
1033 389 1079 427 ad
1104 398 1290 441 peccatum

341 471 494 508 vergere,
522 464 702 508 propterea
729 453 810 490 volo
840 461 878 489 ut
908 451 1142 489 confiteantur
1171 450 1290 503 priora

342 526 497 568 peccata,
512 525 545 552 et
561 513 775 552 confessione
788 512 1044 564 prohibeantur
1060 526 1103 550 ne
1119 511 1154 549 in
1170 511 1291 550 eadem

342 576 510 614 recidant.

391 888 426 924 5.
457 886 540 924 Haec
568 886 678 938 igitur
701 885 907 937 cogitantes,
928 884 1070 933 dilecti,
1090 899 1131 922 ac
1147 885 1293 923 Domini
1315 887 1338 918 C

337 947 591 999 benignitatem
606 947 642 984 in
661 946 780 984 animo
799 954 990 995 versantes,
1010 959 1053 983 ne
1069 945 1180 984 simus
1198 945 1294 983 desi—

337 1008 423 1046 des:
446 1007 508 1046 sed
532 1021 698 1059 magnam
720 1006 830 1044 nostri
857 1006 1017 1059 ipsorum
1042 1020 1208 1058 geramus
1230 1020 1292 1044 eu-

339 1084 426 1119 ram,
439 1079 471 1107 et
488 1078 711 1122 peccatorum
727 1068 884 1106 maculas
899 1081 1107 1120 purgemus,
1125 1077 1229 1119 atque
1245 1068 1296 1106 sic

338 1130 385 1168 ad
406 1139 607 1168 sanctorum
634 1128 920 1167 intercessionem
939 1143 1181 1181 properemus.
1202 1130 1296 1167 Nam

341 1191 370 1228 si
398 1190 508 1229 sobrii
530 1199 563 1228 et
583 1190 710 1241 vigiles
732 1203 805 1227 0550
824 1189 1043 1228 voluerimus
1059 1219 1070 1238 ‚
1101 1189 1207 1227 etiam
1235 1204 1298 1241 per

341 1252 516 1304 nosipsos
542 1260 680 1288 orantes
711 1250 907 1302 plurimum
927 1250 1029 1287 nobis
1061 1249 1295 1302 proderimus.

341 1314 434 1351 Nam
453 1313 621 1364 quoniam
641 1313 792 1350 clemens
814 1320 865 1349 est
884 1311 1059 1349 Dominus
1081 1320 1208 1360 noster,
1227 1326 1296 1350 non

342 1375 391 1412 sic
410 1374 535 1412 annuit
554 1388 634 1412 cuin
650 1373 695 1410 ab
716 1372 796 1410 aliis
812 1386 875 1424 pro
894 1372 997 1410 nobis
1013 1381 1145 1421 oratur,
1164 1381 1203 1411 ut
1216 1386 1297 1411 cum

341 1454 360 1476 a
382 1439 484 1476 nobis
505 1437 603 1490 ipsis.
623 1436 719 1476 Vide
737 1435 932 1473 bonitatem
948 1434 1117 1472 eximiam
1135 1450 1142 1471 ε
1165 1449 1247 1473 nam
1268 1435 1298 1472 si

342 1498 470 1535 viderit
490 1511 552 1534 nos
570 1496 633 1546 qui
652 1494 878 1542 offendinum,
899 1503 931 1530 et
961 1493 1191 1544 ignominiosi
1214 1494 1298 1532 faeti
1319 1496 1342 1524 D

342 1573 464 1595 sumus
484 1557 690 1606 nullamque
716 1555 887 1592 habemus
906 1553 1088 1603 fiduciam,
1110 1554 1298 1605 paululum

341 1618 501 1667 excitari,
521 1627 555 1655 et
575 1616 620 1654 ad
641 1614 834 1653 clementiae
853 1627 924 1650 suae
946 1613 1092 1650 divitias
1112 1615 1299 1665 confugere

342 1679 509 1724 volentes,
546 1677 666 1715 statim
700 1675 865 1728 precibus
904 1674 1053 1723 annuit,
1094 1683 1127 1711 et
1140 1688 1298 1721 ‚manum

342 1739 491 1791 porrigit
505 1737 707 1790 jacentibus
725 1745 758 1773 et
777 1735 894 1787 lapsos
914 1734 1044 1773 excitat
1055 1764 1065 1783 ,
1100 1735 1300 1786 clamatque

341 1800 462 1838 dicens
484 1815 492 1836 ε
511 1798 714 1849 Nurnquicl
743 1800 811 1847 qui
837 1797 941 1833 cadit
961 1825 970 1842 ‚
1001 1810 1078 1833 non
1097 1801 1299 1849 resurget?

342 1864 478 1902 Verum
494 1870 532 1898 ut
546 1860 654 1897 etiam
673 1873 718 1896 ex
733 1858 839 1895 rebus
856 1857 943 1909 ipsis
957 1856 1102 1895 discatis
1120 1857 1298 1908 quomodo

342 1924 447 1961 inulti
465 1937 526 1975 per
546 1921 750 1973 semetipsos
771 1928 908 1957 orantes
935 1918 973 1956 id
997 1918 1093 1970 quod
1110 1919 1300 1971 cupiebant

344 1985 472 2022 melius
501 1983 639 2034 assequi
669 1982 885 2029 valuerunt,
922 1995 1030 2031 quam
1057 1995 1121 2032 per
1148 1980 1300 2019 aliorum

345 2059 477 2097 preces,
491 2043 768 2097 operaepretium
788 2042 893 2079 fuerit
912 2056 990 2091 eos,
1007 2042 1138 2093 quibus
1154 2041 1192 2079 id
1211 2057 1298 2080 cou-

345 2107 438 2157 tigit,
460 2107 494 2143 in
515 2105 672 2143 medium
687 2103 896 2156 producere,
917 2112 955 2140 ut
973 2113 1006 2141 et
1026 2117 1087 2141 nos
1102 2103 1297 2154 imitemur,

345 2178 379 2205 et
397 2168 443 2205 ad
467 2167 727 2204 annullationem
748 2179 992 2218 provocemur.
1015 2164 1214 2202 Audiamus
1233 2166 1299 2217 igi·
1323 2165 1346 2194 Ε

346 2239 403 2266 tur
422 2227 600 2280 quomodo
636 2227 836 2265 Chananaea
865 2225 927 2262 illa
955 2224 1083 2263 mulier
1106 2239 1187 2263 cum
1211 2235 1301 2263 esset

344 2290 540 2341 alienigena
554 2319 565 2339 ,
601 2298 635 2327 ct
669 2288 787 2326 anima
816 2286 921 2325 valde
955 2287 1173 2325 cruciaretur
1190 2317 1201 2336 ‚
1237 2287 1301 2325 uhi

346 2351 438 2390 vidit
467 2352 647 2389 Medicum
683 2350 885 2387 animarum
901 2378 912 2397 ,
946 2357 979 2386 et
1012 2348 1131 2386 Solem
1153 2348 1301 2400 justitiae

346 2414 407 2463 qui
422 2422 566 2451 exortus
581 2421 631 2450 est
648 2411 691 2449 iis
705 2412 765 2462 qui
786 2409 906 2448 sedent
924 2409 959 2447 in
977 2409 1142 2458 tenebris,
1157 2410 1302 2447 accessit

345 2473 392 2512 ad
416 2489 497 2512 eum
528 2473 668 2512 fervido
691 2481 726 2510 et
755 2471 865 2509 alacri
897 2470 1016 2509 studio
1048 2479 1168 2508 mota:
1190 2485 1302 2521 neque

347 2536 425 2574 idco
444 2536 584 2587 segnior
602 2536 692 2572 facta
708 2565 718 2583 ,
738 2533 834 2584 quod
854 2533 911 2571 vel
931 2532 1080 2581 mulier,
1100 2532 1157 2570 vel
1179 2532 1302 2570 alieni-

347 2611 433 2649 gena
449 2606 537 2635 esset
553 2613 560 2633 :
580 2595 643 2634 5011
657 2595 824 2634 omnibus
843 2592 1107 2646 impedimentis
1124 2593 1276 2646 repulsis
1290 2624 1299 2642 ,

349 2669 386 2697 ut
401 2659 556 2707 accessit,
569 2657 695 2709 inquit:
712 2657 893 2704 Domine,
913 2657 1088 2693 miserere
1108 2656 1195 2702 mei,
1209 2656 1303 2706 quia

335 2721 432 2773 ⁸filia
451 2733 536 2757 mea
555 2719 657 2756 male
676 2732 700 2756 a
718 2719 908 2756 daemonio
930 2724 1142 2767 torquetur.
1165 2717 1302 2756 Verum

347 2781 409 2831 qui
427 2781 493 2818 scit
505 2779 709 2817 abscondita
728 2778 900 2827 cordium,
919 2786 1007 2815 tacet
1022 2786 1054 2815 et
1068 2791 1137 2815 non
1154 2791 1301 2829 respon-

346 2842 424 2892 det,
443 2855 552 2892 neque
573 2855 732 2879 sermone
751 2854 829 2878 cam
847 2839 1018 2891 dignatur
1034 2869 1045 2889 ,
1066 2852 1178 2890 neque
1197 2838 1301 2876 mise-

1365 269 1424 306 δὰν
1455 270 1518 307 ἴδω
1544 271 1660 323 ψυχὴν
1688 272 1910 323 εὐγνώμονα·
1940 274 1976 312 ἓν
2000 274 2067 326 γὰρ
2088 275 2190 324 μόνον
2210 277 2382 323 ἐπιζητῶ,

1362 330 1548 382 ὁμολογίαν
1568 335 1637 370 τῶν
1656 333 1910 383 ἐπταισμένιω,
1930 335 1989 372 καὶ
2007 337 2070 373 οὐκ
2089 336 2139 373 ἔτι
2153 334 2218 381 τὴν
2238 337 2294 373 ἐπὶ
2314 343 2384 379 τοῖς

1364 391 1606 443 ἐπταισμένοις
1639 393 1738 440 δίκην
1772 394 1904 446 ἐπάγω.
1941 395 2003 441 Μὴ
2040 395 2107 447 γὰρ
2143 396 2231 447 βαρύ
2257 413 2292 435 τι
2325 397 2384 435 καὶ

1364 452 1512 504 ἐπαχθὲς
1532 453 1571 490 τὸ
1596 456 1680 505 παρ’
1705 455 1790 504 ἐμοῦ
1816 455 2102 506 προτεινόμενον,
2131 458 2175 494 Εἰ
2207 456 2255 506 μὴ
2289 457 2384 508 ᾔδειν

1362 513 1499 565 χείρους
1518 513 1729 564 γινομένους,
1743 516 1782 552 ἐκ
1795 519 1855 552 τοῦ
1877 515 1925 565 μὴ
1942 517 2157 566 ὁμολογῆσαι
2175 515 2218 553 τὰ
2232 517 2386 569 πρότερα

1362 573 1614 626 ἁμαρτήματα,
1632 577 1695 613 οὐκ
1714 575 1754 612 ἂν
1769 575 1847 614 οὐδὲ
1862 579 1964 613 τοῦτο
1981 576 2135 622 ἐζήτουν.
2155 576 2246 614 Ἀλλ’
2264 579 2383 626 ἐπειδὴ

1361 628 1437 672 οἶδα
1455 634 1494 672 τὸ
1510 638 1578 673 τῶν
1599 635 1788 688 ἀνθρώπων
1807 634 1904 687 γένος
1925 638 2057 687 μᾶλλον
2076 638 2162 688 πρὸς
2182 637 2306 675 κακίαν
2327 639 2387 690 ῥέ-

1362 711 1440 744 πον,
1474 697 1530 734 διὰ
1567 700 1668 735 τοῦτο
1703 698 1873 749 βούλομαι
1903 698 1948 736 τὰ
1968 697 2133 750 -πρότερα
2169 700 2385 750 ὁμολογῆσαι

1364 757 1622 810 ἁμαρτήματα,
1633 757 1699 807 νἵνα
1717 762 1737 805 ἡ
1755 758 1923 810 ὁμολογία
1939 758 2087 810 κώλυμα
2110 761 2227 802 αὐτοῖς
2244 759 2388 811 γένηται

1363 818 1447 870 πρὸς
1465 820 1505 857 τὸ
1521 819 1570 869 μὴ
1591 826 1661 862 τοῖς
1682 822 1796 864 αῧτλς
1809 826 2023 872 περιπεσεῖν.

1415 882 1541 918 Ταῦτα
1559 880 1684 928 τοίνυν,
1708 881 1899 932 ἀγαπητοὶ,
1921 882 2227 933 ἀναλογιζόμενοι,
2247 882 2306 920 καὶ
2326 883 2384 920 ἐν-

1362 943 1517 983 νοοῦντες
1543 944 1602 978 τοῦ
1631 942 1802 993 ἡμετέρου
1822 942 2001 980 Δεσπότου
2026 942 2089 989 τὴν
2113 942 2387 994 φιλανθρωπίαν,

1365 1000 1413 1050 μὴ
1431 1003 1653 1052 ῥᾳθυμῶμεν,
1681 1002 1772 1040 ἀλλὰ
1802 1003 1970 1054 πρότερον
1999 1002 2131 1050 πολλὴν
2163 1005 2294 1041 ἑαυτῶν
2326 1003 2387 1050 τὴν

1364 1061 1566 1112 ἐπιμέλειαν
1591 1061 1795 1112 ποιώμεθα,
1822 1062 1881 1100 καὶ
1908 1062 1966 1099 τὸν
2002 1062 2107 1114 ῥύπον
2134 1063 2192 1100 τὸν
2223 1063 2292 1101 ἀπὸ
2318 1067 2387 1102 τῶν

1365 1120 1632 1173 ἁμαρτημάτων
1650 1123 1913 1175 ἐκκαθάρωμεν,
1935 1123 1994 1161 καὶ
2014 1122 2122 1167 οὕτως
2146 1123 2204 1162 ἐπὶ
2221 1123 2282 1167 τὰς
2298 1139 2386 1176 πρε-

1365 1182 1482 1226 σῧείας
1507 1185 1575 1220 τῶν
1603 1183 1708 1235 ἁγίων
1740 1183 1959 1234 σπεύδωμεν.
1981 1183 2066 1222 Ἐὰν
2094 1183 2163 1237 γὰρ
2184 1183 2388 1236 βουλώμεθα

1364 1243 1483 1295 νήφειν
1503 1244 1562 1282 καὶ
1577 1244 1827 1296 ἐγρηγορέναι,
1845 1245 1904 1283 καὶ
1925 1245 1967 1282 δι’
1985 1247 2118 1283 ἑαυτῶν
2137 1247 2387 1298 παρακαλοῦν-

1365 1320 1419 1348 τες
1438 1304 1482 1342 τὰ
1503 1304 1650 1356 μέγιστα
1669 1305 1876 1356 ὃνησόμεθα.
1897 1305 2043 1352 Ἐπειδὴ
2060 1305 2126 1358 γὰρ
2148 1306 2389 1358 φιλάνθρωπός

1366 1367 1458 1405 ἐστιν
1483 1369 1500 1404 ὁ
1530 1366 1712 1412 Δεσπότης
1730 1369 1748 1404 ὃ
1767 1366 1935 1419 ἡμέτερος
1950 1396 1959 1413 ,
1978 1369 2044 1419 οὐχ
2067 1367 2157 1405 οὕτω
2188 1368 2232 1405 δι’
2263 1367 2389 1420 ἑτέρων

1366 1430 1675 1480 παρακαλούμενος
1704 1428 1790 1480 ὑπὲρ
1819 1431 1920 1479 ἡμῶν
1949 1429 2116 1478 ἐπινεύει,
2145 1432 2190 1473 ὡς
2217 1430 2260 1467 δι’
2288 1432 2390 1481 ἡμῶν

1367 1492 1492 1528 αὐτῶν.
1523 1489 1620 1542 σΟρα
1653 1489 1866 1541 ἀγαθότητος
1897 1490 2092 1543 ὓπερῧολήν
2105 1507 2112 1514 ·
2134 1490 2192 1528 ἐὰν
2226 1490 2281 1542 ἴδῃ
2312 1490 2391 1534 τοὺς

1366 1551 1688 1604 προσκεκρουκότας
1704 1554 1797 1602 ἡμῖὶς
1809 1581 1818 1598 ,
1838 1551 1916 1595 τοὺς
1935 1551 2178 1603 ἠτιμωμένους
2191 1582 2200 1599 ,
2217 1550 2295 1594 τοὺς
2315 1569 2388 1602 μη-

1368 1613 1489 1664 δεμίαν
1508 1612 1708 1665 παρρησίαν
1728 1613 1869 1664 ἔχοντας
1883 1641 1893 1660 ‚
1916 1613 2040 1664 μικρὸν
2058 1613 2313 1664 ὃιεγερθέντας,
2331 1614 2390 1651 καὶ

1368 1676 1425 1711 ἐπὶ
1444 1674 1502 1711 τὸν
1521 1674 1669 1711 πλοῦτον
1687 1676 1749 1719 τῆς
1774 1673 2035 1724 φιλανθρωπίας
2055 1675 2158 1710 αὐτοῦ
2179 1679 2390 1726 καταφυγεῖν

1368 1734 1610 1781 ἐθελήσαντας,
1627 1733 1750 1776 εὐθέως
1769 1733 1920 1772 ἐπινεύει
1932 1739 2006 1776 ταῖς
2027 1733 2198 1780 αἰτήσεσι,
2213 1734 2272 1771 καὶ
2288 1740 2391 1786 χεῖρα

1369 1795 1481 1848 ὀρέγει
1499 1795 1681 1845 κειμένοις,
1696 1794 1755 1832 καὶ
1773 1794 1970 1841 διανίστησι
1987 1795 2228 1841 πεπτωκότας,
2247 1795 2306 1833 καὶ
2327 1798 2392 1848 βοᾷ

1368 1857 1490 1908 λέγων·
1511 1857 1572 1903 Μὴ
1588 1859 1605 1894 ὁ
1618 1855 1756 1894 πίπτων
1771 1858 1832 1894 οὐκ
1847 1855 2053 1903 ἀνίσταται,
2069 1855 2160 1894 Ἀλλ’
2181 1855 2238 1894 ἵνα
2257 1857 2391 1907 μάθητε

1370 1918 1428 1956 καὶ
1453 1918 1486 1963 ἐξ
1512 1920 1625 1956 αὐτῶν
1646 1920 1714 1955 τῶν
1735 1918 1965 1970 πραγμάτων,
1982 1917 2035 1956 ὅτι
2052 1917 2175 1955 πολλοὶ
2194 1919 2238 1956 δι’
2259 1921 2390 1956 ἑαυτῶν

1371 1982 1503 2030 μᾶλλον
1523 1980 1831 2031 παρακαλέσαντες
1846 1979 1995 2031 ἴσχυσαν
2011 1981 2190 2031 ἐπιτυχεῖν
2204 1981 2271 2017 τῶν
2285 1995 2393 2018 σπου·

1371 2040 1580 2089 ὀπιζομένων,
1599 2040 1621 2086 ἢ
1642 2042 1684 2078 δι’
1709 2039 1849 2092 ἑτέρων,
1870 2039 2058 2091 ἀναγκαῖόν
2079 2042 2153 2078 ἐστι
2172 2040 2250 2083 τοὺς
2269 2042 2391 2079 ἐπιτυ-

1370 2102 1496 2154 χόντας
1518 2105 1564 2144 εἷς
1581 2101 1685 2152 μέσον
1701 2107 1931 2152 παραγαγεῖν,
1951 2100 2007 2138 ἵνα
2027 2101 2086 2138 καὶ
2105 2104 2206 2152 ἡμεῖς
2225 2102 2392 2153 μιμησ1ί1-

1372 2167 1481 2214 μεθα,
1502 2163 1560 2200 καὶ
1581 2165 1627 2206 εἰς
1647 2164 1748 2209 ζῆλον
1770 2163 2013 2213 διεγερθῶμεν.
2041 2162 2260 2213 Ἀκούσωμεν
2281 2163 2394 2200 τοίνυν

1370 2227 1445 2268 πῶς
1469 2228 1491 2270 ἡ
1512 2222 1694 2262 Χαναναία
1721 2222 1834 2269 ἐκείνη
1874 2221 1959 2273 γυνὴ
1988 2222 2181 2266 κατώδυνος
2212 2217 2297 2262 οῧσα
2329 2224 2392 2270 τὴν

1371 2285 1487 2337 ψυχὴν
1518 2284 1577 2322 καὶ
1608 2283 1821 2336 ἀλλόφυλος,
1854 2283 1972 2330 ἐπειδὴ
2002 2278 2070 2321 εἶδε
2098 2283 2155 2321 τὸν
2181 2287 2247 2322 τῶν
2273 2286 2394 2336 ψυχῶν

1372 2347 1501 2399 ἰατρὸν,
1534 2345 1593 2384 καὶ
1623 2345 1679 2383 τον
1707 2344 1805 2391 ἥλιον
1830 2348 1892 2391 τῆς
1916 2344 2137 2392 δικαιοσύνης
2164 2345 2396 2384 ἀνατείλαντα

1371 2415 1441 2451 τοῖς
1472 2409 1506 2445 ἐν
1533 2406 1649 2445 σκότει
1679 2406 1906 2455 καθημένοις,
1934 2405 2028 2449 ὅπως
2058 2405 2147 2456 μετὰ
2178 2409 2309 2458 θερμῆς
2337 2407 2395 2444 καὶ

1372 2468 1514 2514 ζεούσης
1533 2466 1726 2520 προθυμίας
1745 2466 1807 2513 τὴν
1827 2465 1995 2518 πρόσοδον
2015 2466 2219 2513 ἐποιήσατο,
2239 2467 2298 2504 καὶ
2317 2467 2394 2505 οὔτε

1372 2530 1411 2568 τὸ
1429 2536 1576 2581 γυναῖκα
1593 2527 1701 2574 αὐτὴν
1718 2522 1817 2575 εἶναι,
1837 2527 1916 2566 οὔτε
1930 2527 1969 2565 τὸ
1988 2527 2194 2580 ἀλλόφυλον,
2211 2529 2395 2580 ὀκνηροτέ-

1374 2607 1434 2643 ραν
1447 2590 1606 2642 γενέσθαι
1621 2588 1894 2641 παρεσκεύασεν,
1909 2588 1999 2626 ἀλλὰ
2012 2589 2128 2626 πάντα
2142 2589 2186 2626 τὰ
2200 2588 2393 2639 κωλύματα

1372 2656 1483 2690 ταῦτα
1499 2650 1750 2703 παρωσαμένη,
1767 2649 2007 2702 προσελθοῦσα
2021 2665 2136 2702 φησιν·
2152 2650 2322 2696 Ἐλέησόν
2339 2666 2394 2701 με,

1375 2713 1494 2766 Κύριε,
1509 2713 1560 2751 ὅτι
1579 2715 1601 2758 ἡ
1623 2712 1777 2763 θυγάτηρ
1795 2727 1859 2762 μου
1879 2714 1994 2754 κακῶς
2011 2711 2256 2762 δαιμονίζεται.
2272 2711 2363 2750 Ἀλλ’
2379 2714 2397 2748 ὁ

1372 2776 1415 2813 τὰ
1437 2774 1620 2827 ἀπόρρητα
1643 2776 1703 2819 τῆς
1729 2771 1879 2815 διανοίας
1901 2771 2130 2823 ἐπιστάμενος
2150 2778 2232 2825 σιγᾷ
2257 2771 2316 2810 καὶ
2335 2774 2396 2810 οὐκ

1911 2833 1962 2846 xlm

1373 2835 1613 2889 ἀποκρίνεται,
1631 2836 1671 2873 οὐ
1691 2833 1793 2885 λόγου
1817 2848 2061 2884 μεταοιοωσιν,
2080 2833 2157 2872 οὐδὲ
2177 2833 2339 2885 οἷκτείρει
2358 2833 2398 2870 το

348 2913 444 2942 retur
463 2903 638 2948 mulieris,
661 2917 768 2953 quam
786 2900 932 2940 videbat
954 2910 1049 2939 tanto
1065 2915 1145 2938 cum
1166 2900 1299 2952 ejulatu
1313 2923 1358 2949 451
1373 2898 1524 2950 γύναιον,
1545 2898 1632 2948 ὁρῶν
1655 2894 1744 2946 μετὰ
1764 2894 1935 2941 τοσαύτης
1954 2897 2109 2946 οἰμωγῆς
2124 2896 2396 2946 προσελθοῦσαν,

347 2964 510 3003 accedere
520 2979 530 3013 ;
561 2963 621 3001 5011
647 2963 789 3011 differt,
819 2962 941 3000 volens
971 2961 1152 3000 occultum
1172 2960 1300 2998 mulie—

348 3026 396 3063 ris
414 3025 619 3062 thesaurum
637 3023 803 3061 omnibus
825 3023 1050 3061 manifestum
1065 3023 1186 3060 facere.
1205 3022 1300 3060 Scie-

347 3087 407 3124 bat
437 3085 531 3123 enim
560 3084 777 3122 reconditam
808 3083 1065 3135 margaritam,
1099 3097 1206 3134 quam
1239 3096 1300 3120 nos

348 3148 455 3185 latere
475 3146 636 3183 nolebat:
658 3155 691 3183 ct
721 3145 852 3183 idcirco
871 3145 1057 3183 disserebat
1073 3175 1082 3193 ‚
1112 3154 1145 3183 ct
1167 3159 1228 3183 nec
1247 3158 1301 3182 re·

348 3222 474 3261 sponso
491 3207 718 3257 dignabatur,
737 3216 773 3243 ut
795 3207 942 3257 posteris
958 3206 1123 3244 omnibus
1142 3205 1302 3243 mulieris

349 3270 517 3307 sedulitas
535 3282 660 3317 inagna
682 3268 768 3305 soret
783 3267 956 3305 doctrina.
980 3267 1026 3305 Et
1045 3266 1127 3306 vide
1142 3267 1302 3305 ineffabi-

351 3333 416 3369 lem
451 3330 516 3368 Dei
548 3329 754 3368 bonitatem.
789 3330 866 3379 lpse
899 3329 991 3367 enirn
1011 3360 1019 3377 ‚
1056 3329 1167 3380 iuquit
1185 3359 1192 3374 ‚
1231 3343 1297 3366 non

1326 2962 1351 2989 Λ
1373 2958 1464 2997 ἀλλὰ
1484 2961 1714 3009 μακροθυμεῖ,
1733 2955 1941 3006 βουλόμενος
1957 2955 2016 2993 τὸν
2033 2955 2245 2994 λανθάνοντα
2263 2958 2394 3001 θησαυ-

1376 3020 1431 3071 ρὸν
1444 3022 1477 3058 ἐν
1489 3022 1532 3071 τῇ
1548 3017 1686 3070 γυναικὶ
1703 3017 1900 3064 κατάδηλον
1916 3017 2026 3055 ἅπασι
2038 3019 2197 3062 ποιῆσαι.
2215 3015 2318 3071 ’ῌδει
2330 3015 2398 3067 γὰρ

1371 3082 1430 3118 τὀν
1446 3079 1684 3131 κρυπτόμενον
1707 3078 1938 3129 μαργαρίτην,
1958 3078 1994 3116 ὃν
2017 3079 2079 3115 οὐκ
2100 3077 2261 3115 ε’ἔούλετο
2281 3079 2398 3115 λαθεῖν

1372 3145 1476 3192 ἡμᾶς·
1494 3142 1552 3179 καὶ
1569 3140 1625 3178 διὰ
1638 3144 1740 3178 τοῦτο
1756 3139 2001 3186 οἱναόοίλλεται,
2015 3139 2073 3177 καὶ
2087 3138 2162 3177 οὐδὲ
2182 3138 2398 3190 ἀποκρίσεως

1374 3204 1460 3247 ἀξιοῖ
1473 3233 1482 3251 ,
1499 3203 1554 3240 ἰ’να
1568 3206 1588 3248 ἠ
1605 3201 1718 3248 πολλὴ
1736 3204 1798 3247 τῆς
1813 3200 1972 3251 γυναικὸς
1988 3200 2176 3252 προσεδρία
2191 3200 2397 3237 διδασκαλία

1374 3272 1461 3303 πᾶσι
1483 3264 1627 3315 γένηται
1645 3269 1714 3306 τοῖς
1735 3261 1823 3313 μετὰ
1840 3264 1961 3299 ταῦτα.
1983 3261 2052 3299 Καὶ
2070 3260 2134 3312 ὅρα
2150 3264 2209 3298 τοῦ
2229 3263 2321 3298 Θεοῦ
2335 3260 2396 3306 τὴν

1374 3329 1504 3379 α”ρατον
1521 3325 1731 3376 ἀγαθότητα.
1754 3324 1862 3366 Αὐτὸς
1880 3324 1955 3373 μὲν,
1975 3323 2091 3374 φησὶν,
2106 3324 2167 3360 οὐκ
2186 3321 2396 3371 ἀπεκρίνατο

2488 3523 2516 3791 ..affl-„-
2487 3484 2491 3497 -
