2483 3791
703 191 747 221 m
784 190 884 221 CAP.
926 190 973 221 11.
1014 187 1177 220 GENES.
1216 188 1371 220 uomit„
1414 190 1490 220 ΧΙΙ.
2033 195 2108 222 111

69 278 157 318 ἀλλὰ
178 278 246 315 τῶν
265 275 572 314 συνεκτικιιιτάτων
591 273 864 326 μνημονεύουσα,
880 272 996 312 οὐκέτι
1009 274 1085 311 καθ’

73 342 108 378 ἓν
127 341 211 390 ἡμῖν
234 337 371 376 ἅπαντα
394 337 584 388 διηγεῖται·
606 334 696 374 οὕτω
718 335 778 373 καὶ
797 335 860 381 τὴν
882 334 1003 386 βίὸλον
1020 339 1090 372 πᾶ-

67 416 130 439 σαν
144 429 154 447 ,
187 401 215 438 εἷ
242 398 300 437 καὶ
320 397 434 436 πολλὰ
453 397 554 449 ἔτερα
572 396 741 449 περιέχει,
762 394 908 447 ι’βί6λον
926 394 1090 448 γενέσεως

67 462 210 511 οὐρανοῦ
227 475 264 498 τε
280 459 338 497 καὶ
357 462 421 510 γ’ἧς
438 457 618 509 ὠνόμασεν
631 486 640 503 ,
668 460 752 507 ἡμῖν
772 455 1090 506 καταλιμπάνουσα

66 518 185 557 λοιπὸν
218 516 275 556 διὰ
302 520 364 565 τῆς
393 516 524 556 τούτων
555 517 695 568 μνήμης
722 514 1007 567 ἀναλογίζεσθαι,
1036 514 1090 553 ὅτι

66 579 179 617 πάντα
211 579 345 631 ἀνάγκη
378 579 413 616 ἐν
438 578 547 630 ταύτῃ
580 581 622 628 τῇ
658 577 769 629 βίόλι)
794 576 1019 628 περιέχεσθαι
1046 574 1090 612 τὰ

66 638 225 693 ὁρώμενα
242 669 252 688 ,
282 640 326 678 τά
351 655 387 677 τε
417 640 451 677 ἐν
473 656 523 691 τι.)
543 641 698 693 οὐρανω,
724 637 769 676 τά
786 653 824 676 τε
843 639 877 676 ἐν
898 639 940 687 τῇ
963 638 1021 687 γῇ.
1043 637 1089 691 tl

66 700 203 753 ἡμέρᾳ,
229 701 332 753 φησὶν
349 731 358 748 ,
378 700 540 748 ἐποίησεν
560 703 578 738 6
594 701 683 743 Θεὸς
701 698 758 737 τὸν
777 697 922 751 οὐρανὸν
943 697 1002 734 καὶ
1026 696 1089 742 τὴν

67 763 150 813 γ’ἤν,
176 762 234 799 καὶ
258 768 328 799 πᾶν
352 761 488 813 χλωρὸν
521 762 650 813 ἀγροῦ,
680 757 748 811 πρὸ
775 763 834 797 τοῦ
852 757 1012 807 γενέσθαι
1032 757 1090 794 ἐπὶ

67 837 130 866 της
150 824 226 872 γῆς,
243 836 302 858 και
320 820 436 858 πάντα
454 820 578 872 χόρτον
599 821 718 870 ἀγροῦ,
740 818 808 870 πρὸ
822 821 881 856 τοῦ
899 818 1090 856 ἀνατεῖλαι.

66 884 119 920 Οὐ
145 881 212 933 γὰρ
242 881 376 933 ἔδρεξεν
404 883 421 918 ὁ
447 881 536 924 Θεὸς
565 880 622 918 ἐπὶ
650 879 713 926 τὴν
729 882 813 930 γῆν,
834 877 1090 930 καὶᾶνθρωπος

67 945 128 982 οὐκ
141 946 182 991 ἠν
201 943 409 996 ἐργάζεσθαι
423 959 486 988 την
503 945 583 993 γ’ἧν.
602 940 710 992 Πηγὴ
728 939 764 978 δὲ
778 940 988 978 ἀνέὸαινεν’
973 957 1012 978 εκ
1027 944 1090 987 τ’ἧς

65 1006 150 1054 γ’ἧς,
179 1003 238 1041 καὶ
267 1003 404 1047 ἐπότιζε
436 1009 506 1040 πᾶν
529 1002 569 1041 τὸ
587 1002 775 1055 πρόσωπον
798 1003 861 1048 τῆς
877 1003 952 1052 γῆς.
974 1000 1091 1046 Πολὺς

65 1067 82 1102 6
104 1063 380 1116 ἐγκεκρυμμένος
410 1063 579 1116 θησαυρὸς
609 1069 679 1107 τοῖς
709 1063 856 1115 βραχέσι
879 1062 1013 1107 τούτοις
1031 1062 1092 1115 ῥή-

68 1141 175 1176 μασι·
196 1126 249 1164 διὸ
267 1124 438 1177 προσήκει
470 1125 559 1176 μετὰ
582 1127 713 1171 πολλ’ῆς
731 1128 793 1172 τῆς
818 1123 1004 1173 συνέσεως,
1025 1123 1092 1163 ὑπὸ

65 1189 126 1234 τῆς
154 1191 214 1226 τοῦ
234 1189 326 1225 Θεοῦ
349 1186 494 1238 χάριτος
519 1185 769 1238 ὃδηγουμένους
789 1189 884 1236 ἡμᾶς
900 1185 1091 1231 ἀναπτύξαι

65 1248 109 1285 τὰ
128 1247 312 1301 εἰρημένα,
334 1247 393 1286 καὶ
412 1246 594 1291 κοινωνοὺς
612 1251 702 1298 ὑμᾶς
722 1246 842 1285 λαὸεῖν
861 1249 920 1285 τοῦ
941 1246 1090 1285 πλούτου

64 1309 185 1348 τούτου
204 1313 263 1348 τοῦ
281 1313 528 1359 πνευματικοῦ.
552 1309 604 1347 Τὸ
622 1308 690 1361 γὰρ
709 1309 857 1358 Πνεῦμα
876 1307 916 1346 τὸ
932 1308 1029 1359 ἅγιον
1046 1307 1090 1347 τὰ

65 1370 237 1420 μέλλοντα
257 1372 495 1421 προγινῶσκον
510 1399 520 1417 ,
544 1368 601 1407 ἵνα
626 1369 750 1419 μηδενὶ
773 1370 844 1406 τῶν
871 1368 962 1419 μετὰ
979 1371 1090 1407 ταῦτα

63 1430 121 1481 ἐξῇ
148 1432 375 1482 φιλονεικεῖν,
399 1429 459 1467 καὶ
484 1429 691 1472 ἀπεναντίας
719 1432 762 1482 τῇ
788 1429 864 1481 θείᾳ
890 1431 1013 1482 Γραφῇ
1045 1429 1090 1467 τὰ

64 1491 133 1530 ἀπὸ
153 1494 222 1530 τῶν
237 1490 371 1530 οἰκείων
386 1493 564 1542 λογισμῶν
584 1490 758 1543 ἐπιφέρειν
773 1496 844 1534 τοῖς
860 1494 922 1538 τῆς
935 1492 1090 1539 Ἐκκλη-

63 1551 140 1596 σίας
166 1551 318 1603 δόγμασι
332 1582 342 1601 ,
367 1551 426 1590 καὶ
456 1555 514 1590 νῦν
536 1551 641 1590 πάλιν
659 1581 668 1599 ,
694 1551 782 1602 μετὰ
803 1551 844 1590 τὸ
863 1551 1000 1597 διδάξαι
1018 1555 1088 1591 τῶν

63 1613 386 1664 δημιουργηθέντων
417 1612 480 1660 τὴν
506 1612 603 1657 τάξιν
619 1640 629 1659 ,
656 1612 716 1650 καὶ
731 1612 766 1651 τί
786 1612 848 1664 μὲν
863 1615 1002 1667 πρῶτον
1019 1629 1088 1652 πα·

65 1673 191 1727 ρήχθη,
209 1673 243 1711 τί
263 1673 298 1712 δὲ
319 1673 475 1725 δεύτερον
488 1704 497 1721 ,
518 1673 578 1711 καὶ
601 1673 655 1713 ὅτι
669 1673 714 1712 τὰ
732 1674 802 1714 ἀπὸ
817 1677 879 1721 τ’ἧς
898 1676 962 1726 γῆς
978 1674 1087 1726 σπέρ-

64 1750 160 1785 ματα
188 1737 239 1787 τῷ
263 1734 357 1787 λόγῳ
384 1734 445 1772 καὶ
472 1736 523 1787 τῷ
548 1734 796 1787 προστάγματι
825 1735 1087 1787 ὑπηρετουμένη

63 1797 123 1832 τοῦ
144 1794 323 1834 Δεσπότου
353 1794 516 1839 ἐξέδωκεν
543 1797 565 1841 ἡ
597 1798 642 1846 γῆ
658 1824 668 1844 ,
698 1794 758 1833 καὶ
777 1795 862 1848 πρὸς
883 1795 944 1839 τὰς
963 1796 1089 1840 ὠδῖνας

64 1855 246 1907 διηγέρθη,
276 1855 354 1894 οὔτε
374 1859 434 1894 τοῦ
464 1855 565 1902 ἡλίου
594 1856 680 1907 πρὸς
697 1855 896 1908 συνέργειαν
913 1856 1089 1905 δεηθεῖσα,

64 1919 153 1963 (πῶς
174 1916 243 1969 γὰρ
260 1920 320 1954 τοῦ
344 1916 517 1967 “μηδέπω
549 1916 864 1968 δημιουργηθέντος
878 1921 902 1965 ;)
932 1915 1010 1955 οὔτε
1026 1921 1090 1965 τῆς

64 1979 132 2015 τῶν
154 1979 261 2015 ὑετων
287 1977 496 2029 ἐπομὸρίας,
522 1976 600 2016 οὔτε
622 1980 684 2025 τῆς
703 1981 763 2016 τοῦ
777 1977 1001 2053 ἀνθρώπου’
986 1994 1089 2031 εργα·

66 2038 159 2082 σίας·
180 2037 257 2077 οὐδὲ
281 2038 346 2090 γαρ
369 2041 467 2081 οὗτος
484 2043 526 2085 ἠν
549 2039 743 2091 παραχθεὶς
759 2040 806 2083 εἷς
823 2038 862 2076 τὸ
878 2038 1004 2089 μέσον·
1031 2038 1089 2078 δια

65 2103 165 2138 τοῦτο
187 2098 292 2137 πάλιν
312 2099 402 2137 κατὰ
427 2098 530 2151 μέρος
549 2099 688 2137 πάντων
707 2098 928 2150 μνημονεύει,
947 2115 1001 2137 ινα
1018 2101 1088 2137 τῶν

66 2162 304 2211 ἀναισχυντεῖν
335 2159 602 2212 ἐπιχειρούντων
632 2158 843 2210 ἐπιστομίσῃ
876 2158 940 2206 τὴν
961 2160 1088 2198 ἀκόλα-

66 2235 146 2258 στον
176 2221 349 2272 γλῶτταν.
381 2220 428 2259 Τί
452 2221 520 2274 γάρ
539 2236 668 2273 φησιν;
693 2214 746 2275 ῗῌ
761 2220 877 2274 ἡμέρᾳ
893 2220 1055 2268 ἐποίησεν
1071 2223 1089 2260 6

65 2280 154 2325 Θεὸς
168 2281 226 2320 τὸν
245 2281 389 2334 οὐρανὸν
403 2282 463 2320 καὶ
478 2282 541 2330 τὴν
559 2284 639 2334 γῆν,
655 2281 715 2320 καὶ
730 2287 801 2320 πᾶν
815 2281 953 2334 χλωρὸν
968 2284 1088 2334 ἀγροῦ,

65 2341 133 2395 πρὸ
162 2345 222 2381 τοῦ
252 2342 412 2394 γενέσθαι
441 2341 499 2381 ἐπὶ
527 2345 591 2389 τῆς
617 2346 706 2394 γ’ἧς,
743 2342 804 2380 καὶ
828 2342 944 2381 πάντα
961 2344 1088 2395 χόρτον

73 2405 199 2454 ἀγροῦ,
223 2403 291 2458 πρὸ
308 2408 367 2442 τοῦ
392 2405 585 2443 ἀνατεῖλαι.
618 2406 671 2443 Οὖ
702 2404 770 2456 γὰρ
798 2403 934 2457 ἔδρεξεν
956 2407 975 2443 6
998 2404 1088 2449 Θεὸς

66 2463 125 2501 ἐπὶ
153 2463 218 2511 τὴν
244 2467 334 2515 γῆν,
362 2464 422 2503 καὶ
449 2465 629 2519 ἄνθρωπος
657 2468 720 2504 οὐκ
738 2459 780 2513 ἦν
800 2465 1004 2518 ἐργάζεσθαι
1022 2465 1087 2513 τὴν

65 2527 142 2575 γ’ἧν.
172 2525 278 2578 Πηγὴ
301 2525 337 2564 δὲ
358 2526 536 2565 ἀνέὸαινεν
556 2529 594 2565 ἐκ
610 2529 673 2573 τ’ἧς
691 2529 768 2580 γῆς,
783 2527 844 2565 καὶ
861 2527 1002 2566 ἐπότισε
1015 2533 1086 2566 πᾶν

65 2586 105 2624 τὸ
129 2585 316 2638 πρόσωπον
345 2589 408 2634 τῆς
428 2603 504 2639 γης.
536 2589 652 2626 Τοῦτο
683 2588 843 2640 βούλεται
875 2590 1001 2636 εἰπεῖν,
1031 2589 1086 2627 ὅτι

66 2646 223 2700 τῷλόγῳ
248 2650 350 2687 αὐτοῦ
370 2664 430 2687 και
445 2665 495 2701 τῳ
510 2649 758 2723 προστάγματι
783 2648 827 2688 τα
849 2648 1015 2702 πρότερον
1037 2651 1086 2701 μὴ

65 2707 147 2745 ὄντα
173 2708 220 2752 εἷς
244 2709 283 2747 τὸ
304 2712 391 2747 εἶναι
415 2709 573 2758 ὑπέστη,
604 2725 665 2748 και
686 2710 776 2762 ἅπερ
793 2711 855 2750 οὐκ
882 2714 946 2758 ἠν,
975 2715 1087 2750 ταῦτα

67 2768 187 2821 ἀθρόον
203 2769 386 2809 ἐδείκνυτο.
404 2770 421 2790 *
433 2769 477 2810 Ὁ
490 2770 627 2823 χόρτος,
643 2772 692 2811 6'
677 2787 716 2809 εκ
731 2775 794 2818 τῆς
807 2787 871 2823 γτς
885 2772 1088 2824 ἀναδιδόμε-

66 2844 139 2873 νος·
157 2830 282 2882 χόρτον
303 2830 338 2869 δὲ
357 2831 438 2870 ὅταν
456 2831 551 2883 εἴπῃ,
571 2832 614 2870 τὰ
627 2832 815 2885 σπέρματα
830 2833 970 2872 ἅπαντα
980 2834 1087 2884 λέγει.

69 2889 139 2927 Καὶ
163 2891 244 2942 περὶ
267 2893 336 2929 τῶν
356 2894 463 2930 ὑετῶν
482 2892 694 2932 διδάσκουσα
712 2897 819 2944 ἡμᾶς,
845 2894 952 2932 πάλιν
970 2897 992 2941 ἡ
1013 2895 1088 2934 θεία

69 2950 191 3002 Γραφὴ
223 2951 415 3027 ἐπήγαγεν·
449 2955 503 2991 Οὐ
534 2953 602 3006 γὰρ
627 2954 764 3008 ἔδρεξεν
793 2957 811 2992 6
833 2955 923 2998 Θεὸς
948 2956 1005 2994 ἐπὶ
1025 2955 1087 3003 τὴν

67 3026 155 3062 γην·
179 3014 270 3050 τοῦτ’
290 3013 404 3061 ἔστιν,
434 3014 569 3052 οὐδέπω
588 3016 664 3054 οὐῗε
683 3015 774 3054 ὑετοὶ
792 3015 921 3054 ανωθεν
937 3017 1087 3094 κατεφυέ-

69 3085 189 3122 ροντο·
219 3088 279 3111 και
310 3073 399 3124 μετὰ
422 3077 522 3113 τοῦτο
546 3075 666 3114 λοιπὸν
695 3076 866 3115 δείκνυσιν
901 3079 1007 3127 ἡμῖν,
1035 3077 1087 3116 ὅτι

68 3132 144 3171 οὐδὲ
172 3136 235 3181 τῆς
259 3138 319 3173 τοῦ
348 3135 562 3211 ἀνθρώπου’
546 3137 709 3190 εργασίας
725 3137 870 3185 ἐδεήθη·
892 3138 1091 3192 Ἄνθρωπος

66 3191 174 3247 γὰρ,
175 3210 299 3247 φησιν,
328 3197 390 3234 οὐκ
409 3200 450 3243 ἠν
477 3197 682 3250 ἐργάζεσθαι
710 3199 773 3246 τὴν
796 3202 877 3251 γῆν·
905 3201 1090 3254 μονονουχι

115 3299 131 3324 b
148 3297 280 3342 Aliquot
292 3300 367 3332 Mas.
385 3305 510 3345 μενον.

113 3363 126 3376 a
143 3349 277 3382 Coislin.
292 3355 417 3393 μηῦέπω
436 3356 596 3392 δεηθέντος.

115 3405 126 3418 ”
148 3411 260 3447 xilem,-
290 3411 336 3435 cst
364 3407 663 3449 propi-{esterz'tnig
691 3408 743 3440 hic
769 3417 878 3441 autem
908 3412 1069 3454 accipitur

1114 277 1138 307 E
1161 271 1261 323 dicit,
1281 273 1343 311 scd
1362 272 1520 310 maxime
1545 270 1721 323 generalia
1738 279 1877 309 tantum
1898 286 2117 311 commemo-

1162 341 1231 382 rat,
1252 347 1316 372 nec
1330 332 1517 384 sigillatim
1536 341 1676 370 enarrat
1697 346 1705 368 τ
1727 331 1774 369 ita
1791 341 1823 370 ct
1843 333 1976 370 librum
1994 343 2119 382 totum,

1163 394 1229 432 etsi
1254 394 1367 433 multa
1393 393 1462 431 alia
1489 393 1692 440 contineat,
1723 393 1857 431 librum
1884 394 2120 443 generationis

1162 454 1239 492 ca‘li
1254 464 1400 493 etterrae
1420 453 1746 507 appellavit‚nobis
1759 468 1803 491 ex
1818 454 1946 491 luorum
1965 468 2121 493 commc-

1163 517 1358 555 moratione
1398 515 1493 567 qnod
1536 516 1716 567 reliquum
1753 525 1804 553 cst
1839 516 2120 568 compntandum

1163 578 1381 630 relinquens,
1402 592 1540 616 neeesse
1558 592 1631 616 esse
1649 577 1766 616 omnia
1789 578 1822 615 in
1839 577 1907 615 lioe
1924 577 2018 615 libro
2034 578 2121 616 visi-

1163 639 1249 677 bilia
1268 640 1452 687 contineri,
1473 648 1544 677 tam
1565 653 1603 677 ea
1628 654 1706 690 qua:
1735 639 1770 676 in
1797 639 1894 686 carlo,
1914 653 2021 690 quain
2042 652 2121 690 qua!

1164 699 1199 736 in
1219 708 1321 736 terra.
1347 700 1431 749 Quo
1445 699 1522 745 die,
1542 699 1673 749 inquit,
1688 699 1781 749 secie
1803 700 1907 736 Deus
1928 699 2066 736 caaelum
2085 707 2122 736 et

1165 767 1322 805 tertam,
1340 768 1376 796 et
1403 773 1516 796 omne
1540 759 1753 810 v11·gultmn
1777 762 1884 809 agri,
1910 768 2123 812 antequam

1107 819 1271 881 93fieret
1293 833 1406 871 super
1435 827 1592 865 terram,
1613 827 1647 856 et
1669 833 1820 856 omnem
1844 820 2001 856 herbam
2024 822 2123 870 agri,

1114 892 1140 923 Α
1163 889 1377 932 antequam
1399 882 1578 922 oriretur,
1598 880 1688 918 lton
1708 883 1809 918 enim
1832 880 1986 931 pluerat
2015 882 2122 918 Deus

1163 955 1276 993 super
1301 950 1464 987 terram,
1492 955 1615 993 neque
1646 942 1760 979 homo
1785 949 1868 978 erat
1891 943 1958 992 qui
1980 941 2121 979 coleret

1163 1002 1288 1041 illam.
1301 1002 1377 1041 Sed
1378 1003 1480 1056 sons
1500 1003 1737 1040 ascendebat
1755 1016 1776 1040 e
1792 1010 1909 1048 terra,
1926 1010 1961 1039 et
1979 1004 2122 1053 irmiga-

1165 1065 1231 1102 hat
1241 1065 1620 1117 universamsaciem
1634 1073 1756 1102 terrm.
1766 1062 1924 1102 Grandis
1938 1063 2123 1101 thesaurus

1163 1124 1199 1163 in
1222 1125 1386 1178 pauculis
1422 1125 1542 1164 verbis
1573 1125 1646 1164 illis
1675 1124 1880 1164 reconditus
1906 1134 1957 1163 cst
1988 1140 1997 1161 ε
2030 1125 2124 1163 unde

1163 1200 1292 1238 magna
1318 1185 1524 1240 prudentia,
1550 1201 1629 1238 qnae
1660 1186 1845 1236 dicuntur,
1874 1187 2025 1238 juvante
2059 1199 2122 1225 nos

1164 1248 1228 1285 Dei
1249 1248 1378 1299 gratia,
1401 1248 1567 1300 congruit
1587 1247 1780 1300 explicare,
1795 1261 1928 1297 vosque
1945 1247 2121 1299 spiritua-

1161 1305 1252 1344 lium
1272 1306 1402 1344 harum
1421 1306 1636 1345 divitiarum
1655 1315 1835 1344 consortes
1856 1307 1980 1344 facere.
1998 1307 2121 1358 spiri-

1162 1376 1219 1406 tus
1243 1367 1339 1406 enim
1367 1377 1510 1405 sanctus
1530 1367 1736 1405 futurorum
1762 1367 1947 1420 prasscius,
1969 1376 2009 1405 ut
2031 1367 2122 1405 nulli

1161 1428 1308 1482 posthac
1326 1428 1552 1477 contendere,
1565 1437 1600 1467 et
1614 1428 1858 1467 ecclesiasticis
1875 1428 2120 1480 dogmatibus,

1161 1504 1207 1528 ex
1222 1490 1378 1543 propriis
1390 1489 1600 1539 ratiociniis,
1613 1490 1763 1529 adversa
1775 1489 1910 1528 divinis
1921 1490 2119 1543 Scripturis
2132 1499 2197 1528 Non
2214 1508 2253 1528 osi
2272 1503 2324 1528 aa-

2134 1544 2186 1570 mis
2191 1553 2212 1570 c
2217 1554 2250 1570 n
2255 1544 2304 1570 lun
2299 1554 2315 1569 ιι

1160 1621 1406 1651 creaturarum
1430 1612 1594 1651 ordinem
1618 1611 1756 1663 docuit,
1777 1621 1812 1650 et
1834 1611 1920 1664 quid
1941 1612 2051 1665 prim
2053 1627 2116 1664 im,
2133 1586 2321 1653 adqlil.h2·¹·¹.1¹m

1161 1673 1251 1725 quid
1276 1673 1475 1712 secundum
1505 1673 1722 1726 p1oductum
1745 1674 1802 1723 sit,
1818 1683 1852 1712 et
1870 1674 1967 1725 quod
1985 1674 2120 1712 semina
2132 1668 2258 1704 5⁰⁸¹¹¹U
2267 1678 2299 1694 “’·“

1160 1551 1361 1590 immiscere
1378 1551 1498 1600 liceat,
1522 1551 1631 1589 ctiam
1658 1565 1753 1590 nunc
1777 1550 1907 1601 denuo,
1928 1560 2119 1604 postquam

1112 1744 1135 1774 B
1161 1749 1224 1773 sua
1241 1735 1346 1773 tellus
1359 1734 1470 1774 verbo
1490 1734 1726 1786 mandatoque
1750 1735 1898 1773 Domini
1914 1735 2121 1774 ministrans

1162 1795 1329 1845 ediderit,
1349 1809 1390 1834 ac
1408 1795 1631 1848 producendi
1649 1796 1725 1833 vim
1743 1797 1930 1849 acceperit,
1951 1811 2033 1835 cnm
2057 1811 2122 1836 ne-

1162 1870 1231 1907 quc
1239 1856 1323 1894 solis
1335 1856 1583 1908 cooperatione
1594 1865 1722 1908 egeret,
1731 1857 1791 1907 qui
1801 1857 1959 1895 nondum
1970 1867 2056 1907 crat,
2065 1872 2119 1896 ne-

1162 1931 1231 1969 que
1254 1917 1462 1970 pluviarum
1482 1916 1709 1967 humiditate,
1732 1931 1844 1968 neque
1870 1918 2026 1957 hominis
2045 1919 2121 1957 cul-

1162 1987 1263 2027 tura;
1279 1992 1362 2016 nam
1377 1987 1410 2016 et
1424 1977 1486 2015 ille
1504 1977 1664 2016 nondum
1682 1978 1717 2015 in
1736 1978 1898 2016 medium
1914 1979 2118 2031 prodierat:

1162 2038 1243 2077 idco
1257 2039 1386 2077 iterum
1404 2039 1532 2092 repetit
1549 2039 1793 2091 particulatim
1813 2041 1948 2091 omnia,
1967 2051 2004 2079 ut
2019 2041 2121 2080 indo-

1162 2100 1258 2138 mitae
1286 2099 1512 2152 impudenter
1537 2099 1793 2138 blaterantium
1820 2101 1953 2154 linguae
1981 2115 2121 2154 compe-

1163 2167 1317 2197 scantur.
1346 2157 1449 2206 Quid
1475 2156 1570 2196 enim
1593 2158 1668 2196 ait?
1696 2160 1774 2198 Die
1798 2162 1986 2214 quo-fecit
2013 2162 2120 2200 Deus

1162 2219 1300 2258 coelum
1325 2227 1361 2258 et
1386 2227 1548 2269 terram,
1570 2228 1609 2257 et
1636 2232 1697 2258 om
1802 2222 1990 2274 irgultum
2016 2224 2116 2275 agri,

1160 2283 1390 2332 priusquam
1408 2279 1529 2332 fieret
1557 2294 1670 2332 super
1779 2295 1864 2330 am,
1891 2296 2120 2335 omnemque

1112 2344 1137 2375 C
1163 2343 1322 2380 herbam
1341 2344 1441 2394 agri,
1461 2345 1691 2395 priusquam
1711 2346 1887 2384 oriretur.
1907 2347 1997 2383 Non
2017 2349 2119 2383 enim

1159 2404 1315 2456 pluerat
1337 2404 1446 2442 Deus
1473 2417 1588 2457 super
1616 2414 1773 2452 terram,
1799 2420 1867 2444 nec
1895 2416 1979 2445 erat
2004 2409 2119 2446 homo

1161 2467 1230 2517 qui
1247 2466 1389 2504 coleret
1408 2466 1534 2505 illam.
1550 2467 1658 2504 Fons
1671 2476 1799 2505 autem
1821 2469 2055 2507 ascendebat
2071 2471 2120 2508 de

1161 2534 1286 2574 terra,
1311 2535 1347 2565 et
1380 2528 1536 2578 rigabat
1562 2530 1784 2566 universam
1810 2531 1959 2582 faciem
1993 2539 2116 2569 teme.

1161 2587 1238 2626 Hoc
1262 2587 1344 2626 vult
1369 2587 1488 2626 dicere
1498 2617 1510 2636 ‚
1537 2602 1698 2626 sermone
1728 2598 1761 2627 et
1787 2600 1963 2642 praecepto
1990 2591 2088 2629 illins
2101 2620 2114 2642 ,

1160 2664 1239 2700 quae
1268 2649 1369 2701 prius
1399 2663 1469 2686 non
1497 2658 1608 2698 erant,
1629 2649 1803 2701 producta
1837 2651 1954 2699 fnisse,
1975 2661 2008 2689 et
2037 2666 2116 2703 quse

1161 2723 1230 2748 non
1259 2710 1469 2758 existebant,
1490 2709 1608 2748 subito
1631 2711 1882 2762 comparuisse.
1906 2712 2023 2750 llerba
2053 2723 2116 2763 cst,

1161 2785 1240 2822 quae
1265 2786 1310 2810 ex
1332 2780 1424 2809 terra
1456 2771 1621 2823 provenit
1640 2787 1648 2808 ε
1667 2772 1725 2809 hic
1744 2782 1861 2810 antem
1886 2773 2035 2812 herbam
2055 2775 2114 2813 di·
2145 2790 2153 2795 ·

1161 2847 1258 2884 cens,
1279 2832 1411 2871 semina
1436 2832 1554 2870 omnia
1578 2832 1681 2870 dicit.
1707 2833 1753 2871 Et
1772 2833 1817 2872 (le
1835 2835 1969 2887 pluviis
1987 2835 2118 2875 docens

1161 2907 1226 2933 nos
1241 2894 1370 2934 iterum
1390 2893 1512 2932 divina
1534 2894 1719 2946 Scriptura
1739 2895 1860 2934 subdit
1879 2899 1993 2935 :Non
2013 2902 2116 2936 enim

1158 2957 1313 3009 pluerat
1332 2958 1440 2995 Deus
1464 2969 1578 3008 super
1599 2965 1742 2995 terram
1757 2973 1767 2994 :
1782 2957 1850 2996 hoc
1871 2968 1934 3008 est,
1955 2960 2115 2998 nondum

1162 3017 1299 3070 ΡΙιιιὶω
1320 3017 1471 3070 desuper
1497 3016 1688 3068 cadcbant;
1712 3018 1911 3072 deindeque
1944 3021 2113 3072 ostendit,

1112 3089 1138 3120 D
1162 3093 1276 3130 neque
1302 3079 1457 3117 hominis
1479 3079 1683 3131 operatione
1701 3079 1867 3136 habuisse
1886 3097 2004 3135 opus:
2026 3084 2116 3121 lon

1162 3141 1272 3191 enim,
1295 3140 1357 3189 ait,
1374 3147 1458 3178 erat
1474 3140 1588 3177 homo
1611 3144 1678 3193 qui
1699 3152 1921 3194 opermetur
1940 3152 2079 3182 terram
2100 3161 2112 3181 :

1163 3202 1262 3252 quasi
1279 3169 1434 3239 clamans
1448 3209 1482 3238 ct
1495 3199 1616 3239 dicens
1627 3203 1777 3254 posteris
1790 3203 1973 3243 omnibns:
1985 3204 2116 3243 Audite

1105 3318 1167 3349 pro
1191 3305 1293 3338 herba
1317 3306 1499 3350 generatim
1516 3314 1648 3350 sumpta
1665 3315 1697 3341 et
1723 3320 1783 3352 pro
1811 3310 2004 3351 seminibus,
2025 3320 2059 3344 ut
2077 3324 2115 3344 ex

1105 3360 1186 3391 serie
1211 3358 1324 3402 liquet.
