2433 3775
1052 113 1300 144 rnAEFATlo.
2116 116 2173 146 Vll

129 201 252 238 verba
261 198 483 251 faceremus
501 213 511 234 .·
533 198 783 236 disseruimus
799 206 835 236 et
857 198 906 238 de
921 197 1155 250 propheticis
1165 213 1181 244 ,·
1203 196 1390 235 hodierno
1409 196 1472 233 dte
1497 196 1678 234 volumus
1696 197 1743 234 de
1768 197 1881 236 Actis
1898 199 2176 250 Apostolorum

128 260 252 297 verba
260 260 417 312 facere,
440 267 505 298 etc.
528 258 704 298 Advertas
725 259 847 306 etiam,
870 259 977 298 velim
996 258 1033 297 in
1061 257 1176 310 prima
1194 267 1226 296 et
1253 256 1354 296 tertia
1374 256 1532 294 Humilia
1561 256 1597 294 in
1621 256 1842 309 principium
1863 261 2033 298 Actorum
2053 260 2174 299 haberi

127 319 406 359 admonitionem
419 320 467 359 ad
485 320 566 359 illos
579 320 641 372 qui
662 335 775 374 nuper
805 320 974 373 baptismi
1001 319 1153 372 gratiam
1174 327 1393 371 acceperant,
1409 326 1447 356 ut
1465 317 1599 356 dicitur
1616 317 1652 355 in
1666 317 1743 356 loco
1757 332 1865 371 supra
1878 319 1988 357 allato
2005 334 2048 358 ex
2069 321 2174 372 trige-

127 380 216 419 sima
238 381 339 420 tertia
358 382 506 420 homilia
526 382 562 420 in
581 382 762 422 Genesim.
782 382 1016 434 Perspicuum
1035 380 1145 432 igitur
1163 389 1214 419 est
1231 379 1405 417 llomilias
1426 379 1462 417 in
1482 378 1668 425 Genesim,
1689 379 1734 418 de
1755 379 1848 419 Juda
1869 380 2063 433 proditore,
2082 391 2115 420 et
2142 383 2177 420 in

127 444 217 479 Acta
232 442 308 481 sive
325 442 360 480 in
377 442 596 496 principium
617 446 790 482 Actorum
805 457 874 481 una
889 443 978 482 serie
998 442 1193 493 eodemque
1218 455 1310 479 anno
1330 440 1470 479 habitas
1489 440 1611 479 fuisse.
1636 441 1700 479 Hae
1720 455 1826 494 porro
1843 441 2009 481 llomiliae
2035 442 2070 480 in
2095 445 2176 481 Acta

127 502 250 541 decem
268 518 416 544 numero
433 505 544 553 suere,
566 518 694 558 nempe
708 505 868 556 quinque
890 504 925 542 in
942 503 1162 556 principium
1183 506 1370 549 Actorum,
1391 516 1546 553 quarum
1565 502 1728 540 secunda:
1748 503 1904 541 maxima
1924 518 2007 556 pars
2035 502 2177 542 interiit.

129 566 292 613 Quatuor
311 565 396 604 item
416 566 582 604 Homiliae
599 565 645 604 de
661 565 855 604 mutatione
873 564 1058 603 nominum
1079 564 1115 601 in
1131 563 1198 602 hac
1225 564 1313 602 serie
1326 563 1513 616 ponendas,
1533 563 1616 614 quia
1635 573 1900 615 argumentum,
1922 573 1961 603 ut
1980 563 2102 603 videre
2115 573 2178 612 est,

129 626 283 665 sumitur
299 642 344 666 ex
359 628 452 666 libro
472 630 662 675 Actorum,
681 627 762 665 licet
782 626 878 664 enim
897 626 932 664 in
951 634 1077 677 quarta
1099 623 1190 662 illud
1213 624 1339 676 primas
1358 624 1404 662 ad
1424 624 1643 673 Corinthios,
1661 626 1814 664 Paulus
1834 635 2000 665 vocatus
2017 635 2098 673 etc„
2111 640 2178 664 ex-

128 683 249 735 plicet,
261 695 510 736 argumentum
526 694 642 723 tamen
661 685 824 737 priorum
839 684 1050 723 concionum
1066 684 1116 722 ibi
1135 685 1268 737 passim
1285 685 1524 737 prosequitur.
1537 685 1566 722 H
1574 685 1602 722 is
1617 683 1776 724 homiliis
1791 686 2040 739 adjungendus
2056 689 2180 727 Sermo

128 743 189 781 ille
204 758 316 783 nonus
334 746 370 783 in
391 746 575 796 Genesim,
594 745 744 783 ultimus
762 759 888 798 nempe
907 759 1031 784 eorum
1049 759 1253 784 sermonum
1269 775 1278 793 ,
1293 746 1356 797 qui
1377 755 1457 798 post
1472 748 1523 785 67
1547 746 1713 785 homilias
1741 748 1877 799 priores
1895 749 2056 787 locantur
2072 779 2081 797 ,
2101 749 2181 800 qui-

127 818 196 855 que
216 805 261 843 ad
281 806 426 844 illarum
453 807 490 845 in
514 808 602 845 Acta
627 806 861 845 homiliarum
886 807 1013 845 seriem
1040 805 1121 845 ideo
1145 806 1321 859 pertinere
1348 815 1479 859 potest,
1501 815 1540 844 ut
1572 805 1696 845 videas
1724 807 1759 846 in
1787 809 1926 847 Monito
1949 809 1995 847 ad
2015 809 2182 848 eumdem

125 880 162 918 p.
180 865 271 905 687.
290 868 422 906 Decem
441 867 557 919 itaque
570 867 745 906 Homilias
760 868 796 906 in
812 871 902 907 Acta
921 877 1005 906 tunc
1022 867 1163 905 habitas
1177 866 1297 906 dicere
1313 882 1513 920 possumus.

181 927 419 980 Exploratum
449 942 534 981 ergo
559 938 623 978 est,
640 938 679 967 ut
703 924 878 976 diximus,
897 929 978 968 illas
1006 928 1174 967 homilias
1200 928 1325 967 eodem
1350 944 1420 981 quo
1451 930 1530 968 illas
1549 929 1585 968 in
1606 930 1776 969 Genesim
1806 945 1910 980 anno,
1929 931 2121 984 eademque
2147 933 2181 969 in

126 989 229 1039 urbe,
254 989 392 1028 habitas
410 990 529 1029 fuisse.
552 990 750 1029 Antiochice
767 1005 868 1041 vero,
895 1005 939 1029 an
960 991 1270 1044 Constantinopoli
1298 991 1430 1030 habita:
1455 992 1601 1043 suerint,
1633 1006 1702 1030 non
1722 1002 1773 1031 est
1793 993 1887 1044 quod
1904 994 2153 1046 perquiramus
2170 1011 2179 1039 ;

127 1049 270 1100 quando
292 1050 328 1089 in
355 1051 515 1090 secundae
529 1051 698 1092 Homiliae
725 1052 761 1090 in
780 1052 1000 1105 principium
1025 1054 1198 1091 Actorum
1224 1052 1385 1102 exordio,
1401 1053 1549 1106 perinde
1569 1062 1676 1104 atque
1700 1053 1736 1091 in
1762 1054 1867 1092 titulo
1891 1054 2026 1093 dicitur
2051 1070 2128 1093 eam
2147 1058 2180 1094 ἓν

127 1114 169 1163 τῇ
186 1114 343 1164 παλαιᾷ,
362 1112 399 1150 in
419 1112 556 1163 Palaea,
574 1127 636 1151 seu
656 1113 693 1151 in
711 1113 824 1152 veteri
852 1113 999 1152 ecclesia
1027 1112 1189 1152 habitam
1215 1114 1348 1153 fuisse:
1371 1129 1449 1165 quae
1475 1115 1591 1153 Palaea
1614 1115 1763 1154 celebris
1789 1116 2009 1154 Antiochena
2037 1117 2181 1155 ecclesia

127 1181 216 1222 erat,
238 1182 278 1211 ut
293 1187 394 1212 nemo
416 1174 540 1212 nescit.
560 1173 602 1212 ld
616 1173 714 1225 quod
730 1174 838 1213 etiam
857 1174 1031 1227 probatur
1045 1189 1091 1213 ex
1109 1174 1212 1215 initio
1227 1174 1397 1215 Homiliin
1411 1175 1629 1215 duodecimae
1648 1176 1684 1215 in
1701 1178 1886 1226 Genesim,
1906 1179 1968 1216 ubi
1983 1178 2032 1216 ait
2047 1193 2083 1217 se
2103 1193 2183 1217 cur-

128 1247 208 1271 sum
228 1234 459 1273 homiliarum
474 1235 510 1273 in
531 1235 626 1273 hunc
644 1235 838 1288 Scripturae
858 1236 995 1274 librum
1010 1236 1253 1289 interpellasse
1267 1267 1277 1284 ‚
1306 1247 1344 1276 ut
1360 1252 1418 1276 eos
1438 1238 1772 1288 commonefaceret,
1793 1240 1856 1290 qui
1877 1240 2022 1278 aberant
2045 1254 2064 1277 a
2081 1240 2181 1278 caula

128 1294 275 1345 Christi,
295 1304 328 1333 et
346 1295 490 1335 Judaeos
508 1296 749 1346 sectabantur,
772 1296 809 1334 id
833 1305 896 1346 est,
916 1297 1126 1336 Judaeorum
1141 1299 1322 1351 jejunium
1336 1300 1547 1353 jejunabant
1559 1316 1568 1348 ;
1585 1314 1668 1338 nam
1688 1300 1723 1338 in
1742 1300 2026 1353 Qiiadragesima
2044 1302 2180 1353 etjeju-

127 1355 178 1394 nii
195 1365 352 1409 tempore
374 1357 411 1395 hi
432 1371 608 1396 sermones
622 1366 705 1396 sunt
723 1357 853 1396 habiti.
870 1358 1088 1411 Hujusmodi
1107 1369 1226 1399 autem
1243 1362 1368 1400 morbo
1385 1361 1595 1400 laborabant
1613 1361 1761 1413 quidam
1781 1362 2096 1411 Antiochenorum,
2117 1362 2181 1400 ad-

127 1431 250 1456 versus
265 1432 353 1469 quos
369 1417 474 1457 etiam
500 1419 706 1458 concionem
723 1418 849 1458 habuit
866 1419 1144 1474 Chrysostomus
1163 1436 1256 1461 anno
1270 1423 1361 1471 586,
1382 1423 1439 1461 cui
1460 1423 1608 1461 titulus:
1632 1424 1835 1463 Adversus
1855 1439 1917 1464 eos
1938 1428 2005 1477 qui
2020 1426 2178 1463 Judoeo-

125 1493 213 1518 rum
226 1482 420 1533 jejunium
441 1482 637 1534 jejunant.
659 1481 902 1529 Quamobrem
920 1495 1002 1520 cum
1026 1481 1071 1521 de
1092 1483 1496 1537 Constantinopolitanis
1515 1485 1605 1523 nihil
1627 1485 1837 1538 hujusmodi
1859 1487 2031 1540 scriptum
2051 1501 2178 1524 occur—

125 1549 181 1579 rat
201 1541 365 1594 uspiam,
384 1541 469 1581 hinc
500 1543 661 1595 sequitur
684 1544 882 1596 Antiochiae
905 1543 970 1583 has
997 1544 1183 1584 conciones
1213 1545 1328 1585 dictas
1346 1546 1478 1598 fuisse,
1497 1546 1594 1599 quod
1627 1561 1672 1586 ex
1699 1547 1916 1600 supradictis
1938 1549 2013 1601 jam
2042 1547 2180 1599 liquido

126 1602 397 1656 comprobatum
415 1613 478 1642 est.

1104 1713 1129 1764 5
1149 1713 1199 1751 11.

675 1836 758 1886 Quo
775 1848 881 1873 anno
902 1836 1087 1874 Homiliae
1106 1839 1147 1874 in
1170 1837 1353 1875 Genesim
1368 1837 1512 1876 habitae
1533 1840 1625 1876 sint.

181 1957 302 1996 Restat
320 1966 358 1995 ut
372 1971 573 2008 quaeramus
591 1956 636 1996 de
657 1971 748 1996 anno
763 1972 834 2009 quo
854 1957 911 1996 11ae
926 1957 1094 1996 Homiliae
1127 1958 1163 1996 in
1182 1959 1352 1999 Genesim
1371 1969 1453 1998 sunt
1472 1959 1618 1998 hahitae.
1635 1960 1716 2007 Qua
1734 1960 1770 1999 in
1790 1975 1827 1999 re
1847 1975 1909 2000 nos
1931 1963 2075 2002 omnino
2103 1964 2175 2003 hae-

126 2033 203 2058 rere
221 2020 384 2057 fatemur.
406 2019 508 2057 Circa
527 2018 619 2057 hanc
637 2018 867 2070 quaestionem
885 2032 1032 2072 operose
1045 2018 1206 2057 edisserit
1220 2019 1279 2059 vir
1294 2020 1558 2072 sagacissimus,
1577 2021 1808 2073 omniumque
1827 2022 1932 2075 longe
1952 2025 2176 2065 accuratissi-

125 2094 217 2129 mus,
238 2079 503 2128 Tillemontius,
523 2080 627 2132 cujus
646 2080 755 2118 verba
770 2080 896 2118 Latine
909 2080 1078 2118 translata
1095 2080 1225 2118 referre
1240 2094 1283 2118 ne
1298 2080 1427 2133 pigeat.

178 2160 196 2178 «
213 2141 320 2189 Quod
348 2150 480 2194 spectat
507 2155 654 2190 annum,
674 2155 746 2192 quo
772 2141 828 2180 hae
851 2141 1008 2180 homiliae
1031 2151 1114 2180 sunt
1139 2141 1294 2191 habitae,
1323 2141 1463 2180 nonnisi
1488 2143 1688 2196 conjectura
1715 2143 1833 2183 dicere
1859 2159 2060 2198 possumus.
2091 2148 2176 2187 Illas

123 2203 400 2256 Chrysostomus
417 2202 550 2241 habere
572 2202 679 2255 coepit
697 2202 884 2241 Dominica
905 2203 1083 2256 jejunium
1104 2202 1325 2256 praecedente
1340 2233 1351 2252 ,
1373 2212 1412 2241 ut
1433 2217 1498 2256 per
1516 2203 1838 2258 Quadragesimam
1862 2206 1957 2245 idem
1985 2223 2174 2261 argumen-

123 2274 214 2315 tum,
237 2273 276 2302 ut
296 2263 490 2303 verisimile
508 2272 570 2313 est,
587 2272 763 2303 tractaret.
784 2264 949 2303 Secunda
964 2265 1060 2303 enim
1077 2264 1137 2303 die
1151 2263 1322 2315 sequenti,
1341 2264 1429 2302 feria
1445 2264 1580 2304 scilicet
1599 2267 1753 2305 secunda
1771 2277 1805 2306 et
1824 2267 1940 2320 prima
1957 2268 2016 2307 die
2028 2271 2172 2323 jejunii,

123 2326 218 2366 dicta
234 2326 302 2364 fuit
312 2341 324 2376 ς
341 2325 455 2375 tertia,
475 2325 561 2364 feria
584 2325 710 2375 tertia;
729 2335 869 2377 quarta,
888 2325 947 2364 die
967 2325 1177 2378 insequenti.
1198 2325 1331 2377 Sicque
1344 2325 1500 2377 reliquas
1520 2327 1739 2367 continenter
1758 2329 1910 2382 singulis
1927 2330 2054 2370 diebus
2069 2332 2173 2371 habi—

123 2397 174 2427 tas
186 2388 294 2426 fuisse
310 2386 451 2426 credere
472 2396 534 2435 est,
556 2387 638 2425 licet
651 2386 691 2425 id
710 2401 780 2425 non
801 2387 978 2440 significet
993 2387 1271 2440 Chrysostomus
1287 2402 1298 2437 3
1321 2386 1390 2425 nisi
1406 2387 1496 2426 forte
1515 2402 1560 2427 ex
1576 2389 1758 2429 occasione
1772 2391 1928 2442 quadam
1945 2393 2047 2432 aliud
2065 2408 2172 2446 argu-

122 2459 282 2488 mentum
302 2447 528 2486 tractandum
545 2456 754 2486 occurreret.
776 2448 923 2486 Certum
940 2448 1075 2501 quippe
1094 2458 1146 2487 est
1169 2447 1344 2501 populum
1358 2447 1520 2499 quotidie
1542 2449 1578 2487 in
1594 2450 1780 2489 ecclesiam
1802 2453 2025 2504 convenisse,
2046 2455 2172 2508 Chry-

120 2520 387 2560 sostomumque
400 2509 550 2561 singulis
566 2508 692 2547 diebus
713 2508 960 2548 concionatum
975 2524 1060 2554 esse.
1074 2509 1212 2549 Eodem
1227 2509 1335 2548 etiam
1353 2509 1390 2548 in
1411 2510 1582 2548 Genesim
1599 2522 1810 2563 argumento
1824 2515 1994 2566 pergebat
2014 2516 2171 2554 Sabbato

120 2582 154 2612 et
170 2571 373 2617 Dominica‚
397 2570 479 2608 licet
498 2570 541 2609 iis
569 2569 697 2608 diebus
715 2584 786 2609 non
809 2571 1031 2623 jejunaretur
1051 2587 1059 2608 :
1078 2585 1161 2610 nam
1181 2571 1369 2610 undecima
1388 2570 1538 2610 homilia
1557 2572 1594 2610 in
1619 2572 1750 2611 horum
1768 2575 1938 2614 alterutro
1963 2576 2022 2615 die
2049 2577 2171 2616 habita

119 2633 200 2672 suit.
220 2631 384 2671 Homiliae
404 2631 539 2683 quinta,
562 2640 673 2680 sexta,
701 2631 865 2684 septima,
892 2641 1032 2683 octava,
1064 2646 1156 2671 nona
1185 2632 1402 2672 continenter
1430 2632 1504 2671 suis
1529 2647 1677 2684 quaeque
1694 2633 1822 2673 diebus
1850 2635 1980 2674 habitae
2010 2638 2164 2677 suerunt.

119 2694 241 2744 Neque
263 2693 381 2731 dicere
399 2692 513 2745 possis
531 2707 590 2731 eas
613 2691 658 2730 ad
686 2692 844 2744 quinque
868 2691 944 2731 dies
960 2693 1091 2746 jejunii
1118 2693 1279 2732 secundae
1297 2692 1533 2732 hebdomadis
1559 2694 1736 2746 pertinere
1752 2711 1763 2745 3
1785 2709 1869 2734 nam
1894 2697 2032 2737 decima
2054 2699 2089 2738 in
2108 2700 2167 2739 die

114 2754 244 2808 jejunii
262 2754 356 2794 dieta
375 2753 468 2792 suit»
482 2784 493 2804 ,
513 2763 547 2792 et
567 2753 603 2792 in
618 2753 842 2792 hebdomada
861 2753 1020 2806 quinque
1037 2764 1177 2794 tantum
1191 2755 1319 2807 jejunii
1343 2754 1419 2793 dies
1438 2763 1537 2792 erant
1558 2784 1567 2803 ,
1588 2771 1607 2791 «
1627 2764 1661 2794 ct
1679 2755 1866 2797 undecima
1885 2758 2043 2799 Sabbato
2066 2757 2169 2801 istius

118 2815 280 2855 secundat
306 2815 544 2853 hebdomadis
563 2815 790 2868 pronuntiata
811 2824 872 2854 est.
891 2816 930 2854 Si
961 2830 1045 2868 ergo
1063 2817 1221 2855 homiliae
1249 2816 1287 2855 in
1313 2815 1481 2855 Genesim
1501 2815 1653 2868 singulis
1685 2816 1814 2857 diebus
1837 2834 1905 2858 una
1929 2823 2018 2861 serie
2038 2822 2167 2862 habitan

121 2877 249 2915 fuerint
262 2907 271 2924 ,
287 2875 325 2914 id
342 2876 437 2928 quod
455 2876 548 2915 circa
567 2890 630 2915 sex
644 2876 769 2914 saltem
787 2877 925 2929 priores
941 2877 1085 2916 omnino
1101 2878 1297 2918 verisimile
1315 2887 1364 2916 est
1381 2908 1391 2926 ,
1410 2885 1510 2916 sexta
1532 2877 1654 2929 utique
1673 2878 1760 2918 feria
1779 2889 1878 2919 sexta
1893 2882 2018 2934 primae
2032 2884 2166 2923 hebdo-

120 2938 235 2978 madis
253 2937 542 2989 Quadragesimae
561 2938 789 2990 pronuntiata
811 2938 930 2977 fuerit.
1045 2938 1049 2941 ’

172 3017 191 3037 «
210 3000 250 3038 In
267 3008 365 3038 sexta
384 2999 531 3038 homilia
557 2999 836 3052 Chrysostomus
851 3000 1012 3051 queritur
1027 2999 1277 3051 Antiochenos,
1305 3001 1403 3039 nulla
1419 2999 1712 3053 quotidianarum
1731 3001 2044 3055 adhortationum,
2066 3009 2162 3047 nulla

118 3059 435 3112 quadragesimalis
461 3060 677 3112 poenitentiae
692 3060 828 3098 ratione
848 3059 993 3112 habita,
1021 3060 1107 3100 circi
1129 3061 1226 3101 ludis
1256 3062 1470 3101 interfuisse.
1497 3063 1542 3101 Hi
1565 3063 1661 3102 haud
1679 3063 1791 3103 dubie
1808 3066 1981 3106 circenses
2006 3069 2084 3108 ludi
2104 3085 2161 3108 ea-

116 3122 199 3160 dem
218 3122 294 3175 ipsa
314 3121 372 3159 die
385 3121 551 3159 celebrati
570 3121 732 3171 fuerant;
751 3135 833 3159 nam
847 3121 882 3159 in
897 3121 1179 3175 Quadragesima
1197 3124 1398 3176 vespertino
1420 3132 1575 3176 tempore
1593 3125 1777 3164 conciones
1793 3127 2018 3167 habebantur
2037 3147 2045 3168 ε
2071 3130 2166 3169 unde

119 3184 283 3234 consequi
301 3183 441 3221 videtur
460 3182 558 3219 hunc
571 3196 704 3220 annum
731 3197 805 3221 csse
823 3192 884 3221 aut
905 3184 998 3234 595,
1016 3193 1077 3222 aut
1093 3185 1183 3225 596.
1206 3184 1468 3224 Kalendarium
1484 3186 1579 3224 enim
1604 3187 1803 3226 Romanum
1823 3189 1928 3228 ludos
1949 3191 2064 3230 nullos
2079 3194 2165 3232 assi-

119 3254 202 3294 gnat
217 3245 318 3283 initio
338 3243 468 3282 mensis
487 3243 623 3281 Martii.
650 3243 742 3281 Ludi
765 3244 898 3297 quippe
913 3245 1090 3293 Gotthici‚
1103 3247 1164 3297 qui
1183 3261 1202 3283 a
1223 3255 1345 3297 quarta
1365 3246 1548 3285 Februarii
1564 3247 1610 3285 ad
1627 3261 1756 3286 nonam
1770 3249 2004 3301 habebantur,
2020 3267 2087 3292 non
2109 3254 2165 3292 hic

119 3319 137 3340 a
160 3305 413 3357 Chrysostomo
442 3313 774 3344 commemorantur.
797 3306 933 3344 Verum
954 3306 1030 3345 ludi
1050 3306 1168 3345 adhuc
1189 3307 1414 3354 assignantur
1430 3307 1613 3346 undecima
1645 3309 1830 3349 Februarii
1847 3342 1855 3354 ,
1875 3326 1952 3362 qum
1979 3327 2068 3351 anno
2088 3316 2163 3353 305
