<?xml version="1.0" encoding="UTF-8"?>
<!DOCTYPE html PUBLIC "-//W3C//DTD XHTML 1.0 Transitional//EN"
    "http://www.w3.org/TR/xhtml1/DTD/xhtml1-transitional.dtd">
<html xmlns="http://www.w3.org/1999/xhtml" xml:lang="en" lang="en">
 <head>
  <title>
</title>
<meta http-equiv="Content-Type" content="text/html;charset=utf-8" />
  <meta name='ocr-system' content='tesseract 3.04.00' />
  <meta name='ocr-capabilities' content='ocr_page ocr_carea ocr_par ocr_line ocrx_word'/>
</head>
<body>
  <div class='ocr_page' id='page_1' title='image "./operaomniaquaeex04johnuoft_0341.png"; bbox 0 0 2516 3791; ppageno 0'>
   <div class='ocr_carea' id='block_1_1' title="bbox 680 217 864 248">
    <p class='ocr_par' dir='ltr' id='par_1_1' title="bbox 680 217 864 248">
     <span class='ocr_line' id='line_1_1' title="bbox 680 217 864 248; baseline -0.005 0"><span class='ocrx_word' id='word_1_1' title='bbox 680 218 722 248; x_wconf 67' lang='lat' dir='ltr'>lx</span> <span class='ocrx_word' id='word_1_2' title='bbox 762 217 864 248; x_wconf 68' lang='lat' dir='ltr'>cn).</span> 
     </span>
    </p>
   </div>
   <div class='ocr_carea' id='block_1_2' title="bbox 89 297 1116 1391">
    <p class='ocr_par' dir='ltr' id='par_1_2' title="bbox 89 297 1116 1391">
     <span class='ocr_line' id='line_1_2' title="bbox 95 297 1116 352; baseline -0.001 -13"><span class='ocrx_word' id='word_1_3' title='bbox 95 299 148 344; x_wconf 84' lang='grc' dir='ltr'>τές</span> <span class='ocrx_word' id='word_1_4' title='bbox 163 316 170 322; x_wconf 95' lang='grc'><em>·</em></span> <span class='ocrx_word' id='word_1_5' title='bbox 192 299 234 338; x_wconf 80' lang='grc' dir='ltr'>ἵν’</span> <span class='ocrx_word' id='word_1_6' title='bbox 249 297 329 337; x_wconf 79' lang='grc' dir='ltr'>ὅταν</span> <span class='ocrx_word' id='word_1_7' title='bbox 351 298 440 350; x_wconf 72' lang='grc' dir='ltr'>μετὰ</span> <span class='ocrx_word' id='word_1_8' title='bbox 452 303 563 338; x_wconf 72' lang='grc' dir='ltr'>ταῦτα</span> <span class='ocrx_word' id='word_1_9' title='bbox 574 298 650 351; x_wconf 79' lang='grc' dir='ltr'>ἴδῃς</span> <span class='ocrx_word' id='word_1_10' title='bbox 664 300 767 338; x_wconf 77' lang='grc' dir='ltr'>αὐτὸν</span> <span class='ocrx_word' id='word_1_11' title='bbox 781 299 914 347; x_wconf 87' lang='grc' dir='ltr'>πολλὴν</span> <span class='ocrx_word' id='word_1_12' title='bbox 926 299 988 348; x_wconf 82' lang='grc' dir='ltr'>τὴν</span> <span class='ocrx_word' id='word_1_13' title='bbox 1005 302 1116 352; x_wconf 84' lang='grc' dir='ltr'>ἀγνω-</span> 
     </span>
     <span class='ocr_line' id='line_1_3' title="bbox 94 359 1115 414; baseline -0.001 -14"><span class='ocrx_word' id='word_1_14' title='bbox 94 359 245 412; x_wconf 86' lang='grc' dir='ltr'>μοσύνην</span> <span class='ocrx_word' id='word_1_15' title='bbox 265 360 523 412; x_wconf 76' lang='grc' dir='ltr'>ἐπιδειξάμενον</span> <span class='ocrx_word' id='word_1_16' title='bbox 539 361 625 413; x_wconf 87' lang='grc' dir='ltr'>πρὸς</span> <span class='ocrx_word' id='word_1_17' title='bbox 640 361 697 400; x_wconf 85' lang='grc' dir='ltr'>τὸν</span> <span class='ocrx_word' id='word_1_18' title='bbox 720 361 968 414; x_wconf 74' lang='grc' dir='ltr'>γεγεννηκότα,</span> <span class='ocrx_word' id='word_1_19' title='bbox 987 361 1115 400; x_wconf 80' lang='grc' dir='ltr'>εἰδέναι</span> 
     </span>
     <span class='ocr_line' id='line_1_4' title="bbox 93 417 1116 474; baseline 0.002 -16"><span class='ocrx_word' id='word_1_20' title='bbox 93 421 196 472; x_wconf 79' lang='grc' dir='ltr'>ἔχῃς,</span> <span class='ocrx_word' id='word_1_21' title='bbox 225 420 277 460; x_wconf 79' lang='grc' dir='ltr'>ὅτι</span> <span class='ocrx_word' id='word_1_22' title='bbox 304 422 434 460; x_wconf 81' lang='grc' dir='ltr'>ἄνωθεν</span> <span class='ocrx_word' id='word_1_23' title='bbox 463 421 523 460; x_wconf 75' lang='grc' dir='ltr'>καὶ</span> <span class='ocrx_word' id='word_1_24' title='bbox 552 422 586 467; x_wconf 81' lang='grc' dir='ltr'>ἐξ</span> <span class='ocrx_word' id='word_1_25' title='bbox 617 424 730 474; x_wconf 72' lang='grc' dir='ltr'>ἀρχῆς</span> <span class='ocrx_word' id='word_1_26' title='bbox 754 427 906 467; x_wconf 74' lang='grc' dir='ltr'>τοιοῦτος</span> <span class='ocrx_word' id='word_1_27' title='bbox 928 417 983 471; x_wconf 70' lang='grc' dir='ltr'>ἦν,</span> <span class='ocrx_word' id='word_1_28' title='bbox 1011 423 1058 467; x_wconf 84' lang='grc' dir='ltr'>ὥς</span> <span class='ocrx_word' id='word_1_29' title='bbox 1076 439 1116 474; x_wconf 89' lang='grc' dir='ltr'>γε</span> 
     </span>
     <span class='ocr_line' id='line_1_5' title="bbox 91 481 1116 537; baseline 0.001 -17"><span class='ocrx_word' id='word_1_30' title='bbox 91 481 166 520; x_wconf 79' lang='grc' dir='ltr'>οὐδὲ</span> <span class='ocrx_word' id='word_1_31' title='bbox 185 483 252 521; x_wconf 78' lang='grc' dir='ltr'>ὑπὸ</span> <span class='ocrx_word' id='word_1_32' title='bbox 274 485 336 529; x_wconf 74' lang='grc' dir='ltr'>τῆς</span> <span class='ocrx_word' id='word_1_33' title='bbox 354 490 534 536; x_wconf 69' lang='grc' dir='ltr'>συμφορᾶς</span> <span class='ocrx_word' id='word_1_34' title='bbox 553 483 759 531; x_wconf 76' lang='grc' dir='ltr'>συνεστάλη.</span> <span class='ocrx_word' id='word_1_35' title='bbox 782 484 902 531; x_wconf 76' lang='grc' dir='ltr'>Ἰκανὴ</span> <span class='ocrx_word' id='word_1_36' title='bbox 924 484 991 537; x_wconf 84' lang='grc' dir='ltr'>γὰρ</span> <span class='ocrx_word' id='word_1_37' title='bbox 1014 488 1034 531; x_wconf 86' lang='grc' dir='ltr'>ἡ</span> <span class='ocrx_word' id='word_1_38' title='bbox 1055 499 1116 521; x_wconf 85' lang='grc' dir='ltr'>το-</span> 
     </span>
     <span class='ocr_line' id='line_1_6' title="bbox 90 541 1115 594; baseline 0.002 -14"><span class='ocrx_word' id='word_1_39' title='bbox 90 541 201 590; x_wconf 86' lang='grc' dir='ltr'>σαύτη</span> <span class='ocrx_word' id='word_1_40' title='bbox 231 543 362 594; x_wconf 79' lang='grc' dir='ltr'>ἀθυμία</span> <span class='ocrx_word' id='word_1_41' title='bbox 382 551 499 583; x_wconf 78' lang='grc' dir='ltr'>πᾶσαν</span> <span class='ocrx_word' id='word_1_42' title='bbox 526 545 650 584; x_wconf 72' lang='grc' dir='ltr'>σὸέσαι</span> <span class='ocrx_word' id='word_1_43' title='bbox 670 544 810 592; x_wconf 73' lang='grc' dir='ltr'>ἡδονὴν,</span> <span class='ocrx_word' id='word_1_44' title='bbox 831 545 890 584; x_wconf 78' lang='grc' dir='ltr'>καὶ</span> <span class='ocrx_word' id='word_1_45' title='bbox 911 544 1005 584; x_wconf 82' lang='grc' dir='ltr'>οὐδὲν</span> <span class='ocrx_word' id='word_1_46' title='bbox 1025 543 1115 583; x_wconf 79' lang='grc' dir='ltr'>οὕτω</span> 
     </span>
     <span class='ocr_line' id='line_1_7' title="bbox 90 604 1116 658; baseline 0 -16"><span class='ocrx_word' id='word_1_47' title='bbox 90 604 219 652; x_wconf 85' lang='grc' dir='ltr'>ταύτην</span> <span class='ocrx_word' id='word_1_48' title='bbox 236 605 298 653; x_wconf 82' lang='grc' dir='ltr'>τὴν</span> <span class='ocrx_word' id='word_1_49' title='bbox 322 605 433 658; x_wconf 81' lang='grc' dir='ltr'>φλόγα</span> <span class='ocrx_word' id='word_1_50' title='bbox 459 606 519 645; x_wconf 85' lang='grc' dir='ltr'>καὶ</span> <span class='ocrx_word' id='word_1_51' title='bbox 537 606 601 654; x_wconf 77' lang='grc' dir='ltr'>τὴν</span> <span class='ocrx_word' id='word_1_52' title='bbox 619 607 746 658; x_wconf 87' lang='grc' dir='ltr'>μανίαν</span> <span class='ocrx_word' id='word_1_53' title='bbox 763 608 992 645; x_wconf 82' lang='grc' dir='ltr'>καταστεῖλαι</span> <span class='ocrx_word' id='word_1_54' title='bbox 1013 605 1116 643; x_wconf 83' lang='grc' dir='ltr'>δύνα-</span> 
     </span>
     <span class='ocr_line' id='line_1_8' title="bbox 90 665 1116 721; baseline 0 -18"><span class='ocrx_word' id='word_1_55' title='bbox 90 680 170 710; x_wconf 91' lang='grc' dir='ltr'>ται,</span> <span class='ocrx_word' id='word_1_56' title='bbox 191 669 237 709; x_wconf 82' lang='grc' dir='ltr'>ὡς</span> <span class='ocrx_word' id='word_1_57' title='bbox 252 666 398 718; x_wconf 79' lang='grc' dir='ltr'>ἀθυμίας</span> <span class='ocrx_word' id='word_1_58' title='bbox 416 666 573 711; x_wconf 83' lang='grc' dir='ltr'>ἐπίτασις</span> <span class='ocrx_word' id='word_1_59' title='bbox 590 668 648 706; x_wconf 75' lang='grc' dir='ltr'>καὶ</span> <span class='ocrx_word' id='word_1_60' title='bbox 665 675 844 721; x_wconf 76' lang='grc' dir='ltr'>συμφορᾶς</span> <span class='ocrx_word' id='word_1_61' title='bbox 863 666 1050 720; x_wconf 71' lang='grc' dir='ltr'>ὑπερὸολή.</span> <span class='ocrx_word' id='word_1_62' title='bbox 1071 665 1116 703; x_wconf 89' lang='lat' dir='ltr'>‘O</span> 
     </span>
     <span class='ocr_line' id='line_1_9' title="bbox 91 726 1114 781; baseline 0 -17"><span class='ocrx_word' id='word_1_63' title='bbox 91 726 205 765; x_wconf 86' lang='grc' dir='ltr'>τοίνυν</span> <span class='ocrx_word' id='word_1_64' title='bbox 223 730 256 766; x_wconf 80' lang='grc' dir='ltr'>ἐν</span> <span class='ocrx_word' id='word_1_65' title='bbox 279 727 433 781; x_wconf 80' lang='grc' dir='ltr'>τοσούτῳ</span> <span class='ocrx_word' id='word_1_66' title='bbox 456 729 593 780; x_wconf 83' lang='grc' dir='ltr'>μεγέθει</span> <span class='ocrx_word' id='word_1_67' title='bbox 611 730 681 766; x_wconf 78' lang='grc' dir='ltr'>τῶν</span> <span class='ocrx_word' id='word_1_68' title='bbox 705 731 823 766; x_wconf 84' lang='grc' dir='ltr'>κακῶν</span> <span class='ocrx_word' id='word_1_69' title='bbox 842 726 1015 773; x_wconf 75' lang='grc' dir='ltr'>τοσαύτην</span> <span class='ocrx_word' id='word_1_70' title='bbox 1034 727 1114 764; x_wconf 62' lang='lat' dir='ltr'>Em·-</span> 
     </span>
     <span class='ocr_line' id='line_1_10' title="bbox 93 787 1116 842; baseline -0.001 -16"><span class='ocrx_word' id='word_1_71' title='bbox 93 788 289 840; x_wconf 81' lang='grc' dir='ltr'>δειξάμενος</span> <span class='ocrx_word' id='word_1_72' title='bbox 315 789 378 836; x_wconf 62' lang='grc' dir='ltr'>τὴν</span> <span class='ocrx_word' id='word_1_73' title='bbox 406 789 535 828; x_wconf 86' lang='grc' dir='ltr'>λύτταν</span> <span class='ocrx_word' id='word_1_74' title='bbox 562 789 621 828; x_wconf 78' lang='grc' dir='ltr'>καὶ</span> <span class='ocrx_word' id='word_1_75' title='bbox 642 789 767 840; x_wconf 84' lang='grc' dir='ltr'>μανίαν</span> <span class='ocrx_word' id='word_1_76' title='bbox 787 787 868 842; x_wconf 73' lang='grc' dir='ltr'>περὶ</span> <span class='ocrx_word' id='word_1_77' title='bbox 895 787 957 835; x_wconf 79' lang='grc' dir='ltr'>τὴν</span> <span class='ocrx_word' id='word_1_78' title='bbox 988 788 1116 826; x_wconf 78' lang='grc' dir='ltr'>παιδο-</span> 
     </span>
     <span class='ocr_line' id='line_1_11' title="bbox 91 849 1116 901; baseline -0.003 -13"><span class='ocrx_word' id='word_1_79' title='bbox 91 849 223 896; x_wconf 85' lang='grc' dir='ltr'>ποιίαν,</span> <span class='ocrx_word' id='word_1_80' title='bbox 243 850 345 894; x_wconf 84' lang='grc' dir='ltr'>ποίας</span> <span class='ocrx_word' id='word_1_81' title='bbox 366 850 406 888; x_wconf 79' lang='grc' dir='ltr'>ἂν</span> <span class='ocrx_word' id='word_1_82' title='bbox 423 851 475 897; x_wconf 86' lang='grc' dir='ltr'>εἴη</span> <span class='ocrx_word' id='word_1_83' title='bbox 496 849 705 901; x_wconf 83' lang='grc' dir='ltr'>συγγνώμης</span> <span class='ocrx_word' id='word_1_84' title='bbox 726 849 839 895; x_wconf 68' lang='grc' dir='ltr'>ἄξιος,</span> <span class='ocrx_word' id='word_1_85' title='bbox 861 849 938 886; x_wconf 85' lang='grc' dir='ltr'>ἀλλ’</span> <span class='ocrx_word' id='word_1_86' title='bbox 962 850 1116 886; x_wconf 74' lang='grc' dir='ltr'>ἐντεῦθεν</span> 
     </span>
     <span class='ocr_line' id='line_1_12' title="bbox 91 909 1116 964; baseline 0 -17"><span class='ocrx_word' id='word_1_87' title='bbox 91 913 175 960; x_wconf 83' lang='grc' dir='ltr'>ἡμῖν</span> <span class='ocrx_word' id='word_1_88' title='bbox 196 910 300 948; x_wconf 86' lang='grc' dir='ltr'>πάλιν</span> <span class='ocrx_word' id='word_1_89' title='bbox 326 910 442 964; x_wconf 83' lang='grc' dir='ltr'>ἕτερον</span> <span class='ocrx_word' id='word_1_90' title='bbox 463 910 618 949; x_wconf 72' lang='grc' dir='ltr'>τίκτεται</span> <span class='ocrx_word' id='word_1_91' title='bbox 636 910 795 961; x_wconf 77' lang='grc' dir='ltr'>ζήτημα,</span> <span class='ocrx_word' id='word_1_92' title='bbox 814 910 855 948; x_wconf 82' lang='grc' dir='ltr'>τὸ</span> <span class='ocrx_word' id='word_1_93' title='bbox 875 909 1116 963; x_wconf 85' lang='grc' dir='ltr'>πολυθρύλλη-</span> 
     </span>
     <span class='ocr_line' id='line_1_13' title="bbox 90 968 1116 1024; baseline 0.001 -17"><span class='ocrx_word' id='word_1_94' title='bbox 90 985 150 1007; x_wconf 88' lang='grc' dir='ltr'>τον</span> <span class='ocrx_word' id='word_1_95' title='bbox 168 971 278 1008; x_wconf 84' lang='grc' dir='ltr'>ἐκεῖνο</span> <span class='ocrx_word' id='word_1_96' title='bbox 296 971 355 1009; x_wconf 78' lang='grc' dir='ltr'>καὶ</span> <span class='ocrx_word' id='word_1_97' title='bbox 379 974 561 1023; x_wconf 72' lang='grc' dir='ltr'>πανταχοῦ</span> <span class='ocrx_word' id='word_1_98' title='bbox 585 970 870 1024; x_wconf 79' lang='grc' dir='ltr'>περιφερόμενον,</span> <span class='ocrx_word' id='word_1_99' title='bbox 889 969 980 1013; x_wconf 86' lang='grc' dir='ltr'>τίνος</span> <span class='ocrx_word' id='word_1_100' title='bbox 1001 968 1116 1008; x_wconf 81' lang='grc' dir='ltr'>ἕνεκεν</span> 
     </span>
     <span class='ocr_line' id='line_1_14' title="bbox 90 1031 1114 1085; baseline -0.001 -15"><span class='ocrx_word' id='word_1_101' title='bbox 90 1034 152 1070; x_wconf 73' lang='grc' dir='ltr'>τοῦ</span> <span class='ocrx_word' id='word_1_102' title='bbox 176 1032 306 1085; x_wconf 88' lang='grc' dir='ltr'>πατρὸς</span> <span class='ocrx_word' id='word_1_103' title='bbox 330 1031 544 1085; x_wconf 77' lang='grc' dir='ltr'>ἁμαρτόντος</span> <span class='ocrx_word' id='word_1_104' title='bbox 560 1035 578 1071; x_wconf 89' lang='lat'>6</span> <span class='ocrx_word' id='word_1_105' title='bbox 593 1032 664 1076; x_wconf 82' lang='grc' dir='ltr'>υἱὸς</span> <span class='ocrx_word' id='word_1_106' title='bbox 687 1032 751 1079; x_wconf 82' lang='grc' dir='ltr'>τὴν</span> <span class='ocrx_word' id='word_1_107' title='bbox 772 1031 929 1083; x_wconf 79' lang='grc' dir='ltr'>κατάραν</span> <span class='ocrx_word' id='word_1_108' title='bbox 951 1031 1114 1084; x_wconf 74' lang='grc' dir='ltr'>δέχεται,</span> 
     </span>
     <span class='ocr_line' id='line_1_15' title="bbox 91 1090 1116 1146; baseline 0 -16"><span class='ocrx_word' id='word_1_109' title='bbox 91 1090 183 1130; x_wconf 84' lang='grc' dir='ltr'>Ἀλλ’</span> <span class='ocrx_word' id='word_1_110' title='bbox 203 1092 257 1130; x_wconf 77' lang='grc' dir='ltr'>ἵνα</span> <span class='ocrx_word' id='word_1_111' title='bbox 278 1092 327 1144; x_wconf 85' lang='grc' dir='ltr'>μὴ</span> <span class='ocrx_word' id='word_1_112' title='bbox 347 1097 404 1132; x_wconf 75' lang='grc' dir='ltr'>νῦν</span> <span class='ocrx_word' id='word_1_113' title='bbox 435 1094 568 1146; x_wconf 82' lang='grc' dir='ltr'>μακρὸν</span> <span class='ocrx_word' id='word_1_114' title='bbox 596 1097 752 1144; x_wconf 82' lang='grc' dir='ltr'>ποιῶμεν</span> <span class='ocrx_word' id='word_1_115' title='bbox 784 1093 842 1131; x_wconf 82' lang='grc' dir='ltr'>τὸν</span> <span class='ocrx_word' id='word_1_116' title='bbox 870 1091 985 1143; x_wconf 83' lang='grc' dir='ltr'>λόγον,</span> <span class='ocrx_word' id='word_1_117' title='bbox 1014 1094 1116 1130; x_wconf 80' lang='grc' dir='ltr'>τοῦτο</span> 
     </span>
     <span class='ocr_line' id='line_1_16' title="bbox 89 1152 1114 1208; baseline 0 -18"><span class='ocrx_word' id='word_1_118' title='bbox 89 1154 351 1204; x_wconf 81' lang='grc' dir='ltr'>ταμιευσόμεθα</span> <span class='ocrx_word' id='word_1_119' title='bbox 375 1155 460 1208; x_wconf 79' lang='grc' dir='ltr'>πρὸς</span> <span class='ocrx_word' id='word_1_120' title='bbox 485 1155 524 1194; x_wconf 80' lang='grc' dir='ltr'>τὸ</span> <span class='ocrx_word' id='word_1_121' title='bbox 552 1155 677 1207; x_wconf 81' lang='grc' dir='ltr'>παρὸν,</span> <span class='ocrx_word' id='word_1_122' title='bbox 705 1154 749 1194; x_wconf 75' lang='grc' dir='ltr'>ἵν’</span> <span class='ocrx_word' id='word_1_123' title='bbox 771 1153 911 1193; x_wconf 78' lang='grc' dir='ltr'>ἐπειδὰν</span> <span class='ocrx_word' id='word_1_124' title='bbox 937 1155 985 1197; x_wconf 88' lang='grc' dir='ltr'>εἰς</span> <span class='ocrx_word' id='word_1_125' title='bbox 1013 1152 1114 1191; x_wconf 77' lang='grc' dir='ltr'>αὐτὸν</span> 
     </span>
     <span class='ocr_line' id='line_1_17' title="bbox 92 1214 1115 1268; baseline 0 -16"><span class='ocrx_word' id='word_1_126' title='bbox 92 1215 150 1253; x_wconf 85' lang='grc' dir='ltr'>τὸν</span> <span class='ocrx_word' id='word_1_127' title='bbox 168 1215 273 1254; x_wconf 86' lang='grc' dir='ltr'>τόπον</span> <span class='ocrx_word' id='word_1_128' title='bbox 297 1215 502 1268; x_wconf 74' lang='grc' dir='ltr'>ἀφικώμεθα</span> <span class='ocrx_word' id='word_1_129' title='bbox 517 1247 527 1264; x_wconf 89' lang='grc'>,</span> <span class='ocrx_word' id='word_1_130' title='bbox 549 1216 627 1255; x_wconf 85' lang='grc' dir='ltr'>τότε</span> <span class='ocrx_word' id='word_1_131' title='bbox 649 1216 708 1255; x_wconf 83' lang='grc' dir='ltr'>καὶ</span> <span class='ocrx_word' id='word_1_132' title='bbox 729 1215 791 1264; x_wconf 76' lang='grc' dir='ltr'>τὴν</span> <span class='ocrx_word' id='word_1_133' title='bbox 811 1215 908 1255; x_wconf 83' lang='grc' dir='ltr'>λύσιν</span> <span class='ocrx_word' id='word_1_134' title='bbox 928 1214 1115 1266; x_wconf 80' lang='grc' dir='ltr'>ἐπαγάγω-</span> 
     </span>
     <span class='ocr_line' id='line_1_18' title="bbox 93 1275 1115 1331; baseline 0 -19"><span class='ocrx_word' id='word_1_135' title='bbox 93 1291 168 1326; x_wconf 82' lang='grc' dir='ltr'>μεν,</span> <span class='ocrx_word' id='word_1_136' title='bbox 189 1276 230 1322; x_wconf 82' lang='grc' dir='ltr'>ἣν</span> <span class='ocrx_word' id='word_1_137' title='bbox 251 1276 290 1314; x_wconf 82' lang='grc' dir='ltr'>ἂν</span> <span class='ocrx_word' id='word_1_138' title='bbox 315 1280 333 1315; x_wconf 87' lang='grc' dir='ltr'>ὁ</span> <span class='ocrx_word' id='word_1_139' title='bbox 360 1278 449 1322; x_wconf 83' lang='grc' dir='ltr'>Θεὸς</span> <span class='ocrx_word' id='word_1_140' title='bbox 480 1278 663 1331; x_wconf 75' lang='grc' dir='ltr'>παράσχῃ.</span> <span class='ocrx_word' id='word_1_141' title='bbox 697 1277 809 1316; x_wconf 72' lang='grc' dir='ltr'>Οὐδὲν</span> <span class='ocrx_word' id='word_1_142' title='bbox 837 1276 925 1328; x_wconf 75' lang='grc' dir='ltr'>γὰρ,</span> <span class='ocrx_word' id='word_1_143' title='bbox 955 1275 1115 1326; x_wconf 85' lang='grc' dir='ltr'>καθάπερ</span> 
     </span>
     <span class='ocr_line' id='line_1_19' title="bbox 91 1336 1115 1391; baseline 0.001 -18"><span class='ocrx_word' id='word_1_144' title='bbox 91 1336 197 1388; x_wconf 62' lang='grc' dir='ltr'>ἔφθην</span> <span class='ocrx_word' id='word_1_145' title='bbox 217 1337 336 1385; x_wconf 79' lang='grc' dir='ltr'>εἰπὼν,</span> <span class='ocrx_word' id='word_1_146' title='bbox 363 1342 431 1377; x_wconf 80' lang='grc' dir='ltr'>τῶν</span> <span class='ocrx_word' id='word_1_147' title='bbox 451 1342 484 1378; x_wconf 83' lang='grc' dir='ltr'>ἐν</span> <span class='ocrx_word' id='word_1_148' title='bbox 509 1342 552 1391; x_wconf 78' lang='grc' dir='ltr'>τῇ</span> <span class='ocrx_word' id='word_1_149' title='bbox 573 1339 647 1390; x_wconf 79' lang='grc' dir='ltr'>θείᾳ</span> <span class='ocrx_word' id='word_1_150' title='bbox 678 1340 802 1391; x_wconf 65' lang='grc' dir='ltr'>Γραφῇ</span> <span class='ocrx_word' id='word_1_151' title='bbox 830 1337 1000 1389; x_wconf 80' lang='grc' dir='ltr'>κειμένων</span> <span class='ocrx_word' id='word_1_152' title='bbox 1035 1337 1115 1375; x_wconf 86' lang='grc' dir='ltr'>ἄνευ</span> 
     </span>
    </p>
   </div>
   <div class='ocr_carea' id='block_1_3' title="bbox 92 1397 1161 1452">
    <p class='ocr_par' dir='ltr' id='par_1_3' title="bbox 92 1397 1161 1452">
     <span class='ocr_line' id='line_1_20' title="bbox 92 1397 1161 1452; baseline 0.003 -18"><span class='ocrx_word' id='word_1_153' title='bbox 92 1397 195 1448; x_wconf 82' lang='grc' dir='ltr'>λόγου</span> <span class='ocrx_word' id='word_1_154' title='bbox 214 1399 304 1442; x_wconf 85' lang='grc' dir='ltr'>τινὸς</span> <span class='ocrx_word' id='word_1_155' title='bbox 332 1400 391 1438; x_wconf 78' lang='grc' dir='ltr'>καὶ</span> <span class='ocrx_word' id='word_1_156' title='bbox 411 1400 523 1444; x_wconf 82' lang='grc' dir='ltr'>αἰτίας</span> <span class='ocrx_word' id='word_1_157' title='bbox 553 1400 646 1440; x_wconf 82' lang='grc' dir='ltr'>ἐστὶν</span> <span class='ocrx_word' id='word_1_158' title='bbox 677 1403 787 1452; x_wconf 77' lang='grc' dir='ltr'>εὑρεῖν</span> <span class='ocrx_word' id='word_1_159' title='bbox 818 1397 1115 1451; x_wconf 81' lang='grc' dir='ltr'>ἐγγεγραμμένον.</span> <span class='ocrx_word' id='word_1_160' title='bbox 1136 1407 1161 1437; x_wconf 92' lang='lat' dir='ltr'>C</span> 
     </span>
    </p>
   </div>
   <div class='ocr_carea' id='block_1_4' title="bbox 79 1453 1117 3353">
    <p class='ocr_par' dir='ltr' id='par_1_4' title="bbox 79 1453 1117 3353">
     <span class='ocr_line' id='line_1_21' title="bbox 92 1453 1116 1513; baseline 0.003 -19"><span class='ocrx_word' id='word_1_161' title='bbox 92 1457 192 1502; x_wconf 87' lang='grc' dir='ltr'>Τέως</span> <span class='ocrx_word' id='word_1_162' title='bbox 217 1453 275 1497; x_wconf 61' lang='grc' dir='ltr'>οὖν</span> <span class='ocrx_word' id='word_1_163' title='bbox 303 1464 405 1498; x_wconf 82' lang='grc' dir='ltr'>τοῦτο</span> <span class='ocrx_word' id='word_1_164' title='bbox 422 1460 589 1513; x_wconf 83' lang='grc' dir='ltr'>ἔγνωμεν,</span> <span class='ocrx_word' id='word_1_165' title='bbox 622 1459 676 1499; x_wconf 83' lang='grc' dir='ltr'>ὅτι</span> <span class='ocrx_word' id='word_1_166' title='bbox 707 1463 773 1513; x_wconf 79' lang='grc' dir='ltr'>οὐχ</span> <span class='ocrx_word' id='word_1_167' title='bbox 802 1460 944 1508; x_wconf 83' lang='grc' dir='ltr'>ἁπλῶς,</span> <span class='ocrx_word' id='word_1_168' title='bbox 977 1459 1036 1498; x_wconf 84' lang='grc' dir='ltr'>καὶ</span> <span class='ocrx_word' id='word_1_169' title='bbox 1068 1461 1116 1504; x_wconf 87' lang='grc' dir='ltr'>ὡς</span> 
     </span>
     <span class='ocr_line' id='line_1_22' title="bbox 90 1518 1116 1575; baseline 0.002 -17"><span class='ocrx_word' id='word_1_170' title='bbox 90 1518 192 1572; x_wconf 78' lang='grc' dir='ltr'>ἔτυχε</span> <span class='ocrx_word' id='word_1_171' title='bbox 205 1550 215 1568; x_wconf 93' lang='grc'>,</span> <span class='ocrx_word' id='word_1_172' title='bbox 247 1523 309 1567; x_wconf 74' lang='grc' dir='ltr'>τῆς</span> <span class='ocrx_word' id='word_1_173' title='bbox 337 1522 573 1575; x_wconf 84' lang='grc' dir='ltr'>προσηγορίας</span> <span class='ocrx_word' id='word_1_174' title='bbox 604 1527 665 1561; x_wconf 80' lang='grc' dir='ltr'>τοῦ</span> <span class='ocrx_word' id='word_1_175' title='bbox 697 1524 772 1561; x_wconf 80' lang='grc' dir='ltr'>υἱοῦ</span> <span class='ocrx_word' id='word_1_176' title='bbox 806 1521 1064 1573; x_wconf 81' lang='grc' dir='ltr'>ἐμνημόνευσεν</span> <span class='ocrx_word' id='word_1_177' title='bbox 1097 1524 1116 1560; x_wconf 87' lang='lat'>6</span> 
     </span>
     <span class='ocr_line' id='line_1_23' title="bbox 90 1577 1116 1636; baseline 0.002 -18"><span class='ocrx_word' id='word_1_178' title='bbox 90 1581 246 1627; x_wconf 83' lang='grc' dir='ltr'>Μωϋσῆς</span> <span class='ocrx_word' id='word_1_179' title='bbox 262 1582 384 1632; x_wconf 83' lang='grc' dir='ltr'>εἰπὼν,</span> <span class='ocrx_word' id='word_1_180' title='bbox 407 1583 493 1635; x_wconf 78' lang='grc' dir='ltr'>Χὰμ</span> <span class='ocrx_word' id='word_1_181' title='bbox 509 1583 545 1622; x_wconf 83' lang='grc' dir='ltr'>δὲ</span> <span class='ocrx_word' id='word_1_182' title='bbox 558 1577 600 1630; x_wconf 62' lang='grc' dir='ltr'>ἦν</span> <span class='ocrx_word' id='word_1_183' title='bbox 619 1582 736 1636; x_wconf 80' lang='grc' dir='ltr'>πατὴρ</span> <span class='ocrx_word' id='word_1_184' title='bbox 758 1587 818 1621; x_wconf 78' lang='grc' dir='ltr'>τοῦ</span> <span class='ocrx_word' id='word_1_185' title='bbox 836 1582 992 1621; x_wconf 83' lang='grc' dir='ltr'>Χαναάν.</span> <span class='ocrx_word' id='word_1_186' title='bbox 1011 1584 1116 1635; x_wconf 88' lang='grc' dir='ltr'>Τρεῖς</span> 
     </span>
     <span class='ocr_line' id='line_1_24' title="bbox 89 1637 1116 1698; baseline 0.003 -19"><span class='ocrx_word' id='word_1_187' title='bbox 89 1643 177 1680; x_wconf 83' lang='grc' dir='ltr'>εἰσιν</span> <span class='ocrx_word' id='word_1_188' title='bbox 197 1637 290 1682; x_wconf 59' lang='grc' dir='ltr'>οὗτοι</span> <span class='ocrx_word' id='word_1_189' title='bbox 305 1645 393 1693; x_wconf 79' lang='grc' dir='ltr'>υἱοὶ,</span> <span class='ocrx_word' id='word_1_190' title='bbox 413 1645 516 1698; x_wconf 74' lang='grc' dir='ltr'>φησὶ,</span> <span class='ocrx_word' id='word_1_191' title='bbox 537 1647 640 1692; x_wconf 75' lang='grc' dir='ltr'>Νῶε,</span> <span class='ocrx_word' id='word_1_192' title='bbox 660 1645 721 1684; x_wconf 79' lang='grc' dir='ltr'>καὶ</span> <span class='ocrx_word' id='word_1_193' title='bbox 736 1645 805 1683; x_wconf 85' lang='grc' dir='ltr'>ἀπὸ</span> <span class='ocrx_word' id='word_1_194' title='bbox 823 1643 953 1683; x_wconf 84' lang='grc' dir='ltr'>τούτων</span> <span class='ocrx_word' id='word_1_195' title='bbox 974 1644 1116 1682; x_wconf 83' lang='grc' dir='ltr'>διεσπά-</span> 
     </span>
     <span class='ocr_line' id='line_1_25' title="bbox 91 1704 1115 1759; baseline 0.002 -18"><span class='ocrx_word' id='word_1_196' title='bbox 91 1718 201 1755; x_wconf 85' lang='grc' dir='ltr'>ρησαν</span> <span class='ocrx_word' id='word_1_197' title='bbox 216 1704 274 1742; x_wconf 79' lang='grc' dir='ltr'>ἐπὶ</span> <span class='ocrx_word' id='word_1_198' title='bbox 289 1712 406 1744; x_wconf 71' lang='grc' dir='ltr'>πᾶσαν</span> <span class='ocrx_word' id='word_1_199' title='bbox 424 1706 486 1754; x_wconf 71' lang='grc' dir='ltr'>τὴν</span> <span class='ocrx_word' id='word_1_200' title='bbox 503 1710 580 1759; x_wconf 76' lang='grc' dir='ltr'>γῆν.</span> <span class='ocrx_word' id='word_1_201' title='bbox 600 1706 662 1754; x_wconf 83' lang='grc' dir='ltr'>Μὴ</span> <span class='ocrx_word' id='word_1_202' title='bbox 680 1708 798 1750; x_wconf 79' lang='grc' dir='ltr'>ἁπλῶς</span> <span class='ocrx_word' id='word_1_203' title='bbox 812 1706 1115 1759; x_wconf 75' lang='grc' dir='ltr'>παραδράμωμεν,</span> 
     </span>
     <span class='ocr_line' id='line_1_26' title="bbox 90 1765 1114 1819; baseline 0.001 -17"><span class='ocrx_word' id='word_1_204' title='bbox 90 1765 284 1815; x_wconf 75' lang='grc' dir='ltr'>ἀγαπητοὶ,</span> <span class='ocrx_word' id='word_1_205' title='bbox 315 1766 403 1817; x_wconf 77' lang='grc' dir='ltr'>μηδὲ</span> <span class='ocrx_word' id='word_1_206' title='bbox 422 1767 462 1805; x_wconf 76' lang='grc' dir='ltr'>τὸ</span> <span class='ocrx_word' id='word_1_207' title='bbox 480 1772 536 1806; x_wconf 81' lang='grc' dir='ltr'>νῦν</span> <span class='ocrx_word' id='word_1_208' title='bbox 558 1766 671 1819; x_wconf 79' lang='grc' dir='ltr'>ῥηθὲν,</span> <span class='ocrx_word' id='word_1_209' title='bbox 706 1768 782 1806; x_wconf 84' lang='grc' dir='ltr'>ἀλλ’</span> <span class='ocrx_word' id='word_1_210' title='bbox 810 1766 1027 1816; x_wconf 76' lang='grc' dir='ltr'>ἐννοήσωμεν</span> <span class='ocrx_word' id='word_1_211' title='bbox 1054 1766 1114 1804; x_wconf 76' lang='grc' dir='ltr'>καὶ</span> 
     </span>
     <span class='ocr_line' id='line_1_27' title="bbox 90 1824 1112 1879; baseline 0.003 -16"><span class='ocrx_word' id='word_1_212' title='bbox 90 1824 126 1868; x_wconf 75' lang='grc' dir='ltr'>ἐξ</span> <span class='ocrx_word' id='word_1_213' title='bbox 155 1828 258 1865; x_wconf 77' lang='grc' dir='ltr'>αὐτοῦ</span> <span class='ocrx_word' id='word_1_214' title='bbox 275 1827 396 1866; x_wconf 87' lang='grc' dir='ltr'>τούτου</span> <span class='ocrx_word' id='word_1_215' title='bbox 417 1831 479 1875; x_wconf 68' lang='grc' dir='ltr'>τῆς</span> <span class='ocrx_word' id='word_1_216' title='bbox 497 1829 675 1879; x_wconf 85' lang='grc' dir='ltr'>δυνάμεως</span> <span class='ocrx_word' id='word_1_217' title='bbox 700 1832 761 1867; x_wconf 78' lang='grc' dir='ltr'>τοῦ</span> <span class='ocrx_word' id='word_1_218' title='bbox 788 1829 880 1867; x_wconf 77' lang='grc' dir='ltr'>Θεοῦ</span> <span class='ocrx_word' id='word_1_219' title='bbox 899 1827 938 1865; x_wconf 84' lang='grc' dir='ltr'>τὸ</span> <span class='ocrx_word' id='word_1_220' title='bbox 959 1827 1112 1878; x_wconf 86' lang='grc' dir='ltr'>μέγεθος.</span> 
     </span>
     <span class='ocr_line' id='line_1_28' title="bbox 90 1883 1113 1941; baseline -0.007 -9"><span class='ocrx_word' id='word_1_221' title='bbox 90 1887 214 1938; x_wconf 74' lang='grc' dir='ltr'>Τρεῖς,</span> <span class='ocrx_word' id='word_1_222' title='bbox 237 1889 354 1941; x_wconf 77' lang='grc' dir='ltr'>φησὶν,</span> <span class='ocrx_word' id='word_1_223' title='bbox 379 1883 469 1936; x_wconf 66' lang='grc' dir='ltr'>ἦσαν</span> <span class='ocrx_word' id='word_1_224' title='bbox 494 1884 589 1928; x_wconf 61' lang='grc' dir='ltr'>οὗτοι</span> <span class='ocrx_word' id='word_1_225' title='bbox 617 1890 682 1928; x_wconf 74' lang='grc' dir='ltr'>υἱοὶ</span> <span class='ocrx_word' id='word_1_226' title='bbox 713 1891 813 1937; x_wconf 61' lang='grc' dir='ltr'>Νῶε,</span> <span class='ocrx_word' id='word_1_227' title='bbox 842 1889 902 1928; x_wconf 83' lang='grc' dir='ltr'>καὶ</span> <span class='ocrx_word' id='word_1_228' title='bbox 924 1891 964 1926; x_wconf 84' lang='grc' dir='ltr'>ἐκ</span> <span class='ocrx_word' id='word_1_229' title='bbox 982 1888 1113 1927; x_wconf 88' lang='grc' dir='ltr'>τούτων</span> 
     </span>
     <span class='ocr_line' id='line_1_29' title="bbox 91 1949 1115 2003; baseline 0 -17"><span class='ocrx_word' id='word_1_230' title='bbox 91 1949 329 2000; x_wconf 74' lang='grc' dir='ltr'>διεσπάρησαν</span> <span class='ocrx_word' id='word_1_231' title='bbox 348 1950 406 1989; x_wconf 76' lang='grc' dir='ltr'>ἐπὶ</span> <span class='ocrx_word' id='word_1_232' title='bbox 425 1958 541 1990; x_wconf 75' lang='grc' dir='ltr'>πᾶσαν</span> <span class='ocrx_word' id='word_1_233' title='bbox 557 1951 620 1998; x_wconf 74' lang='grc' dir='ltr'>τὴν</span> <span class='ocrx_word' id='word_1_234' title='bbox 632 1953 709 2003; x_wconf 61' lang='grc' dir='ltr'>γῆν.</span> <span class='ocrx_word' id='word_1_235' title='bbox 731 1953 814 1995; x_wconf 84' lang='grc' dir='ltr'>Πῶς</span> <span class='ocrx_word' id='word_1_236' title='bbox 835 1951 904 1990; x_wconf 83' lang='grc' dir='ltr'>ἀπὸ</span> <span class='ocrx_word' id='word_1_237' title='bbox 922 1953 990 1988; x_wconf 82' lang='grc' dir='ltr'>τῶν</span> <span class='ocrx_word' id='word_1_238' title='bbox 1010 1952 1115 2002; x_wconf 84' lang='grc' dir='ltr'>τριῶν</span> 
     </span>
     <span class='ocr_line' id='line_1_30' title="bbox 88 2010 1117 2063; baseline 0.001 -16"><span class='ocrx_word' id='word_1_239' title='bbox 88 2013 253 2049; x_wconf 77' lang='grc' dir='ltr'>τοσοῦτον</span> <span class='ocrx_word' id='word_1_240' title='bbox 265 2013 395 2058; x_wconf 65' lang='grc' dir='ltr'>πλῆθος</span> <span class='ocrx_word' id='word_1_241' title='bbox 409 2012 578 2060; x_wconf 75' lang='grc' dir='ltr'>ἐπέδωκε,</span> <span class='ocrx_word' id='word_1_242' title='bbox 591 2015 664 2057; x_wconf 85' lang='grc' dir='ltr'>πῶς</span> <span class='ocrx_word' id='word_1_243' title='bbox 679 2012 899 2060; x_wconf 78' lang='grc' dir='ltr'>ἠδυνήθησαν</span> <span class='ocrx_word' id='word_1_244' title='bbox 915 2010 1117 2063; x_wconf 82' lang='grc' dir='ltr'>διαρκέσαι;</span> 
     </span>
     <span class='ocr_line' id='line_1_31' title="bbox 89 2072 1115 2125; baseline 0.002 -17"><span class='ocrx_word' id='word_1_245' title='bbox 89 2073 165 2114; x_wconf 80' lang='grc' dir='ltr'>πῶς</span> <span class='ocrx_word' id='word_1_246' title='bbox 184 2073 223 2109; x_wconf 80' lang='grc' dir='ltr'>ἐκ</span> <span class='ocrx_word' id='word_1_247' title='bbox 241 2074 309 2110; x_wconf 78' lang='grc' dir='ltr'>τῶν</span> <span class='ocrx_word' id='word_1_248' title='bbox 332 2072 456 2125; x_wconf 82' lang='grc' dir='ltr'>ὀλίγων</span> <span class='ocrx_word' id='word_1_249' title='bbox 476 2073 605 2112; x_wconf 85' lang='grc' dir='ltr'>τούτων</span> <span class='ocrx_word' id='word_1_250' title='bbox 630 2074 722 2117; x_wconf 82' lang='grc' dir='ltr'>ἅπας</span> <span class='ocrx_word' id='word_1_251' title='bbox 745 2077 762 2112; x_wconf 86' lang='lat'>6</span> <span class='ocrx_word' id='word_1_252' title='bbox 783 2074 912 2124; x_wconf 89' lang='grc' dir='ltr'>κόσμος</span> <span class='ocrx_word' id='word_1_253' title='bbox 942 2072 1087 2120; x_wconf 84' lang='grc' dir='ltr'>συνέστη</span> <span class='ocrx_word' id='word_1_254' title='bbox 1105 2087 1115 2121; x_wconf 89' lang='lat'>;</span> 
     </span>
     <span class='ocr_line' id='line_1_32' title="bbox 89 2128 1116 2188; baseline 0 -17"><span class='ocrx_word' id='word_1_255' title='bbox 89 2135 165 2177; x_wconf 81' lang='grc' dir='ltr'>πῶς</span> <span class='ocrx_word' id='word_1_256' title='bbox 198 2136 312 2178; x_wconf 74' lang='grc' dir='ltr'>αὐτοῖς</span> <span class='ocrx_word' id='word_1_257' title='bbox 330 2134 374 2172; x_wconf 74' lang='grc' dir='ltr'>τὰ</span> <span class='ocrx_word' id='word_1_258' title='bbox 391 2134 541 2185; x_wconf 85' lang='grc' dir='ltr'>σώματα</span> <span class='ocrx_word' id='word_1_259' title='bbox 569 2135 759 2186; x_wconf 84' lang='grc' dir='ltr'>διέμεινεν;</span> <span class='ocrx_word' id='word_1_260' title='bbox 787 2138 864 2174; x_wconf 80' lang='grc' dir='ltr'>Οὐκ</span> <span class='ocrx_word' id='word_1_261' title='bbox 890 2134 1006 2188; x_wconf 83' lang='grc' dir='ltr'>ἰατρὸς</span> <span class='ocrx_word' id='word_1_262' title='bbox 1036 2128 1078 2181; x_wconf 61' lang='grc' dir='ltr'>ἦν</span> <span class='ocrx_word' id='word_1_263' title='bbox 1098 2136 1116 2172; x_wconf 87' lang='lat'>6</span> 
     </span>
     <span class='ocr_line' id='line_1_33' title="bbox 89 2194 1114 2248; baseline 0.001 -16"><span class='ocrx_word' id='word_1_264' title='bbox 89 2194 274 2245; x_wconf 82' lang='grc' dir='ltr'>θεραπείαν</span> <span class='ocrx_word' id='word_1_265' title='bbox 289 2195 487 2248; x_wconf 83' lang='grc' dir='ltr'>προσάγων,</span> <span class='ocrx_word' id='word_1_266' title='bbox 503 2196 566 2234; x_wconf 83' lang='grc' dir='ltr'>οὐκ</span> <span class='ocrx_word' id='word_1_267' title='bbox 581 2196 669 2244; x_wconf 79' lang='grc' dir='ltr'>ἄλλη</span> <span class='ocrx_word' id='word_1_268' title='bbox 687 2212 739 2240; x_wconf 90' lang='grc' dir='ltr'>τις</span> <span class='ocrx_word' id='word_1_269' title='bbox 752 2196 949 2246; x_wconf 81' lang='grc' dir='ltr'>ἐπιμέλεια.</span> <span class='ocrx_word' id='word_1_270' title='bbox 964 2195 1114 2234; x_wconf 78' lang='grc' dir='ltr'>Οὐδέπω</span> 
     </span>
     <span class='ocr_line' id='line_1_34' title="bbox 85 2251 1112 2308; baseline 0.002 -17"><span class='ocrx_word' id='word_1_271' title='bbox 85 2253 156 2308; x_wconf 77' lang='grc' dir='ltr'>γὰρ</span> <span class='ocrx_word' id='word_1_272' title='bbox 177 2254 253 2294; x_wconf 77' lang='grc' dir='ltr'>οὐδὲ</span> <span class='ocrx_word' id='word_1_273' title='bbox 279 2255 397 2300; x_wconf 82' lang='grc' dir='ltr'>πόλεις</span> <span class='ocrx_word' id='word_1_274' title='bbox 422 2251 533 2303; x_wconf 42' lang='lat' dir='ltr'>“zo-w</span> <span class='ocrx_word' id='word_1_275' title='bbox 558 2257 783 2308; x_wconf 79' lang='grc' dir='ltr'>δειμάμενοι,</span> <span class='ocrx_word' id='word_1_276' title='bbox 807 2256 897 2296; x_wconf 84' lang='grc' dir='ltr'>ἀλλὰ</span> <span class='ocrx_word' id='word_1_277' title='bbox 927 2255 1018 2307; x_wconf 82' lang='grc' dir='ltr'>μετὰ</span> <span class='ocrx_word' id='word_1_278' title='bbox 1049 2256 1112 2304; x_wconf 76' lang='grc' dir='ltr'>τὴν</span> 
     </span>
     <span class='ocr_line' id='line_1_35' title="bbox 85 2316 1111 2371; baseline 0.003 -19"><span class='ocrx_word' id='word_1_279' title='bbox 85 2316 256 2363; x_wconf 79' lang='grc' dir='ltr'>τοσαύτην</span> <span class='ocrx_word' id='word_1_280' title='bbox 277 2317 530 2371; x_wconf 77' lang='grc' dir='ltr'>ταλαιπωρίαν,</span> <span class='ocrx_word' id='word_1_281' title='bbox 550 2319 610 2356; x_wconf 83' lang='grc' dir='ltr'>καὶ</span> <span class='ocrx_word' id='word_1_282' title='bbox 636 2318 699 2366; x_wconf 75' lang='grc' dir='ltr'>τὴν</span> <span class='ocrx_word' id='word_1_283' title='bbox 730 2320 764 2356; x_wconf 84' lang='grc' dir='ltr'>ἐν</span> <span class='ocrx_word' id='word_1_284' title='bbox 797 2321 841 2371; x_wconf 79' lang='grc' dir='ltr'>τῇ</span> <span class='ocrx_word' id='word_1_285' title='bbox 869 2317 1009 2370; x_wconf 69' lang='grc' dir='ltr'>κιὸωτῷ</span> <span class='ocrx_word' id='word_1_286' title='bbox 1037 2318 1111 2356; x_wconf 83' lang='grc' dir='ltr'>δια-</span> 
     </span>
     <span class='ocr_line' id='line_1_36' title="bbox 84 2376 1111 2432; baseline 0.003 -18"><span class='ocrx_word' id='word_1_287' title='bbox 84 2376 216 2428; x_wconf 80' lang='grc' dir='ltr'>γωγὴν,</span> <span class='ocrx_word' id='word_1_288' title='bbox 242 2379 290 2422; x_wconf 83' lang='grc' dir='ltr'>ὡς</span> <span class='ocrx_word' id='word_1_289' title='bbox 318 2378 600 2431; x_wconf 76' lang='grc' dir='ltr'>τεταριχευμένοι</span> <span class='ocrx_word' id='word_1_290' title='bbox 620 2380 679 2418; x_wconf 83' lang='grc' dir='ltr'>καὶ</span> <span class='ocrx_word' id='word_1_291' title='bbox 699 2379 990 2432; x_wconf 84' lang='grc' dir='ltr'>κατειργασμένοι</span> <span class='ocrx_word' id='word_1_292' title='bbox 1014 2378 1111 2425; x_wconf 81' lang='grc' dir='ltr'>ἐξῆλ-</span> 
     </span>
     <span class='ocr_line' id='line_1_37' title="bbox 86 2438 1108 2494; baseline 0.003 -19"><span class='ocrx_word' id='word_1_293' title='bbox 86 2441 156 2485; x_wconf 88' lang='grc' dir='ltr'>θον,</span> <span class='ocrx_word' id='word_1_294' title='bbox 169 2438 228 2475; x_wconf 79' lang='grc' dir='ltr'>καὶ</span> <span class='ocrx_word' id='word_1_295' title='bbox 244 2439 278 2475; x_wconf 84' lang='grc' dir='ltr'>ἐν</span> <span class='ocrx_word' id='word_1_296' title='bbox 297 2439 448 2491; x_wconf 84' lang='grc' dir='ltr'>τοσαύτῃ</span> <span class='ocrx_word' id='word_1_297' title='bbox 471 2440 621 2491; x_wconf 81' lang='grc' dir='ltr'>μονώσει</span> <span class='ocrx_word' id='word_1_298' title='bbox 642 2441 872 2494; x_wconf 80' lang='grc' dir='ltr'>τυγχάνοντες</span> <span class='ocrx_word' id='word_1_299' title='bbox 895 2441 955 2479; x_wconf 80' lang='grc' dir='ltr'>καὶ</span> <span class='ocrx_word' id='word_1_300' title='bbox 978 2439 1108 2493; x_wconf 79' lang='grc' dir='ltr'>ἐρημία</span> 
     </span>
     <span class='ocr_line' id='line_1_38' title="bbox 86 2498 1108 2554; baseline 0.004 -18"><span class='ocrx_word' id='word_1_301' title='bbox 86 2498 209 2551; x_wconf 70' lang='grc' dir='ltr'>ἀφάτῳ</span> <span class='ocrx_word' id='word_1_302' title='bbox 232 2503 307 2543; x_wconf 84' lang='grc' dir='ltr'>πῶς</span> <span class='ocrx_word' id='word_1_303' title='bbox 326 2502 364 2539; x_wconf 83' lang='grc' dir='ltr'>οὐ</span> <span class='ocrx_word' id='word_1_304' title='bbox 385 2501 638 2554; x_wconf 72' lang='grc' dir='ltr'>διεφθάρησαν,</span> <span class='ocrx_word' id='word_1_305' title='bbox 664 2506 739 2547; x_wconf 84' lang='grc' dir='ltr'>πῶς</span> <span class='ocrx_word' id='word_1_306' title='bbox 765 2505 826 2542; x_wconf 78' lang='grc' dir='ltr'>οὐκ</span> <span class='ocrx_word' id='word_1_307' title='bbox 847 2501 1046 2550; x_wconf 66' lang='grc' dir='ltr'>ἀπώλοντο,</span> <span class='ocrx_word' id='word_1_308' title='bbox 1063 2502 1108 2541; x_wconf 85' lang='lat' dir='ltr'>‘O</span> 
     </span>
     <span class='ocr_line' id='line_1_39' title="bbox 84 2559 1107 2616; baseline 0.005 -19"><span class='ocrx_word' id='word_1_309' title='bbox 84 2559 152 2611; x_wconf 76' lang='grc' dir='ltr'>γὰρ</span> <span class='ocrx_word' id='word_1_310' title='bbox 182 2559 302 2612; x_wconf 73' lang='grc' dir='ltr'>φόὲῗος,</span> <span class='ocrx_word' id='word_1_311' title='bbox 329 2561 406 2600; x_wconf 82' lang='grc' dir='ltr'>εἶπέ</span> <span class='ocrx_word' id='word_1_312' title='bbox 436 2578 517 2613; x_wconf 87' lang='grc' dir='ltr'>μοι,</span> <span class='ocrx_word' id='word_1_313' title='bbox 551 2562 610 2601; x_wconf 87' lang='grc' dir='ltr'>καὶ</span> <span class='ocrx_word' id='word_1_314' title='bbox 640 2567 662 2610; x_wconf 88' lang='grc' dir='ltr'>ἡ</span> <span class='ocrx_word' id='word_1_315' title='bbox 703 2564 836 2616; x_wconf 84' lang='grc' dir='ltr'>ἀγωνία</span> <span class='ocrx_word' id='word_1_316' title='bbox 862 2565 900 2602; x_wconf 82' lang='grc' dir='ltr'>οὗ</span> <span class='ocrx_word' id='word_1_317' title='bbox 929 2562 1107 2603; x_wconf 82' lang='grc' dir='ltr'>κατέσειεν</span> 
     </span>
     <span class='ocr_line' id='line_1_40' title="bbox 84 2621 1108 2678; baseline 0.006 -20"><span class='ocrx_word' id='word_1_318' title='bbox 84 2622 198 2659; x_wconf 84' lang='grc' dir='ltr'>αὐτῶν</span> <span class='ocrx_word' id='word_1_319' title='bbox 226 2621 289 2669; x_wconf 76' lang='grc' dir='ltr'>τὴν</span> <span class='ocrx_word' id='word_1_320' title='bbox 315 2622 481 2671; x_wconf 79' lang='grc' dir='ltr'>διάνοιαν,</span> <span class='ocrx_word' id='word_1_321' title='bbox 514 2640 574 2662; x_wconf 86' lang='grc' dir='ltr'>και</span> <span class='ocrx_word' id='word_1_322' title='bbox 600 2625 805 2677; x_wconf 87' lang='grc' dir='ltr'>διετάρασσε</span> <span class='ocrx_word' id='word_1_323' title='bbox 834 2625 893 2664; x_wconf 84' lang='grc' dir='ltr'>τὸν</span> <span class='ocrx_word' id='word_1_324' title='bbox 919 2625 1108 2678; x_wconf 68' lang='grc' dir='ltr'>λογισμόν,</span> 
     </span>
     <span class='ocr_line' id='line_1_41' title="bbox 84 2681 1107 2740; baseline 0.004 -18"><span class='ocrx_word' id='word_1_325' title='bbox 84 2681 146 2729; x_wconf 80' lang='grc' dir='ltr'>Μὴ</span> <span class='ocrx_word' id='word_1_326' title='bbox 165 2682 374 2735; x_wconf 79' lang='grc' dir='ltr'>ξενισθῇς,’</span> <span class='ocrx_word' id='word_1_327' title='bbox 355 2684 532 2735; x_wconf 84' lang='grc' dir='ltr'>αγαπητέ·</span> <span class='ocrx_word' id='word_1_328' title='bbox 549 2686 638 2730; x_wconf 84' lang='grc' dir='ltr'>Θεὸς</span> <span class='ocrx_word' id='word_1_329' title='bbox 652 2686 720 2739; x_wconf 78' lang='grc' dir='ltr'>γὰρ</span> <span class='ocrx_word' id='word_1_330' title='bbox 738 2691 780 2734; x_wconf 79' lang='grc' dir='ltr'>ἦν</span> <span class='ocrx_word' id='word_1_331' title='bbox 796 2690 814 2725; x_wconf 89' lang='lat'>6</span> <span class='ocrx_word' id='word_1_332' title='bbox 832 2686 947 2726; x_wconf 87' lang='grc' dir='ltr'>πάντα</span> <span class='ocrx_word' id='word_1_333' title='bbox 967 2689 1107 2740; x_wconf 82' lang='grc' dir='ltr'>ἐργαζό-</span> 
     </span>
     <span class='ocr_line' id='line_1_42' title="bbox 84 2745 1106 2800; baseline 0.005 -20"><span class='ocrx_word' id='word_1_334' title='bbox 84 2758 185 2793; x_wconf 89' lang='grc' dir='ltr'>μενος</span> <span class='ocrx_word' id='word_1_335' title='bbox 197 2773 206 2790; x_wconf 94' lang='grc'>,</span> <span class='ocrx_word' id='word_1_336' title='bbox 226 2759 284 2782; x_wconf 86' lang='grc' dir='ltr'>και</span> <span class='ocrx_word' id='word_1_337' title='bbox 299 2747 317 2782; x_wconf 98' lang='lat'>6</span> <span class='ocrx_word' id='word_1_338' title='bbox 331 2748 392 2792; x_wconf 71' lang='grc' dir='ltr'>τῆς</span> <span class='ocrx_word' id='word_1_339' title='bbox 406 2745 540 2798; x_wconf 70' lang='grc' dir='ltr'>φύσεως</span> <span class='ocrx_word' id='word_1_340' title='bbox 555 2747 762 2800; x_wconf 79' lang='grc' dir='ltr'>δημιουργὸς</span> <span class='ocrx_word' id='word_1_341' title='bbox 776 2752 818 2795; x_wconf 82' lang='grc' dir='ltr'>ἠν</span> <span class='ocrx_word' id='word_1_342' title='bbox 835 2752 853 2787; x_wconf 90' lang='lat'>6</span> <span class='ocrx_word' id='word_1_343' title='bbox 867 2747 982 2787; x_wconf 83' lang='grc' dir='ltr'>πάντα</span> <span class='ocrx_word' id='word_1_344' title='bbox 995 2764 1106 2786; x_wconf 87' lang='grc' dir='ltr'>ταυτα</span> 
     </span>
     <span class='ocr_line' id='line_1_43' title="bbox 81 2803 1107 2861; baseline 0.008 -20"><span class='ocrx_word' id='word_1_345' title='bbox 81 2803 127 2841; x_wconf 71' lang='grc' dir='ltr'>τὰ</span> <span class='ocrx_word' id='word_1_346' title='bbox 159 2803 351 2856; x_wconf 84' lang='grc' dir='ltr'>κωλύματα</span> <span class='ocrx_word' id='word_1_347' title='bbox 392 2808 556 2859; x_wconf 85' lang='grc' dir='ltr'>ἀναιρων,</span> <span class='ocrx_word' id='word_1_348' title='bbox 589 2808 648 2846; x_wconf 84' lang='grc' dir='ltr'>καὶ</span> <span class='ocrx_word' id='word_1_349' title='bbox 680 2823 720 2846; x_wconf 91' lang='grc' dir='ltr'>το</span> <span class='ocrx_word' id='word_1_350' title='bbox 751 2808 960 2861; x_wconf 85' lang='grc' dir='ltr'>πρόσταγμα</span> <span class='ocrx_word' id='word_1_351' title='bbox 1003 2812 1107 2849; x_wconf 76' lang='grc' dir='ltr'>αὐτοῦ</span> 
     </span>
     <span class='ocr_line' id='line_1_44' title="bbox 81 2866 1106 2920; baseline 0.009 -18"><span class='ocrx_word' id='word_1_352' title='bbox 81 2866 193 2903; x_wconf 84' lang='grc' dir='ltr'>ἐκεῖνο</span> <span class='ocrx_word' id='word_1_353' title='bbox 207 2866 246 2904; x_wconf 80' lang='grc' dir='ltr'>τὸ</span> <span class='ocrx_word' id='word_1_354' title='bbox 266 2866 378 2918; x_wconf 82' lang='grc' dir='ltr'>λέγον,</span> <span class='ocrx_word' id='word_1_355' title='bbox 396 2867 589 2912; x_wconf 76' lang='grc' dir='ltr'>Αὖξάνεσθε</span> <span class='ocrx_word' id='word_1_356' title='bbox 609 2869 668 2908; x_wconf 86' lang='grc' dir='ltr'>καὶ</span> <span class='ocrx_word' id='word_1_357' title='bbox 684 2870 900 2916; x_wconf 79' lang='grc' dir='ltr'>πληθύνεσθε</span> <span class='ocrx_word' id='word_1_358' title='bbox 911 2901 921 2920; x_wconf 91' lang='grc'>,</span> <span class='ocrx_word' id='word_1_359' title='bbox 941 2871 1000 2909; x_wconf 83' lang='grc' dir='ltr'>καὶ</span> <span class='ocrx_word' id='word_1_360' title='bbox 1019 2873 1106 2918; x_wconf 85' lang='grc' dir='ltr'>πλη·</span> 
     </span>
     <span class='ocr_line' id='line_1_45' title="bbox 83 2925 1104 2985; baseline 0.006 -22"><span class='ocrx_word' id='word_1_361' title='bbox 83 2925 216 2979; x_wconf 87' lang='grc' dir='ltr'>ρώσατε</span> <span class='ocrx_word' id='word_1_362' title='bbox 232 2926 296 2974; x_wconf 80' lang='grc' dir='ltr'>τὴν</span> <span class='ocrx_word' id='word_1_363' title='bbox 311 2930 389 2979; x_wconf 73' lang='grc' dir='ltr'>γῆν,</span> <span class='ocrx_word' id='word_1_364' title='bbox 412 2927 428 2948; x_wconf 64' lang='lat'>⁵</span> <span class='ocrx_word' id='word_1_365' title='bbox 441 2929 557 2973; x_wconf 75' lang='grc' dir='ltr'>αὐτοῖς</span> <span class='ocrx_word' id='word_1_366' title='bbox 572 2931 630 2968; x_wconf 83' lang='grc' dir='ltr'>καὶ</span> <span class='ocrx_word' id='word_1_367' title='bbox 647 2930 711 2978; x_wconf 80' lang='grc' dir='ltr'>τὴν</span> <span class='ocrx_word' id='word_1_368' title='bbox 728 2932 883 2971; x_wconf 82' lang='grc' dir='ltr'>ἐπίδοσιν</span> <span class='ocrx_word' id='word_1_369' title='bbox 903 2932 1104 2985; x_wconf 75' lang='grc' dir='ltr'>ἐχαρίσατο.</span> 
     </span>
     <span class='ocr_line' id='line_1_46' title="bbox 80 2987 1106 3045; baseline 0.006 -20"><span class='ocrx_word' id='word_1_370' title='bbox 80 2987 183 3026; x_wconf 83' lang='grc' dir='ltr'>Ἐπεὶ</span> <span class='ocrx_word' id='word_1_371' title='bbox 199 2987 258 3026; x_wconf 80' lang='grc' dir='ltr'>καὶ</span> <span class='ocrx_word' id='word_1_372' title='bbox 274 2990 306 3026; x_wconf 80' lang='grc' dir='ltr'>οἱ</span> <span class='ocrx_word' id='word_1_373' title='bbox 319 2988 538 3041; x_wconf 84' lang='grc' dir='ltr'>Ἰσραηλῖται</span> <span class='ocrx_word' id='word_1_374' title='bbox 559 2991 662 3037; x_wconf 88' lang='grc' dir='ltr'>ἡνίκα</span> <span class='ocrx_word' id='word_1_375' title='bbox 686 2995 734 3037; x_wconf 88' lang='grc' dir='ltr'>εἷς</span> <span class='ocrx_word' id='word_1_376' title='bbox 751 2993 927 3045; x_wconf 79' lang='grc' dir='ltr'>Αἴγυπτον</span> <span class='ocrx_word' id='word_1_377' title='bbox 944 2997 988 3045; x_wconf 81' lang='grc' dir='ltr'>τῇ</span> <span class='ocrx_word' id='word_1_378' title='bbox 1006 2996 1106 3032; x_wconf 83' lang='grc' dir='ltr'>πλιν-</span> 
     </span>
     <span class='ocr_line' id='line_1_47' title="bbox 79 3047 1107 3108; baseline 0.009 -23"><span class='ocrx_word' id='word_1_379' title='bbox 79 3047 155 3099; x_wconf 73' lang='grc' dir='ltr'>θεία</span> <span class='ocrx_word' id='word_1_380' title='bbox 183 3048 242 3087; x_wconf 82' lang='grc' dir='ltr'>καὶ</span> <span class='ocrx_word' id='word_1_381' title='bbox 273 3051 323 3101; x_wconf 81' lang='grc' dir='ltr'>τῷ</span> <span class='ocrx_word' id='word_1_382' title='bbox 353 3051 456 3103; x_wconf 84' lang='grc' dir='ltr'>πηλῷ</span> <span class='ocrx_word' id='word_1_383' title='bbox 493 3053 808 3106; x_wconf 82' lang='grc' dir='ltr'>κατειργάσθησαν,</span> <span class='ocrx_word' id='word_1_384' title='bbox 841 3055 952 3107; x_wconf 85' lang='grc' dir='ltr'>ταύτῃ</span> <span class='ocrx_word' id='word_1_385' title='bbox 987 3057 1107 3108; x_wconf 81' lang='grc' dir='ltr'>πολλῷ</span> 
     </span>
     <span class='ocr_line' id='line_1_48' title="bbox 81 3111 1108 3164; baseline 0.009 -17.248"><span class='ocrx_word' id='word_1_386' title='bbox 81 3111 211 3159; x_wconf 77' lang='grc' dir='ltr'>μᾶλλον</span> <span class='ocrx_word' id='word_1_387' title='bbox 241 3112 289 3154; x_wconf 89' lang='grc' dir='ltr'>εἷς</span> <span class='ocrx_word' id='word_1_388' title='bbox 319 3113 450 3159; x_wconf 74' lang='grc' dir='ltr'>πλῆθος</span> <span class='ocrx_word' id='word_1_389' title='bbox 482 3114 673 3163; x_wconf 82' lang='grc' dir='ltr'>ἐπέδωκαν,</span> <span class='ocrx_word' id='word_1_390' title='bbox 698 3132 759 3155; x_wconf 77' lang='grc' dir='ltr'>και</span> <span class='ocrx_word' id='word_1_391' title='bbox 791 3116 870 3155; x_wconf 79' lang='grc' dir='ltr'>οὔτε</span> <span class='ocrx_word' id='word_1_392' title='bbox 889 3133 930 3155; x_wconf 87' lang='grc' dir='ltr'>το</span> <span class='ocrx_word' id='word_1_393' title='bbox 964 3116 1108 3164; x_wconf 78' lang='grc' dir='ltr'>ἀνηλέες</span> 
     </span>
     <span class='ocr_line' id='line_1_49' title="bbox 80 3171 1107 3249; baseline 0.01 -42"><span class='ocrx_word' id='word_1_394' title='bbox 80 3171 191 3209; x_wconf 82' lang='grc' dir='ltr'>ἐκεῖνο</span> <span class='ocrx_word' id='word_1_395' title='bbox 209 3172 268 3210; x_wconf 89' lang='grc' dir='ltr'>και</span> <span class='ocrx_word' id='word_1_396' title='bbox 288 3173 385 3223; x_wconf 82' lang='grc' dir='ltr'>ὠμὸν</span> <span class='ocrx_word' id='word_1_397' title='bbox 400 3174 578 3249; x_wconf 80' lang='grc' dir='ltr'>ἐπίταγμα</span> <span class='ocrx_word' id='word_1_398' title='bbox 594 3182 654 3216; x_wconf 79' lang='grc' dir='ltr'>τοῦ</span> <span class='ocrx_word' id='word_1_399' title='bbox 673 3179 830 3231; x_wconf 78' lang='grc' dir='ltr'>Φαραῶ,</span> <span class='ocrx_word' id='word_1_400' title='bbox 849 3180 890 3218; x_wconf 82' lang='grc' dir='ltr'>τὸ</span> <span class='ocrx_word' id='word_1_401' title='bbox 903 3181 1044 3218; x_wconf 92' lang='grc' dir='ltr'>κελευον</span> <span class='ocrx_word' id='word_1_402' title='bbox 1063 3179 1107 3217; x_wconf 74' lang='grc' dir='ltr'>τὰ</span> 
     </span>
     <span class='ocr_line' id='line_1_50' title="bbox 82 3230 1105 3292; baseline 0.01 -24"><span class='ocrx_word' id='word_1_403' title='bbox 82 3230 208 3283; x_wconf 76' lang='grc' dir='ltr'>ἄῤῥενα</span> <span class='ocrx_word' id='word_1_404' title='bbox 227 3235 274 3277; x_wconf 87' lang='grc' dir='ltr'>εἷς</span> <span class='ocrx_word' id='word_1_405' title='bbox 286 3233 344 3271; x_wconf 79' lang='grc' dir='ltr'>τὸν</span> <span class='ocrx_word' id='word_1_406' title='bbox 365 3236 523 3287; x_wconf 82' lang='grc' dir='ltr'>ποταμὸν</span> <span class='ocrx_word' id='word_1_407' title='bbox 544 3238 751 3292; x_wconf 80' lang='grc' dir='ltr'>ῥίπτεσθαι,</span> <span class='ocrx_word' id='word_1_408' title='bbox 772 3240 850 3279; x_wconf 77' lang='grc' dir='ltr'>οὐδε</span> <span class='ocrx_word' id='word_1_409' title='bbox 868 3256 890 3287; x_wconf 86' lang='grc' dir='ltr'>η</span> <span class='ocrx_word' id='word_1_410' title='bbox 906 3240 1011 3287; x_wconf 76' lang='grc' dir='ltr'>λοιπὴ</span> <span class='ocrx_word' id='word_1_411' title='bbox 1039 3257 1105 3280; x_wconf 82' lang='grc' dir='ltr'>κα-</span> 
     </span>
     <span class='ocr_line' id='line_1_51' title="bbox 81 3292 1107 3353; baseline 0.012 -25"><span class='ocrx_word' id='word_1_412' title='bbox 81 3292 224 3344; x_wconf 79' lang='grc' dir='ltr'>κουχία,</span> <span class='ocrx_word' id='word_1_413' title='bbox 245 3294 322 3341; x_wconf 68' lang='grc' dir='ltr'>ἦν’</span> <span class='ocrx_word' id='word_1_414' title='bbox 309 3295 376 3334; x_wconf 78' lang='grc' dir='ltr'>υπὸ</span> <span class='ocrx_word' id='word_1_415' title='bbox 393 3300 462 3335; x_wconf 82' lang='grc' dir='ltr'>τῶν</span> <span class='ocrx_word' id='word_1_416' title='bbox 489 3300 525 3350; x_wconf 82' lang='grc' dir='ltr'>ἐρ</span> <span class='ocrx_word' id='word_1_417' title='bbox 527 3300 726 3348; x_wconf 74' lang='grc' dir='ltr'>γοδιωκτῶν</span> <span class='ocrx_word' id='word_1_418' title='bbox 752 3301 937 3352; x_wconf 74' lang='grc' dir='ltr'>ὑπέμενον,</span> <span class='ocrx_word' id='word_1_419' title='bbox 963 3302 1085 3353; x_wconf 73' lang='grc' dir='ltr'>ἴσχυσε</span> <span class='ocrx_word' id='word_1_420' title='bbox 1072 3319 1107 3339; x_wconf 77' lang='grc' dir='ltr'>εν</span> 
     </span>
    </p>
   </div>
   <div class='ocr_carea' id='block_1_5' title="bbox 126 3399 677 3484">
    <p class='ocr_par' dir='ltr' id='par_1_5' title="bbox 126 3399 677 3484">
     <span class='ocr_line' id='line_1_52' title="bbox 126 3399 677 3448; baseline 0.018 -18"><span class='ocrx_word' id='word_1_421' title='bbox 126 3408 138 3424; x_wconf 80' lang='lat'><strong><em>³</em></strong></span> <span class='ocrx_word' id='word_1_422' title='bbox 163 3399 222 3433; x_wconf 73' lang='lat' dir='ltr'>Alii</span> <span class='ocrx_word' id='word_1_423' title='bbox 242 3405 339 3439; x_wconf 64' lang='grc' dir='ltr'>πόλεις</span> <span class='ocrx_word' id='word_1_424' title='bbox 357 3407 428 3440; x_wconf 67' lang='grc' dir='ltr'>ἥπαυ</span> <span class='ocrx_word' id='word_1_425' title='bbox 443 3406 677 3448; x_wconf 61' lang='grc' dir='ltr'>διανειμὸμευοι.</span> 
     </span>
     <span class='ocr_line' id='line_1_53' title="bbox 300 3460 482 3484; baseline 0.005 -1"><span class='ocrx_word' id='word_1_426' title='bbox 300 3460 395 3483; x_wconf 63' lang='lat' dir='ltr'>TUM.</span> <span class='ocrx_word' id='word_1_427' title='bbox 430 3462 482 3484; x_wconf 69' lang='grc' dir='ltr'>ΙΥ.</span> 
     </span>
    </p>
   </div>
   <div class='ocr_carea' id='block_1_6' title="bbox 905 215 1348 248">
    <p class='ocr_par' dir='ltr' id='par_1_6' title="bbox 905 215 1348 248">
     <span class='ocr_line' id='line_1_54' title="bbox 905 215 1348 248; baseline -0.007 0"><span class='ocrx_word' id='word_1_428' title='bbox 905 217 962 248; x_wconf 81' lang='lat' dir='ltr'>lx.</span> <span class='ocrx_word' id='word_1_429' title='bbox 1000 216 1155 246; x_wconf 79' lang='lat' dir='ltr'>GENES.</span> <span class='ocrx_word' id='word_1_430' title='bbox 1194 215 1348 246; x_wconf 68' lang='lat' dir='ltr'>nonu..</span> 
     </span>
    </p>
   </div>
   <div class='ocr_carea' id='block_1_7' title="bbox 2050 205 2074 218">
    <p class='ocr_par' dir='ltr' id='par_1_7' title="bbox 2050 205 2074 218">
     <span class='ocr_line' id='line_1_55' title="bbox 2050 205 2074 218; baseline 0 0"><span class='ocrx_word' id='word_1_431' title='bbox 2050 205 2074 218; x_wconf 64' lang='grc' dir='ltr'><em>Π</em></span> 
     </span>
    </p>
   </div>
   <div class='ocr_carea' id='block_1_8' title="bbox 1389 216 2132 250">
    <p class='ocr_par' dir='ltr' id='par_1_8' title="bbox 1389 216 2132 250">
     <span class='ocr_line' id='line_1_56' title="bbox 1389 216 2132 250; baseline 0.004 -4"><span class='ocrx_word' id='word_1_432' title='bbox 1389 216 1549 246; x_wconf 64' lang='grc' dir='ltr'><strong>ΧΧΥΙΙΙ.</strong></span> <span class='ocrx_word' id='word_1_433' title='bbox 2051 218 2132 250; x_wconf 73' lang='lat'>021</span> 
     </span>
    </p>
   </div>
   <div class='ocr_carea' id='block_1_9' title="bbox 1140 298 2145 2798">
    <p class='ocr_par' dir='ltr' id='par_1_9' title="bbox 1184 298 2141 900">
     <span class='ocr_line' id='line_1_57' title="bbox 1187 298 2139 352; baseline 0.006 -18"><span class='ocrx_word' id='word_1_434' title='bbox 1187 298 1383 351; x_wconf 87' lang='lat' dir='ltr'>perantiam</span> <span class='ocrx_word' id='word_1_435' title='bbox 1402 314 1409 335; x_wconf 93' lang='lat'>:</span> <span class='ocrx_word' id='word_1_436' title='bbox 1431 307 1470 337; x_wconf 87' lang='lat' dir='ltr'>ut</span> <span class='ocrx_word' id='word_1_437' title='bbox 1491 311 1574 337; x_wconf 90' lang='lat' dir='ltr'>cum</span> <span class='ocrx_word' id='word_1_438' title='bbox 1591 306 1712 351; x_wconf 84' lang='lat' dir='ltr'>postea</span> <span class='ocrx_word' id='word_1_439' title='bbox 1734 298 1867 337; x_wconf 83' lang='lat' dir='ltr'>videris</span> <span class='ocrx_word' id='word_1_440' title='bbox 1890 299 1994 337; x_wconf 86' lang='lat' dir='ltr'>illum</span> <span class='ocrx_word' id='word_1_441' title='bbox 2013 314 2139 352; x_wconf 75' lang='lat' dir='ltr'>magna</span> 
     </span>
     <span class='ocr_line' id='line_1_58' title="bbox 1184 359 2140 413; baseline 0.001 -15"><span class='ocrx_word' id='word_1_442' title='bbox 1184 360 1316 413; x_wconf 77' lang='lat' dir='ltr'>ingrati</span> <span class='ocrx_word' id='word_1_443' title='bbox 1334 374 1417 412; x_wconf 82' lang='lat' dir='ltr'>erga</span> <span class='ocrx_word' id='word_1_444' title='bbox 1438 368 1574 413; x_wconf 85' lang='lat' dir='ltr'>patrem</span> <span class='ocrx_word' id='word_1_445' title='bbox 1593 359 1704 398; x_wconf 88' lang='lat' dir='ltr'>animi</span> <span class='ocrx_word' id='word_1_446' title='bbox 1723 360 1824 411; x_wconf 78' lang='lat' dir='ltr'>signa</span> <span class='ocrx_word' id='word_1_447' title='bbox 1844 359 1942 409; x_wconf 74' lang='lat' dir='ltr'>dam,</span> <span class='ocrx_word' id='word_1_448' title='bbox 1958 360 2047 399; x_wconf 71' lang='lat' dir='ltr'>scire</span> <span class='ocrx_word' id='word_1_449' title='bbox 2060 377 2140 413; x_wconf 84' lang='lat' dir='ltr'>pos-</span> 
     </span>
     <span class='ocr_line' id='line_1_59' title="bbox 1184 420 2140 474; baseline 0 -14"><span class='ocrx_word' id='word_1_450' title='bbox 1184 421 1245 470; x_wconf 84' lang='lat' dir='ltr'>sis,</span> <span class='ocrx_word' id='word_1_451' title='bbox 1264 422 1382 474; x_wconf 87' lang='lat' dir='ltr'>ipsum</span> <span class='ocrx_word' id='word_1_452' title='bbox 1404 422 1480 474; x_wconf 88' lang='lat' dir='ltr'>jam</span> <span class='ocrx_word' id='word_1_453' title='bbox 1502 421 1588 460; x_wconf 87' lang='lat' dir='ltr'>olim</span> <span class='ocrx_word' id='word_1_454' title='bbox 1609 421 1714 460; x_wconf 88' lang='lat' dir='ltr'>talem</span> <span class='ocrx_word' id='word_1_455' title='bbox 1734 420 1856 469; x_wconf 82' lang='lat' dir='ltr'>fuisse,</span> <span class='ocrx_word' id='word_1_456' title='bbox 1881 430 2003 474; x_wconf 77' lang='lat' dir='ltr'><strong>utpote</strong></span> <span class='ocrx_word' id='word_1_457' title='bbox 2027 435 2140 473; x_wconf 81' lang='lat' dir='ltr'>neque</span> 
     </span>
     <span class='ocr_line' id='line_1_60' title="bbox 1184 481 2141 523; baseline 0.001 -3"><span class='ocrx_word' id='word_1_458' title='bbox 1184 497 1202 520; x_wconf 90' lang='lat' dir='ltr'>a</span> <span class='ocrx_word' id='word_1_459' title='bbox 1231 492 1325 520; x_wconf 85' lang='lat' dir='ltr'>tanta</span> <span class='ocrx_word' id='word_1_460' title='bbox 1356 482 1555 521; x_wconf 84' lang='lat' dir='ltr'>calamitate</span> <span class='ocrx_word' id='word_1_461' title='bbox 1581 481 1820 521; x_wconf 77' lang='lat' dir='ltr'>emendatum.</span> <span class='ocrx_word' id='word_1_462' title='bbox 1850 483 2022 523; x_wconf 82' lang='lat' dir='ltr'>sufficere</span> <span class='ocrx_word' id='word_1_463' title='bbox 2045 483 2141 521; x_wconf 89' lang='lat' dir='ltr'>enim</span> 
     </span>
     <span class='ocr_line' id='line_1_61' title="bbox 1185 542 2140 594; baseline 0 -13"><span class='ocrx_word' id='word_1_464' title='bbox 1185 542 1338 582; x_wconf 88' lang='lat' dir='ltr'>debebat</span> <span class='ocrx_word' id='word_1_465' title='bbox 1352 543 1398 582; x_wconf 89' lang='lat' dir='ltr'>ad</span> <span class='ocrx_word' id='word_1_466' title='bbox 1410 542 1706 594; x_wconf 75' lang='lat' dir='ltr'>exstinguendam</span> <span class='ocrx_word' id='word_1_467' title='bbox 1722 543 1911 582; x_wconf 82' lang='lat' dir='ltr'>libidinem</span> <span class='ocrx_word' id='word_1_468' title='bbox 1925 552 2043 581; x_wconf 88' lang='lat' dir='ltr'>tantus</span> <span class='ocrx_word' id='word_1_469' title='bbox 2056 557 2140 581; x_wconf 83' lang='lat' dir='ltr'>moe-</span> 
     </span>
     <span class='ocr_line' id='line_1_62' title="bbox 1185 604 2139 656; baseline 0 -14"><span class='ocrx_word' id='word_1_470' title='bbox 1185 619 1274 655; x_wconf 78' lang='lat' dir='ltr'>roi-3</span> <span class='ocrx_word' id='word_1_471' title='bbox 1303 605 1464 656; x_wconf 82' lang='lat' dir='ltr'>nihilque</span> <span class='ocrx_word' id='word_1_472' title='bbox 1495 604 1677 643; x_wconf 86' lang='lat' dir='ltr'>ssanunam</span> <span class='ocrx_word' id='word_1_473' title='bbox 1704 614 1738 644; x_wconf 90' lang='lat' dir='ltr'>ct</span> <span class='ocrx_word' id='word_1_474' title='bbox 1770 605 1946 644; x_wconf 87' lang='lat' dir='ltr'>insaniam</span> <span class='ocrx_word' id='word_1_475' title='bbox 1970 604 2063 644; x_wconf 86' lang='lat' dir='ltr'>banc</span> <span class='ocrx_word' id='word_1_476' title='bbox 2093 605 2139 643; x_wconf 85' lang='lat' dir='ltr'>ita</span> 
     </span>
     <span class='ocr_line' id='line_1_63' title="bbox 1184 666 2141 718; baseline 0.001 -15"><span class='ocrx_word' id='word_1_477' title='bbox 1184 666 1420 718; x_wconf 74' lang='lat' dir='ltr'>comprimere</span> <span class='ocrx_word' id='word_1_478' title='bbox 1443 675 1568 718; x_wconf 85' lang='lat' dir='ltr'>potest,</span> <span class='ocrx_word' id='word_1_479' title='bbox 1602 676 1640 704; x_wconf 93' lang='lat' dir='ltr'>ut</span> <span class='ocrx_word' id='word_1_480' title='bbox 1671 667 1823 705; x_wconf 70' lang='lat' dir='ltr'>tristitia:</span> <span class='ocrx_word' id='word_1_481' title='bbox 1848 667 2086 716; x_wconf 80' lang='lat' dir='ltr'>vehementia,</span> <span class='ocrx_word' id='word_1_482' title='bbox 2107 677 2141 705; x_wconf 88' lang='lat' dir='ltr'>et</span> 
     </span>
     <span class='ocr_line' id='line_1_64' title="bbox 1184 725 2140 779; baseline 0.003 -16"><span class='ocrx_word' id='word_1_483' title='bbox 1184 725 1397 764; x_wconf 76' lang='lat' dir='ltr'>calamitatis</span> <span class='ocrx_word' id='word_1_484' title='bbox 1416 726 1639 778; x_wconf 79' lang='lat' dir='ltr'>magnitudo.</span> <span class='ocrx_word' id='word_1_485' title='bbox 1660 727 1776 779; x_wconf 82' lang='lat' dir='ltr'>Igitur</span> <span class='ocrx_word' id='word_1_486' title='bbox 1796 728 1856 778; x_wconf 90' lang='lat' dir='ltr'>qui</span> <span class='ocrx_word' id='word_1_487' title='bbox 1880 731 1915 766; x_wconf 90' lang='lat' dir='ltr'>in</span> <span class='ocrx_word' id='word_1_488' title='bbox 1939 737 2037 766; x_wconf 82' lang='lat' dir='ltr'>tanta</span> <span class='ocrx_word' id='word_1_489' title='bbox 2063 743 2140 766; x_wconf 84' lang='lat' dir='ltr'>ma-</span> 
     </span>
     <span class='ocr_line' id='line_1_65' title="bbox 1184 786 2141 840; baseline 0.002 -16"><span class='ocrx_word' id='word_1_490' title='bbox 1184 786 1302 824; x_wconf 89' lang='lat' dir='ltr'>lorum</span> <span class='ocrx_word' id='word_1_491' title='bbox 1322 787 1356 824; x_wconf 91' lang='lat' dir='ltr'>vi</span> <span class='ocrx_word' id='word_1_492' title='bbox 1381 796 1486 825; x_wconf 75' lang='lat' dir='ltr'>tantm</span> <span class='ocrx_word' id='word_1_493' title='bbox 1504 787 1615 825; x_wconf 87' lang='lat' dir='ltr'>rabiei</span> <span class='ocrx_word' id='word_1_494' title='bbox 1635 797 1669 825; x_wconf 93' lang='lat' dir='ltr'>et</span> <span class='ocrx_word' id='word_1_495' title='bbox 1687 788 1831 826; x_wconf 76' lang='lat' dir='ltr'>insaniae</span> <span class='ocrx_word' id='word_1_496' title='bbox 1854 789 1890 825; x_wconf 94' lang='lat' dir='ltr'>in</span> <span class='ocrx_word' id='word_1_497' title='bbox 1914 789 2141 840; x_wconf 84' lang='lat' dir='ltr'>procreandis</span> 
     </span>
     <span class='ocr_line' id='line_1_66' title="bbox 1184 847 2139 900; baseline 0.004 -15"><span class='ocrx_word' id='word_1_498' title='bbox 1184 847 1307 886; x_wconf 90' lang='lat' dir='ltr'>liberis</span> <span class='ocrx_word' id='word_1_499' title='bbox 1328 848 1412 898; x_wconf 85' lang='lat' dir='ltr'>suit,</span> <span class='ocrx_word' id='word_1_500' title='bbox 1428 863 1499 899; x_wconf 86' lang='lat' dir='ltr'>qua</span> <span class='ocrx_word' id='word_1_501' title='bbox 1519 848 1623 886; x_wconf 84' lang='lat' dir='ltr'>venia</span> <span class='ocrx_word' id='word_1_502' title='bbox 1644 848 1923 900; x_wconf 73' lang='lat' dir='ltr'>dignussuerit?</span> <span class='ocrx_word' id='word_1_503' title='bbox 1940 852 1985 887; x_wconf 50' lang='lat' dir='ltr'>&amp;t</span> <span class='ocrx_word' id='word_1_504' title='bbox 2002 850 2061 888; x_wconf 83' lang='lat' dir='ltr'>hic</span> <span class='ocrx_word' id='word_1_505' title='bbox 2079 865 2139 889; x_wconf 90' lang='lat' dir='ltr'>no·</span> 
     </span>
    </p>

    <p class='ocr_par' dir='ltr' id='par_1_10' title="bbox 1184 908 2140 1022">
     <span class='ocr_line' id='line_1_67' title="bbox 1184 908 2140 962; baseline 0.003 -16"><span class='ocrx_word' id='word_1_506' title='bbox 1184 908 1240 947; x_wconf 90' lang='lat' dir='ltr'>bis</span> <span class='ocrx_word' id='word_1_507' title='bbox 1263 909 1333 947; x_wconf 88' lang='lat' dir='ltr'>alia</span> <span class='ocrx_word' id='word_1_508' title='bbox 1356 909 1506 960; x_wconf 83' lang='lat' dir='ltr'>quaestio</span> <span class='ocrx_word' id='word_1_509' title='bbox 1525 909 1684 947; x_wconf 78' lang='lat' dir='ltr'>nascitul</span> <span class='ocrx_word' id='word_1_510' title='bbox 1699 939 1710 959; x_wconf 91' lang='lat'>,</span> <span class='ocrx_word' id='word_1_511' title='bbox 1734 908 1884 947; x_wconf 77' lang='lat' dir='ltr'>celebris</span> <span class='ocrx_word' id='word_1_512' title='bbox 1911 909 1989 960; x_wconf 88' lang='lat' dir='ltr'>illa,</span> <span class='ocrx_word' id='word_1_513' title='bbox 2009 919 2042 948; x_wconf 87' lang='lat' dir='ltr'>et</span> <span class='ocrx_word' id='word_1_514' title='bbox 2063 926 2140 962; x_wconf 79' lang='lat' dir='ltr'>quae</span> 
     </span>
     <span class='ocr_line' id='line_1_68' title="bbox 1185 969 2139 1022; baseline 0.002 -15"><span class='ocrx_word' id='word_1_515' title='bbox 1185 969 1317 1021; x_wconf 89' lang='lat' dir='ltr'>ubique</span> <span class='ocrx_word' id='word_1_516' title='bbox 1336 970 1615 1009; x_wconf 73' lang='lat' dir='ltr'>circumfertur:</span> <span class='ocrx_word' id='word_1_517' title='bbox 1632 971 1752 1018; x_wconf 84' lang='lat' dir='ltr'>Quare</span> <span class='ocrx_word' id='word_1_518' title='bbox 1771 978 1873 1022; x_wconf 85' lang='lat' dir='ltr'>patre</span> <span class='ocrx_word' id='word_1_519' title='bbox 1891 972 2139 1022; x_wconf 82' lang='lat' dir='ltr'>peccantc,s1-</span> 
     </span>
    </p>

    <p class='ocr_par' dir='ltr' id='par_1_11' title="bbox 1140 1030 2145 2798">
     <span class='ocr_line' id='line_1_69' title="bbox 1184 1030 2142 1084; baseline 0.003 -16"><span class='ocrx_word' id='word_1_520' title='bbox 1184 1030 1254 1069; x_wconf 87' lang='lat' dir='ltr'>lius</span> <span class='ocrx_word' id='word_1_521' title='bbox 1274 1030 1504 1069; x_wconf 88' lang='lat' dir='ltr'>maledictum</span> <span class='ocrx_word' id='word_1_522' title='bbox 1522 1031 1682 1084; x_wconf 77' lang='lat' dir='ltr'>accipit?</span> <span class='ocrx_word' id='word_1_523' title='bbox 1702 1030 1775 1071; x_wconf 87' lang='lat' dir='ltr'>Sed</span> <span class='ocrx_word' id='word_1_524' title='bbox 1790 1044 1833 1069; x_wconf 91' lang='lat' dir='ltr'>ne</span> <span class='ocrx_word' id='word_1_525' title='bbox 1848 1030 1995 1083; x_wconf 82' lang='lat' dir='ltr'>longum</span> <span class='ocrx_word' id='word_1_526' title='bbox 2011 1046 2142 1070; x_wconf 87' lang='lat' dir='ltr'>sermo-</span> 
     </span>
     <span class='ocr_line' id='line_1_70' title="bbox 1184 1091 2142 1146; baseline 0.002 -16"><span class='ocrx_word' id='word_1_527' title='bbox 1184 1106 1264 1130; x_wconf 86' lang='lat' dir='ltr'>nem</span> <span class='ocrx_word' id='word_1_528' title='bbox 1278 1106 1372 1131; x_wconf 92' lang='lat' dir='ltr'>nunc</span> <span class='ocrx_word' id='word_1_529' title='bbox 1387 1093 1604 1140; x_wconf 84' lang='lat' dir='ltr'>faciamus,</span> <span class='ocrx_word' id='word_1_530' title='bbox 1595 1107 1630 1131; x_wconf 78' lang='lat' dir='ltr'>in</span> <span class='ocrx_word' id='word_1_531' title='bbox 1645 1091 1745 1131; x_wconf 89' lang='lat' dir='ltr'>aliud</span> <span class='ocrx_word' id='word_1_532' title='bbox 1761 1101 1902 1145; x_wconf 88' lang='lat' dir='ltr'>tempus</span> <span class='ocrx_word' id='word_1_533' title='bbox 1916 1092 2017 1131; x_wconf 87' lang='lat' dir='ltr'>illam</span> <span class='ocrx_word' id='word_1_534' title='bbox 2037 1108 2142 1146; x_wconf 77' lang='lat' dir='ltr'>lepo—</span> 
     </span>
     <span class='ocr_line' id='line_1_71' title="bbox 1183 1152 2142 1204; baseline 0 -14"><span class='ocrx_word' id='word_1_535' title='bbox 1183 1166 1323 1200; x_wconf 88' lang='lat' dir='ltr'>nemus,</span> <span class='ocrx_word' id='word_1_536' title='bbox 1355 1162 1395 1191; x_wconf 91' lang='lat' dir='ltr'>ut</span> <span class='ocrx_word' id='word_1_537' title='bbox 1420 1167 1502 1191; x_wconf 91' lang='lat' dir='ltr'>cum</span> <span class='ocrx_word' id='word_1_538' title='bbox 1529 1152 1578 1191; x_wconf 80' lang='lat' dir='ltr'>ad</span> <span class='ocrx_word' id='word_1_539' title='bbox 1607 1167 1689 1192; x_wconf 89' lang='lat' dir='ltr'>eum</span> <span class='ocrx_word' id='word_1_540' title='bbox 1711 1152 1831 1191; x_wconf 88' lang='lat' dir='ltr'>locum</span> <span class='ocrx_word' id='word_1_541' title='bbox 1861 1153 2142 1204; x_wconf 75' lang='lat' dir='ltr'>pervenerimus,</span> 
     </span>
     <span class='ocr_line' id='line_1_72' title="bbox 1183 1213 2142 1265; baseline 0.001 -14"><span class='ocrx_word' id='word_1_542' title='bbox 1183 1223 1269 1252; x_wconf 91' lang='lat' dir='ltr'>tunc</span> <span class='ocrx_word' id='word_1_543' title='bbox 1288 1223 1322 1252; x_wconf 90' lang='lat' dir='ltr'>et</span> <span class='ocrx_word' id='word_1_544' title='bbox 1337 1214 1550 1253; x_wconf 88' lang='lat' dir='ltr'>solutionem</span> <span class='ocrx_word' id='word_1_545' title='bbox 1572 1215 1775 1261; x_wconf 83' lang='lat' dir='ltr'>asseramus,</span> <span class='ocrx_word' id='word_1_546' title='bbox 1793 1227 1902 1265; x_wconf 89' lang='lat' dir='ltr'>quam</span> <span class='ocrx_word' id='word_1_547' title='bbox 1922 1215 2018 1252; x_wconf 84' lang='lat' dir='ltr'>Deus</span> <span class='ocrx_word' id='word_1_548' title='bbox 2032 1213 2142 1252; x_wconf 86' lang='lat' dir='ltr'>dona-</span> 
     </span>
     <span class='ocr_line' id='line_1_73' title="bbox 1185 1273 2141 1327; baseline 0 -15"><span class='ocrx_word' id='word_1_549' title='bbox 1185 1273 1287 1313; x_wconf 85' lang='lat' dir='ltr'>verit.</span> <span class='ocrx_word' id='word_1_550' title='bbox 1307 1274 1410 1313; x_wconf 87' lang='lat' dir='ltr'>Nibil</span> <span class='ocrx_word' id='word_1_551' title='bbox 1429 1275 1524 1313; x_wconf 88' lang='lat' dir='ltr'>enim</span> <span class='ocrx_word' id='word_1_552' title='bbox 1545 1275 1581 1313; x_wconf 93' lang='lat' dir='ltr'>in</span> <span class='ocrx_word' id='word_1_553' title='bbox 1600 1289 1700 1314; x_wconf 81' lang='lat' dir='ltr'>sacra</span> <span class='ocrx_word' id='word_1_554' title='bbox 1717 1274 1920 1327; x_wconf 85' lang='lat' dir='ltr'>Scriptura,</span> <span class='ocrx_word' id='word_1_555' title='bbox 1940 1275 2033 1312; x_wconf 91' lang='lat' dir='ltr'>sicut</span> <span class='ocrx_word' id='word_1_556' title='bbox 2046 1274 2141 1324; x_wconf 78' lang='lat' dir='ltr'>dixi,</span> 
     </span>
     <span class='ocr_line' id='line_1_74' title="bbox 1185 1334 2144 1388; baseline 0.001 -15"><span class='ocrx_word' id='word_1_557' title='bbox 1185 1334 1346 1374; x_wconf 84' lang='lat' dir='ltr'>invenire</span> <span class='ocrx_word' id='word_1_558' title='bbox 1374 1335 1471 1386; x_wconf 85' lang='lat' dir='ltr'>licet,</span> <span class='ocrx_word' id='word_1_559' title='bbox 1501 1335 1598 1388; x_wconf 91' lang='lat' dir='ltr'>quod</span> <span class='ocrx_word' id='word_1_560' title='bbox 1622 1336 1759 1386; x_wconf 84' lang='lat' dir='ltr'>absque</span> <span class='ocrx_word' id='word_1_561' title='bbox 1783 1334 1919 1373; x_wconf 88' lang='lat' dir='ltr'>ratione</span> <span class='ocrx_word' id='word_1_562' title='bbox 1949 1335 2069 1386; x_wconf 85' lang='lat' dir='ltr'>aliqua</span> <span class='ocrx_word' id='word_1_563' title='bbox 2099 1336 2144 1374; x_wconf 90' lang='lat' dir='ltr'>sit</span> 
     </span>
     <span class='ocr_line' id='line_1_75' title="bbox 1185 1396 2145 1449; baseline -0.001 -15"><span class='ocrx_word' id='word_1_564' title='bbox 1185 1396 1372 1449; x_wconf 86' lang='lat' dir='ltr'>scriptum.</span> <span class='ocrx_word' id='word_1_565' title='bbox 1384 1396 1462 1435; x_wconf 89' lang='lat' dir='ltr'>Hoc</span> <span class='ocrx_word' id='word_1_566' title='bbox 1473 1397 1585 1449; x_wconf 86' lang='lat' dir='ltr'>igitur</span> <span class='ocrx_word' id='word_1_567' title='bbox 1600 1396 1744 1435; x_wconf 82' lang='lat' dir='ltr'>interim</span> <span class='ocrx_word' id='word_1_568' title='bbox 1760 1396 1992 1448; x_wconf 72' lang='lat' dir='ltr'>exploratum</span> <span class='ocrx_word' id='word_1_569' title='bbox 2007 1405 2073 1445; x_wconf 89' lang='lat' dir='ltr'>est,</span> <span class='ocrx_word' id='word_1_570' title='bbox 2083 1410 2145 1433; x_wconf 93' lang='lat' dir='ltr'>no-</span> 
     </span>
     <span class='ocr_line' id='line_1_76' title="bbox 1184 1456 2144 1509; baseline 0.001 -15"><span class='ocrx_word' id='word_1_571' title='bbox 1184 1470 1266 1495; x_wconf 86' lang='lat' dir='ltr'>men</span> <span class='ocrx_word' id='word_1_572' title='bbox 1288 1456 1356 1495; x_wconf 82' lang='lat' dir='ltr'>filii</span> <span class='ocrx_word' id='word_1_573' title='bbox 1377 1471 1447 1496; x_wconf 91' lang='lat' dir='ltr'>non</span> <span class='ocrx_word' id='word_1_574' title='bbox 1468 1458 1605 1509; x_wconf 81' lang='lat' dir='ltr'>absque</span> <span class='ocrx_word' id='word_1_575' title='bbox 1624 1471 1730 1496; x_wconf 83' lang='lat' dir='ltr'>causa</span> <span class='ocrx_word' id='word_1_576' title='bbox 1751 1456 1861 1495; x_wconf 88' lang='lat' dir='ltr'>fuisse</span> <span class='ocrx_word' id='word_1_577' title='bbox 1880 1471 1900 1494; x_wconf 92' lang='lat' dir='ltr'>a</span> <span class='ocrx_word' id='word_1_578' title='bbox 1922 1458 2022 1495; x_wconf 88' lang='lat' dir='ltr'>Mose</span> <span class='ocrx_word' id='word_1_579' title='bbox 2042 1471 2144 1495; x_wconf 89' lang='lat' dir='ltr'>com—</span> 
     </span>
     <span class='ocr_line' id='line_1_77' title="bbox 1184 1518 2144 1570; baseline 0 -14"><span class='ocrx_word' id='word_1_580' title='bbox 1184 1528 1438 1569; x_wconf 87' lang='lat' dir='ltr'>memoratum,</span> <span class='ocrx_word' id='word_1_581' title='bbox 1455 1533 1538 1557; x_wconf 88' lang='lat' dir='ltr'>cum</span> <span class='ocrx_word' id='word_1_582' title='bbox 1555 1518 1671 1557; x_wconf 77' lang='lat' dir='ltr'>dixit:</span> <span class='ocrx_word' id='word_1_583' title='bbox 1690 1519 1817 1557; x_wconf 78' lang='lat' dir='ltr'>Cham</span> <span class='ocrx_word' id='word_1_584' title='bbox 1835 1527 1966 1556; x_wconf 81' lang='lat' dir='ltr'>autem</span> <span class='ocrx_word' id='word_1_585' title='bbox 1979 1527 2063 1556; x_wconf 81' lang='lat' dir='ltr'>erat</span> <span class='ocrx_word' id='word_1_586' title='bbox 2073 1533 2144 1570; x_wconf 82' lang='lat' dir='ltr'>pa-</span> 
     </span>
     <span class='ocr_line' id='line_1_78' title="bbox 1184 1581 2144 1634; baseline 0.001 -16"><span class='ocrx_word' id='word_1_587' title='bbox 1184 1588 1244 1618; x_wconf 82' lang='lat' dir='ltr'>ter</span> <span class='ocrx_word' id='word_1_588' title='bbox 1265 1581 1473 1620; x_wconf 81' lang='lat' dir='ltr'>Chanaan.</span> <span class='ocrx_word' id='word_1_589' title='bbox 1496 1583 1602 1629; x_wconf 83' lang='lat' dir='ltr'>Tres,</span> <span class='ocrx_word' id='word_1_590' title='bbox 1624 1581 1754 1632; x_wconf 85' lang='lat' dir='ltr'>inquit,</span> <span class='ocrx_word' id='word_1_591' title='bbox 1775 1589 1865 1619; x_wconf 80' lang='lat' dir='ltr'>sunt</span> <span class='ocrx_word' id='word_1_592' title='bbox 1887 1582 1930 1618; x_wconf 85' lang='grc' dir='ltr'>1ιί</span> <span class='ocrx_word' id='word_1_593' title='bbox 1940 1581 2028 1634; x_wconf 73' lang='lat' dir='ltr'>filii</span> <span class='ocrx_word' id='word_1_594' title='bbox 2048 1582 2144 1628; x_wconf 66' lang='lat' dir='ltr'>Noe,</span> 
     </span>
     <span class='ocr_line' id='line_1_79' title="bbox 1184 1644 2142 1695; baseline 0 -15"><span class='ocrx_word' id='word_1_595' title='bbox 1184 1651 1220 1680; x_wconf 87' lang='lat' dir='ltr'>et</span> <span class='ocrx_word' id='word_1_596' title='bbox 1240 1645 1289 1680; x_wconf 82' lang='lat' dir='ltr'>ab</span> <span class='ocrx_word' id='word_1_597' title='bbox 1309 1645 1357 1681; x_wconf 83' lang='lat' dir='ltr'>iis</span> <span class='ocrx_word' id='word_1_598' title='bbox 1378 1644 1542 1695; x_wconf 82' lang='lat' dir='ltr'>dispersi</span> <span class='ocrx_word' id='word_1_599' title='bbox 1559 1651 1649 1681; x_wconf 82' lang='lat' dir='ltr'>sunt</span> <span class='ocrx_word' id='word_1_600' title='bbox 1669 1656 1782 1695; x_wconf 84' lang='lat' dir='ltr'>super</span> <span class='ocrx_word' id='word_1_601' title='bbox 1804 1655 1957 1680; x_wconf 84' lang='lat' dir='ltr'>omnem</span> <span class='ocrx_word' id='word_1_602' title='bbox 1983 1651 2142 1680; x_wconf 83' lang='lat' dir='ltr'>terram.</span> 
     </span>
     <span class='ocr_line' id='line_1_80' title="bbox 1183 1703 2144 1759; baseline 0 -18"><span class='ocrx_word' id='word_1_603' title='bbox 1183 1704 1307 1754; x_wconf 86' lang='lat' dir='ltr'>Neque</span> <span class='ocrx_word' id='word_1_604' title='bbox 1332 1703 1401 1742; x_wconf 89' lang='lat' dir='ltr'>hoc</span> <span class='ocrx_word' id='word_1_605' title='bbox 1428 1703 1566 1742; x_wconf 88' lang='lat' dir='ltr'>dictum</span> <span class='ocrx_word' id='word_1_606' title='bbox 1592 1704 1708 1742; x_wconf 87' lang='lat' dir='ltr'>obiter</span> <span class='ocrx_word' id='word_1_607' title='bbox 1728 1712 1990 1756; x_wconf 82' lang='lat' dir='ltr'>praetereamus,</span> <span class='ocrx_word' id='word_1_608' title='bbox 2009 1703 2144 1759; x_wconf 78' lang='lat' dir='ltr'>dilecti²</span> 
     </span>
     <span class='ocr_line' id='line_1_81' title="bbox 1183 1763 2144 1817; baseline 0 -15"><span class='ocrx_word' id='word_1_609' title='bbox 1183 1763 1244 1802; x_wconf 84' lang='lat' dir='ltr'>sed</span> <span class='ocrx_word' id='word_1_610' title='bbox 1264 1764 1459 1816; x_wconf 82' lang='lat' dir='ltr'>cogitemus</span> <span class='ocrx_word' id='word_1_611' title='bbox 1477 1779 1522 1803; x_wconf 83' lang='lat' dir='ltr'>ex</span> <span class='ocrx_word' id='word_1_612' title='bbox 1536 1764 1599 1803; x_wconf 87' lang='lat' dir='ltr'>illo</span> <span class='ocrx_word' id='word_1_613' title='bbox 1619 1764 1697 1817; x_wconf 85' lang='lat' dir='ltr'>ipso</span> <span class='ocrx_word' id='word_1_614' title='bbox 1714 1764 1861 1803; x_wconf 89' lang='lat' dir='ltr'>virtutis</span> <span class='ocrx_word' id='word_1_615' title='bbox 1877 1764 1945 1802; x_wconf 89' lang='lat' dir='ltr'>Dei</span> <span class='ocrx_word' id='word_1_616' title='bbox 1966 1765 2144 1816; x_wconf 84' lang='lat' dir='ltr'>magnitu-</span> 
     </span>
     <span class='ocr_line' id='line_1_82' title="bbox 1183 1824 2144 1878; baseline 0.001 -16"><span class='ocrx_word' id='word_1_617' title='bbox 1183 1824 1317 1863; x_wconf 89' lang='lat' dir='ltr'>dinem.</span> <span class='ocrx_word' id='word_1_618' title='bbox 1345 1827 1449 1872; x_wconf 82' lang='lat' dir='ltr'>Tres,</span> <span class='ocrx_word' id='word_1_619' title='bbox 1473 1826 1606 1876; x_wconf 88' lang='lat' dir='ltr'>inquit,</span> <span class='ocrx_word' id='word_1_620' title='bbox 1628 1834 1741 1864; x_wconf 83' lang='lat' dir='ltr'>erant</span> <span class='ocrx_word' id='word_1_621' title='bbox 1763 1826 1804 1863; x_wconf 78' lang='lat' dir='ltr'>In·</span> <span class='ocrx_word' id='word_1_622' title='bbox 1816 1825 1904 1878; x_wconf 76' lang='lat' dir='ltr'><em>filii</em></span> <span class='ocrx_word' id='word_1_623' title='bbox 1922 1826 2018 1875; x_wconf 60' lang='lat' dir='ltr'>Noe,</span> <span class='ocrx_word' id='word_1_624' title='bbox 2039 1834 2075 1863; x_wconf 79' lang='lat' dir='ltr'>et</span> <span class='ocrx_word' id='word_1_625' title='bbox 2097 1840 2144 1863; x_wconf 70' lang='lat' dir='ltr'>ex</span> 
     </span>
     <span class='ocr_line' id='line_1_83' title="bbox 1184 1886 2143 1938; baseline 0 -15"><span class='ocrx_word' id='word_1_626' title='bbox 1184 1886 1266 1924; x_wconf 76' lang='lat' dir='ltr'>illis</span> <span class='ocrx_word' id='word_1_627' title='bbox 1279 1887 1441 1938; x_wconf 80' lang='lat' dir='ltr'>dispersi</span> <span class='ocrx_word' id='word_1_628' title='bbox 1454 1895 1544 1925; x_wconf 86' lang='lat' dir='ltr'>sunt</span> <span class='ocrx_word' id='word_1_629' title='bbox 1563 1900 1677 1938; x_wconf 84' lang='lat' dir='ltr'>super</span> <span class='ocrx_word' id='word_1_630' title='bbox 1695 1900 1846 1924; x_wconf 83' lang='lat' dir='ltr'>omnem</span> <span class='ocrx_word' id='word_1_631' title='bbox 1863 1894 2021 1924; x_wconf 81' lang='lat' dir='ltr'>terram.</span> <span class='ocrx_word' id='word_1_632' title='bbox 2039 1886 2121 1933; x_wconf 91' lang='lat' dir='ltr'>Quo</span> <span class='ocrx_word' id='word_1_633' title='bbox 2132 1910 2143 1914; x_wconf 96' lang='lat'>-</span> 
     </span>
     <span class='ocr_line' id='line_1_84' title="bbox 1185 1945 2138 1998; baseline 0.002 -14"><span class='ocrx_word' id='word_1_634' title='bbox 1185 1945 1290 1985; x_wconf 91' lang='lat' dir='ltr'>modo</span> <span class='ocrx_word' id='word_1_635' title='bbox 1310 1961 1358 1986; x_wconf 81' lang='lat' dir='ltr'>ex</span> <span class='ocrx_word' id='word_1_636' title='bbox 1375 1947 1492 1985; x_wconf 88' lang='lat' dir='ltr'>tribus</span> <span class='ocrx_word' id='word_1_637' title='bbox 1508 1956 1603 1986; x_wconf 90' lang='lat' dir='ltr'>tanta</span> <span class='ocrx_word' id='word_1_638' title='bbox 1615 1946 1808 1985; x_wconf 86' lang='lat' dir='ltr'>multitudo</span> <span class='ocrx_word' id='word_1_639' title='bbox 1825 1947 2033 1985; x_wconf 76' lang='lat' dir='ltr'>succrevit?</span> <span class='ocrx_word' id='word_1_640' title='bbox 2048 1962 2138 1998; x_wconf 91' lang='lat' dir='ltr'>quo—</span> 
     </span>
     <span class='ocr_line' id='line_1_85' title="bbox 1185 2007 2143 2060; baseline 0.001 -15"><span class='ocrx_word' id='word_1_641' title='bbox 1185 2007 1293 2046; x_wconf 89' lang='lat' dir='ltr'>modo</span> <span class='ocrx_word' id='word_1_642' title='bbox 1313 2016 1505 2060; x_wconf 88' lang='lat' dir='ltr'>potuerunt</span> <span class='ocrx_word' id='word_1_643' title='bbox 1524 2007 1686 2046; x_wconf 78' lang='lat' dir='ltr'>sufficere</span> <span class='ocrx_word' id='word_1_644' title='bbox 1705 2008 1723 2046; x_wconf 76' lang='grc' dir='ltr'>ἶ)</span> <span class='ocrx_word' id='word_1_645' title='bbox 1752 2009 1931 2059; x_wconf 87' lang='lat' dir='ltr'>quomodo</span> <span class='ocrx_word' id='word_1_646' title='bbox 1955 2022 2000 2046; x_wconf 62' lang='lat' dir='ltr'>ex</span> <span class='ocrx_word' id='word_1_647' title='bbox 2020 2009 2143 2060; x_wconf 83' lang='lat' dir='ltr'>paucis</span> 
     </span>
     <span class='ocr_line' id='line_1_86' title="bbox 1140 2064 2142 2120; baseline 0.001 -14"><span class='ocrx_word' id='word_1_648' title='bbox 1140 2075 1163 2105; x_wconf 90' lang='lat' dir='ltr'>D</span> <span class='ocrx_word' id='word_1_649' title='bbox 1185 2069 1258 2107; x_wconf 88' lang='lat' dir='ltr'>illis</span> <span class='ocrx_word' id='word_1_650' title='bbox 1276 2078 1370 2108; x_wconf 87' lang='lat' dir='ltr'>totus</span> <span class='ocrx_word' id='word_1_651' title='bbox 1389 2064 1545 2107; x_wconf 74' lang='lat' dir='ltr'>mundus</span> <span class='ocrx_word' id='word_1_652' title='bbox 1561 2069 1775 2107; x_wconf 86' lang='lat' dir='ltr'>constitutus</span> <span class='ocrx_word' id='word_1_653' title='bbox 1791 2068 2002 2120; x_wconf 67' lang='lat' dir='ltr'>i&#39;quomodo</span> <span class='ocrx_word' id='word_1_654' title='bbox 2021 2083 2142 2107; x_wconf 88' lang='lat' dir='ltr'>eorum</span> 
     </span>
     <span class='ocr_line' id='line_1_87' title="bbox 1184 2130 2143 2183; baseline 0 -14"><span class='ocrx_word' id='word_1_655' title='bbox 1184 2140 1454 2183; x_wconf 86' lang='lat' dir='ltr'>permanserunt</span> <span class='ocrx_word' id='word_1_656' title='bbox 1475 2144 1626 2182; x_wconf 88' lang='lat' dir='ltr'>corpora</span> <span class='ocrx_word' id='word_1_657' title='bbox 1644 2130 1662 2168; x_wconf 73' lang='grc' dir='ltr'>ἶ)</span> <span class='ocrx_word' id='word_1_658' title='bbox 1681 2131 1762 2169; x_wconf 89' lang='lat' dir='ltr'>Non</span> <span class='ocrx_word' id='word_1_659' title='bbox 1788 2130 1950 2169; x_wconf 89' lang='lat' dir='ltr'>medicus</span> <span class='ocrx_word' id='word_1_660' title='bbox 1969 2139 2058 2180; x_wconf 84' lang='lat' dir='ltr'>erat,</span> <span class='ocrx_word' id='word_1_661' title='bbox 2081 2132 2143 2182; x_wconf 85' lang='lat' dir='ltr'>qui</span> 
     </span>
     <span class='ocr_line' id='line_1_88' title="bbox 1184 2191 2143 2243; baseline 0.001 -13"><span class='ocrx_word' id='word_1_662' title='bbox 1184 2192 1401 2230; x_wconf 86' lang='lat' dir='ltr'>medicinam</span> <span class='ocrx_word' id='word_1_663' title='bbox 1419 2191 1618 2240; x_wconf 87' lang='lat' dir='ltr'>adhiberet,</span> <span class='ocrx_word' id='word_1_664' title='bbox 1636 2205 1749 2243; x_wconf 88' lang='lat' dir='ltr'>neque</span> <span class='ocrx_word' id='word_1_665' title='bbox 1770 2191 1840 2229; x_wconf 88' lang='lat' dir='ltr'>alia</span> <span class='ocrx_word' id='word_1_666' title='bbox 1864 2206 1959 2231; x_wconf 84' lang='lat' dir='ltr'>cura.</span> <span class='ocrx_word' id='word_1_667' title='bbox 1974 2192 2143 2231; x_wconf 74' lang='lat' dir='ltr'>&#39;Nondum</span> 
     </span>
     <span class='ocr_line' id='line_1_89' title="bbox 1182 2252 2142 2306; baseline 0.001 -15"><span class='ocrx_word' id='word_1_668' title='bbox 1182 2253 1278 2291; x_wconf 92' lang='lat' dir='ltr'>enim</span> <span class='ocrx_word' id='word_1_669' title='bbox 1287 2262 1386 2291; x_wconf 88' lang='lat' dir='ltr'>erant</span> <span class='ocrx_word' id='word_1_670' title='bbox 1400 2252 1561 2291; x_wconf 86' lang='lat' dir='ltr'>civitates</span> <span class='ocrx_word' id='word_1_671' title='bbox 1574 2252 1737 2302; x_wconf 79' lang='lat' dir='ltr'>conditae,</span> <span class='ocrx_word' id='word_1_672' title='bbox 1754 2252 1815 2291; x_wconf 91' lang='lat' dir='ltr'>sed</span> <span class='ocrx_word' id='word_1_673' title='bbox 1830 2263 1910 2306; x_wconf 90' lang='lat' dir='ltr'>post</span> <span class='ocrx_word' id='word_1_674' title='bbox 1925 2263 2060 2292; x_wconf 87' lang='lat' dir='ltr'>tantam</span> <span class='ocrx_word' id='word_1_675' title='bbox 2073 2255 2142 2292; x_wconf 81' lang='lat' dir='ltr'>mi-</span> 
     </span>
     <span class='ocr_line' id='line_1_90' title="bbox 1182 2314 2141 2367; baseline 0.002 -15"><span class='ocrx_word' id='word_1_676' title='bbox 1182 2314 1326 2365; x_wconf 89' lang='lat' dir='ltr'>seriam,</span> <span class='ocrx_word' id='word_1_677' title='bbox 1345 2323 1379 2353; x_wconf 90' lang='lat' dir='ltr'>et</span> <span class='ocrx_word' id='word_1_678' title='bbox 1390 2314 1504 2353; x_wconf 84' lang='lat' dir='ltr'>vitam</span> <span class='ocrx_word' id='word_1_679' title='bbox 1519 2314 1619 2353; x_wconf 91' lang='lat' dir='ltr'>illam</span> <span class='ocrx_word' id='word_1_680' title='bbox 1632 2314 1670 2352; x_wconf 91' lang='lat' dir='ltr'>in</span> <span class='ocrx_word' id='word_1_681' title='bbox 1685 2328 1777 2364; x_wconf 84' lang='lat' dir='ltr'>arca,</span> <span class='ocrx_word' id='word_1_682' title='bbox 1791 2323 1824 2352; x_wconf 91' lang='lat' dir='ltr'>et</span> <span class='ocrx_word' id='word_1_683' title='bbox 1844 2329 1914 2367; x_wconf 88' lang='lat' dir='ltr'>qua</span> <span class='ocrx_word' id='word_1_684' title='bbox 1925 2316 2094 2354; x_wconf 87' lang='lat' dir='ltr'>macerati</span> <span class='ocrx_word' id='word_1_685' title='bbox 2108 2326 2141 2354; x_wconf 88' lang='lat' dir='ltr'>et</span> 
     </span>
     <span class='ocr_line' id='line_1_91' title="bbox 1183 2376 2139 2429; baseline 0.001 -15"><span class='ocrx_word' id='word_1_686' title='bbox 1183 2376 1332 2414; x_wconf 90' lang='lat' dir='ltr'>confecti</span> <span class='ocrx_word' id='word_1_687' title='bbox 1351 2376 1397 2415; x_wconf 92' lang='lat' dir='ltr'>ob</span> <span class='ocrx_word' id='word_1_688' title='bbox 1416 2376 1717 2429; x_wconf 83' lang='lat' dir='ltr'>compressionem</span> <span class='ocrx_word' id='word_1_689' title='bbox 1736 2376 1916 2427; x_wconf 80' lang='lat' dir='ltr'>exierunt,</span> <span class='ocrx_word' id='word_1_690' title='bbox 1938 2386 1972 2414; x_wconf 91' lang='lat' dir='ltr'>et</span> <span class='ocrx_word' id='word_1_691' title='bbox 1988 2377 2023 2415; x_wconf 90' lang='lat' dir='ltr'>in</span> <span class='ocrx_word' id='word_1_692' title='bbox 2044 2386 2139 2415; x_wconf 83' lang='lat' dir='ltr'>tanta</span> 
     </span>
     <span class='ocr_line' id='line_1_92' title="bbox 1182 2437 2138 2489; baseline -0.001 -12"><span class='ocrx_word' id='word_1_693' title='bbox 1182 2437 1377 2477; x_wconf 87' lang='lat' dir='ltr'>solitudine</span> <span class='ocrx_word' id='word_1_694' title='bbox 1391 2438 1595 2486; x_wconf 81' lang='lat' dir='ltr'>existentes,</span> <span class='ocrx_word' id='word_1_695' title='bbox 1612 2447 1645 2475; x_wconf 88' lang='lat' dir='ltr'>ct</span> <span class='ocrx_word' id='word_1_696' title='bbox 1663 2437 1836 2476; x_wconf 83' lang='lat' dir='ltr'>ineffabili</span> <span class='ocrx_word' id='word_1_697' title='bbox 1856 2438 2032 2486; x_wconf 83' lang='lat' dir='ltr'>vastitate,</span> <span class='ocrx_word' id='word_1_698' title='bbox 2049 2453 2138 2489; x_wconf 87' lang='lat' dir='ltr'>quo-</span> 
     </span>
     <span class='ocr_line' id='line_1_93' title="bbox 1181 2499 2137 2551; baseline -0.001 -13"><span class='ocrx_word' id='word_1_699' title='bbox 1181 2500 1288 2539; x_wconf 91' lang='lat' dir='ltr'>modo</span> <span class='ocrx_word' id='word_1_700' title='bbox 1299 2514 1368 2538; x_wconf 91' lang='lat' dir='ltr'>non</span> <span class='ocrx_word' id='word_1_701' title='bbox 1383 2499 1518 2538; x_wconf 87' lang='lat' dir='ltr'>enecati</span> <span class='ocrx_word' id='word_1_702' title='bbox 1529 2499 1636 2537; x_wconf 76' lang='lat' dir='ltr'>sunt?</span> <span class='ocrx_word' id='word_1_703' title='bbox 1649 2499 1829 2550; x_wconf 85' lang='lat' dir='ltr'>quomodo</span> <span class='ocrx_word' id='word_1_704' title='bbox 1845 2513 1914 2537; x_wconf 92' lang='lat' dir='ltr'>non</span> <span class='ocrx_word' id='word_1_705' title='bbox 1928 2499 2137 2551; x_wconf 73' lang='lat' dir='ltr'>perierunt?</span> 
     </span>
     <span class='ocr_line' id='line_1_94' title="bbox 1183 2560 2138 2611; baseline -0.002 -11"><span class='ocrx_word' id='word_1_706' title='bbox 1183 2563 1367 2600; x_wconf 87' lang='lat' dir='ltr'>Timorem</span> <span class='ocrx_word' id='word_1_707' title='bbox 1389 2562 1484 2600; x_wconf 92' lang='lat' dir='ltr'>enim</span> <span class='ocrx_word' id='word_1_708' title='bbox 1510 2570 1544 2599; x_wconf 91' lang='lat' dir='ltr'>et</span> <span class='ocrx_word' id='word_1_709' title='bbox 1564 2570 1713 2610; x_wconf 88' lang='lat' dir='ltr'>metum,</span> <span class='ocrx_word' id='word_1_710' title='bbox 1742 2560 1816 2610; x_wconf 81' lang='lat' dir='ltr'>dic,</span> <span class='ocrx_word' id='word_1_711' title='bbox 1840 2575 1917 2610; x_wconf 90' lang='lat' dir='ltr'>oro,</span> <span class='ocrx_word' id='word_1_712' title='bbox 1941 2574 2009 2598; x_wconf 91' lang='lat' dir='ltr'>non</span> <span class='ocrx_word' id='word_1_713' title='bbox 2035 2570 2138 2611; x_wconf 76' lang='lat' dir='ltr'>putas</span> 
     </span>
     <span class='ocr_line' id='line_1_95' title="bbox 1182 2621 2139 2671; baseline -0.003 -9"><span class='ocrx_word' id='word_1_714' title='bbox 1182 2623 1415 2663; x_wconf 79' lang='lat' dir='ltr'>commovisse</span> <span class='ocrx_word' id='word_1_715' title='bbox 1439 2635 1565 2660; x_wconf 86' lang='lat' dir='ltr'>eorum</span> <span class='ocrx_word' id='word_1_716' title='bbox 1583 2630 1752 2671; x_wconf 84' lang='lat' dir='ltr'>mentem,</span> <span class='ocrx_word' id='word_1_717' title='bbox 1774 2630 1808 2659; x_wconf 86' lang='lat' dir='ltr'>et</span> <span class='ocrx_word' id='word_1_718' title='bbox 1829 2621 2044 2659; x_wconf 88' lang='lat' dir='ltr'>concussisse</span> <span class='ocrx_word' id='word_1_719' title='bbox 2062 2622 2139 2659; x_wconf 88' lang='lat' dir='ltr'>ani-</span> 
     </span>
     <span class='ocr_line' id='line_1_96' title="bbox 1181 2682 2138 2730; baseline -0.002 -7"><span class='ocrx_word' id='word_1_720' title='bbox 1181 2699 1282 2723; x_wconf 89' lang='lat' dir='ltr'>mum</span> <span class='ocrx_word' id='word_1_721' title='bbox 1301 2685 1318 2722; x_wconf 71' lang='lat'>}‘</span> <span class='ocrx_word' id='word_1_722' title='bbox 1346 2685 1399 2722; x_wconf 90' lang='lat' dir='ltr'>Ne</span> <span class='ocrx_word' id='word_1_723' title='bbox 1420 2682 1623 2730; x_wconf 85' lang='lat' dir='ltr'>admireris,</span> <span class='ocrx_word' id='word_1_724' title='bbox 1646 2682 1775 2720; x_wconf 89' lang='lat' dir='ltr'>dilecte</span> <span class='ocrx_word' id='word_1_725' title='bbox 1796 2698 1804 2718; x_wconf 76' lang='grc' dir='ltr'>τ</span> <span class='ocrx_word' id='word_1_726' title='bbox 1826 2683 1924 2720; x_wconf 90' lang='lat' dir='ltr'>Deus</span> <span class='ocrx_word' id='word_1_727' title='bbox 1949 2682 2043 2720; x_wconf 90' lang='lat' dir='ltr'>enim</span> <span class='ocrx_word' id='word_1_728' title='bbox 2065 2693 2138 2721; x_wconf 87' lang='lat' dir='ltr'>erat</span> 
     </span>
     <span class='ocr_line' id='line_1_97' title="bbox 1180 2743 2138 2798; baseline -0.003 -14"><span class='ocrx_word' id='word_1_729' title='bbox 1180 2745 1242 2798; x_wconf 90' lang='lat' dir='ltr'>qui</span> <span class='ocrx_word' id='word_1_730' title='bbox 1265 2745 1384 2783; x_wconf 91' lang='lat' dir='ltr'>omnia</span> <span class='ocrx_word' id='word_1_731' title='bbox 1410 2743 1573 2792; x_wconf 82' lang='lat' dir='ltr'>faciebat,</span> <span class='ocrx_word' id='word_1_732' title='bbox 1593 2752 1627 2780; x_wconf 88' lang='lat' dir='ltr'>et</span> <span class='ocrx_word' id='word_1_733' title='bbox 1648 2744 1744 2780; x_wconf 86' lang='lat' dir='ltr'>Deus</span> <span class='ocrx_word' id='word_1_734' title='bbox 1765 2751 1900 2780; x_wconf 82' lang='lat' dir='ltr'>naturae</span> <span class='ocrx_word' id='word_1_735' title='bbox 1923 2743 2046 2795; x_wconf 81' lang='lat' dir='ltr'>opifex</span> <span class='ocrx_word' id='word_1_736' title='bbox 2064 2753 2138 2782; x_wconf 87' lang='lat' dir='ltr'>erat</span> 
     </span>
    </p>
   </div>
   <div class='ocr_carea' id='block_1_10' title="bbox 2154 866 2344 1100">
    <p class='ocr_par' dir='ltr' id='par_1_12' title="bbox 2154 866 2344 976">
     <span class='ocr_line' id='line_1_98' title="bbox 2185 866 2343 904; baseline 0.019 -13"><span class='ocrx_word' id='word_1_737' title='bbox 2185 866 2247 893; x_wconf 74' lang='lat' dir='ltr'>Cur</span> <span class='ocrx_word' id='word_1_738' title='bbox 2263 874 2343 904; x_wconf 71' lang='lat' dir='ltr'>patn-</span> 
     </span>
     <span class='ocr_line' id='line_1_99' title="bbox 2158 907 2343 944; baseline 0.005 -11"><span class='ocrx_word' id='word_1_739' title='bbox 2158 907 2252 935; x_wconf 79' lang='lat' dir='ltr'>Clam</span> <span class='ocrx_word' id='word_1_740' title='bbox 2276 919 2343 944; x_wconf 78' lang='lat' dir='ltr'>pec-</span> 
     </span>
     <span class='ocr_line' id='line_1_100' title="bbox 2154 950 2344 976; baseline -0.005 0"><span class='ocrx_word' id='word_1_741' title='bbox 2154 955 2235 976; x_wconf 78' lang='lat' dir='ltr'>cante</span> <span class='ocrx_word' id='word_1_742' title='bbox 2268 950 2344 976; x_wconf 72' lang='lat' dir='ltr'>lilius</span> 
     </span>
    </p>

    <p class='ocr_par' dir='ltr' id='par_1_13' title="bbox 2197 990 2343 1018">
     <span class='ocr_line' id='line_1_101' title="bbox 2197 990 2343 1018; baseline -0.014 0"><span class='ocrx_word' id='word_1_743' title='bbox 2197 990 2343 1018; x_wconf 66' lang='lat' dir='ltr'>Chzmmm</span> 
     </span>
    </p>

    <p class='ocr_par' dir='ltr' id='par_1_14' title="bbox 2156 1033 2344 1100">
     <span class='ocr_line' id='line_1_102' title="bbox 2191 1033 2344 1059; baseline 0.013 -1"><span class='ocrx_word' id='word_1_744' title='bbox 2191 1033 2306 1059; x_wconf 74' lang='lat' dir='ltr'>maledu</span> <span class='ocrx_word' id='word_1_745' title='bbox 2318 1034 2344 1057; x_wconf 77' lang='lat' dir='ltr'>i-</span> 
     </span>
     <span class='ocr_line' id='line_1_103' title="bbox 2156 1080 2214 1100; baseline 0 0"><span class='ocrx_word' id='word_1_746' title='bbox 2156 1080 2214 1100; x_wconf 75' lang='lat' dir='ltr'>lur-</span> 
     </span>
    </p>
   </div>
   <div class='ocr_carea' id='block_1_11' title="bbox 1180 2803 2165 2858">
    <p class='ocr_par' dir='ltr' id='par_1_15' title="bbox 1180 2803 2165 2858">
     <span class='ocr_line' id='line_1_104' title="bbox 1180 2803 2165 2858; baseline -0.002 -13"><span class='ocrx_word' id='word_1_747' title='bbox 1180 2807 1241 2858; x_wconf 80' lang='lat' dir='ltr'>qui</span> <span class='ocrx_word' id='word_1_748' title='bbox 1262 2805 1380 2845; x_wconf 87' lang='lat' dir='ltr'>omnia</span> <span class='ocrx_word' id='word_1_749' title='bbox 1400 2803 1654 2857; x_wconf 89' lang='lat' dir='ltr'>impedimenta</span> <span class='ocrx_word' id='word_1_750' title='bbox 1669 2803 1850 2841; x_wconf 84' lang='lat' dir='ltr'>auferebat</span> <span class='ocrx_word' id='word_1_751' title='bbox 1872 2803 2040 2842; x_wconf 89' lang='lat' dir='ltr'>mandato</span> <span class='ocrx_word' id='word_1_752' title='bbox 2056 2818 2134 2852; x_wconf 81' lang='lat' dir='ltr'>suo,</span> <span class='ocrx_word' id='word_1_753' title='bbox 2156 2848 2165 2853; x_wconf 44' lang='grc'>,</span> 
     </span>
    </p>
   </div>
   <div class='ocr_carea' id='block_1_12' title="bbox 1177 2864 2136 3348">
    <p class='ocr_par' dir='ltr' id='par_1_16' title="bbox 1177 2864 2136 3348">
     <span class='ocr_line' id='line_1_105' title="bbox 1181 2864 2136 2919; baseline -0.003 -13"><span class='ocrx_word' id='word_1_754' title='bbox 1181 2882 1252 2919; x_wconf 89' lang='lat' dir='ltr'>quo</span> <span class='ocrx_word' id='word_1_755' title='bbox 1271 2867 1380 2913; x_wconf 81' lang='lat' dir='ltr'>dixit,</span> <span class='ocrx_word' id='word_1_756' title='bbox 1405 2867 1575 2904; x_wconf 84' lang='lat' dir='ltr'>Crescite</span> <span class='ocrx_word' id='word_1_757' title='bbox 1594 2873 1630 2902; x_wconf 82' lang='lat' dir='ltr'>et</span> <span class='ocrx_word' id='word_1_758' title='bbox 1654 2864 1987 2916; x_wconf 78' lang='lat' dir='ltr'>multiplicamini,</span> <span class='ocrx_word' id='word_1_759' title='bbox 2010 2873 2047 2903; x_wconf 82' lang='lat' dir='ltr'>et</span> <span class='ocrx_word' id='word_1_760' title='bbox 2066 2868 2136 2903; x_wconf 87' lang='lat' dir='ltr'>im-</span> 
     </span>
     <span class='ocr_line' id='line_1_106' title="bbox 1178 2924 2134 2981; baseline -0.003 -13"><span class='ocrx_word' id='word_1_761' title='bbox 1178 2929 1282 2981; x_wconf 82' lang='lat' dir='ltr'>plete</span> <span class='ocrx_word' id='word_1_762' title='bbox 1311 2937 1468 2967; x_wconf 82' lang='lat' dir='ltr'>terram.</span> <span class='ocrx_word' id='word_1_763' title='bbox 1508 2925 1583 2963; x_wconf 88' lang='lat' dir='ltr'>Hoc</span> <span class='ocrx_word' id='word_1_764' title='bbox 1614 2924 1710 2963; x_wconf 88' lang='lat' dir='ltr'>enim</span> <span class='ocrx_word' id='word_1_765' title='bbox 1741 2925 1996 2964; x_wconf 84' lang='lat' dir='ltr'>incrementum</span> <span class='ocrx_word' id='word_1_766' title='bbox 2023 2925 2134 2965; x_wconf 88' lang='lat' dir='ltr'>dedit.</span> 
     </span>
     <span class='ocr_line' id='line_1_107' title="bbox 1182 2985 2134 3054; baseline -0.002 -25"><span class='ocrx_word' id='word_1_767' title='bbox 1182 2991 1278 3039; x_wconf 86' lang='lat' dir='ltr'>Quia</span> <span class='ocrx_word' id='word_1_768' title='bbox 1299 2999 1333 3028; x_wconf 88' lang='lat' dir='ltr'>et</span> <span class='ocrx_word' id='word_1_769' title='bbox 1351 2987 1519 3027; x_wconf 81' lang='lat' dir='ltr'>Israelitae</span> <span class='ocrx_word' id='word_1_770' title='bbox 1540 3000 1620 3024; x_wconf 91' lang='lat' dir='ltr'>cum</span> <span class='ocrx_word' id='word_1_771' title='bbox 1641 2985 1676 3023; x_wconf 86' lang='lat' dir='ltr'>in</span> <span class='ocrx_word' id='word_1_772' title='bbox 1697 2985 1761 3024; x_wconf 83' lang='lat' dir='ltr'>AE</span> <span class='ocrx_word' id='word_1_773' title='bbox 1744 2996 1856 3054; x_wconf 78' lang='lat' dir='ltr'>gypto</span> <span class='ocrx_word' id='word_1_774' title='bbox 1873 2987 1910 3025; x_wconf 89' lang='lat' dir='ltr'>in</span> <span class='ocrx_word' id='word_1_775' title='bbox 1931 2987 2008 3026; x_wconf 90' lang='lat' dir='ltr'>luto</span> <span class='ocrx_word' id='word_1_776' title='bbox 2026 2998 2062 3026; x_wconf 91' lang='lat' dir='ltr'>et</span> <span class='ocrx_word' id='word_1_777' title='bbox 2083 2989 2134 3027; x_wconf 92' lang='lat' dir='ltr'>la-</span> 
     </span>
     <span class='ocr_line' id='line_1_108' title="bbox 1180 3047 2136 3102; baseline -0.003 -11"><span class='ocrx_word' id='word_1_778' title='bbox 1180 3062 1252 3091; x_wconf 86' lang='lat' dir='ltr'>tere</span> <span class='ocrx_word' id='word_1_779' title='bbox 1272 3049 1492 3090; x_wconf 82' lang='lat' dir='ltr'>conficiendo</span> <span class='ocrx_word' id='word_1_780' title='bbox 1509 3047 1640 3086; x_wconf 82' lang='lat' dir='ltr'>onciati</span> <span class='ocrx_word' id='word_1_781' title='bbox 1654 3057 1781 3096; x_wconf 87' lang='lat' dir='ltr'>essent,</span> <span class='ocrx_word' id='word_1_782' title='bbox 1797 3048 1832 3086; x_wconf 91' lang='lat' dir='ltr'>in</span> <span class='ocrx_word' id='word_1_783' title='bbox 1848 3058 1945 3087; x_wconf 89' lang='lat' dir='ltr'>tanto</span> <span class='ocrx_word' id='word_1_784' title='bbox 1965 3051 2136 3102; x_wconf 87' lang='lat' dir='ltr'>majorem</span> 
     </span>
     <span class='ocr_line' id='line_1_109' title="bbox 1179 3109 2135 3164; baseline -0.002 -12"><span class='ocrx_word' id='word_1_785' title='bbox 1179 3112 1449 3152; x_wconf 83' lang='lat' dir='ltr'>multitudinem</span> <span class='ocrx_word' id='word_1_786' title='bbox 1463 3109 1725 3157; x_wconf 81' lang='lat' dir='ltr'>excrescebant,</span> <span class='ocrx_word' id='word_1_787' title='bbox 1739 3123 1808 3160; x_wconf 93' lang='lat' dir='ltr'>quo</span> <span class='ocrx_word' id='word_1_788' title='bbox 1828 3111 1942 3162; x_wconf 84' lang='lat' dir='ltr'>magis</span> <span class='ocrx_word' id='word_1_789' title='bbox 1957 3112 2135 3164; x_wconf 86' lang='lat' dir='ltr'>opprime-</span> 
     </span>
     <span class='ocr_line' id='line_1_110' title="bbox 1177 3170 2134 3224; baseline -0.004 -10"><span class='ocrx_word' id='word_1_790' title='bbox 1177 3177 1309 3214; x_wconf 91' lang='lat' dir='ltr'>bantur</span> <span class='ocrx_word' id='word_1_791' title='bbox 1327 3190 1334 3210; x_wconf 90' lang='lat'>:</span> <span class='ocrx_word' id='word_1_792' title='bbox 1353 3183 1386 3211; x_wconf 88' lang='lat' dir='ltr'>ct</span> <span class='ocrx_word' id='word_1_793' title='bbox 1411 3185 1522 3223; x_wconf 82' lang='lat' dir='ltr'>neque</span> <span class='ocrx_word' id='word_1_794' title='bbox 1542 3170 1794 3209; x_wconf 86' lang='lat' dir='ltr'>immisericors</span> <span class='ocrx_word' id='word_1_795' title='bbox 1816 3180 1851 3209; x_wconf 88' lang='lat' dir='ltr'>et</span> <span class='ocrx_word' id='word_1_796' title='bbox 1872 3171 2017 3209; x_wconf 86' lang='lat' dir='ltr'>crudele</span> <span class='ocrx_word' id='word_1_797' title='bbox 2039 3187 2134 3224; x_wconf 75' lang='lat' dir='ltr'>pra·-</span> 
     </span>
     <span class='ocr_line' id='line_1_111' title="bbox 1178 3231 2135 3289; baseline -0.005 -14"><span class='ocrx_word' id='word_1_798' title='bbox 1178 3246 1322 3289; x_wconf 86' lang='lat' dir='ltr'>ceptum</span> <span class='ocrx_word' id='word_1_799' title='bbox 1344 3231 1554 3279; x_wconf 84' lang='lat' dir='ltr'>Pharaonis,</span> <span class='ocrx_word' id='word_1_800' title='bbox 1574 3245 1644 3282; x_wconf 90' lang='lat' dir='ltr'>quo</span> <span class='ocrx_word' id='word_1_801' title='bbox 1664 3231 1940 3284; x_wconf 66' lang='lat' dir='ltr'>praecipiebatur</span> <span class='ocrx_word' id='word_1_802' title='bbox 1959 3234 2135 3271; x_wconf 88' lang='lat' dir='ltr'>masculos</span> 
     </span>
     <span class='ocr_line' id='line_1_112' title="bbox 1180 3293 2135 3348; baseline -0.005 -11"><span class='ocrx_word' id='word_1_803' title='bbox 1180 3300 1214 3337; x_wconf 92' lang='lat' dir='ltr'>in</span> <span class='ocrx_word' id='word_1_804' title='bbox 1237 3297 1385 3337; x_wconf 86' lang='lat' dir='ltr'>ssumina</span> <span class='ocrx_word' id='word_1_805' title='bbox 1408 3293 1562 3348; x_wconf 83' lang='lat' dir='ltr'>projici;</span> <span class='ocrx_word' id='word_1_806' title='bbox 1586 3307 1699 3345; x_wconf 84' lang='lat' dir='ltr'>neque</span> <span class='ocrx_word' id='word_1_807' title='bbox 1717 3294 1862 3332; x_wconf 75' lang='lat' dir='ltr'>vexatio</span> <span class='ocrx_word' id='word_1_808' title='bbox 1886 3294 1964 3344; x_wconf 90' lang='lat' dir='ltr'>illa,</span> <span class='ocrx_word' id='word_1_809' title='bbox 1989 3309 2095 3345; x_wconf 87' lang='lat' dir='ltr'>quam</span> <span class='ocrx_word' id='word_1_810' title='bbox 2117 3310 2135 3332; x_wconf 85' lang='lat' dir='ltr'>a</span> 
     </span>
    </p>
   </div>
   <div class='ocr_carea' id='block_1_13' title="bbox 1174 3399 1926 3483">
    <p class='ocr_par' dir='ltr' id='par_1_17' title="bbox 1174 3399 1926 3483">
     <span class='ocr_line' id='line_1_113' title="bbox 1174 3399 1696 3444; baseline -0.011 -7"><span class='ocrx_word' id='word_1_811' title='bbox 1174 3408 1189 3431; x_wconf 77' lang='lat'>¹¹</span> <span class='ocrx_word' id='word_1_812' title='bbox 1215 3405 1273 3438; x_wconf 75' lang='lat' dir='ltr'>Alii</span> <span class='ocrx_word' id='word_1_813' title='bbox 1293 3407 1364 3437; x_wconf 59' lang='lat' dir='ltr'>zjr&#39;o</span> <span class='ocrx_word' id='word_1_814' title='bbox 1382 3407 1449 3439; x_wconf 73' lang='grc' dir='ltr'>κατ’,</span> <span class='ocrx_word' id='word_1_815' title='bbox 1468 3399 1523 3433; x_wconf 72' lang='lat' dir='ltr'>:ulii</span> <span class='ocrx_word' id='word_1_816' title='bbox 1541 3404 1619 3444; x_wconf 66' lang='grc' dir='ltr'>αὐτῷ</span> <span class='ocrx_word' id='word_1_817' title='bbox 1637 3406 1696 3435; x_wconf 78' lang='grc' dir='ltr'>καί.</span> 
     </span>
     <span class='ocr_line' id='line_1_114' title="bbox 1878 3458 1926 3483; baseline 0.042 -2"><span class='ocrx_word' id='word_1_818' title='bbox 1878 3458 1926 3483; x_wconf 76' lang='lat'>22</span> 
     </span>
    </p>
   </div>
   <div class='ocr_carea' id='block_1_14' title="bbox 2155 2884 2337 2912">
    <p class='ocr_par' dir='ltr' id='par_1_18' title="bbox 2155 2884 2337 2912">
     <span class='ocr_line' id='line_1_115' title="bbox 2155 2884 2337 2912; baseline 0.011 -4"><span class='ocrx_word' id='word_1_819' title='bbox 2155 2884 2229 2910; x_wconf 75' lang='lat' dir='ltr'>Gen.</span> <span class='ocrx_word' id='word_1_820' title='bbox 2250 2892 2274 2911; x_wconf 80' lang='grc' dir='ltr'>ί,</span> <span class='ocrx_word' id='word_1_821' title='bbox 2289 2893 2337 2912; x_wconf 82' lang='lat'>22.</span> 
     </span>
    </p>
   </div>
   <div class='ocr_carea' id='block_1_15' title="bbox 2149 3000 2294 3077">
    <p class='ocr_par' dir='ltr' id='par_1_19' title="bbox 2149 3000 2294 3077">
     <span class='ocr_line' id='line_1_116' title="bbox 2152 3000 2294 3026; baseline -0.016 0"><span class='ocrx_word' id='word_1_822' title='bbox 2152 3000 2251 3026; x_wconf 67' lang='lat' dir='ltr'>Erol.</span> <span class='ocrx_word' id='word_1_823' title='bbox 2270 3008 2294 3025; x_wconf 87' lang='grc' dir='ltr'>ι.</span> 
     </span>
     <span class='ocr_line' id='line_1_117' title="bbox 2149 3047 2281 3077; baseline -0.008 -9"><span class='ocrx_word' id='word_1_824' title='bbox 2149 3047 2281 3077; x_wconf 78' lang='lat' dir='ltr'>etseq-q</span> 
     </span>
    </p>
   </div>
  </div>
 </body>
</html>
