2516 3791
286 194 375 238 702
707 195 745 224 S.

281 276 464 326 honorem,
491 276 559 326 dat¹
583 278 616 315 ei
643 277 758 317 filiam
774 278 955 330 Petephrae
997 276 1034 313 in
1062 267 1225 313 uxo'rem.

281 337 420 375 Deinde
437 338 524 389 quia
550 339 615 377 iste
635 338 792 391 ejusdem
824 337 975 375 nominis
987 344 1061 374 erat
1091 349 1174 373 cum
1190 348 1229 373 eo

281 398 344 449 qui
365 398 532 436 dominus
545 400 621 451 ejus
636 399 763 446 fuerat,
781 397 884 447 dicit,
902 397 1121 436 Sacerdotis
1147 396 1228 434 He-

283 460 480 511 liopoleos.
504 459 551 497 Et
572 469 609 497 ut
640 459 819 497 discamus
840 458 876 496 in
897 472 967 509 qua
987 467 1087 496 aetate
1124 456 1231 495 fuerit

281 520 503 558 admirabilis
521 520 593 569 ille,
615 520 676 571 qui
693 529 828 558 tantam
843 529 1051 571 assequutus
1069 527 1121 558 est
1139 533 1230 558 mer-

282 580 415 630 cedem,
432 589 598 630 tantaque
616 580 807 619 certamina
826 581 1005 630 exhibuit,
1021 579 1153 632 inquit:
1165 580 1229 619 46.

282 642 312 679 J
312 643 425 693 oseph
436 650 565 679 autem
579 651 661 680 erat
678 645 839 695 triginta
851 656 1058 690 annorum,
1074 643 1231 695 quando

281 706 385 740 stetit
403 716 532 741 coram
560 704 782 742 Pharaone.
820 705 874 743 Ne
906 713 1036 742 temere
1064 713 1231 757 putemus

280 763 499 815 assignatum
516 778 588 802 esse
607 778 795 803 numerum
814 779 1002 815 annorum,
1027 764 1089 803 sed
1110 774 1148 802 ut
1172 764 1231 802 di-

279 840 418 864 scamus
437 825 629 877 negligenti
649 826 819 865 virtutem
838 826 975 864 nullam
990 839 1064 864 esse
1079 840 1229 864 excusa-

279 886 411 924 tionem
430 902 437 923 :
454 901 568 938 neque
586 887 682 925 enim
704 887 786 925 licet
805 887 914 925 alicui
933 887 1228 940 objicerejuven-

278 959 403 999 tutem,
422 950 484 988 ubi
500 950 616 989 virtus
637 950 832 989 exercenda
853 960 917 989 est.
939 951 1032 989 Ecce
1068 951 1129 989 ille
1159 965 1229 989 non

278 1008 546 1060 solumjuvenis
560 1018 648 1055 erat,
666 1008 729 1047 sed
748 1009 854 1047 etiam
877 1009 1027 1062 pulcher
1045 1010 1171 1062 specie,
1196 1019 1230 1048 et

278 1069 450 1108 formosus
468 1070 568 1108 facie.
590 1070 772 1122 Contingit
788 1071 882 1108 enim
911 1071 1103 1122 aliquando
1120 1072 1226 1123 juve-

278 1144 357 1168 nem
377 1145 462 1180 esse,
481 1141 515 1169 et
534 1131 633 1169 nulla
649 1131 806 1184 corporis
821 1131 1089 1184 pulchritudine
1101 1132 1230 1185 praedi-

246 1204 250 1209 ·
278 1199 365 1228 tum.
380 1191 447 1228 Hie
459 1201 576 1230 autem
590 1202 623 1231 et
631 1192 775 1245 juvenis
799 1201 833 1230 et
847 1193 997 1245 pulcher
1007 1202 1080 1231 erat
1102 1193 1228 1246 specie,

278 1252 435 1303 facieque
463 1252 627 1303 decorus,
660 1268 701 1291 ac
719 1253 819 1304 quasi
856 1253 892 1292 in
923 1253 1001 1306 ipso
1027 1255 1229 1306 juventutis

276 1312 363 1351 ssore
381 1328 506 1353 servus
529 1324 562 1352 et
575 1315 738 1367 captivus
763 1316 876 1353 factus
895 1324 960 1353 est.
985 1317 1115 1354 Decem
1133 1317 1228 1355 enim

277 1383 310 1412 et
331 1384 465 1427 septem
479 1375 634 1413 habebat
653 1390 777 1427 annos,
800 1376 943 1427 quando
974 1376 1149 1415 deductus
1177 1388 1228 1416 est

277 1434 312 1472 in
332 1435 545 1488 AEgyptum.
565 1436 702 1475 Deinde
721 1437 756 1474 in
780 1437 857 1489 ipsa
876 1437 1017 1475 fornace
1027 1438 1227 1490 juventutis

275 1497 430 1548 positum
449 1497 654 1536 sollicitavit
673 1498 910 1550 intemperans
928 1498 1099 1551 AEgyptia
1113 1499 1228 1537 domi-

276 1573 318 1596 na
340 1559 429 1611 ejus,
450 1573 560 1610 neque
576 1558 626 1597 sic
642 1560 824 1611 superavit
834 1559 923 1611 justi
944 1560 1016 1598 viri
1047 1561 1228 1599 fortitudi-

274 1633 372 1669 118111,
397 1619 548 1671 denique
575 1621 611 1658 in
639 1634 776 1657 carcere
808 1629 905 1658 tanto
939 1629 1096 1673 tempore
1129 1636 1225 1659 aeru—

272 1695 418 1718 mnosus
431 1680 499 1718 fuit
517 1696 524 1716 τ
541 1690 574 1719 81
586 1680 716 1718 mansit
728 1681 829 1732 quasi
846 1681 1004 1731 adamas;
1024 1695 1093 1720 non
1110 1682 1226 1721 solum

273 1756 341 1779 non
364 1743 477 1780 factus
497 1741 685 1791 infirmior,
705 1742 767 1780 sed
795 1752 829 1780 et
841 1743 922 1795 plus
952 1742 1090 1781 roboris
1126 1758 1226 1782 assu-

273 1818 384 1841 mens.
413 1804 548 1841 Habuit
574 1804 669 1842 enim
702 1804 927 1842 roborantem
960 1818 998 1842 se
1034 1819 1225 1857 supernam

272 1865 435 1917 gratiam.
458 1865 639 1914 Quoniam
653 1865 753 1918 prius
774 1865 871 1917 quod
890 1880 996 1904 suum
1015 1875 1089 1904 erat
1111 1876 1227 1905 totum

272 1927 452 1977 attulerat,
467 1935 653 1979 propterca
667 1941 685 1964 e
697 1940 835 1965 carcere
855 1927 900 1965 ad
914 1927 1155 1980 principatum
1173 1937 1224 1966 to-

272 1987 343 2025 tius
366 1987 515 2040 AEgypti
535 1987 725 2025 accersitus
739 1996 800 2025 est.

69 2065 187 2092 Momm,
208 2076 257 2093 ex-
329 2049 363 2086 5.
382 2049 465 2086 Haec
484 2048 667 2086 audientes
704 2049 739 2086 in
772 2048 1027 2088 afflictionibus
1064 2049 1226 2087 animum

69 2107 204 2175 lsi-⁴:31¹&
224 2108 258 2134 Μ]
276 2124 469 2161 numquam
488 2110 782 2162 despondeamus,
803 2124 914 2161 neque
934 2110 1078 2162 propria
1112 2111 1225 2149 ratio-

70 2169 187 2216 sfflmst-
216 2190 259 2218 as.
276 2174 367 2212 cinia
387 2184 570 2224 sequentes
588 2188 680 2225 aegre
700 2175 852 2212 feramus
871 2190 878 2210 ι
899 2173 959 2211 sed
978 2187 1144 2225 magnam
1162 2190 1225 2227 pa-

72 2232 224 2260 flfflfflflffi·
275 2235 435 2274 tientiam
451 2235 658 2272 exhibentes
679 2249 741 2287 spe
752 2235 845 2272 bona
864 2235 1060 2283 foveamur,
1078 2235 1226 2274 scientes

276 2297 456 2336 solertiam
482 2297 628 2335 Domini
643 2296 753 2334 nostri
779 2311 786 2332 :
809 2296 870 2347 qui
888 2296 1004 2334 sinens
1024 2310 1086 2334 nos
1102 2310 1225 2348 aspera

276 2358 446 2411 experiri,
469 2372 537 2395 non
552 2356 682 2395 deserit
706 2371 781 2405 1105,
804 2356 866 2394 sed
888 2356 967 2395 vult
988 2365 1028 2394 ut
1056 2365 1226 2395 certantes

276 2419 418 2457 clariori
451 2433 579 2457 corona
602 2417 847 2455 redimiamur.
872 2418 927 2455 Ita
956 2431 1076 2455 omnes
1116 2419 1226 2456 sancti

276 2480 417 2533 probati
436 2489 531 2517 sunt.
558 2481 746 2531 Propterea
783 2488 816 2516 et
849 2478 1000 2531 apostoli
1034 2479 1224 2518 dicebant:

72 2558 140 2584 Ace.
163 2553 210 2594 ¹4-
277 2544 355 2580 Per
369 2543 510 2580 multas
523 2541 757 2596 afflictiones
769 2549 915 2592 oportet
930 2554 998 2579 nos
1010 2543 1052 2577 in
1066 2555 1227 2593 regnum

76 2608 123 2627 ²2·
277 2605 352 2642 Dei
368 2606 529 2641 intrare.
549 2602 598 2640 Et
616 2602 690 2654 ipse
707 2601 872 2640 Christus
884 2601 1026 2641 dicebat
1039 2601 1228 2654 discipulis

72 2676 163 2703 ‚lnam
182 2675 227 2705 16.
277 2664 350 2703 suis
372 2681 379 2701 :
399 2667 449 2702 In
468 2664 612 2702 mundo
646 2662 903 2716 afflictionem
929 2664 1134 2701 habebitis.
1175 2665 1228 2702 Ne

72 2715 123 2743 33.
277 2726 388 2778 igitur
404 2740 613 2763 moereamus
635 2725 671 2762 in
684 2724 950 2774 afflictionibus,
964 2724 1028 2762 sed
1039 2724 1228 2763 audiamus

76 2800 105 2819 2.
136 2794 213 2823 Tim.
231 2795 259 2825 3.
278 2787 431 2825 Paulum
450 2786 640 2835 dicentem,
668 2787 742 2836 Qui
762 2786 903 2823 volunt
934 2788 997 2838 pie
1026 2788 1159 2824 vivere
1186 2789 1228 2824 in

77 2842 124 2860 '²'
279 2847 432 2884 Clu-isto
459 2846 567 2892 Jesu,
587 2847 921 2897 persequutionem
934 2848 1146 2897 patientur.
1180 2846 1228 2885 Et

277 2922 320 2945 ne
335 2907 567 2956 admiremur,
593 2920 703 2957 neque
716 2919 809 2958 :egre
832 2907 1002 2957 feramus,
1027 2906 1088 2945 sed
1108 2907 1227 2945 omnia

276 2982 357 3006 cum
374 2967 580 3005 fortitudine
611 2976 644 3005 et
664 2967 833 3019 patientia
860 2968 1064 3019 toleremus,
1091 2982 1159 3006 non
1180 2968 1226 3006 ad

275 3029 482 3067 afflictiones
502 3027 738 3080 respicientes,
752 3027 813 3065 sed
823 3028 869 3066 ad
883 3029 1022 3066 lucrum
1035 3029 1132 3080 quod
1143 3029 1225 3067 inde

274 3103 528 3139 congregamus
553 3088 772 3140 :spiritualis
792 3089 886 3127 enim
913 3089 1079 3140 (putidam
1117 3104 1222 3142 nego-

273 3151 372 3188 tiatio
388 3159 452 3187 est.
477 3149 523 3187 Et
542 3149 631 3187 sicut
644 3150 703 3200 qui
722 3149 888 3201 pecunias
901 3151 1068 3201 colligere
1085 3151 1225 3202 volunt,

271 3222 376 3262 atque
390 3212 497 3262 liujus
512 3210 629 3247 sarculi
663 3211 933 3259 negotiationem
953 3222 1131 3257 exercent,
1155 3227 1224 3251 non

271 3270 371 3307 aliter
391 3278 538 3322 possunt
550 3281 678 3318 augere
698 3283 778 3305 suas
793 3284 891 3320 opes,
914 3269 982 3307 nisi
1002 3270 1114 3307 multa
1132 3271 1224 3322 peri-

270 3331 347 3367 vula
364 3340 452 3368 terra
469 3328 628 3379 marique
646 3329 876 3366 sustinuerint,
889 3333 1049 3377 (11888558
1065 3339 1116 3368 est
1129 3331 1222 3369 8111111

270 3402 302 3429 ut
327 3393 433 3429 serant
455 3390 628 3427 latronum
658 3398 687 3426 et
711 3390 905 3440 piratarum
934 3390 1112 3441 iusitlias)3
1134 3400 1222 3430 atta·

79 1327 258 1365 Cen.37.i.

784 193 968 224 JOANMS
1003 190 1253 220 CHRYSOST.
1294 191 1500 223 ARCfflEP.
1539 194 1904 226 CONSTANTINOP.

1307 274 1402 328 μένῳ
1417 277 1521 316 αὗτοῦ
1539 279 1689 332 δεσπότῃ
1700 308 1709 326 ,
1724 280 1809 333 φησὶ
1820 310 1830 328 ,
1842 282 1915 320 Τοῦ
1933 282 2050 333 ἱερέως
2061 280 2331 328 Ἡλιουπόλεως.

1307 336 1376 375 Καὶ
1401 336 1457 376 ἵνα
1482 339 1646 391 μάθωμεν
1678 341 1800 379 λοιπὸν
1823 340 1898 380 οἵαν
1925 342 2018 394 ἄγων
2044 342 2108 390 τὴν
2141 343 2280 391 ἠλικίαν
2315 349 2333 383 ὁ

1307 398 1498 448 θαυμάσιος
1527 395 1624 446 οὗτος
1646 402 1816 450 τοσαύτης
1847 401 1987 449 ἠξιοῦτο
2010 406 2071 450 τῆς
2104 405 2253 454 ἀμοιὸἧς
2273 406 2333 444 καὶ

1260 467 1280 497 Β
1307 457 1489 505 τοσούτους
1508 461 1706 507 ἐπεδείξατο
1725 462 1804 507 τοὺς
1823 462 1964 511 ἄθλους,
1985 464 2087 517 φησίν
2102 480 2109 487 ·
2134 463 2264 518 Ἰωσὴφ
2297 464 2333 504 δὲ

1307 515 1350 567 ἦν
1373 522 1562 573 τριάκοντα
1597 525 1705 573 ἐτῶν,
1725 524 1783 562 ὅτε
1806 523 1890 572 ἔστη
1917 525 2068 563 ἐναντίον
2086 526 2239 579 Φαραώ.
2269 526 2331 574 Μὴ

1306 583 1426 628 ἁπλῶς
1454 585 1653 638 νομίσωμεν
1680 590 1749 626 τῶν
1779 589 1863 625 ἐτῶν
1893 587 1951 626 τὸν
1983 587 2106 639 χρόνον
2135 590 2333 639 ἐγκεῖσθαι,

1306 645 1382 683 ἀλλ’
1408 645 1464 685 ἵνα
1481 648 1662 699 μάθωμεν,
1682 648 1735 687 ὅτι
1755 651 1816 688 οὐκ
1831 648 1924 687 ἔστιν
1944 649 2054 687 οὐδενὶ
2072 651 2257 700 ἀμελοῦντι
2271 653 2334 697 τῆς

1305 708 1432 757 ἀρετῆς
1451 709 1622 760 ἀπολογία
1636 740 1645 757 ,
1666 709 1744 748 οὐδὲ
1772 709 1882 754 ἔξεστί
1903 725 1969 747 τινι
1996 709 2234 762 προὸαλέσθαι
2256 711 2333 750 νεό-

1305 783 1393 814 τητα
1407 797 1416 814 ,
1434 768 1513 808 ἔνθα
1543 770 1669 823 ἀρετὴν
1691 771 1929 816 ἐπιδείξασθαι
1945 771 2008 809 δεῖ.
2028 770 2117 809 Ἰδοὺ
2141 771 2208 824 γὰρ
2235 767 2334 817 οὗτος

1304 828 1341 864 οὐ
1362 827 1463 876 μόνον
1480 829 1553 873 νέος
1571 824 1629 876 ἦν,
1648 829 1739 868 ἀλλὰ
1754 829 1813 868 καὶ
1833 830 1936 873 καλὸς
1947 833 1997 883 τῷ
2014 831 2116 877 εἴδει,
2134 833 2192 870 καὶ
2208 835 2335 885 ὡραῖος

1303 891 1345 939 τῇ
1367 888 1457 941 ὄψει.
1479 888 1583 928 ’Έστι
1602 892 1670 945 γὰρ
1687 892 1746 929 καὶ
1762 892 1836 929 νέον
1852 892 1934 929 ὅντα
1967 892 2015 942 μὴ
2047 896 2238 939 κεκτῆσθαι
2269 894 2333 942 τὴν

1302 954 1361 987 τοῦ
1378 950 1540 1003 σώματος
1563 953 1762 1005 εὐμορφίαν.
1789 947 1901 997 Οὗτος
1920 953 1954 991 δὲ
1973 953 2062 1004 μετὰ
2084 959 2147 1002 τῆς
2173 955 2335 1003 νεότητος

1304 1011 1362 1048 καὶ
1378 1012 1482 1055 καλὸς
1503 1007 1545 1059 ἦν
1556 1016 1606 1066 τῷ
1623 1014 1728 1062 εἴδει,
1747 1013 1805 1052 καὶ
1818 1017 1944 1067 ὡραῖος
1963 1018 2006 1061 τῆ
2026 1015 2102 1066 ὄψει
2114 1045 2123 1062 ,
2135 1016 2194 1053 καὶ
2210 1016 2334 1068 σχεδὸν

1302 1073 1338 1110 ἐν
1359 1074 1452 1125 αὐτῷ
1470 1076 1534 1119 τῆς
1551 1074 1690 1120 ἡλικίας
1709 1078 1758 1127 τῷ
1779 1074 1872 1113 ἄνθει
1892 1075 2072 1127 τυγχάνων
2086 1104 2096 1122 ,
2131 1077 2249 1120 δοῦλος
2275 1077 2334 1115 καὶ

1304 1134 1526 1186 αἰχμάλωτος
1552 1136 1698 1186 ἐγένετο.
1728 1135 1914 1174 Δεκαεπτὰ
1935 1137 2021 1174 ἐτῶν
2039 1136 2107 1189 γὰρ
2133 1132 2187 1184 ἦν,
2216 1138 2334 1190 φησὶν,

1254 1202 1278 1232 C
1301 1194 1406 1241 ἡνίκα
1422 1196 1585 1249 κατήχθη
1599 1198 1646 1241 εἷς
1664 1196 1852 1249 Αἴγυπτον.
1871 1190 1961 1235 Εἶτα
1981 1199 2015 1235 ἐν
2032 1200 2118 1248 αὐτῇ
2137 1201 2180 1250 τῇ
2196 1198 2333 1251 καμίνῳ

1302 1259 1363 1302 τῆς
1382 1256 1541 1305 νεότητος
1556 1259 1777 1311 γεγενημένῳ
1801 1257 1996 1296 ἐπιτίθεται
2015 1261 2036 1305 ἡ
2058 1258 2250 1303 ἀκόλαστος
2266 1261 2332 1297 Αἷ-

1300 1320 1449 1369 γυπτία,
1464 1323 1486 1366 ἡ
1504 1318 1668 1358 δέσποινα
1688 1322 1791 1358 αὐτοῦ
1819 1319 2052 1371 γεγενημένη,
2074 1320 2133 1358 καὶ
2150 1319 2227 1359 οὐδὲ
2244 1320 2334 1359 οὕτω

1301 1381 1517 1434 περιεγένετο
1532 1386 1594 1429 τῆς
1609 1382 1766 1435 ἀνδρείας
1784 1385 1844 1420 τοῦ
1861 1382 2011 1420 δικαίου·
2038 1376 2113 1420 εἶτα
2137 1383 2177 1421 τὸ
2196 1383 2332 1433 δεσμω-

1301 1441 1435 1495 τήριον,
1457 1442 1516 1481 καὶ
1546 1446 1568 1489 ἧ
1586 1443 1643 1481 ἐπὶ
1661 1447 1824 1482 τοσοῦτον
1849 1443 1973 1497 χρόνον
1993 1446 2063 1482 ἐκεῖ
2087 1443 2330 1495 ταλαιπωρία·

1300 1504 1359 1541 καὶ
1379 1503 1480 1554 ἔμενε
1507 1504 1665 1558 καθάπερ
1694 1505 1848 1556 ἀδάμας,
1881 1506 1918 1544 οὐ
1942 1504 2044 1555 μόνον
2078 1505 2115 1542 οὖ
2152 1505 2331 1556 γινόμενος

1300 1566 1542 1619 ἀσθενέστερος
1553 1596 1562 1612 ,
1579 1566 1670 1605 ἀλλὰ
1682 1566 1741 1604 καὶ
1754 1566 1898 1604 πλείονα
1913 1566 2012 1618 ἰσχὺν
2029 1566 2325 1618 προσλαμβάνων.

1303 1619 1389 1677 Εἶχε
1420 1626 1487 1679 γὰρ
1515 1631 1698 1678 νευροῦσαν
1736 1627 1836 1665 αὐτὸν
1869 1626 1934 1672 τὴν
1966 1627 2095 1664 ἄνωθεν
2117 1626 2232 1679 χάριν.
2255 1628 2326 1666 Καὶ

1301 1686 1420 1733 ἐπειδὴ
1449 1687 1635 1739 προλαὸὼν
1655 1687 1699 1726 τὰ
1718 1689 1801 1739 παρ’
1834 1689 1956 1724 ἑαυτοῦ
1976 1686 2091 1724 πάντα
2112 1687 2324 1735 ἐπεδείξατο,

1302 1748 1358 1786 διὰ
1378 1752 1479 1787 τοῦτο
1495 1749 1564 1787 ἀπὸ
1585 1752 1644 1787 τοῦ
1663 1748 1902 1800 δεσμωτηρίου
1923 1748 1980 1786 ε’πὶ
2003 1747 2066 1796 τὴν
2085 1748 2197 1802 ἀρχὴν
2210 1748 2327 1797 πάσης

1300 1811 1459 1849 ἐκαλεῖτο
1477 1813 1540 1857 τῆς
1559 1810 1751 1862 Αἰγύπτου.

1354 2045 1477 2081 Ταῦτα
1497 2042 1678 2085 ἀκούοντες
1695 2040 1870 2092 μηδέποτε
1895 2043 1929 2080 ἐν
1949 2046 2025 2084 ταῖς
2043 2039 2200 2092 θλίψεσιν
2229 2041 2326 2079 ἀπα-

1253 2121 1276 2149 1)
1299 2104 1510 2156 γορεύωμεν,
1538 2103 1625 2154 μηδὲ
1647 2109 1717 2146 τοῖς
1742 2102 1880 2146 οἰκείοις
1913 2104 2093 2153 λογισμοῖς
2112 2103 2326 2141 κατακολου-

1300 2170 1436 2210 θοῦντες
1459 2167 1772 2217 δυσανασχετῶμεν
1786 2181 1793 2187 ·
1810 2163 1900 2201 ἀλλὰ
1915 2163 2048 2210 πολλὴν
2069 2163 2131 2209 τὴν
2149 2163 2327 2214 ὑπομονὴν

1300 2225 1572 2276 ἐπιδεικνύμενοι
1590 2228 1633 2276 τῇ
1651 2224 1766 2263 ἐλπίδι
1786 2223 1990 2276 τρεφώμεθα
2002 2254 2012 2271 ,
2036 2223 2162 2267 εἰδότες
2179 2227 2237 2261 τοῦ
2258 2225 2324 2262 Δε-

1300 2287 1428 2326 σπότου
1458 2290 1559 2338 ἡμῶν
1588 2285 1628 2323 τὸ
1666 2285 1880 2338 εὐμήχανον,
1913 2284 1971 2322 καὶ
2000 2284 2053 2323 ὅτι
2083 2286 2120 2323 οὐ
2155 2287 2326 2337 περιορῶν

1298 2352 1391 2398 ἡμᾶς
1411 2346 1672 2397 καταλιμπάνει
1687 2353 1811 2398 πεῖραν
1830 2345 1948 2384 λαὸεῖν
1959 2349 2027 2383 τῶν
2046 2348 2224 2399 λυπηρῶν,
2236 2346 2326 2384 ἀλλὰ

1302 2409 1508 2460 βουλόμενος
1533 2411 1626 2459 ἡμᾶς
1649 2407 1926 2459 ἀγωνισαμένους
1952 2406 2114 2459 λαμπρὸν
2146 2407 2327 2455 ἀναδήσα-

1301 2473 1380 2508 σθαι
1395 2470 1452 2508 τὸν
1473 2468 1653 2521 στέφανον.
1667 2467 1771 2506 Οὕτω
1787 2468 1913 2512 πάντες
1927 2471 1957 2506 οἱ
1972 2468 2062 2519 ἅγιοι
2074 2468 2322 2519 εὐδοκίμησαν.

1300 2531 1368 2568 Διὰ
1385 2534 1489 2570 τοῦτο
1505 2530 1564 2568 καὶ
1589 2533 1620 2568 οἱ
1640 2529 1827 2567 ἀπόστολοι
1849 2529 1964 2580 ἔλεγον
1979 2545 1986 2553 ·
2007 2529 2074 2567 Διὰ
2094 2530 2231 2567 πολλῶν
2252 2529 2327 2567 θλί-

1300 2594 1392 2644 ψεων
1421 2594 1469 2630 δεῖ
1488 2597 1582 2643 ἡμᾶς
1601 2592 1765 2629 εἰσελθεῖν
1787 2593 1835 2634 εἰς
1864 2590 1926 2637 τὴν
1949 2590 2125 2641 βασιλείαν
2142 2595 2201 2629 τοῦ
2220 2592 2324 2628 Θεοῦ.

1303 2653 1369 2691 Καὶ
1389 2655 1490 2698 αὐτὸς
1520 2657 1537 2692 ὁ
1568 2652 1718 2702 Χριστὸς
1738 2651 1835 2703 ἔλεγε
1866 2657 1936 2694 τοῖς
1971 2654 2161 2702 μαθηταῖς·
2184 2653 2247 2690 Ἐν
2275 2656 2327 2704 τῷ

1254 2725 1277 2754 Ε
1300 2714 1422 2767 κόσμῳ
1437 2714 1551 2767 θλίψιν
1569 2714 1673 2758 ἕξετε.
1689 2712 1751 2760 Μὴ
1772 2712 1884 2750 τοίνυν
1908 2712 2140 2764 ἀσχάλλωμεν
2161 2711 2245 2762 πρὸς
2264 2711 2326 2756 τὰς

1301 2777 1431 2829 θλίψεις
1443 2807 1452 2824 ,
1468 2777 1544 2814 ἀλλ’
1567 2774 1749 2825 ἀκούωμεν
1768 2772 1911 2811 Παύλου
1929 2773 2088 2824 λέγοντος
2100 2801 2109 2819 ,
2124 2773 2178 2812 ὅτι
2199 2776 2246 2812 Οἱ
2273 2773 2326 2812 θέ-

1298 2838 1414 2881 λοντες
1433 2840 1493 2889 ζῇν
1513 2835 1662 2879 εὖσεὸῶς
1678 2837 1712 2873 ἐν
1730 2835 1872 2886 Χριστῷ
1892 2833 2027 2882 Ἰησοῦ,
2058 2834 2324 2887 διωχθήσονται.

1299 2898 1369 2936 Καὶ
1386 2898 1435 2950 μὴ
1454 2897 1661 2948 ξενιζώμεθα
1673 2926 1682 2944 ,
1703 2897 1790 2947 μηδὲ
1810 2895 2108 2949 δυσχεραίνωμεν,
2128 2895 2218 2934 ἀλλὰ
2234 2895 2324 2947 μετὰ

1298 2959 1412 3008 πάσης
1428 2959 1586 3013 ἀνδρείας
1601 2959 1659 2997 καί
1680 2960 1855 3009 ὑπομονῆς
1870 2957 1913 2995 τὰ
1939 2956 2138 3008 ἐπαγόμενοι
2152 2957 2324 3009 φέρωμεν,

1299 3020 1346 3070 μὴ
1365 3021 1450 3074 πρὸς
1465 3021 1526 3064 τὰς
1548 3020 1679 3072 θλίψεις
1697 3021 1910 3072 ἀφορῶντες,
1930 3017 2019 3056 ἀλλὰ
2038 3017 2123 3070 πρὸς
2147 3018 2186 3056 τὸ
2205 3017 2324 3070 κέρδος

1297 3085 1336 3124 τὸ
1356 3089 1440 3135 ἡμῖν
1463 3085 1615 3121 ἐντεῦθεν
1647 3080 1897 3131 συλλεγόμενον
1913 3096 1920 3103 ·
1941 3079 2092 3130 ἐμπορία
2127 3079 2194 3131 γάρ
2228 3081 2322 3117 ἐστιν

1297 3147 1384 3192 αὕτη
1407 3142 1639 3194 πνευματική.
1669 3142 1737 3180 Καὶ
1754 3142 1912 3194 καθάπερ
1934 3144 1965 3179 οἱ
1984 3140 2028 3178 τὰ
2048 3140 2218 3193 χρήματα
2239 3142 2323 3178 συλ-

1294 3208 1408 3259 λέγειν
1427 3205 1650 3258 βουλόμενοι,
1666 3202 1725 3242 καὶ
1746 3201 1808 3249 τὴν
1830 3201 1998 3254 ἐμπορίαν
2012 3202 2142 3248 ταύτην
2155 3200 2218 3247 τὴν
2240 3203 2322 3251 βιω-

1295 3268 1393 3316 τικὴν
1430 3266 1624 3318 μετιόντες,
1659 3267 1719 3304 οὐκ
1754 3264 1793 3301 ἂν
1825 3263 1950 3315 ἑτέρως
1982 3264 2153 3310 δυνηθεῖεν
2175 3261 2323 3309 αὐξῆσαι

1295 3331 1356 3378 τὴν
1377 3328 1504 3366 οἰκείαν
1527 3325 1742 3380 περιουσίαν,
1760 3327 1789 3362 εἷ
1810 3323 1858 3375 μὴ
1875 3322 2023 3366 πολλοὺς
2048 3323 2222 3366 κινδύνους
2240 3326 2321 3360 ὑπο-

1298 3391 1428 3440 μένοιεν
1450 3388 1538 3427 κατὰ
1558 3391 1620 3436 γῆν
1640 3386 1697 3424 καὶ
1709 3384 1799 3424 κατὰ
1811 3385 1988 3423 θάλασσαν
2006 3383 2086 3432 (καὶ
2104 3383 2169 3435 γὰρ
2181 3385 2320 3435 λῃστῶν
