2516 3791
666 238 706 267 ΙΝ
743 236 843 267 CAP-

85 322 230 369 πολλήν·
263 321 329 360 ὑπὸ
358 323 418 358 τοῦ
453 322 556 370 λιμοῦ
588 320 934 372 καταναγκαζόμενοι
963 318 1020 358 ἐπὶ
1048 317 1105 356 τὸν

84 383 228 434 βασιλέα
247 382 398 436 ἔτρεχον.
418 382 508 420 Ἀλλ’
530 380 594 434 ὅρα
613 381 733 420 τούτου
750 381 813 429 τὴν
828 380 1104 433 εὐγνωμοσύνην.

85 439 170 484 Εἷπε
188 445 223 485 δὲ
238 445 378 497 Φαραὼ
397 450 468 488 τοῖς
488 443 692 496 Αἰγυπτίοις
705 459 712 466 ·
733 443 919 496 πορεύεσθε
942 442 1029 497 πρὸς
1047 441 1104 479 τὸν

80 507 221 559 Ἰωσήφ·
242 507 301 545 καὶ
316 505 334 544 ὃ
350 505 408 545 ἐὰν
425 505 507 558 εἴπῃ
525 507 621 556 ὑμῖν,
641 505 810 551 ποιήσατε
822 521 830 528 ·
847 503 1029 556 μονονουχὶ
1049 502 1105 541 λέ-

78 585 165 620 γων·
191 568 225 607 τί
243 569 327 620 πρὸς
353 567 415 618 ἐμὲ
435 567 627 620 κεχήνατε;
646 568 728 619 Οὐχ
748 570 851 618 ὁρᾶτε
871 565 924 604 ὅτι
943 564 1012 617 ἐγὼ
1041 563 1104 615 μὲν

78 632 198 675 ἁπλῶς
223 630 263 668 τὸ
287 632 410 682 σχῆμα
430 629 660 681 περίκειμαι,
693 630 820 671 ἐκεῖνος
839 627 875 666 δέ
896 629 987 666 ἐστιν
1007 629 1026 664 6
1041 628 1104 672 τῆς

78 691 252 745 σωτηρίας
278 691 406 730 ἅπασιν
436 693 520 740 ἡμῖν
542 690 649 734 αἴτιος
673 689 877 743 γενόμενος,
900 687 962 735 Μὴ
990 687 1103 726 τοίνυν

76 755 206 792 ἐκεῖνον
227 752 550 804 καταλιμπάνοντες
570 751 627 790 ἐπ’
647 750 709 802 ἐμὲ
723 750 884 803 τρέχετε,
904 749 980 788 ἀλλ’
1000 747 1104 786 ἄπιτε

76 815 162 868 πρὸς
187 818 316 854 ἐκεῖνον
329 830 337 838 ·
365 814 434 853 Καὶ
454 814 472 852 ὃ
491 813 550 853 ἐὰν
571 813 651 865 εἴπῃ
671 816 765 863 ὑμῖν,
783 818 928 850 ποιεῖτε.
961 810 1102 865 Ἀνέῳξε

77 877 111 915 δὲ
139 877 269 930 Ἰωσὴφ
295 874 374 919 τοὺς
402 875 651 920 σιτοὸολῶνας,
670 874 729 914 καὶ
752 873 881 913 ἐπώλει
905 879 976 918 τοῖς
996 876 1103 926 Αἴγυν

76 938 200 982 πτίοις.
231 938 300 977 Καὶ
330 936 449 984 ἐπειδὴ
478 936 612 981 πάντας
640 935 829 987 ἐπενέμετο
859 939 918 975 τοῦ
945 937 1050 987 λιμοῦ
1080 939 1101 983 ἡ

76 1000 209 1052 ἀνάγκη
222 1028 232 1046 ,
252 1001 385 1047 Πᾶσαι,
405 999 522 1052 φησὶν,
547 1001 583 1038 αἱ
598 1001 715 1052 χῶραι
732 993 838 1046 ἦλθον
859 1000 905 1042 εἷς
926 998 1103 1051 Αἴγυπτον

78 1062 258 1114 ἀγοράζειν
282 1068 376 1100 σῖτον
390 1076 397 1084 ·
415 1060 601 1113 ἐπεκράτει
630 1061 699 1114 γὰρ
714 1064 732 1100 6
749 1060 852 1111 λιμὸς
881 1062 916 1098 ἐν
943 1060 1040 1113 πάσῃ
1059 1063 1102 1113 τῇ

74 1126 132 1174 γῇ.
152 1122 249 1175 εὈρα
270 1137 328 1174 μοι
357 1122 449 1161 κατὰ
476 1122 598 1176 μικρὸν
621 1122 733 1175 ἀρχὴν
753 1121 1002 1172 λαμὸοίνουσαν
1033 1125 1103 1161 τῶν

74 1185 259 1238 ὀνειράτων
287 1188 348 1222 τοῦ
367 1183 499 1236 Ἰωσὴφ
519 1183 582 1230 τὴν
600 1183 756 1222 ἔκὸασιν.
776 1183 1104 1236 Ἐπικρατῆσαντος

884 236 990 266 ΧΙΛΙ.
1029 233 1190 265 GFNES.

1231 233 1388 265 ιιοΜιι..
1432 235 1554 267 inv.
2047 223 2136 286 705

1183 317 1253 356 Sed
1270 332 1352 357 cum
1382 319 1541 359 molestia
1562 320 1671 360 famis
1698 321 1940 371 invalesceret,
1968 322 2135 361 clamavit

1183 379 1338 431 populus
1359 380 1404 418 ad
1422 381 1658 431 Pharaonem,
1679 396 1807 434 magna
1819 396 1959 435 pressus
1976 384 2136 435 indigen-

1182 441 1231 478 tia
1253 457 1260 478 :
1281 455 1300 479 a
1317 442 1409 480 fame
1428 443 1522 481 enim
1550 443 1723 493 coacti‚ad
1750 458 1868 496 regem
1889 455 2135 484 cucurrerunt.

1182 502 1292 540 Porro
1305 502 1388 541 vide
1408 504 1517 556 hujus
1537 504 1834 544 benevolentiam.
1857 507 1918 546 55.
1940 508 2054 544 Dixit
2071 522 2140 545 au-

1181 572 1255 602 tem
1269 566 1432 603 Pharao
1463 568 1660 619 JEgrptiis
1676 583 1686 604 .·
1726 570 1786 606 Ite
1819 570 1874 606 ad
1894 570 1925 607 J
1924 570 2037 621 oseplz
2050 586 2063 613 ,·
2102 578 2138 608 et

1180 626 1373 679 quidquid
1390 628 1530 666 dixerit
1552 630 1679 675 vobis,
1695 630 1821 681 facite
1835 645 1845 665 :
1867 629 1968 680 quasi
1986 629 2136 668 diceret:

1180 686 1281 733 Quid
1303 701 1360 725 me
1380 688 1588 741 suspicitis?
1603 690 1681 727 Non
1705 689 1837 727 videtis
1854 705 1910 729 me
1929 691 2021 742 regis
2038 691 2139 729 habi-

1180 758 1256 787 tum
1271 749 1460 788 dumtaxat
1476 760 1624 801 gestare,
1647 751 1822 803 illumque
1850 752 1951 790 nobis
1970 753 2137 791 omnibus

1130 815 1154 845 E
1179 811 1303 849 salutis
1319 820 1498 850 auctorem
1512 813 1740 851 i'aetun1?Ne
1755 813 1867 865 igitur
1882 814 1942 852 illo
1953 814 2076 853 relicto
2090 815 2138 854 ad

1180 886 1236 911 me
1247 873 1414 920 curratis,
1428 873 1490 912 sed
1508 874 1604 912 abite
1618 874 1665 912 ad
1683 874 1801 921 illum,
1820 877 1873 914 Et
1887 891 2138 930 quoecumque

1179 935 1323 974 dixerit
1343 937 1625 989 vobis,sacite.
1650 937 1715 974 56.
1734 937 1904 989 Aperuit
1920 948 2050 977 autem
2067 941 2136 977 Jo-

1179 998 1270 1049 seph
1283 998 1435 1043 horrea,
1447 1006 1483 1035 et
1495 999 1672 1035 vendidi!
1686 999 1896 1051 AEgrptiis.
1912 999 1957 1038 Et
1967 1001 2137 1052 quoniam

1178 1072 1300 1097 omnes
1319 1060 1548 1097 consumebat
1562 1059 1667 1098 famis
1684 1060 1885 1106 necessitas,
1897 1063 1959 1100 57.
1977 1064 2045 1100 0111
2053 1076 2133 1109 nes,

1179 1119 1310 1171 inquit,
1344 1123 1555 1172 provinciae
1592 1123 1803 1160 ‘veniebant
1833 1124 1874 1159 in
1903 1124 2133 1175 AEgyplum‚

1179 1190 1221 1220 ut
1257 1191 1426 1221 emerent
1443 1183 1694 1236 frumentum
1729 1199 1739 1219 .·
1772 1185 1996 1223 invaluerat
2015 1188 2133 1232 enim,

73 1249 140 1300 γὰρ
165 1251 225 1286 τοῦ
253 1248 381 1297 λιμοῦ,
411 1247 470 1284 καὶ
488 1245 746 1289 καταλαόόντος
775 1245 835 1284 καὶ
859 1244 924 1293 τὴν
944 1246 1102 1294 Χαναὰν,
1117 1243 1310 1304 ewinquit,
1340 1246 1469 1296 sames
1500 1258 1613 1296 super
1649 1258 1802 1282 omnem
1835 1253 1993 1283 terram.
2026 1245 2136 1295 Vide,

75 1308 154 1346 ἔνθα
177 1309 329 1361 κατῴκει
347 1311 365 1346 ὁ
383 1307 513 1347 Ἰακὼὸ
535 1311 552 1346 ὃ
578 1306 701 1346 τούτου
725 1307 863 1360 πατὴρ,
889 1307 1022 1346 Μαθὼν
1047 1307 1102 1347 ὅτι
1129 1317 1154 1347 Α
1178 1305 1338 1355 obsecro,
1373 1305 1551 1357 quomodo
1577 1305 1752 1358 paulatim
1780 1315 1948 1345 eventum
1978 1308 2138 1361 accipere

74 1370 147 1409 ἐστὶ
160 1377 288 1423 πρᾶσις
300 1369 395 1409 σίτου
411 1371 447 1408 ἐν
460 1368 629 1421 Αἰγύπτῳ
639 1400 649 1417 ,
665 1363 758 1418 εἶπε,
773 1368 859 1422 φησὶ
870 1399 879 1417 ,
893 1375 966 1414 τοῖς
980 1371 1102 1409 παισὶν

74 1431 179 1470 αὐτοῦ
191 1447 199 1454 ·
218 1430 274 1468 ἵνα
289 1430 324 1469 τί
338 1434 542 1484 ῥᾳθυμεῖτε;
563 1429 652 1469 Ἰδοὺ
671 1430 808 1477 ἀκήκοα
820 1460 830 1477 ,
846 1430 900 1468 ὅτι
915 1431 989 1469 ἐστὶ
1007 1436 1102 1475 σῖτος

73 1495 107 1532 ἐν
141 1492 321 1545 Αἰγύπτῳ.
339 1492 528 1540 Κατάὸητε
544 1491 715 1545 πρίασθαι
745 1494 830 1543 ἡμῖν
865 1492 976 1545 μικρὰ
1003 1491 1100 1547 βρώ-

73 1570 188 1604 ματα,
209 1555 264 1594 ἵνα
286 1557 415 1606 ζῶμεν,
442 1554 501 1593 καὶ
526 1553 575 1606 μὴ
607 1553 849 1605 ἀποθάνωμεν.
884 1553 954 1602 Τί,
983 1555 1100 1607 φησὶν,

72 1618 220 1656 ἐνταῦθα
246 1617 420 1665 κάθησθε;
448 1615 571 1656 Ἄπιτε
591 1618 639 1660 εἷς
657 1615 720 1664 τὴν
742 1616 934 1669 Αἴγυπτον,
964 1617 1024 1655 καὶ
1056 1616 1102 1655 τὰ

72 1678 157 1730 πρὸς
188 1678 377 1730 διατροφὴν
409 1682 494 1729 ἡμῖν
530 1677 703 1728 κομίζετε.
734 1680 858 1716 Ταῦτα
893 1677 929 1716 δὲ
961 1678 1102 1717 ἅπαντα

71 1740 227 1791 ἐγίνετο,
258 1739 313 1777 ἵνα
342 1742 385 1791 τῇ
414 1739 491 1792 ὄψει
520 1738 795 1791 παραὸάλλωσιν
826 1739 966 1778 ἅπαντα
987 1743 1019 1779 οἱ
1039 1744 1099 1779 τοῦ

73 1800 205 1853 Ἰωσὴφ
222 1800 382 1853 ἀδελφοὶ,
401 1800 461 1838 καὶ
479 1798 542 1846 τὴν
568 1799 750 1852 σύγκρισιν
773 1803 833 1838 τοῦ
854 1800 1014 1840 ἐνυπνίου
1027 1831 1037 1850 ,
1056 1803 1098 1850 ἣν

72 1864 188 1906 αὐτοῖς
220 1861 436 1913 συνέκριναν,
469 1860 574 1908 ἡνίκα
611 1861 764 1908 ἤκουσαν
796 1865 856 1902 τοῦ
893 1861 1025 1916 Ἰωσὴφ
1060 1864 1100 1902 τὸ

72 1922 189 1976 ὅραμα
209 1923 458 1975 διηγουμένου,
480 1924 528 1966 εἷς
559 1922 657 1975 ἔργον
684 1923 856 1976 ἀγάγωσι.
889 1926 1098 1973 Κατέὸησαν

71 1985 151 2038 γὰρ,
186 1986 301 2038 φησὶν,
325 1988 357 2023 οἱ
377 1984 460 2023 δέκα
486 1985 646 2038 ἀδελφοὶ,
667 1985 727 2023 καὶ
752 1986 812 2024 τὸν
835 1987 1005 2039 Βενιαμὶν
1035 1988 1099 2026 οὔκ

71 2046 208 2094 ἔλαὸον,
228 2047 263 2090 ὃς
280 2040 322 2093 ἦν
351 2046 497 2099 ἀδελφὸς
516 2050 575 2084 τοῦ
598 2046 731 2100 Ἰωσὴφ
753 2048 978 2103 ὁμομήτριος.
1010 2043 1099 2089 Εἷπε

71 2108 138 2159 γὰρ
159 2110 178 2146 6
203 2107 320 2162 πατὴρ
338 2109 458 2146 αὐτοῦ·
482 2107 531 2158 μή
553 2123 638 2147 ποτε
662 2108 780 2160 συμὸῇ
803 2110 898 2161 αὐτῷ
920 2110 1096 2161 μαλακία·

70 2168 128 2206 διὰ
150 2170 189 2208 τὸ
216 2169 328 2221 ἄωρον
349 2172 411 2215 τῆς
432 2169 571 2215 ἡλικίας
592 2169 755 2222 ἐφείσατο
777 2173 837 2208 τοῦ
853 2171 988 2215 παιδός.
1010 2170 1096 2210 Ἐλ-

69 2229 183 2273 Οόντες
199 2230 254 2277 δὲ,
275 2230 434 2284 καθάπερ
453 2230 608 2283 ἄρχοντα
631 2233 697 2278 τῆς
718 2231 898 2284 Αἰγύπτου
919 2232 1094 2286 προσεκύ-

69 2306 177 2337 νησαν
196 2291 255 2330 τὸν
277 2291 409 2345 Ἰωσὴφ
437 2292 495 2330 ἐπὶ
520 2291 708 2345 πρόσωπον
739 2293 798 2332 ἐπὶ
823 2294 887 2342 τὴν
918 2298 996 2347 γῆν.
1023 2296 1094 2335 Καὶ

68 2356 126 2390 νῦν
152 2353 214 2403 μὲν
245 2355 332 2398 τέως
367 2356 569 2407 ἀγνοοῦντες
603 2354 743 2394 ἅπαντα
775 2360 886 2396 ταῦτα
921 2363 1093 2398 ποιοῦσιν.

69 2413 215 2461 Ἐπειδὴ
249 2414 317 2467 γὰρ
347 2417 408 2454 οὐκ
437 2415 551 2467 ὀλίγος
579 2415 718 2468 γέγονεν
743 2419 762 2456 6
790 2417 918 2469 μεταξὺ
948 2419 1094 2473 χρόνος,

69 2475 183 2513 οὐκέτι
196 2475 253 2514 τὸν
265 2480 475 2529 χαρακτῆρα
487 2481 548 2516 τοῦ
562 2478 711 2531 ἀδελφοῦ
727 2479 972 2532 ἐπεγίνωσκον.
992 2481 1098 2526 Εἰκὸς

68 2535 135 2588 γὰρ
161 2540 195 2576 ἐν
221 2537 343 2591 ἡλικία
363 2538 465 2577 αὐτὸν
489 2538 674 2590 γενόμενον
703 2541 898 2592 ἐναλλαγήν
927 2558 1007 2581 τινα
1035 2547 1096 2582 τοῦ

1178 1366 1350 1420 incipiant
1370 1368 1506 1406 somnia
1531 1367 1677 1420 Joseph.
1706 1368 1800 1407 Nam
1833 1369 1896 1407 ubi
1934 1370 2045 1409 fames
2076 1372 2135 1410 in-

1177 1428 1306 1478 valuit,
1340 1438 1374 1468 et
1408 1430 1598 1482 occupavit
1626 1439 1756 1468 terram
1791 1430 1976 1482 Chanaan,
2002 1432 2039 1470 in
2067 1447 2137 1484 qua

1176 1489 1364 1529 habitabat
1382 1491 1493 1531 Jacob
1513 1491 1623 1544 hujus
1637 1500 1749 1544 pater,
1769 1492 1830 1544 qui
1851 1495 1888 1530 1.
1919 1495 2137 1547 Postquam
2155 1503 2230 1544 Cap.
2250 1502 2301 1544 42.

1176 1553 1315 1590 didicit
1334 1555 1377 1590 in
1413 1554 1586 1605 AEgypto
1593 1554 1847 1607 frumentum
1882 1557 2130 1603 venumdari,

1176 1614 1290 1662 dixit,
1308 1614 1439 1666 inquit,
1453 1615 1559 1668 filiis
1579 1617 1658 1653 suis
1677 1631 1687 1651 :
1711 1616 1841 1665 Quare
1865 1630 1998 1669 segnes
2018 1621 2134 1657 estis?

1175 1677 1214 1713 9.
1241 1677 1345 1714 Ecce
1361 1676 1497 1713 audivi
1516 1677 1878 1729 quodsrzcmentzcm
1890 1681 1939 1715 sit
1955 1681 1996 1716 in
2010 1680 2134 1731 AEgy·

1172 1744 1254 1788 pto.
1282 1737 1528 1783 Descendite‚
1561 1746 1603 1775 ut
1622 1741 1852 1790 comparetis
1875 1741 1985 1777 nobis
2004 1754 2134 1791 pauca

1173 1800 1338 1844 cibaria,
1362 1807 1403 1836 ut
1418 1801 1615 1846 vivamus,
1633 1808 1670 1837 et
1684 1813 1761 1837 non
1776 1803 2000 1839 moriamur.
2017 1801 2130 1848 Quid,

1173 1859 1305 1911 inquit,
1322 1860 1383 1898 hic
1411 1859 1565 1898 sedetis?
1584 1860 1690 1899 Abite
1709 1860 1745 1898 in
1775 1861 1989 1915 AEgyptum,
2013 1873 2047 1901 et
2065 1863 2132 1902 ali-

1174 1931 1290 1960 menta
1306 1921 1409 1961 nobis
1421 1922 1555 1961 afferte.
1569 1923 1654 1961 Haec
1669 1932 1788 1961 autem
1801 1923 1919 1962 omnia
1934 1925 2025 1963 facta
2036 1935 2131 1975 sunt,

1127 1999 1150 2030 Β
1174 1991 1214 2022 ut
1232 1983 1356 2022 fratres
1376 1984 1508 2037 Joseph
1519 1984 1734 2037 visioniejus
1744 1985 1861 2023 omnia
1870 1985 2130 2025 ministrarent:

1175 2054 1208 2084 et
1221 2046 1552 2100 interpretationem
1565 2046 1694 2085 somnii
1710 2061 1817 2097 quam
1830 2047 1897 2100 ipsi
1914 2048 2132 2101 conjectave-

1175 2116 1269 2158 rant,
1288 2122 1369 2146 cum
1385 2107 1552 2146 audirent
1566 2107 1699 2160 Joseph
1717 2107 1897 2146 somnium
1913 2119 2131 2158 narrantem,

1173 2170 1374 2224 implerent.
1392 2172 1428 2209 5.
1437 2170 1731 2209 Descenderam
1740 2169 1847 2219 enim,
1858 2170 1988 2221 inquit,
2000 2172 2131 2209 decem

1169 2233 1332 2285 fratres,
1355 2233 1394 2270 4.
1419 2240 1456 2270 et
1472 2233 1684 2285 Benjamin
1706 2245 1784 2268 non
1799 2241 2043 2283 acceperunt,
2068 2233 2129 2284 qui

1172 2302 1248 2331 erat
1272 2293 1381 2331 frater
1414 2293 1548 2346 Joseph
1582 2307 1627 2331 ex
1643 2291 1768 2331 eadem
1806 2302 1929 2332 matre.
1962 2295 2131 2333 Dicebat

1171 2358 1275 2395 enim
1282 2364 1398 2408 pater
1406 2358 1489 2409 ejus
1505 2371 1516 2392 :
1533 2356 1594 2394 Ne
1604 2356 1713 2409 forte
1724 2357 1879 2394 accidat
1889 2359 1925 2394 ei
1941 2356 2128 2409 languor:

1170 2431 1320 2472 parcens
1340 2431 1464 2470 puero,
1485 2431 1525 2455 eo
1545 2416 1643 2468 quod
1679 2426 1782 2456 aetate
1818 2417 2009 2456 immatura
2042 2429 2128 2457 erat.

1171 2481 1209 2520 6.
1226 2481 1423 2518 Venerunt
1435 2488 1579 2527 autem,
1597 2488 1635 2517 et
1647 2480 1678 2518 J
1677 2481 1792 2532 oseph
1808 2482 1907 2518 sicut
1914 2483 2130 2534 principem

1171 2541 1336 2595 AEgypti
1354 2541 1619 2579 adoraverunt
1641 2554 1755 2592 super
1767 2541 1913 2592 faciem
1943 2555 2055 2580 suam
2087 2546 2128 2580 in

68 2601 290 2650 χαρακτῆρος
304 2599 532 2651 ἐργάσασθαι.
553 2599 605 2638 Τὸ
625 2599 660 2639 δὲ
678 2600 758 2640 ὅλον
773 2594 947 2652 οἶμαικαὶ
967 2606 1099 2643 οἷκονο-
1121 2616 1145 2647 c
1172 2610 1291 2642 terra.
1315 2602 1363 2640 Et
1383 2616 1477 2640 nunc
1497 2602 1701 2653 ignorantes
1735 2600 1882 2652 quidem
1913 2602 1987 2640 haec
2008 2603 2127 2641 omnia

69 2658 150 2709 μίας
169 2664 254 2698 εἶναι
270 2663 330 2698 τοῦ
358 2663 426 2698 τῶν
446 2659 610 2699 ἁπάντων
637 2663 730 2700 Θεοῦ
745 2692 755 2711 ,
774 2662 865 2701 ὥστε
880 2663 929 2715 μὴ
944 2665 1096 2713 δυνηθῆ-

67 2735 122 2758 ναι
142 2720 262 2766 αὐτοὺς
282 2721 372 2773 μήτε
391 2724 430 2761 ἐκ
452 2725 516 2770 τῆς
542 2722 745 2774 διαλέξεως,
767 2724 858 2776 μήτε
876 2727 916 2765 ἔκ
935 2730 998 2775 τῆς
1017 2727 1096 2772 θέας

69 2785 256 2835 ἐπιγνῶναι
280 2787 338 2825 τὸν
358 2787 519 2841 ἀδελφόν.
546 2787 659 2827 Πόθεν
692 2789 760 2842 γὰρ
789 2790 830 2829 ἄν
857 2806 943 2830 ποτε
964 2792 1023 2832 καὶΙ
1046 2796 1095 2838 εἰς

69 2855 145 2890 νοῦν
159 2855 260 2890 τοῦτο
278 2853 486 2902 ἐῧάλλοντο;
512 2854 583 2893 Καὶ
604 2854 672 2907 γὰρ
697 2856 852 2907 ἐνόμιζον
876 2857 978 2897 αὐτὸν
996 2859 1095 2912 παρὰ

66 2924 138 2962 τοῖς
154 2918 400 2969 Ἰσμαηλίταις
416 2920 555 2968 οἰκέτην
569 2921 754 2973 γενόμενον
772 2924 894 2963 λοιπὸν
913 2924 976 2973 τὴν
996 2925 1094 2979 παρὰ

68 2991 137 3028 τοῖς
163 2985 354 3038 βαρὸάροις
379 2988 535 3026 δουλείαν
565 2989 762 3040 ὑπομένειν.
790 2991 861 3030 Καὶ
900 2991 998 3031 αὐτοὶ
1031 2992 1093 3044 μὲν

67 3051 161 3091 οὐδὲν
182 3057 334 3092 τοιοῦτον
349 3053 424 3093 οὐδὲ
442 3057 488 3098 εἷς
507 3055 660 3094 διάνοιαν
674 3057 794 3096 λαὸεἰν
815 3059 1015 3106 δυνηθέντες
1033 3062 1094 3099 οὐκ

68 3121 300 3172 ἐπεγίνωσκον
320 3122 378 3160 τὸν
398 3121 543 3175 Ἰωσήφ.
569 3123 678 3167 Αὐτὸς
704 3124 739 3162 δὲ
763 3130 986 3179 παραχρῆμα
1009 3131 1092 3167 θεα-

69 3189 216 3240 σάμενος
234 3190 355 3235 αὐτοὺς
376 3191 523 3244 ἐπέγνω,
543 3193 602 3231 καὶ
620 3193 798 3233 λανθάνειν
815 3195 1016 3242 ἐσπούδαζε,
1034 3199 1094 3236 καὶ

69 3258 114 3299 ὡς
131 3256 323 3308 ἀλλοτρίοις
343 3260 457 3302 αὐτοῖς
484 3259 742 3312 προσφέρεσθαι
769 3260 942 3301 ἐὸούλετο.
963 3263 1094 3304 Ἠλλο-
1119 3279 1142 3309 ι)

69 3326 206 3374 τριοῦτο
224 3324 304 3376 γὰρ,
321 3326 438 3378 φησὶν,
465 3328 525 3366 ἀπ’
547 3329 675 3377 αὐτῶν,
703 3328 763 3366 καὶ
789 3329 957 3373 ἐλάλησεν
978 3333 1094 3376 αὐτοῖς

70 3393 207 3444 σκληρά
219 3408 226 3415 ·
242 3393 300 3431 καὶ
314 3388 401 3433 εἶπε·
417 3395 520 3434 πόθεν
533 3396 660 3444 ἤκατε,
674 3397 925 3448 Προσποιεῖται
938 3402 1093 3445 παντελῆ

71 3460 222 3510 ἄγνοιαν,
241 3460 296 3499 ἵνα
312 3462 426 3501 πάντα
443 3463 531 3513 μετὰ
547 3463 726 3515 ἀκριὸείας
739 3466 823 3516 παρ’
842 3467 955 3504 αὐτῶν
972 3470 1092 3517 μαθεῖν

1170 2664 1317 2703 faciunt.
1339 2665 1432 2702 Nam
1451 2663 1535 2714 quia
1549 2663 1705 2701 multum
1727 2663 1896 2714 temporis
1927 2663 2125 2702 intercesse-

1170 2735 1240 2774 rat,
1256 2724 1382 2763 facicm
1408 2722 1530 2761 fratris
1556 2737 1625 2761 non
1657 2733 1888 2775 agnoverunt.
1921 2725 2128 2764 Yerisimilc

1169 2787 1265 2826 enim
1278 2795 1340 2835 est,
1355 2786 1525 2838 juvenem
1543 2784 1642 2833 olim,
1660 2798 1755 2822 nune
1770 2784 2000 2823 immutatum
2013 2787 2125 2825 forma

1168 2848 1290 2887 fuisse.
1312 2847 1426 2898 quue
1446 2855 1562 2884 totum
1579 2845 1708 2896 opinor
1727 2845 1860 2884 divinae
1882 2846 2123 2899 dispensatio-

1168 2910 1224 2949 nis
1236 2909 1354 2957 fuisse,
1375 2908 1424 2946 ita
1447 2916 1486 2945 ut
1510 2921 1579 2945 non
1606 2907 1787 2959 potuerint
1803 2907 1860 2947 vel
1888 2923 1934 2947 ex
1951 2923 2124 2958 sermone,

1168 2971 1226 3012 vel
1241 2986 1286 3010 ex
1316 2979 1462 3022 aspectu
1495 2970 1640 3007 fratrem
1668 2982 1868 3021 agnoscere.
1890 2971 1998 3009 Unde
2029 2973 2124 3010 enim

1170 3047 1341 3085 umquam
1363 3032 1399 3070 in
1419 3031 1512 3070 hanc
1525 3030 1729 3083 opinionem
1753 3033 1957 3071 venissent?
1981 3033 2123 3073 Etenim

1167 3095 1341 3149 putabant
1355 3107 1435 3131 eum
1450 3092 1550 3145 apud
1568 3093 1767 3132 Ismaelitas
1788 3094 1922 3132 factum
1961 3109 2120 3139 servum,

1168 3157 1371 3207 servireque
1401 3153 1498 3207 apud
1526 3154 1714 3205 barbaros,
1754 3155 1850 3194 unde
1882 3156 1974 3194 nihil
2006 3157 2124 3195 simile

1167 3218 1240 3256 illis
1255 3217 1313 3257 vel
1335 3216 1371 3255 in
1387 3225 1541 3254 mentem
1555 3215 1679 3254 venire
1691 3225 1828 3270 poterat
1846 3233 1854 3254 :
1877 3227 1910 3256 et
1926 3231 1994 3255 non
2012 3231 2121 3269 agno-

1169 3287 1296 3318 verunt
1312 3277 1454 3330 Joseph.
1470 3276 1551 3329 Ipse
1566 3291 1651 3316 vero
1681 3278 1801 3315 statim
1823 3287 1861 3315 ut
1883 3278 1988 3325 vidit,
2010 3291 2120 3327 agno-

1170 3342 1219 3380 vit
1242 3354 1326 3378 eos:
1349 3348 1381 3377 et
1401 3348 1439 3377 ut
1463 3339 1687 3391 ignoraretur
1714 3339 1868 3385 studuit,
1899 3353 1938 3377 ac
1966 3353 2046 3376 cum
2074 3340 2123 3376 eis

1169 3402 1270 3455 qnasi
1289 3415 1371 3439 cum
1387 3400 1511 3439 alienis
1526 3414 1630 3452 agere
1645 3401 1772 3439 voluit.
1792 3402 1828 3437 7.
1855 3400 2121 3437 :lbalienabut

1172 3464 1266 3503 cuim
1283 3477 1322 3502 se
1336 3465 1384 3501 ab
1403 3465 1471 3511 eis,
1492 3470 1527 3501 et
1544 3463 1725 3515 loquutus
1742 3471 1795 3500 es!
1809 3465 1860 3500 eis
1878 3463 1975 3499 dura
1988 3477 1998 3504 ;
2013 3469 2048 3499 et
2065 3461 2123 3498 d(-
