2516 3791
124 2764 199 2801 Γαρ.
217 2771 263 2792 10.
276 2762 306 2792 6.

319 178 408 235 540
763 186 800 215 s.

316 288 384 325 que
413 274 541 310 frustra
563 269 780 310 vocabulum
806 266 937 305 indidit
953 267 1038 310 No'e,
1053 262 1113 300 sed
1132 260 1263 298 vatici—

316 343 419 372 natus
438 343 488 370 est
511 346 572 385 per
591 344 716 371 nomen
743 330 902 366 futurum
923 323 1103 363 diluvium
1124 336 1131 356 :
1151 319 1266 356 multo

839 182 1022 216 JOANNIS
1057 178 1298 212 CHRYSOST.
1337 175 1542 205 ARCHOEP.
1582 171 1936 204 CONSTANTINOP.

1333 255 1410 294 οὐδὲ
1430 258 1505 306 εἰκῇ
1525 255 1587 302 τὴν
1608 255 1843 308 προσηγορίαν
1861 257 1956 307 αὐτῷ
1975 254 2152 301 ἐπέθηκεν,
2165 251 2252 292 ἀλλὰ
2276 268 2359 307 προ*

1335 315 1493 368 φητεύων
1512 315 1570 353 διὰ
1587 319 1647 353 τοῦ
1668 315 1835 366 ὀνόματος
1860 315 1900 353 τὸ
1922 315 2048 364 μέλλον
2069 313 2207 352 ἔσεσθαι
2227 314 2359 351 κλυδώ-

317 395 430 446 magis
453 395 569 446 justus
597 392 657 429 ille
681 404 747 427 non
769 385 988 438 simpliciter,
1005 395 1118 432 neque
1136 381 1266 417 frustra
1288 380 1312 409 Ε
1337 391 1425 414 νιον·
1442 378 1561 428 πολλῷ
1593 378 1724 427 μᾶλλον
1753 379 1770 414 ὃ
1798 375 1929 418 δίκαιος
1957 378 2055 418 οὗτος
2081 376 2143 413 οὐκ
2170 374 2210 411 ἂν
2242 375 2361 416 ἁπλῶς

315 454 577 493 benedictiones
607 449 765 502 protulit.
799 446 938 497 Opinor
967 442 1061 481 enim
1091 454 1173 478 eum
1202 439 1268 476 hos

315 516 404 554 duos
426 512 675 557 benedicendo,
691 509 844 547 duorum
870 505 1084 558 populorum
1105 500 1265 540 vocatio-

316 590 395 613 nem
416 573 616 624 significare
634 570 791 608 voluisse
806 584 812 604 :
828 577 861 605 et
871 581 935 619 per
947 566 1028 603 Sem
1043 562 1188 614 quidem
1203 562 1268 600 Ju-

315 635 429 683 dae053
449 648 493 671 ex
521 633 584 670 illo
614 631 709 669 enim
733 639 766 667 et
793 627 986 673 Abraham,
1006 634 1040 662 et
1057 622 1265 664 Judaeorum

316 710 425 748 genus
459 693 738 746 multiplicatum
766 699 920 742 csttper
947 685 1104 739 Japheth
1130 693 1261 729 autem,

316 756 475 807 gentium
496 754 727 793 vocationem.
740 750 833 790 Vide
851 758 967 786 antem
983 744 1264 785 benedictionem

317 817 391 855 liaec
419 815 657 868 praenuntiare
685 829 690 848 :
717 812 869 849 Dilatet
887 808 994 854 enim,
1010 805 1137 857 inquit,
1158 806 1264 842 Deus

317 878 502 928 Japhetlz‚
520 884 556 913 et
576 876 720 911 habitet
742 875 783 908 in
800 868 1060 907 tabernaculis
1079 864 1266 904 Sem.Hoc

317 938 352 975 in
386 937 548 987 gentibus
586 933 819 985 adimpletum
854 929 1032 968 videmus.
1061 927 1153 963 Cum
1178 924 1266 962 dicit

316 998 423 1046 enim,
439 998 606 1043 Dilacet,
621 1007 741 1031 omncs
768 1000 887 1043 gentes
914 987 1182 1035 subindicavit3
1205 984 1266 1022 sed

1336 436 1413 475 οὐδὲ
1431 436 1544 486 μάτην
1564 435 1625 479 τὰς
1644 435 1800 487 εὐλογίας
1822 435 2023 482 ἐποιήσατο.
2042 434 2110 472 Διὰ
2125 433 2193 486 γὰρ
2210 437 2278 472 τῶν
2301 435 2361 471 εὐ-

1335 500 1460 549 λογιῶν
1489 497 1631 543 τούτων,
1663 501 1723 534 τοῦ
1758 496 1841 546 Σὴμ
1869 496 1929 533 καὶ
1958 499 2017 534 τοῦ
2049 496 2180 547 ’Ῑάφεθ,
2205 498 2273 533 τῶν
2304 495 2364 533 δύο

1336 559 1431 597 λαῶν
1459 558 1671 597 αἰνίττεσθαι
1699 557 1802 595 αὐτὸν
1829 550 1927 606 οἶμαι
1956 556 2020 602 τὴν
2051 558 2195 602 κλῆσιν·
2219 557 2278 594 καὶ
2307 555 2362 593 διὰ

1338 619 1400 669 μὲν
1422 624 1481 658 τοῦ
1501 618 1603 669 Σὴμ,
1617 617 1697 661 τοὺς
1719 616 1922 660 Ἰουδαίους·
1943 615 2134 671 ἐξ-ἐκείνου
2155 615 2222 668 γὰρ
2249 621 2267 655 ὁ
2297 631 2363 654 πα-

1336 680 1505 734 τριάρχης
1532 678 1712 731 Reputo,
1731 679 1789 716 καὶ
1817 678 1857 716 τὸ
1888 679 1956 715 τῶν
1973 676 2150 715 Ἰουδαίων
2176 677 2363 716 ἐπιδέδωκε

1335 742 1432 794 γένος
1444 758 1451 765 ·
1470 741 1526 780 διὰ
1541 742 1576 779 δὲ
1595 745 1654 778 τοῦ
1677 741 1813 792 Ἰάφεθ,
1828 737 1891 784 τὴν
1907 741 1976 777 τῶν
1996 741 2099 778 ἐθνῶν
2117 741 2248 785 κλῆσιν.
2266 737 2364 790 “Opoe

1335 803 1402 854 γὰρ
1433 803 1494 841 καὶ
1514 802 1642 849 ταύτην
1670 802 1732 849 τὴν
1755 801 1913 853 εὐλογίαν
1945 804 2044 837 τοῦτο
2072 799 2339 851 προμηνύουσαν
2355 815 2362 821 ·

1336 861 1518 900 Πλατύναι
1537 861 1622 913 γὰρ,
1643 862 1760 913 φησὶν,
1783 864 1800 899 ὁ
1816 861 1904 903 Θεὸς
1923 862 1973 912 τῷ
2000 858 2130 911 Ἰάφεθ,
2150 859 2210 896 καὶ
2239 874 2362 896 κατοι-

1336 920 1480 966 κησάτω
1505 921 1540 957 ἐν
1566 925 1636 963 τοῖς
1656 919 1863 970 σκηνώμασι
1887 922 1946 956 τοῦ
1968 918 2061 967 Σήμ.
2082 919 2197 955 Τοῦτο
2219 917 2275 955 ἐπὶ
2294 919 2363 954 τῶν

1337 981 1440 1017 ἐθνῶν
1466 982 1514 1023 εἷς
1535 981 1631 1032 ἔργον
1656 979 1846 1025 ἐκὸεὸηκὸς
1877 982 2025 1031 ὁρῶμεν.
2045 977 2112 1016 Διὰ
2133 977 2196 1028 μὲν
2215 977 2282 1030 γὰρ
2303 981 2364 1014 τοῦ

316 1058 481 1103 dicendo,
502 1058 661 1094 Habitec
681 1058 722 1091 in
744 1051 1006 1091 tabernaculis
1026 1049 1126 1093 Sem,
1151 1046 1264 1098 signi·
1277 1061 1324 1087 292
1338 1041 1458 1087 εἰπεῖν,
1478 1039 1676 1087 Πλατύναι,
1691 1039 1736 1077 τὰ
1755 1040 1834 1086 ἔθνη
1853 1039 1970 1077 πάντα
1993 1038 2151 1089 ᾐνίξατο·
2174 1037 2230 1075 διὰ
2249 1037 2285 1076 δὲ
2303 1043 2364 1076 τοῦ

318 1120 398 1156 sicat
415 1126 533 1169 gentes
547 1116 618 1154 frui
632 1114 778 1167 coepisse
793 1113 836 1150 iis
849 1125 928 1162 quae
946 1109 1082 1150 Judaeis
1098 1116 1219 1161 parata
1233 1116 1266 1144 et
1290 1101 1315 1128 A
1338 1099 1458 1141 Ξῖπεῖν,
1482 1096 1736 1142 Κατῡῑκησάτω
1767 1098 1802 1134 ἓν
1833 1103 1903 1139 τοῖς
1931 1096 2138 1145 σκην(·’)μασῑ
2172 1099 2231 1133 τοῦ
2261 1095 2364 1146 Σῆμ,

316 1179 484 1217 adornata
513 1185 622 1215 erant.
644 1176 697 1214 Et
718 1177 789 1213 erit
809 1174 1005 1212 chanaan
1025 1183 1156 1209 servus
1171 1171 1265 1221 ejus.

368 1353 403 1392 8.
419 1352 574 1392 Vidistis
588 1351 729 1402 qualem
742 1358 775 1387 et
790 1348 815 1386 ii
831 1347 921 1399 grati
933 1345 1044 1384 animi
1059 1352 1266 1397 acceperunt

316 1410 524 1457 mercedem,
540 1419 572 1447 et
590 1418 721 1460 quanta
741 1408 802 1446 ille
817 1415 962 1460 propter
980 1406 1214 1444 temeritatem
1234 1412 1267 1442 et

317 1471 593 1523 imprudentiam
621 1469 815 1521 ignominia
834 1469 980 1505 affectus
998 1467 1072 1505 est?
1092 1467 1172 1505 Sint
1191 1466 1268 1503 haec

316 1541 485 1584 perpetuo
514 1531 550 1568 in
585 1539 703 1568 nostra
736 1538 853 1566 mente
886 1528 1015 1580 scripta
1029 1557 1038 1575 ‚
1069 1537 1108 1564 ut
1137 1527 1267 1564 horum

315 1593 538 1630 aemnlatores
558 1600 591 1629 et
617 1591 812 1628 imitatores
838 1588 916 1626 fieri
940 1589 1117 1640 possimus
1135 1603 1142 1623 :
1159 1587 1267 1638 hujus

315 1662 434 1690 autem
452 1652 652 1703 improbam
670 1659 836 1694 mentem,
853 1658 887 1686 et
905 1650 1083 1699 ingentem
1099 1648 1266 1700 petulan-

314 1713 401 1750 tiam
420 1712 611 1763 fugiamus.
629 1711 691 1749 28.
712 1712 767 1747 Et
787 1712 906 1755 vixit,
928 1709 1057 1759 inquit,
1076 1710 1160 1746 Noe·
1182 1718 1268 1760 post

315 1774 503 1810 diluvium
517 1785 641 1810 annos
650 1771 1151 1821 trecentosquinquaginta;
1161 1770 1223 1806 Q).
1232 1777 1267 1806 et

309 1835 475 1885 fuerunt
505 1846 635 1870 omnes
656 1832 736 1869 dies
765 1832 849 1868 No&
871 1831 1054 1882 nongenti
1069 1833 1267 1882 quinqua-

313 1898 425 1947 ginta
444 1897 553 1940 anni,
569 1902 604 1931 et
621 1901 790 1930 mortuus
811 1899 880 1930 est.
900 1892 953 1929 Ne
973 1890 1040 1928 hoc
1062 1900 1165 1943 putes
1183 1891 1267 1928 abs-

314 1970 384 2005 que
410 1969 513 1992 causa
550 1954 746 2004 assignasse
779 1952 1014 2004 Scripturam‚
1031 1951 1094 1989 sed
1121 1951 1204 1990 vide
1235 1960 1268 1989 et

315 2017 383 2054 hoc
412 2017 486 2054 loco
520 2015 606 2067 justi
632 2013 896 2052 continentiam.
926 2012 1021 2059 Quia
1052 2027 1133 2050 cum
1169 2021 1267 2051 tanta

315 2078 489 2116 frueretur
515 2077 671 2114 ubertate
690 2083 722 2112 et
744 2073 989 2126 prosperitate,
1008 2074 1267 2125 superviveret-

316 2150 384 2187 que
412 2146 509 2174 tanto
535 2149 710 2173 annorum
740 2148 886 2171 nurnero
918 2142 998 2185 post
1022 2147 1202 2185 egressum
1222 2134 1268 2171 ab

318 2211 413 2245 arca,
432 2196 546 2234 noluit
568 2196 659 2232 ultra
681 2194 868 2245 indulgere
886 2193 1083 2231 liberorum
1100 2208 1268 2246 procrea-

319 2256 417 2294 tioni.
435 2257 514 2294 Non
543 2256 637 2292 enim
667 2263 920 2292 commemorat
947 2253 1135 2305 Scriptura
1164 2254 1267 2292 illum

319 2318 407 2355 alios
426 2326 553 2369 praeter
574 2325 643 2353 tres
662 2316 747 2353 istos
767 2314 932 2352 habuisse
952 2314 1094 2352 liberos.
1115 2315 1182 2352 Hie
1198 2315 1268 2353 ite-

320 2391 399 2416 rum
416 2376 529 2428 cogita
548 2389 710 2427 magnam
731 2374 948 2413 salacitatem
960 2374 1102 2424 Chami,
1117 2375 1199 2425 quia
1211 2390 1268 2413 ne-

320 2453 390 2489 que
399 2447 535 2490 patrem
553 2436 677 2475 videns
691 2445 795 2474 tanta:
811 2435 1186 2484 continentiae‚castior
1196 2437 1271 2489 ipse

321 2501 434 2537 factus
453 2508 515 2545 est,
535 2498 599 2536 sed
618 2497 735 2535 omnia
761 2496 903 2535 diverso
924 2496 1029 2535 modo
1047 2511 1154 2548 quam
1174 2508 1271 2550 pater

320 2560 457 2611 agebat.
474 2559 626 2597 Proinde
641 2558 768 2596 merito
781 2571 884 2596 omne
900 2558 1012 2610 ipsius
1025 2572 1135 2610 genus
1150 2559 1186 2597 in
1200 2574 1272 2597 ser-

319 2622 470 2660 vitutem
487 2620 761 2659 condemnatum
779 2629 843 2667 est,
860 2628 900 2656 ut
918 2619 1090 2671 improbae
1105 2620 1271 2658 volunta—

321 2682 366 2720 tis
382 2683 520 2719 frenum
538 2681 695 2719 haberet.
718 2679 857 2718 Deinde
875 2679 936 2717 hic
953 2689 1073 2717 narrat
1087 2680 1272 2733 Scriptura

322 2758 380 2782 eos
394 2745 455 2794 qui
473 2757 519 2781 ex
536 2742 621 2780 filiis
637 2741 710 2780 nati
728 2749 825 2791 sunt,
842 2749 875 2778 et
893 2740 1011 2790 inquit
1028 2756 1036 2777 z
1054 2742 1177 2779 Cham
1199 2755 1271 2780 au-

324 2813 398 2841 tem
410 2806 543 2855 genuit
563 2804 683 2847 Chus;
696 2811 728 2840 ct
745 2815 879 2848 rursus,
895 2802 999 2840 Clzus
1012 2804 1145 2853 genuit
1158 2803 1274 2840 Nem-

322 2866 406 2910 rod,
431 2867 497 2916 qui
523 2866 633 2914 coepz't
659 2876 740 2900 esse
755 2864 865 2913 gigas
885 2875 998 2913 super
1020 2870 1174 2899 terram.
1195 2864 1273 2900 Hic

310 2927 398 2978 suit
418 2927 529 2975 gigas
559 2932 726 2961 venator
746 2935 878 2960 coram
907 2923 1092 2960 Domino.
1113 2922 1272 2968 Quidam

320 2985 445 3022 dicunt
476 2985 545 3031 hic,
567 2986 709 3022 Coram
740 2985 923 3030 Domino,
947 2982 1041 3021 idem
1070 2998 1143 3022 esse
1172 2983 1271 3035 quod

321 3053 440 3081 contra
461 3044 575 3080 Deum
595 3059 602 3079 :
621 3056 684 3093 cgo
707 3051 826 3080 autem
845 3056 913 3080 non
935 3051 1022 3094 puto
1048 3042 1272 3094 Scripturam

321 3105 389 3142 hoc
418 3103 608 3152 insinuare,
628 3102 688 3141 scd
718 3103 835 3154 ipsum
859 3103 982 3140 fortem
1011 3103 1270 3154 robustumque

1337 1155 1389 1192 ὅτι
1421 1158 1490 1192 τῶν
1514 1159 1584 1197 τοῖς
1612 1154 1790 1197 Ἰουδαίοις
1820 1153 2110 1205 εὐτρεπισθέντων
2141 1152 2199 1190 καὶ
2224 1152 2364 1195 ἐκείνοις

1337 1215 1695 1267 παρασκευασθέντων
1714 1215 1759 1253 τὰ
1778 1215 1857 1262 ἔθνη
1878 1214 1941 1261 τὴν
1961 1214 2151 1252 ἀπόλαυσιν
2178 1213 2270 1265 ἔσχε.
2295 1214 2365 1251 Καὶ

1337 1274 1516 1325 γενηθήτω
1536 1273 1678 1312 Χαναὰν
1699 1279 1781 1317 παῖς
1801 1275 1914 1311 αὐτοῦ.

1384 1329 1486 1379 Εἶδες
1504 1335 1576 1378 οἵας
1595 1334 1719 1373 ἔλαὸον
1746 1335 1805 1373 καὶ
1825 1329 1918 1373 οὗτοι
1942 1336 2003 1380 τῆς
2024 1332 2285 1384 εὐγνωμοσύνης
2304 1333 2365 1376 τὰς

1338 1396 1506 1446 ἀμοιὸὰς,
1522 1396 1581 1434 καὶ
1601 1396 1712 1443 πόσην
1732 1398 1859 1440 ἐκεῖνος
1888 1396 1943 1434 διὰ
1964 1398 2025 1441 τῆς
2049 1394 2257 1446 προπετείας
2281 1395 2364 1432 ἑαυ-

1337 1461 1396 1496 τοῧ
1417 1457 1650 1497 κατεσκέδασε
1671 1457 1734 1504 τὴν
1758 1457 1911 1508 ἀτιμίαν.
1937 1459 1969 1495 T
1973 1461 2060 1495 αῧτα
2087 1457 2252 1502 διηνεκῶς
2274 1454 2364 1507 ἔχω-

1339 1535 1402 1570 μεν
1431 1520 1718 1572 ἐπιγεγραμμένα
1742 1523 1784 1571 τῇ
1806 1519 1939 1569 διανοίᾳ
1959 1522 2001 1569 τῇ
2022 1518 2195 1571 ἡμετέρᾳ,
2217 1517 2273 1556 ἵνα
2296 1520 2365 1555 τῶν

1340 1579 1402 1631 μὲν
1431 1581 1583 1631 μιμηταὶ
1612 1580 1671 1618 καὶ
1699 1582 1853 1627 ζηλωταὶ
1881 1580 2039 1631 γενέσθαι
2068 1581 2280 1628 δυνηθῶμεν,
2306 1581 2365 1616 τοῦ

1340 1641 1374 1678 δὲ
1395 1641 1556 1693 φύγωμεν
1581 1642 1620 1679 τὸ
1645 1642 1818 1693 μοχθηρὸν
1844 1644 1906 1687 vx<
1924 1641 2083 1691 γνώμης,
2102 1640 2162 1677 καὶ
2193 1643 2255 1685 τῆς
2282 1655 2365 1691 προ-

1339 1699 1480 1743 πετείας
1498 1699 1560 1746 τὴν
1586 1700 1798 1751 ὑπερὸολῆν.
1820 1700 1890 1738 Καὶ
1914 1701 2035 1745 ἔζησε,
2055 1698 2158 1750 φησὶ,
2176 1700 2256 1736 Νῶε
2276 1697 2365 1748 μετὰ

1340 1759 1396 1797 τὸν
1430 1761 1675 1810 κατακλυσμὸν
1713 1761 1773 1806 ἔτη
1811 1760 1992 1812 τριακόσια
2034 1759 2249 1806 πεντήκοντα
2262 1775 2269 1782 ·
2307 1760 2368 1796 καὶ

1341 1816 1496 1868 ἐγένοντο
1515 1824 1626 1856 πᾶσαι
1644 1820 1680 1856 αἱ
1698 1818 1829 1870 ἡμέραι
1851 1820 1931 1856 Νῶε
1950 1817 2134 1854 ἐννακόσια
2152 1817 2368 1863 πεντήκοντα

1341 1877 1420 1925 ἔτη,
1435 1878 1494 1916 καὶ
1514 1880 1676 1917 ἀπέθανε.
1698 1879 1758 1926 Μὴ
1783 1879 1927 1931 νομίσῃς
1946 1878 1981 1916 δὲ
2000 1883 2100 1917 τοῦτο
2125 1879 2244 1922 ἁπλῶς
2263 1880 2367 1925 ε’κση-

1343 1939 1525 1989 μήνασθαι
1553 1939 1617 1985 τὴν
1646 1939 1740 1978 θείαν
1760 1939 1925 1993 Γραφην,
1947 1939 2026 1978 ἀλλ’
2045 1939 2108 1993 ὅρα
2133 1940 2193 1977 καὶ
2213 1941 2366 1977 ἐντεῦθεν

1339 2002 1399 2036 τοῦ
1426 1998 1558 2036 δικαίου
1581 1998 1643 2045 τὴν
1663 1999 1881 2051 ἐγκράτειαν,
1899 1998 1952 2036 ὅτι
1972 1997 2050 2035 οὔτε
2070 1997 2187 2041 ἀδείας
2206 1997 2264 2035 καὶ
2284 1997 2367 2036 ἀνέ-

1340 2071 1426 2098 σεως
1452 2057 1669 2104 ἀπολαύσας,
1686 2058 1745 2095 καὶ
1772 2061 1934 2095 τοσοῦτον
1959 2057 2103 2108 ἀριθμὸν
2133 2059 2218 2094 ἐτῶν
2247 2056 2368 2102 ἐπιζή-

1341 2133 1423 2164 σας,
1444 2117 1533 2167 μετὰ
1556 2117 1619 2164 τὴν
1639 2119 1709 2157 ἀπὸ
1733 2120 1794 2164 τῆς
1822 2118 1970 2156 κιὸωτοῦ
2001 2117 2126 2165 ἔξοδον,
2145 2117 2368 2161 παιδοποιίας

1339 2175 1506 2226 ἠνέσχετο
1532 2175 1664 2213 λοιπόν.
1685 2177 1776 2214 Οὐδὲ
1804 2176 1871 2228 γὰρ
1896 2175 2151 2226 ἐμνημόνευσεν
2177 2179 2198 2221 ἡ
2224 2176 2367 2228 Γραφὴ,

1340 2235 1393 2273 ὅτι
1425 2235 1558 2287 ἑτέρους
1589 2234 1671 2287 ἔσχ-ε
1698 2237 1846 2283 παῖδας,
1866 2236 1957 2281 πλὴν
1984 2237 2114 2273 τούτων
2149 2239 2218 2274 τῶν
2249 2239 2366 2287 τριῶν.

1340 2293 1520 2331 Ἐντεῦθεν
1537 2294 1642 2331 πάλιν
1663 2295 1798 2345 λογίζου
1819 2299 1877 2333 τοῦ
1903 2295 1986 2345 Χὰμ
2003 2294 2065 2341 τὴν
2086 2294 2218 2341 πολλὴν
2239 2294 2367 2340 ταύτην

1342 2353 1546 2401 ἀκολασίαν,
1567 2353 1620 2392 ὅτι
1642 2354 1718 2393 οὔτε
1738 2355 1795 2393 τὸν
1817 2356 1953 2407 πατέρα
1974 2358 2062 2407 ὁρῶν
2091 2355 2262 2402 τοσαύτην
2291 2357 2368 2393 ἐπι-

1343 2415 1558 2466 δεικνύμενον
1579 2415 1781 2468 ἐγκράτειαν
1810 2416 2068 2469 ἕσωφρονίζετο,
2087 2417 2163 2454 ἀλλ’
2184 2417 2243 2454 ἀπ’
2269 2417 2368 2453 ἐναν-

1341 2476 1416 2519 τίας
1435 2479 1485 2528 τῷ
1507 2476 1724 2527 γενεννηκότι
1749 2477 1887 2514 ἅπαντα
1911 2477 2145 2528 διεπράττετο.
2163 2477 2226 2515 Διὸ
2245 2477 2304 2515 καὶ
2323 2478 2367 2514 εἰ·

1343 2537 1452 2580 κότως
1480 2538 1571 2575 ἅπαν
1592 2538 1631 2575 τὸ
1655 2537 1689 2581 ἐξ
1718 2540 1818 2576 αὐτοῦ
1840 2537 1936 2589 γένος
1955 2542 1997 2589 τῇ
2020 2537 2158 2591 δουλείᾳ
2184 2538 2370 2576 κατεδικά-

1344 2600 1431 2645 ζετο,
1462 2598 1519 2636 ἵνα
1551 2600 1691 2650 χαλινὸν
1727 2600 1791 2651 ἔχῃ
1812 2603 1874 2646 τ’ἧς
1908 2604 2087 2651 μοχθηρᾶς
2120 2598 2365 2652 προαιρέσεως.

1343 2653 1433 2698 Εἶτα
1461 2663 1614 2698 ἐντεῦθεν
1640 2660 1848 2712 διηγουμένη
1870 2666 1891 2707 ἡ
1912 2661 1987 2699 θεία
2005 2660 2127 2713 Γραφὴ
2147 2659 2225 2703 τοὺς
2244 2663 2283 2699 ἐκ
2299 2663 2367 2698 τῶν

1342 2721 1476 2759 παίδων
1494 2721 1695 2773 τεχθέν-σας,
1716 2722 1817 2772 (ρ-ησί·
1840 2721 1926 2772 Χὰμ
1951 2721 1986 2760 δὲ
2006 2721 2165 2773 ἐγέννησε
2187 2722 2243 2760 τὸν
2260 2721 2367 2764 Χούς·

1343 2782 1403 2821 καὶ
1422 2783 1544 2830 πάλιν,
1561 2782 1649 2825 Χοὺς
1667 2782 1702 2820 δὲ
1721 2782 1881 2833 ἐγέννησε
1906 2783 1963 2821 τὸν
1988 2781 2146 2835 Νεὲρώδ.
2173 2777 2285 2825 Οῧτος
2307 2783 2369 2834 ἤρ-

1345 2843 1426 2887 ξατο
1452 2837 1539 2881 εἶναι
1566 2843 1666 2895 γίγας
1687 2846 1743 2882 ἐπὶ
1763 2846 1824 2889 τῆς
1848 2845 1922 2894 γῆς.
1945 2837 2056 2887 Οὗτος
2076 2838 2116 2890 ἦν
2137 2842 2237 2895 γίγας
2263 2859 2370 2890 κυνη-

1343 2904 1401 2955 γὸς
1425 2904 1576 2942 ἐναντίον
1603 2904 1743 2956 Κυρίου.
1773 2904 1841 2942 Καί
1866 2920 1954 2948 τινες
1985 2905 2046 2955 μέν
2075 2921 2160 2957 φασι
2187 2905 2227 2942 τὸ
2250 2904 2371 2942 Ἐναν-

1343 2964 1415 3003 τίον
1435 2965 1576 3017 Κυρίου,
1593 2965 1668 3003 ἀντὶ
1688 2968 1746 3003 τοῦ
1774 2964 2029 3014 ἐναντιούμενος
2052 2969 2102 3018 τῷ
2122 2967 2222 3016 Θεῷ·
2243 2964 2311 3015 ἐγὼ
2334 2964 2369 3002 δὲ

1343 3028 1409 3078 οὐχ
1423 3030 1576 3076 ἡγοῦμαι
1591 3028 1692 3063 τοῦτο
1707 3025 1916 3064 αἰνίττεσθαι
1931 3025 1993 3072 τὴν
2013 3026 2105 3063 θείαν
2124 3025 2278 3077 Γραφὴν,
2292 3027 2368 3062 ἀλλ’

1342 3092 1395 3131 ὅτι
1415 3093 1554 3145 ἰσχυρός
1570 3109 1621 3136 τις
1637 3087 1678 3140 ἦν
1694 3092 1752 3130 καὶ
1768 3093 1992 3144 ἀνδρεῖος.Τὸ
2008 3093 2043 3130 δὲ
2060 3092 2226 3131 ἀπέναντι
2239 3093 2368 3145 Κυρίου

319 3165 436 3203 fuisse.
452 3164 558 3210 Quod
577 3173 692 3201 autem
707 3163 805 3211 dicit,
824 3164 965 3201 Coram
982 3164 1149 3201 Domino
1166 3165 1265 3210 Deo,
1293 3166 1318 3196 D
1341 3163 1401 3198 ’τοῦΙ
1420 3162 1531 3206 Θεοῦ,
1550 3160 1626 3197 ἀντὶ
1648 3164 1724 3205 τοῦ,
1745 3158 1804 3197 ὑπ’
1830 3162 1932 3198 αὐτοῦ
1957 3159 2166 3212 παραχθεὶς,
2187 3159 2245 3198 ὑπ’
2264 3161 2366 3198 αὐτοῦ

320 3227 386 3265 hoc
403 3235 466 3271 est,
485 3226 530 3263 ab
545 3239 584 3263 co
600 3225 824 3273 constitutus,
840 3238 880 3262 eo
895 3224 990 3275 quod
1009 3235 1189 3278 acceperat
1208 3226 1265 3264 be-

1342 3226 1524 3277 δεξάμενος
1551 3230 1637 3265 Ωτοῦ
1661 3229 1753 3266 Θεοῦ
1781 3226 1844 3273 τὴν
1871 3226 2044 3278 εὐλογίαν,
2062 3226 2084 3273 ἢ
2101 3226 2154 3265 ὅτι
2177 3228 2326 3277 ἤμελλεν
2351 3230 2368 3264 ὁ

360 3372 372 3387 ο
389 3361 471 3392 Tres
482 3359 556 3392 Mss.
578 3364 640 3393 Θεοῦ
661 3365 713 3396 τὴν
736 3363 903 3400 ἀναλογίαν,
917 3366 1014 3402 atque
1030 3360 1073 3392 ita
1089 3359 1167 3404 legit
1184 3360 1365 3404 Inter-pres.
