2516 3791
685 202 742 232 DF.
782 201 954 232 Davum
994 200 1048 230 ET
1083 199 1223 229 SAL'LF.
1262 199 1447 229 nonium
1487 199 1549 230 ΙΙΙ.

84 297 143 336 καὶ
164 297 221 336 ἐπὶ
237 296 295 335 τὸν
315 294 432 347 θρόνον
466 293 593 338 &viem
630 294 692 338 τῆς
724 290 927 342 ἁλουργίδας
962 289 1021 328 καὶ
1054 291 1113 325 τοῦ

83 358 297 409 διαδήματος
321 354 570 408 λαμπροτέραν
594 353 684 405 ἔχων
716 352 887 404 εὐφημίας
927 350 1090 388 ὑπόθεσιν
1105 379 1114 395 ,

83 418 123 458 τὸ
136 418 319 471 φείσασθαι
338 420 398 454 τοῦ
415 414 583 466 πολεμίου
595 445 604 462 ,
620 414 660 452 τὸ
673 416 846 466 θρηνῆσαι
862 411 1028 452 πεσόντα.
1049 409 1116 448 Διὰ

83 484 186 518 τοῦτο
203 478 280 531 οὐχὶ
313 479 379 522 ζῶν
400 477 517 528 μόνον,
541 475 630 515 ἀλλὰ
654 475 714 514 καὶ
747 475 956 522 τελευτήσας
978 488 1115 524 μνημο-

85 540 233 579 νεύεται.
258 539 368 578 ’Ὠστε
387 541 418 576 εἰ
439 537 555 590 βούλει
586 537 645 575 καὶ
674 536 715 575 σὺ
749 537 808 575 καὶ
831 538 978 574 ἐνταῦθα
1004 534 1116 578 διηνε-

86 605 165 646 κοῦς
186 601 283 649 δόξης
309 605 443 653 τυχεῖν,
477 600 638 654 ἄνθρωπε
656 630 665 647 ,
705 602 806 637 κάκεῖ
843 601 912 635 τῶν
943 594 1116 640 ἀκινήτων

89 666 288 704 ἀπολαῦσαι
309 665 440 709 καλῶν,
461 661 615 713 μίμησαι
643 661 707 708 τὴν
735 659 861 712 ἀρετὴν
888 661 947 696 τοῦ
964 655 1117 702 δικαίου,

86 726 241 774 ζήλωσον
265 724 326 772 τὴν
357 724 576 777 φιλοσοφίαν,
612 722 781 766 ἐπίδειξαι
815 720 872 759 διὰ
905 723 974 758 τῶν
1009 718 1119 771 ἔργων

87 786 151 835 τὴν
170 785 388 831 ἀνεξικακίαν
413 784 566 832 ταύτην,
598 784 655 823 ἵνα
682 783 761 828 τοὺς
786 781 908 826 αὐτοὺς
929 781 1120 832 ὑπομείνας

89 850 182 901 αὐτῷ
207 848 348 895 πόνους,
382 847 442 885 καὶ
472 849 542 885 τῶν
567 848 680 884 αὐτῶν
699 845 846 897 ἀξιιι)θ’ᾐ’ς
881 846 1040 896 ἀγαθῶν·
1071 837 1118 880 ὧν

87 909 221 961 γένοιτο
239 909 372 952 πάντας
390 912 484 959 ἡμᾶς
505 909 695 960 ἐπιτυχεῖν,
708 907 830 960 χάριτι
847 906 907 945 καὶ
926 908 1119 958 φιλανθρω-

89 970 153 1024 πία
171 975 231 1009 τοῦ
248 969 376 1022 Κυρίου
393 973 494 1021 ἡμῶν
516 969 633 1016 Ἰησοῦ
655 970 808 1021 Χριστοῦ
821 999 831 1016 ,
849 969 925 1019 μεθ’
946 961 984 1006 οὗ
1004 967 1120 1018 Πατρὶ

90 1028 153 1070 σὺν
171 1032 222 1082 τῷ
240 1028 330 1083 ἁγίῳ
348 1028 531 1080 Πνεύματι
557 1028 657 1075 δόξα,
687 1028 831 1080 κράτος,
850 1026 955 1078 τιμὴ,
976 1032 1034 1066 νῦν
1062 1027 1121 1065 καὶ

89 1091 165 1139 ἀεὶ,
185 1091 244 1129 καὶ
261 1093 307 1134 εἷς
329 1090 407 1135 τοὺς
423 1093 551 1134 αἰῶνας
569 1093 637 1129 τῶν
657 1090 803 1128 αἰώνων.
823 1089 943 1140 Ἀμήν.

479 1651 661 1688 omma
688 1647 733 1699 γ’.

95 1772 182 1811 Ὅτι
209 1770 397 1824 ἐπισφαλὲς
428 1771 468 1809 τὸ
502 1774 549 1815 εἷς
586 1771 714 1824 θέατρα
749 1771 968 1819 ἀναὸαίνειν,
990 1771 1049 1808 καὶ
1075 1770 1129 1808 ὅτι

150 1830 293 1883 μοιχοὺς
324 1830 605 1881 ἀπηρτισμένους
646 1836 760 1878 ποιεῖ,
795 1830 854 1868 καὶ
891 1829 946 1868 ὅτι
981 1829 1130 1880 ἀθυμίας

153 1892 260 1931 αἴτιον
279 1891 338 1930 καὶ
354 1891 508 1942 πολέμου
528 1895 646 1930 τοῦτο·
668 1892 727 1930 καὶ
752 1890 804 1929 ὅτι
823 1898 892 1929 πᾶν
913 1890 1131 1935 ἀνεξικακίας

152 1947 239 1997 εἶδος
255 1952 493 2006 ὑπερεὲοίλετο
507 1955 525 1990 ὁ
542 1952 652 1990 Δαυὶδ
669 1954 704 1990 ἐν
720 1959 790 1997 τοῖς
807 1951 898 1991 κατὰ
922 1953 980 1992 τὸν
994 1952 1129 1991 Σαούλ·

152 2016 212 2054 καὶ
227 2015 280 2055 ὅτι
295 2015 334 2054 τὸ
350 2014 466 2068 φέρειν
488 2014 650 2067 ἁρπαγὴν
668 2015 789 2067 πράως
815 2018 875 2054 τοῦ
898 2016 1014 2054 δοῦναι
1030 2017 1130 2062 ἐλεη-

155 2076 307 2128 μοσύνην
325 2076 412 2115 ἴσον.

157 2264 176 2282 *
193 2262 353 2307 Πολλοὺς
371 2257 471 2314 οἶμαι
498 2266 566 2302 τῶν
586 2262 708 2316 πρῴην
731 2263 995 2302 καταλιπόντων
1021 2266 1132 2314 ἡμᾶς,

101 2323 163 2362 καὶ
183 2324 270 2378 πρὸς
283 2324 327 2363 τὰ
342 2323 472 2377 θέατρα
490 2327 555 2370 τῆς
569 2324 790 2377 παρανομίας
817 2324 1132 2375 αὐτομολησάντων

102 2391 266 2436 παρεῖναι
289 2385 452 2438 τήμερον.
470 2386 539 2425 Καὶ
565 2385 759 2437 ἐδουλόμην
775 2385 902 2423 εἰδέναι
917 2384 1055 2429 τούτους
1073 2401 1135 2424 σα-

104 2449 199 2498 φῶς,
221 2446 312 2484 ὥστε
344 2447 467 2490 αὐτοὺς
491 2450 561 2485 τῶν
585 2450 686 2499 ἱερῶν
719 2448 906 2486 ὂέκὸαλεῖν
934 2447 1134 2500 προθύρων,

106 2509 172 2559 οὐχ
192 2506 248 2545 ἵνα
270 2507 417 2558 μένωσιν
438 2507 502 2552 ἔξω
521 2508 705 2556 διηνεκῶς,
725 2509 802 2546 ἀλλ’
821 2508 877 2546 ἵνα
897 2507 1137 2561 διορθωθέντες

107 2569 322 2607 ἐπανέλθωσι
341 2568 468 2606 πάλιν·
487 2568 562 2606 ἐπεὶ
581 2568 641 2606 καὶ
670 2568 818 2620 πατέρες
839 2570 966 2612 παῖδας
984 2571 1136 2622 σφαλλο-

109 2629 231 2680 μένους
249 2633 311 2677 τῆς
327 2629 438 2673 οἰκίας
453 2629 662 2668 ἐκὸάλλουσι
680 2630 869 2679 πολλάκις,
891 2629 950 2668 καὶ
965 2633 1027 2677 τῆς
1053 2647 1136 2683 τρα-

107 2690 214 2738 πέζης
244 2690 515 2743 ιὀἰ-ιτείργουσιν,
549 2693 615 2744 οὐχ
649 2690 705 2729 ἵνα
742 2691 799 2730 διὰ
843 2692 972 2736 παντὸς
1005 2691 1137 2730 τούτων

108 2752 316 2801 ἐκπέσωσιν,
335 2752 488 2791 ἀλλ’ἵνα
511 2753 666 2804 βελτίους
689 2755 733 2805 τῇ
764 2753 923 2809 νουθεσία
949 2754 1056 2806 ταύτῃ
1077 2770 1135 2805 γε·

2046 187 2139 249 889

1189 287 1336 338 quidem
1351 287 1396 325 ad
1411 286 1693 333 ostentationem,
1710 284 1771 323 sed
1785 299 1829 324 ex
1845 286 1978 333 auimo,
1991 301 2008 324 v
2015 301 2142 337 eroque

1187 344 1293 383 corde
1308 360 1316 382 :
1333 345 1472 383 etiamsi
1487 343 1574 395 quid
1588 343 1835 397 perferendum
1849 344 1894 381 sit
1908 344 2122 383 incommodi
2132 377 2140 389 ,

1141 413 1165 442 C
1188 419 1230 443 ne
1248 406 1336 456 quid
1359 405 1516 445 offendat
1540 420 1621 444 eum
1644 405 1705 457 qui
1731 406 1836 453 hesit,
1858 404 1976 443 omnia
2001 415 2077 444 tum
2093 408 2143 444 sa-

1188 466 1278 515 ciat,
1296 476 1373 506 tum
1389 467 1556 519 patiatur,
1572 480 1700 517 magna
1715 482 1734 504 a
1749 469 1821 504 Deo
1833 476 2040 519 exspectans
2056 481 2144 518 pra·-

1190 528 1272 566 mia.
1292 529 1344 566 En
1365 529 1422 566 hir
1443 528 1549 566 etiam
1576 542 1723 578 reguum
1743 527 1894 580 adeptus
1912 537 1962 565 cst
1977 558 1985 574 ‚
2008 542 2069 565 uec
2091 537 2143 564 ta-

1189 600 1270 625 men
1291 588 1494 639 inquinavit
1516 587 1610 625 carde
1636 602 1779 633 manus,
1801 587 1862 625 scd
1887 587 2053 625 dextr-‘uu
2078 587 2148 624 lia-

1189 647 1275 685 bens
1301 662 1443 700 puram,
1470 647 1520 685 sie
1531 661 1658 685 corona
1683 646 1870 684 redimitus
1889 656 1954 693 cst,
1972 647 2020 684 sic
2036 647 2081 684 ad
2093 662 2148 684 so-

1191 709 1283 747 lium
1295 709 1465 758 ascendit,
1480 723 1639 761 purpura
1655 723 1695 746 ae
1708 708 1909 746 diademate
1920 709 2148 758 magnificen-

1192 770 1263 809 tius
1283 770 1484 809 encomium
1503 779 1659 821 gestans,
1679 769 1842 808 videlicet
1861 769 1958 821 quod
1975 770 2066 807 hosti
2086 785 2146 821 pe-

1191 832 1377 885 percisset,
1413 831 1510 884 quod
1542 831 1708 870 eumtlcm
1740 832 1956 870 exstinctum
1988 831 2148 869 luxisset.

1190 893 1330 933 Idcirco
1342 907 1411 941 non
1426 893 1535 931 vivus
1546 892 1664 942 modo,
1677 892 1780 931 sedet
1790 902 1950 931 mortuus
1964 892 2151 931 hominum

1192 955 1363 994 memoria
1383 954 1592 993 celebratur.
1616 954 1845 1007 Quapropter
1868 955 1898 992 si
1921 955 2023 1007 cupis
2041 964 2075 992 et
2093 954 2152 991 luc

1191 1026 1402 1069 perpetuam
1421 1017 1587 1068 consequi
1603 1016 1767 1068 gloriam,
1782 1025 1815 1055 et
1836 1016 1911 1054 illic
1931 1016 2056 1055 solidis
2075 1031 2153 1068 per-

1191 1078 1263 1116 frui
1281 1078 1385 1116 bonis
1398 1107 1408 1123 ‚
1433 1077 1543 1129 hujus
1559 1077 1648 1130 justi
1668 1076 1842 1116 virtutem
1866 1078 2022 1127 imitare,
2044 1077 2153 1129 hujus

1193 1139 1361 1177 aemulare
1374 1138 1656 1192 philosophiam,
1670 1138 1816 1177 ostende
1835 1139 1936 1177 sactis
1955 1138 2043 1191 ipsis
2063 1138 2154 1176 hanc

1193 1199 1408 1252 injuriarum
1425 1199 1662 1250 tolerantiam,
1678 1209 1718 1238 ut
1733 1199 1876 1238 eosdem
1891 1199 2032 1238 labores
2048 1198 2135 1237 susti
2141 1222 2154 1227 -

1194 1275 1293 1306 nens,
1307 1261 1429 1300 eadem
1441 1261 1535 1299 bona
1553 1262 1778 1313 consequaris
1795 1278 1808 1299 .·
1825 1276 1904 1313 quae
1919 1261 2057 1298 utinam
2073 1274 2155 1298 con—

1194 1322 1308 1374 tingat
1322 1322 1425 1361 nobis
1443 1324 1611 1362 omnibus·
1630 1323 1797 1376 adipisci,
1816 1323 1929 1375 gratia
1945 1332 1979 1361 et
1991 1323 2156 1374 benigni—

1196 1392 1266 1422 tate
1291 1384 1438 1422 Domini
1458 1385 1570 1423 nostri
1590 1387 1673 1425 Jesu
1694 1384 1845 1435 Christi,
1867 1384 1925 1423 cui
1951 1398 2034 1422 eum
2054 1386 2158 1423 Patre

1198 1458 1266 1482 una
1281 1459 1363 1483 cum
1376 1454 1497 1483 sancto
1510 1445 1649 1498 Spiritu
1663 1445 1790 1498 gloria,
1807 1445 2014 1498 imperium,
2029 1446 2154 1490 honor,

1197 1519 1291 1543 nunc
1308 1515 1341 1545 et
1355 1521 1508 1559 semper,
1522 1515 1555 1545 et
1575 1507 1610 1545 in
1631 1507 1760 1546 saecula
1781 1506 2008 1546 saeculorum.
2033 1511 2156 1545 Amen.

1533 1638 1743 1677 HOMILIA
1774 1640 1837 1678 ΙΙΙ.

1157 1774 1179 1803 υ
1205 1764 1318 1814 Quod
1348 1763 1606 1815 periculosum
1632 1765 1682 1801 sit
1711 1764 1821 1801 adire
1854 1764 2090 1815 spectacula,
2124 1772 2160 1800 et

1255 1839 1301 1862 ea
1321 1838 1381 1862 res
1398 1825 1597 1862 adulteros
1621 1825 1812 1877 perfectos
1836 1825 1981 1877 saciat,
2009 1833 2047 1862 et
2070 1824 2161 1862 hinc

1256 1888 1417 1923 tristitia
1429 1887 1702 1937 contentioque
1720 1893 1909 1923 nascatur
1926 1901 1936 1921 .-
1957 1893 2038 1922 tum
2058 1884 2163 1937 quod

1256 1961 1368 1985 omne
1385 1947 1605 1985 tolerantioe
1621 1959 1741 1999 genus
1769 1947 1905 1985 David
1930 1949 1972 1984 in
1994 1948 2055 1995 iis,
2077 1959 2162 1999 quae

1244 2011 1349 2064 fecit
1374 2023 1466 2061 erga
1493 2009 1664 2055 Saiilem,
1704 2010 1896 2059 superarit
1927 2023 1940 2045 .·
1965 2016 2160 2059 postremo

1255 2072 1360 2124 quod
1372 2073 1553 2123 rapinam
1570 2083 1681 2122 oequo
1702 2072 1836 2107 animo
1849 2070 1970 2122 serre,
1997 2082 2075 2106 non
2093 2071 2163 2106 mi-

1257 2146 1329 2170 nor
1340 2135 1472 2170 virtus
1487 2134 1551 2179 sit,
1569 2145 1689 2184 quam
1705 2131 1843 2183 largiri
1859 2131 2162 2179 eleemosynam.

1158 2280 1181 2310 1⁷,
1260 2261 1275 2296 1
1292 2289 1299 2296 .
1331 2257 1512 2310 Equidem
1528 2256 1684 2296 arbitror
1701 2256 1832 2294 multos
1845 2255 1959 2303 exiis,
1975 2254 2038 2306 qui
2050 2268 2164 2307 nuper

1204 2335 1268 2359 nos
1284 2320 1527 2369 deseruerant,
1544 2328 1577 2357 et
1593 2317 1638 2356 ad
1654 2317 1855 2369 iniquitatis
1872 2316 2073 2370 spectacula
2089 2315 2164 2354 dis-

1204 2390 1390 2431 cesserant,
1408 2380 1518 2419 hodie
1539 2387 1730 2432 praesentes
1755 2392 1841 2417 esse.
1862 2377 2028 2430 Optarim
2046 2386 2166 2415 autem

1204 2444 1291 2482 istos
1306 2442 1370 2495 qui
1390 2443 1461 2480 sint
1481 2440 1602 2494 palam
1625 2453 1740 2490 nosse,
1759 2448 1797 2477 ut
1816 2453 1876 2478 eos
1891 2453 1911 2476 a
1925 2437 2034 2477 sacris
2053 2437 2163 2476 vesti-

1204 2504 1302 2544 bulis
1329 2517 1467 2542 arceam
1478 2532 1489 2552 ,
1511 2515 1580 2540 non
1601 2510 1640 2539 ut
1667 2510 1839 2553 perpetuo
1867 2499 1953 2537 foris
1984 2506 2165 2545 maneant,

1207 2569 1271 2608 sed
1289 2578 1329 2607 ut
1345 2566 1493 2606 correcti
1507 2565 1624 2603 denuo
1641 2564 1786 2602 redeant
1804 2580 1811 2600 :
1831 2562 2123 2615 quandoquidem
2133 2571 2167 2600 et

1208 2639 1326 2684 patres
1351 2629 1446 2667 filios
1472 2626 1718 2677 delinquentes
1740 2625 1944 2676 frequenter
1963 2638 2008 2662 ex
2028 2622 2166 2661 aedibus

1210 2690 1372 2742 exigunt,
1382 2698 1416 2727 et
1426 2703 1446 2726 a
1456 2701 1576 2726 mensa
1592 2686 1819 2736 submovent,
1833 2700 1903 2724 non
1917 2694 1956 2723 ut
1968 2699 2106 2737 semper
2122 2683 2167 2721 il-

1209 2753 1281 2791 linc
1297 2751 1473 2798 exsulent,
1489 2747 1552 2787 sed
1564 2757 1604 2786 ut
1614 2747 1682 2786 hac
1705 2747 1927 2800 correptione
1947 2745 2078 2784 redditi
2094 2760 2163 2784 me-

107 2813 265 2865 νόμενοι,
280 2813 368 2865 μετὰ
383 2817 446 2861 τῆς
461 2814 706 2867 προσηκούσης
719 2814 819 2862 δόξης
834 2818 882 2859 εἰς
895 2815 953 2854 τὸν
973 2818 1136 2868 πατρῷον
1152 2814 1329 2863 759li0res,
1351 2826 1432 2851 cum
1461 2809 1580 2848 debita
1603 2808 1711 2847 laude
1728 2817 1761 2846 et
1780 2808 1914 2846 honore
1928 2808 1965 2846 in
1984 2817 2166 2860 paternam

109 2875 326 2914 ἐπανέλθωσι
345 2876 484 2926 κλῆρον.
499 2877 614 2914 Τοῦτο
642 2876 684 2924 δὴ
714 2877 773 2915 καὶ
797 2877 961 2928 ποιμένες
979 2882 1138 2925 ποιοῦσι,

109 2937 153 2975 τὰ
177 2936 296 2990 ψώρας
322 2937 598 2987 ἐμπεπλησμένα
626 2938 788 2989 πρόὸατα
817 2942 886 2977 τῶν
915 2938 1138 2990 ὑγιαινόντων

109 2998 345 3052 ἀπείργουσιν,
364 2996 421 3035 ἵνα
441 2998 534 3044 ’τὴν
558 2998 740 3051 μοχθηρὰν
769 3000 969 3052 ἀποθέμενα
996 2999 1060 3047 τὴν
1082 3001 1139 3051 ἆῤ-

112 3058 274 3111 ῥωστίαν,
301 3058 378 3109 μετ’
416 3058 605 3111 ἀσφαλείας
633 3059 718 3111 πρὸς
746 3059 791 3099 τὰ
823 3062 1022 3112 ὑγιαίνοντα
1053 3061 1139 3098 ἐπα-

156 3194 172 3210 *
196 3193 417 3236 [Ρι-οωωὶιιω
440 3191 563 3234 ἰεῖΙίοε,
582 3194 603 3225 i.
625 3204 654 3225 c.
674 3194 784 3236 capita
809 3192 877 3227 duo
895 3195 1006 3237 priora
1023 3193 1120 3237 hujus

111 3245 285 3289 orationis,
302 3245 345 3278 ad
359 3245 497 3279 verbum
513 3244 691 3289 descripsit
704 3254 822 3279 auctor
832 3245 977 3280 homiliae
990 3249 1119 3291 spui-ize.

113 3311 213 3342 quam
230 3299 316 3332 infra
332 3299 430 3342 leges,
448 3299 546 3331 Tom.
567 3302 597 3340 6,
616 3311 648 3341 p.
669 3300 730 3332 557
748 3301 839 3343 sqq]

158 3363 172 3377 ⁸
197 3351 286 3385 Alius
302 3353 383 3395 Reg.
402 3356 522 3392 ἐξεῶο-αι
539 3355 707 3396 προθύρων.

328 3427 422 3451 ΤΟΜ.
457 3428 510 3451 iv.

1164 2877 1186 2904 A
1209 2874 1356 2913 redeant
1379 2881 1520 2911 sortem.
1540 2869 1641 2908 Idem
1670 2883 1754 2907 sane
1784 2868 1918 2907 faciunt
1937 2877 1970 2907 et
1989 2865 2168 2921 pastores,

1210 2937 1298 2976 dum
1315 2948 1399 2974 oves
1418 2932 1536 2971 scabie
1563 2930 1725 2983 oppletas
1743 2944 1764 2967 a
1782 2929 1878 2968 sanis
1908 2937 2109 2981 segregant,
2131 2936 2171 2965 ut

1211 2997 1340 3036 misero
1364 2994 1489 3033 morbo
1511 2993 1654 3041 levatae,
1672 2990 1790 3030 denuo
1814 2999 1890 3029 tuto
1917 2990 1965 3029 ad
1993 3004 2096 3028 sanas
2116 3003 2169 3026 re-

1212 3065 1408 3106 vertantur,
1423 3069 1467 3093 ne
1483 3061 1624 3105 aegrotae
1641 3065 1785 3105 gregem
1801 3052 2010 3091 universum
2026 3065 2090 3090 suo
2108 3050 2169 3087 illo

1198 3193 1213 3216 b
1238 3190 1332 3234 Regii
1347 3187 1415 3221 duo
1430 3193 1588 3233 εἴργουσιν,
1603 3185 1659 3218 hic
1675 3194 1710 3232 et
1725 3185 1823 3220 iufra.

1201 3245 1216 3259 ¹*
1241 3242 1364 3286 [verba
1381 3246 1436 3279 τὴν
1451 3244 1610 3283 μοχθηράν
1626 3237 1728 3271 savit.
1747 3239 1780 3271 in
1799 3248 1903 3280 marg.
1921 3243 2052 3269 tantum
2066 3245 2083 3268 e
2099 3246 2166 3267 iar.

1160 3296 1236 3328 leet.
1251 3294 1361 3333 affert,
1372 3291 1558 3333 desuntque
1575 3291 1606 3322 in
1623 3289 1755 3332 Moror]

1915 3403 1960 3438 58
