2516 3791
632 158 676 187 tx
713 157 813 187 CAV.
856 155 932 186 Vll.

36 247 204 295 τοσαύτης
218 243 401 298 ῥᾳθυμίας,
417 242 476 281 καὶ
493 241 542 292 μὴ
560 241 750 293 ἀνάσχοιτο
764 238 961 292 περαιτέρω
976 253 1058 290 προ-

38 315 163 355 ελθεῖν,
190 307 280 346 ἀλλὰ
308 305 413 357 μέχρι
440 306 563 340 τοῦτου
584 302 717 348 στήσας
744 301 788 339 τὰ
816 303 878 347 τῆς
906 306 1060 352 πονηρᾶς

36 368 235 416 συνηθείας,
260 364 462 405 ἐκκοπτέτω
486 363 550 409 τὴν
572 361 684 414 ὁρμὴν
698 393 707 409 ,
728 361 983 413 ἀναχαιτιζέτιι)
1002 362 1060 398 τὸν

35 429 212 483 λογισμὸν,
231 430 279 470 εἰς
299 427 431 465 ἔννοιαν
454 424 574 462 ἑαυτὸν
593 423 708 474 ἀγέτω
722 426 784 469 τῆς
798 422 947 474 φοὸερᾶς
967 420 1061 459 ἐκεί-

41 508 102 538 νης
122 489 257 541 ἡμέρας
270 518 278 534 ,
301 485 558 538 ἀναλογιζὲσθω
578 487 640 530 τῆς
659 487 806 536 φρικτῆς
827 483 956 530 ταύτης
977 496 1064 534 τρα-

34 551 141 598 πέζης
158 549 222 595 τὴν
246 548 461 592 ἀπόλαυσιν,
482 562 541 584 και
562 547 652 584 ’τοῦ
672 547 804 583 ἐντεῧθε
792 560 824 581 εν
845 543 1064 589 ε’κτι-ηδῶντος

36 613 142 666 πυρὸς
160 611 224 657 τὴν
243 609 479 662 φαιδρότητα,
500 607 558 645 καὶ
590 606 654 653 την
678 604 871 651 καυστικὴν
899 603 1062 653 δύναμιν,

37 689 96 713 και
115 673 189 712 οἵαν
211 673 351 710 ἀπαιτεῖ
371 674 430 708 τοῦ
452 668 655 721 προσιόντος
685 671 774 706 εἰναι
795 666 859 712 τὴν
889 664 1062 711 διάνοιαν,

36 735 164 777 παντὸς
182 732 303 785 ῥύπου,
323 730 439 776 πάσης
455 731 595 776 κηλῖδος
612 727 870 781 καθαρεύουσαν
883 754 892 771 ,
912 725 972 764 καὶ
993 727 1062 762 τῶν

38 795 177 834 ἀτόπων
207 793 384 842 λογισμῶν
413 790 477 836 τὴν
507 789 689 827 συνουσίαν
719 785 1002 840 ἐκτρεπομένην,
1019 784 1063 822 ἵν’

36 855 145 899 οὕτως
172 851 314 894 ἑαυτους
352 850 616 902 εὐτρεπίσαντες
652 855 728 893 ταῖς
761 847 888 900 μεταξυ
921 846 1064 890 ταύταις

35 916 184 967 ἡμέραις
203 913 426 962 δυνηθωμεν,
446 913 524 949 καθ’
553 911 632 948 ὅσον
655 904 724 948 οἶόν
744 925 782 947 τε
808 908 1064 960 ἐκκαθάραντες

37 975 194 1023 ἑαυτους,
224 989 282 1012 και
314 975 376 1015 τῆς
412 973 565 1010 ἐντευθεν
601 970 824 1014 ἀπολαύσεως
860 974 1062 1022 μετασχεῖν,

37 1054 96 1076 και
114 1039 182 1075 τῶν
203 1033 446 1086 ἀπορρήτων
431 1032 571 1071 εκείνων
604 1033 742 1084 ἀγαθῶν
772 1030 980 1078 ἀξιωθῆναι,
1013 1034 1062 1068 ὡν

37 1096 269 1148 ἐπηγγείλατο
287 1099 358 1138 τοῖς
378 1095 560 1141 ἀγαπῶσιν
583 1092 699 1138 αὐτὸν,
721 1092 842 1145 χάριτι
864 1108 923 1130 και
941 1094 1061 1144 φιλαν-

38 1158 174 1211 θριιιπία
192 1173 252 1195 του
272 1154 401 1207 Κυρίου
420 1157 522 1205 ἡμων
538 1153 654 1200 Ιησου
673 1155 838 1207 Χριστοῦ,
861 1156 936 1204 μεθ’
954 1157 992 1192 οὓ
1009 1170 1059 1191 τιι)

40 1221 156 1273 Πατρι
181 1220 255 1270 ἅμα
276 1233 326 1255 τω
348 1215 436 1269 ἇγίω
456 1216 638 1266 Πνεύματι
663 1216 761 1265 δόξα,
789 1216 937 1269 κράτος,
960 1193 1060 1268 τιμθί,

40 1285 96 1319 νῦν
116 1280 174 1319 καὶ
194 1279 263 1325 ἀεὶ,
287 1278 346 1316 καὶ
365 1279 412 1321 εἷς
430 1276 506 1320 τοὺς
527 1279 654 1321 αἰῶνας
676 1279 746 1315 τῶν
773 1276 919 1316 αἰώνων.
940 1277 1060 1329 Ἀμήν.

411 1414 482 1452 ΟΜ
488 1413 589 1452 ΙΛῙΑ
618 1412 680 1451 κε’.

44 1539 123 1576 Νῶε
145 1537 179 1577 δὲ
200 1531 242 1584 ἦν
267 1538 354 1575 ἐτῶν
380 1535 566 1581 ἑξακοσίων
580 1566 590 1583 ,
616 1537 674 1575 καὶ
696 1540 714 1576 6
733 1537 980 1588 κατακλυσμὸς
1005 1539 1064 1576 τοῦ

288 1598 411 1643 ὕδατος
430 1598 565 1651 ἐγένετο
582 1599 640 1637 ἐπὶ
658 1601 720 1646 τῆς
739 1603 814 1650 γῆς.

97 1723 174 1768 Τῆς
192 1722 385 1767 ὑποθέσεως
405 1722 575 1774 βούλομαι
600 1722 707 1761 πάλιν
727 1723 901 1775 ἅψασθαι,
921 1722 1002 1775 περὶ
1028 1717 1069 1769 ’ἧς

46 1782 167 1834 πρῴην
186 1782 366 1835 διελέχθην
392 1785 489 1834 ὑμῶν
507 1786 550 1834 τῇ
580 1783 720 1834 ἀγάπῃ,
740 1782 800 1821 καὶ
819 1782 882 1829 τὴν
901 1783 991 1821 κατὰ
1011 1783 1068 1821 τὸν

46 1844 178 1882 δίκαιον
205 1845 284 1882 Νῶε
309 1845 412 1882 πάλιν
438 1844 594 1897 ἱστορίαν
623 1846 671 1888 εἷς
691 1843 794 1894 μέσον
827 1846 981 1897 ἀγαγεῖν.
1001 1846 1070 1883 Πο-

46 1903 105 1947 λὺς
124 1904 191 1956 γὰρ
206 1908 224 1943 6
244 1907 306 1950 τῆς
333 1907 458 1957 ἀρετῆς
475 1908 535 1943 τοῦ
553 1904 686 1943 δικαίου
709 1907 868 1953 πλοῦτος,
888 1905 946 1943 καὶ
963 1920 1070 1957 προσ-

46 1966 127 2012 ήκει
145 1970 240 2016 ἡμᾶς
266 1966 357 2004 κατὰ
377 1965 521 2016 δύναμιν
541 1965 715 2020 ἡμετέραν
742 1966 859 2005 πάντα
887 1966 978 2005 κατὰ
1007 1983 1070 2017 μι-

47 2027 128 2077 κρὸν
161 2027 489 2080 διερευνησαμένους
525 2027 658 2074 πολλὴν
697 2029 777 2078 ὑμῖν
808 2027 871 2075 τὴν
907 2027 1070 2081 εὐπορίαν

47 2089 203 2126 ἐντεῦθεν
232 2088 569 2140 παρασχεὶνζἌλλὰ
599 2088 797 2128 συντείνατέ
829 2105 911 2139 μοι,
947 2105 1070 2140 παρα-

48 2151 162 2196 καλῶ,
186 2148 249 2195 τὴν
269 2149 442 2196 διάνοιαν,
462 2148 519 2187 ἵνα
545 2149 652 2200 μηδὲν
681 2153 771 2200 ὑμᾶς
793 2154 806 2170 ²
821 2150 969 2203 διαφύγῃ
1000 2153 1069 2188 τῶν

47 2209 255 2261 ἐγκειμένων
282 2210 479 2260 νοημάτων.
510 2210 712 2262 Ἀναγκαῖον
735 2211 770 2249 δὲ
795 2212 962 2264 πρότερον
985 2213 1072 2249 ὑπο·

49 2273 180 2322 μνῆσαι
199 2272 296 2322 ὑμῶν
317 2270 381 2318 τὴν
410 2271 568 2323 ἀγάπην,
596 2271 702 2324 μέχρι
728 2272 820 2316 τίνος
838 2275 923 2324 ἡμῖν
947 2271 1069 2325 πρῴην

48 2331 147 2379 ἔληξε
171 2332 214 2370 τὰ
235 2335 297 2379 τῆς
325 2332 552 2376 διδασκαλίας
566 2363 576 2380 ,
595 2332 640 2370 ἵν’
658 2336 785 2372 ἐκεῖθεν
812 2334 918 2372 πάλιν
939 2335 1072 2372 ἀναλα-

50 2392 131 2430 ὅόντ
135 2408 166 2435 ες
185 2393 336 2467 σήμερον
351 2409 408 2430 τον
428 2392 545 2444 λόγον,
562 2393 670 2438 οὕτως
684 2394 869 2447 ὑφάνωμεν
890 2400 960 2438 τοῖς
976 2397 1071 2447 εἰρη-

52 2453 165 2503 μένοις
187 2469 247 2491 και
271 2453 315 2492 τὰ
335 2458 393 2492 νῦν
420 2453 591 2504 μέλλοντα
623 2455 847 2507 ῥηθήσεσθαι.
870 2455 976 2495 Οὕτω
1004 2456 1070 2508 γὰρ

51 2517 131 2564 υμῖν
152 2513 344 2553 ευσύνοπτα
359 2514 457 2553 ἔσται
483 2530 543 2553 και
563 2515 607 2553 τὰ
625 2521 682 2555 ν’ῠν
709 2517 895 2569 λεγόμενα.
917 2519 993 2556 Ποῦ
1013 2522 1071 2556 οὖν

50 2572 91 2611 τὸ
109 2573 243 2618 τέλος”
224 2591 324 2627 ecyev
340 2577 423 2626 ἡμῖν
438 2575 483 2613 τὰ
502 2592 563 2623 της
582 2577 826 2626 διδασκαλίας;
847 2573 949 2625 Eine,
972 2579 1071 2632 φησὶ,

50 2634 178 2687 Κύριος
195 2639 214 2674 6
230 2636 319 2679 Θεὸς
342 2639 392 2689 τῷ
416 2638 495 2676 Νῶε
511 2653 520 2661 ·
541 2638 672 2678 εἴσελθε
698 2639 740 2678 σὺ
760 2641 819 2679 καὶ
847 2647 916 2685 πᾶς
936 2645 954 2680 6
980 2635 1073 2685 οἶκός

51 2711 111 2734 σου
132 2699 180 2740 εἷς
199 2696 263 2743 τὴν
291 2697 459 2746 κιὸωτὸν,
486 2699 540 2737 ὅτι
568 2715 606 2738 σε
638 2693 725 2739 εἶδον
755 2702 888 2740 δίκαιον
918 2702 1071 2741 ἐναντίον

53 2758 137 2807 ἐμοῦ
168 2759 202 2796 ἐν
221 2760 264 2809 τῇ
294 2765 395 2812 γενεᾷ
425 2759 536 2812 ταύτῃ
554 2775 562 2783 ·
583 2761 652 2799 ἀπὸ
675 2761 711 2799 δὲ
739 2766 809 2801 τῶν
835 2765 972 2810 κτηνῶν
1003 2766 1072 2801 τῶν

972 153 1058 184 ΟΕΝ
1068 153 1136 183 ES-

1075 1383 1123 1408 250

1178 150 1334 182 ιιοΜιι..
1374 149 1484 179 xxv.
1996 131 2085 195 269

1130 243 1247 274 mente
1266 233 1430 272 revolvat
1447 230 1667 270 horrendum
1695 229 1798 267 illum
1819 228 1936 277 diem,
1960 230 2088 279 cogitet

1134 309 1260 334 mensae
1274 294 1383 347 liujus
1399 291 1588 331 tremendae
1602 289 1909 344 participationem
1925 299 1958 326 et
1975 291 2087 341 splen<

1133 356 1256 394 dorem
1286 354 1378 405 ignis
1403 353 1488 391 inde
1515 350 1723 400 resilientis,
1752 364 1794 388 ac
1813 350 2088 401 conflagrantem

1133 418 1223 467 vim,
1245 426 1279 455 et
1299 415 1442 467 qualem
1474 413 1659 452 conveniat
1678 426 1752 450 esse
1769 410 1969 449 accedentis
1989 425 2087 448 men-

1134 487 1223 526 tcm3
1250 477 1295 514 ab
1324 476 1420 514 omni
1457 489 1583 528 nempe
1613 473 1774 520 macula,
1803 473 1848 510 ab
1879 472 1975 510 omni
2011 472 2091 509 labe

1133 552 1276 591 puram,
1299 547 1331 575 et
1351 537 1559 575 illicitarum
1580 536 1834 586 cogitationum
1856 533 2091 584 frequentiam

1134 599 1473 637 subvertentem:ut
1495 599 1545 635 sic
1577 597 1718 634 interim
1748 595 1876 633 diebus
1904 594 1982 632 istis
2010 609 2091 632 nos·

1134 659 1229 711 ipsos
1240 666 1493 711 praeparantes,
1502 657 1692 709 possimus,
1703 665 1900 708 expurgata
1914 670 1979 708 pro
1994 655 2092 693 virili

1135 720 1252 758 anima
1282 728 1420 765 nostra,
1448 718 1642 770 participes
1672 718 1749 754 ficri
1782 717 1962 769 praesentis
1990 717 2092 755 istius

1136 779 1335 828 sumtionis‚
1353 788 1386 817 et
1401 778 1643 816 ineffabilibus
1661 778 1732 814 illis
1752 777 1854 814 bonis
1876 777 1998 829 potiri,
2013 792 2092 828 qua:

1136 841 1302 894 promisit
1331 839 1566 890 diligentibus
1592 852 1650 886 se;
1677 837 1790 888 gratia
1819 846 1852 874 ct
1874 837 2093 887 benignitate

1136 898 1282 938 Domini
1303 898 1414 936 nostri
1437 899 1520 936 Jesu
1538 895 1686 944 Christi,
1707 909 1789 932 eum
1807 909 1877 946 quo
1904 895 2022 942 Patri,
2041 895 2091 932 si—

1135 961 1213 999 mul
1239 969 1272 998 et
1299 958 1454 1012 Spiritui
1494 967 1614 996 sancto
1645 957 1692 995 sit
1719 956 1848 1009 gloria,
1880 955 2088 1008 imperium,

1134 1022 1262 1070 honor,
1280 1034 1374 1059 nunc
1392 1028 1427 1059 et
1442 1033 1592 1072 semper,
1610 1027 1644 1057 et
1663 1018 1699 1057 in
1718 1017 1846 1056 saecula
1866 1017 2088 1056 saeculorum.

1135 1085 1262 1122 Amen.

1431 1410 1558 1449 ΗΟΜΙ
1565 1411 1645 1449 LIA
1677 1409 1802 1450 XXV.

1137 1537 1213 1576 No'e
1234 1545 1354 1574 autem
1373 1549 1547 1574 annorum
1567 1543 1642 1572 erat
1663 1543 1927 1583 sexcentorum,
1950 1541 1985 1571 et
2002 1531 2098 1570 dilu-

1249 1597 1351 1637 vium
1382 1611 1483 1649 aquae
1503 1597 1638 1634 factum
1657 1605 1708 1634 est
1726 1609 1832 1648 super
1848 1604 1990 1633 terram.

1196 1724 1233 1760 1.
1260 1723 1522 1774 Argumentum
1546 1720 1591 1759 de
1619 1734 1690 1772 quo
1719 1720 1796 1758 heri
1817 1719 1954 1757 caritati
1975 1727 2100 1757 vestrae

1142 1783 1308 1832 disserui,
1325 1782 1442 1821 denuo
1463 1782 1653 1833 attingam,
1675 1781 1807 1834 etjusti
1824 1783 1898 1819 Noe
1911 1780 2100 1818 historiam

1142 1844 1273 1882 iterum
1293 1844 1328 1881 in
1348 1843 1507 1882 medium
1528 1844 1686 1880 afferam.
1705 1844 1847 1894 Magnae
1867 1842 1962 1879 enim
1980 1841 2101 1879 virtu-

1143 1904 1318 1958 tumjusti
1333 1904 1470 1942 divitiae
1486 1913 1579 1951 sunt,
1597 1903 1780 1955 nostrique
1793 1903 1902 1941 officii
1919 1911 1970 1940 est
1986 1903 2102 1940 omni-

1142 1967 1210 2005 bus
1227 1981 1292 2019 pro
1314 1975 1433 2003 nostra
1461 1965 1559 2004 virili
1579 1965 1803 2016 disquisitis,
1832 1978 1956 2002 curare
1977 1973 2016 2001 ut
2038 1978 2102 2002 ve-

1143 2037 1223 2065 strae
1235 2042 1318 2080 opes
1335 2026 1420 2065 ¹tine
1434 2027 1610 2065 auctiores
1628 2027 1726 2064 fiant.
1742 2026 1929 2072 Caeterum,
1944 2025 2102 2074 obsecro,

1144 2097 1277 2126 attenta
1298 2097 1414 2125 mente
1426 2087 1567 2136 adsitis,
1582 2096 1622 2124 ut
1646 2101 1689 2124 ne
1708 2086 1887 2125 sententiae
1904 2086 1964 2124 hic
1980 2099 2103 2123 recon-

1142 2148 1228 2187 ditae
1247 2163 1267 2187 a
1286 2148 1390 2186 vobis
1409 2147 1614 2199 diffugiant.
1644 2148 1771 2200 Operae
1799 2146 1956 2199 pretium
1983 2155 2103 2184 autem

1143 2211 1263 2257 fuerit,
1287 2210 1388 2263 prius
1401 2209 1541 2247 caritati
1561 2218 1686 2247 vestra:
1706 2222 1997 2255 commemorare,
2016 2207 2100 2246 ubi-

1144 2285 1227 2310 nam
1243 2272 1320 2310 lieri
1339 2270 1491 2310 docendi
1511 2270 1620 2308 finem
1646 2271 1849 2319 fecerimus,
1870 2279 1910 2307 ut
1931 2269 2013 2308 inde
2032 2269 2104 2308 ho-

1143 2333 1204 2372 die
1221 2347 1381 2371 sermone
1401 2332 1562 2385 repetito,
1582 2331 1735 2370 dicenda
1750 2331 1856 2370 dictis
1874 2340 1966 2369 recte
1986 2340 2103 2369 conte-

1143 2409 1283 2434 xamus.
1305 2394 1366 2433 Sic.
1380 2394 1473 2432 enim
1495 2393 1733 2431 manifestiora
1754 2393 1856 2431 nobis
1879 2401 1982 2430 crunt
1997 2392 2103 2430 etiam

1143 2471 1183 2495 ea
1195 2470 1276 2507 quae
1295 2470 1388 2493 nunc
1402 2454 1583 2492 dicuntur.
1598 2453 1669 2493 Ubi
1687 2467 1770 2505 ergo
1790 2468 1868 2504 qua:
1885 2452 2102 2491 docebamus

1142 2518 1236 2567 heri,
1259 2518 1367 2556 finem
1388 2517 1620 2555 habuerunt?
1642 2517 1772 2562 Dixit,
1796 2515 1928 2566 inquit,
1958 2516 2101 2553 Domi-

1147 2594 1217 2618 nus
1248 2581 1354 2618 Deus
1384 2580 1438 2616 ad
1465 2579 1550 2616 No&
1568 2593 1578 2613 .·
1592 2578 1800 2629 Ingredere
1830 2585 1885 2622 tu,
1917 2584 1953 2613 et
1979 2578 2103 2613 omnis

1146 2643 1282 2680 domus
1307 2650 1377 2678 tua
1402 2642 1443 2677 in
1476 2652 1611 2676 arcam
1629 2654 1639 2674 :
1659 2640 1753 2689 quia
1779 2646 1815 2674 te
1847 2638 1934 2674 vidi
1954 2639 2103 2689 justum

2117 1546 2213 1585 [ἕψῃς
2247 1543 2278 1574 6.

2121 2535 2196 2562 Gen.
2215 2542 2243 2571 7.
2259 2541 2284 2559 1.

1146 2717 1278 2742 coram
1309 2716 1368 2739 me
1396 2704 1438 2738 in
1455 2702 1707 2753 generatione
1729 2701 1817 2737 ista.
1836 2700 1899 2736 Ex
1919 2701 2105 2751 jumentis
2126 2709 2135 2714 ⁸

1147 2778 1242 2802 'vero
1256 2763 1411 2801 mundis
1423 2762 1540 2798 induc
1556 2761 1610 2798 ad
1625 2769 1661 2797 te
1671 2768 1886 2811 septena:et
1899 2762 2106 2813 exjumen-

53 2821 212 2871 καθαρῶν
247 2820 409 2873 Εἷσᾶγαγε
442 2821 528 2875 πρὸς
559 2822 600 2861 σὲ
638 2823 729 2862 ἑπτὰ
770 2824 879 2874 ἑπτὰ,
912 2825 973 2864 καὶ
1005 2825 1076 2864 ἀπὸ
1099 2828 1124 2860 C
1149 2829 1211 2873 tis,
1230 2839 1317 2878 quoe
1338 2838 1415 2862 non
1430 2831 1519 2861 sunt
1537 2823 1697 2868 munda,
1715 2824 1820 2859 bina.
1838 2820 1987 2859 Adhuc
2003 2823 2105 2859 enim

52 2882 121 2918 τῶν
152 2884 287 2927 κτηνῶν
320 2885 389 2920 τῶν
426 2883 474 2934 μὴ
509 2887 672 2937 καθαρῶν
701 2884 759 2925 δύο
792 2886 863 2925 δύο.
894 2886 978 2926 Ἔτι
1007 2886 1076 2941 γὰρ

54 2942 143 2980 ἑπτὰ
174 2945 333 2994 ἡμερῶν,
362 2943 482 2997 ἐπάγω
513 2945 609 2984 ὑετὸν
633 2946 692 2984 ἐπὶ
720 2946 784 2994 τὴν
815 2949 880 3000 γῆν
901 2949 1077 3001 τεσσαρά-

53 3017 156 3041 κοντα
193 3004 326 3055 ἡμέρας
358 3005 419 3043 καὶ
452 3007 716 3058 τεσσαράκοντα
751 3007 893 3054 νύκτας,
930 3009 990 3048 καὶ
1025 3009 1078 3054 ἐξ·

54 3063 186 3116 αλείψω
217 3070 333 3103 πᾶσαν
359 3065 422 3112 τὴν
454 3066 700 3117 ἐξανάστασιν,
732 3069 775 3116 ἣν
810 3069 972 3117 ἐποίησα,
1008 3070 1078 3109 ἀπὸ

54 3123 240 3176 προσιίνπου
260 3128 322 3171 τῆς
337 3129 421 3178 γῆς,
450 3127 520 3166 ἀπὸ
538 3127 721 3181 ἀνθρώπου
742 3128 807 3173 ἕως
827 3130 986 3178 κτήνους.
1009 3131 1078 3171 Καὶ

55 3184 197 3231 ἐποίησε
226 3187 306 3225 Νῶε
325 3187 440 3226 πάντα
464 3188 530 3228 ὅσα
557 3190 752 3230 ἐνετείλατο
782 3193 877 3245 αὐτῷ
906 3193 1033 3246 Κύριος
1061 3197 1080 3233 6

1149 2896 1293 2939 septem
1329 2886 1423 2931 dies,
1460 2897 1528 2935 ego
1566 2883 1750 2920 inducam
1779 2883 1956 2935 pluviam
1995 2895 2108 2934 super

1151 2957 1296 2986 terram
1325 2947 1590 2999 quadraginta
1618 2945 1752 2982 diebus
1781 2952 1817 2982 et
1844 2945 2108 2997 quadraginta

1153 3011 1340 3054 noctibus,
1355 3016 1390 3045 et
1403 3007 1536 3044 delebo
1550 3019 1700 3043 omnem
1714 3007 1975 3055 substantiam
1990 3020 2108 3058 quam

1140 3072 1241 3125 feci,
1265 3070 1417 3122 asacie
1443 3075 1566 3113 terrae,
1589 3068 1638 3104 ab
1655 3067 1810 3103 homine
1829 3080 1949 3118 usque
1971 3067 2025 3103 ad
2043 3081 2108 3117 pe-

1152 3145 1232 3171 cus.
1259 3132 1290 3168 E
1294 3139 1307 3168 t
1317 3131 1414 3181 fecit
1434 3129 1519 3167 lvo&
1542 3129 1673 3165 omnia
1689 3141 1774 3180 quae
1786 3135 2019 3179 praeceperat
2037 3129 2110 3165 sibi

1154 3195 1347 3232 Dominus
1377 3191 1495 3228 Deus.
1524 3189 1717 3239 Hucusque
1743 3188 1957 3241 procedebat
1976 3201 2107 3236 sermo,

101 3299 116 3315 ¹*
135 3299 275 3333 savinus
290 3302 476 3345 suspicatur
492 3301 546 3336 hic
563 3304 670 3348 ignem
690 3305 876 3339 sensibilem
895 3308 927 3340 in
950 3319 1062 3341 mensa
1099 3309 1220 3353 ignem.

56 3362 148 3384 sacra
174 3354 318 3396 positum
341 3353 565 3397 subindicari,
584 3367 703 3401 nempe
726 3356 893 3392 lucernam
921 3359 1064 3395 aliumve

1143 3371 1155 3411 .⁸
1172 3362 1226 3394 Sic
1243 3358 1342 3393 smil.
1360 3367 1391 3393 et
1408 3366 1532 3402 septem
1550 3359 1625 3392 Mss.
1645 3359 1686 3391 At
1709 3356 1826 3391 Moret.
1847 3361 1966 3402 &ll-‘37²5-
