2516 3791
325 169 416 213 ΟΜ)
732 164 770 194 S.

322 249 405 287 dem
419 258 452 287 et
463 248 550 287 Saul
564 248 611 286 ad
626 247 787 286 eamdem
803 260 927 285 vocem
943 244 1106 293 incaluit,
1126 243 1247 280 dicens
1264 257 1272 278 :

326 311 409 347 Vox
428 319 496 348 tua
515 313 604 356 isca,
613 309 686 361 fili
710 308 864 346 David?
879 305 979 352 Quid
999 305 1110 356 igitur
1128 303 1275 343 David?

322 371 462 409 Servus
479 379 580 417 tuus,
597 371 751 406 domine
767 370 820 405 mi
833 382 915 405 rex.
934 366 1086 404 Posthac
1101 374 1276 403 certamen

323 431 450 479 oritur,
472 440 507 469 et
525 429 699 468 contentio
719 437 797 466 uter
814 427 967 465 alterum
992 427 1126 479 majore
1153 438 1278 478 prose-

323 500 454 542 quatur
485 490 629 527 honore.
659 487 745 527 Saiil
773 486 918 537 quidem
950 485 997 524 ad
1032 485 1279 537 cognationem

324 550 476 589 adscivit
494 566 501 586 :
520 548 639 587 David
657 557 773 586 autem
796 547 984 585 dominum
1003 561 1086 584 eum
1104 546 1274 598 appellat.

324 611 433 658 Quod
447 619 565 648 autem
582 609 681 658 dicit,
698 608 766 646 tale
781 617 832 645 est
847 624 854 644 :
872 609 1010 657 Unum,
1032 607 1162 658 inquit,
1186 605 1279 644 illud

323 686 454 723 quaero,
475 672 625 709 salutem
652 679 752 707 tuam
766 684 808 707 ac
821 668 966 708 virtutis
988 669 1198 721 profectum.
1218 667 1278 706 Fi-

1287 703 1336 726 778

809 163 995 194 JOANMS
1031 160 1284 192 CHRYSOST.
1324 160 1536 189 ARCHIEP.
1575 160 1934 190 CONSTANTm'oP.

1346 241 1408 289 τὴν
1430 242 1546 294 φωνὴν
1567 243 1829 294 διαθερμανθεὶς
1849 245 1867 280 ὁ
1889 242 2006 280 Σαοὺλ
2036 243 2171 296 ἔλεγεν·
2203 244 2249 283 ‘H
2274 247 2369 297 φωνή

1347 318 1407 341 σου
1429 303 1538 350 αὕτη,
1569 303 1687 341 τέκνον
1718 303 1849 349 Δαυίδ,
1877 302 1925 340 Τί
1950 307 2029 354 γοῦν
2050 307 2068 342 ὁ
2091 305 2220 353 Δαυὶδ;
2242 308 2370 350 Δοῦλός

1347 380 1427 411 σου,
1454 363 1552 417 κύριέ
1583 381 1647 415 μου
1679 366 1833 415 βασιλεῦ’.
1851 362 2006 414 Ἅμιλλα
2033 365 2152 402 λοιπὸν
2185 366 2244 403 καὶ
2276 367 2371 418 φιλο-

1346 424 1459 464 νεικία
1489 425 1642 474 γίνεται,
1673 424 1725 469 τίς
1754 424 1813 462 τὸν
1847 424 1994 471 πλησίον
2027 425 2191 475 μειζόνως
2218 427 2371 477 τιμήσει.

1348 485 1502 530 Ἐκεῖνος
1520 488 1566 530 εἷς
1590 485 1790 538 συγγένειαν
1806 485 1949 537 ἤγαγεν,
1963 479 2061 529 οὗτος
2077 485 2248 532 δεσπότην
2273 487 2374 524 αὐτὸν

1349 547 1541 598 ὠνόμασεν.
1558 547 1607 586 ζῸ
1631 546 1666 586 δὲ
1685 546 1800 597 λέγει,
1822 546 1973 585 τοιοῦτόν
2003 548 2096 585 ἐστιν
2112 562 2120 569 ·
2139 546 2172 584 ἓν
2195 549 2286 594 ζητῶ
2307 547 2374 598 μό-

1349 625 1418 657 νον,
1446 609 1549 661 φησὶ,
1580 608 1756 662 σωτηρίαν
1775 607 1838 654 τὴν
1859 606 2022 654 σὴνἏκαὶ
2050 607 2112 654 τὴν
2135 607 2288 646 ἐπίδοσιν
2314 611 2377 654 τῆς

1352 671 1488 724 ἀρετ-ῆς.
1506 670 1638 708 Τέκνον
1656 686 1699 721 με
1714 670 1883 712 ἐκάλεσας
1894 697 1903 713 ,
1921 668 1989 720 ἐγὼ
2005 668 2041 707 δὲ
2061 672 2188 720 ἀγαπῶ
2207 668 2267 706 καὶ
2284 668 2379 721 στέρ-

325 734 413 771 lium
439 747 495 770 me
525 730 731 784 appellasti,
753 729 843 768 mlhl
871 744 956 768 VCl'O
983 730 1067 767 satis
1086 738 1151 779 cst,
1175 728 1204 767 Si
1224 743 1281 766 me
1301 741 1327 769 A
1352 748 1403 783 γω
1419 762 1429 779 ,
1459 731 1515 770 ἐὰν
1542 732 1660 770 δοῦλόν
1686 747 1730 782 με
1751 731 1856 782 ἔχῃς,
1879 730 1980 781 μόνον
2001 730 2090 781 μετὰ
2109 734 2168 768 τοῦ
2189 729 2379 768 ἀποθέσθαι

326 809 390 847 pro
402 793 536 831 famulo
550 793 692 841 habeas,
706 801 847 830 tantum
860 800 900 829 ut
914 791 1004 829 iram
1016 799 1282 844 ponas,tantum

328 865 368 893 ut
384 869 427 892 ne
445 854 535 906 quid
553 853 598 891 de
617 867 673 890 me
695 852 872 904 suspicere
901 852 1000 902 mali,
1018 866 1085 889 neu
1106 866 1162 889 me
1181 861 1284 904 putes

328 917 467 954 hostem
487 925 548 953 aut
570 914 825 953 insidiatorem.
853 913 1024 966 Implevit
1053 914 1152 951 illam
1171 913 1285 964 legem

126 990 214 1018 Rom.
235 997 281 1017 12.
329 978 577 1030 apostolicam,
596 991 674 1028 quae
700 976 823 1028 jubet,
846 984 885 1013 ut
904 989 966 1013 nos
986 975 1082 1027 ipsos
1107 974 1286 1013 vincentes

131 1038 178 1060 10.

329 1041 461 1078 honore
488 1038 640 1077 invicem
673 1036 954 1090 praeveniamus,
985 1050 1054 1073 non
1090 1034 1284 1074 secundum

328 1101 569 1154 plurimorum
609 1113 766 1147 morem,
805 1097 869 1149 qui
904 1098 1006 1150 pejus
1039 1097 1157 1135 affecti
1188 1106 1284 1145 sunt,

328 1177 436 1213 quam
469 1161 554 1213 ipsae
591 1160 762 1213 pecudes,
791 1159 855 1211 qui
885 1159 1090 1211 proximum
1114 1172 1157 1196 ne
1183 1158 1287 1196 affari

329 1223 474 1275 quidem
487 1222 623 1275 priores
638 1221 827 1271 sustinent,
848 1220 1090 1259 existimantes
1110 1234 1183 1258 sese
1205 1234 1286 1258 con-

331 1285 476 1323 tumelia
494 1284 605 1328 affici,
626 1293 659 1321 et
677 1298 697 1321 a
716 1283 890 1334 dignitate
914 1281 1036 1334 dejici,
1060 1282 1089 1320 si
1110 1297 1216 1333 quem
1230 1282 1287 1321 vel

331 1348 441 1385 affatu
467 1345 623 1398 simplici
653 1345 878 1397 compellent.
903 1343 1004 1390 Quid
1024 1343 1091 1381 ista
1109 1343 1287 1381 dementia

331 1409 440 1461 possit
457 1422 532 1446 esse
550 1407 664 1458 magis
679 1406 901 1444 ridiculum.⁰
922 1405 1011 1456 quid
1028 1405 1095 1442 hac
1115 1418 1285 1456 arrogan-
1309 1405 1332 1435 B

332 1471 381 1508 tia
396 1471 559 1520 fastuque
577 1468 737 1506 foedius?
755 1468 859 1504 Tunc
878 1467 987 1516 enim,
1006 1475 1106 1516 tunc,
1125 1466 1285 1517 inquam,

334 1548 354 1569 a
379 1531 552 1583 dignitate
584 1529 742 1581 dejectus
765 1543 822 1578 es,
845 1542 865 1565 o
883 1528 1012 1577 homo,
1031 1536 1116 1564 tunc
1137 1527 1289 1579 injuria,

334 1602 417 1630 tunc
443 1589 656 1629 contumelia
681 1589 828 1626 affectus
847 1602 903 1637 es,
923 1588 1061 1639 quoties
1086 1597 1290 1640 exspectas,

334 1663 374 1691 ut
390 1652 578 1705 proximus
594 1660 628 1688 te
644 1650 743 1703 prior
764 1649 982 1700 alloquatur.
1000 1647 1100 1697 Quid
1124 1649 1220 1686 enim
1234 1664 1291 1687 ar-

336 1714 497 1766 rogantia
529 1712 713 1751 deterius?
746 1710 836 1762 quid
863 1711 956 1749 fastu
987 1719 1021 1748 et
1054 1710 1150 1748 inani
1179 1711 1293 1762 gloria

338 1776 451 1828 magis
488 1773 711 1813 ridiculum?
737 1773 829 1810 Nam
853 1771 882 1810 si
903 1771 1004 1824 prior
1027 1771 1238 1822 alloquaris,
1260 1781 1295 1810 et

134 1848 216 1876 Νὶιιιι
245 1845 323 1873 inani
338 1841 434 1877 Deus
452 1837 528 1889 ipsc
546 1834 787 1882 collaudabit,
807 1832 903 1884 quod
923 1842 974 1871 est
993 1832 1155 1871 omnium
1173 1833 1291 1872 maxi-

134 1891 224 1927 gloria
263 1894 325 1915 tur-

136 1935 202 1968 pius
217 1932 256 1961 ci,
273 1938 323 1965 qm

316 1929 321 1934 .
338 1915 451 1950 mum,
471 1908 504 1937 et
521 1897 684 1935 homines
702 1896 847 1948 insuper
867 1894 1164 1947 comprobabunt,
1185 1903 1295 1946 tuque

138 1973 248 1999 honore
259 1961 437 2007 prae-illius
467 1957 715 2012 appellationis
751 1955 949 1994 mercedem
983 1964 1095 1993 totam
1125 1955 1290 2008 accipies.

139 2016 232 2041 ‘'⁰¹¹³‘i
250 2011 322 2039 vnn·
339 2022 447 2070 Quod
459 2022 486 2060 si
499 2018 770 2073 exspectaveris,
780 2026 817 2055 ut
828 2017 926 2070 prior
937 2017 1142 2067 honoratus,
1152 2026 1229 2055 tum
1239 2017 1295 2055 de·
1318 2025 1341 2056 C

340 2086 447 2136 nique
457 2082 836 2137 proximumhonores,
849 2079 940 2117 nihil
946 2080 1023 2131 jam
1030 2079 1150 2130 magni
1161 2079 1295 2118 feceris.

340 2149 431 2185 Nam
448 2147 477 2183 is
497 2143 591 2182 unde
609 2142 756 2180 honoris
775 2141 880 2193 coepit
899 2140 1057 2190 initium,
1080 2140 1176 2178 idem
1196 2140 1298 2178 relati

341 2208 403 2245 abs
420 2217 452 2245 te
470 2204 618 2244 honoris
635 2213 745 2241 totam
774 2202 974 2240 mercedem
999 2211 1206 2254 accepturus
1230 2211 1294 2240 est.

342 2268 494 2307 Proinde
515 2281 558 2304 ne
583 2273 843 2317 exspectemus,
871 2272 912 2300 ut
934 2263 996 2300 alii
1028 2263 1164 2315 priores
1197 2263 1299 2300 nobis

343 2331 513 2367 honorem
530 2327 704 2375 deferant,
729 2323 788 2362 sed
801 2337 1029 2361 accurramus
1051 2323 1096 2360 ad
1118 2323 1297 2361 exhiben-

342 2392 430 2428 dum
447 2390 612 2442 proximo
630 2387 817 2435 honorem,
836 2398 1042 2437 semperque
1055 2398 1074 2421 a
1087 2384 1189 2422 nobis
1206 2384 1297 2421 oria-

344 2462 401 2489 tur
430 2448 651 2488 salutationis
688 2446 858 2484 initium:
880 2460 994 2496 neque
1032 2454 1199 2497 putemus
1232 2445 1300 2483 hoc

343 2512 504 2550 officium
530 2524 604 2547 esse
631 2505 926 2546 contemnendum
950 2515 983 2544 et
1007 2506 1179 2557 vulgare,
1201 2506 1229 2545 si
1256 2507 1300 2544 li-

344 2575 468 2612 benter
484 2581 516 2610 et
535 2579 692 2609 amanter
721 2569 926 2607 salutemus.
943 2568 1036 2606 Nam
1062 2568 1130 2606 hoc
1157 2577 1301 2620 prseter-

346 2632 494 2669 missum
508 2629 638 2667 multas
653 2626 828 2665 amicitias
841 2626 1008 2678 disrupit,
1022 2627 1152 2665 multas
1163 2627 1303 2679 peperit

347 2693 544 2730 simultates
568 2707 575 2727 :
598 2687 900 2741 quemadmodum
917 2702 936 2726 e
949 2688 1093 2727 diverso
1114 2687 1207 2726 idem
1229 2697 1302 2727 stu-

348 2755 446 2792 diose
463 2752 677 2797 exhibitum,
692 2759 826 2788 veteres
840 2758 873 2787 et
889 2749 1078 2787 diuturnas
1099 2749 1303 2788 inimicitias
1326 2760 1350 2789 D

348 2814 530 2861 dissolvit,
548 2822 581 2850 et
600 2811 773 2849 amicitias
798 2811 933 2863 priores
962 2811 1200 2849 confirmavit.
1222 2810 1304 2850 Noli

353 2876 473 2927 igitur,
496 2873 687 2919 carissime,
712 2872 769 2911 his
783 2871 818 2910 in
832 2872 937 2910 rebus
961 2871 1122 2910 studium
1150 2872 1302 2924 neglige-

352 2951 407 2985 re;
426 2935 487 2974 sed
505 2935 533 2973 si
550 2935 625 2972 sieri
643 2943 777 2986 potest,
798 2933 925 2972 obvios
941 2934 1218 2985 qualescumque
1231 2934 1305 2972 fue-

352 2997 435 3045 rint,
454 3005 533 3034 tum
555 2996 589 3033 in
609 2994 811 3043 salutando,
835 3003 911 3032 tum
934 2994 970 3032 in
991 2995 1125 3033 caeteris
1140 2995 1306 3033 omnibus

353 3058 487 3110 priores
502 3056 728 3094 deliniamus.
748 3055 852 3103 Quod
875 3056 903 3093 si
926 3055 1007 3106 quis
1026 3065 1058 3093 te
1076 3055 1304 3108 praevenerit,

354 3120 523 3170 majorem
546 3115 699 3170 repende
722 3115 903 3155 honorem.
925 3118 1017 3154 Nam
1033 3126 1066 3154 et
1087 3116 1152 3154 hoc
1184 3116 1307 3155 admo-

156 3188 289 3253 ζ’ίιιίψργ
311 3195 338 3213 2·
355 3181 432 3218 nuit
451 3180 595 3228 Paulus,
613 3178 660 3215 ita
676 3177 822 3228 loquens
841 3194 849 3215 ι
869 3178 957 3215 Alii
973 3178 1073 3216 alios
1089 3180 1308 3229 vobisipsis

355 3244 565 3292 superiores
594 3241 823 3277 existimate.
853 3239 903 3275 lta
929 3238 1010 3276 fecit
1033 3238 1169 3284 David,
1192 3238 1252 3289 qui
1276 3247 1308 3276 et

401 3366 411 3379 ³
438 3355 515 3394 ch.
538 3365 618 3386 iuius
638 3358 820 3391 ηλνὶττωσκι.

1353 792 1414 839 τὴν
1443 792 1561 845 ὀργὴν,
1595 792 1696 843 μόνον
1730 792 1818 842 μετὰ
1847 796 1906 830 τοῦ
1936 790 2043 842 μηδὲν
2070 790 2274 830 ὑποπτεύειν
2300 791 2380 843 περὶ

1354 855 1438 904 ἐμοῦ
1457 854 1619 906 πονηρὸν,
1651 853 1780 904 καὶμὴ
1810 852 1960 903 νομίζειν
1995 852 2178 891 ἐπίὲουλον
2205 846 2292 890 εἶναι
2321 851 2381 889 καὶ

1354 913 1534 964 πολέμιον.
1555 914 1626 952 Τὸν
1646 914 1713 967 γὰρ
1739 914 1969 952 ἀποστολικὸν
1992 916 2120 952 ἐκεῖνον
2141 913 2292 965 ε’πλήρου
2320 912 2381 951 νό-

1357 990 1434 1027 μον,
1462 974 1728 1013 τὸν-κελεύοντα
1753 978 1796 1027 τῇ
1818 977 1904 1026 τιμῇ
1934 975 2106 1022 ἀλλήλους
2133 977 2381 1027 προηγεῖσθαι,

1356 1036 1591 1090 ὑπερέχοντας
1611 1038 1740 1074 ἑαυτῶν
1756 1051 1763 1058 ·
1792 1038 1829 1074 οὓ
1855 1036 2014 1088 καθάπερ
2032 1036 2177 1083 πολλοὶ,
2199 1033 2382 1086 βοσκημά-

1357 1113 1425 1135 των
1446 1097 1659 1148 διακείμενοι
1675 1103 1806 1150 χεῖρον,
1827 1095 1903 1135 οὐδὲ
1930 1103 2132 1150 προσειπεῖν
2158 1096 2215 1134 τὸν
2235 1094 2382 1142 πλησίον

1358 1158 1542 1211 ἀνέχονται
1560 1158 1747 1211 πρότεροι,
1767 1158 1963 1208 νομίζοντες
1983 1157 2184 1210 ἷιὸρίζεσῦαι
2203 1157 2263 1196 καὶ
2283 1159 2385 1195 ἐλατ-

1358 1224 1517 1267 τοῦσθαι,
1535 1222 1565 1257 εἷ
1579 1221 1682 1272 ψιλῆς
1701 1235 1769 1257 τινι
1788 1220 1968 1270 μεταδοῖεν
1983 1219 2220 1272 προσρήσεως.
2238 1218 2286 1257 Τί
2303 1218 2383 1256 ταύ-

1358 1298 1420 1328 της
1441 1284 1503 1328 τῆς
1532 1280 1649 1324 ἀνοίας
1667 1279 1791 1332 γένοιτ’
1820 1279 1860 1317 ἂν
1888 1279 2249 1332 καταγελαστότερον,
2269 1278 2303 1317 τί
2327 1283 2386 1317 τοῦ

1359 1342 1465 1395 τύφου
1478 1342 1598 1381 τούτου
1614 1341 1673 1380 καὶ
1685 1345 1747 1388 τῆς
1762 1340 1924 1384 ἀπονοίας
1940 1341 2103 1395 αἰσχρότε
2110 1357 2185 1394 ρον,
2201 1340 2292 1380 Τότε
2305 1340 2387 1393 γὰρ,

1359 1404 1437 1441 τότε
1459 1402 1724 1450 3ήλαττόνηκας
1735 1432 1745 1450 ,
1763 1395 1791 1439 ὦ
1806 1402 1968 1455 ἄνθρωπε
1980 1431 1989 1448 ,
2010 1401 2088 1440 τότε
2105 1402 2289 1454 ὑδρίσΟης,
2308 1401 2386 1440 τότε

1361 1463 1577 1516 ἠτιμάσθης,
1593 1463 1674 1501 ὅταν
1700 1463 1889 1515 ἀναμείνῃς
1908 1462 1965 1501 τὸν
1992 1462 2142 1509 πλησίον
2160 1462 2328 1516 πρότερόν
2349 1479 2387 1501 σε

1361 1532 1573 1579 προσειπεῖν.
1597 1524 1645 1562 Τί
1671 1524 1738 1577 γὰρ
1754 1524 1918 1567 ἀπονοίας
1944 1531 2081 1576 χεῖρον,
2100 1523 2135 1562 τί
2155 1524 2192 1562 δὲ
2208 1524 2312 1577 τύφου
2329 1523 2388 1561 καὶ

1361 1585 1555 1630 κενοδοξίας
1577 1585 1940 1637 καταγελαστότερον,
1957 1584 2018 1624 Ἂν
2044 1585 2105 1636 μὲν
2130 1585 2198 1637 γὰρ
2224 1585 2390 1637 πρότερος

1362 1646 1555 1701 προσείπῃς
1568 1677 1577 1695 ,
1593 1646 1651 1685 καὶ
1668 1649 1685 1684 ὃ
1701 1646 1790 1689 Θεὸς
1808 1646 2051 1694 ἐπαινέσεται,
2067 1645 2085 1684 ὃ
2100 1646 2240 1685 πάντων
2260 1648 2388 1697 μεῖζον,

1364 1709 1424 1748 καὶ
1445 1709 1620 1762 ἄνθρωποι
1642 1708 1677 1746 δὲ
1699 1707 1936 1757 ἀποδέξονται,
1956 1707 2017 1745 καὶ
2042 1711 2105 1755 τῆς
2126 1707 2256 1746 ἐκείνου
2283 1724 2390 1760 προσ-

1368 1770 1499 1824 ρήσεως
1516 1769 1556 1809 σὺ
1576 1769 1633 1808 τὸν
1651 1769 1772 1821 μισθὸν
1792 1769 1930 1807 ἅπαντα
1945 1769 2042 1821 λήψῃ
2055 1785 2062 1792 ·
2085 1768 2125 1806 ἂν
2151 1769 2180 1806 δ’
2204 1767 2392 1820 ἇναμείνῃς

1366 1832 1532 1885 πρότερον
1566 1830 1724 1882 τιμηθεὶς
1757 1829 1846 1870 οὕτω
1878 1834 2044 1882 τιμῆσαι,
2079 1830 2175 1869 οὐδὲν
2206 1829 2295 1882 μέγα
2324 1832 2393 1883 εἷρ-

1366 1895 1465 1946 γοὶσω
1478 1893 1611 1932 λοιπόν.
1628 1892 1673 1932 <O
1687 1892 1755 1945 γὰρ
1770 1895 1832 1938 τῆς
1847 1895 1893 1935 εἷς
1909 1891 1947 1929 σὲ
1961 1891 2138 1944 κατάρξας
2153 1895 2257 1942 τιμῆς
2268 1921 2278 1937 ,
2295 1890 2395 1934 αὐτὸς

1367 1956 1426 1994 καὶ
1442 1959 1504 2002 τῆς
1521 1954 1618 2008 παρὰ
1638 1958 1698 1993 σοῦ
1714 1953 1901 2004 γενομένης
1932 1955 1981 1996 εἷς
2003 1953 2105 1991 αὐτὸν
2127 1952 2313 2006 Θεραπείας
2335 1951 2393 1990 τὸν

1370 2017 1492 2069 μισθὸν
1517 2017 1655 2055 ἅπαντα
1679 2015 1840 2068 λήψεται.
1861 2014 1923 2062 Μὴ
1951 2014 2180 2066 ἀναμένωμεν
2201 2014 2311 2054 τοίνυν
2337 2030 2394 2052 τι-

1371 2083 1504 2131 μᾶσΟαι
1539 2078 1622 2131 παρ’
1659 2077 1788 2129 ἑτέρων
1824 2077 2007 2130 πρότεροι·
2045 2078 2122 2114 ἀλλ’
2155 2076 2396 2130 ἐπιτρέχωμεν

1370 2147 1444 2184 ταῖς
1468 2142 1514 2183 εἷς
1539 2139 1597 2178 τὸν
1614 2137 1761 2185 πλησίον
1781 2145 1921 2189 τιμαῖς,
1943 2138 2002 2176 καὶ
2023 2141 2084 2185 τ’ἧς
2103 2138 2329 2191 προσρήσεως
2345 2139 2397 2177 ἀεὶ

1371 2200 1618 2253 κατάρχωμεν,
1637 2198 1696 2238 καὶ
1714 2198 1762 2248 μὴ
1782 2199 1978 2250 νομίζωμεν
1998 2199 2097 2251 ψιλὸν
2122 2193 2209 2236 εἶναι
2225 2198 2283 2236 καὶ
2299 2200 2394 2237 εὖτε-

1371 2261 1428 2304 λὲς
1451 2262 1490 2299 τὸ
1512 2260 1722 2313 κατόρθωμα
1746 2263 1866 2307 τοῦτο,
1895 2260 1934 2297 τὸ
1964 2260 2123 2312 γενέσθαι
2142 2260 2397 2313 εὐπροσήγορον

1372 2322 1431 2361 καὶ
1464 2321 1773 2374 φιλοπροσήγορον.
1800 2321 1943 2364 Πολλὰς
1969 2326 2048 2372 γοῦν
2077 2321 2194 2373 φιλίας
2224 2320 2398 2373 ἐλλειφθὲν

1371 2386 1471 2421 τοῦτο
1492 2381 1650 2433 διέκοψε,
1678 2381 1809 2424 πολλὰς
1834 2381 1961 2435 ἔχθρας
1988 2382 2191 2434 εἰργάσατο·
2221 2384 2397 2432 ὡσπεροῧν

1376 2442 1464 2494 μετὰ
1486 2443 1638 2488 σπουδῆς
1656 2442 1895 2496 πληρούμενον
1923 2443 2081 2495 χρονίους
2108 2442 2280 2493 πολέμους
2297 2441 2401 2480 κατέ-

1371 2505 1472 2551 λυσε,
1504 2503 1564 2541 καὶ
1595 2502 1657 2546 τὰς
1687 2503 1790 2547 οὔσας
1821 2503 1937 2556 φιλίας
1969 2503 2171 2556 ἁπέσφιγξε.
2203 2503 2265 2550 Μὴ
2288 2502 2399 2541 τοίνυν

1374 2566 1507 2615 ἀμελῇς
1520 2594 1529 2611 ,
1548 2563 1727 2615 ἇγαπητὲ,
1751 2567 1813 2610 τῆς
1832 2564 1912 2617 περὶ
1938 2567 2048 2601 ταῦτα
2081 2565 2233 2610 σπουδῆς
2246 2579 2253 2585 ·
2277 2565 2354 2601 ἀλλ’
2372 2564 2401 2600 εἰ

1375 2624 1437 2675 μὲν
1457 2619 1526 2663 οἷόν
1541 2640 1597 2671 τε,
1617 2623 1695 2668 τοὺς
1713 2628 1962 2672 ἀπαντῶντας,
1985 2620 2050 2662 οἶοί
2070 2641 2160 2667 τινες
2181 2624 2220 2661 ἂν
2237 2616 2322 2670 ὦσι,
2343 2623 2401 2661 καὶ

1374 2689 1408 2725 ἐν
1423 2692 1498 2729 ταῖς
1517 2686 1745 2738 προσρήσεσι,
1765 2685 1825 2724 καὶ
1843 2689 1877 2724 ἐν
1894 2691 1964 2729 τοῖς
1983 2687 2099 2728 ἄλλοις
2117 2687 2227 2723 ἅπασι
2239 2684 2402 2738 πρότεροι

1375 2746 1632 2800 Οεραπεύωμεν.
1650 2746 1710 2785 Ἂν
1728 2746 1765 2785 δέ
1780 2763 1817 2784 σε
1834 2747 1948 2798 ἔτερος
1963 2747 2098 2800 φθάσῃ,
2116 2747 2256 2798 μείζονα
2276 2745 2403 2784 ἐπίδει-

1377 2809 1431 2854 ξαι
1451 2808 1512 2855 τὴν
1532 2807 1638 2859 τιμὴν
1658 2809 1775 2848 πάλιν.
1801 2808 1870 2846 Καὶ
1891 2809 1959 2861 γὰρ
1976 2809 2035 2846 καὶ
2054 2814 2154 2847 τοῦτο
2169 2808 2364 2861 παρήνεκεν
2384 2809 2402 2845 ὁ

1376 2872 1532 2916 Παῦλος,
1554 2868 1661 2913 οὕτως
1685 2867 1700 2887 ¹²
1713 2869 1838 2907 εἰπών·
1855 2869 2040 2916 Ἀλλήλους
2058 2873 2196 2921 ἡγεῖσθε
2217 2873 2279 2908 ὑπε
2287 2868 2402 2921 ρέχον-

1376 2948 1437 2975 τας
1466 2933 1613 2969 ἑαυτῶν.
1648 2929 1768 2973 Οὕτως
1789 2933 1805 2968 ὁ
1825 2930 1934 2969 Δαυίδ
1955 2930 2120 2977 ἐποίησε,
2152 2929 2210 2968 καὶ
2236 2929 2402 2983 πρότερος

1378 2993 1542 3045 ἐτίμησε,
1563 2993 1621 3031 καὶ
1648 2992 1804 3043 τιμηθεὶς
1833 2992 1938 3031 πάλιν
1967 2992 2130 3042 μειζόνως
2159 2990 2402 3041 ἀντετίμησεν,

1378 3053 1484 3093 εἰπών
1497 3070 1504 3077 ·
1520 3053 1650 3097 Δοῦλός
1677 3069 1753 3100 σου,
1776 3052 1872 3106 κύριέ
1895 3069 1960 3104 μου
1980 3055 2132 3104 βασιλεῦ.
2152 3052 2222 3091 Καὶ
2243 3051 2308 3104 ὅρα
2323 3051 2401 3090 ὅσον

1379 3113 1566 3165 εἰργάσατο
1595 3113 1724 3165 κέρδος.
1754 3113 1901 3161 Ἐπειδὴ
1928 3112 1996 3165 γὰρ
2024 3107 2099 3151 εἶπε
2126 3115 2217 3151 τοῦθ’
2238 3115 2256 3150 ὁ
2275 3112 2403 3159 Δαυὶδ,

1379 3177 1441 3215 οὖκ
1456 3176 1598 3228 ἤνεγκεν
1617 3175 1785 3227 ἀδακρυτὶ
1803 3175 1923 3213 λοιπὸν
1939 3174 2066 3221 ταύτην
2087 3175 2234 3212 ἀκοῦσαι
2250 3173 2312 3220 τὴν
2334 3189 2404 3225 φω-

1379 3236 1441 3283 νὴν
1461 3240 1478 3274 ὁ
1500 3237 1635 3275 Σαούλ·
1664 3238 1739 3275 ἀλλ’
1765 3235 1915 3279 ὠλόλυξε
1936 3235 2074 3288 πικρὸν,
2100 3234 2163 3281 τὴν
2190 3234 2322 3286 ὑγίειαν
2343 3233 2403 3280 τὴν

1439 3352 1455 3376 b
1481 3356 1586 3386 nimiu·
1608 3357 1644 3393 τῇ
1660 3358 1733 3394 τιμῇ
1764 3353 1909 3389 ἀλλήλους
1927 3354 2112 3395 προηγεῖσθε.
2135 3347 2188 3381 Sic
2207 3358 2301 3381 unus.

2479 1282 2487 1290 n

2508 1294 2514 1301 ι
2506 1158 2516 1241 -.·.,;.1
2504 1080 2516 1118 171„
2503 958 2516 1056 ;:'⁴,‘.„
2502 913 2516 934 ’.ἑ
