2516 3791
339 131 432 193 874
755 148 792 179 S.

340 228 481 279 loquuti
495 259 507 279 ,
540 238 657 267 tamen
688 230 807 270 animo
836 246 954 271 secum
987 230 1180 270 volvebant
1213 243 1295 268 cum

338 288 425 338 ista,
445 298 524 328 tum
539 291 616 329 istis
635 292 741 330 etiam
759 292 828 330 alia
844 293 991 344 majora.

392 350 430 388 5.
453 352 591 389 Verum
624 352 716 390 nihil
740 353 871 390 horum
896 353 1015 404 justus
1045 351 1107 389 ille
1129 351 1227 403 apud
1257 364 1292 389 se

337 411 594 463 perpendebat,
617 427 728 450 unum
762 412 855 450 illud
896 422 1082 465 spectans,
1110 411 1291 463 quomodo

336 481 455 523 posset
486 472 649 511 redimiri
684 473 876 511 tolerantiae
908 487 1035 512 corona
1047 503 1060 524 ,
1095 488 1136 511 ac
1161 487 1291 511 novam

338 533 531 583 quamdam
563 533 884 585 admirabilemque
904 534 1172 586 philosophiam
1187 548 1289 572 exer-

337 607 424 632 cere.
448 595 571 645 Neque
599 594 695 632 enim
721 595 870 648 perinde
889 596 1022 634 mirum
1038 605 1129 645 erat,
1158 595 1188 634 si
1209 609 1288 635 cum

335 664 423 692 esset
449 655 546 693 solus
574 665 607 693 et
628 656 760 708 absque
779 657 981 707 comitibus,
1000 657 1213 710 pepercisset
1234 657 1287 695 illi

334 730 353 752 a
375 729 445 766 quo
469 717 583 755 suerat
611 717 731 767 laesus,
752 728 856 770 atque
878 733 972 757 nunc
1000 727 1071 768 cst,
1101 719 1200 769 quod
1219 718 1287 758 hoc

332 775 427 814 idem
455 777 536 815 aliis
554 779 790 831 praesentibus
808 780 891 819 fecit
905 795 912 816 :
927 794 1009 818 nam
1036 780 1191 818 militum
1208 780 1285 817 illo-

331 851 413 875 rum
428 839 612 890 praesentia
628 840 811 891 geminum
827 850 900 878 erat
913 840 1151 893 philosophiae
1167 841 1286 879 obsta-

329 899 462 937 culum.
489 900 602 939 Nobis
634 901 719 953 ipsis
740 902 941 953 frequenter
965 903 1081 941 evenit
1095 932 1106 952 ,
1142 911 1182 940 ut
1203 916 1283 940 cum

331 961 559 999 statuerimus
589 961 787 1001 vindictam
814 963 1014 1012 remittere,
1044 973 1078 1001 et
1096 964 1285 1002 commissa

329 1021 549 1071 eondonare3
565 1032 646 1074 post
664 1024 728 1061 ubi
743 1023 940 1063 viderimus
957 1025 1094 1076 aliquos
1116 1039 1179 1062 nos
1196 1025 1283 1063 irri-

327 1091 439 1121 tantes
459 1093 492 1121 et
512 1084 748 1135 concitantes,
780 1095 962 1124 mutemus
981 1086 1190 1124 sententiam
1204 1116 1214 1135 ,
1251 1096 1284 1125 et

328 1144 475 1183 illorum
502 1145 608 1184 dietis
636 1147 934 1200 obtemperemus.
968 1150 1107 1187 Verum
1127 1148 1193 1186 hoc
1213 1162 1283 1186 non

326 1206 457 1244 accidit
478 1206 562 1245 huic
580 1208 702 1259 beato,
725 1208 788 1246 sed
813 1209 920 1246 etiam
939 1218 1018 1261 post
1038 1208 1185 1247 illorum
1202 1224 1284 1248 eon-

325 1267 448 1306 silium
480 1278 513 1306 et
544 1269 826 1308 exhortationem
848 1270 1089 1323 perseveravit
1116 1271 1152 1309 in
1171 1271 1282 1309 animi

325 1329 519 1382 proposito.
542 1332 586 1368 At
601 1344 644 1368 ne
658 1331 726 1369 hoc
740 1331 885 1382 quidem
901 1340 1041 1369 tantum
1062 1341 1114 1369 est
1127 1331 1283 1370 admira-

325 1390 421 1428 tione
438 1390 608 1443 dignum,
635 1391 733 1442 quod
761 1406 824 1430 nec
841 1392 993 1430 aliorum
1019 1392 1203 1430 admonitu
1221 1392 1281 1430 di-

325 1460 442 1490 motus
460 1460 511 1489 est
528 1467 548 1489 a
567 1453 761 1505 proposito,
773 1453 944 1504 quodque
963 1467 1033 1491 non
1053 1462 1103 1491 est
1123 1454 1203 1492 illos
1216 1469 1279 1492 ve-

324 1511 434 1562 ritus,
451 1512 512 1550 sed
529 1512 624 1563 quod
640 1513 799 1564 perfecit,
816 1523 854 1551 ut
868 1523 903 1552 et
921 1514 975 1551 illi
993 1514 1153 1552 eamdem
1171 1515 1282 1553 animi

324 1572 604 1611 moderationem
626 1583 816 1612 sumerent.
847 1577 1022 1626 Magnum
1056 1575 1222 1626 quidem,
1253 1577 1282 1614 si

324 1634 403 1684 quis
423 1634 495 1672 suis
515 1634 774 1687 cupiditatibus
794 1635 944 1688 imperet
962 1652 970 1672 τ
987 1635 1048 1674 sed
1068 1637 1182 1674 multo
1198 1651 1279 1676 ma-

318 1695 379 1747 jus
399 1705 449 1733 est
465 1705 498 1734 et
519 1696 600 1734 aliis
620 1696 834 1749 persuadere
849 1711 970 1749 posse,
987 1707 1026 1736 ut
1041 1707 1074 1736 et
1090 1698 1159 1751 ipsi
1178 1713 1278 1738 men-

322 1765 393 1794 tem
426 1757 588 1795 eamdem
622 1758 778 1796 habeant
795 1774 803 1795 t
821 1759 918 1809 aliis,
939 1758 1084 1810 inquam
1097 1789 1107 1808 ,
1127 1760 1188 1811 qui
1216 1775 1279 1799 nec

322 1817 475 1856 modesti
491 1828 574 1858 sunt
594 1819 758 1858 homines
774 1849 784 1869 ,
812 1834 926 1871 neque
944 1829 1198 1873 temperantes,
1218 1821 1279 1860 sed

322 1879 453 1918 milites
466 1911 477 1927 ,
500 1881 562 1932 qui
578 1881 701 1920 multis
719 1881 998 1920 difficultatibus
1010 1882 1135 1934 jamin
1155 1882 1280 1935 despe-

320 1942 495 1981 rationem
530 1952 630 1982 erant
660 1943 828 1993 adducti,
863 1958 883 1982 a
921 1943 1053 1995 quibus
1089 1944 1279 1997 paululum

320 2004 495 2056 respirare
513 2005 726 2058 cupiebant,
747 2005 847 2044 haud
867 2005 982 2058 ignari
1002 2019 1072 2044 non
1101 2006 1208 2044 modo
1230 2015 1281 2045 to-

321 2073 395 2103 tam
426 2066 603 2104 malorum
632 2067 845 2106 solutionem
870 2068 906 2106 in
925 2067 1038 2106 hostis
1066 2081 1150 2106 nece
1173 2067 1279 2106 sitam

321 2139 394 2164 esse
404 2141 416 2176 3
447 2140 511 2165 nec
545 2126 652 2166 modo
683 2128 863 2166 malorum
891 2128 1104 2167 solutionem
1117 2158 1128 2178 ,
1152 2142 1279 2168 verum

319 2187 426 2225 etiam
439 2188 678 2240 plurimorum
689 2189 866 2227 bonorum
875 2189 1160 2240 acquisitionem,
1168 2204 1278 2240 quan-

321 2247 367 2286 do
378 2248 472 2286 nihil
484 2249 665 2299 obstabat,
682 2249 874 2300 quominus
891 2250 953 2287 illo
968 2250 1150 2288 trucidato
1164 2251 1279 2303 proti-

323 2322 391 2347 nus
407 2323 558 2361 regnum
576 2310 741 2347 transiret
753 2309 799 2348 ad
813 2310 1003 2349 Davidem.
1017 2313 1182 2349 Attamen
1198 2325 1279 2350 cum

321 2378 372 2408 tot
387 2380 500 2409 essent
516 2385 570 2408 res
585 2385 663 2421 quae
678 2370 810 2409 milites
829 2371 1043 2420 irritabant,
1065 2380 1204 2409 tantum
1216 2386 1278 2411 va-

319 2431 388 2470 luit
402 2431 464 2469 ille
479 2445 669 2483 generosus
682 2462 694 2483 ,
719 2441 759 2470 ut
776 2432 833 2470 his
857 2432 1023 2470 omnibus
1044 2432 1154 2471 fuerit
1175 2447 1279 2487 supe-

319 2492 405 2542 rior,
425 2492 657 2544 suaderetque
669 2501 707 2530 ut
720 2492 814 2531 hosti
828 2502 1024 2545 parcerent.
1043 2494 1169 2546 Operae
1197 2509 1279 2546 pre-

831 148 1009 180 JOANNIS
1044 147 1286 178 CHRYSOST.
1328 147 1531 178 ARCHIEP.
1570 147 1928 179 CONSTANTINOP-

1368 229 1461 281 ὅμως
1483 230 1575 269 κατὰ
1594 231 1747 269 διάνοιαν
1762 230 1956 282 ἐλογίζοντο
1971 231 2030 269 καὶ
2048 234 2177 282 ταῦτα,
2194 234 2254 272 καὶ
2265 236 2392 275 τούτων

1365 291 1509 330 πλείονα
1530 291 1644 344 ἕτερα.

1418 351 1510 389 Ἀλλ’
1528 352 1622 392 οὐδὲν
1642 352 1770 390 τούτων
1794 356 1812 391 ὁ
1849 352 1978 396 δίκαιος
2000 354 2127 397 ἐκεῖνος
2148 356 2391 408 ὑπελογίζετο,

1365 413 1442 450 ἀλλ’
1463 415 1510 457 εἷς
1537 413 1571 451 ἓν
1595 413 1720 452 ἔὸλεπε
1749 413 1869 464 μόνον,
1889 413 1982 457 ὅπως
2001 414 2058 452 τὸν
2089 418 2150 462 τῆς
2174 416 2393 464 ἀνεξικακίας

1364 473 1605 520 ἀναδήσασθαι
1626 476 1752 526 δυνηθῇ
1773 475 1951 527 στέφανον,
1966 476 2024 513 καὶ
2045 477 2272 529 φιλοσοφῆσαι
2295 481 2392 531 φιλο-

1363 535 1484 587 σοφίαν
1506 535 1583 574 τινὰ
1599 535 1802 587 καινοτέραν
1821 536 1880 573 καὶ
1903 535 2108 588 παράδοξον.
2139 538 2232 577 Οὐδὲ
2256 540 2323 593 γὰρ
2347 536 2388 588 ἦν

1361 596 1450 634 οὕτω
1477 597 1688 648 θαυμαστὸν,
1707 599 1736 634 εἰ
1763 597 1864 647 μόνος
1892 597 1939 635 ὢν
1962 598 2021 635 καὶ
2048 601 2126 637 καθ’
2155 600 2275 639 ἑαυτὸν
2303 603 2390 653 ἐφεί-

1360 672 1445 695 σατο
1466 662 1526 697 τοῦ
1557 658 1814 706 λελυπηκότος,
1836 661 1882 701 ὡς
1911 663 1979 697 νῦν
1995 660 2187 711 παράδοξόν
2209 664 2316 710 ἐστιν,
2335 662 2389 702 ὅτι

1357 719 1539 771 παρόντων
1565 720 1701 772 ἑτέρων
1719 721 1813 772 αὐτῷ
1832 725 1932 759 τοῦτο
1952 720 2122 768 ἐποίησεν.
2145 721 2190 760 ‘H
2218 723 2286 775 γὰρ
2319 728 2388 763 τῶν

1358 785 1580 833 στρατιωτῶν
1615 781 1753 820 ἐκείνων
1795 781 1971 833 παρουσία
2003 783 2145 821 διπλοῦν
2181 784 2312 836 ἐγίνετο
2344 790 2387 839 τῇ

1357 841 1540 894 φιλοσοφίᾳ
1565 843 1604 880 τὸ
1629 841 1789 893 κώλυμα.
1810 842 1990 886 Πολλάκις
2018 847 2097 895 γοῦν
2125 845 2222 882 αὐτοὶ
2249 845 2388 898 κρίναν-

1357 916 1411 945 τες
1437 902 1542 954 ὂργὴν
1561 905 1716 954 ἀφεῖναι,
1737 903 1796 940 καὶ
1816 907 2046 955 συγχωρῆσαι
2064 904 2108 942 τὰ
2131 907 2390 958 πεπλημμελη-

1358 962 1446 1013 μένοι
1466 964 1554 1012 τινὶ,
1587 964 1726 1002 ἐπειδὰν
1757 964 1884 1014 ἴδωμέν
1911 980 2008 1009 τινας
2038 965 2293 1017 παροξύνοντας
2329 969 2389 1007 καὶ

1356 1025 1601 1076 διεγείροντας,
1636 1026 1698 1072 τὴν
1721 1025 1897 1078 ἡμετέραν
1923 1026 2141 1077 καταλύομεν
2169 1027 2297 1079 κρίσιν,
2317 1035 2388 1075 τοῖς

1355 1085 1493 1124 ἐκείνων
1511 1086 1811 1139 παραπειθόμενοι
1825 1086 1951 1138 λόγοις.
1966 1087 2060 1125 Ἀλλ’
2080 1091 2097 1126 ὃ
2113 1088 2282 1141 μακάριος
2300 1093 2388 1129 ἐκεῖ-

1353 1161 1410 1190 νος
1424 1151 1522 1186 τοῦτο
1541 1148 1602 1186 οὐκ
1617 1147 1755 1195 ἔπαθεν,
1780 1147 1870 1185 ἀλλὰ
1895 1147 1954 1185 καὶ
1984 1147 2073 1198 μετὰ
2098 1148 2160 1196 τὴν
2182 1150 2387 1201 παραίνεσιν

1353 1209 1413 1246 καὶ
1440 1207 1503 1255 τὴν
1535 1208 1736 1259 συμέουλὴν
1759 1208 1860 1260 ἔμενε
1884 1208 1947 1256 τὴν
1969 1208 2098 1248 οἰκείαν
2120 1211 2292 1263 διατηρῶν
2312 1213 2386 1264 ψῆ-

1352 1285 1426 1321 φον.
1449 1270 1517 1308 Καὶ
1549 1272 1587 1308 οὐ
1614 1273 1714 1308 τοῦτο
1739 1270 1839 1320 μόνον
1856 1270 1930 1308 ἐστὶ
1948 1270 1987 1308 τὸ
2007 1271 2218 1320 θαυμαστὸν,
2237 1272 2291 1310 ὅτι
2309 1271 2386 1312 οὔτε

1353 1336 1429 1374 ταῖς
1458 1333 1542 1384 παρ’
1571 1331 1698 1383 ἑτέρων
1720 1331 1931 1384 παρετράπη
1965 1333 2204 1382 συμίῗουλαῖς,
2238 1335 2308 1372 οὐδ’
2332 1334 2386 1374 ὅτι

1355 1392 1478 1437 αὐτοὺς
1505 1395 1567 1430 οὐκ
1601 1394 1750 1441 ἔδεισεν,
1781 1394 1857 1430 ἀλλ’
1879 1393 1933 1431 ὅτι
1965 1393 2025 1430 καὶ
2047 1394 2195 1437 ἐκείνους
2225 1395 2270 1432 τὰ
2298 1396 2385 1434 αὐτὰ

1354 1455 1446 1505 αὐτῷ
1468 1455 1665 1506 φιλοσοφεῖν
1684 1454 1936 1506 παρεσκεύασε.
1959 1455 2062 1506 Μέγα
2099 1454 2160 1506 μὲν
2174 1455 2242 1507 γὰρ
2264 1455 2303 1494 τὸ
2324 1457 2384 1494 καὶ

1354 1514 1454 1552 αὐτόν
1486 1531 1564 1552 τινα
1590 1519 1658 1553 τῶν
1688 1515 1822 1553 οἰκείων
1850 1515 2092 1568 περιγενέσθαι
2118 1520 2261 1555 παθῶν·
2294 1517 2383 1556 πολὺ

1353 1574 1388 1612 δὲ
1407 1577 1522 1625 μεῖζον
1543 1577 1582 1615 τὸ
1598 1577 1658 1614 καὶ
1680 1576 1816 1628 ἑτέρους
1831 1577 2020 1623 δυνηθῆναι
2035 1584 2178 1625 πεῖσαι,
2198 1577 2262 1624 τὴν
2276 1578 2383 1626 αὐτὴν

1352 1636 1446 1687 αὐτῷ
1463 1636 1659 1683 κτήσασθαι
1685 1636 1827 1687 γνώμην
1841 1651 1849 1659 ·
1880 1638 1940 1675 καὶ
1960 1636 2115 1689 ἑτέρους,
2133 1639 2196 1676 οὐκ
2220 1640 2383 1684 ἐπιεικεῖς

1351 1696 1552 1748 ἀνθρώπους
1569 1698 1629 1736 καὶ
1649 1696 1827 1750 μετρίους,
1847 1697 1938 1736 ἀλλὰ
1957 1698 2172 1751 στρατιώτας
2201 1700 2261 1738 καὶ
2279 1702 2384 1739 πολε·

1353 1764 1428 1808 μεῖν
1467 1759 1737 1811 μεμαθηκότας,
1772 1759 1832 1797 καὶ
1863 1765 1934 1803 τοῖς
1964 1761 2104 1804 πολλοῖς
2136 1762 2382 1813 ἀπεγνωκότας

1351 1820 1489 1868 πόνοις,
1526 1822 1585 1860 καὶ
1620 1820 1742 1874 μικρὸν
1772 1822 1984 1860 ἀναπνεῦσαι
2013 1823 2290 1873 ἐπιθυμοῦντας,
2322 1824 2382 1862 καὶ

1353 1882 1485 1925 εἰδότας
1518 1882 1571 1920 ὅτι
1594 1885 1663 1920 τῶν
1694 1885 1813 1920 κακῶν
1834 1885 1856 1929 ἡ
1875 1881 1973 1926 λύσις
2000 1889 2098 1921 πᾶσα
2119 1885 2153 1921 ἐν
2170 1885 2212 1935 τῇ
2233 1888 2293 1923 τοῦ
2312 1899 2380 1922 πο-

1350 1943 1472 1995 λεμίου
1494 1947 1608 1998 σφαγῇ
1634 1943 1712 1982 τότε
1734 1943 1865 1982 ἔκειτο·
1885 1945 1922 1981 οὐ
1944 1944 2044 1994 μόνον
2066 1944 2102 1983 δὲ
2127 1945 2225 1989 λύσις
2248 1947 2379 1993 κακῶν,

1351 2004 1443 2043 ἀλλὰ
1457 2005 1516 2043 κα).
1533 2005 1664 2058 μυρίων
1681 2008 1803 2051 κτῆσις
1819 2006 1958 2057 ἀγαθῶν
1971 2021 1978 2029 ·
1997 2006 2092 2044 οὐδὲν
2120 2005 2188 2059 γὰρ
2216 2005 2378 2054 ἐκώλυεν,

1350 2065 1479 2105 ἐκείνου
1508 2066 1714 2119 σφαγέντος,
1742 2066 1801 2104 ἐπὶ
1824 2070 1944 2104 τοῦτον
1971 2065 2094 2111 εὐθέως
2123 2067 2288 2115 διαὸἧναι
2314 2068 2379 2115 τὴν

1352 2127 1543 2178 βασιλείαν.
1565 2128 1655 2166 Ἀλλ’
1674 2127 1770 2178 ὅμως
1794 2126 1964 2165 τοσούτων
1997 2128 2104 2166 ὄντων
2133 2131 2202 2167 τῶν
2231 2129 2380 2180 παροξυ-

1348 2189 1476 2227 νόντων
1498 2188 1577 2232 τοὺς
1595 2188 1833 2241 στρατιώτας,
1863 2189 2006 2240 ἴσχυσεν
2033 2193 2051 2228 ὁ
2073 2195 2226 2241 γενναῖος
2254 2192 2380 2234 ἐκεῖνος

1349 2249 1489 2288 πάντων
1516 2249 1758 2303 περιγενέσθαι
1788 2249 1930 2297 τούτων,
1962 2249 2022 2287 καὶ
2047 2256 2166 2289 πεῖσαι
2195 2250 2380 2302 φείσασθαι

1349 2313 1409 2347 τοῦ
1430 2309 1609 2360 πολεμίου.
1625 2309 1735 2354 Ἄξιον
1751 2309 1786 2347 δὲ
1803 2310 1862 2347 καὶ
1884 2313 1989 2357 αὐτῆς
2020 2312 2166 2348 ἀκοῦσαι
2185 2314 2253 2349 τῶν
2272 2327 2378 2364 στρα·

1348 2388 1482 2410 τιωτων
1501 2375 1563 2418 τῆς
1582 2371 1795 2423 συμοουλης·
1814 2374 1834 2418 ἡ
1858 2371 1926 2424 γὰρ
1946 2372 2139 2424 κακουργία
2158 2375 2221 2418 τ’ῆς
2250 2388 2379 2425 παραι-

1347 2433 1472 2476 νέῦεως
1492 2449 1531 2471 TO
1547 2433 1688 2485 σῖερρον
1708 2449 1766 2470 721.
1795 2433 2045 2487 ἀΤΞρῑ”“ρΞπτΟν
2073 2450 2134 2481 της
2159 2449 2218 2471 του
2245 2433 2378 2472 ΟῑκαίΟυ
2426 2464 2429 2465 ⁷
2460 2441 2483 2478 γ’

1350 2495 1501 2532 ofiizvoct
1525 2511 1678 2546 'mmmm-G
1710 2494 1801 2533 ΟυΟΞ
1829 2494 1896 2546 γὰρ
1928 2499 2043 2533 Εἶπον
2066 2494 2137 2532 3001)
2163 2497 2180 2532 ὃ
2202 2494 2310 2547 μυρία
2339 2511 2378 2533 Ge

318 2555 411 2592 tium
438 2568 524 2592 vero
542 2563 611 2603 est,
639 2554 746 2592 etiam
778 2554 939 2606 ipsorum
965 2554 1122 2592 militum
1155 2554 1279 2593 audire
1302 2560 1326 2590 E
1350 2557 1476 2600 διαθεις
1494 2572 1605 2603 κακα,
1628 2558 1645 2593 6
1666 2559 1728 2602 τῆς
1749 2571 1916 2608 σφαγης
1904 2555 2122 2606 ἔπιθυυήσας
2145 2559 2208 2602 τῆς
2242 2559 2329 2604 σῆς,
2360 2559 2378 2594 ὁ

321 2615 526 2664 consilium,
543 2615 626 2666 quia
649 2614 786 2654 consilii
808 2615 985 2653 calliditas
1005 2615 1154 2653 firmum
1173 2625 1206 2654 et
1222 2631 1277 2655 so-

318 2677 434 2715 lidum
451 2677 540 2730 justi
559 2677 719 2715 animum
744 2677 911 2715 ostendit.
934 2678 1015 2716 Non
1035 2677 1131 2716 enim
1158 2678 1205 2716 ita
1226 2679 1278 2717 lo-

319 2739 423 2789 quuti
452 2747 534 2776 sunt
557 2754 565 2775 :
585 2738 675 2777 Ecce
705 2738 768 2790 qui
797 2739 912 2777 multa
934 2739 970 2777 in
991 2748 1024 2777 tc
1053 2739 1200 2778 molitus
1225 2748 1275 2778 est

319 2799 433 2848 mala,
450 2799 511 2849 qui
530 2811 651 2837 necem
675 2807 775 2836 tuam
799 2799 1027 2851 concupivit,
1047 2799 1110 2851 qui
1127 2814 1189 2837 nos
1210 2800 1276 2838 im-

319 2859 594 2898 medicabilibus
615 2860 767 2899 vallavit
795 2860 1076 2899 difficultatibus
1095 2877 1102 2898 :
1121 2861 1184 2899 sed
1213 2861 1274 2899 ubi

318 2931 576 2975 perspexerunt
588 2922 664 2960 haee
679 2923 797 2960 omnia
814 2923 992 2975 negligere
1007 2923 1195 2973 Davidem,
1212 2938 1276 2962 nec

318 2997 486 3036 magnam
504 2983 635 3021 habere
666 2983 838 3021 rationem
860 2983 896 3021 in
925 2998 962 3022 se
980 2984 1273 3034 commissorum,

316 3045 472 3097 allegant
487 3044 540 3082 illi
556 3044 720 3083 divinum
738 3054 937 3095 aucun-,em
952 3047 1078 3096 Deus,
1094 3046 1207 3095 aiunt,
1225 3047 1272 3084 tl-

317 3107 398 3144 lum
415 3107 596 3153 tradidit,
613 3121 683 3157 quo
696 3075 1053 3160 vitlelicetjudieium
1065 3123 1084 3146 a
1099 3110 1173 3146 Deo
1188 3123 1312 3164 plo-75

1347 2615 1547 2668 περιὲαλὼν
1571 2620 1665 2666 ἡμᾶς
1683 2620 1753 2659 τοῖς
1771 2615 1971 2662 ἀνηκέστοις
1991 2616 2110 2658 δεινοῖς
2123 2631 2130 2638 ·
2158 2616 2234 2652 ἀλλ’
2255 2614 2375 2662 ἐπειδὴ

1347 2678 1496 2717 συνεῖδον
1521 2676 1574 2715 ὅτι
1602 2677 1741 2715 πάντων
1771 2676 1901 2714 τούτων
1935 2675 2136 2728 ὑπερεώρα,
2156 2675 2215 2713 καὶ
2234 2677 2302 2713 τῶν
2329 2678 2377 2719 εἷς

1347 2738 1448 2777 αὐτὸν
1491 2737 1750 2790 ἡμαρτημένων
1787 2739 1824 2775 οὐ
1853 2736 1958 2775 πολὺν
1987 2739 2136 2775 ἐποιεῖτο
2170 2738 2227 2776 τὸν
2260 2736 2374 2788 λόγον,

1346 2801 1474 2839 ἄνωθεν
1500 2802 1594 2852 αὐτῷ
1620 2799 1682 2846 τὴν
1719 2801 1831 2850 ψῆφον
1870 2797 2049 2851 φέρουσιν,
2078 2797 2122 2836 Ὁ
2157 2798 2246 2841 Θεὸς
2275 2798 2375 2837 αὐτὸν

1345 2860 1538 2913 παρέδωκε,
1558 2860 1737 2912 λέγοντες,
1761 2861 1818 2898 ἵνα
1845 2859 1906 2906 τὴν
1929 2861 2056 2897 ἐκεῖθεν
2077 2859 2243 2903 αἰδεσθεὶς
2261 2858 2374 2911 κρίσιν

1345 2922 1561 2974 ἑτοιμότερον
1591 2922 1648 2961 ἐπὶ
1674 2921 1736 2969 τὴν
1763 2921 1900 2974 σφαγὴν
1923 2920 2018 2972 ἔλθῃ.
2047 2920 2107 2967 Μὴ
2142 2920 2210 2974 γὰρ
2249 2921 2374 2959 σαυτὸν

1343 2983 1505 3029 ἐκδικεῖς;
1525 2980 1620 3034 φησί.
1638 2983 1700 3033 Τῷ
1732 2982 1815 3032 Θεῷ
1834 2981 1975 3030 διακονῇ
1996 2979 2054 3016 καὶ
2082 2981 2286 3030 ὑπηρετεῖς,
2315 2978 2375 3016 καὶ
2393 3003 2402 3009 ·
2454 3001 2455 3006 =

1343 3044 1404 3092 τὴν
1428 3043 1558 3082 εκείνου
1586 3045 1698 3096 ψ’ἧφον
1719 3048 1845 3094 κυροῖς.
1882 3042 1974 3079 Αλλ
1995 3040 2065 3079 ὅσω
2100 3044 2211 3078 ταῦτα
2234 3039 2373 3091 ἔλ..γον,

1340 3106 1492 3146 τοσούτω
1532 3107 1664 3156 μᾶλλον
1690 3105 1853 3157 εφείοετο.
1876 3103 1978 3140 ΙΙοει
2013 3118 2080 3154 γαρ
2110 3105 2231 3148 τουτο,
2270 3100 2322 3139 ὅτι
2355 3103 2373 3138 ὁ

315 3168 446 3206 sectum
465 3167 652 3216 reveritus,
674 3167 851 3220 promtius
866 3168 932 3206 iiet
951 3169 995 3206 ad
1012 3169 1265 3207 homicidium.
1294 3177 1318 3206 Λ
1340 3168 1429 3211 Θεὸς
1456 3167 1556 3205 αυτὸν
1575 3167 1668 3204 αὐτι)
1687 3165 1902 3216 παρέδωκεν,
1921 3163 1977 3200 ἰ’να
2003 3162 2160 3205 πλείονος
2184 3161 2372 3236 εὐδοκιμή-

316 3228 520 3280 Numquid,
538 3228 718 3280 inquiunt,
734 3238 830 3266 tuam
851 3229 963 3281 ipsius
982 3230 1095 3270 vicem
1118 3231 1258 3269 ulcisce-

312 3290 392 3328 ris?
412 3292 486 3329 Deo
523 3291 634 3328 servis
663 3303 703 3327 ae
724 3290 902 3327 ministras
916 3321 926 3341 ,
946 3292 1042 3329 illius
1057 3293 1264 3331 senteutiam

311 3352 534 3404 comprobas.
556 3351 625 3390 Sed
643 3365 712 3401 quo
732 3351 845 3402 magis
863 3352 938 3391 hzec
963 3353 1145 3401 dite-bant,
1166 3363 1262 3393 tanto

1340 3245 1425 3272 σεως
1455 3230 1547 3266 αὐτι)
1582 3227 1750 3278 παράσχῃ
1778 3225 1964 3277 πρόφασιν.
1991 3224 2059 3261 lxm
2080 3239 2120 3260 συ
2147 3222 2271 3269 τοίνυν,
2289 3221 2369 3259 ὅταν

1338 3291 1413 3342 ἴδῃς
1443 3290 1499 3328 τὸν
1521 3290 1644 3342 ἓγθρὸν
1673 3291 1720 3331 εἰς
1744 3303 1804 3330 τας
1823 3293 1943 3339 χεῖρας
1967 3285 2164 3347 ἐμπεσόντα
2192 3284 2254 3326 τὰς
2284 3283 2366 3329 σὰς,

1338 3352 1385 3399 w>
1424 3352 1539 3402 νόμιζε
1572 3349 1760 3401 τιμωρίας,
1795 3347 1885 3385 ἀλλα
1917 3346 2091 3397 σωτηρίοις
2126 3350 2212 3383 ειναι
2247 3344 2365 3395 καιρὸν
