2516 3791
704 216 748 246 tN
785 217 887 246 CAP.
930 216 1009 247 vlt.

108 298 213 351 ἀρετ-ὴ
232 297 346 336 τοίνυν
364 302 424 337 τοῦ
442 297 576 336 δικαίου
599 297 836 349 ἐπιλαθομένη
863 300 926 344 τῆς
949 303 1009 337 τοῦ
1037 300 1131 336 Θεοῦ

108 359 389 412 φιλανθρωπίας,
421 359 656 398 ἀνεκαλέσατο
689 358 753 406 τὴν
788 359 962 413 προτέραν
1003 358 1130 411 ἀρχὴν,

107 420 166 459 καὶ
178 420 282 458 πάλιν
293 420 336 457 τὰ
356 420 461 474 θηρία
479 419 542 466 τὴν
562 419 741 470 ὑποταγὴν
761 419 1129 472 ἐπεγίνωσκον.”Ι·’,νοα

106 477 175 531 γὰρ
195 477 236 515 ἂν
255 478 312 529 ἴδη
334 476 439 531 θηρία
456 478 601 523 δίκαιον,
629 479 896 517 ἐπιλανθάνεται
922 482 983 525 τῆς
1001 477 1130 521 οἰκείας

107 538 259 591 φύσεως,
280 541 411 589 μᾶλλον
431 538 466 576 δὲ
482 541 520 577 οὐ
545 541 607 584 τῆς
634 539 786 590 φύσεως,
804 538 894 577 ἀλλὰ
912 542 975 585 τῆς
1000 543 1129 590 θηριω-

108 600 200 644 δίας,
217 600 276 638 καὶ
303 599 450 651 μένοντα
463 601 499 637 ἐν
519 603 561 652 τῇ
581 600 682 651 φύσει
701 600 764 647 τὴν
794 600 980 652 θηριωδίαν
1001 601 1048 642 εἷς
1063 598 1126 645 τὴν

106 660 308 712 ἡμερότητα
325 660 551 711 μεταὸάλλει.
568 660 637 698 Καὶ
653 659 716 712 δ’ρα
727 665 827 699 τοῦτο
840 660 898 697 ἐπὶ
916 663 976 698 τοῦ
991 658 1127 705 Δανιὴλ

107 721 299 772 γινόμενον.
311 721 402 759 Ὑπὸ
414 721 481 772 γὰρ
497 724 564 759 τῶν
579 720 726 759 λεόντων
737 720 970 770 κυκλούμενος
981 750 991 767 ,
1005 718 1126 773 ὥσπερ

106 781 175 819 ὑπὸ
190 781 376 833 προὸάτων
396 781 704 833 δορυφορούμενος,
723 779 831 823 οὕτως
857 781 966 823 ἀδεῶς
990 781 1126 831 διῆγεν·

106 845 128 887 ἡ
155 841 223 894 γὰρ
251 844 311 880 τοῦ
341 841 475 880 δικαίου
500 841 682 893 παρρησία
710 841 871 893 ἐχαλίνου
897 842 966 878 τῶν
998 840 1126 892 θηρίων

106 902 170 950 τὴν
188 902 302 955 φύσιν,
320 903 379 940 καὶ
393 905 454 941 οὐκ
473 902 528 940 εἴα
548 902 592 939 τὰ
604 905 674 940 τῶν
701 901 830 954 θηρίων
850 900 975 945 αὐτοὺς
999 902 1128 940 ἐπιδεί-

104 967 261 1002 κνυσθαι.
277 963 348 1001 Τὸν
370 965 471 1002 αὐτὸν
492 963 534 1010 δὴ
551 964 679 1015 τρόπον
699 965 718 1000 ὁ
739 963 931 1014 θαυμάσιος
950 956 1046 1006 οὗτος
1065 962 1128 1010 τὴν

107 1024 196 1076 μετὰ
217 1027 285 1062 τῶν
306 1026 434 1079 θηρίων
464 1024 640 1077 διαγωγὴν
662 1027 738 1075 μετ’
757 1024 914 1067 εὐκολίας
933 1024 1050 1076 ἔερερε,
1070 1024 1129 1062 καὶ

106 1085 184 1124 οὔτε
210 1089 232 1132 ἡ
263 1086 495 1139 στενοχωρία,
518 1085 596 1123 οὔτε
621 1088 642 1131 ἡ
673 1089 733 1124 τοῦ
752 1084 878 1138 χρόνου
910 1084 1129 1136 παράτασις,

106 1147 184 1186 οὔτε
198 1148 237 1185 τὸ
256 1147 364 1190 οὕτως
388 1149 648 1198 ἐγκεκλεῖσθαι,
671 1147 730 1185 καὶ
750 1147 838 1197 μήτε
863 1146 920 1184 τὸν
941 1145 1028 1200 ἀέρα
1046 1148 1128 1184 ἀνα·

106 1213 201 1246 πνεῖν
224 1211 396 1262 ναρκῆσαι
416 1208 518 1246 αὐτὸν
537 1207 810 1260 παρεσκεύασεν,
832 1206 923 1246 ἀλλὰ
948 1210 991 1259 τῇ
1014 1207 1131 1246 πίστει

106 1270 150 1320 τῇ
170 1270 217 1312 εἷς
238 1269 297 1306 τὸν
316 1269 406 1307 Θεὸν
436 1268 575 1306 ἅπαντα
600 1272 713 1320 κοῦφα
743 1270 838 1320 αὐτῷ
870 1267 1047 1320 ἐφαίνετο,
1070 1268 1130 1306 καὶ

107 1328 198 1368 οὕτω
219 1331 336 1381 διῆγεν
357 1332 392 1368 ἐν
408 1333 458 1381 τῷ
477 1332 625 1381 χαλεπῷ
641 1328 762 1381 ἐκείνῳ
790 1329 1020 1381 δεσμωτηρίῳ
1034 1357 1044 1373 ,
1058 1331 1130 1368 ὡσ-

108 1391 182 1428 ανεὶ
201 1395 302 1440 ἡμεῖς
322 1392 356 1428 ἐν
377 1393 526 1441 λειμῶσι
548 1390 608 1428 καὶ
631 1391 819 1443 δενδρικοῐς
841 1390 972 1433 τόποις.
992 1390 1045 1428 Τὸ
1061 1389 1131 1442 γὰρ

107 1451 286 1503 ἐπίταγμα
305 1454 365 1489 τοῦ
384 1450 562 1490 Δεσπότου
577 1450 622 1489 τὰ
638 1452 789 1504 δυσχερῆ
811 1450 911 1503 ῥᾴδια
932 1452 1026 1505 αὐτῷ
1045 1451 1131 1504 φαί-

106 1517 225 1551 νεσθαι
254 1512 508 1566 παρεσκεύασε.
543 1514 708 1551 Τοιοῦτον
735 1512 804 1564 γὰρ
832 1515 902 1550 τῶν
925 1511 1068 1550 δικαίων
1093 1512 1134 1551 τὸ

106 1572 200 1617 ἔθος·
219 1573 302 1612 ὅταν
322 1590 358 1612 τι
382 1575 426 1612 δι’
448 1573 551 1612 αὐτὸν
582 1573 829 1624 ὑπομένουσιν,
847 1575 885 1611 οὐ
903 1576 946 1625 τῇ
967 1573 1043 1625 ὄψει
1062 1575 1131 1611 τῶν

1048 214 1208 245 GENES.
1245 214 1402 245 Romu„
1441 214 1535 245 XXV
1545 235 1555 244 .

2065 221 2155 266 ²75)

1202 297 1286 336 vina
1305 297 1490 336 clementia
1510 296 1639 350 adjuta
1661 297 1822 350 primum
1838 299 2017 350 reparavit
2033 299 2154 338 ‹lomi-

1202 358 1320 407 nium,
1346 359 1537 410 bestiaeque
1566 359 1694 397 iterum
1722 358 1977 411 subjectionem
2002 374 2157 411 agnove-

1202 428 1298 458 runt.
1313 420 1404 457 Cum
1415 419 1509 458 enim
1522 419 1592 457 illa:
1607 419 1763 458 viderint
1775 421 1907 472 justum
1918 450 1927 468 ,
1940 421 2156 460 obliviscun-

1203 488 1262 516 tur
1279 489 1413 518 naturae
1433 495 1506 518 suae
1522 495 1529 517 :
1553 481 1625 518 imo
1644 494 1712 518 non
1731 490 1885 529 naturae,
1905 481 1966 519 sed
1987 482 2153 534 [ενοι-ἰῶ,

1203 548 1236 576 et
1255 549 1390 578 naturae
1422 541 1565 579 insitam
1598 541 1771 579 sei-itatem
1793 543 1827 579 in
1848 543 2155 581 mansuetudinem

1201 610 1424 639 convertunt.
1440 601 1486 639 Et
1502 602 1587 640 vide
1601 603 1780 653 quomodo
1800 603 1868 641 hoc
1882 604 1998 656 ipsum
2015 605 2157 643 Danieli
2170 615 2250 643 Dan.
2263 614 2292 643 6.
2307 624 2355 643 22.

1199 661 1366 699 evenerit.
1387 661 1453 698 llic
1471 662 1565 700 enim
1591 677 1672 701 cum
1690 678 1709 700 a
1730 664 1891 702 leonibus
1921 664 2158 704 circumdare-

1201 729 1274 768 tur,
1292 721 1393 772 quasi
1405 722 1451 759 ab
1464 722 1593 760 ovibus
1602 723 1810 775 stiparetur,
1828 725 1877 762 sic
1890 725 2063 777 intrepide
2076 741 2158 778 age-

1200 781 1262 820 bat
1280 798 1287 818 :
1306 782 1597 834 quandoquidem
1617 784 1707 836 justi
1722 784 1851 822 fiducia
1873 786 2028 823 ferarum
2056 796 2158 824 natu-

1202 857 1279 881 ram
1298 843 1482 891 frenabat,
1499 858 1562 882 uec
1573 844 1708 882 sinebat
1724 854 1762 882 ut
1777 855 1922 896 agerent
1935 860 1973 883 ca
1988 860 2066 896 quae
2080 848 2161 885 serre

1202 905 1326 943 solent.
1351 905 1470 944 Simili
1491 905 1599 944 modo
1625 906 1734 944 etiam
1763 907 1926 958 egregius
1944 907 2006 945 ille
2033 921 2162 959 magna

1202 965 1373 1003 facilitate
1404 966 1561 1004 ferarum
1590 967 1723 1005 ferebat
1739 967 1961 1014 convictum,
1996 977 2030 1006 et
2050 982 2163 1020 neque

1153 1036 1178 1065 t)
1204 1026 1270 1064 loci
1284 1027 1471 1078 angustia,
1487 1041 1603 1078 neque
1622 1027 1792 1080 temporis
1820 1027 2081 1078 diuturnitate,
2104 1043 2163 1067 ne-

1203 1100 1273 1137 que
1300 1087 1396 1138 quod
1426 1087 1477 1125 sic
1496 1087 1655 1126 inclusus
1674 1097 1763 1126 esset
1781 1097 1819 1126 ut
1836 1102 1952 1126 aerem
1988 1090 2163 1142 respirare

1204 1162 1272 1186 non
1293 1157 1424 1200 posset,
1445 1150 1481 1187 in
1500 1157 1679 1201 torporem
1695 1158 1729 1187 et
1751 1163 1918 1188 nauseam
1941 1150 2016 1203 ipse
2050 1151 2162 1203 conji-

1203 1209 1366 1247 ciebatur
1381 1224 1388 1245 :
1403 1208 1465 1247 sed
1485 1209 1532 1247 ob
1553 1208 1662 1247 fidem
1676 1209 1711 1247 in
1726 1211 1844 1248 Deum
1859 1211 1978 1248 omnia
1992 1211 2061 1263 ipsi
2077 1213 2162 1250 faci-

1203 1270 1252 1308 lia
1270 1270 1505 1319 videbantur,
1520 1271 1619 1309 etsie
1633 1271 1842 1310 versabatur
1859 1272 1892 1310 in
1905 1282 1996 1310 tetro
2013 1273 2074 1311 illo
2087 1288 2163 1312 car-

1206 1345 1303 1383 cere,
1335 1331 1428 1369 sicut
1459 1345 1522 1370 nos
1553 1332 1589 1370 in
1622 1333 1734 1385 pratis
1761 1342 1794 1371 et
1815 1333 1919 1372 lucis.
1939 1335 2164 1387 Praeceptum

1206 1391 1301 1430 enim
1322 1392 1471 1431 Domini
1486 1392 1684 1443 efficiebat,
1707 1403 1746 1432 ut
1761 1393 1927 1432 difficilia
1959 1395 2028 1447 ipsi
2041 1395 2163 1434 facilia

1205 1453 1429 1492 viderentur.
1465 1454 1567 1492 Talis
1598 1454 1693 1493 enim
1717 1456 1899 1508 justorum
1929 1470 2006 1494 mos
2034 1466 2106 1506 est,
2126 1467 2166 1496 ut

1208 1513 1352 1565 quando
1367 1514 1506 1566 aliquid
1523 1525 1669 1568 propter
1679 1517 1796 1554 Deum
1808 1516 2009 1569 patiuntur,
2024 1531 2092 1555 non
2111 1533 2165 1556 res

1208 1574 1303 1627 ipsas
1320 1590 1397 1627 quae
1413 1576 1506 1614 fiunt
1521 1585 1698 1629 spectent,
1719 1576 1780 1615 sed
1800 1591 1943 1615 eausam
1965 1592 2083 1616 secum
2098 1592 2162 1616 ex-

106 1635 298 1688 γινομένων
324 1635 568 1689 προσέχουσιν,
598 1635 690 1674 ἀλλὰ
715 1635 779 1682 τὴν
812 1634 973 1673 ὑπόθεσιν
999 1635 1135 1686 λογιζό-
1157 1647 1181 1677 Ε
1207 1635 1414 1688 pendentes,
1440 1637 1544 1675 facile
1563 1637 1681 1675 omnia
1704 1638 1828 1676 serant.
1863 1638 2164 1690 Quandoquidem

109 1712 206 1747 μενοι
245 1695 319 1746 μετ’
353 1695 511 1740 εὐκολίας
550 1696 690 1735 ἅπαντα
724 1695 900 1748 φέρουσιν.
935 1695 1041 1734 Ἐπεὶ
1071 1694 1132 1733 καὶ

109 1757 270 1803 Παῦλος,
289 1759 307 1794 ὁ
333 1760 401 1795 τῶν
435 1759 540 1794 ἐθνῶν
563 1756 788 1804 διδάσκαλος,
815 1755 860 1794 τὰ
890 1755 1133 1807 δεσμωτήρια,

108 1816 171 1860 τὰς
200 1817 408 1868 ἀπαγωγὰς,
441 1816 520 1861 τοὺς
554 1816 809 1868 καθημερινοὸς
842 1816 1036 1863 κινδύνους,
1073 1815 1136 1859 τὰς

108 1877 240 1922 πολλὰς
251 1878 383 1922 ἐκείνας
396 1878 456 1916 καὶ
473 1878 663 1930 ἀφορήτους
676 1878 808 1930 θλίψεις
824 1876 977 1929 ἐλαφρὰς
995 1877 1134 1924 ἐκάλει,

109 1941 172 1977 οὐκ
193 1939 316 1986 ἐπειδὴ
339 1943 382 1990 τῇ
403 1938 502 1991 φύσει
530 1942 690 1978 τοιαῦται
720 1933 824 1986 ἦσαν,
853 1932 941 1976 ἀλλ”
958 1938 1078 1984 ἐπειδὴ
1108 1941 1130 1985 ἡ

109 2000 272 2044 ὑπόθεσις
290 2003 358 2038 τῶν
387 2000 578 2052 γινομένων
596 2000 768 2046 τοσαύτην
797 2003 890 2053 αὐτῷ
908 1999 971 2046 τὴν
988 1999 1132 2051 γνώμην

109 2061 127 2082 ¹’
136 2062 399 2108 κατεσκεύαζεν,
439 2065 486 2105 ὡς
529 2061 617 2112 μηδὲ
662 2061 930 2114 ἐπιστρέφεσθαι
965 2061 1051 2112 πρὸς
1089 2061 1132 2098 τὰ

109 2123 253 2160 ἐπιόντα
281 2122 386 2161 δεινοί.
406 2122 529 2161 Ἄκουε
559 2121 628 2175 γὰρ
663 2124 768 2160 αὐτοῦ
796 2123 967 2173 λέγοντος·
987 2121 1040 2159 Τὸ
1063 2120 1132 2173 γὰρ

109 2183 310 2235 παραυτίκα
328 2183 476 2236 ἐλαφρὸν
508 2186 571 2229 τῆς
592 2183 741 2234 θλίψεως
758 2183 859 2233 ἡμῶν
879 2183 957 2220 καθ’
983 2180 1133 2233 ὑπερὸο-

104 2243 169 2291 λὴν
186 2244 323 2283 αἰώνιον
340 2245 445 2298 βάρος
460 2243 562 2291 δόξης
576 2247 661 2295 ἡμῖν
678 2243 941 2295 κατεργάζεται.
962 2241 1007 2280 ‘H
1025 2258 1131 2295 προσ-

1142 2285 1192 2311 239

1206 1705 1241 1734 et
1252 1697 1399 1748 Paulus,
1415 1697 1574 1749 gentium
1587 1697 1725 1748 doctor,
1742 1699 1898 1749 vincula,
1912 1699 1958 1736 ad
1971 1699 2164 1738 tribunalia

1207 1757 1459 1808 abductiones,
1482 1757 1689 1809 quotidiana
1714 1758 1898 1811 pericula,
1928 1759 2059 1798 multas
2083 1761 2165 1798 illas

1207 1827 1240 1856 ct
1260 1819 1503 1857 intolerabiles
1532 1819 1760 1867 afflictiones,
1779 1820 1874 1858 leves
1893 1821 2070 1872 vocabat3
2092 1836 2162 1860 non

1205 1879 1303 1931 quod
1319 1889 1442 1918 natura
1460 1881 1546 1919 tales
1559 1889 1689 1931 essent,
1706 1880 1767 1919 sed
1780 1881 1863 1932 quia
1881 1896 1998 1931 causa,
2017 1893 2163 1936 propter

1204 1954 1313 1991 quam
1331 1940 1556 1989 accidebant,
1576 1941 1682 1979 talem
1697 1941 1727 1979 ci
1745 1943 1954 1980 seutentiam
1969 1943 2160 1994 ingenera-

1204 2001 1285 2051 bat,
1304 2011 1344 2039 ut
1359 2016 1471 2053 neque
1489 2001 1704 2052 adverteret,
1726 2002 1756 2040 si
1775 2017 1845 2053 qua
1861 2004 1984 2055 gravia
2000 2005 2084 2042 talia
2098 2004 2161 2043 ob-

1203 2063 1376 2101 venirent.
1392 2062 1487 2100 Audi
1502 2062 1599 2101 enim
1614 2063 1718 2100 illum
1735 2062 1912 2101 dicentem
1928 2079 1936 2100 :
1957 2065 2062 2102 Nam
2082 2079 2161 2103 mo·
2174 2090 2204 2109 2,
2226 2080 2295 2109 Cor.
2313 2079 2344 2120 4,

1205 2131 1412 2160 mentanea
1423 2123 1561 2161 levitas
1576 2123 1804 2176 afflictionis
1815 2133 1956 2162 noslroe
1965 2155 1978 2175 ,
1997 2128 2092 2164 mire
2101 2140 2161 2164 su·
2179 2131 2224 2159 ι7·

1201 2197 1277 2235 pra
1296 2184 1453 2221 modum
1472 2192 1658 2221 aeternum
1668 2184 1821 2235 pondus
1833 2185 1967 2236 glorioe
1983 2196 2164 2238 operatur

1204 2247 1246 2282 in
1260 2246 1381 2283 nobis.
1397 2244 1627 2297 Exspectatio
1636 2274 1646 2293 ,
1664 2244 1794 2296 inquit,
1811 2245 1933 2296 gloriae
1947 2261 2057 2297 quam
2069 2262 2164 2286 asse-

108 2305 228 2350 δοκία,
261 2306 364 2358 φησὶ,
397 2309 459 2352 τῆς
491 2304 684 2356 μελλούσης
715 2304 981 2356 καταλήψεσθαι
1014 2303 1130 2350 δόξης,
1155 2324 1182 2352 A
1205 2319 1371 2357 quemur,
1394 2314 1429 2343 et
1447 2314 1628 2358 perpetuae
1652 2306 1751 2344 illius
1768 2307 1948 2346 felicitatis
1969 2308 2007 2346 id
2022 2309 2096 2361 agit
2124 2319 2164 2347 ut

107 2366 167 2403 καὶ
182 2369 243 2412 τῆς
261 2367 435 2412 διηνεκοῦς
449 2366 581 2413 ἐκείνης
601 2365 750 2409 ἀνέσεως
772 2365 909 2418 κούφως
926 2368 1021 2416 ἡμᾶς
1039 2370 1132 2403 ποιεῖ

108 2426 224 2480 φέρειν
245 2427 307 2470 τὰς
327 2427 542 2473 ἐπαλλήλους
560 2425 688 2471 ταύτας
717 2426 868 2479 θλίψεις,
899 2426 959 2465 καὶ
980 2425 1132 2479 ἐλαφρὰς

110 2486 215 2531 αὐτὰς
230 2491 404 2538 ἡγεῖσθαι.
424 2481 525 2531 Εἶδες
543 2486 637 2531 ὅπως
661 2487 896 2539 ὑποτέμνεται
922 2491 940 2526 ὁ
968 2486 1054 2541 πρὸς
1074 2487 1131 2526 τὸν

109 2548 201 2588 Θεὸν
219 2548 323 2593 πόθος
336 2548 400 2596 τὴν
416 2552 486 2587 τῶν
503 2550 622 2587 δεινῶν
642 2548 816 2598 ἐπίτασιν,
837 2548 897 2588 καὶ
914 2549 992 2588 οὐδὲ
1012 2549 1134 2594 αἴσθη-

109 2624 163 2647 σιν
183 2615 355 2663 συγχωρεῖ
373 2608 492 2648 λαὸεῖν
507 2612 577 2648 τῶν
592 2609 780 2657 ἐπιόντων;
801 2611 870 2649 Διά
887 2626 941 2649 τοι
955 2615 1055 2649 τοῦτο
1073 2609 1134 2648 καὶ

109 2672 128 2708 ὁ
145 2670 315 2722 μακάριος
341 2665 437 2713 οἶτος
456 2670 571 2709 πάντα
589 2670 711 2722 πράως
741 2670 859 2724 ἔφερε,
887 2673 931 2723 τῇ
955 2670 1072 2710 πίστει
1091 2673 1133 2722 τῇ

111 2733 159 2774 εἷς
179 2732 236 2770 τὸν
255 2733 346 2770 Θεὸν
366 2732 426 2770 καὶ
446 2735 488 2784 τῇ
506 2731 620 2770 ἐλπίδι
643 2732 866 2784 τρεφόμενος.
889 2733 960 2771 Καὶ
980 2732 1135 2780 ἔκλεισε,

112 2791 216 2844 φησὶ,
237 2792 363 2846 Κύριος
383 2795 400 2830 ὃ
416 2794 505 2837 Θεὸς
524 2793 645 2838 ἔξωθεν
667 2797 772 2833 αὐτοῦ
790 2794 853 2842 τὴν
880 2794 1043 2833 κιὸωτόν.
1064 2794 1136 2834 Καὶ

114 2851 249 2903 ἐγένετο
274 2855 292 2890 ὁ
318 2854 564 2904 κατακλυσμὸς
602 2855 865 2908 τεσσαράκοντα
898 2856 1035 2907 ἡμέρας
1076 2855 1135 2894 καὶ

112 2914 374 2964 τεσσαράκοντα
391 2913 516 2958 νύκτας
536 2915 593 2954 ἐπὶ
615 2919 678 2963 τῆς
707 2920 790 2968 γῆς,
818 2917 878 2955 καὶ
909 2916 1096 2969 ἐπεφέρετο
1112 2921 1134 2964 ἡ

114 2974 273 3018 κιὸωτός.
292 2975 423 3014 Σκόπει
451 2976 557 3015 πάλιν
588 2981 662 3022 πῶς
690 2982 733 3030 τῇ
767 2978 929 3030 διηγήσει
951 2977 1047 3023 αὔξει
1077 2979 1135 3017 τὸν

1205 2366 1332 2405 leviter
1355 2367 1510 2404 feramus
1539 2366 1726 2405 continuas
1754 2366 1835 2405 illas
1853 2368 2063 2407 afflictiones
2076 2399 2086 2419 ,
2106 2369 2162 2408 le—

1205 2441 1340 2478 vesque
1369 2426 1452 2465 illas
1471 2426 1681 2464 habeamus.
1703 2427 1842 2467 Vidisti
1868 2429 2045 2478 quomodo
2063 2444 2164 2468 amor

1206 2488 1243 2526 in
1264 2490 1381 2527 Deum
1395 2488 1608 2540 gravitatem
1622 2488 1867 2526 molestiarum
1884 2489 2081 2539 imminuit,
2100 2505 2164 2529 ne-

1207 2563 1276 2601 que
1297 2550 1382 2587 sinit
1405 2558 1443 2587 ut
1462 2548 1537 2586 ullo
1559 2562 1681 2586 earum
1700 2563 1801 2587 sensu
1821 2550 2050 2588 afficiamur?
2071 2553 2164 2591 Sane

1208 2611 1255 2648 ob
1272 2610 1342 2648 hoc
1356 2619 1389 2648 et
1407 2610 1532 2648 beatus
1547 2608 1608 2647 ille
1626 2609 1744 2647 omnia
1766 2610 1923 2648 suaviter
1938 2612 2085 2660 serebat,
2108 2622 2165 2651 ut-

1209 2680 1291 2724 pote
1317 2671 1378 2721 qui
1409 2670 1481 2708 fide
1512 2679 1544 2707 et
1571 2683 1632 2722 spe
1661 2670 1697 2707 in
1719 2671 1835 2708 Deum
1868 2672 2089 2722 pascebatur.
2110 2675 2165 2715 Et

1209 2732 1367 2777 clausit,
1390 2729 1521 2781 inquit,
1544 2731 1738 2768 Dominus
1761 2732 1868 2769 Deus
1888 2733 2034 2785 deforis
2054 2735 2164 2772 illius

1210 2807 1356 2830 arcam.
1379 2793 1441 2830 17.
1466 2793 1519 2829 Et
1536 2792 1691 2843 sactum
1714 2799 1769 2828 est
1785 2792 1977 2830 diluvium
1993 2796 2165 2845 quadra-

1209 2857 1319 2906 ginta
1348 2854 1482 2890 diebus
1505 2861 1541 2890 et
1564 2853 1832 2904 quadraginta
1858 2857 2035 2894 noctibus
2054 2870 2168 2908 super

1213 2924 1355 2953 terram
1369 2930 1379 2950 .·
1395 2923 1431 2952 et
1440 2914 1754 2965 super-serebatur·
1761 2927 1867 2952 arca.
1877 2915 2026 2954 Attende
2040 2917 2166 2955 iterum

1213 2975 1389 3026 quomodo
1415 2974 1617 3012 narratione
1637 2982 1765 3025 augeat
1780 2982 1970 3026 terrorem,
1988 2986 2021 3014 et
2036 2991 2169 3029 aggra-

113 3034 233 3087 φόὸον,
259 3035 319 3074 καὶ
351 3035 486 3087 ἐξογκοῖ
516 3037 557 3076 τὸ
586 3039 828 3091 γεγενημένον.
855 3039 1021 3089 Ἐγένετο
1048 3039 1136 3092 γὰρ,
1162 3057 1186 3087 B
1212 3046 1271 3075 vet
1285 3037 1429 3074 factum.
1443 3037 1612 3073 Factum
1625 3042 1681 3072 esc
1694 3034 1810 3086 enim,
1826 3035 1962 3087 inquit,
1978 3038 2168 3076 diluvium

114 3097 231 3148 φησὶν,
249 3099 267 3135 ὁ
282 3098 528 3149 κατακλυσμὸς
548 3100 810 3153 τεσσαράκοντα
824 3099 960 3153 ἡμέρας
979 3099 1039 3138 καὶ
1052 3115 1136 3138 τεσ-

115 3156 313 3210 σαράκοντα
326 3158 451 3203 νύκτας
461 3189 470 3207 ,
485 3160 544 3198 καὶ
561 3160 756 3208 ἐπληθύνθη
769 3161 809 3198 τὸ
822 3160 916 3214 ὕδωρ
926 3191 936 3208 ,
952 3160 1012 3199 καὶ
1028 3162 1139 3212 ἐπῆρε

114 3216 179 3263 τὴν
197 3217 356 3266 κιὸωπτὸν,
377 3220 437 3258 καὶ
455 3220 576 3273 ὑψώθη
598 3222 668 3260 ἀπὸ
681 3224 745 3266 τῆς
771 3224 846 3272 γῆς.
864 3221 935 3259 Καὶ
954 3221 1139 3273 ἐπεκράτει

116 3277 157 3316 τὸ
176 3277 290 3331 ὕδωρ,
309 3279 369 3318 καὶ
397 3280 608 3328 ἐπληθύνετο
636 3282 769 3334 σφόδρα
790 3282 848 3320 ἐπὶ
871 3284 935 3328 τῆς
966 3285 1052 3334 γῆς,
1078 3281 1138 3320 καὶ

163 3386 178 3410 Β
203 3385 305 3419 More!
313 3413 318 3419 .
338 3401 399 3433 nup
406 3390 572 3429 ωκεύαζιν.

1214 3097 1480 3149 quadraginta
1493 3096 1627 3133 diebus
1642 3102 1678 3132 et
1695 3095 1961 3148 quadraginta
1978 3100 2166 3143 noctibus,

1213 3167 1248 3196 et
1265 3157 1527 3208 multiplicata
1545 3163 1602 3193 est
1620 3169 1740 3207 aqua,
1762 3164 1800 3194 et
1815 3156 1982 3194 elevavit
2006 3172 2141 3195 arcam
2157 3189 2165 3202 ‚

1213 3226 1250 3256 et
1268 3217 1446 3256 exaltata
1463 3223 1518 3254 est
1535 3223 1651 3254 terra.
1670 3216 1732 3254 18.
1742 3217 1795 3254 Ec
1809 3218 1979 3255 invaluit
1995 3232 2116 3270 aqua,
2136 3228 2172 3256 et

1216 3279 1475 3329 multiplicata
1496 3285 1550 3314 est
1568 3276 1690 3314 valde
1701 3290 1814 3329 super
1832 3286 1986 3327 terram,
2000 3287 2034 3317 ee
2048 3293 2174 3330 super·-
