2516 3791
335 138 430 200 456
771 153 810 183 s.

337 235 494 286 florebit,
523 235 660 286 eritque
688 233 880 287 multiplex
907 246 1027 270 rerum
1053 230 1283 283 prosperitas.

339 295 494 343 Quando
512 295 608 334 enim
626 294 750 334 divina
770 292 902 331 caeteris
927 290 1163 343 praeferimus,
1182 288 1288 326 facile

339 356 411 394 alia
431 355 549 394 omnia
566 368 734 407 prospere
753 352 856 390 nobis
875 349 1076 397 succedent,
1096 358 1131 386 et
1150 348 1289 386 nullam

339 417 532 455 sentiemus
549 414 758 460 molestiam,
778 409 1028 462 suppeditante
1052 409 1155 447 nobis
1171 408 1290 446 omnia

338 475 487 526 largiter
495 473 619 511 divina
631 471 802 509 bonitate.
820 470 871 523 Ut
884 468 998 520 igitur
1010 467 1118 506 etiam
1129 467 1198 520 ipsi
1209 467 1291 525 abs-

339 549 408 587 que
419 533 564 572 tristitia
575 540 609 569 et
623 529 793 582 temporis
804 528 908 567 istius
915 528 1029 567 vitam
1037 527 1290 580 transigamus,

338 604 372 633 et
386 594 555 645 majorem
571 590 719 629 Domini
729 588 1014 628 benevolentiam
1026 589 1141 640 magis
1157 603 1198 627 ac
1213 602 1287 626 ma-

338 655 394 706 gis
415 653 517 691 nobis
536 651 781 700 conciliemus,
801 650 973 689 virtutem
992 658 1182 699 sectemur,
1205 662 1292 687 con-

338 712 498 752 cordiam
516 721 551 750 et
565 725 689 764 pacem
715 711 753 749 in
775 710 921 748 domum
946 718 1103 755 nostram
1124 708 1290 747 introdu-

338 787 415 812 cere
437 787 622 822 conemur;
643 786 736 810 curae
755 771 858 810 nobis
877 770 947 808 sint
976 769 1142 808 educatio
1161 770 1291 808 libero-

338 848 420 872 rum
438 847 622 884 moresque
639 832 871 881 famulorum,
893 839 933 868 ut
947 844 1013 883 pro
1035 830 1203 868 omnibus
1220 830 1292 868 lar-

338 894 394 946 gis
430 893 583 945 acceptis
626 890 985 937 remunerationibus,
1027 904 1228 928 mereamur
1256 899 1290 927 et

339 954 514 1007 promissa
545 954 652 1001 bona,
685 952 800 1004 gratia
824 960 867 989 et
896 951 1116 1002 benignitate
1144 950 1292 988 Domini

339 1014 451 1053 nostri
480 1016 565 1054 Jesu
596 1013 746 1063 Christi,
776 1011 835 1050 cui
862 1025 944 1049 cum
975 1013 1083 1049 Patre
1102 1019 1137 1048 et
1169 1019 1290 1048 sancto

339 1071 492 1124 Spiritu,
512 1071 558 1109 sit
577 1071 703 1123 gloria,
722 1070 929 1123 imperium,
949 1079 983 1109 et
992 1070 1119 1120 honor,
1143 1084 1238 1110 nunc
1254 1078 1288 1109 et

341 1146 492 1186 semper,
513 1142 547 1172 et
560 1133 595 1171 in
608 1132 735 1172 saecula
753 1131 976 1171 saeculorum.
998 1133 1127 1170 Amen.

847 152 923 182 JOA
932 150 1033 182 NNIS
1068 150 1308 180 cnRYSOS'r.

1348 149 1556 178 ARCfflEP.
1586 126 1952 179 consummor.

1356 229 1497 281 εἰρήνην
1523 222 1612 267 εἶναι
1637 229 1767 280 μεταξὺ
1794 232 1857 276 τῆς
1880 229 2123 277 συνοικήσεως.
2149 231 2242 269 Τότε
2259 231 2328 284 γὰρ
2350 233 2381 270 οἱ

1356 289 1555 339 τικτόμενοι
1575 291 1695 333 παῖδες
1712 293 1755 341 τῇ
1776 293 1845 328 τῶν
1868 290 2125 342 γεγεννηκότων
2144 293 2251 344 ἀρετῇ
2267 306 2382 329 κατα-

1357 349 1630 397 κολουθήσουσι,
1659 350 1719 388 καὶ
1741 353 1772 389 οἱ
1804 350 1936 389 οἰκέται
1962 350 2096 395 τούτοις
2125 351 2294 403 ἕψονται,
2322 351 2383 389 καὶ

1358 410 1576 462 πανταχόθεν
1592 410 1638 449 τὰ
1655 414 1718 457 vii<
1735 410 1846 454 οἰκίας
1869 411 1956 463 πρὸς
1975 410 2101 464 ἀρετὴν
2121 413 2286 449 ἐπιδώσει
2292 441 2302 458 ,
2324 411 2384 449 καὶ

1358 472 1472 519 πολλὴ
1488 475 1556 510 τῶν
1572 471 1791 524 πραγμάτων
1811 475 1910 510 ἔσται
1933 475 1955 518 ἡ
1985 472 2166 525 εὖημερία.
2180 471 2297 511 εὈταν
2315 471 2384 523 γὰρ

1360 532 1404 570 τὰ
1420 537 1480 570 τοῦ
1513 533 1606 571 Θεοῦ
1624 535 1864 585 προτιμῶμεν,
1883 531 1927 570 τὰ
1947 532 2039 570 ἄλλα
2056 532 2172 570 πάντα
2189 532 2281 571 κατὰ
2305 535 2385 584 ῥοῦν

1359 593 1434 641 ἥξει
1450 597 1550 642 ἡμῖν,
1569 594 1629 632 καὶ
1653 594 1787 636 οὐδενὸς
1809 593 1969 640 αἴσθησιν
1995 592 2180 646 ληψόμεθα
2206 595 2384 645 λυπηροῦ,

1359 657 1423 701 τῆς
1434 659 1494 693 τοῦ
1508 657 1599 694 Θεοῦ
1616 654 1829 704 ἀγαθότητος
1844 653 1933 705 μετὰ
1948 653 2130 706 δαψιλείας
2145 656 2229 704 ἡμῖν
2246 653 2384 692 ἅπαντα

1360 709 1590 767 χορηγούσης.
1607 714 1686 753 Ἵνα
1701 708 1759 752 οῦν
1779 713 1839 752 καὶ
1858 714 1954 751 αὐτοὶ
1974 713 2114 757 ἀλύπως
2132 712 2224 751 κατὰ
2238 713 2297 750 τὸν
2317 729 2386 751 πα-

1363 777 1466 829 ρόντα
1496 775 1569 827 βίον
1596 775 1785 825 διάγωμεν,
1810 773 1871 812 καὶ
1891 773 1955 821 τὴν
1985 773 2081 826 παρὰ
2112 776 2173 811 τοῦ
2204 772 2385 812 Δεσπότου

1361 836 1496 875 εὔνοιαν
1520 835 1577 874 ἐπὶ
1608 834 1711 874 πλέον
1743 833 2043 884 ἔπισπασώμεθα,
2069 832 2296 885 ἀντεχώμεθα
2321 836 2386 880 τῆς

1360 899 1508 949 ἀρετῆς,
1526 895 1590 942 τὴν
1609 894 1772 946 ὁμόνοιαν
1794 894 1855 933 καὶ
1879 894 1942 941 τὴν
1968 893 2105 946 εἰρήνην
2123 896 2171 936 εἷς
2188 893 2252 938 τὴν
2271 893 2383 932 οἰκίαν

1361 957 1511 1008 εἰσάγειν
1539 955 1787 1006 σπουδάζωμεν
1806 954 1870 1002 τὴν
1897 957 2043 1002 ἑαυτῶν,
2070 958 2133 1001 τ’ἧς
2161 957 2230 992 τῶν
2251 953 2384 992 τέκνων

1361 1017 1548 1068 εὐκοσμίας
1561 1015 1829 1067 ἐπιμελώμεθα,
1847 1015 2081 1067 φροντίζωμεν
2095 1018 2156 1052 τοῦ
2170 1014 2300 1068 τρόπου
2315 1018 2384 1053 τῶν

1361 1080 1516 1124 οἰκετῶν,
1547 1077 1605 1114 ἵνα
1640 1076 1727 1129 ὑπὲρ
1759 1075 1920 1113 ἁπάντων
1952 1077 2108 1127 δαψιλεῖς
2145 1074 2208 1118 τὰς
2237 1075 2386 1126 ἀμοιὸὰς

1361 1137 1610 1189 κομισάμενοι,
1635 1134 1907 1186 καταξιωθῶμεν
1934 1134 1993 1172 καὶ
2014 1136 2084 1172 τῶν
2113 1134 2386 1186 ἐπηγγελμένων

1365 1200 1516 1252 ἀγαθῶν,
1545 1197 1666 1249 χάριτι
1692 1195 1753 1234 καὶ
1775 1193 2018 1247 φιλανθρωπίᾳ
2046 1199 2106 1233 τοῦ
2129 1195 2258 1246 Κυρίου
2284 1198 2386 1247 ἡμῶν

1365 1263 1483 1307 Ἰησοῦ
1505 1259 1679 1310 Χριστοῦ,
1709 1258 1785 1306 μεθ’
1814 1249 1853 1294 οῧ
1880 1257 1930 1307 τῷ
1949 1254 2087 1307 Πατρὶ,
2114 1255 2190 1305 ἅμα
2220 1257 2270 1307 τῷ
2297 1255 2386 1307 ἁγίῳ

1362 1320 1568 1371 Πνεύματι,
1590 1317 1687 1364 δόξα,
1707 1316 1834 1370 κράτος
1847 1345 1857 1364 ,
1877 1315 1986 1366 τιμὴ,
2002 1320 2058 1354 νῦν
2078 1315 2138 1354 καὶ
2158 1315 2239 1367 ἀεὶ,
2257 1315 2318 1354 καὶ
2340 1317 2387 1360 εἷς

1363 1381 1440 1425 τοὺς
1456 1383 1582 1424 αἰῶνας
1596 1381 1664 1417 τῶν
1686 1377 1832 1416 αἰώνων.
1847 1376 1968 1428 Ἀμήν.
