2433 3775
143 187 221 218 vm
1030 187 1255 219 PRAEFATto
1264 207 1274 217 .

143 269 323 308 concurrit
339 283 420 308 eum
434 269 520 308 seria
538 279 637 308 sexta
655 270 780 322 primae
797 268 1032 308 hebdomadis
1047 269 1335 320 Quadi-agesimoe
1347 299 1357 317 ,
1373 269 1456 319 quia
1475 271 1608 309 Pascha
1627 271 1731 310 istius
1746 273 1828 311 anni
1855 273 1982 313 incidit
2000 276 2037 313 in
2059 275 2189 327 vigesi-

145 344 241 368 mam
255 330 444 383 septimam
463 331 599 369 Martii.
618 332 841 368 Annotantur
856 330 962 369 etiam
981 330 1059 368 ludi
1077 330 1122 367 ad
1144 330 1310 367 ultimam
1326 330 1527 381 Februarii,
1542 332 1582 370 id
1602 333 1696 384 quod
1707 335 1752 372 ad
1770 349 1902 373 3111111111
1917 336 1994 374 596
2008 336 2186 388 pertinere

145 401 274 445 potest,
300 407 384 443 quo,
399 407 481 432 cum
499 392 636 431 Pascha
657 392 831 430 incideret
849 391 886 428 in
909 391 1084 429 decimam
1110 391 1252 428 tertiam
1272 391 1422 442 Aprilis,
1445 392 1615 443 vigesima
1634 408 1726 433 nona
1745 396 1930 434 Februarii
1953 397 2186 435 concurrebat

145 467 227 492 cum
246 455 334 493 feria
354 464 453 493 50113
473 454 598 506 primae
619 452 854 491 hebdomadis
870 450 1173 502 Quadragesimae.
1188 450 1246 487 Ex
1262 450 1339 489 istis
1358 466 1443 491 vero
1460 451 1602 492 duobus
1617 456 1720 494 annis
1737 457 2004 495 anteferendum
2019 457 2184 495 ducimus

145 529 279 554 annum
298 517 387 564 595,
403 516 488 566 quia
503 524 670 567 putamus
687 513 982 565 Chrysostomum
997 525 1088 549 anno
1105 512 1183 549 596
1200 510 1374 550 Homilias
1388 512 1432 550 de
1449 514 1657 565 poenitentia
1670 515 1850 555 habuisse.
1873 517 2015 564 Quibus
2029 518 2079 555 ita
2099 531 2183 556 0011-

144 577 292 627 511111115,
313 577 392 615 ludj
413 577 583 614 circenses
605 574 674 621 illi,
690 572 735 610 de
753 572 883 623 quibus
902 571 1064 623 queritur
1080 571 1357 624 Chrysostomus
1374 573 1523 612 homilia
1543 576 1610 625 41,
1628 590 1705 627 quae
1726 577 1842 616 tribus
1860 588 1939 630 post
1957 581 2184 617 Pentecosten

144 638 433 677 hebdomadibus
451 635 574 673 habita
588 643 639 672 est
657 638 669 681 (
685 633 723 671 id
740 642 792 671 est
807 633 898 671 forte
917 633 1076 672 Sabbato
1094 633 1120 670 4
1135 634 1250 683 Junii,
1268 634 1298 672 si
1316 649 1399 673 vere
1419 635 1465 673 sit
1487 650 1600 674 annus
1617 638 1740 688 595),
1761 638 1817 675 illi
1835 640 1982 677 fortasse
2000 648 2103 677 erunt
2120 640 2184 690 qui

143 699 189 737 ad
208 700 365 751 primum
386 696 488 734 istius
506 695 637 733 mensis
656 694 752 732 diem
774 703 952 732 notantur.
973 696 1112 733 Verum
1130 694 1207 732 haec
1225 708 1295 732 non
1315 705 1356 733 ut
1373 705 1458 734 remv
1475 697 1697 749 exploratam
1716 707 1749 736 et
1777 708 1909 737 certam
1928 699 2056 737 damus
2072 714 2080 734 :
2102 713 2184 736 cum

143 760 300 798 maxime
318 759 522 810 ignoremus
536 766 658 795 utrum
674 756 741 794 hoc
762 755 1021 794 Kalendarium
1038 765 1125 794 tunc
1142 756 1314 809 temporis
1334 757 1531 795 Antiochiae
1550 757 1586 796 in
1607 773 1675 797 usu
1695 769 1796 810 esset,
1810 774 1875 798 nec
1892 760 2045 798 sciamus
2062 769 2184 797 utrum

144 821 220 859 ludi
239 834 359 858 omnes
375 819 586 858 circensium
604 832 729 857 cursus
747 818 968 856 exhiberent.
983 819 1153 857 Poterant
1172 818 1258 856 item
1271 818 1351 856 ludi
1369 819 1539 857 celebrari
1560 834 1627 858 non
1645 830 1810 859 consueto
1830 822 1965 860 ordine.
1980 823 2059 859 Imo
2077 821 2183 859 etiam

140 882 218 920 ludi
230 891 444 920 annotantur
457 881 505 919 ad
515 879 767 919 duodecimum
779 879 876 918 diem
888 880 1074 918 Februarii
1089 879 1238 933 perinde
1253 888 1359 930 atque
1373 880 1418 918 ad
1435 880 1680 931 undecimum3
1695 882 1742 920 ita
1759 892 1801 920 ut
1816 897 1897 920 cum
1906 883 2184 935 Chrysostomus

141 943 313 981 absterret
329 957 386 980 eos
408 943 471 994 qui
494 942 587 980 circo
607 941 806 989 adfuerant,
826 955 869 978 ne
889 942 925 978 in
938 956 1004 993 par
1023 951 1181 980 erratum
1201 940 1375 990 incidant,
1397 941 1562 986 videatur
1581 956 1724 980 monere
1742 943 1908 981 debuisse
1921 973 1931 992 ,
1955 942 2111 994 sequenti
2126 941 2186 979 dje

141 1004 369 1057 exploratum
382 1003 457 1042 sore
476 1017 562 1041 num
582 1001 725 1040 monitis
748 1001 822 1040 suis
844 1002 1156 1054 obtemperassent.
1173 1004 1312 1043 Verum
1326 1003 1353 1040 ii
1370 1004 1459 1041 forte
1476 1003 1552 1040 ludi
1572 1004 1633 1054 qui
1654 1003 1868 1042 duodecimo
1885 1004 1943 1042 die
1959 1004 2184 1042 celebraban-

142 1075 200 1103 tur
220 1080 288 1104 non
309 1075 407 1104 erant
427 1065 596 1103 circenses
620 1080 627 1096 τ
654 1077 736 1100 113111
762 1063 812 1100 1111
839 1062 1097 1100 Kalendarium
1121 1078 1191 1102 non
1218 1073 1338 1101 notam
1366 1065 1505 1116 praefert
1530 1062 1598 1104 οἷ.
1621 1065 1784 1104 XXIIII.
1810 1066 1848 1104 id
1871 1075 1922 1104 est
1944 1064 2183 1103 commissurae

142 1126 274 1166 XXIV
283 1157 294 1175 ‚
315 1141 393 1177 quae
420 1125 565 1163 videtur
582 1124 671 1162 mihi
697 1138 770 1162 esse
789 1132 871 1161 nota
891 1123 1061 1161 ludorum
1079 1124 1302 1162 circensium.
1321 1125 1388 1163 Illa
1410 1140 1552 1176 quoque
1575 1137 1657 1165 nota
1680 1124 1747 1166 ἕιῖι.
1770 1127 1927 1166 XXIttI.
1952 1136 1985 1164 et
2011 1123 2078 1165 cffs.
2099 1125 2183 1164 XII.

140 1188 295 1227 occurrit
311 1188 359 1226 ad
379 1201 520 1237 nonam,
539 1186 750 1238 vigesimam
768 1185 946 1236 quintam,
969 1193 1001 1222 et
1016 1185 1227 1237 vigesimam
1244 1186 1433 1238 septimam
1451 1188 1637 1226 Februarii
1657 1204 1664 1225 :
1686 1203 1812 1226 verum
1832 1188 1871 1225 hi
1891 1187 1967 1226 dies
1983 1202 2027 1226 ne
2048 1202 2113 1239 per
2129 1197 2184 1226 to-

140 1258 218 1287 tum
249 1248 395 1300 quidem
420 1257 562 1300 tempus
589 1261 659 1298 quo
685 1246 870 1299 presbyter
899 1244 969 1283 fuit
986 1246 1262 1299 Chiysostomus
1289 1246 1325 1284 in
1356 1247 1481 1284 feriam
1513 1257 1651 1286 sextam
1677 1249 1802 1301 primae
1828 1247 2062 1286 hebdomadis
2084 1249 2185 1295 Qua-

140 1309 349 1362 dragesimae
383 1308 556 1347 incidunt.
593 1308 658 1346 Illa
692 1316 774 1345 nota
806 1303 876 1346 ὦ.
917 1307 964 1346 311
995 1307 1163 1346 ultimam
1197 1307 1384 1346 Februarii
1425 1322 1492 1347 non
1526 1309 1670 1361 ponitur
1682 1339 1693 1360 ,
1727 1324 1798 1360 quo
1835 1309 1942 1347 etiam
1978 1308 2183 1348 excluditur

139 1384 253 1408 annus
271 1371 360 1409 596.

194 1449 212 1467 (1
229 1431 310 1469 ΑΙ10
326 1431 411 1469 110111
431 1440 639 1483 argumento
654 1430 868 1469 abducimur
890 1445 933 1469 ne
951 1430 1034 1469 anni
1050 1431 1142 1478 595,
1164 1446 1269 1482 quem
1288 1433 1525 1484 assignamus,
1541 1444 1640 1472 notas
1658 1448 1731 1472 esse
1750 1443 1862 1472 certas
1876 1444 2042 1487 putemus
2058 1449 2065 1470 :
2085 1432 2182 1484 quod

138 1491 307 1530 videlicet
322 1506 392 1530 non
410 1492 553 1530 omnino
572 1492 798 1544 exploratum
818 1493 862 1530 sit
878 1501 1014 1530 50113111
1033 1492 1219 1530 homiliam
1236 1494 1321 1532 feria
1334 1504 1432 1532 50113
1452 1495 1612 1533 habitam
1630 1495 1750 1534 fuisse.
1768 1497 1857 1534 Cum
1878 1495 1972 1534 enim
1994 1494 2181 1533 undecima

139 1553 297 1593 Sabbato
319 1553 480 1591 secundae
500 1553 736 1591 hebdomadis
756 1553 854 1592 haud
874 1553 983 1591 dubie
1002 1553 1097 1591 dicta
1114 1554 1234 1604 fuerit,
1257 1569 1301 1594 01
1323 1556 1491 1594 tredecim
1514 1557 1798 1609 praecedentibus
1817 1557 1956 1607 diebus,
1975 1556 2180 1610 incipiendo

138 1629 158 1652 a
179 1614 367 1652 Dominica
385 1623 465 1652 ante
485 1613 820 1665 Quadragesimam,
842 1615 878 1652 in
899 1629 969 1665 qua
991 1614 1106 1667 prima
1126 1615 1274 1653 homilia
1293 1615 1416 1654 habita
1430 1617 1510 1667 fuit,
1530 1627 1600 1656 tres
1618 1618 1811 1656 certissime
1829 1618 1918 1666 dies,
1937 1627 1999 1655 aut
2014 1617 2181 1655 concione

140 1675 245 1713 vacui
263 1676 374 1725 fuere,
387 1684 449 1712 aut
465 1675 648 1713 conciones
666 1675 821 1713 habuere
836 1675 882 1713 ad
899 1676 1000 1714 aliud
1016 1686 1266 1727 argumentum
1285 1677 1513 1730 pertinenteS,
1526 1679 1585 1717 vel
1600 1680 1629 1718 si
1648 1680 1804 1732 ejusdem
1823 1678 2024 1731 argumenti
2037 1678 2181 1726 fuerint,

139 1746 230 1775 certe
252 1738 329 1789 jam
346 1736 560 1789 deperditas.
587 1737 697 1787 Atqui
719 1745 789 1774 tres
818 1735 871 1774 illi
901 1737 978 1775 dies
999 1737 1140 1775 nonnisi
1172 1747 1252 1776 ante
1271 1739 1432 1790 quintam
1447 1770 1456 1786 ,
1478 1741 1535 1779 vel
1556 1741 1732 1779 decimam
1752 1742 1810 1780 vel
1830 1741 2055 1779 undecimam
2073 1740 2181 1779 statui

138 1807 296 1850 possunt,
316 1798 400 1849 quia
419 1797 497 1835 aliae
517 1811 636 1834 omnes
660 1798 877 1835 continenter
896 1807 929 1835 et
948 1812 1016 1835 una
1036 1796 1179 1835 dierum
1197 1799 1286 1837 serie
1304 1800 1408 1839 dictae
1429 1811 1525 1839 sunt.
1551 1802 1610 1840 Ex
1627 1803 1726 1841 hisce
1742 1817 1848 1855 porro
1870 1802 1985 1840 tribus
2004 1816 2096 1840 unus
2112 1802 2182 1840 sal-

138 1868 210 1897 tem
229 1859 321 1896 inter
340 1858 517 1896 decimam
535 1867 568 1895 et
587 1857 812 1895 undecimam
831 1858 1097 1897 constituendus
1116 1874 1122 1895 :
1146 1859 1208 1909 qui
1228 1861 1322 1898 enim
1346 1863 1467 1914 pransi
1485 1862 1632 1902 decimae
1650 1864 1846 1914 adfuerant,
1866 1879 1936 1902 non
1958 1865 2082 1902 feriam
2101 1877 2181 1902 501-

137 1929 221 1969 tam,
237 1930 276 1958 ut
295 1918 435 1958 credere
456 1928 520 1967 est,
541 1918 758 1970 delegerant,
782 1928 820 1956 ut
835 1920 1012 1971 jejunium
1033 1919 1246 1958 solverent.»

191 1981 368 2018 Hactenus
387 1979 664 2017 Tillemontius:
688 1980 750 2017 ubi
769 1980 934 2018 observes
960 1989 1093 2032 quanto
1119 1980 1241 2018 labore
1268 1995 1308 2019 30
1334 1982 1452 2022 51111110
1467 2014 1478 2033 ,
1508 1984 1561 2022 uti
1587 1971 1692 2035 solet,
1714 1985 1797 2033 illas
1821 1985 1990 2038 temporis
2012 1995 2112 2024 notas
2135 1986 2181 2024 sit

140 2050 372 2093 persequutus
388 2056 399 2091 ;
421 2049 620 2091 quantaque
638 2040 828 2092 prudentia
848 2056 866 2078 a
879 2041 1019 2093 judicio
1039 2042 1199 2079 absolute
1219 2043 1362 2082 ferendo
1381 2045 1567 2084 abstineat.
1585 2048 1713 2085 Contra
1733 2048 1834 2085 illam
1853 2061 1938 2086 vero
1959 2047 2180 2096 sententiam,

138 2117 244 2154 quam
264 2102 325 2140 ille
336 2102 473 2139 haerens
491 2110 524 2139 et
540 2101 778 2140 subdubitans
799 2103 1040 2153 amplectitur,
1061 2103 1121 2140 alii
1146 2111 1178 2139 et
1196 2103 1342 2142 fortasse
1359 2107 1508 2157 majores
1522 2117 1667 2158 possunt
1686 2108 1845 2160 scrupuli
1864 2109 2027 2160 proferri.
2042 2108 2180 2147 Kalen-

137 2163 281 2201 darium
306 2162 401 2201 enim
425 2161 517 2199 illud
542 2162 744 2199 Romanum
759 2163 980 2200 Constantini
999 2163 1123 2215 Magni
1145 2177 1236 2200 anno
1255 2165 1332 2202 525
1345 2195 1354 2213 ‚
1372 2175 1412 2203 ut
1432 2167 1543 2204 fertur
1568 2168 1604 2205 in
1628 2168 1744 2218 titulo,
1765 2168 1916 2218 editum,
1942 2178 1976 2206 et
1994 2183 2015 2206 a
2035 2169 2180 2207 Petavio

137 2224 361 2276 publicatum
379 2222 415 2260 in
429 2222 649 2273 Uranologio
674 2238 709 2274 p.
733 2224 823 2270 tta,
847 2223 1021 2261 incertum
1047 2233 1098 2262 est
1113 2237 1158 2261 an
1174 2224 1269 2262 idem
1289 2227 1455 2265 manserit
1476 2227 1522 2265 ad
1540 2242 1651 2279 usque
1673 2229 1782 2268 finem
1806 2229 1925 2267 saeculi
1947 2229 2088 2280 quarti;
2108 2229 2180 2269 imo

139 2294 276 2323 eertum
295 2283 438 2322 videtur
461 2283 495 2320 in
515 2282 639 2320 multis
661 2283 785 2321 saltem
804 2293 982 2322 mutatum
998 2285 1128 2323 fuisse:
1149 2298 1232 2323 nam
1254 2286 1451 2325 seeundum
1471 2290 1628 2341 prosanae
1649 2290 1813 2342 plurium
1832 2290 1981 2328 deorum
1997 2290 2181 2341 religionis

138 2345 249 2382 ritum
265 2344 514 2383 concinnatum
533 2351 584 2379 est
606 2351 746 2392 totum;
767 2342 827 2393 qui
855 2342 958 2394 impii
987 2343 1077 2381 ritus
1097 2344 1242 2384 demum
1268 2348 1335 2386 sub
1355 2349 1560 2389 Theodosio
1579 2354 1712 2403 Magno
1734 2352 1865 2391 sublati
1896 2360 1989 2389 sunt.
2019 2351 2075 2389 Ad
2105 2351 2181 2389 11ωο

138 2415 274 2443 certum
290 2405 434 2443 videtur
450 2403 555 2440 urbes
567 2402 647 2440 illas
667 2402 763 2440 orbis
782 2403 991 2456 praecipuas,
1006 2405 1122 2455 qualis
1141 2416 1214 2445 erat
1234 2409 1436 2458 Antiochia,
1451 2425 1544 2461 suos,
1556 2414 1618 2450 aut
1638 2413 1776 2464 aliquos
1794 2413 1918 2451 saltem
1934 2412 2001 2451 sihi
2016 2412 2180 2464 proprios

138 2467 307 2505 habuisse
326 2466 428 2514 ritus,
449 2472 623 2515 quantum
646 2463 693 2501 ad
714 2463 817 2501 1111105
838 2473 871 2501 et
888 2464 958 2502 alia
979 2465 1016 2502 in
1037 2465 1264 2507 Kalendariis
1278 2470 1434 2510 adscribi
1449 2473 1574 2512 solita:
1596 2488 1665 2525 quo
1685 2474 1800 2527 posito
1819 2473 1906 2525 quid
1925 2488 2113 2526 possumus
2135 2488 2180 2512 01

137 2527 356 2566 Kalendario
372 2528 532 2564 Romano
558 2525 649 2562 circa
667 2525 904 2564 Antiochenos
933 2527 1021 2565 ritus
1037 2530 1217 2567 statuere?
1237 2530 1345 2577 Quod
1371 2546 1456 2571 vero
1481 2533 1630 2583 dicitur,
1652 2535 1911 2586 querimoniam
1931 2534 2179 2587 Chrysostomi

137 2587 240 2626 initio
259 2587 415 2625 homiliae
435 2595 542 2624 sextae
557 2599 625 2623 non
648 2594 804 2638 spectare
824 2585 927 2624 ludos
945 2588 1154 2637 Gotthicos,
1172 2589 1210 2628 id
1232 2601 1323 2630 certe
1341 2592 1540 2632 divinando
1561 2595 1634 2633 dici
1651 2595 1819 2645 videtur3
1837 2595 1917 2647 quis
1935 2595 2029 2633 enim
2045 2595 2110 2633 scit
2132 2609 2177 2632 an

138 2649 174 2687 in
193 2649 289 2688 ludis
306 2647 507 2695 Gotthicis,
527 2646 651 2685 saltem
670 2647 706 2684 in
729 2661 852 2685 eorum
871 2648 1108 2699 quibusdam,
1128 2665 1253 2690 cursus
1277 2667 1451 2704 equorum
1469 2655 1726 2694 adhiberetur?
1746 2659 1791 2694 At
1817 2665 1940 2695 contra
1966 2656 2176 2708 hujusmodi

139 2725 263 2749 cursus
278 2720 371 2749 totus
398 2719 448 2748 est
468 2709 744 2761 Chrysostomus
763 2709 798 2747 in
818 2709 968 2747 homilia
987 2720 1096 2749 sexta.
1123 2714 1278 2751 Demum
1309 2715 1449 2753 tabulas
1474 2716 1662 2754 Paschales
1675 2746 1686 2766 ,
1710 2717 1810 2768 queis
1829 2731 1950 2754 omnes
1969 2717 2178 2768 conjectura·

139 2772 313 2820 nituntur,
337 2770 530 2821 aliquando
552 2770 694 2808 fallaces
719 2784 792 2809 esse
812 2771 1044 2823 probavimus
1064 2772 1099 2811 in
1118 2773 1257 2812 Monito
1280 2774 1328 2812 ad
1346 2775 1522 2814 Homilias
1542 2786 1663 2814 contra
1680 2777 1823 2816 Judaeos
1842 2778 1946 2815 Tom.
1968 2779 1996 2815 Ι.
2018 2778 2090 2815 Nec
2107 2787 2178 2815 tam

138 2833 324 2886 perspicue
349 2832 476 2871 scimus
507 2841 627 2869 utrum
657 2832 750 2869 circa
777 2832 1047 2871 celebrationem
1072 2834 1216 2872 Paschae
1242 2834 1351 2873 ritum
1375 2836 1660 2875 Alexandrinum
1683 2847 1861 2876 servarent
1890 2838 2111 2876 Antiocheni.
2131 2839 2180 2876 Iis

140 2894 307 2932 omnibus
327 2894 442 2944 itaque
460 2891 639 2944 perpensis
658 2892 832 2931 fateamur
852 2907 990 2932 necesse
1007 2904 1071 2945 est,
1088 2895 1262 2934 incertum
1279 2911 1419 2949 prorsus
1442 2911 1516 2936 esse
1534 2912 1603 2949 quo
1619 2913 1710 2937 anno
1727 2899 1792 2937 hos
1808 2899 1844 2936 iu
1862 2900 2028 2938 Genesim
2049 2914 2180 2938 sermo-

141 2969 202 2993 nes
218 2954 412 2993 Antiochiae
430 2953 593 2990 babuerit
607 2953 893 3006 Chrysostomus.
909 2955 1074 2994 Idunum
1093 2956 1290 3008 sine-dubio
1307 2958 1472 3007 dicimus,
1493 2973 1658 3011 magnam
1672 2975 1794 2999 eorum
1810 2970 1945 3013 partem
1963 2961 1997 2999 in
2014 2961 2181 3010 Quadra-

142 3015 273 3065 gesima
294 3014 453 3051 habitam
472 3013 580 3051 fuisse
597 3029 604 3049 :
632 3014 803 3065 illamque
823 3015 1141 3069 Quadragesimam
1160 3032 1228 3056 non
1248 3033 1322 3057 esse
1340 3020 1422 3058 anni
1435 3021 1524 3070 586,
1543 3021 1579 3059 in
1601 3036 1669 3072 qua
1691 3030 1769 3059 octo
1785 3021 1830 3059 ab
1849 3021 1905 3060 1115
1924 3022 2084 3060 (111-01505
2103 3038 2177 3061 501·-

143 3090 263 3113 mones
281 3075 426 3120 babnit';
456 3088 566 3124 neque
589 3073 670 3112 anni
690 3076 779 3113 587.
796 3091 903 3126 quam
932 3092 1018 3130 pene
1047 3087 1156 3117 totam
1182 3080 1215 3118 in
1244 3079 1462 3132 deploranda
1489 3082 1790 3121 Antiochenorum
1811 3082 1856 3122 ob
1883 3097 2021 3122 eversas
2047 3093 2182 3121 statuas

143 3137 339 3175 calamitate
357 3136 543 3173 absumsit.
