2566 3791
399 245 493 294 236

397 358 514 383 neum.
528 345 663 384 Secum
676 349 883 398 reputavit,
905 346 1020 397 inquit
1042 377 1052 394 ,
1079 361 1143 398 pro
1157 347 1348 398 poenituit:

397 420 466 444 non
487 407 583 458 quod
594 408 797 460 poenituerit
813 409 941 455 Deum,
950 407 1044 445 absit
1057 422 1069 456 ;
1085 407 1144 444 sed
1155 406 1350 444 secundum

396 471 587 509 humanam
609 471 898 510 consuetudinem
918 471 1076 520 loquitur
1103 471 1207 508 nobis
1226 470 1350 509 divina

396 533 595 584 Scriptura,
613 541 652 570 ut
666 546 728 569 nos
745 532 868 569 doceat
889 531 1046 568 enormia
1069 531 1213 569 illorum
1231 546 1351 584 pecca-

395 602 431 631 ta
445 593 651 630 clementem
668 593 786 629 Deum
797 591 832 628 in
844 590 1127 642 indignationem
1144 592 1350 632 concitasse.

395 655 449 691 Et
471 667 598 691 secum
618 655 827 704 reputavit,
851 652 968 703 inquit
986 683 995 700 ,
1020 653 1214 691 Dominus
1243 655 1350 693 Deus

395 715 500 767 quod
517 715 672 765 fecisset
702 715 897 751 hominem
929 728 1044 765 super
1073 723 1229 752 terram.
1254 716 1352 754 Num

394 777 488 815 enim
511 784 655 828 propter
676 775 743 813 hoc
767 775 888 827 ipsum
907 774 1080 827 produxi,
1102 775 1230 827 inquit,
1257 785 1296 813 ut
1315 777 1351 814 in

393 846 530 876 tantam
567 837 761 890 perniciem
790 836 912 888 lapsus
931 866 942 887 ,
966 836 1106 888 sibiipsi
1139 836 1351 889 perditionis

837 265 877 295 S.
915 265 1101 295 JOANNIS
1137 265 1381 296 CHRYSOST.

272 907 332 933 (tur
345 907 382 934 ita
397 898 497 937 fieret
515 898 664 936 auctor?
684 899 776 936 Nam
793 897 915 936 hacde
931 911 1063 935 causaa
1080 898 1256 950 principio
1275 907 1352 936 tan-

194 950 344 975 hominem

195 991 350 1018 immutavit

193 1031 283 1059 Deus.

199 3298 276 3326 [tam
302 3296 319 3325 8
340 3305 387 3326 αι.

395 970 432 999 to
460 960 593 998 honore
609 974 690 998 eum
710 959 897 1010 insignivi,
912 968 945 996 et
973 968 1106 996 tantam
1140 959 1215 1011 ejus
1229 974 1350 998 curam

395 1037 452 1060 me
474 1022 603 1060 habere
621 1021 821 1067 declaravi,
838 1029 877 1058 ut
893 1020 1020 1058 virtuti
1041 1034 1170 1057 vacans
1187 1050 1196 1068 ,
1215 1020 1351 1059 alienus

394 1099 413 1121 a
431 1083 628 1136 perditione
658 1083 769 1120 fieret.
798 1081 979 1128 Quoniam
1011 1090 1131 1119 autem
1167 1081 1351 1121 clementia

391 1159 469 1182 mea
489 1144 620 1182 abusus
639 1152 702 1190 est,
726 1143 837 1180 satius
851 1142 999 1194 posthac
1016 1142 1123 1180 fuerit
1144 1142 1255 1181 malos
1275 1144 1350 1196 ejus

393 1214 538 1243 conatus
562 1203 749 1257 impedire.
788 1205 842 1241 Et
877 1205 1072 1255 cogitavit,
1102 1205 1136 1242 7.
1173 1204 1351 1256 dixitque

394 1267 587 1304 Dominus
622 1266 743 1312 Deus,
786 1263 904 1314 inquit
929 1279 937 1299 :
964 1264 1114 1302 Delebo
1154 1265 1350 1304 hominem

393 1328 601 1379 quemfeci
617 1327 766 1378 asacie
781 1333 906 1375 terrae,
933 1327 982 1362 ab
992 1326 1148 1363 homine
1161 1339 1281 1378 usque
1296 1328 1351 1364 ad

390 1401 534 1439 pecus,
567 1396 648 1425 eta
676 1387 875 1438 reptilibus
926 1399 1046 1438 usque
1097 1388 1152 1424 ad
1196 1388 1347 1425 volati-

395 1450 451 1487 lia
477 1450 562 1487 coeli
587 1464 597 1484 :
631 1450 725 1500 quia
769 1461 918 1485 mecum
952 1450 1128 1499 reputavi
1157 1449 1262 1500 quod
1279 1451 1348 1502 fe·
1360 1472 1404 1496 201

393 1512 512 1548 cerim
531 1523 607 1547 eos.
631 1510 720 1557 Quae
739 1508 807 1546 mei
821 1507 932 1546 officii
951 1517 1063 1556 erant,
1082 1508 1213 1560 inquit,
1231 1510 1349 1548 omnia
1373 1509 1398 1538 Λ

393 1570 556 1609 exhibui.
580 1570 639 1608 Ex
668 1569 805 1619 nihilo,
838 1577 877 1606 ut
907 1577 1007 1617 esset,
1031 1569 1136 1607 illum
1156 1570 1314 1621 produxi
1338 1602 1348 1620 ,

393 1641 527 1669 naturae
557 1631 654 1669 illius
673 1630 854 1668 scientiam
876 1629 1121 1668 faciendorum
1154 1640 1187 1669 et
1209 1646 1277 1669 non
1299 1633 1350 1670 fa-

393 1692 601 1731 ciendorum
626 1691 761 1739 indidi,
799 1691 955 1729 liberum
980 1691 1169 1729 arbitrium
1200 1692 1347 1744 donavi,

393 1753 567 1791 ineffabili
600 1752 785 1791 tolerantia
814 1767 897 1790 usus
921 1766 1016 1801 sum,
1038 1761 1071 1790 et
1093 1762 1174 1804 post
1204 1753 1351 1805 longum

393 1814 487 1852 illud
514 1822 654 1866 tempus
668 1843 679 1862 ,
711 1821 743 1850 et
764 1821 843 1865 post
862 1812 1148 1863 indignationem
1184 1823 1217 1852 et
1238 1815 1353 1854 minas

393 1890 480 1926 quas
501 1875 594 1924 dixi,
609 1884 642 1913 ct
660 1873 760 1912 aliud
781 1873 960 1926 praefinivi
982 1883 1139 1926 tempus,
1161 1875 1283 1914 volens
1313 1886 1352 1915 ut

392 1936 456 1974 illo
482 1951 544 1974 sua
564 1944 709 1988 peccata
727 1934 910 1984 sentiente,
930 1933 1132 1986 indignatio
1152 1950 1227 1974 mea
1249 1951 1352 1975 revo-

392 2007 531 2036 caretur
550 2014 557 2035 :
577 1997 640 2036 sed
669 1997 754 2048 quia
787 1996 894 2034 etiam
919 1996 971 2034 sic
991 1996 1083 2034 nihil
1110 1996 1201 2035 lucri
1224 1998 1317 2037 facio
1337 2029 1349 2049 ,

392 2074 456 2097 nec
485 2059 648 2112 proficio,
680 2058 776 2110 cogit
808 2057 995 2095 necessitas
1031 2067 1071 2096 ut
1110 2058 1224 2097 minas
1249 2073 1354 2112 opere

392 2121 605 2172 compleam,
622 2129 656 2158 et
670 2119 834 2158 omnibus
848 2118 964 2157 modis
983 2117 1094 2157 deleri
1114 2119 1195 2157 illos
1214 2134 1352 2169 curem,

393 2195 435 2219 ac
450 2181 541 2219 sicut
568 2181 703 2218 malum
722 2178 902 2230 quoddam
938 2179 1152 2217 fermentum
1192 2180 1354 2218 aboleam

394 2251 510 2280 totum
534 2242 678 2279 illorum
697 2255 817 2292 genuS,
833 2249 931 2278 utne
960 2240 1219 2292 posterioribus
1248 2255 1351 2293 gene·
1374 2243 1396 2273 Β

395 2302 594 2341 rationibus
626 2300 796 2354 peccandi
821 2300 981 2338 doctores
1013 2300 1112 2338 fiant.
1156 2303 1209 2339 Et
1253 2302 1353 2339 dia-ic

396 2365 590 2402 Dominus
608 2364 713 2401 Deus
738 2377 745 2399 ι
768 2362 916 2400 Deleho
936 2362 1131 2399 hominem
1152 2376 1263 2414 quem
1266 2363 1355 2414 feci

397 2426 549 2478 asacie
584 2433 707 2471 terroe,
734 2426 783 2461 ab
813 2423 968 2460 homine
999 2436 1118 2474 usque
1139 2424 1193 2460 ad
1226 2437 1352 2475 pecus.

398 2488 479 2525 Jam
495 2486 584 2523 forte
609 2484 744 2523 dixerit
769 2483 899 2534 aliquis
920 2499 927 2519 ε
949 2484 1069 2529 Quare
1092 2497 1173 2521 cum
1190 2483 1296 2521 homo
1318 2485 1355 2522 in

399 2546 538 2584 malum
559 2545 768 2595 declinavit,
793 2545 899 2582 etiam
915 2545 1022 2582 bruta
1042 2543 1201 2582 eamdem
1214 2559 1356 2597 poenam

398 2607 607 2645 sustinent?
648 2606 778 2645 Merito
805 2620 899 2644 sane.
935 2606 1031 2643 Num
1074 2615 1218 2658 propter
1251 2619 1357 2643 suum

401 2669 561 2721 ipsorum
592 2681 697 2705 usum
730 2666 903 2720 producta
932 2675 1015 2704 sunt
1034 2665 1176 2704 bruta?
1209 2667 1358 2718 Propter

399 2730 583 2768 hominem
616 2730 707 2767 facta
735 2737 830 2766 sunt.
870 2728 960 2765 Cum
989 2727 1049 2764 hic
1082 2726 1358 2779 igiturcmedio

398 2792 592 2839 auferatur,
623 2790 703 2841 quis
733 2789 879 2827 illorum
904 2801 989 2826 usus
1017 2787 1136 2826 esset?
1163 2786 1302 2825 Idcirco
1325 2796 1359 2824 et

401 2852 506 2889 istam
523 2865 663 2902 poenam
684 2863 908 2887 communem
927 2849 1067 2897 serunt,
1081 2857 1119 2886 ut
1140 2847 1358 2899 indignatio-

401 2912 455 2949 nis
469 2912 679 2964 gravitatem
699 2909 907 2948 addiscatis.
926 2909 973 2947 Et
988 2909 1081 2947 sicut
1102 2908 1147 2946 ab
1161 2908 1262 2945 initio
1277 2922 1358 2945 cum

401 2972 540 3024 primus
573 2972 678 3009 homo
704 2979 904 3024 peccasset,
946 2979 1038 3008 terra
1072 2968 1358 3007 maledictionem

401 3033 556 3085 accepit:
575 3033 626 3071 sic
647 3042 680 3071 et
709 3046 803 3070 nunc
822 3046 902 3069 cum
918 3029 1114 3069 abolendus
1129 3038 1217 3067 esset
1237 3029 1357 3077 homo,
1379 3046 1403 3075 s,

401 3093 504 3131 bruta
521 3108 660 3144 quoque
674 3093 785 3131 cladis
811 3093 905 3131 socia
920 3093 1021 3130 siunt.
1046 3089 1358 3137 Quemadmodum

402 3156 495 3194 enim
516 3170 597 3193 cuni
617 3156 721 3193 homo
739 3164 860 3206 gratus
876 3155 915 3191 fit
930 3155 1020 3202 Deo,
1038 3161 1197 3191 creatura
1209 3164 1353 3202 quoquc

403 3217 566 3266 humana:
588 3216 764 3253 felicitatis
798 3215 974 3267 particeps
999 3223 1049 3252 est
1071 3243 1082 3264 ‚
1110 3213 1202 3251 sicut
1233 3212 1358 3250 beatus

404 3281 538 3320 Paulus
559 3280 695 3331 inquit:
715 3282 815 3331 Quia
835 3288 869 3317 et
896 3283 979 3331 ipsa
1000 3286 1178 3317 creatura
1214 3277 1355 3313 libera-

449 3416 460 3430 ···
482 3406 576 3438 llanc
594 3404 767 3437 lectionem
787 3403 1036 3446 amplectimur,
1054 3403 1130 3435 licet
1148 3403 1178 3434 iu
1197 3412 1262 3433 uno
1282 3407 1410 3432 tantum

405 3455 526 3488 (lodice
554 3464 755 3499 compareat.
778 3457 816 3488 lu
846 3456 915 3488 aliis
944 3462 1059 3493 εἱκζτοις
1088 3454 1218 3494 ‹lt-erat,
1237 3461 1269 3485 et
1295 3463 1411 3483 manca

1421 267 1628 297 ARCHIEP.
1669 267 2030 297 CONSTANTINOP-

1421 363 1487 385 σιν.
1520 349 1761 399 Ἐνεθυμήθη,
1783 350 1900 401 φησὶν,
1931 350 2007 387 ἀντὶ
2040 353 2099 388 τοῦ
2123 350 2342 401 μετεμελήθη
2357 365 2364 373 ·
2385 352 2448 389 οὐκ

1421 408 1541 456 ἐπειδὴ
1569 411 1819 460 μεταμελεῖται
1845 412 1954 454 Θεός·
1977 410 2025 461 μὴ
2056 410 2210 462 γένοιτο·
2235 411 2326 449 ἀλλὰ
2356 411 2448 449 κατὰ

1419 469 1483 516 τὴν
1500 470 1683 517 συνήθειαν
1696 470 1760 516 τὴν
1777 471 1996 523 ἀνθρωπίνην
2014 474 2097 521 ἡμῖν
2115 471 2313 523 διαλέγεται
2329 476 2350 518 ἡ
2372 473 2447 511 θεία

1421 530 1560 583 Γραφὴ,
1583 530 1640 569 ἵνα
1655 530 1775 583 διδάξῃ
1797 534 1910 582 ἡμᾶς,
1931 531 1985 570 ὅτι
2004 536 2026 579 ἡ
2041 532 2221 584 ’ὑπερῧολὴ
2244 536 2313 570 τῶν
2332 536 2447 585 ἡμαρ-

1419 592 1578 642 τημένων
1595 594 1709 636 αὐτοῖς
1731 595 1778 635 εἷς
1796 592 1970 638 τοσαύτην
1992 593 2231 645 ἀγανάκτησιν
2246 595 2304 633 τὸν
2324 595 2446 647 φιλάψ

1421 656 1556 704 θρωπον
1583 653 1673 692 Θεὸν
1688 654 1813 705 ἤγαγε.
1840 653 1910 692 Καὶ
1926 655 2139 705 ἐνεθυμήθη,
2157 655 2263 705 φησὶ,
2286 655 2411 707 Κύριος
2431 659 2449 694 ὁ

1421 714 1530 760 Θεὸς,
1551 713 1604 752 ὅτι
1624 714 1767 761 ἐποίησε
1782 715 1840 753 τὸν
1856 714 2037 767 ἄνθρωπον
2055 715 2114 753 ἐπὶ
2125 718 2196 762 »τῆς
2210 718 2286 766 γῆς.
2305 715 2365 762 Μὴ
2380 715 2448 768 γὰρ

1422 774 1480 812 διὰ
1502 779 1620 823 τοῦτο,
1650 775 1756 828 φησὶ,
1788 775 1888 813 αὐτὸν
1909 775 2129 829 παρήγαγον,
2147 775 2204 814 ἵνα
2223 779 2269 819 εἷς
2287 782 2449 817 τοσοῦτον

1420 836 1557 873 ὄλισθον
1575 836 1794 887 κατενεχθεὶς
1811 836 1989 880 ἀπωλείας
2005 839 2118 889 ἑαυτῷ
2140 836 2248 879 αἴτιος
2266 840 2425 888 καταστῇ
2441 854 2450 885 ;

1421 895 1488 932 Διὰ
1504 899 1606 934 τοῦτο
1626 896 1659 940 ἐξ
1675 898 1785 950 ἀρχῆς
1799 897 1859 934 καὶ
1869 898 1908 935 ἐκ
1923 897 2116 948 προοιμίων
2133 897 2306 944 τοσαύτης
2317 897 2450 944 ἠξίωσα

1422 957 1524 995 αὐτὸν
1545 959 1607 1003 τῆς
1626 961 1751 1008 τιμῆς,
1775 957 1834 995 καὶ
1853 957 2027 1005 τοσαύτην
2048 958 2131 1010 περὶ
2151 958 2253 995 αὐτὸν
2274 958 2450 1002 ἐπεδειξά-

1423 1034 1490 1067 μην
1507 1017 1569 1064 τὴν
1586 1017 1763 1070 πρόνοιαν,
1783 1017 1839 1055 ἰ’να
1858 1018 1920 1064 τὴν
1940 1018 2067 1071 ἀρετὴν
2091 1018 2257 1069 ἑλόμενος
2274 1019 2370 1063 ἐκτὸς
2388 1022 2450 1065 τῆς

1422 1078 1596 1122 ἀπωλείας
1615 1078 1773 1130 γένηται.
1791 1078 1938 1125 Ἐπειδὴ
1968 1079 2003 1117 δὲ
2023 1080 2083 1118 οὐκ
2108 1081 2155 1122 εἷς
2178 1079 2254 1117 δέον
2275 1079 2452 1131 ἐχρήσατο

1419 1141 1462 1189 τῇ
1493 1138 1736 1192 φιλανθρωπία
1764 1142 1807 1190 τῇ
1838 1140 1924 1190 ἐμῇ,
1949 1139 2085 1190 βέλτιον
2111 1141 2231 1178 λοιπὸν
2258 1142 2451 1187 ἐκκοπῆναι

1420 1201 1526 1239 αὐτοῦ
1563 1200 1626 1247 τὴν
1663 1199 1776 1246 κακὴν
1812 1200 2044 1252 ἐπιχείρησιν.
2077 1200 2145 1239 Καὶ
2182 1201 2361 1249 διενοήθη,
2391 1203 2450 1240 καὶ

1420 1254 1496 1299 εἷπε
1534 1261 1660 1312 Κύριος
1696 1265 1714 1300 ὃ
1748 1260 1838 1304 Θεός
1852 1276 1860 1284 ·
1893 1261 2078 1313 ἀπαλείψω
2110 1261 2169 1299 τὸν
2201 1262 2379 1314 ἄνθρωπον
2413 1263 2449 1302 ὃν

1419 1322 1568 1369 ἐποίησα
1589 1323 1658 1361 ἀπὸ
1675 1321 1864 1373 προσώπου
1886 1324 1949 1367 τῆς
1968 1325 2033 1374 γ’ῆς
2047 1353 2056 1371 ,
2076 1322 2145 1361 ἀπὸ
2174 1323 2357 1375 ἀνθρώπου
2388 1324 2450 1369 ἕως

1419 1383 1583 1430 κτήνους,
1617 1382 1676 1421 καὶ
1707 1383 1777 1421 ἀπὸ
1805 1385 1959 1434 ἑρπετῶν
1983 1382 2046 1426 ἕως
2071 1386 2238 1421 πετεινῶν
2262 1389 2321 1422 τοῦ
2349 1386 2452 1438 οὖρα-

1419 1448 1498 1492 νοῧ,
1529 1443 1581 1482 ὅτι
1609 1444 1837 1495 ἐνεθυμήθην,
1855 1443 1908 1481 ὅτι
1936 1444 2085 1491 ἐποίησα
2113 1444 2249 1489 αὐτούς.
2275 1445 2332 1484 Τὰ
2365 1448 2449 1499 παρ’

1421 1508 1569 1556 ἐμαυτοῦ
1602 1505 1740 1553 πάντα,
1776 1506 1892 1558 φησὶν,
1924 1505 2167 1557 ἐπεδειξάμην.
2197 1506 2282 1545 Ἀπὸ
2310 1512 2370 1545 τοῦ
2401 1507 2449 1558 μὴ

1420 1567 1514 1610 ὄντος
1541 1569 1588 1611 εἷς
1607 1567 1646 1605 τὸ
1672 1562 1758 1605 εἶναι
1777 1567 1996 1619 παρήγαγον,
2025 1567 2089 1615 τὴν
2109 1570 2237 1618 γνῶσιν
2265 1572 2334 1606 τῶν
2356 1584 2450 1620 πρα-

1421 1627 1530 1666 κτέων
1565 1629 1624 1666 καὶ
1659 1631 1727 1666 τῶν
1760 1627 1809 1679 μὴ
1841 1628 2026 1681 πρακτέων
2062 1628 2208 1676 ἐνέθηκα
2247 1632 2290 1679 τῇ
2328 1630 2450 1682 φύσει,

1420 1690 1459 1728 τὸ
1481 1689 1695 1734 αὐτεξούσιον
1725 1689 1974 1741 ἐδωρησάμην,
2005 1689 2128 1743 ἀφάτῳ
2148 1692 2192 1742 τῇ
2225 1692 2450 1744 μακροθυμία

1422 1750 1642 1803 ἐχρησάμην,
1675 1750 1736 1788 καὶ
1771 1749 1860 1801 μετὰ
1901 1751 1960 1788 τὸν
1998 1750 2108 1789 πολὺν
2146 1751 2269 1804 χρόνον
2309 1755 2451 1798 ἐκεῖνον,

1421 1812 1480 1848 καὶ
1506 1811 1570 1858 τὴν
1607 1810 1860 1862 ἀγανάκτησιν,
1894 1811 1954 1848 καὶ
1984 1810 2048 1857 τὴν
2085 1810 2248 1860 ἀπειλὴν,
2270 1812 2310 1858 ἣν
2342 1805 2451 1860 εἷπον,

1422 1871 1482 1910 καὶ
1499 1872 1619 1923 ἑτέραν
1639 1871 1854 1923 προθεσμίαν
1881 1870 2015 1922 ὥρισα,
2035 1872 2243 1923 βουλόμενος
2262 1872 2385 1916 αὐτοὺς
2405 1875 2453 1916 εἷς

1423 1934 1582 1981 αἴσθησιν
1611 1932 1773 1976 ἐλθόντας
1802 1935 1870 1971 τῶν
1891 1933 2027 1971 οἰκείων
2053 1933 2287 1984 πταισμάτων
2315 1937 2452 1972 ἀνακα-

1421 1994 1590 2033 λέσασθαι
1629 1993 1693 2041 τὴν
1731 1993 1819 2044 ἐμὴν
1857 1996 2093 2045 ἀγανάκτησιν
2108 2009 2116 2017 ·
2151 1993 2270 2041 ἐπειδὴ
2307 1994 2343 2033 δὲ
2376 1994 2453 2033 οὐδὲ

1422 2055 1530 2099 οὕτως
1560 2054 1743 2107 ἐκέρδανόν
1763 2070 1797 2093 τι
1818 2054 1937 2102 πλέον,
1968 2055 2104 2106 ἀνάγκη
2133 2055 2197 2102 τὴν
2230 2056 2378 2103 ἀπειλὴν
2405 2059 2454 2101 εἷς

1422 2119 1520 2171 ἔργον
1549 2121 1705 2171 ἀγαγεῖν,
1731 2119 1790 2156 καὶ
1814 2120 1968 2166 παντελῆ
2000 2118 2178 2171 ἐξάλειψιν
2206 2122 2318 2158 αὐτῶν
2350 2120 2454 2174 ἐργά-

1423 2184 1566 2227 σασθαι,
1585 2180 1645 2217 καὶ
1672 2179 1832 2230 καθάπερ
1852 2179 1963 2230 ζύμην
1995 2179 2074 2217 τινὰ
2103 2180 2258 2232 πονηρὰν
2287 2182 2454 2233 ἀφανίσαι

1421 2241 1549 2280 τούτων
1577 2241 1616 2278 τὸ
1648 2239 1764 2291 γένος,
1784 2240 1840 2278 ἵνα
1860 2241 1908 2291 μὴ
1925 2241 1983 2278 καὶ
2004 2247 2080 2285 ταῖς
2099 2243 2147 2284 εἷς
2166 2242 2206 2279 τὸ
2225 2241 2301 2288 ἑξῆς
2320 2250 2453 2293 γενεαῖς

1421 2305 1483 2348 τῆς
1501 2301 1625 2345 κακίας
1655 2300 1858 2339 διδάσκαλοι
1879 2301 2066 2352 γένωνται.
2098 2301 2168 2339 Καὶ
2189 2295 2262 2339 εἶπε
2292 2302 2416 2354 Κύριος
2436 2307 2453 2341 ὁ

1421 2362 1530 2410 Θεὸς,
1547 2361 1732 2413 ἀπαλείψω
1751 2361 1810 2399 τὸν
1829 2362 2012 2414 ἄνθρωπον
2034 2362 2070 2401 ὃν
2087 2361 2236 2409 ἐποίησα
2258 2362 2327 2401 ἀπὸ
2349 2378 2454 2414 προσ-

1422 2423 1518 2462 ώπου
1550 2426 1611 2469 τῆς
1641 2426 1727 2474 γῆς,
1757 2422 1827 2460 ἀπὸ
1861 2422 2045 2474 ἀνθρώπου
2075 2422 2140 2466 ἕως
2171 2422 2328 2469 κτήνους.
2361 2423 2453 2461 Ἀλλ’

1424 2484 1505 2528 ἴσως
1528 2484 1619 2522 εἴποι
1644 2500 1696 2527 τις
1721 2483 1781 2521 ἄν·
1813 2483 1904 2528 τίνος
1939 2484 2053 2522 ἕνεκεν
2076 2487 2134 2522 τοῦ
2167 2483 2351 2536 ἀνθρώπου
2369 2484 2454 2537 πρὸς

1424 2545 1548 2583 κακίαν
1575 2543 1826 2588 ἀποκλίναντος
1839 2574 1848 2591 ,
1869 2543 1930 2582 καὶ
1950 2544 1995 2582 τὰ
2015 2546 2126 2597 ἄλογα
2145 2544 2208 2591 τὴν
2229 2546 2337 2592 αὐτὴν
2360 2547 2454 2598 αὐτῷ

1424 2605 1595 2657 τιμωρίαν
1616 2605 1782 2656 ὑπομένει
1797 2621 1806 2653 ;
1821 2605 2015 2648 “blinda->4
2040 2606 2102 2653 Μὴ
2123 2605 2191 2658 γὰρ
2211 2606 2267 2645 διὰ
2286 2607 2351 2653 τὴν
2371 2609 2454 2645 ἑαυ-

1424 2669 1491 2705 τῶν
1508 2666 1629 2718 χρείαν
1649 2666 1691 2704 τὰ
1707 2666 1816 2718 ἄλογα
1831 2666 1949 2718 γέγονε
1959 2681 1969 2714 ;
1987 2667 2055 2705 Διὰ
2072 2667 2130 2705 τὸν
2144 2667 2326 2719 ἄνθρωπον
2343 2672 2454 2706 ταῦτα

1425 2728 1593 2779 παρήχθη
1611 2743 1618 2750 ·
1642 2726 1763 2765 τούτου
1791 2727 1904 2765 τοίνυν
1938 2729 1978 2765 ἐκ
2008 2731 2068 2765 τοῦ
2099 2727 2204 2778 μέσου
2227 2728 2431 2781 αἱρουμένου
2447 2759 2457 2776 ,

1426 2788 1510 2826 ποία
1540 2787 1680 2825 ἐκείνων
1706 2787 1808 2839 χρεία
1838 2787 1963 2839 γένοιτ’
1984 2788 2042 2835 ἅν;
2061 2789 2128 2826 Διὰ
2148 2794 2247 2827 τοῦτο
2265 2789 2325 2828 καὶ
2345 2793 2455 2827 ταῦτα

1426 2852 1488 2895 τῆς
1515 2849 1684 2901 τιμωρίας
1711 2855 1891 2893 κοινωνεῖ,
1913 2849 1969 2886 ἵνα
1999 2849 2134 2899 μάθητε
2159 2853 2221 2896 τῆς
2252 2849 2454 2902 ἀγανακτή-

1427 2927 1512 2953 σεως
1548 2909 1609 2956 τὴν
1643 2909 1853 2962 ὓπερὸολήν.
1888 2910 1958 2947 Καὶ
1995 2910 2156 2963 καθάπερ
2186 2911 2220 2956 ἐξ
2257 2912 2368 2963 ἀρχῆς
2395 2914 2455 2950 τοῦ

1426 2971 1702 3022 πρωτοπλάστου
1724 2969 1739 2989 ¹²

1752 2971 1996 3021 ἁμαρτῶντος,
2018 2974 2039 3017 ἧ
2059 2974 2104 3022 γῆ
2125 2972 2188 3019 τὴν
2205 2972 2360 3025 κατάραν
2381 2971 2456 3010 ἐδέ-

1428 3032 1528 3077 ξατο,
1563 3030 1652 3069 οὕτω
1671 3030 1730 3068 καὶ
1754 3034 1812 3067 νῦν
1837 3035 1896 3069 τοῦ
1919 3031 2100 3082 ἀνθρώπου
2121 3033 2306 3083 μέλλοντος
2325 3032 2455 3084 ἀφανί-

1426 3093 1541 3134 ζεσθαι
1559 3119 1567 3136 ,
1585 3091 1644 3129 καὶ
1662 3091 1706 3129 τὰ
1726 3091 1836 3141 ἄλογα
1855 3098 2010 3129 κοινωνεῖ
2029 3094 2089 3137 τ’ἧς
2104 3092 2292 3144 τιμωρίας.
2315 3092 2454 3145 ςὨσπερ

1427 3150 1463 3189 δὲ
1479 3152 1737 3201 εὐδοκιμοῦντος
1754 3155 1812 3189 τοῦ
1835 3151 2018 3204 ἀνθρώπου
2034 3182 2043 3199 ,
2072 3153 2131 3190 καὶ
2149 3157 2170 3199 ἠ
2191 3153 2302 3197 κτίσις
2330 3169 2455 3192 κοινω-

1426 3219 1475 3250 νεῖ
1499 3216 1542 3263 τῇ
1563 3217 1622 3250 τοῦ
1651 3212 1832 3263 ἀνθρώπου
1854 3212 2045 3264 εὐημερίᾳ,
2067 3214 2226 3266 καθάπερ
2243 3214 2303 3252 καὶ
2318 3217 2336 3252 ὃ
2356 3216 2454 3254 Παῦ-

1427 3274 1484 3316 λός
1507 3289 1610 3325 φησιν
1628 3289 1635 3297 ·
1665 3273 1749 3312 “Ort
1777 3274 1836 3312 καὶ
1856 3273 1942 3321 αὐτὴ
1963 3277 1984 3320 ἡ
2004 3274 2115 3318 κτίσις
2143 3276 2455 3328 ἐλευθερωθήσεται

1448 3397 1613 3430 sententia
1638 3397 1823 3431 videbatur.

1494 3453 1507 3475 ¹·
1529 3449 1629 3483 Saxil.
1650 3458 1682 3482 rt
1706 3450 1820 3483 Morcl.
1850 3455 2046 3495 ἁμαρτόντος,
2069 3450 2130 3483 Sex
2149 3451 2221 3483 Μςς»Δ
2246 3455 2452 3495 &smera-aru.
