2516 3791
651 165 693 195 ΙΝ
739 163 838 194 (ῑΛΡ.
879 162 986 194 XXV.
1025 159 1187 193 GENES.
1226 159 1383 191 nomn„
1422 160 1544 190 XLIX.

90 252 198 304 τιμὴ,
212 256 268 291 νῦν
289 251 348 290 καὶ
373 248 449 298 ἀεὶ,
469 249 528 287 καὶ
557 249 603 291 εἷς
622 248 699 292 τοὺς
721 250 848 291 αἰῶνας
866 248 935 285 τῶν
962 245 1110 285 αἰώνων,

89 313 208 364 Ἀμήν.

460 513 638 551 omnm
668 511 737 562 μο’.

169 626 281 671 Ainea
299 632 334 671 δὲ
354 635 389 671 αἱ
411 631 560 683 γενέσεις
572 661 582 678 ,
602 630 720 683 φησὶν,
737 627 861 667 Ἰσαὰκ
879 629 939 664 τοῦ
958 630 1031 665 υἱοῦ

509 691 681 744 Ἀδραὰμ.

142 815 257 853 Πάλιν
277 818 367 864 ὑμᾶς
393 813 451 852 ἐπὶ
478 812 540 859 τὴν
560 812 691 859 συνήθη
726 810 902 864 τράπεζαν
926 811 1112 860 ἀναγαγεῖν

88 875 278 926 βούλομαι,
301 874 361 912 καὶ
382 876 421 912 ἐκ
440 876 508 911 τῶν
526 871 623 925 παρὰ
649 875 708 910 τοῦ
737 869 915 913 Μωῦσέως
946 868 1112 922 ῥημάτων

85 935 148 982 τὴν
180 935 334 973 ἑστίασιν
361 937 441 984 ὑμῖν
474 936 705 986 παραθεῖναι,
733 933 864 982 μᾶλλον
895 929 930 969 δὲ
958 932 1027 968 τῶν
1054 934 1114 968 τοῦ

87 994 302 1046 Πνεύματος.
331 993 424 1032 Οὐδὲ
454 993 522 1046 γὰρ
556 994 614 1044 ἀφ’
652 995 775 1030 ἑαυτοῦ
815 992 969 1037 Μωϋσῆς
1002 993 1112 1028 ταῦτα

85 1061 170 1108 ἡμῖν
187 1056 334 1103 ἐξέθετο,
361 1056 437 1094 ἀλλ’
456 1055 524 1093 ὑπὸ
542 1058 602 1092 τοῦ
616 1053 713 1105 ἁγίου
736 1052 942 1103 Πνεύματος
964 1051 1111 1103 ἐνηχού-

87 1133 199 1169 μενος.
215 1116 364 1168 Ὶδωμεν
382 1111 440 1155 οῧν
463 1115 498 1154 τί
512 1115 571 1154 καὶ
591 1115 742 1167 σήμερον
760 1118 854 1165 ἡμᾶς
878 1112 1013 1157 διδάξαι
1035 1112 1113 1164 βού-

84 1180 194 1216 λεται.
210 1178 301 1216 Οὐδὲ
321 1177 389 1231 γὰρ
406 1177 525 1220 ἁπλῶς
539 1175 616 1214 οὐδὲ
640 1177 716 1226 εἰκῇ
732 1173 810 1218 τοὺς
832 1174 924 1226 βίους
942 1177 1027 1224 ἡμῖν
1043 1176 1111 1211 τῶν

87 1239 230 1277 δικαίων
258 1238 450 1285 ἐκτίθεται,
468 1237 545 1276 ἀλλ’
576 1236 634 1274 ἵνα
663 1234 877 1286 ζηλώσωμεν
897 1234 1029 1272 τούτων
1048 1233 1111 1281 τὴν

85 1300 225 1353 ἀρετὴν,
240 1300 298 1338 καὶ
332 1298 485 1350 μιμηταὶ
511 1296 692 1349 γενώμεθα
722 1299 792 1334 τῶν
812 1295 953 1338 ἐκείνοις
973 1311 1113 1347 κατωρ-

85 1362 261 1412 θωμένων.
278 1359 424 1407 Ἐπειδὴ
439 1358 508 1411 γὰρ
525 1362 610 1408 ἡμῖν
631 1356 676 1395 τὰ
694 1355 786 1394 κατὰ
805 1355 863 1393 τὸν
888 1355 1112 1408 πατριάρχην

84 1422 238 1474 ἁκριὸῶς
272 1420 545 1473 διηγησάμενος,
582 1418 642 1456 καὶ
679 1417 737 1455 τὸν
776 1419 972 1455 τελευταῖον
1009 1419 1112 1454 αὐτοῦ

84 1477 185 1521 ἆθλον
214 1482 272 1520 τὸν
306 1481 363 1520 ἐπὶ
395 1484 438 1533 τῇ
471 1485 531 1518 τοῦ
563 1481 764 1530 μονογενοῦς
803 1481 920 1529 σφαγῇ
934 1507 944 1526 ,
973 1476 1114 1522 διδάξας

84 1544 100 1565 ⁶
112 1549 206 1596 ἡμᾶς
224 1547 297 1587 πῶς
315 1542 355 1580 ἂν
371 1545 420 1595 τῷ
437 1544 519 1594 Θεῷ
539 1541 639 1580 αὐτὸν
662 1539 885 1593 καλλιέρημα
896 1570 907 1588 ,
928 1541 958 1578 εἰ
985 1539 1045 1577 καὶ
1062 1539 1110 1590 μὴ

84 1608 177 1658 αὐτῷ
192 1605 303 1659 ἔργῳ,
318 1604 409 1642 ἀλλὰ
432 1607 474 1655 τῇ
494 1601 674 1655 προθυμίᾳ
695 1601 898 1653 εἰργάσατο,
915 1601 1013 1644 τέλος
1032 1601 1112 1639 ἐπέ-

83 1670 185 1714 θηκεν
202 1665 344 1709 ἐκείνοις
361 1671 431 1709 τοῖς
455 1664 668 1715 διηγήμασι·
686 1667 742 1700 νῦν
766 1664 851 1713 ἡμῖν
875 1662 1048 1700 ἐκτίθεται
1067 1660 1112 1699 τὰ

83 1728 175 1766 κατὰ
188 1728 245 1766 τὸν
264 1727 388 1765 Ἰσαὰκ
401 1726 458 1764 τὸν
484 1725 660 1776 σφαγέντα
687 1722 748 1760 καὶ
771 1722 820 1773 μὴ
842 1722 1020 1775 σφαγέντα
1034 1738 1042 1745 ·
1058 1723 1111 1760 αἷ-

84 1787 309 1840 νίγματιγὰρ
335 1787 423 1825 ἔοικε
448 1785 488 1823 τὸ
514 1784 664 1836 γεγονός.
685 1781 850 1821 Ἄκουσον
879 1783 948 1836 γὰρ
970 1782 1112 1821 Παύλου

82 1849 240 1901 λέγοντος
256 1864 263 1871 ·
291 1847 416 1886 Πίστει
456 1845 690 1897 προσενηνοχε
716 1844 774 1882 τὸν
795 1843 918 1882 Ἰσαὰκ
951 1844 1113 1897 Ἀὅραὰμ

83 1909 350 1963 πειραζόμενος·
377 1907 437 1946 καὶ
466 1907 523 1945 τὸν
556 1908 722 1964 μονογενῆ
753 1904 963 1959 προσέφερεν
996 1908 1015 1943 ὁ
1051 1904 1113 1950 τὰς

83 1970 293 2022 ἐπαγγελίας
327 1967 589 2018 ἀναδεξάμενος.
614 1961 701 2005 Εἶτα
727 1965 783 2004 ἵνα
814 1966 981 2017 μάθωμεν
1011 1969 1112 2018 ἀκρι-

84 2031 153 2075 ὅῶς
164 2061 174 2078 ,
196 2033 271 2074 πῶς
286 2029 401 2068 πίστει
416 2033 527 2066 ταῦτα
541 2027 656 2066 πάντα
679 2026 920 2080 διεπράττετο,
937 2030 996 2065 καὶ
1012 2030 1111 2066 ἐναν-

83 2092 141 2130 τία
161 2095 204 2143 τῇ
225 2090 411 2142 ὑποσχέσει
429 2093 516 2142 ὁρῶν
539 2088 584 2126 τὰ
602 2090 660 2126 ὑπ’
681 2090 784 2126 αὐτοῦ
801 2087 956 2139 γίνεσθαι
974 2090 1110 2128 κελευό-

83 2169 190 2204 μενα,
220 2155 283 2190 οὐκ
317 2150 542 2203 ἐταράττετο,
576 2147 826 2201 φησίν·”Οθεν
854 2150 954 2188 αὐτὸν
985 2150 1045 2188 καὶ
1075 2153 1111 2189 ἐν

80 2214 263 2267 παραδολῇ
286 2212 484 2262 ἐκομίσατο.
508 2210 555 2249 Τί
570 2213 675 2257 ἐστιν,
694 2210 756 2248 Ἐν
778 2210 965 2262 παραδολῇ
992 2211 1111 2263 ἐκομί-

81 2290 184 2323 σατο,
208 2272 353 2319 Ἐπειδὴ
383 2271 450 2324 γὰρ
481 2271 581 2309 αὐτὸν
610 2272 660 2312 εἷς
689 2269 807 2308 θυσίαν
836 2270 1026 2322 ἀνήνεγκε,
1052 2272 1112 2309 καὶ

81 2333 343 2387 ἀπηρτισμένην
360 2332 423 2379 τὴν
449 2331 592 2383 γνώμην
621 2330 840 2380 ἐπεδείξατο,
868 2331 970 2376 αὐτός
989 2348 1028 2384 γε
1053 2333 1111 2371 τὸν

81 2397 246 2449 στέφανον
267 2394 476 2441 ἀνεδήσατο,
497 2393 557 2431 καὶ
581 2392 639 2431 τὸν
660 2394 771 2431 παῖδα
797 2392 916 2431 λαὸὼν
945 2393 1110 2446 ἐπανῄει,

81 2459 140 2497 καὶ
160 2461 182 2503 ἡ
203 2455 305 2494 θυσία
319 2454 377 2492 διὰ
396 2453 572 2507 προὸάτου
597 2456 809 2506 ἐπληροῦτο,
829 2454 890 2492 καὶ
906 2454 1037 2493 ἐδείκνυ
1055 2455 1112 2494 διὰ

80 2519 220 2557 πάντων
247 2520 264 2555 ὁ
284 2519 352 2554 τῶν
372 2517 461 2554 ὅλων
487 2515 576 2558 Θεὸς
603 2517 666 2561 τῆς
697 2515 826 2558 οἰκείας
846 2515 1111 2567 φιλανθρωπίας

80 2578 142 2626 τὴν
162 2577 377 2631 ὑπερὸολὴν,
399 2576 458 2615 καὶ
475 2576 530 2615 ὅτι
549 2579 587 2615 οὐ
608 2580 783 2628 σφαγῆναι
801 2578 858 2615 τὸν
883 2576 1007 2615 Ἰσαὰκ
1025 2579 1111 2628 βου-

80 2640 222 2691 λόμενος
240 2643 341 2677 τοῦτο
361 2638 560 2685 ἐπέταττεν,
580 2637 671 2676 ἀλλὰ
693 2643 753 2676 τοῦ
777 2637 911 2676 δικαίου
927 2638 1110 2690 γυμνάζων

80 2701 143 2747 τὴν
169 2700 339 2746 ὑπακοήν.
370 2699 461 2737 Ἀλλ’
485 2698 604 2750 ὥσπερ
640 2698 774 2749 εἴδομεν
801 2703 861 2737 τοῦ
891 2699 1111 2753 πατριάρχου

80 2760 144 2807 τὴν
164 2760 288 2812 ἀρετὴν
309 2759 366 2797 διὰ
384 2760 523 2798 πάντων
542 2760 763 2810 λάμπουσαν,
782 2759 863 2813 φέρε
883 2760 942 2798 καὶ
957 2759 1000 2798 τὰ
1019 2759 1111 2798 κατὰ

81 2822 138 2860 τὸν
159 2820 284 2858 Ἰσαὰκ
302 2820 452 2873 σήμερον
468 2822 514 2864 εἷς
532 2821 635 2871 μέσον
655 2821 856 2874 προθέντες,
873 2820 1000 2872 ἴδωμεν
1015 2821 1110 2866 ὅπως

81 2882 141 2920 καὶ
159 2882 271 2931 ιαὐτὸς
291 2882 330 2918 τὸ
350 2880 504 2932 φιλόθεον
525 2883 627 2918 αὐτοῦ
647 2885 710 2927 τῆς
732 2880 874 2933 γνώμης
895 2881 952 2920 διὰ
969 2882 1109 2920 πάντων

80 2943 328 2983 ἐπιδείκνυται.
348 2942 459 2985 Ἄξιον
486 2941 522 2979 δὲ
543 2941 603 2978 καὶ
624 2945 734 2980 αὐτῶν
755 2944 948 2982 ἐπακοῦσαι
964 2947 1033 2981 τῶν
1048 2947 1111 2991 τῆς

82 3006 226 3056 Γραφῆς
242 3004 421 3056 ῥημάτων.
439 2997 552 3041 Αῧται
570 3002 606 3041 δὲ
620 3006 655 3041 αἱ
674 3004 835 3055 γενέσεις,
854 3006 971 3057 φησὶν,
987 3006 1111 3045 Ἰσαὰκ

81 3070 142 3104 τοῦ
161 3068 234 3104 υἱοῦ
250 3064 420 3118 Ἀδραάμ.
435 3063 596 3117 Ἀδραὰμ
621 3064 781 3115 ἐγέννησε
800 3066 858 3104 τὸν
880 3066 1015 3106 Ἰσαάκ.
1039 3061 1109 3106 γΗν

82 3127 118 3164 δὲ
138 3126 261 3165 Ἰσαὰκ
289 3129 374 3164 ἐτῶν
404 3125 681 3177 τεσσαράκοντα,
699 3125 757 3164 ὅτε
785 3125 890 3164 ἔλαὸε
917 3126 1109 3167 Ῥεὸέκκαν

81 3187 253 3239 θυγατέρα
285 3186 447 3233 meon-kk
467 3191 527 3225 τοῦ
551 3186 665 3239 Σύρου
685 3189 724 3225 ἐκ
739 3190 801 3234 τῆς
817 3189 1109 3241 Μεσοποταμίας,

83 3247 232 3298 ἀδελφὴν
268 3247 304 3285 δὲ
329 3247 451 3286 Adeone
489 3253 549 3286 τοῦ
581 3247 712 3301 Σύρου,
736 3251 850 3301 ἑαυτῷ
876 3251 923 3295 εἷς
949 3259 1108 3303 γυναῖκα.

2047 148 2136 211 507

1184 243 1332 292 Christi,
1344 243 1401 280 cui
1419 256 1502 281 cum
1519 242 1639 292 Patre,
1659 251 1692 280 et
1710 242 1848 294 Spiritu
1868 252 1990 281 sancto
2005 245 2049 282 sit
2066 245 2140 294 glo—

1183 304 1249 354 ria,
1268 313 1424 357 potestas
1450 313 1484 342 et
1501 303 1627 353 honor,
1647 317 1740 342 nunc
1756 312 1790 342 et
1809 317 1959 356 semper,
1975 313 2007 341 et
2028 305 2062 342 in
2079 319 2141 342 sa:-

1184 365 1264 404 cula
1280 365 1503 405 saeculorum.
1519 365 1643 404 Amen.

1476 511 1685 550 HOMILIA
1716 511 1850 551 XLIX.

1236 633 1298 670 Hae
1325 642 1444 670 autem
1469 642 1551 670 sunt
1579 634 1838 683 generationes,
1864 637 2010 687 inquit,
2046 635 2143 673 Isaac
2159 639 2231 665 Gen·
2251 635 2299 666 25-

1516 692 1582 730 lilii
1609 693 1802 732 Abraham.
2159 689 2205 720 ¹9⁸

1237 815 1272 850 ’1.
1302 813 1436 851 Iterum
1458 828 1522 852 vos
1543 813 1587 852 ad
1611 823 1814 852 consuetam
1836 829 1992 853 mensam
2017 817 2147 855 ducere

1182 873 1277 922 volo,
1297 883 1330 912 et
1357 889 1402 912 ex
1429 874 1549 914 verbis
1572 874 1684 913 Mosis
1709 875 1916 913 convivium
1938 891 2145 929 proponere,

1183 934 1256 972 imo
1283 948 1329 973 ex
1364 935 1485 974 verbis
1515 936 1625 974 sancti
1659 936 1828 988 Spiritus.
1866 938 1987 988 Neque
2009 939 2102 975 enim
2126 954 2146 976 a

1183 994 1298 1047 seipso
1324 997 1443 1034 Moses
1474 996 1550 1034 haec
1578 997 1680 1034 nobis
1707 997 1884 1049 exposuit,
1918 997 1978 1035 sed
2009 999 2146 1050 Spiritu

1182 1064 1304 1094 saneto
1329 1057 1484 1094 afflatus.
1511 1056 1709 1096 Videamus
1734 1056 1846 1107 igitur
1868 1057 1957 1107 quid
1981 1067 2014 1095 et
2041 1058 2147 1096 hodie

1183 1130 1247 1153 nos
1271 1116 1399 1155 docere
1419 1117 1519 1156 velit.
1537 1119 1661 1168 Neque
1681 1117 1776 1155 enim
1801 1117 1877 1155 sine
1894 1132 2012 1165 causa,
2035 1133 2146 1169 neque

1182 1176 1219 1214 in
1238 1191 1373 1215 vanum
1386 1178 1478 1217 vitas
1493 1187 1696 1217 sanctorum
1711 1178 1814 1216 nobis
1838 1179 1985 1230 exponit
2003 1195 2010 1215 :
2026 1179 2087 1217 sed
2107 1188 2146 1216 ut

1181 1239 1367 1277 imitemur
1398 1254 1522 1278 eorum
1552 1241 1734 1290 virtutem,
1755 1250 1788 1279 et
1815 1240 2008 1279 imitatores
2036 1242 2147 1278 simus

1180 1299 1357 1338 honorum
1382 1315 1530 1353 operum
1554 1316 1632 1352 quae
1660 1301 1713 1338 illi
1735 1301 1905 1339 fecerunt.
1928 1303 2021 1340 Nam
2051 1311 2147 1355 post·

1181 1376 1290 1412 quam
1307 1361 1410 1399 nobis
1426 1361 1619 1413 diligenter
1638 1363 1796 1401 narravit
1808 1377 1847 1401 ea
1869 1377 1949 1414 quae
1965 1363 2012 1401 ad
2031 1363 2145 1416 patri-

1180 1422 1328 1460 archam
1351 1423 1534 1460 Abraham
1554 1423 1716 1473 attinent,
1733 1433 1766 1462 et
1782 1424 1904 1462 docuit
1926 1434 2148 1477 postremum

1182 1482 1281 1521 illius
1302 1492 1481 1521 certamen
1499 1484 1536 1522 in
1558 1484 1801 1523 immolatione
1820 1485 1900 1535 filii,
1920 1487 2149 1537 narravitque

1182 1545 1251 1583 hoc
1265 1545 1461 1598 pulchrum
1477 1546 1697 1584 sacrificium
1713 1547 1777 1584 etsi
1799 1561 1867 1585 non
1883 1561 1999 1599 opere,
2014 1548 2146 1586 volun-

1182 1615 1254 1644 tate
1278 1615 1395 1644 tamen
1427 1607 1625 1659 perfectum
1649 1621 1740 1656 esse,
1773 1608 1952 1659 finemque
1979 1609 2148 1660 imposuit

1182 1667 1448 1704 narrationibus
1464 1667 1537 1705 illis
1558 1683 1566 1704 ε
1587 1681 1681 1705 nunc
1705 1668 1851 1720 exponit
1878 1669 1980 1707 nobis
2001 1684 2079 1720 qua:
2101 1669 2148 1707 ad

1182 1728 1281 1765 Isaac
1299 1728 1457 1765 occisum
1479 1737 1511 1766 et
1528 1742 1596 1766 non
1619 1729 1776 1767 occisum
1798 1730 1995 1781 pertinent;
2011 1731 2147 1769 factum

1135 1795 1161 1826 D
1182 1789 1276 1826 enim
1303 1788 1485 1840 aenigmati
1511 1789 1627 1827 simile
1650 1799 1712 1827 est.
1739 1789 1835 1827 Audi
1864 1790 1959 1828 enim
1992 1791 2147 1828 Paulum

1182 1849 1359 1888 dicentem
1378 1866 1385 1886 ε
1406 1851 1506 1888 Fide
1528 1851 1668 1888 obtulit
1683 1853 1799 1889 Isaac
1815 1852 2041 1899 Abraham,
2058 1867 2145 1890 cum
2157 1873 2246 1902 Helm
2270 1883 2316 1903 Π,

1185 1920 1432 1949 tentaretur.-
1455 1920 1491 1949 et
1520 1914 1760 1964 unigenitum
1786 1913 1939 1959 obtulit,
1967 1916 2033 1965 qui
2054 1923 2206 1965 pro—¹7-

1183 1975 1383 2010 missiones
1402 1981 1616 2024 acceperat.
1630 1973 1768 2010 Deinde
1791 1982 1828 2010 ut
1851 1973 2032 2012 discamus
2052 1988 2143 2025 quo-

1183 2033 1288 2071 modo
1305 2033 1378 2071 fide
1396 2033 1473 2071 haec
1486 2033 1605 2070 omnia
1621 2034 1760 2081 faceret,
1778 2043 1811 2071 ct
1828 2035 2005 2071 contraria
2018 2033 2144 2072 videns

1182 2093 1410 2146 promissioni
1429 2107 1469 2131 ea
1485 2107 1564 2144 quae
1579 2093 1775 2145 jubebatur
1794 2094 1920 2144 facere,
1938 2109 2008 2133 non
2029 2104 2144 2132 tamen

1181 2155 1465 2207 perturbaretur,
1481 2155 1627 2207 subjicit
1645 2170 1653 2191 :
1677 2156 1788 2193 Unde
1810 2156 1922 2194 illum
1948 2165 1983 2194 et
2009 2159 2051 2193 in
2073 2172 2144 2209 pa·
2155 2182 2234 2210 [hid.
2249 2193 2276 2210 v.
2293 2190 2339 2220 ¹9·

1181 2217 1362 2254 rabolam
1381 2219 1541 2268 accepit.
1565 2215 1668 2262 Quid
1687 2225 1753 2266 est,
1779 2218 1835 2254 Et
1854 2219 1896 2254 in
1911 2219 2144 2270 parabolam

1182 2281 1354 2330 accepit?
1376 2279 1470 2316 Nam
1485 2287 1676 2330 postquam
1694 2292 1776 2316 eum
1795 2278 1831 2316 in
1846 2279 2062 2317 sacrificium
2081 2280 2145 2318 ob-

1182 2338 1278 2387 tulit,
1293 2347 1326 2376 et
1345 2346 1499 2376 mentem
1513 2338 1705 2390 perfectam
1723 2338 1936 2387 declaravit,
1955 2340 2029 2392 ipse
2045 2355 2145 2379 coro-

1184 2413 1228 2436 na
1250 2399 1439 2437 redimitus
1463 2408 1526 2448 est,
1543 2408 1576 2437 et
1595 2409 1740 2452 accepto
1761 2414 1871 2452 puero
1891 2401 2008 2449 rediit,
2026 2415 2065 2439 ac
2085 2417 2142 2439 sa-

1184 2460 1360 2499 crificium
1390 2475 1454 2513 per
1480 2475 1585 2498 ovem
1612 2461 1801 2513 impletum
1831 2471 1881 2499 est
1898 2477 1906 2498 z
1923 2462 2144 2513 ostenditque

1182 2536 1247 2573 per
1280 2521 1398 2559 omnia
1431 2521 1586 2559 universi
1624 2521 1796 2559 Conditor
1815 2536 1887 2559 suae
1913 2522 2143 2574 benignitatis

1182 2583 1429 2621 excellentiam
1450 2598 1458 2619 ε
1479 2591 1513 2620 et
1536 2597 1572 2620 se
1603 2583 1671 2620 hoc
1696 2583 1902 2635 imperando
1932 2597 2000 2621 non
2026 2585 2142 2623 occidi

1181 2646 1298 2693 Isaac,
1318 2644 1379 2683 sed
1405 2644 1495 2696 justi
1528 2658 1691 2681 exercere
1712 2644 1951 2682 obedientiam
1974 2645 2139 2684 voluisse.

1183 2707 1359 2745 Caeterum
1389 2705 1482 2742 sicut
1506 2703 1665 2742 vidimus
1682 2704 1891 2756 patriarcha}
1910 2705 2080 2743 virtutem
2102 2707 2138 2744 in
2185 2726 2245 2754 cu„
2260 2727 2340 2756 Isaac

1181 2767 1346 2805 omnibus
1364 2765 1583 2804 relucentem
1601 2780 1608 2800 :
1626 2778 1701 2815 age,
1720 2773 1754 2802 et
1773 2779 1850 2815 quae
1870 2764 1914 2802 de
1928 2766 2025 2803 Isaac
2041 2766 2137 2805 dicta
2149 2768 2252 2815 Ossef‘i
2287 2779 2341 2796 ‘'⁰-

1181 2837 1263 2866 sunt
1282 2827 1389 2865 hodie
1408 2827 1443 2863 in
1460 2825 1618 2863 medium
1638 2826 1833 2873 asserentes,
1855 2826 2137 2881 videamusque·
2150 2809 2337 2837 ¹²¹⁰I¹⁸D⁰⁰⁵'

1181 2888 1287 2926 modo
1304 2898 1336 2925 et
1356 2888 1430 2940 ipse
1442 2887 1538 2939 piam
1550 2895 1582 2924 et
1592 2886 1794 2937 religiosam
1806 2896 1958 2926 mentem
1972 2888 2008 2926 in
2024 2890 2138 2927 omni—

1180 2949 1248 2987 bus
1279 2948 1485 3001 przetulerit.
1509 2950 1635 2999 Opera:
1671 2956 1791 2984 autem
1831 2949 1986 3000 pretium
2010 2960 2075 2999 est,
2101 2960 2138 2988 ut

1181 3011 1258 3063 ipsa
1273 3010 1466 3061 Scriptura:
1486 3008 1593 3046 verba
1611 3007 1812 3046 audiamus.
1833 3010 1894 3047 19.
1916 3012 1989 3048 Hae
2009 3021 2137 3049 antem
2156 3035 2232 3074 Cap,
2264 3036 2314 3065 25·

1181 3080 1283 3118 sunt,
1303 3069 1428 3120 inquit,
1441 3071 1708 3121 generationes
1724 3071 1932 3123 Isaac-filii
1949 3071 2136 3110 Abraham

1182 3133 1391 3171 Abraham
1408 3132 1540 3182 genuit
1555 3132 1683 3167 Isaac.
1695 3131 1759 3167 90.
1778 3133 1895 3169 Isaac
1910 3141 2037 3169 autem
2054 3142 2137 3170 erat

1124 3228 1171 3254 1⁸92
1182 3207 1374 3231 annorum
1405 3192 1687 3243 quadraginta,
1711 3193 1868 3244 quando
1893 3197 2038 3245 accepit
2066 3196 2136 3231 Re-

1136 3265 1161 3293 Α
1185 3257 1340 3293 beccam
1350 3253 1490 3304 filiam
1511 3251 1714 3290 Batlauelis
1733 3252 1826 3302 Syri
1845 3267 1892 3291 ex
1913 3255 2133 3305 Mesopota-

128 3355 142 3377 b
166 3351 280 3394 [Coisl.
301 3359 390 3396 ἡμᾶς,
409 3359 442 3391 ἢν
460 3358 541 3388 εἶκαὶ
553 3361 598 3397 μὴ
613 3362 653 3397 τῷ
670 3359 758 3398 ἔργῳ,
781 3356 910 3388 omissis
933 3357 1147 3400 interpositis.
1165 3361 1175 3401 J
