2516 3791
333 227 426 290 578
749 243 787 273 s.

331 325 526 378 sapientem
546 325 778 376 solertemque
796 326 862 363 Dei
885 323 1158 377 providentiam.
1188 325 1280 361 Nam

329 396 474 439 propter
485 387 553 425 hoc
566 388 663 425 Deus
677 396 810 424 tantam
823 400 896 438 prae
913 400 948 423 se
961 385 1042 422 tulit
1060 383 1279 435 patientiam,

331 456 365 485 et
379 448 549 500 opitulari
565 447 717 495 distulit,
729 456 767 483 ut
775 447 914 497 justum
932 444 1118 482 clariorem
1139 444 1278 492 faceret,

330 517 364 546 et
377 522 442 560 per
461 523 512 552 ea,
526 522 602 557 quae
619 507 694 544 illic
713 515 810 556 gesta
829 514 927 555 sunt,
943 518 1014 542 non
1030 504 1148 541 solum
1166 504 1279 556 AEgy-

330 569 413 620 ptii‚
425 568 485 606 sed
496 577 528 604 et
543 566 721 605 Palaestini
736 565 976 615 erudirentur,
990 574 1159 616 quantam
1173 566 1280 603 bene-

332 629 522 667 volentiam
540 627 687 664 Domini
708 627 956 665 universorum
975 626 1199 679 experiretur
1215 642 1279 680 pa-

328 688 493 725 triarcha.
515 688 575 724 14.
594 689 761 725 Factum
788 697 857 734 est,
876 687 1007 738 inquit⁷
1031 689 1188 739 quando
1213 690 1278 725 in-

329 751 448 785 trauit
480 747 637 786 Abram
668 751 710 786 in
742 750 954 801 AEgJ'plllm
967 779 979 795 ,
1011 757 1054 786 ut
1094 750 1279 787 viderunt

328 811 505 861 AEgyptii
528 823 700 856 uxorem,
720 811 824 861 quod
842 818 938 848 esset
955 810 1078 847 valde
1089 809 1277 860 pulchra.-

327 872 343 906 1
355 870 390 907 5.
406 879 443 907 et
457 871 641 907 viderunt
662 884 747 907 eam
767 872 959 921 principes
980 871 1218 916 Pharaonis,
1242 879 1279 907 et

327 931 448 968 lauda
456 939 591 968 verunt
606 944 691 968 eam
709 931 814 982 apud
827 932 1095 980 Pharaonem,
1111 939 1147 967 et
1161 933 1280 968 intro-

325 992 515 1028 duxerunt
545 1005 631 1028 eam
650 994 692 1027 in
708 992 864 1028 domum
884 992 1123 1037 Pharaonis,
1153 993 1217 1029 16.
1242 1001 1276 1029 et

326 1050 481 1088 Abram
502 1053 596 1088 bene
612 1053 672 1088 usi
687 1060 777 1088 sunt
791 1060 948 1103 propter
974 1051 1097 1088 illam.
1115 1053 1169 1089 Et
1186 1053 1277 1103 fue·-

325 1121 416 1150 rant
427 1115 462 1150 ei
476 1126 576 1157 oves,
590 1121 626 1149 et
637 1113 768 1159 vituli,
786 1121 822 1150 et
834 1115 949 1159 asini,
969 1121 1005 1150 et
1021 1115 1135 1159 servi,
1156 1122 1193 1151 et
1208 1128 1279 1151 αη-

325 1173 441 1220 cillae,
460 1182 495 1210 et
509 1174 615 1222 muli,
634 1182 670 1211 et
687 1175 826 1211 cameli
833 1173 942 1213 .Vide
952 1174 1132 1224 quomodo
1143 1188 1181 1212 ea
1199 1189 1278 1226 quae

325 1233 425 1286 prius
455 1234 572 1286 justus
601 1235 864 1286 suspicabatur,
892 1249 929 1273 re
964 1235 1043 1288 ipsa
1073 1245 1275 1275 evenerunt.

326 1295 418 1332 Nam
452 1303 489 1331 ut
521 1294 558 1332 in
588 1295 788 1347 AEgyptum
816 1295 976 1345 intravit,
1016 1298 1067 1334 Ut
1093 1298 1279 1335 viderunt

327 1357 503 1408 AEgyptii
517 1357 730 1403 mulierem,
747 1358 851 1408 quod
858 1358 1024 1408 pulchra
1037 1366 1134 1395 esset
1145 1359 1278 1396 valde.

325 1418 405 1454 Non
424 1417 634 1470 simpliciter
651 1417 778 1467 inquit,
795 1417 958 1469 pulchra,
975 1417 1035 1455 sed
1053 1418 1278 1467 excellenter,

325 1478 374 1515 ita
391 1487 429 1515 ut
446 1492 581 1527 omnes,
599 1477 660 1528 qui
678 1491 755 1514 eam
775 1477 959 1527 videbant,
973 1478 1209 1517 allicerentur.
1224 1481 1278 1517 Et

326 1547 368 1576 ut
378 1541 562 1576 viderunt
572 1553 658 1576 eam
672 1541 865 1590 principes
882 1541 1120 1588 Pharaonis,
1140 1541 1279 1579 lauda-

328 1609 461 1637 verunt
482 1614 566 1637 eam
588 1614 720 1637 coram
738 1601 963 1639 Pharaone.
983 1602 1069 1648 Oro,
1083 1600 1222 1650 dilecte,
1237 1617 1280 1640 ne

325 1669 454 1697 temere
467 1669 652 1711 praetereaS
670 1659 768 1710 quod
784 1659 922 1697 dictum
938 1669 1002 1708 est,
1022 1660 1083 1698 sed
1100 1661 1280 1701 admirare

324 1720 503 1770 quomodo
534 1720 656 1757 nullus
691 1720 952 1771 AEgyptiorum
981 1721 1123 1759 mulieri
1156 1733 1280 1775 utpote

321 1781 527 1832 peregrinae‚
539 1789 572 1818 et
586 1795 604 1818 a
616 1790 709 1818 terra
728 1780 842 1818 aliena
857 1779 1062 1819 adventanti
1082 1796 1208 1821 manus
1225 1784 1278 1823 in-

315 1841 462 1892 jecerit,
484 1855 595 1892 neque
617 1842 865 1879 contemserint
886 1841 1008 1879 virum
1024 1857 1031 1878 z
1046 1843 1109 1881 sed
1129 1843 1279 1896 ingressi

322 1903 396 1954 regi
416 1903 534 1940 omnia
553 1902 764 1940 nuntiarint.
779 1903 956 1940 Caeterum
971 1902 1038 1941 hoc
1057 1904 1190 1943 factum
1210 1917 1275 1958 est,

324 1973 361 2001 ut
375 1977 429 2001 res
449 1964 545 2001 fieret
561 1963 790 2012 manifestior,
806 1972 839 2000 et
854 1963 943 2001 ultio
958 1978 1027 2001 non
1043 1964 1079 2002 in
1097 1966 1279 2017 privatum

321 2033 354 2061 et
373 2024 552 2076 plebeium
575 2024 733 2073 aliquem
748 2054 757 2071 ‚
778 2023 838 2062 sed
867 2024 903 2062 in
920 2039 1040 2077 regem
1059 2027 1221 2077 saeviret,
1238 2038 1278 2067 ut

323 2085 455 2135 ubique
473 2085 722 2135 divulgaretur
737 2085 805 2122 hoc
820 2086 966 2124 factum.
982 2088 1019 2124 E
1023 2095 1036 2124 ι
1052 2090 1278 2128 introduxe-

322 2154 413 2182 runt
432 2159 518 2182 eam
544 2148 584 2182 in
601 2146 757 2182 domum
782 2147 1018 2184 Pharaonis.
1041 2149 1209 2188 Protinus
1231 2151 1277 2188 ab

322 2206 562 2257 uxorejustus
574 2205 777 2254 abducitur⁷
790 2215 822 2243 ct
836 2206 910 2257 ipsa
926 2206 971 2244 ad
988 2208 1211 2247 Pharaonem
1224 2212 1278 2249 in-

322 2265 534 2304 troducitur.
545 2266 736 2303 Considera
745 2276 876 2317 quanta
888 2267 955 2305 Dei
967 2269 1137 2319 patientia
1152 2272 1276 2323 fuerit;

323 2326 500 2377 quomodo
520 2341 588 2364 non
605 2327 650 2363 ab
671 2327 785 2375 initio,
807 2341 921 2378 neque
936 2343 954 2365 a
974 2331 1154 2380 prooemiis
1174 2347 1276 2371 suam

322 2387 557 2425 declaraverit
572 2387 849 2440 providentiam,
865 2388 928 2426 sed
940 2391 1139 2441 permiserit
1158 2395 1276 2433 omnia

1289 2361 1336 2385 326

323 2449 414 2498 lieri,
426 2458 458 2486 et
469 2449 568 2499 quasi
585 2449 619 2485 in
633 2449 747 2486 fauces
759 2449 881 2487 bestiae
894 2449 1078 2488 mulierem
1094 2452 1272 2507 incidere5

324 2519 356 2546 ct
370 2519 404 2546 tu
412 2523 452 2546 ue
466 2509 609 2547 tandem
624 2510 845 2547 manifestam
862 2511 1028 2549 omnibus
1044 2526 1144 2550 suam
1160 2515 1276 2554 virtu-

323 2580 394 2607 tem
416 2571 548 2609 fecerit.
570 2573 623 2608 Ec
640 2572 938 2609 introduxerunt
953 2586 1040 2609 eam
1059 2576 1099 2610 in
1119 2575 1277 2615 donzum

323 2632 558 2670 Pharaonis.
580 2632 618 2669 ln
647 2646 717 2682 quo
735 2641 827 2669 statu
848 2647 910 2684 per
930 2632 1023 2670 illud
1046 2643 1183 2687 tempus
1202 2648 1277 2677 crat

322 2692 482 2729 mulieris
497 2693 619 2729 meus?
630 2692 808 2743 quomodo
822 2693 962 2731 turbata
977 2704 1050 2732 erat
1060 2696 1176 2734 ratio?
1189 2713 1275 2749 quo-

322 2752 428 2790 modo
443 2753 572 2789 fluetus
587 2753 1030 2805 erigebantur?quomodo
1048 2757 1275 2809 naufragium

321 2827 389 2850 non
417 2813 517 2861 fecit,
538 2814 597 2851 secl
619 2814 746 2853 mansit
767 2815 867 2865 quasi
894 2815 1090 2855 immobilis
1110 2828 1207 2870 petra
1227 2820 1274 2857 ad

320 2874 493 2911 cwlcstem
513 2875 664 2923 gratiam
685 2890 822 2927 semper
838 2877 1024 2928 spectans?
1038 2878 1137 2924 Quid
1155 2889 1274 2918 autem

320 2930 439 2967 (licam
455 2932 664 2970 mulierem?
694 2934 830 2971 malem
842 2935 1003 2973 animum
1018 2937 1212 2976 verisimile
1223 2949 1274 2978 est

321 2991 542 3042 suisscjiisto,
555 2993 614 3031 illa
632 2994 666 3031 in
681 2993 828 3032 domum
841 2996 1036 3034 Pharaonis
1049 2997 1273 3038 introducta?

322 3054 375 3089 Et
389 3055 470 3103 ipso
490 3055 657 3101 Abram,
679 3055 805 3106 inquit,
828 3058 923 3094 bene
941 3060 1001 3095 usi
1016 3067 1104 3096 sunt
1121 3069 1274 3112 propter

321 3114 449 3157 illurn,
471 3122 647 3164 tamquam
669 3117 777 3154 fratre
796 3117 974 3157 videlicet.
996 3121 1218 3172 Etsuerunt
1239 3125 1274 3158 ei

321 3187 424 3217 ores,
440 3182 475 3210 et
490 3176 621 3217 vituli,
637 3185 672 3213 et
686 3180 800 3223 asini,
819 3186 853 3215 et
867 3181 981 3227 servi,
996 3189 1032 3217 et
1046 3182 1218 3228 ancilloe,
1236 3191 1273 3220 et

319 3234 473 3277 cameli,
493 3243 527 3271 el
547 3236 653 3273 muli.
667 3236 748 3274 lla‘e
763 3247 880 3275 autem
897 3238 969 3290 ipsa
985 3254 1064 3291 qua:
1079 3241 1223 3280 honoris
1239 3252 1269 3280 ct
1298 3253 1318 3282 Β

361 3340 375 3362 Ι»
392 3339 474 3369 Tres
493 3340 566 3370 uss.
588 3345 741 3383 ἐμεχ-ῑίμιτε
765 3359 815 3381 τῳ
833 3355 962 3385 >fa-autu.
984 3347 1023 3378 Et
1050 3346 1182 3389 quidem
1211 3347 1324 3380 melius

314 3401 411 3430 ¹{uani
439 3390 524 3421 lidiu
546 3412 554 3424 ;
571 3412 592 3424 ,ε

825 243 1008 274 JOANNIS
1045 242 1284 272 CllRYSOST.
1326 242 1534 272 ARCfflEP.
1572 241 1930 275 CONSTANTlNOP.

1351 324 1474 375 μικρὸν
1497 324 1695 375 ἀνάμεινον,
1722 325 1783 364 καὶ
1801 326 1879 378 ὄψει
1897 330 1957 364 τοῧ
1979 328 2072 366 Θεοῦ
2100 327 2164 374 τὴν
2182 328 2377 380 εὐμήχανον

1349 384 1524 436 πρόνοιαν.
1547 385 1614 423 Διὰ
1633 385 1702 438 γὰρ
1729 391 1830 424 τοῦτο
1849 387 1911 434 τὴν
1933 387 2066 435 πολλὴν
2086 388 2215 435 ταύτην
2235 389 2375 426 ἐπεδεί-

1351 444 1432 488 ξατο
1447 446 1701 499 μακροθυμίαν,
1715 446 1773 485 ἵνα
1786 448 1845 485 καὶ
1862 447 1920 485 τὸν
1937 448 2069 486 δίκαιον
2086 449 2377 502 περιφανέστερον

1351 507 1561 559 ἐργάζηται,
1581 507 1641 545 καὶ
1674 507 1731 545 διὰ
1750 511 1818 546 τῶν
1851 510 1923 546 ἐκεῖ
1943 509 2133 560 γινομένων
2154 509 2202 558 μὴ
2225 509 2327 560 μόνον
2348 512 2379 548 οἱ

1351 567 1442 606 κατὰ
1458 567 1521 615 τὴν
1542 567 1733 619 Αἴγυπτον,
1753 568 1844 606 ἀλλὰ
1872 569 1933 606 καὶ
1952 571 1982 608 οἱ
2013 569 2105 608 κατὰ
2124 570 2380 618 Παλαιστίνην,

1350 629 1595 677 παιδευθῶσιν,
1616 629 1699 676 ὅσης
1732 629 1863 673 εὐνοίας
1896 629 2064 668 ἀπολαύει
2100 633 2117 668 ὁ
2155 630 2379 682 πατριάρχης

1354 689 1451 742 παρὰ
1480 690 1709 729 τοῧπάντων
1740 690 1930 729 Δεσπότου.
1951 691 2114 743 Ἐγένετο
2138 691 2228 743 γὰρ,
2261 691 2379 743 φησὶν,

1353 751 1458 798 ἡνίκα
1487 753 1643 798 εἰσῆλθεν
1662 751 1802 803 Ἄδραμ
1829 755 1877 797 εἷς
1895 752 2088 803 Αἴγυπτον,
2108 753 2236 796 ἰδόντες
2254 755 2285 790 οἱ
2313 755 2380 791 Αἰ-

1352 811 1492 862 γύπτιοι
1511 812 1574 858 τὴν
1597 817 1767 864 γυναῖκα,
1787 812 1841 850 ὅτι
1867 812 1958 859 καλὴ
1979 807 2022 859 ἦν
2042 813 2192 865 σφόδρα·
2213 813 2272 850 καὶ
2290 807 2378 851 εἶδον

1353 871 1460 918 αὐτὴν
1477 875 1508 910 οἱ
1538 873 1702 926 ἄρχοντες
1718 872 1856 924 Φαραὼ
1868 903 1877 920 ,
1895 873 1955 910 καὶ
1970 873 2143 924 ἐπῄνεσαν
2163 872 2270 919 αὐτὴν
2293 874 2378 925 πρὸς

1354 933 1510 985 Φαραὼ,
1525 935 1585 987 καὶ
1616 934 1798 985 εἰσήγαγον
1827 933 1936 981 αὐτὴν
1957 936 2004 978 εἷς
2024 935 2082 972 τὸν
2108 929 2199 972 οἷκον
2219 935 2380 986 Φαραὼ,

1353 994 1413 1032 καὶ
1435 997 1484 1046 τῷ
1503 994 1644 1047 Ἄδραμ
1672 990 1708 1032 εὖ
1726 995 1922 1047 ἐχρήσαντο
1947 996 1990 1032 δι’
2013 995 2132 1042 αὐτήν.
2153 996 2224 1034 Καὶ
2244 996 2378 1047 ἐγένετο

1355 1055 1447 1107 αὐτῷ
1475 1056 1658 1108 πρόὸατα,
1677 1055 1737 1094 καὶ
1761 1055 1888 1108 μόσχοι
1903 1087 1912 1104 ,
1935 1056 1994 1094 καὶ
2026 1057 2096 1094 ὄνοι
2110 1085 2120 1102 ,
2151 1057 2210 1093 καὶ
2227 1058 2347 1101 παῖδες
2366 1086 2376 1104 ,

1354 1116 1413 1153 καὶ
1432 1115 1634 1164 παιδίσκαι,
1659 1116 1718 1154 καὶ
1736 1116 1876 1167 ἡμίονοι
1888 1147 1897 1164 ,
1916 1116 1975 1154 καὶ
1997 1116 2166 1167 κάμηλοι.
2188 1116 2286 1168 εὈρα
2304 1121 2379 1161 πῶς

1354 1176 1443 1229 ἅπερ
1471 1175 1659 1230 προλαὸὼν
1679 1176 1838 1214 ὑπείδετο
1857 1179 1874 1215 ὁ
1891 1177 2040 1224 δίκαιος,
2059 1182 2170 1215 ταῦτα
2199 1179 2246 1221 εἰς
2279 1176 2378 1229 ἔργον

1353 1235 1467 1284 ἕξέὸη.
1489 1236 1554 1281 Ὡς
1586 1237 1654 1289 γὰρ
1687 1239 1843 1283 εἰσῆλθεν
1873 1240 1919 1282 εἰς
1951 1239 2138 1290 Αἴγυπτον,
2171 1237 2316 1282 Ἰδόντες
2347 1241 2379 1277 οἱ

1354 1296 1540 1346 Αἰγύπτιοι
1566 1297 1629 1344 τὴν
1657 1304 1831 1350 γυναῖκα,
1854 1298 1907 1336 ὅτι
1939 1298 2031 1346 καλὴ
2065 1293 2107 1346 ἦν
2135 1299 2288 1351 σφόδρα·
2313 1300 2379 1351 οὐχ

1354 1359 1472 1401 ἁπλῶς
1496 1358 1606 1407 καλὴ,
1628 1358 1718 1397 ἀλλὰ
1735 1361 1809 1409 μεθ’
1828 1360 2024 1411 ὑπερὸολῆς
2041 1359 2198 1404 ἅπαντας
2218 1362 2374 1398 ἓπισπω·

1354 1419 1440 1468 μένη
1460 1419 1538 1463 τοὺς
1558 1422 1721 1472 ὁρῶντας,
1755 1420 1826 1458 Καὶ
1846 1420 1973 1463 ἰδόντες
2006 1420 2112 1468 αὐτὴν
2147 1423 2178 1459 οἱ·
2211 1420 2376 1474 ἄρχοντες

1353 1479 1517 1532 Φαραὼ,
1547 1480 1721 1532 ἐπῄνεσαν
1751 1481 1857 1529 αὐτὴν
1901 1482 2096 1534 ἔμπροσθεν
2131 1482 2282 1535 Φαραώ.
2312 1483 2374 1529 Μὴ

1354 1542 1474 1585 ἁπλῶς
1505 1541 1761 1594 παραδράμῃς,
1794 1543 1974 1592 ἀγαπητὲ,
2002 1542 2042 1580 τὸ
2069 1543 2261 1596 εἰρημένον,
2283 1543 2375 1582 ἀλλὰ

1353 1601 1528 1652 θαύμασον
1555 1605 1629 1645 πῶς
1646 1603 1755 1646 οὐδεὶς
1772 1606 1840 1641 τῶν
1857 1603 2058 1654 Αἰγυπτίων
2079 1602 2095 1623 ¹¹

2105 1603 2293 1657 ἐνεχείρισε
2308 1603 2371 1650 τὴν

1353 1669 1501 1714 γυναῖκα
1520 1666 1566 1706 ὡς
1582 1662 1692 1711 ξένην,
1708 1664 1768 1702 καὶ
1787 1664 1856 1703 ἀπὸ
1873 1668 1937 1715 γ’ῆς
1953 1664 2138 1717 ἀλλοτρίας
2157 1665 2378 1715 ἐπιδημήσα·

1354 1740 1430 1771 σαν,
1447 1723 1524 1762 οὐδὲ
1542 1724 1803 1777 κατεφρόνησαν
1821 1727 1880 1762 τοῦ
1901 1725 2043 1777 ἀνδρὸς,
2068 1727 2146 1763 ἀλλ’
2167 1725 2378 1769 εἰσελθόντες

1353 1787 1402 1837 τῷ
1422 1787 1559 1835 βασιλεῖ
1577 1785 1774 1831 κατάδηλον
1791 1785 2015 1832 πεποιήκασι.
2035 1788 2150 1824 Τοῦτο
2171 1785 2207 1824 δὲ
2227 1785 2378 1836 ἐγίνετο,

1354 1845 1409 1883 ῗνα
1428 1845 1665 1898 φανερώτερον
1683 1846 1722 1884 τὸ
1736 1853 1886 1899 πρᾶγμα
1905 1846 2073 1898 γένηται,
2095 1846 2154 1884 καὶ
2174 1846 2222 1897 μὴ
2243 1849 2290 1891 εἰς
2311 1847 2374 1885 τὸν

1353 1906 1522 1958 τυχόντα,
1541 1909 1617 1945 ἀλλ’
1652 1909 1698 1950 εἷς
1718 1907 1819 1946 αὐτὸν
1843 1907 1900 1945 τὸν
1928 1907 2156 1959 βασιλεύοντα
2173 1911 2261 1955 οτῆς
2279 1909 2375 1946 ἐκδι-

1353 1967 1488 2013 κήσεως
1511 1968 1713 2019 γινομένης,
1740 1972 1922 2020 πανταχοῦ
1946 1969 2144 2016 διαδοθῆναι
2163 1969 2203 2008 τὸ
2225 1969 2375 2021 γεγονός.

1352 2029 1424 2067 Καὶ
1443 2029 1626 2081 εἰσήγαγον
1650 2028 1758 2075 αὐτὴν
1776 2028 1862 2082 πρὸς
1883 2029 2033 2081 Φαραώ.
2061 2030 2198 2073 Εὐθέως
2217 2030 2372 2083 ἀφῃρέθη

1352 2092 1414 2137 τῆς
1431 2090 1590 2143 γυναικὸς
1611 2095 1628 2130 ὃ
1654 2090 1804 2139 δίκαιος,
1833 2091 1892 2129 καὶ
1911 2092 2088 2144 εἰσάγεται
2113 2092 2199 2144 πρὸς
2218 2091 2274 2130 τὸν
2296 2093 2376 2130 Φα-

1355 2151 1427 2203 ραὼ
1459 2152 1557 2199 αὕτη.
1592 2152 1724 2190 Σκόπει
1753 2152 1844 2200 πόση
1874 2157 1933 2191 τοῦ
1954 2156 2045 2192 Θεοῦ
2074 2157 2095 2200 ἡ
2127 2153 2374 2207 μακροθυμία·

1352 2215 1427 2257 πῶς
1444 2215 1505 2252 οὒκ
1523 2213 1557 2256 εξ
1581 2215 1712 2265 ἀρχῆς,
1733 2213 1809 2251 οὐδὲ
1832 2217 1871 2252 ἐκ
1892 2215 2086 2267 προοιμίων
2103 2214 2165 2261 τὴν
2187 2214 2276 2252 ἰδίαν
2300 2215 2375 2252 ἐπι-

1352 2273 1526 2312 δείκνυται
1541 2272 1718 2325 πρόνοιαν,
1739 2273 1829 2312 ἀλλὰ
1850 2276 1972 2326 ἀφίησι
1987 2275 2103 2313 πάντα
2118 2273 2295 2326 γενέσθαι,
2315 2274 2375 2311 καὶ

1353 2336 1400 2377 εἰς
1424 2335 1525 2373 αὐτὸν
1548 2335 1670 2386 σχεδὸν
1699 2335 1758 2373 τὸν
1786 2335 1946 2387 φάρυγγα
1971 2341 2031 2374 τοῦ
2063 2335 2181 2387 θηρίου
2210 2337 2373 2385 ἐμπεσεῖν

1352 2394 1414 2442 τὴν
1433 2401 1578 2444 γυναῖκα
1593 2425 1603 2441 ,
1623 2394 1682 2432 καὶ
1698 2395 1777 2434 τότε
1789 2396 1852 2443 τὴν
1869 2399 1991 2434 ἑαυτοῦ
2010 2396 2156 2447 δύναμιν
2175 2403 2264 2433 πᾶσι
2282 2401 2375 2433 ποιεῖ

1351 2456 1558 2502 κατάδηλον.
1579 2455 1650 2493 Καὶ
1678 2456 1863 2508 εἰσήγαγον
1895 2456 2000 2504 αὐτὴν
2032 2459 2079 2500 εἰς
2104 2455 2162 2494 τὸν
2181 2450 2274 2495 οἷκον
2294 2457 2374 2495 Φα-

1353 2516 1437 2569 ραώ.
1455 2517 1516 2555 Ἐν
1538 2516 1592 2568 οἵᾳ
1609 2517 1821 2556 καταστάσει
1850 2512 1892 2564 ἦν
1909 2518 2000 2556 κατὰ
2024 2519 2081 2556 τὸν
2105 2517 2224 2570 καιρὸν
2244 2520 2371 2556 ἐκεῖνον

1350 2581 1412 2624 τῆς
1431 2577 1593 2629 γυναικὸς
1613 2580 1634 2623 ἡ
1660 2577 1814 2625 διάνοια,
1830 2581 1903 2622 πῶς
1918 2581 2023 2625 αὖτῆς
2043 2582 2059 2616 ὃ
2079 2579 2244 2629 λογισμὸς
2257 2579 2370 2616 διετα-

1353 2638 1511 2689 ράττετο,
1530 2641 1605 2682 πῶς
1625 2641 1852 2690 ἐκορυφοῧντο
1866 2639 1910 2677 τὰ
1931 2639 2088 2691 κύματα,
2107 2642 2180 2682 πῶς
2208 2639 2370 2690 ναυάγιον

1349 2702 1415 2752 οὐχ
1429 2700 1610 2750 ὑπέμενεν,
1632 2701 1708 2737 ἀλλ’
1730 2699 1830 2750 ἔμενε
1850 2699 2009 2751 καθάπερ
2035 2700 2147 2751 πέτρα
2173 2716 2223 2743 τις
2247 2699 2370 2747 ἀκίνη-

1348 2775 1428 2807 τος,
1462 2761 1547 2811 πρὸς
1574 2759 1636 2807 τὴν
1669 2758 1797 2800 ἄποθεν
1829 2761 1937 2814 ῥοπὴν
1976 2761 2241 2807 ἀποδλέπουσα,
2260 2760 2308 2798 Τί
2335 2759 2370 2798 δὲ

1348 2819 1440 2870 λέγω
1460 2819 1524 2866 τὴν
1557 2827 1723 2870 γυναῖκα,
1744 2822 1815 2860 Τὸν
1853 2821 1984 2860 δίκαιον
2010 2822 2131 2859 ὁποίαν
2153 2822 2242 2866 εἰκὸς
2278 2821 2369 2873 ἔχειν

1349 2881 1479 2932 ψυχὴν,
1507 2881 1639 2929 ἐκείνης
1665 2886 1712 2926 εἷς
1741 2883 1799 2921 τὸν
1821 2877 1913 2922 οἰκον
1947 2883 2086 2935 Φαραὼ
2122 2882 2369 2934 εἰσαγομένης;

1347 2942 1416 2979 Καὶ
1434 2944 1482 2993 τῷ
1510 2942 1651 2994 Ἄδραμ
1671 2938 1706 2981 εῧ
1726 2944 1921 2996 ἐχρήσαντο
1949 2945 1992 2982 δι’
2010 2944 2133 2992 αὐτὴν,
2156 2947 2203 2988 ὡς
2231 2945 2370 2996 ἀδελφῷ

1349 3002 1518 3047 δηλονότι.
1539 3004 1608 3042 Καὶ
1629 3004 1783 3055 ἐγένοντο
1812 3006 1907 3057 αὐτῷ
1926 3006 2087 3058 πρόὸατα
2101 3035 2111 3052 ,
2138 3006 2196 3043 καὶ
2225 3005 2370 3057 μόσχοι,

1348 3063 1406 3100 καὶ
1423 3063 1512 3111 ὄνοι,
1545 3065 1604 3102 καὶ
1624 3066 1764 3111 παῖδες,
1791 3067 1851 3103 καὶ
1881 3066 2086 3113 παιδίσκαι,
2107 3066 2166 3104 καὶ
2185 3065 2340 3116 κάμηλοι
2359 3095 2367 3111 ,

1347 3125 1406 3161 καὶ
1427 3124 1575 3175 ἡμίονοι.
1598 3128 1722 3164 Ταῦτα
1742 3126 1777 3164 δὲ
1797 3127 1884 3165 αὐτὰ
1898 3157 1907 3174 ,
1933 3127 1979 3165 ·’“ἃ
2012 3129 2142 3179 τρυφῆς
2176 3127 2288 3164 ἕνεκεν
2311 3126 2370 3164 καὶ

1348 3186 1530 3237 θεραπείας
1545 3187 1676 3225 ἐδίδοτο
1688 3217 1697 3233 ,
1715 3187 1827 3234 πόσην
1847 3191 1908 3226 οὐκ
1944 3191 2094 3235 ἀν’ἧπτεν
2125 3191 2159 3227 ἐν
2193 3190 2287 3240 αὐτῷ
2305 3188 2367 3235 τὴν

1346 3245 1482 3298 πυράν;
1506 3250 1578 3290 πῶς
1599 3247 1633 3286 δὲ
1650 3249 1752 3286 αὐτοῦ
1772 3251 1808 3287 οὐ
1833 3249 2024 3302 κατέφλεγε
2045 3249 2106 3296 τὴν
2123 3249 2289 3298 διάνοιαν,
2309 3249 2366 3287 καὶ

1403 3360 1414 3370 “’
1434 3349 1493 3380 ΑΗΕ
1514 3360 1563 3388 τῆς
1581 3355 1712 3391 ἐκδικίας.

1400 3411 1411 3424 ·¹
1432 3400 1491 3433 Alli
1510 3408 1527 3435 ἆ
1545 3411 1629 3444 τιμῆς
1648 3409 1748 3437 ἕνεκεν.
