2516 3791
682 187 722 216 tx
762 186 863 216 CAP.
904 185 998 216 xltt.

1037 184 1198 214 GENES.

1237 184 1391 214 ttOMtL.
1433 183 1591 213 ΧΧΧΙΥ.
2072 175 2161 234 597

122 276 184 319 λὰς
205 274 263 312 καὶ
283 272 460 312 Θάλασσαν
478 288 484 295 ·
514 271 568 310 ὅτι
589 277 704 309 πᾶσαν
724 272 788 318 τὴν
810 275 888 323 γ’ἦν,
908 272 949 319 ἢν
971 271 1011 310 σὺ
1034 274 1116 324 ὁρᾷς
1131 299 1140 316 ,
1168 273 1190 302 Β
1215 272 1311 307 mini
1326 278 1523 322 monsque
1537 271 1578 305 in
1596 268 1942 307 saeculu111.Vitlisti
1961 271 2165 308 retributio-

123 351 177 373 σοι
193 333 293 372 δώσω
309 332 414 380 αὐτὴν
432 332 492 371 καὶ
507 334 555 384 τῷ
575 331 750 383 σπέρματί
766 349 826 371 σου
848 332 911 376 ἕως
932 336 990 371 τοῦ
1008 334 1141 374 αἰῶνος.

124 389 225 436 Εἶδες
243 393 416 433 ἀντίδοσιν
438 394 557 446 πολλῷ
583 395 633 445 τῷ
661 392 778 444 μέτρῳ
804 392 1080 446 ὑπερὸαίνουσαν
1100 391 1143 430 τὰ

124 453 207 508 παρ’
227 456 329 492 αὐτοῦ
352 453 533 505 γινόμενα,
556 455 609 491 Δι’
631 455 744 491 αὐτῶν
761 455 829 490 τῶν
853 453 1016 506 ῥημάτων
1038 453 1141 504 ἔρχε-

124 531 180 553 ται
194 518 212 552 ὁ
230 515 470 567 φιλάνθρωπος
483 514 676 560 Δεσπότης,
690 514 732 551 δι’
750 508 797 551 ὧν
813 514 872 552 καὶ
891 516 908 551 ὁ
924 513 1145 565 πατριάρχης

124 574 187 621 τὴν
219 575 472 628 παραχώρησιν
493 575 694 622 ἐποιήσατο.
723 575 891 627 Καθάπερ
920 574 988 625 γὰρ
1020 576 1146 615 ἐκεῖνος

125 635 254 686 ἔλεγεν,
273 637 350 674 Οὐκ
370 635 442 674 ἰδοῦ
473 642 570 674 πᾶσα
585 639 607 681 ἡ
623 639 667 686 γῆ
701 635 851 674 ἐναντίον
879 649 956 681 σου;
981 633 1145 686 διαχωρί-

126 699 227 742 σθητι
245 698 305 734 ἀπ’
323 699 423 747 ἐμοῦ·
442 698 472 733 εἰ
492 695 532 734 σὺ
547 698 595 739 εἷς
612 695 725 743 δεξιὰ,
749 695 818 746 ἐγὼ
841 698 889 737 εἰς
910 694 1094 746 ἀριστερά·
1116 695 1144 731 εἰ

126 756 162 795 δὲ
181 755 223 794 σὺ
249 759 296 801 εἷς
317 757 504 810 ἀριστερὰ,
533 756 602 807 ἐγὼ
631 758 678 800 εἷς
707 756 801 801 δεξιά
815 771 823 778 ·
856 755 946 794 οὕτω
966 754 1026 793 καὶ
1045 758 1062 792 ὁ
1081 755 1146 791 Δε-

129 817 259 864 σπότης
286 818 407 870 φησίν·
425 817 639 868 Ἀναὸλέψας
668 823 738 860 τοῖς
767 817 956 868 ὀφθαλμοῖς
979 831 1061 862 σου,
1096 815 1146 852 ἴδε

130 878 199 916 ἀπὸ
217 882 277 916 τοῦ
293 878 418 925 τόπου,
437 872 475 916 οῦ
501 876 542 915 σὺ
563 872 594 915 εἷ
613 883 670 916 νῦν
684 893 691 900 ·
719 876 773 914 ὅτι
794 883 910 914 πᾶσαν
931 876 993 923 τὴν
1010 879 1088 927 γῆν,
1104 875 1146 921 ἣν

129 943 228 992 δρᾷς,
245 955 298 978 σοι
324 938 424 977 δώσω
449 939 556 985 αὐτὴν
572 938 632 977 καὶ
651 941 700 990 τῷ
719 937 896 991 σπέρματί
918 953 977 976 σου
997 937 1062 980 ἕως
1088 941 1148 976 τοῦ

132 1002 264 1044 αἰῶνος.
297 1000 469 1039 Ἰἰνταῦθά
507 1016 566 1051 μοι
599 999 721 1038 σκόπει
756 1001 818 1044 τῆς
851 998 1051 1051 φιλοτιμίας
1084 997 1147 1045 τὴν

131 1061 339 1113 ὑπερὸολήν.
365 1061 415 1099 Σὺ
430 1061 492 1112 μὲν
508 1061 596 1112 γὰρ,
616 1059 735 1112 φησὶν,
758 1059 890 1112 αἵρεσιν
910 1059 985 1104 δοὺς
1003 1059 1066 1107 τὴν
1087 1063 1150 1106 τῆς

132 1123 277 1173 ἐκλογῆς
290 1152 299 1168 ,
313 1122 376 1169 τὴν
397 1121 459 1173 μὲν
475 1121 731 1175 παρεχώρησας
742 1150 752 1166 ,
768 1122 880 1172 ἥνπερ
897 1121 1036 1159 ἑλέσθαι
1053 1121 1151 1159 ἐδου-

133 1182 240 1229 λήθη,
259 1182 322 1228 τὴν
339 1182 374 1220 δὲ
390 1184 653 1234 ὑπολειφθεῖσαν
680 1182 780 1224 αὐτὸς
809 1180 997 1225 κατεδέξω·
1025 1180 1094 1233 ἐγὼ
1115 1180 1152 1220 δὲ

133 1243 303 1290 τοσαύτην
330 1248 494 1293 ποιοῦμαι
531 1242 593 1288 τὴν
622 1241 835 1294 φιλοτιμίαν,
863 1244 910 1285 ὡς
938 1247 1054 1280 πᾶσαν
1088 1241 1150 1288 τὴν

132 1306 196 1353 γ’ἧν
215 1303 277 1350 τὴν
300 1303 562 1342 ὑποπίπτουσαν
588 1306 630 1353 τῇ
652 1305 720 1340 τῶν
738 1305 805 1341 σῶν
827 1303 1014 1352 ὀφθαλμῶν
1037 1302 1098 1355 θέα
1117 1301 1151 1346 ἐξ

133 1364 305 1416 ἑκατέρων
333 1367 401 1402 τῶν
429 1368 559 1417 μερῶν,
581 1364 650 1403 ἀπὸ
668 1364 796 1416 ἄρκτου
829 1363 888 1401 καὶ
919 1363 988 1401 ἀπὸ
1009 1379 1150 1414 μεσημ-

129 1425 252 1479 ὅρίας,
278 1426 337 1464 καὶ
366 1425 435 1464 ἀπο
466 1426 642 1463 ἀνατολῶν
674 1440 732 1462 και
762 1425 915 1498 δυσμῶν,
945 1431 1060 1462 πᾶσαν
1089 1423 1150 1472 τὴν

131 1490 208 1537 γῆν,
225 1487 266 1532 ἢν
282 1490 381 1539 ὁρᾷς,
400 1501 454 1524 σοι
469 1485 764 1538 παραχωρήσειν·
781 1500 841 1522 και
860 1486 897 1523 οὐ
913 1488 1016 1522 τουτο
1037 1485 1152 1535 μόνον,

131 1546 222 1585 ἀλλὰ
244 1548 312 1585 Και
340 1550 391 1585 τῶ
419 1547 597 1599 σπέρματί
617 1563 678 1585 σου
701 1547 765 1590 ἕως
791 1551 850 1585 τοῦ
875 1547 1013 1590 αἷωνος.
1050 1541 1152 1591 Εἶδες

132 1607 230 1651 ἀξίαν
249 1611 311 1654 τῆς
331 1611 390 1646 τοῦ
412 1611 505 1647 Οεοῦ
522 1608 734 1659 ἀγαθότητος
750 1607 813 1655 τὴν
833 1608 1051 1660 φιλοτιμίαν,
1066 1624 1096 1646 ε
1079 1603 1152 1652 ῗδες

130 1670 220 1706 δσων
250 1669 534 1722 παραχωρήσας,
563 1669 653 1708 ὅσων
674 1668 829 1716 ἠξιώθη,
858 1670 1039 1708 Ἐντεῦθεν
1068 1687 1153 1709 παι-

130 1729 310 1779 δευώμεθα
330 1730 462 1777 πολλὴν
487 1729 744 1768 ἐπιδείκνυσθαι
778 1730 958 1781 δαψίλειαν
986 1731 1066 1784 περὶ
1089 1731 1152 1778 τὴν

131 1790 379 1840 ἐλεημοσύνην,
408 1790 464 1829 ἵνα
488 1789 596 1842 μικρὰ
616 1790 729 1833 δόντες
759 1791 919 1841 μεγάλων
941 1791 1152 1842 ἀξιωθῶμεν.

131 1852 206 1888 Ποῦ
222 1851 290 1903 γὰρ
310 1851 396 1897 ἴσον,
418 1851 493 1889 εἰπέ
513 1867 588 1902 μοι,
607 1850 769 1904 ἀργύριον
793 1851 906 1904 βραχὺ
935 1853 1073 1900 δοῦναι,
1094 1853 1152 1890 καὶ

129 1911 350 1964 συγχώρησιν
378 1912 642 1965 ἁμαρτημάτων
669 1912 900 1962 κομίσασθαι;
928 1913 1051 1966 θρέψαι
1070 1930 1151 1952 πει-

129 1975 242 2011 νῶντα
255 2002 265 2019 ,
284 1973 344 2011 καὶ
362 1973 560 2026 παρρησίας
576 1973 764 2018 ἀξιωθῆναι
784 1976 818 2012 ἐν
835 1974 948 2026 ἐκείνῃ
968 1978 1011 2026 τῇ
1035 1976 1151 2028 ἡμέρᾳ

130 2036 173 2085 τῇ
203 2034 354 2086 φοὸερᾷ,
383 2034 442 2072 καὶ
474 2036 621 2072 ἀκοῦσαι
647 2033 691 2071 τὰ
718 2037 779 2080 τῆς
803 2035 982 2086 βασιλείας
1010 2036 1152 2080 ἀντάξια

130 2094 289 2146 ῥήματα,
318 2094 528 2140 Ἐπείνασα,
562 2095 621 2133 καὶ
645 2094 798 2133 ἐδώκατέ
831 2111 890 2145 μοι
918 2102 1061 2148 φαγεῖν;
1088 2096 1149 2144 Μὴ

129 2153 197 2207 γὰρ
225 2157 243 2192 ὁ
272 2156 325 2195 σοὶ
356 2155 550 2207 παρασχὼν
582 2155 645 2202 τὴν
674 2154 846 2202 τοσαύτην
879 2155 1058 2208 δαψίλειαν
1088 2158 1150 2195 οὐκ

128 2215 276 2260 ἠδύνατο
292 2216 451 2254 κάκείνου
466 2215 528 2262 τὴν
544 2216 675 2254 ἔνδειαν
691 2216 1031 2268 παραμυθήσασθαι;
1046 2216 1149 2255 Ἀλλὰ

128 2275 186 2313 διὰ
203 2278 304 2314 τοῦτο
322 2276 463 2328 ἀφίησιν
480 2277 580 2314 αὐτὸν
600 2280 643 2328 τῇ
663 2276 767 2330 πενία
782 2276 986 2330 τρύχεσθαι,
1009 2276 1065 2315 ἵνα
1086 2280 1150 2315 κά-

126 2343 238 2380 κεῖνος
253 2341 315 2383 τῆς
330 2340 505 2385 ὓπομονῆς
525 2337 634 2375 πολὺν
653 2337 839 2388 κομίζηται
855 2338 913 2376 τὸν
935 2338 1070 2389 μισθὸν,
1088 2339 1149 2377 καὶ

128 2398 170 2435 σὺ
198 2397 260 2445 τὴν
292 2399 360 2437 ἀπὸ
380 2402 441 2445 τῆς
468 2398 702 2450 ἐλεημοσύνης
729 2402 847 2451 σαυτῷ
875 2403 1058 2452 προαποθῇ
1083 2400 1146 2448 τὴν

128 2459 339 2511 παῤῥησίαν.

181 2513 280 2563 Εἶδες
309 2519 566 2572 φιλανθρωπίαν
596 2519 796 2569 Δεσπότου,
821 2522 896 2565 πῶς
924 2520 1061 2560 ἅπαντα
1090 2523 1147 2561 διὰ

126 2579 189 2626 τὴν
211 2581 385 2631 ἡμετέραν
404 2581 578 2632 σωτηρίαν
598 2584 792 2632 οἷκονομεῖ;
812 2582 928 2620 ”Οταν
954 2577 1011 2620 οῦν
1029 2583 1146 2630 ἐννοή-

125 2656 205 2689 σῃς,
222 2640 273 2679 ὅτι
291 2641 352 2680 διὰ
362 2640 400 2680 σὲ
416 2642 474 2679 καὶ
492 2642 555 2689 τὴν
575 2642 639 2690 σὴν
653 2642 822 2695 ὠφέλειαν
842 2645 969 2688 ἐκεῖνος
985 2647 1027 2696 τῇ
1043 2645 1146 2696 πενίᾳ

125 2701 374 2752 προσπαλαίων
397 2703 491 2755 λιμῷ
519 2703 772 2756 διαφθείρεται,
800 2704 849 2756 μὴ
866 2705 1043 2759 παρέλθῃς
1063 2708 1145 2754 ἀνη-

123 2763 228 2809 λεῶς,
246 2762 335 2800 ἀλλὰ
353 2769 451 2815 γενοῦ
466 2765 587 2809 πιστὸς
605 2766 783 2817 οἰκονόμος
805 2770 874 2805 τῶν
888 2767 984 2819 παρὰ
999 2773 1059 2806 τοῦ
1077 2771 1144 2807 Δε-

124 2821 251 2861 σπότου
273 2838 327 2861 σοι
349 2825 652 2876 παρασχθεθέντων,
681 2826 737 2864 ἵνα
765 2826 827 2875 τὴν
855 2828 984 2866 ἐκείνου
1010 2829 1141 2868 ἔνδειαν

122 2883 461 2957 παραμυθησάμενος
480 2886 612 2932 πολλὴν
633 2887 812 2939 ἐπισπάσῃ
837 2887 902 2934 τὴν
932 2888 1061 2927 ἄνωθεν
1084 2890 1142 2928 εὔ-

121 2957 226 2981 νοιαν.
244 2944 349 2981 Και
331 2944 470 2989 δόξασόν
493 2962 553 2984 σου
571 2947 629 2985 τὸν
650 2948 844 2997 Δεσπότην,
872 2948 924 2987 ὅτι
943 2949 999 2988 διὰ
1020 2949 1058 2989 σὲ
1080 2951 1140 2989 καὶ

1154 2978 1202 3004 343

1214 344 1292 368 nem
1312 339 1408 382 gesta
1432 330 1508 382 ejus
1538 328 1662 366 multis
1680 328 1797 366 modis
1821 333 2073 381 superantem?
2104 332 2166 369 lis<

1213 391 1294 429 dem
1315 391 1435 430 verbis
1447 390 1559 428 utitur
1574 389 1771 428 misericors
1784 390 1971 438 Dominus,
1980 391 2111 442 quibus
2135 401 2167 428 et

1215 452 1416 504 patriarcha
1429 451 1620 489 cessionem
1640 450 1778 490 fecerat.
1799 451 1890 488 Nam
1905 450 1994 489 sicut
2015 451 2168 503 patriar-

1215 513 1281 550 clia
1302 513 1442 551 dicebat
1460 529 1468 549 ε
1490 515 1606 559 Eece,
1628 527 1761 550 annon
1776 515 1900 550 omnis
1917 522 2021 551 terra
2038 528 2167 551 coram

1217 582 1254 611 te
1266 579 1282 610 Ρ
1302 587 1482 625 separare
1503 588 1527 610 a
1544 588 1604 611 me
1622 589 1632 609 .·
1648 577 1681 611 si
1696 582 1736 610 tn
1757 574 1810 611 ad
1824 574 2018 623 dextram,
2037 588 2105 625 ego
2118 575 2173 611 ad

1215 637 1414 672 sinistram
1434 650 1448 678 ;
1468 637 1502 671 si
1519 643 1560 671 tu
1581 636 1634 671 ad
1653 638 1867 679 sinistram,
1891 649 1958 686 ego
1987 636 2040 672 acl
2073 637 2172 672 dex-

1217 702 1317 731 tram
1337 710 1347 730 .·
1371 693 1418 731 ita
1447 701 1480 730 et
1508 694 1682 731 Dominus
1710 694 1820 732 dicit:
1840 696 2018 733 Elevatis
2051 697 2171 733 oculis

1217 757 1292 792 tuis
1303 755 1430 791 videa
1445 754 1527 791 loco
1539 756 1664 805 inquo
1678 763 1718 791 tu
1731 768 1831 791 nunc
1840 769 1878 792 es
1895 771 1905 790 :
1918 759 2011 806 quia
2023 769 2080 793 om
2088 771 2173 793 nem

1218 823 1373 862 terram,
1405 828 1523 866 quam
1555 822 1594 851 tu
1623 815 1756 861 vides,
1787 816 1856 851 tibi
1892 816 1993 851 dabo
2019 830 2118 862 eam,
2138 826 2172 853 et

1217 877 1355 913 semini
1387 885 1452 913 tuo
1484 888 1605 927 usque
1635 878 1676 912 in
1708 876 1905 912 soeculum.
1937 875 2016 923 llic,
2045 891 2174 926 quaeso.

1217 935 1459 974 animadverte
1479 935 1660 987 ingentem
1692 935 1986 973 munificentiam.
2009 937 2067 973 Tu
2096 938 2175 987 qui-

1172 1006 1196 1038 C
1218 997 1315 1045 dem,
1335 996 1467 1048 inquit,
1497 996 1581 1035 dato
1614 996 1667 1034 illi
1710 996 1891 1034 electionis
1924 996 2087 1045 arbitrio,
2124 1012 2176 1040 ea,

1219 1072 1327 1109 quam
1347 1058 1407 1096 ille
1431 1057 1544 1096 voluit
1559 1058 1703 1110 eligere,
1726 1066 1818 1095 terra
1849 1057 1995 1105 cessisti,
2016 1058 2174 1095 relictam

1219 1127 1339 1156 autem
1360 1118 1434 1170 ipse
1455 1118 1646 1170 accepisti:
1670 1132 1734 1169 ego
1747 1131 1833 1156 vero
1857 1127 1952 1155 tanta
1984 1127 2016 1155 tc
2045 1118 2176 1156 libera-

1219 1179 1319 1217 litate
1340 1192 1549 1232 prosequar,
1587 1188 1626 1217 ut
1656 1193 1797 1217 omnem
1817 1193 1923 1229 quam
1949 1188 2029 1216 ante
2057 1180 2177 1217 oculos

1221 1249 1300 1278 tuos
1322 1249 1454 1278 terram
1472 1239 1570 1278 vides
1584 1240 1702 1289 sitam,
1725 1254 1769 1278 ex
1794 1248 1946 1290 utroque
1966 1239 2074 1277 latere
2089 1239 2177 1278 dex-

1221 1309 1277 1338 tro
1304 1310 1336 1338 et
1361 1301 1527 1351 sinistro,
1562 1316 1581 1338 a
1611 1300 1850 1354 septentrione
1877 1310 1909 1338 et
1941 1300 2101 1350 meridie,
2131 1302 2178 1339 ab

1223 1361 1356 1399 oriente
1387 1371 1420 1399 et
1445 1361 1637 1411 occidente,
1656 1361 1741 1399 etin
1762 1376 1916 1411 summa,
1939 1376 2081 1400 omnem
2108 1371 2176 1400 ter-

1222 1436 1298 1460 ram
1311 1437 1419 1474 quam
1444 1423 1570 1471 cernis,
1597 1423 1662 1461 tibi
1683 1437 1762 1460 sum
1782 1437 2014 1461 concessurus
2039 1440 2047 1460 :
2069 1438 2179 1475 neque

1222 1483 1289 1520 tibi
1312 1483 1444 1533 solum,
1466 1483 1528 1521 sed
1545 1485 1598 1521 Et
1615 1486 1754 1521 semini
1773 1492 1838 1521 tuo
1854 1487 2031 1535 usquein
2060 1498 2179 1522 saecu-

1223 1544 1318 1582 lum.
1336 1544 1476 1584 Vidisti
1506 1544 1654 1597 dignam
1684 1543 1808 1582 divina
1835 1544 1995 1582 bonitate
2027 1546 2179 1583 munifi-

1177 1622 1201 1651 ι)
1222 1605 1398 1643 centiam?
1415 1605 1540 1643 vidisti
1559 1605 1702 1656 quantis
1729 1605 1849 1655 cessit,
1871 1615 2002 1656 quanta
2020 1616 2071 1644 est
2087 1621 2180 1645 asse-

1223 1667 1381 1717 quutus?
1401 1667 1495 1704 Hinc
1528 1667 1748 1715 erudiamur,
1769 1676 1809 1705 ut
1836 1668 2017 1719 magnain
2051 1667 2181 1706 dandis

1223 1727 1456 1780 eleemosynis
1485 1727 1650 1779 largitate
1675 1736 1832 1775 utamur,
1849 1741 1920 1778 quo
1941 1727 2034 1765 datis
2058 1729 2180 1780 parvis

1222 1788 1466 1840 adipiscamur
1481 1802 1623 1839 magna.
1646 1787 1836 1834 Quomodo
1855 1788 1950 1825 enim
1964 1788 2061 1840 paria
2083 1800 2179 1833 sunt,

1222 1849 1295 1899 die,
1307 1850 1466 1899 obsecro,
1482 1849 1566 1887 dare
1577 1864 1705 1906 parum
1719 1849 1868 1901 argenti,
1881 1858 1913 1886 et
1926 1849 2085 1887 obtinere
2097 1864 2178 1902 pec-

1223 1919 1383 1948 catorum
1402 1910 1643 1947 remissionem
1655 1910 1673 1947 ?
1694 1924 1836 1962 pascere
1855 1910 2081 1959 esurientem,
2099 1911 2176 1949 etin

1222 1971 1281 2009 die
1304 1971 1366 2009 illa
1387 1971 1553 2009 horribili
1590 1970 1760 2008 fiduciam
1794 1970 1948 2021 assequi,
1983 1981 2017 2009 et
2052 1971 2177 2011 audire

1222 2032 1332 2070 verba
1348 2046 1430 2069 cum
1458 2046 1566 2083 regno
1581 2030 1788 2069 conferenda
1811 2032 2011 2080 :Esurivi7
2044 2041 2081 2069 et
2109 2033 2174 2070 de-

1222 2093 1334 2130 distis
1354 2093 1450 2129 mihi
1464 2093 1702 2129 manducare
1722 2095 1739 2127 ?
1758 2091 1855 2128 Num
1878 2091 1941 2142 qui
1960 2091 2025 2129 tibi
2040 2100 2175 2130 tantam

1221 2167 1342 2190 rerum
1358 2152 1458 2190 dedit
1471 2152 1683 2200 ubertatem,
1711 2150 1825 2203 potuit
1839 2160 1872 2189 et
1904 2151 2002 2189 illius
2016 2151 2174 2204 inopiam

1219 2214 1337 2251 levare
1363 2222 1396 2250 et
1415 2213 1547 2251 solari?
1561 2212 1634 2251 Sed
1657 2212 1724 2250 hae
1748 2211 1793 2249 de
1812 2225 1917 2249 causa
1937 2212 2106 2263 relinquit
2125 2213 2174 2250 il-

1219 2273 1296 2311 lum
1315 2273 1434 2326 inopia
1455 2273 1595 2320 vexari,
1617 2281 1704 2310 utet
1722 2271 1798 2325 ipse
1827 2271 1997 2324 patientia
2018 2272 2173 2311 multum

1173 2342 1197 2372 E
1219 2333 1392 2373 mercedis
1415 2333 1628 2384 acquireret,
1643 2342 1677 2370 et
1696 2341 1736 2370 ut
1750 2346 1812 2385 per
1823 2332 2083 2385 eleemosynam
2107 2333 2173 2371 tibi

1218 2395 1360 2434 fiduciae
1380 2394 1565 2433 materiam
1582 2394 1669 2432 illuc
1683 2393 1928 2446 praemitteres.

1271 2521 1310 2558 5.
1331 2519 1469 2559 Vidisti
1497 2518 1779 2557 misericordiam
1810 2518 1973 2567 Domini,
1994 2520 2173 2570 quomodo

1217 2590 1362 2634 propter
1375 2589 1531 2618 nostram
1559 2580 1708 2618 salutem
1728 2579 1905 2631 dispenset
1931 2580 2047 2617 onmia
2064 2581 2081 2617 ἶ)
2099 2582 2172 2618 Ita-

1217 2656 1286 2692 que
1307 2642 1394 2680 dum
1430 2642 1573 2692 cogitas,
1599 2650 1742 2692 propter
1775 2649 1806 2677 te
1834 2648 1868 2677 et
1901 2649 2045 2692 propter
2072 2650 2170 2679 tuam

1215 2702 1404 2740 utilitatem
1428 2702 1531 2739 illum
1552 2715 1634 2738 cum
1653 2700 1771 2752 inopia
1795 2699 2054 2738 conflictantem
2077 2701 2170 2739 fiante

1214 2764 1344 2816 perire,
1367 2777 1410 2801 ne
1423 2763 1554 2813 absque
1569 2760 1809 2799 misericordia
1831 2769 1997 2810 transeas,
2018 2762 2079 2800 scd
2095 2772 2168 2800 esto

1214 2824 1332 2863 fidelis
1349 2838 1485 2873 eorum,
1506 2837 1584 2874 quae
1600 2823 1663 2860 tibi
1681 2837 1700 2859 a
1719 2821 1872 2860 Domino
1887 2835 2046 2860 concessa
2073 2833 2166 2867 sunt,

1214 2885 1389 2924 bonorum
1402 2884 1626 2936 dispensator
1636 2913 1646 2931 ,
1662 2892 1699 2920 ut
1709 2882 1807 2920 illius
1821 2882 2040 2921 sublevando
2055 2898 2169 2935 pengi—

1214 2947 1320 2995 riam,
1335 2946 1485 2983 multam
1508 2944 1573 2981 tibi
1599 2957 1788 2995 supernam
1810 2942 1975 2981 concilies
2005 2944 2166 2994 gratiam.

119 3002 183 3050 τὴν
204 3019 267 3051 την
294 3005 469 3056 σωτηρίαν
486 3006 725 3061 συνεχώρησεν
741 3012 870 3047 ἐκεῖνον
890 3011 924 3047 ἐν
943 3010 1045 3048 πενία
1064 3012 1139 3050 διά-
1166 3016 1192 3044 Α
1217 3007 1262 3045 Et
1281 3006 1442 3059 glorifica
1470 3004 1666 3042 Dominum
1679 3013 1793 3050 tuum,
1807 3003 1905 3071 quod
1922 3013 2065 3056 propter
2085 3014 2116 3043 te
2135 3015 2166 3043 et

120 3080 206 3115 γειν,
228 3064 283 3103 ἵνα
309 3065 350 3103 συ
373 3067 518 3119 δυνηθῇς
536 3069 612 3107 ὁδὸν
637 3072 760 3121 εὑρεῖν,
785 3070 830 3108 δι’
854 3075 895 3117 ἧς
919 3071 1048 3123 δυνησῃ
1081 3073 1140 3111 καὶ

122 3123 165 3161 τὰ
191 3126 424 3178 ἡμαρτημένα
450 3128 706 3180 ἀπονίψασθαι,
726 3130 784 3168 καὶ
803 3130 848 3169 τὰ
868 3131 964 3183 παρὰ
997 3138 1057 3172 τοῦ
1077 3135 1141 3171 Δε-

122 3183 249 3222 σπότου
278 3201 332 3224 σοι
360 3189 624 3240 παρασχεθέντα
654 3192 770 3234 καλῶς
797 3192 1045 3242 οἰκονομήσας,
1070 3196 1139 3231 τῶν

119 3243 303 3282 ἐπαίνων’
288 3246 424 3285 εκείνων
444 3247 631 3296 ἀξιωθῆναι
645 3266 713 3288 των
729 3251 844 3289 πάντα
848 3252 961 3314 ωλόγον
981 3269 1040 3291 και
1064 3254 1138 3292 διά-

120 3318 212 3341 νοιαν
230 3306 515 3357 ὑπερὸαινόντων.
538 3309 683 3361 Ακούσῃ
701 3310 768 3362 γὰρ
781 3341 791 3358 ,
816 3305 888 3361 Εὖ,
911 3314 1010 3352 δοῦλε
1031 3315 1137 3365 ἀγαθὲ

120 3363 178 3402 καὶ
198 3365 322 3416 πιστὲ,
343 3367 400 3406 ἐπ’
418 3369 542 3421 ὀλίγων
561 3375 602 3418 ἠς
620 3387 741 3415 πιστος
754 3402 763 3420 ,
785 3373 842 3411 ε’πι
860 3375 998 3414 ποὶλῶν
1019 3390 1057 3414 σε
1077 3392 1136 3414 κα

1214 3069 1364 3106 salutem
1394 3077 1491 3104 tuam
1524 3065 1722 3117 permiserit
1762 3064 1897 3102 illum
1888 3079 1925 3102 1n
1960 3075 2168 3117 paupertate

1213 3129 1361 3178 versari,
1381 3137 1421 3165 ut
1450 3127 1515 3164 tibi
1541 3126 1600 3163 via
1635 3135 1765 3178 pateat,
1798 3140 1860 3177 per
1883 3140 1991 3177 quam
2025 3137 2165 3178 peccata

1213 3191 1326 3243 possis
1339 3189 1496 3232 abluere,
1518 3195 1551 3224 et
1571 3186 1785 3238 dispensatis
1800 3186 1888 3224 bene
1904 3187 1946 3223 iis
1960 3201 2038 3236 quae
2057 3201 2077 3224 a
2095 3189 2166 3225 Do-

1213 3253 1310 3290 mino
1330 3251 1396 3288 tibi
1425 3257 1506 3287 sunt
1526 3261 1701 3294 concessa,
1731 3246 1856 3285 laudes
1892 3247 1972 3285 illas
1995 3261 2162 3293 mereare,

1211 3327 1290 3364 quae
1325 3325 1466 3350 omnem
1501 3323 1696 3347 sermonem
1727 3317 1761 3346 et
1790 3308 1964 3346 rationein
1987 3317 2164 3346 transcen-

2190 2279 2240 2296 nos

2189 2311 2284 2347 affligi.

2191 2042 2304 2069 Manli.
2328 2050 2367 2070 2)

2191 2082 2243 2111 35.

2224 2228 2283 2255 Cur
2299 2228 2380 2255 Deus

2305 2271 2379 2297 sinat

1211 3374 1314 3413 dunt.
1342 3371 1475 3411 Audies
1493 3370 1602 3421 enim,
1626 3371 1746 3422 Euge,
1766 3382 1874 3408 serve
1901 3371 1997 3408 bone
2013 3378 2049 3407 et
2066 3369 2163 3420 fide·
2178 3381 2290 3445 arrath.
2312 3383 2362 3411 25.

2176 3431 2201 3449 2.
2222 3444 2225 3447 .
