2516 3791
307 146 398 207 (372
725 165 762 194 S.

305 251 477 281 mortuus
493 253 548 282 est
566 246 681 282 Isaac
700 259 830 291 senex,
857 255 892 283 ec
913 246 1051 297 plenus
1085 245 1246 281 dierum.

107 314 180 340 «ten.
198 322 245 350 27.
261 322 288 344 ι.
303 305 396 342 Nam
411 319 492 342 cum
507 305 617 343 Jacob
629 305 911 343 benedictionem
923 306 1172 352 suffuraretur,
1188 305 1295 345 he·=c

301 365 398 404 bctes
416 375 514 404 erant
535 366 628 404 oculi
646 368 737 417 ejus,
759 367 854 404 unde
871 367 1005 404 factum
1025 374 1075 403 est
1094 374 1133 403 ut
1148 365 1250 403 deci-

299 437 444 479 peretur
463 443 470 464 :
484 427 598 479 cogita
609 437 688 480 post
699 436 749 465 tot
761 441 870 465 annos
887 436 1063 478 quantum
1082 427 1248 465 senuerit.

299 488 353 524 Et
368 487 596 538 sepelierunt
618 500 717 533 eum,
746 486 874 536 inquit,
898 487 1008 525 Εςαὶὶ
1035 495 1073 524 et
1106 487 1245 526 Jacob.

104 548 201 585 Caput
218 548 268 578 35·
298 547 368 585 Sed
386 548 461 599 jam
482 546 662 598 sepultura
685 546 798 598 patris
817 547 924 595 facta,
946 549 983 586 6.
1005 549 1113 586 Esau·
1142 562 1250 586 acce-

294 611 370 658 ptis
399 609 581 645 uxoribus
599 615 635 644 et
655 607 760 659 filiis
793 615 829 644 et
867 610 1045 646 omnibus
1081 611 1176 658 suis,
1212 617 1248 647 ec

297 670 471 705 omnibus
484 682 570 719 qztoe
585 668 803 719 possidebat
823 670 865 704 in
884 677 988 706 terra
1009 670 1247 707 Chananaeo-

294 742 392 775 rum,
413 730 608 781 profectus
625 737 693 766 est.
714 729 751 765 7.
769 730 858 766 Non
869 738 1022 780 poterat
1049 732 1150 767 enim
1181 743 1244 768 eos

280 791 394 841 serre
409 797 513 827 terra
538 791 858 841 peregrinationis
883 803 964 841 prae
994 791 1244 829 multitudine

290 850 542 899 facultatum.
561 849 599 888 8.
617 851 672 888 Et
688 851 880 888 habitavit
896 859 1032 902 postea
1055 854 1097 888 in
1111 861 1241 890 monte

289 911 381 948 δεῖν.
399 910 448 948 Et
468 910 530 948 ubi
550 911 710 948 narravit
724 910 825 947 nobis
839 909 962 948 divina
978 911 1165 963 Scriptura
1180 925 1238 949 eos

290 968 349 1018 qui
370 982 414 1006 ex
425 968 522 1006 Esau
537 968 611 1006 nati
631 977 726 1015 sunt,
752 977 785 1005 et
800 977 919 1019 gentes
930 983 1008 1018 quae
1025 983 1070 1006 ex
1096 983 1136 1006 eo
1155 978 1238 1007 sunt

94 1033 191 1071 Caprae
210 1035 259 1072 37-
287 1038 384 1078 ortce,
398 1029 486 1067 dicit
513 1031 573 1066 ε1.
591 1031 823 1080 Peregrinus
853 1030 1077 1081 autemsuit
1109 1030 1234 1067 Jacob

287 1095 328 1128 in
345 1100 460 1139 terra,
480 1105 558 1143 qua
569 1093 837 1143 peregrinatus
842 1091 931 1143 suit
943 1099 1057 1142 pater
1074 1093 1170 1143 ejus,
1194 1093 1236 1127 in
1260 1111 1283 1140 D

288 1161 389 1190 terra
411 1154 618 1191 Chanaan.
636 1151 708 1190 Sed
729 1151 814 1188 hinc
828 1151 962 1203 excipit
982 1165 1045 1189 nos
1063 1151 1134 1189 alia
1154 1166 1233 1190 nar-

286 1213 391 1262 ratio,
417 1228 486 1265 qua
509 1213 554 1251 de
571 1212 775 1250 admirabili
796 1212 928 1264 Joseph
951 1211 1080 1263 agitur.

339 1294 376 1330 5.
399 1291 447 1329 Et
460 1290 602 1339 silibet,
623 1290 683 1327 hic
706 1289 870 1327 finiemus
889 1303 1097 1338 sermonem,
1121 1289 1231 1328 histo-

283 1353 374 1391 riam
388 1352 455 1389 filii
469 1351 579 1392 Jacob
599 1351 634 1389 in
662 1351 763 1389 aliud
786 1350 963 1389 concionis
998 1350 1144 1389 initium
1176 1366 1229 1389 re-

282 1415 472 1453 mittentes.
486 1412 585 1451 Illud
607 1422 724 1450 tamen
746 1412 948 1464 rogaverim
969 1421 1124 1450 vestram
1142 1412 1230 1450 cari-

279 1485 400 1524 tatem,
424 1484 463 1512 ut
474 1489 513 1512 ea
529 1487 607 1524 quae
622 1472 792 1510 dicuntur
801 1472 990 1523 diligenter
999 1472 1225 1526 auscultetis,

278 1544 310 1573 et
332 1550 378 1573 ex
398 1533 549 1585 singulis
574 1532 767 1583 Scripturae
795 1531 900 1569 dictis
935 1531 1093 1569 maxima
1124 1532 1227 1570 vobis

277 1604 451 1634 accrescat
465 1593 615 1642 utilitas,
632 1592 841 1642 nullumque
856 1606 979 1630 eorum
995 1600 1124 1630 temere
1135 1607 1223 1644 prae-

226 1643 231 1647 i
275 1656 502 1694 termittatur.
535 1653 743 1691 Thesaurus
779 1652 874 1690 enim
911 1652 1111 1704 spiritualis
1144 1662 1226 1690 sunt

275 1716 399 1755 ‹h'vina
418 1714 574 1766 eloquia3
588 1723 620 1752 et
643 1713 737 1751 sicut
752 1713 882 1764 aliquis
902 1712 946 1751 de
962 1713 1123 1752 sensibili
1149 1714 1225 1752 the-

156 1300 273 1329 Moralis

83 1341 223 1378 epilogus.

274 1792 378 1815 5811Γο
402 1791 493 1829 saepe
521 1789 630 1813 unam
652 1789 828 1827 gemmam
862 1773 1050 1827 reClPieDS,
1079 1789 1225 1827 magnas
1261 1803 1266 1811 ⁴

273 1838 342 1875 sibi
357 1847 460 1891 parat
482 1836 630 1875 divitias
654 1851 661 1872 :
678 1835 727 1873 ita
743 1845 776 1873 et
792 1835 853 1873 hic
861 1835 1041 1888 justorum
1057 1836 1222 1886 virtutes,

274 1898 378 1936 modo
398 1897 578 1936 attendere
595 1896 830 1947 voluerimus,
857 1906 993 1934 tantam
1009 1897 1111 1935 nobis
1126 1897 1225 1936 utili-

271 1970 378 1999 tatem
394 1961 520 1998 afferre
533 1967 694 2011 possunt,
714 1967 752 1996 ut
771 1958 817 1996 ad
831 1958 1046 1996 imitandum
1059 1973 1117 1997 eos
1129 1959 1222 1997 inci-

272 2031 398 2059 temur.
425 2021 486 2059 Sic
518 2019 614 2057 enim
647 2019 843 2072 poterimus
881 2028 914 2058 et
945 2034 1007 2058 nos
1041 2021 1220 2071 eumdem,

272 2097 378 2134 quem
396 2082 464 2131 illi,
484 2082 643 2119 favorem
656 2080 724 2118 Dei
748 2080 927 2131 consequi.
955 2083 1090 2134 Neque
1120 2085 1223 2120 enim

270 2157 522 2195 personarum
544 2149 726 2193 acceptor
745 2150 800 2179 est
834 2143 955 2188 Deus,
979 2144 1048 2180 sed
1065 2145 1106 2180 in
1119 2147 1226 2181 omni

270 2213 384 2256 gente
397 2206 465 2256 qui
484 2206 591 2240 timet
609 2203 738 2239 Deum
753 2210 790 2240 et
817 2212 997 2254 operatur
1007 2205 1219 2256 justitiam,

273 2273 451 2316 acceptus
467 2267 502 2301 ei
520 2271 575 2301 est
597 2279 607 2298 .·
626 2262 672 2300 ita
691 2272 743 2310 ut,
765 2262 794 2301 si
815 2262 1046 2313 voluerimus,
1070 2264 1163 2302 nihil
1178 2265 1224 2302 sit

271 2325 368 2376 quod
385 2324 586 2378 prohibeat,
617 2323 702 2374 quin
736 2332 833 2361 tanto
866 2323 924 2362 vel
961 2325 1069 2362 etiam
1095 2326 1222 2377 majori

270 2386 450 2439 potiamur
469 2384 618 2423 auxilio.
638 2385 729 2421 Nam
747 2383 776 2422 si
800 2397 862 2421 nos
878 2383 1066 2422 dumtaxat
1091 2385 1222 2423 viderit

72 2095 142 2120 Act.
166 2103 207 2122 10r

71 2134 182 2170 3435.

801 165 944 194 Joxxx
957 166 988 193 ts
1024 163 1273 193 CHRYSOST.

1313 164 1448 192 AnCffl
1458 165 1526 194 331³.
1567 165 1928 199 CONSTANTINOP.

1321 246 1383 289 τῆς
1408 247 1563 297 εὐλογίας
1580 247 1641 294 τὴν
1661 249 1793 295 κλοπὴν
1814 251 1962 288 ἐποιεῖτο
1976 255 1993 289 ὁ
2012 252 2153 300 TUM,
2169 252 2349 305 Ἠμὸλύν-

1322 308 1430 351 θησαν
1465 310 1496 344 οἱ
1523 309 1695 359 ὀφθαλμοὶ
1727 311 1848 357 αὐτοῦ,
1877 312 1998 363 φησὶν,
2025 312 2099 350 οθεν
2125 314 2184 352 καὶ
2214 314 2258 352 τὰ
2285 319 2348 362 τῆς

1322 366 1458 412 ἀπάτης
1475 384 1569 421 αυτῳ
1589 369 1849 422 προεχώρησεν,
1871 373 2029 419 ἐννόησον
2059 375 2148 424 μετὰ
2175 375 2347 414 τοσούτων

1321 429 1369 465 ἔτ
1362 431 1405 465 “iv
1426 429 1606 479 ἀριθμὸν“
1587 446 1678 474 οπως
1697 436 1738 478 ην
1759 433 1972 485 γεγηρακώς.
1989 435 2059 473 Και
2085 435 2215 474 {oa-hotv
2233 437 2346 486 αυτὸν,

1322 504 1435 540 φησιν,
1453 489 1567 527 ‘Hono
1588 507 1647 528 και
1667 491 1809 531 Ἰακώο.
1830 494 1936 532 Ἀλλὰ
1956 496 2077 534 λοιπον
2101 500 2163 542 τῆς
2184 498 2347 544 τελευτης

1320 555 1378 588 τοῦ
1405 551 1535 603 πατρὸς
1554 552 1762 604 γενομένης,
1793 553 1938 601 Ameana,
1957 556 2060 606 φησὶ,
2085 555 2148 598 τὰς
2180 563 2346 607 γυναῖκας

1321 613 1422 650 αὐτοῦ
1437 611 1572 660 Ἡσαῦ,
1593 614 1652 651 καὶ
1672 613 1750 658 τοὺς
1768 614 1877 661 υἱοὺς,
1897 615 1956 652 καὶ
1973 615 2106 659 πάντας
2121 615 2198 660 τοὺς
2223 620 2343 666 αὐτοῦ,

1316 672 1375 709 καὶ
1410 673 1524 711 πάντα
1553 674 1617 711 ὅσα
1645 674 1817 721 ἐκτήσατο
1840 677 1874 713 ἓν
1896 678 1941 726 γῇ
1964 672 2124 724 Χαναὰν,
2157 678 2339 729 ἐπορεύθη.

1315 735 1391 771 Οὔκ
1405 734 1555 780 ἠδύνατο
1573 735 1659 787 γὰρ,
1678 730 1800 788 φησὶν,
1817 740 1838 783 ἡ
1859 739 1903 787 γῆ
1929 739 1991 782 τῆς
2009 737 2251 788 παροικήσεως
2273 739 2339 790 φέ-

1315 810 1382 845 ρειν
1412 795 1534 839 αὐτοὺς
1554 796 1622 834 ἀπὸ
1645 800 1704 834 τοῦ
1725 797 1876 843 πλήθους
1905 800 1973 834 τῶν
2007 797 2246 851 ὑπαρχόντων.
2268 800 2338 837 Καὶ

1310 856 1427 905 ᾤκησε
1449 858 1570 895 λοιπὸν
1599 860 1634 896 ἓν
1669 862 1719 910 τῷ
1751 859 1821 911 ὄρει
1857 859 1976 910 Σηείρ.
2000 860 2070 898 Καὶ
2095 861 2334 912 διηγησαμένη

1309 920 1394 966 ημῖν
1415 921 1436 964 ἡ
1455 918 1528 956 θεία
1554 921 1601 956 ΓΙ
1587 919 1676 972 ραφὴ
1696 936 1774 964 τους
1801 937 1839 958 εκ
1867 925 1925 958 τοῦ
1949 920 2061 958 Ησαῦ
2077 922 2263 973 τεχθεντας
2276 939 2337 961 και

1308 977 1352 1015 τὰ
1372 978 1450 1025 ἔθνη
1471 979 1515 1017 τὰ
1529 981 1587 1017 ὑπ’
1608 982 1712 1018 αὐτοῦ
1726 981 1962 1031 γεγενημένα,
1981 982 2084 1033 φησί
2108 981 2336 1035 ι’Παρώκησε

1308 1038 1343 1076 δὲ
1366 1038 1495 1077 Ἰακωὸ
1525 1043 1559 1078 ἐν
1585 1057 1628 1092 τη
1651 1057 1713 1092 γη,
1741 1045 1778 1078 οὗ
1799 1041 2008 1093 παρώκησεν
2027 1045 2045 1079 ὁ
2070 1042 2189 1095 πατὴρ
2211 1045 2333 1090 αὐτοῦ,

1305 1102 1339 1138 ἐν
1360 1117 1402 1152 «ΓΙ
1443 1101 1596 1139 Χαναάν.
1629 1102 1720 1140 Ἀλλ’
1742 1104 1894 1140 ἐντεῦθεν
1912 1102 2031 1140 λοιπον
2049 1103 2155 1141 πάλιν
2175 1104 2332 1156 διαδέχε-

1305 1177 1362 1199 ται
1383 1166 1477 1213 ἡμᾶς
1499 1162 1600 1215 ἑτέρα
1632 1163 1856 1215 πραγματεία
1878 1167 1901 1209 ἡ
1929 1163 2020 1201 κατὰ
2047 1165 2105 1203 τὸν
2140 1165 2332 1216 Θαυμάσιον

1305 1223 1450 1276 Ἰωσήφ.

1358 1285 1449 1323 Ἀλλ’
1478 1288 1507 1323 εἰ
1541 1286 1722 1336 βούλεσθε,
1756 1289 1902 1325 ἐνταῦθα
1923 1285 2112 1333 στήσαντες
2141 1285 2198 1324 τὸν
2228 1286 2334 1338 λόγον

1303 1348 1350 1389 εἷς
1370 1345 1490 1398 ἑτέραν
1513 1347 1624 1398 ἀρχὴν
1652 1347 1913 1398 ταμιευσόμεθα
1942 1346 2005 1393 τὴν
2026 1346 2117 1385 κατὰ
2135 1347 2192 1385 τὸν
2219 1348 2329 1385 παῖδα

1301 1412 1360 1446 τοῦ
1386 1406 1515 1445 Ἰακὼὸ
1537 1407 1703 1459 ἱστορίαν,
1733 1411 1842 1446 ἐκεῖνο
1867 1407 2138 1458 παραινέσαντες
2157 1409 2254 1458 ὑμῶν
2283 1412 2327 1460 τῇ

1300 1468 1434 1520 ἀγάπῃ,
1455 1505 1461 1520 ,
1484 1469 1544 1506 ετὰ
1563 1469 1741 1520 ἀκριὸείας
1757 1469 1942 1522 προσέχειν
1957 1475 2028 1512 τοῖς
2045 1468 2256 1520 λεγομένοις,
2266 1470 2327 1506 καὶ

1298 1530 1332 1574 ἐξ
1358 1530 1505 1568 ἑκάστου
1523 1533 1591 1568 τῶν
1615 1533 1648 1569 ἐν
1666 1534 1707 1580 τῇ
1729 1530 1804 1583 θεία
1822 1532 1851 1568 Γ
1856 1533 1944 1583 ραερῇ
1972 1533 2140 1580 κειμένων
2159 1529 2325 1581 μεγίστην

1298 1594 1514 1643 καρποῦσθαι
1527 1590 1590 1637 τὴν
1609 1591 1789 1642 ὠφέλειαν,
1809 1591 1869 1629 καὶ
1889 1590 1995 1640 μηδὲν
2012 1592 2130 1634 ἁπλῶς
2149 1591 2326 1645 παρατρέ-

1296 1667 1384 1703 χειν.
1405 1652 1592 1705 Θησαυρὸς
1610 1652 1678 1705 γάρ
1696 1653 1772 1689 ἐστι
1793 1651 2026 1702 πνευματικὸς
2041 1651 2086 1689 τὰ
2114 1655 2189 1689 θεῖα
2206 1651 2324 1702 λόγια·

1296 1714 1354 1752 καὶ
1382 1713 1539 1766 καθάπερ
1563 1713 1632 1750 ἀπὸ
1660 1717 1720 1750 τοῦ
1740 1715 1904 1759 αἰσθητοῦ
1937 1716 2111 1765 θησαυροῦ
2145 1713 2204 1750 καὶ
2231 1712 2326 1751 λίθον

1296 1774 1356 1812 ἕνα
1377 1775 1545 1819 πολλάκις
1565 1773 1773 1827 ὖφελόμενός
1790 1790 1859 1821 τις,
1876 1773 1982 1812 πολὺν
2003 1775 2115 1825 ἑαυτῷ
2144 1773 2325 1825 ἐργάζεται

1295 1836 1352 1874 τὸν
1371 1837 1532 1874 πλοῦτον·
1546 1834 1637 1873 οὕτω
1651 1835 1711 1873 καὶ
1729 1836 1875 1873 ἐνταῦθα
1894 1836 1929 1872 αἱ
1945 1837 2013 1872 τῶν
2030 1834 2173 1873 δικαίων
2191 1835 2324 1887 ἀρεταὶ,

1296 1900 1324 1935 εἷ
1359 1913 1545 1950 προσεχειν
1577 1895 1806 1948 βουλοίμεθα,
1833 1895 2005 1943 τοσαύτην
2037 1898 2121 1946 ημῖν
2144 1895 2206 1943 την
2233 1896 2323 1948 ὠφέ-

1293 1960 1389 1996 λειαν
1410 1959 1578 2031 παρέχειν
1606 1973 1644 1995 ου
1648 1973 1836 2004 Ιτσονται
1865 1960 1912 2000 ὡς
1939 1973 1999 1995 και
2022 1972 2109 2010 προς
2127 1972 2184 1995 τον
2205 1956 2323 2008 ὅμοιον

1295 2021 1405 2057 αότῶν
1426 2019 1474 2056 δι·
1462 2022 1643 2070 ..γερθηναι
1663 2020 1778 2064 ζηλον.
1799 2017 1904 2056 Ούτω
1925 2017 1991 2070 γὰρ
2022 2017 2239 2068 δυνησόμεθα
2263 2018 2324 2056 καὶ

1293 2083 1394 2130 ημεῖς
1413 2096 1475 2126 της
1506 2083 1612 2126 αὐτῆς
1642 2085 1713 2123 τοῖς
1734 2078 1878 2122 δικαίοις
1911 2080 2107 2117 ἀπολαῦσαι
2140 2078 2236 2131 παρὰ
2261 2082 2322 2117 τοῦ

1293 2143 1384 2179 Θεοῦ
1424 2140 1568 2184 εὐνοίας.
1605 2139 1696 2179 Οὐδὲ
1737 2140 1805 2191 γὰρ
1840 2139 2144 2192 προσωπολήπτης
2175 2140 2269 2178 ἐστὶν
2303 2143 2322 2178 ὁ

1291 2201 1401 2249 Θεὸς,
1427 2203 1503 2240 ἀλλ’
1537 2204 1571 2239 ἐν
1592 2200 1697 2239 παντὶ
1729 2201 1816 2238 ἔθνει
1847 2203 1865 2237 ὁ
1896 2199 2105 2252 φοὸούμενος
2139 2200 2242 2238 αὐτὸν
2260 2200 2320 2238 καὶ

1291 2262 1518 2314 ἐργαζόμενος
1553 2259 1785 2307 δικαιοσύνην,
1814 2261 1931 2304 δεκτὸς
1959 2262 2051 2311 αὐτῷ
2071 2262 2182 2298 ἐστιν·
2207 2260 2319 2308 ὥστε,

1292 2325 1321 2361 εἰ
1339 2322 1547 2374 βουλοίμεθα
1559 2352 1568 2369 ,
1585 2321 1681 2360 οὐδὲν
1698 2322 1738 2360 τὸ
1752 2321 1882 2359 κωλύον
1902 2321 2074 2367 τοσαύτης
2089 2320 2182 2366 ἢκαὶ
2202 2321 2318 2359 πλείο-

1291 2399 1346 2427 νος
1373 2387 1467 2435 ἡμᾶς
1498 2385 1695 2422 ἀπολαῦσαι
1731 2385 1794 2428 τῆς
1831 2383 1958 2420 ἄνωθεν
1995 2385 2114 2435 ῥοπῆς.
2134 2381 2221 2420 Ἐὰν
2250 2382 2319 2435 γὰρ

270 2449 397 2486 afferre
415 2461 493 2498 quae
515 2460 560 2485 ex
581 2444 683 2483 nobis
699 2454 794 2494 sunt,
814 2454 847 2482 et
866 2446 1032 2498 praeferre
1054 2446 1222 2486 humanis
1234 2475 1279 2500 53,
1294 2446 1394 2496 μόνον
1422 2450 1516 2496 ἡμᾶς
1536 2445 1592 2496 ἴδη
1613 2444 1657 2482 τὰ
1677 2446 1759 2495 παρ’
1781 2446 1911 2482 ἑαυτῶν
1930 2443 2166 2495 εἰσφέροντας,
2186 2443 2246 2482 καὶ
2272 2443 2319 2482 τὰ

270 2524 308 2547 ea
328 2523 406 2560 quse
426 2507 495 2545 sibi
520 2507 678 2559 placent,
697 2514 832 2543 tantam
858 2505 980 2558 etipse
1014 2506 1125 2544 nostri
1160 2522 1220 2545 cu-

270 2584 346 2607 ram
361 2567 572 2614 declarabit,
589 2575 627 2603 ut
651 2565 686 2603 in
707 2565 871 2604 omnibus
899 2565 1051 2604 invictos
1083 2566 1218 2605 reddat.

271 2631 414 2668 Hostem
433 2628 527 2666 enim
542 2627 715 2665 habemus
737 2636 961 2680 perpetuum,
983 2637 1017 2666 et
1048 2627 1218 2680 implaca-

269 2692 334 2729 bili
349 2692 384 2729 in
403 2705 466 2729 nos
487 2690 570 2728 odio
599 2690 819 2741 flagrantem.
853 2689 957 2728 Unde
976 2690 1077 2728 nobis
1091 2704 1218 2742 magna

268 2751 454 2803 vigilantia
471 2766 559 2803 opus
578 2759 643 2800 est,
665 2750 714 2787 ita
731 2759 768 2788 ut
786 2751 860 2802 ejus
890 2750 1032 2789 fraudes
1064 2750 1220 2801 vincere,

267 2828 306 2851 ac
321 2813 520 2865 superiores
540 2813 614 2863 ejus
630 2812 707 2849 telis
737 2811 906 2850 constitui
928 2813 1118 2864 possimus.
1142 2814 1220 2851 Non

266 2874 369 2912 aliter
402 2883 520 2911 autem
540 2872 738 2922 vincemus,
765 2887 870 2923 quam
898 2873 927 2911 si
960 2888 1024 2926 per
1046 2873 1218 2926 optimam

265 2934 565 2973 conversationem
582 2947 774 2985 supernum
789 2933 891 2972 nobis
904 2934 1083 2971 auxilium
1099 2934 1218 2972 conci-

262 2997 403 3034 licinus.
422 2995 608 3047 Optimum
630 3008 712 3031 vcro
730 2993 933 3033 institutum
951 3005 1001 3033 est
1020 2995 1094 3033 vita
1113 3010 1214 3048 pura.

263 3057 338 3094 Hoc
362 3056 455 3094 enini
475 3055 570 3093 basis
593 3063 625 3091 ct
651 3053 921 3093 fundamentum
938 3065 989 3093 cst
1021 3056 1168 3094 virtutis
1203 3072 1212 3093 :

259 3117 355 3169 quod
370 3116 430 3167 qui
451 3124 542 3153 recte
552 3115 687 3167 jecerit,
700 3115 801 3153 facile
811 3116 880 3154 alia
891 3117 1009 3155 omnia
1023 3116 1209 3167 devincet,
1235 3125 1257 3154 R

259 3194 369 3230 neque
383 3179 487 3216 illum
499 3177 679 3229 superabit
697 3178 751 3215 vel
764 3178 995 3230 pecuniarum
1013 3178 1206 3232 cupiditas,

258 3242 310 3278 xel
335 3240 454 3289 gloria:
475 3253 588 3287 amor,
606 3239 662 3276 vel
679 3238 828 3282 invidia,
852 3240 906 3278 vel
922 3239 1040 3291 aliqua
1064 3240 1206 3279 affectio

295 3366 310 3388 l*
334 3363 431 3395 'Bibb
451 3364 603 3406 κ’,τῳκεμῖ

1246 2515 1268 2542 Λ
1292 2509 1383 2559 αὐτῷ
1405 2508 1571 2545 δοκοῦντα
1590 2509 1835 2557 προτιμῶντας
1850 2507 1918 2542 τῶν
1937 2504 2173 2555 ἀνθρωπίνων,
2187 2505 2316 2543 τοσαύ-

1290 2584 1352 2615 την
1367 2568 1426 2605 καὶ
1445 2567 1544 2610 αὐτὸς
1566 2566 1848 2612 ε’πιδείξεταιτὴν
1864 2565 2086 2615 κηδεμονίαν,
2106 2569 2152 2610 ὡς
2174 2568 2209 2604 ἐν
2225 2567 2317 2605 ἄπα--

1290 2644 1343 2666 σιν
1376 2626 1587 2679 ἀχειρώτους
1605 2631 1698 2677 ἡμᾶς
1719 2626 1948 2678 ἐργάσασθαι.
1973 2625 2042 2663 Καὶ
2061 2626 2128 2678 γὰρ
2150 2626 2317 2678 πολέμιον

1289 2689 1415 2741 ἔχομεν
1435 2690 1576 2736 διηνεκῆ
1596 2688 1655 2725 καί
1678 2688 1847 2725 ἄσπονδον
1873 2686 1937 2732 τὴν
1970 2687 2055 2738 πρὸς
2074 2690 2167 2738 ἡμᾶς
2187 2687 2314 2739 ἔχθραν

1288 2749 1512 2800 κεκτημένον.
1548 2749 1611 2787 Διὸ
1646 2749 1777 2794 πολλῆς
1807 2753 1891 2799 ημῖν
1928 2748 1978 2785 δεῖ
2010 2750 2071 2794 τῆς
2106 2748 2316 2800 ἀγρυπνίας,

1286 2811 1376 2850 ὥστε
1394 2810 1632 2862 περιγενέσθαι
1652 2810 1757 2846 αὐτοῦ
1773 2810 1957 2855 δυνηθῆναι
1975 2812 2036 2855 τῆς
2057 2813 2232 2861 μηχανῆς,
2254 2810 2316 2848 καὶ

1287 2872 1477 2925 ἀνωτέρους
1497 2874 1712 2917 καταστῆναι
1729 2873 1795 2908 τῶν
1815 2869 1936 2908 τούτου
1953 2871 2076 2922 βελῶν.
2092 2873 2172 2922 Οὐχ
2187 2871 2314 2924 ἑτέρως

1285 2934 1319 2972 δὲ
1337 2936 1567 2985 περιεσόμεθα
1581 2963 1589 2979 ,
1612 2932 1634 2978 ἢ
1655 2932 1712 2969 διὰ
1731 2935 1792 2978 τῆς
1810 2931 1953 2985 ἀρίστης
1969 2930 2145 2974 πολιτείας
2162 2931 2312 2970 ἐπισπά-

1283 2998 1409 3033 σασθαι
1431 2993 1629 3040 δυνηθέντες
1649 2993 1711 3039 τὴν
1732 2993 1860 3031 ἄνωθεν
1878 2991 2096 3043 συμμαχίαν.
2115 2990 2254 3042 Ἀρία-τη
2275 2991 2313 3029 δέ

1281 3059 1354 3095 ἐστι
1367 3055 1524 3094 πολιτεία
1544 3054 1615 3105 βίος
1630 3053 1790 3105 καθαρός.
1812 3055 1926 3091 Τοῦτο
1952 3052 2020 3105 γὰρ
2039 3055 2057 3089 ὁ
2076 3051 2232 3101 θεμέλιος
2252 3052 2310 3089 καὶ

1281 3121 1301 3163 ἦ
1330 3116 1457 3168 κρηπὶς
1482 3118 1544 3160 τῆς
1574 3117 1697 3166 ἁρετῆς
1712 3130 1719 3137 ·
1743 3117 1761 3152 ὃ
1779 3114 1846 3165 γὰρ
1870 3117 1987 3151 τοῦτον
2008 3113 2171 3164 ἀσφαλῶς
2199 3126 2309 3149 κατα-

1279 3177 1490 3227 Εαλλόμενος
1525 3175 1755 3227 εὐκολώτερον
1778 3176 1845 3211 τῶν
1872 3174 1987 3211 ἄλλων
2008 3172 2171 3210 ἁπάντων
2193 3171 2310 3223 περιέ-

1276 3255 1392 3278 σεται·
1414 3237 1489 3277 οὔτε
1527 3238 1594 3288 γὰρ
1624 3236 1816 3289 χρημάτων
1857 3233 2020 3283 ἐπιθυμία
2053 3236 2112 3271 τοῦ
2151 3232 2306 3271 τοιούτου
