2516 3791
823 168 865 198 lN
904 166 1100 198 GENESIM
1138 163 1289 197 SERMO'
1325 169 1369 198 ll.

62 251 112 290 ἑνὶ
125 282 134 299 ,
153 250 212 290 καὶ
231 251 267 296 ἓξ
287 251 455 304 πτέρυγες
484 253 535 304 τῷ
556 251 622 290 ἑνί·
650 251 709 289 καὶ
728 257 804 295 ταῖς
824 251 886 302 μὲν
907 250 984 290 δυσὶ
1003 249 1091 288 πτέ-

62 312 136 363 ρυξι
166 312 428 351 κατεκάλυπτον
456 311 501 350 τὰ
529 311 702 364 πρόσωπα
734 315 878 358 ἑαυτῶν,
909 310 1091 364 ἀποτειχί-

2029 160 2116 225 757

1165 264 1232 288 sex
1247 251 1324 290 alae
1335 255 1418 303 uni,
1431 260 1469 291 et
1484 266 1551 293 sex
1572 254 1648 294 αἶα.»
1663 255 1779 295 alteri
1787 272 1803 302 ,·
1816 264 1851 295 et
1866 257 2017 297 duabus
2037 265 2120 312 qui-

1164 311 1252 349 dem
1266 313 1343 352 alis
1354 317 1579 366 operiebant
1574 317 1708 370 facies
1719 331 1826 365 suas,
1837 327 1875 356 ut
1890 319 2024 358 seilicet
2036 335 2121 358 ocu-

60 375 179 417 ζουσαι
200 373 360 420 δηλονότι
386 373 449 417 τὰς
478 374 594 426 ὄψεις,
625 373 682 412 διὰ
702 374 742 412 τὸ
763 374 811 426 μὴ
831 373 996 413 ’δύνασθαι
1026 373 1091 419 τὴν
1116 383 1140 414 C
1165 371 1217 410 los
1229 387 1310 411 suos
1323 376 1619 429 muni1·eut,quod
1633 377 1855 416 exsilientem
1870 393 1888 417 e
1902 380 1992 418 solio
2003 381 2122 433 sulgo-

59 433 100 470 ἐκ
125 437 184 472 τοῦ
207 433 326 486 θρόνου
355 433 547 488 φερομένην
574 434 757 486 ἀστραπὴν
779 433 1023 478 ὑποδέξασθαι.
1044 431 1092 470 Τί

58 494 189 545 λέγεις,
206 494 264 532 Τὰ
276 494 338 546 μὲν
360 496 524 549 Σεραφὶμ
534 497 780 549 παρεστήκασι
792 527 801 542 ,
815 495 875 534 καὶ
885 497 920 533 ἐν
939 493 1091 544 θαύματι

59 555 212 609 τοσούτῳ
232 556 299 595 εἰσὶ
319 557 379 595 καὶ
396 557 582 606 ἐκπλήξει,
602 558 661 596 καὶ
690 561 800 595 ταῦτα
827 555 1088 608 συγκατοίὲασιν

59 618 152 655 Θεοῦ
174 617 365 668 βλέποντα·
386 619 527 671 ἄγγελοι
557 618 593 657 δὲ
614 619 673 656 καὶ
699 618 841 670 γνώμης
867 619 1088 656 κοινωνοῦσιν

58 679 172 731 αὐτῷ,
201 679 259 717 καὶ
294 679 448 732 σκέψεως
483 679 710 732 μετέχουσιν,
732 678 823 718 Ἀλλ’
851 680 913 717 οὐκ
943 677 983 714 ἂν
1015 676 1089 728 ἔχοι

56 739 172 791 λόγον.
196 739 300 779 Ἀλλὰ
319 741 369 784 τίς
396 744 470 780 ἐστι
487 742 572 794 πρὸς
593 740 629 778 ὅν
659 756 762 792 φησι,
788 738 1001 789 Ποιήσωμεν
1023 738 1089 776 ἄν»-

57 804 211 852 ορωπον;
229 801 274 840 ‘O
293 802 492 853 θαυμαστὸς
517 801 731 852 σύμὸουλος,
755 803 774 838 6
801 799 1048 846 ἐξουσιαστὴς,
1071 801 1088 837 ὁ

55 862 145 905 Θεὸς
173 866 191 900 ὁ
221 864 380 915 ἰσχυρὸς,
407 865 426 901 ὁ
452 863 569 915 ἅρχων
588 864 652 908 τῆς
672 861 810 913 εἰρήνης
824 891 834 908 ,
855 865 872 900 6
892 861 1009 913 πατὴρ
1030 865 1088 899 τοῦ

56 923 241 972 μέλλοντος
260 926 401 971 αἷῶνος,
426 924 527 966 αὐτὸς
546 926 563 961 6
585 922 772 974 μονογενὴς
796 926 857 961 τοῦ
877 924 971 961 Θεοῦ
993 922 1087 966 Υἱός.

54 985 148 1036 Πρὸς
164 986 292 1024 ἐκεῖνον
311 985 422 1024 τοίνυν
439 985 551 1037 λέγει,
573 984 787 1036 Ποιήσωμεν
806 985 986 1036 ἄνθρωπον
1006 985 1085 1021 κατ’

54 1044 170 1084 εἰκόνα
190 1046 250 1084 καὶ
274 1049 351 1085 καθ’
373 1046 539 1098 ὁμοίωσιν
566 1045 754 1098 ἡμετέραν.
788 1046 882 1084 Οὐδὲ
916 1044 984 1098 γὰρ
1008 1038 1085 1083 εἷπε

54 1107 117 1154 τὴν
138 1107 226 1158 ἐμὴν
242 1109 302 1147 καὶ
328 1108 392 1155 τὴν
428 1108 514 1155 σὴν,
538 1107 560 1155 ἢ
583 1107 646 1154 τὴν
680 1107 769 1158 ἐμὴν
802 1107 862 1146 καὶ
880 1106 943 1154 τὴν
970 1109 1083 1158 ὑμῶν,

55 1168 158 1217 ἀλλὰ,
174 1171 262 1207 Κατ’
282 1169 396 1208 εἰκόνα
416 1169 606 1221 ἡμετέραν,
626 1168 642 1188 ⁵
655 1169 737 1220 μίαν
752 1170 866 1216 δηλῶν
881 1169 944 1216 τὴν
970 1168 1086 1207 εἰκόνα

54 1230 114 1267 καὶ
142 1230 224 1281 μίαν
250 1230 312 1278 τὴν
339 1230 526 1282 ὁμοίωσιν·
555 1232 649 1269 Θεοῦ
681 1230 716 1268 δὲ
751 1231 810 1269 καὶ
837 1230 993 1283 ἀγγέλων
1023 1231 1086 1268 οὒκ

53 1290 146 1328 ἔστιν
163 1291 264 1329 εἰκὼν
289 1292 372 1343 μία,
393 1292 472 1330 οὐδὲ
494 1294 660 1344 ὁμοίωσις
685 1291 760 1342 μία.
783 1293 864 1335 Πῶς
883 1291 951 1345 γὰρ
971 1290 1011 1328 ἂν
1031 1291 1085 1337 εἴη
1105 1315 1108 1318 ’

51 1356 112 1390 τοῦ
140 1353 320 1392 Δεσπότου
351 1354 411 1392 καὶ
432 1357 501 1393 τῶν
537 1355 747 1406 λειτουργῶν
784 1352 885 1392 εἰκὼν
925 1352 989 1404 μία
1026 1352 1086 1391 καὶ

51 1414 232 1465 ὁμοίωσις,
249 1415 361 1455 “sse-rs
389 1416 558 1455 πάντοθεν
585 1418 666 1467 ὑμῖν
688 1417 707 1453 6
734 1414 835 1467 λόγος
854 1414 1084 1466 ἐλήλεγκται·

51 1477 111 1514 καὶ
131 1478 199 1530 γὰρ
228 1479 339 1530 ἀρχῆς
358 1477 474 1516 εἰκόνα
491 1477 665 1524 ἐδήλωσεν
692 1479 859 1524 ἐνταῦθα,
881 1475 996 1521 καθὼς
1024 1476 1084 1514 καὶ

49 1538 90 1577 τὸ
121 1538 200 1586 ἑξῆς
236 1540 346 1587 δηλοῖ.
378 1539 500 1578 Εἰπὼν
533 1539 622 1592 γὰρ,
645 1540 734 1577 Κατ’
756 1539 872 1577 εἰκόνα
909 1538 970 1577 καὶ
1002 1540 1080 1578 καθ’

50 1599 229 1651 ὁμοίωσιν,
251 1600 427 1653 ἐπήγαγε,
449 1600 519 1639 Καὶ
548 1599 752 1653 ἀρχέτωσαν
781 1601 850 1637 τῶν
871 1599 998 1653 ἰχθύων
1021 1602 1084 1647 τῆς

50 1661 250 1707 θαλάσσης·
272 1663 365 1714 ἀρχὴ
386 1661 422 1700 δὲ
437 1664 528 1701 Θεοῦ
549 1661 609 1700 καὶ
623 1659 779 1713 ἀγγέλων
792 1661 856 1698 οὐκ
871 1660 911 1698 ἂν
931 1660 985 1707 εἴη
1005 1661 1082 1712 μία.

50 1723 134 1767 Πῶς
163 1723 248 1777 γὰρ,
270 1725 338 1761 τῶν
359 1723 488 1762 δούλων
506 1724 566 1761 καὶ
589 1725 649 1760 τοῦ
678 1721 876 1769 Δεσπότου,
906 1726 975 1761 τῶν
1004 1724 1080 1762 λει-

48 1788 203 1838 τουργῶν
231 1785 291 1823 καὶ
313 1789 373 1823 τοῦ
393 1785 589 1828 κελεύοντος
597 1801 607 1833 ;
641 1783 746 1822 Ἀλλὰ
767 1784 827 1822 καὶ
846 1783 958 1837 ἕτεροι
977 1785 1082 1823 πάλιν

48 1850 133 1897 ἡμῖν
163 1846 365 1899 ἐπιφύονταί
392 1863 481 1890 τινες
506 1847 680 1898 λέγοντες,
715 1845 768 1883 ὅτι
796 1845 912 1885 εἰκόνα
945 1849 962 1884 6
992 1846 1082 1890 Θεὸς

48 1908 123 1962 ἔχει
142 1909 318 1958 τοιαύτην,
337 1908 412 1947 οἵαν
427 1908 486 1947 καὶ
501 1913 626 1959 ἡμεῖς,
645 1911 764 1952 κακῶς
786 1912 941 1951 νοοῦντες
959 1907 998 1946 τὸ
1027 1910 1080 1946 εἷ-

49 1970 210 2023 ρημένον.
230 1972 284 2010 Οὖ
312 1970 380 2023 γὰρ
407 1971 527 2015 οὐσίας
564 1964 658 2008 εἶπεν
689 1969 824 2018 εἰκόνα,
844 1969 935 2009 ἀλλὰ
967 1973 1080 2023 ἀρχῆς

47 2032 186 2078 εἰκόνα,
202 2032 317 2076 καθὼς
336 2031 540 2083 δηλώσομεν
575 2033 614 2070 ἐκ
639 2034 708 2070 τῶν
729 2031 807 2079 ἑξῆς
838 2032 1076 2083 ἐπαγομένων.

48 2093 132 2132 Ὅτι
151 2095 218 2147 γὰρ
234 2096 298 2133 οὐκ
320 2095 395 2133 ἔστι
413 2094 454 2132 τὸ
477 2096 582 2132 Θεῖον
605 2094 915 2146 ἀνθρωπόμορφον,
931 2094 1076 2131 ἄκουσον

45 2161 106 2195 τοῦ
137 2156 281 2195 Παύλου
319 2155 499 2208 λέγοντος·
532 2155 636 2208 Ἀνὴρ
673 2155 735 2206 μὲν
764 2154 832 2207 γὰρ
860 2157 922 2193 οὐκ
948 2154 1077 2207 ὀφείλει

43 2218 421 2266 εκιπιτακαλύτιπεσθοιι,
448 2216 549 2256 εἰκὼν
573 2216 633 2255 καὶ
663 2215 744 2260 δόξα
775 2218 869 2255 Θεοῦ
889 2216 1076 2269 ὑπάρχων·

1164 445 1240 470 rem
1259 434 1432 474 sustinere
1451 451 1518 475 non
1541 447 1695 490 possent.
1719 438 1818 484 Quid
1835 439 1912 478 ais?
1932 441 2124 494 Seraphim

1163 492 1306 533 adstant
1338 505 1372 534 et
1405 506 1500 536 tanta
1532 509 1613 538 sunt
1647 500 1884 539 admiratione
1910 515 1951 540 ac
1979 512 2125 555 stupore

1165 565 1340 608 correpta,
1363 557 1472 609 idque
1489 574 1571 598 eum
1591 561 1656 599 Dei
1674 561 1819 600 videant
1839 562 2122 615 indulgentiam;

1162 617 1279 666 augeli
1301 632 1385 657 vero
1401 629 1434 657 et
1451 621 1588 659 consilii
1611 632 1691 660 suut
1710 623 1922 676 participes,
1941 625 2121 663 consulta-

1162 676 1339 729 tionisque
1369 683 1578 720 consortes?
1599 683 1638 720 ld
1664 684 1763 721 nullo
1788 684 1895 723 modo
1918 695 1969 723 est
1992 687 2121 725 rationi

1160 749 1446 781 consentaneum.
1469 743 1538 782 Sed.
1558 744 1638 795 quis
1660 745 1719 783 ille
1738 755 1786 783 est
1815 746 1861 784 ad
1881 761 1986 797 quein
2010 748 2119 799 (licit,

1161 802 1376 842 Faciamus
1393 806 1588 844 hominem
1602 811 1618 844 Ρ
1635 806 1870 845 Admirabilis
1885 808 2121 859 consiliarius,
2136 815 2213 845 lsai.
2228 816 2308 857 9.'6.

1159 872 1301 915 potens,
1322 867 1418 905 Deus
1433 868 1556 919 furtis,
1578 868 1744 922 princeps
1762 870 1878 922 pacis,
1893 880 1992 923 pater
2010 872 2121 910 futuri

1160 926 1281 963 saeculi
1296 926 1398 980 ‚ipse
1423 938 1475 967 est
1497 929 1703 983 unigenitus
1727 931 1792 968 Dei
1815 931 1940 969 Filius.
1960 932 2013 970 Ad
2038 947 2121 972 eum

1157 984 1385 1038 igiturdieit,
1401 993 1614 1031 Faciamus
1631 994 1826 1030 hominem
1837 994 1898 1049 'ad
1909 996 2119 1047 imaginem
2175 1003 2252 1032 Filio
2267 1003 2323 1031 Dei

1158 1056 1195 1086 et
1219 1051 1518 1091 similitudinem
1545 1062 1734 1092 nostram.
1759 1049 1882 1105 Neq'ue
1903 1055 1996 1093 enim
2023 1045 2253 1116 (ἰῐςίῐῗῖξίιξιῗὲ
2268 1045 2323 1074 ‘'⁶“

1112 1119 1137 1149 D
1158 1123 1274 1149 meam
1294 1122 1327 1150 et
1348 1123 1468 1165 tuam,
1490 1116 1546 1154 vel
1570 1129 1685 1154 meam
1704 1126 1737 1155 et
1764 1125 1915 1155 vesti-alu
1931 1148 1939 1164 ,
1952 1117 2032 1167 sed,
2049 1118 2122 1157 Ad

1158 1173 1368 1225 imaginem
1384 1185 1572 1223 nostram,
1587 1177 1751 1215 indicans
1766 1177 2075 1228 inlagiuemunam
2086 1187 2120 1217 ct

1156 1246 1267 1272 unam
1292 1235 1569 1275 similitudinem
1585 1247 1643 1276 :at
1662 1237 1727 1276 Dei
1749 1246 1783 1275 et
1806 1237 2017 1289 angelmum
2048 1253 2118 1277 una

1157 1293 1276 1348 imago
1297 1310 1365 1336 non
1384 1308 1457 1347 est,
1475 1313 1589 1350 neque
1610 1313 1681 1336 nna
1695 1298 1909 1337 similitudo.
1931 1299 2004 1346 Qui
2021 1300 2118 1338 enim

1154 1366 1274 1408 posset
1292 1372 1361 1396 una
1381 1359 1529 1397 Domini
1550 1369 1583 1398 et
1605 1359 1818 1398 famulorcm
1839 1373 1914 1398 esse
1941 1360 2058 1412 imago
2084 1370 2119 1400 et

1155 1416 1381 1458 similitudo?
1404 1422 1530 1472 Itaque
1558 1421 1655 1459 omni
1685 1435 1732 1459 ex
1759 1430 1861 1474 parte
1889 1422 2118 1461 convincitur

1154 1479 1236 1518 salsi
1265 1495 1381 1520 sermo
1411 1492 1527 1522 vester
1550 1499 1557 1520 :
1583 1498 1665 1522 nam
1688 1482 1897 1522 dominatus
1926 1484 2119 1537 imaginem

1153 1540 1214 1580 hic
1233 1542 1434 1594 signifieat,
1454 1553 1494 1582 ut
1512 1544 1648 1583 indicat
1668 1554 1702 1583 et
1715 1544 1812 1596 quod
1833 1544 2005 1596 sequitur.
2024 1545 2118 1584 Cum

1155 1603 1250 1641 enim
1269 1604 1483 1650 ‹lixisset‚A
1486 1606 1513 1643 d
1527 1609 1736 1658 imaginem
1752 1615 1789 1644 et
1801 1606 2113 1656 similitudinem,

1155 1663 1285 1717 adjecit
1304 1681 1312 1701 ε
1330 1667 1385 1703 Et
1409 1667 1659 1704 dominentur
1676 1668 1848 1718 piscibus
1876 1669 1997 1704 maris
2018 1682 2030 1702 .·
2051 1665 2116 1705 do·
2133 1681 2208 1710 Gen.
2227 1681 2315 1712 1.26.

1155 1726 1312 1765 minatus
1341 1735 1460 1765 autem
1480 1729 1548 1766 Dei
1567 1737 1600 1765 et
1620 1727 1832 1779 angelorum
1851 1741 1943 1766 nnus
1961 1742 2036 1766 esse
2054 1741 2114 1766 ne-

1155 1787 1244 1839 quit.
1263 1788 1453 1835 Quomodo
1470 1788 1565 1828 enim
1583 1802 1657 1827 esse
1672 1797 1811 1842 posset,
1833 1802 1915 1827 cum
1933 1802 2024 1826 unus
2044 1803 2115 1827 ser-

1154 1863 1282 1887 vorum
1306 1849 1353 1888 sit
1373 1859 1406 1888 et
1428 1849 1518 1888 alter
1537 1849 1708 1900 Domini,
1730 1849 1949 1887 famulorum
1969 1863 2061 1888 unus
2080 1859 2114 1888 et

1151 1911 1240 1949 alter
1250 1911 1485 1964 imperantis?
1498 1911 1572 1950 Sed
1584 1919 1618 1950 ct
1628 1911 1689 1949 alii
1700 1910 1849 1962 quidam
1858 1925 1981 1949 rursus
1996 1911 2031 1949 in
2047 1925 2111 1949 nos
2125 1920 2231 1968 Contra
2246 1931 2294 1950 cos

1150 1972 1340 2025 insurgunt
1361 1972 1518 2011 dicentes
1532 2003 1542 2022 ,
1573 1974 1692 2011 Deum
1712 1972 1819 2010 talem
1834 1972 1966 2010 hahere
1982 1972 2109 2024 imagi-
2123 1972 2193 2031 ἓξὲῐ
2217 1964 2315 2032 [ἓξὲξ

1149 2048 1230 2072 nem
1250 2035 1393 2086 qualem
1412 2043 1446 2073 et
1465 2049 1529 2073 nos
1543 2065 1552 2082 ,
1572 2035 1666 2073 male
1684 2034 1922 2086 intelligentes
1940 2034 2039 2085 quod
2054 2034 2109 2071 ‹li-
2123 2045 2232 2073 habere
2253 2046 2314 2073 sor-

1149 2106 1248 2135 ctum
1259 2098 1448 2148 est.Neque
1459 2097 1553 2136 enim
1570 2096 1777 2136 substantiae
1788 2096 1885 2135 dixit
1902 2095 2093 2148 imaginem
2125 2097 2201 2114 “¹³³¹
2213 2087 2314 2115 huma-

2099 2126 2108 2144 ’
2124 2138 2203 2156 uam.

1150 2160 1214 2198 sed
1232 2160 1437 2199 dominatus
1456 2160 1671 2212 imaginem,
1688 2168 1729 2197 ut
1750 2173 1796 2197 ex
1815 2159 1858 2197 iis
1882 2173 1960 2209 quae
1980 2158 2111 2197 deinde

1091 2254 1140 2282 654
1149 2219 1386 2273 adjiciuntur,
1402 2220 1644 2259 ostendamus.
1665 2221 1715 2258 Ut
1734 2219 1828 2258 euim
1848 2219 1937 2257 scias
1953 2218 2110 2258 humana

43 2283 129 2333 γυνὴ
150 2282 185 2319 δὲ
201 2280 282 2325 δόξα
299 2280 419 2332 ἀνδρός
441 2283 532 2319 ἐστι·
554 2280 606 2317 διὸ
627 2278 775 2331 ὀφείλει,
792 2279 889 2331 φησὶ,
906 2278 1077 2330 κάλυμμα
1102 2292 1128 2321 Α
1148 2283 1260 2321 forma
1280 2281 1475 2335 praeditum
1489 2296 1559 2320 non
1578 2295 1652 2320 csse
1668 2282 1824 2331 Numen,
1848 2280 1935 2318 audi
1956 2280 2110 2318 Paulum

43 2343 135 2396 ἔχειν
161 2343 219 2380 ἐπὶ
245 2345 307 2389 τῆς
332 2344 499 2395 κεφαλῆς.
531 2341 602 2380 Καὶ
635 2340 703 2392 μὴν
731 2342 760 2378 εἰ
785 2341 900 2379 εἰκόνα
927 2343 1076 2379 ἐνταῦΟα

41 2410 144 2444 τοῦτο
174 2399 269 2453 εἶπε,
290 2405 329 2444 τὸ
354 2405 625 2458 ἀπαράλλακτον
650 2408 712 2451 τῆς
741 2408 876 2457 μορφῆς
901 2407 964 2452 τῆς
990 2404 1076 2457 πρὸς

43 2467 100 2506 τὸν
119 2468 210 2507 Θεὸν
236 2469 366 2516 δηλῶν,
387 2468 446 2505 καὶ
465 2467 521 2505 διὰ
539 2471 640 2505 τοῦτο
665 2465 766 2505 εἰκὼν
787 2467 966 2518 ἅνθρωπος
981 2468 1074 2505 Θεοῦ

42 2531 224 2577 καλεῖται,
257 2529 311 2567 ὅτι
337 2533 355 2567 6
384 2529 473 2572 Θεὸς
507 2528 598 2567 οὕτω
631 2528 886 2566 διατετύπωται
907 2544 914 2552 ·
951 2530 1073 2567 οὐκοῦν

41 2592 120 2630 κατ’
148 2592 298 2635 ἐκείνους
330 2593 392 2630 οὐκ
416 2593 523 2644 ἐχρῆν
541 2590 643 2642 μόνον
675 2590 733 2628 τὸν
750 2589 857 2642 ἄνδρα
877 2591 994 2630 εἰκόνα
1015 2590 1073 2629 λε’-

40 2657 182 2704 γεσθαι,
212 2653 302 2692 ἀλλὰ
317 2654 376 2692 καὶ
393 2652 457 2699 τὴν
477 2657 636 2704 γυναῖκα.
658 2652 827 2695 Γυναικὸς
848 2651 915 2704 γὰρ
934 2653 994 2691 καὶ
1009 2654 1073 2690 ἇν-

41 2716 118 2769 δρὸς
138 2711 184 2759 εἷς
203 2719 221 2754 6
245 2715 350 2760 τύπος
384 2715 444 2754 καὶ
471 2719 489 2753 6
519 2713 726 2768 χαρακτὴρ,
761 2714 817 2752 καὶ
855 2717 877 2761 ἡ
907 2714 1073 2766 ὁμοίωσις

42 2778 118 2828 μία.
135 2777 239 2820 Τίνος
256 2771 313 2815 οἶν
333 2778 446 2816 ἕνεκεν
471 2781 489 2816 ὁ
508 2776 596 2830 ἀνὴρ
612 2776 713 2815 εἰκὼν
733 2780 792 2814 τοῦ
807 2778 901 2816 Θεοῦ
912 2777 1071 2830 λέγεται,

39 2843 61 2886 ἡ
82 2839 167 2891 γυνὴ
188 2839 224 2878 δὲ
243 2839 358 2878 οὐκέτι
369 2855 379 2886 ;
397 2839 482 2878 εὈτι
499 2842 537 2877 οὗ
549 2839 612 2887 τὴν
628 2839 744 2878 εἰκόνα
765 2839 828 2887 τὴν
846 2841 880 2877 ἐν
892 2843 935 2891 τῇ
954 2843 1070 2893 μορφῇ

38 2903 152 2955 λέγει,
182 2901 273 2940 ἀλλὰ
306 2900 370 2947 τὴν
401 2900 517 2938 εἰκόνα
536 2901 598 2948 τὴν
629 2901 721 2941 κατὰ
741 2902 802 2948 τὴν
832 2902 960 2957 ἀρχὴν,
978 2903 1020 2950 ἣν
1053 2906 1072 2941 ὁ

39 2963 126 3016 ἀνὴρ
149 2964 222 3016 ἔχει
244 2962 368 3014 μόνος,
391 2961 507 3000 οὐκέτι
529 2962 565 3000 δὲ
600 2963 659 3001 καὶ
685 2968 708 3011 ἡ
736 2964 835 3016 γυνή.
865 2959 979 3009 Οὗτος
1007 2964 1070 3016 μὲν

35 3025 103 3078 γὰρ
123 3026 233 3064 οὐδενὶ
253 3023 506 3063 ὑποτέτακται·
528 3024 640 3071 ἐκείνη
662 3025 697 3064 δὲ
715 3026 781 3064 ὑπὸ
796 3029 916 3065 τοῦτον
932 3026 1070 3080 γέγονε,

37 3087 152 3132 καθὼς
171 3091 189 3126 6
209 3087 298 3130 Θεός
313 3102 416 3139 φησι·
438 3085 532 3138 Πρὸς
547 3086 605 3124 τὸν
626 3086 733 3140 ἄνδρα
748 3103 808 3127 σου
825 3092 846 3135 ἠ
863 3089 1068 3142 ἀποστροφή

37 3165 98 3188 σου
111 3180 121 3196 ,
139 3149 199 3187 καὶ
220 3148 321 3192 αὐτός
355 3164 416 3187 σου
448 3148 633 3201 κυριεύσει.
654 3148 723 3186 Διὰ
741 3154 842 3188 τοῦτο
860 3153 878 3187 ὁ
898 3151 960 3201 μὲν
981 3151 1070 3203 ἀνὴρ

38 3210 140 3248 εἰκὼν
167 3215 227 3249 τοῦ
243 3212 335 3249 Θεοῦ
348 3239 357 3256 ,
380 3209 501 3256 ἐπειδὴ
522 3209 642 3248 οὐδένα
660 3209 735 3262 ἔχει
755 3209 938 3263 ἀνώτερον,
955 3212 1069 3250 καθά-

11 3317 14 3320 Ᾰ
38 3285 104 3322 περ
127 3271 282 3310 οὐδὲτοῦ
308 3273 401 3311 Θεοῦ
424 3270 595 3323 ἀνώτερός
613 3271 664 3315 τίς
684 3274 795 3320 ἐστιν,
818 3272 909 3311 ἀλλὰ
926 3273 1067 3312 πάντων

83 3377 99 3400 ¹¹
124 3377 186 3412 uic
199 3375 350 3419 quaedum
367 3375 504 3410 deerant
519 3375 553 3410 iu
566 3376 680 3410 Mor-el.

1147 2344 1324 2383 dicentem
1340 2360 1347 2381 ε
1365 2346 1434 2382 Vir
1450 2345 1606 2397 quidem
1624 2357 1702 2381 non
1721 2344 1832 2380 debet
1846 2343 1998 2388 velari,
2021 2355 2107 2380 cum
2126 2357 2152 2376 1.
2173 2348 2243 2376 Cor.
2261 2355 2310 2376 ιι,

1146 2408 1196 2444 sit
1215 2409 1344 2459 imago
1360 2415 1397 2443 et
1409 2406 1537 2458 gloria
1553 2406 1630 2443 Dei
1645 2420 1656 2440 .·
1675 2404 1816 2442 mulier
1830 2412 1961 2441 antem
1979 2403 2107 2455 gloria
2122 2399 2151 2428 7·

1146 2470 1227 2505 viri
1242 2476 1299 2506 est
1319 2483 1330 2503 :
1345 2476 1550 2519 propterea
1566 2467 1697 2512 debet,
1718 2464 1850 2515 inquit,
1872 2465 2004 2502 velum
2031 2466 2103 2502 Ιια-
2119 2475 2196 2503 Ιιιῑιι.
2213 2484 2240 2502 v.
2260 2481 2308 2502 ιο.

1147 2530 1234 2567 bere
1248 2542 1367 2581 supra
1381 2536 1508 2579 caput.
1526 2526 1722 2565 Enimvero
1745 2526 1773 2564 si
1794 2525 1863 2563 hoe
1881 2525 1960 2563 loco
1975 2526 2104 2577 imagi-

1146 2603 1228 2628 nem
1253 2589 1294 2628 id
1323 2588 1544 2641 appellavit,
1564 2587 1737 2637 aequalem
1767 2585 1900 2623 divium
1930 2587 2027 2624 omni
2061 2601 2107 2624 ex

1146 2660 1246 2704 parte
1257 2652 1379 2689 sormae
1396 2648 1671 2688 similitudinem
1683 2647 1889 2699 significans
1898 2677 1908 2695 ‚
1919 2656 1953 2685 et
1970 2647 2104 2685 idcireo

1145 2713 1213 2752 Dei
1233 2713 1351 2763 imago
1369 2720 1521 2750 vocatur
1541 2710 1670 2753 homo,
1690 2709 1774 2760 quia
1798 2709 1895 2746 Deus
1913 2709 1982 2747 hoc
2000 2719 2105 2762 pacto

1144 2775 1322 2825 figuratus
1341 2782 1393 2811 cst
1411 2789 1417 2808 :
1438 2772 1548 2824 igitur
1568 2769 1764 2809 seeundum
1789 2770 1868 2808 illos
1891 2784 1960 2808 non
1984 2771 2104 2809 virum

1143 2846 1280 2875 tantum
1295 2835 1342 2872 ad
1362 2834 1555 2885 imaginem
1574 2834 1707 2870 sactum
1728 2831 1801 2869 dici
1814 2832 2023 2884 oportebat,
2044 2832 2105 2871 sed

1097 2893 1102 2897 i
1143 2898 1250 2937 etiam
1278 2896 1476 2934 mulierem.
1500 2893 1666 2932 Mulieris
1694 2893 1790 2931 enim
1817 2892 1959 2944 virique
1987 2893 2105 2945 figura

1142 2969 1177 2998 et
1204 2959 1320 2996 forma
1347 2966 1381 2995 et
1412 2954 1615 2994 similitudo
1643 2963 1696 2992 est
1722 2967 1807 2992 una.
1841 2953 1961 3000 Quam
1993 2954 2104 3006 igitur

1143 3021 1189 3059 ob
1207 3032 1350 3058 eausam
1376 3017 1494 3068 imago
1520 3014 1586 3053 Dei
1604 3015 1663 3053 vir
1681 3014 1817 3053 dicitur
1830 3045 1839 3063 ‚
1862 3015 1993 3053 mulier
2018 3029 2103 3054 vero

1143 3096 1211 3120 non
1230 3079 1343 3118 item?
1364 3078 1460 3126 Quia
1480 3076 1652 3115 nimirum
1671 3089 1740 3114 non
1770 3075 1815 3114 de
1835 3075 1989 3128 imagine
2004 3090 2102 3114 men-

1141 3144 1275 3182 tionem
1296 3139 1400 3188 faeit‚
1420 3152 1498 3190 quae
1519 3137 1682 3175 informa
1699 3137 1765 3175 sita
1785 3137 1854 3188 sit,
1880 3137 1938 3175 sed
1955 3137 2000 3175 dc
2015 3137 2101 3176 ima-

1141 3203 1222 3256 gine
1242 3216 1321 3253 qua:
1344 3201 1379 3238 in
1395 3199 1596 3246 dominatu,
1612 3213 1722 3250 quam
1735 3198 1832 3237 solus
1846 3199 1954 3237 homo
1973 3198 2078 3236 habet
2090 3227 2100 3246 ,

1141 3285 1210 3310 non
1230 3278 1349 3308 autem
1362 3268 1504 3306 mulier.
1522 3268 1615 3305 Nam
1633 3266 1691 3305 hic
1704 3266 1852 3318 quidem
1867 3265 1997 3305 nemini
2016 3264 2096 3303 sub-

1128 3387 1139 3402 t
1165 3377 1245 3420 Reg.
1264 3377 1545 3410 κατακαλύπτεσθαι
1560 3378 1613 3414 τήν
1633 3377 1772 3417 κεφαλήν-
