2516 3791
892 203 949 233 DF.
987 203 1107 233 niu
1144 202 1292 232 SERMO
1330 201 1391 232 111.

131 308 193 344 σῃς
207 323 217 338 ,
245 290 331 343 ὅπερ
350 290 409 328 καὶ
429 288 590 327 Ἰουδαῖοί
616 303 700 327 ποτε
725 287 890 334 ἤκουσαν.
911 287 1062 326 Ἐκεῖνοι
1088 286 1156 338 γὰρ

131 351 250 399 ἐπειδὴ
269 351 327 389 τὸν
349 350 430 389 ναὸν
447 353 566 389 τοῦτον
587 350 645 388 τὸν
666 348 831 395 αἰσθητὸν
851 348 920 386 ἀπὸ
939 350 1003 394 τῆς
1021 347 1156 399 αἰχμα-

130 414 260 458 λωσίας
291 413 536 456 ἐπανελθόντες
569 410 790 463 ἠμελημένον
835 410 966 462 ἑώρων,
1001 409 1062 447 καὶΙ
1097 407 1159 451 τὰς

131 477 261 515 ἑαυτῶν
297 474 534 518 ἐκαλλώπιζον
567 473 698 520 οἷκίας,
737 471 828 510 οὕτω
859 469 1063 523 παρώξυναν
1099 469 1157 508 τὸν

130 537 234 584 Θεὸν,
264 539 310 579 ὡς
338 535 478 588 πέμψαι
496 536 553 574 τὸν
573 534 768 586 προφήτην,
790 532 849 571 καὶ
880 533 980 582 λιμὸν
1012 533 1158 577 ἀπειλῆ-

132 614 213 646 σαι,
238 598 298 636 καὶ
323 597 456 644 πολλὴν
471 598 540 634 τῶν
560 595 758 647 ἀναγκαίων
779 594 841 641 τὴν
859 593 998 639 σπάνιν,
1014 593 1073 631 καὶ
1095 592 1158 640 τὴν

132 659 246 697 αἰτίαν
273 661 336 706 τῆς
367 661 515 704 ἀπειλῆς
541 657 671 702 ταύτης
701 658 832 695 εἰπεῖν·
850 654 938 700 αὕτη
959 653 994 692 δὲ
1016 648 1073 700 ἦν,
1105 653 1159 691 ὅτι

131 720 253 772 Ὑμεῖς
281 720 342 772 μὲν
376 722 501 758 οἰκεῖτε
534 720 570 757 ἐν
603 718 711 761 οἴκοις
736 715 1048 766 “κοιλοστάομοις,
1076 718 1094 753 ὁ
1122 714 1159 753 δὲ

131 776 224 827 οἶκός
245 799 309 834 μου
336 781 536 836 ἠρήμωται.
565 782 610 819 Εἰ
640 779 677 818 δὲ
703 778 783 832 περὶ
810 776 868 815 τὸν
887 777 966 815 ναὸν
987 778 1116 816 ἐκεῖνον
1135 780 1157 824 ἦ

133 842 302 896 ὀλιγωρία
332 842 501 889 τοσαύτην
533 840 687 892 ἐξήγειρε
719 842 779 878 τοῦ
814 840 906 878 Θεοῦ
938 837 1002 885 τὴν
1038 839 1159 890 ὀργὴν,

133 907 253 957 πολλῷ
276 905 408 956 μᾶλλον
427 908 449 951 ἡ
469 908 529 942 τοῦ
550 908 633 942 ναοῦ
655 901 777 941 τούτου
800 899 953 955 ῥᾳθυμία
975 900 1160 953 παροξυνεῖ

132 966 190 1005 τὸν
220 965 422 1012 Δεσπότην·
452 964 540 1004 πολὺ
564 963 633 1018 γὰρ
655 958 752 1007 οὗτος
771 963 900 1001 ἐκείνου
928 962 1158 1016 τιμιώτερος,

132 1026 204 1081 ὅσῳ
227 1028 286 1066 καὶ
307 1027 446 1079 μείζονα
466 1027 540 1080 ἔχει
558 1030 621 1074 τῆς
641 1025 824 1077 ἁγιαστίας
841 1024 885 1062 τὰ
905 1023 1079 1076 σύμὸολα.
1099 1023 1160 1071 Μὴ

133 1089 246 1128 τοίνυν
273 1092 363 1142 ἀφῇς
386 1093 446 1127 τοῦ
471 1091 564 1128 Θεοῦ
591 1088 651 1127 τὸν
678 1081 771 1126 οἶκον
800 1086 972 1134 σπήλαιον
1003 1085 1164 1138 γενέσθαι

133 1153 285 1203 λῃστῶν,
306 1151 361 1188 ἵνα
388 1151 437 1201 μὴ
465 1151 525 1189 καὶ
546 1150 664 1203 ἑτέραν
685 1148 887 1200 ἐπιτίμησιν
918 1148 1090 1201 ἀκούσῃς,
1121 1149 1164 1196 ἣν

134 1213 220 1266 πρὸς
251 1212 329 1256 τοὺς
361 1212 544 1256 Ἰουδαίους
567 1216 585 1251 ὁ
617 1211 766 1264 Χριστὸς
802 1209 995 1256 ἐποιήσατο
1030 1210 1163 1262 λέγων·

135 1274 180 1313 Ὁ
200 1267 292 1317 οἶκος
320 1277 380 1312 τοῦ
401 1274 542 1326 Πατρός
574 1290 638 1324 μου
656 1304 665 1321 ,
697 1266 790 1316 οἶκος
816 1275 1015 1325 προσευχῆς
1047 1274 1139 1311 ἐστιν
1156 1287 1165 1296 ·

134 1339 233 1386 ὑμεῖς
261 1336 296 1374 δὲ
325 1335 513 1382 ἐποιήσατε
536 1335 640 1374 αὐτὸν
660 1334 832 1381 σπήλαιον
852 1335 1003 1386 λῃστῶν.
1025 1334 1109 1378 Πῶς
1129 1333 1165 1372 δὲ

134 1398 307 1444 σπήλαιον
336 1399 476 1450 λῃστῶν
507 1396 662 1448 γίνεται;
690 1394 805 1436 “Οταν
834 1395 1075 1449 ἀνελευθέρους
1105 1395 1165 1434 καὶ

135 1458 412 1512 ἀνδραποδώδεις
427 1457 632 1508 ἐπιθυμίας,
652 1457 734 1496 ὅταν
751 1457 936 1509 ἀσέλγειαν
955 1463 1072 1495 πᾶσαν
1091 1458 1164 1496 εἷσ-

136 1522 244 1559 ελθεῖν
283 1521 344 1559 καὶ
380 1521 670 1575 ἐμφιλοχωρῆσαι
706 1525 783 1564 ταῖς
814 1520 944 1572 ψυχαῖς
979 1520 1049 1556 τῶν
1079 1518 1165 1556 νέων

137 1581 307 1632 ἐάσωμεν.
330 1583 479 1631 Λῃστῶν
497 1582 566 1633 γὰρ
587 1580 830 1634 χαλεπώτεροι
850 1582 882 1619 οἱ
901 1583 1050 1619 τοιοῦτοι
1066 1581 1166 1632 λογι-

137 1643 220 1694 σμοὶ
234 1673 243 1686 ,
264 1642 328 1690 τὴν
344 1643 539 1696 ἐλευθερίαν
551 1646 621 1681 τῶν
641 1643 776 1681 παίδων
794 1640 1165 1695 ἐξανδραποδίσαντες,

137 1705 197 1743 καὶ
216 1704 354 1749 δούλους
368 1706 436 1742 τῶν
453 1703 587 1756 ἀλόγων
603 1708 742 1743 ποιοῦσι
759 1707 893 1751 παθῶν,
915 1708 1167 1742 κατακεντοῦν-

136 1782 193 1810 τες
212 1765 333 1810 αὗτοὺς
361 1766 542 1813 πάντοθεν,
574 1766 634 1804 καὶ
661 1767 800 1804 πολλῶν
834 1764 1046 1819 τραυμάτων
1069 1767 1166 1813 πλη-

140 1832 275 1881 ροῦντες
294 1829 404 1866 αὐτῶν
425 1827 488 1875 τὴν
509 1827 674 1866 διάνοιαν.
695 1827 759 1866 Διὸ
784 1827 826 1875 δὴ
848 1832 959 1866 ταῦτα
979 1829 1056 1864 καθ’
1078 1827 1165 1865 ἐκοί-

137 1905 224 1937 στην
244 1889 382 1943 ἡμέραν
401 1892 685 1942 περισκοπῶμεν,
699 1889 759 1927 καὶ
775 1888 935 1942 καθάπερ
956 1888 1101 1939 μάστιγι
1116 1891 1166 1941 τῷ

137 1949 229 2003 λόγῳ
245 1949 441 2002 χρώμενοι,
471 1950 586 1988 πάντα
601 1949 645 1988 τὰ
663 1955 807 1991 τοιαῦτα
832 1950 928 1996 πάθη
944 1953 1006 1996 τῆς
1026 1948 1166 1987 ἐκείνων

137 2014 253 2064 ψυχῆς
268 2011 533 2062 ἀπελαύνωμεν,
549 2011 604 2049 ἵνα
619 2015 681 2059 τῆς
701 2013 773 2050 ἀνω
784 2010 962 2055 πολιτείας
979 2017 1166 2064 μετασχεῖν

138 2074 330 2120 δυνηθῶσιν
351 2077 435 2123 ἡμῖν
453 2075 484 2111 οἱ
507 2074 629 2117 παῖδες
643 2105 653 2121 ,
682 2075 742 2111 καὶ
769 2072 832 2121 τὴν
857 2075 927 2112 ἐκεῖ
948 2072 1165 2124 λειτουργίαν

139 2134 338 2173 ἐπιτελέσαι
366 2141 494 2174 πᾶσαν.
522 2137 601 2174 Οὐκ
632 2135 784 2182 *etas-Q
811 2134 863 2173 ὅτι
884 2138 915 2173 οἱ
944 2137 979 2173 ἐν
1000 2140 1076 2178 ταῖς
1105 2134 1167 2172 πό-

137 2197 214 2234 λεσι
234 2195 515 2247 πολιτευόμενοι,
537 2199 599 2242 τῆς
618 2197 728 2243 θηλῆς
744 2196 915 2239 πολλάκις
933 2194 1011 2240 τοὺς
1033 2198 1166 2234 ἑαυτῶν

138 2259 264 2302 παῖδας
279 2257 376 2301 εὐθὺς
394 2257 702 2306 ἀποσπασθέντας,
721 2258 952 2311 θαλλοφόρους
964 2289 974 2306 ,
990 2257 1050 2296 καὶ
1067 2259 1164 2310 ἀγω-

137 2318 296 2366 νοθέτας,
324 2319 409 2357 ’καὶ
434 2319 720 2372 γυμνασιάρχους
751 2318 810 2358 καὶ
839 2319 1052 2373 χορειάρχας
1084 2334 1166 2357 ποι-

139 2383 237 2427 οῦσι,
254 2381 287 2418 Τ
289 2383 368 2418 οῦτο
394 2381 455 2418 καὶ
473 2385 575 2430 ἡμεῖς
598 2380 828 2433 ἐργασώμεθα
840 2396 848 2404 ·
870 2382 910 2419 ἐκ
927 2380 1069 2434 πρώτης
1089 2383 1165 2427 ἡλι-

139 2440 218 2484 κίας
246 2440 366 2484 αὐτοὺς
385 2443 434 2484 εἷς
457 2441 520 2488 τὴν
539 2442 717 2481 πολιτείαν
738 2443 935 2494 εἰσάγωμεν
954 2441 1018 2489 τὴν
1039 2444 1073 2481 ἐν
1092 2448 1164 2486 τοῖς

140 2502 310 2553 οὐρανοῖς.
331 2501 430 2548 Αὕτη
457 2502 518 2553 μὲν
550 2503 620 2556 γὰρ
637 2507 660 2551 ἡ
677 2503 826 2555 ἐπίγειος
855 2503 1041 2557 δαπανηρὰ
1061 2498 1167 2554 μόνον

140 2562 236 2610 ἐστὶ,
255 2562 314 2601 καὶ
334 2562 454 2615 κέρδος
467 2564 563 2603 οὐδὲν
579 2565 665 2616 ἔχει.

196 2864 302 2901 Ποῖον
335 2863 403 2916 γὰρ
433 2865 472 2902 ἂν
501 2866 634 2917 γένοιτο
659 2867 779 2919 κέρδος
807 2869 847 2906 ἐκ
865 2870 928 2915 τῆς
952 2871 1021 2907 τῶν
1043 2868 1164 2920 δήμων

143 2924 334 2976 εὐφημίας
355 2927 430 2963 εἶπέ
449 2942 518 2976 μοι.
545 2929 619 2973 Τῆς
642 2929 790 2982 ἑσπέρας
809 2929 877 2983 γὰρ
895 2931 1166 2978 καταλαὸούσης

142 2984 267 3028 εὐθέως
288 2989 306 3024 ὁ
325 2985 445 3037 κρότος
470 2989 596 3032 ἐκεῖνος
615 2990 674 3028 καὶ
694 2994 712 3029 ὁ
728 2991 868 3044 θόρυὸος
888 2992 979 3035 ἅπας
996 2991 1162 3044 μαραίνε-

141 3062 219 3092 ται,
239 3046 299 3084 καὶ
324 3048 561 3099 παρελθούσης
585 3051 648 3095 τῆς
674 3051 919 3104 πανηγύρεως,
943 3052 1063 3105 ὥσπερ
1082 3054 1165 3105 ὄναρ

141 3109 377 3161 τρυφήσαντες
393 3137 403 3155 ,
432 3108 539 3154 οὕτως
569 3110 692 3163 ἔρημοι
711 3111 827 3159 πάσης
852 3113 1081 3153 καθίστανται
1109 3116 1166 3153 εὖ-

144 3170 314 3222 φροσύνης
326 3198 336 3215 ,
355 3170 415 3208 καὶ
437 3169 514 3209 οὔτε
539 3170 602 3218 τὴν
620 3172 690 3211 ἀπὸ
708 3177 768 3212 τοῦ
787 3174 956 3227 στεφάνου
973 3206 982 3221 ,
1007 3175 1085 3214 οὔτε
1103 3176 1165 3223 τὴν

143 3230 214 3268 ἀπὸ
239 3233 301 3277 τῆς
323 3233 448 3278 στολῆς
476 3234 537 3278 τῆς
562 3233 728 3286 λαμπρᾶς
748 3234 807 3272 καὶ
822 3238 885 3282 τ’ἦς
909 3236 1018 3284 ἄλλης
1036 3253 1165 3289 φαντα-

187 3345 202 3360 ¹¹
224 3333 320 3368 Colb.
338 3344 371 3369 et
386 3337 468 3381 Reg-
484 3342 728 3382 κυκλοςτάθμοις.

191 3385 207 3401 ⁸
230 3386 349 3430 [Sat-il.
365 3394 439 3431 ἴστε,
456 3389 570 3422 Morel.
585 3397 618 3422 et
635 3389 754 3423 Monts.
771 3393 875 3434 ἴδιτε.]

2090 194 2180 253 343

1180 290 1204 320 Ε
1227 293 1294 332 Dei
1318 293 1446 332 domus
1474 308 1547 331 csse
1571 292 1675 332 debet
1706 294 1938 334 adolescentis
1971 298 2106 339 animat
2142 314 2184 336 n«-

1226 354 1368 406 vulgari
1398 353 1545 406 quidem
1574 355 1717 407 dignari
1750 355 1862 394 cura?
1890 356 1986 395 Vide
2018 372 2060 395 ne
2090 358 2182 397 idem

1226 415 1374 464 audias,
1407 416 1505 467 quod
1537 416 1624 455 olim
1661 416 1807 455 audiere
1842 417 1970 456 Judaei.
2006 420 2098 457 Nam
2132 421 2183 458 illi

1229 487 1457 530 posteaquam
1478 492 1496 516 a
1516 479 1724 531 captivitate
1740 481 1870 519 reversi
1888 481 2061 533 templum
2082 492 2186 520 matt·-

1229 538 1316 576 riale
1333 539 1533 589 neglectum
1562 539 1744 587 viderunt,
1766 551 1799 579 et
1818 541 1909 579 :edes
1931 557 2012 580 suas
2031 558 2186 582 exorna-

1228 609 1325 646 runt,
1348 600 1437 637 adeo
1466 602 1579 638 Deum
1606 612 1877 654 exasperatum,
1910 613 1947 641 ut
1976 618 2043 642 non
2072 605 2187 644 solum

1229 660 1383 698 mitteret
1399 661 1449 698 eis
1473 662 1698 714 proplietam,
1716 663 1778 714 qui
1800 665 1928 702 sitnwtll
1947 666 2186 711 minitaretur,

1230 736 1467 775 magnamque
1481 738 1598 761 rerum
1615 725 1890 764 necessariarum
1913 728 2109 778 penuriam,
2128 727 2189 766 scd

1228 784 1321 822 lianc
1338 784 1445 822 etiam
1465 786 1751 824 comminationis
1771 802 1914 826 causam
1933 788 2157 839 eltquvrvtur
2179 805 2186 826 :

1232 848 1253 882 Ι
1259 847 1306 883 'os
1322 847 1477 898 quidem
1494 848 1683 885 habitatis
1696 851 1737 885 in
1756 850 1930 887 domibus
1960 851 2152 901 laqueatis

1173 939 1220 963 723
1231 908 1368 947 domus
1384 918 1514 946 autem
1541 924 1627 947 mea
1646 911 1799 949 deserta
1824 920 1892 949 est.
1919 911 2025 959 Quod
2044 913 2071 949 si
2091 912 2190 951 illius

1186 979 1209 1006 Α
1232 969 1356 1022 templi
1370 970 1550 1021 neglectus
1567 980 1699 1009 tantam
1713 972 1885 1010 excitavit
1899 972 1989 1011 iram
2005 974 2186 1025 Numinis,

1231 1031 1348 1070 multo
1367 1031 1481 1083 magis
1502 1032 1610 1085 liujus
1637 1034 1759 1086 templi
1783 1034 1962 1085 neglectus
1983 1035 2026 1072 ad
2051 1035 2192 1073 iracun-

1232 1092 1331 1130 diam
1359 1094 1570 1145 provocabit
1589 1095 1787 1133 Dominum
1802 1112 1810 1132 :
1826 1096 2003 1148 siquidem
2021 1097 2088 1135 lioc
2106 1107 2193 1135 tem-

1235 1154 1336 1207 plum
1353 1163 1450 1193 tanto
1465 1165 1516 1194 est
1530 1156 1592 1194 illo
1607 1157 1831 1207 honoratius,
1850 1168 1983 1209 quanto
2000 1159 2104 1210 plura
2124 1160 2192 1198 ha-

1234 1216 1295 1254 het
1319 1217 1562 1256 sanctimoniae
1583 1219 1761 1272 symbola.
1786 1221 1883 1258 Cave
1902 1219 2028 1271 igitur,
2048 1234 2091 1257 ne
2106 1229 2194 1258 tem-

1235 1278 1336 1330 plum
1359 1279 1425 1316 Dei
1445 1278 1509 1317 fiat
1528 1279 1696 1332 spelunca
1724 1279 1918 1329 latronum,
1934 1294 1977 1318 ne
1993 1290 2027 1318 et
2045 1281 2194 1319 alteram

1234 1339 1360 1377 audias
1397 1340 1683 1393 objiugationem
1697 1371 1709 1392 ,
1754 1355 1824 1394 qua
1865 1341 2031 1381 Christus
2071 1343 2191 1395 objur-

1235 1400 1334 1451 gavit
1370 1400 1529 1450 Judaeos,
1564 1401 1687 1441 dicens
1711 1405 1891 1442 :Domus
1929 1406 2063 1442 Patris
2101 1408 2394 1451 mei‚31a11h.21.

1236 1463 1372 1500 domus
1399 1466 1636 1514 precationis
1668 1473 1754 1502 est:
1779 1479 1851 1504 vos
1884 1475 2016 1504 autem
2041 1468 2192 1518 fecistis
2211 1453 2257 1483 ¹3·

1236 1537 1323 1561 eam
1350 1524 1580 1576 speluncam
1610 1526 1821 1564 latronum.
1845 1527 1916 1565 Sed
1944 1528 2124 1579 quomodo
2153 1530 2194 1567 sit

1236 1586 1405 1638 spelunca
1438 1586 1641 1625 latronum?
1677 1589 1769 1626 Cum
1810 1589 1967 1641 patimur
2002 1590 2194 1629 illiberales

1236 1661 1277 1685 ac
1290 1647 1436 1686 serviles
1451 1649 1753 1702 concupiscentias
1769 1650 2027 1702 libidinemque
2046 1652 2192 1701 intrare,

1237 1707 1426 1760 sedemque
1457 1709 1566 1761 figere
1596 1710 1632 1748 in
1666 1711 2014 1751 adolescentulorum
2052 1713 2193 1751 animis.

1238 1768 1346 1806 Tales
1367 1768 1464 1806 enim
1492 1769 1721 1821 cogitationes
1752 1769 2020 1823 perniciosiores
2039 1780 2122 1809 sunt
2139 1771 2193 1810 la-

1238 1828 1419 1875 tronibus,
1441 1844 1519 1881 quae
1546 1845 1740 1883 puerorum
1771 1831 2027 1883 ingenuitatem
2051 1842 2197 1871 vertunt

1238 1890 1274 1928 in
1293 1891 1516 1938 servitutem,
1535 1892 1700 1944 ipsosque
1716 1893 1833 1931 brutis
1854 1893 2114 1946 cupiditatibus
2133 1894 2195 1932 de-

1237 1948 1329 1987 dunt
1361 1949 1536 2002 captivos,
1573 1951 1732 2002 undique
1763 1951 2002 1990 confodientes
2030 1953 2126 2002 illos,
2155 1967 2197 1991 ac

1239 2019 1393 2048 mentem
1423 2010 1570 2049 illorum
1595 2011 1720 2050 multis
1753 2012 1940 2065 implentes
1970 2012 2192 2051 vulneribus.

1240 2070 1468 2125 Quapropter
1485 2072 1563 2110 haec
1585 2072 1746 2124 quotidie
1762 2072 2011 2126 dispiciamus,
2028 2084 2062 2112 et
2075 2075 2196 2114 verbis

1239 2147 1304 2186 pro
1323 2134 1455 2172 scutica
1476 2142 1626 2184 utentes,
1645 2149 1768 2173 omnes
1787 2135 1827 2174 id
1847 2149 1958 2187 genus
1982 2136 2130 2174 affectus
2150 2137 2196 2175 ab

1239 2194 1385 2233 illorum
1419 2195 1549 2233 animis
1578 2195 1815 2248 depellamus,
1837 2211 1908 2248 quo
1927 2197 2096 2237 videlicet
2126 2199 2195 2237 filii

1238 2256 1426 2295 nobiscum
1444 2256 1590 2295 caelestis
1613 2257 1769 2295 civitatis
1788 2258 1930 2296 valeant
1956 2273 2030 2297 esse
2049 2259 2196 2312 partici-

1237 2332 1314 2371 pes,
1335 2327 1367 2357 et
1387 2318 1598 2357 universum
1627 2318 1767 2357 cultum
1797 2320 1859 2371 qui
1889 2320 2088 2358 celebratur
2121 2321 2196 2360 illie

1237 2379 1305 2418 rite
1328 2394 1508 2433 peragere.
1544 2382 1670 2418 Annon
1702 2380 1832 2419 videtis
1860 2382 2074 2432 frequenter,
2098 2384 2196 2434 quod

1237 2442 1300 2493 qui
1320 2441 1356 2480 in
1376 2441 1530 2480 urbibus
1557 2451 1758 2491 versantur,
1779 2457 1908 2494 pueros
1935 2457 2050 2495 nuper
2067 2459 2086 2481 a
2107 2445 2195 2482 lacte

1236 2503 1406 2556 depulsos
1433 2503 1692 2555 thallophoros,
1707 2512 1768 2541 aut
1785 2503 2027 2555 agonothetas,
2041 2514 2103 2542 aut
2119 2519 2195 2543 cer·

1236 2565 1412 2604 taminum
1445 2565 1642 2616 praefectos,
1673 2573 1736 2601 aut
1769 2565 1978 2602 chorearum
2006 2566 2194 2617 magistros

1235 2627 1399 2667 faciunt?
1418 2625 1519 2664 Idem
1535 2634 1569 2663 et
1592 2639 1652 2663 nos
1678 2625 1864 2673 faciamus,
1887 2641 1906 2664 a
1927 2627 2054 2679 primis
2072 2628 2193 2666 statim

1235 2688 1337 2727 annis
1366 2686 1577 2725 inducamus
1596 2700 1656 2725 eos
1679 2686 1723 2725 ad
1742 2686 1972 2740 disciplinam
2003 2688 2188 2727 caelestem.

1236 2746 1423 2796 Siquidem
1437 2744 1513 2782 haec
1528 2754 1675 2793 terrena,
1693 2760 1775 2784 cum
1795 2746 2018 2800 impendium
2038 2747 2190 2798 adferat,

1236 2809 1393 2847 fructum
1407 2816 1524 2845 tamen
1542 2807 1684 2845 nullum
1700 2807 1818 2846 habet.

1192 1657 1214 1686 B

1290 2871 1327 2909 5.
1357 2870 1463 2918 Nam,
1487 2883 1606 2919 quaeso
1628 2878 1673 2915 te,
1697 2869 1778 2920 quis
1803 2870 1941 2909 fructus
1956 2866 2030 2910 es'se
2046 2873 2155 2925 possit
2173 2887 2193 2911 e
2228 2877 2391 2926 ⁰³³‘ll‘l³¹¹²

2204 2922 2315 2988 5:3¹5„ssss
2335 2929 2390 2998 ‚¹2

1238 2993 1346 3045 parit,
1361 2991 1455 3029 illico
1472 2991 1618 3043 plausus
1632 2992 1694 3029 ille
1707 3001 1872 3043 totusque
1887 2994 2061 3033 tumultus
2075 3010 2189 3033 emar·
2205 3013 2301 3032 venes.

1236 2930 1403 2984 populari
1424 2930 1624 2982 applausu?
1639 2931 1755 2969 Simul
1777 2940 1816 2968 ut
1841 2946 1985 2985 vespera
2003 2948 2065 2972 nos
2086 2949 2190 2972 occu-

1238 3052 1344 3090 cescit
1359 3068 1366 3088 :
1382 3065 1424 3089 ac
1443 3051 1530 3089 sesto
1546 3061 1699 3103 peract0‚
1717 3052 1864 3105 perinde
1876 3055 1977 3105 quasi
1992 3055 2027 3092 in
2044 3056 2191 3093 somniis

1238 3113 1370 3151 fuerint
1399 3111 1573 3161 deliciati,
1604 3112 1653 3150 ita
1680 3113 1776 3152 omni
1808 3115 1993 3167 voluptate
2030 3116 2191 3153 destituti

1238 3174 1451 3221 consistunt;
1470 3187 1533 3211 nec
1551 3187 1571 3210 a
1591 3187 1733 3221 corona,
1758 3189 1820 3213 nee
1839 3190 1858 3213 a
1875 3176 2062 3225 magnilica
2080 3185 2188 3224 veste,

1191 3247 1215 3276 D
1239 3250 1303 3275 nec
1317 3251 1337 3274 a
1356 3236 1495 3286 reliquo
1510 3235 1601 3272 fastu
1621 3231 1787 3275 universo
1806 3246 2011 3288 conceptam
2031 3236 2194 3288 volupta-

1228 3353 1241 3366 Ἀ
1265 3340 1449 3374 Colbertiui
1466 3339 1596 3374 addunt
1617 3347 1665 3376 καὶ
1683 3348 1935 3385 yvpvmzdszxon,
1955 3348 1987 3373 et
2004 3341 2082 3385 Reg.
2109 3354 2192 3385 quo-

1185 3405 1260 3437 que.
1281 3395 1321 3427 ln
1337 3392 1452 3427 Morel.
1473 3401 1506 3426 et
1522 3393 1704 3427 Saxihhaec
1719 3405 1784 3427 vox
1801 3393 1925 3425 deerat.

1931 3437 1990 3474 55.

2175 868 2185 888 .·
2204 858 2286 892 Age.
2328 880 2333 885 .
2364 857 2387 884 Ἀ

2209 1497 2279 1523 Luc.
2290 1502 2324 1532 19
2342 1492 2378 1531 46
2388 1515 2393 1520 ,
