2516 3791
767 272 811 301 ix
849 273 1038 303 CAP.XL

148 356 206 396 τὸν
225 355 476 408 εὗσπλαγχνον,
492 354 552 393 καὶ
579 354 810 408 ἐπιτρέχοντα
829 358 930 405 ἡμῶν
952 358 995 408 τῇ
1016 357 1173 411 σωτηρίᾳ

147 415 408 468 ἐκκαλεσάμεθα
425 416 511 469 πρὸς
524 414 588 462 τὴν
605 415 734 454 οἰκείαν
751 416 1173 468 ἀντίληψιν;Παιδεύσω-

1077 273 1238 304 ΟΕΝΕὸ.

147 494 210 529 μεν
229 476 342 516 τοίνυν
359 476 500 520 ἑαυτοὺς
520 476 822 521 δυσαποσπάστως
841 477 946 530 ἔχειν,
970 479 1029 516 καὶ
1052 480 1171 525 διηνε-
1209 484 1214 489 “

146 541 215 583 κῶς
235 545 311 582 ταῖς
328 544 538 591 προσευχαῖς
557 539 828 589 προσηλῶσθαι,
843 539 902 576 καὶ
922 541 955 577 ἐν
973 538 1090 592 ἡμέρᾳ
1111 540 1171 578 καὶ

143 601 182 638 ἐν
204 600 324 647 νυκτὶ,
345 600 404 638 καὶ
426 600 558 650 μᾶλλον
574 601 609 637 ἐν
628 599 748 646 νυκτὶ,
767 599 823 637 ὅτε
843 600 953 643 οὐδεὶς
973 603 990 638 6
1003 601 1170 651 ἐνοχλῶν,

141 660 203 700 ὅτε
231 660 344 707 πολλὴ
373 663 441 699 τῶν
470 662 647 710 λογισμῶν
679 663 701 704 ἡ
738 660 894 711 γαλήνη,
913 660 970 698 ὅτε
999 660 1113 706 πολλὴ
1147 664 1168 706 ἡ

146 719 295 772 ἡσυχία,
311 720 371 758 καὶ
384 722 542 772 ταραχῆς
563 719 660 762 ἐκτὸς
682 719 721 757 τὸ
750 720 939 769 δωμάτιον,
955 719 1090 762 οὐδενὸς
1109 718 1169 756 ὄν-

145 796 204 825 τος
232 786 292 820 τοῦ
323 782 508 832 ἐκκροῦσαι
541 780 750 830 δυνάμενου,
787 780 846 817 καὶ
880 781 1080 825 ἀποστῆσαι
1107 782 1169 825 τῆς

145 841 332 895 προσόδου,
359 840 414 880 ὅτε
451 845 466 862 ‘¹
478 841 679 894 συνηρμένη
713 840 937 892 τυγχάνουσα
970 843 991 886 ἡ
1034 839 1169 878 διάνοια

142 903 258 942 πάντα
287 903 375 954 μετὰ
412 902 592 955 ἅκριὲείας
623 902 811 940 ἀναθέσθαι
845 901 989 939 δύναται
1022 904 1072 953 τῷ
1099 902 1167 938 τῶν

140 965 264 1017 ψυχῶν
284 966 408 1016 ἰατρῷ.
433 966 477 1002 Εἰ
495 963 563 1016 γὰρ
583 966 601 1001 ὁ
618 963 789 1014 μακάριος
810 961 920 1000 Δαυὶδ
932 991 942 1010 ,
963 964 981 999 6
1005 961 1168 1013 βασιλεὺς

139 1029 228 1076 ὁμοῦ
252 1025 311 1064 καὶ
333 1026 536 1079 προφήτης,
558 1024 626 1063 ὑπὸ
645 1024 816 1064 τοσούτων
845 1023 1055 1076 ὀχλούμενος
1076 1039 1167 1075 πρα-

138 1087 298 1137 γμάτων,
329 1087 387 1125 καὶ
422 1086 613 1138 ἁλουργίδα
647 1085 708 1124 καὶ
735 1085 890 1135 διάδημα
925 1083 1168 1138 περικείμενος

139 1146 256 1199 ἔλεγε·
288 1147 525 1187 Μεσονύκτιον
545 1147 773 1201 ἐξηγειρόμην
799 1151 860 1185 τοῦ
885 1145 1167 1197 ἐξομολογεῖσθαί

140 1223 194 1246 σοι
215 1209 272 1247 ἐπὶ
291 1209 336 1248 τὰ
350 1209 505 1261 κρίματα
523 1212 586 1255 τῆς
603 1208 820 1256 δικαιοσύνης
842 1224 902 1247 σου
919 1224 926 1231 ·
945 1208 980 1245 τί
995 1206 1036 1244 ἂν
1054 1207 1163 1245 εἴποι-

140 1285 204 1319 μεν
223 1273 346 1321 ἡμεῖς,
361 1274 392 1309 οἱ
411 1271 469 1309 τὸν
489 1270 662 1309 ’ἰδιωτικὸν
682 1270 742 1308 καὶ
772 1269 983 1323 ἀπράγμονα
1003 1268 1078 1320 βίον
1100 1284 1163 1318 με-

138 1330 289 1378 τιόντες,
308 1331 367 1369 καὶ
384 1331 472 1382 μηδὲ
492 1331 536 1370 τὰ
556 1331 645 1369 αὐτὰ
661 1330 783 1385 ἐκείνῳ
801 1335 997 1377 ποιοῦντες,
1015 1328 1162 1376 Ἐπειδὴ

137 1392 205 1444 γὰρ
222 1393 257 1430 ἐν
273 1392 389 1444 ἡμέρᾳ
408 1394 523 1431 πολλὰ
546 1387 638 1445 εἶχεν
656 1393 759 1432 αὐτὸν
779 1392 824 1430 τὰ
839 1394 1068 1443 περισπῶντα
1080 1418 1089 1436 ,
1105 1390 1164 1428 καὶ

139 1453 246 1497 πολὺς
265 1447 307 1500 ἦν
327 1457 345 1492 6
361 1456 428 1492 τῶν
450 1454 669 1506 πραγμάτων
690 1454 813 1506 ὄχλος,
834 1453 893 1492 καὶ
922 1450 1036 1497 πολλὴ
1057 1453 1079 1497 ἡ
1099 1466 1165 1488 τα-

140 1514 253 1566 ραχὴ,
286 1514 346 1552 καὶ
378 1515 496 1568 καιρὸν
526 1517 592 1568 οὐχ
627 1514 791 1568 ηὕρισκεν
824 1513 1020 1560 ἐπιτήδειον
1049 1514 1164 1564 ἑαυτῷ

139 1577 224 1629 πρὸς
236 1575 300 1623 τὴν
320 1576 483 1622 τοιαύτην
502 1577 686 1630 πρόσοδον,
701 1576 759 1615 τὸν
777 1579 841 1623 τῆς
859 1575 1009 1619 ἀνέσεως
1028 1573 1164 1626 καιρὸν,

136 1638 174 1676 ὃν
195 1637 306 1689 ἕτεροι
333 1637 442 1677 ὕπνου
463 1641 644 1677 ποιοῦνται
676 1638 797 1691 καιρὸν
831 1636 890 1675 ἐπὶ
918 1638 987 1674 τῶν
1016 1636 1162 1674 ἁπαλῶν

134 1699 352 1751 στρωμάτων
371 1699 684 1750 κατακεκλιμένοι,
704 1699 764 1738 καὶ
791 1693 859 1737 ὧδε
881 1700 1027 1736 κάκεῖσε
1060 1711 1161 1748 περι-

138 1760 384 1813 στρεφόμενοι,
399 1762 418 1797 ὁ
439 1760 618 1811 βασιλεὺς,
637 1764 655 1799 6
687 1760 860 1807 τοσαύτην
893 1757 1164 1809 ἀναδεδεγμένος

138 1821 325 1873 φροντίδα,
356 1821 526 1874 προσόδου
556 1822 675 1875 καιρὸν
696 1823 865 1869 ἐποιεῖτο,
891 1823 969 1859 κατ’
1003 1819 1092 1856 ἰδίαν
1113 1821 1162 1870 τῷ

137 1885 222 1935 θεῷ
241 1883 488 1934 διαλεγόμενος
503 1914 512 1931 ,
533 1884 593 1921 καὶ
614 1885 808 1937 εἰλικρινεῖς
830 1882 890 1921 καὶ
906 1881 1161 1931 συντεταμένας

137 1943 201 1987 τὰς
219 1943 324 1997 εὐχὰς
342 1943 546 1994 ποιούμενος
557 1975 566 1991 ,
580 1945 682 1991 ἤνυεν
698 1944 787 1996 ἅπερ
802 1944 921 1991 ἤθελε·
940 1943 999 1981 καὶ
1015 1942 1073 1980 διὰ
1092 1945 1159 1980 τῶν

138 2008 342 2057 προσευχῶν
357 2004 488 2043 τούτων
507 2004 584 2048 τοὺς
597 2005 770 2055 πολέμους
785 2003 963 2057 κατώρθου
975 2035 983 2051 ,
994 2003 1159 2057 τρόπαιον

138 2065 254 2112 ἱστὰς,
276 2066 336 2104 καὶ
369 2065 464 2109 νίκας
485 2066 595 2110 νίκαις
624 2066 820 2104 συνάπτων.
849 2060 939 2117 Εἶχε
956 2065 1023 2118 γὰρ
1055 2064 1160 2103 ὅπλον

138 2127 347 2178 ἀχείρωτον,
384 2127 447 2174 τὴν
481 2128 611 2165 ἄνωθεν
645 2126 866 2179 συμμαχίαν,
895 2128 933 2164 οὗ
964 2126 1048 2178 πρὸς
1081 2125 1160 2169 τοὺς

137 2187 235 2241 παρὰ
262 2191 332 2226 τῶν
349 2187 552 2239 ’ἀνθρώπων
582 2188 756 2237 πολέμους
787 2188 932 2241 ἀρκέσαι
966 2186 1158 2238 δυναμένην

137 2249 254 2298 μόνον,
273 2248 363 2287 ἀλλὰ
381 2249 440 2287 καὶ
468 2249 554 2300 πρὸς
577 2249 640 2292 τὰς
671 2253 740 2288 τῶν
763 2248 938 2299 δαιμόνων
966 2248 1158 2300 φάλαγγας.

135 2311 171 2348 Τ
172 2313 269 2348 οῧτον
287 2310 401 2348 τοίνυν
417 2310 477 2348 καὶ
495 2314 597 2360 ἡμεῖς
614 2309 852 2361 μιμησώμεθα
864 2340 874 2358 ,
895 2312 926 2347 οἱ
946 2311 1082 2347 ἰδιῶται
1100 2309 1158 2347 τὸν

137 2371 302 2422 βασιλέα,
320 2370 377 2409 τὸν
399 2371 610 2424 ἀπράγμονα
633 2372 693 2410 καὶ
721 2371 864 2424 ἡσύχιον
890 2370 964 2423 βίον
981 2370 1160 2421 μετιόντες

134 2433 195 2470 τὸν
214 2435 248 2471 ἐν
266 2432 442 2486 ἁλουργίδι
458 2433 517 2472 καὶ
536 2432 726 2483 διαδήματι
744 2432 801 2470 τὸν
815 2436 883 2471 τῶν
901 2436 1064 2485 μοναχῶν
1084 2430 1157 2483 βίον

135 2494 469 2545 ὑπερακοντίσαντα.
491 2494 614 2532 Ἄκουε
643 2494 711 2547 γὰρ
737 2495 842 2532 πάλιν
866 2495 969 2531 αὐτοῦ
1001 2495 1157 2546 ἀλλαχοῦ

136 2554 311 2605 λέγοντος·
330 2555 501 2607 Ἐγενῆθη
516 2555 560 2594 τὰ
579 2555 711 2607 δάκρυά
725 2570 790 2606 μου
807 2555 884 2606 ἐμοὶ
902 2555 1003 2608 ἄρτος
1021 2555 1156 2609 ἡμέρας

136 2615 196 2653 καὶ
215 2616 348 2659 νυκτός.
364 2611 462 2660 Εἶδες
481 2616 595 2669 ψυχὴν
614 2619 648 2655 ἐν
662 2617 811 2664 διηνεκεῖ
829 2615 1010 2661 κατανύξει
1027 2616 1156 2668 τυγχά-

135 2692 283 2724 νουσαν,
304 2677 349 2716 Ἡ
371 2678 480 2731 τροφή
501 2694 590 2728 μου,
611 2678 726 2731 φησὶν,
754 2682 772 2716 ὁ
798 2678 898 2731 ἄρτος
925 2695 1009 2730 μου,
1028 2682 1050 2726 ἡ
1065 2679 1158 2716 ἑστί-

137 2737 214 2782 ασίς
234 2754 299 2789 μου
325 2738 420 2777 οὐδὲν
435 2738 550 2791 ἕτερον
568 2734 623 2787 ἦν,
641 2739 663 2786 ἢ
683 2739 727 2777 τὰ
742 2739 875 2792 δάκρυά
903 2755 968 2791 μου
997 2743 1031 2779 ἐν
1059 2738 1158 2778 νυκτὶ

136 2800 244 2838 καὶέν
265 2799 394 2854 ἡμέρα.
414 2801 483 2838 Καὶ
501 2801 620 2849 πάλιν,
640 2801 838 2840 Ἔκοπίασα
853 2803 886 2839 ἐν
906 2804 957 2854 τῷ
973 2804 1157 2853 στεναγμῷ

137 2876 223 2911 μου,
241 2859 356 2900 λούσω
373 2863 450 2899 καθ’
471 2861 622 2908 ἑκάστην
653 2862 759 2901 νύκτα
777 2861 841 2910 τὴν
868 2861 989 2910 κλίνην
1009 2877 1087 2912 μου.
1111 2861 1159 2900 Τί

138 2925 280 2975 ἐροῦμεν
297 2925 399 2972 ἡμεῖς
417 2921 439 2968 ἢ
454 2921 488 2960 τί
504 2923 812 2975 ἀπολογησόμεθα,
827 2923 905 2963 οὐδὲ
926 2923 989 2971 τὴν
1013 2925 1091 2971 ἴσην
1110 2926 1159 2975 τῷ

134 2985 274 3034 βασιλεῖ
298 2985 348 3035 τῷ
367 2984 434 3022 ὑπὸ
453 2984 625 3023 τοσούτων
651 2985 869 3038 πραγμάτων
900 2985 1159 3039 περισπωμένῳ

135 3043 320 3088 κατάνυξιν
355 3044 590 3089 ἐπιδείξασθαι
627 3047 832 3098 βουλόμενοι
843 3063 853 3095 ;
882 3046 930 3085 Τί
967 3046 1052 3100 γὰρ,
1084 3045 1161 3084 εἰπέ

136 3121 208 3157 μοι,
225 3109 294 3144 τῶν
321 3108 509 3159 ὀφθαλμῶν
534 3108 673 3147 ἐκείνων
698 3109 907 3162 ὡραιότερον
923 3111 992 3146 τῶν
1014 3109 1080 3146 ὑπὸ
1100 3110 1162 3153 τῆς

136 3166 316 3221 συνεχείας
345 3171 414 3206 τῶν
444 3169 616 3223 δακρύων,
643 3170 803 3222 καθάπερ
831 3170 899 3208 ὑπὸ
933 3172 1160 3222 μαργαριτῶν

137 3242 254 3275 τινων,
284 3230 649 3281 κεκαλλωπισμένων,
668 3225 768 3275 Εἶδες
795 3231 854 3269 τὸν
877 3232 1028 3282 βασιλέα
1041 3230 1103 3269 καὶ
1123 3231 1157 3268 ἐν

138 3288 238 3326 νυκτὶ
253 3289 314 3327 καὶ
331 3290 366 3327 ἐν
381 3290 498 3344 ἡμέρᾳ
518 3291 680 3343 δακρύοις
700 3291 759 3329 καὶ
782 3293 903 3344 εὐχαῖς
925 3291 1046 3330 ἑαυτὸν
1067 3291 1162 3330 ἐκδε-

137 3348 287 3388 δωκότα·
307 3350 371 3404 ὅρα
400 3351 460 3390 καὶ
490 3352 548 3391 τὸν
573 3356 636 3399 τ’ῆς
663 3352 866 3403 οἰκουμένης
888 3353 1097 3392 διδάσκαλον
1129 3355 1162 3391 ἐν

182 3447 198 3462 ⁸
218 3436 280 3469 Alii
297 3446 470 3482 συνηγμένη.

347 3496 442 3521 του.
476 3498 531 3522 tv.

1192 979 1215 1008 B

1276 275 1433 307 nonu„
1473 279 1578 309 xxx.
2107 270 2195 315 35⁷»

1246 360 1340 398 tem?
1367 361 1441 400 Nos
1457 376 1541 414 ergo
1560 362 1806 411 instituamus,
1831 374 1868 401 ut
1893 364 2042 403 difficile
2063 369 2196 406 avella—

1244 434 1339 472 mur,
1360 431 1394 460 et
1423 432 1595 476 perpetuo
1626 424 1793 477 precihus
1826 424 2090 475 incumbamus,
2125 436 2197 465 tam

1241 481 1319 529 dic,
1346 498 1452 534 quam
1479 493 1606 533 noctu;
1644 485 1716 524 imo
1750 485 1864 537 magis
1902 495 2020 532 noctu,
2054 487 2198 536 quando

1243 543 1363 582 nullus
1383 544 1610 595 interturbat,
1627 546 1771 597 quando
1794 560 1922 597 magna
1940 547 2197 597 cogitationum

1241 605 1495 655 tranquillitas,
1533 607 1675 658 quando
1715 608 1836 645 nullus
1872 607 1972 646 domi
2008 609 2196 658 tumultus,

1241 665 1383 713 quando
1404 666 1523 704 nullus
1547 677 1598 705 cst
1617 668 1679 719 qui
1699 669 1744 706 ab
1777 682 1918 706 accessu
1952 669 2141 721 probibeat
2163 680 2198 708 et

1239 724 1407 774 abducat,
1432 728 1576 777 quando
1605 739 1717 766 erecta
1742 744 1840 766 mens
1859 730 1978 767 omnia
2004 730 2196 782 diligenter

1239 786 1369 824 rosei-re
1384 796 1496 838 potest
1510 789 1711 827 animarum
1728 790 1878 827 medico.
1902 791 1940 828 Si
1957 792 2051 829 enim
2070 792 2196 829 beatus

1241 847 1378 897 David,
1396 862 1459 886 rex
1479 849 1585 887 sinml
1606 865 1647 887 ae
1667 850 1852 902 propbeta,
1870 852 1976 888 tantis
1999 853 2195 904 implicitus

1240 909 1405 960 negotiis,
1424 925 1584 963 purpura
1604 920 1637 949 ct
1660 910 1862 948 diademate
1883 911 2055 960 amictus,
2072 913 2168 951 dicat
2185 930 2192 949 ε

1240 971 1375 1009 Media
1398 981 1508 1010 nocte
1533 974 1737 1025 surgebam
1753 973 1807 1009 ad
1827 973 2093 1024 confitendum
2124 977 2194 1011 tibi

1238 1045 1350 1083 super
1373 1034 1526 1085 judicia
1538 1036 1701 1085 justitia,²
1719 1041 1794 1070 tuce
1816 1048 1826 1068 :
1847 1031 1934 1083 quid
1958 1047 2019 1070 nos
2033 1033 2193 1072 dicemus

1238 1093 1299 1142 qui
1319 1093 1498 1145 privatam
1523 1103 1555 1132 et
1587 1094 1738 1131 otiosam
1768 1093 1879 1132 vitam
1907 1092 2059 1144 agimus,
2081 1109 2194 1146 neque

1238 1153 1362 1191 cadem
1385 1169 1463 1205 qua:
1483 1155 1544 1192 ille
1562 1154 1737 1192 facimus?
1754 1155 1846 1192 Nam
1867 1167 1949 1191 cum
1971 1154 2005 1191 in
2022 1154 2081 1192 die
2100 1156 2193 1193 mul-

1236 1215 1282 1253 tis
1297 1215 1580 1254 circumdaretur
1596 1216 1706 1267 curis,
1728 1214 1892 1267 negotiis,
1909 1224 1942 1252 et
1965 1216 2190 1265 tumultibus,

1236 1290 1299 1314 nec
1319 1285 1458 1329 tempus
1479 1277 1655 1315 inveniret
1678 1285 1802 1330 aptum
1828 1290 1891 1314 suo
1919 1275 1961 1314 ad
1986 1278 2101 1315 Deum
2130 1292 2189 1315 ac-

1236 1338 1364 1387 cessui,
1394 1338 1663 1390 tranquillitatis
1691 1347 1846 1390 tempus,
1867 1336 1965 1388 quod
1984 1337 2047 1375 alii
2068 1353 2191 1376 somno

1235 1399 1447 1452 impendunt
1466 1400 1503 1438 in
1536 1399 1706 1438 mollibus
1738 1399 1856 1437 stratis
1877 1400 2135 1450 recumbentes,
2157 1411 2191 1439 et

1233 1461 1318 1499 hinc
1334 1470 1371 1499 et
1390 1461 1472 1499 inde
1500 1476 1536 1500 se
1560 1470 1753 1508 versante5‚
1785 1475 1849 1499 rox
1877 1461 1985 1498 tantis
2005 1461 2190 1500 districtus

1235 1522 1344 1571 curis,
1378 1521 1571 1560 accedendi
1605 1522 1652 1560 ad
1683 1523 1799 1560 Deum
1839 1531 1981 1574 tempus
2021 1523 2188 1569 faciebat,

1235 1581 1382 1620 seorsim
1402 1583 1478 1620 Deo
1490 1581 1655 1633 loquens,
1671 1590 1705 1619 et
1719 1581 1865 1619 sincerae
1883 1582 2097 1633 intentaeque
2110 1597 2192 1634 pre-

2212 964 2296 992 ῙάαΙ.
2325 963 2391 992 118.

2205 1006 2256 1037 62.

1188 1644 1212 1675 C
1236 1643 1364 1681 cationi
1381 1642 1539 1691 deditus,
1551 1642 1757 1696 perficiebat
1777 1657 2014 1694 quaecumque
2030 1643 2192 1694 volcbat;

1235 1713 1269 1743 et
1287 1705 1509 1743 orationibus
1531 1704 1605 1743 suis
1625 1704 1719 1742 bella
1739 1704 1962 1753 conficiebat,
1989 1714 2193 1757 tropaeaque

1234 1775 1404 1814 statuens,
1434 1766 1625 1805 victoriam
1651 1765 1812 1803 victoriae
1832 1766 2037 1818 copulabat.
2056 1767 2191 1806 Habuit

1234 1828 1330 1865 enim
1358 1827 1491 1866 invicta
1516 1841 1629 1873 arma,
1660 1841 1813 1879 superna
1843 1827 1978 1864 scilicet
2002 1828 2186 1880 praesidia,

1235 1902 1312 1938 quae
1333 1902 1401 1926 non
1430 1887 1546 1926 solum
1575 1887 1620 1925 ad
1651 1888 1809 1925 humana
1841 1887 1934 1925 bella
1970 1889 2190 1928 conficienda

1233 1946 1429 1994 sufficiunt,
1449 1944 1510 1983 sed
1526 1945 1633 1983 etiam
1652 1945 1700 1983 ad
1718 1945 1922 1984 daemonum
1942 1947 2102 1985 cohortes
2129 1949 2186 1986 fu-

1233 2006 1379 2058 gandas.
1396 2007 1513 2059 Igitur
1533 2015 1567 2044 et
1588 2020 1649 2044 nos
1664 2006 1761 2044 hunc
1783 2007 1979 2054 imitemur,
2001 2008 2131 2060 privati
2155 2019 2189 2048 et

1231 2065 1350 2103 idiota:
1365 2080 1498 2118 regem,
1514 2065 1576 2117 qui
1591 2065 1741 2103 otiosam
1758 2075 1791 2104 et
1811 2066 1968 2116 quietam
1985 2067 2099 2106 vitam
2114 2069 2190 2120 agi-

1231 2141 1312 2166 mus
1329 2142 1412 2165 eum
1440 2127 1500 2178 qui
1518 2127 1554 2164 in
1583 2141 1742 2179 purpura
1775 2136 1808 2164 et
1831 2127 2035 2166 diademate
2064 2144 2188 2168 mona-

1232 2188 1381 2226 chorum
1404 2188 1516 2226 vitam
1546 2187 1829 2225 transcendebat.
1857 2188 1955 2227 Audi
1987 2190 2081 2227 enim
2107 2205 2188 2229 eum

1232 2247 1361 2285 iterum
1375 2247 1461 2285 alibi
1476 2247 1653 2285 dicentem
1665 2261 1672 2282 ε
1683 2248 1819 2284 Factoe
1833 2256 1925 2285 sunt
1941 2250 2037 2285 mihi
2057 2250 2186 2299 lacry-
2203 2249 2386 2288 Psal.41.4.

1231 2322 1303 2346 moe
1317 2322 1410 2346 meoe
1419 2321 1542 2360 panes
1554 2308 1617 2345 die
1630 2321 1677 2345 ac
1696 2316 1816 2346 nocte.
1830 2307 1967 2346 Vidisti
1983 2309 2138 2348 animam
2149 2310 2184 2349 in

1231 2369 1398 2407 continua
1417 2368 1718 2421 compunctione?
1740 2368 1918 2407 Alimonia
1939 2384 2030 2418 mea,
2052 2370 2181 2422 inquit,

1228 2430 1331 2483 panis
1357 2444 1468 2479 meus,
1487 2429 1693 2468 convivium
1714 2443 1832 2467 meum
1853 2430 1943 2468 nihil
1966 2431 2066 2469 aliud
2083 2442 2183 2470 erant

1227 2506 1336 2544 quam
1353 2492 1523 2544 lacrymae
1540 2500 1610 2528 tam
1626 2491 1686 2528 die
1703 2505 1810 2541 quam
1830 2501 1942 2530 nocte.
1960 2492 2006 2530 Et
2029 2493 2157 2531 iterum
2174 2510 2182 2530 :

1228 2555 1426 2592 Laboravi
1444 2555 1486 2590 in
1504 2555 1649 2605 gemitu
1678 2565 1776 2601 meo,
1807 2553 1949 2590 lavabo
1966 2568 2036 2604 per
2053 2557 2184 2607 singu·
2200 2553 2285 2581 1³⁵⁰!-
2307 2552 2336 2580 G·
2354 2561 2382 2588 5-

1230 2616 1289 2653 las
1320 2623 1451 2652 noctes
1475 2615 1615 2651 lectum
1646 2627 1784 2651 meum.
1805 2613 1903 2659 Quid
1925 2614 2096 2660 dicemus,
2127 2616 2185 2653 vel

1229 2673 1315 2725 quid
1345 2672 1651 2725 respondebimus,
1682 2671 1744 2721 qui
1772 2685 1884 2722 neque
1903 2686 1980 2709 eam
2012 2687 2184 2725 compun-

1230 2736 1380 2774 ctionem
1400 2734 1568 2772 exbibere
1585 2732 1766 2780 volumus,
1788 2747 1894 2783 quam
1915 2747 1979 2770 rex
2005 2741 2056 2770 tot
2080 2734 2183 2772 obse-

1228 2806 1312 2849 ptus
1344 2795 1494 2846 negotiis
1533 2793 1727 2831 exhibuit?
1774 2792 1968 2840 Quidnam,
2003 2793 2074 2841 dic,
2108 2809 2183 2840 oro,

1230 2858 1342 2897 oculis
1370 2857 1442 2894 illis
1459 2854 1648 2893 formosius
1667 2863 1839 2906 perpetuo
1859 2854 2099 2906 lacrymarum
2116 2855 2183 2893 iri]-

1230 2920 1309 2968 bre,
1327 2928 1360 2957 et
1377 2917 1479 2970 quasi
1496 2915 1771 2967 margaritarum
1787 2915 1913 2954 decore
1928 2916 2089 2954 ornatis?
2111 2917 2180 2956 Vi-

1231 2981 1318 3020 disti
1334 2994 1465 3032 regem,
1485 2978 1545 3030 qui
1566 2977 1730 3015 noctibus
1748 2986 1854 3028 atque
1867 2976 1995 3015 diebus
2014 2978 2183 3030 lacrymis

1231 3043 1466 3097 precibusque
1494 3039 1635 3077 deditus
1668 3039 1735 3076 fuit
1759 3054 1766 3074 :
1793 3048 1910 3091 specta
1940 3048 1974 3076 et
2001 3039 2182 3077 doctorem

1231 3105 1328 3144 orbis
1352 3105 1387 3141 in
1412 3115 1552 3139 carcere
1571 3099 1815 3151 compeditum
1836 3114 1904 3137 una
1932 3114 2012 3138 cum
2032 3101 2122 3149 Sila,
2152 3110 2184 3138 ct

1231 3175 1388 3205 orantem
1408 3173 1478 3201 tota
1496 3170 1608 3209 nocte,
1629 3175 1741 3211 neque
1756 3160 1893 3209 dolore,
1925 3176 2037 3212 neque
2060 3162 2184 3200 vincu-

1230 3228 1276 3266 lis
1306 3224 1505 3279 prohiberi,
1541 3221 1602 3260 sed
1637 3236 1678 3259 eo
1714 3221 1829 3273 magis
1864 3223 2042 3274 ingentem
2077 3223 2184 3260 fervi-

1231 3289 1389 3338 dumque
1426 3297 1582 3322 amorem
1617 3281 1797 3320 declarare
1831 3297 1914 3334 erga
1958 3283 2153 3321 Dominum
2176 3299 2183 3318 :

1233 3349 1385 3390 Paulus
1417 3345 1526 3396 enim,
1557 3342 1684 3395 inquit,
1713 3352 1747 3382 et
1781 3343 1884 3383 Silas
1915 3345 2044 3382 media
2077 3353 2186 3382 nocte
2205 3346 2259 3372 -Μ
2283 3340 2384 3372 “6·’5·

1952 3488 1998 3532 ²¹4
