2516 3791
650 152 692 181 ΙΝ
729 153 829 184 CM».
871 128 933 184 vp-
972 154 1132 185 GENES.

89 250 165 279 ται,
186 233 243 272 καὶ
258 236 292 272 ἐν
308 235 350 285 τῇ
370 233 468 286 φύσει
483 234 541 272 καὶ
558 235 593 272 ἐν
612 235 661 287 τῷ
682 236 850 275 συνειδότι
862 240 961 289 ἡμῶν
980 237 1105 276 ἐναπέ-

89 302 164 332 θετο
185 293 246 341 τὴν
268 296 394 345 γνῶσιν
410 298 471 341 τῆς
489 295 613 339 κακίας
631 296 690 333 καὶ
707 301 769 344 τῆς
798 300 943 350 ἀρετῆς,
964 299 1023 336 καὶ
1045 299 1102 338 τὸν

87 354 242 393 διάὅολον
262 354 501 409 συνεχώρησεν
522 349 631 402 εἶναι,
651 357 710 394 καὶ
730 357 794 404 τὴν
825 358 964 409 γέενναν
998 359 1102 406 ἠπεί-

86 415 200 460 λησεν,
220 414 275 452 ἵνα
306 415 394 464 μήτε
431 419 492 462 τῆς
524 416 662 467 γεέννης
693 424 817 471 πεῖραν
846 419 1023 470 λάὸωμεν,
1043 420 1103 458 καὶ

84 476 144 520 τῆς
164 476 341 525 βασιλείας
360 476 594 529 ἐπιτύχωμεν.
607 477 676 516 Καὶ
690 477 725 516 τί
741 480 929 530 θαυμάζεις
943 483 974 519 εἰ
990 483 1101 519 ταῦτα

83 534 219 573 ἅπαντα
240 536 297 575 διὰ
314 540 415 576 τοῦτο
429 538 757 590 ἐπραγματεύσατο,
775 540 834 578 καὶ
855 540 963 593 μυρία
979 540 1100 592 ἕτερα,

83 595 214 634 Δούλου
233 597 368 650 μορφὴν
387 601 405 636 6
422 599 457 635 ἐν
476 604 546 642 τοῖς
572 598 714 643 κόλποις
732 607 803 643 τοῖς
818 607 1000 654 πατρικοῖς
1018 617 1102 652 τυγ-

81 657 197 708 χάνων
232 659 351 696 λαὸεῖν
381 659 603 708 κατεδέξατο,
622 661 682 699 καὶ
709 661 824 700 πάντα
843 661 887 699 τὰ
907 662 997 700 ἄλλα
1016 664 1101 700 ὕπο-

83 723 199 765 μεῖναι
216 718 261 757 τὰ
279 719 464 771 σωματικὰ
475 749 485 767 ,
498 720 557 758 καὶ
575 722 614 758 ἐκ
628 721 788 771 γυναικὸς
800 724 1025 772 γεννηθῆναι,
1041 721 1102 759 καὶ

80 779 119 815 ἐκ
133 778 302 829 παρθένου
320 783 507 831 τεχθῆναι,
527 779 587 816 καὶ
605 782 865 830 ε’ννεαμηνιαῖον
885 784 1100 832 κυοφορηθῆ-

80 853 136 876 ναι
153 840 289 890 χρόνον,
308 840 366 878 καὶ
386 839 571 891 σπάργανα
581 839 743 883 δέξασθαι
754 870 764 887 ,
775 841 835 879 καὶ
848 841 982 891 πατέρα
997 843 1101 880 αὐτοῦ

82 902 284 949 νομισθῆναι
298 900 356 938 τὸν
372 899 502 952 Ἰωσὴφ
517 900 574 938 τὸν
589 902 774 952 μνηστῆρα
789 904 852 947 τῆς
867 901 1008 953 Μαρίας
1019 932 1029 949 ,
1039 901 1100 940 καὶ

80 959 169 997 κατὰ
182 960 304 1013 μικρὸν
319 960 527 1007 αὐξηθῆναι,
546 960 606 998 καὶ
625 964 884 1012 περιτμηθῆναι
903 961 963 1000 καὶ
978 962 1098 1001 θυσίαν

78 1022 285 1071 ἀνενεγκεῖν,
307 1021 366 1059 καὶ
383 1024 565 1068 πεινῆσαι,
576 1020 636 1059 καὶ
655 1021 820 1072 διψῆσαι,
835 1022 894 1061 καὶ
908 1023 1076 1062 κοπιάσαι
1087 1052 1097 1071 ,

78 1080 136 1119 καὶ
157 1082 352 1120 τελευταῖον
377 1081 436 1119 καὶ
461 1082 608 1120 θάνατον
637 1084 838 1132 ὑπομεῖναι,
864 1083 924 1121 καὶ
952 1083 1098 1123 θάνατον

77 1143 141 1193 οὐχ
158 1141 297 1190 ἁπλῶς,
317 1141 406 1180 ἀλλὰ
433 1142 493 1181 τὸν
521 1142 751 1182 ἐπονείδιστον
777 1143 1014 1194 νομιζόμενον,
1037 1144 1096 1183 τὸν

78 1205 224 1254 σταυροῦ
244 1202 356 1253 λέγω·
376 1204 435 1242 καὶ
454 1207 564 1242 ταῦτα
583 1203 722 1242 ἅπαντα
744 1204 786 1241 δι’
822 1208 917 1262 ἡμᾶς
948 1205 1007 1243 καὶ
1032 1205 1096 1253 τὴν

77 1262 252 1314 σωτηρίαν
274 1263 338 1311 τὴν
368 1265 541 1317 ἡμετέραν
561 1264 768 1309 κατεδέξατο
794 1267 812 1302 6
832 1268 901 1303 τῶν
932 1265 1096 1304 ἁπάντων

78 1324 300 1375 δημιουργὸς,
317 1328 334 1363 6
349 1325 598 1373 ἀναλλοίωτος,
619 1329 636 1364 6
650 1327 690 1363 ἐκ
710 1329 770 1364 τοῦ
786 1324 835 1375 μὴ
858 1326 954 1369 ὄντος
982 1328 1030 1370 εἷς
1057 1327 1098 1365 τὸ

76 1377 163 1421 εἶναι
181 1384 224 1423 τὰ
240 1386 354 1423 πάντα
376 1385 603 1438 παραγαγὼν,
619 1389 636 1424 ὁ
651 1385 849 1424 ε’πιὸλέπων
868 1385 926 1423 ἐπὶ
939 1384 1003 1432 τὴν
1017 1389 1096 1437 γῆν,

75 1446 135 1483 καὶ
155 1449 262 1484 ποιῶν
282 1446 389 1494 αὐτὴν
407 1446 562 1499 τρέμειν,
577 1442 616 1485 οἷ
629 1449 692 1492 τῆς
708 1446 807 1493 δόξης
826 1445 889 1493 τὴν
911 1447 1096 1498 ἀστραπὴν

75 1505 150 1544 οὐδὲ
177 1506 222 1544 τὰ
250 1507 447 1559 Χερουὸὶμ,
478 1510 514 1546 αἱ
542 1507 727 1558 ἀσώματοι
754 1506 917 1557 δυνάμεις
945 1509 1095 1556 ἐκεῖναι,

74 1567 156 1605 ἰδεῖν
191 1567 369 1616 δύνανται,
406 1568 484 1607 ἀλλ’
523 1567 802 1620 ἀποστρέφουσαι
830 1567 893 1612 τὰς
922 1569 1017 1620 ὄψεις
1051 1572 1094 1621 effi

73 1628 228 1680 προὸολῆ
244 1632 312 1667 τῶν
330 1629 510 1682 πτερύγων
526 1630 566 1668 τὸ
585 1633 703 1680 θαῦμα
715 1632 800 1679 ἡμῖν
819 1628 1076 1668 ἐπιδείκνυνται
1087 1645 1094 1653 ·

71 1689 109 1728 ὃν
139 1690 196 1728 διὰ
229 1691 357 1735 παντὸς
387 1695 549 1742 ὑμνοῦσιν
582 1691 744 1743 ἄγγελοι,
765 1691 996 1744 ἀρχάγγελοι,
1034 1693 1095 1730 καὶ

73 1750 194 1804 μυρίαι
210 1752 392 1804 μυριάδες·
413 1747 510 1797 οὗτος
530 1753 574 1790 δι’
593 1755 706 1802 ἡμᾶς,
734 1751 793 1789 καὶ
822 1751 886 1798 τὴν
916 1752 1093 1803 σωτηρίαν

1082 1814 1090 1828 x
1105 1798 1152 1822 2¹5

1176 155 1318 188 nonni,
1354 160 1486 190 xxur.
2034 153 2124 199 25⁸3

1175 241 1331 292 reposuit
1359 242 1541 280 scientiam
1572 241 1655 281 boni
1684 253 1717 281 et
1747 244 1846 290 mali,
1871 245 2127 300 diabolumque

1174 313 1246 337 esse
1260 302 1434 352 permisit,
1454 316 1496 340 ac
1516 303 1714 355 gehennam
1739 305 1894 343 minatus
1911 316 1973 353 est,
1994 319 2032 346 ut
2049 325 2126 348 eain

1176 373 1242 398 non
1271 362 1538 414 experiremur,
1569 364 1632 403 sod
1658 380 1808 417 regnum
1833 366 2124 420 adipisceremur.

1176 419 1222 458 Et
1247 421 1336 472 qnid
1358 423 1499 462 miraris
1519 425 1548 463 si
1569 425 1635 464 ista
1654 426 1772 465 omnia
1796 436 1831 465 ct
1850 427 2034 467 innumera
2055 430 2124 468 alia

1127 363 1150 391 D

1173 481 1252 519 ideo
1267 483 1411 522 feccrit?
1427 484 1499 532 Qui
1514 486 1550 524 in
1564 486 1643 524 sinu
1662 487 1777 526 Patris
1795 496 1846 526 est
1862 489 2015 528 sormam
2030 491 2124 529 servi
2140 510 2274 549 Philipp.
2293 521 2325 540 ².

1173 543 1352 595 suscipere
1374 546 1501 595 voluit,
1517 556 1550 585 ct
1570 548 1687 586 omnia
1702 549 1773 587 alia
1791 550 1964 598 sustinere
1977 566 2057 602 quae
2078 551 2125 590 ad
2139 563 2173 591 7·

1173 617 1300 655 corpus
1322 606 1510 657 pertinent,
1532 622 1575 645 ex
1606 609 1755 647 muliere
1775 619 1894 649 ortum
1914 611 2058 662 hahere,
2079 627 2123 652 ex

1173 663 1325 714 Virgine
1339 666 1449 714 nasci,
1463 680 1591 705 novem
1606 670 1786 708 mensibus
1806 671 1841 709 in
1863 681 1963 710 utero
1978 674 2123 724 gestari,

1169 724 1296 775 pannis
1309 724 1458 773 involvi,
1471 737 1607 778 patrem
1618 744 1722 767 suum
1739 732 1857 782 putari
1873 734 2006 786 Joscph
2018 749 2125 787 spon-

1168 798 1249 822 sum
1267 786 1409 833 Mariae‚
1432 788 1607 838 paulatim
1632 804 1800 840 crescere,
1825 793 2047 844 circumcidi,
2067 811 2123 834 sa-

1167 845 1343 884 crificium
1362 847 1500 896 offerre,
1513 850 1658 898 esurire,
1686 851 1795 899 sitire,
1812 852 1969 903 fatigari,
1992 864 2025 892 et
2045 865 2122 893 tan-

1166 906 1249 944 dem
1276 907 1383 946 etiam
1415 918 1565 948 mortem
1595 911 1767 949 sustinere
1789 927 1797 948 :
1822 922 1855 950 et
1881 923 2031 952 mortem
2053 930 2122 953 non

1167 967 1367 1019 vulgarem,
1385 968 1448 1007 sed
1465 983 1543 1008 eam
1561 985 1640 1022 quae
1660 971 1999 1023 ignominiosissima
2015 975 2124 1014 habe.-

1166 1028 1284 1078 batur‚
1305 1030 1420 1068 crucis
1449 1030 1549 1081 dic03
1569 1041 1604 1070 et
1629 1032 1706 1071 haec
1735 1034 1854 1072 omnia
1883 1046 2028 1088 propter
2060 1051 2124 1076 nos

1120 1095 1144 1125 E
1167 1100 1394 1142 nostramque
1408 1092 1557 1130 salutem
1576 1093 1731 1146 suscepit
1749 1096 1912 1134 omnium
1932 1097 2120 1149 Conditor,

1165 1151 1416 1201 immutabilis,
1429 1153 1491 1204 qui
1510 1154 1628 1192 omnia
1647 1169 1693 1193 ex
1713 1155 1827 1194 nihilo
1846 1166 1885 1194 ut
1905 1168 2020 1196 essent
2038 1173 2121 1211 pro-

1163 1211 1283 1259 duxit,
1297 1214 1359 1265 qui
1378 1215 1523 1267 respicit
1541 1225 1682 1266 terram,
1696 1225 1729 1255 et
1747 1217 1831 1256 facit
1851 1232 1928 1257 eam
1948 1229 2095 1259 tremere
2106 1236 2118 1271 ;
2135 1237 2223 1265 Psal.
2242 1240 2310 1270 ¹03,

1165 1275 1268 1326 cujus
1294 1275 1415 1327 gloriae
1439 1276 1563 1328 fulgur
1585 1291 1699 1328 neque
1722 1278 1930 1328 Cherubim,
1950 1281 2120 1335 incorpo-
2133 1279 2183 1308 3²·

1165 1349 1233 1373 reae
1253 1335 1324 1374 illae
1345 1336 1512 1388 virtutes,
1535 1337 1661 1377 videre
1685 1349 1845 1392 possunt,
1866 1341 1928 1380 sed
1948 1343 2122 1383 adversas

1163 1396 1270 1434 facies
1287 1405 1412 1449 tegunt
1429 1398 1578 1451 objectis
1598 1400 1678 1448 alis,
1701 1400 1917 1440 miraculum
1938 1404 2041 1443 nobis
2059 1419 2122 1444 ex-

1163 1455 1345 1507 hibentes;
1370 1473 1475 1509 quem
1503 1474 1642 1513 semper
1672 1461 1821 1501 laudant
1845 1464 1963 1515 angeli
1996 1476 2028 1503 et
2059 1480 2118 1505 ar-

1163 1516 1341 1570 changeli,
1360 1529 1396 1557 et
1421 1520 1605 1560 innumera
1633 1522 1748 1561 millia
1766 1539 1774 1560 :
1790 1523 1852 1562 hic
1876 1535 2020 1578 propter
2040 1541 2116 1573 nos,

1162 1588 1196 1616 et
1209 1589 1355 1632 propter
1370 1591 1526 1620 nostram
1543 1583 1706 1633 salutem,
1723 1585 1830 1623 homo
1847 1585 1926 1624 fieri
1943 1587 2071 1635 voluit,
2086 1600 2120 1628 et

1161 1641 1304 1693 optimae
1322 1642 1404 1681 vitae
1423 1644 1526 1682 nobis
1540 1644 1638 1682 viam
1654 1646 1808 1698 paravit,
1829 1656 1863 1685 et
1878 1662 1941 1700 per
1955 1663 1995 1687 ea
2017 1650 2119 1688 suffi-

1162 1703 1312 1741 cientem
1340 1704 1443 1742 nobis
1466 1705 1667 1744 doctrinam
1693 1708 1934 1760 consignavit,
1955 1725 2020 1762 per
2040 1726 2118 1762 quae

1161 1763 1228 1801 hac
1253 1764 1330 1816 ipsa
1353 1773 1471 1803 nostra
1494 1775 1619 1804 natura
1647 1778 1803 1806 assumta
1828 1770 2007 1810 transivit.
2028 1772 2118 1819 Quae

71 1812 134 1859 τὴν
164 1814 351 1865 ἡμετέραν,
379 1814 558 1867 ἅνθρωπος
587 1813 747 1864 γενέσθαι
773 1812 1001 1859 κατεδέξατο,
1035 1829 1094 1851 xa:
1119 1836 1140 1864 Α
1161 1824 1273 1875 igitur
1291 1825 1438 1877 posthac
1462 1826 1566 1865 nobis
1590 1828 1656 1865 erit
1681 1831 1876 1880 excusatio,
1899 1832 1929 1869 si
1955 1846 2037 1870 cum
2068 1842 2118 1871 tot

71 1877 133 1919 τῆς
142 1874 287 1927 ἀρίστης
299 1875 474 1918 πολιτείας
489 1878 573 1925 ἡμῖν
589 1873 652 1920 τὴν
679 1874 754 1911 ὁδὸν
769 1872 870 1923 ἔτεμε
881 1902 890 1920 ,
910 1874 971 1911 καὶ
989 1874 1034 1912 δι’
1047 1869 1094 1912 ὧν

72 1935 172 1978 αὐτὸς
193 1929 276 1980 ἦλθε
295 1935 358 1981 τὴν
379 1936 486 1983 αὐτὴν
506 1939 590 1986 ἡμῖν
610 1934 709 1987 φύσιν
731 1933 938 1981 ἀναλαὲὼν,
961 1937 1091 1986 ἀρκοῦ-

68 2011 133 2033 σαν
144 1996 369 2034 διδασκαλίαν
385 1998 582 2035 ἐναπέθετο.
598 1996 691 2033 Ποία
707 1994 819 2033 τοίνυν
835 1998 920 2045 ἡμῖν
930 1996 1090 2034 λείπεται

68 2057 188 2094 λοιπὸν
212 2056 400 2108 ἀπολογία,
427 2057 596 2096 τοσούτων
617 2056 676 2095 διὰ
693 2055 758 2101 τὴν
776 2055 950 2108 ἡμετέραν
972 2071 1088 2104 σωτη-

69 2117 145 2168 ρίαν
169 2118 450 2170 προηγουμένων,
477 2120 508 2155 εἷ
542 2117 730 2168 μέλλοιμεν
761 2116 911 2164 ἀνόνητα
948 2118 1088 2156 ἅπαντα

65 2178 254 2226 δεικνύναι,
275 2178 331 2216 διὰ
355 2182 417 2225 τῆς
434 2178 603 2230 ῥᾳθυμίας
620 2180 683 2223 τῆς
710 2176 840 2216 τούτων
867 2177 1086 2230 προδιδόντες

64 2242 164 2289 ἡμῶν
189 2239 254 2286 τὴν
269 2239 470 2292 σωτηρίαν,
489 2239 553 2278 Διὸ
578 2240 776 2289 παρακαλῶ
804 2238 936 2290 νήφειν,
956 2239 1013 2277 καὶ
1036 2239 1084 2290 μὴ

62 2300 182 2344 ἁπλῶς
203 2300 365 2352 συνηθείᾳ
385 2303 453 2338 τῶν
473 2300 586 2338 ἄλλων
606 2301 888 2346 κατακολουθεῖν,
910 2298 1000 2338 ἀλλὰ
1020 2299 1083 2347 τὴν

63 2363 192 2399 ἑαυτῶν
211 2361 302 2408 ζωὴν
327 2361 405 2399 καθ’
423 2361 574 2407 ἑκάστην
593 2360 726 2412 ἡμέραν
755 2362 1078 2413 πολυπραγμονεῖν,

62 2421 122 2459 καὶ
141 2421 286 2470 εἰδέναι,
307 2422 341 2460 τί
358 2422 419 2473 μὲν
437 2426 522 2473 ἡμῖν
537 2421 762 2473 ἡμάρτηται,
780 2421 815 2460 τί
833 2421 870 2461 δὲ
889 2422 1082 2476 κατώρθω-

59 2497 139 2519 ται·
158 2482 217 2520 καὶ
231 2482 321 2521 οὕτω
337 2485 404 2521 τῶν
421 2481 680 2535 ἡμαρτημένων
699 2482 762 2530 τὴν
777 2483 959 2535 διόρθωσιν
977 2484 1081 2522 ποιώ-

63 2547 171 2592 μεθα,
187 2543 243 2581 ἵνα
265 2544 324 2582 καὶ
342 2543 405 2591 τὴν
426 2544 556 2582 ἄνωθεν
577 2543 688 2595 ῥοπὴν
707 2544 1003 2596 ἐπισπασώυεθα,
1020 2545 1080 2585 καὶ

60 2604 236 2656 εὐάρεστοι
249 2607 299 2658 τῷ
308 2607 390 2657 Θεῷ
400 2603 580 2657 γενώμεθα
590 2635 599 2652 ,
613 2605 771 2658 καθάπερ
785 2609 803 2644 6
816 2605 948 2649 δίκαιος
962 2601 1060 2651 οὗτος
1070 2637 1080 2655 ,

59 2665 116 2702 καὶ
135 2669 197 2712 τῆς
227 2666 406 2716 βασιλείας
423 2669 493 2705 τῶν
522 2667 674 2719 οὐρανῶν
701 2667 937 2720 ἐπιτύχωμεν,
957 2668 1079 2720 χάριτι

58 2725 117 2762 καὶ
135 2727 374 2781 φιλανθρωπία
391 2731 452 2766 τοῦ
482 2728 610 2779 Κυρίου
640 2730 741 2778 ἡμῶν
761 2727 879 2774 Ἰησοῦ
905 2730 1076 2781 Χριστοῦ,

60 2788 134 2835 μεθ’
154 2781 193 2825 οὗ
212 2790 262 2839 τῷ
283 2789 399 2840 Πατρὶ
418 2788 492 2839 ἅμα
521 2789 579 2826 καὶ
596 2791 645 2840 τῷ
663 2789 752 2841 ἁγίῳ
773 2789 954 2840 Πνεύματι
979 2789 1077 2838 δόξα,

57 2846 167 2896 τιμὴ,
186 2848 310 2901 κράτος
326 2853 386 2888 ν’ὗν
416 2850 475 2888 καὶ
503 2850 575 2898 ἀεὶ,
596 2850 654 2888 καὶ
675 2852 723 2894 εἷς
752 2851 831 2894 τοὺς
860 2853 988 2895 αἰῶνας
1007 2853 1074 2890 τῶν

59 2906 203 2946 αἰώνων.
225 2909 346 2960 Ἀμήν.

1160 1893 1328 1936 tantaque
1344 1886 1494 1925 salutem
1510 1897 1668 1927 nostram
1681 1891 1939 1941 praecesserint,
1954 1892 1990 1930 in
2009 1893 2116 1931 rebus

1158 1945 1347 1985 inutilibus
1371 1961 1434 1986 nos
1453 1962 1679 2002 occupemus,
1699 1951 1773 1990 sola
1792 1952 1886 1990 circa
1903 1953 1981 1992 haec
2001 1954 2117 2005 negli—

1158 2007 1276 2058 gentia
1314 2018 1472 2047 nostram
1508 2011 1708 2049 amittentes
1743 2012 1925 2051 salutem?
1961 2014 2116 2053 Proinde

1156 2068 1302 2106 obsecro
1323 2078 1363 2107 ut
1381 2070 1588 2121 vigilemus,
1606 2081 1639 2110 et
1653 2086 1722 2110 non
1740 2081 1871 2111 temere
1885 2074 2039 2112 aliorum
2055 2090 2114 2114 se-

1155 2142 1310 2178 quamur
1325 2130 1631 2180 consuetudinem,
1641 2132 1704 2170 sed
1720 2141 1877 2171 nostram
1892 2135 2006 2172 vitam
2024 2150 2113 2186 quo-

1154 2187 1242 2226 tidie
1265 2188 1456 2240 diligenter
1477 2191 1715 2241 excutiamus,
1736 2193 1994 2246 videamusque
2023 2195 2113 2247 quid

1152 2259 1349 2301 peccatum,
1370 2251 1506 2302 quidve
1526 2262 1622 2291 recte
1645 2267 1665 2290 a
1684 2254 1789 2293 nobis
1816 2264 1954 2306 gestum
1975 2257 2020 2295 sit
2041 2273 2049 2294 :
2071 2267 2111 2295 ut

1151 2309 1202 2348 sic
1215 2320 1366 2368 peccata—
1374 2320 1496 2350 nostra
1515 2313 1754 2363 emendemus,
1769 2329 2029 2367 supernamquc
2045 2331 2108 2355 no-

1150 2371 1207 2409 his
1243 2373 1396 2424 gratiam
1434 2374 1685 2424 conciliemus,
1709 2389 1750 2414 ac
1779 2377 1853 2415 Deo
1882 2378 2104 2429 placeamus,

1149 2433 1313 2486 exemplo
1323 2435 1411 2486 justi
1426 2434 1536 2483 illius,
1550 2445 1583 2473 et
1598 2434 1752 2487 denique
1769 2451 1920 2488 regnum
1937 2452 2104 2489 assequa-

1104 2496 1127 2525 B
1149 2507 1230 2530 mur
1262 2493 1444 2539 caelorum,
1472 2494 1586 2545 gratia
1614 2504 1648 2532 et
1681 2496 1922 2534 misericordia
1957 2498 2102 2535 Domini

1149 2554 1260 2592 nostri
1293 2556 1375 2594 Jesu
1408 2555 1558 2605 Christi,
1586 2570 1666 2593 cum
1690 2571 1760 2607 quo
1784 2557 1902 2606 Patri,
1931 2558 2039 2595 simul
2069 2568 2103 2596 ct

1148 2615 1301 2668 Spiritui
1333 2626 1454 2655 sancto
1490 2616 1536 2654 sit
1563 2617 1700 2668 gloria,
1724 2617 1856 2664 honor,
1885 2618 2100 2670 imperium,

1149 2691 1243 2715 nunc
1260 2687 1293 2716 et
1311 2691 1460 2730 semper,
1480 2687 1514 2716 ct
1531 2677 1566 2716 in
1590 2678 1717 2716 saecula
1736 2678 1958 2720 saeculorum.
1976 2681 2100 2719 Amen.
2130 2706 2138 2711 -
