2516 3791
310 124 405 171 506

311 236 461 261 cursum
475 223 570 270 illis,
584 231 619 260 et
641 223 830 261 adorabat
843 223 956 275 facie
970 235 1082 272 super
1104 230 1257 258 terram.

311 284 455 323 Gratias
473 282 544 335 egit
557 285 645 333 Deo,
659 282 754 334 quod
767 283 934 334 (lignatus
957 290 1045 320 esset
1072 294 1152 318 eum
1175 293 1262 331 prae-

307 344 520 383 tei-euntium
529 344 761 396 susceptione.
773 340 1124 380 Animadverteillius
1132 339 1259 378 animae

306 407 487 445 virtutem.
505 407 679 457 Magnum
701 406 766 442 Dei
783 402 997 440 heneficium
1017 401 1259 439 arbitrabatur

305 468 471 506 incidisse
485 467 521 505 in
535 467 600 504 hos
615 466 724 514 viros,
740 473 779 501 ut
791 463 963 515 susceptis
974 463 1047 500 illis
1060 477 1163 501 suum
1178 477 1257 515 per-

305 529 423 567 ficeret
441 526 666 566 desiderium.
684 526 764 564 Jam
776 537 819 562 ne
834 523 983 575 dixeris,
1005 523 1100 576 ipsos
1113 523 1257 575 angelos

303 586 496 626 fuissetsed
506 587 572 624 hoc
584 585 701 637 potius
716 594 833 623 tecum
852 593 989 637 reputa,
997 585 1137 652 justum
1150 584 1255 623 illum

302 649 457 687 noudum
475 646 542 685 hoc
558 646 719 697 scivisse,
736 646 798 685 sed
816 646 917 698 quasi
931 645 1092 685 homines
1114 645 1255 697 ignotos

739 141 776 171 S.
814 139 1001 170 JOANNIS
1037 140 1281 170 CHRYSOST.

1321 141 1345 168 Α
1355 141 1528 169 RCHIEP.
1567 140 1927 172 CONSTANTINOP-

1333 221 1421 272 γὰρ,
1441 221 1558 272 φησὶν,
1574 221 1738 269 ἐξανέστη
1754 225 1801 267 εἷς
1817 224 2024 271 συνάντησιν
2041 227 2166 275 αὐτοῖς,
2180 228 2238 266 καὶ
2252 243 2354 280 προσ-

1333 280 1479 328 εκύνησε
1504 284 1554 334 τῷ
1581 282 1759 336 προσώπῳ
1776 284 1834 322 ἐπὶ
1853 284 1916 331 τὴν
1935 288 2012 336 γῆν.
2035 287 2285 339 Ηῦχαρίστησε
2305 291 2355 340 τῷ

1333 342 1415 394 Θεῷ
1426 372 1436 390 ,
1455 341 1509 380 ὅτι
1525 341 1740 390 κατηξίωσεν
1751 344 1854 382 αὐτὸν
1874 345 2105 390 ὑποδέξασθαι
2118 347 2196 392 τοὺς
2208 349 2356 400 παριόν-

1332 418 1403 447 τας.
1421 403 1554 442 Σκόπει
1568 405 1682 456 ψυχῆς
1699 404 1840 456 ἀρετήν.
1859 407 2029 457 Μεγάλην
2043 409 2241 460 εὐεργεσίαν
2258 409 2355 461 παρὰ

1329 467 1388 501 τοῦ
1411 466 1502 503 Θεοῦ
1521 464 1653 510 ταύτην
1676 464 1847 515 ἡγήσατο,
1866 466 1905 504 τὸ
1921 469 2098 520 ἐπιτυχεῖν
2117 472 2186 508 τῶν
2207 471 2355 522 ἀνδρῶν,

1328 525 1386 563 καὶ
1414 525 1470 563 διὰ
1488 528 1550 571 τῆς
1581 528 1630 569 εἷς
1657 524 1800 569 τούτους
1819 525 2008 571 δεξιώσεως
2026 527 2085 566 τὸν
2106 531 2232 568 οἰκεῖον
2248 531 2352 569 πόθον

1326 589 1594 640 ἀποπληρῶσαι.
1616 585 1678 633 Μὴ
1702 586 1771 638 γάρ
1793 602 1854 637 μοι
1881 586 1980 638 λέγε,
2003 588 2057 626 ὅτι
2078 590 2220 641 ἄγγελοι
2238 584 2327 637 ἦσαν
2346 607 2353 614 ·

1326 649 1402 686 ἀλλ’
1424 649 1534 687 ἐκεῖνο
1551 647 1745 699 λογίζου,”
1724 663 1776 685 οτι
1793 648 1845 686 ὁ
1827 646 1958 692 οίκαιος
1983 644 2083 693 οὗτος
2101 651 2237 689 οὐδέπω
2254 666 2353 690 τουτο

300 719 332 747 et
357 717 608 761 1›1··aeteicuntes
632 707 840 759 suscipiens,
875 707 924 745 ita
943 707 1110 745 affectum
1130 706 1249 745 fuisse.
1262 731 1310 758 1133
1324 710 1433 757 ἠπιστ
1421 726 1518 757 ατο,
1540 711 1616 747 ἀλλ’
1634 712 1680 752 ὡς
1700 708 1901 761 ἀνθρώπους
1922 711 2079 762 ἀγνῶτας
2098 711 2353 763 παροδεύοντας

298 773 332 808 2
348 771 531 808 Ecdixit:
548 769 839 818 Ecce,domini‚
854 769 1251 807 divertitezndomum
1273 772 1334 801 Α
1324 771 1597 823 υποδεχόμενος,
1611 769 1702 808 ούτω
1719 770 1767 808 διε
1756 770 1877 809 ἴκειτο.
1891 765 2090 810 Καὶείπεν·
2107 772 2353 825 ἰδου,κύριοι,

293 834 402 883 pueri
416 833 552 880 vestri,
566 839 603 869 et
620 839 785 877 manete,
799 831 996 881 quiescite,
1006 838 1041 866 et
1051 829 1088 866 la
1096 838 1181 867 vate
1188 843 1250 880 pe

295 895 362 931 cles
383 902 545 941 vestros,
577 900 613 929 et
636 890 936 944 dilzcculofacto
957 889 1251 941 proficiscemini

295 958 334 992 in
357 956 464 993 viam.
483 961 670 992 vestram.
694 951 888 990 Sufficiunt
905 950 982 988 haec
1000 949 1109 989 verba
1128 949 1174 988 ad
1189 949 1250 988 de-

296 1015 481 1068 tegendam
494 1015 664 1053 virtutem
683 1026 762 1065 quae
781 1012 818 1050 in
837 1021 977 1065 pectore
993 1011 1083 1064 justi
1097 1011 1245 1050 latebat.

296 1078 342 1115 Et
360 1077 448 1129 quid
460 1076 593 1114 mirum
611 1075 639 1113 si
654 1075 735 1126 quis
751 1074 975 1127 obstupescat
995 1071 1165 1110 eximiam
1179 1072 1247 1109 hu-

294 1139 494 1187 militatem,
505 1151 546 1176 ac
564 1138 738 1175 fervorem
756 1149 863 1186 quem
885 1135 919 1172 in
934 1133 1176 1186 hospitalitate
1187 1132 1247 1172 de-

294 1199 478 1238 clarabat?
504 1201 621 1248 Ecce,
658 1197 786 1248 inquit,
809 1198 967 1246 domini,
1002 1198 1179 1235 divertite
1205 1200 1247 1235 in

293 1262 450 1299 domum
460 1261 572 1312 pueri
582 1262 715 1298 vestri.
733 1258 780 1296 Et
798 1259 878 1297 illos
894 1258 1057 1298 dominos
1072 1268 1186 1308 vocat,
1205 1273 1246 1297 ac

295 1321 448 1374 seipsum
466 1321 610 1360 illorum
629 1334 771 1361 servum
791 1320 958 1373 appellat.
978 1318 1177 1358 Audiamus
1193 1330 1246 1358 at-

294 1391 385 1420 tente
402 1382 479 1420 haec
496 1382 616 1431 verba,
630 1380 866 1431 dilectissimi,
884 1389 918 1418 et
931 1380 1063 1418 similia
1075 1395 1139 1419 nos
1157 1395 1246 1432 quo-

292 1455 361 1491 que
389 1449 556 1494 praestare
581 1439 774 1478 discamus.
804 1439 874 1479 Vir
892 1439 1082 1491 gloriosus,
1101 1440 1244 1490 nobilis,

291 1511 364 1539 tam
392 1501 588 1550 abundans,
620 1509 741 1538 tantus
772 1499 1046 1553 paterfamilias,
1071 1499 1243 1550 viatores,
1266 1525 1289 1555 B

291 1564 461 1616 hospites,
486 1563 640 1614 ignotos,
658 1571 698 1599 ut
715 1561 945 1614 apparebant,
967 1561 1070 1610 viles,
1101 1570 1244 1613 praeter-

290 1635 421 1676 euntes,
437 1625 598 1676 nihilque
617 1624 711 1662 adse
725 1625 924 1674 attinentes,
945 1624 1108 1663 dominos
1129 1625 1244 1663 nomi-

289 1697 360 1735 nat,
372 1696 404 1725 et
417 1686 551 1737 inquit:
568 1687 759 1724 Divertite
770 1687 812 1722 in
821 1686 978 1723 domum
986 1687 1097 1736 pueri
1108 1688 1242 1734 vestri,

287 1757 323 1787 et
338 1749 530 1799 quiescite.
546 1749 705 1800 Vespera
725 1746 833 1795 enim,
849 1746 978 1797 inquit,
999 1746 1144 1798 ingruit.
1166 1748 1244 1785 Mo-

287 1822 362 1847 rem
375 1808 465 1846 mihi
478 1808 601 1861 gerite,
617 1817 650 1846 et
668 1806 915 1846 lassitudinem
931 1806 1003 1845 diei
1022 1807 1187 1846 solamini
1208 1808 1244 1847 in

286 1870 433 1909 domum
452 1871 547 1910 servi
574 1870 682 1909 vestri
709 1870 930 1909 divertentes.
963 1870 1146 1922 Numquid
1169 1885 1244 1909 ma-

286 1946 397 1984 gnum
418 1932 523 1973 vobis
550 1932 748 1985 promitto?
778 1934 926 1970 Lavate
954 1933 1072 1984 pedes
1097 1941 1243 1972 vestros

286 1994 410 2032 itinere
424 1994 530 2044 longo
549 1993 726 2045 fatigatos,
751 2001 787 2031 ec
812 1993 987 2031 diluculo
1012 1997 1177 2046 pergetis
1203 1997 1244 2032 in

287 2057 397 2092 viam
416 2063 603 2092 vestram.
625 2054 726 2091 Hanc
745 2053 897 2105 gratiam
916 2053 1044 2092 donate
1078 2054 1181 2104 mihi,
1211 2065 1244 2094 et

287 2115 491 2168 petitionem
509 2129 624 2153 meam
643 2129 685 2152 ne
705 2113 936 2152 frustremini.
961 2116 1016 2153 Et
1046 2117 1243 2163 dixerunt,

286 2177 402 2228 inquit
421 2206 433 2228 ,
453 2178 615 2215 Illinime
632 2205 641 2223 ,
668 2176 736 2214 sed
761 2178 802 2212 in
833 2176 966 2225 platea
986 2179 1241 2216 manebimus.
1264 2198 1287 2228 C

286 2238 406 2276 Etiam
426 2247 504 2290 post
527 2246 662 2275 tantam
681 2236 1083 2288 exhortationemquam
1097 2238 1241 2289 fecerat,

286 2314 368 2337 eum
390 2299 480 2338 vidit
505 2313 564 2337 eos
591 2311 749 2347 renuere,
767 2311 836 2335 non
853 2297 1050 2350 obtorpuit,
1069 2312 1180 2350 neque
1197 2301 1243 2339 ab

287 2361 446 2399 instituto
462 2374 524 2399 suo
536 2360 683 2409 destitit,
698 2372 810 2410 neque
820 2358 902 2396 secit
916 2359 969 2396 uti
984 2373 1046 2397 nos
1061 2360 1242 2401 interdum

283 2421 434 2459 facimus
456 2437 464 2457 ε
485 2421 546 2472 qui
566 2420 596 2458 si
616 2418 758 2471 quando
777 2419 935 2470 aliquem
961 2419 1097 2458 hortari
1114 2421 1240 2474 digna-

284 2495 377 2530 mur,
397 2491 430 2519 ct
451 2490 569 2533 postea
587 2479 752 2519 videmus
771 2494 963 2533 parumper
982 2479 1234 2522 detrectantem

285 2551 315 2580 ct
333 2551 548 2591 renuentem,
559 2542 677 2580 statim
691 2541 896 2579 desistimus
915 2557 922 2578 :
938 2541 977 2580 id
991 2543 1087 2594 quod
1104 2545 1238 2584 contin—

285 2604 346 2654 git,
376 2604 460 2654 quia
481 2605 568 2641 citra
585 2601 802 2640 desiderium
822 2611 856 2640 et
876 2603 1051 2642 fervorem
1072 2604 1139 2643 hoc
1156 2606 1237 2658 agi-

285 2679 375 2713 mus,
391 2673 421 2702 ct
435 2665 589 2702 maxime
604 2664 687 2714 quia
703 2672 870 2716 putamus
895 2663 1058 2703 sufficere
1087 2679 1234 2705 exeusa-

287 2726 427 2774 tionem,
449 2726 478 2763 si
502 2726 619 2764 dicere
645 2724 822 2778 possimus
840 2725 963 2764 fecisse
988 2739 1051 2765 nos
1077 2727 1236 2767 officium

286 2795 454 2824 nostrum.
1258 2799 1282 2827 Ι)

335 2912 370 2947 5.
387 2908 484 2956 Quid
494 2909 557 2958 ais,
570 2909 730 2947 officium
745 2918 779 2947 te
789 2918 892 2947 tuum
905 2909 1058 2948 secisse?
1074 2911 1233 2950 Amisisti

282 2972 316 3009 in
343 2970 526 3009 venatione
546 2969 721 3021 praedam3
743 2969 914 3008 aberrasti
940 2984 960 3007 a
985 2970 1150 3011 thesauro
1159 2987 1170 3021 3
1199 2981 1234 3010 et

283 3043 342 3070 tuo
362 3034 503 3069 functus
535 3046 570 3069 es
593 3031 735 3069 officio?
762 3032 865 3069 Tunc
892 3041 954 3070 tuo
973 3032 1115 3071 functus
1142 3047 1234 3073 esses

281 3093 414 3141 officio,
436 3093 465 3130 si
486 3106 552 3129 non
576 3091 762 3143 ahiecisscs
781 3106 798 3129 c
828 3092 994 3131 manibus
1012 3093 1230 3144 thesaurum,

283 3157 308 3193 si
334 3169 401 3194 non
420 3153 632 3207 prseterisses
658 3153 693 3191 in
716 3154 898 3193 venatione
916 3154 1091 3207 praedam,
1113 3156 1140 3195 si
1161 3170 1229 3196 non

329 3286 340 3296 ⁴
367 3281 523 3324 [Coislin.
539 3288 572 3313 et
587 3281 688 3314 Savil.
704 3286 898 3324 βουληθῶμεν
910 3282 1026 3326 (Savil.
1040 3282 1282 3327 βουληθείημεν),

281 3342 351 3380 πρὶς
369 3339 463 3376 enyo-2
478 3337 654 3369 ἀνανεύοντα
672 3337 792 3374 ἰδόντες.
815 3340 873 3370 ἐττει
888 3340 919 3370 οὐ
935 3341 1013 3379 πόθῳ
1037 3339 1101 3371 ml:
1120 3341 1282 3382 osmunt:

1321 832 1503 871 ἑκκλίνατε
1530 834 1579 875 εἷς
1598 832 1655 870 τὸν
1685 835 1780 870 οἰκον
1799 835 1858 870 τοῦ
1876 833 1998 877 παιδὸς
2015 836 2129 885 ὑμων,
2151 835 2210 874 καὶ
2237 851 2351 873 κατα-

1319 893 1471 941 λύσατε,
1500 909 1558 931 και
1577 892 1723 945 νίψασθε
1744 909 1823 937 τους
1842 893 1950 937 πόδας
1966 896 2076 945 ὑμων,
2095 911 2154 933 και
2169 895 2348 948 ὀρθρίσαν-

1320 970 1374 997 τες
1392 924 1623 992 ἀπελεύσεσθε
1645 956 1692 997 εἷς
1707 954 1771 1000 τὴν
1786 954 1862 992 ὁδὸν
1874 957 1985 1005 ὑμῶν.
2005 954 2125 994 Ἱκανὰ
2144 956 2188 994 τὰ
2209 956 2350 1008 ῥήματα

1319 1020 1430 1053 ταῦτα
1450 1014 1514 1061 τὴν
1530 1014 1805 1066 ἐναποκειμένην
1822 1015 1950 1067 ἀρετὴν
1963 1019 2007 1068 τῇ
2029 1020 2088 1055 τοῦ
2103 1016 2236 1055 δικαίου
2249 1019 2347 1069 ψυχῇ

1319 1076 1531 1128 ἐκκαλύψαι.
1552 1075 1600 1113 Τί
1617 1075 1685 1127 γὰρ
1705 1075 1747 1113 ἄν
1763 1091 1816 1119 τις
1831 1075 2024 1126 ἐκπλαγείη
2043 1077 2106 1123 τὴν
2122 1093 2350 1130 ταπεινοφρο-

1319 1137 1424 1184 σύνην
1453 1136 1754 1189 ὑπερδάλλουσαν,
1786 1135 1848 1183 τὴν
1876 1135 2095 1188 θερμότητα,
2115 1137 2158 1184 ἣν
2182 1137 2264 1190 περὶ
2283 1138 2347 1186 τὴν

1318 1199 1511 1252 φιλοξενίαν
1531 1198 1774 1246 ἐπεδείκνυτο;
1799 1196 1888 1236 Ἰδοὺ
1903 1227 1914 1245 ,
1933 1198 2020 1250 φησὶ
2033 1228 2042 1246 ,
2065 1196 2201 1250 κύριοι,
2227 1199 2350 1237 ἐκκλί-

1317 1277 1396 1299 νατε
1414 1264 1462 1304 εἰς
1481 1260 1539 1298 τὸν
1555 1254 1647 1299 οἶκον
1664 1263 1722 1297 τοῦ
1743 1258 1866 1302 παιδὸς
1881 1259 1992 1309 ὑμῶν.
2010 1259 2200 1303 Κάκείνους
2213 1260 2352 1312 κυρίους

1316 1326 1414 1362 καλεῖ
1430 1353 1439 1371 ,
1457 1322 1517 1361 καὶ
1532 1321 1654 1359 ἑαυτὸν
1672 1321 1784 1359 παῖδα
1798 1321 1911 1358 αὐτῶν
1928 1320 2101 1371 ὀνομάζει.
2117 1320 2349 1373 Ἀκούσωμεν,

1316 1384 1514 1437 ἀγαπητοὶ,
1533 1386 1600 1421 τῶν
1621 1382 1788 1435 ῥημάτων
1809 1380 1944 1419 τούτων
1963 1382 2052 1432 μετὰ
2069 1382 2249 1434 ἀκριὸείας
2260 1411 2270 1429 ,
2287 1383 2348 1422 καὶ

1315 1447 1557 1497 παιδευθῶμεν
1579 1444 1637 1482 καὶ
1668 1448 1770 1495 ἡμεῖς
1796 1441 1841 1480 τὰ
1866 1441 1969 1493 ὅμοια
1990 1443 2277 1495 διαπράττεσθαι.
2301 1443 2347 1483 ‘O

1315 1506 1468 1551 ἐπίδοξος
1483 1536 1492 1554 ,
1515 1509 1533 1544 ὃ
1551 1505 1743 1558 περιφανὴς
1757 1533 1766 1549 ,
1788 1507 1806 1542 ὁ
1827 1506 1862 1542 ἐν
1883 1503 2036 1557 τοσαύτῃ
2057 1504 2240 1557 περιουσίᾳ
2261 1521 2346 1557 τυγ-

1314 1568 1444 1620 χάνοΝ,
1457 1571 1475 1606 ὁ
1488 1566 1753 1614 οἰκοδεσπότης,
1775 1565 1853 1609 τοὺς
1869 1565 1985 1609 ὃδίτας
1997 1596 2007 1614 ,
2022 1565 2101 1609 τοὺς
2117 1566 2229 1610 ξένους
2240 1597 2250 1616 ,
2265 1566 2347 1611 τοὺς

1315 1630 1491 1680 ἀγνῶτας,
1519 1643 1597 1671 τους
1626 1629 1776 1670 εὐτελεῖς
1804 1626 1844 1664 τὸ
1865 1625 2085 1678 φαινόμενον,
2104 1625 2184 1670 τους
2201 1627 2346 1679 παριόν-

1314 1705 1375 1733 τας
1389 1720 1399 1738 ,
1415 1705 1494 1732 τους
1515 1688 1706 1737 οὐδαμόθεν
1726 1688 1820 1739 αὐτῷ
1840 1685 2084 1738 προσήκοντας
2106 1686 2244 1739 κυρίους
2263 1690 2345 1726 ὄνο-

1316 1751 1418 1801 μάζει
1438 1749 1496 1788 καί
1515 1765 1643 1802 φησιν·
1664 1747 1874 1786 Ἐκκλίνατε
1891 1749 1940 1790 εἷς
1959 1746 2016 1785 τὸν
2036 1751 2129 1786 οἰκον
2144 1751 2204 1786 τοῦ
2222 1748 2344 1792 παιδὸς

1314 1815 1424 1863 υμών,
1442 1829 1500 1851 και
1514 1810 1748 1851 καταλυσατε
1759 1809 1871 1848 Εσπέ
1876 1825 1917 1861 ρα
1933 1808 2022 1862 γὰρ,
2039 1825 2143 1862 φησι,
2158 1810 2343 1849 κατέλαὸε.

1312 1873 1490 1921 Πείσθητέ
1509 1889 1591 1924 μοι,
1621 1872 1680 1910 καὶ
1702 1871 1761 1909 τὸν
1791 1870 1949 1921 κάματον
1980 1874 2042 1918 τῆς
2068 1871 2202 1924 ἡμέρας
2225 1888 2344 1924 παρα-

1315 1934 1538 1985 μυθήσασθε,
1570 1937 1618 1977 εἷς
1641 1933 1699 1971 τὸν
1720 1925 1812 1970 οἷκον
1832 1934 1892 1969 τοῦ
1915 1932 2037 1976 παιδὸς
2056 1934 2153 1983 ὑμῶν
2185 1933 2343 1972 καταλύ-

1313 2012 1447 2040 σαντες.
1469 1996 1530 2043 Μὴ
1547 1995 1633 2047 γὰρ,
1654 1994 1740 2046 φησὶ
1753 2022 1763 2042 ,
1785 1992 1876 2044 μέγα
1893 2009 1926 2031 τι
1945 1995 2028 2043 ὑμῖν
2049 1993 2314 2045 ἐπαγγέλλομαι
2329 2011 2340 2043 ;

1316 2057 1473 2110 Νίψασθε
1493 2056 1572 2100 τοὺς
1591 2057 1701 2098 πόδας
1732 2057 1830 2106 ὑμῶν
1857 2054 1935 2097 τοὺς
1963 2054 2031 2092 ὑπὸ
2060 2058 2122 2102 τῆς
2148 2055 2344 2107 ὁδοιπορίας

1314 2118 1534 2169 κεκμηκότας
1548 2147 1558 2166 ,
1578 2118 1647 2156 Καὶ
1678 2116 1900 2168 ὀρθρίσαντες
1925 2116 2158 2154 ἀπελεύσεσθε
2184 2116 2246 2163 τὴν
2265 2117 2343 2155 ὁδὸν

1311 2181 1420 2230 ὑμῶν.
1451 2179 1653 2231 Χαρίσασθε
1672 2173 1729 2215 οὖν
1751 2193 1808 2228 μοι
1829 2177 1960 2224 ταύτην
1978 2176 2042 2223 τὴν
2058 2177 2177 2229 χάριν,
2197 2178 2256 2216 καὶ
2285 2180 2335 2229 μὴ

1313 2240 1524 2286 ἀνανεύσητέ
1553 2255 1618 2290 μου
1648 2238 1734 2291 πρὸς
1766 2238 1829 2285 τὴν
1851 2237 2086 2289 παράκλησιν.
2116 2239 2184 2276 Καὶ
2219 2232 2338 2287 εἶπαν,

1312 2302 1416 2353 φησίν
1433 2318 1440 2324 ·
1457 2301 1534 2353 οὐχὶ
1548 2331 1557 2349 ,
1578 2301 1654 2338 ἀλλ’
1675 2301 1710 2337 ἐν
1732 2301 1775 2350 τῇ
1806 2297 1956 2350 πλατείᾳ
1987 2298 2243 2349 καταλύσομεν.
2268 2300 2341 2338 Καὶ

1311 2362 1400 2412 μετὰ
1417 2362 1589 2410 τοσαύτην
1608 2360 1830 2412 παράκλησιν
1855 2359 1935 2397 ἰδὼν
1967 2358 2090 2403 αὐτοὺς
2109 2359 2338 2404 ἀνανεύοντας

1311 2425 1373 2461 οὐκ
1393 2422 1596 2475 ἐνάρκησεν,
1620 2424 1682 2460 οὐκ
1702 2420 1838 2467 ἀπέστη
1864 2425 1925 2458 τοῦ
1945 2421 2240 2472 σπουδαζομένου,
2260 2421 2338 2460 οὐδὲ

1311 2485 1416 2523 ἔπαθέ
1435 2501 1468 2522 τι
1488 2487 1654 2530 τοιοῦτον,
1674 2477 1744 2521 οἷον
1763 2486 1864 2533 ἡμεῖς
1877 2481 2046 2525 πολλάκις
2062 2486 2228 2532 ποιοῦμεν
2244 2498 2251 2506 ·
2273 2483 2334 2521 καῖ

1310 2546 1368 2584 ἐὰν
1384 2546 1451 2599 ἄρα
1468 2546 1553 2585 ποτέ
1572 2561 1648 2583 τινα
1662 2543 1924 2596 προτρέψασθαι
1943 2544 1960 2562 ¹*
1979 2542 2246 2593 βουληθείημεν,
2261 2537 2337 2581 εἶτα

1311 2607 1516 2657 θεασώμεθα
1538 2606 1624 2658 πρὸς
1653 2605 1768 2656 ὀλίγον
1800 2603 2026 2649 ἀνανεύοντα,
2052 2602 2149 2647 εὐθὺς
2180 2603 2334 2655 ἀφιστά-

1311 2673 1419 2719 μεθα·
1447 2668 1505 2706 καὶ
1533 2671 1634 2706 τοῦτο
1664 2664 1847 2716 συμῧαίνει
1878 2663 1947 2702 ἀπὸ
1977 2667 2037 2702 τοῦ
2067 2663 2116 2714 μὴ
2145 2663 2337 2715 θερμότητι

1309 2729 1367 2767 καὶ
1395 2729 1492 2781 πόθῳ
1521 2733 1622 2766 τοῦτο
1654 2732 1778 2773 ποιεῖν,
1800 2725 1890 2764 ἀλλὰ
1911 2724 2064 2773 μάλιστα
2095 2724 2154 2762 καὶ
2182 2724 2335 2775 νομίζειν

1309 2793 1483 2843 ἀρκοῦσαν
1503 2789 1691 2840 ἀπολογίαν
1705 2788 1810 2840 ἔχειν,
1827 2787 1866 2825 τὸ
1885 2787 1998 2838 λέγειν
2017 2785 2070 2823 ὅτι
2089 2786 2128 2824 τό
2143 2801 2183 2837 γε
2203 2788 2335 2824 ἑαυτῶν

1308 2851 1564 2901 πεποιήκαμεν.

1359 2913 1406 2951 Τί
1436 2912 1569 2963 λέγεις,
1602 2912 1654 2950 ὅτι
1682 2910 1721 2948 τὸ
1741 2913 1868 2949 σαυτοῦ
1898 2907 2114 2955 πεποίηκας;
2131 2907 2332 2952 Ἀπώλεσας

1306 2974 1369 3020 τὴν
1388 2973 1509 3026 θήραν,
1535 2973 1724 3024 διήμαρτες
1743 2975 1801 3009 τοῦ
1831 2973 2022 3022 θησαυροῦ,
2049 2969 2107 3007 καὶ
2128 2968 2168 3007 τὸ
2187 2973 2332 3007 σεαυτοῦ

1306 3035 1524 3083 πεποίηκας;
1543 3035 1634 3073 Τότε
1655 3034 1695 3072 ἂν
1712 3028 1751 3080 ἧς
1774 3034 1812 3071 τὸ
1827 3035 1953 3071 σαυτοῦ
1976 3029 2197 3077 πεποιηκὼς,
2224 3031 2252 3067 εἰ
2281 3029 2331 3080 μὴ

1306 3097 1447 3149 ἔρριψας
1473 3097 1542 3135 ἀπὸ
1573 3098 1641 3134 τῶν
1663 3097 1791 3148 χειρῶν
1810 3095 1867 3132 τὶν
1888 3092 2073 3143 θησαυρὸν,
2104 3093 2133 3128 εἰ
2155 3090 2204 3142 μὴ
2225 3092 2332 3143 παρέ·

1305 3159 1432 3209 δραμες
1453 3157 1515 3204 τὴν
1535 3157 1656 3208 ἄγραν,
1678 3158 1707 3194 εἰ
1729 3156 1777 3207 μὴ
1793 3154 2007 3207 ιΊοἰ’,’,ιοσιιι’)σει
2025 3155 2068 3203 τῇ
2090 3153 2194 3205 μέχρι
2212 3153 2330 3204 ῥημά-

1320 3288 1407 3316 τοῦτο
1424 3284 1574 3323 ποιοῦμεν,
1594 3285 1784 3325 ἀφιστάμεθα
1801 3284 1850 3314 καὶ
1867 3284 2026 3323 νομίζομεν
2042 3281 2128 3326 ἀρὴ]

1341 3349 1353 3362 ,ι
1362 3332 1424 3367 llic
1436 3333 1590 3368 observes
1602 3334 1720 3366 iterum
1733 3332 2303 3379 cij.oet(67E(,pelfilltc10rie,utsnpra.

2476 0 2485 38 7—-
