2516 3791
715 231 759 261 ΙΝ
795 231 892 262 CAP.
931 231 994 262 vt.
1033 229 1195 262 GENES.
1234 229 1392 260 Romu„
1429 230 1559 261 xxm.
2088 225 2175 281 247

140 314 285 369 γενέσεις
314 316 394 355 Νῶε
410 343 420 362 ,
446 314 505 353 καὶ
535 314 597 358 τὰς
618 314 725 358 ἀκοὰς
742 317 844 365 ἡμῶν
867 312 1158 366 ἀναπτερώσασα,

139 379 187 420 ὡς
204 375 380 427 μέλλουσα
408 374 471 422 τὴν
490 375 712 426 γενεαλογίαν
733 375 837 413 αὐτοῦ
859 375 1075 426 διηγεῖσθαι,
1099 373 1159 412 καὶ

139 437 190 480 τίς
216 436 278 487 μὲν
303 439 407 475 αὐτοῦ
427 435 545 488 πατὴρ
565 436 712 488 ἐγένετο,
736 436 840 475 πόθεν
861 436 898 475 δὲ
918 436 958 474 τὸ
976 434 1072 488 γένος
1091 451 1159 474 κα-

137 500 223 550 τῆγε
235 528 244 545 ,
272 498 331 536 καὶ
352 497 446 541 ὅπως
465 499 511 541 εἷς
530 497 588 536 τὸν
612 497 684 549 βίον
704 497 872 550 παρήχθη
889 528 899 545 ,
926 497 986 535 καὶ
1005 496 1049 534 τὰ
1068 496 1158 534 ἄλλα

139 559 292 604 ἅπαντα,
311 558 401 610 ἅπερ
422 557 496 602 ἔθος
514 563 584 602 τοῖς
599 557 660 602 τὰς
679 558 900 610 γενεαλογίας
918 556 1159 608 ἐξηγουμένοις

139 621 348 669 διηγεῖσθαι,
367 623 478 657 ταῦτα
493 619 609 658 πάντα
625 620 879 664 καταλιποῦσα,
896 618 956 656 καὶ
972 619 1035 663 τῆς
1049 631 1158 662 συνη-

140 681 233 725 θείας
262 680 425 732 ἀνωτέρω
449 680 631 731 γενομένη,
661 679 769 731 φησί·
798 679 878 717 Νῶε
903 678 1082 729 ἄνθρωπος
1102 676 1158 714 δί-

140 757 250 790 καιος,
273 742 403 784 τέλειος
421 740 468 778 ὢν
490 742 525 778 ἐν
543 744 587 792 τῇ
606 746 708 792 γενεᾷ
726 742 849 778 αὐτοῦ·
871 741 921 789 τῷ
940 740 1022 790 Θεῷ
1041 737 1159 790 εὐηρέ-

140 817 246 848 στησε
279 803 371 840 Νῶε.
413 794 519 843 Εἶδες
544 800 749 851 θαυμαστὴν
787 798 1034 850 γενεαλογίαν,
1064 799 1159 843 Νῶε,

138 862 256 914 φησὶν,
275 862 469 914 ἄνθρωπος.
505 860 600 912 σΟρα
618 860 678 898 καὶ
696 860 736 898 τὸ
755 860 867 898 κοινὸν
887 859 997 910 ὄνομα
1012 862 1076 905 τῆς
1098 858 1160 910 φύ-

138 938 227 966 σεως
257 923 330 960 ἀντ’
361 921 536 973 ἐγκωμίου
565 924 616 972 τῷ
644 921 768 973 δικαίῳ
785 920 978 972 γινόμενον.
1012 918 1159 966 Ἐπειδὴ

138 983 206 1036 γὰρ
224 985 347 1021 ἐκεῖνοι
368 984 428 1021 καὶ
448 983 488 1021 τὸ
508 983 685 1035 ἄνθρωποι
715 977 804 1021 εἶναι
827 982 1013 1021 ἀπώλεσαν
1041 982 1099 1020 διὰ
1121 981 1162 1020 τὸ

139 1045 226 1096 πρὸς
241 1043 302 1088 τὰς
321 1047 384 1091 τῆς
399 1044 526 1097 σαρκὸς
541 1043 665 1090 ἡδονὰς
681 1045 864 1091 ὄλισθῆσαι
875 1074 886 1093 ,
904 1038 1002 1088 οὗτος
1013 1073 1023 1092 ,
1043 1043 1160 1096 φησὶν,

140 1107 176 1144 ἐν
194 1104 347 1158 τοσούτῳ
372 1104 474 1158 δήμῳ
492 1107 551 1143 τοῦ
575 1105 756 1159 ἀνθρώπου
784 1104 848 1152 τὴν
869 1104 985 1144 εἷκόνα
1003 1104 1160 1144 διέσωσε.

141 1169 256 1206 Τοῦτο
281 1166 349 1218 γὰρ
368 1166 565 1220 ἄνθρωπος,
585 1166 668 1206 ὅταν
688 1166 812 1219 ἀρετὴν
837 1166 951 1219 μετίῃ.
985 1165 1076 1206 Οὐδὲ
1094 1164 1162 1219 γὰρ

140 1228 181 1266 τὸ
201 1228 335 1280 μορφὴν
355 1229 448 1281 ἔχειν
477 1232 538 1267 τοῦ
559 1228 740 1280 ἀνθρώπου
757 1259 767 1276 ,
786 1228 846 1266 καὶ
873 1227 1082 1281 ὀφθαλμοὺς,
1101 1227 1161 1265 καὶ

143 1293 219 1341 ῥῖνα
233 1318 243 1335 ,
275 1289 335 1327 καὶ
364 1289 479 1340 στόμα
492 1320 502 1338 ,
533 1290 593 1328 καὶ
612 1289 778 1342 παρειὰς,
798 1288 858 1328 καὶ
874 1288 919 1327 τὰ
933 1288 1039 1327 λοιπὰ
1057 1288 1162 1340 μέλη,

140 1354 242 1389 τοῦτο
259 1350 438 1403 ἄνθρωπον
455 1350 680 1389 ἀποδείκνυσι
691 1366 699 1374 ·
715 1353 826 1388 ταῦτα
842 1349 908 1402 γὰρ
925 1350 1015 1401 μέλη
1031 1349 1163 1402 τυγχά-

140 1427 191 1449 νει
207 1416 267 1450 τοῦ
283 1411 454 1463 σώματος.
482 1410 681 1464 Ἄνθρωπον
699 1410 767 1464 γὰρ
785 1413 914 1450 ἐκεῖνον
933 1410 974 1449 ἂν
994 1410 1161 1449 καλέσαι-

142 1488 205 1523 μεν
225 1473 282 1511 τὸν
301 1472 365 1519 τὴν
387 1472 504 1511 εἰκόνα
519 1476 579 1511 τοῦ
598 1472 782 1524 ἀνθρώπου
801 1471 1026 1518 διασώζονται.
1057 1472 1105 1511 Τί
1125 1472 1162 1511 δέ

140 1535 216 1571 ἐστι
243 1538 302 1572 τοῦ
322 1533 506 1584 ἀνθρώπου
533 1536 555 1580 ἡ
587 1533 714 1583 εἰκών,
745 1535 799 1573 Τὸ
815 1534 954 1586 λογικὸν
981 1528 1080 1573 εἶναι.
1113 1533 1162 1573 Τί

141 1589 219 1641 oiim
240 1594 355 1647 φησίν·
374 1596 497 1633 ἐκεῖνοι
511 1597 573 1634 οὐκ
588 1595 627 1632 ἂν
643 1589 710 1634 εἶεν
726 1595 880 1647 λογικοί,
899 1594 994 1634 Ἀλλ’
1011 1598 1050 1634 οὗ
1064 1600 1163 1634 τοῦτο

142 1654 244 1706 μόνον
258 1686 268 1702 ,
286 1654 377 1693 ἀλλὰ
402 1655 462 1693 καὶ
487 1655 527 1693 τὸ
545 1655 705 1708 ἐνάρετον
734 1650 822 1695 εἶναι
835 1687 845 1704 ,
864 1656 924 1694 καὶ
945 1656 986 1695 τὸ
1004 1655 1047 1694 τὰ
1068 1657 1162 1695 κακὰ

141 1716 354 1768 διαφεύγειν,
381 1716 441 1754 καὶ
467 1718 536 1754 τῶν
557 1716 696 1755 ἀτόπων
719 1720 839 1755 παθῶν
857 1723 1010 1769 κρατεῖν,
1030 1717 1069 1756 τὸ
1087 1723 1164 1760 ταῖς

141 1778 295 1821 ἐντολαῖς
335 1781 396 1816 τοῦ
423 1777 602 1816 Δεσπότου
638 1780 925 1826 κατακολουθεῖν,
959 1782 1060 1817 τοῦτο
1095 1779 1161 1817 ἄν-

142 1841 288 1888 θρωπος.

194 1899 264 1937 Καὶ
281 1898 338 1936 ἵνα
354 1898 479 1950 μάθῃς,
495 1901 548 1937 ὅτι
564 1898 638 1943 ἔθος
654 1901 698 1952 τῇ
719 1901 844 1954 Γραφῇ
860 1900 940 1946 τοὺς
953 1899 1018 1948 τὴν
1036 1900 1162 1939 κακίαν

143 1959 325 2010 μετιόντας
349 1960 410 1998 καὶ
438 1963 500 2006 τῆς
519 1961 644 2013 ἀρετῆς
668 1962 885 2011 ἀμελοῦντας
914 1962 1002 2014 μηδὲ
1021 1964 1084 2009 τῆς
1101 1965 1162 2002 τοῦ

143 2020 324 2072 ἀνθρώπου
341 2020 577 2073 προσηγορίας
597 2021 723 2070 ἀξιοῦν,
744 2022 846 2060 ἄκουε
860 2027 920 2062 τοῦ
935 2025 1027 2062 Θεοῦ
1045 2023 1162 2074 λέγον-

141 2095 222 2128 τος,
244 2081 402 2131 καθάπερ
424 2080 508 2132 χθὲς
532 2080 695 2131 ἐλέγομεν
711 2097 720 2105 ·
752 2083 806 2120 Οὐ
829 2082 878 2133 μὴ
900 2083 1094 2134 καταμείνῃ
1120 2082 1162 2121 τὸ

140 2141 287 2192 Πνεῦμά
320 2156 386 2192 μου
411 2143 444 2179 ἐν
468 2147 539 2184 τοῖς
560 2142 752 2194 ἀνθρώποις
770 2142 916 2190 τούτοις,
937 2143 994 2182 διὰ
1013 2143 1052 2182 τὸ
1073 2137 1161 2181 εἶναι

141 2201 262 2246 αὐτοὺς
285 2203 430 2254 σάρκας.
466 2201 562 2253 Ἐγὼ
581 2202 664 2255 γὰρ,
685 2203 770 2256 φησὶ
782 2234 794 2252 ,
821 2203 937 2254 Ι’μετὰ
953 2207 1016 2251 τῆς
1035 2203 1163 2257 σαρκὸς

139 2263 199 2300 καὶ
216 2265 279 2309 τῆς
298 2266 413 2315 ψυχῆς
428 2263 492 2310 τὴν
512 2263 669 2308 ἐξουσίαν
684 2264 932 2318 ἐδωρησάμην·
949 2265 1048 2304 αὐτοὶ
1065 2264 1100 2304 δὲ
1116 2268 1164 2309 ὡς

140 2323 254 2375 σάρκα
275 2324 377 2374 μόνον
394 2324 646 2376 περικείμενοι,
671 2325 759 2364 οὕτω
773 2328 836 2372 τῆς
849 2325 942 2365 κατὰ
961 2325 1024 2374 τὴν
1046 2325 1161 2379 ψυχὴν

1178 315 1203 347 C
1231 313 1307 364 ejus
1325 321 1425 365 pater
1442 312 1562 362 suerit,
1581 320 1615 350 et
1631 311 1725 350 unde
1743 325 1853 364 genus
1871 313 2031 365 duxerit,
2049 324 2082 353 et
2098 331 2182 366 quo-

1232 373 1338 412 modo
1355 373 1390 411 in
1405 372 1498 411 banc
1510 373 1622 412 vitam
1637 373 1744 412 suerit
1765 373 1894 423 editus,
1908 383 1942 412 et
1967 376 2037 414 alia
2056 386 2181 414 cuncta

1232 447 1311 484 qum
1331 447 1407 472 mos
1425 442 1475 471 est
1487 433 1710 486 genealogias
1727 435 1955 473 narrantibus
1973 450 2152 474 recensere
2173 453 2180 473 :

1231 495 1364 532 relictis
1380 503 1496 533 tamen
1517 495 1590 533 illis
1605 495 1785 542 omnihus,
1805 505 1838 534 et
1863 496 2016 534 aliorum
2032 512 2182 536 consuc-

1230 554 1356 593 tudine
1371 555 1545 607 superior,
1557 556 1673 607 inquit
1689 572 1696 593 τ
1710 558 1793 596 Noe·
1804 558 1919 596 homo
1926 560 2058 610 justus
2073 575 2084 595 :
2097 574 2184 611 per-

1218 616 1355 667 fhctus
1372 618 1413 653 ἰη
1430 619 1680 667 generatione
1692 631 1762 656 sua
1783 635 1793 654 :
1814 620 1900 657 Deo
1915 621 2067 671 placuit
2085 622 2181 660 Noti.

1228 675 1364 715 Vidisti
1382 675 1633 715 admirabilem
1649 679 1917 730 genealogiam?
1933 682 2032 728 Noe,
2052 682 2182 732 inquit,

1228 738 1357 775 homo.
1391 737 1489 776 Vide
1524 737 1632 776 etiam
1665 748 1800 777 naturae
1835 754 2023 780 commune
2056 756 2183 780 nomen

1227 811 1293 850 pro
1311 795 1418 835 laude
1440 797 1530 849 justi
1545 807 1770 850 usurpatum.
1790 800 1884 837 Nam
1901 801 1984 850 quia
2003 803 2118 840 caeteri
2137 804 2184 840 ob

1228 857 1386 895 carnales
1405 857 1621 909 voluptates,
1638 858 1768 908 quibus
1786 859 1943 898 immersi
1962 870 2074 909 erant,
2096 863 2184 900 ami-

1181 924 1206 954 D
1229 928 1345 957 serant
1365 932 1439 957 esse
1457 918 1642 957 homines:
1662 919 1743 969 iste,
1773 920 1903 971 inquit,
1930 920 1968 958 in
1999 931 2097 960 tanto
2121 937 2185 975 po-

1229 979 1316 1033 pulo
1329 979 1486 1018 hominis
1514 980 1708 1032 imaginem
1726 981 1895 1021 servavit.
1926 983 2031 1021 Tunc
2053 984 2186 1036 quippe

1230 1039 1338 1079 homo
1362 1050 1427 1091 est,
1449 1040 1592 1093 quando
1617 1041 1790 1080 virtutem
1819 1042 1915 1081 colit.
1944 1044 2066 1095 Neque
2093 1045 2187 1082 enim

1231 1101 1384 1154 speciem
1407 1101 1540 1141 habere
1558 1102 1729 1152 hominis,
1754 1111 1788 1141 et
1813 1103 1949 1154 oculos,
1970 1113 2004 1143 et
2022 1119 2136 1154 nares,
2155 1115 2189 1144 ct

1230 1174 1284 1210 os,
1307 1171 1341 1200 et
1371 1176 1491 1215 genas,
1511 1173 1545 1202 et
1573 1173 1699 1203 caetera
1718 1164 1895 1214 membra,
1914 1165 1983 1204 hoc
2008 1166 2190 1204 hominem

1231 1236 1305 1261 esse
1320 1224 1476 1263 ostendit
1493 1239 1502 1262 z
1522 1225 1597 1264 haec
1614 1225 1708 1264 enim
1727 1225 1888 1264 membra
1907 1235 1990 1264 sunt
2014 1227 2186 1279 corporis.

1231 1283 1424 1323 Hominem
1444 1285 1548 1324 illum
1563 1285 1731 1335 dicimus,
1745 1286 1808 1338 qui
1824 1287 2017 1339 imaginem
2030 1288 2188 1327 hominis

1231 1344 1368 1383 salvam
1387 1347 1525 1386 retinet.
1543 1348 1634 1396 Quae
1653 1356 1772 1385 autem
1796 1357 1847 1386 est
1863 1348 1982 1400 imago
2001 1349 2188 1388 hominis?

1233 1406 1459 1446 Rationalem
1473 1422 1558 1447 esse.
1572 1407 1674 1455 Quid
1684 1409 1794 1460 ergo?
1805 1423 1921 1448 annon
1933 1419 1966 1447 et
1977 1410 2033 1447 illi
2044 1411 2189 1448 fuerunt

1232 1469 1452 1508 rationales?
1471 1472 1612 1510 Verum
1627 1484 1696 1509 non
1720 1470 1789 1509 hoc
1805 1471 1922 1509 solum
1942 1472 2048 1510 suerit
2065 1471 2188 1510 homi-

1232 1543 1314 1568 nem
1333 1544 1419 1581 esse,
1439 1530 1501 1569 sed
1522 1540 1556 1569 et
1580 1531 1779 1570 virtutibus
1797 1546 1871 1570 esse
1885 1532 2065 1583 deditum,
2086 1542 2120 1571 ct
2133 1533 2189 1571 vi-

1184 1603 1210 1635 Ε
1233 1591 1283 1629 tia
1309 1593 1442 1644 fugere,
1461 1601 1495 1631 et
1522 1592 1659 1632 illicitis
1678 1593 1927 1632 affectionibus
1946 1594 2137 1646 imperare,
2156 1602 2190 1632 et

1234 1652 1413 1691 mandatis
1435 1652 1627 1692 dominicis
1653 1654 1913 1707 obtemperare,
1934 1654 2005 1693 hoc
2034 1663 2086 1693 est
2115 1668 2191 1693 esse

1233 1713 1427 1753 hominem.

1286 1901 1324 1940 4.
1353 1899 1464 1939 Porro
1478 1907 1520 1939 ut
1537 1899 1651 1940 discas
1666 1914 1801 1940 morem
1820 1915 1894 1941 esse
1915 1903 2125 1956 Scripturas,
2146 1912 2187 1942 ut
2235 1910 2391 1959 Improbqs

1234 1961 1335 2000 vitiis
1364 1961 1548 2000 studentes
1577 1970 1610 1999 et
1635 1961 1806 2000 virtutem
1832 1963 2050 2015 negligentes
2068 1964 2185 2003 homi·
2201 1963 2260 2021 ζεῖ
2288 1954 2393 2031 ξῐῗὲζζζ

1233 2036 1320 2061 num
1342 2022 1486 2061 nomine
1511 2036 1640 2061 vocare
1664 2036 1735 2060 non
1764 2022 1948 2075 dignetur,
1963 2025 2050 2063 audi
2069 2027 2185 2064 Deum
2201 2036 2241 2062 lat
2256 2035 2391 2072 Scriptu-

1233 2084 1448 2135 loquentem,
1463 2083 1554 2120 sicut
1580 2082 1658 2120 heri
1677 2083 1884 2122 dicebamus
1903 2100 1910 2121 :
1930 2086 2022 2123 Non
2034 2100 2187 2137 perma-
2200 2087 2275 2145 ‘42¹2'ss-
2291 2116 2321 2146 6·
2336 2115 2368 2144 3.

1234 2146 1340 2182 nebit
1369 2143 1534 2195 Spiritus
1560 2156 1667 2181 meus
1697 2146 1740 2181 in
1765 2145 1989 2184 hominibus
2020 2149 2116 2195 istis,
2145 2161 2188 2185 eo

1233 2205 1338 2257 quod
1363 2206 1437 2256 ipsi
1454 2217 1593 2242 carnes
1611 2212 1713 2242 sunt.
1728 2203 1807 2256 Ego
1830 2205 1937 2254 enim,
1956 2205 2074 2245 dicere
2092 2208 2187 2259 vult,

1233 2264 1471 2303 substantiam
1486 2278 1532 2302 ex
1545 2278 1651 2302 carne
1673 2273 1708 2302 et
1727 2265 1846 2304 anima
1881 2265 1955 2305 illis
1981 2267 2067 2306 dedi
2090 2285 2099 2305 :
2119 2269 2189 2321 ipsi

1232 2334 1351 2364 autem
1366 2325 1468 2376 quasi
1487 2325 1561 2363 sola
1579 2339 1683 2364 carne
1701 2325 1930 2378 circumdati,
1965 2328 2014 2366 ita
2036 2328 2188 2368 virtutes

140 2387 265 2435 ἀρετῆς
283 2387 490 2434 ἀμελοῦντες
502 2389 518 2406 ‘²
527 2386 600 2424 ὅλοι
614 2389 676 2432 τῆς
691 2385 816 2438 σαρκὸς
829 2387 949 2425 λοιπὸν
966 2386 1160 2439 γεγόνασιν.
1172 2416 1218 2442 2η
1233 2386 1344 2424 animi
1356 2386 1557 2438 negligunt,
1577 2395 1611 2424 et
1625 2385 1739 2424 solam
1750 2401 1892 2425 carnem
1907 2388 2038 2427 deinde
2053 2400 2188 2428 sectan-

141 2439 244 2488 Εἶδες
263 2447 337 2489 πῶς
366 2445 423 2484 διὰ
452 2444 516 2492 τὴν
547 2445 673 2484 κακίαν
700 2447 815 2497 σάρκα
840 2447 963 2491 αὐτοὺς
982 2449 1081 2486 καλεῖ
1102 2448 1161 2486 καὶ
1184 2455 1210 2483 Α
1233 2456 1303 2487 tur.
1320 2446 1456 2486 Vidisti
1487 2446 1665 2497 quomodo
1693 2447 1740 2485 ob
1759 2447 1936 2486 malitiam
1967 2463 2108 2487 carnem
2130 2465 2188 2488 eos

140 2506 203 2542 οὐκ
219 2504 434 2558 ἀνθρώπους,
452 2505 524 2545 Καὶ
541 2505 646 2545 πάλιν
661 2511 843 2559 προϊοῦσα,
858 2509 905 2551 ὡς
921 2508 1046 2547 αὐτίκα
1064 2508 1162 2559 μάλα

141 2564 294 2615 εἴσεσθε,
325 2569 391 2618 γῆν
420 2567 542 2612 αὐτοὺς
565 2568 726 2618 ὀνομάζει
746 2572 768 2615 ἡ
790 2569 865 2608 θεία
883 2570 1022 2623 Γραφὴ,
1045 2569 1102 2609 διὰ
1118 2571 1160 2609 τὸ

139 2631 211 2669 τοῖς
225 2627 357 2677 γηΐνοις
376 2628 573 2682 φρονήμασι
589 2630 943 2678 καταδεδαπανῆσθαι
955 2647 963 2655 ·
977 2631 1063 2684 φησὶ
1078 2631 1160 2685 γὰρ,

146 2687 302 2739 Ἐφθάρη
323 2688 359 2726 δὲ
377 2693 399 2736 ἡ
419 2691 465 2740 γῆ
485 2689 637 2728 ἐναντίον
657 2693 718 2728 τοῦ
733 2693 826 2730 Θεοῦ
839 2707 847 2715 ·
863 2693 901 2731 οὐ
921 2692 1002 2745 περὶ
1021 2694 1083 2739 τῆς
1098 2695 1162 2744 γῆς

140 2751 203 2794 τῆς
231 2751 398 2795 αἰσθητῆς
419 2749 593 2802 λέγουσα,
626 2751 718 2791 ἀλλὰ
748 2752 828 2797 τοὺς
851 2755 1067 2797 ἐνοικοῦντας
1096 2757 1161 2804 γῆν

142 2809 368 2859 ὀνομάζουσα.
395 2812 566 2864 Ἀλλαχοῦ
594 2812 631 2852 δὲ
652 2813 730 2852 οὔτε
752 2814 880 2867 σάρκα,
899 2815 976 2853 οὔτε
995 2818 1060 2867 γῆν
1080 2816 1162 2852 ὀνο-

144 2870 263 2920 μάζει,
288 2870 366 2910 οὐδὲ
393 2865 480 2910 εἶναι
499 2873 621 2917 αὐτοὺς
638 2878 776 2926 ἡγεῖται
793 2876 828 2913 ἐν
847 2878 897 2928 τῷ
912 2875 1059 2928 παρόντι
1083 2876 1162 2928 βίῳ,

142 2930 199 2969 διὰ
219 2931 260 2970 τὸ
275 2935 338 2979 τῆς
353 2935 478 2986 ἀρετῆς
492 2933 639 2987 ἐρήμους
657 2930 757 2975 εἶναι.
772 2935 894 2976 Ἄκουε
913 2936 982 2989 γὰρ
999 2940 1059 2976 τοῦ
1075 2952 1162 2990 προ-

185 3036 204 3062 b
219 3037 261 3070 In
274 3036 391 3081 savit„
407 3037 523 3076 Μαι-εἰ.
541 3047 576 3072 et.
589 3039 665 3073 uss.
683 3041 839 3075 omnibus
855 3041 902 3074 ita
916 3041 1050 3086 legitur,
1065 3047 1148 3086 μετὰ

141 3096 194 3128 τῆς
210 3095 316 3136 σαρκὸς
336 3096 385 3125 καὶ
401 3099 453 3130 τῆς
468 3096 562 3136 ψυχῆς
577 3098 632 3132 τὴν
646 3097 776 3133 ἐξουσίαν
792 3097 1000 3139 ἐδωρησάμην.
1012 3095 1077 3127 Pro
1093 3100 1148 3134 τὴν

141 3145 272 3180 ἆξουσίαν
287 3141 456 3185 Interpres
472 3141 551 3187 legit
572 3150 626 3185 τὴν
647 3149 764 3187 οὐσίαν,
783 3157 855 3189 quae
876 3144 976 3178 lectio
992 3147 1120 3188 optima
1137 3158 1144 3177 :

142 3191 240 3225 vertit
256 3193 343 3226 enim
353 3220 362 3236 ,
376 3193 599 3228 substantiam
615 3207 658 3228 ex
674 3209 776 3229 carne
791 3204 824 3228 ez
839 3198 954 3230 anima
970 3197 1040 3230 illis
1053 3198 1144 3231 dedi.

142 3243 253 3285 Quam
277 3246 587 3289 interpretationem
611 3249 703 3292 quod
729 3249 823 3282 serici
846 3247 953 3292 probe
984 3257 1150 3294 congruat

144 3305 273 3330 mutare
290 3297 469 3332 noluimus.

186 3360 200 3374 ²
215 3347 286 3385 ὅλοι
302 3359 354 3389 τῆς
369 3356 477 3397 σαρκὸς
493 3354 596 3386 λοιπὸν
613 3360 759 3395 γεγόνασι.
776 3354 817 3385 In
835 3352 904 3386 haec
921 3352 1020 3387 verba
1037 3352 1153 3386 istbaec

144 3402 293 3443 apposite
306 3409 403 3436 notat
413 3401 572 3436 saviliua:
587 3405 696 3436 «Nota
708 3416 801 3438 usum
815 3404 951 3449 genitivi
964 3416 1039 3438 cum
1055 3404 1156 3438 verbo

1232 2517 1338 2548 vocat
1355 2517 1390 2547 et
1404 2521 1474 2546 non
1497 2507 1690 2546 homines?
1709 2507 1757 2546 Et
1775 2508 1918 2558 iterum,
1935 2519 1975 2547 ut
1989 2511 2108 2548 statim
2122 2526 2186 2549 au-

1233 2569 1354 2620 dietis,
1374 2578 1506 2607 terram
1523 2581 1581 2606 eos
1600 2568 1759 2606 nominat
1779 2567 1905 2607 divina
1929 2570 2129 2622 Scriptura,
2149 2586 2188 2609 eo

1232 2631 1330 2683 quod
1347 2629 1496 2669 terrenis
1515 2628 1792 2680 cogitationibus
1820 2629 2058 2669 absumantur
2077 2647 2086 2669 τ
2102 2631 2189 2672 dicit

1233 2692 1328 2731 enim
1350 2707 1358 2729 :
1380 2692 1442 2730 11.
1465 2691 1658 2741 Corrupta
1681 2698 1812 2728 autem
1830 2699 1914 2728 erat
1936 2700 2039 2730 terra
2057 2707 2190 2731 comm

1233 2754 1332 2792 Deo.
1353 2752 1434 2791 Non
1449 2750 1495 2789 de
1522 2759 1613 2788 terra
1629 2750 1790 2788 sensibili
1812 2750 1986 2802 loquitur,
2009 2753 2071 2790 sed
2087 2753 2190 2791 inha-

1233 2814 1402 2853 bitatores
1422 2821 1553 2849 terram
1580 2819 1696 2849 vocat.
1721 2810 1801 2850 Alio
1819 2820 1939 2850 autem
1971 2812 2049 2851 loco
2079 2828 2193 2865 neque

1234 2884 1366 2914 terram
1389 2887 1502 2924 neque
1529 2885 1672 2909 carnem
1683 2871 1868 2910 nominat:
1901 2873 1964 2911 sed
1981 2887 2095 2926 neque
2119 2889 2193 2914 esse

1233 2949 1294 2975 eos
1310 2943 1411 2988 putat
1432 2934 1468 2972 in
1485 2933 1552 2971 hac
1571 2932 1736 2985 praesenti
1755 2932 1847 2984 vita,
1873 2947 1914 2972 eo
1940 2935 2039 2986 quod
2060 2935 2194 2974 virtute

1178 3040 1407 3079 substantivo,
1418 3050 1494 3072 cum
1508 3036 1711 3081 significatur
1724 3036 1867 3081 aliquem
1882 3039 1980 3072 alicui
1992 3041 2039 3072 rei
2056 3052 2192 3083 prorsus

1179 3093 1354 3126 addictum
1379 3103 1460 3124 esse.
1478 3090 1533 3123 Sic
1561 3097 1594 3122 et
1617 3089 1698 3122 alibi
1725 3090 1843 3132 saepius
1866 3091 1901 3123 in
1925 3091 1976 3124 his
1993 3091 2026 3125 in
2052 3093 2195 3126 Genesin

1179 3144 1334 3179 Homiliis
1356 3156 1362 3174 :
1390 3151 1428 3175 ut
1453 3140 1578 3174 Homil.
1608 3143 1648 3174 27
1669 3153 1676 3172 :
1694 3145 1762 3180 ὅλος
1789 3148 1853 3186 γίνῃ
1875 3149 1927 3178 τοῦ
1947 3151 2061 3189 μιαροῦ
2087 3150 2195 3180 τούτου

1181 3201 1390 3240 τολμήματος·
1408 3201 1442 3226 et.
1461 3192 1559 3235 alias,
1577 3195 1639 3232 ἑνὸς
1652 3200 1744 3235 μόνου
1762 3199 1913 3237 γινόμεθα.
1933 3196 2033 3231 Hom.
2058 3199 2114 3231 ¹8:
2135 3201 2196 3236 ἑνὸς

1181 3257 1274 3293 μόνου
1295 3254 1406 3291 γίνεται
1422 3252 1485 3280 τοῦ.
1506 3245 1608 3277 Hom.
1627 3246 1670 3279 33
1691 3258 1697 3277 :
1717 3252 1769 3280 τοῦ
1786 3252 2015 3290 καταπείγοντος
2031 3258 2192 3291 γενόμενοι.

1183 3302 1285 3333 Ilom.
1301 3302 1337 3331 4¹
1359 3312 1369 3330 :
1386 3302 1451 3333 οὐδὲ
1467 3305 1518 3337 τῆς
1539 3303 1646 3338 οἰκείας
1664 3302 1856 3338 ἀναπαύσεως
1880 3303 1925 3338 ἦν.
1945 3301 2045 3334 Ηυω.
2063 3304 2106 3334 45
2121 3314 2128 3333 ε
2147 3308 2195 3336 καὶ

1189 3357 1251 3388 ὅλοι
1268 3361 1318 3391 τῆς
1334 3354 1434 3390 ὀδύνης
1450 3356 1592 3389 ἐκείνης.»
