2516 3791
119 558 302 588 L11c.12.20.

173 992 305 1020 Avaritiae

120 1035 233 1062 damna.

159 2994 247 3021 llebr.
274 3000 320 3021 ιι.

164 3044 208 3064 ιο.

318 147 410 195 556
748 160 786 189 s.

317 248 428 298 legem
444 244 624 282 imitemur
641 258 648 279 ε
664 251 697 280 et
711 255 754 279 ne
772 240 884 278 multa
901 235 1106 290 possidendi
1125 231 1264 284 cupidi-

316 316 386 345 tate
409 304 561 352 accensi,
590 303 757 355 majorem
783 310 816 338 et
843 299 1040 350 graviorem
1067 291 1265 331 accumule-

317 383 397 407 mus
416 369 533 419 ignem
556 361 905 413 inexstinguibilem,
926 367 959 396 et
976 357 1156 395 flammam
1176 354 1266 390 into-

317 429 514 467 lerabilem.
530 424 722 462 Audiemus
741 422 845 468 enim,
865 419 895 457 si
915 419 950 455 in
972 414 1179 469 hujusmodi
1207 428 1267 451 ra—
1289 417 1314 447 E

317 491 400 543 pina
419 498 452 526 et
470 485 619 525 avaritia
638 482 891 529 manserimus,
912 493 949 517 ea
973 492 1050 529 quae
1071 476 1166 514 dicta
1184 484 1268 514 sunt

318 549 422 588 diviti
444 548 496 585 illi
514 563 522 582 :
541 546 675 592 Stulte,
705 546 781 581 ista
810 550 919 580 nocte
947 543 1015 578 abs
1036 548 1072 577 te
1093 540 1268 576 animam

319 620 424 648 neam
452 615 645 659 repetent.-
665 618 749 657 quae
775 611 904 640 autem
928 601 1170 653 praeparasti,
1199 612 1265 636 cu-

312 674 377 724 jus
395 673 530 708 erunt?
559 669 699 714 Quare,
730 664 789 702 dic
811 663 919 712 mihi,
945 671 1126 713 tantopere
1145 659 1267 707 sudes,

318 742 356 770 ut
370 731 514 781 colligas
527 743 566 766 ea
579 741 657 779 quae
673 740 740 764 non
754 725 867 763 multo
890 733 969 777 post
989 723 1073 761 hinc
1090 721 1268 773 abripien-

317 793 397 840 dus,
416 792 476 829 hic
494 790 689 840 relinques,
710 802 754 825 ex
769 787 818 825 eis
838 800 908 824 non
926 785 1041 823 solum
1061 783 1154 821 nihil
1174 781 1270 819 utili-

317 853 398 892 tatis
416 852 596 905 percipere
622 849 763 897 valens,
784 848 845 885 scd
871 856 903 884 et
931 859 1018 883 onus
1046 852 1267 897 peccatorum

1299 878 1328 902 ⁴2

319 916 353 953 in
367 914 526 951 humeris
549 911 702 964 propriis
727 910 853 956 ferens,
871 916 903 946 et
919 906 1036 944 inutili
1064 904 1269 957 poenitentia
1282 879 1318 944 a}

319 975 473 1014 ductus?
491 976 583 1013 *Nam
597 988 634 1011 ea
648 986 725 1022 quae
743 986 763 1008 a
783 980 815 1007 tc
834 983 895 1022 per
920 967 1109 1005 avaritiam
1125 965 1270 1003 collecta

320 1046 414 1081 sunt,
429 1037 466 1074 in
478 1035 635 1073 hostium
650 1046 740 1084 saepe
750 1030 936 1069 devenient
949 1042 1087 1077 manus,
1102 1036 1139 1064 tu
1154 1034 1272 1063 autem

320 1114 385 1151 pro
400 1098 444 1137 iis
461 1097 633 1135 rationem
648 1105 681 1132 et
697 1107 835 1146 poenam
859 1091 973 1130 dabis.
991 1092 1140 1137 Quanta]
1163 1088 1272 1139 igitur

320 1169 372 1198 est
389 1158 572 1197 dementiae
599 1156 677 1194 aliis
704 1155 878 1201 laborare,
897 1161 929 1191 et
945 1161 979 1190 te
994 1160 1181 1203 propterea
1199 1161 1272 1201 poe-

322 1233 403 1258 uam
424 1219 534 1258 dare?

375 1461 414 1496 Q.
446 1457 532 1496 Esto
553 1465 685 1504 autem,
711 1455 880 1492 hactenus
895 1453 941 1490 ita
971 1451 1188 1502 negligenter
1212 1462 1275 1486 nos

324 1519 552 1571 gesserimus,
570 1530 664 1554 nunc
680 1515 804 1553 saltem
821 1513 910 1564 quid
925 1526 1014 1564 opus
1026 1512 1118 1548 sacto
1133 1510 1178 1548 sit
1194 1523 1275 1547 con-

324 1580 518 1625 sultemus;
536 1586 568 1614 et
585 1590 654 1613 non
672 1583 811 1613 tantum
830 1587 972 1625 operam
993 1571 1131 1618 demus,
1154 1580 1192 1607 ut
1211 1584 1276 1607 no-

325 1639 381 1677 bis
391 1653 473 1691 opes
488 1638 649 1685 affluant,
664 1635 726 1673 sed
740 1644 779 1672 ut
792 1643 825 1671 et
835 1633 982 1685 justitiae
993 1645 1158 1683 maguam
1173 1630 1279 1668 ratio·
1301 1639 1324 1668 Β

326 1713 407 1737 nem
423 1708 456 1736 et
471 1711 593 1735 curam
619 1709 792 1748 geramus
810 1696 930 1744 Neque
951 1693 1045 1730 enim
1073 1705 1128 1729 res
1152 1700 1279 1728 nostrae

327 1761 435 1812 hujus
453 1759 535 1797 vitae
552 1757 728 1795 limitibus
756 1754 1031 1806 circumscriptae
1049 1761 1145 1800 sunt,
1167 1765 1280 1801 neque

329 1834 467 1873 semper
482 1820 516 1856 in
531 1819 645 1856 aliena
664 1816 806 1867 regione
825 1815 956 1852 erimus
973 1829 981 1849 t
999 1811 1061 1851 sed
1081 1826 1149 1850 non
1168 1812 1281 1849 multo

329 1891 409 1934 post
431 1881 467 1919 in
487 1879 669 1933 propriam
694 1876 932 1915 remeabimus
955 1874 1121 1927 patriam.
1151 1873 1283 1912 Omnia

330 1943 442 1995 igitur
472 1942 661 1989 faciamus,
691 1952 735 1977 ne
769 1938 847 1975 illic
881 1936 980 1988 egeni
1016 1936 1127 1974 simus
1160 1934 1282 1972 futuri.

333 2006 427 2043 Nam
438 2017 515 2055 quae
529 2002 682 2050 utilitas,
701 2000 736 2038 in
750 1999 864 2037 aliena
878 1998 1020 2049 regione
1035 1997 1166 2035 multas
1187 1995 1285 2034 divi-

334 2065 402 2102 tias
432 2064 646 2114 relinquere,
667 2062 703 2099 in
727 2059 874 2112 propria
908 2067 1047 2107 autem,
1066 2058 1151 2096 etin
1171 2057 1286 2109 patria

337 2124 540 2163 necessariis
559 2122 842 2171 ca1·e1·e?1taque
866 2133 942 2167 oro,
970 2119 1174 2157 festinemus
1198 2119 1286 2156 dum

339 2185 456 2224 adhue
474 2194 612 2236 tempus
644 2192 714 2229 est,
736 2191 776 2218 ut
796 2181 883 2218 illuc
907 2181 1159 2218 transferamus
1181 2179 1287 2217 etiam

340 2261 418 2297 quae
447 2246 483 2283 in
510 2246 578 2283 hac
613 2244 727 2281 alicua
754 2242 939 2279 habemus.
977 2241 1170 2278 Enimvero
1200 2240 1288 2287 licet

342 2308 496 2345 multum
510 2306 600 2343 iuter
617 2319 653 2342 se
668 2303 797 2340 distent
811 2332 820 2351 ,
843 2301 958 2338 facilis
974 2309 1091 2339 tamen
1106 2310 1157 2339 est
1174 2311 1289 2338 trans—
1313 2311 1337 2341 c

342 2367 471 2407 vectio.
507 2366 580 2414 Qui
603 2365 697 2403 enim
724 2372 841 2401 nostra
866 2376 906 2400 eo
933 2362 1146 2405 transerunt,
1177 2362 1292 2414 parati

344 2439 447 2475 sunt,
468 2438 501 2466 ct
515 2441 635 2465 secure
654 2427 740 2464 illuc
758 2432 927 2477 pergunt,
945 2432 1048 2473 atque
1071 2424 1106 2460 in
1129 2423 1292 2461 thesauro

345 2488 613 2542 indepraedabili
630 2502 668 2525 ea
682 2494 872 2538 reponunt,
889 2497 1121 2535 quaecumque
1135 2498 1197 2535 pcr
1215 2484 1293 2521 illo-

347 2566 427 2589 rum
446 2563 571 2588 manus
602 2547 812 2601 prazmfflere
840 2545 1070 2596 potuerimus.
1094 2545 1295 2596 Pauperum

348 2614 442 2650 enim
461 2625 586 2649 manus
603 2610 638 2647 in
657 2607 807 2647 caelestia
832 2606 1048 2659 promtuaria
1076 2605 1143 2643 sibi
1171 2606 1294 2643 collata

348 2674 440 2711 dona
465 2682 582 2711 nostra
609 2678 794 2723 reponunt.
811 2669 991 2716 Quoniam
1014 2667 1123 2719 igitur
1148 2676 1242 2705 tanta
1265 2677 1297 2705 et

350 2735 500 2773 facilitas
516 2743 547 2771 et
567 2732 733 2771 securitas
752 2739 817 2774 est,
837 2743 945 2780 quare
963 2743 1157 2775 moramur,
1178 2738 1210 2766 et
1229 2742 1298 2766 non

352 2795 447 2833 omni
463 2793 579 2832 studio
599 2794 664 2830 hoc
686 2792 851 2839 facimus,
871 2799 910 2828 ut
930 2790 980 2827 ibi
1004 2804 1042 2827 ea
1059 2791 1296 2839 inveniamus,

354 2857 417 2894 ubi
431 2856 480 2893 eis
492 2855 646 2893 maxime
670 2868 760 2906 opus
784 2852 874 2890 erit?
892 2852 1079 2902 Propterea
1097 2851 1299 2903 patriarcha
1324 2854 1348 2882 D

354 2917 415 2954 ille
432 2917 530 2966 quasi
559 2916 709 2953 alienam
736 2913 910 2951 inhabitat
942 2912 1197 2959 chananaeam,
1218 2913 1301 2963 quia

357 2978 454 3015 illam
470 2978 731 3028 Exspectabat
756 2977 963 3019 civitatem,
992 2975 1100 3025 cujus
1120 2974 1248 3026 opifex
1269 2982 1304 3011 et

358 3039 534 3076 conditor
547 3046 599 3075 est
617 3038 734 3074 Deus.
752 3036 789 3073 Si
808 3035 917 3086 igitur
935 3033 1152 3073 voluerimus
1165 3035 1303 3086 justum

358 3100 453 3137 hunc
474 3098 621 3145 imitari,
640 3106 673 3134 ct
693 3111 753 3135 nos
776 3097 810 3133 in
837 3096 935 3133 illam
948 3109 1194 3144 occurremus,
1213 3104 1246 3133 et
1268 3097 1302 3133 in

358 3160 476 3199 sinum
490 3158 699 3211 patriarchae
714 3157 906 3195 veniemus.
923 3158 1081 3208 Operum
1100 3156 1191 3194 enim
1205 3170 1303 3194 com-

359 3220 480 3259 munio
487 3221 591 3258 etiam
599 3217 1223 3269 sruitiouiscouununionempraestat.
1234 3219 1303 3255 Ye-

824 155 1008 187 JOANNIS
1045 149 1289 184 CHRYSOST.
1327 148 1533 179 ARCHIEP.
1571 149 1934 179 CONSTANTINOP-

1337 245 1453 281 σχετο,
1485 230 1566 282 πρὶν
1597 229 1619 277 ἢ
1648 230 1711 278 τὴν
1743 230 1879 270 δικαίαν
1903 229 2076 269 κατέὸαλε
2106 229 2225 280 τιμήν.
2253 228 2360 280 Ἅπερ

1337 292 1549 339 ἐννοοῦντες,
1570 292 1765 342 ἀγαπητοὶ,
1785 291 2024 342 μιμησώμεθα
2055 293 2086 329 οἷ
2113 292 2148 328 ἐν
2169 294 2212 341 τῇ
2242 290 2362 343 χάριτι

1339 351 1395 388 τὸν
1415 351 1483 403 πρὸ
1502 356 1561 389 τοῦ
1591 351 1715 403 νόμου,
1735 352 1794 390 καὶ
1825 353 1873 403 μὴ
1909 351 1989 403 περὶ
2019 352 2082 398 τὴν
2107 353 2176 388 τῶν
2195 350 2363 387 πλειόνων

1338 411 1524 462 ἐπιθυμίαν
1543 413 1780 464 ἐκκαιόμενοι,
1801 415 1915 464 μεῖζον
1938 416 2072 454 ἑαυτοῖς
2093 411 2153 449 καὶ
2179 410 2365 464 σφοδρότε-

1341 489 1396 524 ρον
1419 473 1686 527 ἐπισωρεύωμεν
1716 474 1754 512 τὸ
1779 478 1848 526 πῦρ
1878 474 1918 511 τὸ
1951 473 2134 518 ἅσὸεστον,
2164 471 2227 518 τὴν
2255 471 2366 523 φλόγα

1338 535 1399 582 τὴν
1418 536 1603 589 ἀφόρητον.
1627 534 1860 585 Ἀκουσόμεθα
1882 535 1949 587 γὰρ
1962 566 1972 583 ,
1993 537 2023 572 εἰ
2045 526 2278 584 ἐπιμένοιμειῖ
2291 538 2367 574 ταῖς

1338 596 1515 641 τοιαύταις
1546 598 1719 650 ἁρπαγαῖς
1753 596 1813 634 καὶ
1844 595 2077 642 πλεονεξίαις,
2113 594 2157 632 τὰ
2185 594 2269 646 πρὸς
2309 592 2367 631 τὸν

1339 657 1502 696 πλούσιον
1534 659 1662 697 ἐκεῖνον
1694 657 1881 710 εἰρημένα·
1896 656 2035 709 Ἄφρον,
2060 655 2172 706 ταύτῃ
2206 659 2249 707 τῇ
2270 653 2367 692 νυκτὶ

1339 718 1401 766 τὴν
1426 719 1542 772 ψυχήν
1564 735 1623 758 σου
1644 721 1846 757 ἐπαιτοῧσιν
1865 717 1933 756 ἀπὸ
1950 714 2011 756 σοῦ
2026 733 2033 741 ·
2055 717 2077 755 ἃ
2095 716 2130 754 δὲ
2149 716 2345 767 ἡτοίμασας
2359 744 2369 761 ,

1339 779 1406 817 τίνι
1424 779 1546 829 ἔσται,
1563 779 1667 823 Τίνος
1681 780 1748 832 γὰρ
1766 779 1892 826 ἕνεκεν,
1909 778 2070 830 ἀγαπητὲ
2082 809 2092 825 ,
2113 781 2266 815 τοσαῦτα
2286 778 2368 814 συλ-

1339 840 1453 892 λέγειν
1474 841 1696 889 σπουδάζεις,
1717 841 1806 892 ἅπερ
1827 839 1904 891 μετ’
1923 841 1961 878 οὗ
1980 839 2069 878 πολὺ
2092 839 2228 891 μέλλων
2249 840 2368 876 ἐντεῦ-

1343 905 1397 939 θεν
1416 902 1679 953 ἀφαρπάζεσθαι
1699 901 1921 954 καταλείψεις
1941 902 2107 949 ἐνταῦθα,
2127 902 2164 938 οὗ
2183 900 2285 951 μόνον
2306 901 2370 937 οὖ-

1343 963 1399 1000 δὲν
1430 963 1489 999 ἀπ’
1509 963 1621 999 αὐτῶν
1652 962 1906 1012 καρπώσασθαι
1941 962 2114 1009 δυνηθεὶς,
2135 961 2224 999 ἀλλὰ
2246 961 2305 999 καὶ
2333 959 2373 998 τὸ

1344 1022 1483 1074 φορτίον
1508 1025 1577 1063 τῶν
1612 1022 1877 1075 ἁμαρτημάτων
1907 1022 1965 1060 ἐπὶ
1996 1026 2064 1060 τῶν
2100 1022 2235 1060 οἰκείων
2265 1021 2372 1073 ὤμων

1344 1083 1589 1136 ἐπιφερόμενος
1606 1114 1615 1132 ,
1647 1083 1708 1121 καὶ
1739 1083 1903 1135 ἄπρακτα
1926 1084 2047 1122 λοιπὸν
2077 1082 2374 1135 μεταγινώσκων,

1344 1145 1413 1184 Καὶ
1435 1145 1479 1183 τὰ
1501 1145 1562 1195 μὲν
1591 1144 1688 1197 παρὰ
1717 1149 1778 1182 σοῦ
1812 1144 1902 1195 μετὰ
1928 1144 2128 1189 πλεονεξίας
2159 1144 2372 1195 συλλεγέντα

1344 1206 1513 1249 πολλάκις
1534 1206 1593 1245 καὶ
1615 1208 1663 1250 εἷς
1681 1205 1743 1249 τὰς
1771 1209 1840 1244 τῶν
1859 1207 1993 1258 ἐχθρῶν
2023 1213 2141 1258 χεῖρας
2164 1205 2343 1244 ἐλεύσεται
2361 1221 2368 1228 ·

1346 1266 1447 1311 αὐτὸς
1469 1267 1585 1314 δὲτὴν
1617 1267 1674 1305 ἐπὶ
1702 1266 1834 1311 τούτοις
1857 1267 1954 1313 δίκην
1988 1267 2228 1319 ἀπαιτηθήσῃ.
2261 1266 2375 1310 Ποίας

1345 1324 1402 1367 οῧν
1422 1331 1484 1367 οὐκ
1504 1329 1544 1366 ἂν
1574 1329 1626 1376 εἴη
1655 1334 1755 1368 τοῦτο
1774 1329 2043 1382 παραφροσύνης
2056 1357 2065 1375 ,
2093 1329 2132 1367 τὸ
2163 1329 2290 1381 ἑτέροις
2308 1344 2376 1366 πο-

1346 1394 1477 1428 νεῖσθαι
1492 1421 1500 1437 ,
1518 1390 1578 1428 καὶ
1598 1391 1698 1434 αὐτὸς
1715 1391 1777 1437 τὴν
1798 1390 1856 1429 ἐπὶ
1869 1390 2002 1433 τούτοις
2019 1390 2118 1436 δίκην
2137 1389 2290 1436 διδόναι,

1400 1451 1491 1488 Ἀλλ’
1518 1453 1547 1488 εἷ
1564 1450 1623 1488 καὶ
1641 1451 1807 1502 πρότερον
1825 1451 1915 1489 οὕτω
1935 1451 1979 1488 τὰ
2001 1452 2077 1488 καθ’
2099 1450 2241 1493 ἑαυτοὺς
2268 1450 2375 1504 ῥαθύ-

1349 1528 1422 1562 μως
1441 1511 1663 1562 διεθήκαμεν,
1684 1516 1739 1549 νῦν
1754 1516 1834 1561 γοῦν
1853 1512 1893 1550 τὸ
1913 1512 1987 1549 δέον
2007 1511 2295 1563 βουλευσώμεθα,
2316 1511 2377 1549 καὶ

1350 1572 1398 1623 μὴ
1427 1574 1546 1615 ἁπλῶς
1573 1572 1846 1624 περιὸάλλεσθαι
1877 1573 2127 1623 σπουδάζωμεν
2156 1572 2291 1618 πολλὴν
2312 1571 2376 1616 τὴν

1350 1632 1566 1685 περιουσίαν,
1585 1633 1675 1671 ἀλλὰ
1699 1633 1831 1680 πολλὴν
1851 1637 1910 1670 τοῦ
1933 1633 2065 1670 δικαίου
2089 1632 2273 1683 ποιώμεθα
2292 1632 2380 1684 πρό-

1350 1708 1457 1731 νοιαν.
1491 1693 1582 1731 Off&
1615 1693 1683 1744 γὰρ
1715 1694 1819 1745 μέχρι
1853 1697 1912 1730 τοῦ
1946 1693 2115 1744 παρόντος
2143 1693 2310 1739 στήσεται
2339 1692 2383 1731 τὰ

1351 1753 1528 1805 ἡμέτερα,
1556 1753 1633 1792 οὐδὲ
1665 1753 1722 1791 ἐπὶ
1752 1757 1814 1799 τῆς
1849 1753 1944 1800 ξένης
1978 1754 2036 1792 διὰ
2055 1754 2183 1796 παντὸς
2203 1754 2353 1804 ἐσόμεθα
2372 1785 2382 1803 ,

1354 1815 1444 1852 ἀλλὰ
1464 1816 1537 1865 μετ’
1570 1817 1608 1852 οὐ
1641 1813 1728 1852 πολὺ
1760 1816 1806 1857 εἷς
1833 1814 1897 1860 τὴν
1923 1814 2051 1852 οἰκείαν
2071 1813 2288 1865 ἐπανήξομεν
2308 1830 2383 1853 πα·-

1354 1875 1465 1927 τρίδα.
1488 1875 1612 1913 Πάντα
1637 1868 1694 1913 οὖν
1719 1878 1888 1926 ποιῶμεν,
1917 1875 2007 1914 ὥστε
2038 1876 2086 1927 μὴ
2113 1878 2184 1914 ἐκεῖ
2217 1879 2251 1915 ἐν
2272 1877 2384 1927 ἐνδείᾳ

1354 1941 1449 1988 ἡμᾶς
1467 1936 1641 1989 γενέσθαι.
1663 1936 1710 1974 Τί
1725 1936 1792 1989 γὰρ
1812 1938 1933 1990 ὄφελος
1958 1939 1994 1975 ἐν
2016 1937 2092 1990 ξένῃ
2115 1938 2176 1989 μὲν
2192 1937 2302 1976 πολὺν
2326 1938 2385 1976 τὸν

1355 1999 1503 2036 πλοῦτον
1527 1999 1746 2043 καταλιπεῖν,
1768 1999 1802 2035 ἐν
1836 1998 1871 2036 δὲ
1900 2001 1943 2050 τῇ
1977 1999 2090 2052 οἰκείᾳ
2121 1998 2262 2049 πατρίδι
2296 1999 2385 2049 μηδὲ

1346 2062 1424 2118 ,τῶν
1457 2058 1654 2109 ἀναγκαίων
1688 2057 1751 2105 τὴν
1780 2059 1902 2111 χρείαν
1931 2059 2044 2112 ἔχειν,
2074 2059 2291 2110 Σπεύσωμεν
2314 2064 2386 2108 οὐν,

1357 2121 1570 2170 παρακαλῶ,
1591 2121 1637 2162 ὡς
1655 2119 1705 2156 ἔτι
1734 2120 1868 2172 καιρὸς,
1889 2119 1948 2157 καὶ
1967 2120 2011 2158 τὰ
2031 2121 2088 2159 ἐπὶ
2107 2124 2169 2167 τῆς
2199 2119 2296 2168 ξένης
2315 2122 2386 2158 ἐκεῖ

1361 2183 1577 2230 μεταθῶμεν.
1593 2181 1638 2218 Εἰ
1653 2180 1721 2231 γὰρ
1741 2181 1800 2217 καὶ
1817 2179 1904 2218 πολὺ
1921 2181 1960 2219 τὸ
1978 2181 2155 2231 διάστημα
2167 2211 2176 2229 ,
2194 2181 2283 2219 ἀλλὰ
2301 2181 2387 2233 σφό-

1361 2242 1426 2293 δρα
1446 2240 1584 2284 εὔκολος
1610 2244 1632 2287 ἡ
1660 2241 1891 2291 μετακομιδή.
1913 2242 1982 2280 Καὶ
1998 2242 2064 2294 γὰρ
2083 2244 2114 2279 οἱ
2135 2242 2387 2293 μετακομίζον-

1361 2318 1416 2346 τες
1448 2301 1601 2352 ἕτοιμοι,
1630 2302 1688 2340 καὶ
1710 2302 1798 2352 μετὰ
1818 2302 2006 2354 ἀσφαλείας
2038 2305 2148 2341 ἐκεῖσε
2170 2303 2387 2355 βαδίζοντες,

1363 2363 1422 2401 καὶ
1453 2365 1488 2400 ἐν
1510 2363 1625 2415 ἀσύλῳ
1652 2366 1815 2415 θησαυρῷ
1848 2363 2110 2414 ἀποτιθέμενοι,
2149 2365 2236 2416 ἅπερ
2269 2364 2308 2402 ἂν
2344 2365 2388 2402 δι’

1364 2427 1476 2463 αὐτῶν
1492 2426 1766 2477 προαποστεῖλαι
1782 2426 1995 2476 δυνηθῶμεν.
2011 2429 2056 2464 Αἱ
2070 2426 2137 2477 γὰρ
2153 2429 2221 2464 τῶν
2232 2426 2390 2472 πενήτων

1364 2493 1478 2537 χεῖρες
1506 2488 1552 2528 εἷς
1578 2492 1720 2536 ταμιεῖα
1745 2489 1813 2524 τῶν
1833 2487 1987 2537 οὐρανῶν
2005 2486 2223 2525 ἀποτίθενται
2243 2487 2287 2524 τὰ
2306 2488 2389 2538 παρ’

1499 2547 1567 2560 xx!

1367 2551 1467 2598 ἡμῶν
1495 2563 1669 2598 οιοομενα.
1695 2548 1807 2587 (Όταν
1838 2543 1894 2586 οὖν
1915 2549 1974 2586 καὶ
1994 2552 2014 2595 ἡ
2035 2549 2175 2587 εὐκολία
2194 2544 2216 2601 ᾗ
2235 2548 2389 2594 τοσαύτη

1368 2609 1426 2646 καὶ
1443 2609 1633 2660 ἀσφάλεια,
1650 2609 1739 2652 τίνος
1761 2608 1875 2646 ἕνεκεν
1896 2609 2133 2660 ἀναδυόμεθα,
2155 2609 2231 2661 οὐχὶ
2247 2610 2282 2648 δὲ
2303 2609 2392 2660 μετὰ

1369 2669 1484 2715 πάσης
1504 2671 1655 2716 σπουδῆς
1673 2674 1772 2708 τοῦτο
1790 2670 2073 2722 διαπραττόμεθα
2086 2700 2095 2717 ,
2116 2670 2172 2709 ἵνα
2193 2673 2263 2709 ἐκεῖ
2282 2676 2391 2710 ταῦτα

1370 2729 1536 2782 εὕρωμεν,
1568 2731 1647 2769 ἔνθα
1672 2732 1825 2781 μάλιστα
1853 2733 1964 2769 αὐτῶν
1983 2732 2179 2785 χρῄζομεν,
2199 2732 2266 2770 Διὰ
2293 2737 2393 2771 τοῦτο

1371 2791 1429 2828 καὶ
1456 2794 1473 2828 ὁ
1497 2791 1718 2843 πατριάρχης
1745 2786 1841 2836 οὗτος
1874 2795 1920 2836 ὡς
1952 2793 2136 2844 ἀλλοτρίαν
2156 2793 2308 2846 κατῴκει
2329 2794 2392 2840 τὴν

1372 2852 1586 2900 Χαναναίαν,
1606 2853 1725 2900 ἐπειδὴ
1746 2854 1878 2899 ἐκείνην
1898 2853 2102 2905 Ἔξεδέχετο
2131 2854 2193 2901 τὴν
2221 2855 2334 2903 πόλιν,
2353 2850 2395 2901 ἧς

1372 2913 1530 2965 τεχνίτης
1555 2914 1614 2951 καὶ
1634 2915 1840 2967 δημιουργὸς
1859 2918 1876 2952 ὁ
1905 2914 2006 2958 Θεός.
2028 2915 2112 2953 Ἐὰν
2131 2915 2244 2953 τοίνυν
2265 2917 2394 2966 βουλη-

1375 2979 1488 3025 θῶμεν
1515 2975 1564 3012 τὸν
1589 2974 1720 3012 δίκαιον
1739 2979 1857 3013 τοῦτον
1882 2975 2121 3026 μιμήσασθαι,
2142 2975 2200 3013 καὶ
2227 2979 2328 3026 ἡμεῖς
2347 2978 2396 3019 εἷς

1376 3036 1510 3082 ἐκείνην
1530 3038 1547 3056 *
1564 3036 1828 3087 καταντήσομεν
1849 3036 1902 3084 ἂν,
1929 3037 1988 3074 καὶ
2006 3039 2052 3080 εἷς
2067 3036 2145 3079 τοὺς
2172 3036 2320 3080 κόλπους
2336 3041 2396 3074 τοῦ

1375 3097 1593 3148 πατριάρχου
1613 3097 1802 3148 φθάσομεν.
1822 3097 1867 3135 Ἣ
1890 3097 1957 3150 γὰρ
1977 3097 2136 3136 κοινωνία
2154 3101 2223 3135 τῶν
2240 3097 2396 3149 πράξεων

1376 3158 1435 3195 καὶ
1465 3162 1526 3204 τῆς
1555 3158 1779 3202 ἀπολαύσεως
1798 3159 1862 3205 τὴν
1891 3158 2070 3197 κοινωνίαν
2089 3162 2174 3209 ἡμῖν
2200 3161 2394 3211 χαρίζεται.

1378 3218 1483 3266 Ἀλλ’,
1500 3221 1531 3256 εἷ
1550 3220 1661 3267 δοκεῖ,
1680 3219 1922 3270 ἐπανέλθωμεν
1942 3220 2062 3258 λοιπὸν
2089 3220 2146 3258 ἐπὶ
2171 3220 2233 3267 τὴν
2255 3221 2397 3258 ἀκολου-

406 3328 419 3342 *
437 3325 556 3370 [Savil.
574 3331 802 3364 ναταυτήτωμεν
819 3329 909 3355 civ...
927 3328 1094 3366 φθάσωμεν.
1122 3321 1222 3355 Colsl.
1243 3331 1466 3366 καταντήσομεν
1481 3325 1616 3360 (omisso
1631 3323 1733 3367 κν)...
1751 3325 1928 3370 φθάσομεμ.]

2503 3703 2511 3791 -——-
2502 3584 2507 3692 -.--..,<
2503 3549 2505 3569 ,
2503 3526 2505 3537 ,
