<?xml version="1.0" encoding="UTF-8"?>
<!DOCTYPE html PUBLIC "-//W3C//DTD XHTML 1.0 Transitional//EN"
    "http://www.w3.org/TR/xhtml1/DTD/xhtml1-transitional.dtd">
<html xmlns="http://www.w3.org/1999/xhtml" xml:lang="en" lang="en">
 <head>
  <title>
</title>
<meta http-equiv="Content-Type" content="text/html;charset=utf-8" />
  <meta name='ocr-system' content='tesseract 3.04.00' />
  <meta name='ocr-capabilities' content='ocr_page ocr_carea ocr_par ocr_line ocrx_word'/>
</head>
<body>
  <div class='ocr_page' id='page_1' title='image "./operaomniaquaeex04johnuoft_0871.png"; bbox 0 0 2516 3791; ppageno 0'>
   <div class='ocr_carea' id='block_1_1' title="bbox 856 197 1363 228">
    <p class='ocr_par' dir='ltr' id='par_1_1' title="bbox 856 197 1363 228">
     <span class='ocr_line' id='line_1_1' title="bbox 856 197 1363 228; baseline -0.002 -1"><span class='ocrx_word' id='word_1_1' title='bbox 856 199 912 228; x_wconf 78' lang='lat' dir='ltr'>DE</span> <span class='ocrx_word' id='word_1_2' title='bbox 950 198 1075 228; x_wconf 71' lang='lat' dir='ltr'>ANNA</span> <span class='ocrx_word' id='word_1_3' title='bbox 1112 197 1261 228; x_wconf 77' lang='lat' dir='ltr'>SERMO</span> <span class='ocrx_word' id='word_1_4' title='bbox 1300 197 1363 227; x_wconf 88' lang='lat' dir='ltr'>lV.</span> 
     </span>
    </p>
   </div>
   <div class='ocr_carea' id='block_1_2' title="bbox 78 276 1100 397">
    <p class='ocr_par' dir='ltr' id='par_1_2' title="bbox 78 276 1100 397">
     <span class='ocr_line' id='line_1_2' title="bbox 79 276 1100 338; baseline -0.006 -13"><span class='ocrx_word' id='word_1_5' title='bbox 79 302 123 325; x_wconf 75' lang='grc' dir='ltr'>κα</span> <span class='ocrx_word' id='word_1_6' title='bbox 141 285 298 338; x_wconf 83' lang='grc' dir='ltr'>ὶέσχατον</span> <span class='ocrx_word' id='word_1_7' title='bbox 325 283 437 336; x_wconf 82' lang='grc' dir='ltr'>ἄωρον</span> <span class='ocrx_word' id='word_1_8' title='bbox 467 282 667 328; x_wconf 83' lang='grc' dir='ltr'>υπέστησαν</span> <span class='ocrx_word' id='word_1_9' title='bbox 687 282 854 320; x_wconf 75' lang='grc' dir='ltr'>θάνατον·</span> <span class='ocrx_word' id='word_1_10' title='bbox 878 276 971 320; x_wconf 88' lang='grc' dir='ltr'>ουτοι</span> <span class='ocrx_word' id='word_1_11' title='bbox 1002 280 1100 327; x_wconf 78' lang='grc' dir='ltr'>δόξης</span> 
     </span>
     <span class='ocr_line' id='line_1_3' title="bbox 78 342 779 397; baseline -0.007 -12"><span class='ocrx_word' id='word_1_12' title='bbox 78 345 371 397; x_wconf 74' lang='grc' dir='ltr'>ἐπιθυμήσαντες,</span> <span class='ocrx_word' id='word_1_13' title='bbox 395 342 619 395; x_wconf 73' lang='grc' dir='ltr'>ἀσφαλείας’</span> <span class='ocrx_word' id='word_1_14' title='bbox 605 342 779 387; x_wconf 78' lang='grc' dir='ltr'>εξέπεσον.</span> 
     </span>
    </p>
   </div>
   <div class='ocr_carea' id='block_1_3' title="bbox 130 651 1101 707">
    <p class='ocr_par' dir='ltr' id='par_1_3' title="bbox 130 651 1101 707">
     <span class='ocr_line' id='line_1_4' title="bbox 130 651 1101 707; baseline -0.006 -13"><span class='ocrx_word' id='word_1_15' title='bbox 130 654 212 694; x_wconf 77' lang='grc' dir='ltr'>Ἐπὶ</span> <span class='ocrx_word' id='word_1_16' title='bbox 233 654 268 694; x_wconf 82' lang='grc' dir='ltr'>δὲ</span> <span class='ocrx_word' id='word_1_17' title='bbox 288 657 350 702; x_wconf 79' lang='grc' dir='ltr'>τῆς</span> <span class='ocrx_word' id='word_1_18' title='bbox 368 655 528 705; x_wconf 88' lang='grc' dir='ltr'>γυναικὸς</span> <span class='ocrx_word' id='word_1_19' title='bbox 548 654 729 707; x_wconf 75' lang='grc' dir='ltr'>ἀμφότερα</span> <span class='ocrx_word' id='word_1_20' title='bbox 750 658 861 692; x_wconf 72' lang='grc' dir='ltr'>ταῦτα</span> <span class='ocrx_word' id='word_1_21' title='bbox 879 651 1025 699; x_wconf 67' lang='grc' dir='ltr'>συνέῧη,</span> <span class='ocrx_word' id='word_1_22' title='bbox 1041 652 1101 689; x_wconf 79' lang='grc' dir='ltr'>καὶ</span> 
     </span>
    </p>
   </div>
   <div class='ocr_carea' id='block_1_4' title="bbox 2032 186 2117 234">
    <p class='ocr_par' dir='ltr' id='par_1_4' title="bbox 2032 186 2117 234">
     <span class='ocr_line' id='line_1_5' title="bbox 2032 186 2117 234; baseline 0 -1"><span class='ocrx_word' id='word_1_23' title='bbox 2032 186 2117 234; x_wconf 75' lang='grc' dir='ltr'>ὃὸι</span> 
     </span>
    </p>
   </div>
   <div class='ocr_carea' id='block_1_5' title="bbox 1171 289 2130 710">
    <p class='ocr_par' dir='ltr' id='par_1_5' title="bbox 1171 289 2130 649">
     <span class='ocr_line' id='line_1_6' title="bbox 1171 289 2129 340; baseline 0.004 -14"><span class='ocrx_word' id='word_1_24' title='bbox 1171 301 1230 326; x_wconf 90' lang='lat' dir='ltr'>eos</span> <span class='ocrx_word' id='word_1_25' title='bbox 1245 302 1442 339; x_wconf 85' lang='lat' dir='ltr'>numquam</span> <span class='ocrx_word' id='word_1_26' title='bbox 1453 302 1521 326; x_wconf 92' lang='lat' dir='ltr'>non</span> <span class='ocrx_word' id='word_1_27' title='bbox 1536 289 1776 340; x_wconf 74' lang='lat' dir='ltr'>consequitur.</span> <span class='ocrx_word' id='word_1_28' title='bbox 1789 289 1860 327; x_wconf 78' lang='lat' dir='ltr'>Alii</span> <span class='ocrx_word' id='word_1_29' title='bbox 1875 289 1944 328; x_wconf 89' lang='lat' dir='ltr'>viri</span> <span class='ocrx_word' id='word_1_30' title='bbox 1959 290 2129 330; x_wconf 74' lang='lat' dir='ltr'>militares</span> 
     </span>
     <span class='ocr_line' id='line_1_7' title="bbox 1171 350 2127 403; baseline 0.004 -16"><span class='ocrx_word' id='word_1_31' title='bbox 1171 364 1213 387; x_wconf 85' lang='lat' dir='ltr'>ac</span> <span class='ocrx_word' id='word_1_32' title='bbox 1228 350 1400 400; x_wconf 74' lang='lat' dir='ltr'>generosi,</span> <span class='ocrx_word' id='word_1_33' title='bbox 1411 351 1640 403; x_wconf 78' lang='lat' dir='ltr'>conspicuam</span> <span class='ocrx_word' id='word_1_34' title='bbox 1655 360 1762 402; x_wconf 86' lang='lat' dir='ltr'>atque</span> <span class='ocrx_word' id='word_1_35' title='bbox 1776 351 1967 402; x_wconf 81' lang='lat' dir='ltr'>gloriosam</span> <span class='ocrx_word' id='word_1_36' title='bbox 1982 352 2127 391; x_wconf 86' lang='lat' dir='ltr'>vivendi</span> 
     </span>
     <span class='ocr_line' id='line_1_8' title="bbox 1171 411 2129 466; baseline 0.003 -18"><span class='ocrx_word' id='word_1_37' title='bbox 1171 411 1343 449; x_wconf 87' lang='lat' dir='ltr'>rationem</span> <span class='ocrx_word' id='word_1_38' title='bbox 1357 412 1530 464; x_wconf 86' lang='lat' dir='ltr'>amplexi,</span> <span class='ocrx_word' id='word_1_39' title='bbox 1542 411 1680 450; x_wconf 81' lang='lat' dir='ltr'>bellicis</span> <span class='ocrx_word' id='word_1_40' title='bbox 1693 412 1861 465; x_wconf 86' lang='lat' dir='ltr'>periculis</span> <span class='ocrx_word' id='word_1_41' title='bbox 1875 427 1947 451; x_wconf 89' lang='lat' dir='ltr'>sese</span> <span class='ocrx_word' id='word_1_42' title='bbox 1959 413 2129 466; x_wconf 86' lang='lat' dir='ltr'>objicien-</span> 
     </span>
     <span class='ocr_line' id='line_1_9' title="bbox 1172 473 2130 526; baseline 0.003 -16"><span class='ocrx_word' id='word_1_43' title='bbox 1172 481 1236 522; x_wconf 85' lang='lat' dir='ltr'>tes,</span> <span class='ocrx_word' id='word_1_44' title='bbox 1259 473 1371 510; x_wconf 84' lang='lat' dir='ltr'>multa</span> <span class='ocrx_word' id='word_1_45' title='bbox 1391 487 1484 525; x_wconf 73' lang='lat' dir='ltr'>sa‘pe</span> <span class='ocrx_word' id='word_1_46' title='bbox 1506 473 1655 512; x_wconf 86' lang='lat' dir='ltr'>vulnera</span> <span class='ocrx_word' id='word_1_47' title='bbox 1683 474 1878 526; x_wconf 80' lang='lat' dir='ltr'>accipiunt,</span> <span class='ocrx_word' id='word_1_48' title='bbox 1899 483 1933 512; x_wconf 89' lang='lat' dir='ltr'>et</span> <span class='ocrx_word' id='word_1_49' title='bbox 1953 483 2130 526; x_wconf 88' lang='lat' dir='ltr'>postremo</span> 
     </span>
     <span class='ocr_line' id='line_1_10' title="bbox 1172 534 2128 588; baseline 0.003 -17"><span class='ocrx_word' id='word_1_50' title='bbox 1172 534 1363 572; x_wconf 87' lang='lat' dir='ltr'>immatura</span> <span class='ocrx_word' id='word_1_51' title='bbox 1379 543 1492 572; x_wconf 87' lang='lat' dir='ltr'>morte</span> <span class='ocrx_word' id='word_1_52' title='bbox 1507 535 1747 573; x_wconf 88' lang='lat' dir='ltr'>absumuntur</span> <span class='ocrx_word' id='word_1_53' title='bbox 1767 551 1773 572; x_wconf 91' lang='lat'>:</span> <span class='ocrx_word' id='word_1_54' title='bbox 1789 544 1894 586; x_wconf 85' lang='lat' dir='ltr'>atque</span> <span class='ocrx_word' id='word_1_55' title='bbox 1909 535 1946 573; x_wconf 82' lang='lat' dir='ltr'>hi</span> <span class='ocrx_word' id='word_1_56' title='bbox 1962 550 2036 588; x_wconf 80' lang='lat' dir='ltr'>prae</span> <span class='ocrx_word' id='word_1_57' title='bbox 2053 536 2128 587; x_wconf 82' lang='lat' dir='ltr'>glo-</span> 
     </span>
     <span class='ocr_line' id='line_1_11' title="bbox 1171 594 1944 649; baseline 0.003 -17"><span class='ocrx_word' id='word_1_58' title='bbox 1171 594 1232 633; x_wconf 82' lang='lat' dir='ltr'>riae</span> <span class='ocrx_word' id='word_1_59' title='bbox 1250 609 1370 634; x_wconf 87' lang='lat' dir='ltr'>amore</span> <span class='ocrx_word' id='word_1_60' title='bbox 1389 595 1576 633; x_wconf 83' lang='lat' dir='ltr'>securitate</span> <span class='ocrx_word' id='word_1_61' title='bbox 1597 610 1634 634; x_wconf 88' lang='lat' dir='ltr'>se</span> <span class='ocrx_word' id='word_1_62' title='bbox 1654 596 1723 649; x_wconf 87' lang='lat' dir='ltr'>ipsi</span> <span class='ocrx_word' id='word_1_63' title='bbox 1744 597 1944 649; x_wconf 84' lang='lat' dir='ltr'>privarunt.</span> 
     </span>
    </p>

    <p class='ocr_par' dir='ltr' id='par_1_6' title="bbox 1223 656 2130 710">
     <span class='ocr_line' id='line_1_12' title="bbox 1223 656 2130 710; baseline 0.004 -18"><span class='ocrx_word' id='word_1_64' title='bbox 1223 656 1260 693; x_wconf 71' lang='grc'>4.</span> <span class='ocrx_word' id='word_1_65' title='bbox 1289 656 1382 694; x_wconf 87' lang='lat' dir='ltr'>Huic</span> <span class='ocrx_word' id='word_1_66' title='bbox 1408 671 1492 696; x_wconf 84' lang='lat' dir='ltr'>vero</span> <span class='ocrx_word' id='word_1_67' title='bbox 1516 657 1659 695; x_wconf 87' lang='lat' dir='ltr'>mulieri</span> <span class='ocrx_word' id='word_1_68' title='bbox 1688 658 1763 696; x_wconf 46' lang='lat' dir='ltr'>haic</span> <span class='ocrx_word' id='word_1_69' title='bbox 1788 667 1939 709; x_wconf 85' lang='lat' dir='ltr'>utraque</span> <span class='ocrx_word' id='word_1_70' title='bbox 1967 658 2130 710; x_wconf 81' lang='lat' dir='ltr'>contige-</span> 
     </span>
    </p>
   </div>
   <div class='ocr_carea' id='block_1_6' title="bbox 75 713 2278 832">
    <p class='ocr_par' dir='ltr' id='par_1_7' title="bbox 75 713 2278 832">
     <span class='ocr_line' id='line_1_13' title="bbox 77 713 2130 771; baseline 0.001 -17"><span class='ocrx_word' id='word_1_71' title='bbox 77 715 267 768; x_wconf 77' lang='grc' dir='ltr'>ἀσφαλείας</span> <span class='ocrx_word' id='word_1_72' title='bbox 290 715 465 754; x_wconf 81' lang='grc' dir='ltr'>ἀπέλαυσε</span> <span class='ocrx_word' id='word_1_73' title='bbox 487 715 547 754; x_wconf 80' lang='grc' dir='ltr'>καὶ</span> <span class='ocrx_word' id='word_1_74' title='bbox 575 714 676 762; x_wconf 82' lang='grc' dir='ltr'>δόξης</span> <span class='ocrx_word' id='word_1_75' title='bbox 698 714 877 766; x_wconf 79' lang='grc' dir='ltr'>ἐπέτυχεν.</span> <span class='ocrx_word' id='word_1_76' title='bbox 907 713 1013 751; x_wconf 81' lang='grc' dir='ltr'>Οὕτω</span> <span class='ocrx_word' id='word_1_77' title='bbox 1040 713 1416 768; x_wconf 69' lang='lat' dir='ltr'>xoel7351·11nt‚11tqt1ae</span> <span class='ocrx_word' id='word_1_78' title='bbox 1437 727 1470 755; x_wconf 89' lang='lat' dir='ltr'>et</span> <span class='ocrx_word' id='word_1_79' title='bbox 1489 718 1679 756; x_wconf 82' lang='lat' dir='ltr'>securitate</span> <span class='ocrx_word' id='word_1_80' title='bbox 1696 719 1803 756; x_wconf 88' lang='lat' dir='ltr'>simul</span> <span class='ocrx_word' id='word_1_81' title='bbox 1826 727 1859 756; x_wconf 89' lang='lat' dir='ltr'>et</span> <span class='ocrx_word' id='word_1_82' title='bbox 1879 719 1993 769; x_wconf 80' lang='lat' dir='ltr'>gloria</span> <span class='ocrx_word' id='word_1_83' title='bbox 2019 720 2130 771; x_wconf 86' lang='lat' dir='ltr'>potita</span> 
     </span>
     <span class='ocr_line' id='line_1_14' title="bbox 75 774 2278 832; baseline 0.001 -16"><span class='ocrx_word' id='word_1_84' title='bbox 75 778 132 816; x_wconf 83' lang='grc' dir='ltr'>ἐπὶ</span> <span class='ocrx_word' id='word_1_85' title='bbox 154 781 221 816; x_wconf 83' lang='grc' dir='ltr'>τῶν</span> <span class='ocrx_word' id='word_1_86' title='bbox 253 779 357 829; x_wconf 82' lang='grc' dir='ltr'>τριῶν</span> <span class='ocrx_word' id='word_1_87' title='bbox 393 776 526 815; x_wconf 83' lang='grc' dir='ltr'>παίδων</span> <span class='ocrx_word' id='word_1_88' title='bbox 558 776 709 828; x_wconf 85' lang='grc' dir='ltr'>ἐγένετο·</span> <span class='ocrx_word' id='word_1_89' title='bbox 743 775 803 813; x_wconf 76' lang='grc' dir='ltr'>καὶ</span> <span class='ocrx_word' id='word_1_90' title='bbox 834 774 902 826; x_wconf 87' lang='grc' dir='ltr'>γὰρ</span> <span class='ocrx_word' id='word_1_91' title='bbox 934 774 1099 813; x_wconf 83' lang='grc' dir='ltr'>κινδύνων</span> <span class='ocrx_word' id='word_1_92' title='bbox 1124 786 1149 814; x_wconf 81' lang='grc' dir='ltr'>Α</span> <span class='ocrx_word' id='word_1_93' title='bbox 1171 787 1233 816; x_wconf 85' lang='lat' dir='ltr'>est.</span> <span class='ocrx_word' id='word_1_94' title='bbox 1255 777 1356 816; x_wconf 83' lang='lat' dir='ltr'>Idem</span> <span class='ocrx_word' id='word_1_95' title='bbox 1379 787 1412 816; x_wconf 88' lang='lat' dir='ltr'>et</span> <span class='ocrx_word' id='word_1_96' title='bbox 1435 779 1549 817; x_wconf 87' lang='lat' dir='ltr'>tribus</span> <span class='ocrx_word' id='word_1_97' title='bbox 1573 779 1644 817; x_wconf 88' lang='lat' dir='ltr'>illis</span> <span class='ocrx_word' id='word_1_98' title='bbox 1672 780 1792 832; x_wconf 89' lang='lat' dir='ltr'>pueris</span> <span class='ocrx_word' id='word_1_99' title='bbox 1813 779 1942 819; x_wconf 84' lang='lat' dir='ltr'>accidit</span> <span class='ocrx_word' id='word_1_100' title='bbox 1965 795 1973 816; x_wconf 73' lang='grc' dir='ltr'>τ</span> <span class='ocrx_word' id='word_1_101' title='bbox 1995 794 2075 817; x_wconf 88' lang='lat' dir='ltr'>nam</span> <span class='ocrx_word' id='word_1_102' title='bbox 2097 789 2131 818; x_wconf 87' lang='lat' dir='ltr'>et</span> <span class='ocrx_word' id='word_1_103' title='bbox 2152 792 2278 822; x_wconf 81' lang='lat' dir='ltr'>Dan.3.</span> 
     </span>
    </p>
   </div>
   <div class='ocr_carea' id='block_1_7' title="bbox 69 836 1102 3339">
    <p class='ocr_par' dir='ltr' id='par_1_8' title="bbox 70 836 1102 1688">
     <span class='ocr_line' id='line_1_15' title="bbox 74 836 1101 891; baseline -0.004 -13"><span class='ocrx_word' id='word_1_104' title='bbox 74 840 330 891; x_wconf 80' lang='grc' dir='ltr'>ἀπηλλάγησαν</span> <span class='ocrx_word' id='word_1_105' title='bbox 362 837 583 890; x_wconf 72' lang='grc' dir='ltr'>διαφυγόντες</span> <span class='ocrx_word' id='word_1_106' title='bbox 608 838 648 875; x_wconf 84' lang='grc' dir='ltr'>τὸ</span> <span class='ocrx_word' id='word_1_107' title='bbox 682 842 750 888; x_wconf 81' lang='grc' dir='ltr'>π’ὔρ</span> <span class='ocrx_word' id='word_1_108' title='bbox 765 867 774 884; x_wconf 91' lang='grc'>,</span> <span class='ocrx_word' id='word_1_109' title='bbox 805 836 866 874; x_wconf 77' lang='grc' dir='ltr'>καὶ</span> <span class='ocrx_word' id='word_1_110' title='bbox 901 842 1101 889; x_wconf 79' lang='grc' dir='ltr'>περιφανεῖς</span> 
     </span>
     <span class='ocr_line' id='line_1_16' title="bbox 73 896 1099 952; baseline -0.002 -14"><span class='ocrx_word' id='word_1_111' title='bbox 73 900 272 952; x_wconf 62' lang='grc' dir='ltr'>ἐγενοντο,ε</span> <span class='ocrx_word' id='word_1_112' title='bbox 260 899 347 951; x_wconf 82' lang='grc' dir='ltr'>υπὲρ</span> <span class='ocrx_word' id='word_1_113' title='bbox 376 898 476 950; x_wconf 84' lang='grc' dir='ltr'>φύσιν</span> <span class='ocrx_word' id='word_1_114' title='bbox 505 914 565 937; x_wconf 89' lang='grc' dir='ltr'>του</span> <span class='ocrx_word' id='word_1_115' title='bbox 599 897 771 951; x_wconf 75' lang='grc' dir='ltr'>στοιχείου</span> <span class='ocrx_word' id='word_1_116' title='bbox 803 896 1008 943; x_wconf 79' lang='grc' dir='ltr'>νικήσαντες</span> <span class='ocrx_word' id='word_1_117' title='bbox 1037 896 1099 945; x_wconf 65' lang='grc' dir='ltr'>τὴν</span> 
     </span>
     <span class='ocr_line' id='line_1_17' title="bbox 74 958 1101 1012; baseline 0 -13"><span class='ocrx_word' id='word_1_118' title='bbox 74 960 230 1011; x_wconf 82' lang='grc' dir='ltr'>δύναμιν.</span> <span class='ocrx_word' id='word_1_119' title='bbox 251 963 409 999; x_wconf 84' lang='grc' dir='ltr'>Γοιαῧτα</span> <span class='ocrx_word' id='word_1_120' title='bbox 438 976 498 998; x_wconf 91' lang='grc' dir='ltr'>του</span> <span class='ocrx_word' id='word_1_121' title='bbox 518 962 611 999; x_wconf 90' lang='grc' dir='ltr'>Θεου</span> <span class='ocrx_word' id='word_1_122' title='bbox 632 959 677 999; x_wconf 80' lang='grc' dir='ltr'>τὰ</span> <span class='ocrx_word' id='word_1_123' title='bbox 705 958 986 1012; x_wconf 80' lang='grc' dir='ltr'>κατορθώματα·</span> <span class='ocrx_word' id='word_1_124' title='bbox 1014 961 1101 1010; x_wconf 81' lang='grc' dir='ltr'>ὁμου</span> 
     </span>
     <span class='ocr_line' id='line_1_18' title="bbox 72 998 1100 1075; baseline 0 -16"><span class='ocrx_word' id='word_1_125' title='bbox 72 1021 140 1074; x_wconf 82' lang='grc' dir='ltr'>γὰρ</span> <span class='ocrx_word' id='word_1_126' title='bbox 159 998 320 1074; x_wconf 75' lang='grc' dir='ltr'>λαμπρὸν</span> <span class='ocrx_word' id='word_1_127' title='bbox 347 1021 406 1060; x_wconf 73' lang='grc' dir='ltr'>καὶ</span> <span class='ocrx_word' id='word_1_128' title='bbox 431 1024 570 1074; x_wconf 80' lang='grc' dir='ltr'>ἀσφαλῆ</span> <span class='ocrx_word' id='word_1_129' title='bbox 599 1021 781 1075; x_wconf 79' lang='grc' dir='ltr'>χαρίζεται</span> <span class='ocrx_word' id='word_1_130' title='bbox 806 1020 892 1072; x_wconf 88' lang='grc' dir='ltr'>βίον.</span> <span class='ocrx_word' id='word_1_131' title='bbox 911 1019 1021 1073; x_wconf 76' lang='grc' dir='ltr'>Ἅπερ</span> <span class='ocrx_word' id='word_1_132' title='bbox 1043 1025 1100 1059; x_wconf 85' lang='grc' dir='ltr'>οὐν</span> 
     </span>
     <span class='ocr_line' id='line_1_19' title="bbox 73 1082 1099 1136; baseline -0.003 -14"><span class='ocrx_word' id='word_1_133' title='bbox 73 1083 253 1136; x_wconf 70' lang='grc' dir='ltr'>ἀμφότερα</span> <span class='ocrx_word' id='word_1_134' title='bbox 273 1099 332 1121; x_wconf 92' lang='grc' dir='ltr'>και</span> <span class='ocrx_word' id='word_1_135' title='bbox 353 1082 441 1129; x_wconf 77' lang='grc' dir='ltr'>αὕτη</span> <span class='ocrx_word' id='word_1_136' title='bbox 468 1082 690 1134; x_wconf 82' lang='grc' dir='ltr'>αἰνιττομένη</span> <span class='ocrx_word' id='word_1_137' title='bbox 724 1082 854 1135; x_wconf 87' lang='grc' dir='ltr'>ἔλεγεν,</span> <span class='ocrx_word' id='word_1_138' title='bbox 880 1082 1099 1133; x_wconf 81' lang='grc' dir='ltr'>Ἐστερεώθη</span> 
     </span>
     <span class='ocr_line' id='line_1_20' title="bbox 71 1144 1101 1198; baseline 0 -16"><span class='ocrx_word' id='word_1_139' title='bbox 71 1148 93 1191; x_wconf 84' lang='grc' dir='ltr'>ἡ</span> <span class='ocrx_word' id='word_1_140' title='bbox 113 1145 240 1196; x_wconf 81' lang='grc' dir='ltr'>καρδία</span> <span class='ocrx_word' id='word_1_141' title='bbox 269 1161 333 1196; x_wconf 88' lang='grc' dir='ltr'>μου</span> <span class='ocrx_word' id='word_1_142' title='bbox 361 1147 394 1184; x_wconf 86' lang='grc' dir='ltr'>ἐν</span> <span class='ocrx_word' id='word_1_143' title='bbox 417 1144 554 1198; x_wconf 82' lang='grc' dir='ltr'>Κυρίῳ,</span> <span class='ocrx_word' id='word_1_144' title='bbox 586 1144 706 1196; x_wconf 75' lang='grc' dir='ltr'>ὑψώθη</span> <span class='ocrx_word' id='word_1_145' title='bbox 733 1144 835 1198; x_wconf 83' lang='grc' dir='ltr'>κέρας</span> <span class='ocrx_word' id='word_1_146' title='bbox 867 1160 933 1195; x_wconf 90' lang='grc' dir='ltr'>μου</span> <span class='ocrx_word' id='word_1_147' title='bbox 956 1146 990 1182; x_wconf 85' lang='grc' dir='ltr'>ἐν</span> <span class='ocrx_word' id='word_1_148' title='bbox 1018 1145 1101 1197; x_wconf 78' lang='grc' dir='ltr'>Θεῷ</span> 
     </span>
     <span class='ocr_line' id='line_1_21' title="bbox 74 1200 1100 1259; baseline -0.001 -14"><span class='ocrx_word' id='word_1_149' title='bbox 74 1222 151 1257; x_wconf 86' lang='grc' dir='ltr'>μου.</span> <span class='ocrx_word' id='word_1_150' title='bbox 167 1208 248 1258; x_wconf 75' lang='grc' dir='ltr'>Οὐχ</span> <span class='ocrx_word' id='word_1_151' title='bbox 263 1208 383 1250; x_wconf 86' lang='grc' dir='ltr'>ἁπλῶς</span> <span class='ocrx_word' id='word_1_152' title='bbox 404 1200 510 1253; x_wconf 70' lang='grc' dir='ltr'>εἶπεν,</span> <span class='ocrx_word' id='word_1_153' title='bbox 527 1207 588 1244; x_wconf 77' lang='grc' dir='ltr'>Ἔν</span> <span class='ocrx_word' id='word_1_154' title='bbox 609 1209 705 1259; x_wconf 81' lang='grc' dir='ltr'>Θεῷ,</span> <span class='ocrx_word' id='word_1_155' title='bbox 723 1207 814 1254; x_wconf 79' lang='grc' dir='ltr'>ἀλλ’,</span> <span class='ocrx_word' id='word_1_156' title='bbox 834 1205 895 1244; x_wconf 78' lang='grc' dir='ltr'>Ἔν</span> <span class='ocrx_word' id='word_1_157' title='bbox 915 1208 997 1258; x_wconf 83' lang='grc' dir='ltr'>Θεῷ</span> <span class='ocrx_word' id='word_1_158' title='bbox 1018 1221 1100 1257; x_wconf 87' lang='grc' dir='ltr'>μου,</span> 
     </span>
     <span class='ocr_line' id='line_1_22' title="bbox 72 1267 1102 1321; baseline 0.001 -16"><span class='ocrx_word' id='word_1_159' title='bbox 72 1267 128 1305; x_wconf 87' lang='grc' dir='ltr'>τὸν</span> <span class='ocrx_word' id='word_1_160' title='bbox 148 1268 259 1306; x_wconf 90' lang='grc' dir='ltr'>κοινὸν</span> <span class='ocrx_word' id='word_1_161' title='bbox 279 1271 341 1314; x_wconf 78' lang='grc' dir='ltr'>τῆς</span> <span class='ocrx_word' id='word_1_162' title='bbox 358 1268 562 1319; x_wconf 78' lang='grc' dir='ltr'>οἰκουμένης</span> <span class='ocrx_word' id='word_1_163' title='bbox 588 1267 772 1314; x_wconf 83' lang='grc' dir='ltr'>Δεσπότην</span> <span class='ocrx_word' id='word_1_164' title='bbox 792 1267 997 1320; x_wconf 83' lang='grc' dir='ltr'>ἁρπάζουσα</span> <span class='ocrx_word' id='word_1_165' title='bbox 1016 1267 1102 1321; x_wconf 87' lang='grc' dir='ltr'>πρὸς</span> 
     </span>
     <span class='ocr_line' id='line_1_23' title="bbox 72 1327 1099 1377; baseline 0.001 -11"><span class='ocrx_word' id='word_1_166' title='bbox 72 1328 208 1375; x_wconf 79' lang='grc' dir='ltr'>ἑαυτήν.</span> <span class='ocrx_word' id='word_1_167' title='bbox 230 1330 344 1368; x_wconf 78' lang='grc' dir='ltr'>Τοῦτο</span> <span class='ocrx_word' id='word_1_168' title='bbox 364 1329 399 1368; x_wconf 77' lang='grc' dir='ltr'>δὲ</span> <span class='ocrx_word' id='word_1_169' title='bbox 424 1329 599 1377; x_wconf 84' lang='grc' dir='ltr'>ἐποίησεν,</span> <span class='ocrx_word' id='word_1_170' title='bbox 621 1331 681 1368; x_wconf 83' lang='grc' dir='ltr'>οὐκ</span> <span class='ocrx_word' id='word_1_171' title='bbox 700 1330 892 1368; x_wconf 78' lang='grc' dir='ltr'>ἐλαττοῧσα</span> <span class='ocrx_word' id='word_1_172' title='bbox 916 1329 1021 1367; x_wconf 72' lang='grc' dir='ltr'>αὐτοῦ</span> <span class='ocrx_word' id='word_1_173' title='bbox 1036 1327 1099 1377; x_wconf 80' lang='grc' dir='ltr'>τὴν</span> 
     </span>
     <span class='ocr_line' id='line_1_24' title="bbox 71 1390 1100 1442; baseline 0 -14"><span class='ocrx_word' id='word_1_174' title='bbox 71 1390 286 1438; x_wconf 85' lang='grc' dir='ltr'>δεσποτείαν,</span> <span class='ocrx_word' id='word_1_175' title='bbox 299 1390 388 1429; x_wconf 83' lang='grc' dir='ltr'>ἀλλὰ</span> <span class='ocrx_word' id='word_1_176' title='bbox 400 1391 456 1430; x_wconf 90' lang='grc' dir='ltr'>τὸν</span> <span class='ocrx_word' id='word_1_177' title='bbox 468 1393 592 1429; x_wconf 82' lang='grc' dir='ltr'>οἰκεῖον</span> <span class='ocrx_word' id='word_1_178' title='bbox 604 1390 714 1442; x_wconf 83' lang='grc' dir='ltr'>ἔρωτα</span> <span class='ocrx_word' id='word_1_179' title='bbox 731 1390 973 1441; x_wconf 79' lang='grc' dir='ltr'>ἐνδεικνυμένη</span> <span class='ocrx_word' id='word_1_180' title='bbox 989 1406 1027 1428; x_wconf 86' lang='grc' dir='ltr'>τε</span> <span class='ocrx_word' id='word_1_181' title='bbox 1041 1390 1100 1428; x_wconf 82' lang='grc' dir='ltr'>καὶ</span> 
     </span>
     <span class='ocr_line' id='line_1_25' title="bbox 70 1450 1099 1505; baseline -0.001 -14"><span class='ocrx_word' id='word_1_182' title='bbox 70 1452 552 1504; x_wconf 77' lang='grc' dir='ltr'>παραμυθουμένη.Τοιοῦτον</span> <span class='ocrx_word' id='word_1_183' title='bbox 568 1451 636 1505; x_wconf 84' lang='grc' dir='ltr'>γὰρ</span> <span class='ocrx_word' id='word_1_184' title='bbox 650 1454 719 1489; x_wconf 91' lang='grc' dir='ltr'>τῶν</span> <span class='ocrx_word' id='word_1_185' title='bbox 736 1450 928 1504; x_wconf 80' lang='grc' dir='ltr'>φιλούντων</span> <span class='ocrx_word' id='word_1_186' title='bbox 946 1450 987 1489; x_wconf 86' lang='grc' dir='ltr'>τὸ</span> <span class='ocrx_word' id='word_1_187' title='bbox 1006 1451 1080 1496; x_wconf 87' lang='grc' dir='ltr'>ἔθος</span> <span class='ocrx_word' id='word_1_188' title='bbox 1091 1468 1099 1475; x_wconf 91' lang='grc'><em>·</em></span> 
     </span>
     <span class='ocr_line' id='line_1_26' title="bbox 71 1511 1098 1566; baseline -0.001 -14"><span class='ocrx_word' id='word_1_189' title='bbox 71 1515 132 1552; x_wconf 79' lang='grc' dir='ltr'>οὐκ</span> <span class='ocrx_word' id='word_1_190' title='bbox 151 1513 333 1566; x_wconf 76' lang='grc' dir='ltr'>ἀνέχονται</span> <span class='ocrx_word' id='word_1_191' title='bbox 353 1513 441 1565; x_wconf 77' lang='grc' dir='ltr'>μετὰ</span> <span class='ocrx_word' id='word_1_192' title='bbox 454 1515 592 1552; x_wconf 83' lang='grc' dir='ltr'>πολλῶν</span> <span class='ocrx_word' id='word_1_193' title='bbox 608 1513 732 1565; x_wconf 75' lang='grc' dir='ltr'>φιλεῖν.</span> <span class='ocrx_word' id='word_1_194' title='bbox 746 1515 824 1551; x_wconf 83' lang='grc' dir='ltr'>ἀλλ’</span> <span class='ocrx_word' id='word_1_195' title='bbox 840 1511 1023 1565; x_wconf 81' lang='grc' dir='ltr'>ἐξαιρέτως</span> <span class='ocrx_word' id='word_1_196' title='bbox 1039 1513 1098 1552; x_wconf 86' lang='grc' dir='ltr'>καὶ</span> 
     </span>
     <span class='ocr_line' id='line_1_27' title="bbox 71 1573 1098 1628; baseline 0.001 -16"><span class='ocrx_word' id='word_1_197' title='bbox 71 1574 268 1619; x_wconf 80' lang='grc' dir='ltr'>ἰδιαζόντως</span> <span class='ocrx_word' id='word_1_198' title='bbox 292 1575 472 1627; x_wconf 85' lang='grc' dir='ltr'>βούλονται</span> <span class='ocrx_word' id='word_1_199' title='bbox 494 1575 607 1613; x_wconf 83' lang='grc' dir='ltr'>αὐτῶν</span> <span class='ocrx_word' id='word_1_200' title='bbox 628 1573 863 1613; x_wconf 83' lang='grc' dir='ltr'>ἐνδείκνυσθαι</span> <span class='ocrx_word' id='word_1_201' title='bbox 881 1574 922 1613; x_wconf 90' lang='grc' dir='ltr'>τὸ</span> <span class='ocrx_word' id='word_1_202' title='bbox 945 1574 1098 1628; x_wconf 80' lang='grc' dir='ltr'>φίλτρον.</span> 
     </span>
     <span class='ocr_line' id='line_1_28' title="bbox 70 1635 1099 1688; baseline -0.001 -14"><span class='ocrx_word' id='word_1_203' title='bbox 70 1639 83 1656; x_wconf 76' lang='lat'>⁸</span> <span class='ocrx_word' id='word_1_204' title='bbox 94 1635 199 1674; x_wconf 83' lang='grc' dir='ltr'>Οὕτω</span> <span class='ocrx_word' id='word_1_205' title='bbox 219 1638 278 1674; x_wconf 69' lang='grc' dir='ltr'>καὶ</span> <span class='ocrx_word' id='word_1_206' title='bbox 293 1639 310 1674; x_wconf 86' lang='grc' dir='ltr'>ὁ</span> <span class='ocrx_word' id='word_1_207' title='bbox 325 1637 435 1674; x_wconf 84' lang='grc' dir='ltr'>Δαυιδ</span> <span class='ocrx_word' id='word_1_208' title='bbox 451 1642 542 1674; x_wconf 85' lang='grc' dir='ltr'>ποιεῖ</span> <span class='ocrx_word' id='word_1_209' title='bbox 555 1635 607 1674; x_wconf 81' lang='grc' dir='ltr'>λέ</span> <span class='ocrx_word' id='word_1_210' title='bbox 597 1651 680 1688; x_wconf 77' lang='grc' dir='ltr'>γων·</span> <span class='ocrx_word' id='word_1_211' title='bbox 694 1635 739 1674; x_wconf 86' lang='grc' dir='ltr'><strong>Ὁ</strong></span> <span class='ocrx_word' id='word_1_212' title='bbox 753 1635 861 1683; x_wconf 83' lang='grc' dir='ltr'>Θεὸς,</span> <span class='ocrx_word' id='word_1_213' title='bbox 877 1637 894 1673; x_wconf 79' lang='grc' dir='ltr'>ὁ</span> <span class='ocrx_word' id='word_1_214' title='bbox 909 1635 998 1678; x_wconf 84' lang='grc' dir='ltr'>Θεός</span> <span class='ocrx_word' id='word_1_215' title='bbox 1014 1651 1099 1686; x_wconf 85' lang='grc' dir='ltr'>μου,</span> 
     </span>
    </p>

    <p class='ocr_par' dir='ltr' id='par_1_9' title="bbox 70 1696 1098 1811">
     <span class='ocr_line' id='line_1_29' title="bbox 70 1696 1098 1750; baseline 0 -15"><span class='ocrx_word' id='word_1_216' title='bbox 70 1697 154 1750; x_wconf 84' lang='grc' dir='ltr'>πρὸς</span> <span class='ocrx_word' id='word_1_217' title='bbox 169 1713 207 1736; x_wconf 88' lang='grc' dir='ltr'>σε</span> <span class='ocrx_word' id='word_1_218' title='bbox 223 1697 380 1750; x_wconf 78' lang='grc' dir='ltr'>ὀρθρίζι).</span> <span class='ocrx_word' id='word_1_219' title='bbox 407 1699 447 1735; x_wconf 69' lang='grc' dir='ltr'>Ιί’</span> <span class='ocrx_word' id='word_1_220' title='bbox 439 1713 525 1736; x_wconf 88' lang='grc' dir='ltr'>ιπων</span> <span class='ocrx_word' id='word_1_221' title='bbox 542 1697 610 1749; x_wconf 79' lang='grc' dir='ltr'>γὰρ</span> <span class='ocrx_word' id='word_1_222' title='bbox 624 1696 687 1743; x_wconf 81' lang='grc' dir='ltr'>τὴν</span> <span class='ocrx_word' id='word_1_223' title='bbox 707 1696 827 1744; x_wconf 83' lang='grc' dir='ltr'>κοινὴν</span> <span class='ocrx_word' id='word_1_224' title='bbox 849 1699 952 1735; x_wconf 80' lang='grc' dir='ltr'>αὐτοῦ</span> <span class='ocrx_word' id='word_1_225' title='bbox 975 1698 1098 1735; x_wconf 84' lang='grc' dir='ltr'>δεσπο-</span> 
     </span>
     <span class='ocr_line' id='line_1_30' title="bbox 71 1757 1097 1811; baseline 0 -15"><span class='ocrx_word' id='word_1_226' title='bbox 71 1758 180 1807; x_wconf 87' lang='grc' dir='ltr'>τείαν,</span> <span class='ocrx_word' id='word_1_227' title='bbox 206 1763 280 1797; x_wconf 84' lang='grc' dir='ltr'>εἰπε</span> <span class='ocrx_word' id='word_1_228' title='bbox 309 1759 369 1797; x_wconf 86' lang='grc' dir='ltr'>καὶ</span> <span class='ocrx_word' id='word_1_229' title='bbox 398 1759 461 1805; x_wconf 75' lang='grc' dir='ltr'>τὴν</span> <span class='ocrx_word' id='word_1_230' title='bbox 484 1759 680 1802; x_wconf 79' lang='grc' dir='ltr'>ἰδιάζουσαν</span> <span class='ocrx_word' id='word_1_231' title='bbox 713 1757 776 1806; x_wconf 78' lang='grc' dir='ltr'>τὴν</span> <span class='ocrx_word' id='word_1_232' title='bbox 798 1757 855 1797; x_wconf 80' lang='grc' dir='ltr'>ἐπὶ</span> <span class='ocrx_word' id='word_1_233' title='bbox 885 1760 955 1796; x_wconf 88' lang='grc' dir='ltr'>τῶν</span> <span class='ocrx_word' id='word_1_234' title='bbox 977 1757 1097 1811; x_wconf 85' lang='grc' dir='ltr'>ἁγίων.</span> 
     </span>
    </p>

    <p class='ocr_par' dir='ltr' id='par_1_10' title="bbox 69 1818 1098 2484">
     <span class='ocr_line' id='line_1_31' title="bbox 72 1818 1098 1873; baseline -0.001 -15"><span class='ocrx_word' id='word_1_235' title='bbox 72 1819 142 1858; x_wconf 84' lang='grc' dir='ltr'>Και</span> <span class='ocrx_word' id='word_1_236' title='bbox 165 1819 289 1868; x_wconf 83' lang='grc' dir='ltr'>πάλιν,</span> <span class='ocrx_word' id='word_1_237' title='bbox 311 1819 356 1858; x_wconf 91' lang='grc' dir='ltr'><strong>Ο</strong></span> <span class='ocrx_word' id='word_1_238' title='bbox 379 1820 485 1868; x_wconf 85' lang='grc' dir='ltr'>Οεὸς,</span> <span class='ocrx_word' id='word_1_239' title='bbox 510 1822 528 1857; x_wconf 83' lang='grc' dir='ltr'><strong><em>ὃ</em></strong></span> <span class='ocrx_word' id='word_1_240' title='bbox 550 1818 639 1862; x_wconf 86' lang='grc' dir='ltr'>Θεός</span> <span class='ocrx_word' id='word_1_241' title='bbox 657 1835 744 1871; x_wconf 88' lang='grc' dir='ltr'>μου,</span> <span class='ocrx_word' id='word_1_242' title='bbox 771 1818 924 1873; x_wconf 72' lang='grc' dir='ltr'>πρόσγες</span> <span class='ocrx_word' id='word_1_243' title='bbox 947 1835 1022 1870; x_wconf 87' lang='grc' dir='ltr'>μοι·</span> <span class='ocrx_word' id='word_1_244' title='bbox 1042 1819 1098 1858; x_wconf 81' lang='grc' dir='ltr'>ἵνα</span> 
     </span>
     <span class='ocr_line' id='line_1_32' title="bbox 71 1851 1097 1935; baseline 0.003 -17"><span class='ocrx_word' id='word_1_245' title='bbox 71 1881 105 1919; x_wconf 89' lang='grc' dir='ltr'>τί</span> <span class='ocrx_word' id='word_1_246' title='bbox 129 1851 353 1932; x_wconf 76' lang='grc' dir='ltr'>ἐγκατέλίπές</span> <span class='ocrx_word' id='word_1_247' title='bbox 375 1897 418 1932; x_wconf 86' lang='grc' dir='ltr'>με</span> <span class='ocrx_word' id='word_1_248' title='bbox 435 1899 444 1928; x_wconf 89' lang='lat'>;</span> <span class='ocrx_word' id='word_1_249' title='bbox 463 1881 532 1920; x_wconf 76' lang='grc' dir='ltr'>Καὶ</span> <span class='ocrx_word' id='word_1_250' title='bbox 553 1881 672 1929; x_wconf 84' lang='grc' dir='ltr'>πάλιν,</span> <span class='ocrx_word' id='word_1_251' title='bbox 692 1881 788 1934; x_wconf 83' lang='grc' dir='ltr'>Ἐρῶ</span> <span class='ocrx_word' id='word_1_252' title='bbox 801 1883 851 1933; x_wconf 82' lang='grc' dir='ltr'>τῷ</span> <span class='ocrx_word' id='word_1_253' title='bbox 870 1882 954 1935; x_wconf 87' lang='grc' dir='ltr'>Θεῷ</span> <span class='ocrx_word' id='word_1_254' title='bbox 967 1911 977 1930; x_wconf 91' lang='grc'>,</span> <span class='ocrx_word' id='word_1_255' title='bbox 1001 1882 1097 1921; x_wconf 88' lang='grc' dir='ltr'>ἀντι-</span> 
     </span>
     <span class='ocr_line' id='line_1_33' title="bbox 70 1937 1097 1997; baseline 0.001 -16"><span class='ocrx_word' id='word_1_256' title='bbox 70 1943 215 1997; x_wconf 75' lang='grc' dir='ltr'>λήπτωρ</span> <span class='ocrx_word' id='word_1_257' title='bbox 233 1959 297 1994; x_wconf 91' lang='grc' dir='ltr'>μου</span> <span class='ocrx_word' id='word_1_258' title='bbox 328 1937 374 1981; x_wconf 60' lang='grc' dir='ltr'>εἰ·</span> <span class='ocrx_word' id='word_1_259' title='bbox 394 1945 510 1996; x_wconf 63' lang='grc' dir='ltr'>ψυχῆς</span> <span class='ocrx_word' id='word_1_260' title='bbox 529 1942 596 1995; x_wconf 76' lang='grc' dir='ltr'>γὰρ</span> <span class='ocrx_word' id='word_1_261' title='bbox 628 1941 770 1989; x_wconf 84' lang='grc' dir='ltr'>ζεούσης</span> <span class='ocrx_word' id='word_1_262' title='bbox 800 1942 860 1981; x_wconf 82' lang='grc' dir='ltr'>καὶ</span> <span class='ocrx_word' id='word_1_263' title='bbox 890 1946 1020 1997; x_wconf 73' lang='grc' dir='ltr'>θερμῆς</span> <span class='ocrx_word' id='word_1_264' title='bbox 1039 1944 1097 1982; x_wconf 82' lang='grc' dir='ltr'>καὶ</span> 
     </span>
     <span class='ocr_line' id='line_1_34' title="bbox 71 2003 1098 2058; baseline 0 -15"><span class='ocrx_word' id='word_1_265' title='bbox 71 2004 318 2055; x_wconf 77' lang='grc' dir='ltr'>διακαιομένης</span> <span class='ocrx_word' id='word_1_266' title='bbox 332 2005 400 2044; x_wconf 84' lang='grc' dir='ltr'>ὑπὸ</span> <span class='ocrx_word' id='word_1_267' title='bbox 420 2010 480 2044; x_wconf 77' lang='grc' dir='ltr'>τοῦ</span> <span class='ocrx_word' id='word_1_268' title='bbox 500 2005 605 2044; x_wconf 85' lang='grc' dir='ltr'>πόθου</span> <span class='ocrx_word' id='word_1_269' title='bbox 622 2008 731 2042; x_wconf 77' lang='grc' dir='ltr'>ταῦτα</span> <span class='ocrx_word' id='word_1_270' title='bbox 748 2004 792 2043; x_wconf 83' lang='grc' dir='ltr'>τὰ</span> <span class='ocrx_word' id='word_1_271' title='bbox 813 2003 968 2058; x_wconf 84' lang='grc' dir='ltr'>ῥήματα.</span> <span class='ocrx_word' id='word_1_272' title='bbox 992 2005 1098 2044; x_wconf 84' lang='grc' dir='ltr'>Οὕτω</span> 
     </span>
     <span class='ocr_line' id='line_1_35' title="bbox 70 2065 1098 2119; baseline 0 -15"><span class='ocrx_word' id='word_1_273' title='bbox 70 2066 128 2105; x_wconf 77' lang='grc' dir='ltr'>καὶ</span> <span class='ocrx_word' id='word_1_274' title='bbox 149 2071 170 2114; x_wconf 85' lang='grc' dir='ltr'>ἡ</span> <span class='ocrx_word' id='word_1_275' title='bbox 190 2066 276 2118; x_wconf 79' lang='grc' dir='ltr'>γυνὴ</span> <span class='ocrx_word' id='word_1_276' title='bbox 309 2066 396 2114; x_wconf 69' lang='grc' dir='ltr'>αὕτη</span> <span class='ocrx_word' id='word_1_277' title='bbox 427 2065 600 2114; x_wconf 79' lang='grc' dir='ltr'>ἐποίησεν.</span> <span class='ocrx_word' id='word_1_278' title='bbox 622 2065 727 2105; x_wconf 76' lang='grc' dir='ltr'>Ἀλλὰ</span> <span class='ocrx_word' id='word_1_279' title='bbox 738 2065 777 2104; x_wconf 83' lang='grc' dir='ltr'>τὸ</span> <span class='ocrx_word' id='word_1_280' title='bbox 812 2065 873 2117; x_wconf 78' lang='grc' dir='ltr'>μὲν</span> <span class='ocrx_word' id='word_1_281' title='bbox 898 2065 1098 2119; x_wconf 81' lang='grc' dir='ltr'>ἀνθρώπους</span> 
     </span>
     <span class='ocr_line' id='line_1_36' title="bbox 70 2127 1097 2180; baseline 0 -14"><span class='ocrx_word' id='word_1_282' title='bbox 70 2131 170 2167; x_wconf 78' lang='grc' dir='ltr'>τοῦτο</span> <span class='ocrx_word' id='word_1_283' title='bbox 188 2134 311 2175; x_wconf 84' lang='grc' dir='ltr'>ποιεῖν,</span> <span class='ocrx_word' id='word_1_284' title='bbox 326 2127 525 2178; x_wconf 84' lang='grc' dir='ltr'>θαυμαστὸν</span> <span class='ocrx_word' id='word_1_285' title='bbox 543 2127 656 2166; x_wconf 80' lang='grc' dir='ltr'>οὐδέν·</span> <span class='ocrx_word' id='word_1_286' title='bbox 677 2127 760 2167; x_wconf 76' lang='grc' dir='ltr'>ὅταν</span> <span class='ocrx_word' id='word_1_287' title='bbox 781 2127 816 2166; x_wconf 81' lang='grc' dir='ltr'>δὲ</span> <span class='ocrx_word' id='word_1_288' title='bbox 833 2127 910 2180; x_wconf 80' lang='grc' dir='ltr'>ἴδῃς</span> <span class='ocrx_word' id='word_1_289' title='bbox 929 2128 987 2167; x_wconf 89' lang='grc' dir='ltr'>τὸν</span> <span class='ocrx_word' id='word_1_290' title='bbox 1007 2127 1097 2168; x_wconf 82' lang='grc' dir='ltr'>Θεὸν</span> 
     </span>
     <span class='ocr_line' id='line_1_37' title="bbox 69 2183 1098 2243; baseline 0 -16"><span class='ocrx_word' id='word_1_291' title='bbox 69 2193 168 2228; x_wconf 80' lang='grc' dir='ltr'>τοῦτο</span> <span class='ocrx_word' id='word_1_292' title='bbox 187 2193 375 2236; x_wconf 78' lang='grc' dir='ltr'>ποιοῦντα,</span> <span class='ocrx_word' id='word_1_293' title='bbox 398 2189 478 2228; x_wconf 78' lang='grc' dir='ltr'>τότε</span> <span class='ocrx_word' id='word_1_294' title='bbox 504 2188 712 2241; x_wconf 81' lang='grc' dir='ltr'>ε’κπλοίγηθι.</span> <span class='ocrx_word' id='word_1_295' title='bbox 731 2188 901 2243; x_wconf 81' lang='grc' dir='ltr'>Καθάπερ</span> <span class='ocrx_word' id='word_1_296' title='bbox 918 2188 985 2241; x_wconf 77' lang='grc' dir='ltr'>γὰρ</span> <span class='ocrx_word' id='word_1_297' title='bbox 1004 2183 1098 2228; x_wconf 63' lang='grc' dir='ltr'>οὗτοι</span> 
     </span>
     <span class='ocr_line' id='line_1_38' title="bbox 69 2249 1098 2302; baseline 0 -15"><span class='ocrx_word' id='word_1_298' title='bbox 69 2250 107 2287; x_wconf 85' lang='grc' dir='ltr'>οὐ</span> <span class='ocrx_word' id='word_1_299' title='bbox 123 2253 221 2302; x_wconf 75' lang='grc' dir='ltr'>κοινῇ</span> <span class='ocrx_word' id='word_1_300' title='bbox 243 2250 330 2300; x_wconf 79' lang='grc' dir='ltr'>μετὰ</span> <span class='ocrx_word' id='word_1_301' title='bbox 349 2253 418 2288; x_wconf 85' lang='grc' dir='ltr'>τῶν</span> <span class='ocrx_word' id='word_1_302' title='bbox 437 2252 575 2288; x_wconf 85' lang='grc' dir='ltr'>πολλῶν</span> <span class='ocrx_word' id='word_1_303' title='bbox 598 2249 698 2288; x_wconf 83' lang='grc' dir='ltr'>αὐτὸν</span> <span class='ocrx_word' id='word_1_304' title='bbox 723 2251 902 2299; x_wconf 80' lang='grc' dir='ltr'>καλοῦσιν,</span> <span class='ocrx_word' id='word_1_305' title='bbox 929 2249 1020 2289; x_wconf 78' lang='grc' dir='ltr'>ἀλλὰ</span> <span class='ocrx_word' id='word_1_306' title='bbox 1039 2249 1098 2288; x_wconf 80' lang='grc' dir='ltr'>καὶ</span> 
     </span>
     <span class='ocr_line' id='line_1_39' title="bbox 71 2305 1097 2364; baseline 0.001 -15"><span class='ocrx_word' id='word_1_307' title='bbox 71 2311 267 2356; x_wconf 79' lang='grc' dir='ltr'>ἰδιαζόντως</span> <span class='ocrx_word' id='word_1_308' title='bbox 287 2315 416 2350; x_wconf 81' lang='grc' dir='ltr'>ἑαυτῶν</span> <span class='ocrx_word' id='word_1_309' title='bbox 438 2311 539 2350; x_wconf 78' lang='grc' dir='ltr'>αὐτὸν</span> <span class='ocrx_word' id='word_1_310' title='bbox 562 2311 744 2364; x_wconf 82' lang='grc' dir='ltr'>βούλονται</span> <span class='ocrx_word' id='word_1_311' title='bbox 768 2305 856 2352; x_wconf 68' lang='grc' dir='ltr'>εἶναι</span> <span class='ocrx_word' id='word_1_312' title='bbox 876 2310 986 2351; x_wconf 81' lang='grc' dir='ltr'>Θεόν·</span> <span class='ocrx_word' id='word_1_313' title='bbox 1007 2310 1097 2350; x_wconf 82' lang='grc' dir='ltr'>οὕτω</span> 
     </span>
     <span class='ocr_line' id='line_1_40' title="bbox 70 2367 1097 2427; baseline 0.001 -17"><span class='ocrx_word' id='word_1_314' title='bbox 70 2373 128 2410; x_wconf 78' lang='grc' dir='ltr'>καὶ</span> <span class='ocrx_word' id='word_1_315' title='bbox 146 2373 246 2416; x_wconf 83' lang='grc' dir='ltr'>αὐτὸς</span> <span class='ocrx_word' id='word_1_316' title='bbox 260 2403 270 2421; x_wconf 91' lang='grc'>,</span> <span class='ocrx_word' id='word_1_317' title='bbox 289 2375 327 2411; x_wconf 85' lang='grc' dir='ltr'>οὐ</span> <span class='ocrx_word' id='word_1_318' title='bbox 347 2377 443 2425; x_wconf 74' lang='grc' dir='ltr'>κοινῇ</span> <span class='ocrx_word' id='word_1_319' title='bbox 464 2374 551 2425; x_wconf 78' lang='grc' dir='ltr'>μετὰ</span> <span class='ocrx_word' id='word_1_320' title='bbox 570 2377 639 2413; x_wconf 90' lang='grc' dir='ltr'>τῶν</span> <span class='ocrx_word' id='word_1_321' title='bbox 659 2374 774 2413; x_wconf 86' lang='grc' dir='ltr'>ἄλλων</span> <span class='ocrx_word' id='word_1_322' title='bbox 796 2373 898 2427; x_wconf 73' lang='grc' dir='ltr'>φησὶν</span> <span class='ocrx_word' id='word_1_323' title='bbox 920 2375 1031 2413; x_wconf 83' lang='grc' dir='ltr'>αὐτῶν</span> <span class='ocrx_word' id='word_1_324' title='bbox 1051 2367 1097 2413; x_wconf 72' lang='grc' dir='ltr'>εἷ-</span> 
     </span>
     <span class='ocr_line' id='line_1_41' title="bbox 69 2434 1098 2484; baseline 0.006 -15"><span class='ocrx_word' id='word_1_325' title='bbox 69 2448 126 2470; x_wconf 84' lang='grc' dir='ltr'>ναι</span> <span class='ocrx_word' id='word_1_326' title='bbox 142 2434 230 2471; x_wconf 87' lang='grc' dir='ltr'>Θεὸν</span> <span class='ocrx_word' id='word_1_327' title='bbox 247 2434 361 2484; x_wconf 71' lang='grc' dir='ltr'>μόνον,</span> <span class='ocrx_word' id='word_1_328' title='bbox 378 2434 468 2472; x_wconf 74' lang='grc' dir='ltr'>ἀλλὰ</span> <span class='ocrx_word' id='word_1_329' title='bbox 487 2435 546 2473; x_wconf 70' lang='grc' dir='ltr'>καὶ</span> <span class='ocrx_word' id='word_1_330' title='bbox 560 2435 757 2480; x_wconf 82' lang='grc' dir='ltr'>ἰδιαζόντως</span> <span class='ocrx_word' id='word_1_331' title='bbox 772 2437 898 2474; x_wconf 79' lang='grc' dir='ltr'>αὐτῶν.</span> <span class='ocrx_word' id='word_1_332' title='bbox 911 2434 980 2474; x_wconf 82' lang='grc' dir='ltr'>Διὰ</span> <span class='ocrx_word' id='word_1_333' title='bbox 996 2439 1098 2475; x_wconf 78' lang='grc' dir='ltr'>τοῦτο</span> 
     </span>
    </p>

    <p class='ocr_par' dir='ltr' id='par_1_11' title="bbox 102 2492 1031 2509">
     <span class='ocr_line' id='line_1_42' title="bbox 102 2492 1031 2509; baseline 0.005 -5"><span class='ocrx_word' id='word_1_334' title='bbox 102 2492 110 2504; x_wconf 62' lang='lat'><em>1</em></span> <span class='ocrx_word' id='word_1_335' title='bbox 203 2494 212 2506; x_wconf 80' lang='lat'>‚</span> <span class='ocrx_word' id='word_1_336' title='bbox 234 2495 243 2503; x_wconf 66' lang='lat'>.</span> <span class='ocrx_word' id='word_1_337' title='bbox 283 2493 291 2505; x_wconf 58' lang='grc' dir='ltr'><em>Ι</em></span> <span class='ocrx_word' id='word_1_338' title='bbox 335 2496 344 2509; x_wconf 80' lang='lat'>‚</span> <span class='ocrx_word' id='word_1_339' title='bbox 495 2494 502 2506; x_wconf 44' lang='grc' dir='ltr'>ι</span> <span class='ocrx_word' id='word_1_340' title='bbox 546 2495 556 2508; x_wconf 79' lang='grc'>,</span> <span class='ocrx_word' id='word_1_341' title='bbox 794 2495 804 2509; x_wconf 77' lang='grc'>,</span> <span class='ocrx_word' id='word_1_342' title='bbox 1021 2496 1031 2509; x_wconf 74' lang='grc'>,</span> 
     </span>
    </p>

    <p class='ocr_par' dir='ltr' id='par_1_12' title="bbox 69 2494 1097 3339">
     <span class='ocr_line' id='line_1_43' title="bbox 70 2494 1095 2549; baseline 0.003 -19"><span class='ocrx_word' id='word_1_343' title='bbox 70 2494 184 2544; x_wconf 84' lang='grc' dir='ltr'>λεγει,</span> <span class='ocrx_word' id='word_1_344' title='bbox 219 2495 298 2545; x_wconf 66' lang='grc' dir='ltr'>[;·(ιι)</span> <span class='ocrx_word' id='word_1_345' title='bbox 317 2511 389 2545; x_wconf 87' lang='grc' dir='ltr'>ειμι</span> <span class='ocrx_word' id='word_1_346' title='bbox 408 2497 529 2539; x_wconf 85' lang='grc' dir='ltr'>ὁΘεος</span> <span class='ocrx_word' id='word_1_347' title='bbox 551 2495 776 2549; x_wconf 63' lang='grc' dir='ltr'>Αδραδιμκαί</span> <span class='ocrx_word' id='word_1_348' title='bbox 807 2495 918 2535; x_wconf 84' lang='grc' dir='ltr'>Ισαὰκ</span> <span class='ocrx_word' id='word_1_349' title='bbox 943 2495 1003 2535; x_wconf 76' lang='grc' dir='ltr'>καὶ</span> <span class='ocrx_word' id='word_1_350' title='bbox 1034 2498 1095 2535; x_wconf 76' lang='grc' dir='ltr'>Ια-</span> 
     </span>
     <span class='ocr_line' id='line_1_44' title="bbox 71 2554 1094 2605; baseline 0.005 -13"><span class='ocrx_word' id='word_1_351' title='bbox 71 2554 165 2602; x_wconf 61' lang='grc' dir='ltr'>κὼὸ,</span> <span class='ocrx_word' id='word_1_352' title='bbox 185 2557 222 2593; x_wconf 87' lang='grc' dir='ltr'>οὐ</span> <span class='ocrx_word' id='word_1_353' title='bbox 252 2556 447 2594; x_wconf 75' lang='grc' dir='ltr'>συστέλλων</span> <span class='ocrx_word' id='word_1_354' title='bbox 478 2559 583 2596; x_wconf 70' lang='grc' dir='ltr'>αὐτοῦ</span> <span class='ocrx_word' id='word_1_355' title='bbox 609 2556 672 2605; x_wconf 82' lang='grc' dir='ltr'>τὴν</span> <span class='ocrx_word' id='word_1_356' title='bbox 694 2556 913 2605; x_wconf 63' lang='grc' dir='ltr'>δεσποτείαν,</span> <span class='ocrx_word' id='word_1_357' title='bbox 939 2558 1017 2596; x_wconf 83' lang='grc' dir='ltr'>ἀλλ’</span> <span class='ocrx_word' id='word_1_358' title='bbox 1038 2561 1094 2597; x_wconf 84' lang='grc' dir='ltr'>ἐκ·</span> 
     </span>
     <span class='ocr_line' id='line_1_45' title="bbox 69 2615 1097 2673; baseline 0.004 -19"><span class='ocrx_word' id='word_1_359' title='bbox 69 2615 189 2654; x_wconf 81' lang='grc' dir='ltr'>τείνων</span> <span class='ocrx_word' id='word_1_360' title='bbox 210 2618 341 2667; x_wconf 77' lang='grc' dir='ltr'>μᾶλλον</span> <span class='ocrx_word' id='word_1_361' title='bbox 358 2633 365 2640; x_wconf 92' lang='grc'><strong><em>·</em></strong></span> <span class='ocrx_word' id='word_1_362' title='bbox 384 2619 422 2656; x_wconf 80' lang='grc' dir='ltr'>οὐ</span> <span class='ocrx_word' id='word_1_363' title='bbox 439 2617 505 2671; x_wconf 71' lang='grc' dir='ltr'>γὰρ</span> <span class='ocrx_word' id='word_1_364' title='bbox 529 2618 619 2657; x_wconf 69' lang='grc' dir='ltr'>οὕτω</span> <span class='ocrx_word' id='word_1_365' title='bbox 641 2618 681 2658; x_wconf 89' lang='grc' dir='ltr'>τὸ</span> <span class='ocrx_word' id='word_1_366' title='bbox 709 2620 839 2665; x_wconf 74' lang='grc' dir='ltr'>πλῆθος</span> <span class='ocrx_word' id='word_1_367' title='bbox 854 2622 923 2657; x_wconf 88' lang='grc' dir='ltr'>τῶν</span> <span class='ocrx_word' id='word_1_368' title='bbox 945 2620 1097 2673; x_wconf 77' lang='grc' dir='ltr'>ἀρχομέ-</span> 
     </span>
     <span class='ocr_line' id='line_1_46' title="bbox 70 2678 1097 2732; baseline 0.006 -18"><span class='ocrx_word' id='word_1_369' title='bbox 70 2693 150 2724; x_wconf 89' lang='grc' dir='ltr'>νων,</span> <span class='ocrx_word' id='word_1_370' title='bbox 166 2680 212 2721; x_wconf 86' lang='grc' dir='ltr'>ὡς</span> <span class='ocrx_word' id='word_1_371' title='bbox 230 2681 251 2724; x_wconf 79' lang='grc' dir='ltr'>ἡ</span> <span class='ocrx_word' id='word_1_372' title='bbox 280 2678 384 2732; x_wconf 84' lang='grc' dir='ltr'>αρετὴ</span> <span class='ocrx_word' id='word_1_373' title='bbox 411 2682 478 2717; x_wconf 87' lang='grc' dir='ltr'>τῶν</span> <span class='ocrx_word' id='word_1_374' title='bbox 503 2679 780 2731; x_wconf 83' lang='grc' dir='ltr'>βασιλευομένων</span> <span class='ocrx_word' id='word_1_375' title='bbox 801 2679 971 2719; x_wconf 85' lang='grc' dir='ltr'>δείκνυσιν</span> <span class='ocrx_word' id='word_1_376' title='bbox 994 2683 1097 2721; x_wconf 78' lang='grc' dir='ltr'>αὐτοῦ</span> 
     </span>
     <span class='ocr_line' id='line_1_47' title="bbox 70 2739 1095 2795; baseline 0.007 -21"><span class='ocrx_word' id='word_1_377' title='bbox 70 2753 132 2783; x_wconf 70' lang='grc' dir='ltr'>την</span> <span class='ocrx_word' id='word_1_378' title='bbox 156 2739 289 2791; x_wconf 69' lang='grc' dir='ltr'>ἀργήν·</span> <span class='ocrx_word' id='word_1_379' title='bbox 311 2740 386 2779; x_wconf 76' lang='grc' dir='ltr'>οὐδὲ</span> <span class='ocrx_word' id='word_1_380' title='bbox 408 2740 498 2779; x_wconf 78' lang='grc' dir='ltr'>οὕτω</span> <span class='ocrx_word' id='word_1_381' title='bbox 519 2741 635 2794; x_wconf 73' lang='grc' dir='ltr'>χαίρει</span> <span class='ocrx_word' id='word_1_382' title='bbox 653 2741 862 2792; x_wconf 86' lang='grc' dir='ltr'>καλούμενος</span> <span class='ocrx_word' id='word_1_383' title='bbox 879 2742 968 2786; x_wconf 84' lang='grc' dir='ltr'>Θεὸς</span> <span class='ocrx_word' id='word_1_384' title='bbox 987 2744 1095 2795; x_wconf 78' lang='grc' dir='ltr'>οὐρα-</span> 
     </span>
     <span class='ocr_line' id='line_1_48' title="bbox 72 2801 1095 2852; baseline 0.007 -17"><span class='ocrx_word' id='word_1_385' title='bbox 72 2814 128 2836; x_wconf 89' lang='grc' dir='ltr'>νου</span> <span class='ocrx_word' id='word_1_386' title='bbox 159 2814 218 2836; x_wconf 90' lang='grc' dir='ltr'>και</span> <span class='ocrx_word' id='word_1_387' title='bbox 239 2803 301 2850; x_wconf 69' lang='grc' dir='ltr'>γῆς</span> <span class='ocrx_word' id='word_1_388' title='bbox 331 2815 390 2838; x_wconf 89' lang='grc' dir='ltr'>και</span> <span class='ocrx_word' id='word_1_389' title='bbox 409 2801 583 2847; x_wconf 73' lang='grc' dir='ltr'>θαλάττης</span> <span class='ocrx_word' id='word_1_390' title='bbox 599 2833 608 2850; x_wconf 85' lang='grc'>,</span> <span class='ocrx_word' id='word_1_391' title='bbox 631 2802 691 2841; x_wconf 74' lang='grc' dir='ltr'>καὶ</span> <span class='ocrx_word' id='word_1_392' title='bbox 717 2805 786 2841; x_wconf 88' lang='grc' dir='ltr'>τῶν</span> <span class='ocrx_word' id='word_1_393' title='bbox 813 2805 847 2842; x_wconf 81' lang='grc' dir='ltr'>ἐν</span> <span class='ocrx_word' id='word_1_394' title='bbox 868 2802 1024 2852; x_wconf 83' lang='grc' dir='ltr'>τούτοις,</span> <span class='ocrx_word' id='word_1_395' title='bbox 1049 2807 1095 2848; x_wconf 86' lang='grc' dir='ltr'>ὡς</span> 
     </span>
     <span class='ocr_line' id='line_1_49' title="bbox 70 2859 1094 2917; baseline 0.005 -19"><span class='ocrx_word' id='word_1_396' title='bbox 70 2859 184 2912; x_wconf 73' lang='grc' dir='ltr'>χαίρει</span> <span class='ocrx_word' id='word_1_397' title='bbox 208 2860 416 2910; x_wconf 79' lang='grc' dir='ltr'>καλούμενος</span> <span class='ocrx_word' id='word_1_398' title='bbox 435 2863 523 2906; x_wconf 88' lang='grc' dir='ltr'>Θεὸς</span> <span class='ocrx_word' id='word_1_399' title='bbox 536 2863 698 2917; x_wconf 65' lang='grc' dir='ltr'>Ἀὅραὰμ</span> <span class='ocrx_word' id='word_1_400' title='bbox 716 2864 776 2902; x_wconf 75' lang='grc' dir='ltr'>καὶ</span> <span class='ocrx_word' id='word_1_401' title='bbox 796 2863 919 2903; x_wconf 82' lang='grc' dir='ltr'>Ἰσαὰκ</span> <span class='ocrx_word' id='word_1_402' title='bbox 940 2864 999 2903; x_wconf 77' lang='grc' dir='ltr'>καὶ</span> <span class='ocrx_word' id='word_1_403' title='bbox 1019 2865 1094 2904; x_wconf 87' lang='grc' dir='ltr'>Ἰα-</span> 
     </span>
     <span class='ocr_line' id='line_1_50' title="bbox 72 2919 1095 2977; baseline 0.006 -19"><span class='ocrx_word' id='word_1_404' title='bbox 72 2919 158 2958; x_wconf 66' lang='grc' dir='ltr'>κώῧ.</span> <span class='ocrx_word' id='word_1_405' title='bbox 181 2921 248 2959; x_wconf 78' lang='grc' dir='ltr'>Καὶ</span> <span class='ocrx_word' id='word_1_406' title='bbox 266 2921 352 2974; x_wconf 77' lang='grc' dir='ltr'>ὅπερ</span> <span class='ocrx_word' id='word_1_407' title='bbox 383 2925 436 2960; x_wconf 82' lang='grc' dir='ltr'>ἐπ’</span> <span class='ocrx_word' id='word_1_408' title='bbox 468 2923 656 2975; x_wconf 82' lang='grc' dir='ltr'>ἀνθρώπων</span> <span class='ocrx_word' id='word_1_409' title='bbox 682 2928 720 2963; x_wconf 80' lang='grc' dir='ltr'>οὐ</span> <span class='ocrx_word' id='word_1_410' title='bbox 741 2924 898 2977; x_wconf 84' lang='grc' dir='ltr'>γίνεται,</span> <span class='ocrx_word' id='word_1_411' title='bbox 917 2931 1018 2964; x_wconf 79' lang='grc' dir='ltr'>τοῦτο</span> <span class='ocrx_word' id='word_1_412' title='bbox 1038 2926 1095 2964; x_wconf 77' lang='grc' dir='ltr'>ἐπὶ</span> 
     </span>
     <span class='ocr_line' id='line_1_51' title="bbox 70 2980 1096 3039; baseline 0.004 -19"><span class='ocrx_word' id='word_1_413' title='bbox 70 2986 130 3020; x_wconf 74' lang='grc' dir='ltr'>τοῦ</span> <span class='ocrx_word' id='word_1_414' title='bbox 161 2984 253 3020; x_wconf 73' lang='grc' dir='ltr'>Θεοῦ</span> <span class='ocrx_word' id='word_1_415' title='bbox 275 2983 465 3033; x_wconf 61' lang='grc' dir='ltr'>συμὸαῖνόν</span> <span class='ocrx_word' id='word_1_416' title='bbox 497 2987 588 3023; x_wconf 85' lang='grc' dir='ltr'>ἐστιν</span> <span class='ocrx_word' id='word_1_417' title='bbox 615 2987 710 3023; x_wconf 84' lang='grc' dir='ltr'>ἰδεῖν.</span> <span class='ocrx_word' id='word_1_418' title='bbox 731 2980 815 3024; x_wconf 72' lang='grc' dir='ltr'>Οἶόν</span> <span class='ocrx_word' id='word_1_419' title='bbox 844 3003 878 3025; x_wconf 88' lang='grc' dir='ltr'>τι</span> <span class='ocrx_word' id='word_1_420' title='bbox 908 2987 1018 3039; x_wconf 82' lang='grc' dir='ltr'>λέγω·</span> <span class='ocrx_word' id='word_1_421' title='bbox 1039 2987 1096 3025; x_wconf 81' lang='grc' dir='ltr'>ἐπὶ</span> 
     </span>
     <span class='ocr_line' id='line_1_52' title="bbox 71 3044 1095 3097; baseline 0.004 -16"><span class='ocrx_word' id='word_1_422' title='bbox 71 3046 139 3081; x_wconf 84' lang='grc' dir='ltr'>τῶν</span> <span class='ocrx_word' id='word_1_423' title='bbox 163 3044 353 3097; x_wconf 83' lang='grc' dir='ltr'>ἀνθρώπων</span> <span class='ocrx_word' id='word_1_424' title='bbox 375 3045 444 3083; x_wconf 73' lang='grc' dir='ltr'>ἀπὸ</span> <span class='ocrx_word' id='word_1_425' title='bbox 472 3049 541 3084; x_wconf 87' lang='grc' dir='ltr'>τῶν</span> <span class='ocrx_word' id='word_1_426' title='bbox 568 3047 745 3085; x_wconf 78' lang='grc' dir='ltr'>δεσποτῶν</span> <span class='ocrx_word' id='word_1_427' title='bbox 766 3050 798 3085; x_wconf 81' lang='grc' dir='ltr'>οἱ</span> <span class='ocrx_word' id='word_1_428' title='bbox 816 3049 928 3087; x_wconf 77' lang='grc' dir='ltr'>δοῦλοι</span> <span class='ocrx_word' id='word_1_429' title='bbox 951 3050 1095 3087; x_wconf 77' lang='grc' dir='ltr'>καλοῦν-</span> 
     </span>
     <span class='ocr_line' id='line_1_53' title="bbox 71 3104 1094 3161; baseline 0.005 -19"><span class='ocrx_word' id='word_1_430' title='bbox 71 3119 150 3152; x_wconf 88' lang='grc' dir='ltr'>ται,</span> <span class='ocrx_word' id='word_1_431' title='bbox 170 3105 228 3143; x_wconf 79' lang='grc' dir='ltr'>καὶ</span> <span class='ocrx_word' id='word_1_432' title='bbox 257 3104 364 3149; x_wconf 78' lang='grc' dir='ltr'>οὕτως</span> <span class='ocrx_word' id='word_1_433' title='bbox 391 3105 464 3149; x_wconf 83' lang='grc' dir='ltr'>ἔθος</span> <span class='ocrx_word' id='word_1_434' title='bbox 484 3106 595 3144; x_wconf 79' lang='grc' dir='ltr'>ἅπασι</span> <span class='ocrx_word' id='word_1_435' title='bbox 618 3107 744 3158; x_wconf 83' lang='grc' dir='ltr'>λέγειν,</span> <span class='ocrx_word' id='word_1_436' title='bbox 762 3110 780 3146; x_wconf 85' lang='grc' dir='ltr'>ὁ</span> <span class='ocrx_word' id='word_1_437' title='bbox 800 3109 893 3147; x_wconf 86' lang='grc' dir='ltr'>δεῖνα</span> <span class='ocrx_word' id='word_1_438' title='bbox 909 3109 1094 3161; x_wconf 84' lang='grc' dir='ltr'>ἐπίτροπος</span> 
     </span>
     <span class='ocr_line' id='line_1_54' title="bbox 72 3166 1094 3222; baseline 0.008 -21"><span class='ocrx_word' id='word_1_439' title='bbox 72 3167 131 3202; x_wconf 79' lang='grc' dir='ltr'>τοῦ</span> <span class='ocrx_word' id='word_1_440' title='bbox 150 3166 272 3214; x_wconf 81' lang='grc' dir='ltr'>δεῖνος,</span> <span class='ocrx_word' id='word_1_441' title='bbox 284 3169 302 3204; x_wconf 85' lang='grc' dir='ltr'><strong>ὁ</strong></span> <span class='ocrx_word' id='word_1_442' title='bbox 313 3167 406 3204; x_wconf 85' lang='grc' dir='ltr'>δεῖνα</span> <span class='ocrx_word' id='word_1_443' title='bbox 422 3167 600 3217; x_wconf 78' lang='grc' dir='ltr'>οἰκονόμος</span> <span class='ocrx_word' id='word_1_444' title='bbox 615 3173 674 3206; x_wconf 74' lang='grc' dir='ltr'>τοῦ</span> <span class='ocrx_word' id='word_1_445' title='bbox 689 3168 807 3216; x_wconf 85' lang='grc' dir='ltr'>δεῖνος,</span> <span class='ocrx_word' id='word_1_446' title='bbox 821 3173 880 3208; x_wconf 75' lang='grc' dir='ltr'>τοῦ</span> <span class='ocrx_word' id='word_1_447' title='bbox 899 3175 1094 3222; x_wconf 73' lang='grc' dir='ltr'>στρατηγοῦ</span> 
     </span>
     <span class='ocr_line' id='line_1_55' title="bbox 74 3225 1094 3284; baseline 0.009 -23"><span class='ocrx_word' id='word_1_448' title='bbox 74 3225 132 3261; x_wconf 81' lang='grc' dir='ltr'>καὶ</span> <span class='ocrx_word' id='word_1_449' title='bbox 158 3226 336 3279; x_wconf 73' lang='grc' dir='ltr'>ὑπάρχου·</span> <span class='ocrx_word' id='word_1_450' title='bbox 362 3228 469 3271; x_wconf 80' lang='grc' dir='ltr'>οὐδεὶς</span> <span class='ocrx_word' id='word_1_451' title='bbox 506 3229 542 3267; x_wconf 78' lang='grc' dir='ltr'>δέ</span> <span class='ocrx_word' id='word_1_452' title='bbox 573 3243 692 3280; x_wconf 74' lang='grc' dir='ltr'>φησιν,</span> <span class='ocrx_word' id='word_1_453' title='bbox 725 3231 743 3266; x_wconf 82' lang='grc' dir='ltr'><strong>ὀ</strong></span> <span class='ocrx_word' id='word_1_454' title='bbox 775 3230 868 3267; x_wconf 86' lang='grc' dir='ltr'>δεῖνα</span> <span class='ocrx_word' id='word_1_455' title='bbox 895 3233 913 3269; x_wconf 81' lang='grc' dir='ltr'>ὁ</span> <span class='ocrx_word' id='word_1_456' title='bbox 939 3230 1094 3284; x_wconf 71' lang='grc' dir='ltr'>ὕπαρχος</span> 
     </span>
     <span class='ocr_line' id='line_1_56' title="bbox 74 3285 1093 3339; baseline 0.007 -18"><span class='ocrx_word' id='word_1_457' title='bbox 74 3285 168 3322; x_wconf 70' lang='grc' dir='ltr'>τοῦδε</span> <span class='ocrx_word' id='word_1_458' title='bbox 192 3290 249 3324; x_wconf 67' lang='grc' dir='ltr'>τοῦ</span> <span class='ocrx_word' id='word_1_459' title='bbox 269 3288 455 3339; x_wconf 69' lang='grc' dir='ltr'>ἐπιτρόπου</span> <span class='ocrx_word' id='word_1_460' title='bbox 469 3304 476 3311; x_wconf 95' lang='grc'><em>·</em></span> <span class='ocrx_word' id='word_1_461' title='bbox 506 3289 595 3327; x_wconf 71' lang='grc' dir='ltr'>ἀλλὰ</span> <span class='ocrx_word' id='word_1_462' title='bbox 623 3289 701 3333; x_wconf 67' lang='grc' dir='ltr'>τοὺς</span> <span class='ocrx_word' id='word_1_463' title='bbox 722 3289 906 3334; x_wconf 75' lang='grc' dir='ltr'>ἐλάττονας</span> <span class='ocrx_word' id='word_1_464' title='bbox 930 3293 999 3331; x_wconf 80' lang='grc' dir='ltr'>ἀπὸ</span> <span class='ocrx_word' id='word_1_465' title='bbox 1026 3295 1093 3330; x_wconf 84' lang='grc' dir='ltr'>τῶν</span> 
     </span>
    </p>
   </div>
   <div class='ocr_carea' id='block_1_8' title="bbox 156 3393 1080 3439">
    <p class='ocr_par' dir='ltr' id='par_1_13' title="bbox 156 3393 1080 3439">
     <span class='ocr_line' id='line_1_57' title="bbox 156 3393 1080 3439; baseline 0.006 -16"><span class='ocrx_word' id='word_1_466' title='bbox 156 3394 239 3424; x_wconf 73' lang='grc' dir='ltr'>οὕτω</span> <span class='ocrx_word' id='word_1_467' title='bbox 256 3407 292 3425; x_wconf 75' lang='grc' dir='ltr'>ια</span> <span class='ocrx_word' id='word_1_468' title='bbox 324 3397 335 3426; x_wconf 64' lang='grc' dir='ltr'>ὁ</span> <span class='ocrx_word' id='word_1_469' title='bbox 353 3407 506 3439; x_wconf 41' lang='grc' dir='ltr'>ττι-πομπῇ,-</span> <span class='ocrx_word' id='word_1_470' title='bbox 523 3400 612 3430; x_wconf 62' lang='lat' dir='ltr'>dmm</span> <span class='ocrx_word' id='word_1_471' title='bbox 638 3400 728 3437; x_wconf 62' lang='grc' dir='ltr'>λέγων</span> <span class='ocrx_word' id='word_1_472' title='bbox 747 3393 932 3429; x_wconf 83' lang='lat' dir='ltr'>Colbcrt‘mi</span> <span class='ocrx_word' id='word_1_473' title='bbox 948 3404 980 3429; x_wconf 81' lang='lat' dir='ltr'>et</span> <span class='ocrx_word' id='word_1_474' title='bbox 1001 3396 1080 3438; x_wconf 62' lang='lat' dir='ltr'>neg.</span> 
     </span>
    </p>
   </div>
   <div class='ocr_carea' id='block_1_9' title="bbox 1169 839 2132 1506">
    <p class='ocr_par' dir='ltr' id='par_1_14' title="bbox 1169 839 2132 1506">
     <span class='ocr_line' id='line_1_58' title="bbox 1171 839 2130 892; baseline 0.003 -16"><span class='ocrx_word' id='word_1_475' title='bbox 1171 839 1373 892; x_wconf 88' lang='lat' dir='ltr'>periculum</span> <span class='ocrx_word' id='word_1_476' title='bbox 1395 849 1581 878; x_wconf 84' lang='lat' dir='ltr'>evaserunt</span> <span class='ocrx_word' id='word_1_477' title='bbox 1602 854 1621 877; x_wconf 87' lang='lat' dir='ltr'>e</span> <span class='ocrx_word' id='word_1_478' title='bbox 1641 855 1726 892; x_wconf 79' lang='lat' dir='ltr'>rogo</span> <span class='ocrx_word' id='word_1_479' title='bbox 1745 841 1901 891; x_wconf 80' lang='lat' dir='ltr'>liberati,</span> <span class='ocrx_word' id='word_1_480' title='bbox 1921 850 1954 878; x_wconf 89' lang='lat' dir='ltr'>ct</span> <span class='ocrx_word' id='word_1_481' title='bbox 1976 841 2130 879; x_wconf 86' lang='lat' dir='ltr'>illustres</span> 
     </span>
     <span class='ocr_line' id='line_1_59' title="bbox 1172 900 2131 954; baseline 0.003 -17"><span class='ocrx_word' id='word_1_482' title='bbox 1172 909 1253 938; x_wconf 90' lang='lat' dir='ltr'>sunt</span> <span class='ocrx_word' id='word_1_483' title='bbox 1272 900 1370 950; x_wconf 79' lang='lat' dir='ltr'>sacti,</span> <span class='ocrx_word' id='word_1_484' title='bbox 1389 900 1486 952; x_wconf 90' lang='lat' dir='ltr'>quod</span> <span class='ocrx_word' id='word_1_485' title='bbox 1512 901 1775 954; x_wconf 79' lang='lat' dir='ltr'>supernaturali</span> <span class='ocrx_word' id='word_1_486' title='bbox 1798 900 1904 939; x_wconf 91' lang='lat' dir='ltr'>modo</span> <span class='ocrx_word' id='word_1_487' title='bbox 1929 901 2037 954; x_wconf 86' lang='lat' dir='ltr'>hujus</span> <span class='ocrx_word' id='word_1_488' title='bbox 2063 902 2131 940; x_wconf 85' lang='lat' dir='ltr'>ele-</span> 
     </span>
     <span class='ocr_line' id='line_1_60' title="bbox 1172 961 2131 1015; baseline 0.004 -17"><span class='ocrx_word' id='word_1_489' title='bbox 1172 961 1283 999; x_wconf 88' lang='lat' dir='ltr'>menti</span> <span class='ocrx_word' id='word_1_490' title='bbox 1313 962 1509 1014; x_wconf 82' lang='lat' dir='ltr'>potentiam</span> <span class='ocrx_word' id='word_1_491' title='bbox 1545 963 1819 1015; x_wconf 85' lang='lat' dir='ltr'>superavissent.</span> <span class='ocrx_word' id='word_1_492' title='bbox 1844 962 1902 1000; x_wconf 84' lang='lat' dir='ltr'>Ad</span> <span class='ocrx_word' id='word_1_493' title='bbox 1924 962 2018 1000; x_wconf 88' lang='lat' dir='ltr'>hunc</span> <span class='ocrx_word' id='word_1_494' title='bbox 2049 977 2131 1002; x_wconf 90' lang='lat' dir='ltr'>sane</span> 
     </span>
     <span class='ocr_line' id='line_1_61' title="bbox 1172 1021 2131 1063; baseline 0.005 -5"><span class='ocrx_word' id='word_1_495' title='bbox 1172 1021 1321 1060; x_wconf 89' lang='lat' dir='ltr'>modum</span> <span class='ocrx_word' id='word_1_496' title='bbox 1342 1023 1407 1060; x_wconf 90' lang='lat' dir='ltr'>Dei</span> <span class='ocrx_word' id='word_1_497' title='bbox 1428 1023 1602 1062; x_wconf 84' lang='lat' dir='ltr'>beneficia</span> <span class='ocrx_word' id='word_1_498' title='bbox 1622 1038 1658 1061; x_wconf 91' lang='lat' dir='ltr'>se</span> <span class='ocrx_word' id='word_1_499' title='bbox 1675 1023 1807 1061; x_wconf 81' lang='lat' dir='ltr'>liabent</span> <span class='ocrx_word' id='word_1_500' title='bbox 1826 1040 1833 1060; x_wconf 90' lang='lat'><strong>:</strong></span> <span class='ocrx_word' id='word_1_501' title='bbox 1850 1024 1957 1061; x_wconf 90' lang='lat' dir='ltr'>simul</span> <span class='ocrx_word' id='word_1_502' title='bbox 1983 1024 2077 1062; x_wconf 91' lang='lat' dir='ltr'>enim</span> <span class='ocrx_word' id='word_1_503' title='bbox 2097 1034 2131 1063; x_wconf 89' lang='lat' dir='ltr'>et</span> 
     </span>
     <span class='ocr_line' id='line_1_62' title="bbox 1172 1084 2132 1138; baseline 0.006 -18"><span class='ocrx_word' id='word_1_504' title='bbox 1172 1091 1286 1121; x_wconf 83' lang='lat' dir='ltr'>tutam</span> <span class='ocrx_word' id='word_1_505' title='bbox 1299 1093 1332 1122; x_wconf 87' lang='lat' dir='ltr'>et</span> <span class='ocrx_word' id='word_1_506' title='bbox 1348 1084 1526 1123; x_wconf 89' lang='lat' dir='ltr'>illustrem</span> <span class='ocrx_word' id='word_1_507' title='bbox 1551 1086 1704 1137; x_wconf 82' lang='lat' dir='ltr'>largitur</span> <span class='ocrx_word' id='word_1_508' title='bbox 1719 1085 1847 1135; x_wconf 83' lang='lat' dir='ltr'>vitam,</span> <span class='ocrx_word' id='word_1_509' title='bbox 1868 1085 1961 1137; x_wconf 87' lang='lat' dir='ltr'>quod</span> <span class='ocrx_word' id='word_1_510' title='bbox 1983 1086 2132 1138; x_wconf 86' lang='lat' dir='ltr'>quidem</span> 
     </span>
     <span class='ocr_line' id='line_1_63' title="bbox 1172 1145 2131 1200; baseline 0.003 -18"><span class='ocrx_word' id='word_1_511' title='bbox 1172 1153 1363 1196; x_wconf 86' lang='lat' dir='ltr'>utrumque</span> <span class='ocrx_word' id='word_1_512' title='bbox 1392 1145 1466 1184; x_wconf 84' lang='lat' dir='ltr'>haec</span> <span class='ocrx_word' id='word_1_513' title='bbox 1502 1146 1578 1199; x_wconf 88' lang='lat' dir='ltr'>ipsa</span> <span class='ocrx_word' id='word_1_514' title='bbox 1607 1147 1756 1184; x_wconf 88' lang='lat' dir='ltr'>innuens</span> <span class='ocrx_word' id='word_1_515' title='bbox 1779 1146 1922 1184; x_wconf 86' lang='lat' dir='ltr'>dicebat</span> <span class='ocrx_word' id='word_1_516' title='bbox 1949 1163 1957 1184; x_wconf 89' lang='lat'>:</span> <span class='ocrx_word' id='word_1_517' title='bbox 1980 1148 2131 1200; x_wconf 71' lang='lat' dir='ltr'>Corfir-</span> 
     </span>
     <span class='ocr_line' id='line_1_64' title="bbox 1173 1209 2132 1255; baseline 0.004 -12"><span class='ocrx_word' id='word_1_518' title='bbox 1173 1215 1324 1244; x_wconf 83' lang='lat' dir='ltr'>matum</span> <span class='ocrx_word' id='word_1_519' title='bbox 1339 1216 1396 1245; x_wconf 81' lang='lat' dir='ltr'>est</span> <span class='ocrx_word' id='word_1_520' title='bbox 1411 1221 1481 1246; x_wconf 85' lang='lat' dir='ltr'>cor</span> <span class='ocrx_word' id='word_1_521' title='bbox 1501 1222 1629 1246; x_wconf 81' lang='lat' dir='ltr'>meum</span> <span class='ocrx_word' id='word_1_522' title='bbox 1646 1210 1688 1245; x_wconf 85' lang='lat' dir='ltr'>in</span> <span class='ocrx_word' id='word_1_523' title='bbox 1704 1209 1887 1255; x_wconf 85' lang='lat' dir='ltr'>Domino,</span> <span class='ocrx_word' id='word_1_524' title='bbox 1912 1209 2132 1247; x_wconf 69' lang='lat' dir='ltr'>exaltatum</span> 
     </span>
     <span class='ocr_line' id='line_1_65' title="bbox 1170 1269 2132 1321; baseline 0.002 -16"><span class='ocrx_word' id='word_1_525' title='bbox 1170 1275 1226 1305; x_wconf 83' lang='lat' dir='ltr'>est</span> <span class='ocrx_word' id='word_1_526' title='bbox 1246 1281 1367 1306; x_wconf 81' lang='lat' dir='ltr'>cornu</span> <span class='ocrx_word' id='word_1_527' title='bbox 1387 1282 1514 1306; x_wconf 80' lang='lat' dir='ltr'>meum</span> <span class='ocrx_word' id='word_1_528' title='bbox 1530 1271 1572 1306; x_wconf 81' lang='lat' dir='ltr'>in</span> <span class='ocrx_word' id='word_1_529' title='bbox 1591 1270 1677 1306; x_wconf 81' lang='lat' dir='ltr'>Deo</span> <span class='ocrx_word' id='word_1_530' title='bbox 1697 1282 1792 1306; x_wconf 77' lang='lat' dir='ltr'>meo·</span> <span class='ocrx_word' id='word_1_531' title='bbox 1820 1270 1892 1306; x_wconf 90' lang='lat' dir='ltr'>Nec</span> <span class='ocrx_word' id='word_1_532' title='bbox 1922 1269 2132 1321; x_wconf 87' lang='lat' dir='ltr'>simpliciter</span> 
     </span>
     <span class='ocr_line' id='line_1_66' title="bbox 1169 1326 2131 1382; baseline 0.004 -17"><span class='ocrx_word' id='word_1_533' title='bbox 1169 1326 1280 1380; x_wconf 79' lang='lat' dir='ltr'>dixit,</span> <span class='ocrx_word' id='word_1_534' title='bbox 1299 1332 1350 1367; x_wconf 83' lang='lat' dir='ltr'>In</span> <span class='ocrx_word' id='word_1_535' title='bbox 1366 1331 1466 1377; x_wconf 83' lang='lat' dir='ltr'>Deo,</span> <span class='ocrx_word' id='word_1_536' title='bbox 1485 1329 1561 1380; x_wconf 74' lang='lat' dir='ltr'>sed⁷</span> <span class='ocrx_word' id='word_1_537' title='bbox 1578 1331 1628 1367; x_wconf 87' lang='lat' dir='ltr'>In</span> <span class='ocrx_word' id='word_1_538' title='bbox 1641 1331 1726 1367; x_wconf 88' lang='lat' dir='ltr'>Deo</span> <span class='ocrx_word' id='word_1_539' title='bbox 1741 1343 1838 1376; x_wconf 86' lang='lat' dir='ltr'>me0,</span> <span class='ocrx_word' id='word_1_540' title='bbox 1855 1329 1924 1367; x_wconf 84' lang='lat' dir='ltr'>sibi</span> <span class='ocrx_word' id='word_1_541' title='bbox 1941 1330 2006 1382; x_wconf 88' lang='lat' dir='ltr'>ipsi</span> <span class='ocrx_word' id='word_1_542' title='bbox 2024 1345 2131 1369; x_wconf 89' lang='lat' dir='ltr'>usur-</span> 
     </span>
     <span class='ocr_line' id='line_1_67' title="bbox 1169 1391 2128 1442; baseline 0.003 -15"><span class='ocrx_word' id='word_1_543' title='bbox 1169 1404 1258 1442; x_wconf 88' lang='lat' dir='ltr'>pans</span> <span class='ocrx_word' id='word_1_544' title='bbox 1276 1404 1372 1442; x_wconf 77' lang='lat' dir='ltr'>eum,</span> <span class='ocrx_word' id='word_1_545' title='bbox 1389 1391 1451 1442; x_wconf 87' lang='lat' dir='ltr'>qui</span> <span class='ocrx_word' id='word_1_546' title='bbox 1469 1391 1533 1429; x_wconf 89' lang='lat' dir='ltr'>toti</span> <span class='ocrx_word' id='word_1_547' title='bbox 1553 1391 1631 1429; x_wconf 84' lang='lat' dir='ltr'>orbi</span> <span class='ocrx_word' id='word_1_548' title='bbox 1653 1400 1830 1429; x_wconf 86' lang='lat' dir='ltr'>terrarum</span> <span class='ocrx_word' id='word_1_549' title='bbox 1849 1392 2048 1430; x_wconf 91' lang='lat' dir='ltr'>communis</span> <span class='ocrx_word' id='word_1_550' title='bbox 2063 1402 2128 1431; x_wconf 88' lang='lat' dir='ltr'>est.</span> 
     </span>
     <span class='ocr_line' id='line_1_68' title="bbox 1170 1451 2130 1506; baseline 0.003 -17"><span class='ocrx_word' id='word_1_551' title='bbox 1170 1451 1246 1489; x_wconf 90' lang='lat' dir='ltr'>Hoc</span> <span class='ocrx_word' id='word_1_552' title='bbox 1274 1461 1392 1490; x_wconf 88' lang='lat' dir='ltr'>autem</span> <span class='ocrx_word' id='word_1_553' title='bbox 1418 1453 1502 1490; x_wconf 82' lang='lat' dir='ltr'>fecit</span> <span class='ocrx_word' id='word_1_554' title='bbox 1521 1467 1589 1491; x_wconf 90' lang='lat' dir='ltr'>non</span> <span class='ocrx_word' id='word_1_555' title='bbox 1609 1452 1708 1491; x_wconf 88' lang='lat' dir='ltr'>illius</span> <span class='ocrx_word' id='word_1_556' title='bbox 1727 1452 1930 1491; x_wconf 88' lang='lat' dir='ltr'>dominium</span> <span class='ocrx_word' id='word_1_557' title='bbox 1951 1454 2130 1506; x_wconf 71' lang='lat' dir='ltr'>minuens,</span> 
     </span>
    </p>
   </div>
   <div class='ocr_carea' id='block_1_10' title="bbox 1123 1511 2132 1554">
    <p class='ocr_par' dir='ltr' id='par_1_15' title="bbox 1123 1511 2132 1554">
     <span class='ocr_line' id='line_1_69' title="bbox 1123 1511 2132 1554; baseline 0.003 -4"><span class='ocrx_word' id='word_1_558' title='bbox 1123 1521 1146 1551; x_wconf 80' lang='grc' dir='ltr'>Β</span> <span class='ocrx_word' id='word_1_559' title='bbox 1169 1511 1231 1550; x_wconf 88' lang='lat' dir='ltr'>sed</span> <span class='ocrx_word' id='word_1_560' title='bbox 1252 1527 1359 1552; x_wconf 90' lang='lat' dir='ltr'>suum</span> <span class='ocrx_word' id='word_1_561' title='bbox 1377 1528 1537 1552; x_wconf 82' lang='lat' dir='ltr'>amorem</span> <span class='ocrx_word' id='word_1_562' title='bbox 1557 1514 1722 1553; x_wconf 78' lang='lat' dir='ltr'>indicans</span> <span class='ocrx_word' id='word_1_563' title='bbox 1742 1529 1783 1553; x_wconf 86' lang='lat' dir='ltr'>ac</span> <span class='ocrx_word' id='word_1_564' title='bbox 1801 1515 1935 1553; x_wconf 77' lang='lat' dir='ltr'>fovens.</span> <span class='ocrx_word' id='word_1_565' title='bbox 1958 1515 2018 1554; x_wconf 89' lang='lat' dir='ltr'>Sic</span> <span class='ocrx_word' id='word_1_566' title='bbox 2037 1516 2132 1554; x_wconf 88' lang='lat' dir='ltr'>enim</span> 
     </span>
    </p>
   </div>
   <div class='ocr_carea' id='block_1_11' title="bbox 1167 1576 2327 2229">
    <p class='ocr_par' dir='ltr' id='par_1_16' title="bbox 1167 1576 2327 2229">
     <span class='ocr_line' id='line_1_70' title="bbox 1168 1576 2130 1615; baseline 0.003 -3"><span class='ocrx_word' id='word_1_567' title='bbox 1168 1583 1343 1613; x_wconf 86' lang='lat' dir='ltr'>amatores</span> <span class='ocrx_word' id='word_1_568' title='bbox 1374 1576 1488 1613; x_wconf 87' lang='lat' dir='ltr'>solent</span> <span class='ocrx_word' id='word_1_569' title='bbox 1513 1591 1521 1612; x_wconf 88' lang='lat'>:</span> <span class='ocrx_word' id='word_1_570' title='bbox 1544 1589 1613 1614; x_wconf 89' lang='lat' dir='ltr'>non</span> <span class='ocrx_word' id='word_1_571' title='bbox 1644 1576 1761 1613; x_wconf 86' lang='lat' dir='ltr'>ferunt</span> <span class='ocrx_word' id='word_1_572' title='bbox 1793 1590 1864 1614; x_wconf 90' lang='lat' dir='ltr'>una</span> <span class='ocrx_word' id='word_1_573' title='bbox 1894 1590 1976 1614; x_wconf 90' lang='lat' dir='ltr'>cum</span> <span class='ocrx_word' id='word_1_574' title='bbox 2007 1577 2130 1615; x_wconf 90' lang='lat' dir='ltr'>multis</span> 
     </span>
     <span class='ocr_line' id='line_1_71' title="bbox 1168 1636 2129 1689; baseline 0.003 -16"><span class='ocrx_word' id='word_1_575' title='bbox 1168 1649 1300 1686; x_wconf 84' lang='lat' dir='ltr'>amare,</span> <span class='ocrx_word' id='word_1_576' title='bbox 1335 1636 1398 1674; x_wconf 88' lang='lat' dir='ltr'>sed</span> <span class='ocrx_word' id='word_1_577' title='bbox 1430 1636 1605 1674; x_wconf 76' lang='lat' dir='ltr'>eximium</span> <span class='ocrx_word' id='word_1_578' title='bbox 1628 1636 1820 1687; x_wconf 84' lang='lat' dir='ltr'>quemdam</span> <span class='ocrx_word' id='word_1_579' title='bbox 1844 1651 1886 1675; x_wconf 89' lang='lat' dir='ltr'>ac</span> <span class='ocrx_word' id='word_1_580' title='bbox 1913 1638 2129 1689; x_wconf 81' lang='lat' dir='ltr'>peculiarem</span> 
     </span>
     <span class='ocr_line' id='line_1_72' title="bbox 1170 1698 2128 1750; baseline 0.004 -16"><span class='ocrx_word' id='word_1_581' title='bbox 1170 1710 1329 1735; x_wconf 87' lang='lat' dir='ltr'>amorem</span> <span class='ocrx_word' id='word_1_582' title='bbox 1348 1712 1420 1750; x_wconf 85' lang='lat' dir='ltr'>prae</span> <span class='ocrx_word' id='word_1_583' title='bbox 1437 1712 1473 1736; x_wconf 88' lang='lat' dir='ltr'>se</span> <span class='ocrx_word' id='word_1_584' title='bbox 1491 1698 1582 1736; x_wconf 86' lang='lat' dir='ltr'>ferre</span> <span class='ocrx_word' id='word_1_585' title='bbox 1606 1698 1742 1737; x_wconf 89' lang='lat' dir='ltr'>volunt.</span> <span class='ocrx_word' id='word_1_586' title='bbox 1764 1698 1824 1737; x_wconf 82' lang='lat' dir='ltr'>Sic</span> <span class='ocrx_word' id='word_1_587' title='bbox 1843 1707 1875 1736; x_wconf 87' lang='lat' dir='ltr'>et</span> <span class='ocrx_word' id='word_1_588' title='bbox 1895 1698 2014 1737; x_wconf 80' lang='lat' dir='ltr'>David</span> <span class='ocrx_word' id='word_1_589' title='bbox 2033 1699 2128 1738; x_wconf 88' lang='lat' dir='ltr'>dice-</span> 
     </span>
     <span class='ocr_line' id='line_1_73' title="bbox 1168 1757 2327 1812; baseline 0.002 -16"><span class='ocrx_word' id='word_1_590' title='bbox 1168 1757 1254 1809; x_wconf 76' lang='lat' dir='ltr'>bat,</span> <span class='ocrx_word' id='word_1_591' title='bbox 1282 1760 1403 1806; x_wconf 81' lang='lat' dir='ltr'>Deus,</span> <span class='ocrx_word' id='word_1_592' title='bbox 1437 1760 1544 1798; x_wconf 79' lang='lat' dir='ltr'>Deus</span> <span class='ocrx_word' id='word_1_593' title='bbox 1572 1773 1692 1806; x_wconf 81' lang='lat' dir='ltr'>meus,</span> <span class='ocrx_word' id='word_1_594' title='bbox 1719 1760 1774 1797; x_wconf 86' lang='lat' dir='ltr'>ad</span> <span class='ocrx_word' id='word_1_595' title='bbox 1792 1767 1828 1796; x_wconf 84' lang='lat' dir='ltr'>te</span> <span class='ocrx_word' id='word_1_596' title='bbox 1847 1774 1962 1797; x_wconf 84' lang='lat' dir='ltr'>mane</span> <span class='ocrx_word' id='word_1_597' title='bbox 1986 1761 2123 1812; x_wconf 80' lang='lat' dir='ltr'>vigilo.</span> <span class='ocrx_word' id='word_1_598' title='bbox 2142 1769 2327 1799; x_wconf 80' lang='lat' dir='ltr'>Psnl.62.1.</span> 
     </span>
     <span class='ocr_line' id='line_1_74' title="bbox 1169 1819 2128 1873; baseline 0.003 -16"><span class='ocrx_word' id='word_1_599' title='bbox 1169 1820 1201 1857; x_wconf 89' lang='lat' dir='ltr'>N</span> <span class='ocrx_word' id='word_1_600' title='bbox 1205 1819 1359 1858; x_wconf 87' lang='lat' dir='ltr'>ominata</span> <span class='ocrx_word' id='word_1_601' title='bbox 1380 1820 1474 1859; x_wconf 87' lang='lat' dir='ltr'>enim</span> <span class='ocrx_word' id='word_1_602' title='bbox 1492 1820 1672 1860; x_wconf 88' lang='lat' dir='ltr'>communi</span> <span class='ocrx_word' id='word_1_603' title='bbox 1692 1821 1769 1873; x_wconf 82' lang='lat' dir='ltr'>ejus</span> <span class='ocrx_word' id='word_1_604' title='bbox 1789 1820 2045 1871; x_wconf 80' lang='lat' dir='ltr'>dominatione,</span> <span class='ocrx_word' id='word_1_605' title='bbox 2065 1822 2128 1860; x_wconf 83' lang='lat' dir='ltr'>ad-</span> 
     </span>
     <span class='ocr_line' id='line_1_75' title="bbox 1169 1880 2129 1936; baseline 0.002 -16"><span class='ocrx_word' id='word_1_606' title='bbox 1169 1880 1265 1920; x_wconf 87' lang='lat' dir='ltr'>didit</span> <span class='ocrx_word' id='word_1_607' title='bbox 1297 1896 1376 1921; x_wconf 85' lang='lat' dir='ltr'>eam</span> <span class='ocrx_word' id='word_1_608' title='bbox 1405 1897 1477 1935; x_wconf 88' lang='lat' dir='ltr'>qua</span> <span class='ocrx_word' id='word_1_609' title='bbox 1510 1882 1738 1936; x_wconf 87' lang='lat' dir='ltr'>peculiariter</span> <span class='ocrx_word' id='word_1_610' title='bbox 1770 1891 1972 1921; x_wconf 89' lang='lat' dir='ltr'>sanctorum</span> <span class='ocrx_word' id='word_1_611' title='bbox 2004 1884 2129 1922; x_wconf 87' lang='lat' dir='ltr'>Domi-</span> 
     </span>
     <span class='ocr_line' id='line_1_76' title="bbox 1169 1943 2326 1993; baseline 0.003 -12"><span class='ocrx_word' id='word_1_612' title='bbox 1169 1957 1236 1982; x_wconf 89' lang='lat' dir='ltr'>nus</span> <span class='ocrx_word' id='word_1_613' title='bbox 1263 1953 1327 1982; x_wconf 89' lang='lat' dir='ltr'>est.</span> <span class='ocrx_word' id='word_1_614' title='bbox 1360 1943 1408 1982; x_wconf 89' lang='lat' dir='ltr'>Et</span> <span class='ocrx_word' id='word_1_615' title='bbox 1432 1959 1591 1993; x_wconf 86' lang='lat' dir='ltr'>rursum,</span> <span class='ocrx_word' id='word_1_616' title='bbox 1618 1945 1726 1983; x_wconf 81' lang='lat' dir='ltr'>Deus</span> <span class='ocrx_word' id='word_1_617' title='bbox 1751 1958 1870 1991; x_wconf 78' lang='lat' dir='ltr'>meus,</span> <span class='ocrx_word' id='word_1_618' title='bbox 1902 1946 2060 1982; x_wconf 80' lang='lat' dir='ltr'>intende</span> <span class='ocrx_word' id='word_1_619' title='bbox 2085 1949 2126 1982; x_wconf 80' lang='lat' dir='ltr'>in</span> <span class='ocrx_word' id='word_1_620' title='bbox 2142 1956 2326 1985; x_wconf 58' lang='lat' dir='ltr'>Psalam.</span> 
     </span>
     <span class='ocr_line' id='line_1_77' title="bbox 1169 2006 2327 2062; baseline 0.003 -19"><span class='ocrx_word' id='word_1_621' title='bbox 1169 2019 1246 2051; x_wconf 85' lang='lat' dir='ltr'>me,·</span> <span class='ocrx_word' id='word_1_622' title='bbox 1274 2020 1396 2059; x_wconf 85' lang='lat' dir='ltr'>quare</span> <span class='ocrx_word' id='word_1_623' title='bbox 1425 2007 1669 2059; x_wconf 80' lang='lat' dir='ltr'>dereliquisti</span> <span class='ocrx_word' id='word_1_624' title='bbox 1695 2011 1783 2044; x_wconf 81' lang='lat' dir='ltr'>me?</span> <span class='ocrx_word' id='word_1_625' title='bbox 1803 2006 1849 2044; x_wconf 91' lang='lat' dir='ltr'>Et</span> <span class='ocrx_word' id='word_1_626' title='bbox 1874 2021 2033 2058; x_wconf 82' lang='lat' dir='ltr'>rursum,</span> <span class='ocrx_word' id='word_1_627' title='bbox 2053 2009 2327 2062; x_wconf 57' lang='lat' dir='ltr'>Di-p5“1,90‚2,</span> 
     </span>
     <span class='ocr_line' id='line_1_78' title="bbox 1169 2068 2127 2115; baseline 0.001 -9"><span class='ocrx_word' id='word_1_628' title='bbox 1169 2081 1255 2106; x_wconf 88' lang='lat' dir='ltr'>cam</span> <span class='ocrx_word' id='word_1_629' title='bbox 1282 2069 1381 2115; x_wconf 85' lang='lat' dir='ltr'>Deo,</span> <span class='ocrx_word' id='word_1_630' title='bbox 1415 2069 1620 2106; x_wconf 80' lang='lat' dir='ltr'>Proteccor</span> <span class='ocrx_word' id='word_1_631' title='bbox 1650 2082 1757 2106; x_wconf 81' lang='lat' dir='ltr'>meus</span> <span class='ocrx_word' id='word_1_632' title='bbox 1787 2081 1826 2106; x_wconf 82' lang='lat' dir='ltr'>es</span> <span class='ocrx_word' id='word_1_633' title='bbox 1845 2084 1855 2104; x_wconf 90' lang='lat'><em>:</em></span> <span class='ocrx_word' id='word_1_634' title='bbox 1873 2068 1999 2106; x_wconf 62' lang='lat' dir='ltr'>animae</span> <span class='ocrx_word' id='word_1_635' title='bbox 2031 2069 2127 2107; x_wconf 90' lang='lat' dir='ltr'>enim</span> 
     </span>
     <span class='ocr_line' id='line_1_79' title="bbox 1168 2128 2124 2180; baseline 0 -13"><span class='ocrx_word' id='word_1_636' title='bbox 1168 2128 1338 2168; x_wconf 84' lang='lat' dir='ltr'>ferventis</span> <span class='ocrx_word' id='word_1_637' title='bbox 1364 2143 1587 2180; x_wconf 81' lang='lat' dir='ltr'>accensaeque</span> <span class='ocrx_word' id='word_1_638' title='bbox 1613 2128 1791 2167; x_wconf 85' lang='lat' dir='ltr'>desiderio</span> <span class='ocrx_word' id='word_1_639' title='bbox 1807 2138 1889 2167; x_wconf 83' lang='lat' dir='ltr'>sunt</span> <span class='ocrx_word' id='word_1_640' title='bbox 1907 2129 1983 2167; x_wconf 79' lang='lat' dir='ltr'>haec</span> <span class='ocrx_word' id='word_1_641' title='bbox 2002 2130 2124 2167; x_wconf 73' lang='lat' dir='ltr'>verba.</span> 
     </span>
     <span class='ocr_line' id='line_1_80' title="bbox 1167 2189 2130 2229; baseline 0 -1"><span class='ocrx_word' id='word_1_642' title='bbox 1167 2189 1269 2228; x_wconf 86' lang='lat' dir='ltr'>Idem</span> <span class='ocrx_word' id='word_1_643' title='bbox 1284 2199 1318 2229; x_wconf 87' lang='lat' dir='ltr'>et</span> <span class='ocrx_word' id='word_1_644' title='bbox 1336 2189 1413 2229; x_wconf 85' lang='lat' dir='ltr'>haec</span> <span class='ocrx_word' id='word_1_645' title='bbox 1433 2191 1565 2228; x_wconf 90' lang='lat' dir='ltr'>mulier</span> <span class='ocrx_word' id='word_1_646' title='bbox 1583 2190 1680 2229; x_wconf 86' lang='lat' dir='ltr'>fecit.</span> <span class='ocrx_word' id='word_1_647' title='bbox 1699 2191 1877 2228; x_wconf 61' lang='lat' dir='ltr'>Caeterum</span> <span class='ocrx_word' id='word_1_648' title='bbox 1897 2190 2060 2228; x_wconf 88' lang='lat' dir='ltr'>homines</span> <span class='ocrx_word' id='word_1_649' title='bbox 2081 2191 2130 2228; x_wconf 88' lang='lat' dir='ltr'>ita</span> 
     </span>
    </p>
   </div>
   <div class='ocr_carea' id='block_1_12' title="bbox 1121 2251 2131 2304">
    <p class='ocr_par' dir='ltr' id='par_1_17' title="bbox 1121 2251 2131 2304">
     <span class='ocr_line' id='line_1_81' title="bbox 1121 2251 2131 2304; baseline 0 -14"><span class='ocrx_word' id='word_1_650' title='bbox 1121 2258 1144 2290; x_wconf 92' lang='lat' dir='ltr'>C</span> <span class='ocrx_word' id='word_1_651' title='bbox 1168 2252 1283 2290; x_wconf 82' lang='lat' dir='ltr'>facere</span> <span class='ocrx_word' id='word_1_652' title='bbox 1301 2251 1393 2290; x_wconf 89' lang='lat' dir='ltr'>nihil</span> <span class='ocrx_word' id='word_1_653' title='bbox 1409 2252 1561 2290; x_wconf 90' lang='lat' dir='ltr'>mirum:</span> <span class='ocrx_word' id='word_1_654' title='bbox 1584 2265 1668 2290; x_wconf 91' lang='lat' dir='ltr'>cum</span> <span class='ocrx_word' id='word_1_655' title='bbox 1685 2266 1770 2290; x_wconf 59' lang='lat' dir='ltr'>vero</span> <span class='ocrx_word' id='word_1_656' title='bbox 1790 2253 1908 2290; x_wconf 90' lang='lat' dir='ltr'>Deum</span> <span class='ocrx_word' id='word_1_657' title='bbox 1926 2252 1993 2290; x_wconf 85' lang='lat' dir='ltr'>hoc</span> <span class='ocrx_word' id='word_1_658' title='bbox 2012 2252 2131 2304; x_wconf 88' lang='lat' dir='ltr'>ipsum</span> 
     </span>
    </p>
   </div>
   <div class='ocr_carea' id='block_1_13' title="bbox 1167 2312 2326 3342">
    <p class='ocr_par' dir='ltr' id='par_1_18' title="bbox 1167 2312 2326 3342">
     <span class='ocr_line' id='line_1_82' title="bbox 1167 2312 2130 2365; baseline 0.002 -15"><span class='ocrx_word' id='word_1_659' title='bbox 1167 2312 1282 2351; x_wconf 82' lang='lat' dir='ltr'>facere</span> <span class='ocrx_word' id='word_1_660' title='bbox 1295 2312 1443 2364; x_wconf 82' lang='lat' dir='ltr'>videris,</span> <span class='ocrx_word' id='word_1_661' title='bbox 1465 2323 1542 2351; x_wconf 85' lang='lat' dir='ltr'>tum</span> <span class='ocrx_word' id='word_1_662' title='bbox 1560 2313 1687 2351; x_wconf 86' lang='lat' dir='ltr'>merito</span> <span class='ocrx_word' id='word_1_663' title='bbox 1702 2312 1932 2365; x_wconf 85' lang='lat' dir='ltr'>obstupefias.</span> <span class='ocrx_word' id='word_1_664' title='bbox 1952 2313 2130 2360; x_wconf 89' lang='lat' dir='ltr'>Quemad-</span> 
     </span>
     <span class='ocr_line' id='line_1_83' title="bbox 1168 2373 2129 2414; baseline 0 -1"><span class='ocrx_word' id='word_1_665' title='bbox 1168 2374 1317 2413; x_wconf 89' lang='lat' dir='ltr'>modum</span> <span class='ocrx_word' id='word_1_666' title='bbox 1343 2373 1439 2413; x_wconf 86' lang='lat' dir='ltr'>enim</span> <span class='ocrx_word' id='word_1_667' title='bbox 1465 2375 1504 2412; x_wconf 91' lang='lat' dir='ltr'>hi</span> <span class='ocrx_word' id='word_1_668' title='bbox 1524 2389 1595 2413; x_wconf 91' lang='lat' dir='ltr'>non</span> <span class='ocrx_word' id='word_1_669' title='bbox 1619 2375 1656 2413; x_wconf 90' lang='lat' dir='ltr'>in</span> <span class='ocrx_word' id='word_1_670' title='bbox 1677 2388 1866 2413; x_wconf 88' lang='lat' dir='ltr'>commune</span> <span class='ocrx_word' id='word_1_671' title='bbox 1896 2375 2001 2413; x_wconf 88' lang='lat' dir='ltr'>illum</span> <span class='ocrx_word' id='word_1_672' title='bbox 2025 2375 2129 2414; x_wconf 79' lang='lat' dir='ltr'>invo-</span> 
     </span>
     <span class='ocr_line' id='line_1_84' title="bbox 1167 2435 2125 2490; baseline -0.002 -15"><span class='ocrx_word' id='word_1_673' title='bbox 1167 2445 1260 2486; x_wconf 86' lang='lat' dir='ltr'>cant,</span> <span class='ocrx_word' id='word_1_674' title='bbox 1278 2437 1466 2490; x_wconf 88' lang='lat' dir='ltr'>proprium</span> <span class='ocrx_word' id='word_1_675' title='bbox 1479 2435 1652 2485; x_wconf 86' lang='lat' dir='ltr'>faciendo,</span> <span class='ocrx_word' id='word_1_676' title='bbox 1667 2450 1774 2474; x_wconf 90' lang='lat' dir='ltr'>suum</span> <span class='ocrx_word' id='word_1_677' title='bbox 1789 2450 1870 2474; x_wconf 90' lang='lat' dir='ltr'>eum</span> <span class='ocrx_word' id='word_1_678' title='bbox 1887 2451 1961 2475; x_wconf 87' lang='lat' dir='ltr'>esse</span> <span class='ocrx_word' id='word_1_679' title='bbox 1975 2436 2100 2477; x_wconf 86' lang='lat' dir='ltr'>volunt</span> <span class='ocrx_word' id='word_1_680' title='bbox 2118 2452 2125 2473; x_wconf 91' lang='lat'>:</span> 
     </span>
     <span class='ocr_line' id='line_1_85' title="bbox 1168 2497 2128 2551; baseline -0.002 -15"><span class='ocrx_word' id='word_1_681' title='bbox 1168 2497 1218 2536; x_wconf 83' lang='lat' dir='ltr'>ita</span> <span class='ocrx_word' id='word_1_682' title='bbox 1234 2507 1268 2536; x_wconf 90' lang='lat' dir='ltr'>et</span> <span class='ocrx_word' id='word_1_683' title='bbox 1284 2498 1359 2551; x_wconf 91' lang='lat' dir='ltr'>ipse</span> <span class='ocrx_word' id='word_1_684' title='bbox 1374 2512 1442 2536; x_wconf 90' lang='lat' dir='ltr'>non</span> <span class='ocrx_word' id='word_1_685' title='bbox 1463 2497 1580 2536; x_wconf 89' lang='lat' dir='ltr'>solum</span> <span class='ocrx_word' id='word_1_686' title='bbox 1606 2497 1844 2536; x_wconf 88' lang='lat' dir='ltr'>communiter</span> <span class='ocrx_word' id='word_1_687' title='bbox 1863 2512 1931 2535; x_wconf 85' lang='lat' dir='ltr'>una</span> <span class='ocrx_word' id='word_1_688' title='bbox 1948 2512 2029 2535; x_wconf 91' lang='lat' dir='ltr'>cum</span> <span class='ocrx_word' id='word_1_689' title='bbox 2048 2497 2128 2535; x_wconf 79' lang='lat' dir='ltr'>aliis</span> 
     </span>
     <span class='ocr_line' id='line_1_86' title="bbox 1168 2557 2127 2610; baseline -0.003 -12"><span class='ocrx_word' id='word_1_690' title='bbox 1168 2574 1291 2598; x_wconf 84' lang='lat' dir='ltr'>eorum</span> <span class='ocrx_word' id='word_1_691' title='bbox 1320 2559 1429 2597; x_wconf 80' lang='lat' dir='ltr'>etiam</span> <span class='ocrx_word' id='word_1_692' title='bbox 1458 2560 1576 2597; x_wconf 88' lang='lat' dir='ltr'>Deum</span> <span class='ocrx_word' id='word_1_693' title='bbox 1603 2573 1638 2597; x_wconf 91' lang='lat' dir='ltr'>se</span> <span class='ocrx_word' id='word_1_694' title='bbox 1655 2558 1858 2610; x_wconf 83' lang='lat' dir='ltr'>profitetur,</span> <span class='ocrx_word' id='word_1_695' title='bbox 1880 2557 1941 2595; x_wconf 87' lang='lat' dir='ltr'>sed</span> <span class='ocrx_word' id='word_1_696' title='bbox 1957 2558 2127 2609; x_wconf 82' lang='lat' dir='ltr'>privatim</span> 
     </span>
     <span class='ocr_line' id='line_1_87' title="bbox 1169 2619 2326 2673; baseline -0.001 -14"><span class='ocrx_word' id='word_1_697' title='bbox 1169 2621 1343 2673; x_wconf 86' lang='lat' dir='ltr'>ipsorum.</span> <span class='ocrx_word' id='word_1_698' title='bbox 1368 2622 1598 2672; x_wconf 80' lang='lat' dir='ltr'>Quapropter</span> <span class='ocrx_word' id='word_1_699' title='bbox 1626 2619 1782 2668; x_wconf 81' lang='lat' dir='ltr'>dicebat,</span> <span class='ocrx_word' id='word_1_700' title='bbox 1804 2620 1890 2671; x_wconf 81' lang='lat' dir='ltr'>Ego</span> <span class='ocrx_word' id='word_1_701' title='bbox 1915 2633 1999 2657; x_wconf 79' lang='lat' dir='ltr'>snm</span> <span class='ocrx_word' id='word_1_702' title='bbox 2020 2620 2126 2658; x_wconf 79' lang='lat' dir='ltr'>Deus</span> <span class='ocrx_word' id='word_1_703' title='bbox 2142 2630 2326 2661; x_wconf 72' lang='lat' dir='ltr'><strong><em>52-0d.3.6.</em></strong></span> 
     </span>
     <span class='ocr_line' id='line_1_88' title="bbox 1168 2679 2127 2721; baseline -0.003 -1"><span class='ocrx_word' id='word_1_704' title='bbox 1168 2681 1379 2721; x_wconf 76' lang='lat' dir='ltr'>Abraham</span> <span class='ocrx_word' id='word_1_705' title='bbox 1403 2690 1439 2719; x_wconf 83' lang='lat' dir='ltr'>et</span> <span class='ocrx_word' id='word_1_706' title='bbox 1458 2683 1576 2719; x_wconf 82' lang='lat' dir='ltr'>Isaac</span> <span class='ocrx_word' id='word_1_707' title='bbox 1601 2689 1638 2718; x_wconf 81' lang='lat' dir='ltr'>et</span> <span class='ocrx_word' id='word_1_708' title='bbox 1655 2681 1779 2718; x_wconf 84' lang='lat' dir='ltr'>Jacob</span> <span class='ocrx_word' id='word_1_709' title='bbox 1795 2696 1806 2716; x_wconf 92' lang='lat'><em>:</em></span> <span class='ocrx_word' id='word_1_710' title='bbox 1827 2694 1894 2717; x_wconf 88' lang='lat' dir='ltr'>uon</span> <span class='ocrx_word' id='word_1_711' title='bbox 1917 2679 2127 2718; x_wconf 86' lang='lat' dir='ltr'>contrahens</span> 
     </span>
     <span class='ocr_line' id='line_1_89' title="bbox 1167 2740 2126 2795; baseline 0 -15"><span class='ocrx_word' id='word_1_712' title='bbox 1167 2756 1274 2781; x_wconf 89' lang='lat' dir='ltr'>suum</span> <span class='ocrx_word' id='word_1_713' title='bbox 1308 2741 1522 2794; x_wconf 87' lang='lat' dir='ltr'>imperium,</span> <span class='ocrx_word' id='word_1_714' title='bbox 1554 2740 1616 2779; x_wconf 89' lang='lat' dir='ltr'>sed</span> <span class='ocrx_word' id='word_1_715' title='bbox 1654 2740 1845 2795; x_wconf 77' lang='lat' dir='ltr'>extendens</span> <span class='ocrx_word' id='word_1_716' title='bbox 1879 2741 1999 2793; x_wconf 84' lang='lat' dir='ltr'>potius</span> <span class='ocrx_word' id='word_1_717' title='bbox 2014 2756 2025 2791; x_wconf 78' lang='lat'>3</span> <span class='ocrx_word' id='word_1_718' title='bbox 2057 2756 2126 2780; x_wconf 90' lang='lat' dir='ltr'>non</span> 
     </span>
     <span class='ocr_line' id='line_1_90' title="bbox 1167 2801 2127 2853; baseline 0.001 -13"><span class='ocrx_word' id='word_1_719' title='bbox 1167 2803 1263 2841; x_wconf 88' lang='lat' dir='ltr'>enim</span> <span class='ocrx_word' id='word_1_720' title='bbox 1277 2811 1351 2840; x_wconf 85' lang='lat' dir='ltr'>tam</span> <span class='ocrx_word' id='word_1_721' title='bbox 1369 2801 1602 2840; x_wconf 89' lang='lat' dir='ltr'>multitudine</span> <span class='ocrx_word' id='word_1_722' title='bbox 1616 2802 1858 2849; x_wconf 87' lang='lat' dir='ltr'>subditorum,</span> <span class='ocrx_word' id='word_1_723' title='bbox 1877 2817 1983 2853; x_wconf 88' lang='lat' dir='ltr'>quam</span> <span class='ocrx_word' id='word_1_724' title='bbox 2004 2817 2127 2841; x_wconf 81' lang='lat' dir='ltr'>eorum</span> 
     </span>
     <span class='ocr_line' id='line_1_91' title="bbox 1168 2862 2124 2915; baseline -0.001 -13"><span class='ocrx_word' id='word_1_725' title='bbox 1168 2863 1303 2902; x_wconf 86' lang='lat' dir='ltr'>virtute</span> <span class='ocrx_word' id='word_1_726' title='bbox 1330 2871 1503 2900; x_wconf 83' lang='lat' dir='ltr'>monstrat</span> <span class='ocrx_word' id='word_1_727' title='bbox 1534 2862 1727 2915; x_wconf 91' lang='lat' dir='ltr'>imperium</span> <span class='ocrx_word' id='word_1_728' title='bbox 1753 2877 1876 2911; x_wconf 87' lang='lat' dir='ltr'>suum;</span> <span class='ocrx_word' id='word_1_729' title='bbox 1907 2864 2020 2914; x_wconf 86' lang='lat' dir='ltr'>nequ&#39;e</span> <span class='ocrx_word' id='word_1_730' title='bbox 2046 2873 2124 2901; x_wconf 83' lang='lat' dir='ltr'>tan-</span> 
     </span>
     <span class='ocr_line' id='line_1_92' title="bbox 1169 2923 2125 2976; baseline 0 -14"><span class='ocrx_word' id='word_1_731' title='bbox 1169 2933 1246 2962; x_wconf 86' lang='lat' dir='ltr'>tum</span> <span class='ocrx_word' id='word_1_732' title='bbox 1266 2925 1362 2962; x_wconf 90' lang='lat' dir='ltr'>Deus</span> <span class='ocrx_word' id='word_1_733' title='bbox 1381 2923 1481 2971; x_wconf 79' lang='lat' dir='ltr'>caeli,</span> <span class='ocrx_word' id='word_1_734' title='bbox 1510 2923 1764 2971; x_wconf 47' lang='lat' dir='ltr'>terraesmaris</span> <span class='ocrx_word' id='word_1_735' title='bbox 1788 2932 1822 2962; x_wconf 84' lang='lat' dir='ltr'>et</span> <span class='ocrx_word' id='word_1_736' title='bbox 1845 2938 1967 2962; x_wconf 87' lang='lat' dir='ltr'>eorum</span> <span class='ocrx_word' id='word_1_737' title='bbox 1994 2940 2071 2976; x_wconf 74' lang='lat' dir='ltr'>qua·</span> <span class='ocrx_word' id='word_1_738' title='bbox 2092 2925 2125 2962; x_wconf 91' lang='lat' dir='ltr'>in</span> 
     </span>
     <span class='ocr_line' id='line_1_93' title="bbox 1167 2984 2127 3037; baseline 0 -14"><span class='ocrx_word' id='word_1_739' title='bbox 1167 2985 1218 3023; x_wconf 85' lang='lat' dir='ltr'>eis</span> <span class='ocrx_word' id='word_1_740' title='bbox 1254 2993 1336 3022; x_wconf 89' lang='lat' dir='ltr'>sunt</span> <span class='ocrx_word' id='word_1_741' title='bbox 1369 2984 1541 3037; x_wconf 87' lang='lat' dir='ltr'>appellari</span> <span class='ocrx_word' id='word_1_742' title='bbox 1580 2984 1726 3036; x_wconf 79' lang='lat' dir='ltr'>gaudet,</span> <span class='ocrx_word' id='word_1_743' title='bbox 1759 2995 1932 3036; x_wconf 87' lang='lat' dir='ltr'>quantum</span> <span class='ocrx_word' id='word_1_744' title='bbox 1965 2986 1995 3024; x_wconf 83' lang='lat' dir='ltr'>si</span> <span class='ocrx_word' id='word_1_745' title='bbox 2031 2988 2127 3024; x_wconf 78' lang='lat' dir='ltr'>Deus</span> 
     </span>
     <span class='ocr_line' id='line_1_94' title="bbox 1169 3045 2123 3099; baseline 0.001 -15"><span class='ocrx_word' id='word_1_746' title='bbox 1169 3045 1350 3084; x_wconf 80' lang='lat' dir='ltr'>Abraham</span> <span class='ocrx_word' id='word_1_747' title='bbox 1366 3055 1399 3083; x_wconf 86' lang='lat' dir='ltr'>et</span> <span class='ocrx_word' id='word_1_748' title='bbox 1418 3046 1517 3083; x_wconf 81' lang='lat' dir='ltr'>Isaac</span> <span class='ocrx_word' id='word_1_749' title='bbox 1536 3054 1569 3083; x_wconf 87' lang='lat' dir='ltr'>et</span> <span class='ocrx_word' id='word_1_750' title='bbox 1587 3045 1698 3085; x_wconf 86' lang='lat' dir='ltr'>Jacob</span> <span class='ocrx_word' id='word_1_751' title='bbox 1723 3055 1883 3085; x_wconf 82' lang='lat' dir='ltr'>vocetur.</span> <span class='ocrx_word' id='word_1_752' title='bbox 1904 3047 1950 3085; x_wconf 82' lang='lat' dir='ltr'>Et</span> <span class='ocrx_word' id='word_1_753' title='bbox 1973 3048 2070 3099; x_wconf 86' lang='lat' dir='ltr'>quod</span> <span class='ocrx_word' id='word_1_754' title='bbox 2090 3049 2123 3085; x_wconf 89' lang='lat' dir='ltr'>iu</span> 
     </span>
     <span class='ocr_line' id='line_1_95' title="bbox 1168 3105 2122 3154; baseline 0.002 -10"><span class='ocrx_word' id='word_1_755' title='bbox 1168 3105 1374 3144; x_wconf 87' lang='lat' dir='ltr'>hominibus</span> <span class='ocrx_word' id='word_1_756' title='bbox 1407 3120 1476 3144; x_wconf 93' lang='lat' dir='ltr'>non</span> <span class='ocrx_word' id='word_1_757' title='bbox 1505 3105 1675 3154; x_wconf 83' lang='lat' dir='ltr'>solemus,</span> <span class='ocrx_word' id='word_1_758' title='bbox 1704 3106 1740 3145; x_wconf 89' lang='lat' dir='ltr'>in</span> <span class='ocrx_word' id='word_1_759' title='bbox 1775 3108 1850 3145; x_wconf 90' lang='lat' dir='ltr'>Deo</span> <span class='ocrx_word' id='word_1_760' title='bbox 1881 3108 2003 3146; x_wconf 68' lang='lat' dir='ltr'>videre</span> <span class='ocrx_word' id='word_1_761' title='bbox 2033 3110 2122 3146; x_wconf 70' lang='lat' dir='ltr'>licet.</span> 
     </span>
     <span class='ocr_line' id='line_1_96' title="bbox 1170 3166 2122 3219; baseline 0 -13"><span class='ocrx_word' id='word_1_762' title='bbox 1170 3167 1340 3219; x_wconf 75' lang='lat' dir='ltr'>Exempli</span> <span class='ocrx_word' id='word_1_763' title='bbox 1362 3181 1466 3205; x_wconf 83' lang='lat' dir='ltr'>causa</span> <span class='ocrx_word' id='word_1_764' title='bbox 1488 3183 1495 3203; x_wconf 93' lang='lat'>:</span> <span class='ocrx_word' id='word_1_765' title='bbox 1516 3166 1614 3219; x_wconf 85' lang='lat' dir='ltr'>apud</span> <span class='ocrx_word' id='word_1_766' title='bbox 1642 3167 1802 3206; x_wconf 85' lang='lat' dir='ltr'>homines</span> <span class='ocrx_word' id='word_1_767' title='bbox 1819 3182 1837 3206; x_wconf 88' lang='lat' dir='ltr'>a</span> <span class='ocrx_word' id='word_1_768' title='bbox 1855 3168 2011 3206; x_wconf 81' lang='lat' dir='ltr'>dominis</span> <span class='ocrx_word' id='word_1_769' title='bbox 2032 3169 2122 3206; x_wconf 65' lang='lat' dir='ltr'>serii</span> 
     </span>
     <span class='ocr_line' id='line_1_97' title="bbox 1169 3228 2124 3282; baseline 0 -16"><span class='ocrx_word' id='word_1_770' title='bbox 1169 3228 1442 3282; x_wconf 78' lang='lat' dir='ltr'>appellationem</span> <span class='ocrx_word' id='word_1_771' title='bbox 1459 3237 1618 3278; x_wconf 87' lang='lat' dir='ltr'>sumunt,</span> <span class='ocrx_word' id='word_1_772' title='bbox 1631 3238 1663 3266; x_wconf 90' lang='lat' dir='ltr'>et</span> <span class='ocrx_word' id='word_1_773' title='bbox 1681 3229 1729 3267; x_wconf 85' lang='lat' dir='ltr'>ita</span> <span class='ocrx_word' id='word_1_774' title='bbox 1748 3244 1868 3267; x_wconf 84' lang='lat' dir='ltr'>omnes</span> <span class='ocrx_word' id='word_1_775' title='bbox 1891 3244 1934 3267; x_wconf 81' lang='lat' dir='ltr'>ex</span> <span class='ocrx_word' id='word_1_776' title='bbox 1959 3244 2055 3267; x_wconf 86' lang='lat' dir='ltr'>more</span> <span class='ocrx_word' id='word_1_777' title='bbox 2073 3230 2124 3266; x_wconf 79' lang='lat' dir='ltr'>lo—</span> 
     </span>
     <span class='ocr_line' id='line_1_98' title="bbox 1169 3289 2124 3342; baseline 0 -14"><span class='ocrx_word' id='word_1_778' title='bbox 1169 3290 1314 3341; x_wconf 83' lang='lat' dir='ltr'>quimur</span> <span class='ocrx_word' id='word_1_779' title='bbox 1334 3306 1341 3326; x_wconf 90' lang='lat'>:</span> <span class='ocrx_word' id='word_1_780' title='bbox 1360 3289 1425 3327; x_wconf 83' lang='lat' dir='ltr'>llle</span> <span class='ocrx_word' id='word_1_781' title='bbox 1444 3289 1501 3329; x_wconf 84' lang='lat' dir='ltr'>vel</span> <span class='ocrx_word' id='word_1_782' title='bbox 1520 3289 1580 3328; x_wconf 92' lang='lat' dir='ltr'>ille</span> <span class='ocrx_word' id='word_1_783' title='bbox 1598 3300 1808 3342; x_wconf 80' lang='lat' dir='ltr'>procurator</span> <span class='ocrx_word' id='word_1_784' title='bbox 1828 3300 1886 3328; x_wconf 71' lang='lat' dir='ltr'>:uit</span> <span class='ocrx_word' id='word_1_785' title='bbox 1906 3290 2124 3341; x_wconf 73' lang='lat' dir='ltr'>dispeusator</span> 
     </span>
    </p>
   </div>
  </div>
 </body>
</html>
