2516 3791
683 192 741 221 DE
782 191 950 221 vamtz
986 189 1041 219 [T
1077 188 1216 219 SAULF.

76 276 228 316 πέποιθα
249 278 296 320 εἷς
311 278 401 328 ὑμᾶς
413 305 422 323 ,
439 276 492 314 ὅτι
508 274 602 314 οὐδὲν
622 275 708 314 ἄλλο
724 273 914 327 φρονήσετε
925 289 932 296 ·
954 276 972 311 ὁ
987 272 1023 310 δὲ
1044 288 1104 310 τα-

2043 175 2134 221 8b5

1179 285 1254 320 nes,
1275 281 1425 323 postque
1444 285 1515 310 non
1535 269 1865 310 commemorandas
1883 274 2139 324 accusationes,

1257 188 1449 219 nminat
1486 188 1534 218 lt.

75 338 216 391 ράσσων
236 341 343 388 ὑμᾶς,
365 336 534 388 βαστάσει
550 336 590 374 τὸ
606 335 717 388 κρίμα
732 366 741 383 ,
760 335 856 378 ὅστις
880 333 920 372 ἂν
939 328 974 387 ᾖ.
999 333 1104 372 Οὕτω
1130 338 1153 367 Ε
1177 333 1310 384 quibus
1325 333 1406 371 illos
1421 342 1618 380 accusarat,
1637 332 1705 370 sub
1723 331 1882 384 epistola:
1899 333 2005 370 finem
2023 335 2144 374 voleus

78 399 138 438 καὶ
152 402 170 438 ὁ
186 398 296 437 Δαυὶδ
312 397 473 445 ἐποίησεν
496 400 656 436 ἐνταῦθα.
681 397 734 435 Τὸ
753 396 822 450 γὰρ
837 398 958 442 εἰπεῖν,
976 394 1056 433 Ἵνα
1072 393 1107 433 τί

78 459 213 504 ἀκούεις
242 461 311 497 τῶν
338 458 450 511 λόγων
478 462 538 497 τοῦ
566 460 650 497 λαοῦ
682 457 858 510 λέγοντος·
893 456 964 495 ἰδοὺ
997 455 1108 495 Δαυὶδ

77 525 172 570 ζητεῖ
189 521 253 569 τὴν
267 521 385 574 ψυχήν
411 537 489 568 σου,
517 520 642 564 ἔδειξεν
666 519 802 573 ἑτέρους
827 519 926 563 ὄντας
945 517 1023 562 τοὺς
1041 533 1107 555 πα-

79 582 293 637 ροξύνοντας,
338 581 474 635 ἑτέρους
518 597 595 626 τους
643 580 932 656 διαφθείροντας·
976 577 1107 617 ”naut

76 645 196 698 τρόπω
226 643 429 690 σπουδάζων
462 641 652 696 ἀπολογίαν
688 645 782 681 αὐτῶ
812 646 1011 694 παρασχεῖν
1037 642 1106 678 τῶν

78 705 321 759 ἐγκλημάτων.
344 708 372 744 Ε
377 709 462 744 ἰτα“
450 705 514 745 υπὲ
522 722 538 758 ρ
564 709 633 743 τῶν
661 707 739 744 καθ’
760 704 884 742 ἑαυτὸν
913 702 1107 755 ἀπολογού-

79 767 179 819 μενός
209 783 313 820 φησι·
346 767 416 806 Koa
451 767 522 805 ἷδου
551 766 748 820 ἑωράκασιν
781 768 812 804 οἱ
841 764 1013 818 ὀφθαλμοί
1046 780 1107 803 σου

1177 394 1224 432 ab
1244 394 1317 431 illis
1331 408 1498 433 amovere
1515 394 1675 446 culpam,
1701 402 1739 430 ut
1754 392 2020 444 alitpiautuluui
2040 410 2058 431 a
2075 395 2143 432 cri-

1179 453 1337 493 minibus
1352 455 1499 493 rccroati
1516 454 1564 492 ad
1584 454 1850 492 excusationem
1867 455 1986 493 venire
2000 465 2144 507 queant,

1178 515 1274 554 hunc
1294 516 1329 554 iu
1351 516 1498 554 modum
1518 516 1679 567 loquitur
1696 532 1702 551 :
1720 517 1805 568 Ego
1825 530 1895 553 con
1916 518 1980 554 ulo
2006 518 2054 554 de
2075 532 2144 555 vo-

1180 579 1251 625 bis,
1271 579 1376 631 qnod
1401 579 1501 617 nihil
1531 579 1644 616 alind
1661 580 1836 615 sentietis
1853 594 1862 613 :
1877 587 2055 616 coetermn
2079 581 2146 632 qui

1178 653 1250 677 ‘vos
1279 642 1497 692 perturbat,
1528 641 1631 691 feret
1654 640 1851 692 judicium
1879 642 2053 692 quisquis
2081 642 2149 679 ille

1167 703 1311 756 suerit.
1330 702 1462 741 Itidem
1481 702 1563 739 fecit
1581 711 1614 739 ct
1633 699 1751 739 David
1773 701 1832 738 hic
1847 717 1854 737 ε
1869 715 1952 739 cuin
1972 702 2066 739 euim
2083 702 2147 751 ait,

1182 764 1263 801 Cur
1277 765 1391 802 audis
1410 765 1533 801 verba
1548 763 1683 815 populi
1702 763 1867 800 dicentis
1879 764 2003 800 :Ecce
2017 765 2152 802 David

80 829 247 881 σήμερον,
269 831 315 872 ὡς
330 828 514 881 παρέδωκέ
537 844 575 866 σε
604 827 730 881 Κύριος
750 829 797 870 εἰς
816 826 878 870 τὰς
902 825 1022 879 χεῖράς
1042 842 1106 877 μου
1121 851 1168 875 765
1182 827 1319 876 quoerit
1346 827 1522 862 animam
1551 833 1658 862 tuam
1674 827 1690 860 P
1705 823 1839 861 indicat
1868 823 1957 860 alios
1988 840 2060 862 esse
2087 826 2150 876 qui

81 893 115 930 ἐν
132 893 182 944 τῷ
201 889 386 942 σπηλαίῳ,
414 890 474 928 καὶ
503 892 564 928 οὐκ
591 888 791 936 ἠὸουλῆθην
818 887 1023 926 ἀποκτεῖναί
1050 904 1107 927 σε·
1133 888 1157 917 Λ
1182 894 1429 938 provocarent,
1447 885 1536 924 alios
1560 885 1621 936 qui
1646 884 1808 922 animum
1834 884 1932 922 illius
1952 885 2149 934 inficerent,

81 952 140 992 καὶ
159 952 354 1005 ἐφεισάμην
373 968 432 991 σου
449 983 458 999 ,
475 952 535 991 καὶ
555 946 652 990 εἶπον
668 966 676 974 ·
697 952 758 990 οὐκ
774 949 905 989 ἐποίσω
924 950 988 997 τὴν
1008 951 1111 1003 χεῖρά

83 1030 149 1066 μου
174 1014 232 1053 ἐπὶ
255 1014 313 1052 τὸν
340 1013 458 1065 κύριόν
486 1029 572 1064 μου,
599 1012 653 1052 ὅτι
679 1012 821 1066 χριστὸς
847 1011 976 1064 Κυρίου
1005 1011 1110 1051 ἐστίν.

82 1076 231 1116 Ἐκεῖνοι
258 1074 321 1126 μὲν
349 1069 406 1113 οῧν
436 1075 492 1114 διὰ
516 1075 683 1127 ῥημάτων
709 1073 957 1122 διαὸάλλουσι,
984 1073 1110 1127 φησίν·

81 1137 149 1189 ἐγὼ
177 1137 213 1176 δὲ
239 1137 297 1175 διὰ
322 1137 541 1191 πραγμάτων
564 1138 825 1188 ἀπολογοῦμαι,
853 1135 912 1174 καὶ
938 1137 982 1174 δι’
1001 1136 1111 1188 ἔργων

82 1199 364 1250 ἀποσκευάζομαι
382 1199 444 1245 τὴν
465 1199 694 1251 κατηγορίαν.
717 1201 770 1238 Οὐ
789 1198 894 1251 χρεία
909 1213 968 1248 μοι
985 1198 1111 1250 λόγων,

82 1263 189 1307 αὐτῆς
212 1263 280 1299 τῶν
313 1261 532 1314 πραγμάτων
558 1265 622 1308 τῆς
646 1259 824 1304 ἐκὸάσεως
850 1260 977 1303 παντὸς
1009 1261 1112 1313 λόγου

80 1321 291 1376 σαφέστερον
312 1321 506 1374 δυναμένης
528 1322 686 1370 διδάξαι,
702 1321 791 1367 τίνες
814 1321 877 1373 μὲν
897 1323 1040 1370 ἐκεῖνοι,
1060 1321 1112 1366 τίς

80 1382 117 1423 δὲ
144 1383 229 1435 ἐγώ·
254 1384 313 1422 καὶ
340 1386 388 1428 ὡς
412 1384 627 1437 συκοφαντία
646 1385 706 1423 καὶ
733 1386 856 1436 ψεῦδος
881 1387 902 1430 ἡ
920 1386 998 1422 κατ’
1026 1386 1110 1433 ἐμοῦ

79 1445 247 1498 γενομένη
269 1445 426 1493 διαὸολή.
449 1446 518 1484 Καὶ
535 1446 666 1484 τούτων
683 1448 748 1499 οὐχ
763 1446 894 1498 ἕτερον,
912 1446 989 1483 ἀλλ’
1009 1445 1111 1485 αὐτόν

80 1523 119 1546 σε
138 1509 235 1546 καλῶ
256 1507 419 1562 μάρτυρα
438 1507 496 1546 τὸν
517 1501 555 1546 23
576 1507 744 1547 παθόντα.

134 1923 206 1963 Καὶ
217 1925 309 1971 πῶς,
323 1922 441 1975 φησὶν,
455 1922 606 1970 ἠδύνατο
620 1928 806 1977 μαρτυρεῖν
821 1924 968 1971 ἐκεῖνος;
985 1921 1111 1961 Ἥνίκα

79 1985 151 2038 γὰρ
172 1989 283 2024 ταῦτα
302 1984 432 2037 ἐγίνετο
447 2015 456 2032 ,
476 1985 662 2033 ἐκάθευδε,
682 1985 742 2022 καὶ
761 1984 839 2022 οὔτε
855 1987 925 2023 τῶν
944 1985 1113 2037 ῥημάτιον

81 2047 241 2094 ἤκουσεν,
256 2047 333 2085 οὔτε
348 2047 405 2084 τὸν
424 2046 533 2084 Δαυὶδ
552 2039 620 2084 εἶδε
636 2044 807 2097 παρόντα,
819 2045 896 2084 οὔτε
911 2052 982 2091 τοῖς
1002 2062 1112 2098 στρα-

82 2109 225 2153 τιώταις
252 2109 508 2158 διαλεγόμενον.
536 2109 642 2151 “Πῶς
660 2102 718 2145 οῧν
739 2107 1014 2159 ἀπαντησόμεθα
1027 2138 1036 2155 ,
1055 2107 1112 2146 ἵνα

84 2171 197 2223 σαφὴς
214 2175 236 2218 ἡ
258 2169 431 2214 ἀπόδειξις
450 2169 612 2222 γένηται,
639 2171 684 2208 Εἰ
702 2169 770 2222 γὰρ
798 2170 977 2222 μάρτυρας
996 2173 1112 2222 παρῆ-

83 2249 140 2286 γεν
163 2231 364 2285 ἀνθρώπους
382 2231 460 2269 τότε
481 2229 541 2268 σὺν
568 2231 662 2284 αὐτῷ
686 2231 804 2278 ὄντας,
825 2230 1051 2270 ὑπώπτευσεν
1072 2231 1110 2269 ἂν

84 2294 147 2341 τὴν
167 2292 360 2345 μαρτυρίαν
379 2296 397 2330 ὁ
416 2291 545 2340 Σαοὺλ,
565 2292 624 2330 καὶ
640 2291 889 2345 χαριζομένους
915 2295 965 2344 τῷ
988 2292 1112 2346 δικαίῳ

84 2360 195 2394 ταῦτα
207 2354 322 2406 λέγειν
346 2353 511 2404 ἐνόμιζεν.
530 2355 576 2392 Εἰ
596 2353 630 2391 δὲ
648 2354 718 2392 ἀπὸ
739 2355 918 2405 λογισμῶν
937 2353 997 2392 καὶ
1024 2353 1113 2392 εἰκό-

86 2431 155 2453 των
178 2414 404 2467 ἐπεχείρησεν
433 2414 741 2466 ἄπολογῆσασθαι,
769 2415 933 2465 μειζόνως
967 2413 1112 2466 ἔμελλεν

88 2478 330 2521 ἀπιστεῖσθαι,
351 2479 413 2522 τῆς
439 2479 498 2512 τοῦ
522 2475 717 2520 δικάζοντος
739 2475 883 2528 γνώμης
906 2476 1113 2530 διεφθαρμέ-
1135 2479 1160 2510 C

87 2554 159 2584 νης.
185 2539 267 2581 Πῶς
285 2537 352 2588 γὰρ
371 2539 389 2575 ὁ
407 2535 496 2587 μετὰ
521 2536 693 2580 τοσαύτας
722 2538 920 2589 εὐεργεσίας
947 2541 1113 2590 πολεμῶν

498 2595 515 2617 ¹²
530 2597 672 2635 ἐδύνατο
687 2604 873 2637 πιστεῦσαι
889 2599 941 2638 ὅτι
955 2603 973 2639 ὁ
987 2602 1113 2649 ἀδικη-

85 2601 136 2652 τῷ
154 2598 261 2650 μηδὲν
277 2597 474 2645 ἠδικηκότι,

86 2661 155 2704 θεὶς
169 2660 227 2698 τὸν
249 2659 465 2706 ἀδικήσαντα
479 2658 598 2697 hedua
619 2661 667 2702 εἷς
687 2664 820 2712 χεῖρας,
841 2659 1020 2713 ἐφείσατο,
1043 2663 1113 2702 Καὶ

85 2721 211 2774 γὰρ,“
191 2737 238 2765 ως
262 2720 306 2760 τα
332 2719 465 2768 πολλὰ,
485 2721 517 2759 οἱ
535 2720 659 2758 πολλοὶ
679 2722 748 2759 τῶν
769 2721 997 2774 ἀνθρώπων’
982 2740 1021 2763 εκ
1043 2728 1111 2764 τῶν

86 2782 165 2820 καθ’
179 2781 317 2825 ἑαυτους
335 2781 494 2833 καὶπερὶ
519 2783 588 2819 τῶν
612 2781 727 2820 ἄλλων
744 2782 808 2827 τὰς
831 2784 966 2837 ψήφους
992 2801 1034 2839 <ps
1019 2786 1113 2839 ’ρου-

86 2859 158 2883 σιν·
185 2837 268 2890 οἷον,
284 2842 450 2894 ὁμεθύων
477 2844 644 2890 διηνεκι)ς
663 2846 727 2882 οὔκ
758 2845 798 2882 ἂν
826 2846 953 2897 ῥαδίως
969 2847 1115 2888 πιστεύ-

86 2921 176 2944 σειεν
202 2899 290 2943 εἶναί
316 2920 394 2941 τινα
423 2903 604 2955 ἄνθρωπον
639 2907 674 2944 ἐν
707 2907 895 2961 ἐγκρα-εία
931 2910 1065 2953 ζῶντα·
1095 2914 1112 2949 ὁ

85 2968 255 3019 πόρναις
244 2982 440 3019 προσεχων,
459 2981 518 3004 και
534 2982 611 3009 τους
624 2968 777 3018 κοσμίως
798 2972 956 3021 βιοῦντας
981 2972 1111 3010 ἀκολά-

87 3044 185 3072 στους
205 3022 292 3067 εἰναι
309 3028 460 3099 νομίζει·
481 3026 586 3065 παλιν
602 3030 619 3065 ὅ
635 3028 679 3066 τὸ.
697 3032 766 3067 τῶν
789 3031 904 3070 ἄλλων
933 3033 1111 3085 ἁρπάζων,

85 3091 146 3129 οὐκ
166 3090 206 3127 ἂν
222 3088 380 3135 πεισθείη
412 3087 556 3141 ῥαδιως,
587 3087 638 3126 ὅτι
669 3089 755 3128 εἰσιν
757 3091 951 3168 *ἄνθρωποι
978 3111 1037 3132 και
1067 3095 1111 3135 τὰ

1182 946 1298 986 modis
1325 948 1494 985 omuibus
1519 946 1664 985 studens
1682 946 1734 985 illi
1751 946 1932 999 porrigere
1951 948 2150 986 excusatio-

1185 1009 1241 1048 nis
1261 1011 1494 1048 occasionem.
1513 1010 1603 1047 Mox
1624 1023 1724 1046 suam
1746 1008 1857 1060 ipsius
1883 1023 2027 1046 caus-‘un
2042 1024 2148 1060 agens

1183 1070 1255 1108 ait:
1272 1072 1327 1109 Et
1353 1084 1441 1109 ecce
1463 1072 1649 1109 viderunt
1676 1071 1778 1108 oculi
1803 1073 1861 1108 tui
1889 1072 2016 1118 hodie,
2045 1073 2150 1124 quod

1185 1134 1389 1171 tradiderit
1411 1141 1447 1171 te
1464 1134 1659 1172 Dominus
1675 1135 1716 1169 in
1730 1146 1869 1170 manus
1890 1147 1998 1171 mens
2013 1136 2053 1170 in
2067 1149 2149 1186 spe-

1185 1195 1318 1242 lunca,
1356 1195 1536 1247 quodque
1566 1195 1759 1232 noluerim
1788 1195 1963 1232 occidere
1997 1203 2046 1242 te,
2083 1196 2153 1233 sed

1184 1258 1420 1308 pepercerim
1446 1258 1517 1293 tibi
1535 1285 1546 1306 ,
1571 1257 1816 1307 dixerimque
1831 1270 1842 1291 :
1858 1257 1948 1293 Non
1973 1258 2151 1308 injiciam

1184 1330 1344 1354 manum
1365 1331 1491 1354 meam
1511 1320 1553 1354 in.
1573 1318 1774 1354 dominum
1795 1331 1936 1363 meum,
1961 1321 2150 1370 quoniam

1183 1379 1351 1416 christus
1370 1379 1534 1416 Domini
1557 1387 1627 1417 est.
1650 1378 1707 1415 Illi
1729 1377 1890 1429 quidem,
1914 1377 2044 1429 inquit,
2067 1393 2146 1418 ver-

1182 1437 1238 1477 bis
1254 1439 1532 1487 calumniantur,
1551 1447 1587 1476 at
1606 1452 1670 1490 ego
1688 1439 1804 1491 reipsa
1824 1453 1880 1477 me
1896 1453 2025 1491 purgo,
2046 1440 2150 1493 ipsis-

1185 1514 1254 1551 que
1281 1500 1382 1539 factis
1403 1499 1546 1554 depello
1576 1500 1722 1539 crimen.
1755 1500 1851 1539 Mihi
1880 1501 1971 1539 nihil
1990 1516 2080 1554 opus
2100 1512 2150 1541 est

1186 1562 1325 1612 verbis,
1358 1577 1441 1601 cum
1463 1562 1538 1615 ipse
1561 1577 1680 1601 rerum
1714 1562 1832 1601 exitus
1847 1563 1975 1614 quavis
1993 1564 2151 1602 oratione

1185 1623 1315 1661 clarius
1334 1623 1446 1676 possit
1467 1633 1500 1661 te
1519 1623 1661 1672 docere,
1687 1624 1837 1675 quinam
1857 1624 1927 1662 sint
1947 1624 2013 1674 illi,
2034 1635 2066 1663 et
2087 1626 2150 1677 qui

1184 1697 1266 1735 ego,
1293 1699 1334 1723 ac
1357 1684 1537 1736 quomodo
1569 1686 1661 1723 facta
1685 1685 1731 1723 sit
1754 1684 1946 1724 adversum
1971 1700 2028 1724 me
2051 1701 2150 1725 men—

1182 1746 1258 1785 dax
1285 1746 1437 1797 delatio,
1467 1756 1501 1785 et
1528 1746 1721 1785 calumnia.
1761 1747 1900 1785 Harum
1926 1761 2047 1786 rerum
2081 1763 2149 1787 non

1184 1807 1312 1859 alium,
1334 1808 1397 1846 sed
1414 1808 1643 1860 temetipsum
1663 1816 1785 1846 testem
1816 1808 1958 1857 invoco,
1980 1809 2148 1862 teipsum,

1184 1867 1349 1920 inquam,
1374 1868 1436 1920 qui
1458 1883 1536 1907 meo
1555 1869 1730 1908 beneficio
1752 1878 1912 1907 servatus
1927 1883 1975 1907 es.

1236 1931 1276 1969 4.
1305 1929 1376 1969 Sed
1395 1930 1575 1982 quomodo
1606 1930 1725 1983 potuit
1754 1930 1843 1969 Sa'ul
1874 1930 2003 1969 harum
2030 1945 2151 1970 rerum

1183 2005 1256 2030 esse
1286 1992 1399 2039 testis,
1426 1992 1488 2044 qui
1530 2006 1613 2030 cum
1649 1991 1726 2030 haec
1755 1991 1895 2043 fierent,
1931 1992 2147 2042 dormiebat,

1183 2068 1224 2093 ac
1267 2069 1381 2106 neque
1426 2054 1536 2094 verba
1589 2053 1730 2093 audivit
1748 2084 1760 2104 ‚
1804 2068 1916 2106 neque
1971 2053 2149 2093 Davidem

1183 2115 1276 2154 vidit
1316 2125 1394 2155 tum
1433 2125 1659 2169 praesentem,
1686 2131 1798 2167 neque
1844 2131 1927 2154 cum
1972 2116 2152 2155 militibus

1184 2177 1475 2229 colloquentem?
1510 2176 1702 2225 Quomodo
1743 2177 1855 2228 igitur
1893 2192 2124 2216 occurremus
2138 2208 2148 2226 ,

1185 2248 1224 2277 ut
1268 2239 1415 2277 evidens
1459 2238 1654 2277 declaratio
1695 2238 1759 2277 fiat
1774 2239 1792 2276 't‘
1829 2239 1869 2277 Si
1909 2240 2003 2278 enim
2048 2249 2152 2278 testes

1185 2299 1340 2348 citasset‚
1361 2299 1448 2338 Satil
1477 2309 1682 2352 suspectum
1700 2299 1886 2338 habuisset
1907 2315 2030 2338 eorum
2049 2300 2150 2339 testi-

1185 2362 1359 2411 monium,
1375 2375 1505 2412 cosque
1521 2362 1621 2413 justo
1640 2361 1798 2400 faventes
1813 2376 1851 2400 ea
1867 2362 1965 2414 loqui
1983 2371 2150 2415 putasset.

1185 2422 1295 2470 Quod
1315 2422 1345 2461 si
1366 2422 1700 2460 ratiocinationibus
1715 2436 1755 2459 ac
1777 2423 2028 2475 probabilibus
2047 2437 2152 2476 argu-

1185 2485 1314 2523 mentis
1334 2493 1500 2523 tentasset
1521 2498 1691 2521 excusarc
1709 2498 1798 2529 sese,
1822 2485 1985 2522 futurum
2008 2493 2095 2531 erat,
2114 2493 2152 2522 ut

1185 2547 1305 2586 minus
1321 2545 1388 2599 ipsi
1408 2544 1625 2593 crederetur,
1641 2544 1774 2596 quippe
1784 2545 1859 2596 jam
1877 2555 2044 2597 corrupto
2054 2544 2152 2596 judi-

1186 2608 1236 2647 cis
1255 2607 1388 2645 animo.
1418 2604 1608 2652 Quomodo
1639 2604 1733 2642 enim
1759 2605 1788 2642 is
1809 2605 1871 2656 qui
1900 2615 1949 2644 tot
1968 2606 2151 2644 beneficiis

1185 2671 1333 2709 affectus
1354 2668 1468 2706 nihilo
1496 2668 1611 2705 secius
1639 2667 1734 2705 bello
1756 2668 2033 2720 persequebatur
2061 2668 2152 2707 nihil

1185 2730 1451 2777 commeritum,
1474 2729 1646 2781 suspicari
1680 2729 1866 2781 potuisset,
1896 2729 1992 2780 quod
2021 2729 2153 2780 aliquis

1186 2792 1315 2845 injuria
1337 2791 1498 2839 affectus,
1513 2804 1594 2828 eum
1614 2790 1675 2841 qui
1694 2791 1822 2828 fecerat
1838 2790 2009 2842 injuriam
2027 2800 2150 2829 nactus

1186 2854 1221 2891 in
1260 2867 1404 2901 manus,
1437 2851 1505 2904 ipsi
1536 2851 1777 2903 pepercisset?
1808 2851 2025 2903 Plciumque
2056 2852 2150 2890 euim

2163 525 2234 552 Gal.
2252 524 2281 551 ἶ».
2299 531 2344 550 to.

2165 1082 2350 1122 [Πσςαῇ.

2166 1131 2214 1152 ΙΙ,

2192 2870 2298 2904 Vuulgi‘
2315 2870 2352 2895 d·-

1184 2930 1207 2953 τ’
1214 2915 1319 2966 ulgus
1338 2912 1526 2951 hominum
1544 2926 1588 2949 ex
1604 2926 1667 2949 suo
1686 2911 1806 2950 animo
1825 2911 1870 2949 de
1885 2912 2146 2965 aliisjudicat:
2164 2912 2226 2939 ³¹⁸³
2265 2922 2297 2937 ·“
2322 2921 2349 2937 ι’

1184 2976 1296 3023 xelut,
1311 2974 1396 3026 qui
1388 2972 1530 3011 assidue
1550 2972 1763 3021 inebriatui,
1779 2972 1877 3010 haud
1891 2973 1995 3011 facilc
2011 2973 2150 3011 cicdcrc

1185 3037 1295 3105 possit
1307 3050 1381 3074 csse
1395 3033 1599 3086 quempiam
1616 3032 1798 3071 hominem
1816 3033 1898 3071 sobi
1902 3033 1933 3072 ic
1947 3049 1968 3072 ι
1974 3034 2007 3071 ix
2013 3043 2146 3078 cotenu

1185 3099 1246 3151 qui
1279 3097 1405 3135 scortis
1434 3104 1553 3142 meat,
1574 3094 1682 3133 ctiam
1714 3094 1844 3147 pudice
1867 3110 1887 3133 ι
1892 3095 2025 3133 ivenus
2045 3095 2077 3131 h
2073 3095 2149 3131 ibet

86 3153 218 3189 ἑαυτῶν
236 3150 437 3204 προέμενοι.
459 3148 563 3188 Ουτω
590 3149 631 3197 δὴ
661 3150 721 3188 και
739 3155 836 3196 οὗτος
854 3153 946 3200 ἅπαξ
963 3156 1030 3194 ὑπὸ
1050 3173 1111 3205 ττς
1138 3165 1162 3195 D
1187 3174 1249 3212 pio
1267 3155 1588 3204 incontinentibus·
1607 3170 1729 3193 iuisus
1746 3156 1807 3207 qui
1825 3170 1879 3193 ics
1897 3156 2013 3208 rapit
2005 3155 2146 3192 alienas.

86 3214 192 3265 ὀργῆς
207 3212 309 3256 ἇλους
322 3241 332 3259 ,
349 3213 412 3250 οὐκ
429 3228 468 3249 αν
490 3209 647 3264 ἑαδιως
633 3211 847 3262 επίστευσεν,
864 3215 951 3254 ὅτι’
936 3233 1029 3257 εστιν
1050 3219 1109 3257 ἄν·

133 3337 150 3360 b
173 3334 287 3369 Mor-el.
307 3344 339 3370 et
352 3335 453 3371 Savil.
473 3339 564 3375 οὕτως
577 3339 612 3375 ἦν
628 3343 717 3373 παντὶ
731 3347 844 3384 τρόπῳ.
861 3340 976 3383 [uodo
994 3342 1094 3375 Savil.

89 3389 121 3420 in
140 3399 241 3433 marg.
261 3390 395 3433 conjicit
413 3399 456 3434 τῷ
479 3396 537 3434 γὰρ
555 3391 671 3433 elnam]

1186 3235 1254 3259 uon
1285 3219 1389 3257 facile
1407 3216 1792 3270 Ροι5ιιει(101)ἰῑιιι,·οεεο
1825 3217 1982 3254 homines
2003 3216 2063 3266 qui
2085 3230 2123 3252 su

1184 3354 1196 3367 ³
1221 3341 1310 3385 Regii
1329 3351 1387 3380 πῶς
1404 3341 1463 3375 οὖν.
1480 3344 1526 3374 ἵνα
1544 3350 1650 3384 σαφῶς-

1182 3399 1196 3420 ¹=
1223 3397 1290 3438 llcg
1323 3406 1405 3427 unus
1420 3396 1541 3427 &fova-ro
1559 3396 1748 3426 {ami-:tanr-

2161 2952 2216 2991 ju
2221 2959 2286 2979 [cal.
