2566 3791
358 208 445 266 148

354 315 506 346 careant.
526 306 624 345 Audi
638 307 734 345 enim
743 307 956 359 prophetam
970 307 1182 343 clamantem
1195 312 1228 341 et
1245 303 1303 341 di-

355 376 490 406 centem
510 367 547 405 in
563 367 679 406 media
699 366 1080 417 Jerosolymitanorum
1100 362 1302 415 metropoli,

357 428 423 466 ubi
441 435 492 465 tot
512 427 626 465 millia
645 425 801 463 millium
824 433 858 462 et
882 423 1077 462 multitudo
1098 424 1305 461 innumera:

154 494 234 523 lsai.
249 493 299 524 50.
315 501 343 522 2.

160 682 222 709 Jer.
248 679 278 708 5.
301 687 326 706 ι.

199 787 278 814 Deua
294 786 351 812 ho-

164 837 274 855 miuem
284 835 351 853 eum

163 870 258 895 solum
300 877 353 894 vo-

164 916 209 936 cat
225 909 275 944 qui
292 909 353 934 vir-

164 957 256 977 tutem
271 948 351 975 colit.

173 1581 237 1607 λεν.
256 1580 286 1609 5.
304 1579 334 1608 8.

176 1758 361 1788 Psal.13.3.

174 1807 200 1826 ct
221 1801 287 1835 ¹39-
310 1798 340 1838 4.

178 1885 314 1913 Ι>ιιι.56.
333 1894 360 1914 1.

179 1940 359 1976 l'saI.57.5.

181 2365 363 2403 ,¹luttl1.3.5,

361 551 428 602 qui
443 549 590 586 audiret
602 562 612 582 .-
625 559 694 583 non
705 544 789 595 quia
800 557 870 582 non
880 543 1039 593 aderant,
1050 543 1114 582 sed
1125 545 1209 595 quia
1217 558 1309 596 prae-

770 224 810 256 S.
844 223 1024 255 JOANNIS
1057 223 1297 254 CHRYSOST.
1335 221 1541 252 ARCHIEP·
1578 219 1929 252 CONSTANTfflOP.

1374 302 1483 353 φήτου
1505 305 1652 353 βοῶντος
1667 332 1677 350 ,
1695 302 1755 340 καὶ
1773 302 1932 354 λέγοντος
1958 305 1992 341 ἐν
2011 302 2101 355 μέσῃ
2120 305 2162 354 τῇ
2180 301 2394 353 μητροπόλει

1375 365 1446 401 τῶν
1477 362 1756 415 Ἱεροσολύμων,
1791 363 1876 401 ὅπου
1902 363 2066 416 μυριάδες
2093 367 2284 411 τοσαῦται,
2311 364 2399 401 ὅπου

1378 424 1508 475 ἄπειρα
1534 423 1651 470 πλήθη
1668 438 1676 446 ·
1707 417 1861 472 ῗΗλθον,
1881 423 1942 461 καὶ
1960 425 2022 462 οὐκ
2039 418 2081 470 ἦν
2097 424 2293 476 ἄνθρωπος·
2311 423 2396 461 ἐκά-

1380 486 1479 532 λεσα,
1502 484 1563 522 καὶ
1591 485 1653 522 οὐκ
1678 477 1721 530 ἦν
1747 487 1766 522 ὃ
1789 483 2086 534 ὑπακουσόμενος·
2113 486 2176 522 οὐκ
2203 483 2323 530 ἐπειδὴ
2348 483 2398 533 μὴ

1380 547 1545 598 παρῆσαν
1561 573 1571 592 ,
1602 546 1679 583 ἀλλ’
1710 544 1831 592 ἐπειδὴ
1858 544 2121 597 παρόντεςτῶν
2150 543 2200 595 μὴ
2219 544 2402 596 παρόντων

363 618 475 648 sentes
488 607 601 645 nihilo
617 605 782 644 meliores
795 613 906 653 erant,
917 618 1026 656 quam
1036 604 1149 642 sinon
1163 605 1311 642 fuissent
1334 615 1359 645 B
1381 608 1478 647 οὐδὲν
1498 608 1639 659 ἄμεινον
1660 607 1838 646 διέκειντο.
1854 608 1926 646 Καὶ
1939 606 2047 645 πάλιν
2058 607 2214 658 ἑτέρωθι,
2229 607 2402 658 Περιδρά-

364 490 476 538 Veni,
495 497 533 526 et
548 501 625 525 non
638 494 722 524 erat
739 487 852 522 homo
859 500 875 529 ;
891 487 1050 532 vocavi,
1076 493 1113 522 et
1128 497 1206 521 non
1224 491 1308 521 erat

365 675 562 720 praesentes.
583 666 632 704 Et
656 665 727 704 alio
748 679 892 716 quoque
916 666 993 703 loco
1013 681 1021 702 ε
1039 667 1257 704 Discurrite
1275 673 1313 703 et

365 729 509 776 videte,
529 730 562 765 si
578 735 636 765 est
649 740 748 764 unus
764 729 830 779 qui
843 727 981 778 saciat
988 728 1183 779 judicium
1202 735 1239 765 et
1247 728 1314 779 ju-

365 789 523 834 stitiam,
536 795 571 825 et
584 789 774 839 propitius
789 786 1006 825 ero.Vidisti
1018 785 1197 838 quomodo
1209 786 1314 824 illum

367 849 483 888 solum
503 847 688 900 Scriptura
709 856 829 885 sancta
845 847 1028 885 hominem
1054 861 1186 885 vocare
1209 846 1311 892 solet,

367 909 430 961 qui
458 909 630 947 virtutem
662 907 772 946 colit:
799 916 941 946 caeteros
964 916 1084 945 autem
1110 921 1224 958 neque
1243 920 1316 944 esse

365 978 484 1023 putat,
504 968 567 1007 sed
581 967 774 1018 aliquando
791 976 894 1006 vocat
914 976 1056 1017 terram,
1070 976 1104 1005 et
1119 965 1316 1017 aliquando

368 1027 537 1067 carnem?
555 1027 631 1064 Hac
652 1025 699 1063 de
711 1039 815 1064 causa
831 1024 1074 1077 genealogiam
1084 1024 1174 1077 justi
1193 1037 1318 1061 narra-

368 1099 484 1127 turam
495 1102 531 1126 se
548 1087 756 1139 promittens
772 1086 898 1124 divina
913 1085 1096 1138 Scriptura
1115 1084 1222 1123 dicit:
1234 1085 1320 1122 Noe

371 1152 486 1188 homo
507 1165 517 1185 .-
532 1148 593 1186 hic
607 1148 702 1186 enim
725 1148 820 1185 solus
834 1147 955 1195 homo,
971 1146 1089 1185 caeteri
1111 1155 1230 1184 autem
1248 1158 1319 1182 non

371 1209 544 1257 homines,
559 1207 622 1246 sed
646 1208 841 1245 humanam
861 1215 1018 1259 gerentes
1035 1207 1198 1254 formam,
1217 1215 1250 1245 et
1275 1220 1322 1244 ex

1385 684 1488 719 μετε,
1517 668 1622 721 φησὶ,
1648 668 1708 706 καὶ
1724 668 1816 706 ἴδετε
1828 698 1840 716 ,
1859 671 1888 706 εἷ
1910 667 2003 706 ἔστιν
2022 662 2071 711 εἷς
2088 670 2197 706 ποιῶν
2216 666 2326 719 κρίμα
2343 666 2404 704 καὶ

1383 729 1617 778 δικαιοσύνην,
1636 729 1697 767 καὶ
1710 728 1812 772 ἵλεως
1831 728 1967 779 ἔσομαι.
1987 722 2090 772 Εἶδες
2101 730 2177 772 πῶς
2195 728 2324 766 ἐκεῖνον
2342 728 2407 778 μό-

1384 805 1440 829 νον
1459 784 1529 828 οἶδε
1549 791 1668 828 καλεῖν
1684 790 1866 841 ἄνθρωπον
1886 791 1908 836 ἡ
1927 788 2010 841 ἁγία
2028 788 2153 841 Γραφὴ
2174 788 2232 826 τὸν
2246 787 2309 835 τὴν
2326 789 2406 838 ἀρε-

1384 850 1449 898 ἰ-ὴν
1478 849 1659 901 μετιόντα,
1701 849 1779 893 τοὺς
1808 850 1844 889 δὲ
1874 850 2014 893 λοιποὺς
2042 850 2119 889 οὐδὲ
2147 844 2234 889 εἶναι
2261 850 2409 901 νομίζει,

1387 909 1478 948 ἀλλὰ
1501 909 1586 948 ποτὲ
1615 910 1678 960 μὲν
1707 910 1840 962 σάρκας
1856 910 2041 961 ὀνομάζει,
2066 910 2151 948 ποτὲ
2170 910 2206 949 δὲ
2220 914 2309 963 γ’ῆνς
2337 911 2407 948 Διὰ

1387 973 1489 1009 τοῦτο
1506 970 1566 1008 καὶ
1584 973 1642 1008 νῦν
1658 969 1722 1015 τὴν
1736 972 1959 1023 γενεαλογίαν
1977 975 2038 1009 τοῦ
2057 971 2192 1010 δικαίου
2212 973 2408 1022 διηγεῖσθαι

1389 1030 1672 1082 ἐπαγγελλομένη
1694 1035 1716 1078 ἡ
1742 1031 1817 1069 Θεία
1840 1031 1964 1084 Γραφή
1986 1047 2089 1083 φησι·
2111 1034 2193 1071 Νῶε
2216 1034 2407 1087 ἄνθρωπος·

1389 1085 1486 1134 οὗτος
1505 1090 1572 1143 γὰρ
1592 1090 1694 1141 μόνος
1708 1091 1899 1143 ἄνθρωπος,
1918 1093 1950 1129 οἱ
1968 1091 2004 1130 δὲ
2017 1093 2132 1131 λοιποὶ
2145 1094 2206 1130 οὐκ
2220 1093 2408 1145 ἄνθρωποι,

1391 1151 1481 1191 ἀλλὰ
1502 1151 1638 1205 μορφὴν
1671 1151 1732 1203 μὲν
1763 1152 1900 1205 ἔχοντες
1916 1152 2126 1206 ἀνθρώπων,
2148 1157 2191 1205 τῇ
2209 1153 2245 1193 δὲ
2260 1154 2409 1206 πονηρίᾳ

1389 1217 1451 1260 τ-’ῆς
1469 1213 1704 1267 προαιρέσεως
1723 1212 1788 1261 τὴν
1808 1213 1977 1266 εὐγένειαν
2002 1216 2064 1260 τῆς
2084 1214 2216 1267 φύσεως
2233 1216 2411 1267 προδεδω-

372 1270 580 1308 hominibus
597 1269 636 1307 in
654 1268 785 1306 bestias
803 1268 945 1317 mutati,
967 1268 1105 1306 malitia
1126 1267 1322 1307 voluntatis
1345 1285 1368 1317 C
1390 1274 1506 1320 χότες,
1525 1274 1584 1312 χαὶ
1604 1274 1681 1313 ἀντὶ
1702 1274 1894 1326 ἀνθρώπων
1915 1275 2001 1326 πρὸς
2020 1274 2084 1321 «ἢν
2101 1277 2171 1313 τῶν
2187 1275 2313 1327 θηρίων
2331 1278 2412 1314 ἄλο-

372 1330 593 1368 nobilitatem
616 1339 751 1368 naturae
775 1329 981 1367 amiserunt.
995 1328 1102 1375 Quod
1120 1328 1215 1366 enim
1241 1342 1323 1367 cum

372 1391 409 1428 in
426 1391 562 1428 malum
576 1389 754 1428 declinant
772 1389 932 1427 homines
958 1388 1158 1438 rationales,
1176 1396 1211 1425 et
1229 1388 1323 1426 servi

373 1452 465 1489 fiunt
499 1450 759 1489 irrationalium
795 1450 1037 1497 affectionum,
1067 1449 1190 1487 divina
1223 1448 1323 1486 Scri—

373 1521 479 1564 ptura
498 1512 658 1564 imponat
682 1511 755 1549 illis
779 1511 975 1549 bestiarum
990 1511 1148 1560 nomina,
1178 1509 1265 1548 audi
1285 1519 1326 1547 ut

374 1572 529 1623 quodam
547 1573 625 1610 loco
646 1572 734 1610 dicit
755 1587 762 1608 :
780 1573 886 1623 Equi
908 1572 1151 1623 feminarum
1175 1580 1324 1609 amato-

375 1647 434 1671 res
438 1634 550 1686 sacti
563 1642 666 1671 sunt.
690 1632 788 1672 Vide
810 1632 992 1683 quomodo
1018 1633 1064 1670 ob
1093 1631 1325 1670 immodicam

376 1693 590 1731 salacitatem
607 1693 700 1730 hanc
712 1693 903 1730 brutorum
915 1692 1262 1744 cognominationem*
1272 1693 1326 1730 in-

376 1753 447 1790 dat.
470 1754 570 1791 Alibi
589 1763 732 1791 autem:
752 1755 950 1792 Venenum
977 1754 1156 1804 aspidum
1179 1756 1248 1791 sub
1267 1754 1325 1791 la-

377 1816 447 1851 biis
467 1827 598 1851 eorum
608 1830 623 1858 ,·
644 1813 707 1850 ubi
725 1814 802 1865 ejus
820 1813 943 1851 bestiae
955 1813 1077 1851 dolum
1094 1823 1128 1851 et
1142 1813 1322 1852 fallaciam

377 1874 512 1911 imitari
539 1888 596 1912 eos
619 1873 767 1911 indicat.
786 1874 898 1911 Canes
922 1887 1063 1924 quoque
1090 1883 1207 1912 mutos
1237 1874 1325 1913 alios

376 1944 489 1973 vocat.
509 1934 558 1972 Et
576 1934 706 1972 iterum
729 1934 830 1984 dicit,
850 1935 955 1973 Sicut
972 1936 1118 1986 aspidis
1149 1935 1274 1973 surdae
1289 1944 1327 1973 et

377 1999 593 2034 obturantis
621 2008 734 2033 aures
764 2009 869 2041 suas,
891 1995 972 2033 illos
1000 1995 1232 2033 subindicans
1261 1996 1325 2046 qui

378 2070 478 2094 aures
507 2064 540 2093 et
556 2054 757 2093 doctrinam
773 2055 920 2093 virtutis
945 2054 1124 2095 obturant.
1148 2056 1195 2093 Et
1213 2056 1326 2093 multa

378 2116 446 2154 alia
461 2115 540 2166 quis
551 2115 694 2152 nomina
709 2114 865 2152 inveniet
884 2114 1048 2165 imposita
1064 2129 1082 2152 a
1097 2115 1220 2152 divina
1231 2115 1326 2152 Scri-

378 2185 482 2226 ptura
503 2175 546 2212 iis
566 2174 626 2224 qui
645 2174 681 2211 in
696 2173 886 2211 brutorum
907 2174 1056 2212 affectus
1070 2189 1133 2226 per
1146 2174 1327 2226 ignaviam

379 2246 571 2275 transeunt.
587 2237 711 2286 Neque
738 2236 774 2273 in
800 2235 911 2273 veteri
937 2236 1053 2273 solum
1084 2236 1180 2273 istud
1205 2236 1328 2274 videre

381 2296 474 2345 licet,
493 2296 554 2334 sed
579 2305 611 2334 et
630 2297 666 2333 in
685 2310 777 2335 nova
795 2295 882 2347 lege.
900 2295 994 2333 Audi
1014 2296 1108 2333 enim
1129 2296 1327 2348 Baptistam

380 2357 556 2395 dicentem
574 2359 595 2396 J
599 2357 709 2395 udaeis
734 2373 741 2393 :
757 2359 966 2409 Progenies
982 2360 1221 2408 viperarum,
1242 2361 1327 2409 quis

381 2420 492 2455 vobis
515 2420 745 2455 monstravit
764 2419 909 2470 sugere
929 2431 954 2455 a
979 2426 1147 2455 ventura
1167 2421 1247 2456 ira?
1260 2418 1326 2457 Vi-

381 2478 464 2516 disti
482 2476 661 2528 quomodo
681 2486 713 2515 et
730 2477 791 2514 hic
805 2476 929 2515 dolum
956 2477 1082 2515 mentis
1104 2478 1249 2515 illorum
1266 2478 1327 2516 be-

381 2539 456 2576 stiae
468 2538 608 2577 nomine
624 2537 867 2589 significavit?
879 2537 978 2585 Quid
992 2552 1074 2589 ergo
1088 2538 1327 2577 miserabilius

381 2600 486 2638 suerit
504 2599 761 2652 peccatoribus,
782 2598 843 2649 qui
863 2607 896 2636 et
916 2598 993 2650 ipso
1009 2598 1166 2637 hominis
1185 2599 1327 2637 nomine

381 2661 579 2711 privantur,
599 2669 631 2698 et
642 2668 786 2712 propter
801 2659 871 2697 hoc
888 2659 1084 2711 majoribus
1097 2659 1212 2712 poenis
1223 2659 1326 2712 digni

380 2730 462 2757 sunt
477 2736 487 2769 3
506 2721 601 2771 quod
618 2729 696 2772 post
710 2728 870 2771 acceptas
888 2735 907 2757 a
930 2728 1056 2757 natura
1077 2720 1250 2772 plurimas
1271 2735 1329 2758 oc-

379 2781 533 2818 casiones
563 2781 611 2819 ad
636 2779 929 2818 benefaciendum
963 2790 1159 2829 monentes,
1189 2781 1326 2820 deserta

378 2855 417 2878 ac
447 2841 586 2893 prodita
613 2841 746 2879 virtute
773 2841 866 2879 ultro
883 2841 931 2879 ad
955 2841 1043 2879 vitia
1064 2842 1325 2893 transfugiant?

377 2902 554 2948 Quoniam
587 2902 697 2951 igitur
726 2902 788 2952 qui
818 2909 903 2939 tunc
930 2911 1040 2950 erant,
1069 2916 1189 2940 omnes
1215 2916 1255 2940 ea
1287 2917 1324 2941 se

376 2962 529 2999 hominis
550 2962 784 3013 appellatione
814 2962 981 3013 indignos
1013 2963 1243 3014 praestabant,
1261 2964 1322 3015 ju-

374 3033 448 3061 stus
471 3032 587 3059 autem
611 3022 670 3059 ille
688 3022 723 3059 in
752 3031 848 3059 tanta
867 3022 1010 3060 virtutis
1027 3023 1225 3071 sterilitate,
1248 3032 1320 3061 tam

373 3083 558 3121 excellenti
576 3082 707 3119 virtute
720 3082 852 3130 floruit,
866 3082 943 3120 ideo
957 3083 1140 3135 Scriptura
1152 3097 1233 3122 cum
1249 3097 1318 3122 coe-

1331 3128 1379 3153 2¹2

1391 1335 1471 1387 γίαν
1490 1335 1704 1379 ἐκπεσόντες.
1733 1335 1821 1374 “Ort
1840 1335 1908 1387 γὰρ
1929 1336 1989 1374 καὶ
2003 1340 2018 1356 ‘³
2029 1335 2221 1388 ἀνθρώποις
2235 1341 2307 1380 τοῖς
2319 1339 2413 1387 λογι-

1391 1402 1483 1443 κοῖς,
1509 1395 1647 1434 ἐπειδὰν
1665 1396 1749 1449 πρὸς
1767 1397 1892 1434 κακίαν
1909 1395 2140 1444 ἀποκλίνωσι,
2161 1397 2306 1435 καὶτῶν
2325 1396 2411 1435 ἀλό-

1392 1473 1464 1509 γων
1487 1458 1607 1495 παθῶν
1635 1456 1855 1509 αἰχμάλωτοι
1885 1456 2074 1509 γένωνται,
2103 1461 2173 1496 τῶν
2201 1457 2329 1509 θηρίων
2352 1458 2417 1500 τὰς

1393 1516 1627 1570 προσηγορίας
1656 1517 1850 1564 ἐπιτίθησιν
1869 1519 1983 1561 αὐτοῖς
1999 1522 2022 1564 ἡ
2043 1517 2118 1556 θεία
2136 1518 2260 1570 Γραφὴ
2274 1549 2284 1565 ,
2309 1519 2415 1557 ἄκουε

1394 1578 1478 1617 ποτὲ
1493 1578 1554 1630 μὲν
1575 1581 1682 1626 αὐτῆς
1701 1578 1880 1630 λεγούσης,
1889 1577 2013 1617 Ἵπποι
2027 1582 2234 1630 θηλυμανεῖς
2247 1579 2420 1630 ἐγένοντο,

1392 1639 1489 1692 εὈρα
1513 1641 1587 1683 πῶς
1609 1639 1665 1677 διὰ
1691 1638 1754 1686 τὴν
1778 1639 1928 1691 ἄμετρον
1947 1639 2108 1690 λαγνείαν
2128 1639 2192 1685 τὴν
2210 1643 2270 1678 τοῦ
2289 1639 2418 1690 ἀλόγου

1394 1700 1632 1753 προσηγορίαν
1662 1699 1869 1747 ἐπιτίθησιν.
1906 1698 2049 1738 Ἄλλοτε
2081 1699 2140 1747 δὲ,
2163 1700 2231 1744 'loq
2257 1699 2414 1738 ἀσπίδων

1394 1761 1461 1799 ὑπὸ
1487 1761 1532 1799 τὰ
1559 1761 1662 1812 χείλη
1696 1761 1829 1798 αὐτῶν·
1861 1763 2009 1799 ἐνταῦθα
2034 1761 2114 1804 τοὺς
2140 1764 2200 1799 τοῦ
2229 1761 2348 1813 θηρίου
2375 1761 2419 1798 τὸ

1395 1820 1542 1859 ὕπουλον
1558 1821 1617 1859 καὶ
1634 1822 1770 1873 δολερὸν
1788 1820 2020 1872 μιμουμένους
2035 1820 2207 1873 ἐμφαίνει.
2224 1821 2294 1859 Καὶ
2309 1820 2415 1859 πάλιν

1395 1881 1500 1924 κύνας
1519 1881 1630 1925 ἐνεοὺς
1649 1881 1783 1933 ἑτέρους
1798 1883 1909 1919 καλεῖ.
1933 1881 2004 1920 Καὶ
2019 1881 2138 1927 πάλιν,
2155 1880 2257 1920 ‘steret
2273 1880 2417 1922 ἀσπίδος

1348 1962 1374 1992 D
1395 1944 1514 1994 κωφῆς
1538 1942 1597 1980 καὶ
1618 1942 1767 1994 βυούσης
1783 1942 1827 1981 τὰ
1844 1935 1918 1980 ὦτα
1938 1944 2062 1990 αὐτῆς,
2081 1941 2163 1985 τοὺς
2173 1942 2258 1994 πρὸς
2275 1941 2338 1988 τὴν
2359 1942 2416 1979 δι-

1395 2002 1585 2040 δασκαλίαν
1630 2005 1692 2049 τῆς
1733 2006 1859 2055 ἀρετ-’ῆς
1897 2003 1959 2046 τὰς
1988 2003 2094 2047 ἀκοὰς
2131 2002 2416 2055 ἀποφράττοντας

1396 2062 1629 2113 αἰνιττομένη.
1645 2064 1716 2102 Καὶ
1733 2064 1846 2101 πολλὰ
1865 2063 1956 2115 εὕροι
1974 2079 2025 2106 τις
2041 2064 2080 2101 ἂν
2097 2063 2253 2114 ὀνόματα
2266 2063 2416 2101 ἐπιτιθέ-

1397 2138 1484 2174 μενα
1499 2123 1597 2173 παρὰ
1617 2125 1680 2168 τῆς
1700 2123 1794 2166 θείας
1814 2125 1958 2175 Γραςίῆς
1977 2129 2048 2166 τοῖς
2068 2124 2125 2161 διὰ
2141 2124 2311 2175 ρᾳθυμίαν
2331 2124 2417 2176 πρὸς

1394 2183 1438 2221 τὰ
1462 2184 1530 2220 τῶν
1557 2183 1691 2233 ἀλόγων
1708 2183 2002 2235 καταφερομένοις
2019 2184 2126 2229 πάθη.
2148 2182 2224 2222 Καὶ
2242 2186 2303 2221 οὔκ
2322 2186 2355 2221 ἐν
2371 2186 2416 2233 τῇ

1396 2244 1540 2294 Παλαιᾷ
1555 2243 1657 2292 μόνον
1672 2244 1773 2281 τοῦτό
1788 2245 1880 2281 ἐστιν
1898 2246 1993 2291 ἰδεῖν,
2003 2243 2095 2282 ἀλλὰ
2109 2244 2167 2282 καὶ
2183 2246 2216 2282 ἐν
2231 2246 2274 2294 τῇ
2288 2246 2415 2295 Καινῇ.

1394 2302 1515 2342 Ἄκουε
1544 2303 1612 2357 γὰρ
1642 2307 1701 2342 τοῦ
1741 2307 1932 2356 βαπτιστοῦ
1960 2305 2123 2344 Ἰωάννου
2155 2306 2315 2357 λέγοντος
2344 2312 2416 2349 τοῖς

1395 2364 1597 2411 Ἰουδαίοις,
1621 2365 1831 2416 Γεννήματα
1859 2367 2026 2418 ἐχιδνῶν,
2057 2366 2109 2409 τίς
2133 2365 2307 2409 ὖπέδειξεν
2335 2368 2418 2416 ὑμῖν

1394 2431 1511 2477 φυγεῖν
1540 2426 1610 2464 ἀπὸ
1630 2428 1693 2472 τῆς
1713 2426 1906 2477 μελλούσης
1930 2429 2058 2478 ὀργῆςς
2075 2421 2176 2471 Εἶδες
2189 2430 2264 2471 πῶς
2279 2428 2338 2466 καὶ
2357 2430 2416 2466 ἔν-

1394 2489 1505 2524 ταῦθα
1528 2489 1589 2532 τῆς
1612 2486 1758 2537 γνώμης
1791 2488 1906 2525 αὐτῶν
1933 2488 1975 2525 τὸ
2001 2488 2138 2540 δολερὸν
2168 2488 2237 2526 ἀπὸ
2265 2491 2328 2534 τῆς
2356 2492 2419 2527 τοῦ

1396 2546 1514 2598 θηρίου
1543 2547 1777 2599 προσηγορίας
1796 2548 1959 2599 ᾐνίξατο;
1989 2549 2037 2586 Τί
2054 2544 2112 2586 οῧν
2130 2549 2170 2586 ἂν
2190 2549 2417 2601 ἐλεεινότερον

1351 2622 1374 2652 Ε
1394 2607 1529 2657 γένοιτο
1553 2610 1621 2646 τῶν
1651 2608 1714 2656 τὴν
1743 2609 1868 2646 κακίαν
1900 2609 2100 2659 μετιόντων,
2126 2609 2208 2648 ὅταν
2236 2609 2295 2647 καὶ
2311 2612 2416 2656 αὐτῆς

1395 2670 1456 2713 τῆς
1480 2669 1713 2722 προσηγορίας
1734 2673 1794 2707 τοῦ
1811 2671 2178 2722 καλεῖσθαιᾶνθρ(ι)ποι
2197 2673 2415 2722 ἀποστερῶν-

1395 2743 1471 2776 ται,
1502 2730 1560 2767 καὶ
1581 2730 1636 2768 διὰ
1662 2734 1764 2769 τοῦτο
1785 2730 1930 2769 πλείονα
1947 2731 2010 2778 τὴν
2030 2731 2203 2784 τιμωρίαν
2224 2731 2416 2783 ὑπέχωσιν,

1395 2788 1447 2826 ὅτι
1466 2790 1598 2834 πολλὰς
1614 2791 1683 2829 ἀπὸ
1699 2793 1760 2837 τῆς
1778 2791 1911 2842 φύσεως
1929 2791 2088 2843 ἀφορμὰς
2102 2791 2305 2842 δεξάμενοι,
2327 2792 2415 2830 ταύ-

1394 2866 1455 2894 τας
1474 2851 1734 2902 προδεδώκασιν
1755 2851 1889 2895 ἑκόντες
1912 2852 2138 2905 ὑποσυρέντες
2165 2852 2224 2890 καὶ
2249 2852 2334 2905 πρὸς
2351 2852 2416 2898 τὴν

1393 2911 1518 2948 κακίαν
1539 2913 1808 2962 αὐτομολοῦντες
1823 2928 1832 2958 ;
1856 2912 1959 2951 Ἐπεὶ
1973 2907 2029 2951 οὖν
2047 2916 2078 2951 οἱ
2095 2913 2174 2951 τότε
2188 2913 2315 2956 πάντες
2328 2915 2413 2950 ἀνα-

1393 2970 1481 3014 ξίους
1509 2972 1650 3016 ἑαυτοὺς
1671 2975 1732 3018 τῆς
1762 2974 1995 3026 προσηγορίας
2020 2974 2260 3022 κατέστησαν,
2277 2975 2412 3012 καὶτοῦ

1390 3032 1619 3082 ὀνομάζεσθαι
1635 3033 1814 3086 ἄνθρωποι
1827 3064 1836 3081 ,
1860 3037 1877 3072 ὃ
1892 3034 1928 3072 δὲ
1945 3034 2077 3077 δίκαιος
2093 3028 2190 3077 οὗτος
2210 3037 2243 3072 ἐν
2259 3034 2412 3085 τοσούτῳ

1390 3095 1515 3143 ἀρετῆς
1543 3095 1670 3145 αὐχμῷ
1696 3094 1868 3142 τοσαύτην
1889 3095 2086 3139 ἐπεδείξατο
2105 3097 2167 3141 τῆς
2183 3095 2311 3139 οἰκείας
2330 3098 2410 3147 ἀρε-

372 3144 477 3195 pissct
497 3156 638 3181 narrare
655 3142 723 3180 viri
743 3143 995 3194 genealogiam,
1009 3143 1128 3182 dixit:
1149 3146 1233 3183 lVoe'
1247 3159 1316 3183 au·
1341 3165 1367 3195 A
1387 3155 1450 3198 τῆς
1485 3153 1548 3199 τὴν
1581 3154 1800 3205 ὑπερὸολὴν,
1844 3155 2021 3207 ἀρξαμένη
2056 3156 2249 3206 διηγεῖσθαι
2283 3159 2306 3202 ἡ
2336 3156 2411 3194 θεία

371 3213 445 3241 tem
460 3206 583 3241 homo.
603 3202 666 3240 Est
685 3210 717 3239 et
736 3203 827 3239 alius
851 3203 969 3254 justus
988 3203 1154 3255 quidam,
1172 3205 1229 3243 cui
1248 3205 1315 3244 hoc

371 3285 494 3308 nomen
511 3284 575 3321 pro
592 3282 729 3307 summo
749 3269 906 3306 encomio
925 3269 1086 3321 contigit,
1101 3281 1133 3309 ct
1150 3286 1222 3324 prae
1235 3272 1314 3311 aliis

410 3385 420 3397 ι
439 3374 538 3407 ὃειιὶΙ.
559 3382 590 3406 et
607 3385 660 3406 sex
678 3375 752 3406 Mos.
772 3380 940 3416 *22050172001
959 3378 1021 3412 τοὺ,-
1040 3378 1178 3418 thymos&-

1388 3212 1510 3264 Γραφὴ
1539 3217 1599 3251 τοῦ
1630 3215 1751 3267 ἀνδρὸς
1785 3215 1847 3261 τὴν
1877 3215 2098 3267 γενεαλογίαν
2131 3216 2234 3267 φησί·
2273 3218 2353 3254 Νῶε
2374 3216 2409 3254 δὲ

1387 3274 1577 3324 ἄνθρωπος.
1599 3273 1703 3313 ’Ἐστι
1724 3276 1781 3313 καὶ
1803 3277 1857 3314 ἐπ’
1877 3276 1982 3314 ἄλλου
2004 3276 2138 3314 δικαίου
2153 3277 2281 3322 ταύτην
2300 3279 2407 3327 εὓρεῑν
