2483 3791
47 626 161 704 glaub.
184 625 233 654 25.

74 676 97 695 ῐ.

53 1191 128 1219 lma.
142 1202 168 1218 v.
188 1189 237 1228 34.

257 222 342 268 168
667 240 705 269 S.

244 335 370 374 gamus
390 321 426 360 in
446 331 577 373 quanta
595 323 794 375 ignominia
810 322 856 361 sit
870 321 1152 360 diabolus.Nam
1171 319 1199 356 si

245 383 275 420 is
300 381 362 433 qui
378 391 417 420 ut
432 382 709 421 instrumentum
729 382 960 430 ministravit,
983 389 1116 418 tantam
1132 393 1198 416 ex—

246 452 367 495 pertus
389 453 437 482 est
460 444 752 496 indignationem,
775 444 879 494 quale
898 440 1118 493 supplicium
1139 452 1200 476 ve-

246 504 396 543 risimile
412 514 463 543 est
479 514 727 557 suscepturum
741 501 951 541 diabolum?
968 501 1043 538 Imo
1057 499 1126 537 hoc
1137 512 1201 536 nos

245 567 321 618 jam
338 565 461 605 docuit
478 566 514 604 in
531 565 664 604 divinis
683 563 876 615 evangeliis
899 561 1064 600 Clu-istus
1079 559 1200 598 dicens

249 627 296 666 ad
317 642 375 666 eos
396 628 457 679 qui
477 641 496 665 a
512 627 652 665 sinistra
673 634 754 663 sunt
773 623 955 663 constituti
975 639 982 660 :
1003 623 1202 661 Discedite

250 704 275 728 a
291 703 350 727 me
368 689 566 727 maledicti
585 691 626 725 in
644 690 771 740 ignem
795 694 994 730 oeternum,
1014 686 1081 737 qui
1097 697 1200 736 proe—
1212 712 1261 737 Μ,

248 759 410 802 paratus
425 757 481 787 est
501 749 673 795 diabolo,
695 757 730 786 et
751 748 901 800 angelis
918 748 1010 799 ejus.
1030 744 1090 782 Illi
1108 744 1202 782 enim
1226 751 1251 778 Α

251 812 337 849 olim
362 819 581 863 praeparatus
604 819 655 848 est
674 807 980 861 inexstinguibilis
1008 806 1069 845 ille
1096 806 1200 857 ignis.

251 872 353 919 Quid
367 886 450 924 ergo
464 872 628 910 miserius
647 871 732 919 illis,
745 871 807 922 qui
822 868 1034 922 negligendo
1053 867 1203 906 salutem

253 949 365 983 suam,
381 935 512 987 seipsos
537 933 715 987 supplicio
745 932 800 970 illi
832 930 1007 970 obnoxios
1031 928 1201 979 reddunt,

253 996 348 1048 quod
360 996 504 1034 diabolo
517 1004 756 1049 praeparatum
776 1002 826 1032 est
836 994 854 1031 Ξ)
868 994 959 1031 Nam
976 990 1072 1042 quod
1088 990 1202 1039 nobis,

253 1059 283 1096 si
306 1057 526 1096 voluerimus
553 1057 721 1095 virtutem
748 1053 967 1106 amplexari,
999 1061 1033 1090 et
1061 1051 1154 1103 leges
1183 1065 1202 1088 a

254 1119 397 1157 Christo
433 1127 582 1157 statutas
612 1117 729 1167 sequi,
763 1123 928 1167 paratum
964 1113 1008 1151 sit
1038 1126 1202 1163 regnum,

254 1182 372 1233 ipsum
400 1179 484 1218 audi
514 1180 738 1230 loquentem:
755 1178 888 1214 Venite
912 1174 1101 1212 benedicti
1119 1174 1203 1210 Pa-

255 1242 324 1278 tris
334 1242 407 1277 mei
411 1241 439 1285 ‚i
443 1238 726 1276 nhereditatem
738 1236 861 1286 accipi
865 1242 900 1271 te
908 1245 1082 1284 regnum,
1102 1232 1207 1283 quod

254 1302 366 1339 vobis
381 1308 644 1352 prceparatum
659 1305 714 1336 est
729 1311 754 1334 a
769 1296 1043 1334 constitutione
1057 1293 1203 1330 mundi.

254 1361 389 1401 Vidisti
404 1361 457 1398 illi
472 1357 801 1411 inexstinguibilem
816 1356 934 1407 ignem
947 1362 1202 1407 praeparatum,

255 1423 356 1461 nobis
390 1431 527 1469 autem,
551 1420 619 1459 nisi
648 1418 787 1458 desides
819 1416 1003 1464 fuerimus,
1029 1414 1204 1466 regnum?
1229 1427 1251 1456 B

254 1484 340 1522 Haec
353 1483 463 1535 igitur
476 1481 905 1534 cogitantes,vitaenost1·ae
913 1490 1035 1515 curam
1044 1489 1203 1527 agamus,

253 1556 287 1584 et
301 1545 476 1583 malitiam
497 1544 684 1596 fugientes,
702 1554 898 1591 numquam
912 1537 1096 1576 diabolicis
1112 1538 1204 1575 arti—

253 1607 321 1645 bus
335 1605 570 1658 decipiamur.
591 1607 638 1642 At
656 1605 686 1642 si
707 1612 741 1641 et
759 1616 822 1641 vos
838 1598 1038 1647 volueritis,
1056 1607 1089 1636 et
1110 1612 1203 1636 non-

253 1667 343 1706 dum
369 1667 451 1706 fessi
481 1666 578 1716 estis,
605 1665 734 1704 iterum
763 1663 799 1701 in
828 1661 985 1699 medium
1015 1660 1206 1697 afferamus

253 1744 393 1783 poenam
413 1744 491 1780 quae
510 1727 660 1780 serpenti
682 1725 816 1764 inflicta
831 1733 894 1771 est,
912 1732 952 1760 ut
970 1721 1142 1774 paulatim
1159 1721 1206 1759 ad

254 1792 362 1829 finem
372 1790 503 1844 judicii
526 1796 766 1842 properantes,
780 1785 967 1823 videamus
983 1783 1116 1821 divinae
1126 1783 1205 1820 =cle-

254 1852 393 1891 mentiae
414 1849 708 1902 magnitudinem.
724 1848 814 1885 Nam
830 1846 859 1884 si
874 1844 1034 1882 homines
1046 1843 1206 1895 judicem

253 1913 414 1951 videntes
432 1911 575 1964 publice
587 1909 777 1956 sedentem,
793 1916 826 1945 et
841 1915 962 1944 contra
979 1919 1055 1943 reos
1070 1914 1206 1943 senten-

253 1975 341 2012 tiam
364 1972 667 2026 pronuntiantem,
692 1983 784 2022 saepe
800 1977 872 2006 toto
899 1966 958 2005 die
979 1966 1029 2004 ibi
1052 1975 1206 2015 manent,

253 2051 317 2074 nec
348 2035 432 2073 inde
463 2032 673 2080 abscedunt,
691 2030 803 2069 donec
833 2027 1028 2067 surrexisse
1053 2026 1208 2065 viderint

249 2097 407 2150 judicem
427 2112 434 2133 :
449 2095 562 2134 multo
583 2094 697 2145 magis
712 2105 806 2130 nunc
819 2104 881 2128 nos
896 2089 1035 2127 decebit
1049 2089 1209 2141 judicem

255 2158 381 2211 majori
397 2171 478 2195 cum
492 2156 672 2194 alacritate
690 2153 812 2192 videre
829 2153 965 2190 bonum
978 2152 1106 2198 Deum,
1119 2164 1206 2201 quo-
1233 2161 1256 2191 c

257 2217 362 2256 modo
391 2216 545 2270 serpenti
570 2229 715 2267 gravem
746 2226 885 2265 poenam
923 2210 1146 2264 imposuerit,
1170 2220 1209 2248 ut

256 2295 319 2333 per
333 2279 512 2318 sensibilis
527 2278 636 2330 liujus
652 2275 770 2315 bestiae
791 2288 925 2327 poenas,
943 2287 1013 2324 qua
1034 2274 1133 2311 velut
1152 2287 1208 2311 or—

257 2356 348 2394 gano
361 2355 445 2380 usus
458 2349 509 2379 est
523 2339 702 2391 malignus
712 2336 772 2374 ille
785 2335 939 2384 daemon,
956 2333 1208 2385 intelligamus,

257 2419 344 2455 quas
364 2403 418 2441 illi
433 2415 555 2455 poenas
575 2399 610 2438 in
626 2400 745 2437 futuro
759 2396 887 2435 saeculo
910 2394 1110 2433 inflicturus
1129 2395 1174 2433 sit
1198 2411 1205 2431 ε

256 2463 434 2516 quomodo
473 2462 558 2500 item
580 2457 804 2498 misericordi
844 2455 1063 2508 correptione
1089 2456 1208 2494 virum

257 2537 287 2564 ct
312 2525 498 2563 mulierem
521 2523 681 2573 castiget,
697 2534 777 2571 quae
802 2517 997 2556 admonitio
1024 2516 1144 2569 potius
1165 2517 1210 2555 sit

258 2602 362 2639 quam
392 2585 533 2639 punitio
554 2600 561 2620 :
582 2592 621 2620 ut
645 2582 703 2620 his
730 2580 896 2619 omnibus
918 2578 1107 2631 diligenter
1134 2579 1209 2616 ani-

258 2647 464 2695 madversis,
486 2644 704 2683 admiremur
726 2640 908 2680 clementis
928 2639 995 2678 Dei
1018 2639 1211 2692 providen-

260 2711 359 2758 tiam,
384 2723 492 2759 quam
509 2707 570 2745 ille
590 2718 672 2756 erga
694 2713 852 2741 nostram
870 2711 1034 2740 naturam
1053 2701 1208 2739 exhibet.

258 2770 358 2817 Quid
389 2784 471 2821 crgo
508 2767 562 2805 illi
594 2765 759 2804 dictum?
785 2766 839 2802 Et
879 2764 979 2801 dixit
1018 2763 1210 2801 Dominus

260 2831 365 2867 Dens
387 2829 551 2879 serpenti
573 2842 582 2865 .·
611 2825 857 2877 Quiasecisti
875 2824 960 2868 hoc,
981 2822 1210 2860 maledictus
1234 2834 1258 2863 Ι)

259 2901 298 2928 ιιι
316 2905 396 2942 prae
424 2889 598 2926 omnibus
627 2887 842 2938 pecoribus,
862 2893 897 2921 et
924 2898 1004 2935 proe
1033 2885 1210 2922 omnibus

259 2955 387 2989 bestiis
405 2964 489 3003 qua?
515 2958 602 2987 sunt
628 2961 740 2999 snper
764 2955 920 2984 terram.
937 2945 1058 2997 Super
1080 2954 1210 2997 pectus

258 3022 364 3050 tuum
391 3019 425 3048 et
457 3018 631 3047 ventrem
657 3017 766 3046 tuum
780 3007 982 3059 gradieris,
1006 3015 1041 3044 et
1073 3015 1213 3045 terram

257 3073 429 3111 comedes
457 3072 633 3107 omnibus
665 3070 797 3106 diebus
826 3070 919 3105 vilae
952 3076 1036 3106 luoe.
1066 3068 1119 3106 Et
1141 3069 1211 3104 ini-

259 3137 426 3173 micitias
452 3145 596 3184 ponam
627 3133 727 3167 inter
753 3139 788 3167 te
813 3138 847 3167 et
877 3133 978 3167 inter
1001 3129 1211 3176 mulierem,

256 3205 291 3233 et
309 3199 410 3232 inter
426 3206 553 3231 semen
570 3200 675 3228 tuum
690 3199 723 3227 et
741 3204 868 3228 semen
887 3193 982 3242 ejus.
1001 3193 1086 3242 Ipse
1101 3198 1208 3228 tuum

256 3258 469 3295 observabit
487 3262 614 3304 eaput.
637 3260 670 3289 el
688 3260 725 3288 tu
745 3254 963 3290 observabis
977 3255 1056 3304 ejus
1078 3252 1205 3290 calca-

256 3331 380 3355 neum.

296 3438 306 3448 ,ι
327 3421 438 3455 Χῖοι-01.
461 3424 667 3455 ἑπιῧςᾱιηαθαι
702 3418 761 3451 Alii
781 3419 863 3450 utin
883 3425 983 3449 textu.

743 239 923 269 JoANMS
959 237 1199 268 CHRYSOST.
1240 236 1443 266 Ancuuss‘.
1483 236 1834 266 CONSTANTINOP-

1274 318 1331 355 διὰ
1350 323 1409 356 τοῦ
1434 320 1599 364 αἰσθητοῦ
1618 318 1738 357 τούτου
1755 318 1814 356 καὶ
1835 317 2012 371 ὁρωμένου
2026 306 2244 369 λογιζώμεθα
2265 320 2303 357 εἶν

1273 378 1336 429 ὅσῃ
1366 378 1490 430 ἀτιμίᾳ
1519 381 1676 422 κάκεῖνος
1690 379 1867 431 τυγχάνει.
1888 380 1932 417 Εἰ
1951 378 2018 432 γὰρ
2037 373 2133 422 οὗτος
2154 382 2171 417 ὅ
2186 381 2299 418 καθά-

1273 453 1339 491 περ
1354 438 1498 492 ὄργανον
1517 439 1825 492 ὑπηρετησάμενος
1839 439 2012 485 τοσαύτης
2028 440 2195 492 ἐπειράθη
2213 441 2298 491 ἀγα·

1274 499 1498 546 νακτὴσεως,
1519 499 1622 537 ποίαν
1644 500 1734 543 εἰκὸς
1765 502 1894 538 ἐκεῖνον
1922 500 2081 544 δέξασθαι
2099 501 2298 552 τιμωρίαν;

1274 561 1420 598 Μᾶλλον
1440 559 1475 598 δὲ
1490 559 1548 598 καὶ
1567 564 1667 598 τοῦτο
1679 559 1747 607 ἤδη
1763 563 1858 611 ἡμᾶς
1873 559 2023 605 ἐδίδαξεν
2040 563 2057 598 ὁ
2071 562 2220 614 Χριστὸς
2241 561 2299 600 διὰ

1273 623 1342 659 τῶν
1369 621 1468 660 θείων
1489 621 1698 673 εὐαγγελίων
1714 621 1855 673 φάσκων
1871 622 1957 674 πρὸς
1969 621 2046 664 τοὺς
2063 622 2097 665 ἐξ
2111 622 2295 672 εὐωνύμων

1275 684 1447 731 ἑστῶτας,
1467 682 1665 735 Πορεύεσθε
1683 684 1744 720 ἀπ’
1768 685 1852 733 ἐμοῦ
1873 683 1906 719 οἱ
1929 682 2167 733 κατηραμένοι
2191 684 2238 726 εἷς
2259 683 2299 720 τὸ

1274 747 1345 796 πῦρ
1362 743 1402 781 τὸ
1418 742 1567 790 αἰώνιον,
1584 743 1624 782 τὸ
1642 742 1900 794 ἡτοιμασμένον
1916 745 1966 795 τῷ
1987 742 2137 795 διαὸόλῳ
2155 742 2299 786 καὶτοῖς

1276 803 1434 856 ἀγγέλοις
1451 805 1568 842 αὐτοῦ.
1587 803 1737 856 Ἐκείνῳ
1750 803 1818 856 γὰρ
1834 804 1944 842 πάλαι
1958 808 2058 842 τοῦτο
2071 803 2299 854 ἡτοίμασται,

1276 866 1335 903 καὶ
1364 868 1474 904 ἐκεῖνο
1496 865 1536 904 τὸ
1554 865 1724 904 ἄσῧεστον
1744 870 1814 917 πῦρ
1837 864 1939 903 αὐτὸν
1960 864 2156 916 ἐκδέχεται,
2175 865 2223 903 Τί
2242 860 2299 903 οῦν

1277 928 1316 964 ἂν
1328 927 1379 974 εἴη
1401 926 1608 979 ἀθλιώτερον
1623 928 1692 964 τῶν
1713 926 1756 964 δι’
1773 925 1939 977 ἀμέλειαν
1958 928 2021 972 τῆς
2040 925 2167 969 οἰκείας
2181 943 2300 974 σωτη-

1277 989 1352 1041 ρίας
1386 989 1525 1033 ἑαυτοὺς
1548 988 1663 1041 ἐκείνῃ
1689 991 1732 1040 τῇ
1753 988 1905 1040 τιμωρία
1924 986 2168 1026 καθιστώντων
2191 991 2301 1026 ὑπευ-

1276 1050 1395 1093 θύνους
1422 1054 1465 1102 τῇ
1497 1050 1618 1101 ἐκείνῳ
1648 1048 1916 1101 ἡτοιμασμένῃ;
1946 1048 2029 1088 “Oti
2050 1048 2117 1101 γὰρ
2135 1052 2244 1100 ἡμῖν,
2271 1051 2301 1087 εἷ

1279 1111 1528 1162 βουληθείημεν
1558 1111 1684 1162 ἀρετὴν
1710 1109 1990 1158 ὃέπιόείξασθαι,
2021 1111 2080 1148 καὶ
2108 1117 2180 1155 τοῖς
2202 1110 2302 1162 παρὰ

1276 1177 1335 1210 τοῦ
1354 1173 1507 1225 Χριστοῦ
1525 1175 1652 1209 τεθεῖσι
1672 1169 1790 1222 νόμοις
1808 1170 1967 1218 ἕπεσθαι,
1982 1174 2003 1217 ἧ
2027 1171 2187 1221 βασιλεία
2200 1172 2302 1219 ἡτοί-

1278 1249 1434 1283 μασται,
1464 1235 1566 1272 αὐτοῦ
1593 1232 1699 1271 πάλιν
1733 1231 1878 1270 ἄκουσον
1907 1231 2066 1283 λέγοντος
2079 1248 2088 1255 ·
2129 1235 2237 1271 Δεῦτε
2270 1237 2303 1273 οἱ

1277 1296 1501 1348 εὐλογημένοι
1533 1300 1593 1333 τοῦ
1620 1293 1762 1346 Πατρός
1797 1310 1862 1345 μου
1874 1309 1881 1316 ·
1924 1293 2213 1346 κληρονομήσατε
2237 1294 2303 1342 τὴν

1277 1356 1537 1408 ἡτοιμασμένην
1560 1358 1642 1407 ὑμῖν
1659 1354 1838 1407 βασιλείαν
1858 1354 1928 1393 ἀπὸ
1942 1354 2142 1400 καταδολῆς
2156 1355 2301 1406 κόσμου.

1278 1413 1379 1461 Εἶδες
1407 1417 1528 1470 ἐκείνῳ
1562 1416 1622 1468 μὲν
1660 1416 1701 1455 τὸ
1729 1415 1899 1454 ἄσὸεστον
1928 1419 1998 1468 πῦρ
2029 1415 2302 1467 ἡτοιμασμένον,

1278 1483 1362 1531 ἡμῖν
1382 1478 1432 1527 δὲ,
1449 1481 1478 1517 εἷ
1500 1477 1548 1530 μὴ
1571 1476 1851 1530 ῥαθυμήσαιμεν,
1867 1476 1929 1524 τὴν
1952 1476 2155 1528 βασιλείαν;
2180 1479 2307 1516 Ταῦτα

1278 1540 1389 1578 τοίνυν
1405 1541 1597 1582 ἐννοοῦντες
1619 1538 1680 1576 καὶ
1702 1538 1777 1589 βίου
1798 1537 2059 1588 ἐπιμελώμεθα,
2078 1538 2137 1576 καὶ
2156 1538 2220 1585 τὴν
2233 1546 2318 1577 κα-’

1278 1603 1354 1640 κίαν
1383 1600 1584 1654 φεύγωμεν,
1619 1600 1679 1639 καὶ
1713 1599 1888 1651 μηδέποτε
1920 1599 2136 1651 ἀπατώμεθα
2151 1607 2228 1644 ταῖς
2245 1606 2306 1640 τοῦ

1279 1663 1438 1702 διαὸόλου
1457 1668 1646 1714 μηχαναῖς.
1676 1660 1782 1709 Ἀλλ’,
1804 1663 1833 1698 εἷ
1850 1660 2013 1712 βούλεσθε
2028 1661 2087 1699 καὶ
2105 1662 2153 1712 μὴ
2171 1662 2305 1700 ἀπεκά-

1280 1740 1376 1775 μετε,
1395 1723 1501 1762 πάλιν
1516 1726 1564 1768 εἷς
1581 1723 1685 1774 μέσον
1705 1722 1893 1774 ἀγάγωμεν
1914 1722 1976 1769 τὴν
1994 1722 2164 1775 τιμωρίαν
2178 1723 2240 1770 τὴν
2254 1727 2305 1777 τῷ

1279 1786 1354 1838 ὄφει
1384 1785 1626 1836 ἐπαγομένην,
1647 1783 1693 1822 ἵν’
1709 1783 1799 1822 οὕτω
1818 1783 1910 1822 κατὰ
1940 1783 2061 1835 μικρὸν
2085 1786 2131 1827 εἰς
2150 1784 2189 1822 τὸ
2208 1784 2306 1828 τέλος

1279 1850 1340 1893 τῆς
1372 1846 1470 1892 δίκης
1499 1845 1692 1898 φθάσαντες
1717 1844 1846 1894 ἴδωμεν
1875 1847 1937 1890 τῆς
1963 1844 2222 1897 φιλανθρωπίας
2245 1851 2305 1885 τοῦ

1279 1910 1371 1948 Θεοῦ
1392 1907 1435 1945 τὸ
1450 1906 1605 1958 μέγεθος.
1626 1907 1671 1944 Εἰ
1689 1905 1756 1958 γὰρ
1776 1906 1954 1957 ἄνθρωποι
1974 1905 2140 1952 δικαστὴν
2161 1909 2307 1958 ὁρῶντες

1280 1968 1448 2012 πολλάκις
1467 1967 1620 2019 δημοσίᾳ
1641 1966 1839 2017 καθήμενον
1857 1996 1866 2014 ,
1891 1965 1951 2004 καὶ
1967 1965 2029 2013 τὴν
2049 1965 2141 2004 κατὰ
2157 1968 2225 2004 τῶν
2244 1982 2307 2004 κα-

1279 2029 1428 2067 ταδίκων
1445 2030 1559 2081 ψῆφον
1578 2025 1768 2079 ἐκφέροντα
1780 2056 1789 2074 ,
1816 2025 1872 2064 διὰ
1898 2025 2015 2072 πάσης
2036 2025 2171 2078 ἡμέρας
2187 2044 2308 2081 παρα-

1282 2091 1423 2140 μένουσι
1439 2118 1449 2135 ,
1480 2088 1540 2127 καὶ
1561 2090 1625 2126 οὐκ
1651 2087 1862 2139 ἀφίστανται
1882 2087 2005 2139 μέχρις
2027 2086 2066 2125 ἂν
2088 2087 2207 2127 ἴδωσιν
2224 2091 2308 2127 ἀνα-

1282 2150 1412 2188 στάντα
1434 2150 1490 2188 τὸν
1510 2148 1676 2194 δικαστήν
1693 2164 1700 2171 ·
1721 2149 1840 2200 πολλῷ
1863 2150 1995 2198 μᾶλλον
2011 2152 2105 2198 ἡμᾶς
2119 2154 2176 2187 νῦν
2194 2165 2305 2201 προσ-

1282 2212 1360 2258 ήκει
1394 2210 1483 2261 μετὰ
1506 2209 1660 2253 πλείονος
1692 2212 1754 2256 τῆς
1782 2208 1975 2261 προθυμίας
1998 2209 2078 2247 ἰδεῖν
2100 2209 2157 2246 τὸν
2178 2212 2306 2261 ἀγαθὸν

1282 2273 1384 2318 Θεὸν,
1405 2275 1479 2315 πῶς
1496 2269 1557 2321 μὲν
1579 2271 1629 2322 τῷ
1649 2269 1725 2322 ὄφει
1746 2269 1897 2320 σφοδρὰν
1914 2269 1976 2316 τὴν
2001 2270 2174 2321 τιμωρίαν
2191 2272 2305 2309 ἐπιτί-

1282 2337 1396 2380 θησιν,
1418 2332 1473 2369 ἵνα
1499 2331 1557 2369 διὰ
1572 2334 1631 2368 τοῦ
1649 2332 1812 2377 αἰσθητοῦ
1834 2330 1955 2368 τούτου
1972 2330 2091 2383 θηρίου
2105 2361 2114 2379 ,
2139 2325 2168 2383 ᾧ
2187 2331 2306 2384 ὥσπερ

1282 2393 1417 2446 ὀργάνῳ
1440 2391 1617 2445 ἐχρήσατο
1635 2395 1652 2430 ὃ
1671 2390 1819 2443 πονηρὸς
1835 2391 1968 2441 δαίμων
1989 2393 2127 2436 ἐκεῖνος,
2146 2392 2305 2440 αἴσθησιν

1281 2459 1364 2506 ἡμῖν
1383 2454 1552 2507 παράσχῃ
1572 2455 1634 2499 τῆς
1660 2453 1852 2504 μελλούσης
1869 2454 1996 2491 ἐκεῖνον
2017 2452 2188 2504 τιμωρίας
2213 2455 2309 2494 ἐκδέ-

1281 2519 1425 2568 χεσθαι·
1447 2517 1520 2557 πῶς
1553 2514 1588 2552 δὲ
1614 2513 1703 2565 μετὰ
1725 2515 1859 2566 φειδοῦς
1881 2512 2082 2565 σύμμετρον
2105 2514 2229 2566 ἐπάγει
2246 2517 2306 2553 καὶ

1282 2581 1324 2628 τῇ
1353 2575 1490 2629 γυναικὶ
1516 2576 1574 2613 καὶ
1597 2577 1647 2628 τῷ
1671 2576 1770 2628 ἀνδρὶ
1788 2574 1850 2622 τὴν
1875 2574 2101 2625 ἐπιτίμησιν,
2127 2575 2305 2613 νουθεσίαν

1283 2640 1414 2688 μᾶλλον
1435 2637 1582 2689 ἔχουσαν
1598 2667 1607 2684 ,
1639 2636 1661 2682 ἢ
1689 2636 1833 2675 κόλασιν
1847 2652 1854 2660 ·
1882 2635 1939 2674 <ι’νοι
1955 2641 2064 2674 ταῦτα
2084 2636 2199 2674 πάντα
2217 2637 2305 2687 μετὰ

1283 2699 1461 2752 ἀκριῧείας
1489 2698 1728 2744 σκοπήσαντες
1759 2697 1996 2748 θαυμάσωμεν
2014 2695 2077 2742 τὴν
2097 2700 2155 2734 τοῦ
2178 2698 2304 2748 φιλαν-

1283 2759 1419 2813 θρώπου
1441 2762 1532 2799 Θεοῦ
1551 2758 1759 2809 κηδεμονίαν
1771 2789 1780 2805 ,
1814 2758 1855 2804 ἢν
1875 2757 1955 2810 περὶ
1974 2758 2037 2804 τὴν
2056 2757 2155 2809 φύσιν
2178 2759 2308 2796 ἐπιδεί-

1283 2838 1402 2859 κνυται
1419 2822 1481 2868 τὴν
1497 2820 1687 2873 ἡμετέραν.
1707 2819 1754 2857 Τί
1773 2813 1829 2857 οῦν
1845 2834 1930 2870 φησι
1946 2835 1954 2865 ·,
1973 2818 2043 2856 Kal
2060 2813 2134 2856 εἶπε
2150 2818 2274 2871 Κύριος
2290 2824 2306 2858 ὁ

1283 2884 1372 2925 Θεὸς
1391 2885 1440 2935 τῷ
1464 2882 1560 2934 ὄφει,
1586 2881 1638 2919 ὅτι
1664 2880 1829 2928 ἐποίησας
1851 2883 1974 2928 τοῦτο,
1997 2880 2251 2932 ἐπικατάρατος
2265 2881 2306 2920 σὺ

1285 2944 1354 2982 ἀπὸ
1374 2943 1512 2982 πάντων
1530 2945 1598 2980 τῶν
1614 2945 1763 2989 κτηνῶν,
1779 2941 1839 2979 καὶ
1856 2941 1924 2979 ἀπὸ
1939 2941 2078 2979 πάντων
2093 2943 2160 2979 τῶν
2179 2942 2307 2994 θηρίων

1289 3009 1350 3052 τῆς
1370 3008 1444 3057 γῆς.
1474 3004 1560 3043 Ἐπὶ
1579 3006 1628 3056 τῷ
1648 3003 1768 3049 στήθει
1788 3003 1846 3040 καὶ
1866 3005 1908 3052 τῇ
1930 3003 2045 3055 κοιλίᾳ
2062 3019 2121 3042 σου
2142 3003 2308 3055 πορεύσῃ,

1287 3067 1345 3104 καὶ
1369 3071 1433 3117 γῆν
1455 3067 1548 3118 φάγῃ
1570 3065 1685 3108 πάσας
1709 3064 1769 3106 τὰς
1788 3063 1922 3116 ἡμέρας
1943 3067 2004 3110 τῆς
2027 3066 2115 3110 ζιιιῆς
2136 3080 2207 3102 σου.
2241 3064 2309 3102 Καὶ

1285 3129 1410 3180 ἔχθραν
1435 3128 1530 3173 θήσω
1551 3126 1616 3165 ἀνὰ
1632 3125 1736 3177 μέσον
1755 3140 1814 3163 σου
1832 3125 1890 3162 καὶ
1907 3124 1971 3162 ἀνὰ
1993 3124 2095 3174 μέσον
2113 3127 2174 3170 τῆς
2191 3141 2308 3175 γυναι-

1284 3189 1354 3233 κὸς,
1371 3189 1428 3226 καὶ
1449 3188 1513 3226 ἀνὰ
1537 3188 1641 3238 μέσον
1657 3190 1716 3224 τοῦ
1737 3186 1936 3237 σπέρματός
1956 3201 2015 3223 σου
2040 3185 2098 3223 καὶ
2120 3185 2184 3223 ἀνὰ
2201 3185 2305 3235 μέσον

1283 3253 1340 3287 τοῦ
1373 3248 1571 3302 σπέρματος
1595 3249 1713 3293 αὐτῆς.
1750 3247 1857 3288 &utriq
1890 3262 1948 3284 σου
1973 3246 2116 3296 τηρ-ι’,σει
2136 3245 2304 3296 κεφαλὴν,

1280 3312 1337 3350 καὶ
1360 3310 1399 3348 σὺ
1423 3310 1583 3361 τηρήσεις
1605 3312 1706 3347 αὑτοῦ
1727 3309 1886 3359 πτέρναν.
