2516 3791
325 143 418 192 566
745 160 764 190 s
774 179 782 188 .

121 261 163 287 ies
194 270 310 298 quoque
325 244 482 282 dentiam
504 242 672 290 relucere,
689 240 866 292 quomodo
894 254 956 292 per
976 238 1134 276 infideles
1154 238 1272 274 futura

122 312 273 330 'mmmm‘
325 314 364 342 ut
395 302 647 356 praedicantur,
679 301 859 353 dispensat
886 299 1045 337 omnium
1065 295 1272 335 Dominus?

120 353 308 422 giizgnfm'
323 366 387 403 61.
414 366 510 402 Cum
527 364 780 401 surrexissent
797 368 924 397 autem
951 359 1125 395 Rebecca
1144 364 1179 393 et
1201 369 1272 392 an-

321 425 425 463 cillae
444 426 538 475 ejas,
561 422 815 459 ascenderunt
834 432 946 470 super
959 417 1140 455 camelos.
1161 415 1270 456 Vidi-

322 485 367 522 sti
391 483 531 534 qualem
553 494 716 533 sponsam
741 480 848 517 ducat
880 477 1107 530 patriarcha?
1127 479 1269 528 Aquan-

321 554 403 592 tem,
434 552 467 580 et
496 540 662 593 hydriam
693 554 798 592 super
827 539 994 576 humeros
1024 538 1205 587 ferentem,
1239 545 1272 575 et

321 617 413 641 nunc
431 603 560 639 iterum
585 599 830 637 ascendentem
861 613 967 651 super
986 599 1149 637 camelos.
1170 600 1268 637 Nus-

321 677 428 714 quam
444 662 550 699 mulae
566 670 710 712 argento
727 660 948 712 fulgentibus
978 660 1190 707 cervicibus,
1211 674 1271 698 ne-

321 737 390 774 que
412 722 627 760 famulorum
652 721 769 770 turba,
799 735 912 772 neque
942 734 1071 772 magna
1091 721 1270 770 mollities,

320 798 397 834 quae
424 797 516 820 nunc
538 781 700 820 adhiberi
731 782 818 820 solet
835 798 842 818 ε
865 781 924 820 sed
945 791 1084 819 tantum
1103 790 1176 819 erat
1195 781 1271 834 pri-

321 858 460 881 scarum
481 843 671 880 mulierum
688 843 811 890 robur,
832 851 872 879 ut
891 851 924 879 et
949 841 986 879 in
1008 841 1160 879 camelos
1186 841 1271 893 ipsae

321 904 556 953 ascenderent,
584 913 616 941 et
645 903 694 941 sic.
720 903 788 940 iter
821 903 986 940 facerent.
1009 904 1063 939 Et
1087 903 1273 954 profecta²

318 975 421 1012 sunt,
444 965 576 1016 inquit,
599 979 686 1003 cum
717 966 883 1002 homine.
908 963 973 1001 65.
996 965 1112 1000 Isaac
1144 970 1274 999 autem

320 1041 490 1079 egressus
513 1035 610 1073 erat,
635 1035 675 1063 ut
693 1039 733 1063 se
746 1032 937 1062 exerceret
953 1025 995 1059 in
1014 1035 1107 1074 agro
1128 1022 1182 1058 ad
1194 1034 1274 1059 cre-

317 1089 546 1140 pusculum.-
569 1096 605 1125 et
625 1089 678 1124 ibi
697 1087 856 1124 elevatis
870 1085 1005 1129 oculis,
1027 1083 1130 1120 vidit
1148 1096 1275 1120 came-

323 1150 379 1187 los
399 1152 611 1186 venientes.
636 1150 733 1186 Dum
765 1148 801 1185 in
832 1160 955 1198 campo
976 1152 1187 1192 versaretur,
1215 1143 1272 1181 in-

321 1209 412 1260 quit,
435 1210 544 1258 Isaac,
559 1209 652 1247 vidit
673 1208 835 1246 camelos.
859 1208 921 1245 (34.
943 1207 1115 1243 Rebecca
1129 1213 1272 1251 autem,

323 1279 365 1308 ut
384 1272 487 1308 vidit
506 1273 636 1317 Isaac,
657 1271 799 1307 desiliit
820 1283 845 1306 a
864 1268 1026 1313 camelo,
1046 1267 1110 1304 65.
1125 1275 1161 1303 et
1177 1268 1276 1303 dixit

321 1345 430 1370 servo
453 1347 463 1367 :
490 1333 581 1382 Quis
594 1340 649 1368 est
663 1333 775 1368 homo
787 1331 855 1368 ille
871 1331 937 1381 qui
950 1329 1064 1366 vadit
1083 1330 1124 1364 in
1139 1340 1274 1378 campo

323 1394 432 1430 nobis
473 1395 627 1429 obviam
645 1397 661 1428 Ρ
684 1391 780 1431 Vide
819 1390 944 1442 puellae
985 1387 1252 1439 generositatem
1264 1402 1275 1436 ;

322 1462 510 1506 postquam
531 1453 621 1491 vidit
649 1454 760 1501 Isaac,
777 1451 956 1503 quaerebat
987 1449 1066 1500 quis
1098 1458 1199 1486 esset.
1230 1448 1277 1485 Et

321 1514 385 1551 nbi
404 1513 534 1551 didicit
564 1513 661 1564 quod
688 1514 763 1565 ipse
782 1521 871 1550 esset
903 1524 1064 1562 sponsus,
1086 1509 1220 1548 velavit
1240 1523 1277 1546 se

322 1575 508 1625 theristro,
525 1584 558 1612 et
576 1575 719 1613 veniens
742 1587 865 1612 servus
881 1571 999 1610 omnia
1025 1570 1117 1607 clare
1137 1570 1278 1607 nuntia·

322 1635 374 1674 vit
391 1637 499 1673 Isaac.
522 1635 589 1672 Hic
604 1634 800 1682 considera,
820 1647 893 1681 oro,
909 1631 1088 1683 quomodo
1103 1644 1277 1681 nusquam

322 1696 502 1748 superflua
540 1695 601 1732 illa
629 1704 663 1732 et
696 1693 836 1731 inutilia
849 1723 860 1743 ,
890 1705 1065 1742 nusquam
1101 1689 1280 1728 diabolica

322 1770 465 1808 pompa,
486 1770 660 1806 nusquam
690 1755 869 1807 cymbala,
885 1763 918 1791 et
946 1752 1054 1801 tibiae,
1077 1760 1110 1789 et
1126 1751 1275 1801 choreae,

323 1826 356 1854 et
372 1817 527 1854 satanica
546 1817 608 1854 illa
629 1816 803 1863 convivia,
825 1825 858 1853 et
876 1822 1068 1852 scommata
1084 1812 1179 1850 omni
1199 1812 1281 1850 obs-

326 1877 487 1914 coenitate
512 1875 635 1928 plena,
660 1874 724 1912 sed
750 1873 865 1911 omnis
892 1873 1067 1920 honestas,
1084 1870 1198 1907 omnis
1223 1884 1280 1908 sa-

327 1937 478 1989 pientia,
505 1936 620 1974 omnis
657 1935 842 1974 modestia.
866 1935 931 1972 (57.
960 1935 1130 1970 Intravit
1153 1941 1283 1970 autem

327 2001 454 2043 Isaac,
475 1998 606 2048 inquit,
623 2001 664 2035 in
683 1999 839 2035 domum
859 1997 995 2034 matris
1011 2008 1104 2040 Slcoe,
1124 2002 1160 2031 et
1177 2007 1283 2031 acce-

326 2060 384 2109 pit
399 2059 623 2105 Rebeccam,
647 2060 775 2110 etsuit
795 2059 830 2094 ei
853 2069 963 2102 uxor,
979 2064 1014 2092 et
1031 2055 1168 2091 dilexit
1180 2068 1280 2101 eam,

328 2128 364 2156 et
392 2120 694 2156 consolationem
719 2121 866 2169 accepit
885 2120 1000 2155 Isaac
1036 2130 1149 2167 super
1165 2116 1285 2153 Sarra

127 2179 247 2226 Moralts
268 2188 316 2206 ex-
331 2189 454 2218 matre
491 2194 575 2218 sua.
612 2180 711 2217 Hanc
744 2179 927 2216 imitentur
962 2177 1127 2214 mulieres
1143 2205 1154 2225 ,
1187 2176 1285 2213 hunc

127 2222 303 2298 {azimum
331 2243 540 2280 aemulentur
559 2241 628 2279 viri
641 2257 648 2277 :
663 2241 713 2278 sic
729 2254 873 2292 sponsas
888 2238 1016 2276 ducere
1033 2246 1165 2275 curent.
1187 2237 1284 2282 Qua-

129 2304 203 2329 ¹3¹¹¹⁵
246 2307 318 2328 '⁰¹¹¹‘
331 2318 367 2341 re
383 2303 489 2351 enim,
503 2303 563 2341 die
586 2317 660 2349 oro,
683 2301 804 2339 statim
831 2301 877 2337 ab
897 2299 999 2336 initio
1021 2298 1190 2336 sordibus
1212 2298 1282 2335 im-

127 2342 318 2412 &sapiunt
332 2366 420 2418 pleri
441 2365 526 2402 sinis
545 2364 672 2416 puellae
691 2376 793 2400 aures
815 2370 887 2398 tam
907 2360 1071 2411 turpibus
1088 2359 1284 2405 cantilenis,

331 2436 403 2464 tam
432 2424 678 2476 intempestiva
699 2423 761 2460 illa
786 2422 941 2474 pompa?
962 2420 1082 2458 Nescis
1106 2419 1285 2469 quomodo

122 1595 151 1611 v.
174 1583 224 1614 66.

821 156 1007 190 JoANNts
1043 154 1285 187 CHRYSOST.
1326 152 1529 183 ARCHIEP.
1569 151 1929 182 CONSTANTINOP-

1341 235 1432 277 λους.
1442 228 1545 276 Εἶδες
1558 233 1633 271 οἵαν
1647 234 1768 285 ἄγεται
1782 233 1920 286 νύμφην
1936 237 1953 272 ὃ
1967 233 2204 286 πατριάρχης
2218 232 2360 286 Ὺδρευ-

1341 294 1482 345 ομένην,
1500 294 1559 332 καὶ
1587 294 1652 341 τὴν
1671 295 1789 347 ὑδρίαν
1809 295 1867 334 ἐπὶ
1887 299 1955 333 τῶν
1976 295 2082 346 ὤμων
2103 294 2285 347 φέρουσαν,
2300 295 2360 332 καί

1340 360 1398 394 νῦν
1417 356 1522 394 πάλιν
1539 355 1709 394 ἐπιὸᾶσαν
1725 357 1781 394 ἐπὶ
1795 355 1857 399 τὰς
1870 356 2060 407 καμήλους.
2077 357 2243 406 Οὐδαμοῦ
2258 353 2354 405 ἡμίο-

1340 432 1391 455 νοι
1418 416 1558 470 ἀργύρῳ
1594 418 1898 470 περιλαμπόμεναι
1933 417 2012 461 τοὺς
2043 419 2254 471 τραχήλους,
2283 415 2361 455 οὐδὲ

1341 480 1482 517 οἶκε-ῶν
1515 479 1729 528 ἐσμὸς,οὐδὲ
1751 482 1772 525 ἠ
1806 478 1919 525 πολλὴ
1943 478 2089 529 βλακεία
2123 482 2146 524 ἡ
2179 482 2237 515 νῦν
2266 493 2360 528 γινο-

1343 538 1447 589 μένη·
1481 539 1571 578 ἀλλὰ
1603 538 1753 586 τοσαύτη
1781 534 1822 586 ἦν
1852 542 1920 576 τῶν
1950 541 2110 576 παλαιῶν
2146 539 2318 589 γυναικῶν
2335 540 2358 583 ἡ

1344 598 1500 652 ἀνδρεία,
1521 603 1568 644 ὡς
1587 599 1646 638 καὶ
1668 599 1726 637 ἐπὶ
1745 599 1807 642 τὰς
1825 598 2006 650 καμήλους
2034 599 2141 643 αὐτὰς
2159 597 2360 644 ἐπιὸαίνειν,

1343 661 1402 699 καὶ
1419 662 1526 706 οὕτως
1551 663 1757 713 ὁδοιπορεῖν.
1785 661 1855 699 Καὶ
1879 660 2127 713 ἐπορεύθησαν,
2148 660 2250 713 φησὶ,
2274 657 2362 708 μετὰ

1341 725 1401 759 τοῦ
1423 722 1618 775 ἀνθρώπου.
1637 722 1681 761 Ὁ
1697 721 1732 760 δὲ
1751 721 1874 760 Ἰσαὰκ
1892 716 1982 773 ἐξῄει
2007 723 2241 773 ἀδολεσχῆσαι
2261 721 2308 762 εἷς
2324 719 2364 757 τὸ

1341 784 1456 822 πεδίον
1477 785 1516 822 τὸ
1534 784 1620 838 πρὸς
1643 783 1769 831 δείλης,
1789 783 1848 821 καὶ
1867 783 2067 835 ἀναὸλέψας
2085 788 2156 826 τοῖς
2176 783 2364 834 ὀφθαλμοῖς

1342 836 1413 881 εἶδε
1428 843 1490 886 τὰς
1519 844 1698 894 καμήλους
1728 842 1928 895 ἐρχομένας.
1949 844 2012 886 Εἷς
2036 843 2075 882 τὸ
2099 842 2232 889 πεδίον,
2247 839 2364 893 φησὶν,

1343 906 1361 941 ὁ
1381 902 1505 942 Ἰσαὰκ
1534 904 1720 955 διατρίὸων
1753 904 1918 942 ἐθεάσατο
1945 903 2007 946 τὰς
2039 903 2230 954 καμήλους.
2257 901 2302 939 ‘H
2329 898 2365 937 δὲ

1344 964 1516 1003 Ῥεβέκκα
1542 966 1660 1003 ἰδοῦσα
1689 966 1746 1003 τὸν
1767 964 1911 1012 Ἰσαὰκ,
1934 963 2175 1011 κατεπήδησεν
2200 963 2268 1001 ἀπὸ
2303 963 2365 1006 τῆς

1343 1025 1523 1075 καμήλου,
1545 1026 1604 1063 καὶ
1626 1019 1700 1063 εἷπε
1727 1028 1776 1077 τῷ
1795 1024 1914 1062 παιδί·
1936 1024 1987 1067 τίς
2023 1027 2115 1063 ἐστιν
2144 1027 2161 1061 ὃ
2187 1024 2366 1076 ἄνθρωπος

1345 1089 1472 1129 ἐκεῖνος
1490 1088 1507 1123 ὃ
1532 1086 1761 1139 πορευόμενος
1794 1087 1828 1123 ἐν
1865 1089 1914 1138 τῷ
1943 1085 2052 1137 πεδίῳ
2086 1087 2132 1127 εἷς
2159 1084 2366 1130 συνάντησιν

1343 1144 1486 1196 ι’ἦμὶὔν5
1504 1143 1601 1192 ”Ορα
1622 1148 1684 1191 τῆς
1712 1143 1817 1197 κόρης
1849 1143 1912 1190 τὴν
1945 1143 2134 1195 εὐγένειαν·
2157 1141 2275 1188 ἐπειδὴ
2299 1136 2381 1179 εἶδε

1345 1207 1402 1245 τὸν
1432 1205 1574 1254 Ἰσαὰκ,
1608 1205 1815 1244 ἐπυνθάνετο
1845 1204 1896 1247 τίς
1929 1205 1993 1250 εἴη.
2031 1203 2100 1242 Καὶ
2132 1207 2290 1254 μαθοῦσα
2315 1202 2370 1241 ὅτι

1300 1274 1325 1304 D
1347 1267 1446 1311 αὐτός
1467 1269 1558 1306 ἐστιν
1580 1270 1597 1305 ὃ
1618 1266 1754 1317 μέλλων
1781 1265 1886 1312 αὐτὴν
1917 1266 2080 1318 ἄγεσθαι,
2100 1265 2368 1318 περιεὸάλλετο,

1346 1329 1452 1378 φησὶ,
1471 1329 1510 1367 τὸ
1526 1329 1715 1382 θέριστρον,
1734 1328 1792 1365 καὶ
1819 1327 2097 1379 παραγενόμενος
2114 1329 2131 1364 ὁ
2149 1331 2231 1369 παῖς
2247 1325 2370 1377 διηγή-

1346 1406 1430 1430 σατο
1465 1390 1579 1428 πάντα
1613 1388 1701 1440 μετὰ
1737 1388 1916 1441 ἀκριὸείας
1949 1390 1999 1440 τῷ
2032 1387 2166 1426 Ἰσαάκ.
2195 1387 2370 1425 Ἐνταῦθα

1347 1453 1468 1492 σκόπει
1485 1468 1565 1502 μοι,
1589 1450 1766 1502 ἀγαπητὲ,
1781 1453 1855 1494 πῶς
1874 1451 2025 1500 οὐδαμοῦ
2041 1449 2084 1486 τὰ
2100 1448 2248 1502 περιττὰ
2261 1453 2371 1487 ταῦτα

1346 1512 1406 1550 καὶ
1438 1511 1609 1557 ἀνόνητα,
1641 1510 1792 1560 οὐδαμοῦ
1825 1507 1950 1559 πομπὴ
1984 1507 2192 1554 διαὸολικὴ,
2220 1509 2372 1557 οὐδαμοῦ

1346 1572 1510 1623 κύμὲαλα
1539 1571 1598 1609 καὶ
1626 1570 1723 1608 αὐλοὶ
1752 1570 1812 1608 καὶ
1847 1576 2001 1622 χορεῖαι,
2023 1570 2083 1607 καὶ
2119 1569 2163 1608 τὰ
2199 1568 2371 1608 σατανικδι

1347 1635 1461 1671 ἐκεῖνα
1481 1630 1679 1682 συμπόσια,
1700 1630 1760 1668 καὶ
1781 1633 1816 1668 αἱ
1832 1629 2000 1680 λοιδορίαι
2021 1633 2057 1667 αἱ
2077 1630 2194 1676 πάσης
2213 1633 2372 1682 ἀσχημο-

1348 1693 1451 1739 σύνης
1471 1692 1661 1743 γέμουσαι,
1685 1690 1774 1728 ἀλλὰ
1803 1697 1900 1728 πᾶσα
1921 1690 2087 1740 σεμνότης
2103 1719 2111 1737 ,
2127 1697 2225 1727 πᾶσα
2253 1689 2374 1741 σοφία,

1349 1760 1446 1791 πᾶσα
1475 1751 1659 1790 ἐπιείκεια.
1680 1753 1832 1797 Εἷσῆλθε
1859 1750 1913 1798 δὲ,
1946 1750 2063 1799 φησὶν,
2083 1750 2207 1788 Ἰσαὰκ
2239 1752 2285 1794 εἷς
2315 1750 2373 1787 τὸν

1351 1807 1443 1852 οἷκον
1462 1817 1524 1860 τῆς
1546 1812 1676 1865 μητρὸς
1703 1814 1822 1858 αὐτοῦ,
1852 1811 1911 1849 καὶ
1944 1811 2049 1849 ἔλαὸε
2079 1810 2142 1858 τὴν
2170 1810 2374 1858 Ῥεὸέκκαν,

1306 1881 1330 1912 Ε
1353 1875 1412 1913 καὶ
1433 1875 1566 1927 ἐγένετο
1596 1876 1688 1927 αὐτῷ
1715 1873 1822 1926 γυνὴ,
1852 1873 1912 1910 καὶ
1945 1872 2126 1923 ἠγάπησεν
2163 1872 2284 1921 αὐτὴν,
2314 1872 2375 1911 καὶ

1353 1936 1558 1990 παρεκλήθη
1581 1935 1706 1974 Ἰσαὰκ
1732 1935 1812 1988 περὶ
1841 1934 1981 1987 Σάρρας
2011 1937 2073 1980 τῆς
2099 1934 2228 1986 μητρὸς
2261 1936 2374 1973 αὐτοῦ.

1353 1997 1495 2044 Ταύτην
1518 1995 1757 2048 μιμείσθωσαν
1787 1997 1822 2033 αἱ
1850 2001 2027 2046 γυναῖκες·
2050 1999 2166 2033 τοῦτον
2199 1995 2376 2042 ζηλούτω-

1355 2075 1417 2096 σαν
1440 2061 1471 2096 οἱ
1488 2058 1623 2110 ἄνδρες·
1640 2056 1728 2095 οὕτω
1745 2055 1807 2099 τὰς
1828 2055 1963 2107 νύμφας
1981 2055 2171 2107 ἀγαγέσθαι
2190 2055 2378 2100 σπουδαζέ·

1354 2135 1481 2157 τωσαν.
1499 2118 1601 2161 Τίνος
1620 2117 1687 2169 γὰρ
1705 2116 1831 2165 ἕνεκεν,
1852 2116 1927 2154 εἶπέ
1958 2133 2037 2167 μοι,
2058 2116 2091 2160 ἐξ
2114 2119 2225 2169 ἀρχῆς
2253 2117 2313 2155 καὶ
2339 2119 2379 2155 ἐκ

1355 2178 1547 2231 προοιμίων
1580 2178 1730 2224 κηλίδων
1758 2180 1944 2229 πληρῶσαι
1971 2184 2161 2229 συγχωρεῖς
2185 2181 2247 2224 τ’ἧς
2275 2178 2380 2231 κόρης

1356 2239 1418 2283 τὰς
1434 2239 1540 2282 ἀκοὰς
1556 2238 1612 2277 διὰ
1626 2240 1693 2276 τῶν
1711 2239 1864 2290 αἰσχρῶν
1885 2238 2066 2288 ᾀσμάτων,
2085 2238 2141 2276 διὰ
2158 2241 2220 2284 τῆς
2235 2239 2379 2292 ἀκαίρου

1356 2304 1500 2351 πομπῆς
1518 2299 1666 2346 ἐκείνης,
1689 2301 1765 2336 Οὐκ
1795 2293 1893 2337 οἶσθα
1919 2298 2013 2342 ὅπως
2038 2303 2059 2345 ἢ
2094 2299 2212 2346 νεότης
2244 2300 2381 2344 εὔκολος

1357 2362 1442 2413 πρὸς
1458 2362 1614 2408 ὄλισθον;
1634 2359 1668 2397 τί
1696 2360 1739 2398 τὰ
1773 2360 1881 2411 σεμνὰ
1916 2365 1975 2399 τοῦ
2012 2360 2126 2412 γάμου
2152 2361 2382 2412 ἐκπομπεύεις

1360 2422 1550 2474 μυστήρια,
1580 2420 1653 2459 δέον
1689 2421 1826 2458 ἅπαντα
1855 2425 1964 2459 ταῦτα
1993 2420 2209 2469 ἀπελαύνειν,
2238 2422 2296 2460 καὶ
2318 2421 2380 2469 τὴν

329 2486 562 2525 adolescentia
584 2499 647 2537 per
670 2499 706 2522 se
725 2484 770 2522 sit
795 2483 828 2520 in
851 2482 986 2519 malum
1006 2481 1203 2533 propensa?
1225 2494 1288 2517 cur
1302 2510 1346 2536 [491
1360 2484 1444 2521 αἰδῶ
1467 2486 1505 2521 ἐκ
1526 2482 1718 2536 προοιμίων
1741 2481 1955 2520 ,ἐκ-παιδεύειν
1971 2481 2034 2528 τὴν
2057 2482 2176 2534 κόρην,
2195 2483 2255 2521 καὶ
2272 2483 2383 2536 ἱερέας

330 2549 475 2586 honesta
504 2546 711 2598 nuptiarum
745 2543 915 2596 mysteria
950 2542 1096 2594 publice
1128 2541 1286 2579 dehone-

331 2610 424 2647 stas?
446 2624 527 2646 cum
547 2616 722 2660 oporteret
741 2607 816 2644 haee
831 2605 946 2643 omnia
967 2604 1154 2656 depellere,
1177 2613 1210 2641 et
1230 2618 1288 2642 ve-

333 2671 539 2708 recundiam
555 2668 732 2721 principio
749 2668 874 2705 docere
891 2665 1059 2718 puellam,
1076 2674 1109 2703 et
1123 2665 1286 2703 sacerdo-

332 2741 382 2768 tes
409 2745 552 2779 vocare,
568 2739 601 2767 et
626 2729 790 2781 precibus
819 2737 852 2766 et
872 2726 1180 2764 benedictionibus
1201 2741 1286 2765 con-

334 2792 493 2830 cordiam
519 2790 672 2842 conjugii
699 2789 963 2839 constringere:
985 2797 1021 2825 ut
1045 2802 1144 2825 amor
1171 2788 1288 2839 sponsi

334 2862 516 2902 angeatur,
537 2860 568 2888 et
585 2851 710 2903 puella:
727 2849 941 2887 continentia
962 2857 1108 2898 crescat,
1123 2857 1155 2885 et
1171 2849 1288 2886 omnia

334 2928 412 2964 qnze
439 2915 528 2950 fiunt
557 2927 595 2950 eo
628 2921 781 2964 spectent
802 2920 840 2948 ut
867 2911 1012 2948 virtutis
1038 2925 1143 2962 opera
1166 2910 1288 2961 ingre-

335 2975 479 3012 diantur
508 2975 542 3012 in
573 2975 718 3012 (lonium
746 2974 856 3021 illam,
877 2972 1117 3022 tollanturque
1136 2986 1154 3009 e
1175 2971 1292 3009 medio

336 3051 456 3073 omncs
468 3035 603 3073 diaboli
621 3033 891 3086 insidizr‚etipsi
907 3033 971 3071 Dei
984 3033 1120 3070 auxilio
1135 3032 1291 3084 unitiju-

1314 2548 1338 2576 Α
1360 2546 1476 2582 καλεῖν
1493 2544 1552 2582 καὶ
1582 2544 1624 2580 δι’
1646 2545 1754 2594 εὐχῶν
1773 2542 1833 2580 καὶ
1861 2544 2022 2593 εὐλογιῶν
2045 2542 2107 2589 τὴν
2133 2543 2295 2594 ὁμόνοιαν
2323 2547 2383 2582 τοῦ

1359 2610 1569 2650 συνοικεσίου
1591 2610 1804 2662 συσφίγγειν,
1826 2609 1882 2648 ἵνα
1902 2609 1960 2647 καὶ
1980 2613 1997 2648 ὁ
2024 2610 2127 2654 πόθος
2154 2615 2213 2649 τοῦ
2235 2610 2382 2663 νυμφίου

1360 2679 1525 2726 αὔξηται,
1546 2678 1604 2716 καὶ
1624 2681 1685 2723 τῆς
1714 2676 1819 2729 κόρης
1851 2680 1872 2723 ἡ
1902 2677 2104 2729 σωφροσύνη
2140 2677 2378 2724 ἐπιτείνηεαι·

1360 2746 1418 2784 καὶ
1437 2746 1493 2784 διὰ
1514 2746 1654 2784 πάντων
1673 2744 1717 2782 τὰ
1737 2746 1799 2789 τῆς
1819 2746 1943 2797 ἀρετῆς
1971 2743 2056 2795 ἔργα
2087 2744 2316 2782 εἰσελεύσεται
2335 2745 2384 2787 εἷς

1359 2813 1421 2860 τὴν
1439 2812 1548 2852 οἰκίαν
1577 2811 1722 2858 ἐκείνην,
1743 2811 1802 2848 καὶ
1824 2817 1935 2848 πᾶσαι
1962 2816 2022 2849 τοῦ
2048 2810 2209 2849 διαῧόλου
2242 2813 2277 2849 αἱ
2311 2827 2383 2861 μη-

1361 2881 1468 2933 χαναὶ
1495 2879 1650 2918 ἐκποδὼν
1686 2878 1846 2925 ἔσονται,
1866 2878 1926 2916 καὶ
1954 2879 2052 2916 αὐτοὶ
2087 2881 2161 2929 μεθ’
2183 2880 2307 2925 ἡδονῆς
2326 2879 2383 2917 τὸν

1364 2948 1436 3000 βίον
1458 2952 1471 2968 ⁰
1488 2946 1675 2994 διάξουσιν,
1695 2947 1762 2985 ὑπὸ
1781 2948 1843 2991 τῆς
1864 2949 1922 2983 τοῦ
1942 2947 2032 2984 Θεοῦ
2054 2948 2161 2997 ῥοπῆς
2183 2945 2386 2997 συγκροτού-

1364 3032 1477 3068 μενοι·
1498 3010 1539 3061 ἧς
1558 3014 1691 3066 γένοιτο
1703 3013 1837 3057 πάντας
1855 3016 1948 3062 ἡμᾶς
1970 3015 2158 3064 ἐπιτυχεῖν,
2177 3012 2296 3064 χάριτι
2326 3012 2386 3050 καὶ

338 3097 452 3135 eunde
468 3097 577 3134 vitam
597 3096 782 3148 perficiant
805 3111 811 3131 :
832 3110 903 3145 qno
920 3095 1022 3132 nobis
1041 3094 1206 3132 omnibus
1222 3093 1292 3131 frui
1316 3087 1339 3116 B
1363 3080 1605 3135 φιλανθρωπίᾳ
1620 3083 1678 3118 τοῦ
1702 3079 1828 3132 Κυρίου
1844 3082 1944 3130 ’ἡμῶν
1965 3079 2081 3125 Ἰησοῦ
2114 3079 2287 3130 Χριστοῦ,
2309 3081 2384 3130 μεθ’

337 3157 453 3203 detur,
470 3157 581 3209 gratia
609 3165 641 3193 et
665 3156 880 3207 benignitate
905 3155 1049 3193 Domini
1076 3154 1184 3193 nostri
1209 3156 1293 3194 Jesu

387 3282 402 3304 b
426 3279 530 3322 [Lxx
549 3284 631 3321 ἡμῖν.
652 3277 743 3309 Infra
760 3277 858 3309 iidem
877 3277 1098 3323 τῖε-μύωπα]

392 3344 403 3357 ¹
423 3331 634 3376 [scripsimus
661 3333 801 3369 ἓιάξουτεν
830 3341 905 3361 euin
941 3328 1043 3363 Savit.
1072 3329 1174 3362 Coist.
1201 3332 1344 3369 Ξιάξωσιν.

1364 3147 1402 3192 οῦ
1418 3155 1468 3205 τῷ
1491 3151 1608 3205 Πατρὶ
1632 3151 1708 3202 ἅμα
1726 3153 1776 3203 τῷ
1802 3149 1889 3203 ἁγίῳ
1906 3149 2089 3200 Πνεύματι
2120 3149 2214 3196 δόξα,
2242 3149 2386 3202 κράτος,

1382 3275 1495 3308 Morel.
1516 3283 1548 3307 ct
1566 3273 1684 3307 Montf.
1705 3270 1868 3316 διάγωσιν]
