2433 3775
734 193 776 223 ΙΝ
814 192 918 222 CAP.
960 191 989 221 Ι.

77 284 167 327 Θεὸς
180 281 237 321 τὸν
260 281 399 335 οὐρανὸν
418 280 477 319 καὶ
493 279 556 327 τὴν
574 281 649 330 γῆν.
675 276 808 316 Σκόπει
825 279 885 314 τοῦ
899 278 1102 325 θαυμαστοῦ

78 344 199 382 τούτου
222 343 413 396 προφήτου,
434 339 594 393 ἀγαπητὲ
607 368 616 385 ,
638 338 698 377 καὶ
721 340 756 376 ἐν
777 337 889 389 τούτῳ
909 337 950 375 τὸ
975 335 1107 387 ἐξαίρε-

77 419 146 442 τον.
174 405 221 442 Οἱ
254 403 316 455 μὲν
338 402 407 456 γὰρ
433 404 532 442 ἄλλοι
558 404 736 454 προφῆται
758 399 886 441 πάντες
904 397 927 445 ἢ
946 397 990 436 τὰ
1017 395 1109 448 μετὰ

77 463 184 502 πολὺν
206 463 354 514 ἐσόμενα
376 463 500 516 χρόνον
536 456 631 502 εἶπον
645 493 653 509 ,
674 460 696 508 ἢ
725 461 769 500 τὰ
796 461 874 499 κατ’
902 459 1002 498 αὐτὸν
1024 459 1108 508 μέλ-

77 527 181 563 λοντα
208 525 450 575 συμὸήσεσθαι
469 525 526 563 τὸν
552 522 672 575 καιρόν
693 539 700 546 ·
721 526 739 562 ὁ
763 522 799 561 δὲ
821 521 992 573 μακάριος
1011 514 1109 562 οὗτος

80 585 169 635 μετὰ
187 586 319 630 πολλὰς
337 585 455 638 γενεὰς
474 585 622 638 γεγονὼς
635 615 644 632 ,
665 589 678 604 ¹¹
689 584 756 623 ὑπὸ
774 585 835 629 τῆς
851 583 981 620 ἄνωθεν
996 581 1107 625 δεξιᾶς

79 647 307 699 δδηγούμενος
331 649 446 685 ἐκεῖνα
470 649 576 686 εἰπεῖν
596 644 794 692 κατηξιώθη
808 674 817 690 ,
838 643 860 680 ἃ
877 642 944 694 πρὸ
963 644 1025 687 τῆς
1045 644 1108 679 αὐ-

81 711 140 746 τοῦ
172 708 338 759 γενέσεως
364 708 432 746 ὑπὸ
468 713 528 746 τοῦ
548 710 616 745 τῶν
651 705 815 743 ἁπάντων
847 702 1106 755 ἐδημιουργήθη

81 770 271 807 Δεσπότου.
299 769 367 806 Διὰ
390 772 493 806 τοῦτο
520 767 579 804 καὶ
609 766 717 809 οὕτως
735 764 865 817 ἤρξατο
886 764 998 814 λέγων
1015 778 1022 785 ·
1045 762 1105 800 Ἐν

80 833 173 881 ἀρχῇ
195 829 355 875 ἐποίησεν
372 830 390 865 ὁ
410 828 499 871 Θεὸς
519 827 576 865 τὸν
605 826 747 879 οὐρανὸν
767 825 826 863 καὶ
849 824 912 871 τὴν
929 827 994 875 γῆν
1009 839 1016 847 ·
1040 839 1105 874 μο-

78 889 214 942 νονουχὶ
241 889 326 941 πρὸς
345 889 503 932 ἅπαντας
521 892 615 938 ἡμᾶς
642 890 790 938 λαμπρᾷ
814 888 904 937 βοῶν
923 888 966 936 τῇ
988 887 1105 936 φωνῇ,

79 951 138 989 καὶ
151 951 260 1002 λέγων
271 965 279 973 ·
292 952 341 1001 μὴ
353 951 419 1002 γὰρ
432 949 529 1002 παρὰ
543 948 725 1001 ἀνθρώπου
738 946 984 998 διδασκόμενος
995 950 1106 984 ταῦτα

79 1012 294 1064 φθέγγομαι;
324 1010 392 1050 ¹'‘O
411 1011 481 1049 ἀπὸ
501 1014 562 1048 τοῦ
588 1012 637 1061 μὴ
658 1010 752 1052 ὄντος
774 1011 822 1052 εἷς
848 1008 888 1046 τὸ
910 1001 998 1046 εἶναι
1019 1006 1107 1045 αὐτὰ

79 1072 306 1124 παραγαγὼν,
319 1067 416 1116 οὗτος
431 1072 489 1110 καὶ
505 1071 568 1119 τὴν
584 1071 673 1122 ἐμὴν
684 1073 843 1122 γλῶτταν
856 1069 943 1121 πρὸς
954 1069 1018 1116 τὴν
1031 1069 1107 1107 τού-

79 1149 147 1172 των
168 1133 330 1185 ἐξήγησιν
349 1133 600 1186 παρώρμησεν.
617 1132 679 1176 Ὡς
696 1127 754 1170 οῦν
775 1131 891 1170 οὐκέτι
906 1131 1003 1183 παρὰ
1021 1133 1107 1169 Μω-

81 1194 168 1239 σέως
198 1199 309 1234 ταῦτα
344 1195 542 1240 ἀκούοντες,
577 1194 668 1233 ἀλλὰ
705 1196 788 1245 παρ’
817 1195 919 1231 αὐτοῦ
944 1196 1004 1230 τοῦ
1038 1195 1105 1230 τῶν

81 1256 170 1294 ὅλων
190 1259 282 1295 Θεοῦ
301 1257 358 1296 διὰ
378 1261 440 1303 τῆς
465 1262 524 1295 τοῦ
554 1256 711 1300 Μωσέως
738 1253 909 1308 γλώττης,
929 1253 1019 1293 οὕτω
1037 1260 1108 1297 τοῖς

81 1318 278 1369 λεγομένοις
300 1318 547 1370 προσέχωμεν,
566 1320 763 1371 παρακαλῶ
775 1347 784 1363 ,
805 1317 864 1356 καὶ
892 1315 1006 1355 πολλὰ
1024 1315 1106 1368 χαί-

84 1391 153 1428 ρειν
167 1381 237 1419 τοῖς
255 1376 437 1428 ἡμετέροις
452 1379 632 1428 λογισμοῖς
650 1375 802 1418 εἰπόντες
816 1391 822 1398 ·
841 1375 1014 1428 Λογισμοὶ
1027 1374 1108 1427 γὰρ,

83 1438 207 1489 φησὶν,
228 1437 419 1489 ἀνθρώπων
443 1438 569 1484 δειλοὶ,
594 1437 653 1476 καὶ
677 1439 879 1489 ἐπισφαλεῖς
897 1440 933 1476 αἱ
959 1436 1109 1475 ἐπίνοιαι

84 1501 206 1537 αὐτῶν.
229 1498 330 1537 Μετὰ
351 1501 483 1547 πολλῆς
501 1502 564 1545 τῆς
582 1498 848 1550 εὐγνωμοσύνης
865 1498 1049 1551 δεχώμεθα
1066 1497 1109 1535 τὰ

81 1559 272 1611 λεγόμενα,
297 1560 345 1612 μὴ
371 1561 636 1614 ὑπερὸαίνοντες
650 1561 690 1599 τὸ
709 1564 834 1599 οἰκεῖον
855 1561 980 1613 μέτρον
993 1591 1002 1608 ,
1020 1558 1109 1611 μηδὲ

81 1621 125 1660 τὰ
155 1621 241 1674 ὑπὲρ
265 1624 360 1673 ἡμᾶς
392 1624 720 1676 περιεργαζόμενοι·
740 1622 825 1675 ὅπερ
843 1621 1056 1661 πεπόνθασιν
1078 1624 1109 1659 οἱ

82 1685 144 1730 τῆς
176 1683 338 1731 ἀληθείας
366 1685 503 1738 ἐχθροὶ,
537 1685 758 1737 βουληθέντες
790 1690 861 1728 τοῖς
888 1683 1025 1728 οἰκείοις
1054 1685 1110 1722 λο-

82 1751 219 1797 γισμοῖς
241 1746 428 1799 ἐπιτρέψαι
449 1747 489 1785 τὸ
514 1754 596 1794 πᾶν,
628 1747 688 1785 καὶ
721 1748 783 1785 οὐκ
815 1746 1037 1793 ἐννοήσαντες
1055 1745 1110 1784 ὅτι

82 1807 248 1845 ἀδύνατον
271 1808 358 1855 Ιττὴν
382 1809 599 1861 ἀνθρωπείαν
621 1809 723 1861 φύσιν
742 1808 805 1856 τὴν
831 1812 891 1847 τοῦ
918 1810 1010 1846 Θεοῦ
1042 1808 1108 1854 δη-

84 1868 265 1922 μιουργίαν
286 1872 585 1923 περιεργάζεσθαι.
606 1870 676 1909 Καὶ
696 1870 730 1908 τί
747 1871 839 1922 λέγω
860 1870 924 1916 τὴν
939 1873 999 1908 τοῦ
1018 1871 1110 1908 Θεοῦ

84 1931 330 1982 δημιουργίαν,
350 1930 442 1970 ’Ἀλλ’
472 1931 548 1970 οὐδὲ
578 1930 761 1984 ἀνθρώπου
793 1932 921 1983 τέχνην
942 1934 1002 1968 τοῦ
1023 1934 1109 1981 ὁμο-

82 1996 201 2042 γενοῦς
220 1996 304 2043 ἡμῖν
324 1992 612 2046 περιεργάζεσθαι
642 1993 798 2031 δυνατόν.
821 1993 909 2031 Εἰπὲ
932 1992 999 2045 γάρ
1023 2007 1105 2043 μοι,

84 2057 158 2097 πῶς
186 2054 255 2092 ἀπὸ
276 2058 338 2101 τῆς
363 2056 576 2105 μεταλλικῆς
596 2056 722 2107 τέχνης
739 2055 882 2108 χρυσίου
904 2054 1109 2092 συνίσταται

85 2115 243 2166 φύσις;ἢ
275 2119 349 2159 πῶς
376 2119 438 2162 τ’ἧς
465 2116 564 2154 ὑέλου
585 2119 606 2162 ἡ
632 2115 827 2167 καθαρότης
857 2115 926 2153 ἀπὸ
961 2115 1108 2167 ψάμμου

82 2176 234 2227 γίνεται,
257 2177 349 2215 Ἀλλ’
375 2179 436 2215 οὐκ
467 2177 507 2214 ἂν
530 2177 622 2229 ἔχοις
644 2179 767 2215 εἰπεῖν.
796 2178 840 2215 Εἰ
859 2176 972 2214 τοίνυν
998 2179 1109 2214 ταῦτα

82 2238 126 2276 τὰ
145 2238 213 2290 πρὸ
230 2241 298 2276 τῶν
321 2240 507 2292 ὀφθαλμῶν
525 2239 681 2290 κείμενα,
702 2239 760 2277 καὶ
783 2239 872 2292 ἅπερ
892 2238 948 2277 διὰ
969 2237 1031 2285 τὴν
1051 2242 1111 2276 τοῦ

83 2301 176 2337 Θεοῦ
215 2300 476 2352 φιλανθρωπίαν
519 2300 624 2353 σοφία
670 2300 869 2352 ἀνθρωπίνη
910 2300 1111 2353 ἐργάζεται,

83 2359 98 2380 ‘¹
111 2364 325 2412 καταμαθεῖν
345 2364 382 2400 οὐ
411 2362 567 2409 δυνατὸν,
587 2361 632 2400 τὰ
651 2363 722 2401 ἀπὸ
739 2365 798 2400 τοῦ
819 2363 913 2400 Θεοῦ
944 2363 1112 2412 ’δημιουρ-

83 2422 233 2473 γηθέντα
259 2423 484 2476 περιεργάζη,
511 2424 689 2476 ἄνθρωπε;
710 2423 780 2462 Καὶ
805 2424 908 2466 ποίας
934 2424 973 2461 ἂν
994 2423 1114 2475 τύχοις

83 2483 307 2535 συγγνώμης,
330 2485 421 2529 τίνος
443 2485 478 2523 δὲ
502 2488 691 2535 ἀπολογίας
722 2484 812 2524 οὕτω
845 2483 1030 2536 μεμηνὼς,
1053 2485 1113 2523 καὶ

83 2543 126 2581 τὰ
156 2543 244 2597 ὑπὲρ
262 2545 325 2593 τὴν
342 2551 470 2585 σαυτοῦ
490 2546 591 2599 φύσιν
611 2546 883 2598 φανταζόμενος,
903 2547 956 2585 Τὸ
971 2546 1038 2599 γὰρ
1059 2545 1113 2585 λέ-

82 2621 155 2656 γειν
174 2605 210 2650 ἐξ
226 2607 457 2657 ὑποκειμένης
477 2607 561 2655 ὕλης
582 2608 626 2645 τὰ
645 2607 728 2646 ὄντα
745 2610 966 2660 γεγενῆσθαι,
985 2608 1044 2646 καὶ
1063 2607 1111 2659 μὴ

83 2667 264 2719 ὁμολογεῖν
289 2667 343 2706 ὅτι
374 2667 409 2712 ἐξ
435 2671 496 2707 οὐκ
522 2668 630 2707 ὄντων
664 2668 751 2706 αὐτὰ
782 2669 986 2721 παρήγαγεν
1006 2673 1023 2708 ὃ
1042 2673 1111 2708 τῶν

84 2727 249 2766 ἁπάντων
269 2730 495 2783 δημιουργὸς,
520 2734 582 2777 τῆς
609 2730 762 2782 ἐσχάτης
782 2730 1051 2784 παραφροσύνης
1072 2731 1111 2769 ἂν

85 2788 138 2836 εἴη
165 2796 322 2840 σημεῖον.
346 2791 581 2844 Ἐμφρᾶττων
600 2793 714 2831 τοίνυν
739 2796 806 2832 τῶν
829 2792 1041 2844 ἀγνωμόνων
1069 2792 1114 2831 τὰ

86 2850 248 2902 στόματα
274 2856 292 2890 ὁ
319 2854 490 2907 μακάριος
514 2848 611 2899 οῦτος
631 2855 823 2908 προφήτης,
842 2854 978 2906 μέλλων
1009 2855 1115 2907 ἄρχε-

88 2915 168 2950 σθαι
187 2917 247 2951 τοῦ
267 2914 404 2965 βιὸλίου
418 2945 428 2963 ,
449 2914 558 2959 οὕτως
586 2916 732 2969 ἤρξατο·
753 2917 814 2955 'liv
837 2920 929 2970 ἀρχῇ
953 2917 1114 2964 ἐποίησεν

87 2977 105 3012 ὃ
124 2975 213 3018 Θεὸς
236 2975 295 3013 τὸν
318 2977 459 3029 οὐρανὸν
477 2978 536 3016 καὶ
556 2978 619 3026 τὴν
638 2982 718 3031 γῆν.
739 2978 855 3017 “Οταν
885 2973 943 3017 οῦν
965 2979 1115 3030 ἀκούσης

87 3036 143 3085 τὸ,
167 3036 348 3087 Ἐποίησε,
366 3043 379 3058 ³
392 3039 498 3087 μηδὲν
523 3039 639 3093 ἕτερον
653 3040 892 3095 περιεργάζου,
913 3041 1003 3080 ἀλλὰ
1017 3040 1114 3079 κοί-τω

132 3181 145 3195 “
162 3171 299 3204 COisl'tn-
318 3176 374 3207 ὑπ’)
391 3181 440 3211 τῆς
456 3178 566 3207 ἄνωθεν
583 3177 711 3213 ἐξουσίας
728 3175 809 3215 33⁷1?-

1030 188 1192 220 GttNIts.

2103 167 2124 178 ,-

2076 181 2128 211 Ιίὶ

1233 187 1389 217 nomn„
1431 187 1477 216 ll.

1130 276 1153 306 B
1177 271 1316 309 coelum
1337 278 1373 307 et
1395 278 1552 307 tetram.
1576 264 1767 304 Considera
1792 265 1827 301 in
1842 263 2130 312 huqearissime,

1179 345 1287 383 quam
1320 328 1547 368 admirabilis
1568 336 1600 365 et
1625 325 1778 364 eximius
1801 324 1846 362 sit
1863 324 1928 362 iste
1947 324 2130 376 propheta.

1182 393 1255 431 Atii
1282 392 1377 430 enim
1414 404 1535 429 omnes
1572 387 1754 441 propheta:
1788 399 1826 423 ea
1854 384 2046 431 dixerunt,
2076 384 2133 420 vel

1180 469 1258 506 quae
1277 453 1401 492 multis
1420 461 1541 506 postea
1565 448 1785 501 temporibus
1811 447 1932 484 sutura
1947 453 2060 493 erant,
2078 444 2134 481 vel

1179 531 1258 567 qum
1279 515 1399 554 statim
1425 522 1593 552 eventura
1621 518 1734 549 essent
1755 525 1762 545 :
1783 508 1908 546 beatus
1926 515 2044 544 autem
2059 505 2136 551 iste,

1178 587 1282 615 natus
1298 591 1378 615 cum
1392 577 1468 628 jani
1486 574 1598 612 multa
1619 570 1744 610 mundi
1767 569 1974 608 transissent
1993 567 2134 613 saecula,

1177 638 1304 676 ducem
1329 637 1474 675 sortitus
1496 648 1687 687 supernam
1711 632 1909 677 dexteram,
1929 629 2059 680 dignus
2085 637 2137 665 est

1178 700 1337 747 habitus,
1359 707 1397 736 ut
1422 698 1484 735 illa
1511 696 1613 734 nobis
1644 695 1790 741 diceret,
1808 707 1885 743 quae
1909 700 1990 730 ante
2016 699 2134 728 ortum

1177 774 1283 797 suum
1301 759 1461 797 omnium
1480 757 1658 795 Dominus
1677 757 1905 793 formaverat.
1927 753 2065 790 Idcirco
2081 751 2138 789 his

1178 821 1305 873 incipit
1322 819 1439 858 vei-bis
1459 821 1531 856 :In
1548 817 1851 870 principt'osecit
1873 815 1978 851 Deus
1999 814 2136 851 coelum

1180 891 1215 920 et
1231 891 1374 920 terram
1394 897 1404 916 .-
1424 879 1526 931 quasi
1552 878 1597 916 ad
1617 891 1738 916 omnes
1763 890 1825 914 nos
1847 875 1940 912 clara
1961 888 2047 911 voce
2066 875 2139 912 cla-

1180 952 1270 992 met,
1297 952 1330 981 et
1356 941 1452 980 dicat
1475 957 1482 977 :
1506 941 1603 980 Num
1628 939 1673 976 ab
1702 936 1910 976 hominibus
1940 934 2080 983 doceor,
2101 945 2140 973 ut

1178 1006 1256 1047 haec
1276 1005 1428 1056 loquar?
1446 1005 1480 1042 Is
1507 1003 1582 1056 ipse
1613 1001 1673 1053 qui
1706 1000 1783 1038 liaec
1812 1012 1894 1037 cum
1917 1011 1986 1035 non
2015 1007 2140 1046 essent,

1180 1068 1274 1115 fecit,
1298 1077 1337 1105 ut
1361 1075 1487 1108 essent.
1506 1066 1668 1117 linguam
1689 1076 1804 1101 meam
1829 1060 1874 1098 ad
1895 1060 2017 1097 isthaec
2039 1074 2144 1097 enai·-

1180 1129 1291 1167 randa
1317 1128 1476 1181 impulit.
1492 1127 1609 1179 Igitur
1625 1125 1785 1172 obsecro,
1812 1122 1859 1160 ita
1887 1122 2142 1170 auscultemus,

1179 1191 1227 1228 ita
1241 1190 1370 1228 nostris
1382 1188 1580 1227 ratiociniis
1593 1188 1741 1238 longum
1752 1184 1833 1223 vale
1856 1183 2032 1229 dicamus,
2049 1197 2142 1234 qua-

1180 1253 1208 1291 si
1227 1252 1304 1290 haec
1318 1266 1387 1290 non
1397 1252 1473 1304 jam
1487 1265 1507 1288 a
1523 1251 1636 1298 Mose,
1651 1247 1713 1287 sed
1723 1262 1786 1300 per
1800 1247 1958 1298 linguam
1973 1246 2084 1284 Mosis
2096 1245 2142 1282 ab

1182 1314 1259 1366 ipso
1288 1313 1538 1351 universorum
1573 1312 1650 1348 Deo
1677 1308 1879 1347 audiamus.
1919 1309 2141 1345 Ratiocinia
2156 1306 2277 1344 Sap.9.
2298 1305 2345 1342 nl..

1182 1376 1277 1414 enim
1297 1377 1496 1414 hominum
1509 1374 1648 1411 timida
1668 1380 1774 1420 sunt,
1794 1370 1968 1421 inquit‚el
1986 1372 2142 1406 incerloe

1182 1440 1435 1490 cogitationes
1449 1449 1593 1473 eorum.
1610 1433 1723 1472 Grato
1736 1431 1933 1470 admodum
1948 1429 2067 1468 animo
2086 1444 2142 1467 ac-

1182 1499 1358 1551 cipiamus
1385 1512 1463 1549 quae
1487 1496 1669 1543 dicuntur,
1690 1509 1733 1532 ne
1755 1492 2030 1546 progrediamur
2048 1492 2142 1530 ultra

1182 1575 1289 1612 quam
1298 1561 1366 1599 sert
1373 1573 1546 1598 mensurae
1558 1567 1683 1596 nostrae
1698 1555 1862 1602 tenuitas,
1873 1568 1960 1593 neve
1967 1554 2142 1592 curiosius

1182 1637 1262 1674 quae
1279 1637 1385 1676 supra
1398 1637 1461 1660 nos
1474 1629 1556 1659 sunt
1572 1618 1781 1670 indagemus
1800 1633 1807 1653 :
1825 1617 1864 1655 id
1879 1616 1975 1668 quod
1983 1616 2144 1654 veritatis

1182 1685 1345 1724 hostibus
1364 1684 1493 1732 evenit,
1514 1682 1576 1734 qui
1601 1681 1792 1719 voluerunt
1820 1679 1977 1732 propriis
1998 1678 2142 1716 ratioci-

1183 1747 1252 1785 niis
1268 1746 1432 1784 universa
1453 1743 1668 1797 expendere,
1686 1755 1754 1779 non
1769 1741 1964 1791 cogitantes
1978 1739 2143 1792 impossi-

1183 1809 1256 1846 bile
1272 1821 1346 1845 esse
1364 1807 1532 1844 humanae
1548 1813 1685 1842 naturae
1706 1802 1772 1840 Dei
1794 1801 1981 1854 opificium
2000 1801 2142 1853 penitus

1183 1869 1382 1922 explorare.
1403 1867 1514 1914 Quid,
1538 1866 1697 1916 inquam,
1723 1864 1790 1902 Dei
1821 1863 2030 1915 opificium,
2061 1876 2143 1900 cum

1182 1944 1296 1982 neque
1321 1928 1492 1977 hominis,
1515 1926 1575 1978 qui
1603 1925 1704 1963 nobis
1734 1934 1861 1962 natura
1883 1933 2052 1975 cognatus
2079 1932 2142 1968 est,

1183 2001 1274 2030 artes
1293 1990 1435 2044 penitus
1452 1987 1613 2039 indagari
1633 1986 1793 2040 possint?
1805 1986 1872 2024 Dic
1888 1985 2141 2036 enim,qua‘so‚

1184 2052 1363 2104 quomodo
1386 2065 1448 2104 per
1463 2049 1678 2087 metallicam
1691 2057 1803 2086 artem
1823 2047 1900 2084 auri
1920 2056 2043 2084 natura
2060 2061 2144 2084 con-

1184 2113 1316 2152 flatur?
1334 2113 1390 2150 vel
1411 2109 1590 2162 quomodo
1610 2109 1695 2147 vitri
1719 2108 1856 2161 puritas
1875 2122 1920 2146 ex
1941 2122 2046 2145 arena
2068 2108 2145 2145 essi-

1184 2175 1301 2213 citur?
1317 2176 1457 2213 Verum
1482 2185 1549 2210 non
1573 2171 1684 2208 habes
1715 2184 1793 2220 qua:
1829 2169 1942 2208 dicas.
1968 2169 2006 2207 Si
2035 2169 2145 2219 igitur

1184 2236 1261 2274 liaec
1276 2249 1355 2287 quae
1371 2243 1452 2272 ante
1465 2233 1587 2272 oculos
1600 2240 1683 2270 sunt
1703 2231 1830 2284 posita,
1853 2239 1886 2268 et
1901 2245 1979 2281 quae
2002 2244 2064 2283 per
2078 2231 2145 2268 Dei

1184 2297 1442 2350 benignitatem
1468 2295 1627 2333 humana
1653 2301 1821 2345 operatur
1837 2291 2024 2344 sapientia,
2043 2291 2145 2329 intel-

1185 2359 1250 2411 ligi
1279 2367 1458 2410 ncqueunt
1480 2371 1560 2408 qum
1586 2370 1606 2393 a
1636 2356 1711 2392 Deo
1738 2354 1816 2406 ipso
1843 2354 1933 2391 facta
1968 2362 2064 2402 sunt,
2081 2368 2145 2391 cu-

1187 2422 1344 2460 riositate
1368 2429 1427 2458 tua
1458 2417 1630 2469 inquires,
1649 2415 1787 2454 homo?
1808 2415 1928 2461 Quam
1949 2415 2145 2465 assequeris

1187 2482 1358 2523 veniam?
1384 2495 1452 2532 qua
1483 2489 1517 2517 te
1548 2478 1704 2517 tueberis
1736 2476 1952 2524 defensioue,
1974 2477 2020 2514 ita
2055 2476 2147 2513 insa-

1187 2546 1300 2591 niens,
1323 2553 1363 2582 ut
1384 2557 1463 2594 quae
1491 2556 1600 2594 supra
1629 2549 1764 2578 natura)
1795 2548 1864 2577 tnae
1885 2547 2028 2590 captum
2053 2546 2147 2585 sunt,

1186 2605 1407 2660 speculeris?
1425 2603 1552 2642 Dicere
1573 2601 1669 2639 enim
1688 2615 1727 2639 ea
1750 2614 1828 2651 quae
1850 2608 1931 2636 sunt
1955 2613 2000 2636 cx
2022 2598 2146 2650 subje-

1188 2679 1241 2707 cta
1256 2666 1404 2706 materia
1430 2679 1503 2703 csse
1529 2664 1632 2710 sacta,
1655 2671 1688 2700 et
1706 2676 1774 2699 non
1792 2659 1966 2706 confiteri,
1982 2658 2145 2697 omnium

1187 2730 1364 2783 Opificem
1384 2742 1422 2765 ea
1448 2740 1492 2764 ex
1508 2724 1622 2762 nihilo
1637 2723 1822 2769 creavisse,
1845 2720 2066 2773 desipientiae
2084 2734 2146 2757 ex-

1186 2803 1306 2831 trcmae
1341 2790 1484 2841 signum
1520 2785 1638 2824 fuerit.
1671 2785 1800 2823 Beatus
1827 2783 1944 2835 itaque
1972 2782 2165 2835 propheta-

1136 2887 1166 2912 10
1189 2855 1266 2898 iste,
1291 2849 1491 2891 obturando
1523 2845 1768 2899 insipientium
1793 2859 1854 2883 ora
1869 2874 1878 2891 ,
1899 2844 2148 2896 auspicaturus

1142 2928 1163 2955 Α
1188 2917 1350 2964 librum,
1383 2912 1433 2951 sic
1467 2909 1574 2961 coepit
1595 2924 1601 2944 :
1622 2910 1671 2945 In
1694 2909 1885 2959 principio
1903 2907 2007 2959 fecit
2040 2906 2147 2942 Deus

1189 2978 1326 3017 caelum
1356 2983 1391 3012 et
1425 2982 1581 3010 ter-ram.
1614 2969 1704 3006 Cum
1737 2967 1848 3019 igitur
1875 2965 1991 3011 audis,
2020 2967 2145 3014 Fecit,

1189 3038 1281 3078 nihil
1299 3035 1400 3075 aliud
1424 3033 1515 3070 ultra
1546 3029 1723 3069 curiosius
1745 3042 1862 3080 quatre
1883 3044 1891 3064 z
1912 3027 1973 3066 sed
1992 3027 2146 3065 humum

1177 3168 1193 3192 ¹¹
1213 3166 1346 3210 Aliquot
1368 3167 1448 3198 Mss.
1465 3167 1645 3198 καταλαέεῖν
1670 3167 1702 3198 ο)
1726 3166 1857 3197 δυνατόν.
1877 3162 1954 3194 Mox
1983 3171 2043 3199 πῶς
2069 3167 2146 3192 ante

134 3223 151 3246 b
167 3223 266 3256 Coisl.
287 3229 301 3258 ‘o
328 3230 358 3258 ἐκ
383 3231 436 3259 τοῦ
460 3232 504 3267 μὴ
527 3229 619 3263 ὄντος.
644 3224 707 3257 Alii
729 3230 744 3259 ὸ
769 3230 829 3259 ἀπὸ
855 3228 907 3258 τοῦ
933 3229 977 3267 μὴ
1002 3227 1094 3261 ὄντος,
1132 3227 1187 3259 τά,
1206 3218 1297 3263 quod
1317 3225 1388 3250 erat
1407 3219 1438 3248 in
1453 3215 1583 3255 Morel.‚
1602 3214 1695 3248 deest
1718 3215 1750 3248 in
1768 3214 1906 3248 Coistin.
1935 3222 1968 3245 et
1988 3211 2090 3246 Saril.
2115 3221 2148 3242 et

92 3274 200 3317 Pergit
214 3276 350 3311 coislin.
371 3283 410 3316 εἰς
427 3284 460 3312 τὸ
484 3282 554 3312 εἶναι
576 3285 673 3313 ταῦτα
697 3283 796 3313 πάντα
812 3284 1013 3323 παραγαγών,
1032 3287 1099 3308 non
1133 3273 1166 3305 in
1182 3271 1334 3304 omnibus
1346 3270 1417 3302 aliis
1431 3280 1513 3312 pene
1526 3266 1929 3312 Manuscriptis5idcoque
1946 3272 2148 3308 expunctum

92 3324 189 3357 male.

140 3384 150 3396 ‘
166 3377 300 3410 Coislin.
322 3389 357 3425 τῇ
374 3386 542 3427 ἀνθρωπεία
565 3385 653 3427 φύσει·

1134 3326 1208 3358 fuit.

1179 3389 1192 3404 n
1218 3377 1335 3422 Regius
1352 3386 1433 3408 unus
1449 3379 1493 3418 μὴ
1513 3378 1623 3417 ἕτερον·
