2516 3791
888 162 944 193 DE.
986 163 1102 192 &NNA
1140 162 1286 192 st-:ttnto
1327 164 1355 191 Ι.

104 248 285 302 γινόμενα,
304 249 342 287 οὐ
356 247 467 299 γάμος
487 247 592 295 ἐστὶν,
613 247 689 284 ἀλλ’
711 245 831 291 ἁπλῶς
845 245 1040 298 χρημάτων
1060 246 1122 296 ἔμ-

98 310 203 363 πορία
214 339 224 357 ,
243 309 303 348 καὶ
318 307 505 356 καπηλεία.
521 307 638 347 υΟταν
657 306 725 362 γὰρ
740 307 799 346 καὶ
815 307 884 362 πρὸ
907 310 975 346 τῶν
999 306 1122 359 γάμων

98 369 342 423 διεφθαρμένος
363 371 381 407 δ
411 368 484 413 νέος
512 362 554 421 ᾗ,
577 367 638 407 καὶ
667 367 757 420 μετὰ
788 368 846 408 τὸν
876 368 989 421 γάμον
1015 367 1121 407 πάλιν

96 432 182 484 πρὸς
201 430 322 484 ἑτέραν
344 430 456 484 βλέπῃ
486 436 657 483 γυναῖκα,
674 429 709 468 τί
734 432 803 468 τῶν
835 430 960 481 γάμων
983 429 1122 482 ὄφελος,

95 492 170 532 εἶπέ
186 507 266 543 μοι,
289 492 427 536 Mem-w
449 491 512 544 μὲν
531 485 589 531 οῧν
609 494 630 539 ἡ
654 491 809 540 κόλασις,
838 490 1080 544 ἀσύγγνωστος
1099 493 1121 537 ἡ

96 553 270 607 ἁμαρτία,
285 553 367 594 ὅταν
382 553 542 606 γυναικὸς
559 553 653 592 ἔνδον
668 552 772 600 οὔσης
791 555 839 597 εἰς
857 552 987 604 πόρνας
1000 552 1123 591 ἑαυτὸν

97 615 313 668 καταισχύνῃ
326 646 335 664 ,
351 615 411 654 καὶ
440 614 600 668 μοιχείαν
628 615 828 668 ἐργάζηται.
850 613 951 653 Μετὰ
970 613 1038 666 γὰρ
1054 630 1121 666 γυ-

96 684 217 726 ναῖκα,
233 683 247 699 ‘¹
258 677 322 716 κᾶν
338 676 449 730 πόρνη
469 671 491 729 ἧ
515 680 537 723 ἡ
565 675 866 730 προσφθειρομένη
882 679 932 730 τῷ
963 692 1122 729 γεγαμη-

95 737 172 776 κότι
184 769 194 787 ,
213 737 353 791 μοιχεία
370 737 410 776 τὸ
426 736 575 791 πρᾶγμά
591 739 680 776 ἐστι.
700 739 823 776 Ταῦτα
840 736 875 775 δὲ
891 736 1046 789 γίνεται,
1061 737 1120 776 καὶ

95 800 185 853 μετὰ
199 801 311 852 γάμον
332 799 418 852 πρὸς
436 798 498 844 τὰς
514 798 774 851 ἑταιριζομένας
790 804 958 850 γυναῖκας
971 799 1121 854 τρέχου-

95 878 162 910 σιν,
181 860 301 908 ἐπειδὴ
317 861 385 913 πρὸ
398 865 458 899 τοῦ
473 859 588 912 γάμου
604 865 791 913 σωφρονεῖν
811 862 873 899 οὐκ
892 863 1120 912 ἐμελέτησαν.

96 924 275 962 Ἐντεῦθεν
296 921 431 974 μάχαι,
454 921 514 959 καὶ
540 922 728 973 λοιδορίαι,
747 922 807 960 καὶ
826 924 945 961 οἰκιῶν
973 926 1122 977 ἀνατρο-

91 985 182 1034 παὶ,
201 984 260 1023 καὶ
279 984 506 1036 καθημερινοὶ
523 983 696 1035 πόλεμοι·
725 987 881 1024 ἐντεῦθεν
908 988 926 1024 ὁ
944 986 1031 1038 πρὸς
1056 987 1120 1036 τὴν

92 1051 240 1099 γυναῖκα
267 1046 353 1100 ἔρως
380 1048 526 1099 ὑποῤῥεῖ
554 1045 614 1084 καὶ
645 1046 872 1099 μαραίνεται,
904 1050 967 1095 τ’ἤς
994 1050 1029 1087 ἐν
1050 1055 1122 1095 τοῖς

91 1108 263 1160 πορνείοις
280 1107 419 1160 ὁμιλίας
439 1108 626 1156 ἐκλυούσης
643 1107 758 1147 αὐτόν.
774 1108 836 1153 Ὡς
857 1108 916 1149 ἐὰν
932 1117 1119 1164 σωφρονεῖν

94 1169 186 1222 μάθῃ
202 1199 212 1218 ,
232 1170 372 1208 πάντων
391 1169 630 1223 ποθεινοτέραν
650 1169 714 1218 τὴν
735 1172 840 1209 αὐτοῦ
857 1178 1007 1223 γυναῖκα
1026 1173 1120 1225 ἡγή-

93 1247 208 1279 σεται,
227 1231 286 1270 >eorl
312 1231 401 1283 μετὰ
428 1232 560 1278 πολλῆς
590 1231 698 1279 αὐτ-ὴν
725 1232 850 1285 ὄψεται
875 1236 938 1280 τῆς
968 1233 1119 1284 εὐνοίας,

91 1293 151 1331 καὶ
166 1293 298 1340 πολλὴν
312 1294 398 1346 πρὸς
417 1293 524 1340 αὐτὴν
544 1293 690 1347 τηρήσει
702 1293 766 1341 τὴν
781 1293 944 1344 ὁμόνοιαν
957 1309 965 1318 ·
981 1296 1120 1347 εἰρήνης

2060 154 2151 198 82⁷,

1146 248 1171 278 D
1196 259 1270 293 nes,
1297 245 1542 284 custodiantur
1567 260 1586 284 a
1613 246 1714 285 nobis
1740 247 1905 299 juvenes.
1936 249 2035 288 Nihil
2073 260 2155 289 :eta-

1195 313 1266 342 tem
1294 305 1395 344 illam
1427 306 1515 345 adeo
1557 306 1646 346 solet
1687 321 1859 346 exornare
1891 323 1934 346 ac
1971 310 2155 361 pudicitiae

1195 380 1337 413 corona,
1372 368 1454 406 etsi
1485 368 1566 420 quis
1588 367 1635 407 ab
1667 369 1764 408 omni
1795 369 1941 408 lascivia
1976 385 2089 422 purus
2109 373 2155 411 ad

1195 430 1403 483 conjugium
1427 432 1560 470 veniat.
1599 432 1660 470 Sic
1695 441 1728 470 et
1763 433 1929 471 mulieres
1963 433 2036 471 illis
2070 435 2155 473 sient

1194 492 1379 541 amabiles,
1409 506 1491 530 cum
1520 502 1625 530 antea
1646 493 1744 532 nulla
1771 508 1807 532 se
1835 494 2067 533 fornicatione
2085 510 2152 533 ex-

1193 553 1359 602 ercuerit,
1380 563 1440 592 aut
1461 563 1629 607 corrupta
1657 554 1765 593 suerit
1795 555 1929 603 anima,
1958 570 2041 594 cum
2077 571 2154 596 eain

1193 613 1306 652 solam
1339 615 1526 653 mulierem
1552 625 1672 653 notam
1701 616 1867 654 habuerit
1896 617 2054 669 juvenis,
2075 633 2155 670 quae

1193 675 1261 713 sibi
1290 677 1396 715 fuerit
1430 677 1565 730 nuptiis
1591 678 1767 730 copulata.
1787 678 1848 717 Sic
1877 688 1909 717 ct
1937 678 2157 718 ardentiores

1193 751 1345 788 amores,
1369 747 1402 776 et
1425 738 1597 777 sincerior
1627 739 1887 788 benevolentia,
1919 740 1970 778 sic
1998 741 2156 780 amicitia

1194 797 1235 836 fit
1253 799 1513 851 vehementior,
1536 814 1617 838 cum
1635 800 1680 839 ad
1712 801 1858 854 nuptias
1889 802 2040 855 juvenes
2073 817 2156 841 curn

1194 868 1290 898 tanta
1324 861 1488 900 cautione
1510 862 1745 914 perrexerint.
1768 864 1860 901 Nam
1882 877 1977 902 nunc
2008 864 2156 915 quidem

1144 927 1168 958 E
1193 936 1271 974 quae
1290 932 1463 975 geruntur
1484 937 1554 962 non
1574 924 1708 977 nuptiae
1729 933 1823 974 sunt,
1844 924 1905 963 sed
1919 940 2015 964 mera
2048 940 2156 978 nego-

1194 984 1295 1023 tiatio
1314 985 1487 1038 pecuniae,
1513 994 1547 1024 et
1571 986 1795 1039 cauponatio.
1823 988 1916 1025 Cum
1951 987 2047 1026 enim
2074 997 2156 1027 ante

1193 1046 1401 1099 conjugium
1422 1056 1611 1100 corruptus
1628 1047 1902 1100 fueritjuvenis,
1919 1057 1953 1086 et
1972 1057 2051 1101 post
2071 1063 2156 1088 con-

1187 1107 1333 1160 jugium
1353 1123 1478 1147 rursus
1497 1108 1534 1147 in
1552 1109 1701 1147 alteram
1718 1109 1907 1147 mulierem
1924 1109 2046 1148 oculos
2073 1124 2156 1149 suos

1192 1171 1416 1221 converterit,
1449 1170 1551 1222 quid,
1581 1185 1713 1222 quaeso,
1746 1171 1890 1224 prodest
1917 1172 2155 1224 conjugium?

1192 1231 1268 1269 Imo
1292 1241 1368 1269 tum
1396 1232 1514 1284 majus
1537 1231 1758 1284 supplicium
1790 1232 1955 1282 debetur,
1985 1241 2020 1270 et
2052 1233 2155 1271 indi-

1194 1307 1305 1345 gnum
1324 1302 1374 1332 est
1396 1294 1500 1332 venia
1524 1303 1723 1346 peccatum,
1743 1307 1825 1331 eum
1846 1294 1944 1332 intus
1975 1294 2154 1334 residente

92 1355 128 1393 δὲ
147 1353 251 1402 οὔσης
270 1355 330 1394 καὶ
353 1354 534 1407 ὁμονοίας,
550 1355 667 1394 πάντα
697 1357 745 1400 εἰς
764 1355 828 1403 τὴν
847 1355 959 1395 οἰκίαν
983 1357 1117 1406 ἐκείνην
1130 1380 1178 1406 7¹1
1192 1368 1305 1393 uxore
1332 1354 1492 1407 seipsum
1518 1354 1746 1392 meretricum
1778 1369 1968 1407 congressu
2000 1356 2152 1408 polluat,

91 1415 322 1455 εἰσελεύσεται
338 1416 382 1454 τὰ
399 1417 530 1468 ἀγαθά.
550 1416 616 1455 Ἵν’
636 1409 693 1455 οἶν
713 1417 774 1455 καὶ
800 1416 845 1455 τὰ
864 1419 1012 1456 ἐνταῦθα
1031 1422 1116 1470 ἡμῖν

89 1479 205 1521 καλῶς
224 1480 468 1529 οἶκονομῆται,
489 1477 549 1516 καὶ
571 1477 661 1529 μετὰ
685 1476 818 1517 τούτων
841 1479 983 1526 καὶτῆς
1010 1482 1117 1532 βασι-

89 1538 183 1583 λείας
199 1541 268 1577 τῶν
284 1540 438 1593 οὐρανῶν
452 1541 688 1593 ἐπιτύχωμεν,
705 1539 765 1578 καὶ
786 1543 888 1592 ἡμῶν
921 1542 1035 1580 αὐτῶν
1058 1543 1118 1582 καὶ

88 1603 158 1639 τῶν
177 1601 324 1639 παιδίων
356 1603 571 1654 προνοῶμεν,
588 1602 716 1649 ταύτης
732 1602 848 1641 ἕνεκεν
881 1603 1037 1653 μάλιστα
1054 1606 1118 1651 τῆς

89 1663 352 1711 ἐντολῆς,ὅπως
369 1663 417 1714 μὴ
438 1664 578 1718 ῥυπαρὰ
598 1664 814 1716 ἐνδεδυμένοι
829 1666 974 1717 ἱμάτια,
991 1669 1040 1711 εἰς
1059 1667 1116 1706 τὸν

89 1724 322 1776 πνευματικὸν
351 1726 481 1765 ἐκεῖνον
511 1725 719 1778 εἰσέλθωμεν
749 1726 875 1780 γάμον,
909 1728 1000 1767 ἀλλὰ
1027 1728 1117 1781 μετὰ

89 1785 290 1838 παῤῥησίας
315 1788 448 1833 πολλῆς
480 1786 737 1838 ἀπολαύσωμεν
759 1791 822 1835 τῆς
854 1791 925 1828 ἐκεῖ
953 1790 1117 1842 κειμένης

89 1853 160 1891 τοῖς
177 1846 282 1891 ἀξίοις
300 1850 423 1899 τιμῆς·
437 1843 479 1895 ἧς
502 1849 636 1900 γένοιτο
655 1849 789 1894 πάντας
810 1853 905 1902 ἡμᾶς
922 1852 1115 1905 ἐπιτυχεῖν,

88 1908 209 1962 χάριτι
245 1908 306 1947 καὶ
339 1909 582 1963 φιλανθρωπίᾳ
612 1915 672 1949 τοῦ
708 1911 838 1964 Κυρίου
862 1915 962 1964 ἡμῶν
1000 1916 1117 1962 Ἰησοῦ

90 1971 266 2024 Χριστοῦ,
285 1972 360 2022 μεθ’
380 1965 419 2009 οῧ
436 1972 553 2026 Πατρὶ
569 1971 667 2021 δόξα,
688 1973 798 2025 τιμὴ,
819 1974 966 2028 κράτος,
986 1975 1048 2014 σὺν
1064 1979 1116 2031 τῷ

1142 1420 1167 1449 Α
1191 1425 1224 1454 et
1236 1415 1456 1454 adulterium
1477 1416 1690 1454 committat.
1715 1416 1861 1470 Quippe
1888 1431 2001 1456 uxore
2028 1417 2151 1469 ducta,

1190 1476 1331 1516 tametsi
1350 1476 1523 1515 meretrix
1548 1485 1614 1529 est,
1649 1491 1728 1529 quae
1747 1492 1784 1516 se
1802 1478 1922 1516 mariti
1960 1492 2151 1531 congressu

1191 1539 1423 1590 contaminat,
1457 1538 1676 1578 adulterium
1701 1549 1754 1578 est
1777 1540 1868 1578 illud
1894 1541 2045 1580 facinus.
2067 1542 2152 1580 Haec

1191 1610 1309 1639 autem
1320 1601 1396 1653 jam
1417 1600 1521 1650 fiunt,
1542 1609 1576 1639 et
1589 1602 1779 1640 contractis
1793 1602 1929 1654 nuptiis
1949 1602 1996 1641 ad
2017 1604 2149 1641 mulie-

1189 1676 1244 1701 res
1280 1662 1481 1700 meretrices
1507 1670 1669 1711 currunt,
1701 1662 1872 1713 quoniam
1894 1673 1976 1702 ante
2006 1665 2149 1718 nuptias

1189 1723 1387 1762 castitatem
1411 1737 1554 1762 servare
1573 1737 1642 1761 non
1662 1723 1877 1762 didicerunt.
1893 1725 1985 1763 Hinc
1998 1741 2143 1778 pugnae,

1187 1785 1391 1836 maledicta,
1415 1785 1605 1823 domorum
1634 1786 1843 1836 eversiones,
1877 1796 1912 1825 et
1939 1788 2148 1839 quotidiana

1186 1846 1280 1885 bella
1303 1862 1311 1884 :
1332 1846 1416 1885 hinc
1432 1846 1471 1885 fit
1493 1855 1533 1885 ut
1551 1860 1635 1899 erga
1656 1860 1805 1885 uxorem
1825 1862 1926 1887 amor
1946 1849 2088 1888 diffluat
2108 1859 2143 1889 et

1187 1917 1392 1957 marcescat,
1412 1921 1495 1946 cum
1513 1907 1744 1960 lupanarium
1773 1908 2054 1961 frequentatione
2070 1911 2146 1951 dis-

1186 1968 1360 2008 solvatur.
1381 1968 1491 2018 Quod
1505 1969 1535 2007 si
1549 1969 1747 2007 castitatem
1763 1984 1905 2010 servare
1922 1971 2050 2023 discat,
2074 1988 2147 2026 prae

89 2030 177 2083 ἁγίῳ
191 2030 391 2082 Πνεύματι,
407 2037 463 2072 νῦν
480 2033 539 2072 καὶ
554 2035 627 2083 ἀεὶ,
647 2034 706 2074 καὶ
723 2037 771 2081 εἷς
796 2035 875 2081 τοὺς
903 2039 1031 2082 αἰῶνας
1046 2040 1115 2077 τῶν
1138 2051 1162 2082 B
1186 2030 1310 2069 ceteris
1328 2031 1495 2070 omnibus
1514 2031 1751 2084 expetendam
1765 2047 1915 2072 uxorem
1931 2049 2033 2073 suam
2052 2036 2149 2074 arbi-

90 2091 235 2131 αἰώνων.
254 2092 373 2145 Ἀμήν.

1185 2091 1354 2140 trabitur,
1374 2091 1487 2130 multa
1507 2092 1609 2130 illam
1630 2106 1713 2131 cum
1734 2093 1981 2134 benevolentia
2000 2106 2145 2135 contue-

1186 2153 1297 2205 bitur,
1313 2167 1552 2206 magnamque
1567 2167 1650 2192 cum
1677 2155 1739 2193 illa
1755 2156 1982 2195 concordiam
2007 2172 2147 2197 conser-

1189 2215 1287 2254 vabit
1307 2231 1314 2252 :
1335 2215 1366 2253 si
1385 2230 1470 2255 vero
1488 2229 1564 2269 pax
1590 2215 1754 2256 fuerit.et
1787 2218 1989 2269 concordia,
2026 2221 2147 2259 omnia

1186 2277 1280 2315 bona
1301 2276 1339 2314 in
1358 2276 1509 2315 domum
1538 2276 1639 2316 illam
1658 2277 1870 2317 introibunt.
1895 2281 1946 2319 Ut
1973 2280 2084 2333 igitur
2113 2292 2147 2321 et

1189 2351 1244 2376 res
1263 2337 1373 2390 hujus
1407 2337 1489 2377 vitae
1519 2347 1652 2376 rectea
1678 2338 1782 2378 nobis
1818 2340 2084 2394 dispensentur,
2114 2354 2148 2383 et

1191 2413 1274 2437 cum
1294 2399 1367 2437 illis
1386 2412 1539 2451 regnum
1559 2400 1729 2439 caelorum
1749 2415 2019 2454 consequamur,
2038 2405 2147 2458 hujus

1191 2460 1370 2514 praecipue
1383 2461 1543 2500 mandati
1559 2462 1673 2514 gratia
1687 2472 1721 2501 et
1732 2472 1891 2503 nostrum
1903 2473 1937 2503 et
1949 2466 2146 2506 liberorum

1191 2536 1314 2561 curam
1331 2536 1508 2575 geramus,
1528 2536 1572 2561 ne
1600 2523 1757 2562 sordidis
1786 2526 2006 2565 vestimentis
2029 2527 2147 2567 induti

1190 2585 1227 2623 in
1247 2584 1393 2637 nuptias
1418 2584 1499 2622 illas
1520 2584 1724 2636 spirituales
1747 2585 1935 2639 intremus,
1972 2588 2036 2628 sed
2066 2604 2148 2629 cum

1190 2646 1324 2685 fiducia
1337 2646 1500 2684 fruamur
1512 2645 1658 2695 honore,
1674 2647 1736 2698 qui
1749 2647 1868 2700 dignis
1882 2658 1933 2688 est
1950 2649 2026 2689 illic
2040 2665 2150 2691 reser-

1189 2717 1294 2746 vatus
1317 2723 1325 2744 :
1346 2721 1453 2759 quem
1467 2707 1603 2745 utinam
1626 2721 1748 2747 omnes
1769 2723 2010 2761 assequamur,
2035 2713 2149 2765 gratia

1188 2780 1222 2809 ct
1240 2769 1459 2821 benignitate
1479 2769 1625 2808 Domini
1655 2771 1767 2809 nostri
1797 2773 1882 2811 Jesu
1914 2773 2064 2823 Christi,
2085 2790 2148 2828 per

1187 2847 1293 2884 quem
1303 2841 1336 2869 et
1351 2846 1433 2869 cum
1449 2846 1520 2883 quo
1535 2831 1631 2870 Patri
1647 2832 1775 2884 gloria,
1793 2833 1920 2884 honor,
1939 2834 2146 2888 imperium,

1187 2909 1255 2932 una
1275 2908 1357 2931 cum
1374 2892 1511 2945 Spiritu
1534 2902 1666 2942 sancto,
1685 2908 1779 2933 nunc
1803 2905 1836 2934 et
1869 2910 2021 2948 semper,
2043 2907 2075 2936 et
2109 2899 2143 2936 in

1186 2956 1315 2994 stccula
1335 2954 1564 2992 saeculorum.
1588 2956 1711 2994 Anien.

130 3095 143 3110 ²
160 3085 255 3120 Colb.
278 3098 359 3120 unus
386 3094 439 3123 aab
467 3096 560 3137 πόρνη
577 3096 621 3134 μὴ
639 3095 678 3136 ᾗ,
696 3102 768 3136 quoe
785 3092 884 3127 lectio
901 3096 1001 3129 etiam
1020 3095 1095 3128 ferri
1113 3103 1234 3140 sossct‚
1253 3094 1309 3128 sed
1327 3095 1427 3128 alium
1446 3107 1576 3129 sensum
1595 3104 1741 3139 pareret.

2229 457 2280 483 Jux
2291 468 2357 484 vni-z

2169 508 2292 524 lnaxtnw
2306 510 2356 527 nr-

2168 547 2213 569 nat
2231 548 2357 570 castntan.
