<?xml version="1.0" encoding="UTF-8"?>
<!DOCTYPE html PUBLIC "-//W3C//DTD XHTML 1.0 Transitional//EN"
    "http://www.w3.org/TR/xhtml1/DTD/xhtml1-transitional.dtd">
<html xmlns="http://www.w3.org/1999/xhtml" xml:lang="en" lang="en">
 <head>
  <title>
</title>
<meta http-equiv="Content-Type" content="text/html;charset=utf-8" />
  <meta name='ocr-system' content='tesseract 3.04.00' />
  <meta name='ocr-capabilities' content='ocr_page ocr_carea ocr_par ocr_line ocrx_word'/>
</head>
<body>
  <div class='ocr_page' id='page_1' title='image "./operaomniaquaeex04johnuoft_0121.png"; bbox 0 0 2483 3791; ppageno 0'>
   <div class='ocr_carea' id='block_1_1' title="bbox 793 206 1071 239">
    <p class='ocr_par' dir='ltr' id='par_1_1' title="bbox 793 206 1071 239">
     <span class='ocr_line' id='line_1_1' title="bbox 793 206 1071 239; baseline -0.004 -3"><span class='ocrx_word' id='word_1_1' title='bbox 793 209 835 239; x_wconf 81' lang='lat' dir='ltr'>lN</span> <span class='ocrx_word' id='word_1_2' title='bbox 877 208 981 238; x_wconf 74' lang='lat' dir='ltr'>CAP.</span> <span class='ocrx_word' id='word_1_3' title='bbox 1024 206 1071 236; x_wconf 79' lang='lat' dir='ltr'>n.</span> 
     </span>
    </p>
   </div>
   <div class='ocr_carea' id='block_1_2' title="bbox 149 289 1176 894">
    <p class='ocr_par' dir='ltr' id='par_1_2' title="bbox 149 289 1176 894">
     <span class='ocr_line' id='line_1_2' title="bbox 155 289 1174 348; baseline -0.01 -12"><span class='ocrx_word' id='word_1_4' title='bbox 155 296 320 348; x_wconf 78' lang='grc' dir='ltr'>Καθάπερ</span> <span class='ocrx_word' id='word_1_5' title='bbox 336 295 402 347; x_wconf 81' lang='grc' dir='ltr'>γὰρ</span> <span class='ocrx_word' id='word_1_6' title='bbox 423 297 457 334; x_wconf 82' lang='grc' dir='ltr'>ἐν</span> <span class='ocrx_word' id='word_1_7' title='bbox 472 299 546 338; x_wconf 87' lang='grc' dir='ltr'>ταῖς</span> <span class='ocrx_word' id='word_1_8' title='bbox 567 292 753 345; x_wconf 69' lang='grc' dir='ltr'>λεωφόροις</span> <span class='ocrx_word' id='word_1_9' title='bbox 769 292 835 330; x_wconf 70' lang='grc' dir='ltr'>εἰσὶ</span> <span class='ocrx_word' id='word_1_10' title='bbox 855 290 1003 342; x_wconf 72' lang='grc' dir='ltr'>σταθμοὶ</span> <span class='ocrx_word' id='word_1_11' title='bbox 1023 289 1082 327; x_wconf 74' lang='grc' dir='ltr'>καὶ</span> <span class='ocrx_word' id='word_1_12' title='bbox 1106 304 1174 326; x_wconf 91' lang='grc' dir='ltr'>κα-</span> 
     </span>
     <span class='ocr_line' id='line_1_3' title="bbox 151 349 1175 408; baseline -0.009 -12"><span class='ocrx_word' id='word_1_13' title='bbox 151 357 325 408; x_wconf 82' lang='grc' dir='ltr'>ταγώγια,</span> <span class='ocrx_word' id='word_1_14' title='bbox 342 356 433 395; x_wconf 70' lang='grc' dir='ltr'>ὥστε</span> <span class='ocrx_word' id='word_1_15' title='bbox 462 354 540 399; x_wconf 68' lang='grc' dir='ltr'>τοὺς</span> <span class='ocrx_word' id='word_1_16' title='bbox 571 354 687 396; x_wconf 81' lang='grc' dir='ltr'>ὁδίτας</span> <span class='ocrx_word' id='word_1_17' title='bbox 718 352 939 402; x_wconf 79' lang='grc' dir='ltr'>κεκμηκότας</span> <span class='ocrx_word' id='word_1_18' title='bbox 966 349 1175 389; x_wconf 89' lang='grc' dir='ltr'>διαναπαύε-</span> 
     </span>
     <span class='ocr_line' id='line_1_4' title="bbox 150 411 1176 466; baseline -0.008 -10"><span class='ocrx_word' id='word_1_19' title='bbox 150 422 250 466; x_wconf 90' lang='grc' dir='ltr'>σθαι,</span> <span class='ocrx_word' id='word_1_20' title='bbox 269 418 328 456; x_wconf 77' lang='grc' dir='ltr'>καὶ</span> <span class='ocrx_word' id='word_1_21' title='bbox 344 420 412 455; x_wconf 81' lang='grc' dir='ltr'>τῶν</span> <span class='ocrx_word' id='word_1_22' title='bbox 431 416 544 455; x_wconf 87' lang='grc' dir='ltr'>πόνων</span> <span class='ocrx_word' id='word_1_23' title='bbox 561 415 748 466; x_wconf 89' lang='grc' dir='ltr'>λήγοντας,</span> <span class='ocrx_word' id='word_1_24' title='bbox 767 412 856 450; x_wconf 84' lang='grc' dir='ltr'>οὕτω</span> <span class='ocrx_word' id='word_1_25' title='bbox 880 413 986 451; x_wconf 88' lang='grc' dir='ltr'>πάλιν</span> <span class='ocrx_word' id='word_1_26' title='bbox 1004 411 1176 449; x_wconf 83' lang='grc' dir='ltr'>ἅπτεσθαι</span> 
     </span>
     <span class='ocr_line' id='line_1_5' title="bbox 149 472 1175 530; baseline -0.008 -12"><span class='ocrx_word' id='word_1_27' title='bbox 149 481 211 526; x_wconf 78' lang='grc' dir='ltr'>τῆς</span> <span class='ocrx_word' id='word_1_28' title='bbox 243 478 459 530; x_wconf 82' lang='grc' dir='ltr'>ὁδοιπορίας,</span> <span class='ocrx_word' id='word_1_29' title='bbox 481 477 541 515; x_wconf 82' lang='grc' dir='ltr'>καὶ</span> <span class='ocrx_word' id='word_1_30' title='bbox 575 479 609 514; x_wconf 85' lang='grc' dir='ltr'>ἐν</span> <span class='ocrx_word' id='word_1_31' title='bbox 639 478 682 527; x_wconf 83' lang='grc' dir='ltr'>τῇ</span> <span class='ocrx_word' id='word_1_32' title='bbox 713 475 874 525; x_wconf 80' lang='grc' dir='ltr'>θαλάσσῃ</span> <span class='ocrx_word' id='word_1_33' title='bbox 907 474 942 512; x_wconf 80' lang='grc' dir='ltr'>δὲ</span> <span class='ocrx_word' id='word_1_34' title='bbox 980 473 1084 512; x_wconf 80' lang='grc' dir='ltr'>ἀκταὶ</span> <span class='ocrx_word' id='word_1_35' title='bbox 1116 472 1175 511; x_wconf 80' lang='grc' dir='ltr'>καὶ</span> 
     </span>
     <span class='ocr_line' id='line_1_6' title="bbox 150 534 1175 592; baseline -0.005 -14"><span class='ocrx_word' id='word_1_36' title='bbox 150 540 301 592; x_wconf 73' lang='grc' dir='ltr'>αἰγιαλοὶ</span> <span class='ocrx_word' id='word_1_37' title='bbox 321 539 381 579; x_wconf 79' lang='grc' dir='ltr'>καὶ</span> <span class='ocrx_word' id='word_1_38' title='bbox 395 538 532 590; x_wconf 80' lang='grc' dir='ltr'>λιμένες</span> <span class='ocrx_word' id='word_1_39' title='bbox 555 538 655 585; x_wconf 80' lang='grc' dir='ltr'>εἰσὶν,</span> <span class='ocrx_word' id='word_1_40' title='bbox 675 536 766 575; x_wconf 83' lang='grc' dir='ltr'>ὥστε</span> <span class='ocrx_word' id='word_1_41' title='bbox 783 537 884 574; x_wconf 85' lang='grc' dir='ltr'>κάκεῖ</span> <span class='ocrx_word' id='word_1_42' title='bbox 899 534 976 579; x_wconf 77' lang='grc' dir='ltr'>τοὺς</span> <span class='ocrx_word' id='word_1_43' title='bbox 992 535 1175 573; x_wconf 87' lang='grc' dir='ltr'>ναυτιλλο-</span> 
     </span>
     <span class='ocr_line' id='line_1_7' title="bbox 151 595 1175 651; baseline -0.007 -12"><span class='ocrx_word' id='word_1_44' title='bbox 151 600 271 651; x_wconf 82' lang='grc' dir='ltr'>μένους</span> <span class='ocrx_word' id='word_1_45' title='bbox 291 600 382 651; x_wconf 77' lang='grc' dir='ltr'>μετὰ</span> <span class='ocrx_word' id='word_1_46' title='bbox 399 600 440 639; x_wconf 80' lang='grc' dir='ltr'>τὸ</span> <span class='ocrx_word' id='word_1_47' title='bbox 457 599 571 637; x_wconf 83' lang='grc' dir='ltr'>πολλὰ</span> <span class='ocrx_word' id='word_1_48' title='bbox 589 598 731 649; x_wconf 81' lang='grc' dir='ltr'>κύματα</span> <span class='ocrx_word' id='word_1_49' title='bbox 757 597 981 650; x_wconf 82' lang='grc' dir='ltr'>διαδραμεῖν,</span> <span class='ocrx_word' id='word_1_50' title='bbox 1002 596 1061 634; x_wconf 79' lang='grc' dir='ltr'>καὶ</span> <span class='ocrx_word' id='word_1_51' title='bbox 1090 595 1175 647; x_wconf 86' lang='grc' dir='ltr'>πρὸς</span> 
     </span>
     <span class='ocr_line' id='line_1_8' title="bbox 149 656 1176 712; baseline -0.008 -12"><span class='ocrx_word' id='word_1_52' title='bbox 149 661 210 705; x_wconf 75' lang='grc' dir='ltr'>τὰς</span> <span class='ocrx_word' id='word_1_53' title='bbox 237 664 306 700; x_wconf 83' lang='grc' dir='ltr'>τῶν</span> <span class='ocrx_word' id='word_1_54' title='bbox 327 661 464 712; x_wconf 83' lang='grc' dir='ltr'>ἀνέμων</span> <span class='ocrx_word' id='word_1_55' title='bbox 479 660 630 711; x_wconf 68' lang='grc' dir='ltr'>ἐμὸολὰς</span> <span class='ocrx_word' id='word_1_56' title='bbox 657 661 880 704; x_wconf 73' lang='grc' dir='ltr'>ἀντιστῆναι,</span> <span class='ocrx_word' id='word_1_57' title='bbox 904 656 1027 708; x_wconf 75' lang='grc' dir='ltr'>μικρὸν</span> <span class='ocrx_word' id='word_1_58' title='bbox 1041 657 1176 694; x_wconf 83' lang='grc' dir='ltr'>ἀνεθέν-</span> 
     </span>
     <span class='ocr_line' id='line_1_9' title="bbox 150 717 1175 770; baseline -0.008 -9"><span class='ocrx_word' id='word_1_59' title='bbox 150 738 228 770; x_wconf 85' lang='grc' dir='ltr'>τας,</span> <span class='ocrx_word' id='word_1_60' title='bbox 246 722 338 761; x_wconf 73' lang='grc' dir='ltr'>οὕτω</span> <span class='ocrx_word' id='word_1_61' title='bbox 366 723 472 760; x_wconf 90' lang='grc' dir='ltr'>πάλιν</span> <span class='ocrx_word' id='word_1_62' title='bbox 489 724 551 767; x_wconf 82' lang='grc' dir='ltr'>τῆς</span> <span class='ocrx_word' id='word_1_63' title='bbox 581 719 755 762; x_wconf 82' lang='grc' dir='ltr'>ναυτιλίας</span> <span class='ocrx_word' id='word_1_64' title='bbox 774 718 964 756; x_wconf 84' lang='grc' dir='ltr'>ἅπτεσθαι·</span> <span class='ocrx_word' id='word_1_65' title='bbox 984 717 1042 754; x_wconf 82' lang='grc' dir='ltr'>τὸν</span> <span class='ocrx_word' id='word_1_66' title='bbox 1072 717 1175 754; x_wconf 79' lang='grc' dir='ltr'>αὐτὸν</span> 
     </span>
     <span class='ocr_line' id='line_1_10' title="bbox 151 778 1172 834; baseline -0.007 -13"><span class='ocrx_word' id='word_1_67' title='bbox 151 783 192 830; x_wconf 77' lang='grc' dir='ltr'>δὴ</span> <span class='ocrx_word' id='word_1_68' title='bbox 221 783 348 834; x_wconf 83' lang='grc' dir='ltr'>τρόπον</span> <span class='ocrx_word' id='word_1_69' title='bbox 368 783 427 820; x_wconf 78' lang='grc' dir='ltr'>καὶ</span> <span class='ocrx_word' id='word_1_70' title='bbox 452 787 528 829; x_wconf 79' lang='grc' dir='ltr'>νῦν,</span> <span class='ocrx_word' id='word_1_71' title='bbox 556 780 640 818; x_wconf 66' lang='grc' dir='ltr'>ἰ’ἐπὶ</span> <span class='ocrx_word' id='word_1_72' title='bbox 659 783 721 827; x_wconf 79' lang='grc' dir='ltr'>τῆς</span> <span class='ocrx_word' id='word_1_73' title='bbox 753 778 852 829; x_wconf 83' lang='grc' dir='ltr'>ἁγίας</span> <span class='ocrx_word' id='word_1_74' title='bbox 871 780 1172 830; x_wconf 73' lang='grc' dir='ltr'>τεσσαρακοστῆς,</span> 
     </span>
     <span class='ocr_line' id='line_1_11' title="bbox 150 837 1175 894; baseline -0.005 -14"><span class='ocrx_word' id='word_1_75' title='bbox 150 848 219 885; x_wconf 84' lang='grc' dir='ltr'>τοῖς</span> <span class='ocrx_word' id='word_1_76' title='bbox 236 843 294 880; x_wconf 86' lang='grc' dir='ltr'>τὸν</span> <span class='ocrx_word' id='word_1_77' title='bbox 314 843 440 894; x_wconf 83' lang='grc' dir='ltr'>δρόμον</span> <span class='ocrx_word' id='word_1_78' title='bbox 455 844 519 887; x_wconf 81' lang='grc' dir='ltr'>τῆς</span> <span class='ocrx_word' id='word_1_79' title='bbox 538 840 700 885; x_wconf 86' lang='grc' dir='ltr'>νηστείας</span> <span class='ocrx_word' id='word_1_80' title='bbox 714 838 1003 889; x_wconf 80' lang='grc' dir='ltr'>καταδεξαμένοις</span> <span class='ocrx_word' id='word_1_81' title='bbox 1017 837 1175 889; x_wconf 81' lang='grc' dir='ltr'>καθάπερ</span> 
     </span>
    </p>
   </div>
   <div class='ocr_carea' id='block_1_3' title="bbox 1109 204 1271 235">
    <p class='ocr_par' dir='ltr' id='par_1_3' title="bbox 1109 204 1271 235">
     <span class='ocr_line' id='line_1_12' title="bbox 1109 204 1271 235; baseline -0.006 -1"><span class='ocrx_word' id='word_1_82' title='bbox 1109 204 1271 235; x_wconf 75' lang='lat' dir='ltr'><strong>GENES.</strong></span> 
     </span>
    </p>
   </div>
   <div class='ocr_carea' id='block_1_4' title="bbox 1312 204 2194 237">
    <p class='ocr_par' dir='ltr' id='par_1_4' title="bbox 1312 204 2194 237">
     <span class='ocr_line' id='line_1_13' title="bbox 1312 204 2194 237; baseline 0.005 -5"><span class='ocrx_word' id='word_1_83' title='bbox 1312 204 1471 234; x_wconf 84' lang='lat' dir='ltr'>llOMlL.</span> <span class='ocrx_word' id='word_1_84' title='bbox 1512 204 1576 235; x_wconf 76' lang='lat' dir='ltr'>xl.</span> <span class='ocrx_word' id='word_1_85' title='bbox 2117 207 2194 237; x_wconf 87' lang='lat'>101</span> 
     </span>
    </p>
   </div>
   <div class='ocr_carea' id='block_1_5' title="bbox 1201 287 2205 889">
    <p class='ocr_par' dir='ltr' id='par_1_5' title="bbox 1201 287 2205 889">
     <span class='ocr_line' id='line_1_14' title="bbox 1247 287 2202 341; baseline 0.001 -15"><span class='ocrx_word' id='word_1_86' title='bbox 1247 287 1442 327; x_wconf 82' lang='lat' dir='ltr'>veniemus.</span> <span class='ocrx_word' id='word_1_87' title='bbox 1477 288 1568 325; x_wconf 78' lang='lat' dir='ltr'>Nam</span> <span class='ocrx_word' id='word_1_88' title='bbox 1594 287 1899 338; x_wconf 78' lang='lat' dir='ltr'>quemadmodum</span> <span class='ocrx_word' id='word_1_89' title='bbox 1928 289 1962 326; x_wconf 88' lang='lat' dir='ltr'>in</span> <span class='ocrx_word' id='word_1_90' title='bbox 1988 290 2055 327; x_wconf 72' lang='lat' dir='ltr'>viis</span> <span class='ocrx_word' id='word_1_91' title='bbox 2082 290 2202 341; x_wconf 86' lang='lat' dir='ltr'>publi-</span> 
     </span>
     <span class='ocr_line' id='line_1_15' title="bbox 1248 348 2203 401; baseline 0.003 -16"><span class='ocrx_word' id='word_1_92' title='bbox 1248 348 1298 386; x_wconf 86' lang='lat' dir='ltr'>cis</span> <span class='ocrx_word' id='word_1_93' title='bbox 1333 357 1416 386; x_wconf 80' lang='lat' dir='ltr'>sunt</span> <span class='ocrx_word' id='word_1_94' title='bbox 1453 349 1618 387; x_wconf 81' lang='lat' dir='ltr'>stationes</span> <span class='ocrx_word' id='word_1_95' title='bbox 1652 358 1686 387; x_wconf 90' lang='lat' dir='ltr'>ct</span> <span class='ocrx_word' id='word_1_96' title='bbox 1726 348 1958 398; x_wconf 81' lang='lat' dir='ltr'>diverticula,</span> <span class='ocrx_word' id='word_1_97' title='bbox 1999 350 2033 386; x_wconf 92' lang='lat' dir='ltr'>in</span> <span class='ocrx_word' id='word_1_98' title='bbox 2072 350 2203 401; x_wconf 85' lang='lat' dir='ltr'>quibus</span> 
     </span>
     <span class='ocr_line' id='line_1_16' title="bbox 1201 408 2202 462; baseline 0.003 -17"><span class='ocrx_word' id='word_1_99' title='bbox 1201 408 1223 438; x_wconf 75' lang='grc' dir='ltr'>Β</span> <span class='ocrx_word' id='word_1_100' title='bbox 1246 408 1326 447; x_wconf 87' lang='lat' dir='ltr'>sessi</span> <span class='ocrx_word' id='word_1_101' title='bbox 1370 409 1519 448; x_wconf 72' lang='lat' dir='ltr'>viatores</span> <span class='ocrx_word' id='word_1_102' title='bbox 1550 419 1584 448; x_wconf 90' lang='lat' dir='ltr'>ct</span> <span class='ocrx_word' id='word_1_103' title='bbox 1629 409 1825 462; x_wconf 78' lang='lat' dir='ltr'>respirant,</span> <span class='ocrx_word' id='word_1_104' title='bbox 1858 418 1892 448; x_wconf 85' lang='lat' dir='ltr'>ct</span> <span class='ocrx_word' id='word_1_105' title='bbox 1923 410 2132 460; x_wconf 85' lang='lat' dir='ltr'>quiescunt,</span> <span class='ocrx_word' id='word_1_106' title='bbox 2166 421 2202 448; x_wconf 89' lang='lat' dir='ltr'>ut</span> 
     </span>
     <span class='ocr_line' id='line_1_17' title="bbox 1246 470 2200 520; baseline 0.001 -13"><span class='ocrx_word' id='word_1_107' title='bbox 1246 478 1365 520; x_wconf 85' lang='lat' dir='ltr'>postea</span> <span class='ocrx_word' id='word_1_108' title='bbox 1395 470 1462 508; x_wconf 83' lang='lat' dir='ltr'>iter</span> <span class='ocrx_word' id='word_1_109' title='bbox 1488 484 1594 508; x_wconf 90' lang='lat' dir='ltr'>suum</span> <span class='ocrx_word' id='word_1_110' title='bbox 1620 470 1810 509; x_wconf 80' lang='lat' dir='ltr'>conficiant</span> <span class='ocrx_word' id='word_1_111' title='bbox 1832 486 1840 507; x_wconf 74' lang='grc' dir='ltr'>τ</span> <span class='ocrx_word' id='word_1_112' title='bbox 1863 479 1897 508; x_wconf 90' lang='lat' dir='ltr'>ct</span> <span class='ocrx_word' id='word_1_113' title='bbox 1926 470 2017 508; x_wconf 88' lang='lat' dir='ltr'>sicut</span> <span class='ocrx_word' id='word_1_114' title='bbox 2044 470 2078 508; x_wconf 89' lang='lat' dir='ltr'>in</span> <span class='ocrx_word' id='word_1_115' title='bbox 2112 472 2200 508; x_wconf 81' lang='lat' dir='ltr'>mari</span> 
     </span>
     <span class='ocr_line' id='line_1_18' title="bbox 1246 530 2201 585; baseline 0.003 -18"><span class='ocrx_word' id='word_1_116' title='bbox 1246 530 1351 569; x_wconf 86' lang='lat' dir='ltr'>litora</span> <span class='ocrx_word' id='word_1_117' title='bbox 1375 541 1471 579; x_wconf 90' lang='lat' dir='ltr'>sunt,</span> <span class='ocrx_word' id='word_1_118' title='bbox 1497 541 1531 570; x_wconf 94' lang='lat' dir='ltr'>ct</span> <span class='ocrx_word' id='word_1_119' title='bbox 1557 541 1693 585; x_wconf 86' lang='lat' dir='ltr'>portus,</span> <span class='ocrx_word' id='word_1_120' title='bbox 1722 541 1761 570; x_wconf 89' lang='lat' dir='ltr'>ut</span> <span class='ocrx_word' id='word_1_121' title='bbox 1786 532 1837 570; x_wconf 91' lang='lat' dir='ltr'>ibi</span> <span class='ocrx_word' id='word_1_122' title='bbox 1868 541 1985 570; x_wconf 81' lang='lat' dir='ltr'>nautae</span> <span class='ocrx_word' id='word_1_123' title='bbox 2014 540 2201 585; x_wconf 80' lang='lat' dir='ltr'>postquam</span> 
     </span>
     <span class='ocr_line' id='line_1_19' title="bbox 1247 592 2201 647; baseline 0.002 -17"><span class='ocrx_word' id='word_1_124' title='bbox 1247 592 1380 631; x_wconf 90' lang='lat' dir='ltr'>multos</span> <span class='ocrx_word' id='word_1_125' title='bbox 1416 593 1546 632; x_wconf 85' lang='lat' dir='ltr'>fluctus</span> <span class='ocrx_word' id='word_1_126' title='bbox 1581 595 1815 647; x_wconf 85' lang='lat' dir='ltr'>trajecerunt,</span> <span class='ocrx_word' id='word_1_127' title='bbox 1849 602 1882 632; x_wconf 90' lang='lat' dir='ltr'>ct</span> <span class='ocrx_word' id='word_1_128' title='bbox 1918 603 2103 632; x_wconf 86' lang='lat' dir='ltr'>ventorum</span> <span class='ocrx_word' id='word_1_129' title='bbox 2139 595 2201 632; x_wconf 82' lang='lat' dir='ltr'>ini-</span> 
     </span>
     <span class='ocr_line' id='line_1_20' title="bbox 1246 653 2202 707; baseline 0.004 -18"><span class='ocrx_word' id='word_1_130' title='bbox 1246 653 1344 704; x_wconf 85' lang='lat' dir='ltr'>petui</span> <span class='ocrx_word' id='word_1_131' title='bbox 1374 654 1591 700; x_wconf 83' lang='lat' dir='ltr'>restiterunt,</span> <span class='ocrx_word' id='word_1_132' title='bbox 1608 656 1780 707; x_wconf 78' lang='lat' dir='ltr'>tantisper</span> <span class='ocrx_word' id='word_1_133' title='bbox 1797 655 1993 706; x_wconf 87' lang='lat' dir='ltr'>quiescant,</span> <span class='ocrx_word' id='word_1_134' title='bbox 2013 664 2047 693; x_wconf 89' lang='lat' dir='ltr'>ct</span> <span class='ocrx_word' id='word_1_135' title='bbox 2066 655 2117 693; x_wconf 89' lang='lat' dir='ltr'>sic</span> <span class='ocrx_word' id='word_1_136' title='bbox 2139 655 2202 693; x_wconf 90' lang='lat' dir='ltr'>ite-</span> 
     </span>
     <span class='ocr_line' id='line_1_21' title="bbox 1247 714 2202 767; baseline 0.004 -17"><span class='ocrx_word' id='word_1_137' title='bbox 1247 726 1328 750; x_wconf 89' lang='lat' dir='ltr'>rum</span> <span class='ocrx_word' id='word_1_138' title='bbox 1350 727 1521 765; x_wconf 81' lang='lat' dir='ltr'>navigare</span> <span class='ocrx_word' id='word_1_139' title='bbox 1545 714 1718 767; x_wconf 81' lang='lat' dir='ltr'>incipiant</span> <span class='ocrx_word' id='word_1_140' title='bbox 1740 731 1747 752; x_wconf 73' lang='grc' dir='ltr'>ε</span> <span class='ocrx_word' id='word_1_141' title='bbox 1771 715 1817 753; x_wconf 84' lang='lat' dir='ltr'>ita</span> <span class='ocrx_word' id='word_1_142' title='bbox 1837 724 1870 752; x_wconf 94' lang='lat' dir='ltr'>ct</span> <span class='ocrx_word' id='word_1_143' title='bbox 1895 730 1988 753; x_wconf 89' lang='lat' dir='ltr'>nunc</span> <span class='ocrx_word' id='word_1_144' title='bbox 2015 716 2057 754; x_wconf 92' lang='lat' dir='ltr'>iis</span> <span class='ocrx_word' id='word_1_145' title='bbox 2079 716 2139 767; x_wconf 93' lang='lat' dir='ltr'>qui</span> <span class='ocrx_word' id='word_1_146' title='bbox 2167 716 2202 754; x_wconf 91' lang='lat' dir='ltr'>in</span> 
     </span>
     <span class='ocr_line' id='line_1_22' title="bbox 1247 772 2205 828; baseline 0.006 -19"><span class='ocrx_word' id='word_1_147' title='bbox 1247 772 1530 824; x_wconf 82' lang='lat' dir='ltr'>Quadragesima</span> <span class='ocrx_word' id='word_1_148' title='bbox 1546 775 1676 827; x_wconf 85' lang='lat' dir='ltr'>jejunii</span> <span class='ocrx_word' id='word_1_149' title='bbox 1699 789 1842 813; x_wconf 87' lang='lat' dir='ltr'>cursum</span> <span class='ocrx_word' id='word_1_150' title='bbox 1869 790 2073 828; x_wconf 85' lang='lat' dir='ltr'>suscepere,</span> <span class='ocrx_word' id='word_1_151' title='bbox 2102 777 2205 828; x_wconf 87' lang='lat' dir='ltr'>quasi</span> 
     </span>
     <span class='ocr_line' id='line_1_23' title="bbox 1246 833 2205 889; baseline 0.006 -19"><span class='ocrx_word' id='word_1_152' title='bbox 1246 833 1415 871; x_wconf 85' lang='lat' dir='ltr'>stationes</span> <span class='ocrx_word' id='word_1_153' title='bbox 1429 844 1463 872; x_wconf 85' lang='lat' dir='ltr'>et</span> <span class='ocrx_word' id='word_1_154' title='bbox 1478 834 1692 885; x_wconf 83' lang='lat' dir='ltr'>diversoria,</span> <span class='ocrx_word' id='word_1_155' title='bbox 1714 844 1749 873; x_wconf 86' lang='lat' dir='ltr'>et</span> <span class='ocrx_word' id='word_1_156' title='bbox 1770 836 1871 873; x_wconf 86' lang='lat' dir='ltr'>litora</span> <span class='ocrx_word' id='word_1_157' title='bbox 1893 845 1926 874; x_wconf 88' lang='lat' dir='ltr'>ct</span> <span class='ocrx_word' id='word_1_158' title='bbox 1948 847 2084 889; x_wconf 85' lang='lat' dir='ltr'>portus,</span> <span class='ocrx_word' id='word_1_159' title='bbox 2100 839 2205 876; x_wconf 83' lang='lat' dir='ltr'>hosce</span> 
     </span>
    </p>
   </div>
   <div class='ocr_carea' id='block_1_6' title="bbox 1246 893 2414 1133">
    <p class='ocr_par' dir='ltr' id='par_1_6' title="bbox 1246 893 2414 1133">
     <span class='ocr_line' id='line_1_24' title="bbox 1246 893 2410 948; baseline 0.002 -16"><span class='ocrx_word' id='word_1_160' title='bbox 1246 893 1338 933; x_wconf 90' lang='lat' dir='ltr'>duos</span> <span class='ocrx_word' id='word_1_161' title='bbox 1363 894 1596 934; x_wconf 75' lang='lat' dir='ltr'>hebdomadae</span> <span class='ocrx_word' id='word_1_162' title='bbox 1621 896 1698 935; x_wconf 88' lang='lat' dir='ltr'>dies</span> <span class='ocrx_word' id='word_1_163' title='bbox 1724 897 1899 934; x_wconf 88' lang='lat' dir='ltr'>Dominus</span> <span class='ocrx_word' id='word_1_164' title='bbox 1919 898 2073 947; x_wconf 87' lang='lat' dir='ltr'>quietem</span> <span class='ocrx_word' id='word_1_165' title='bbox 2097 899 2204 948; x_wconf 83' lang='lat' dir='ltr'>largi·</span> <span class='ocrx_word' id='word_1_166' title='bbox 2221 908 2275 935; x_wconf 66' lang='lat' dir='ltr'>Di(-</span> <span class='ocrx_word' id='word_1_167' title='bbox 2305 908 2410 936; x_wconf 59' lang='lat' dir='ltr'>Duma-</span> 
     </span>
     <span class='ocr_line' id='line_1_25' title="bbox 1248 950 2410 1018; baseline 0.003 -24"><span class='ocrx_word' id='word_1_168' title='bbox 1248 964 1304 994; x_wconf 89' lang='lat' dir='ltr'>tus</span> <span class='ocrx_word' id='word_1_169' title='bbox 1323 964 1389 1006; x_wconf 86' lang='lat' dir='ltr'>est,</span> <span class='ocrx_word' id='word_1_170' title='bbox 1409 965 1448 994; x_wconf 86' lang='lat' dir='ltr'>ut</span> <span class='ocrx_word' id='word_1_171' title='bbox 1467 966 1500 994; x_wconf 86' lang='lat' dir='ltr'>et</span> <span class='ocrx_word' id='word_1_172' title='bbox 1522 957 1661 1010; x_wconf 81' lang='lat' dir='ltr'>corpori</span> <span class='ocrx_word' id='word_1_173' title='bbox 1683 957 1945 1009; x_wconf 84' lang='lat' dir='ltr'>aliquantulum</span> <span class='ocrx_word' id='word_1_174' title='bbox 1960 959 2086 1011; x_wconf 81' lang='lat' dir='ltr'>jejunii</span> <span class='ocrx_word' id='word_1_175' title='bbox 2105 960 2204 998; x_wconf 78' lang='lat' dir='ltr'>labo·</span> <span class='ocrx_word' id='word_1_176' title='bbox 2220 961 2285 1018; x_wconf 48' lang='lat'>[2¹¹1</span> <span class='ocrx_word' id='word_1_177' title='bbox 2302 950 2410 1018; x_wconf 37' lang='lat'>⁰¹22&amp;</span> 
     </span>
     <span class='ocr_line' id='line_1_26' title="bbox 1248 1017 2414 1070; baseline 0.004 -16"><span class='ocrx_word' id='word_1_178' title='bbox 1248 1031 1322 1054; x_wconf 87' lang='lat' dir='ltr'>rem</span> <span class='ocrx_word' id='word_1_179' title='bbox 1346 1017 1575 1067; x_wconf 70' lang='lat' dir='ltr'>remittentes,</span> <span class='ocrx_word' id='word_1_180' title='bbox 1597 1028 1630 1056; x_wconf 89' lang='lat' dir='ltr'>et</span> <span class='ocrx_word' id='word_1_181' title='bbox 1659 1018 1817 1057; x_wconf 87' lang='lat' dir='ltr'>animam</span> <span class='ocrx_word' id='word_1_182' title='bbox 1840 1029 2048 1067; x_wconf 76' lang='lat' dir='ltr'>recreanteS,</span> <span class='ocrx_word' id='word_1_183' title='bbox 2070 1021 2204 1059; x_wconf 79' lang='lat' dir='ltr'>exactis</span> <span class='ocrx_word' id='word_1_184' title='bbox 2221 1042 2264 1059; x_wconf 69' lang='lat' dir='ltr'>ros</span> <span class='ocrx_word' id='word_1_185' title='bbox 2290 1043 2346 1059; x_wconf 60' lang='lat' dir='ltr'>uon</span> <span class='ocrx_word' id='word_1_186' title='bbox 2362 1031 2414 1070; x_wconf 62' lang='lat' dir='ltr'>jv-</span> 
     </span>
     <span class='ocr_line' id='line_1_27' title="bbox 1246 1072 2373 1133; baseline 0.005 -19"><span class='ocrx_word' id='word_1_187' title='bbox 1246 1077 1390 1117; x_wconf 87' lang='lat' dir='ltr'>duohus</span> <span class='ocrx_word' id='word_1_188' title='bbox 1406 1078 1478 1117; x_wconf 92' lang='lat' dir='ltr'>illis</span> <span class='ocrx_word' id='word_1_189' title='bbox 1490 1078 1631 1128; x_wconf 86' lang='lat' dir='ltr'>dicbus,</span> <span class='ocrx_word' id='word_1_190' title='bbox 1645 1079 1679 1118; x_wconf 92' lang='lat' dir='ltr'>in</span> <span class='ocrx_word' id='word_1_191' title='bbox 1696 1080 1846 1133; x_wconf 88' lang='lat' dir='ltr'>pulchre</span> <span class='ocrx_word' id='word_1_192' title='bbox 1861 1089 1976 1132; x_wconf 73' lang='lat' dir='ltr'>coepto</span> <span class='ocrx_word' id='word_1_193' title='bbox 1993 1081 2117 1120; x_wconf 87' lang='lat' dir='ltr'>itincre</span> <span class='ocrx_word' id='word_1_194' title='bbox 2131 1082 2203 1120; x_wconf 85' lang='lat' dir='ltr'>ala·</span> <span class='ocrx_word' id='word_1_195' title='bbox 2218 1072 2373 1111; x_wconf 58' lang='lat'>5¹¹&#39;&#39;³¹&#39;³¹¹¹·</span> 
     </span>
    </p>
   </div>
   <div class='ocr_carea' id='block_1_7' title="bbox 147 898 1176 1136">
    <p class='ocr_par' dir='ltr' id='par_1_7' title="bbox 147 898 1176 1136">
     <span class='ocr_line' id='line_1_28' title="bbox 147 898 1173 953; baseline -0.005 -12"><span class='ocrx_word' id='word_1_196' title='bbox 147 902 322 952; x_wconf 81' lang='grc' dir='ltr'>σταθμοὺς</span> <span class='ocrx_word' id='word_1_197' title='bbox 334 931 343 949; x_wconf 85' lang='grc'>,</span> <span class='ocrx_word' id='word_1_198' title='bbox 359 902 419 940; x_wconf 87' lang='grc' dir='ltr'>καὶ</span> <span class='ocrx_word' id='word_1_199' title='bbox 434 902 639 953; x_wconf 81' lang='grc' dir='ltr'>καταγώγια</span> <span class='ocrx_word' id='word_1_200' title='bbox 649 930 659 947; x_wconf 96' lang='grc'>,</span> <span class='ocrx_word' id='word_1_201' title='bbox 683 900 743 938; x_wconf 80' lang='grc' dir='ltr'>καὶ</span> <span class='ocrx_word' id='word_1_202' title='bbox 759 898 868 943; x_wconf 85' lang='grc' dir='ltr'>ἀκτὰς</span> <span class='ocrx_word' id='word_1_203' title='bbox 878 929 887 947; x_wconf 95' lang='grc'>,</span> <span class='ocrx_word' id='word_1_204' title='bbox 904 899 963 937; x_wconf 78' lang='grc' dir='ltr'>καὶ</span> <span class='ocrx_word' id='word_1_205' title='bbox 977 898 1173 949; x_wconf 79' lang='grc' dir='ltr'>αἰγιαλοὺς,</span> 
     </span>
     <span class='ocr_line' id='line_1_29' title="bbox 147 959 1175 1013; baseline -0.004 -12"><span class='ocrx_word' id='word_1_206' title='bbox 147 963 208 1002; x_wconf 74' lang='grc' dir='ltr'>καὶ</span> <span class='ocrx_word' id='word_1_207' title='bbox 235 962 396 1013; x_wconf 83' lang='grc' dir='ltr'>λιμένας,</span> <span class='ocrx_word' id='word_1_208' title='bbox 424 961 486 1005; x_wconf 85' lang='grc' dir='ltr'>τὰς</span> <span class='ocrx_word' id='word_1_209' title='bbox 517 961 577 1000; x_wconf 82' lang='grc' dir='ltr'>δύο</span> <span class='ocrx_word' id='word_1_210' title='bbox 602 960 732 1004; x_wconf 86' lang='grc' dir='ltr'>ταύτας</span> <span class='ocrx_word' id='word_1_211' title='bbox 747 959 882 1012; x_wconf 86' lang='grc' dir='ltr'>ἡμέρας</span> <span class='ocrx_word' id='word_1_212' title='bbox 900 962 961 1006; x_wconf 81' lang='grc' dir='ltr'>τῆς</span> <span class='ocrx_word' id='word_1_213' title='bbox 985 959 1175 1010; x_wconf 70' lang='grc' dir='ltr'>ἑὸδομάδος</span> 
     </span>
     <span class='ocr_line' id='line_1_30' title="bbox 149 1020 1176 1077; baseline -0.005 -14"><span class='ocrx_word' id='word_1_214' title='bbox 149 1024 263 1077; x_wconf 75' lang='grc' dir='ltr'>βραχύ</span> <span class='ocrx_word' id='word_1_215' title='bbox 282 1040 316 1062; x_wconf 92' lang='grc' dir='ltr'>τι</span> <span class='ocrx_word' id='word_1_216' title='bbox 332 1023 606 1062; x_wconf 82' lang='grc' dir='ltr'>διαναπαύεσθαι</span> <span class='ocrx_word' id='word_1_217' title='bbox 622 1021 829 1074; x_wconf 74' lang='grc' dir='ltr'>κεχάρισται</span> <span class='ocrx_word' id='word_1_218' title='bbox 849 1023 867 1058; x_wconf 80' lang='grc' dir='ltr'><strong>ὁ</strong></span> <span class='ocrx_word' id='word_1_219' title='bbox 892 1020 1094 1069; x_wconf 87' lang='grc' dir='ltr'>Δεσπότης,</span> <span class='ocrx_word' id='word_1_220' title='bbox 1118 1020 1176 1058; x_wconf 79' lang='grc' dir='ltr'>ἵνα</span> 
     </span>
     <span class='ocr_line' id='line_1_31' title="bbox 148 1082 1175 1136; baseline -0.005 -12"><span class='ocrx_word' id='word_1_221' title='bbox 148 1085 207 1124; x_wconf 74' lang='grc' dir='ltr'>καὶ</span> <span class='ocrx_word' id='word_1_222' title='bbox 235 1085 275 1124; x_wconf 83' lang='grc' dir='ltr'>τὸ</span> <span class='ocrx_word' id='word_1_223' title='bbox 304 1088 407 1136; x_wconf 85' lang='grc' dir='ltr'>σῶμα</span> <span class='ocrx_word' id='word_1_224' title='bbox 427 1084 550 1135; x_wconf 84' lang='grc' dir='ltr'>μικρὸν</span> <span class='ocrx_word' id='word_1_225' title='bbox 571 1083 708 1127; x_wconf 83' lang='grc' dir='ltr'>ἀνέντες</span> <span class='ocrx_word' id='word_1_226' title='bbox 730 1083 800 1121; x_wconf 87' lang='grc' dir='ltr'>ἀπὸ</span> <span class='ocrx_word' id='word_1_227' title='bbox 817 1083 886 1120; x_wconf 82' lang='grc' dir='ltr'>τῶν</span> <span class='ocrx_word' id='word_1_228' title='bbox 902 1082 1016 1120; x_wconf 86' lang='grc' dir='ltr'>πόνων</span> <span class='ocrx_word' id='word_1_229' title='bbox 1032 1085 1094 1129; x_wconf 77' lang='grc' dir='ltr'>τῆς</span> <span class='ocrx_word' id='word_1_230' title='bbox 1109 1097 1175 1129; x_wconf 93' lang='grc' dir='ltr'>νη-</span> 
     </span>
    </p>
   </div>
   <div class='ocr_carea' id='block_1_8' title="bbox 145 1143 1178 3095">
    <p class='ocr_par' dir='ltr' id='par_1_8' title="bbox 147 1143 1178 2233">
     <span class='ocr_line' id='line_1_32' title="bbox 149 1143 1175 1197; baseline -0.004 -12"><span class='ocrx_word' id='word_1_231' title='bbox 149 1146 264 1191; x_wconf 86' lang='grc' dir='ltr'>στείας</span> <span class='ocrx_word' id='word_1_232' title='bbox 280 1177 290 1195; x_wconf 88' lang='grc'>,</span> <span class='ocrx_word' id='word_1_233' title='bbox 333 1146 392 1184; x_wconf 79' lang='grc' dir='ltr'>καὶ</span> <span class='ocrx_word' id='word_1_234' title='bbox 426 1146 490 1192; x_wconf 82' lang='grc' dir='ltr'>τὴν</span> <span class='ocrx_word' id='word_1_235' title='bbox 521 1144 639 1197; x_wconf 73' lang='grc' dir='ltr'>ψυχὴν</span> <span class='ocrx_word' id='word_1_236' title='bbox 679 1143 1019 1197; x_wconf 89' lang='grc' dir='ltr'>παραμυθησάμενοι</span> <span class='ocrx_word' id='word_1_237' title='bbox 1031 1173 1041 1190; x_wconf 87' lang='grc'>,</span> <span class='ocrx_word' id='word_1_238' title='bbox 1069 1143 1175 1182; x_wconf 87' lang='grc' dir='ltr'>πάλιν</span> 
     </span>
     <span class='ocr_line' id='line_1_33' title="bbox 148 1205 1176 1260; baseline -0.002 -14"><span class='ocrx_word' id='word_1_239' title='bbox 148 1210 394 1260; x_wconf 83' lang='grc' dir='ltr'>παρελθουσῶν</span> <span class='ocrx_word' id='word_1_240' title='bbox 413 1208 481 1245; x_wconf 74' lang='grc' dir='ltr'>τῶν</span> <span class='ocrx_word' id='word_1_241' title='bbox 496 1205 556 1244; x_wconf 86' lang='grc' dir='ltr'>δύο</span> <span class='ocrx_word' id='word_1_242' title='bbox 573 1205 703 1244; x_wconf 85' lang='grc' dir='ltr'>τούτων</span> <span class='ocrx_word' id='word_1_243' title='bbox 722 1207 878 1258; x_wconf 79' lang='grc' dir='ltr'>ἡμερῶν,</span> <span class='ocrx_word' id='word_1_244' title='bbox 898 1209 960 1252; x_wconf 83' lang='grc' dir='ltr'>τῆς</span> <span class='ocrx_word' id='word_1_245' title='bbox 977 1207 1083 1253; x_wconf 61' lang='grc' dir='ltr'>αὐτῆς</span> <span class='ocrx_word' id='word_1_246' title='bbox 1097 1207 1176 1244; x_wconf 79' lang='grc' dir='ltr'>ὁδοῦ</span> 
     </span>
     <span class='ocr_line' id='line_1_34' title="bbox 151 1266 1178 1321; baseline -0.002 -15"><span class='ocrx_word' id='word_1_247' title='bbox 151 1268 240 1318; x_wconf 81' lang='grc' dir='ltr'>μετὰ</span> <span class='ocrx_word' id='word_1_248' title='bbox 259 1267 454 1321; x_wconf 79' lang='grc' dir='ltr'>προθυμίας</span> <span class='ocrx_word' id='word_1_249' title='bbox 487 1267 668 1305; x_wconf 81' lang='grc' dir='ltr'>ἅπτωνται</span> <span class='ocrx_word' id='word_1_250' title='bbox 693 1269 725 1305; x_wconf 82' lang='grc' dir='ltr'>οἱ</span> <span class='ocrx_word' id='word_1_251' title='bbox 760 1266 823 1313; x_wconf 84' lang='grc' dir='ltr'>τὴν</span> <span class='ocrx_word' id='word_1_252' title='bbox 845 1266 957 1314; x_wconf 86' lang='grc' dir='ltr'>καλὴν</span> <span class='ocrx_word' id='word_1_253' title='bbox 972 1266 1102 1315; x_wconf 87' lang='grc' dir='ltr'>ταύτην</span> <span class='ocrx_word' id='word_1_254' title='bbox 1118 1266 1178 1305; x_wconf 86' lang='grc' dir='ltr'>καὶ</span> 
     </span>
     <span class='ocr_line' id='line_1_35' title="bbox 149 1321 1176 1381; baseline -0.001 -15"><span class='ocrx_word' id='word_1_255' title='bbox 149 1330 311 1381; x_wconf 72' lang='grc' dir='ltr'>ε’πωφελῆ</span> <span class='ocrx_word' id='word_1_256' title='bbox 331 1329 529 1380; x_wconf 83' lang='grc' dir='ltr'>ὁδοιπορίαν</span> <span class='ocrx_word' id='word_1_257' title='bbox 547 1327 759 1378; x_wconf 80' lang='grc' dir='ltr'>ποιούμενοι.</span> <span class='ocrx_word' id='word_1_258' title='bbox 776 1327 871 1380; x_wconf 80' lang='grc' dir='ltr'>Φέρε</span> <span class='ocrx_word' id='word_1_259' title='bbox 892 1321 951 1366; x_wconf 66' lang='grc' dir='ltr'>οὖν</span> <span class='ocrx_word' id='word_1_260' title='bbox 971 1327 1030 1365; x_wconf 79' lang='grc' dir='ltr'>καὶ</span> <span class='ocrx_word' id='word_1_261' title='bbox 1051 1331 1153 1379; x_wconf 85' lang='grc' dir='ltr'>ἡμεῖς</span> <span class='ocrx_word' id='word_1_262' title='bbox 1167 1356 1176 1374; x_wconf 91' lang='grc'>,</span> 
     </span>
     <span class='ocr_line' id='line_1_36' title="bbox 149 1388 1175 1441; baseline 0.001 -15"><span class='ocrx_word' id='word_1_263' title='bbox 149 1389 268 1436; x_wconf 80' lang='grc' dir='ltr'>ἐπειδὴ</span> <span class='ocrx_word' id='word_1_264' title='bbox 286 1391 349 1434; x_wconf 79' lang='grc' dir='ltr'>τῆς</span> <span class='ocrx_word' id='word_1_265' title='bbox 372 1388 521 1432; x_wconf 85' lang='grc' dir='ltr'>ἀνέσεώς</span> <span class='ocrx_word' id='word_1_266' title='bbox 536 1389 630 1426; x_wconf 83' lang='grc' dir='ltr'>ἐστιν</span> <span class='ocrx_word' id='word_1_267' title='bbox 649 1388 763 1439; x_wconf 77' lang='grc' dir='ltr'>ἡμέρα</span> <span class='ocrx_word' id='word_1_268' title='bbox 785 1388 951 1440; x_wconf 82' lang='grc' dir='ltr'>σήμερον,</span> <span class='ocrx_word' id='word_1_269' title='bbox 967 1388 1175 1441; x_wconf 87' lang='grc' dir='ltr'>παρακαλέ-</span> 
     </span>
     <span class='ocr_line' id='line_1_37' title="bbox 149 1448 1176 1501; baseline 0.003 -15"><span class='ocrx_word' id='word_1_270' title='bbox 149 1464 267 1500; x_wconf 87' lang='grc' dir='ltr'>σωμεν</span> <span class='ocrx_word' id='word_1_271' title='bbox 286 1452 383 1500; x_wconf 81' lang='grc' dir='ltr'>ὑμῶν</span> <span class='ocrx_word' id='word_1_272' title='bbox 401 1448 465 1495; x_wconf 85' lang='grc' dir='ltr'>τὴν</span> <span class='ocrx_word' id='word_1_273' title='bbox 484 1448 625 1501; x_wconf 80' lang='grc' dir='ltr'>ἀγάπην</span> <span class='ocrx_word' id='word_1_274' title='bbox 639 1449 683 1487; x_wconf 85' lang='grc' dir='ltr'>τὰ</span> <span class='ocrx_word' id='word_1_275' title='bbox 704 1449 773 1488; x_wconf 82' lang='grc' dir='ltr'>ἀπὸ</span> <span class='ocrx_word' id='word_1_276' title='bbox 788 1453 850 1496; x_wconf 79' lang='grc' dir='ltr'>τῆς</span> <span class='ocrx_word' id='word_1_277' title='bbox 867 1450 1028 1497; x_wconf 79' lang='grc' dir='ltr'>νηστείας</span> <span class='ocrx_word' id='word_1_278' title='bbox 1055 1452 1176 1489; x_wconf 85' lang='grc' dir='ltr'>συλλε-</span> 
     </span>
     <span class='ocr_line' id='line_1_38' title="bbox 148 1510 1175 1566; baseline 0.004 -18"><span class='ocrx_word' id='word_1_279' title='bbox 148 1511 251 1563; x_wconf 87' lang='grc' dir='ltr'>γέντα</span> <span class='ocrx_word' id='word_1_280' title='bbox 276 1510 382 1562; x_wconf 72' lang='grc' dir='ltr'>κέρδη</span> <span class='ocrx_word' id='word_1_281' title='bbox 415 1510 504 1562; x_wconf 81' lang='grc' dir='ltr'>μετὰ</span> <span class='ocrx_word' id='word_1_282' title='bbox 530 1510 722 1563; x_wconf 74' lang='grc' dir='ltr'>ἀσφαλείας</span> <span class='ocrx_word' id='word_1_283' title='bbox 747 1512 954 1564; x_wconf 77' lang='grc' dir='ltr'>φυλάττειν,</span> <span class='ocrx_word' id='word_1_284' title='bbox 972 1512 1029 1552; x_wconf 75' lang='grc' dir='ltr'>ἵνα</span> <span class='ocrx_word' id='word_1_285' title='bbox 1052 1514 1175 1566; x_wconf 84' lang='grc' dir='ltr'>μικρὸν</span> 
     </span>
     <span class='ocr_line' id='line_1_39' title="bbox 147 1571 1175 1626; baseline 0.005 -17"><span class='ocrx_word' id='word_1_286' title='bbox 147 1571 489 1623; x_wconf 85' lang='grc' dir='ltr'>διαναπαυσάμενοι,</span> <span class='ocrx_word' id='word_1_287' title='bbox 511 1572 618 1610; x_wconf 88' lang='grc' dir='ltr'>πάλιν</span> <span class='ocrx_word' id='word_1_288' title='bbox 648 1572 852 1625; x_wconf 80' lang='grc' dir='ltr'>προσθήκην</span> <span class='ocrx_word' id='word_1_289' title='bbox 886 1574 1080 1626; x_wconf 82' lang='grc' dir='ltr'>ἐργάσησθε</span> <span class='ocrx_word' id='word_1_290' title='bbox 1104 1581 1175 1619; x_wconf 89' lang='grc' dir='ltr'>τοῖς</span> 
     </span>
     <span class='ocr_line' id='line_1_40' title="bbox 148 1631 1176 1687; baseline 0.004 -17"><span class='ocrx_word' id='word_1_291' title='bbox 148 1632 366 1684; x_wconf 73' lang='grc' dir='ltr'>προλαὸοῧσι</span> <span class='ocrx_word' id='word_1_292' title='bbox 378 1661 388 1680; x_wconf 92' lang='grc'>,</span> <span class='ocrx_word' id='word_1_293' title='bbox 416 1632 477 1670; x_wconf 85' lang='grc' dir='ltr'>καὶ</span> <span class='ocrx_word' id='word_1_294' title='bbox 495 1631 584 1671; x_wconf 77' lang='grc' dir='ltr'>οὕτω</span> <span class='ocrx_word' id='word_1_295' title='bbox 603 1632 695 1672; x_wconf 78' lang='grc' dir='ltr'>κατὰ</span> <span class='ocrx_word' id='word_1_296' title='bbox 710 1633 837 1687; x_wconf 83' lang='grc' dir='ltr'>μικρὸν</span> <span class='ocrx_word' id='word_1_297' title='bbox 859 1633 1016 1686; x_wconf 85' lang='grc' dir='ltr'>μεγάλην</span> <span class='ocrx_word' id='word_1_298' title='bbox 1034 1635 1098 1682; x_wconf 70' lang='grc' dir='ltr'>τὴν</span> <span class='ocrx_word' id='word_1_299' title='bbox 1115 1638 1176 1687; x_wconf 85' lang='grc' dir='ltr'>ἐμ-</span> 
     </span>
     <span class='ocr_line' id='line_1_41' title="bbox 148 1693 1175 1747; baseline 0.005 -15"><span class='ocrx_word' id='word_1_300' title='bbox 148 1693 271 1747; x_wconf 85' lang='grc' dir='ltr'>πορίαν</span> <span class='ocrx_word' id='word_1_301' title='bbox 290 1696 425 1737; x_wconf 82' lang='grc' dir='ltr'>ἑαυτοῖς</span> <span class='ocrx_word' id='word_1_302' title='bbox 446 1694 790 1744; x_wconf 84' lang='grc' dir='ltr'>κατασκευάσαντες,</span> <span class='ocrx_word' id='word_1_303' title='bbox 811 1695 919 1740; x_wconf 81' lang='grc' dir='ltr'>οὕτως</span> <span class='ocrx_word' id='word_1_304' title='bbox 942 1699 991 1740; x_wconf 88' lang='grc' dir='ltr'>εἷς</span> <span class='ocrx_word' id='word_1_305' title='bbox 1022 1697 1086 1745; x_wconf 74' lang='grc' dir='ltr'>τὴν</span> <span class='ocrx_word' id='word_1_306' title='bbox 1108 1714 1175 1736; x_wconf 87' lang='grc' dir='ltr'>κυ-</span> 
     </span>
     <span class='ocr_line' id='line_1_42' title="bbox 151 1755 1175 1810; baseline 0.005 -18"><span class='ocrx_word' id='word_1_307' title='bbox 151 1755 225 1808; x_wconf 90' lang='grc' dir='ltr'>ρίαν</span> <span class='ocrx_word' id='word_1_308' title='bbox 242 1755 377 1808; x_wconf 80' lang='grc' dir='ltr'>ἡμέραν</span> <span class='ocrx_word' id='word_1_309' title='bbox 392 1760 406 1777; x_wconf 70' lang='lat'><strong><em>⁶</em></strong></span> <span class='ocrx_word' id='word_1_310' title='bbox 418 1756 665 1804; x_wconf 86' lang='grc' dir='ltr'>ἀπαντήσητε,</span> <span class='ocrx_word' id='word_1_311' title='bbox 696 1757 755 1794; x_wconf 82' lang='grc' dir='ltr'>καὶ</span> <span class='ocrx_word' id='word_1_312' title='bbox 775 1758 1056 1810; x_wconf 80' lang='grc' dir='ltr'>πεπληρωμένην</span> <span class='ocrx_word' id='word_1_313' title='bbox 1078 1762 1175 1810; x_wconf 67' lang='grc' dir='ltr'>ΙΣιμῶν</span> 
     </span>
     <span class='ocr_line' id='line_1_43' title="bbox 148 1816 1176 1873; baseline 0.004 -19"><span class='ocrx_word' id='word_1_314' title='bbox 148 1816 210 1863; x_wconf 72' lang='grc' dir='ltr'>τὴν</span> <span class='ocrx_word' id='word_1_315' title='bbox 230 1817 361 1855; x_wconf 79' lang='grc' dir='ltr'>ὁλκάδα</span> <span class='ocrx_word' id='word_1_316' title='bbox 376 1817 439 1863; x_wconf 76' lang='grc' dir='ltr'>τὴν</span> <span class='ocrx_word' id='word_1_317' title='bbox 458 1818 699 1868; x_wconf 88' lang='grc' dir='ltr'>πνευματικὴν</span> <span class='ocrx_word' id='word_1_318' title='bbox 715 1821 762 1862; x_wconf 90' lang='grc' dir='ltr'>εἷς</span> <span class='ocrx_word' id='word_1_319' title='bbox 781 1818 839 1857; x_wconf 79' lang='grc' dir='ltr'>τὸν</span> <span class='ocrx_word' id='word_1_320' title='bbox 853 1819 980 1870; x_wconf 83' lang='grc' dir='ltr'>λιμένα</span> <span class='ocrx_word' id='word_1_321' title='bbox 999 1824 1060 1867; x_wconf 76' lang='grc' dir='ltr'>τῆς</span> <span class='ocrx_word' id='word_1_322' title='bbox 1075 1821 1176 1873; x_wconf 84' lang='grc' dir='ltr'>ἁγίας</span> 
     </span>
     <span class='ocr_line' id='line_1_44' title="bbox 149 1878 1177 1933; baseline 0.003 -17"><span class='ocrx_word' id='word_1_323' title='bbox 149 1880 268 1931; x_wconf 74' lang='grc' dir='ltr'>ἑορτῆς</span> <span class='ocrx_word' id='word_1_324' title='bbox 294 1878 515 1929; x_wconf 81' lang='grc' dir='ltr'>εἷσαγάγητε.</span> <span class='ocrx_word' id='word_1_325' title='bbox 535 1879 680 1931; x_wconf 75' lang='grc' dir='ltr'>”Ωσπερ</span> <span class='ocrx_word' id='word_1_326' title='bbox 699 1879 767 1932; x_wconf 86' lang='grc' dir='ltr'>γὰρ</span> <span class='ocrx_word' id='word_1_327' title='bbox 785 1879 830 1918; x_wconf 74' lang='grc' dir='ltr'>τὰ</span> <span class='ocrx_word' id='word_1_328' title='bbox 846 1880 944 1933; x_wconf 85' lang='grc' dir='ltr'>παρὰ</span> <span class='ocrx_word' id='word_1_329' title='bbox 963 1884 1023 1918; x_wconf 81' lang='grc' dir='ltr'>τοῦ</span> <span class='ocrx_word' id='word_1_330' title='bbox 1039 1881 1177 1920; x_wconf 79' lang='grc' dir='ltr'>Δεσπό-</span> 
     </span>
     <span class='ocr_line' id='line_1_45' title="bbox 150 1939 1176 1993; baseline 0.002 -16"><span class='ocrx_word' id='word_1_331' title='bbox 150 1955 209 1978; x_wconf 90' lang='grc' dir='ltr'>του</span> <span class='ocrx_word' id='word_1_332' title='bbox 226 1939 442 1991; x_wconf 87' lang='grc' dir='ltr'>γεγενημένα</span> <span class='ocrx_word' id='word_1_333' title='bbox 460 1939 599 1977; x_wconf 80' lang='grc' dir='ltr'>ἅπαντα</span> <span class='ocrx_word' id='word_1_334' title='bbox 612 1970 622 1987; x_wconf 93' lang='grc'>,</span> <span class='ocrx_word' id='word_1_335' title='bbox 641 1940 800 1993; x_wconf 79' lang='grc' dir='ltr'>καθάπερ</span> <span class='ocrx_word' id='word_1_336' title='bbox 827 1944 845 1978; x_wconf 84' lang='grc' dir='ltr'>ὁ</span> <span class='ocrx_word' id='word_1_337' title='bbox 873 1940 972 1992; x_wconf 88' lang='grc' dir='ltr'>λόγος</span> <span class='ocrx_word' id='word_1_338' title='bbox 1000 1941 1155 1986; x_wconf 81' lang='grc' dir='ltr'>ἀπέδειξε</span> <span class='ocrx_word' id='word_1_339' title='bbox 1167 1972 1176 1989; x_wconf 93' lang='grc'>,</span> 
     </span>
     <span class='ocr_line' id='line_1_46' title="bbox 150 2000 1177 2056; baseline 0.004 -19"><span class='ocrx_word' id='word_1_340' title='bbox 150 2001 209 2038; x_wconf 81' lang='grc' dir='ltr'>καὶ</span> <span class='ocrx_word' id='word_1_341' title='bbox 228 2004 250 2047; x_wconf 84' lang='grc' dir='ltr'>ἡ</span> <span class='ocrx_word' id='word_1_342' title='bbox 269 2003 338 2038; x_wconf 83' lang='grc' dir='ltr'>τῶν</span> <span class='ocrx_word' id='word_1_343' title='bbox 359 2000 578 2052; x_wconf 88' lang='grc' dir='ltr'>πραγμάτων</span> <span class='ocrx_word' id='word_1_344' title='bbox 599 2002 756 2040; x_wconf 81' lang='grc' dir='ltr'>διδάσκει</span> <span class='ocrx_word' id='word_1_345' title='bbox 786 2003 979 2055; x_wconf 85' lang='grc' dir='ltr'>μαρτυρία,</span> <span class='ocrx_word' id='word_1_346' title='bbox 997 2003 1089 2056; x_wconf 83' lang='grc' dir='ltr'>λόγῳ</span> <span class='ocrx_word' id='word_1_347' title='bbox 1110 2005 1177 2041; x_wconf 83' lang='grc' dir='ltr'>τινὶ</span> 
     </span>
     <span class='ocr_line' id='line_1_47' title="bbox 151 2060 1175 2116; baseline 0.004 -18"><span class='ocrx_word' id='word_1_348' title='bbox 151 2060 465 2113; x_wconf 80' lang='grc' dir='ltr'>δεδημιούργηται,</span> <span class='ocrx_word' id='word_1_349' title='bbox 507 2062 629 2114; x_wconf 75' lang='grc' dir='ltr'>χρείαν</span> <span class='ocrx_word' id='word_1_350' title='bbox 661 2063 854 2114; x_wconf 88' lang='grc' dir='ltr'>ἀναγκαίαν</span> <span class='ocrx_word' id='word_1_351' title='bbox 883 2066 1175 2116; x_wconf 78' lang='grc' dir='ltr'>ἀποπληροῦντα·</span> 
     </span>
     <span class='ocr_line' id='line_1_48' title="bbox 149 2121 1176 2176; baseline 0.004 -17"><span class='ocrx_word' id='word_1_352' title='bbox 149 2121 237 2160; x_wconf 68' lang='grc' dir='ltr'>οὕτω</span> <span class='ocrx_word' id='word_1_353' title='bbox 256 2122 315 2159; x_wconf 88' lang='grc' dir='ltr'>καὶ</span> <span class='ocrx_word' id='word_1_354' title='bbox 334 2121 378 2159; x_wconf 84' lang='grc' dir='ltr'>τὰ</span> <span class='ocrx_word' id='word_1_355' title='bbox 394 2121 479 2174; x_wconf 85' lang='grc' dir='ltr'>παρ’</span> <span class='ocrx_word' id='word_1_356' title='bbox 490 2125 591 2172; x_wconf 80' lang='grc' dir='ltr'>ἡμῶν</span> <span class='ocrx_word' id='word_1_357' title='bbox 607 2122 771 2173; x_wconf 84' lang='grc' dir='ltr'>γινόμενα</span> <span class='ocrx_word' id='word_1_358' title='bbox 786 2124 957 2176; x_wconf 78' lang='grc' dir='ltr'>προσήκει</span> <span class='ocrx_word' id='word_1_359' title='bbox 973 2124 1020 2175; x_wconf 86' lang='grc' dir='ltr'>μὴ</span> <span class='ocrx_word' id='word_1_360' title='bbox 1039 2126 1176 2174; x_wconf 76' lang='grc' dir='ltr'>ἁπλῶς,</span> 
     </span>
     <span class='ocr_line' id='line_1_49' title="bbox 148 2181 812 2233; baseline 0.002 -13"><span class='ocrx_word' id='word_1_361' title='bbox 148 2183 238 2232; x_wconf 79' lang='grc' dir='ltr'>μηδὲ</span> <span class='ocrx_word' id='word_1_362' title='bbox 260 2182 374 2232; x_wconf 84' lang='grc' dir='ltr'>μάτην</span> <span class='ocrx_word' id='word_1_363' title='bbox 397 2181 574 2233; x_wconf 85' lang='grc' dir='ltr'>γίνεσθαι,</span> <span class='ocrx_word' id='word_1_364' title='bbox 603 2184 681 2221; x_wconf 87' lang='grc' dir='ltr'>ἀλλ’</span> <span class='ocrx_word' id='word_1_365' title='bbox 714 2184 724 2197; x_wconf 85' lang='grc'><strong><em>’</em></strong></span> <span class='ocrx_word' id='word_1_366' title='bbox 756 2183 766 2196; x_wconf 79' lang='grc'><strong>’</strong></span> <span class='ocrx_word' id='word_1_367' title='bbox 803 2186 812 2197; x_wconf 86' lang='grc'><strong>’</strong></span> 
     </span>
    </p>

    <p class='ocr_par' dir='ltr' id='par_1_9' title="bbox 145 2243 1177 3095">
     <span class='ocr_line' id='line_1_50' title="bbox 147 2243 1177 2298; baseline 0.005 -19"><span class='ocrx_word' id='word_1_368' title='bbox 147 2245 208 2289; x_wconf 76' lang='grc' dir='ltr'>τῆς</span> <span class='ocrx_word' id='word_1_369' title='bbox 240 2243 415 2294; x_wconf 87' lang='grc' dir='ltr'>σωτηρίας</span> <span class='ocrx_word' id='word_1_370' title='bbox 441 2247 503 2290; x_wconf 76' lang='grc' dir='ltr'>τῆς</span> <span class='ocrx_word' id='word_1_371' title='bbox 536 2243 722 2297; x_wconf 85' lang='grc' dir='ltr'>ἡμετέρας.</span> <span class='ocrx_word' id='word_1_372' title='bbox 742 2246 788 2283; x_wconf 83' lang='grc' dir='ltr'>Εἰ</span> <span class='ocrx_word' id='word_1_373' title='bbox 808 2245 876 2298; x_wconf 87' lang='grc' dir='ltr'>γὰρ</span> <span class='ocrx_word' id='word_1_374' title='bbox 896 2247 928 2284; x_wconf 82' lang='grc' dir='ltr'>οἱ</span> <span class='ocrx_word' id='word_1_375' title='bbox 953 2246 997 2285; x_wconf 84' lang='grc' dir='ltr'>τὰ</span> <span class='ocrx_word' id='word_1_376' title='bbox 1028 2247 1177 2298; x_wconf 85' lang='grc' dir='ltr'>βιωτικὰ</span> 
     </span>
     <span class='ocr_line' id='line_1_51' title="bbox 146 2303 1175 2359; baseline 0.007 -19"><span class='ocrx_word' id='word_1_377' title='bbox 146 2303 321 2353; x_wconf 88' lang='grc' dir='ltr'>μετιόντες</span> <span class='ocrx_word' id='word_1_378' title='bbox 349 2303 544 2357; x_wconf 86' lang='grc' dir='ltr'>πράγματα</span> <span class='ocrx_word' id='word_1_379' title='bbox 563 2307 624 2343; x_wconf 80' lang='grc' dir='ltr'>οὐκ</span> <span class='ocrx_word' id='word_1_380' title='bbox 642 2305 682 2343; x_wconf 84' lang='grc' dir='ltr'>ἄν</span> <span class='ocrx_word' id='word_1_381' title='bbox 699 2321 784 2344; x_wconf 90' lang='grc' dir='ltr'>ποτε</span> <span class='ocrx_word' id='word_1_382' title='bbox 815 2305 1023 2359; x_wconf 53' lang='grc' dir='ltr'>ἀνάσχοιντο</span> <span class='ocrx_word' id='word_1_383' title='bbox 1053 2310 1175 2357; x_wconf 83' lang='grc' dir='ltr'>ἐπιτη-</span> 
     </span>
     <span class='ocr_line' id='line_1_52' title="bbox 146 2365 1177 2422; baseline 0.006 -20"><span class='ocrx_word' id='word_1_384' title='bbox 146 2365 315 2415; x_wconf 87' lang='grc' dir='ltr'>δεύματος</span> <span class='ocrx_word' id='word_1_385' title='bbox 349 2365 523 2418; x_wconf 77' lang='grc' dir='ltr'>ἅψασθαι,</span> <span class='ocrx_word' id='word_1_386' title='bbox 551 2365 600 2417; x_wconf 87' lang='grc' dir='ltr'>μὴ</span> <span class='ocrx_word' id='word_1_387' title='bbox 632 2366 800 2421; x_wconf 87' lang='grc' dir='ltr'>πρότερον</span> <span class='ocrx_word' id='word_1_388' title='bbox 827 2368 867 2406; x_wconf 83' lang='grc' dir='ltr'>τὸ</span> <span class='ocrx_word' id='word_1_389' title='bbox 899 2371 1028 2406; x_wconf 86' lang='grc' dir='ltr'>ἐκεῖθεν</span> <span class='ocrx_word' id='word_1_390' title='bbox 1057 2369 1177 2422; x_wconf 88' lang='grc' dir='ltr'>κέρδος</span> 
     </span>
     <span class='ocr_line' id='line_1_53' title="bbox 146 2427 1176 2481; baseline 0.007 -18"><span class='ocrx_word' id='word_1_391' title='bbox 146 2427 483 2477; x_wconf 74' lang='grc' dir='ltr'>περισκοπήσαντες·</span> <span class='ocrx_word' id='word_1_392' title='bbox 499 2429 621 2480; x_wconf 79' lang='grc' dir='ltr'>πολλῷ</span> <span class='ocrx_word' id='word_1_393' title='bbox 640 2430 772 2479; x_wconf 77' lang='grc' dir='ltr'>μᾶλλον</span> <span class='ocrx_word' id='word_1_394' title='bbox 791 2432 886 2481; x_wconf 78' lang='grc' dir='ltr'>ἡμᾶς</span> <span class='ocrx_word' id='word_1_395' title='bbox 915 2429 1048 2469; x_wconf 88' lang='grc' dir='ltr'>δίκαιον</span> <span class='ocrx_word' id='word_1_396' title='bbox 1073 2436 1176 2470; x_wconf 79' lang='grc' dir='ltr'>τοῦτο</span> 
     </span>
     <span class='ocr_line' id='line_1_54' title="bbox 147 2487 1173 2542; baseline 0.008 -19"><span class='ocrx_word' id='word_1_397' title='bbox 147 2492 270 2535; x_wconf 84' lang='grc' dir='ltr'>ποιεῖν,</span> <span class='ocrx_word' id='word_1_398' title='bbox 292 2487 352 2525; x_wconf 77' lang='grc' dir='ltr'>καὶ</span> <span class='ocrx_word' id='word_1_399' title='bbox 380 2488 428 2538; x_wconf 88' lang='grc' dir='ltr'>μὴ</span> <span class='ocrx_word' id='word_1_400' title='bbox 457 2489 577 2532; x_wconf 83' lang='grc' dir='ltr'>ἁπλῶς</span> <span class='ocrx_word' id='word_1_401' title='bbox 605 2489 668 2533; x_wconf 82' lang='grc' dir='ltr'>τὰς</span> <span class='ocrx_word' id='word_1_402' title='bbox 699 2490 895 2542; x_wconf 73' lang='grc' dir='ltr'>ἑὸδομάδας</span> <span class='ocrx_word' id='word_1_403' title='bbox 915 2495 987 2531; x_wconf 85' lang='grc' dir='ltr'>τῶν</span> <span class='ocrx_word' id='word_1_404' title='bbox 1005 2496 1173 2540; x_wconf 80' lang='grc' dir='ltr'>νηστειῶν</span> 
     </span>
     <span class='ocr_line' id='line_1_55' title="bbox 147 2547 1176 2603; baseline 0.009 -19"><span class='ocrx_word' id='word_1_405' title='bbox 147 2547 398 2601; x_wconf 73' lang='grc' dir='ltr'>παρατρέχειν,</span> <span class='ocrx_word' id='word_1_406' title='bbox 416 2549 507 2587; x_wconf 79' lang='grc' dir='ltr'>ἀλλὰ</span> <span class='ocrx_word' id='word_1_407' title='bbox 527 2550 764 2602; x_wconf 80' lang='grc' dir='ltr'>διερευνᾶσθαι</span> <span class='ocrx_word' id='word_1_408' title='bbox 781 2551 846 2600; x_wconf 70' lang='grc' dir='ltr'>τὴν</span> <span class='ocrx_word' id='word_1_409' title='bbox 864 2555 995 2592; x_wconf 74' lang='grc' dir='ltr'>ἑαυτῶν</span> <span class='ocrx_word' id='word_1_410' title='bbox 1015 2554 1176 2603; x_wconf 85' lang='grc' dir='ltr'>συνείδη-</span> 
     </span>
     <span class='ocr_line' id='line_1_56' title="bbox 147 2609 1173 2667; baseline 0.009 -22"><span class='ocrx_word' id='word_1_411' title='bbox 147 2624 214 2656; x_wconf 85' lang='grc' dir='ltr'>σιν,</span> <span class='ocrx_word' id='word_1_412' title='bbox 233 2609 291 2646; x_wconf 74' lang='grc' dir='ltr'>καὶ</span> <span class='ocrx_word' id='word_1_413' title='bbox 313 2609 371 2647; x_wconf 83' lang='grc' dir='ltr'>τὸν</span> <span class='ocrx_word' id='word_1_414' title='bbox 393 2611 559 2662; x_wconf 83' lang='grc' dir='ltr'>λογισμὸν</span> <span class='ocrx_word' id='word_1_415' title='bbox 581 2612 791 2662; x_wconf 88' lang='grc' dir='ltr'>βασανίζειν,</span> <span class='ocrx_word' id='word_1_416' title='bbox 812 2614 871 2653; x_wconf 78' lang='grc' dir='ltr'>καὶ</span> <span class='ocrx_word' id='word_1_417' title='bbox 890 2621 1033 2654; x_wconf 87' lang='grc' dir='ltr'>σκοπεῖν</span> <span class='ocrx_word' id='word_1_418' title='bbox 1051 2616 1086 2654; x_wconf 92' lang='grc' dir='ltr'>τί</span> <span class='ocrx_word' id='word_1_419' title='bbox 1111 2616 1173 2667; x_wconf 83' lang='grc' dir='ltr'>μὲν</span> 
     </span>
     <span class='ocr_line' id='line_1_57' title="bbox 146 2669 1172 2730; baseline 0.011 -24"><span class='ocrx_word' id='word_1_420' title='bbox 146 2669 181 2706; x_wconf 85' lang='grc' dir='ltr'>ἐν</span> <span class='ocrx_word' id='word_1_421' title='bbox 204 2669 313 2722; x_wconf 84' lang='grc' dir='ltr'>ταύτῃ</span> <span class='ocrx_word' id='word_1_422' title='bbox 333 2673 376 2719; x_wconf 78' lang='grc' dir='ltr'>τῇ</span> <span class='ocrx_word' id='word_1_423' title='bbox 403 2670 572 2720; x_wconf 69' lang='grc' dir='ltr'>ἑὸδομάδι</span> <span class='ocrx_word' id='word_1_424' title='bbox 591 2675 675 2723; x_wconf 87' lang='grc' dir='ltr'>ἡμῖν</span> <span class='ocrx_word' id='word_1_425' title='bbox 696 2674 946 2729; x_wconf 83' lang='grc' dir='ltr'>κατώρθωται,</span> <span class='ocrx_word' id='word_1_426' title='bbox 966 2676 1001 2715; x_wconf 90' lang='grc' dir='ltr'>τί</span> <span class='ocrx_word' id='word_1_427' title='bbox 1020 2677 1056 2715; x_wconf 81' lang='grc' dir='ltr'>δὲ</span> <span class='ocrx_word' id='word_1_428' title='bbox 1075 2680 1111 2716; x_wconf 86' lang='grc' dir='ltr'>ἐν</span> <span class='ocrx_word' id='word_1_429' title='bbox 1129 2681 1172 2730; x_wconf 81' lang='grc' dir='ltr'>τῇ</span> 
     </span>
     <span class='ocr_line' id='line_1_58' title="bbox 147 2730 1175 2787; baseline 0.011 -20"><span class='ocrx_word' id='word_1_430' title='bbox 147 2730 249 2783; x_wconf 79' lang='grc' dir='ltr'>ἑτέρα</span> <span class='ocrx_word' id='word_1_431' title='bbox 262 2761 272 2778; x_wconf 92' lang='grc'>,</span> <span class='ocrx_word' id='word_1_432' title='bbox 292 2730 352 2769; x_wconf 80' lang='grc' dir='ltr'>καὶ</span> <span class='ocrx_word' id='word_1_433' title='bbox 367 2731 443 2769; x_wconf 89' lang='grc' dir='ltr'>τίνα</span> <span class='ocrx_word' id='word_1_434' title='bbox 461 2733 664 2784; x_wconf 84' lang='grc' dir='ltr'>προσθήκην</span> <span class='ocrx_word' id='word_1_435' title='bbox 685 2735 876 2787; x_wconf 83' lang='grc' dir='ltr'>ἐδεξάμεθα</span> <span class='ocrx_word' id='word_1_436' title='bbox 901 2740 947 2781; x_wconf 82' lang='grc' dir='ltr'>εἷς</span> <span class='ocrx_word' id='word_1_437' title='bbox 974 2737 1037 2785; x_wconf 86' lang='grc' dir='ltr'>τὴν</span> <span class='ocrx_word' id='word_1_438' title='bbox 1053 2740 1175 2778; x_wconf 74' lang='grc' dir='ltr'>ἐπιοῦ-</span> 
     </span>
     <span class='ocr_line' id='line_1_59' title="bbox 146 2792 1173 2852; baseline 0.011 -24"><span class='ocrx_word' id='word_1_439' title='bbox 146 2806 209 2828; x_wconf 90' lang='grc' dir='ltr'>σαν</span> <span class='ocrx_word' id='word_1_440' title='bbox 222 2822 233 2840; x_wconf 93' lang='grc'>,</span> <span class='ocrx_word' id='word_1_441' title='bbox 263 2792 322 2830; x_wconf 81' lang='grc' dir='ltr'>καὶ</span> <span class='ocrx_word' id='word_1_442' title='bbox 345 2798 442 2832; x_wconf 83' lang='grc' dir='ltr'>ποῖον</span> <span class='ocrx_word' id='word_1_443' title='bbox 460 2797 528 2832; x_wconf 86' lang='grc' dir='ltr'>τῶν</span> <span class='ocrx_word' id='word_1_444' title='bbox 551 2797 585 2834; x_wconf 88' lang='grc' dir='ltr'>ἐν</span> <span class='ocrx_word' id='word_1_445' title='bbox 604 2799 689 2847; x_wconf 84' lang='grc' dir='ltr'>ἡμῖν</span> <span class='ocrx_word' id='word_1_446' title='bbox 708 2801 829 2836; x_wconf 85' lang='grc' dir='ltr'>παθῶν</span> <span class='ocrx_word' id='word_1_447' title='bbox 849 2798 1110 2852; x_wconf 80' lang='grc' dir='ltr'>διωρθώσαμεν.</span> <span class='ocrx_word' id='word_1_448' title='bbox 1131 2802 1173 2839; x_wconf 67' lang='lat' dir='ltr'>Ei</span> 
     </span>
     <span class='ocr_line' id='line_1_60' title="bbox 145 2851 1172 2913; baseline 0.011 -23"><span class='ocrx_word' id='word_1_449' title='bbox 145 2851 214 2904; x_wconf 76' lang='grc' dir='ltr'>γὰρ</span> <span class='ocrx_word' id='word_1_450' title='bbox 234 2853 282 2903; x_wconf 82' lang='grc' dir='ltr'>μὴ</span> <span class='ocrx_word' id='word_1_451' title='bbox 303 2854 490 2905; x_wconf 87' lang='grc' dir='ltr'>μέλλοιμεν</span> <span class='ocrx_word' id='word_1_452' title='bbox 519 2855 609 2895; x_wconf 79' lang='grc' dir='ltr'>οὕτω</span> <span class='ocrx_word' id='word_1_453' title='bbox 632 2858 676 2896; x_wconf 82' lang='grc' dir='ltr'>τὰ</span> <span class='ocrx_word' id='word_1_454' title='bbox 703 2862 780 2897; x_wconf 85' lang='grc' dir='ltr'>καθ’</span> <span class='ocrx_word' id='word_1_455' title='bbox 801 2860 944 2904; x_wconf 76' lang='grc' dir='ltr'>ἑαυτοὺς</span> <span class='ocrx_word' id='word_1_456' title='bbox 960 2864 1172 2913; x_wconf 86' lang='grc' dir='ltr'>οἰκονομεῖν,</span> 
     </span>
     <span class='ocr_line' id='line_1_61' title="bbox 147 2913 1173 2976; baseline 0.011 -26"><span class='ocrx_word' id='word_1_457' title='bbox 147 2913 207 2951; x_wconf 76' lang='grc' dir='ltr'>καὶ</span> <span class='ocrx_word' id='word_1_458' title='bbox 219 2914 390 2962; x_wconf 78' lang='grc' dir='ltr'>τοσαύτην</span> <span class='ocrx_word' id='word_1_459' title='bbox 409 2921 582 2956; x_wconf 78' lang='grc' dir='ltr'>ποιεῖσθαι</span> <span class='ocrx_word' id='word_1_460' title='bbox 598 2919 799 2971; x_wconf 84' lang='grc' dir='ltr'>ἐπιμέλειαν</span> <span class='ocrx_word' id='word_1_461' title='bbox 815 2924 877 2968; x_wconf 77' lang='grc' dir='ltr'>τῆς</span> <span class='ocrx_word' id='word_1_462' title='bbox 897 2925 1027 2960; x_wconf 84' lang='grc' dir='ltr'>ἑαυτῶν</span> <span class='ocrx_word' id='word_1_463' title='bbox 1045 2925 1173 2976; x_wconf 74' lang='grc' dir='ltr'>ψυχῆς,</span> 
     </span>
     <span class='ocr_line' id='line_1_62' title="bbox 146 2973 1173 3031; baseline 0.012 -19"><span class='ocrx_word' id='word_1_464' title='bbox 146 2973 243 3012; x_wconf 79' lang='grc' dir='ltr'>οὐδὲν</span> <span class='ocrx_word' id='word_1_465' title='bbox 262 2978 347 3025; x_wconf 79' lang='grc' dir='ltr'>ἡμῖν</span> <span class='ocrx_word' id='word_1_466' title='bbox 362 2976 481 3028; x_wconf 78' lang='grc' dir='ltr'>ὄφελος</span> <span class='ocrx_word' id='word_1_467' title='bbox 500 2978 599 3018; x_wconf 89' lang='grc' dir='ltr'>ἔσται</span> <span class='ocrx_word' id='word_1_468' title='bbox 615 2983 677 3027; x_wconf 81' lang='grc' dir='ltr'>τ’ἧς</span> <span class='ocrx_word' id='word_1_469' title='bbox 701 2982 879 3031; x_wconf 86' lang='grc' dir='ltr'>νηστείας,</span> <span class='ocrx_word' id='word_1_470' title='bbox 898 2983 976 3022; x_wconf 78' lang='grc' dir='ltr'>οὐδὲ</span> <span class='ocrx_word' id='word_1_471' title='bbox 995 2986 1058 3030; x_wconf 80' lang='grc' dir='ltr'>τῆς</span> <span class='ocrx_word' id='word_1_472' title='bbox 1092 2987 1173 3024; x_wconf 87' lang='grc' dir='ltr'>ἀσι-</span> 
     </span>
     <span class='ocr_line' id='line_1_63' title="bbox 146 3033 1174 3095; baseline 0.014 -24"><span class='ocrx_word' id='word_1_473' title='bbox 146 3033 233 3083; x_wconf 82' lang='grc' dir='ltr'>τίας,</span> <span class='ocrx_word' id='word_1_474' title='bbox 248 3036 290 3083; x_wconf 78' lang='grc' dir='ltr'>ἣν</span> <span class='ocrx_word' id='word_1_475' title='bbox 304 3036 533 3090; x_wconf 81' lang='grc' dir='ltr'>ὑπομένομεν,</span> <span class='ocrx_word' id='word_1_476' title='bbox 545 3041 699 3091; x_wconf 86' lang='grc' dir='ltr'>μάλιστα</span> <span class='ocrx_word' id='word_1_477' title='bbox 713 3046 728 3063; x_wconf 67' lang='lat'><strong>²</strong></span> <span class='ocrx_word' id='word_1_478' title='bbox 739 3045 768 3081; x_wconf 89' lang='grc' dir='ltr'>εἷ</span> <span class='ocrx_word' id='word_1_479' title='bbox 788 3044 995 3095; x_wconf 74' lang='grc' dir='ltr'>φαινοίμεθα</span> <span class='ocrx_word' id='word_1_480' title='bbox 1010 3045 1174 3090; x_wconf 87' lang='grc' dir='ltr'>ἐλάττους</span> 
     </span>
    </p>
   </div>
   <div class='ocr_carea' id='block_1_9' title="bbox 1193 1139 2208 3095">
    <p class='ocr_par' dir='ltr' id='par_1_10' title="bbox 1199 1139 2208 2544">
     <span class='ocr_line' id='line_1_64' title="bbox 1201 1139 2206 1196; baseline 0.004 -19"><span class='ocrx_word' id='word_1_481' title='bbox 1201 1155 1226 1186; x_wconf 78' lang='lat' dir='ltr'>c</span> <span class='ocrx_word' id='word_1_482' title='bbox 1248 1139 1356 1178; x_wconf 89' lang='lat' dir='ltr'>critcr</span> <span class='ocrx_word' id='word_1_483' title='bbox 1374 1150 1523 1192; x_wconf 87' lang='lat' dir='ltr'>pergant</span> <span class='ocrx_word' id='word_1_484' title='bbox 1545 1141 1570 1178; x_wconf 93' lang='lat' dir='ltr'>ii</span> <span class='ocrx_word' id='word_1_485' title='bbox 1591 1141 1654 1192; x_wconf 84' lang='lat' dir='ltr'>qui</span> <span class='ocrx_word' id='word_1_486' title='bbox 1671 1140 1762 1179; x_wconf 87' lang='lat' dir='ltr'>illud</span> <span class='ocrx_word' id='word_1_487' title='bbox 1782 1151 2024 1194; x_wconf 88' lang='lat' dir='ltr'>susceperunt.</span> <span class='ocrx_word' id='word_1_488' title='bbox 2043 1146 2118 1194; x_wconf 81' lang='lat' dir='ltr'>Age</span> <span class='ocrx_word' id='word_1_489' title='bbox 2139 1143 2206 1196; x_wconf 84' lang='lat' dir='ltr'>igi-</span> 
     </span>
     <span class='ocr_line' id='line_1_65' title="bbox 1247 1201 2206 1252; baseline 0.006 -14"><span class='ocrx_word' id='word_1_490' title='bbox 1247 1209 1318 1250; x_wconf 90' lang='lat' dir='ltr'>tur,</span> <span class='ocrx_word' id='word_1_491' title='bbox 1332 1201 1416 1252; x_wconf 87' lang='lat' dir='ltr'>quia</span> <span class='ocrx_word' id='word_1_492' title='bbox 1429 1201 1537 1242; x_wconf 89' lang='lat' dir='ltr'>hodic</span> <span class='ocrx_word' id='word_1_493' title='bbox 1549 1203 1768 1241; x_wconf 87' lang='lat' dir='ltr'>remissionis</span> <span class='ocrx_word' id='word_1_494' title='bbox 1780 1202 1857 1241; x_wconf 89' lang='lat' dir='ltr'>dics</span> <span class='ocrx_word' id='word_1_495' title='bbox 1870 1213 1932 1251; x_wconf 88' lang='lat' dir='ltr'>est,</span> <span class='ocrx_word' id='word_1_496' title='bbox 1942 1204 2206 1244; x_wconf 86' lang='lat' dir='ltr'>obsecrabimus</span> 
     </span>
     <span class='ocr_line' id='line_1_66' title="bbox 1247 1263 2205 1317; baseline 0.005 -17"><span class='ocrx_word' id='word_1_497' title='bbox 1247 1271 1404 1301; x_wconf 86' lang='lat' dir='ltr'>vestram</span> <span class='ocrx_word' id='word_1_498' title='bbox 1424 1263 1622 1313; x_wconf 85' lang='lat' dir='ltr'>caritatem,</span> <span class='ocrx_word' id='word_1_499' title='bbox 1637 1272 1676 1302; x_wconf 91' lang='lat' dir='ltr'>ut</span> <span class='ocrx_word' id='word_1_500' title='bbox 1697 1277 1825 1316; x_wconf 85' lang='lat' dir='ltr'>magna</span> <span class='ocrx_word' id='word_1_501' title='bbox 1849 1264 2035 1317; x_wconf 85' lang='lat' dir='ltr'>diligentia</span> <span class='ocrx_word' id='word_1_502' title='bbox 2066 1266 2205 1305; x_wconf 85' lang='lat' dir='ltr'>lucrum</span> 
     </span>
     <span class='ocr_line' id='line_1_67' title="bbox 1248 1324 2208 1377; baseline 0.005 -15"><span class='ocrx_word' id='word_1_503' title='bbox 1248 1337 1294 1362; x_wconf 84' lang='lat' dir='ltr'>ex</span> <span class='ocrx_word' id='word_1_504' title='bbox 1320 1324 1459 1377; x_wconf 87' lang='lat' dir='ltr'>jejunio</span> <span class='ocrx_word' id='word_1_505' title='bbox 1494 1326 1681 1364; x_wconf 90' lang='lat' dir='ltr'>collectum</span> <span class='ocrx_word' id='word_1_506' title='bbox 1713 1325 1922 1365; x_wconf 86' lang='lat' dir='ltr'>custodiatis</span> <span class='ocrx_word' id='word_1_507' title='bbox 1954 1342 1962 1363; x_wconf 72' lang='grc' dir='ltr'><strong><em>ε</em></strong></span> <span class='ocrx_word' id='word_1_508' title='bbox 1991 1336 2024 1365; x_wconf 89' lang='lat' dir='ltr'>ct</span> <span class='ocrx_word' id='word_1_509' title='bbox 2051 1338 2208 1367; x_wconf 89' lang='lat' dir='ltr'>resumto</span> 
     </span>
     <span class='ocr_line' id='line_1_68' title="bbox 1247 1387 2206 1440; baseline 0.005 -17"><span class='ocrx_word' id='word_1_510' title='bbox 1247 1399 1440 1439; x_wconf 81' lang='lat' dir='ltr'>parumper</span> <span class='ocrx_word' id='word_1_511' title='bbox 1467 1387 1609 1440; x_wconf 89' lang='lat' dir='ltr'>spiritu,</span> <span class='ocrx_word' id='word_1_512' title='bbox 1627 1402 1712 1426; x_wconf 82' lang='lat' dir='ltr'>mox</span> <span class='ocrx_word' id='word_1_513' title='bbox 1728 1387 1858 1426; x_wconf 87' lang='lat' dir='ltr'>iterum</span> <span class='ocrx_word' id='word_1_514' title='bbox 1882 1388 2001 1440; x_wconf 88' lang='lat' dir='ltr'>priora</span> <span class='ocrx_word' id='word_1_515' title='bbox 2030 1390 2132 1428; x_wconf 78' lang='lat' dir='ltr'>novis</span> <span class='ocrx_word' id='word_1_516' title='bbox 2153 1390 2206 1428; x_wconf 92' lang='lat' dir='ltr'>in-</span> 
     </span>
     <span class='ocr_line' id='line_1_69' title="bbox 1247 1449 2206 1504; baseline 0.004 -18"><span class='ocrx_word' id='word_1_517' title='bbox 1247 1449 1434 1487; x_wconf 86' lang='lat' dir='ltr'>crementis</span> <span class='ocrx_word' id='word_1_518' title='bbox 1457 1449 1658 1499; x_wconf 82' lang='lat' dir='ltr'>cumuletis,</span> <span class='ocrx_word' id='word_1_519' title='bbox 1678 1457 1712 1488; x_wconf 87' lang='lat' dir='ltr'>et</span> <span class='ocrx_word' id='word_1_520' title='bbox 1739 1449 1790 1487; x_wconf 91' lang='lat' dir='ltr'>sic</span> <span class='ocrx_word' id='word_1_521' title='bbox 1815 1449 1991 1502; x_wconf 87' lang='lat' dir='ltr'>paulatim</span> <span class='ocrx_word' id='word_1_522' title='bbox 2018 1450 2064 1488; x_wconf 86' lang='lat' dir='ltr'>ad</span> <span class='ocrx_word' id='word_1_523' title='bbox 2095 1453 2206 1504; x_wconf 86' lang='lat' dir='ltr'>majo-</span> 
     </span>
     <span class='ocr_line' id='line_1_70' title="bbox 1247 1510 2206 1563; baseline 0.003 -16"><span class='ocrx_word' id='word_1_524' title='bbox 1247 1523 1322 1548; x_wconf 86' lang='lat' dir='ltr'>rem</span> <span class='ocrx_word' id='word_1_525' title='bbox 1336 1510 1611 1561; x_wconf 83' lang='lat' dir='ltr'>negotiationem</span> <span class='ocrx_word' id='word_1_526' title='bbox 1627 1510 1789 1563; x_wconf 88' lang='lat' dir='ltr'>instructi</span> <span class='ocrx_word' id='word_1_527' title='bbox 1796 1510 1850 1559; x_wconf 91' lang='lat' dir='ltr'>,in</span> <span class='ocrx_word' id='word_1_528' title='bbox 1862 1511 2093 1550; x_wconf 90' lang='lat' dir='ltr'>Dominicnm</span> <span class='ocrx_word' id='word_1_529' title='bbox 2109 1511 2206 1551; x_wconf 90' lang='lat' dir='ltr'>diem</span> 
     </span>
     <span class='ocr_line' id='line_1_71' title="bbox 1248 1572 2207 1626; baseline 0.002 -16"><span class='ocrx_word' id='word_1_530' title='bbox 1248 1572 1457 1623; x_wconf 82' lang='lat' dir='ltr'>occurratis,</span> <span class='ocrx_word' id='word_1_531' title='bbox 1475 1581 1508 1610; x_wconf 85' lang='lat' dir='ltr'>et</span> <span class='ocrx_word' id='word_1_532' title='bbox 1523 1572 1748 1625; x_wconf 88' lang='lat' dir='ltr'>spiritualem</span> <span class='ocrx_word' id='word_1_533' title='bbox 1763 1581 1918 1612; x_wconf 86' lang='lat' dir='ltr'>vestram</span> <span class='ocrx_word' id='word_1_534' title='bbox 1932 1572 2054 1612; x_wconf 82' lang='lat' dir='ltr'>navim</span> <span class='ocrx_word' id='word_1_535' title='bbox 2070 1573 2106 1611; x_wconf 90' lang='lat' dir='ltr'>in</span> <span class='ocrx_word' id='word_1_536' title='bbox 2126 1588 2207 1626; x_wconf 90' lang='lat' dir='ltr'>por-</span> 
     </span>
     <span class='ocr_line' id='line_1_72' title="bbox 1248 1633 2206 1687; baseline 0.001 -15"><span class='ocrx_word' id='word_1_537' title='bbox 1248 1642 1324 1672; x_wconf 89' lang='lat' dir='ltr'>tum</span> <span class='ocrx_word' id='word_1_538' title='bbox 1353 1643 1482 1672; x_wconf 84' lang='lat' dir='ltr'>sanctae</span> <span class='ocrx_word' id='word_1_539' title='bbox 1504 1634 1708 1674; x_wconf 82' lang='lat' dir='ltr'>festivitatis</span> <span class='ocrx_word' id='word_1_540' title='bbox 1730 1634 1873 1687; x_wconf 85' lang='lat' dir='ltr'>plenam</span> <span class='ocrx_word' id='word_1_541' title='bbox 1893 1633 2091 1674; x_wconf 87' lang='lat' dir='ltr'>adducatis.</span> <span class='ocrx_word' id='word_1_542' title='bbox 2114 1636 2206 1673; x_wconf 85' lang='lat' dir='ltr'>Nam</span> 
     </span>
     <span class='ocr_line' id='line_1_73' title="bbox 1248 1695 2206 1747; baseline 0.001 -14"><span class='ocrx_word' id='word_1_543' title='bbox 1248 1696 1340 1734; x_wconf 87' lang='lat' dir='ltr'>sicut</span> <span class='ocrx_word' id='word_1_544' title='bbox 1366 1695 1487 1734; x_wconf 92' lang='lat' dir='ltr'>omnia</span> <span class='ocrx_word' id='word_1_545' title='bbox 1515 1710 1594 1747; x_wconf 84' lang='lat' dir='ltr'>quae</span> <span class='ocrx_word' id='word_1_546' title='bbox 1611 1710 1630 1734; x_wconf 92' lang='lat' dir='ltr'>a</span> <span class='ocrx_word' id='word_1_547' title='bbox 1650 1695 1806 1734; x_wconf 88' lang='lat' dir='ltr'>Domino</span> <span class='ocrx_word' id='word_1_548' title='bbox 1831 1704 1913 1733; x_wconf 90' lang='lat' dir='ltr'>sunt</span> <span class='ocrx_word' id='word_1_549' title='bbox 1938 1695 2042 1741; x_wconf 84' lang='lat' dir='ltr'>facta,</span> <span class='ocrx_word' id='word_1_550' title='bbox 2059 1695 2151 1734; x_wconf 85' lang='lat' dir='ltr'>sicut</span> <span class='ocrx_word' id='word_1_551' title='bbox 2174 1706 2206 1734; x_wconf 90' lang='lat' dir='ltr'>et</span> 
     </span>
     <span class='ocr_line' id='line_1_74' title="bbox 1249 1757 2204 1809; baseline 0.001 -15"><span class='ocrx_word' id='word_1_552' title='bbox 1249 1770 1410 1795; x_wconf 85' lang='lat' dir='ltr'>sermone</span> <span class='ocrx_word' id='word_1_553' title='bbox 1437 1757 1659 1795; x_wconf 87' lang='lat' dir='ltr'>declaratum</span> <span class='ocrx_word' id='word_1_554' title='bbox 1696 1765 1746 1795; x_wconf 88' lang='lat' dir='ltr'>est</span> <span class='ocrx_word' id='word_1_555' title='bbox 1770 1766 1804 1795; x_wconf 88' lang='lat' dir='ltr'>et</span> <span class='ocrx_word' id='word_1_556' title='bbox 1831 1771 1886 1795; x_wconf 86' lang='lat' dir='ltr'>res</span> <span class='ocrx_word' id='word_1_557' title='bbox 1907 1757 1992 1809; x_wconf 86' lang='lat' dir='ltr'>ipsae</span> <span class='ocrx_word' id='word_1_558' title='bbox 2015 1766 2204 1805; x_wconf 86' lang='lat' dir='ltr'>testantur,</span> 
     </span>
     <span class='ocr_line' id='line_1_75' title="bbox 1250 1817 2206 1870; baseline 0.002 -16"><span class='ocrx_word' id='word_1_559' title='bbox 1250 1817 1386 1855; x_wconf 80' lang='lat' dir='ltr'>ratione</span> <span class='ocrx_word' id='word_1_560' title='bbox 1410 1827 1444 1856; x_wconf 86' lang='lat' dir='ltr'>et</span> <span class='ocrx_word' id='word_1_561' title='bbox 1474 1818 1646 1870; x_wconf 83' lang='lat' dir='ltr'>sapientia</span> <span class='ocrx_word' id='word_1_562' title='bbox 1677 1818 1835 1869; x_wconf 88' lang='lat' dir='ltr'>quadam</span> <span class='ocrx_word' id='word_1_563' title='bbox 1864 1818 1956 1856; x_wconf 84' lang='lat' dir='ltr'>sacta</span> <span class='ocrx_word' id='word_1_564' title='bbox 1983 1827 2080 1869; x_wconf 88' lang='lat' dir='ltr'>sunt,</span> <span class='ocrx_word' id='word_1_565' title='bbox 2102 1832 2206 1856; x_wconf 91' lang='lat' dir='ltr'>usum</span> 
     </span>
     <span class='ocr_line' id='line_1_76' title="bbox 1251 1878 2207 1929; baseline 0.002 -14"><span class='ocrx_word' id='word_1_566' title='bbox 1251 1878 1484 1916; x_wconf 86' lang='lat' dir='ltr'>necessarium</span> <span class='ocrx_word' id='word_1_567' title='bbox 1514 1878 1719 1916; x_wconf 80' lang='lat' dir='ltr'>exhibentia</span> <span class='ocrx_word' id='word_1_568' title='bbox 1741 1894 1749 1915; x_wconf 92' lang='lat'><strong>:</strong></span> <span class='ocrx_word' id='word_1_569' title='bbox 1772 1878 1822 1916; x_wconf 86' lang='lat' dir='ltr'>ita</span> <span class='ocrx_word' id='word_1_570' title='bbox 1847 1888 1881 1916; x_wconf 90' lang='lat' dir='ltr'>et</span> <span class='ocrx_word' id='word_1_571' title='bbox 1906 1892 1985 1929; x_wconf 84' lang='lat' dir='ltr'>quae</span> <span class='ocrx_word' id='word_1_572' title='bbox 2001 1893 2020 1916; x_wconf 90' lang='lat' dir='ltr'>a</span> <span class='ocrx_word' id='word_1_573' title='bbox 2037 1879 2140 1917; x_wconf 87' lang='lat' dir='ltr'>nobis</span> <span class='ocrx_word' id='word_1_574' title='bbox 2162 1879 2207 1917; x_wconf 90' lang='lat' dir='ltr'>fi-</span> 
     </span>
     <span class='ocr_line' id='line_1_77' title="bbox 1251 1932 2205 1992; baseline 0.002 -17"><span class='ocrx_word' id='word_1_575' title='bbox 1251 1948 1329 1989; x_wconf 88' lang='lat' dir='ltr'>unt,</span> <span class='ocrx_word' id='word_1_576' title='bbox 1346 1953 1388 1976; x_wconf 87' lang='lat' dir='ltr'>ne</span> <span class='ocrx_word' id='word_1_577' title='bbox 1402 1939 1536 1990; x_wconf 85' lang='lat' dir='ltr'>absque</span> <span class='ocrx_word' id='word_1_578' title='bbox 1555 1953 1658 1977; x_wconf 87' lang='lat' dir='ltr'>causa</span> <span class='ocrx_word' id='word_1_579' title='bbox 1675 1947 1709 1976; x_wconf 90' lang='lat' dir='ltr'>et</span> <span class='ocrx_word' id='word_1_580' title='bbox 1725 1932 1855 1977; x_wconf 79' lang='lat' dir='ltr'>frustra</span> <span class='ocrx_word' id='word_1_581' title='bbox 1872 1939 1959 1977; x_wconf 86' lang='lat' dir='ltr'>fiant</span> <span class='ocrx_word' id='word_1_582' title='bbox 1979 1948 2131 1992; x_wconf 80' lang='lat' dir='ltr'>oportet,</span> <span class='ocrx_word' id='word_1_583' title='bbox 2146 1940 2205 1978; x_wconf 89' lang='lat' dir='ltr'>sed</span> 
     </span>
     <span class='ocr_line' id='line_1_78' title="bbox 1250 2000 2205 2038; baseline 0 0"><span class='ocrx_word' id='word_1_584' title='bbox 1250 2000 1287 2038; x_wconf 90' lang='lat' dir='ltr'>in</span> <span class='ocrx_word' id='word_1_585' title='bbox 1311 2000 1502 2038; x_wconf 85' lang='lat' dir='ltr'>utilitatem</span> <span class='ocrx_word' id='word_1_586' title='bbox 1529 2009 1562 2037; x_wconf 89' lang='lat' dir='ltr'>ct</span> <span class='ocrx_word' id='word_1_587' title='bbox 1587 2000 1727 2037; x_wconf 82' lang='lat' dir='ltr'>lucrum</span> <span class='ocrx_word' id='word_1_588' title='bbox 1751 2008 1879 2038; x_wconf 82' lang='lat' dir='ltr'>nostrae</span> <span class='ocrx_word' id='word_1_589' title='bbox 1902 2000 2040 2037; x_wconf 89' lang='lat' dir='ltr'>salutis.</span> <span class='ocrx_word' id='word_1_590' title='bbox 2059 2001 2149 2038; x_wconf 84' lang='lat' dir='ltr'>Nam</span> <span class='ocrx_word' id='word_1_591' title='bbox 2176 2001 2205 2038; x_wconf 91' lang='lat' dir='ltr'>si</span> 
     </span>
     <span class='ocr_line' id='line_1_79' title="bbox 1248 2060 2205 2112; baseline -0.002 -12"><span class='ocrx_word' id='word_1_592' title='bbox 1248 2062 1276 2103; x_wconf 86' lang='lat' dir='ltr'>ii</span> <span class='ocrx_word' id='word_1_593' title='bbox 1297 2061 1359 2112; x_wconf 90' lang='lat' dir='ltr'>qui</span> <span class='ocrx_word' id='word_1_594' title='bbox 1379 2061 1611 2099; x_wconf 87' lang='lat' dir='ltr'>saecularibus</span> <span class='ocrx_word' id='word_1_595' title='bbox 1642 2061 1794 2112; x_wconf 87' lang='lat' dir='ltr'>negotiis</span> <span class='ocrx_word' id='word_1_596' title='bbox 1818 2060 1930 2098; x_wconf 83' lang='lat' dir='ltr'>dediti</span> <span class='ocrx_word' id='word_1_597' title='bbox 1956 2070 2053 2111; x_wconf 91' lang='lat' dir='ltr'>sunt,</span> <span class='ocrx_word' id='word_1_598' title='bbox 2075 2061 2205 2100; x_wconf 87' lang='lat' dir='ltr'>adduci</span> 
     </span>
     <span class='ocr_line' id='line_1_80' title="bbox 1250 2120 2206 2174; baseline 0.001 -14"><span class='ocrx_word' id='word_1_599' title='bbox 1250 2131 1438 2174; x_wconf 82' lang='lat' dir='ltr'>nequeant,</span> <span class='ocrx_word' id='word_1_600' title='bbox 1458 2131 1498 2160; x_wconf 90' lang='lat' dir='ltr'>ut</span> <span class='ocrx_word' id='word_1_601' title='bbox 1518 2136 1592 2160; x_wconf 89' lang='lat' dir='ltr'>rem</span> <span class='ocrx_word' id='word_1_602' title='bbox 1621 2121 1780 2172; x_wconf 87' lang='lat' dir='ltr'>aliquam</span> <span class='ocrx_word' id='word_1_603' title='bbox 1799 2120 1987 2174; x_wconf 86' lang='lat' dir='ltr'>incipiant,</span> <span class='ocrx_word' id='word_1_604' title='bbox 2010 2122 2078 2160; x_wconf 86' lang='lat' dir='ltr'>nisi</span> <span class='ocrx_word' id='word_1_605' title='bbox 2106 2123 2206 2174; x_wconf 88' lang='lat' dir='ltr'>prius</span> 
     </span>
     <span class='ocr_line' id='line_1_81' title="bbox 1249 2182 2203 2236; baseline 0.001 -15"><span class='ocrx_word' id='word_1_606' title='bbox 1249 2183 1389 2235; x_wconf 85' lang='lat' dir='ltr'>aliquid</span> <span class='ocrx_word' id='word_1_607' title='bbox 1409 2184 1500 2221; x_wconf 93' lang='lat' dir='ltr'>lucri</span> <span class='ocrx_word' id='word_1_608' title='bbox 1520 2182 1682 2221; x_wconf 84' lang='lat' dir='ltr'>suboleat</span> <span class='ocrx_word' id='word_1_609' title='bbox 1698 2183 1832 2221; x_wconf 89' lang='lat' dir='ltr'>:multo</span> <span class='ocrx_word' id='word_1_610' title='bbox 1854 2183 1968 2235; x_wconf 81' lang='lat' dir='ltr'>magis</span> <span class='ocrx_word' id='word_1_611' title='bbox 1979 2184 2120 2236; x_wconf 89' lang='lat' dir='ltr'>justum</span> <span class='ocrx_word' id='word_1_612' title='bbox 2139 2194 2203 2235; x_wconf 85' lang='lat' dir='ltr'>cst,</span> 
     </span>
     <span class='ocr_line' id='line_1_82' title="bbox 1250 2243 2205 2298; baseline 0 -15"><span class='ocrx_word' id='word_1_613' title='bbox 1250 2253 1289 2283; x_wconf 89' lang='lat' dir='ltr'>ut</span> <span class='ocrx_word' id='word_1_614' title='bbox 1305 2259 1368 2283; x_wconf 90' lang='lat' dir='ltr'>nos</span> <span class='ocrx_word' id='word_1_615' title='bbox 1386 2245 1455 2283; x_wconf 89' lang='lat' dir='ltr'>hoc</span> <span class='ocrx_word' id='word_1_616' title='bbox 1472 2244 1659 2294; x_wconf 85' lang='lat' dir='ltr'>faciamus,</span> <span class='ocrx_word' id='word_1_617' title='bbox 1682 2258 1795 2295; x_wconf 86' lang='lat' dir='ltr'>neque</span> <span class='ocrx_word' id='word_1_618' title='bbox 1814 2243 1861 2282; x_wconf 89' lang='lat' dir='ltr'>ita</span> <span class='ocrx_word' id='word_1_619' title='bbox 1881 2243 2093 2297; x_wconf 87' lang='lat' dir='ltr'>simpliciter</span> <span class='ocrx_word' id='word_1_620' title='bbox 2105 2246 2205 2298; x_wconf 88' lang='lat' dir='ltr'>jeju—</span> 
     </span>
     <span class='ocr_line' id='line_1_83' title="bbox 1247 2305 2206 2359; baseline 0 -14"><span class='ocrx_word' id='word_1_621' title='bbox 1247 2307 1392 2345; x_wconf 88' lang='lat' dir='ltr'>niorum</span> <span class='ocrx_word' id='word_1_622' title='bbox 1413 2305 1648 2344; x_wconf 77' lang='lat' dir='ltr'>hebdomadoe</span> <span class='ocrx_word' id='word_1_623' title='bbox 1673 2314 1902 2359; x_wconf 76' lang='lat' dir='ltr'>praetereant,</span> <span class='ocrx_word' id='word_1_624' title='bbox 1924 2305 1987 2344; x_wconf 93' lang='lat' dir='ltr'>sed</span> <span class='ocrx_word' id='word_1_625' title='bbox 2007 2315 2206 2345; x_wconf 83' lang='lat' dir='ltr'>scrutemur</span> 
     </span>
     <span class='ocr_line' id='line_1_84' title="bbox 1247 2367 2203 2420; baseline -0.002 -12"><span class='ocrx_word' id='word_1_626' title='bbox 1247 2383 1350 2408; x_wconf 90' lang='lat' dir='ltr'>suam</span> <span class='ocrx_word' id='word_1_627' title='bbox 1374 2367 1508 2420; x_wconf 85' lang='lat' dir='ltr'>quique</span> <span class='ocrx_word' id='word_1_628' title='bbox 1531 2367 1797 2418; x_wconf 84' lang='lat' dir='ltr'>conscientiam,</span> <span class='ocrx_word' id='word_1_629' title='bbox 1821 2376 1854 2406; x_wconf 91' lang='lat' dir='ltr'>et</span> <span class='ocrx_word' id='word_1_630' title='bbox 1875 2367 2047 2406; x_wconf 90' lang='lat' dir='ltr'>rationem</span> <span class='ocrx_word' id='word_1_631' title='bbox 2065 2369 2203 2406; x_wconf 81' lang='lat' dir='ltr'>exami-</span> 
     </span>
     <span class='ocr_line' id='line_1_85' title="bbox 1247 2428 2206 2481; baseline 0 -13"><span class='ocrx_word' id='word_1_632' title='bbox 1247 2445 1388 2481; x_wconf 90' lang='lat' dir='ltr'>nemus,</span> <span class='ocrx_word' id='word_1_633' title='bbox 1413 2429 1764 2480; x_wconf 86' lang='lat' dir='ltr'>consideremusque,</span> <span class='ocrx_word' id='word_1_634' title='bbox 1792 2428 1964 2480; x_wconf 89' lang='lat' dir='ltr'>quidnam</span> <span class='ocrx_word' id='word_1_635' title='bbox 1993 2429 2029 2467; x_wconf 93' lang='lat' dir='ltr'>in</span> <span class='ocrx_word' id='word_1_636' title='bbox 2052 2429 2119 2468; x_wconf 87' lang='lat' dir='ltr'>hac</span> <span class='ocrx_word' id='word_1_637' title='bbox 2146 2430 2206 2468; x_wconf 88' lang='lat' dir='ltr'>hc-</span> 
     </span>
     <span class='ocr_line' id='line_1_86' title="bbox 1199 2489 2207 2544; baseline -0.001 -13"><span class='ocrx_word' id='word_1_638' title='bbox 1199 2501 1225 2532; x_wconf 85' lang='lat' dir='ltr'>E</span> <span class='ocrx_word' id='word_1_639' title='bbox 1247 2491 1427 2531; x_wconf 83' lang='lat' dir='ltr'>bdomada</span> <span class='ocrx_word' id='word_1_640' title='bbox 1458 2491 1570 2544; x_wconf 88' lang='lat' dir='ltr'>probe</span> <span class='ocrx_word' id='word_1_641' title='bbox 1593 2500 1728 2541; x_wconf 85' lang='lat' dir='ltr'>actum,</span> <span class='ocrx_word' id='word_1_642' title='bbox 1755 2489 1843 2541; x_wconf 91' lang='lat' dir='ltr'>quid</span> <span class='ocrx_word' id='word_1_643' title='bbox 1871 2491 1906 2528; x_wconf 93' lang='lat' dir='ltr'>in</span> <span class='ocrx_word' id='word_1_644' title='bbox 1933 2490 2019 2541; x_wconf 85' lang='lat' dir='ltr'>alia,</span> <span class='ocrx_word' id='word_1_645' title='bbox 2049 2500 2082 2528; x_wconf 90' lang='lat' dir='ltr'>ct</span> <span class='ocrx_word' id='word_1_646' title='bbox 2104 2492 2207 2542; x_wconf 82' lang='lat' dir='ltr'>quale</span> 
     </span>
    </p>

    <p class='ocr_par' dir='ltr' id='par_1_11' title="bbox 1247 2550 2205 2607">
     <span class='ocr_line' id='line_1_87' title="bbox 1247 2550 2205 2607; baseline -0.002 -15"><span class='ocrx_word' id='word_1_647' title='bbox 1247 2563 1481 2607; x_wconf 87' lang='lat' dir='ltr'>augmentum</span> <span class='ocrx_word' id='word_1_648' title='bbox 1517 2552 1758 2605; x_wconf 88' lang='lat' dir='ltr'>acceperimus</span> <span class='ocrx_word' id='word_1_649' title='bbox 1782 2551 1819 2589; x_wconf 91' lang='lat' dir='ltr'>in</span> <span class='ocrx_word' id='word_1_650' title='bbox 1850 2550 2028 2602; x_wconf 88' lang='lat' dir='ltr'>sequenti,</span> <span class='ocrx_word' id='word_1_651' title='bbox 2058 2565 2145 2602; x_wconf 87' lang='lat' dir='ltr'>quas</span> <span class='ocrx_word' id='word_1_652' title='bbox 2169 2553 2205 2590; x_wconf 94' lang='lat' dir='ltr'>in</span> 
     </span>
    </p>

    <p class='ocr_par' dir='ltr' id='par_1_12' title="bbox 1246 2612 2205 2656">
     <span class='ocr_line' id='line_1_88' title="bbox 1246 2612 2205 2656; baseline -0.004 -1"><span class='ocrx_word' id='word_1_653' title='bbox 1246 2616 1350 2656; x_wconf 89' lang='lat' dir='ltr'>nobis</span> <span class='ocrx_word' id='word_1_654' title='bbox 1364 2615 1567 2653; x_wconf 79' lang='lat' dir='ltr'>affectiones</span> <span class='ocrx_word' id='word_1_655' title='bbox 1584 2612 1818 2652; x_wconf 83' lang='lat' dir='ltr'>correximus.</span> <span class='ocrx_word' id='word_1_656' title='bbox 1832 2612 1909 2650; x_wconf 83' lang='lat' dir='ltr'>Nisi</span> <span class='ocrx_word' id='word_1_657' title='bbox 1925 2612 2019 2650; x_wconf 88' lang='lat' dir='ltr'>enim</span> <span class='ocrx_word' id='word_1_658' title='bbox 2033 2612 2079 2649; x_wconf 89' lang='lat' dir='ltr'>ita</span> <span class='ocrx_word' id='word_1_659' title='bbox 2092 2613 2205 2651; x_wconf 83' lang='lat' dir='ltr'>vitam</span> 
     </span>
    </p>

    <p class='ocr_par' dir='ltr' id='par_1_13' title="bbox 1246 2673 2204 2724">
     <span class='ocr_line' id='line_1_89' title="bbox 1246 2673 2204 2724; baseline -0.004 -8"><span class='ocrx_word' id='word_1_660' title='bbox 1246 2687 1402 2716; x_wconf 86' lang='lat' dir='ltr'>nostram</span> <span class='ocrx_word' id='word_1_661' title='bbox 1422 2674 1696 2724; x_wconf 84' lang='lat' dir='ltr'>instituerimus,</span> <span class='ocrx_word' id='word_1_662' title='bbox 1719 2686 1956 2724; x_wconf 85' lang='lat' dir='ltr'>magnamque</span> <span class='ocrx_word' id='word_1_663' title='bbox 1986 2673 2114 2711; x_wconf 81' lang='lat' dir='ltr'>animae</span> <span class='ocrx_word' id='word_1_664' title='bbox 2140 2687 2204 2712; x_wconf 81' lang='lat' dir='ltr'>no-</span> 
     </span>
    </p>

    <p class='ocr_par' dir='ltr' id='par_1_14' title="bbox 1246 2732 2204 2788">
     <span class='ocr_line' id='line_1_90' title="bbox 1246 2732 2204 2788; baseline -0.005 -10"><span class='ocrx_word' id='word_1_665' title='bbox 1246 2748 1328 2778; x_wconf 83' lang='lat' dir='ltr'>strae</span> <span class='ocrx_word' id='word_1_666' title='bbox 1351 2751 1471 2776; x_wconf 90' lang='lat' dir='ltr'>curam</span> <span class='ocrx_word' id='word_1_667' title='bbox 1489 2735 1715 2788; x_wconf 81' lang='lat' dir='ltr'>gesserimus,</span> <span class='ocrx_word' id='word_1_668' title='bbox 1734 2734 1824 2771; x_wconf 90' lang='lat' dir='ltr'>nihil</span> <span class='ocrx_word' id='word_1_669' title='bbox 1844 2732 1948 2772; x_wconf 88' lang='lat' dir='ltr'>nobis</span> <span class='ocrx_word' id='word_1_670' title='bbox 1968 2733 2048 2772; x_wconf 90' lang='lat' dir='ltr'>usui</span> <span class='ocrx_word' id='word_1_671' title='bbox 2068 2734 2135 2773; x_wconf 88' lang='lat' dir='ltr'>erit</span> <span class='ocrx_word' id='word_1_672' title='bbox 2150 2735 2204 2788; x_wconf 87' lang='lat' dir='ltr'>je-</span> 
     </span>
    </p>

    <p class='ocr_par' dir='ltr' id='par_1_15' title="bbox 1243 2791 2203 2854">
     <span class='ocr_line' id='line_1_91' title="bbox 1243 2791 2203 2854; baseline -0.005 -16"><span class='ocrx_word' id='word_1_673' title='bbox 1243 2800 1400 2854; x_wconf 89' lang='lat' dir='ltr'>junium,</span> <span class='ocrx_word' id='word_1_674' title='bbox 1416 2798 1472 2837; x_wconf 74' lang='lat' dir='ltr'>vel</span> <span class='ocrx_word' id='word_1_675' title='bbox 1498 2796 1616 2835; x_wconf 83' lang='lat' dir='ltr'>inedia</span> <span class='ocrx_word' id='word_1_676' title='bbox 1643 2809 1752 2846; x_wconf 87' lang='lat' dir='ltr'>quam</span> <span class='ocrx_word' id='word_1_677' title='bbox 1778 2795 1984 2845; x_wconf 85' lang='lat' dir='ltr'>toleramus,</span> <span class='ocrx_word' id='word_1_678' title='bbox 2006 2791 2203 2847; x_wconf 66' lang='lat' dir='ltr'>praesertim</span> 
     </span>
    </p>

    <p class='ocr_par' dir='ltr' id='par_1_16' title="bbox 1247 2855 2203 2913">
     <span class='ocr_line' id='line_1_92' title="bbox 1247 2855 2203 2913; baseline -0.006 -12"><span class='ocrx_word' id='word_1_679' title='bbox 1247 2862 1277 2900; x_wconf 87' lang='lat' dir='ltr'>si</span> <span class='ocrx_word' id='word_1_680' title='bbox 1309 2859 1478 2913; x_wconf 87' lang='lat' dir='ltr'>comperti</span> <span class='ocrx_word' id='word_1_681' title='bbox 1512 2857 1684 2896; x_wconf 90' lang='lat' dir='ltr'>fuerimus</span> <span class='ocrx_word' id='word_1_682' title='bbox 1714 2856 1897 2894; x_wconf 85' lang='lat' dir='ltr'>inferiores</span> <span class='ocrx_word' id='word_1_683' title='bbox 1917 2855 1962 2894; x_wconf 92' lang='lat' dir='ltr'>iis</span> <span class='ocrx_word' id='word_1_684' title='bbox 1981 2857 2043 2908; x_wconf 90' lang='lat' dir='ltr'>qui</span> <span class='ocrx_word' id='word_1_685' title='bbox 2064 2865 2203 2895; x_wconf 84' lang='lat' dir='ltr'>tantum</span> 
     </span>
    </p>

    <p class='ocr_par' dir='ltr' id='par_1_17' title="bbox 1249 2916 2201 2971">
     <span class='ocr_line' id='line_1_93' title="bbox 1249 2916 2201 2971; baseline -0.006 -9"><span class='ocrx_word' id='word_1_686' title='bbox 1249 2922 1409 2962; x_wconf 90' lang='lat' dir='ltr'>studium</span> <span class='ocrx_word' id='word_1_687' title='bbox 1425 2917 1633 2971; x_wconf 86' lang='lat' dir='ltr'>colligendis</span> <span class='ocrx_word' id='word_1_688' title='bbox 1649 2917 1777 2970; x_wconf 88' lang='lat' dir='ltr'>opibus</span> <span class='ocrx_word' id='word_1_689' title='bbox 1799 2916 2011 2970; x_wconf 87' lang='lat' dir='ltr'>impendunt</span> <span class='ocrx_word' id='word_1_690' title='bbox 2032 2933 2040 2954; x_wconf 91' lang='lat'><strong>:</strong></span> <span class='ocrx_word' id='word_1_691' title='bbox 2061 2918 2201 2956; x_wconf 89' lang='lat' dir='ltr'>nullum</span> 
     </span>
    </p>

    <p class='ocr_par' dir='ltr' id='par_1_18' title="bbox 1193 2978 2202 3095">
     <span class='ocr_line' id='line_1_94' title="bbox 1249 2978 2202 3030; baseline -0.007 -6"><span class='ocrx_word' id='word_1_692' title='bbox 1249 2984 1343 3024; x_wconf 89' lang='lat' dir='ltr'>enim</span> <span class='ocrx_word' id='word_1_693' title='bbox 1366 2983 1494 3021; x_wconf 87' lang='lat' dir='ltr'>horum</span> <span class='ocrx_word' id='word_1_694' title='bbox 1517 2979 1691 3026; x_wconf 72' lang='lat' dir='ltr'>invenies,</span> <span class='ocrx_word' id='word_1_695' title='bbox 1712 2978 1772 3029; x_wconf 81' lang='lat' dir='ltr'>qui</span> <span class='ocrx_word' id='word_1_696' title='bbox 1798 2991 1868 3016; x_wconf 92' lang='lat' dir='ltr'>non</span> <span class='ocrx_word' id='word_1_697' title='bbox 1890 2992 2028 3016; x_wconf 87' lang='lat' dir='ltr'>summa</span> <span class='ocrx_word' id='word_1_698' title='bbox 2048 2979 2202 3030; x_wconf 71' lang='lat' dir='ltr'>vigilan—</span> 
     </span>
     <span class='ocr_line' id='line_1_95' title="bbox 1193 3022 2202 3095; baseline -0.009 -9"><span class='ocrx_word' id='word_1_699' title='bbox 1193 3022 1224 3087; x_wconf 50' lang='lat' dir='ltr'>s}</span> <span class='ocrx_word' id='word_1_700' title='bbox 1248 3047 1297 3085; x_wconf 83' lang='lat' dir='ltr'>tia</span> <span class='ocrx_word' id='word_1_701' title='bbox 1317 3045 1466 3094; x_wconf 83' lang='lat' dir='ltr'>laboret,</span> <span class='ocrx_word' id='word_1_702' title='bbox 1489 3055 1559 3094; x_wconf 84' lang='lat' dir='ltr'>quo</span> <span class='ocrx_word' id='word_1_703' title='bbox 1578 3039 1761 3093; x_wconf 82' lang='lat' dir='ltr'>prioribus</span> <span class='ocrx_word' id='word_1_704' title='bbox 1777 3038 1938 3095; x_wconf 85' lang='lat' dir='ltr'>quotidie</span> <span class='ocrx_word' id='word_1_705' title='bbox 1955 3039 2092 3090; x_wconf 83' lang='lat' dir='ltr'>aliquid</span> <span class='ocrx_word' id='word_1_706' title='bbox 2111 3040 2202 3092; x_wconf 61' lang='lat' dir='ltr'>adji-</span> 
     </span>
    </p>
   </div>
   <div class='ocr_carea' id='block_1_10' title="bbox 147 3140 2200 3299">
    <p class='ocr_par' dir='ltr' id='par_1_19' title="bbox 147 3140 2200 3299">
     <span class='ocr_line' id='line_1_96' title="bbox 188 3140 2200 3196; baseline 0.002 -23"><span class='ocrx_word' id='word_1_707' title='bbox 188 3140 206 3166; x_wconf 78' lang='lat' dir='ltr'>b</span> <span class='ocrx_word' id='word_1_708' title='bbox 221 3140 303 3185; x_wconf 80' lang='lat' dir='ltr'>Reg.</span> <span class='ocrx_word' id='word_1_709' title='bbox 324 3153 406 3175; x_wconf 79' lang='lat' dir='ltr'>unus</span> <span class='ocrx_word' id='word_1_710' title='bbox 426 3148 475 3179; x_wconf 77' lang='grc' dir='ltr'>ἐπὶ</span> <span class='ocrx_word' id='word_1_711' title='bbox 489 3152 542 3184; x_wconf 79' lang='grc' dir='ltr'>τῆς</span> <span class='ocrx_word' id='word_1_712' title='bbox 557 3149 647 3186; x_wconf 76' lang='grc' dir='ltr'>αὐτῆς</span> <span class='ocrx_word' id='word_1_713' title='bbox 671 3162 766 3190; x_wconf 63' lang='lat' dir='ltr'>reae„</span> <span class='ocrx_word' id='word_1_714' title='bbox 781 3156 815 3181; x_wconf 88' lang='lat' dir='ltr'>et</span> <span class='ocrx_word' id='word_1_715' title='bbox 835 3150 882 3182; x_wconf 81' lang='lat' dir='ltr'>sic</span> <span class='ocrx_word' id='word_1_716' title='bbox 898 3147 1024 3193; x_wconf 84' lang='lat' dir='ltr'>legerat</span> <span class='ocrx_word' id='word_1_717' title='bbox 1040 3151 1153 3184; x_wconf 82' lang='lat' dir='ltr'>Inter·</span> <span class='ocrx_word' id='word_1_718' title='bbox 1188 3163 1260 3196; x_wconf 82' lang='lat' dir='ltr'>quoe</span> <span class='ocrx_word' id='word_1_719' title='bbox 1285 3151 1354 3193; x_wconf 86' lang='lat' dir='ltr'>ejus</span> <span class='ocrx_word' id='word_1_720' title='bbox 1375 3149 1526 3182; x_wconf 79' lang='lat' dir='ltr'>feruntur</span> <span class='ocrx_word' id='word_1_721' title='bbox 1544 3147 1680 3180; x_wconf 82' lang='lat' dir='ltr'>nomine</span> <span class='ocrx_word' id='word_1_722' title='bbox 1699 3162 1705 3180; x_wconf 84' lang='lat'><strong>:</strong></span> <span class='ocrx_word' id='word_1_723' title='bbox 1726 3145 1766 3180; x_wconf 86' lang='lat' dir='ltr'>Si</span> <span class='ocrx_word' id='word_1_724' title='bbox 1789 3147 1866 3189; x_wconf 77' lang='lat' dir='ltr'>quis</span> <span class='ocrx_word' id='word_1_725' title='bbox 1886 3145 2097 3177; x_wconf 74' lang='lat' dir='ltr'>Dominicnm</span> <span class='ocrx_word' id='word_1_726' title='bbox 2114 3146 2200 3177; x_wconf 73' lang='lat' dir='ltr'>diem</span> 
     </span>
     <span class='ocr_line' id='line_1_97' title="bbox 147 3192 2198 3246; baseline -0.002 -13"><span class='ocrx_word' id='word_1_727' title='bbox 147 3202 231 3233; x_wconf 66' lang='lat' dir='ltr'>Pras.</span> <span class='ocrx_word' id='word_1_728' title='bbox 247 3192 340 3226; x_wconf 80' lang='lat' dir='ltr'>Infra</span> <span class='ocrx_word' id='word_1_729' title='bbox 355 3201 407 3234; x_wconf 77' lang='grc' dir='ltr'>τὰς</span> <span class='ocrx_word' id='word_1_730' title='bbox 423 3199 472 3230; x_wconf 74' lang='grc' dir='ltr'>δύο</span> <span class='ocrx_word' id='word_1_731' title='bbox 488 3201 598 3237; x_wconf 76' lang='grc' dir='ltr'>ταύτας</span> <span class='ocrx_word' id='word_1_732' title='bbox 612 3204 729 3246; x_wconf 73' lang='grc' dir='ltr'>ἡμέρας</span> <span class='ocrx_word' id='word_1_733' title='bbox 745 3209 796 3241; x_wconf 74' lang='grc' dir='ltr'>τῆς</span> <span class='ocrx_word' id='word_1_734' title='bbox 811 3204 887 3242; x_wconf 69' lang='grc' dir='ltr'>ἑθδ.,</span> <span class='ocrx_word' id='word_1_735' title='bbox 899 3201 1004 3236; x_wconf 85' lang='lat' dir='ltr'>Savil.</span> <span class='ocrx_word' id='word_1_736' title='bbox 1018 3215 1025 3234; x_wconf 92' lang='lat'>:</span> <span class='ocrx_word' id='word_1_737' title='bbox 1040 3215 1056 3233; x_wconf 83' lang='grc' dir='ltr'>ιι</span> <span class='ocrx_word' id='word_1_738' title='bbox 1069 3202 1153 3237; x_wconf 85' lang='lat' dir='ltr'>Sab-</span> <span class='ocrx_word' id='word_1_739' title='bbox 1189 3211 1248 3236; x_wconf 83' lang='lat' dir='ltr'>aul</span> <span class='ocrx_word' id='word_1_740' title='bbox 1260 3203 1443 3237; x_wconf 72' lang='lat' dir='ltr'>Sabbatum</span> <span class='ocrx_word' id='word_1_741' title='bbox 1454 3226 1462 3240; x_wconf 88' lang='lat'>,</span> <span class='ocrx_word' id='word_1_742' title='bbox 1482 3211 1546 3232; x_wconf 81' lang='lat' dir='ltr'>uno</span> <span class='ocrx_word' id='word_1_743' title='bbox 1562 3206 1702 3243; x_wconf 76' lang='lat' dir='ltr'>excepto</span> <span class='ocrx_word' id='word_1_744' title='bbox 1719 3196 1905 3243; x_wconf 71' lang='lat' dir='ltr'>jejunavit,</span> <span class='ocrx_word' id='word_1_745' title='bbox 1923 3200 1949 3229; x_wconf 77' lang='lat' dir='ltr'>is</span> <span class='ocrx_word' id='word_1_746' title='bbox 1967 3197 2091 3230; x_wconf 69' lang='lat' dir='ltr'>Clu-isa</span> <span class='ocrx_word' id='word_1_747' title='bbox 2109 3200 2198 3230; x_wconf 79' lang='lat' dir='ltr'>occi-</span> 
     </span>
     <span class='ocr_line' id='line_1_98' title="bbox 148 3241 1824 3299; baseline 0.005 -25"><span class='ocrx_word' id='word_1_748' title='bbox 148 3241 263 3277; x_wconf 81' lang='lat' dir='ltr'>batum</span> <span class='ocrx_word' id='word_1_749' title='bbox 293 3246 418 3280; x_wconf 83' lang='lat' dir='ltr'>scilicet</span> <span class='ocrx_word' id='word_1_750' title='bbox 444 3247 599 3294; x_wconf 80' lang='lat' dir='ltr'>diemque</span> <span class='ocrx_word' id='word_1_751' title='bbox 626 3252 848 3285; x_wconf 83' lang='lat' dir='ltr'>Dominicam.</span> <span class='ocrx_word' id='word_1_752' title='bbox 873 3255 1049 3288; x_wconf 84' lang='lat' dir='ltr'>Dominlca</span> <span class='ocrx_word' id='word_1_753' title='bbox 1071 3256 1154 3299; x_wconf 82' lang='lat' dir='ltr'>jeju·</span> <span class='ocrx_word' id='word_1_754' title='bbox 1189 3267 1243 3287; x_wconf 85' lang='lat' dir='ltr'>sor</span> <span class='ocrx_word' id='word_1_755' title='bbox 1257 3262 1324 3294; x_wconf 79' lang='lat' dir='ltr'>est,</span> <span class='ocrx_word' id='word_1_756' title='bbox 1343 3253 1449 3295; x_wconf 83' lang='lat' dir='ltr'>Epist.</span> <span class='ocrx_word' id='word_1_757' title='bbox 1469 3253 1488 3284; x_wconf 87' lang='lat'><em>8</em></span> <span class='ocrx_word' id='word_1_758' title='bbox 1505 3250 1547 3283; x_wconf 82' lang='lat' dir='ltr'>ad</span> <span class='ocrx_word' id='word_1_759' title='bbox 1564 3250 1824 3293; x_wconf 83' lang='lat' dir='ltr'>Philippenses.»</span> 
     </span>
    </p>
   </div>
   <div class='ocr_carea' id='block_1_11' title="bbox 149 3303 1155 3400">
    <p class='ocr_par' dir='ltr' id='par_1_20' title="bbox 149 3303 1155 3400">
     <span class='ocr_line' id='line_1_99' title="bbox 150 3303 1155 3349; baseline 0.015 -24"><span class='ocrx_word' id='word_1_760' title='bbox 150 3305 228 3349; x_wconf 74' lang='lat' dir='ltr'>nare</span> <span class='ocrx_word' id='word_1_761' title='bbox 244 3306 424 3341; x_wconf 83' lang='lat' dir='ltr'>numquam</span> <span class='ocrx_word' id='word_1_762' title='bbox 445 3303 654 3342; x_wconf 75' lang='lat' dir='ltr'>permissum.</span> <span class='ocrx_word' id='word_1_763' title='bbox 674 3305 713 3336; x_wconf 90' lang='lat' dir='ltr'>In</span> <span class='ocrx_word' id='word_1_764' title='bbox 734 3304 897 3338; x_wconf 85' lang='lat' dir='ltr'>Orientali</span> <span class='ocrx_word' id='word_1_765' title='bbox 913 3317 992 3339; x_wconf 88' lang='lat' dir='ltr'>vero</span> <span class='ocrx_word' id='word_1_766' title='bbox 1008 3306 1155 3340; x_wconf 79' lang='lat' dir='ltr'>Ecclesia</span> 
     </span>
     <span class='ocr_line' id='line_1_100' title="bbox 149 3344 1152 3400; baseline 0.015 -24"><span class='ocrx_word' id='word_1_767' title='bbox 149 3344 228 3378; x_wconf 88' lang='lat' dir='ltr'>olun</span> <span class='ocrx_word' id='word_1_768' title='bbox 246 3353 312 3380; x_wconf 81' lang='lat' dir='ltr'>tam</span> <span class='ocrx_word' id='word_1_769' title='bbox 329 3349 418 3382; x_wconf 68' lang='lat' dir='ltr'>nefas</span> <span class='ocrx_word' id='word_1_770' title='bbox 434 3351 584 3385; x_wconf 70' lang='lat' dir='ltr'>sabbato</span> <span class='ocrx_word' id='word_1_771' title='bbox 598 3355 760 3398; x_wconf 75' lang='lat' dir='ltr'>jejunare,</span> <span class='ocrx_word' id='word_1_772' title='bbox 777 3368 878 3400; x_wconf 85' lang='lat' dir='ltr'>quam</span> <span class='ocrx_word' id='word_1_773' title='bbox 895 3356 949 3390; x_wconf 82' lang='lat' dir='ltr'>die</span> <span class='ocrx_word' id='word_1_774' title='bbox 965 3358 1152 3391; x_wconf 81' lang='lat' dir='ltr'>Dominlca.</span> 
     </span>
    </p>
   </div>
   <div class='ocr_carea' id='block_1_12' title="bbox 152 3398 1155 3454">
    <p class='ocr_par' dir='ltr' id='par_1_21' title="bbox 152 3398 1155 3454">
     <span class='ocr_line' id='line_1_101' title="bbox 152 3398 1155 3454; baseline 0.001 -13"><span class='ocrx_word' id='word_1_775' title='bbox 152 3398 316 3441; x_wconf 64' lang='lat' dir='ltr'>¹5¹¹⁰²l¹¹52</span> <span class='ocrx_word' id='word_1_776' title='bbox 335 3414 388 3433; x_wconf 68' lang='lat'>⁵0¹¹</span> <span class='ocrx_word' id='word_1_777' title='bbox 412 3405 557 3447; x_wconf 62' lang='lat' dir='ltr'>q‘tifflpzis</span> <span class='ocrx_word' id='word_1_778' title='bbox 583 3414 629 3438; x_wconf 80' lang='lat' dir='ltr'>est</span> <span class='ocrx_word' id='word_1_779' title='bbox 655 3409 710 3450; x_wconf 83' lang='lat' dir='ltr'>qui</span> <span class='ocrx_word' id='word_1_780' title='bbox 738 3407 808 3442; x_wconf 80' lang='lat' dir='ltr'>illas</span> <span class='ocrx_word' id='word_1_781' title='bbox 829 3411 959 3454; x_wconf 79' lang='lat' dir='ltr'>scripsit</span> <span class='ocrx_word' id='word_1_782' title='bbox 983 3410 1155 3454; x_wconf 57' lang='lat' dir='ltr'>epistolas,</span> 
     </span>
    </p>
   </div>
   <div class='ocr_carea' id='block_1_13' title="bbox 1233 3305 2196 3400">
    <p class='ocr_par' dir='ltr' id='par_1_22' title="bbox 1233 3305 2196 3400">
     <span class='ocr_line' id='line_1_102' title="bbox 1233 3305 1679 3342; baseline -0.011 -3"><span class='ocrx_word' id='word_1_783' title='bbox 1233 3317 1245 3332; x_wconf 78' lang='lat' dir='ltr'>e</span> <span class='ocrx_word' id='word_1_784' title='bbox 1262 3307 1344 3339; x_wconf 84' lang='lat' dir='ltr'>Tres</span> <span class='ocrx_word' id='word_1_785' title='bbox 1361 3305 1438 3336; x_wconf 61' lang='lat' dir='ltr'>Mss.</span> <span class='ocrx_word' id='word_1_786' title='bbox 1461 3311 1679 3342; x_wconf 72' lang='grc' dir='ltr'>καταντήσητε.</span> 
     </span>
     <span class='ocr_line' id='line_1_103' title="bbox 1234 3351 2196 3400; baseline -0.007 -10"><span class='ocrx_word' id='word_1_787' title='bbox 1234 3370 1248 3383; x_wconf 64' lang='lat'>⁸</span> <span class='ocrx_word' id='word_1_788' title='bbox 1264 3359 1346 3390; x_wconf 74' lang='lat' dir='ltr'>Tres</span> <span class='ocrx_word' id='word_1_789' title='bbox 1368 3357 1443 3387; x_wconf 64' lang='lat' dir='ltr'>uss.</span> <span class='ocrx_word' id='word_1_790' title='bbox 1466 3362 1487 3390; x_wconf 73' lang='grc' dir='ltr'>εί</span> <span class='ocrx_word' id='word_1_791' title='bbox 1513 3360 1699 3400; x_wconf 57' lang='grc' dir='ltr'>ᾳαινσῐμεθκ·</span> <span class='ocrx_word' id='word_1_792' title='bbox 1718 3352 1833 3388; x_wconf 75' lang='lat' dir='ltr'>Motel.</span> <span class='ocrx_word' id='word_1_793' title='bbox 1859 3358 2033 3399; x_wconf 54' lang='lat' dir='ltr'>Jaeztvjssioz-</span> <span class='ocrx_word' id='word_1_794' title='bbox 2060 3351 2196 3384; x_wconf 70' lang='lat' dir='ltr'>Coisliu.</span> 
     </span>
    </p>
   </div>
   <div class='ocr_carea' id='block_1_14' title="bbox 1195 3417 1412 3453">
    <p class='ocr_par' dir='ltr' id='par_1_23' title="bbox 1195 3417 1412 3453">
     <span class='ocr_line' id='line_1_104' title="bbox 1195 3417 1412 3453; baseline 0 -10"><span class='ocrx_word' id='word_1_795' title='bbox 1195 3417 1216 3443; x_wconf 59' lang='grc' dir='ltr'>εἰ</span> <span class='ocrx_word' id='word_1_796' title='bbox 1235 3417 1338 3453; x_wconf 54' lang='grc' dir='ltr'>ξιιμ-ὀμ</span> <span class='ocrx_word' id='word_1_797' title='bbox 1348 3423 1412 3443; x_wconf 66' lang='grc' dir='ltr'>ενοι-</span> 
     </span>
    </p>
   </div>
  </div>
 </body>
</html>
