2516 3791
329 159 354 202 3
364 159 423 216 24
766 170 804 201 5.
842 171 917 202 soa
927 170 1027 200 NNIS
1064 168 1301 200 cnanosr.

327 254 384 303 sti,
398 251 540 302 dssecte,
559 253 598 292 id
614 251 711 305 quod
730 253 766 291 in
782 252 953 305 prooemio
971 251 1146 298 dicebam,
1167 249 1274 286 etiam

326 327 420 352 nunc
437 314 683 352 declaratum?
702 313 811 360 Quod
825 313 853 350 si
869 312 950 362 quis
969 323 1087 348 amore
1102 310 1138 346 in
1157 309 1276 345 Deum

326 376 549 424 accendatur,
561 389 629 414 non
644 383 764 427 postea
775 374 862 410 feret
876 385 914 409 ea
927 385 1005 421 quae
1019 370 1085 407 sub
1095 381 1278 420 corporeo-

326 451 405 474 rum
422 436 606 475 oculorum
619 443 799 486 aspectum
813 431 946 469 eadunt
953 445 964 479 3
979 429 1040 468 sed
1051 429 1131 467 aliis
1143 429 1276 466 instru-

325 506 401 535 ctus
437 496 560 544 oculis,
597 494 710 533 oculis
741 493 889 544 inquam
921 491 1020 540 fidei,
1054 490 1118 529 illa
1139 502 1276 542 semper

323 557 540 608 speculatur,
570 564 603 592 et
622 554 669 592 ad
696 554 757 592 illa
777 562 930 591 mentem
950 552 1057 590 habet
1086 551 1272 600 intentam,
1301 558 1324 587 E

324 617 580 667 ambulansque
603 615 639 653 in
669 624 773 664 terra,
800 623 982 665 tamquam
1013 612 1274 665 municipatum

323 677 456 715 habens
476 677 512 715 in
530 676 638 727 caelis,
660 676 709 714 ita
735 675 853 714 omnia
873 675 961 727 agit,
981 673 1092 713 nullis
1108 673 1276 711 humanis

322 738 538 791 praepeditus
561 751 582 775 a
602 737 748 777 virtutis
767 751 885 775 cursu.
906 737 999 774 Nam
1018 735 1080 786 qui
1101 734 1182 772 talis
1204 742 1274 783 est,

322 812 392 836 non
415 799 561 851 posthac
584 797 728 850 respicit
750 797 797 836 ad
822 796 1011 849 splendida
1035 796 1145 847 hujus
1176 795 1274 843 vitae,

323 873 434 910 neque
453 859 500 897 ad
519 859 610 898 dura
626 868 660 896 et
681 872 816 911 aspera,
837 857 900 895 sed
917 857 1036 895 onmia
1054 857 1114 894 illa
1132 864 1274 909 praeter-

322 920 453 970 currit,
475 919 521 957 ad
541 919 695 972 patriam
711 932 812 956 suam
831 918 1011 955 festinans.
1032 917 1081 954 Et
1100 916 1192 954 sicut
1213 916 1274 966 qni

321 980 540 1032 corporalem
554 981 652 1018 hunc
664 993 808 1017 cursum
820 992 948 1029 magna
964 977 1184 1016 contentione
1197 990 1276 1029 per-

321 1041 409 1093 agit,
437 1041 577 1078 nullum
603 1039 868 1078 occurrentium
894 1038 1006 1084 videt,
1035 1036 1173 1074 etiamsi
1204 1050 1273 1074 sae—
1290 1062 1336 1086 278

321 1102 402 1153 pius
420 1102 454 1140 in
475 1102 579 1140 illum
597 1101 749 1149 incidat,
770 1099 832 1138 sed
851 1099 970 1137 animo
989 1098 1036 1136 ad
1057 1112 1202 1136 cursum
1220 1098 1275 1135 in-
1304 1100 1327 1128 Α

320 1172 414 1201 tento
426 1163 529 1201 facile
542 1162 660 1201 omnia
672 1160 810 1210 transit,
819 1160 988 1198 festinans
1001 1158 1045 1197 ad
1059 1159 1276 1197 destinatum

320 1239 468 1277 scopum
485 1240 493 1261 :
507 1224 632 1262 eodem
648 1222 769 1273 modo,
795 1221 856 1273 qui
871 1236 1015 1260 cursum
1033 1220 1178 1260 virtutis
1192 1235 1275 1273 per-

319 1299 422 1336 agere
449 1285 604 1335 festinat,
629 1293 663 1322 et
696 1297 715 1321 a
747 1293 840 1322 terra
867 1283 904 1320 in
933 1282 1062 1320 caelum
1089 1281 1277 1319 ascendere

321 1346 549 1399 concupiscit,
566 1345 685 1384 omnia
704 1359 783 1396 quae
797 1343 967 1383 videntur
984 1343 1152 1381 deorsum
1169 1342 1276 1380 relin-

320 1407 413 1457 quit,
430 1416 463 1444 et
478 1416 592 1445 totum
609 1420 644 1444 se
661 1406 780 1444 cursui
798 1404 911 1450 dedit,
932 1418 1046 1455 neque
1059 1404 1159 1456 prius
1185 1403 1275 1441 sub-

322 1467 426 1515 sistit,
446 1481 557 1519 neque
572 1482 592 1504 a
611 1467 749 1505 visibili
764 1465 932 1518 quapiam
949 1479 985 1502 re
1001 1464 1192 1513 detinetur,
1213 1463 1277 1502 do-

323 1528 437 1566 necin
456 1527 624 1566 verticem
645 1527 830 1565 ascendere
849 1525 1020 1578 potuerit.
1039 1525 1083 1563 Ei
1102 1524 1196 1563 euim
1213 1524 1276 1575 qui

322 1588 373 1625 sic
387 1589 534 1626 affectus
554 1597 617 1637 est,
635 1588 741 1626 etiam
760 1601 838 1638 quae
854 1585 1022 1625 videntur
1038 1599 1111 1623 esse
1134 1585 1277 1623 terribi-

322 1649 369 1686 lia
389 1649 425 1686 in
444 1648 607 1700 praesenti
627 1649 716 1697 vita,
739 1646 992 1685 contemtibilia
1015 1645 1107 1683 fiunt
1128 1661 1135 1681 :
1153 1655 1187 1683 et
1213 1645 1276 1696 qui

322 1709 404 1747 talis
425 1718 490 1759 est,
516 1723 627 1760 neque
645 1708 809 1760 gladium
835 1707 958 1756 timet,
979 1720 1094 1756 neque
1113 1706 1278 1758 praecipi-

322 1770 427 1820 tium,
446 1784 558 1821 neque
569 1770 724 1807 ferarum
738 1767 872 1816 dentes,
887 1781 998 1817 neque
1014 1775 1202 1815 tormenta,
1219 1780 1279 1804 ne-

322 1846 391 1883 que
410 1832 579 1869 lictorum
593 1844 734 1877 manus,
750 1842 866 1879 neque
883 1827 1022 1878 aliquid
1041 1827 1140 1865 triste
1159 1827 1194 1864 in
1211 1827 1279 1865 hac
1301 1829 1325 1859 B

323 1892 396 1930 vita
418 1909 426 1930 τ
445 1892 506 1930 sed
522 1901 554 1930 et
573 1891 603 1929 si
617 1891 785 1929 carbones
805 1889 926 1928 videat
947 1889 1158 1936 substratos,
1179 1889 1279 1939 quasi

322 1964 424 2007 prata
446 1964 477 1992 et
504 1953 688 2007 paradisos
709 1952 836 1990 videns
857 1951 1040 2000 transilit3
1063 1959 1096 1988 et
1122 1950 1151 1987 si
1171 1950 1280 1988 aliam

325 2015 517 2066 quamdam
530 2024 786 2053 tormentorum
800 2013 952 2066 speciem
964 2011 1131 2049 intentari
1149 2011 1280 2061 videat,

325 2090 393 2113 non
413 2076 534 2113 deficit
552 2076 597 2113 ad
616 2084 815 2127 aspectum,
838 2087 951 2124 neque
969 2081 1166 2110 aversatur.
1180 2072 1281 2110 Desi-

324 2135 465 2173 derium
482 2136 577 2173 enim
594 2137 801 2172 futurorum
820 2143 972 2171 mentem
993 2133 1107 2185 ipsius
1125 2142 1281 2171 transtu-

326 2197 381 2246 lit,
395 2207 427 2234 et
437 2197 538 2248 quasi
561 2198 693 2234 frustra
713 2209 859 2248 corpore
875 2194 1040 2244 amictus,
1058 2194 1105 2232 ita
1125 2195 1281 2232 affectio-

329 2272 390 2296 nes
410 2273 491 2296 suas
518 2258 737 2305 moderatur,
760 2266 793 2294 et
817 2269 967 2308 superna
989 2255 1102 2306 gratia
1123 2256 1281 2293 munitus

170 2333 318 2361 Adhorta—
331 2319 488 2371 corporis
508 2318 646 2357 dolores
667 2332 709 2355 ne
729 2317 832 2355 sentit
850 2315 1006 2367 quidem.
1024 2317 1197 2362 Quocirca
1219 2317 1281 2354 ob—

127 2381 176 2402 ¹¹¹‘
189 2376 224 2402 ”d
237 2384 319 2400 ‘¹¹¹¹0·
331 2395 446 2431 secro,
467 2389 506 2418 ut
524 2394 595 2431 quo
613 2379 714 2417 facile
733 2378 876 2416 virtutis
895 2378 1032 2415 labores
1056 2378 1144 2415 ferre
1165 2379 1280 2430 possi-

128 2427 189 2442 rem

128 2457 235 2484 Deum.

253 2424 317 2451 erga

331 2455 430 2490 mus,
454 2455 623 2492 magnum
653 2439 845 2476 habeamus
871 2438 905 2475 in
927 2439 1042 2475 Deum
1071 2452 1226 2476 amorem
1249 2449 1282 2477 et

328 2501 558 2552 desiderium,
573 2510 605 2539 et
621 2501 708 2538 illuc
722 2509 837 2538 mente
853 2508 968 2537 nostra
984 2499 1130 2550 intenta,
1149 2515 1167 2538 a
1183 2502 1281 2539 nulla

328 2577 366 2602 re
385 2563 492 2615 liujus
518 2562 602 2602 vitae
626 2560 897 2613 supplantemur
919 2559 954 2597 in
983 2574 1086 2598 cursu
1109 2560 1186 2610 illo,
1219 2561 1279 2599 sed
1302 2567 1326 2597 C

328 2625 533 2662 futurorum
558 2623 735 2661 bonorum
756 2620 962 2658 fruitionem
982 2621 1149 2659 continuo
1178 2622 1279 2673 cogi—

328 2695 456 2735 tantes,
477 2699 597 2723 omues
616 2684 724 2736 hujus
738 2682 821 2721 vitae
836 2682 1014 2720 molestias
1031 2692 1210 2720 mansuete
1231 2684 1279 2721 fe-

328 2761 460 2794 ramus,
476 2755 509 2784 et
528 2759 639 2796 neque
660 2742 853 2796 ignominia
873 2757 935 2781 nos
952 2742 1146 2793 contristet,
1167 2758 1280 2795 neque

328 2807 447 2859 inopia
480 2815 614 2858 gravet,
647 2819 759 2856 neque
790 2804 935 2842 morbus
967 2804 1124 2857 corporis
1153 2805 1280 2843 mentis

328 2882 469 2905 sensum
490 2867 660 2917 emolliat,
685 2880 795 2917 neque
813 2865 909 2916 quod
933 2875 1199 2903 contemnamur
1217 2866 1279 2904 dc—

328 2929 592 2980 spiciamurque
612 2928 657 2965 ab
684 2927 869 2965 hominum
899 2926 1018 2976 turba,
1041 2926 1074 2963 id
1103 2927 1279 2978 segniores

327 3004 390 3028 nos
410 2990 514 3026 faciat
543 2989 577 3026 iu
604 2988 748 3026 virtutis
775 2986 996 3025 studio:sed
1023 2987 1188 3025 omnibus
1217 2989 1275 3035 iis,

327 3052 426 3103 quasi
447 3050 566 3102 pulvis
585 3059 712 3099 esseut,
735 3049 906 3098 excussis,
928 3058 1154 3100 assumtoque
1174 3064 1277 3102 gene—

327 3127 406 3150 roso
423 3121 454 3149 et
471 3111 614 3149 sublimi
636 3110 776 3162 spiritu,
801 3124 969 3161 magnum
989 3125 1051 3162 per
1069 3110 1185 3148 omnia
1203 3112 1275 3149 for-

328 3173 492 3212 titudinis
505 3172 677 3224 specimen
692 3171 939 3220 exhibeamus,
959 3181 991 3208 et
1007 3172 1097 3209 sicut
1117 3172 1192 3209 lieri
1214 3187 1272 3210 ve-

328 3246 436 3274 stram
453 3233 632 3271 caritatem
654 3232 855 3280 obsecravi,
876 3232 1124 3271 ciuiliuimicis
1146 3247 1271 3285 magua

377 3353 391 3376 b
417 3351 566 3389 Quziuiur
589 3347 662 3378 Mss.
684 3347 782 3378 οὐίεἶνκ
801 3355 857 3378 τῶν
874 3350 1012 3379 ἁπάντων
1030 3350 1095 3390 &⁵⁷7-

1345 166 1534 196 AP-CHIEP
1543 183 1550 193 ι
1593 163 1762 194 CONSTA
1769 164 1930 195 NTINOP
1940 184 1950 194 .

1346 249 1439 293 πῶς,
1466 245 1552 297 ὅπερ
1584 248 1618 284 ἐν
1646 245 1840 298 προοιμίοις
1872 245 2008 297 ἔλεγον,
2025 250 2126 284 τοῦτο
2147 246 2205 285 καὶ
2225 249 2283 284 ν’ἰῗν
2305 246 2377 285 δεί-

1347 321 1487 352 κνυται,
1518 305 1685 344 Ἐπειδάν
1716 322 1768 350 τις
1799 308 1944 359 πυρωθῇ
1976 309 2026 358 τῷ
2070 306 2157 358 πρὸς
2197 307 2255 345 τὸν
2285 307 2376 345 Θεὸν

1348 366 1463 418 πόθῳ,
1478 365 1593 404 οὐκέτι
1611 367 1731 405 λοιπὸν
1752 369 1833 418 ὃρᾷν
1850 365 2013 418 ἀνέχεται
2031 366 2076 405 τὰ
2098 373 2171 411 τοῖς
2188 368 2378 419 ὀφθαλμοῖς

1347 425 1480 469 τούτοις
1505 432 1576 470 τοῖς
1607 432 1820 477 σωματικοῖς
1850 426 2114 473 ὑποπίπτοντα,
2144 429 2221 466 ἀλλ’
2243 427 2379 479 ἑτέρους

1352 485 1549 539 ὀφθαλμοὺς
1583 485 1822 538 κτησάμενος,
1851 485 1930 530 τοὺς
1970 489 2033 532 τῆς
2071 487 2221 531 πίστεως
2261 487 2379 538 λέγω,

1352 550 1467 586 ἐκεῖνα
1500 547 1557 585 διὰ
1589 548 1717 592 παντὸς
1750 547 1961 599 φαντάζεται
1978 547 2042 601 ,καὶ
2061 548 2146 601 πρὸς
2168 549 2284 586 ἐκεῖνα
2314 547 2378 594 τὴν

1352 608 1504 647 διάνοιαν
1525 608 1597 661 ἔχει
1628 607 1844 659 τεταμένην,
1870 607 1930 646 καὶ
1963 609 1998 645 ἐν
2027 612 2071 660 γῇ
2102 609 2250 660 βαδίζων
2272 611 2318 652 ὡς
2343 610 2379 646 ἐν

1351 671 1505 722 οὐρανοῖς
1523 669 1771 726 τδπολίτευμα
1797 668 1901 721 ἔχων,
1917 668 2007 706 οὕτω
2028 669 2144 707 πάντα
2167 669 2378 722 διαπράττε-

1352 747 1430 776 ται,
1467 732 1526 768 ὑπ’
1557 729 1690 774 οὐδενὸς
1737 731 1806 767 τῶν
1853 727 2077 782 ἀνθρωπίνων
2111 729 2379 781 ἐμποδιζόμενος

1350 792 1436 844 πρὸς
1455 791 1513 830 τὸν
1533 791 1612 829 κατ’
1630 789 1756 842 ἀρετὴν
1777 790 1917 843 δρόμον.
1938 790 1982 829 Ὁ
2001 791 2069 843 γὰρ
2099 796 2249 835 τοιοῦτος
2269 794 2307 830 οὐ
2333 790 2379 828 τὰ

1349 851 1498 903 λαμπρὰ
1531 854 1590 890 τοῦ
1627 851 1702 902 βίου
1741 851 1859 889 λοιπὸν
1879 854 1968 904 ὁρᾷ,
1988 855 2025 891 οὐ
2056 851 2101 890 τὰ
2138 853 2289 904 δυσχερῆ
2319 852 2379 890 καὶ

1351 913 1511 958 ἐναντία,
1533 913 1623 951 ἀλλὰ
1644 912 1760 951 πάντα
1793 913 2026 966 παρατρέχει,
2046 914 2132 967 πρὸς
2167 913 2230 961 τὴν
2254 916 2378 951 ἑαυτοῦ

1351 973 1504 1024 πατρίδα
1531 973 1764 1025 ἐπειγόμενος.
1798 973 1869 1012 Καὶ
1901 975 2058 1026 καθάπερ
2080 977 2097 1012 ὃ
2130 973 2218 1025 μετὰ
2249 975 2380 1012 πολλοὶ)Ι

2299 1033 2317 1055 b
2326 1039 2381 1072 οὐ·

1351 1037 1412 1071 τοῦ
1432 1033 1530 1071 τόνου
1551 1033 1609 1071 τὸν
1629 1033 1828 1084 σωματικὸν
1850 1039 1967 1072 τοῦτον
1997 1034 2123 1086 δρόμον
2146 1035 2279 1087 τρέχων

1354 1094 1433 1132 δένα
1451 1097 1520 1131 τῶν
1538 1094 1772 1132 ἀπαντώντων
1791 1097 1870 1145 ὁρᾷ,
1891 1093 1956 1132 κᾶν
1978 1095 2141 1148 μυριάκις
2158 1097 2250 1146 αὐτῷ
2266 1110 2380 1146 προσ-

1352 1155 1483 1208 πταίσῃ
1496 1187 1505 1204 ,
1523 1154 1612 1194 ἀλλὰ
1632 1154 1718 1208 πρὸς
1738 1154 1795 1193 τὸν
1816 1155 1941 1208 δρόμον
1962 1155 2052 1208 ἔχων
2073 1156 2259 1206 τεταμένον
2277 1157 2380 1195 αὐτοῦ

1350 1217 1408 1255 τὸν
1425 1217 1589 1269 λογισμὸν
1600 1246 1609 1263 ,
1623 1215 1770 1259 εὐκόλως
1787 1216 1926 1254 ἅπαντα
1945 1216 2188 1270 παραδραμὼν
2203 1216 2382 1268 ἐπείγεται

1350 1277 1436 1330 πρὸς
1461 1278 1519 1316 τὸν
1549 1280 1774 1330 προκείμενον
1811 1278 1904 1330 αὐτῷ
1934 1278 2084 1316 σκοπόν·
2117 1278 2174 1316 τὸν
2202 1278 2303 1316 αὐτὸν
2338 1278 2380 1326 δὴ

1350 1339 1477 1391 τρόπον
1498 1338 1558 1376 καὶ
1577 1341 1594 1375 ὃ
1609 1337 1667 1375 τὸν
1687 1340 1763 1375 κατ’
1787 1338 1912 1390 ἀρετὴν
1945 1339 2071 1390 δρόμον
2104 1338 2241 1391 τρέχειν
2270 1355 2381 1378 σπου-

1351 1400 1474 1448 δάζων,
1502 1399 1562 1437 καὶ
1583 1399 1652 1437 ἀπὸ
1681 1401 1746 1450 γῆς
1772 1401 1821 1442 εἷς
1849 1400 1989 1451 οὐρανὸν
2009 1401 2163 1438 ἀνελθεῖν
2184 1403 2380 1451 ἐπιθυμῶν,

1350 1460 1465 1498 πάντα
1483 1459 1527 1498 τὰ
1551 1459 1712 1513 ὁρώμενα
1730 1460 1827 1499 κάτω
1846 1460 1985 1512 ἀφίησι,
2000 1462 2060 1499 καὶ
2076 1461 2153 1504 ὅλος
2172 1465 2231 1500 τοῦ
2253 1462 2380 1513 δρόμου

1350 1521 1503 1572 γίνεται,
1531 1521 1591 1559 καὶ
1627 1524 1664 1560 οὔ
1697 1521 1864 1573 πρότερον
1896 1522 2058 1570 ἵσταται,
2079 1522 2156 1562 οὐδὲ
2192 1523 2381 1575 κατέχεται

1352 1583 1417 1621 ὑπό
1447 1598 1537 1625 τινος
1566 1585 1634 1620 τῶν
1651 1582 1836 1636 ὁρωμένων
1849 1613 1860 1631 ,
1877 1583 2001 1635 μέχρις
2024 1583 2063 1620 ἂν
2083 1585 2130 1627 εἷς
2151 1583 2258 1630 αὐτὴν
2276 1586 2380 1622 ἀνελ-

1351 1647 1420 1682 θεῖν
1441 1645 1569 1696 δυνηθῇ
1591 1644 1653 1691 τὴν
1684 1644 1847 1696 κορυφήν.
1875 1646 1938 1697 Τῷ
1967 1644 2034 1698 γὰρ
2053 1644 2142 1683 οὕτω
2172 1645 2381 1698 διακειμένῳ

1352 1705 1412 1743 καὶ
1429 1705 1474 1743 τὰ
1493 1707 1658 1743 δοκοῦντα
1673 1698 1760 1743 εἶναι
1780 1704 1910 1757 (ροὲερὰ
1930 1705 2020 1743 κατὰ
2039 1706 2095 1743 τὸν
2113 1705 2269 1758 παρόντα
2291 1705 2379 1756 βίον,

1353 1765 1638 1818 εὐκαταφρόνητα
1674 1764 1829 1818 γίνεται,
1863 1765 1922 1802 καὶ
1953 1769 1971 1803 ὁ
2000 1771 2149 1808 τοιοῦτος
2174 1765 2252 1803 οὔτε
2287 1766 2381 1818 ξίφος

1353 1828 1522 1875 δέδοικεν,
1539 1826 1616 1865 οὔτε
1638 1827 1807 1878 κρημνὸν,
1828 1825 1906 1864 οὔτε
1927 1825 2054 1879 θηρίων
2075 1826 2233 1874 ὀδόντας,
2261 1829 2298 1864 οὐ
2319 1829 2382 1877 βα-

1354 1888 1496 1936 σάνους,
1519 1890 1556 1926 οὐ
1576 1886 1709 1938 δημίων
1729 1893 1849 1940 χεῖρας
1862 1916 1871 1934 ,
1894 1888 1954 1924 οὐκ
1971 1887 2057 1925 ἄλλο
2074 1903 2107 1924 τι
2126 1890 2194 1925 τῶν
2211 1887 2300 1925 κατὰ
2321 1887 2379 1925 τὸν

1353 1949 1426 2001 βίον
1440 1950 1606 2002 λυπηρῶν
1621 1965 1627 1971 ·
1656 1949 1746 1987 ἀλλὰ
1777 1949 1841 1986 κᾶν
1859 1948 2033 2000 ἄνθρακας
2052 1948 2108 2000 ἴδῃ
2125 1948 2382 2000 ὑπεστορεσμέ-

1350 2026 1447 2058 νους,
1486 2013 1532 2054 ὡς
1563 2011 1736 2061 λειμῶνας
1774 2012 1861 2062 ὁρῶν
1897 2009 1956 2046 καὶ
1993 2009 2242 2061 παραδείσους,
2273 2009 2382 2052 οὕτως

1352 2074 1524 2125 ἕπιπηδᾷ·
1546 2072 1608 2110 κᾶν
1629 2071 1745 2123 ἕτερόν
1771 2088 1805 2109 τι
1828 2074 1897 2109 τῶν
1914 2071 2154 2123 κολαστηρίων
2174 2065 2260 2115 εἶδος
2291 2073 2381 2110 ἐπα-

1351 2133 1496 2184 γόμενον
1525 2134 1712 2179 θεάσηται,
1744 2135 1782 2170 οὐ
1808 2138 1921 2183 ναρκᾷ
1959 2131 2045 2183 πρὸς
2077 2131 2140 2177 τὴν
2176 2131 2273 2183 ὄψιν,
2304 2131 2381 2170 οὐδὲ

1353 2193 1608 2246 ἐπιστρέφεται.
1626 2193 1670 2231 ‘O
1690 2193 1757 2245 γὰρ
1780 2197 1847 2231 τῶν
1863 2193 2061 2243 μελλόντων
2081 2193 2185 2237 πόθος
2211 2193 2381 2245 μετέστη-

1354 2270 1410 2292 σεν
1429 2257 1529 2292 αὐτοῦ
1552 2254 1614 2301 τὴν
1630 2254 1803 2301 διάνοιαν,
1824 2253 1882 2292 καὶ
1911 2256 1957 2296 ὥς
1986 2254 2106 2297 ἁπλῶς
2142 2255 2201 2292 καὶ
2237 2257 2313 2306 εἰκῇ
2342 2256 2382 2293 τὸ

1355 2318 1457 2367 σῶμα
1492 2315 1730 2368 περικείμενος
1746 2346 1754 2362 ,
1792 2314 1898 2358 οὕτως
1935 2314 2104 2367 ἀνώτερος
2143 2315 2277 2367 γίνεται
2312 2318 2382 2353 τῶν

1353 2379 1472 2414 παθῶν
1488 2406 1497 2423 ,
1531 2376 1590 2414 καὶ
1619 2380 1661 2427 τῇ
1695 2376 1824 2414 ἀνωθεν
1860 2375 1981 2428 χάριτι
2018 2376 2271 2428 φρουρούμενος
2306 2376 2382 2415 οὐδὲ

1354 2438 1510 2485 αἴσθησιν
1534 2437 1710 2488 λαμτῗάνει
1741 2440 1809 2475 τῶν
1843 2436 2043 2488 ἀλγηδόνων
2064 2440 2132 2474 τῶν
2156 2440 2382 2487 σωματικῶν.

1351 2500 1415 2538 Διὸ
1444 2501 1639 2551 παρακαλῶ
1656 2529 1665 2546 ,
1684 2498 1715 2535 ἵν
1743 2497 1893 2541 εὐκόλως
1926 2496 2005 2541 τοὺς
2036 2498 2128 2536 κατὰ
2145 2498 2223 2545 ’τὴν
2255 2498 2382 2551 ἀρετὴν

1350 2560 1472 2604 πόνους
1488 2562 1637 2611 ἐνεγκεῖν
1660 2560 1881 2609 δυνηθῶμεν,
1901 2557 2009 2597 πολὺν
2030 2559 2088 2597 τὸν
2108 2559 2188 2613 περὶ
2211 2559 2268 2598 τὸν
2290 2560 2381 2598 Θεὸν

1349 2620 1602 2671 ἐπιδειξώμεθα
1640 2619 1743 2658 πόθον
1759 2650 1768 2667 ,
1802 2619 1862 2658 καὶ
1895 2621 1965 2657 ἐκεῖ
1997 2619 2060 2666 τὴν
2096 2620 2251 2658 διάνοιαν
2279 2623 2381 2671 ἡμῶν

1349 2683 1521 2726 τείναντες
1540 2683 1607 2720 ὑπὸ
1627 2682 1772 2732 μηδενὸς
1793 2683 1862 2719 τῶν
1884 2682 1918 2718 ἐν
1936 2683 1985 2733 τῷ
2017 2680 2165 2733 παρόντι
2200 2680 2265 2733 βίῳ
2296 2682 2382 2735 πρὸς

1349 2744 1406 2782 τὸν
1421 2747 1531 2782 ἐκεῖσε
1547 2743 1673 2794 δρόμον
1689 2740 1998 2792 ὑποσκελιζώμεθα
2012 2772 2021 2790 ,
2042 2741 2132 2780 ἀλλὰ
2152 2745 2221 2780 τῶν
2240 2742 2382 2793 μελλόν-

1350 2822 1417 2843 των
1457 2807 1595 2856 ἀγαθῶν
1623 2803 1684 2850 τὴν
1727 2805 1869 2850 διηνεκῆ
1904 2802 2098 2842 ἀπόλαυσιν
2134 2803 2353 2854 λογιζόμενοι
2372 2831 2382 2848 ,

1349 2868 1465 2906 πάντα
1485 2867 1528 2905 τὰ
1545 2865 1688 2917 ἀλγεινὰ
1704 2871 1762 2903 τοῦΙ
1779 2865 1949 2918 παρόντος
1968 2864 2042 2916 βίου
2065 2864 2185 2917 πράως
2203 2864 2382 2916 φέρωμεν,

1350 2929 1408 2966 καὶ
1427 2928 1516 2980 μήτε
1537 2927 1654 2970 ἀδοξία
1673 2930 1765 2976 ἡμᾶς
1785 2926 1939 2964 λυπείτω
1952 2956 1961 2972 ,
1983 2925 2072 2976 μήτε
2088 2925 2190 2963 πενία
2210 2925 2358 2970 πιεζέτω
2371 2957 2380 2972 ,

1351 2990 1439 3040 μήτε
1458 2989 1556 3031 νόσος
1575 2987 1736 3038 σώματος
1752 2991 1813 3034 τῆς
1826 2989 1939 3039 ψυχῆς
1953 2987 1992 3024 τὸ
2007 2987 2168 3038 φρόνημα
2183 2986 2380 3038 χαυνούτω,

1351 3051 1440 3102 μήτε
1462 3051 1500 3088 τὸ
1529 3052 1820 3100 καταφρονεῖσθαι
1842 3047 1939 3099 παρὰ
1960 3050 2027 3084 τῶν
2048 3049 2186 3085 πολλῶν
2203 3047 2262 3084 καὶ
2282 3047 2380 3091 ἐξευ-

1348 3111 1538 3154 τελίζεσθαι
1557 3108 1803 3159 ὀκνηροτέρους
1822 3109 1902 3159 περὶ
1929 3107 1991 3154 τὴν
2014 3110 2076 3152 τῆς
2097 3109 2222 3160 ἀρετῆς
2252 3108 2379 3160 κατόρ-

1348 3176 1451 3210 θωσιν
1473 3169 1737 3222 ἀπεργαζέσθω·
1754 3169 1843 3207 ἀλλὰ
1860 3168 1974 3206 πάντα
1991 3171 2101 3205 ταῦτα
2112 3200 2120 3213 ,
2136 3168 2255 3221 ὥσπερ
2272 3169 2378 3214 κόνιν,

1347 3232 1656 3282 ἀποτιναῖἀμενοι,
1691 3231 1748 3268 καὶ
1784 3235 1938 3280 γενναῖον
1963 3229 2020 3266 καὶ
2053 3230 2184 3280 ὑψηλὸν
2216 3230 2377 3281 φρόνημα
