2516 3791
663 226 705 255 [N
746 224 847 256 CAP.
887 223 1016 254 XVlll.

91 316 252 357 τοιούτων
280 310 437 363 ἀμοιὸῶν
456 307 677 360 ὓπερὸολὴν,
699 307 791 346 ἀλλὰ
821 306 938 345 πάντα
966 311 1037 350 τοῖς
1063 322 1117 344 κι-

90 376 228 420 ὄωτίοις
247 371 536 421 ἐναποκλείομεν,
556 368 616 407 καὶ
643 368 684 407 τὸ
705 368 767 420 μὲν
787 367 929 421 χρυσίον
962 368 1030 406 ὑπὸ
1057 370 1118 406 τοῦ

92 440 143 477 ἰοῦ
163 437 382 474 δαπανᾶσθαι
412 434 681 483 συγχωροῦμεν·
716 432 849 481 μᾶλλον
877 429 913 468 δὲ
943 434 1018 472 ταῖς
1049 431 1118 466 τῶν

90 499 250 537 κλεπτῶν
268 494 370 548 χερσὶ
389 493 598 547 προτίθεμεν
610 507 617 514 ·
644 491 689 530 τὰ
708 491 744 530 δὲ
769 491 893 543 ἱμάτια
913 490 956 529 τὰ
975 489 1118 528 ποικίλα

91 559 158 597 ὑπὸ
176 561 235 596 τοῦ
256 556 360 603 σητὸς
389 554 639 593 ἀναλίσκεσθαι
669 552 834 607 ἀφίεμεν,
855 553 913 590 καὶ
944 552 1006 590 οὐκ
1038 552 1117 588 ἀνε-

90 619 226 672 χόμεθα
250 617 294 656 τὰ
320 618 439 660 ἁπλῶς
465 616 609 666 κείμενα
641 615 784 658 δεόντως
814 615 1118 664 ὀἷκονομεῖσθαι,

90 681 147 719 ἵνα
164 680 269 718 πάλιν
297 682 380 729 ἡμῖν
413 677 708 730 διαφυλάττηται,
728 675 787 714 καὶ
813 675 870 714 διὰ
900 673 1030 713 τούτων
1051 675 1119 711 τῶν

91 741 298 794 ἀπορρήτων
319 742 457 791 ἀγαθῶν
477 739 664 784 ἀξιωθῆναι
678 737 879 787 δυνηθῶμεν
892 751 899 758 ·
920 730 968 774 ὧν
984 734 1120 787 γένοιτο

93 803 224 846 πάντας
242 806 336 853 ἡμᾶς
356 803 547 852 ἐπιτυχεῖν,
563 799 684 851 χάριτι
711 797 770 836 καὶ
798 796 1041 850 φιλανθρωπία
1059 799 1119 834 τοῦ

94 865 222 916 Κυρίου
250 866 351 913 ἡμῶν
379 863 495 907 Ἰησοῦ
518 862 689 912 Χριστοῦ,
721 859 798 910 μεθ’
832 852 870 896 οὗ
901 860 950 910 τῷ
985 857 1119 909 Ilm-pt,

92 925 167 975 ἅμα
182 927 232 976 τῷ
251 923 338 975 ἁγίῳ
355 922 536 972 Πνεύματι
560 920 660 970 δόξα,
690 920 836 972 κράτος,
856 919 962 970 τιμὴ,
982 923 1042 957 νῦν
1062 919 1120 957 καὶ

94 986 163 1034 ἀεὶ,
178 985 237 1024 καὶ
253 987 302 1028 εἰς
318 982 397 1026 τοὺς
415 985 541 1026 αἰῶνας
554 983 624 1020 τῶν
643 981 788 1020 αἰώνων.
811 981 933 1032 Ἀμήν,

468 1282 645 1320 oium
676 1279 749 1331 με’.

97 1405 369 1450 Ἰἶξαναστοίντες
387 1404 422 1442 δὲ
447 1405 479 1443 οἳ
504 1404 624 1456 ἄνδρες
643 1402 841 1453 ἕπε’ὅλεψαν
859 1401 916 1440 ἐπὶ
936 1400 1121 1454 πρόσωπον

375 1465 542 1516 Σοδόμων
566 1464 625 1503 καὶ
647 1464 843 1517 Γομόρρας.

149 1587 348 1638 Ἐμάθομεν
369 1589 408 1626 ἐκ
428 1591 495 1626 τῶν
512 1587 591 1640 χθὲς
609 1585 896 1638 ἀνεγνωσμένιιψ,
925 1585 1123 1637 ἀγαπητοὶ,

94 1649 158 1696 τὴν
176 1648 375 1701 ὓπερὸολὴν
392 1653 456 1696 τῆς
487 1652 546 1687 τοῦ
577 1647 712 1686 δικαίου
738 1645 947 1699 φιλοξενίας·
976 1645 1057 1698 φέρε
1082 1645 1123 1693 δὴ

94 1710 152 1748 καὶ
170 1709 322 1761 σήμερον
343 1709 385 1748 τὰ
402 1710 479 1756 ἑξῆς
503 1709 721 1754 ἐπελθόντες,
739 1707 846 1746 πάλιν
866 1707 1124 1758 καταμάθωμεν

95 1776 155 1810 τοῦ
173 1771 393 1823 πατριάρχου
413 1771 452 1809 τὸ
472 1770 697 1823 φιλόστοργον
723 1769 781 1807 καὶ
803 1769 994 1820 συμπαθές.
1015 1769 1128 1808 Ἑκά-

96 1848 182 1878 στην
200 1831 267 1884 γὰρ
283 1834 349 1869 τῶν
370 1834 502 1883 ἀρετῶν
523 1833 599 1883 μεθ’
625 1830 822 1883 ὑπερῧολῆς
842 1833 860 1868 ὃ
881 1829 1012 1874 δίκαιος
1031 1825 1129 1874 οὗτος

96 1893 278 1940 ἐκέκτητο.
297 1893 390 1931 Οὐδὲ
417 1893 484 1945 γὰρ
506 1893 608 1944 μόνον
625 1891 870 1944 φιλόστοργος,
894 1891 971 1929 οὐδὲ
991 1891 1127 1944 φιλόξε-

97 1970 152 1998 νος
169 1949 211 2001 ἦν
242 1954 301 1992 καὶ
328 1954 532 2006 συμπαθὴς,
563 1953 654 1992 ἀλλὰ
679 1953 738 1991 καὶ
769 1954 832 1996 τὰς
866 1953 973 1997 ἄλλας
1001 1952 1128 2005 ἀρετὰς

97 2017 237 2060 ἁπάσας
257 2017 346 2067 μετὰ
366 2017 546 2069 δαψιλείας
567 2015 800 2054 ἐπεδείκνυτο.
819 2015 877 2054 Ἄν
898 2032 934 2053 τε
953 2015 1020 2068 γὰρ
1039 2019 1129 2054 ὑπο-

98 2082 205 2128 μονὴν
227 2078 286 2130 δέῃ
306 2078 560 2126 ἐπιδείξασθαι,
578 2077 736 2130 εὑρήσεις
753 2077 856 2115 αὐτὸν
875 2080 923 2121 εἷς
942 2077 1051 2124 αὐτὴν
1065 2077 1127 2125 τὴν

97 2140 208 2191 ἄκραν
227 2138 381 2192 κορυφὴν
400 2139 662 2185 ἀναὸεῧηκότω
681 2138 720 2176 ἄν
740 2155 778 2176 τε
797 2138 1129 2191 ταπεινοφροσύνην,

97 2202 174 2252 <74⁵2
193 2200 298 2238 πάλιν
318 2200 377 2238 καὶ
404 2202 552 2238 ἐνταῦθα
584 2199 696 2237 οὐδενὶ
716 2203 1016 2251 παραχωροῦντα,
1037 2198 1128 2237 ἀλλὰ

95 2262 228 2305 πάντας
261 2260 574 2313 ὑπερακοντίζοντα
588 2276 595 2284 ·
630 2260 695 2298 κᾶν
728 2259 846 2298 πίστιν
886 2259 1124 2304 ἐπιδείξασθαι

95 2321 178 2374 δέῃ,
199 2322 258 2360 καὶ
288 2323 323 2360 ἐν
357 2321 468 2374 τούτῳ
498 2322 605 2360 πάλιν
638 2322 771 2372 μᾶλλον
803 2322 1028 2373 εὑρεθήσεται
1059 2325 1128 2360 τῶν

98 2384 212 2422 ἄλλων
240 2383 403 2422 ἁπάντων
425 2385 630 2434 εὐδοκιμῶν.
654 2383 822 2434 Καθάπερ
853 2382 922 2435 γὰρ
953 2382 1056 2422 εἰκών
1077 2400 1128 2427 τις

96 2445 253 2498 ἔμψυχός
272 2446 365 2484 ἐστιν
383 2447 406 2490 ἡ
420 2444 544 2483 τούτου
562 2444 679 2497 ψυχὴ,
700 2443 744 2482 τὰ
759 2445 908 2497 διάφορα
921 2447 985 2491 τ’ῆς
1002 2447 1128 2498 ἀρετῆς

97 2505 272 2558 χρώματα
285 2506 320 2543 ἐν
334 2507 440 2556 ἑαυτῇ
458 2505 674 2544 δεικνύουσα.
692 2505 786 2544 Ποία
807 2500 865 2544 οῧν
881 2509 965 2557 ἡμῖν
984 2506 1127 2545 ὑπολεί-

97 2582 200 2604 πεται
218 2566 339 2604 λοιπὸν
360 2566 531 2618 ἀπολογία
547 2595 557 2615 ,
578 2566 662 2605 ὅταν
694 2567 768 2611 ἑνὸς
799 2567 981 2620 ἀνθρώπου
1013 2567 1130 2612 πάσας

95 2627 159 2671 τὰς
191 2627 319 2680 ἀρετὰς
357 2629 393 2666 ἐν
424 2630 536 2680 ἑαυτῷ
573 2627 819 2680 περιφέροντος
835 2659 845 2677 ,
876 2632 979 2680 ἡμεῖς
1021 2629 1129 2674 οὕτως

97 2688 221 2742 ἔρημοι
250 2688 501 2741 τυγχάνωμεν,
520 2692 566 2733 ὡς
586 2689 762 2740 μηδεμίαν
784 2690 912 2743 ἀρετὴν
943 2690 1128 2743 βούλεσθαι

98 2753 302 2803 κατορθοῦν,
322 2750 407 2789 εὈτι
429 2751 496 2803 γὰρ
515 2753 553 2789 οὗ
573 2750 670 2803 παρὰ
690 2751 730 2789 τὸ
757 2752 806 2802 μὴ
832 2751 1015 2800 δύνασθαι,
1037 2752 1128 2790 ἀλλὰ

98 2810 196 2863 παρὰ
220 2812 260 2850 τὸ
291 2811 339 2862 μὴ
374 2812 558 2863 βούλεσθαι
592 2812 717 2864 ἔρημοι
747 2812 887 2852 πάντων
920 2814 1025 2866 ἐσμὲν
1056 2817 1126 2853 τῶν

101 2869 237 2924 ἆγαθῶν
252 2901 262 2918 ,
291 2872 403 2925 σαφὴς
430 2873 604 2918 ἀπόδειξις
621 2874 661 2912 τὸ
679 2874 827 2919 πολλοὺς
851 2879 920 2914 τῶν
951 2879 1127 2928 ὁμογενῶν

99 2937 185 2984 ἡμῖν
205 2936 316 2985 εὑρεῖν
348 2934 607 2985 διαλάμποντας
637 2936 672 2972 ἐν
704 2937 823 2989 ἀρετῇ.
856 2935 958 2977 ι’Καὶ
988 2938 1070 2977 αὐτὸ
1091 2937 1127 2976 δὲ

100 2998 219 3042 τοῦτο,
246 2994 284 3032 τὸ
307 2994 366 3032 τὸν
387 2995 610 3048 πατριάρχην
631 2996 690 3034 καὶ
719 2998 788 3050 πρὸ
805 3001 868 3045 τῆς
885 2999 1050 3052 χάριτος,
1070 2998 1130 3038 καὶ

99 3057 168 3109 πρὸ
191 3060 250 3095 τοῦ
277 3057 383 3108 νόμου
412 3058 577 3110 γεγονότα
593 3088 603 3105 ,
623 3058 752 3098 οἴκοθεν
782 3061 841 3100 καὶ
860 3061 929 3100 ἀπὸ
950 3066 1013 3109 τ’ἧς
1031 3063 1067 3100 ἐν
1087 3065 1128 3113 τῇ

102 3117 202 3169 φύσει
230 3117 392 3168 κειμένης
410 3119 570 3170 γνώσεως
598 3122 646 3163 εἷς
671 3125 834 3160 τοσοῦτον
860 3122 986 3175 μέτρον
1006 3126 1133 3176 ἀρετῆς

102 3178 350 3224 ἐλθεῖν,ποὶσης
365 3182 458 3229 ἡμᾶς
474 3180 664 3232 ἀπολογίας
679 3182 919 3235 ἀποστερῆσαι
935 3184 1132 3231 δυνήσεται.

103 3238 194 3276 Ἀλλ’
228 3238 311 3282 ἴσως
341 3240 456 3292 ἐροῦσί
486 3257 594 3288 τινες,
622 3241 675 3280 ὅτι
704 3245 836 3290 πολλῆς
868 3244 1046 3284 ἀπέλαυσε
1070 3248 1133 3292 τῆς

103 3299 200 3352 παρὰ
220 3303 278 3338 τοῦ
297 3302 388 3340 Θεοῦ
417 3302 625 3353 κηδεμονίας
643 3306 661 3341 ὃ
683 3304 790 3356 ἀνὴρ,
811 3305 870 3343 καὶ
891 3306 1024 3353 πολλὴν
1045 3309 1129 3345 ἐπε-

146 3416 159 3430 n
183 3404 286 3438 Savil.
301 3413 334 3438 et
350 3405 479 3448 aliquot
496 3408 573 3440 Mss.
590 3415 787 3451 οἳκονομῆσκν.

288 3464 381 3487 TUM.
420 3466 473 3487 [Υ.

1055 221 1215 253 GENES.

1257 221 1419 252 uoluti„
1458 219 1566 250 XLtt.

2057 205 2150 269 489

1196 304 1252 343 bis
1272 304 1394 343 datam
1415 301 1666 351 amandamus,
1682 315 1796 352 neque
1811 301 2025 351 cogitamus,
2041 302 2096 340 vel
2117 302 2150 340 iu

1194 374 1311 404 mente
1329 378 1512 405 versamus
1525 363 1611 402 hinc
1627 362 1841 416 parvitatem
1854 376 1976 400 eorum
1992 376 2070 413 qum
2089 362 2152 401 da-

1196 441 1276 465 mus
1288 457 1299 477 ,
1316 425 1397 464 inde
1411 424 1681 464 immensitatem
1693 438 1815 462 eorum
1830 437 1907 475 (1¹¹ae
1917 437 1982 475 pro
1994 422 2050 461 his
2063 423 2154 462 acci-

1195 487 1335 539 pimus:
1365 486 1424 526 sed
1451 486 1569 524 omnia
1599 485 1731 523 arculis
1760 484 1996 533 includentes,
2024 498 2154 522 aurum

1192 548 1337 598 quidem
1357 563 1376 586 a
1392 547 1560 598 rubigine
1579 546 1719 584 absumi
1734 545 1993 599 permittimus;
2010 545 2082 583 imo
2100 546 2155 583 fu-

1194 623 1275 646 rum
1293 609 1459 646 manibus
1480 607 1712 660 proponimus
1729 623 1736 644 :
1755 616 1868 646 vestes
1880 621 2020 658 quoque
2038 606 2156 646 varias

1192 683 1212 706 a
1240 668 1345 706 tineis
1371 667 1490 706 arrodi
1515 668 1684 716 sinimus,
1706 668 1873 706 nolumus
1900 677 2017 706 autem
2047 677 2087 706 ut
2115 682 2156 707 ea

1191 744 1270 781 quae
1299 729 1432 781 absque
1460 743 1525 766 usu
1543 729 1680 781 jacent,
1707 729 1796 766 bene
1815 729 2081 781 dispensentur,
2116 738 2156 767 ut

1191 791 1321 829 iterum
1359 790 1463 828 nobis
1501 788 1767 838 custodiantur,
1806 804 1847 827 ac
1880 804 1942 841 per
1976 804 2015 828 ea
2048 790 2157 828 etiam

1192 852 1391 891 ineffabilia
1416 851 1509 890 bona
1538 865 1738 889 mereamur
1765 851 1905 901 assequi
1925 867 1934 889 ε
1953 866 2032 902 quae
2055 852 2156 890 nobis

1193 914 1361 952 omnibus
1379 912 1547 952 concedat
1563 911 1677 964 gratia
1699 921 1732 950 et
1753 911 1973 963 benignitate
1999 927 2060 950 sua
2081 914 2157 951 Do-

1193 975 1311 1014 minus
1327 984 1444 1014 noster
1462 977 1566 1015 Jesus
1589 974 1774 1023 Christus,
1796 972 1853 1011 cui
1880 987 1962 1011 cum
1992 974 2095 1012 Patre
2124 984 2158 1012 et

1192 1046 1313 1075 sancto
1344 1036 1482 1089 Spiritu
1516 1035 1562 1074 sit
1593 1035 1728 1086 gloria,
1768 1033 1980 1087 imperium,
2026 1034 2155 1083 bonor,

1201 1111 1295 1136 nunc
1340 1107 1374 1136 et
1417 1111 1572 1149 semper,
1609 1105 1642 1135 et
1687 1095 1723 1134 in
1763 1095 1892 1133 saecula
1936 1095 2156 1134 sacculorum.

1196 1162 1319 1197 Amen.

1138 1244 1185 1269 :¹12³

1151 1282 1173 1309 A
1496 1268 1707 1305 ΙΙΟΜΙΙᾸΑ
1740 1265 1855 1304 XLII.

1196 1392 1288 1429 Cum
1322 1390 1557 1429 surrexissent
1585 1398 1704 1427 autem
1727 1389 1819 1439 viri,
1854 1399 2084 1442 respexerunt
2121 1390 2156 1428 in

1346 1452 1472 1490 faciem
1490 1451 1730 1490 Sodomorum
1752 1460 1786 1488 et
1802 1451 2014 1490 Gomorrha:

1249 1580 1284 1614 1.
1315 1575 1520 1614 Didicimus
1538 1590 1581 1613 ex
1601 1575 1762 1613 hesterna
1778 1574 1945 1626 lectione,
1965 1575 2154 1625 carissimi,

1194 1638 1365 1678 eximiam
1380 1637 1471 1690 justi
1484 1636 1761 1689 hospitalitatem
1781 1653 1788 1673 :
1805 1650 1870 1688 age
1889 1646 1922 1674 et
1944 1652 1983 1675 ea
2003 1651 2081 1688 quae
2100 1652 2159 1676 se-

1194 1709 1353 1751 quuntur
1367 1707 1556 1736 tractantes
1567 1728 1577 1747 ,
1594 1697 1701 1736 hodie
1709 1697 1890 1736 discamus
1903 1698 2160 1750 benignitatem

1195 1770 1230 1799 et
1263 1759 1604 1799 commiserationem
1632 1759 1855 1812 patriarclite.
1877 1760 2038 1798 Possedit
2066 1761 2159 1799 enim

1198 1821 1330 1860 eximie
1344 1822 1464 1874 justus
1495 1821 1556 1858 ille
1577 1821 1726 1860 virtutes
1755 1835 1888 1859 omnes.
1917 1823 2038 1872 Neque
2062 1823 2158 1861 enim

1199 1892 1337 1921 tantum
1355 1883 1444 1920 bene
1471 1883 1617 1920 affectus
1636 1891 1710 1920 erat
1740 1883 1775 1920 in
1809 1884 2015 1936 proximos,
2047 1899 2162 1936 neque

1152 1952 1175 1982 Β
1198 1942 1388 1995 hospitalis
1408 1951 1547 1980 tantum
1568 1951 1601 1980 et
1618 1941 1836 1991 misericors,
1853 1943 1914 1980 sed
1934 1952 1967 1981 et
1983 1944 2072 1982 alias
2088 1944 2159 1982 vir-

1199 2013 1292 2043 tutes
1309 2018 1430 2043 omnes
1446 2004 1599 2041 ubertim
1613 2004 1817 2042 exhibebat.
1836 2006 1926 2042 Nam
1939 2005 2012 2044 sive
2024 2006 2161 2058 patien-

1200 2065 1287 2103 tiam
1305 2066 1476 2104 exhibere
1498 2080 1587 2118 opus
1604 2066 1669 2115 sit,
1696 2066 1855 2105 invenies
1882 2067 1986 2105 illum
2010 2068 2046 2105 in
2064 2082 2160 2106 sum-

1202 2140 1301 2164 mum
1320 2126 1420 2165 illius
1436 2126 1607 2166 verticem
1624 2141 1872 2179 progressum:
1887 2128 1964 2166 sive
1977 2128 2162 2168 humilita-

1199 2196 1270 2226 tem
1291 2189 1472 2240 requiras,
1494 2188 1634 2228 videbis
1650 2198 1684 2227 et
1702 2189 1737 2227 in
1763 2189 1830 2228 hac
1853 2190 1943 2228 nulli
1964 2191 2160 2243 cedentem,

1200 2248 1263 2287 sed
1283 2263 1405 2289 omnes
1424 2249 1731 2288 transcendentem
1747 2266 1754 2287 :
1773 2251 1848 2291 sive
1871 2251 1960 2291 fides
1977 2252 2164 2292 declaran-

1198 2308 1244 2348 da
1259 2312 1324 2360 sit,
1340 2321 1374 2350 et
1391 2312 1428 2350 in
1442 2311 1509 2350 hoe
1526 2326 1601 2365 prae
1616 2312 1784 2351 omnibus
1797 2313 1877 2352 aliis
1892 2314 2036 2353 laudem
2051 2330 2163 2354 mere-

1199 2375 1308 2413 bitur.
1330 2373 1396 2412 Est
1412 2373 1509 2411 enim
1524 2373 1642 2410 anima
1662 2373 1739 2425 ejus
1760 2373 1878 2426 imago
1897 2375 2061 2426 quaedam
2079 2377 2162 2415 ani-

1200 2445 1313 2485 mata,
1339 2434 1457 2474 varios
1480 2433 1656 2473 virtutum
1682 2434 1814 2473 colores
1842 2435 1877 2473 in
1904 2450 1940 2473 se
1968 2445 2158 2475 ostentans.

1201 2498 1290 2545 Quae
1310 2496 1422 2548 igitur
1440 2495 1543 2534 nobis
1564 2495 1712 2548 posthac
1740 2496 1863 2534 relicta
1887 2505 1939 2534 est
1959 2498 2162 2545 excusatio,

1201 2574 1284 2598 cum
1305 2572 1398 2597 unus
1416 2557 1524 2596 homo
1541 2566 1684 2595 cunctas
1706 2557 1742 2595 in
1757 2571 1794 2595 se
1807 2557 1956 2597 virtutes
1971 2558 2162 2610 possideat,

1153 2640 1176 2671 C
1201 2634 1265 2660 nos
1286 2633 1369 2660 vero
1388 2619 1436 2657 ita
1456 2628 1618 2671 expertes
1633 2633 1756 2656 earum
1777 2618 1905 2668 simus,
1929 2628 1967 2657 ut
1992 2633 2035 2658 ne
2054 2634 2162 2659 unam

1200 2682 1347 2734 quidem
1374 2694 1538 2719 exercere
1558 2680 1690 2733 juvet?
1716 2679 1824 2726 Quod
1854 2681 1946 2718 enim
1976 2695 2044 2719 non
2077 2682 2162 2733 quia

1199 2758 1271 2783 non
1290 2756 1479 2797 possumus
1491 2772 1502 2791 ,
1520 2741 1581 2779 sed
1596 2741 1679 2793 quia
1699 2741 1864 2779 nolumus
1875 2771 1885 2791 ,
1897 2756 1916 2779 a
1929 2741 2033 2781 bonis
2048 2743 2161 2781 omni-

1198 2807 1266 2845 bus
1287 2806 1398 2844 simus
1425 2803 1550 2852 alieni,
1579 2802 1670 2840 illud
1687 2803 1870 2841 manifeste
1903 2804 2037 2842 indicat
2063 2804 2161 2856 quod

1199 2866 1305 2905 multi
1323 2864 1482 2918 ejusdem
1506 2873 1639 2902 naturae
1659 2863 1821 2902 homines
1840 2864 2068 2903 inveniantur
2087 2866 2159 2903 vir-

1198 2928 1337 2966 tutibus
1364 2925 1558 2978 conspicui.
1595 2924 1642 2962 Et
1674 2939 1758 2963 vero
1783 2925 1875 2963 istuc
1909 2925 2029 2978 ipsum
2062 2926 2159 2978 quod

1198 2988 1402 3042 patriarcha
1414 3018 1424 3038 ,
1445 2987 1505 3038 qui
1520 2995 1600 3024 ante
1614 2986 1735 3038 gratim
1748 2995 1885 3039 tempus
1901 2996 1934 3025 et
1947 2996 2027 3025 ante
2045 2987 2159 3038 legem

1200 3051 1280 3101 fuit,
1298 3064 1318 3088 a
1334 3050 1447 3102 seipso
1461 3058 1494 3086 et
1512 3063 1532 3085 a
1552 3047 1697 3085 scientia
1714 3062 1792 3099 quae
1812 3057 1948 3086 naturae
1963 3049 2068 3087 insita
2088 3058 2154 3093 est,

1200 3112 1237 3150 in
1255 3120 1393 3149 tantum
1409 3108 1569 3163 pervenit
1584 3108 1730 3147 virtutis
1752 3109 1956 3161 fastigium,
1976 3110 2110 3148 suffieit
2122 3120 2159 3147 ut

1202 3186 1324 3211 omues
1349 3181 1484 3209 nostras
1505 3169 1750 3208 excusationes
1770 3171 1907 3208 refutet.
1924 3173 1968 3209 At
1994 3172 2083 3209 forte
2104 3171 2159 3209 di-

1203 3243 1280 3273 cent
1299 3232 1410 3283 aliqui
1430 3248 1437 3268 :
1455 3232 1525 3270 Vir
1539 3231 1600 3270 ille
1619 3231 1769 3270 multam
1786 3246 1806 3270 a
1822 3233 1896 3270 Deo
1910 3233 2060 3284 gratiam
2078 3247 2159 3270 con-

1204 3304 1372 3347 sequutus
1387 3302 1455 3344 cst,
1478 3302 1510 3332 et
1531 3293 1691 3332 omnium
1712 3292 1888 3332 Deminus
1902 3294 1978 3345 ejus
1995 3293 2158 3345 singula-

1196 3415 1210 3436 ¹¹
1236 3411 1335 3445 Saul.
1357 3420 1388 3443 rt
1407 3410 1460 3442 alii
1478 3416 1524 3444 ναὶ
1544 3415 1614 3445 αᾶτο
1632 3417 1687 3454 γὰρ
1709 3419 1804 3444 myro.

1978 3454 2025 3463 ...-

1979 3466 2028 3489 d.)

2179 1401 2251 1428 Gen.
2277 1398 2321 1429 18.

2178 1442 2223 1470 16,
