2516 3791
131 638 229 666 Eccli.
242 636 272 673 4.
286 634 316 665 8.

132 877 226 905 Eccli.
249 876 294 907 18.

135 920 182 948 16.

134 1488 165 1508 2.
180 1477 319 1517 cong-6.

201 1791 323 1821 serendi

134 1841 249 1873 tempus
280 1839 322 1861 est

134 1876 194 1903 haec
208 1877 276 1903 vila.

332 105 427 166 398
773 119 810 147 s.

328 203 377 240 lis
387 233 402 250 ,
426 215 536 254 super
559 213 688 253 pauca
691 199 814 254 suisti
843 199 990 251 fidelis,
1024 210 1137 247 super
1155 195 1279 232 multa

330 270 368 300 te
383 265 617 301 constituam
637 277 647 297 .·
664 263 768 298 intra
783 262 823 296 ιή
836 259 1022 310 gaudium
1036 257 1197 293 Domini
1213 256 1280 292 tui.

329 324 416 362 Haec
428 322 759 370 animadvertentes,
781 320 827 357 ita
843 318 1072 370 respiciamus
1097 328 1282 366 pauperes,

329 385 430 435 quasi
450 385 637 431 beneficos,
657 382 717 432 qui
741 381 939 417 occasiones
962 377 1087 414 salutis
1108 376 1193 413 dare
1215 388 1282 412 no-

329 446 386 483 bis
406 453 566 497 possunt,
589 452 623 480 et
639 442 689 479 eis
709 439 854 490 largiter
871 437 1048 488 hilarique
1067 437 1185 474 animo
1205 449 1282 473 ero-

331 519 468 557 gemus,
484 515 679 552 numquam
694 508 879 538 renuentes
899 497 998 548 dare,
1017 497 1077 535 sed
1094 511 1221 549 magna
1234 496 1282 533 le·

332 566 440 603 nitate
460 577 540 601 cum
559 562 608 599 eis
629 562 880 612 colloquentes,
899 569 933 597 et
953 559 1102 597 multam
1122 572 1284 596 mansue-

333 625 492 664 tudinem
516 623 744 661 declarantes.
770 622 943 668 Inclina,
970 620 1100 671 inquit,
1123 621 1285 671 pauperi

333 699 468 723 aurem
483 693 605 730 tuam,
623 691 659 720 et
679 683 866 734 responde
881 684 916 719 ei
927 681 1091 733 pacifice
1107 682 1148 717 in
1167 693 1283 717 man--

333 746 551 791 suetudine,
575 753 614 781 ut
632 753 666 781 et
686 753 873 794 antequam
896 742 970 787 des,
989 741 1183 779 verborum
1211 740 1284 777 cle-

334 807 464 845 mentia
480 805 593 843 multa
613 805 733 857 inopia
750 804 927 856 dejectum
945 803 1020 854 ejus
1038 802 1197 839 animum
1215 800 1282 838 eri-

336 881 428 919 gas;
457 866 603 904 Melior
625 867 728 902 enim
755 873 824 911 est,
849 863 978 914 inquit,
1006 875 1143 908 sermo,
1167 875 1284 913 quam

335 929 509 966 donatio.
528 926 625 964 Adeo
644 925 751 963 etiam
768 925 918 963 verbum
935 923 1090 961 animam
1107 922 1284 971 roborare,

333 988 678 1037 consolationemque
706 985 855 1024 multam
887 985 1014 1022 afferre
1040 983 1139 1021 solet.
1170 982 1286 1034 Igitur

333 1064 404 1088 non
419 1058 558 1087 tantum
573 1047 789 1085 attendentes
805 1061 885 1084 eum
898 1045 959 1096 qui
974 1044 1118 1096 accipit,
1136 1043 1173 1080 in
1192 1043 1286 1081 dan·-

333 1110 391 1148 dis
406 1108 639 1161 eleemosynis
655 1108 765 1145 simus
782 1107 946 1144 liberales
967 1122 974 1142 :
996 1105 1058 1143 sed
1072 1104 1285 1142 ratiocinan-

334 1181 384 1210 tes
406 1170 522 1223 potius
543 1169 623 1220 quis
645 1168 705 1206 ille
723 1168 769 1206 sit
793 1168 853 1219 qui
875 1181 914 1205 ca
938 1180 1017 1217 quae
1038 1166 1073 1203 in
1094 1179 1287 1217 pauperem

333 1232 505 1270 collocata
526 1239 620 1278 sunt,
640 1238 679 1266 ut
699 1229 766 1268 sibi
784 1229 876 1267 facta
895 1226 1068 1276 vindicat,
1090 1236 1123 1264 et
1139 1241 1204 1278 pro
1222 1226 1286 1263 da-

334 1292 380 1330 tis
408 1291 621 1329 solutionem
647 1290 838 1342 pollicetur
866 1305 873 1326 :
901 1298 1006 1339 atque
1029 1289 1077 1325 ita
1097 1288 1215 1326 animo
1242 1288 1286 1325 il-

334 1353 412 1390 lum
422 1352 611 1399 intuentes,
628 1365 756 1403 magna
771 1350 951 1389 alacritate
966 1349 1051 1387 dare
1066 1349 1285 1399 studeamus,

335 1422 369 1451 et
392 1413 546 1464 largam,
574 1412 663 1450 dum
689 1411 807 1449 adhuc
832 1419 972 1462 tempus
999 1419 1065 1459 cst,
1098 1419 1288 1448 sementem

332 1474 520 1527 jaciamus,
529 1482 612 1511 utet
624 1473 776 1511 ubertim
787 1481 975 1510 metamus.
984 1472 1076 1510 Nam
1091 1472 1167 1522 Qui
1172 1486 1289 1523 parce

336 1538 517 1581 seminat,
542 1534 673 1585 inquit,
696 1547 813 1585 parce
835 1542 870 1571 et
898 1540 1024 1570 metet.
1048 1534 1159 1569 Manu
1180 1532 1289 1584 igitur

336 1597 485 1636 minime
510 1611 616 1649 parca
642 1596 776 1634 semina
800 1595 863 1632 illa
886 1594 976 1632 bona
1002 1609 1224 1647 spargamus,
1248 1604 1288 1632 ut

335 1671 400 1695 suo
417 1666 575 1708 tempore
600 1656 754 1694 ubertim
780 1665 967 1693 metamus.
994 1657 1097 1694 Nunc
1117 1655 1211 1693 enim
1233 1670 1286 1694 se-

334 1717 495 1755 minandi
519 1727 658 1769 tempus
677 1725 739 1765 est,
757 1715 854 1766 quod
878 1730 921 1753 ne
948 1724 1197 1767 praetereamus
1219 1716 1283 1754 ob-

336 1792 445 1826 secro,
464 1787 504 1815 ut
522 1777 559 1815 in
575 1777 634 1814 die
652 1775 894 1814 retributionis
910 1789 975 1828 pro
993 1775 1037 1813 iis
1057 1790 1135 1826 quae
1154 1775 1214 1814 hic
1232 1790 1285 1815 se-

336 1838 566 1889 minavimus,
583 1839 720 1875 fructus
732 1836 986 1889 percipiamus,
1003 1845 1037 1874 et
1055 1836 1203 1875 Domini
1218 1836 1286 1875 mi-

335 1899 563 1939 sericordiam
585 1912 827 1949 assequamur.
853 1897 1005 1935 Nullum
1025 1897 1119 1936 enim
1141 1898 1285 1937 omnino

334 1961 433 2000 aliud
452 1975 540 2013 opus
557 1960 694 1998 bonum
709 1959 759 1997 sic
778 1958 910 2011 poterit
931 1958 1149 2010 restinguere
1165 1974 1288 2012 pecca-

336 2032 456 2060 torum
469 2030 669 2059 nostrorum
686 2019 905 2070 incendium,
923 2029 961 2058 ut
973 2020 1203 2073 eleemosynae
1217 2021 1288 2058 lar-

338 2083 428 2135 gitas
444 2098 451 2119 :
466 2082 531 2120 ista
551 2090 584 2119 et
603 2089 827 2132 peccatorum
844 2089 1044 2118 nostrorum
1060 2081 1290 2119 abolitionem

339 2152 517 2195 operatur,
537 2151 570 2179 et
589 2141 692 2179 nobis
712 2140 883 2179 fiduciam
902 2141 1084 2190 conciliat,
1106 2151 1139 2180 et
1158 2143 1290 2180 ineffa-

338 2204 471 2242 bilium
490 2203 635 2241 illorum
647 2202 823 2239 bonorum
838 2203 992 2240 fructum
1006 2213 1195 2255 praeparat.
1215 2206 1290 2242 Ve-

341 2279 421 2303 rum
440 2264 484 2302 de
502 2263 560 2301 his
582 2262 728 2313 quidem
749 2263 832 2300 satis
847 2262 985 2301 dictum
1005 2272 1056 2301 est
1074 2264 1110 2301 in
1128 2264 1293 2302 cohorta-

344 2325 477 2363 tionem
496 2333 651 2363 vestram
671 2339 681 2372 ;
701 2333 734 2361 et
753 2323 1032 2361 demonstratum
1051 2338 1113 2362 nos
1133 2325 1163 2362 si
1182 2340 1294 2377 parva

342 2385 562 2433 dederimus,
587 2399 606 2422 a
627 2384 782 2422 Domino
801 2393 921 2422 nostro
943 2398 1071 2436 magna
1100 2399 1294 2436 consequu-

342 2455 442 2484 turos
476 2459 562 2483 esse.
598 2445 691 2482 Hinc
724 2444 820 2482 enim
852 2458 966 2482 sermo
1002 2445 1038 2482 in
1067 2445 1295 2498 eleemosynae

343 2506 622 2545 admonitionem
649 2505 839 2543 devolutus
862 2514 913 2543 est
939 2506 1049 2556 :quia
1080 2507 1173 2544 enim
1200 2508 1297 2545 dixi-
1331 2523 1337 2529 ⁴

346 2582 424 2605 mus
446 2566 698 2619 patriarcham,
718 2565 806 2603 dum
832 2575 967 2617 partem
990 2576 1090 2604 terrae
1116 2568 1298 2606 meliorem

345 2629 414 2665 Lot
430 2627 614 2675 concessit,
629 2635 662 2664 et
680 2625 847 2665 viliorem
864 2626 939 2678 ipse
957 2627 1116 2676 retinuit,
1131 2637 1264 2666 tantam
1279 2644 1298 2666 a

346 2688 502 2726 Domino
547 2696 804 2738 consequutum
843 2701 916 2725 esse
955 2687 1217 2739 liberalitatem,
1262 2700 1300 2728 ut

347 2763 487 2787 omnem
500 2748 750 2799 cogitationem
764 2747 987 2786 transcendat
997 2749 1185 2801 promissio
1193 2765 1300 2801 quam

348 2809 379 2847 ei
402 2809 578 2847 Dominus
600 2809 680 2846 fecit
699 2825 706 2845 ε
736 2809 915 2848 Elevatis
937 2812 1039 2847 enim
1063 2811 1184 2849 oculis
1209 2815 1297 2859 tuis,

349 2869 481 2919 inquit,
507 2871 600 2907 vide
624 2884 650 2906 α
676 2870 773 2916 low,
804 2872 846 2907 in
874 2883 949 2922 quo
980 2879 1020 2908 tu
1046 2885 1150 2909 nunc
1173 2886 1226 2918 es,
1250 2874 1304 2910 ad

350 2930 575 2981 aquilonem
617 2938 653 2967 et
703 2931 914 2977 meridiem,
961 2940 996 2968 et
1036 2934 1221 2970 orientem
1266 2942 1302 2971 et

350 3005 456 3028 mare
483 3006 493 3026 :
527 2993 620 3041 quia
649 3004 799 3028 omnem
830 3000 986 3037 terram,
1020 3005 1138 3043 quam
1167 3001 1208 3030 tu
1240 2996 1301 3031 vi-

348 3054 428 3097 des,
455 3065 542 3088 eam
573 3052 644 3088 tibi
669 3051 768 3087 dabo
794 3059 830 3089 et
857 3054 996 3090 semini
1022 3061 1087 3090 tuo
1117 3067 1236 3105 usque
1259 3057 1299 3092 ιή

848 116 1032 148 ,ΙΟΑΝΝΙΞ
1071 114 1310 145 CHRYSOST.

1351 112 1538 142 ARCHIEP
1547 130 1557 140 .
1596 110 1842 141 CONSTANTl
1851 111 1950 140 NOP.

1355 193 1520 239 ταστήσω
1536 207 1544 215 ·
1574 192 1706 230 εἴσελθε
1734 194 1781 235 εἷς
1817 193 1879 239 τὴν
1911 191 2023 244 χαρὰν
2054 196 2113 231 τοῦ
2144 191 2274 245 Κυρίου
2303 208 2375 232 σου.

1357 256 1479 292 Ταῦτα
1503 255 1714 301 ἐννοοῦντες,
1733 254 1890 306 καθάπερ
1912 253 2091 305 εὐεργέτας
2103 284 2114 302 ,
2131 253 2190 291 καὶ
2217 256 2280 300 τῆς
2309 268 2379 291 σω-

1355 314 1478 366 τηρίας
1492 318 1576 364 ἡμῖν
1595 313 1657 357 τὰς
1676 314 1833 367 ἀφορμὰς
1848 313 2014 366 παρέχειν
2031 313 2250 364 δυναμένους,
2270 313 2378 356 οὕτως

1357 378 1491 428 ὁρῶμεν
1507 373 1584 418 τοὺς
1601 374 1772 421 πένητας,
1792 375 1850 412 καὶ
1865 374 1954 424 μετὰ
1973 374 2151 426 δαψιλείας
2174 375 2235 412 καὶ
2256 376 2377 425 ἱλαρᾶς

1357 440 1419 483 τῆς
1458 435 1652 488 προθυμίας
1683 435 1914 488 παρέχωμεν,
1945 434 2119 485 μηδέποτε
2157 433 2378 478 ἀνανεύοντες

1308 504 1331 533 Β
1426 497 1433 511 κ
1486 496 1500 520 ,ι
1567 495 1601 509 nt
1713 495 1783 534 ,λλι
1895 496 1903 510 x
1986 497 2051 533 λλ»
2123 499 2144 507 ω
2196 499 2206 511 a
2307 495 2337 517 ,t
2365 512 2377 520 ,-

1359 513 1438 550 περι
1465 513 1528 544 την
1563 512 1670 544 ΟΟσῑν,
1703 513 1723 533 α
1771 511 1792 532 α
1823 511 1912 546 μετα
1940 512 1986 533 πο
2035 511 2070 541 ης
2102 511 2166 542 της
2191 511 2377 538 επιεικεια,

1361 558 1620 609 διαλεγόμενοι,
1636 556 1695 594 καὶ
1711 555 1895 609 πραότητα
1909 554 2042 601 πολλὴν
2058 554 2280 605 δεικνύμενοι.
2299 556 2380 592 Κλῖ-

1359 634 1416 656 νον
1442 619 1509 671 γὰρ
1537 621 1669 670 πτωχῷ
1700 617 1740 655 τὸ
1759 611 1816 660 οῦς
1835 632 1920 664 σου,
1951 615 2011 653 καὶ
2043 615 2250 667 ἀποκρίθητι
2282 617 2377 667 αὐτῷ

1361 679 1517 732 εἰρηνικὰ
1551 682 1584 717 ἐν
1609 677 1781 732 πραΰτητι
1798 707 1808 724 ,
1836 676 1894 715 ἵνα
1913 676 1972 714 καὶ
1995 675 2064 728 πρὸ
2091 679 2150 722 τῆς
2176 675 2300 719 δόσεως
2333 679 2376 726 τῇ

1360 740 1551 794 προσηνείᾳ
1573 743 1641 777 τῶν
1666 737 1830 791 ῥημάτων
1850 738 1912 785 τὴν
1934 735 2244 787 καταῧεὲλημένην
2276 737 2380 774 αὐτοῦ

1360 802 1472 854 ψυχὴν
1493 802 1559 840 ὑπὸ
1580 805 1641 847 τῆς
1667 802 1798 845 πολλῆς
1818 800 1947 842 ἐνδείας
1969 798 2187 850 ἀναστήσῃς·
2209 800 2377 850 Κρεῖσσον

1361 863 1428 915 γὰρ
1442 894 1452 912 ,
1473 863 1558 915 φησὶ
1572 893 1581 909 ,
1600 862 1699 913 λόγος
1715 861 1736 907 ἢ
1757 861 1860 904 δόσις.
1879 859 2003 904 Οὕτως
2024 853 2095 898 οἶδε
2113 859 2173 898 καὶ
2189 862 2286 912 ρῆμα
2305 874 2379 896 νευ-

1363 927 1472 976 ρῶσαι
1485 923 1613 976 ψυχὴν,
1629 923 1687 961 καὶ
1703 923 1835 968 πολλὴν
1852 924 2045 973 εἰσαγαγεῖν
2063 921 2126 968 τὴν
2143 919 2378 973 παραμυθίαν.

1361 984 1424 1031 Μὴ
1451 984 1563 1022 τοίνυν
1588 983 1673 1036 πρὸς
1699 983 1756 1020 τὸν
1781 982 2007 1033 λαμῧάνοντα
2028 981 2130 1032 μόνον
2152 985 2296 1033 ὁρῶντες
2316 980 2380 1027 τὴν

1361 1044 1441 1097 περὶ
1466 1043 1528 1090 τὴν
1565 1042 1801 1093 ἐλεημοσύνην
1820 1042 2020 1094 φιλοτιμίαν
2052 1041 2258 1092 ποιώμεθα,
2291 1041 2381 1079 ἀλλὰ

1361 1104 1575 1156 λογιζόμενοι
1591 1104 1642 1147 τίς
1658 1105 1750 1142 ἐστιν
1767 1106 1784 1140 ὁ
1799 1104 2028 1153 οἰκειούμενος
2043 1103 2088 1141 τὰ
2107 1105 2155 1146 εἷς
2173 1103 2230 1140 τὸν
2246 1101 2381 1149 πένητα

1311 1170 1334 1200 C
1361 1165 1541 1217 γινόμενα,
1571 1165 1630 1203 καὶ
1659 1164 1722 1211 τὴν
1746 1163 1833 1218 ὑπὲρ
1849 1168 1917 1202 τῶν
1935 1163 2121 1213 διδομένων
2146 1164 2275 1201 ἔκτισιν
2296 1165 2380 1202 ὓπο-

1363 1226 1551 1279 ογόμενος,
1571 1226 1659 1265 οὕτω
1680 1226 1766 1278 πρὸς
1791 1227 1919 1264 ἐκεῖνον
1945 1224 2112 1268 τείνοντες
2132 1223 2195 1270 τὴν
2229 1223 2382 1262 διάνοιαν

1363 1287 1452 1339 μετὰ
1480 1288 1596 1335 πάσης
1620 1286 1812 1339 προθυμίας
1842 1286 2009 1339 παρέχειν
2030 1284 2294 1335 σπουδάζωμεν,
2323 1285 2383 1323 καὶ

1363 1349 1572 1402 σπείρωμεν,
1592 1351 1638 1392 ὡς
1656 1349 1706 1387 ἔτι
1725 1349 1864 1400 καιρὸς,
1897 1347 1985 1398 μετὰ
2014 1346 2194 1399 δαψιλείας
2207 1377 2216 1394 ,
2244 1345 2301 1384 ἵνα
2324 1345 2384 1383 καὶ

1364 1413 1452 1462 μετὰ
1482 1410 1662 1463 δαψιλείας
1683 1409 1888 1461 θερίσωμεν.
1906 1408 1950 1448 Ὁ
1976 1409 2126 1462 σπείρων
2154 1407 2243 1460 γὰρ,
2275 1407 2379 1459 φησὶ,

1364 1472 1574 1525 φειδομένως
1589 1502 1598 1520 ,
1619 1471 1828 1524 φειδομένως
1850 1470 1910 1509 καὶ
1939 1470 2078 1522 θερίσει.
2102 1469 2250 1521 Ἀφειδεῖ
2270 1467 2383 1505 τοίνυν

1363 1537 1405 1584 τῇ
1432 1533 1524 1585 χειρὶ
1551 1532 1830 1582 καταὸάλλωμεν
1855 1532 1900 1570 τὰ
1924 1532 2016 1570 καλὰ
2038 1535 2148 1569 ταῦτα
2176 1527 2384 1581 σπέρματα,

1359 1594 1416 1633 ἵνα
1438 1597 1472 1632 ἐν
1490 1597 1602 1646 καιρῷ
1623 1592 1712 1644 μετὰ
1732 1593 1911 1644 δαψιλείας
1926 1593 2127 1646 θερίσωμεν.
2142 1593 2214 1630 Νῦν
2238 1590 2299 1641 μὲν
2317 1590 2385 1641 γάρ

1359 1657 1452 1694 ἐστιν
1476 1658 1493 1693 ὁ
1515 1659 1576 1693 τοῦ
1601 1654 1731 1706 σπόρου
1762 1654 1903 1705 καιρὸς,
1936 1654 1972 1693 ὃν
2005 1653 2053 1705 μὴ
2084 1651 2386 1705 παραδράμωμεν,

1358 1717 1553 1767 παρακαλῶ
1568 1745 1578 1764 ,
1601 1714 1657 1752 ἵνα
1674 1717 1707 1752 ἐν
1726 1718 1768 1765 τῇ
1789 1717 1851 1761 τῆς
1867 1715 2132 1757 ἀνταποδόσεως
2149 1716 2218 1751 τῶν
2235 1715 2386 1751 ἐνταῦθα

1355 1777 1555 1828 σπαρέντων
1580 1776 1697 1828 ἡμέρᾳ
1708 1806 1718 1823 ,
1735 1776 1811 1820 τοὺς
1828 1776 1980 1828 καρποὺς
1997 1775 2275 1828 ἀποδρεψώμεθα
2295 1804 2305 1821 ,
2324 1770 2384 1811 καὶ

1359 1840 1420 1884 τῆς
1453 1836 1550 1891 παρὰ
1581 1840 1641 1874 τοῦ
1673 1836 1851 1876 Δεσπότου
1879 1836 2140 1890 φιλανθρωπίας
2173 1835 2385 1884 ἀξιωθῶμεν.

1359 1897 1471 1937 Οὐδὲν
1503 1897 1592 1950 γὰρ,
1624 1897 1721 1936 οὐδὲν
1747 1897 1862 1951 ἕτερον
1890 1901 1959 1936 τῶν
1984 1897 2266 1950 κατορθωμάτων
2297 1895 2386 1934 οὕτω

1359 1958 1546 2005 δυνήσεται
1557 1958 1679 1998 σὸέο-αι
1696 1961 1764 1996 τῶν
1780 1959 2045 2013 ἁμαρτημάτων
2059 1962 2160 2010 ἡμῶν
2176 1957 2239 2005 τὴν
2254 1957 2381 2010 πυρὰν,

1361 2022 1406 2063 ὡς
1425 2023 1443 2066 ἡ
1460 2022 1523 2065 τῆς
1537 2019 1771 2070 ἐλεημοσύνης
1796 2020 1968 2072 δαψίλεια.
1985 2020 2080 2067 Αὕτη
2099 2020 2159 2058 καὶ
2179 2023 2247 2058 τῶν
2263 2023 2379 2071 ἡμαρ-

1361 2082 1521 2132 τημένων
1539 2085 1623 2131 ἡμῖν
1642 2081 1699 2118 τὸν
1723 2083 1918 2133 ἀφανισμὸν
1938 2083 2141 2135 ἐργάζεται,
2168 2081 2228 2120 καὶ
2250 2083 2388 2133 παῤῥη-

1363 2142 1440 2185 σίας
1459 2145 1544 2192 ἡμῖν
1561 2139 1722 2192 πρόξενος
1736 2141 1891 2193 γίνεται,
1906 2142 1965 2181 καὶ
1984 2146 2052 2180 τῶν
2073 2141 2279 2194 ἀπορρήτων
2303 2141 2389 2179 ἐκεί-

1363 2220 1430 2242 νων
1468 2205 1606 2255 ἇγαθῶν
1641 2202 1705 2249 τὴν
1749 2203 1941 2242 ἀπόλαυσιν
1972 2202 2245 2256 προευτρεπίζει.
2283 2203 2389 2241 Ἀλλὰ

1365 2269 1473 2302 ταῦτα
1491 2264 1552 2316 μὲν
1573 2268 1700 2308 ἱκανῶς
1720 2265 1854 2317 εἴρηται
1871 2265 1957 2316 πρὸς
1973 2264 2034 2311 τὴν
2054 2263 2221 2315 ὑμετέραν
2241 2278 2389 2316 προτρο-

1365 2325 1449 2373 πὴν,
1468 2327 1528 2364 καὶ
1548 2326 1633 2379 πρὸς
1652 2326 1691 2364 τὸ
1711 2326 1837 2372 δεῖξαι,
1856 2325 1908 2363 δ’τι
1930 2325 2038 2377 μικρὰ
2057 2325 2205 2368 διδόντες
2227 2324 2388 2376 μεγάλων

1369 2386 1554 2436 ἀξιούμεθα
1581 2386 1677 2439 παρὰ
1703 2390 1762 2425 τοῦ
1793 2385 1981 2424 Δεσπότου.
2006 2386 2184 2424 Ἐντεῦθεν
2211 2385 2278 2437 γὰρ
2305 2389 2390 2436 ἡμῖν

1370 2448 1428 2486 καὶ
1453 2451 1470 2486 ὁ
1497 2447 1596 2499 λόγος
1626 2449 1711 2500 πρὸς
1737 2448 1799 2494 τὴν
1830 2451 1892 2494 τῆς
1922 2446 2157 2497 ἐλεημοσύνης
2187 2445 2390 2498 παραίνεσιν

1370 2509 1587 2556 ἐξεκυλίσθη·
1621 2509 1740 2555 ἐπειδὴ
1776 2509 1873 2560 *γὰρ
1903 2508 2078 2560 ἐλέγομεν,
2097 2507 2151 2546 ὅτι
2178 2507 2301 2558 μέρους
2327 2509 2391 2557 γῆς

1371 2570 1634 2623 παραχωρήσας
1658 2574 1676 2608 ὁ
1703 2570 1942 2622 πατριάρχης,
1967 2569 2027 2607 καὶ
2059 2568 2098 2606 τὸ
2125 2567 2308 2606 κάλλιστον
2330 2569 2391 2612 τῆς

1372 2632 1487 2684 χώρας
1504 2631 1692 2684 προέμενος
1715 2633 1765 2683 τῷ
1785 2630 1886 2678 Λὼτ,
1912 2630 1972 2668 καὶ
1999 2629 2060 2676 τὴν
2089 2627 2307 2680 φαυλοτάτην
2326 2629 2390 2678 γῆν

1374 2692 1533 2742 ἑλόμενος
1553 2694 1664 2743 ἑαυτῷ
1682 2691 1852 2736 τοσαύτης
1874 2689 2003 2737 ἠξιώθη
2021 2692 2082 2735 τῆς
2106 2688 2202 2740 παρὰ
2223 2692 2282 2726 τοῦ
2300 2689 2392 2726 Θεοῦ

1375 2752 1595 2805 φιλοτιμίας,
1623 2755 1669 2794 ὡς
1688 2751 1908 2804 ὑπερὸαίνειν
1923 2751 2036 2788 πάντα
2056 2753 2131 2788 νοῦν
2160 2749 2219 2787 καὶ
2240 2749 2392 2787 διάνοιαν

1375 2814 1436 2861 τὴν
1454 2814 1641 2865 ὑπόσχεσιν
1657 2813 1719 2860 τὴν
1740 2812 1837 2865 παρὰ
1851 2816 1910 2851 τοῦ
1928 2813 2019 2851 Θεοῦ
2052 2813 2099 2855 εἷς
2124 2811 2225 2849 αὐτὸν
2253 2825 2394 2861 γεγενη-

1377 2875 1496 2925 μένην.
1521 2874 1732 2926 Ἂναδλέψας
1759 2874 1847 2924 γὰρ,
1868 2873 1972 2924 φησὶ,
2001 2879 2071 2916 τοῖς
2095 2874 2283 2925 ὀφθαλμοῖς
2312 2885 2394 2916 σου,

1375 2937 1424 2973 ἴδε
1452 2934 1519 2973 ἀπὸ
1544 2939 1602 2972 τοῦ
1632 2934 1739 2972 τόπου
1755 2964 1764 2981 ,
1790 2928 1827 2971 οῧ
1850 2933 1890 2972 σὺ
1918 2928 1950 2972 εἶ’
1973 2938 2042 2982 νῦν,
2074 2935 2160 2986 πρὸς
2180 2937 2306 2987 βορρᾶν
2336 2935 2395 2972 καὶ

1373 2996 1500 3033 ῃλίὸα·
1533 2994 1585 3032 ὅτι
1614 3001 1729 3032 πᾶσαν
1758 2994 1820 3041 τὴν
1850 2998 1928 3046 γῆν,
1958 2995 1999 3040 ἢν
2029 2993 2070 3032 σὺ
2090 2997 2194 3047 ὁρᾷς,
2222 2995 2275 3034 σοὶ
2295 2995 2395 3033 δώσω

1328 3092 1359 3117 [⁴4
1374 3056 1480 3102 αὐτὴν
1503 3056 1627 3107 καὶτῷ
1651 3055 1828 3107 σπέρματί
1851 3071 1910 3094 σου
1931 3055 1994 3099 ἕως
2010 3057 2143 3099 αἰῶνος.
2166 3055 2282 3106 Μέρος
2301 3056 2392 3106 γῆςῖ,

347 3112 542 3150 soeculum.
571 3111 674 3147 Parte
707 3119 821 3161 terrae,
856 3111 985 3162 inquit,
1015 3112 1149 3151 cessisti
1179 3114 1298 3152 fratris
1324 3127 1348 3155 Λ
1373 3117 1479 3169 φησὶ,
1498 3116 1755 3168 παρεχώρησας
1771 3119 1820 3167 τῷ
1838 3116 2034 3167 ἀδελφιδῷ·
2059 3115 2128 3154 ἰδοὺ
2157 3116 2226 3168 ἐγὼ
2244 3117 2395 3164 ὁλόκλη-

394 3229 409 3244 ⁸
426 3225 581 3269 [Omittit
597 3231 656 3271 γάρ
669 3226 754 3261 Cod.
769 3227 907 3262 Coislin.
925 3235 960 3261 η’*
978 3230 1048 3272 65.]

395 3291 407 3303 ¹·
424 3281 503 3313 Post.
526 3283 593 3313 λίέκ
618 3290 700 3311 unus
720 3279 814 3311 addit
840 3286 886 3313 καὶ
902 3286 1050 3317 ἀνατολάς
1074 3288 1121 3316 καὶ
1140 3287 1304 3324 θάλασσαν,
1325 3290 1357 3315 ct

1390 3233 1435 3264 ita
1452 3231 1526 3274 legit
1546 3241 1637 3265 votus
1652 3234 1830 3276 interpres.
