2483 3791
97 462 160 490 Gen
187 474 214 493 2.

300 203 384 231 110

294 283 422 320 iterum
437 279 473 318 in
485 278 644 318 medium
665 279 872 327 afferantur,
895 293 974 330 quae
989 293 1033 316 cx
1046 278 1149 316 beato
1165 279 1243 316 Mo-

293 356 330 381 se
346 351 428 380 sunt
446 342 550 391 lecta,
584 349 624 377 ut
652 340 771 377 fructu
801 339 882 376 inde
911 338 1072 383 collecto,
1097 337 1245 374 domum

295 402 412 441 redire
439 401 557 439 liceat.
585 400 758 446 Quaenam
774 397 976 450 igitu1·h:ec
1001 396 1086 446 sint,
1111 395 1244 433 audia—

295 476 389 501 mus.
407 463 447 499 l4.
465 463 542 498 Hic
551 468 606 498 est
624 460 735 507 liber,
749 457 1150 508 inquit7generationis
1160 455 1246 493 eceli

295 531 333 561 et
349 531 460 560 terroe
495 519 782 572 quandosacta
815 525 905 555 sunt
926 531 936 553 .·
968 529 1044 568 quo
1063 516 1126 553 die
1141 516 1246 567 fecit

297 584 403 620 Deus
431 581 567 618 coelmn
588 587 626 617 et
645 587 803 625 terram,
831 576 867 615 5.
896 585 933 614 et
952 590 1065 614 omne
1097 576 1247 628 virgul-

297 651 378 680 tum
397 644 495 693 agri,
518 648 729 691 antequam
749 641 916 676 oriretur
946 648 1059 689 super
1087 646 1244 684 terram,

297 715 524 754 omnemque
537 702 694 738 herbam
709 701 811 751 agr-z]
827 700 1055 750 priusquam
1072 700 1247 736 oriretur.

297 765 392 803 Non
405 765 507 801 enim
523 762 679 814 pluerat
694 761 802 798 Deus
819 773 933 812 super
947 768 1104 806 terram,
1130 767 1167 796 et
1182 759 1248 796 ho-

298 838 360 864 mo
375 838 453 861 non
469 831 553 861 erat
568 825 635 875 qui
649 822 790 860 coleret
805 830 961 859 terram.
985 821 1022 858 6.
1047 821 1155 858 Fons
1183 833 1250 857 aa·

299 895 375 924 tem
388 885 623 923 ascendebat
641 884 689 920 de
705 891 822 928 terra,
844 890 881 919 et
894 882 1083 932 irrigabat
1097 882 1251 918 univer-

298 959 383 984 sam
393 946 547 999 faciem
562 952 684 982 terrae.
702 941 895 981 Considera
909 941 1000 978 mihi
1024 955 1161 989 rursus,
1187 939 1252 977 ob-

299 1020 411 1057 secro,
430 1004 655 1043 admirabilis
678 1003 786 1055 hujus
806 1002 986 1054 prophetae
1023 1000 1249 1052 sapientiam,

302 1068 374 1104 imo
389 1065 501 1104 sancti
517 1064 674 1117 Spiritus
699 1063 912 1100 doctrinam.
939 1062 1033 1098 Nam
1061 1069 1252 1112 postquam

299 1127 402 1165 nobis
413 1142 476 1179 per
487 1136 605 1179 partes
628 1124 806 1163 enarravit
840 1131 1018 1161 creaturas
1057 1135 1192 1171 omne5‚
1219 1129 1253 1159 et

300 1202 363 1226 sex
380 1187 522 1225 dierum
544 1185 772 1239 pertractavit
795 1197 916 1236 opera,
941 1192 975 1221 et
1006 1183 1252 1220 formationem

299 1247 468 1297 hominis,
481 1256 764 1300 potestatemque
779 1244 982 1283 visibilium
1011 1243 1177 1282 omnium
1198 1243 1253 1281 illi

300 1323 512 1357 concessam,
530 1321 625 1345 nunc
638 1307 769 1345 iterum
787 1305 995 1344 summatim
1019 1305 1138 1342 omnia
1153 1318 1253 1357 repe-

300 1378 387 1418 tens,
402 1369 518 1420 inquit
535 1383 544 1404 ·.
558 1369 635 1406 Hic
651 1376 708 1406 est
721 1368 824 1405 liber
834 1368 1098 1419 generationis
1119 1366 1206 1403 coeli
1218 1374 1254 1404 et

301 1438 424 1478 ter-rae,
445 1430 602 1482 quando
623 1430 737 1482 faeta
751 1437 855 1467 sunt.
879 1428 1005 1480 Operae
1024 1426 1179 1479 pretium
1195 1426 1255 1464 hic

300 1490 614 1541 fueritinquirere,
640 1503 750 1540 quare
780 1488 968 1540 Scriptura
999 1487 1135 1524 librum
1158 1486 1256 1524 hunc

300 1552 483 1590 vocaverit
502 1550 580 1589 caeli
596 1559 629 1588 et
648 1559 763 1599 terrae,
779 1549 945 1600 quamvis
974 1548 1088 1586 multa
1118 1548 1188 1586 alia
1216 1547 1254 1585 in

301 1626 339 1650 se
365 1612 555 1660 contineat,
569 1620 603 1649 et
619 1610 743 1649 doceat
761 1624 822 1648 nos
838 1610 909 1648 alia
932 1609 1106 1662 plurima,
1129 1623 1255 1662 nempe

301 1673 534 1726 dejustorum
559 1671 756 1711 virtutihus
771 1680 940 1721 tractans,
959 1670 1005 1709 de
1035 1670 1256 1721 benignitate

303 1735 384 1785 Dei,
419 1734 534 1785 deque
573 1733 811 1785 indulgentia,
846 1747 955 1784 quam
985 1746 1068 1784 erga
1100 1732 1256 1784 primum

304 1806 461 1835 creatum
480 1796 662 1834 hominem
674 1804 708 1833 et
729 1808 833 1832 omne
851 1794 1051 1831 humanum
1072 1807 1182 1845 genus
1193 1807 1256 1832 ex-

303 1857 425 1895 hibuit
445 1872 452 1893 :
470 1866 504 1895 et
516 1856 562 1894 de
573 1856 654 1893 aliis
666 1855 803 1905 multis,
829 1869 908 1905 quae
937 1854 1049 1906 hujus
1081 1854 1254 1907 temporis

305 1933 374 1958 non
393 1918 502 1956 fuerit
517 1916 709 1956 declarare.
742 1917 795 1954 Ne
818 1916 974 1962 mireris,
1000 1915 1128 1953 dilecte
1148 1932 1155 1951 :
1182 1929 1258 1954 mos

305 1982 400 2019 enim
418 1980 478 2018 hic
500 1989 551 2018 est
576 1993 683 2018 sacrae
714 1978 923 2030 Scriptum,
957 1986 997 2015 ut
1019 1991 1089 2015 non
1127 1976 1259 2027 ubique

304 2042 424 2080 omnia
438 2039 682 2094 particulatim
707 2040 862 2088 enarret;
886 2037 949 2076 sed
979 2052 1061 2076 cum
1090 2051 1144 2087 ea,
1179 2051 1257 2088 quae

305 2103 462 2155 plurima
474 2102 770 2154 complectuntur,
785 2100 904 2137 dicere
918 2099 1078 2151 coeperit‚
1093 2098 1256 2136 conside-

306 2163 415 2201 randa
426 2161 790 2213 relinquatsequentia
799 2159 855 2209 iis,
865 2159 928 2210 qui
937 2159 1104 2197 studiosis
1111 2159 1258 2196 auribus

306 2224 489 2276 excipiunt
507 2237 547 2261 ea
562 2236 638 2273 quae
655 2222 837 2260 dicuntur.
862 2221 908 2258 Et
919 2229 958 2257 ut
981 2219 1098 2257 djscas
1118 2232 1193 2256 rem
1208 2219 1257 2256 ita

307 2299 395 2335 csse⁷
407 2284 446 2322 id
457 2284 578 2337 palam
590 2283 718 2321 faciam
733 2297 780 2321 ex
793 2281 851 2319 his
861 2295 939 2332 quae
955 2294 1049 2318 nunc
1065 2289 1146 2320 sunt
1158 2280 1258 2318 lecta.

308 2347 402 2384 Ecce
419 2347 514 2384 enim
530 2345 564 2383 in
579 2344 839 2397 superioribus⁷
857 2351 1049 2395 postquam
1064 2355 1127 2379 nos
1137 2340 1262 2379 divina

309 2408 494 2460 Scriptura
508 2406 755 2445 formationem
778 2404 940 2443 omnium
976 2403 1181 2441 minutatim
1197 2402 1261 2440 do-

309 2469 397 2516 cuit,
415 2483 510 2507 nunc
525 2482 595 2506 non
625 2467 787 2506 omnium
814 2465 990 2513 meminit,
1024 2464 1087 2504 scd
1121 2464 1274 2515 inquit:v

311 2531 388 2567 Ilio
397 2538 451 2567 est
467 2530 563 2567 liber
571 2530 832 2580 generationis
850 2527 936 2565 caeli
949 2535 985 2564 et
998 2534 1121 2573 terroe,
1140 2539 1264 2578 quan-

311 2591 361 2628 do
374 2592 488 2643 facta
503 2599 594 2628 sunt
613 2605 622 2625 :
640 2604 715 2642 quo
730 2590 902 2642 diefecit
924 2589 1032 2626 Deus
1060 2587 1198 2626 coelum
1226 2594 1261 2624 et

315 2661 472 2699 terram,
494 2659 678 2690 etcaetera.

370 2970 404 3004 Ξ.
424 2966 554 3006 Viden'
573 2965 750 3017 quomodo
773 2974 890 3002 totum
908 2976 1104 3002 sermonem
1132 2961 1177 2999 ad
1197 2975 1262 2999 eat-

317 3029 390 3065 lum
407 3036 439 3065 et
455 3036 581 3064 terrani
595 3026 783 3075 convertit,
803 3040 848 3063 ex
861 3025 932 3063 illis
945 3025 1013 3062 alia
1030 3023 1146 3062 omnia
1163 3022 1265 3060 nobis

318 3088 513 3127 contuenda
535 3088 756 3138 relinquens?
779 3088 870 3124 Cum
883 3100 966 3138 ergo
986 3085 1074 3125 dicit
1091 3084 1215 3122 crolum
1236 3091 1269 3120 ct

318 3159 585 3197 terranbomnes
598 3158 774 3186 creaturas
784 3148 890 3186 simul
907 3145 1267 3199 coinprehendit‚taiu

317 3225 374 3247 eas
389 3224 466 3260 quie
485 3209 517 3246 in
539 3209 637 3257 caio,
653 3223 761 3259 quam
782 3223 861 3259 quae
877 3209 911 3246 in
927 3217 1030 3246 terra.
1045 3207 1144 3246 Sicut
1161 3205 1270 3256 igitur

324 3273 358 3309 in
381 3271 599 3310 enarratione
616 3280 856 3309 creaturarum
875 3284 944 3309 non
965 3269 1080 3309 omnia
1103 3268 1268 3318 deinceps

361 3389 370 3402 1
390 3375 500 3408 (Iodvx
519 3387 601 3408 unus
618 3379 722 3410 &2267
736 3387 799 3409 τῶι,

720 182 766 228 sl
795 197 982 229 somnus
1018 197 1262 227 cnanosr.

1302 198 1508 228 ARCfflEP.
1547 198 1909 229 CONSTANTINOP.

1319 279 1365 321 ὡς
1388 278 1445 316 τὸν
1466 277 1658 325 ἐπιτήδειον
1686 279 1804 331 καιρὸν
1823 280 2127 332 παραδραμοῧσιν·
2157 279 2247 317 οὕτω
2267 281 2340 327 νῦν,

1319 337 1438 384 ἐπειδὴ
1460 337 1568 387 μηδὲν
1593 339 1872 391 παραλέλειπται
1888 342 1957 377 τῶν
1976 342 2025 383 εἷς
2040 339 2184 390 δύναμιν
2212 339 2338 390 ἡμετέ-

1323 413 1396 448 ραν,
1413 397 1502 436 ἀλλὰ
1526 399 1583 437 τὸν
1612 401 1674 444 τῆς
1700 399 1924 444 διδασκαλίας
1946 399 2048 451 λόγον
2078 400 2340 450 ἐποιησάμεθα,

1321 457 1380 496 καὶ
1405 457 1445 496 τὸ
1469 458 1630 511 ἀργύριον
1659 459 1910 510 κατεδάλομεν,
1934 461 1992 499 καὶ
2020 460 2064 498 τὰ
2094 460 2280 512 σπέρματα
2297 463 2340 513 τῇ

1321 520 1365 570 γῇ
1390 518 1500 571 ταύτῃ
1524 521 1568 570 τῇ
1587 523 1807 571 πνευματικῇ
1834 521 2166 572 παρα-κατεθέμεθα,
2193 520 2343 559 ἀκόλου-

1323 579 1380 617 θόν
1400 581 1473 617 ἐστι
1490 579 1595 617 πάλιν
1616 578 1660 617 τὰ
1678 579 1776 631 παρὰ
1793 584 1853 618 τοῦ
1874 581 2046 634 μακαρίου
2065 581 2245 624 Μωῦσέως
2262 583 2344 619 ἀνα-

1323 641 1521 697 γνωσθέντα
1549 642 1597 684 εἰς
1618 640 1723 691 μέσον
1745 644 1946 691 προθεῖναι,
1965 641 2023 679 ἵνα
2036 642 2076 679 τὸ
2091 643 2123 687 ἐξ
2140 645 2252 680 αὐτῶν
2268 642 2346 695 κε’ρ-

1325 701 1380 744 δος
1419 716 1691 752 καρπωσαμενοι
1705 730 1715 747 ,
1755 701 1862 744 οὕτως
1895 701 2013 740 οἴκαδε
2048 702 2345 755 ἀναχωρήσωμεν.

1322 761 1414 800 Τίνα
1446 766 1503 800 οὖν
1530 763 1637 809 ἐστιν,
1667 761 1882 812 ἀκούσωμεν.
1912 761 2008 810 Αὕτη
2026 767 2047 810 ἡ
2073 763 2210 814 βίὸλος,
2239 763 2345 815 φησὶ,

1325 838 1491 897 γενεσεως
1519 825 1664 874 οὐρανοῦ
1684 838 1722 860 τε
1744 822 1803 860 καὶ
1819 825 1904 874 γῆς,
1926 825 1983 861 ὅτε
2015 823 2166 876 ἐγένετο·
2188 829 2210 875 ἦ
2229 840 2347 877 ημερα

1326 882 1487 929 ἐποίησεν
1517 886 1534 921 ὃ
1558 884 1648 927 Θεὸς
1666 899 1724 921 τον
1741 884 1883 935 οὐρανὸν
1910 883 1970 922 καὶ
1992 885 2055 930 τὴν
2080 887 2159 936 γῆν,
2189 885 2249 922 καὶ
2277 891 2348 923 πᾶν

1325 944 1463 995 >ot->pov
1489 945 1618 997 ἀγροῦ,
1640 945 1707 998 πρὸ
1733 949 1792 982 τοῦ
1819 945 1979 995 γενέσθαι
2006 946 2063 983 ἐπι
2083 961 2145 991 της
2173 962 2259 996 γης,
2290 945 2350 982 καὶ

1326 1004 1442 1041 πάντα
1474 1004 1598 1057 χόρτον
1627 1008 1756 1057 ἀγροῦ,
1788 1006 1857 1058 πρὸ
1887 1021 1946 1043 του
1980 1007 2171 1044 ἀνατεῖλαι.
2203 1008 2256 1044 Οὐ
2282 1005 2350 1058 γὰρ

1327 1063 1462 1116 ἔδρεξεν
1485 1067 1502 1102 ὃ
1522 1065 1610 1139 (θερς
1635 1066 1691 1104 ἐπι
1720 1065 1784 1111 τὴν
1814 1081 1892 1116 γην,
1923 1066 1983 1104 καὶ
2011 1066 2189 1119 ἄνθρωπος
2219 1069 2280 1105 οὐκ
2308 1071 2350 1114 ἠν

1329 1125 1532 1176 ἐργάζεσθαι
1549 1141 1612 1172 την
1637 1124 1715 1176 'Ym-
1740 1125 1887 1176 Πηγη
1869 1125 1904 1162 οὲ
1923 1126 2136 1164 &vifoetvev’
2121 1143 2160 1165 εκ
2186 1130 2248 1174 τ’ἧς
2267 1129 2352 1179 γῆς,

1328 1186 1387 1223 καὶ
1412 1186 1550 1230 ἐπότιζε
1575 1193 1646 1224 πᾶν
1674 1187 1714 1224 τὸ
1741 1186 1928 1240 πρόσωπον
1947 1189 2009 1232 τῆς
2027 1190 2102 1239 γῆς.
2130 1189 2264 1226 Σκόπει
2293 1205 2352 1240 μοι

1327 1247 1434 1285 πάλιν
1452 1253 1513 1286 τοῦ
1538 1251 1739 1299 θαυμαστοῦ
1766 1247 1885 1286 τούτου
1916 1248 2096 1300 προφήτου
2123 1247 2187 1296 τὴν
2204 1248 2352 1297 σύνεσιν,

1329 1310 1462 1358 μᾶλλον
1495 1307 1532 1346 δὲ
1563 1311 1622 1346 τοῦ
1654 1308 1752 1359 ἁγίου
1784 1307 1989 1359 Πνεύματος
2017 1308 2081 1355 τὴν
2112 1310 2353 1348 διδασκαλίαν.

1328 1369 1431 1408 Μετὰ
1452 1369 1579 1422 γὰρτὸ
1598 1369 1831 1420 διηγήσασθαι
1854 1373 1939 1420 ἡμῖν
1964 1369 2056 1408 κατὰ
2089 1370 2191 1422 μέρος
2217 1370 2262 1408 τὰ
2292 1374 2355 1417 τ’ἥς

1328 1431 1555 1484 δημιουργίας
1574 1431 1736 1479 ἅπαντα,
1765 1430 1824 1468 καὶ
1850 1430 1895 1468 τὰ
1922 1430 2007 1483 ἔργα
2027 1434 2096 1469 τῶν
2125 1431 2161 1475 ἓξ
2184 1432 2353 1470 ἱιδιελθεῖν

1328 1495 1482 1544 ἡμερῶν,
1501 1492 1561 1530 καὶ
1579 1491 1642 1539 τὴν
1660 1496 1719 1530 τοῦ
1747 1491 1928 1543 ἀνθρώπου
1946 1491 2190 1544 δημιουργίαν,
2211 1493 2271 1530 καὶ
2290 1492 2354 1540 τὴν

1329 1554 1484 1599 ἐξουσίαν
1506 1554 1568 1602 τὴν
1594 1557 1878 1606 παρασχεθεῖσαν
1900 1554 1994 1605 αὐτῷ
2018 1553 2158 1591 πάντων
2177 1557 2245 1592 τῶν
2269 1559 2354 1607 ὁρω-

1331 1615 1457 1667 μένων,
1469 1619 1526 1652 νῧν
1541 1615 1646 1653 πάλιν
1661 1613 2020 1666 ἀνακεφαλαιούμενος
2035 1613 2079 1652 τὰ
2094 1614 2225 1663 πάντα,
2239 1616 2356 1668 φησίν·

1329 1676 1461 1722 Αὕτη“
1445 1692 1466 1722 η
1491 1675 1609 1727 βίὸλος
1627 1674 1793 1728 γενέσεως
1811 1676 1957 1727 οὐρανοῦ
1971 1691 2009 1713 τε
2029 1675 2088 1713 καὶ
2104 1691 2187 1726 γης,
2209 1675 2266 1714 ὅτε
2277 1677 2356 1754 ³3²73-

1330 1753 1417 1776 νετο.
1420 1736 1562 1781 Ἄξιον’
1547 1754 1603 1776 εντ
1606 1741 1694 1775 α’ῦθα
1707 1739 1794 1782 ζη’“
1752 1751 1870 1784 τησαι,
1881 1735 1972 1780 τίνος
1987 1737 2100 1774 ἕνεκεν
2114 1737 2197 1812 βίί)
2199 1753 2234 1776 ον
2250 1738 2356 1786 αὐτην

1330 1799 1430 1837 καλεῖ
1457 1799 1599 1850 οὐρανοῦ
1627 1813 1664 1835 τε
1690 1797 1750 1835 καὶ
1772 1800 1856 1847 γῆς,
1882 1796 1995 1835 καίτοι
2027 1797 2177 1835 πολλὰ“
2165 1796 2267 1850 ε’τερα
2294 1801 2356 1845 τ’ἦς

1332 1859 1453 1912 βίὸλου
1474 1860 1726 1911 περιεχούσης,
1742 1858 1802 1896 καὶ
1822 1857 2050 1905 διδασκούσης
2062 1861 2175 1908 ἡμᾶς,
2199 1858 2258 1897 καὶ
2275 1860 2356 1912 περὶ

1333 1921 1460 1974 ἑτέρων
1484 1921 1666 1968 πλειόνων,
1686 1920 1746 1958 καὶ
1765 1919 1846 1972 περὶ
1864 1922 1927 1965 τῆς
1956 1922 2026 1957 τῶν
2047 1918 2189 1957 δικαίων
2211 1922 2354 1973 ἀρετῆς,

1332 1982 1392 2020 καὶ
1411 1982 1492 2035 περὶ
1505 1985 1568 2029 τῆς
1584 1985 1643 2020 τοῦ
1659 1983 1750 2020 Θεοῦ
1772 1979 2048 2032 φιλανθρωπίας,
2068 1980 2128 2018 καὶ
2143 1983 2207 2026 τῆς
2228 1997 2357 2032 συγκα-

1332 2044 1534 2091 ταὲοίσεως,
1555 2043 1597 2089 ἣν
1614 2041 1812 2086 ἐπεδείξατο
1828 2041 1908 2092 περί
1925 2057 1963 2079 τε
1985 2041 2042 2078 τὸν
2064 2040 2356 2093 πρωτόπλαστον,

1333 2104 1392 2142 καὶ
1410 2104 1491 2155 περὶ
1511 2104 1602 2141 ἅπαν
1619 2103 1658 2140 τὸ
1677 2105 1746 2140 τῶν
1762 2100 1953 2153 ἀνθριῖ)πιι)ν
1970 2101 2083 2151 γένος,
2104 2101 2163 2139 καὶ
2184 2102 2266 2153 περὶ
2284 2102 2358 2140 ἑτέ-

1335 2181 1401 2216 ρων
1422 2164 1456 2203 δὲ
1471 2166 1623 2210 πολλῶν,
1645 2163 1735 2214 ἅπερ
1760 2165 1822 2199 οὐκ
1842 2162 1881 2199 ἂν
1909 2161 1962 2208 εἴη
1992 2166 2051 2200 τοῦ
2078 2161 2248 2215 παρόντος
2275 2179 2359 2201 και-

2184 2223 2258 2267 ἔθος
2292 2224 2360 2276 γὰρ

1334 2291 1434 2324 τοῦτο
1452 2289 1494 2337 τῇ
1518 2284 1592 2336 θείᾳ
1613 2286 1735 2336 Γραφῇ
1750 2314 1760 2332 ,
1779 2282 1827 2334 μὴ
1845 2287 2023 2335 πανταχοῦ
2043 2283 2134 2322 κατὰ
2155 2284 2257 2336 μέρος
2274 2288 2359 2336 ἡμῖν

2120 2222 2129 2235 Ι

1337 2230 1394 2279 ροῦ
1423 2224 1639 2272 καταλέγειν.
1674 2222 1736 2269 Μὴ
1766 2222 1939 2270 ξενισθῇς,
1967 2225 2149 2270 ἀγαπητε·

1338 2347 1476 2385 ἅπαντα
1505 2347 1719 2397 διηγεῖσθαι,
1750 2345 1828 2383 ἀλλ’
1857 2345 1927 2383 ἀπὸ
1954 2347 2022 2383 τῶν
2054 2346 2360 2384 συνεκτικωτάτων

1339 2406 1538 2459 ἀρχομένην
1564 2405 1844 2456 καταλιμπάνειν
1871 2405 1914 2442 τὰ
1943 2405 2021 2452 ἑξῆς
2050 2411 2192 2443 σκοπεῖν
2211 2412 2282 2449 τοῖς
2302 2408 2360 2445 εὐ-

1338 2469 1511 2520 γνώμοσιν
1539 2469 1659 2511 ἀκοαῖς
1689 2466 1887 2519 δεγομενοις
1915 2466 1958 2503 τὰ
1989 2466 2173 2518 λεγόμενα.
2205 2467 2274 2505 Καὶ
2305 2466 2361 2505 ἵνα

1342 2530 1471 2581 μάθῃς,
1501 2530 1554 2568 ὅτι
1586 2533 1686 2566 τοῦτο
1715 2527 1821 2571 οὕτως
1856 2528 1960 2575 ἐστιν,
1992 2527 2027 2571 ἐξ
2063 2529 2175 2565 αὐτῶν
2203 2531 2272 2566 τῶν
2305 2532 2361 2566 ν’ῠν

1341 2590 1609 2641 ἀνεγνιι)σμέ)ιι>ν
1628 2593 1730 2627 τοῦτο
1747 2590 1879 2634 δτ,λον’
1868 2594 1947 2637 υμῖν
1967 2588 2126 2638 καθίστη
2121 2603 2171 2625 υ..ι
2189 2588 2278 2626 Ἰδου
2295 2588 2363 2641 γὰρ

1341 2655 1374 2690 ἐν
1395 2657 1465 2696 τοῖς
1481 2654 1570 2704 προ)
1574 2651 1697 2689 αβουσι
1723 2650 1890 2694 διδάξασα
1910 2652 2003 2700 ἡμᾶς
2022 2652 2044 2695 ἡ
2062 2649 2136 2686 Οεία
2158 2650 2186 2686 l
2190 2649 2281 2701 ραφὴ
2301 2651 2363 2697 τὴν
2361 2696 2374 2701 μ

1340 2713 1430 2751 κατὰ
1469 2713 1571 2764 μέρος
1611 2711 1766 2750 εποίντων
1799 2709 2042 2762 δημιουργίαν,
2069 2726 2127 2748 νυν
2161 2712 2198 2748 οὐ
2223 2726 2363 2749 παντων

1341 2775 1534 2825 μέμνηται,
1569 2772 1660 2811 ἀλλά
1692 2787 1818 2823 φησιν·
1860 2770 1957 2817 Αὕτη
1990 2774 2012 2815 ἡ
2049 2770 2167 2821 βίὸλος
2199 2770 2364 2820 γενέσεως

1340 2837 1484 2887 οὐρανοῦ
1504 2851 1541 2872 τε
1563 2833 1622 2872 καὶ
1641 2836 1722 2885 γῆς,
1749 2832 1804 2870 ὅτε
1827 2832 1961 2883 ἐγένετο
1975 2847 1983 2854 ·
2004 2826 2028 2883 ἧ
2056 2831 2171 2884 ἡμέρα
2200 2832 2363 2879 ἐποίησεν

1340 2900 1357 2935 ὁ
1376 2898 1464 2940 Θεὸς
1479 2896 1535 2934 τὸν
1552 2895 1694 2947 οὐρανὸν
1713 2894 1772 2932 καὶ
1787 2893 1849 2940 τὴν
1871 2896 1948 2944 γῆν,
1969 2892 2028 2931 καὶ
2040 2892 2084 2930 τὰ
2101 2892 2190 2938 ἑξῆς.

1394 2957 1502 3010 τΟρᾷς
1522 2958 1596 3000 πῶς
1620 2955 1735 2994 πάντα
1761 2954 1818 2992 τὸν
1847 2954 1948 3004 λόγον
1976 2956 2022 2997 εἷς
2046 2953 2104 2991 τὸν
2131 2953 2274 3005 οὐρανὸν
2306 2954 2367 2992 καὶ

1341 3019 1404 3065 τὴν
1424 3021 1487 3070 γῆν
1507 3016 1746 3069 περιστρέφει,
1768 3018 1852 3066 ἡμῖν
1874 3015 2186 3064 καταλιμπάιουσα
2220 3016 2258 3051 ἐκ
2288 3014 2364 3052 τού-

1342 3095 1410 3118 των
1428 3079 1543 3117 πάντα
1565 3078 1608 3116 τὰ
1623 3079 1714 3116 offla
1731 3078 1895 3122 cuv2r31v3
1910 3075 2026 3114 ‘'Omv
2042 3075 2108 3127 γὰρ
2125 3075 2204 3126 εἴπη
2223 3076 2365 3125 ουρανὸν

1343 3158 1401 3179 και
1420 3157 1522 3191 γην,
1512 3140 1600 3178 πάντ
1606 3155 1626 3176 α
1645 3141 1730 3189 ὁμοῦ
1757 3153 1834 3175 συντ
1821 3139 1971 3198 -λουσαὲ
1962 3141 2052 3181 tm,
2072 3151 2149 3174 τατ
2137 3152 2167 3173 ε
2182 3151 2216 3172 εν
2237 3151 2279 3181 tr
2299 3139 2362 3187 γῇ,

1344 3202 1424 3240 τά·
1414 3218 1442 3239 ε
1462 3202 1496 3238 ἐν
1525 3203 1574 3237 ni
1602 3201 1746 3252 οὐρανι.)
1768 3198 1911 3249 ‘'ste-sp
1931 3200 1988 3234 οὖν
2019 3196 2074 3234 ἐπὶ
2109 3211 2169 3242 της
2203 3212 2270 3234 των
2305 3198 2365 3243 δ·-Γ,

1346 3263 1615 3315 μιουργηυ.οἱτιι)ν
1646 3260 1836 3310 διηνησεως
1865 3260 1901 3296 οὗ
1933 3274 2047 3296 παντα
2076 3257 2175 3295 καθε
2165 3273 2221 3304 ;·r,;
2250 3258 2362 3309 λέγει,
