<?xml version="1.0" encoding="UTF-8"?>
<!DOCTYPE html PUBLIC "-//W3C//DTD XHTML 1.0 Transitional//EN"
    "http://www.w3.org/TR/xhtml1/DTD/xhtml1-transitional.dtd">
<html xmlns="http://www.w3.org/1999/xhtml" xml:lang="en" lang="en">
 <head>
  <title>
</title>
<meta http-equiv="Content-Type" content="text/html;charset=utf-8" />
  <meta name='ocr-system' content='tesseract 3.04.00' />
  <meta name='ocr-capabilities' content='ocr_page ocr_carea ocr_par ocr_line ocrx_word'/>
</head>
<body>
  <div class='ocr_page' id='page_1' title='image "./operaomniaquaeex04johnuoft_0582.png"; bbox 0 0 2516 3791; ppageno 0'>
   <div class='ocr_carea' id='block_1_1' title="bbox 126 889 153 906">
    <p class='ocr_par' dir='ltr' id='par_1_1' title="bbox 126 889 153 906">
     <span class='ocr_line' id='line_1_1' title="bbox 126 889 153 906; baseline 0.074 -2"><span class='ocrx_word' id='word_1_1' title='bbox 126 889 153 906; x_wconf 78' lang='lat' dir='ltr'><strong>V·</strong></span> 
     </span>
    </p>
   </div>
   <div class='ocr_carea' id='block_1_2' title="bbox 171 879 221 908">
    <p class='ocr_par' dir='ltr' id='par_1_2' title="bbox 171 879 221 908">
     <span class='ocr_line' id='line_1_2' title="bbox 171 879 221 908; baseline -0.04 0"><span class='ocrx_word' id='word_1_2' title='bbox 171 879 221 908; x_wconf 82' lang='lat'><strong>30.</strong></span> 
     </span>
    </p>
   </div>
   <div class='ocr_carea' id='block_1_3' title="bbox 332 165 801 214">
    <p class='ocr_par' dir='ltr' id='par_1_3' title="bbox 332 165 801 214">
     <span class='ocr_line' id='line_1_3' title="bbox 332 165 801 214; baseline 0.004 -2"><span class='ocrx_word' id='word_1_3' title='bbox 332 165 423 212; x_wconf 79' lang='lat'><strong>562</strong></span> <span class='ocrx_word' id='word_1_4' title='bbox 763 183 801 214; x_wconf 86' lang='lat' dir='ltr'><strong>s.</strong></span> 
     </span>
    </p>
   </div>
   <div class='ocr_carea' id='block_1_4' title="bbox 323 263 1327 1347">
    <p class='ocr_par' dir='ltr' id='par_1_4' title="bbox 323 263 1327 1152">
     <span class='ocr_line' id='line_1_4' title="bbox 329 263 1279 315; baseline -0.001 -13"><span class='ocrx_word' id='word_1_5' title='bbox 329 278 398 302; x_wconf 90' lang='lat' dir='ltr'><strong>non</strong></span> <span class='ocrx_word' id='word_1_6' title='bbox 420 279 465 303; x_wconf 81' lang='lat' dir='ltr'><strong>ex</strong></span> <span class='ocrx_word' id='word_1_7' title='bbox 485 264 598 303; x_wconf 87' lang='lat' dir='ltr'><strong>aliena</strong></span> <span class='ocrx_word' id='word_1_8' title='bbox 616 264 723 304; x_wconf 90' lang='lat' dir='ltr'><strong>domo</strong></span> <span class='ocrx_word' id='word_1_9' title='bbox 741 266 880 315; x_wconf 88' lang='lat' dir='ltr'><strong>venire,</strong></span> <span class='ocrx_word' id='word_1_10' title='bbox 901 265 962 303; x_wconf 85' lang='lat' dir='ltr'><strong>sed</strong></span> <span class='ocrx_word' id='word_1_11' title='bbox 980 266 1125 302; x_wconf 75' lang='lat' dir='ltr'><strong>fratrem</strong></span> <span class='ocrx_word' id='word_1_12' title='bbox 1140 263 1279 301; x_wconf 89' lang='lat' dir='ltr'><strong>Nacho-</strong></span> 
     </span>
     <span class='ocr_line' id='line_1_5' title="bbox 330 322 1282 376; baseline -0.002 -14"><span class='ocrx_word' id='word_1_13' title='bbox 330 325 380 362; x_wconf 88' lang='lat' dir='ltr'><strong>ris</strong></span> <span class='ocrx_word' id='word_1_14' title='bbox 403 339 475 363; x_wconf 88' lang='lat' dir='ltr'><strong>esse</strong></span> <span class='ocrx_word' id='word_1_15' title='bbox 493 339 575 362; x_wconf 87' lang='lat' dir='ltr'><strong>eum</strong></span> <span class='ocrx_word' id='word_1_16' title='bbox 591 325 653 376; x_wconf 90' lang='lat' dir='ltr'><strong>qui</strong></span> <span class='ocrx_word' id='word_1_17' title='bbox 672 326 743 363; x_wconf 90' lang='lat' dir='ltr'><strong>huc</strong></span> <span class='ocrx_word' id='word_1_18' title='bbox 759 340 794 363; x_wconf 91' lang='lat' dir='ltr'><strong>se</strong></span> <span class='ocrx_word' id='word_1_19' title='bbox 811 325 976 362; x_wconf 82' lang='lat' dir='ltr'>misisset.</span> <span class='ocrx_word' id='word_1_20' title='bbox 1000 324 1085 362; x_wconf 87' lang='lat' dir='ltr'><strong>Haec</strong></span> <span class='ocrx_word' id='word_1_21' title='bbox 1104 323 1166 361; x_wconf 89' lang='lat' dir='ltr'><strong>ubi</strong></span> <span class='ocrx_word' id='word_1_22' title='bbox 1185 322 1282 360; x_wconf 73' lang='lat' dir='ltr'><strong>didi-</strong></span> 
     </span>
     <span class='ocr_line' id='line_1_6' title="bbox 331 384 1278 436; baseline -0.002 -14"><span class='ocrx_word' id='word_1_23' title='bbox 331 384 379 422; x_wconf 88' lang='lat' dir='ltr'><strong>cit</strong></span> <span class='ocrx_word' id='word_1_24' title='bbox 397 386 459 424; x_wconf 61' lang='lat' dir='ltr'><strong>a&amp;</strong></span> <span class='ocrx_word' id='word_1_25' title='bbox 475 385 618 422; x_wconf 83' lang='lat' dir='ltr'><strong>Puella</strong></span> <span class='ocrx_word' id='word_1_26' title='bbox 628 415 640 431; x_wconf 92' lang='lat'><strong>,</strong></span> <span class='ocrx_word' id='word_1_27' title='bbox 661 399 742 422; x_wconf 88' lang='lat' dir='ltr'><strong>cum</strong></span> <span class='ocrx_word' id='word_1_28' title='bbox 757 399 884 435; x_wconf 87' lang='lat' dir='ltr'><strong>magna</strong></span> <span class='ocrx_word' id='word_1_29' title='bbox 898 385 1082 436; x_wconf 83' lang='lat' dir='ltr'><strong>voluptate</strong></span> <span class='ocrx_word' id='word_1_30' title='bbox 1096 385 1278 430; x_wconf 79' lang='lat' dir='ltr'><em>cucurrit,</em></span> 
     </span>
     <span class='ocr_line' id='line_1_7' title="bbox 329 443 1282 496; baseline -0.001 -14"><span class='ocrx_word' id='word_1_31' title='bbox 329 445 458 496; x_wconf 87' lang='lat' dir='ltr'><strong>inquit.</strong></span> <span class='ocrx_word' id='word_1_32' title='bbox 479 445 576 483; x_wconf 83' lang='lat' dir='ltr'><strong>Vide</strong></span> <span class='ocrx_word' id='word_1_33' title='bbox 588 444 766 494; x_wconf 91' lang='lat' dir='ltr'><strong>quomodo</strong></span> <span class='ocrx_word' id='word_1_34' title='bbox 787 444 822 481; x_wconf 91' lang='lat' dir='ltr'><strong>in</strong></span> <span class='ocrx_word' id='word_1_35' title='bbox 839 444 991 495; x_wconf 85' lang='lat' dir='ltr'><strong>singulis</strong></span> <span class='ocrx_word' id='word_1_36' title='bbox 1009 443 1164 482; x_wconf 89' lang='lat' dir='ltr'><strong>declaret</strong></span> <span class='ocrx_word' id='word_1_37' title='bbox 1179 443 1282 481; x_wconf 89' lang='lat' dir='ltr'><strong>nobis</strong></span> 
     </span>
     <span class='ocr_line' id='line_1_8' title="bbox 328 504 1280 557; baseline 0 -14"><span class='ocrx_word' id='word_1_38' title='bbox 328 505 579 557; x_wconf 79' lang='lat' dir='ltr'><strong>hospitalitatis</strong></span> <span class='ocrx_word' id='word_1_39' title='bbox 599 504 816 542; x_wconf 83' lang='lat' dir='ltr'><strong>alacritatem</strong></span> <span class='ocrx_word' id='word_1_40' title='bbox 829 534 839 552; x_wconf 92' lang='lat'><strong>,</strong></span> <span class='ocrx_word' id='word_1_41' title='bbox 860 519 966 543; x_wconf 90' lang='lat' dir='ltr'><strong>cursu</strong></span> <span class='ocrx_word' id='word_1_42' title='bbox 978 535 989 555; x_wconf 93' lang='lat'><strong>,</strong></span> <span class='ocrx_word' id='word_1_43' title='bbox 1018 505 1159 551; x_wconf 78' lang='lat' dir='ltr'><strong>verbis,</strong></span> <span class='ocrx_word' id='word_1_44' title='bbox 1180 519 1280 543; x_wconf 92' lang='lat' dir='ltr'><strong>man-</strong></span> 
     </span>
     <span class='ocr_line' id='line_1_9' title="bbox 327 565 1281 618; baseline 0.002 -15"><span class='ocrx_word' id='word_1_45' title='bbox 327 566 523 603; x_wconf 85' lang='lat' dir='ltr'><strong>suetudine.</strong></span> <span class='ocrx_word' id='word_1_46' title='bbox 547 567 725 603; x_wconf 81' lang='lat' dir='ltr'><strong>Cucurrit</strong></span> <span class='ocrx_word' id='word_1_47' title='bbox 741 565 853 614; x_wconf 90' lang='lat' dir='ltr'><strong>enim,</strong></span> <span class='ocrx_word' id='word_1_48' title='bbox 867 566 995 618; x_wconf 87' lang='lat' dir='ltr'><strong>inquit,</strong></span> <span class='ocrx_word' id='word_1_49' title='bbox 1013 575 1049 605; x_wconf 90' lang='lat' dir='ltr'><strong>et</strong></span> <span class='ocrx_word' id='word_1_50' title='bbox 1068 570 1281 605; x_wconf 83' lang='lat' dir='ltr'><strong>annuntia-</strong></span> 
     </span>
     <span class='ocr_line' id='line_1_10' title="bbox 330 627 1276 679; baseline 0.004 -17"><span class='ocrx_word' id='word_1_51' title='bbox 330 629 381 663; x_wconf 78' lang='lat' dir='ltr'><strong>vit</strong></span> <span class='ocrx_word' id='word_1_52' title='bbox 414 629 455 662; x_wconf 83' lang='grc' dir='ltr'><strong>ιίι</strong></span> <span class='ocrx_word' id='word_1_53' title='bbox 485 627 597 662; x_wconf 90' lang='lat' dir='ltr'><strong>domo</strong></span> <span class='ocrx_word' id='word_1_54' title='bbox 628 629 763 664; x_wconf 85' lang='lat' dir='ltr'><strong>matris</strong></span> <span class='ocrx_word' id='word_1_55' title='bbox 792 640 870 664; x_wconf 82' lang='lat' dir='ltr'><strong>suae</strong></span> <span class='ocrx_word' id='word_1_56' title='bbox 883 629 1003 679; x_wconf 66' lang='lat' dir='ltr'><strong>juxta</strong></span> <span class='ocrx_word' id='word_1_57' title='bbox 1029 630 1152 665; x_wconf 85' lang='lat' dir='ltr'><strong>verba</strong></span> <span class='ocrx_word' id='word_1_58' title='bbox 1180 629 1276 666; x_wconf 76' lang='lat' dir='ltr'><strong>Izoec.</strong></span> 
     </span>
     <span class='ocr_line' id='line_1_11' title="bbox 329 687 1280 740; baseline 0.003 -17"><span class='ocrx_word' id='word_1_59' title='bbox 329 688 469 724; x_wconf 85' lang='lat' dir='ltr'><strong>Omnia</strong></span> <span class='ocrx_word' id='word_1_60' title='bbox 488 701 573 738; x_wconf 81' lang='lat' dir='ltr'><strong>quoe</strong></span> <span class='ocrx_word' id='word_1_61' title='bbox 592 687 794 724; x_wconf 80' lang='lat' dir='ltr'><strong>audiverat</strong></span> <span class='ocrx_word' id='word_1_62' title='bbox 814 702 834 724; x_wconf 92' lang='lat' dir='ltr'><strong>a</strong></span> <span class='ocrx_word' id='word_1_63' title='bbox 855 700 973 735; x_wconf 88' lang='lat' dir='ltr'><strong>servo,</strong></span> <span class='ocrx_word' id='word_1_64' title='bbox 1005 688 1213 740; x_wconf 87' lang='lat' dir='ltr'><strong>parentibus</strong></span> <span class='ocrx_word' id='word_1_65' title='bbox 1229 689 1280 726; x_wconf 87' lang='lat' dir='ltr'><strong>si—</strong></span> 
     </span>
     <span class='ocr_line' id='line_1_12' title="bbox 325 747 1283 799; baseline 0.005 -16"><span class='ocrx_word' id='word_1_66' title='bbox 325 747 522 798; x_wconf 82' lang='lat' dir='ltr'><strong>gnificavit.</strong></span> <span class='ocrx_word' id='word_1_67' title='bbox 544 748 606 785; x_wconf 66' lang='grc'><strong>99.</strong></span> <span class='ocrx_word' id='word_1_68' title='bbox 627 748 681 784; x_wconf 90' lang='lat' dir='ltr'><strong>Et</strong></span> <span class='ocrx_word' id='word_1_69' title='bbox 703 751 893 794; x_wconf 79' lang='lat' dir='ltr'><strong><em>cucurrit,</em></strong></span> <span class='ocrx_word' id='word_1_70' title='bbox 916 748 1050 799; x_wconf 89' lang='lat' dir='ltr'><strong>inquit,</strong></span> <span class='ocrx_word' id='word_1_71' title='bbox 1070 751 1208 787; x_wconf 86' lang='lat' dir='ltr'><strong>Laban</strong></span> <span class='ocrx_word' id='word_1_72' title='bbox 1227 751 1283 787; x_wconf 87' lang='lat' dir='ltr'><strong>ad</strong></span> 
     </span>
     <span class='ocr_line' id='line_1_13' title="bbox 327 809 1280 860; baseline 0.004 -16"><span class='ocrx_word' id='word_1_73' title='bbox 327 809 648 859; x_wconf 79' lang='lat' dir='ltr'><strong>hominemsoras</strong></span> <span class='ocrx_word' id='word_1_74' title='bbox 668 809 723 844; x_wconf 92' lang='lat' dir='ltr'><strong>ad</strong></span> <span class='ocrx_word' id='word_1_75' title='bbox 728 809 900 860; x_wconf 85' lang='lat' dir='ltr'><strong>sontem.</strong></span> <span class='ocrx_word' id='word_1_76' title='bbox 927 809 1023 848; x_wconf 86' lang='lat' dir='ltr'><strong>Vide</strong></span> <span class='ocrx_word' id='word_1_77' title='bbox 1048 810 1228 860; x_wconf 90' lang='lat' dir='ltr'><strong>quomodo</strong></span> <span class='ocrx_word' id='word_1_78' title='bbox 1247 820 1280 848; x_wconf 90' lang='lat' dir='ltr'><strong>et</strong></span> 
     </span>
     <span class='ocr_line' id='line_1_14' title="bbox 326 867 1279 909; baseline 0.002 -3"><span class='ocrx_word' id='word_1_79' title='bbox 326 869 385 906; x_wconf 86' lang='lat' dir='ltr'><strong>hie</strong></span> <span class='ocrx_word' id='word_1_80' title='bbox 408 883 512 906; x_wconf 85' lang='lat' dir='ltr'><strong>cursu</strong></span> <span class='ocrx_word' id='word_1_81' title='bbox 532 867 750 905; x_wconf 84' lang='lat' dir='ltr'><strong>desiderium</strong></span> <span class='ocrx_word' id='word_1_82' title='bbox 769 883 875 907; x_wconf 89' lang='lat' dir='ltr'><strong>suum</strong></span> <span class='ocrx_word' id='word_1_83' title='bbox 897 879 1079 908; x_wconf 88' lang='lat' dir='ltr'><strong>monstret.</strong></span> <span class='ocrx_word' id='word_1_84' title='bbox 1100 870 1147 908; x_wconf 91' lang='lat' dir='ltr'><strong>Et</strong></span> <span class='ocrx_word' id='word_1_85' title='bbox 1165 880 1204 908; x_wconf 91' lang='lat' dir='ltr'><strong>ut</strong></span> <span class='ocrx_word' id='word_1_86' title='bbox 1222 871 1279 909; x_wconf 83' lang='lat' dir='ltr'><strong>vi-</strong></span> 
     </span>
     <span class='ocr_line' id='line_1_15' title="bbox 325 929 1278 981; baseline 0.002 -15"><span class='ocrx_word' id='word_1_87' title='bbox 325 930 378 967; x_wconf 86' lang='lat' dir='ltr'><strong>dit</strong></span> <span class='ocrx_word' id='word_1_88' title='bbox 395 929 576 966; x_wconf 78' lang='lat' dir='ltr'><strong>hominem</strong></span> <span class='ocrx_word' id='word_1_89' title='bbox 592 937 742 966; x_wconf 89' lang='lat' dir='ltr'><strong>stantem</strong></span> <span class='ocrx_word' id='word_1_90' title='bbox 761 929 858 981; x_wconf 88' lang='lat' dir='ltr'><strong>apud</strong></span> <span class='ocrx_word' id='word_1_91' title='bbox 875 930 1008 967; x_wconf 86' lang='lat' dir='ltr'><strong>fontem</strong></span> <span class='ocrx_word' id='word_1_92' title='bbox 1024 944 1107 968; x_wconf 89' lang='lat' dir='ltr'><strong>cum</strong></span> <span class='ocrx_word' id='word_1_93' title='bbox 1123 931 1278 981; x_wconf 87' lang='lat' dir='ltr'><strong>camelis,</strong></span> 
     </span>
     <span class='ocr_line' id='line_1_16' title="bbox 323 991 1279 1043; baseline 0.002 -16"><span class='ocrx_word' id='word_1_94' title='bbox 323 992 386 1028; x_wconf 77' lang='lat'><strong>51.</strong></span> <span class='ocrx_word' id='word_1_95' title='bbox 426 992 539 1027; x_wconf 73' lang='lat' dir='ltr'><strong>Dixit</strong></span> <span class='ocrx_word' id='word_1_96' title='bbox 569 993 605 1026; x_wconf 84' lang='lat' dir='ltr'><strong>ei</strong></span> <span class='ocrx_word' id='word_1_97' title='bbox 619 1005 630 1025; x_wconf 90' lang='lat'><em>:</em></span> <span class='ocrx_word' id='word_1_98' title='bbox 652 991 772 1036; x_wconf 78' lang='lat' dir='ltr'><strong>Veni,</strong></span> <span class='ocrx_word' id='word_1_99' title='bbox 805 992 1003 1043; x_wconf 82' lang='lat' dir='ltr'><strong>ingredere</strong></span> <span class='ocrx_word' id='word_1_100' title='bbox 1015 1007 1030 1035; x_wconf 90' lang='lat'><em>;</em></span> <span class='ocrx_word' id='word_1_101' title='bbox 1061 992 1279 1029; x_wconf 81' lang='lat' dir='ltr'><strong>benedictus</strong></span> 
     </span>
     <span class='ocr_line' id='line_1_17' title="bbox 324 1053 1327 1104; baseline 0 -15"><span class='ocrx_word' id='word_1_102' title='bbox 324 1053 515 1089; x_wconf 82' lang='lat' dir='ltr'><strong>Dominus</strong></span> <span class='ocrx_word' id='word_1_103' title='bbox 540 1066 550 1086; x_wconf 92' lang='grc'><strong>.·</strong></span> <span class='ocrx_word' id='word_1_104' title='bbox 571 1064 639 1088; x_wconf 81' lang='lat' dir='ltr'><strong>cur</strong></span> <span class='ocrx_word' id='word_1_105' title='bbox 660 1053 766 1104; x_wconf 84' lang='lat' dir='ltr'><strong>soris</strong></span> <span class='ocrx_word' id='word_1_106' title='bbox 797 1053 962 1089; x_wconf 78' lang='lat' dir='ltr'><strong>stetisti?</strong></span> <span class='ocrx_word' id='word_1_107' title='bbox 993 1053 1078 1103; x_wconf 83' lang='lat' dir='ltr'><strong>Ego</strong></span> <span class='ocrx_word' id='word_1_108' title='bbox 1109 1053 1280 1103; x_wconf 73' lang='lat' dir='ltr'><strong>disposui</strong></span> <span class='ocrx_word' id='word_1_109' title='bbox 1303 1071 1327 1100; x_wconf 90' lang='lat' dir='ltr'>B</span> 
     </span>
     <span class='ocr_line' id='line_1_18' title="bbox 324 1112 1280 1152; baseline 0.001 -2"><span class='ocrx_word' id='word_1_110' title='bbox 324 1114 481 1150; x_wconf 83' lang='lat' dir='ltr'><strong>domum</strong></span> <span class='ocrx_word' id='word_1_111' title='bbox 500 1121 536 1149; x_wconf 93' lang='lat' dir='ltr'><strong>et</strong></span> <span class='ocrx_word' id='word_1_112' title='bbox 555 1112 680 1149; x_wconf 79' lang='lat' dir='ltr'><strong>locum</strong></span> <span class='ocrx_word' id='word_1_113' title='bbox 703 1113 874 1150; x_wconf 87' lang='lat' dir='ltr'><strong>camelis.</strong></span> <span class='ocrx_word' id='word_1_114' title='bbox 900 1113 996 1152; x_wconf 88' lang='lat' dir='ltr'><strong>Vide</strong></span> <span class='ocrx_word' id='word_1_115' title='bbox 1015 1122 1047 1150; x_wconf 92' lang='lat' dir='ltr'><strong>et</strong></span> <span class='ocrx_word' id='word_1_116' title='bbox 1066 1113 1162 1150; x_wconf 87' lang='lat' dir='ltr'><strong>hunc</strong></span> <span class='ocrx_word' id='word_1_117' title='bbox 1177 1113 1280 1151; x_wconf 89' lang='lat' dir='ltr'><strong>bene-</strong></span> 
     </span>
    </p>

    <p class='ocr_par' dir='ltr' id='par_1_5' title="bbox 324 1172 1278 1225">
     <span class='ocr_line' id='line_1_19' title="bbox 324 1172 1278 1225; baseline 0.001 -15"><span class='ocrx_word' id='word_1_118' title='bbox 324 1172 500 1210; x_wconf 76' lang='lat' dir='ltr'><strong>dicentem</strong></span> <span class='ocrx_word' id='word_1_119' title='bbox 519 1174 635 1209; x_wconf 85' lang='lat' dir='ltr'><strong>Deum</strong></span> <span class='ocrx_word' id='word_1_120' title='bbox 667 1173 703 1210; x_wconf 90' lang='lat' dir='ltr'><strong>in</strong></span> <span class='ocrx_word' id='word_1_121' title='bbox 735 1172 890 1211; x_wconf 83' lang='lat' dir='ltr'><strong>adventu</strong></span> <span class='ocrx_word' id='word_1_122' title='bbox 921 1173 1118 1225; x_wconf 85' lang='lat' dir='ltr'><strong>peregrini,</strong></span> <span class='ocrx_word' id='word_1_123' title='bbox 1138 1183 1171 1211; x_wconf 91' lang='lat' dir='ltr'><strong>et</strong></span> <span class='ocrx_word' id='word_1_124' title='bbox 1189 1188 1278 1225; x_wconf 90' lang='lat' dir='ltr'><strong>quo-</strong></span> 
     </span>
    </p>

    <p class='ocr_par' dir='ltr' id='par_1_6' title="bbox 323 1232 1276 1286">
     <span class='ocr_line' id='line_1_20' title="bbox 323 1232 1276 1286; baseline 0.001 -15"><span class='ocrx_word' id='word_1_125' title='bbox 323 1232 431 1271; x_wconf 90' lang='lat' dir='ltr'><strong>modo</strong></span> <span class='ocrx_word' id='word_1_126' title='bbox 456 1242 642 1283; x_wconf 87' lang='lat' dir='ltr'><strong>antequam</strong></span> <span class='ocrx_word' id='word_1_127' title='bbox 661 1233 941 1285; x_wconf 86' lang='lat' dir='ltr'><strong>hospitalitatem</strong></span> <span class='ocrx_word' id='word_1_128' title='bbox 961 1234 1126 1286; x_wconf 87' lang='lat' dir='ltr'><strong>impleret</strong></span> <span class='ocrx_word' id='word_1_129' title='bbox 1153 1248 1276 1286; x_wconf 86' lang='lat' dir='ltr'><strong>opere,</strong></span> 
     </span>
    </p>

    <p class='ocr_par' dir='ltr' id='par_1_7' title="bbox 324 1293 1279 1347">
     <span class='ocr_line' id='line_1_21' title="bbox 324 1293 1279 1347; baseline 0.002 -17"><span class='ocrx_word' id='word_1_130' title='bbox 324 1293 449 1331; x_wconf 86' lang='lat' dir='ltr'><strong>multis</strong></span> <span class='ocrx_word' id='word_1_131' title='bbox 476 1307 558 1330; x_wconf 90' lang='lat' dir='ltr'><strong>eum</strong></span> <span class='ocrx_word' id='word_1_132' title='bbox 576 1293 738 1331; x_wconf 85' lang='lat' dir='ltr'><strong>hortatus</strong></span> <span class='ocrx_word' id='word_1_133' title='bbox 757 1303 821 1331; x_wconf 88' lang='lat' dir='ltr'><strong>est.</strong></span> <span class='ocrx_word' id='word_1_134' title='bbox 847 1295 964 1340; x_wconf 86' lang='lat' dir='ltr'><strong>Veni,</strong></span> <span class='ocrx_word' id='word_1_135' title='bbox 987 1294 1123 1345; x_wconf 85' lang='lat' dir='ltr'><strong>inquit,</strong></span> <span class='ocrx_word' id='word_1_136' title='bbox 1153 1298 1279 1347; x_wconf 76' lang='lat' dir='ltr'><strong>ingre-</strong></span> 
     </span>
    </p>
   </div>
   <div class='ocr_carea' id='block_1_5' title="bbox 838 184 1023 215">
    <p class='ocr_par' dir='ltr' id='par_1_8' title="bbox 838 184 1023 215">
     <span class='ocr_line' id='line_1_22' title="bbox 838 184 1023 215; baseline 0.005 -1"><span class='ocrx_word' id='word_1_137' title='bbox 838 184 1023 215; x_wconf 75' lang='lat' dir='ltr'>JOANNIS</span> 
     </span>
    </p>
   </div>
   <div class='ocr_carea' id='block_1_6' title="bbox 1294 261 1341 326">
    <p class='ocr_par' dir='ltr' id='par_1_9' title="bbox 1294 261 1341 326">
     <span class='ocr_line' id='line_1_23' title="bbox 1294 261 1341 288; baseline -0.085 0"><span class='ocrx_word' id='word_1_138' title='bbox 1294 261 1341 288; x_wconf 68' lang='lat'><strong>487</strong></span> 
     </span>
     <span class='ocr_line' id='line_1_24' title="bbox 1305 298 1331 326; baseline 0 0"><span class='ocrx_word' id='word_1_139' title='bbox 1305 298 1331 326; x_wconf 86' lang='lat' dir='ltr'>A</span> 
     </span>
    </p>
   </div>
   <div class='ocr_carea' id='block_1_7' title="bbox 324 1354 1279 1590">
    <p class='ocr_par' dir='ltr' id='par_1_10' title="bbox 324 1354 1279 1590">
     <span class='ocr_line' id='line_1_25' title="bbox 324 1354 1279 1406; baseline 0.002 -15"><span class='ocrx_word' id='word_1_140' title='bbox 324 1356 412 1392; x_wconf 86' lang='lat' dir='ltr'><strong>dere</strong></span> <span class='ocrx_word' id='word_1_141' title='bbox 432 1370 445 1391; x_wconf 85' lang='lat'><strong>.·</strong></span> <span class='ocrx_word' id='word_1_142' title='bbox 462 1355 538 1405; x_wconf 88' lang='lat' dir='ltr'><strong>jam</strong></span> <span class='ocrx_word' id='word_1_143' title='bbox 557 1354 651 1391; x_wconf 90' lang='lat' dir='ltr'><strong>enim</strong></span> <span class='ocrx_word' id='word_1_144' title='bbox 677 1356 908 1406; x_wconf 77' lang='lat' dir='ltr'><strong>Praeparavi</strong></span> <span class='ocrx_word' id='word_1_145' title='bbox 926 1356 1080 1392; x_wconf 81' lang='lat' dir='ltr'><strong>domum</strong></span> <span class='ocrx_word' id='word_1_146' title='bbox 1100 1364 1136 1393; x_wconf 88' lang='lat' dir='ltr'><strong>et</strong></span> <span class='ocrx_word' id='word_1_147' title='bbox 1153 1356 1279 1393; x_wconf 82' lang='lat' dir='ltr'><strong>locum</strong></span> 
     </span>
     <span class='ocr_line' id='line_1_26' title="bbox 325 1414 1277 1467; baseline 0.004 -16"><span class='ocrx_word' id='word_1_148' title='bbox 325 1415 496 1452; x_wconf 84' lang='lat' dir='ltr'><strong>camelis.</strong></span> <span class='ocrx_word' id='word_1_149' title='bbox 520 1414 657 1452; x_wconf 87' lang='lat' dir='ltr'><strong>Deinde</strong></span> <span class='ocrx_word' id='word_1_150' title='bbox 676 1415 832 1467; x_wconf 83' lang='lat' dir='ltr'><strong>ingresso</strong></span> <span class='ocrx_word' id='word_1_151' title='bbox 852 1430 911 1466; x_wconf 89' lang='lat' dir='ltr'><strong>eo,</strong></span> <span class='ocrx_word' id='word_1_152' title='bbox 944 1416 1059 1466; x_wconf 89' lang='lat' dir='ltr'><strong>inquit</strong></span> <span class='ocrx_word' id='word_1_153' title='bbox 1081 1432 1088 1453; x_wconf 92' lang='lat'>:</span> <span class='ocrx_word' id='word_1_154' title='bbox 1110 1418 1174 1455; x_wconf 60' lang='lat'><strong>52.</strong></span> <span class='ocrx_word' id='word_1_155' title='bbox 1194 1419 1277 1455; x_wconf 88' lang='lat' dir='ltr'><strong>De—</strong></span> 
     </span>
     <span class='ocr_line' id='line_1_27' title="bbox 325 1476 1273 1530; baseline 0.004 -19"><span class='ocrx_word' id='word_1_156' title='bbox 325 1478 466 1512; x_wconf 82' lang='lat' dir='ltr'><strong>stravit</strong></span> <span class='ocrx_word' id='word_1_157' title='bbox 495 1476 662 1513; x_wconf 87' lang='lat' dir='ltr'><strong>camelos</strong></span> <span class='ocrx_word' id='word_1_158' title='bbox 682 1485 718 1513; x_wconf 87' lang='lat' dir='ltr'><strong>et</strong></span> <span class='ocrx_word' id='word_1_159' title='bbox 740 1477 846 1513; x_wconf 83' lang='lat' dir='ltr'><strong>dedit</strong></span> <span class='ocrx_word' id='word_1_160' title='bbox 865 1477 1020 1528; x_wconf 82' lang='lat' dir='ltr'><strong>paleas,</strong></span> <span class='ocrx_word' id='word_1_161' title='bbox 1044 1478 1248 1530; x_wconf 80' lang='lat' dir='ltr'><strong>etfoenum</strong></span> <span class='ocrx_word' id='word_1_162' title='bbox 1262 1508 1273 1524; x_wconf 87' lang='lat'><strong>,</strong></span> 
     </span>
     <span class='ocr_line' id='line_1_28' title="bbox 325 1537 1110 1590; baseline 0.006 -19"><span class='ocrx_word' id='word_1_163' title='bbox 325 1543 362 1572; x_wconf 86' lang='lat' dir='ltr'><strong>et</strong></span> <span class='ocrx_word' id='word_1_164' title='bbox 380 1549 525 1588; x_wconf 81' lang='lat' dir='ltr'><strong>aquam</strong></span> <span class='ocrx_word' id='word_1_165' title='bbox 538 1565 550 1581; x_wconf 87' lang='lat'><strong>,</strong></span> <span class='ocrx_word' id='word_1_166' title='bbox 578 1545 620 1573; x_wconf 86' lang='lat' dir='ltr'><strong>ut</strong></span> <span class='ocrx_word' id='word_1_167' title='bbox 640 1537 868 1574; x_wconf 75' lang='lat' dir='ltr'><strong>lavarentur</strong></span> <span class='ocrx_word' id='word_1_168' title='bbox 885 1539 1002 1590; x_wconf 86' lang='lat' dir='ltr'><strong>pedes</strong></span> <span class='ocrx_word' id='word_1_169' title='bbox 1016 1540 1110 1590; x_wconf 79' lang='lat' dir='ltr'><strong>ejus.</strong></span> 
     </span>
    </p>
   </div>
   <div class='ocr_carea' id='block_1_8' title="bbox 323 1726 1332 3233">
    <p class='ocr_par' dir='ltr' id='par_1_11' title="bbox 323 1726 1332 3233">
     <span class='ocr_line' id='line_1_29' title="bbox 379 1726 1277 1778; baseline 0.004 -15"><span class='ocrx_word' id='word_1_170' title='bbox 379 1727 413 1763; x_wconf 88' lang='lat'><strong>5.</strong></span> <span class='ocrx_word' id='word_1_171' title='bbox 436 1726 532 1765; x_wconf 85' lang='lat' dir='ltr'><strong>Vide</strong></span> <span class='ocrx_word' id='word_1_172' title='bbox 553 1726 734 1777; x_wconf 88' lang='lat' dir='ltr'><strong>quomodo</strong></span> <span class='ocrx_word' id='word_1_173' title='bbox 753 1726 791 1765; x_wconf 91' lang='lat' dir='ltr'><strong>hi</strong></span> <span class='ocrx_word' id='word_1_174' title='bbox 819 1727 883 1778; x_wconf 90' lang='lat' dir='ltr'><strong>qui</strong></span> <span class='ocrx_word' id='word_1_175' title='bbox 909 1727 1028 1766; x_wconf 88' lang='lat' dir='ltr'><strong>adhuc</strong></span> <span class='ocrx_word' id='word_1_176' title='bbox 1049 1741 1165 1766; x_wconf 88' lang='lat' dir='ltr'><strong>errore</strong></span> <span class='ocrx_word' id='word_1_177' title='bbox 1184 1737 1277 1767; x_wconf 84' lang='lat' dir='ltr'><strong>tene-</strong></span> 
     </span>
     <span class='ocr_line' id='line_1_30' title="bbox 323 1787 1327 1841; baseline 0.004 -17"><span class='ocrx_word' id='word_1_178' title='bbox 323 1787 470 1835; x_wconf 84' lang='lat' dir='ltr'><strong>bantur,</strong></span> <span class='ocrx_word' id='word_1_179' title='bbox 495 1801 662 1838; x_wconf 85' lang='lat' dir='ltr'><strong>magnam</strong></span> <span class='ocrx_word' id='word_1_180' title='bbox 687 1787 941 1840; x_wconf 83' lang='lat' dir='ltr'><strong>hospitalitatis</strong></span> <span class='ocrx_word' id='word_1_181' title='bbox 961 1803 1082 1826; x_wconf 89' lang='lat' dir='ltr'><strong>curam</strong></span> <span class='ocrx_word' id='word_1_182' title='bbox 1109 1790 1274 1841; x_wconf 85' lang='lat' dir='ltr'><strong>agebant.</strong></span> <span class='ocrx_word' id='word_1_183' title='bbox 1303 1793 1327 1824; x_wconf 93' lang='lat' dir='ltr'>C</span> 
     </span>
     <span class='ocr_line' id='line_1_31' title="bbox 325 1848 1274 1903; baseline 0.004 -19"><span class='ocrx_word' id='word_1_184' title='bbox 325 1849 378 1885; x_wconf 90' lang='lat' dir='ltr'><strong>Et</strong></span> <span class='ocrx_word' id='word_1_185' title='bbox 397 1848 501 1885; x_wconf 82' lang='lat' dir='ltr'><strong>dedit</strong></span> <span class='ocrx_word' id='word_1_186' title='bbox 521 1862 685 1900; x_wconf 76' lang='lat' dir='ltr'><strong>aquam,</strong></span> <span class='ocrx_word' id='word_1_187' title='bbox 723 1857 764 1886; x_wconf 82' lang='lat' dir='ltr'><strong>ut</strong></span> <span class='ocrx_word' id='word_1_188' title='bbox 789 1849 1017 1887; x_wconf 79' lang='lat' dir='ltr'><strong>lavarentur</strong></span> <span class='ocrx_word' id='word_1_189' title='bbox 1031 1851 1146 1902; x_wconf 87' lang='lat' dir='ltr'><strong>pedes</strong></span> <span class='ocrx_word' id='word_1_190' title='bbox 1168 1853 1251 1903; x_wconf 81' lang='lat' dir='ltr'><strong>ejus</strong></span> <span class='ocrx_word' id='word_1_191' title='bbox 1262 1881 1274 1898; x_wconf 94' lang='lat'><strong>,</strong></span> 
     </span>
     <span class='ocr_line' id='line_1_32' title="bbox 324 1911 1279 1962; baseline 0.005 -16"><span class='ocrx_word' id='word_1_192' title='bbox 324 1919 358 1946; x_wconf 90' lang='lat' dir='ltr'><strong>et</strong></span> <span class='ocrx_word' id='word_1_193' title='bbox 385 1911 499 1961; x_wconf 84' lang='lat' dir='ltr'><strong>pedes</strong></span> <span class='ocrx_word' id='word_1_194' title='bbox 523 1913 698 1947; x_wconf 66' lang='lat' dir='ltr'><strong>‘virorum</strong></span> <span class='ocrx_word' id='word_1_195' title='bbox 717 1913 784 1962; x_wconf 84' lang='lat' dir='ltr'><strong>qui</strong></span> <span class='ocrx_word' id='word_1_196' title='bbox 810 1925 896 1948; x_wconf 83' lang='lat' dir='ltr'><strong>cum</strong></span> <span class='ocrx_word' id='word_1_197' title='bbox 921 1925 965 1949; x_wconf 90' lang='lat' dir='ltr'><strong>eo</strong></span> <span class='ocrx_word' id='word_1_198' title='bbox 994 1921 1116 1949; x_wconf 83' lang='lat' dir='ltr'><strong>erant.</strong></span> <span class='ocrx_word' id='word_1_199' title='bbox 1136 1914 1201 1950; x_wconf 82' lang='lat'><strong>55.</strong></span> <span class='ocrx_word' id='word_1_200' title='bbox 1225 1915 1279 1951; x_wconf 90' lang='lat' dir='ltr'><strong>Et</strong></span> 
     </span>
     <span class='ocr_line' id='line_1_33' title="bbox 324 1972 1280 2022; baseline 0.004 -15"><span class='ocrx_word' id='word_1_201' title='bbox 324 1973 500 2022; x_wconf 79' lang='lat' dir='ltr'><strong>apposuit</strong></span> <span class='ocrx_word' id='word_1_202' title='bbox 519 1973 572 2008; x_wconf 88' lang='lat' dir='ltr'><strong>eis</strong></span> <span class='ocrx_word' id='word_1_203' title='bbox 595 1985 716 2022; x_wconf 87' lang='lat' dir='ltr'><strong>panes</strong></span> <span class='ocrx_word' id='word_1_204' title='bbox 736 1972 790 2009; x_wconf 89' lang='lat' dir='ltr'><strong>ad</strong></span> <span class='ocrx_word' id='word_1_205' title='bbox 815 1973 1105 2011; x_wconf 83' lang='lat' dir='ltr'><strong>comedendum.</strong></span> <span class='ocrx_word' id='word_1_206' title='bbox 1129 1973 1201 2011; x_wconf 89' lang='lat' dir='ltr'><strong>Sed</strong></span> <span class='ocrx_word' id='word_1_207' title='bbox 1219 1973 1280 2011; x_wconf 83' lang='lat' dir='ltr'><strong>hie</strong></span> 
     </span>
     <span class='ocr_line' id='line_1_34' title="bbox 324 2030 1278 2085; baseline 0.005 -18"><span class='ocrx_word' id='word_1_208' title='bbox 324 2030 482 2077; x_wconf 84' lang='lat' dir='ltr'><strong>attende,</strong></span> <span class='ocrx_word' id='word_1_209' title='bbox 502 2031 646 2068; x_wconf 84' lang='lat' dir='ltr'><strong>obsecro</strong></span> <span class='ocrx_word' id='word_1_210' title='bbox 659 2060 671 2081; x_wconf 89' lang='lat'><strong>,</strong></span> <span class='ocrx_word' id='word_1_211' title='bbox 706 2045 872 2083; x_wconf 87' lang='lat' dir='ltr'><strong>magnam</strong></span> <span class='ocrx_word' id='word_1_212' title='bbox 892 2033 1015 2071; x_wconf 90' lang='lat' dir='ltr'><strong>famuli</strong></span> <span class='ocrx_word' id='word_1_213' title='bbox 1037 2034 1278 2085; x_wconf 78' lang='lat' dir='ltr'><strong>prudentiam.</strong></span> 
     </span>
     <span class='ocr_line' id='line_1_35' title="bbox 325 2090 1281 2147; baseline 0.006 -21"><span class='ocrx_word' id='word_1_214' title='bbox 325 2090 426 2138; x_wconf 82' lang='lat' dir='ltr'><strong>Quid</strong></span> <span class='ocrx_word' id='word_1_215' title='bbox 445 2091 539 2128; x_wconf 89' lang='lat' dir='ltr'><strong>enim</strong></span> <span class='ocrx_word' id='word_1_216' title='bbox 556 2091 631 2128; x_wconf 77' lang='lat' dir='ltr'><strong>ait?</strong></span> <span class='ocrx_word' id='word_1_217' title='bbox 652 2092 742 2128; x_wconf 85' lang='lat' dir='ltr'><strong>Non</strong></span> <span class='ocrx_word' id='word_1_218' title='bbox 761 2094 977 2140; x_wconf 84' lang='lat' dir='ltr'><strong>comedam,</strong></span> <span class='ocrx_word' id='word_1_219' title='bbox 999 2095 1119 2132; x_wconf 86' lang='lat' dir='ltr'><strong>donec</strong></span> <span class='ocrx_word' id='word_1_220' title='bbox 1140 2095 1281 2147; x_wconf 81' lang='lat' dir='ltr'><strong>loquar</strong></span> 
     </span>
     <span class='ocr_line' id='line_1_36' title="bbox 326 2151 1280 2203; baseline 0.004 -15"><span class='ocrx_word' id='word_1_221' title='bbox 326 2153 448 2188; x_wconf 78' lang='lat' dir='ltr'><strong>verba</strong></span> <span class='ocrx_word' id='word_1_222' title='bbox 476 2165 571 2188; x_wconf 87' lang='lat' dir='ltr'><strong>mea.</strong></span> <span class='ocrx_word' id='word_1_223' title='bbox 588 2151 664 2190; x_wconf 91' lang='lat' dir='ltr'><strong>Vos</strong></span> <span class='ocrx_word' id='word_1_224' title='bbox 692 2151 858 2201; x_wconf 89' lang='lat' dir='ltr'><strong>quidem,</strong></span> <span class='ocrx_word' id='word_1_225' title='bbox 878 2153 1018 2203; x_wconf 86' lang='lat' dir='ltr'><strong>inquit,</strong></span> <span class='ocrx_word' id='word_1_226' title='bbox 1041 2154 1201 2191; x_wconf 84' lang='lat' dir='ltr'><strong>officium</strong></span> <span class='ocrx_word' id='word_1_227' title='bbox 1219 2169 1280 2193; x_wconf 82' lang='lat' dir='ltr'><strong>ve-</strong></span> 
     </span>
     <span class='ocr_line' id='line_1_37' title="bbox 326 2211 1281 2265; baseline 0.003 -16"><span class='ocrx_word' id='word_1_228' title='bbox 326 2221 439 2249; x_wconf 89' lang='lat' dir='ltr'><strong>strum</strong></span> <span class='ocrx_word' id='word_1_229' title='bbox 454 2211 488 2248; x_wconf 92' lang='lat' dir='ltr'><strong>in</strong></span> <span class='ocrx_word' id='word_1_230' title='bbox 506 2225 561 2248; x_wconf 90' lang='lat' dir='ltr'><strong>me</strong></span> <span class='ocrx_word' id='word_1_231' title='bbox 579 2211 815 2262; x_wconf 83' lang='lat' dir='ltr'><strong>praestitistis:</strong></span> <span class='ocrx_word' id='word_1_232' title='bbox 834 2226 898 2263; x_wconf 83' lang='lat' dir='ltr'><strong>ego</strong></span> <span class='ocrx_word' id='word_1_233' title='bbox 918 2224 1034 2251; x_wconf 89' lang='lat' dir='ltr'><strong>autem</strong></span> <span class='ocrx_word' id='word_1_234' title='bbox 1054 2229 1281 2265; x_wconf 87' lang='lat' dir='ltr'><strong>nequaquam</strong></span> 
     </span>
     <span class='ocr_line' id='line_1_38' title="bbox 325 2271 1282 2323; baseline 0.004 -15"><span class='ocrx_word' id='word_1_235' title='bbox 325 2281 425 2309; x_wconf 89' lang='lat' dir='ltr'><strong>antea</strong></span> <span class='ocrx_word' id='word_1_236' title='bbox 443 2272 574 2323; x_wconf 83' lang='lat' dir='ltr'><strong>quietis</strong></span> <span class='ocrx_word' id='word_1_237' title='bbox 595 2286 681 2309; x_wconf 82' lang='lat' dir='ltr'><strong>meae</strong></span> <span class='ocrx_word' id='word_1_238' title='bbox 703 2271 875 2310; x_wconf 82' lang='lat' dir='ltr'><strong>rationem</strong></span> <span class='ocrx_word' id='word_1_239' title='bbox 894 2273 1052 2323; x_wconf 85' lang='lat' dir='ltr'><strong>habebo,</strong></span> <span class='ocrx_word' id='word_1_240' title='bbox 1073 2275 1186 2312; x_wconf 88' lang='lat' dir='ltr'><strong>donec</strong></span> <span class='ocrx_word' id='word_1_241' title='bbox 1201 2289 1282 2312; x_wconf 84' lang='lat' dir='ltr'><strong>cau-</strong></span> 
     </span>
     <span class='ocr_line' id='line_1_39' title="bbox 326 2332 1282 2385; baseline 0.003 -16"><span class='ocrx_word' id='word_1_242' title='bbox 326 2346 401 2369; x_wconf 82' lang='lat' dir='ltr'><strong>sam</strong></span> <span class='ocrx_word' id='word_1_243' title='bbox 434 2347 497 2370; x_wconf 73' lang='lat' dir='ltr'><strong>vos</strong></span> <span class='ocrx_word' id='word_1_244' title='bbox 525 2332 694 2380; x_wconf 83' lang='lat' dir='ltr'><strong>docuero,</strong></span> <span class='ocrx_word' id='word_1_245' title='bbox 716 2342 861 2385; x_wconf 87' lang='lat' dir='ltr'><strong>propter</strong></span> <span class='ocrx_word' id='word_1_246' title='bbox 879 2348 988 2384; x_wconf 89' lang='lat' dir='ltr'><strong>quam</strong></span> <span class='ocrx_word' id='word_1_247' title='bbox 1011 2335 1047 2372; x_wconf 90' lang='lat' dir='ltr'><strong>in</strong></span> <span class='ocrx_word' id='word_1_248' title='bbox 1067 2335 1160 2372; x_wconf 88' lang='lat' dir='ltr'><strong>hanc</strong></span> <span class='ocrx_word' id='word_1_249' title='bbox 1184 2335 1282 2373; x_wconf 88' lang='lat' dir='ltr'><strong>viam</strong></span> 
     </span>
     <span class='ocr_line' id='line_1_40' title="bbox 327 2393 1281 2444; baseline 0.002 -14"><span class='ocrx_word' id='word_1_250' title='bbox 327 2394 396 2430; x_wconf 86' lang='lat' dir='ltr'><strong>sim</strong></span> <span class='ocrx_word' id='word_1_251' title='bbox 411 2393 561 2443; x_wconf 80' lang='lat' dir='ltr'><strong>missus,</strong></span> <span class='ocrx_word' id='word_1_252' title='bbox 584 2402 617 2430; x_wconf 90' lang='lat' dir='ltr'><strong>et</strong></span> <span class='ocrx_word' id='word_1_253' title='bbox 637 2407 745 2443; x_wconf 86' lang='lat' dir='ltr'><strong>quare</strong></span> <span class='ocrx_word' id='word_1_254' title='bbox 764 2407 783 2430; x_wconf 85' lang='lat' dir='ltr'><strong>a</strong></span> <span class='ocrx_word' id='word_1_255' title='bbox 804 2394 1001 2432; x_wconf 83' lang='lat' dir='ltr'><strong>Chananaea</strong></span> <span class='ocrx_word' id='word_1_256' title='bbox 1015 2395 1087 2433; x_wconf 88' lang='lat' dir='ltr'><strong>huc</strong></span> <span class='ocrx_word' id='word_1_257' title='bbox 1104 2396 1281 2444; x_wconf 76' lang='lat' dir='ltr'><strong>venerim,</strong></span> 
     </span>
     <span class='ocr_line' id='line_1_41' title="bbox 326 2452 1332 2505; baseline 0.003 -15"><span class='ocrx_word' id='word_1_258' title='bbox 326 2463 358 2490; x_wconf 80' lang='lat' dir='ltr'><strong>ct</strong></span> <span class='ocrx_word' id='word_1_259' title='bbox 379 2453 557 2504; x_wconf 88' lang='lat' dir='ltr'><strong>quomodo</strong></span> <span class='ocrx_word' id='word_1_260' title='bbox 578 2455 613 2490; x_wconf 91' lang='lat' dir='ltr'><strong>in</strong></span> <span class='ocrx_word' id='word_1_261' title='bbox 633 2452 780 2491; x_wconf 90' lang='lat' dir='ltr'><strong>domum</strong></span> <span class='ocrx_word' id='word_1_262' title='bbox 792 2464 948 2493; x_wconf 87' lang='lat' dir='ltr'><strong>vestram</strong></span> <span class='ocrx_word' id='word_1_263' title='bbox 962 2456 1034 2493; x_wconf 90' lang='lat' dir='ltr'><strong>huc</strong></span> <span class='ocrx_word' id='word_1_264' title='bbox 1053 2455 1183 2493; x_wconf 89' lang='lat' dir='ltr'><strong>ductus</strong></span> <span class='ocrx_word' id='word_1_265' title='bbox 1201 2456 1279 2503; x_wconf 89' lang='lat' dir='ltr'><strong>sim,</strong></span> <span class='ocrx_word' id='word_1_266' title='bbox 1307 2476 1332 2505; x_wconf 82' lang='lat' dir='ltr'><em>D</em></span> 
     </span>
     <span class='ocr_line' id='line_1_42' title="bbox 325 2513 1282 2564; baseline 0.003 -13"><span class='ocrx_word' id='word_1_267' title='bbox 325 2529 366 2551; x_wconf 80' lang='lat' dir='ltr'><strong>ac</strong></span> <span class='ocrx_word' id='word_1_268' title='bbox 386 2529 468 2552; x_wconf 87' lang='lat' dir='ltr'><strong>cum</strong></span> <span class='ocrx_word' id='word_1_269' title='bbox 496 2515 615 2552; x_wconf 90' lang='lat' dir='ltr'><strong>omnia</strong></span> <span class='ocrx_word' id='word_1_270' title='bbox 644 2513 844 2553; x_wconf 84' lang='lat' dir='ltr'><strong>didiceritis</strong></span> <span class='ocrx_word' id='word_1_271' title='bbox 859 2546 869 2564; x_wconf 90' lang='lat'><strong>,</strong></span> <span class='ocrx_word' id='word_1_272' title='bbox 888 2525 974 2554; x_wconf 89' lang='lat' dir='ltr'><strong>tunc</strong></span> <span class='ocrx_word' id='word_1_273' title='bbox 992 2525 1025 2554; x_wconf 91' lang='lat' dir='ltr'><strong>et</strong></span> <span class='ocrx_word' id='word_1_274' title='bbox 1046 2531 1110 2554; x_wconf 89' lang='lat' dir='ltr'><strong>vos</strong></span> <span class='ocrx_word' id='word_1_275' title='bbox 1129 2526 1282 2555; x_wconf 85' lang='lat' dir='ltr'><strong>vestram</strong></span> 
     </span>
     <span class='ocr_line' id='line_1_43' title="bbox 326 2575 1281 2626; baseline 0.004 -14"><span class='ocrx_word' id='word_1_276' title='bbox 326 2590 407 2626; x_wconf 82' lang='lat' dir='ltr'><strong>erga</strong></span> <span class='ocrx_word' id='word_1_277' title='bbox 437 2575 625 2612; x_wconf 87' lang='lat' dir='ltr'><strong>dominum</strong></span> <span class='ocrx_word' id='word_1_278' title='bbox 652 2588 772 2611; x_wconf 89' lang='lat' dir='ltr'><strong>meum</strong></span> <span class='ocrx_word' id='word_1_279' title='bbox 792 2575 1076 2615; x_wconf 82' lang='lat' dir='ltr'><strong>benevolentiam</strong></span> <span class='ocrx_word' id='word_1_280' title='bbox 1101 2576 1281 2616; x_wconf 85' lang='lat' dir='ltr'><strong>declarare</strong></span> 
     </span>
     <span class='ocr_line' id='line_1_44' title="bbox 327 2634 1282 2688; baseline 0.004 -16"><span class='ocrx_word' id='word_1_281' title='bbox 327 2636 501 2688; x_wconf 79' lang='lat' dir='ltr'><strong>poteritis.</strong></span> <span class='ocrx_word' id='word_1_282' title='bbox 523 2634 843 2686; x_wconf 85' lang='lat' dir='ltr'><strong>Narrationemque</strong></span> <span class='ocrx_word' id='word_1_283' title='bbox 858 2651 959 2675; x_wconf 91' lang='lat' dir='ltr'><strong>orsus</strong></span> <span class='ocrx_word' id='word_1_284' title='bbox 972 2637 1022 2675; x_wconf 89' lang='lat' dir='ltr'><strong>ait</strong></span> <span class='ocrx_word' id='word_1_285' title='bbox 1042 2653 1049 2674; x_wconf 93' lang='lat'><strong>:</strong></span> <span class='ocrx_word' id='word_1_286' title='bbox 1067 2638 1129 2675; x_wconf 69' lang='lat'><strong>54.</strong></span> <span class='ocrx_word' id='word_1_287' title='bbox 1144 2638 1282 2676; x_wconf 80' lang='lat' dir='ltr'><strong>Servus</strong></span> 
     </span>
     <span class='ocr_line' id='line_1_45' title="bbox 328 2698 1278 2751; baseline 0.003 -17"><span class='ocrx_word' id='word_1_288' title='bbox 328 2698 501 2735; x_wconf 73' lang='lat' dir='ltr'><strong>Abrahoe</strong></span> <span class='ocrx_word' id='word_1_289' title='bbox 519 2712 602 2735; x_wconf 81' lang='lat' dir='ltr'><strong>sum</strong></span> <span class='ocrx_word' id='word_1_290' title='bbox 629 2712 696 2751; x_wconf 83' lang='lat' dir='ltr'><strong>ego</strong></span> <span class='ocrx_word' id='word_1_291' title='bbox 719 2715 729 2735; x_wconf 89' lang='grc'><strong>.·</strong></span> <span class='ocrx_word' id='word_1_292' title='bbox 750 2699 812 2737; x_wconf 83' lang='grc'><strong>55.</strong></span> <span class='ocrx_word' id='word_1_293' title='bbox 837 2700 1030 2737; x_wconf 84' lang='lat' dir='ltr'><strong>Dominus</strong></span> <span class='ocrx_word' id='word_1_294' title='bbox 1062 2708 1191 2737; x_wconf 83' lang='lat' dir='ltr'><strong>autem</strong></span> <span class='ocrx_word' id='word_1_295' title='bbox 1212 2701 1278 2737; x_wconf 82' lang='lat' dir='ltr'><strong>be-</strong></span> 
     </span>
     <span class='ocr_line' id='line_1_46' title="bbox 327 2758 1280 2803; baseline 0.002 -9"><span class='ocrx_word' id='word_1_296' title='bbox 327 2758 473 2795; x_wconf 65' lang='lat' dir='ltr'><strong>nedixit</strong></span> <span class='ocrx_word' id='word_1_297' title='bbox 499 2758 696 2796; x_wconf 78' lang='lat' dir='ltr'><strong>dominam</strong></span> <span class='ocrx_word' id='word_1_298' title='bbox 729 2772 854 2796; x_wconf 80' lang='lat' dir='ltr'><strong>meum</strong></span> <span class='ocrx_word' id='word_1_299' title='bbox 879 2759 1019 2803; x_wconf 84' lang='lat' dir='ltr'><strong>valde,</strong></span> <span class='ocrx_word' id='word_1_300' title='bbox 1055 2767 1091 2796; x_wconf 84' lang='lat' dir='ltr'><strong>et</strong></span> <span class='ocrx_word' id='word_1_301' title='bbox 1124 2759 1228 2796; x_wconf 83' lang='lat' dir='ltr'><strong>dedit</strong></span> <span class='ocrx_word' id='word_1_302' title='bbox 1246 2761 1280 2796; x_wconf 88' lang='lat' dir='ltr'><strong>ei</strong></span> 
     </span>
     <span class='ocr_line' id='line_1_47' title="bbox 327 2819 1279 2871; baseline 0.002 -16"><span class='ocrx_word' id='word_1_303' title='bbox 327 2832 413 2856; x_wconf 78' lang='lat' dir='ltr'><strong>oves</strong></span> <span class='ocrx_word' id='word_1_304' title='bbox 436 2827 472 2854; x_wconf 90' lang='lat' dir='ltr'><strong>et</strong></span> <span class='ocrx_word' id='word_1_305' title='bbox 494 2819 641 2856; x_wconf 80' lang='lat' dir='ltr'><strong>vitulos</strong></span> <span class='ocrx_word' id='word_1_306' title='bbox 654 2849 665 2865; x_wconf 88' lang='lat'><strong>,</strong></span> <span class='ocrx_word' id='word_1_307' title='bbox 691 2833 829 2857; x_wconf 80' lang='lat' dir='ltr'><strong>aurum</strong></span> <span class='ocrx_word' id='word_1_308' title='bbox 850 2828 887 2857; x_wconf 88' lang='lat' dir='ltr'><strong>et</strong></span> <span class='ocrx_word' id='word_1_309' title='bbox 906 2828 1111 2871; x_wconf 80' lang='lat' dir='ltr'><strong>argentum</strong></span> <span class='ocrx_word' id='word_1_310' title='bbox 1123 2849 1135 2866; x_wconf 93' lang='lat'><strong>,</strong></span> <span class='ocrx_word' id='word_1_311' title='bbox 1151 2833 1279 2858; x_wconf 73' lang='lat' dir='ltr'><strong>servos</strong></span> 
     </span>
     <span class='ocr_line' id='line_1_48' title="bbox 326 2879 1280 2932; baseline 0.003 -16"><span class='ocrx_word' id='word_1_312' title='bbox 326 2889 362 2916; x_wconf 82' lang='lat' dir='ltr'><strong>et</strong></span> <span class='ocrx_word' id='word_1_313' title='bbox 382 2879 550 2916; x_wconf 83' lang='lat' dir='ltr'><strong>ancillas</strong></span> <span class='ocrx_word' id='word_1_314' title='bbox 563 2909 574 2924; x_wconf 93' lang='lat'><em>‚</em></span> <span class='ocrx_word' id='word_1_315' title='bbox 598 2881 767 2918; x_wconf 85' lang='lat' dir='ltr'><strong>camelos</strong></span> <span class='ocrx_word' id='word_1_316' title='bbox 795 2889 831 2918; x_wconf 94' lang='lat' dir='ltr'><strong>et</strong></span> <span class='ocrx_word' id='word_1_317' title='bbox 851 2883 993 2919; x_wconf 85' lang='lat' dir='ltr'><strong>asinos.</strong></span> <span class='ocrx_word' id='word_1_318' title='bbox 1015 2881 1077 2919; x_wconf 85' lang='lat'><strong>56.</strong></span> <span class='ocrx_word' id='word_1_319' title='bbox 1099 2882 1154 2918; x_wconf 88' lang='lat' dir='ltr'><strong>Et</strong></span> <span class='ocrx_word' id='word_1_320' title='bbox 1169 2895 1280 2932; x_wconf 82' lang='lat' dir='ltr'><strong>pepe-</strong></span> 
     </span>
     <span class='ocr_line' id='line_1_49' title="bbox 327 2941 1279 2994; baseline 0.002 -17"><span class='ocrx_word' id='word_1_321' title='bbox 327 2943 375 2977; x_wconf 85' lang='lat' dir='ltr'><strong>rit</strong></span> <span class='ocrx_word' id='word_1_322' title='bbox 395 2941 514 2978; x_wconf 86' lang='lat' dir='ltr'><strong>Sarra</strong></span> <span class='ocrx_word' id='word_1_323' title='bbox 534 2953 632 2977; x_wconf 72' lang='lat' dir='ltr'><strong>uxor</strong></span> <span class='ocrx_word' id='word_1_324' title='bbox 659 2942 808 2978; x_wconf 84' lang='lat' dir='ltr'><strong>domini</strong></span> <span class='ocrx_word' id='word_1_325' title='bbox 828 2944 902 2979; x_wconf 87' lang='lat' dir='ltr'><strong>mei</strong></span> <span class='ocrx_word' id='word_1_326' title='bbox 914 2942 1053 2994; x_wconf 80' lang='lat' dir='ltr'><strong>filium</strong></span> <span class='ocrx_word' id='word_1_327' title='bbox 1073 2955 1191 2979; x_wconf 82' lang='lat' dir='ltr'><strong>unum</strong></span> <span class='ocrx_word' id='word_1_328' title='bbox 1211 2943 1279 2979; x_wconf 90' lang='lat' dir='ltr'><strong>do-</strong></span> 
     </span>
     <span class='ocr_line' id='line_1_50' title="bbox 329 3003 1281 3054; baseline 0.003 -18"><span class='ocrx_word' id='word_1_329' title='bbox 329 3003 433 3037; x_wconf 84' lang='lat' dir='ltr'><strong>mino</strong></span> <span class='ocrx_word' id='word_1_330' title='bbox 454 3014 558 3045; x_wconf 77' lang='lat' dir='ltr'><strong>mea,</strong></span> <span class='ocrx_word' id='word_1_331' title='bbox 579 3014 664 3037; x_wconf 81' lang='lat' dir='ltr'><strong>cum</strong></span> <span class='ocrx_word' id='word_1_332' title='bbox 683 3003 762 3052; x_wconf 84' lang='lat' dir='ltr'><strong>ipse</strong></span> <span class='ocrx_word' id='word_1_333' title='bbox 768 3004 856 3054; x_wconf 89' lang='lat' dir='ltr'><strong>jam</strong></span> <span class='ocrx_word' id='word_1_334' title='bbox 875 3005 1083 3047; x_wconf 77' lang='lat' dir='ltr'><strong>senuisset,</strong></span> <span class='ocrx_word' id='word_1_335' title='bbox 1120 3011 1157 3040; x_wconf 90' lang='lat' dir='ltr'><strong>et</strong></span> <span class='ocrx_word' id='word_1_336' title='bbox 1175 3003 1281 3040; x_wconf 84' lang='lat' dir='ltr'><strong>dedit</strong></span> 
     </span>
     <span class='ocr_line' id='line_1_51' title="bbox 329 3060 1280 3112; baseline 0.004 -16"><span class='ocrx_word' id='word_1_337' title='bbox 329 3060 390 3097; x_wconf 87' lang='lat' dir='ltr'><strong>illi</strong></span> <span class='ocrx_word' id='word_1_338' title='bbox 413 3062 542 3097; x_wconf 86' lang='lat' dir='ltr'><strong>omnia</strong></span> <span class='ocrx_word' id='word_1_339' title='bbox 557 3073 804 3112; x_wconf 68' lang='lat' dir='ltr'><strong>quaecumque</strong></span> <span class='ocrx_word' id='word_1_340' title='bbox 823 3062 970 3099; x_wconf 84' lang='lat' dir='ltr'><strong>habuit.</strong></span> <span class='ocrx_word' id='word_1_341' title='bbox 993 3060 1088 3101; x_wconf 90' lang='lat' dir='ltr'><strong>Vide</strong></span> <span class='ocrx_word' id='word_1_342' title='bbox 1103 3061 1280 3112; x_wconf 88' lang='lat' dir='ltr'><strong>quomodo</strong></span> 
     </span>
     <span class='ocr_line' id='line_1_52' title="bbox 325 3119 1281 3172; baseline 0.003 -14"><span class='ocrx_word' id='word_1_343' title='bbox 325 3134 410 3158; x_wconf 87' lang='lat' dir='ltr'><strong>cum</strong></span> <span class='ocrx_word' id='word_1_344' title='bbox 429 3119 614 3171; x_wconf 84' lang='lat' dir='ltr'><strong>diligentia</strong></span> <span class='ocrx_word' id='word_1_345' title='bbox 637 3121 753 3158; x_wconf 86' lang='lat' dir='ltr'><strong>omnia</strong></span> <span class='ocrx_word' id='word_1_346' title='bbox 773 3121 822 3159; x_wconf 89' lang='lat' dir='ltr'><strong>eis</strong></span> <span class='ocrx_word' id='word_1_347' title='bbox 840 3131 973 3160; x_wconf 85' lang='lat' dir='ltr'><strong>narrat.</strong></span> <span class='ocrx_word' id='word_1_348' title='bbox 995 3122 1099 3161; x_wconf 84' lang='lat' dir='ltr'><strong>Illius</strong></span> <span class='ocrx_word' id='word_1_349' title='bbox 1120 3123 1281 3172; x_wconf 85' lang='lat' dir='ltr'><strong>sum,in-</strong></span> 
     </span>
     <span class='ocr_line' id='line_1_53' title="bbox 330 3180 1328 3233; baseline 0.005 -16"><span class='ocrx_word' id='word_1_350' title='bbox 330 3182 407 3232; x_wconf 81' lang='lat' dir='ltr'><strong>quit</strong></span> <span class='ocrx_word' id='word_1_351' title='bbox 421 3212 430 3230; x_wconf 96' lang='lat'><strong>,</strong></span> <span class='ocrx_word' id='word_1_352' title='bbox 454 3180 604 3219; x_wconf 66' lang='lat' dir='ltr'><strong>Abrahae</strong></span> <span class='ocrx_word' id='word_1_353' title='bbox 623 3194 765 3231; x_wconf 80' lang='lat' dir='ltr'><strong>servus,</strong></span> <span class='ocrx_word' id='word_1_354' title='bbox 786 3196 892 3233; x_wconf 89' lang='lat' dir='ltr'><strong>quem</strong></span> <span class='ocrx_word' id='word_1_355' title='bbox 911 3183 1034 3222; x_wconf 90' lang='lat' dir='ltr'><strong>nostis.</strong></span> <span class='ocrx_word' id='word_1_356' title='bbox 1058 3184 1193 3221; x_wconf 88' lang='lat' dir='ltr'><strong>Discite</strong></span> <span class='ocrx_word' id='word_1_357' title='bbox 1211 3184 1280 3222; x_wconf 78' lang='lat' dir='ltr'><strong>ita·</strong></span> <span class='ocrx_word' id='word_1_358' title='bbox 1304 3197 1328 3228; x_wconf 84' lang='lat' dir='ltr'>E</span> 
     </span>
    </p>
   </div>
   <div class='ocr_carea' id='block_1_9' title="bbox 330 3248 1279 3299">
    <p class='ocr_par' dir='ltr' id='par_1_12' title="bbox 330 3248 1279 3299">
     <span class='ocr_line' id='line_1_54' title="bbox 330 3248 1279 3299; baseline 0.004 -14"><span class='ocrx_word' id='word_1_359' title='bbox 330 3261 398 3298; x_wconf 80' lang='lat' dir='ltr'><strong>que</strong></span> <span class='ocrx_word' id='word_1_360' title='bbox 414 3256 583 3299; x_wconf 84' lang='lat' dir='ltr'><strong>quantam</strong></span> <span class='ocrx_word' id='word_1_361' title='bbox 594 3248 640 3286; x_wconf 82' lang='lat' dir='ltr'><strong>ab</strong></span> <span class='ocrx_word' id='word_1_362' title='bbox 655 3248 815 3287; x_wconf 86' lang='lat' dir='ltr'><strong>omnium</strong></span> <span class='ocrx_word' id='word_1_363' title='bbox 828 3250 983 3288; x_wconf 91' lang='lat' dir='ltr'><strong>Domino</strong></span> <span class='ocrx_word' id='word_1_364' title='bbox 995 3250 1279 3289; x_wconf 85' lang='lat' dir='ltr'><strong>benedictionem</strong></span> 
     </span>
    </p>
   </div>
   <div class='ocr_carea' id='block_1_10' title="bbox 1058 182 1942 214">
    <p class='ocr_par' dir='ltr' id='par_1_13' title="bbox 1058 182 1942 214">
     <span class='ocr_line' id='line_1_55' title="bbox 1058 182 1942 214; baseline 0 0"><span class='ocrx_word' id='word_1_365' title='bbox 1058 183 1298 214; x_wconf 70' lang='lat' dir='ltr'>CHRYSOST.</span> <span class='ocrx_word' id='word_1_366' title='bbox 1336 182 1543 213; x_wconf 79' lang='lat' dir='ltr'><strong>ARCHIEP.</strong></span> <span class='ocrx_word' id='word_1_367' title='bbox 1581 183 1924 214; x_wconf 78' lang='lat' dir='ltr'><strong>CONSTANTINOP</strong></span> <span class='ocrx_word' id='word_1_368' title='bbox 1933 205 1942 214; x_wconf 91' lang='lat'><strong>.</strong></span> 
     </span>
    </p>
   </div>
   <div class='ocr_carea' id='block_1_11' title="bbox 1351 263 2382 3303">
    <p class='ocr_par' dir='ltr' id='par_1_14' title="bbox 1351 263 2382 1717">
     <span class='ocr_line' id='line_1_56' title="bbox 1353 263 2373 320; baseline 0.007 -19"><span class='ocrx_word' id='word_1_369' title='bbox 1353 263 1447 311; x_wconf 79' lang='grc' dir='ltr'>ἐστὶ,</span> <span class='ocrx_word' id='word_1_370' title='bbox 1466 264 1525 302; x_wconf 78' lang='grc' dir='ltr'><strong>καὶ</strong></span> <span class='ocrx_word' id='word_1_371' title='bbox 1559 265 1616 304; x_wconf 85' lang='grc' dir='ltr'><strong>διὰ</strong></span> <span class='ocrx_word' id='word_1_372' title='bbox 1646 267 1708 311; x_wconf 79' lang='grc' dir='ltr'>τῆς</span> <span class='ocrx_word' id='word_1_373' title='bbox 1726 267 1947 320; x_wconf 70' lang='grc' dir='ltr'>εὐχαριστίας</span> <span class='ocrx_word' id='word_1_374' title='bbox 1971 271 2032 315; x_wconf 80' lang='grc' dir='ltr'><strong>τῆς</strong></span> <span class='ocrx_word' id='word_1_375' title='bbox 2055 271 2101 312; x_wconf 84' lang='grc' dir='ltr'><strong>εἷς</strong></span> <span class='ocrx_word' id='word_1_376' title='bbox 2119 270 2176 308; x_wconf 85' lang='grc' dir='ltr'><strong>τὸν</strong></span> <span class='ocrx_word' id='word_1_377' title='bbox 2194 271 2283 309; x_wconf 82' lang='grc' dir='ltr'>Θεὸν</span> <span class='ocrx_word' id='word_1_378' title='bbox 2304 286 2373 308; x_wconf 85' lang='grc' dir='ltr'>κα·-</span> 
     </span>
     <span class='ocr_line' id='line_1_57' title="bbox 1351 323 2375 382; baseline 0.007 -20"><span class='ocrx_word' id='word_1_379' title='bbox 1351 323 1501 371; x_wconf 80' lang='grc' dir='ltr'>τάδηλον</span> <span class='ocrx_word' id='word_1_380' title='bbox 1534 328 1620 377; x_wconf 80' lang='grc' dir='ltr'>αὐτῇ</span> <span class='ocrx_word' id='word_1_381' title='bbox 1654 332 1767 375; x_wconf 88' lang='grc' dir='ltr'>ποιεῖ,</span> <span class='ocrx_word' id='word_1_382' title='bbox 1799 327 1852 365; x_wconf 84' lang='grc' dir='ltr'><strong>ὅτι</strong></span> <span class='ocrx_word' id='word_1_383' title='bbox 1885 330 1946 366; x_wconf 78' lang='grc' dir='ltr'><strong>οὐκ</strong></span> <span class='ocrx_word' id='word_1_384' title='bbox 1984 328 2019 373; x_wconf 81' lang='grc' dir='ltr'><strong>ἐξ</strong></span> <span class='ocrx_word' id='word_1_385' title='bbox 2054 330 2238 382; x_wconf 72' lang='grc' dir='ltr'>ἀλλοτρίας</span> <span class='ocrx_word' id='word_1_386' title='bbox 2265 330 2375 371; x_wconf 83' lang='grc' dir='ltr'>οἰκίας</span> 
     </span>
     <span class='ocr_line' id='line_1_58' title="bbox 1351 386 2378 443; baseline 0.006 -20"><span class='ocrx_word' id='word_1_387' title='bbox 1351 386 1599 438; x_wconf 77' lang='grc' dir='ltr'>παραγέγονεν,</span> <span class='ocrx_word' id='word_1_388' title='bbox 1632 387 1722 426; x_wconf 81' lang='grc' dir='ltr'>ἀλλὰ</span> <span class='ocrx_word' id='word_1_389' title='bbox 1754 389 1814 426; x_wconf 80' lang='grc' dir='ltr'><strong>καὶ</strong></span> <span class='ocrx_word' id='word_1_390' title='bbox 1845 389 1989 442; x_wconf 70' lang='grc' dir='ltr'>ἀδελφὸς</span> <span class='ocrx_word' id='word_1_391' title='bbox 2013 395 2073 429; x_wconf 72' lang='grc' dir='ltr'><strong>τοῦ</strong></span> <span class='ocrx_word' id='word_1_392' title='bbox 2091 391 2226 443; x_wconf 68' lang='grc' dir='ltr'>Ναχώρ</span> <span class='ocrx_word' id='word_1_393' title='bbox 2251 393 2342 429; x_wconf 84' lang='grc' dir='ltr'>ἐστιν</span> <span class='ocrx_word' id='word_1_394' title='bbox 2359 393 2378 428; x_wconf 85' lang='grc' dir='ltr'><strong>ὃ</strong></span> 
     </span>
     <span class='ocr_line' id='line_1_59' title="bbox 1352 447 2378 501; baseline 0.004 -18"><span class='ocrx_word' id='word_1_395' title='bbox 1352 450 1470 484; x_wconf 78' lang='grc' dir='ltr'>τοῦτον</span> <span class='ocrx_word' id='word_1_396' title='bbox 1507 447 1802 498; x_wconf 78' lang='grc' dir='ltr'>διαπεμψάμενος.</span> <span class='ocrx_word' id='word_1_397' title='bbox 1838 452 1960 488; x_wconf 82' lang='grc' dir='ltr'>Ταῦτα</span> <span class='ocrx_word' id='word_1_398' title='bbox 1999 451 2174 501; x_wconf 82' lang='grc' dir='ltr'>πυθομένη</span> <span class='ocrx_word' id='word_1_399' title='bbox 2213 451 2257 489; x_wconf 89' lang='grc' dir='ltr'><strong>Ἥ</strong></span> <span class='ocrx_word' id='word_1_400' title='bbox 2296 456 2378 494; x_wconf 88' lang='grc' dir='ltr'>παῖς</span> 
     </span>
     <span class='ocr_line' id='line_1_60' title="bbox 1355 506 2379 564; baseline 0.004 -20"><span class='ocrx_word' id='word_1_401' title='bbox 1355 506 1444 558; x_wconf 78' lang='grc' dir='ltr'>μετὰ</span> <span class='ocrx_word' id='word_1_402' title='bbox 1463 509 1594 554; x_wconf 69' lang='grc' dir='ltr'>πολλῆς</span> <span class='ocrx_word' id='word_1_403' title='bbox 1608 511 1670 554; x_wconf 76' lang='grc' dir='ltr'>τῆς</span> <span class='ocrx_word' id='word_1_404' title='bbox 1683 509 1909 561; x_wconf 75' lang='grc' dir='ltr'>περιχαρείας</span> <span class='ocrx_word' id='word_1_405' title='bbox 1927 512 2126 564; x_wconf 78' lang='grc' dir='ltr'>δραμοῦσα,</span> <span class='ocrx_word' id='word_1_406' title='bbox 2150 511 2264 563; x_wconf 73' lang='grc' dir='ltr'>φησίν.</span> <span class='ocrx_word' id='word_1_407' title='bbox 2281 511 2379 564; x_wconf 56' lang='grc' dir='ltr'>υΟρα</span> 
     </span>
     <span class='ocr_line' id='line_1_61' title="bbox 1353 569 2378 623; baseline 0.004 -18"><span class='ocrx_word' id='word_1_408' title='bbox 1353 570 1428 612; x_wconf 84' lang='grc' dir='ltr'><strong>πῶς</strong></span> <span class='ocrx_word' id='word_1_409' title='bbox 1456 569 1498 606; x_wconf 86' lang='grc' dir='ltr'><strong>δι’</strong></span> <span class='ocrx_word' id='word_1_410' title='bbox 1521 569 1669 607; x_wconf 80' lang='grc' dir='ltr'>ἑκάστου</span> <span class='ocrx_word' id='word_1_411' title='bbox 1689 573 1758 608; x_wconf 82' lang='grc' dir='ltr'><strong>τῶν</strong></span> <span class='ocrx_word' id='word_1_412' title='bbox 1777 574 1860 622; x_wconf 87' lang='grc' dir='ltr'>παρ’</span> <span class='ocrx_word' id='word_1_413' title='bbox 1880 574 1985 617; x_wconf 70' lang='grc' dir='ltr'>αὐτ-ῆς</span> <span class='ocrx_word' id='word_1_414' title='bbox 2010 571 2198 623; x_wconf 80' lang='grc' dir='ltr'>γινομένων</span> <span class='ocrx_word' id='word_1_415' title='bbox 2229 571 2378 611; x_wconf 84' lang='grc' dir='ltr'>δείκνυσι</span> 
     </span>
     <span class='ocr_line' id='line_1_62' title="bbox 1354 629 2379 684; baseline 0.005 -18"><span class='ocrx_word' id='word_1_416' title='bbox 1354 629 1394 667; x_wconf 82' lang='grc' dir='ltr'><strong>τὸ</strong></span> <span class='ocrx_word' id='word_1_417' title='bbox 1413 629 1588 681; x_wconf 78' lang='grc' dir='ltr'>πρόθυμον</span> <span class='ocrx_word' id='word_1_418' title='bbox 1607 631 1647 668; x_wconf 81' lang='grc' dir='ltr'><strong>τὸ</strong></span> <span class='ocrx_word' id='word_1_419' title='bbox 1666 631 1746 683; x_wconf 77' lang='grc' dir='ltr'>περὶ</span> <span class='ocrx_word' id='word_1_420' title='bbox 1762 631 1825 678; x_wconf 83' lang='grc' dir='ltr'><strong>τὴν</strong></span> <span class='ocrx_word' id='word_1_421' title='bbox 1845 631 2050 683; x_wconf 81' lang='grc' dir='ltr'>φιλοξενίαν,</span> <span class='ocrx_word' id='word_1_422' title='bbox 2070 632 2127 670; x_wconf 82' lang='grc' dir='ltr'><strong>διὰ</strong></span> <span class='ocrx_word' id='word_1_423' title='bbox 2150 637 2208 671; x_wconf 80' lang='grc' dir='ltr'><strong>τοῦ</strong></span> <span class='ocrx_word' id='word_1_424' title='bbox 2231 632 2357 684; x_wconf 78' lang='grc' dir='ltr'>δρόμου</span> <span class='ocrx_word' id='word_1_425' title='bbox 2369 663 2379 680; x_wconf 95' lang='grc'>,</span> 
     </span>
     <span class='ocr_line' id='line_1_63' title="bbox 1356 689 2378 746; baseline 0.004 -18"><span class='ocrx_word' id='word_1_426' title='bbox 1356 689 1413 728; x_wconf 77' lang='grc' dir='ltr'><strong>διὰ</strong></span> <span class='ocrx_word' id='word_1_427' title='bbox 1439 693 1506 728; x_wconf 81' lang='grc' dir='ltr'><strong>τῶν</strong></span> <span class='ocrx_word' id='word_1_428' title='bbox 1531 691 1708 744; x_wconf 78' lang='grc' dir='ltr'>ῥημάτων,</span> <span class='ocrx_word' id='word_1_429' title='bbox 1737 692 1794 730; x_wconf 74' lang='grc' dir='ltr'><strong>διὰ</strong></span> <span class='ocrx_word' id='word_1_430' title='bbox 1811 695 1874 738; x_wconf 67' lang='grc' dir='ltr'><strong>τῆς</strong></span> <span class='ocrx_word' id='word_1_431' title='bbox 1895 692 2093 736; x_wconf 79' lang='grc' dir='ltr'>ἐπιεικείας.</span> <span class='ocrx_word' id='word_1_432' title='bbox 2112 692 2273 746; x_wconf 79' lang='grc' dir='ltr'>’Έδραμε</span> <span class='ocrx_word' id='word_1_433' title='bbox 2292 693 2378 746; x_wconf 77' lang='grc' dir='ltr'>γὰρ,</span> 
     </span>
     <span class='ocr_line' id='line_1_64' title="bbox 1355 747 2380 807; baseline 0.004 -19"><span class='ocrx_word' id='word_1_434' title='bbox 1355 751 1459 803; x_wconf 82' lang='grc' dir='ltr'>φησὶ,</span> <span class='ocrx_word' id='word_1_435' title='bbox 1478 751 1537 789; x_wconf 80' lang='grc' dir='ltr'><strong>καὶ</strong></span> <span class='ocrx_word' id='word_1_436' title='bbox 1553 751 1776 802; x_wconf 77' lang='grc' dir='ltr'>Ἀπήγγειλεν</span> <span class='ocrx_word' id='word_1_437' title='bbox 1796 756 1843 797; x_wconf 86' lang='grc' dir='ltr'><strong>εἰς</strong></span> <span class='ocrx_word' id='word_1_438' title='bbox 1863 755 1922 792; x_wconf 77' lang='grc' dir='ltr'><strong>τὸν</strong></span> <span class='ocrx_word' id='word_1_439' title='bbox 1939 747 2032 792; x_wconf 66' lang='grc' dir='ltr'>οἶκον</span> <span class='ocrx_word' id='word_1_440' title='bbox 2048 757 2110 800; x_wconf 77' lang='grc' dir='ltr'>τῆς</span> <span class='ocrx_word' id='word_1_441' title='bbox 2127 754 2256 807; x_wconf 81' lang='grc' dir='ltr'>μητρὸς</span> <span class='ocrx_word' id='word_1_442' title='bbox 2273 756 2380 800; x_wconf 78' lang='grc' dir='ltr'>αὔτ’ἥς</span> 
     </span>
     <span class='ocr_line' id='line_1_65' title="bbox 1354 811 2379 868; baseline 0.005 -20"><span class='ocrx_word' id='word_1_443' title='bbox 1354 811 1446 849; x_wconf 85' lang='grc' dir='ltr'>κατὰ</span> <span class='ocrx_word' id='word_1_444' title='bbox 1470 811 1515 850; x_wconf 81' lang='grc' dir='ltr'><strong>τὰ</strong></span> <span class='ocrx_word' id='word_1_445' title='bbox 1543 812 1683 865; x_wconf 75' lang='grc' dir='ltr'>ῥήματα</span> <span class='ocrx_word' id='word_1_446' title='bbox 1715 819 1836 852; x_wconf 75' lang='grc' dir='ltr'>ταῦτα.</span> <span class='ocrx_word' id='word_1_447' title='bbox 1867 814 1989 852; x_wconf 83' lang='grc' dir='ltr'>Πάντα</span> <span class='ocrx_word' id='word_1_448' title='bbox 2014 815 2103 868; x_wconf 83' lang='grc' dir='ltr'>ἅπερ</span> <span class='ocrx_word' id='word_1_449' title='bbox 2125 815 2253 861; x_wconf 86' lang='grc' dir='ltr'>ἤκουσε</span> <span class='ocrx_word' id='word_1_450' title='bbox 2284 815 2379 867; x_wconf 83' lang='grc' dir='ltr'>παρὰ</span> 
     </span>
     <span class='ocr_line' id='line_1_66' title="bbox 1352 873 2379 928; baseline 0.004 -18"><span class='ocrx_word' id='word_1_451' title='bbox 1352 877 1412 911; x_wconf 80' lang='grc' dir='ltr'><strong>τοῦ</strong></span> <span class='ocrx_word' id='word_1_452' title='bbox 1436 873 1558 917; x_wconf 82' lang='grc' dir='ltr'>παιδὸς</span> <span class='ocrx_word' id='word_1_453' title='bbox 1577 873 1742 926; x_wconf 80' lang='grc' dir='ltr'>ἐγνώρισε</span> <span class='ocrx_word' id='word_1_454' title='bbox 1762 881 1832 918; x_wconf 88' lang='grc' dir='ltr'>τοῖς</span> <span class='ocrx_word' id='word_1_455' title='bbox 1850 881 1996 927; x_wconf 75' lang='grc' dir='ltr'>γονεῦσι.</span> <span class='ocrx_word' id='word_1_456' title='bbox 2017 877 2087 914; x_wconf 83' lang='grc' dir='ltr'><strong>Καὶ</strong></span> <span class='ocrx_word' id='word_1_457' title='bbox 2108 877 2254 928; x_wconf 85' lang='grc' dir='ltr'>ἔδραμε,</span> <span class='ocrx_word' id='word_1_458' title='bbox 2275 876 2379 928; x_wconf 68' lang='grc' dir='ltr'>φησὶ,</span> 
     </span>
     <span class='ocr_line' id='line_1_67' title="bbox 1353 933 2381 989; baseline 0.004 -18"><span class='ocrx_word' id='word_1_459' title='bbox 1353 933 1476 971; x_wconf 63' lang='grc' dir='ltr'>Λάδαν</span> <span class='ocrx_word' id='word_1_460' title='bbox 1496 935 1582 986; x_wconf 78' lang='grc' dir='ltr'>πρὸς</span> <span class='ocrx_word' id='word_1_461' title='bbox 1602 935 1659 973; x_wconf 77' lang='grc' dir='ltr'><strong>τὸν</strong></span> <span class='ocrx_word' id='word_1_462' title='bbox 1677 936 1858 988; x_wconf 82' lang='grc' dir='ltr'>ἄνθρωπον</span> <span class='ocrx_word' id='word_1_463' title='bbox 1876 937 1940 981; x_wconf 82' lang='grc' dir='ltr'><strong>ἔξω</strong></span> <span class='ocrx_word' id='word_1_464' title='bbox 1965 937 2022 975; x_wconf 80' lang='grc' dir='ltr'>ἐπὶ</span> <span class='ocrx_word' id='word_1_465' title='bbox 2050 937 2112 984; x_wconf 86' lang='grc' dir='ltr'><strong>τὴν</strong></span> <span class='ocrx_word' id='word_1_466' title='bbox 2131 937 2262 989; x_wconf 90' lang='grc' dir='ltr'>πηγήν.</span> <span class='ocrx_word' id='word_1_467' title='bbox 2284 935 2381 989; x_wconf 53' lang='grc' dir='ltr'>σΟρα</span> 
     </span>
     <span class='ocr_line' id='line_1_68' title="bbox 1353 995 2380 1050; baseline 0.003 -18"><span class='ocrx_word' id='word_1_468' title='bbox 1353 995 1413 1032; x_wconf 86' lang='grc' dir='ltr'><strong>καὶ</strong></span> <span class='ocrx_word' id='word_1_469' title='bbox 1431 1000 1546 1033; x_wconf 73' lang='grc' dir='ltr'>τοῦτον</span> <span class='ocrx_word' id='word_1_470' title='bbox 1567 995 1624 1033; x_wconf 77' lang='grc' dir='ltr'><strong>διὰ</strong></span> <span class='ocrx_word' id='word_1_471' title='bbox 1647 1001 1706 1033; x_wconf 81' lang='grc' dir='ltr'><strong>τοῦ</strong></span> <span class='ocrx_word' id='word_1_472' title='bbox 1726 997 1854 1050; x_wconf 81' lang='grc' dir='ltr'>δρόμου</span> <span class='ocrx_word' id='word_1_473' title='bbox 1873 998 2052 1036; x_wconf 78' lang='grc' dir='ltr'>δεικνύντα</span> <span class='ocrx_word' id='word_1_474' title='bbox 2080 1000 2138 1037; x_wconf 81' lang='grc' dir='ltr'><strong>τὸν</strong></span> <span class='ocrx_word' id='word_1_475' title='bbox 2164 999 2281 1037; x_wconf 80' lang='grc' dir='ltr'>πόθον.</span> <span class='ocrx_word' id='word_1_476' title='bbox 2312 998 2380 1037; x_wconf 82' lang='grc' dir='ltr'><strong>Καὶ</strong></span> 
     </span>
     <span class='ocr_line' id='line_1_69' title="bbox 1355 1054 2380 1110; baseline 0.002 -18"><span class='ocrx_word' id='word_1_477' title='bbox 1355 1054 1435 1093; x_wconf 82' lang='grc' dir='ltr'>ἰδὼν</span> <span class='ocrx_word' id='word_1_478' title='bbox 1455 1056 1512 1094; x_wconf 80' lang='grc' dir='ltr'><strong>τὸν</strong></span> <span class='ocrx_word' id='word_1_479' title='bbox 1532 1056 1712 1108; x_wconf 78' lang='grc' dir='ltr'>ἄνθρωπον</span> <span class='ocrx_word' id='word_1_480' title='bbox 1739 1059 1876 1095; x_wconf 83' lang='grc' dir='ltr'>ἑστῶτα</span> <span class='ocrx_word' id='word_1_481' title='bbox 1895 1058 1953 1095; x_wconf 73' lang='grc' dir='ltr'>ἐπὶ</span> <span class='ocrx_word' id='word_1_482' title='bbox 1974 1061 2036 1104; x_wconf 69' lang='grc' dir='ltr'><strong>τῆς</strong></span> <span class='ocrx_word' id='word_1_483' title='bbox 2066 1062 2180 1110; x_wconf 66' lang='grc' dir='ltr'>πηγῆς</span> <span class='ocrx_word' id='word_1_484' title='bbox 2202 1058 2292 1108; x_wconf 75' lang='grc' dir='ltr'>μετὰ</span> <span class='ocrx_word' id='word_1_485' title='bbox 2312 1061 2380 1095; x_wconf 83' lang='grc' dir='ltr'><strong>τῶν</strong></span> 
     </span>
     <span class='ocr_line' id='line_1_70' title="bbox 1354 1116 2382 1169; baseline 0.002 -15"><span class='ocrx_word' id='word_1_486' title='bbox 1354 1116 1543 1166; x_wconf 77' lang='grc' dir='ltr'>καμήλων,</span> <span class='ocrx_word' id='word_1_487' title='bbox 1592 1122 1685 1156; x_wconf 59' lang='grc' dir='ltr'>,ἰπεν</span> <span class='ocrx_word' id='word_1_488' title='bbox 1720 1120 1813 1169; x_wconf 71' lang='grc' dir='ltr'>αὐτῷ</span> <span class='ocrx_word' id='word_1_489' title='bbox 1833 1134 1841 1141; x_wconf 92' lang='grc'><strong><em>·</em></strong></span> <span class='ocrx_word' id='word_1_490' title='bbox 1870 1119 1987 1169; x_wconf 82' lang='grc' dir='ltr'>δεῦρο,</span> <span class='ocrx_word' id='word_1_491' title='bbox 2021 1118 2173 1157; x_wconf 80' lang='grc' dir='ltr'>εἴσελθε·</span> <span class='ocrx_word' id='word_1_492' title='bbox 2199 1118 2382 1169; x_wconf 77' lang='grc' dir='ltr'>εὐλογητὸς</span> 
     </span>
     <span class='ocr_line' id='line_1_71' title="bbox 1354 1177 2380 1230; baseline 0.001 -15"><span class='ocrx_word' id='word_1_493' title='bbox 1354 1177 1479 1230; x_wconf 87' lang='grc' dir='ltr'>Κύριος</span> <span class='ocrx_word' id='word_1_494' title='bbox 1496 1194 1503 1201; x_wconf 94' lang='grc'><em>·</em></span> <span class='ocrx_word' id='word_1_495' title='bbox 1526 1177 1582 1216; x_wconf 79' lang='grc' dir='ltr'><strong>ἵνα</strong></span> <span class='ocrx_word' id='word_1_496' title='bbox 1600 1178 1635 1215; x_wconf 89' lang='grc' dir='ltr'><strong>τί</strong></span> <span class='ocrx_word' id='word_1_497' title='bbox 1664 1179 1816 1225; x_wconf 81' lang='grc' dir='ltr'>ἕστηκας</span> <span class='ocrx_word' id='word_1_498' title='bbox 1844 1178 1930 1226; x_wconf 81' lang='grc' dir='ltr'><strong>ἔξω;</strong></span> <span class='ocrx_word' id='word_1_499' title='bbox 1952 1178 2048 1230; x_wconf 79' lang='grc' dir='ltr'>Ἐγὼ</span> <span class='ocrx_word' id='word_1_500' title='bbox 2069 1179 2105 1217; x_wconf 79' lang='grc' dir='ltr'>δὲ</span> <span class='ocrx_word' id='word_1_501' title='bbox 2121 1179 2300 1229; x_wconf 77' lang='grc' dir='ltr'>ἡτοίμασα</span> <span class='ocrx_word' id='word_1_502' title='bbox 2317 1177 2380 1225; x_wconf 70' lang='grc' dir='ltr'><strong>τὴν</strong></span> 
     </span>
     <span class='ocr_line' id='line_1_72' title="bbox 1353 1238 2380 1292; baseline 0.001 -17"><span class='ocrx_word' id='word_1_503' title='bbox 1353 1238 1464 1276; x_wconf 83' lang='grc' dir='ltr'>οἰκίαν</span> <span class='ocrx_word' id='word_1_504' title='bbox 1497 1240 1557 1277; x_wconf 82' lang='grc' dir='ltr'><strong>καὶ</strong></span> <span class='ocrx_word' id='word_1_505' title='bbox 1585 1239 1690 1278; x_wconf 79' lang='grc' dir='ltr'>τόπον</span> <span class='ocrx_word' id='word_1_506' title='bbox 1724 1245 1800 1283; x_wconf 86' lang='grc' dir='ltr'>ταῖς</span> <span class='ocrx_word' id='word_1_507' title='bbox 1830 1240 2014 1291; x_wconf 88' lang='grc' dir='ltr'>καμήλοις.</span> <span class='ocrx_word' id='word_1_508' title='bbox 2042 1239 2139 1292; x_wconf 71' lang='grc' dir='ltr'><strong>&lt;Ὀρα</strong></span> <span class='ocrx_word' id='word_1_509' title='bbox 2170 1239 2229 1277; x_wconf 83' lang='grc' dir='ltr'><strong>καὶ</strong></span> <span class='ocrx_word' id='word_1_510' title='bbox 2260 1242 2380 1277; x_wconf 78' lang='grc' dir='ltr'>τοῦτον</span> 
     </span>
     <span class='ocr_line' id='line_1_73' title="bbox 1354 1299 2380 1353; baseline 0 -16"><span class='ocrx_word' id='word_1_511' title='bbox 1354 1301 1559 1351; x_wconf 76' lang='grc' dir='ltr'>εὐλογοῦντα</span> <span class='ocrx_word' id='word_1_512' title='bbox 1590 1301 1648 1338; x_wconf 80' lang='grc' dir='ltr'><strong>τὸν</strong></span> <span class='ocrx_word' id='word_1_513' title='bbox 1681 1300 1807 1353; x_wconf 83' lang='grc' dir='ltr'>Κύριον</span> <span class='ocrx_word' id='word_1_514' title='bbox 1840 1301 1897 1339; x_wconf 77' lang='grc' dir='ltr'>ἐπὶ</span> <span class='ocrx_word' id='word_1_515' title='bbox 1918 1304 1960 1352; x_wconf 76' lang='grc' dir='ltr'><strong>τῇ</strong></span> <span class='ocrx_word' id='word_1_516' title='bbox 1993 1299 2167 1353; x_wconf 78' lang='grc' dir='ltr'>παρουσίᾳ</span> <span class='ocrx_word' id='word_1_517' title='bbox 2185 1305 2245 1338; x_wconf 80' lang='grc' dir='ltr'><strong>τοῦ</strong></span> <span class='ocrx_word' id='word_1_518' title='bbox 2265 1299 2380 1346; x_wconf 84' lang='grc' dir='ltr'>ξένου,</span> 
     </span>
     <span class='ocr_line' id='line_1_74' title="bbox 1353 1359 2380 1414; baseline 0 -16"><span class='ocrx_word' id='word_1_519' title='bbox 1353 1360 1412 1398; x_wconf 73' lang='grc' dir='ltr'><strong>καὶ</strong></span> <span class='ocrx_word' id='word_1_520' title='bbox 1445 1361 1512 1414; x_wconf 80' lang='grc' dir='ltr'><strong>πρὸ</strong></span> <span class='ocrx_word' id='word_1_521' title='bbox 1541 1365 1603 1408; x_wconf 69' lang='grc' dir='ltr'><strong>τῆς</strong></span> <span class='ocrx_word' id='word_1_522' title='bbox 1628 1361 1686 1399; x_wconf 83' lang='grc' dir='ltr'><strong>διὰ</strong></span> <span class='ocrx_word' id='word_1_523' title='bbox 1714 1364 1782 1399; x_wconf 83' lang='grc' dir='ltr'><strong>τῶν</strong></span> <span class='ocrx_word' id='word_1_524' title='bbox 1803 1361 1912 1414; x_wconf 82' lang='grc' dir='ltr'>ἔργων</span> <span class='ocrx_word' id='word_1_525' title='bbox 1943 1361 2134 1413; x_wconf 74' lang='grc' dir='ltr'>φιλοξενίας</span> <span class='ocrx_word' id='word_1_526' title='bbox 2164 1360 2296 1407; x_wconf 78' lang='grc' dir='ltr'>πολλὴν</span> <span class='ocrx_word' id='word_1_527' title='bbox 2316 1359 2380 1406; x_wconf 83' lang='grc' dir='ltr'><strong>τὴν</strong></span> 
     </span>
     <span class='ocr_line' id='line_1_75' title="bbox 1353 1421 2380 1475; baseline 0.001 -16"><span class='ocrx_word' id='word_1_528' title='bbox 1353 1421 1555 1475; x_wconf 78' lang='grc' dir='ltr'>προτροπὴν</span> <span class='ocrx_word' id='word_1_529' title='bbox 1588 1422 1880 1473; x_wconf 84' lang='grc' dir='ltr'>ἐπιδεικνύμενον.</span> <span class='ocrx_word' id='word_1_530' title='bbox 1914 1425 2045 1474; x_wconf 77' lang='grc' dir='ltr'>Δεῦρο,</span> <span class='ocrx_word' id='word_1_531' title='bbox 2078 1422 2194 1474; x_wconf 77' lang='grc' dir='ltr'>φησὶν,</span> <span class='ocrx_word' id='word_1_532' title='bbox 2228 1422 2358 1460; x_wconf 82' lang='grc' dir='ltr'>εἴσελθε</span> <span class='ocrx_word' id='word_1_533' title='bbox 2373 1438 2380 1445; x_wconf 93' lang='grc'><strong><em>·</em></strong></span> 
     </span>
     <span class='ocr_line' id='line_1_76' title="bbox 1352 1483 2380 1534; baseline 0 -14"><span class='ocrx_word' id='word_1_534' title='bbox 1352 1483 1538 1534; x_wconf 60' lang='grc' dir='ltr'>προλαὸὼν</span> <span class='ocrx_word' id='word_1_535' title='bbox 1561 1483 1761 1534; x_wconf 86' lang='grc' dir='ltr'>Ἣτοίμασα</span> <span class='ocrx_word' id='word_1_536' title='bbox 1791 1483 1853 1522; x_wconf 65' lang='grc' dir='ltr'><strong>την</strong></span> <span class='ocrx_word' id='word_1_537' title='bbox 1873 1483 1983 1522; x_wconf 79' lang='grc' dir='ltr'>οἰκίαν</span> <span class='ocrx_word' id='word_1_538' title='bbox 2003 1483 2062 1521; x_wconf 78' lang='grc' dir='ltr'><strong>καὶ</strong></span> <span class='ocrx_word' id='word_1_539' title='bbox 2090 1483 2195 1521; x_wconf 84' lang='grc' dir='ltr'>τόπον</span> <span class='ocrx_word' id='word_1_540' title='bbox 2211 1489 2286 1526; x_wconf 89' lang='grc' dir='ltr'>ταῖς</span> <span class='ocrx_word' id='word_1_541' title='bbox 2315 1498 2380 1520; x_wconf 91' lang='grc' dir='ltr'><strong>κα-</strong></span> 
     </span>
     <span class='ocr_line' id='line_1_77' title="bbox 1353 1539 2380 1595; baseline -0.001 -14"><span class='ocrx_word' id='word_1_542' title='bbox 1353 1543 1489 1593; x_wconf 89' lang='grc' dir='ltr'>μήλοις.</span> <span class='ocrx_word' id='word_1_543' title='bbox 1507 1539 1596 1582; x_wconf 60' lang='grc' dir='ltr'>Εἶτα</span> <span class='ocrx_word' id='word_1_544' title='bbox 1617 1544 1826 1588; x_wconf 78' lang='grc' dir='ltr'>εἰσελθόντος</span> <span class='ocrx_word' id='word_1_545' title='bbox 1846 1547 1970 1592; x_wconf 79' lang='grc' dir='ltr'>αὐτοῦ,</span> <span class='ocrx_word' id='word_1_546' title='bbox 1991 1543 2094 1595; x_wconf 84' lang='grc' dir='ltr'>φησίν</span> <span class='ocrx_word' id='word_1_547' title='bbox 2107 1560 2115 1567; x_wconf 87' lang='grc'><em>·</em></span> <span class='ocrx_word' id='word_1_548' title='bbox 2137 1543 2301 1588; x_wconf 78' lang='grc' dir='ltr'>Ἀπέσαξε</span> <span class='ocrx_word' id='word_1_549' title='bbox 2319 1543 2380 1586; x_wconf 79' lang='grc' dir='ltr'><strong>τὰς</strong></span> 
     </span>
     <span class='ocr_line' id='line_1_78' title="bbox 1353 1605 2379 1657; baseline -0.002 -14"><span class='ocrx_word' id='word_1_550' title='bbox 1353 1606 1534 1655; x_wconf 81' lang='grc' dir='ltr'>καμήλους</span> <span class='ocrx_word' id='word_1_551' title='bbox 1552 1636 1561 1653; x_wconf 92' lang='grc'>,</span> <span class='ocrx_word' id='word_1_552' title='bbox 1590 1606 1649 1643; x_wconf 79' lang='grc' dir='ltr'><strong>καὶ</strong></span> <span class='ocrx_word' id='word_1_553' title='bbox 1677 1605 1802 1643; x_wconf 85' lang='grc' dir='ltr'>ἔδωκεν</span> <span class='ocrx_word' id='word_1_554' title='bbox 1823 1605 1939 1657; x_wconf 79' lang='grc' dir='ltr'>ἄχυρα</span> <span class='ocrx_word' id='word_1_555' title='bbox 1963 1605 2022 1642; x_wconf 82' lang='grc' dir='ltr'><strong>καὶ</strong></span> <span class='ocrx_word' id='word_1_556' title='bbox 2038 1605 2296 1656; x_wconf 82' lang='grc' dir='ltr'>χορτάσματα,</span> <span class='ocrx_word' id='word_1_557' title='bbox 2321 1605 2379 1642; x_wconf 84' lang='grc' dir='ltr'><strong>καὶ</strong></span> 
     </span>
     <span class='ocr_line' id='line_1_79' title="bbox 1354 1664 1972 1717; baseline 0 -15"><span class='ocrx_word' id='word_1_558' title='bbox 1354 1664 1447 1716; x_wconf 81' lang='grc' dir='ltr'>ὕδωρ</span> <span class='ocrx_word' id='word_1_559' title='bbox 1466 1665 1634 1717; x_wconf 75' lang='grc' dir='ltr'>νίψασθαι</span> <span class='ocrx_word' id='word_1_560' title='bbox 1649 1671 1720 1709; x_wconf 87' lang='grc' dir='ltr'>τοῖς</span> <span class='ocrx_word' id='word_1_561' title='bbox 1735 1665 1834 1702; x_wconf 80' lang='grc' dir='ltr'>ποσὶν</span> <span class='ocrx_word' id='word_1_562' title='bbox 1855 1667 1972 1703; x_wconf 77' lang='grc' dir='ltr'>αὐτοῦ.</span> 
     </span>
    </p>

    <p class='ocr_par' dir='ltr' id='par_1_15' title="bbox 1352 1724 2381 3303">
     <span class='ocr_line' id='line_1_80' title="bbox 1404 1724 2380 1779; baseline -0.002 -15"><span class='ocrx_word' id='word_1_563' title='bbox 1404 1725 1501 1778; x_wconf 69' lang='grc' dir='ltr'><strong>οὈραι</strong></span> <span class='ocrx_word' id='word_1_564' title='bbox 1519 1730 1593 1769; x_wconf 83' lang='grc' dir='ltr'><strong>πῶς</strong></span> <span class='ocrx_word' id='word_1_565' title='bbox 1626 1724 1684 1764; x_wconf 73' lang='grc' dir='ltr'><strong>καὶ</strong></span> <span class='ocrx_word' id='word_1_566' title='bbox 1706 1726 1757 1762; x_wconf 83' lang='grc' dir='ltr'><strong>ἔτι</strong></span> <span class='ocrx_word' id='word_1_567' title='bbox 1776 1728 1839 1771; x_wconf 79' lang='grc' dir='ltr'><strong>τῆς</strong></span> <span class='ocrx_word' id='word_1_568' title='bbox 1863 1726 1999 1772; x_wconf 89' lang='grc' dir='ltr'>πλάνης</span> <span class='ocrx_word' id='word_1_569' title='bbox 2024 1725 2186 1777; x_wconf 79' lang='grc' dir='ltr'>ἐχόμενοι</span> <span class='ocrx_word' id='word_1_570' title='bbox 2210 1725 2291 1779; x_wconf 82' lang='grc' dir='ltr'>περὶ</span> <span class='ocrx_word' id='word_1_571' title='bbox 2317 1725 2380 1772; x_wconf 86' lang='grc' dir='ltr'><strong>τὴν</strong></span> 
     </span>
     <span class='ocr_line' id='line_1_81' title="bbox 1352 1781 2378 1840; baseline -0.001 -15"><span class='ocrx_word' id='word_1_572' title='bbox 1352 1786 1543 1840; x_wconf 82' lang='grc' dir='ltr'>φιλοξενίαν</span> <span class='ocrx_word' id='word_1_573' title='bbox 1563 1781 1651 1834; x_wconf 64' lang='grc' dir='ltr'>ἦσαν</span> <span class='ocrx_word' id='word_1_574' title='bbox 1671 1786 1803 1833; x_wconf 81' lang='grc' dir='ltr'>πολλὴν</span> <span class='ocrx_word' id='word_1_575' title='bbox 1822 1786 1884 1833; x_wconf 85' lang='grc' dir='ltr'><strong>τὴν</strong></span> <span class='ocrx_word' id='word_1_576' title='bbox 1911 1786 2065 1834; x_wconf 80' lang='grc' dir='ltr'>σπουδὴν</span> <span class='ocrx_word' id='word_1_577' title='bbox 2094 1787 2378 1838; x_wconf 81' lang='grc' dir='ltr'>ἐπιδεικνύμενοι.</span> 
     </span>
     <span class='ocr_line' id='line_1_82' title="bbox 1353 1846 2380 1901; baseline -0.003 -14"><span class='ocrx_word' id='word_1_578' title='bbox 1353 1848 1423 1888; x_wconf 77' lang='grc' dir='ltr'><strong>Καὶ</strong></span> <span class='ocrx_word' id='word_1_579' title='bbox 1449 1848 1556 1887; x_wconf 82' lang='grc' dir='ltr'>ἔδωκε</span> <span class='ocrx_word' id='word_1_580' title='bbox 1575 1848 1741 1901; x_wconf 74' lang='grc' dir='ltr'>νίψασθαι</span> <span class='ocrx_word' id='word_1_581' title='bbox 1766 1854 1837 1892; x_wconf 87' lang='grc' dir='ltr'>τοῖς</span> <span class='ocrx_word' id='word_1_582' title='bbox 1862 1848 1963 1886; x_wconf 76' lang='grc' dir='ltr'>ποσὶν</span> <span class='ocrx_word' id='word_1_583' title='bbox 1981 1850 2102 1896; x_wconf 75' lang='grc' dir='ltr'>αὐτοῦ,</span> <span class='ocrx_word' id='word_1_584' title='bbox 2122 1848 2181 1886; x_wconf 85' lang='grc' dir='ltr'><strong>καὶ</strong></span> <span class='ocrx_word' id='word_1_585' title='bbox 2208 1853 2280 1891; x_wconf 86' lang='grc' dir='ltr'>τοῖς</span> <span class='ocrx_word' id='word_1_586' title='bbox 2297 1846 2380 1886; x_wconf 81' lang='grc' dir='ltr'>ποσὶ</span> 
     </span>
     <span class='ocr_line' id='line_1_83' title="bbox 1353 1908 2380 1963; baseline -0.002 -16"><span class='ocrx_word' id='word_1_587' title='bbox 1353 1913 1421 1947; x_wconf 83' lang='grc' dir='ltr'><strong>τῶν</strong></span> <span class='ocrx_word' id='word_1_588' title='bbox 1447 1911 1580 1963; x_wconf 79' lang='grc' dir='ltr'>ἀνδρῶν</span> <span class='ocrx_word' id='word_1_589' title='bbox 1606 1913 1675 1947; x_wconf 81' lang='grc' dir='ltr'><strong>τῶν</strong></span> <span class='ocrx_word' id='word_1_590' title='bbox 1707 1911 1780 1960; x_wconf 89' lang='grc' dir='ltr'>μετ’</span> <span class='ocrx_word' id='word_1_591' title='bbox 1802 1910 1917 1948; x_wconf 75' lang='grc' dir='ltr'>αὐτοῦ.</span> <span class='ocrx_word' id='word_1_592' title='bbox 1948 1909 2020 1947; x_wconf 81' lang='grc' dir='ltr'><strong>Καὶ</strong></span> <span class='ocrx_word' id='word_1_593' title='bbox 2048 1908 2244 1962; x_wconf 81' lang='grc' dir='ltr'>παρέθηκεν</span> <span class='ocrx_word' id='word_1_594' title='bbox 2267 1909 2380 1951; x_wconf 75' lang='grc' dir='ltr'>αὐτοῖς</span> 
     </span>
     <span class='ocr_line' id='line_1_84' title="bbox 1355 1970 2378 2023; baseline -0.001 -15"><span class='ocrx_word' id='word_1_595' title='bbox 1355 1970 1478 2022; x_wconf 85' lang='grc' dir='ltr'>ἄρτους</span> <span class='ocrx_word' id='word_1_596' title='bbox 1496 1977 1630 2023; x_wconf 73' lang='grc' dir='ltr'>φαγεῖν.</span> <span class='ocrx_word' id='word_1_597' title='bbox 1643 1971 1735 2009; x_wconf 82' lang='grc' dir='ltr'>Ἀλλ’</span> <span class='ocrx_word' id='word_1_598' title='bbox 1764 1973 1909 2009; x_wconf 79' lang='grc' dir='ltr'>ἐνταῦθα</span> <span class='ocrx_word' id='word_1_599' title='bbox 1941 1970 2063 2009; x_wconf 84' lang='grc' dir='ltr'>σκόπει</span> <span class='ocrx_word' id='word_1_600' title='bbox 2087 1986 2146 2020; x_wconf 89' lang='grc' dir='ltr'><strong>μοι</strong></span> <span class='ocrx_word' id='word_1_601' title='bbox 2168 1973 2227 2007; x_wconf 77' lang='grc' dir='ltr'><strong>τοῦ</strong></span> <span class='ocrx_word' id='word_1_602' title='bbox 2246 1970 2378 2009; x_wconf 78' lang='grc' dir='ltr'>οἰκέτου</span> 
     </span>
     <span class='ocr_line' id='line_1_85' title="bbox 1353 2030 2379 2084; baseline -0.001 -15"><span class='ocrx_word' id='word_1_603' title='bbox 1353 2030 1416 2078; x_wconf 73' lang='grc' dir='ltr'><strong>τὴν</strong></span> <span class='ocrx_word' id='word_1_604' title='bbox 1445 2031 1577 2078; x_wconf 73' lang='grc' dir='ltr'>πολλὴν</span> <span class='ocrx_word' id='word_1_605' title='bbox 1607 2032 1754 2070; x_wconf 88' lang='grc' dir='ltr'>σύνεσιν.</span> <span class='ocrx_word' id='word_1_606' title='bbox 1784 2031 1831 2069; x_wconf 90' lang='grc' dir='ltr'>Τί</span> <span class='ocrx_word' id='word_1_607' title='bbox 1860 2031 1927 2084; x_wconf 90' lang='grc' dir='ltr'><strong>γάρ</strong></span> <span class='ocrx_word' id='word_1_608' title='bbox 1947 2047 2071 2083; x_wconf 71' lang='grc' dir='ltr'>φησιν,</span> <span class='ocrx_word' id='word_1_609' title='bbox 2102 2032 2155 2069; x_wconf 80' lang='grc' dir='ltr'><strong>Οὐ</strong></span> <span class='ocrx_word' id='word_1_610' title='bbox 2187 2030 2235 2082; x_wconf 81' lang='grc' dir='ltr'><strong>μὴ</strong></span> <span class='ocrx_word' id='word_1_611' title='bbox 2257 2031 2379 2083; x_wconf 82' lang='grc' dir='ltr'>φάγω,</span> 
     </span>
     <span class='ocr_line' id='line_1_86' title="bbox 1356 2091 2378 2143; baseline 0.001 -14"><span class='ocrx_word' id='word_1_612' title='bbox 1356 2092 1419 2135; x_wconf 78' lang='grc' dir='ltr'>ἕως</span> <span class='ocrx_word' id='word_1_613' title='bbox 1447 2097 1506 2130; x_wconf 81' lang='grc' dir='ltr'><strong>τοῦ</strong></span> <span class='ocrx_word' id='word_1_614' title='bbox 1538 2092 1693 2137; x_wconf 73' lang='grc' dir='ltr'>λαλῆσαί</span> <span class='ocrx_word' id='word_1_615' title='bbox 1727 2107 1770 2142; x_wconf 91' lang='grc' dir='ltr'><strong>με</strong></span> <span class='ocrx_word' id='word_1_616' title='bbox 1803 2092 1848 2130; x_wconf 81' lang='grc' dir='ltr'><strong>τὰ</strong></span> <span class='ocrx_word' id='word_1_617' title='bbox 1881 2092 2022 2143; x_wconf 79' lang='grc' dir='ltr'>ῥήματά</span> <span class='ocrx_word' id='word_1_618' title='bbox 2058 2107 2134 2141; x_wconf 91' lang='grc' dir='ltr'>μου.</span> <span class='ocrx_word' id='word_1_619' title='bbox 2154 2091 2275 2142; x_wconf 72' lang='grc' dir='ltr'>Ἱ“μεῖς</span> <span class='ocrx_word' id='word_1_620' title='bbox 2304 2091 2378 2142; x_wconf 79' lang='grc' dir='ltr'>μὲν,</span> 
     </span>
     <span class='ocr_line' id='line_1_87' title="bbox 1355 2151 2378 2204; baseline 0.001 -15"><span class='ocrx_word' id='word_1_621' title='bbox 1355 2152 1472 2204; x_wconf 72' lang='grc' dir='ltr'>φησὶν,</span> <span class='ocrx_word' id='word_1_622' title='bbox 1497 2151 1715 2196; x_wconf 71' lang='grc' dir='ltr'>ἐπεδείξασθε</span> <span class='ocrx_word' id='word_1_623' title='bbox 1741 2152 1785 2190; x_wconf 84' lang='grc' dir='ltr'><strong>τὰ</strong></span> <span class='ocrx_word' id='word_1_624' title='bbox 1803 2152 1888 2204; x_wconf 65' lang='grc' dir='ltr'>παρ’</span> <span class='ocrx_word' id='word_1_625' title='bbox 1908 2154 2039 2189; x_wconf 78' lang='grc' dir='ltr'>ἑαυτῶν</span> <span class='ocrx_word' id='word_1_626' title='bbox 2053 2167 2060 2175; x_wconf 90' lang='lat'><em>·</em></span> <span class='ocrx_word' id='word_1_627' title='bbox 2089 2151 2158 2203; x_wconf 80' lang='grc' dir='ltr'>ἐγὼ</span> <span class='ocrx_word' id='word_1_628' title='bbox 2177 2151 2212 2190; x_wconf 76' lang='grc' dir='ltr'>δὲ</span> <span class='ocrx_word' id='word_1_629' title='bbox 2231 2154 2269 2190; x_wconf 81' lang='grc' dir='ltr'><strong>οὗ</strong></span> <span class='ocrx_word' id='word_1_630' title='bbox 2290 2151 2378 2204; x_wconf 84' lang='grc' dir='ltr'>πρό-</span> 
     </span>
     <span class='ocr_line' id='line_1_88' title="bbox 1354 2212 2379 2264; baseline 0 -14"><span class='ocrx_word' id='word_1_631' title='bbox 1354 2228 1452 2264; x_wconf 88' lang='grc' dir='ltr'>τερον</span> <span class='ocrx_word' id='word_1_632' title='bbox 1474 2215 1536 2258; x_wconf 71' lang='grc' dir='ltr'><strong>τῆς</strong></span> <span class='ocrx_word' id='word_1_633' title='bbox 1565 2215 1652 2262; x_wconf 77' lang='grc' dir='ltr'>ἐμῆς</span> <span class='ocrx_word' id='word_1_634' title='bbox 1684 2212 1912 2255; x_wconf 86' lang='grc' dir='ltr'>ἀναπαύσεως</span> <span class='ocrx_word' id='word_1_635' title='bbox 1941 2212 2041 2264; x_wconf 78' lang='grc' dir='ltr'>λόγον</span> <span class='ocrx_word' id='word_1_636' title='bbox 2061 2212 2139 2250; x_wconf 79' lang='grc' dir='ltr'>τινὰ</span> <span class='ocrx_word' id='word_1_637' title='bbox 2166 2212 2379 2263; x_wconf 85' lang='grc' dir='ltr'>ποιήσομαι,</span> 
     </span>
     <span class='ocr_line' id='line_1_89' title="bbox 1358 2272 2378 2325; baseline 0 -15"><span class='ocrx_word' id='word_1_638' title='bbox 1358 2273 1480 2325; x_wconf 70' lang='grc' dir='ltr'>μέχρις</span> <span class='ocrx_word' id='word_1_639' title='bbox 1504 2274 1543 2311; x_wconf 83' lang='grc' dir='ltr'><strong>ἂν</strong></span> <span class='ocrx_word' id='word_1_640' title='bbox 1563 2272 1626 2320; x_wconf 79' lang='grc' dir='ltr'><strong>τὴν</strong></span> <span class='ocrx_word' id='word_1_641' title='bbox 1643 2273 1755 2311; x_wconf 80' lang='grc' dir='ltr'>αἰτίαν</span> <span class='ocrx_word' id='word_1_642' title='bbox 1776 2275 1865 2321; x_wconf 75' lang='grc' dir='ltr'>ὑμᾶς</span> <span class='ocrx_word' id='word_1_643' title='bbox 1884 2272 2028 2320; x_wconf 79' lang='grc' dir='ltr'>διδάξω,</span> <span class='ocrx_word' id='word_1_644' title='bbox 2049 2274 2091 2311; x_wconf 83' lang='grc' dir='ltr'><strong>δι’</strong></span> <span class='ocrx_word' id='word_1_645' title='bbox 2106 2273 2148 2319; x_wconf 80' lang='grc' dir='ltr'><strong>ἣν</strong></span> <span class='ocrx_word' id='word_1_646' title='bbox 2169 2274 2378 2322; x_wconf 81' lang='grc' dir='ltr'>ἐστειλάμην</span> 
     </span>
     <span class='ocr_line' id='line_1_90' title="bbox 1357 2333 2380 2382; baseline 0 -11"><span class='ocrx_word' id='word_1_647' title='bbox 1357 2335 1419 2382; x_wconf 79' lang='grc' dir='ltr'><strong>τὴν</strong></span> <span class='ocrx_word' id='word_1_648' title='bbox 1450 2334 1622 2381; x_wconf 82' lang='grc' dir='ltr'>τοσαύτην</span> <span class='ocrx_word' id='word_1_649' title='bbox 1641 2335 1730 2382; x_wconf 81' lang='grc' dir='ltr'>ὁδὸν,</span> <span class='ocrx_word' id='word_1_650' title='bbox 1754 2333 1814 2372; x_wconf 74' lang='grc' dir='ltr'><strong>καὶ</strong></span> <span class='ocrx_word' id='word_1_651' title='bbox 1832 2333 1923 2376; x_wconf 88' lang='grc' dir='ltr'>τίνος</span> <span class='ocrx_word' id='word_1_652' title='bbox 1944 2333 2057 2372; x_wconf 78' lang='grc' dir='ltr'>ἕνεκεν</span> <span class='ocrx_word' id='word_1_653' title='bbox 2090 2335 2160 2372; x_wconf 80' lang='grc' dir='ltr'>ἀπὸ</span> <span class='ocrx_word' id='word_1_654' title='bbox 2177 2337 2239 2380; x_wconf 79' lang='grc' dir='ltr'>τῆς</span> <span class='ocrx_word' id='word_1_655' title='bbox 2263 2335 2380 2372; x_wconf 81' lang='grc' dir='ltr'>Χανα-</span> 
     </span>
     <span class='ocr_line' id='line_1_91' title="bbox 1358 2389 2380 2448; baseline -0.002 -14"><span class='ocrx_word' id='word_1_656' title='bbox 1358 2396 1455 2440; x_wconf 88' lang='grc' dir='ltr'>ναίας</span> <span class='ocrx_word' id='word_1_657' title='bbox 1475 2399 1618 2434; x_wconf 77' lang='grc' dir='ltr'>ἐνταῦθα</span> <span class='ocrx_word' id='word_1_658' title='bbox 1637 2396 1878 2448; x_wconf 83' lang='grc' dir='ltr'>παραγέγονα,</span> <span class='ocrx_word' id='word_1_659' title='bbox 1900 2394 2048 2437; x_wconf 77' lang='grc' dir='ltr'>καὶπῶς</span> <span class='ocrx_word' id='word_1_660' title='bbox 2068 2397 2116 2438; x_wconf 87' lang='grc' dir='ltr'><strong>εἷς</strong></span> <span class='ocrx_word' id='word_1_661' title='bbox 2134 2395 2191 2433; x_wconf 82' lang='grc' dir='ltr'><strong>τὸν</strong></span> <span class='ocrx_word' id='word_1_662' title='bbox 2211 2389 2303 2434; x_wconf 64' lang='grc' dir='ltr'>οἶκον</span> <span class='ocrx_word' id='word_1_663' title='bbox 2323 2395 2380 2434; x_wconf 80' lang='grc' dir='ltr'><strong>τὸν</strong></span> 
     </span>
     <span class='ocr_line' id='line_1_92' title="bbox 1357 2455 2381 2508; baseline -0.002 -13"><span class='ocrx_word' id='word_1_664' title='bbox 1357 2457 1522 2508; x_wconf 76' lang='grc' dir='ltr'>ὑμέτερον</span> <span class='ocrx_word' id='word_1_665' title='bbox 1545 2456 1744 2508; x_wconf 84' lang='grc' dir='ltr'>ὡδηγήθην,</span> <span class='ocrx_word' id='word_1_666' title='bbox 1777 2455 1833 2494; x_wconf 79' lang='grc' dir='ltr'><strong>ἵνα</strong></span> <span class='ocrx_word' id='word_1_667' title='bbox 1866 2455 1982 2494; x_wconf 86' lang='grc' dir='ltr'>πάντα</span> <span class='ocrx_word' id='word_1_668' title='bbox 2015 2455 2182 2506; x_wconf 84' lang='grc' dir='ltr'>μαθόντες</span> <span class='ocrx_word' id='word_1_669' title='bbox 2200 2455 2289 2494; x_wconf 77' lang='grc' dir='ltr'>οὕτω</span> <span class='ocrx_word' id='word_1_670' title='bbox 2321 2456 2381 2493; x_wconf 83' lang='grc' dir='ltr'><strong>καὶ</strong></span> 
     </span>
     <span class='ocr_line' id='line_1_93' title="bbox 1357 2515 2378 2568; baseline -0.001 -13"><span class='ocrx_word' id='word_1_671' title='bbox 1357 2520 1454 2567; x_wconf 81' lang='grc' dir='ltr'>ὑμεῖς</span> <span class='ocrx_word' id='word_1_672' title='bbox 1473 2516 1535 2564; x_wconf 82' lang='grc' dir='ltr'><strong>τὴν</strong></span> <span class='ocrx_word' id='word_1_673' title='bbox 1556 2516 1684 2555; x_wconf 78' lang='grc' dir='ltr'>οἰκείαν</span> <span class='ocrx_word' id='word_1_674' title='bbox 1708 2515 1970 2568; x_wconf 79' lang='grc' dir='ltr'>εὐγνωμοσύνην</span> <span class='ocrx_word' id='word_1_675' title='bbox 1987 2515 2201 2562; x_wconf 77' lang='grc' dir='ltr'>ἐπιδείξησθε</span> <span class='ocrx_word' id='word_1_676' title='bbox 2220 2517 2306 2567; x_wconf 85' lang='grc' dir='ltr'>πρὸς</span> <span class='ocrx_word' id='word_1_677' title='bbox 2321 2517 2378 2554; x_wconf 84' lang='grc' dir='ltr'><strong>τὸν</strong></span> 
     </span>
     <span class='ocr_line' id='line_1_94' title="bbox 1357 2575 2379 2629; baseline -0.002 -13"><span class='ocrx_word' id='word_1_678' title='bbox 1357 2579 1438 2629; x_wconf 73' lang='grc' dir='ltr'>ἐμὸν</span> <span class='ocrx_word' id='word_1_679' title='bbox 1460 2578 1642 2624; x_wconf 81' lang='grc' dir='ltr'>δεσπότην.</span> <span class='ocrx_word' id='word_1_680' title='bbox 1662 2577 1733 2616; x_wconf 80' lang='grc' dir='ltr'><strong>Καὶ</strong></span> <span class='ocrx_word' id='word_1_681' title='bbox 1749 2576 1939 2628; x_wconf 83' lang='grc' dir='ltr'>ἀρξάμενος</span> <span class='ocrx_word' id='word_1_682' title='bbox 1959 2575 2152 2627; x_wconf 85' lang='grc' dir='ltr'>διηγεῖσθαί</span> <span class='ocrx_word' id='word_1_683' title='bbox 2169 2592 2271 2628; x_wconf 73' lang='grc' dir='ltr'>φησι·</span> <span class='ocrx_word' id='word_1_684' title='bbox 2289 2578 2379 2620; x_wconf 85' lang='grc' dir='ltr'>Παῖς</span> 
     </span>
     <span class='ocr_line' id='line_1_95' title="bbox 1357 2636 2378 2693; baseline -0.003 -15"><span class='ocrx_word' id='word_1_685' title='bbox 1357 2640 1515 2693; x_wconf 49' lang='lat' dir='ltr'><strong>&#39;Aepulo</strong></span> <span class='ocrx_word' id='word_1_686' title='bbox 1545 2639 1612 2690; x_wconf 82' lang='grc' dir='ltr'>ἐγώ</span> <span class='ocrx_word' id='word_1_687' title='bbox 1642 2641 1737 2690; x_wconf 81' lang='grc' dir='ltr'>εἶμι·</span> <span class='ocrx_word' id='word_1_688' title='bbox 1768 2637 1894 2689; x_wconf 84' lang='grc' dir='ltr'>Κύριος</span> <span class='ocrx_word' id='word_1_689' title='bbox 1927 2636 1962 2675; x_wconf 81' lang='grc' dir='ltr'>δὲ</span> <span class='ocrx_word' id='word_1_690' title='bbox 1988 2636 2153 2688; x_wconf 84' lang='grc' dir='ltr'>εὐλόγησε</span> <span class='ocrx_word' id='word_1_691' title='bbox 2177 2637 2234 2675; x_wconf 76' lang='grc' dir='ltr'><strong>τὸν</strong></span> <span class='ocrx_word' id='word_1_692' title='bbox 2263 2637 2378 2691; x_wconf 85' lang='grc' dir='ltr'>κύριόν</span> 
     </span>
     <span class='ocr_line' id='line_1_96' title="bbox 1357 2697 2379 2754; baseline -0.002 -14"><span class='ocrx_word' id='word_1_693' title='bbox 1357 2718 1421 2752; x_wconf 90' lang='grc' dir='ltr'><strong>μου</strong></span> <span class='ocrx_word' id='word_1_694' title='bbox 1436 2701 1608 2754; x_wconf 61' lang='grc' dir='ltr'>“’“σφόδρα,</span> <span class='ocrx_word' id='word_1_695' title='bbox 1626 2700 1685 2739; x_wconf 69' lang='grc' dir='ltr'><strong>καὶ</strong></span> <span class='ocrx_word' id='word_1_696' title='bbox 1701 2700 1826 2738; x_wconf 84' lang='grc' dir='ltr'>ἔδωκεν</span> <span class='ocrx_word' id='word_1_697' title='bbox 1843 2701 1935 2751; x_wconf 82' lang='grc' dir='ltr'>αὐτῷ</span> <span class='ocrx_word' id='word_1_698' title='bbox 1950 2697 2111 2749; x_wconf 66' lang='grc' dir='ltr'>πρόὸατα</span> <span class='ocrx_word' id='word_1_699' title='bbox 2129 2698 2187 2736; x_wconf 85' lang='grc' dir='ltr'><strong>καὶ</strong></span> <span class='ocrx_word' id='word_1_700' title='bbox 2207 2699 2357 2750; x_wconf 47' lang='grc' dir='ltr'>μόσχους</span> <span class='ocrx_word' id='word_1_701' title='bbox 2369 2730 2379 2747; x_wconf 89' lang='grc'>,</span> 
     </span>
     <span class='ocr_line' id='line_1_97' title="bbox 1354 2758 2379 2814; baseline -0.002 -14"><span class='ocrx_word' id='word_1_702' title='bbox 1354 2763 1412 2800; x_wconf 71' lang='grc' dir='ltr'>καί</span> <span class='ocrx_word' id='word_1_703' title='bbox 1432 2762 1571 2814; x_wconf 69' lang='grc' dir='ltr'>χρυσίον</span> <span class='ocrx_word' id='word_1_704' title='bbox 1592 2761 1651 2799; x_wconf 71' lang='grc' dir='ltr'><strong>καὶ</strong></span> <span class='ocrx_word' id='word_1_705' title='bbox 1676 2759 1851 2813; x_wconf 85' lang='grc' dir='ltr'>ἀργύριον,</span> <span class='ocrx_word' id='word_1_706' title='bbox 1866 2758 1927 2796; x_wconf 76' lang='grc' dir='ltr'><strong>καὶ</strong></span> <span class='ocrx_word' id='word_1_707' title='bbox 1946 2759 2074 2801; x_wconf 87' lang='grc' dir='ltr'>παῖδας</span> <span class='ocrx_word' id='word_1_708' title='bbox 2089 2759 2148 2796; x_wconf 73' lang='grc' dir='ltr'><strong>καὶ</strong></span> <span class='ocrx_word' id='word_1_709' title='bbox 2171 2760 2379 2808; x_wconf 86' lang='grc' dir='ltr'>παιδίσκας,</span> 
     </span>
     <span class='ocr_line' id='line_1_98' title="bbox 1355 2819 2380 2873; baseline -0.001 -13"><span class='ocrx_word' id='word_1_710' title='bbox 1355 2823 1413 2861; x_wconf 77' lang='grc' dir='ltr'><strong>καὶ</strong></span> <span class='ocrx_word' id='word_1_711' title='bbox 1430 2823 1607 2873; x_wconf 81' lang='grc' dir='ltr'>καμήλους</span> <span class='ocrx_word' id='word_1_712' title='bbox 1629 2822 1689 2860; x_wconf 84' lang='grc' dir='ltr'><strong>καὶ</strong></span> <span class='ocrx_word' id='word_1_713' title='bbox 1703 2821 1808 2864; x_wconf 85' lang='grc' dir='ltr'>ὄνους.</span> <span class='ocrx_word' id='word_1_714' title='bbox 1829 2819 1900 2858; x_wconf 65' lang='grc' dir='ltr'><strong>Καὶ</strong></span> <span class='ocrx_word' id='word_1_715' title='bbox 1919 2820 2014 2857; x_wconf 83' lang='grc' dir='ltr'>ἔτεκε</span> <span class='ocrx_word' id='word_1_716' title='bbox 2032 2819 2196 2873; x_wconf 46' lang='grc' dir='ltr'>Σάῤῥαῖἡ</span> <span class='ocrx_word' id='word_1_717' title='bbox 2217 2821 2302 2873; x_wconf 83' lang='grc' dir='ltr'>γυνὴ</span> <span class='ocrx_word' id='word_1_718' title='bbox 2321 2827 2380 2861; x_wconf 79' lang='grc' dir='ltr'><strong>τοῦ</strong></span> 
     </span>
     <span class='ocr_line' id='line_1_99' title="bbox 1354 2880 2377 2936; baseline -0.001 -15"><span class='ocrx_word' id='word_1_719' title='bbox 1354 2883 1471 2936; x_wconf 83' lang='grc' dir='ltr'>κυρίου</span> <span class='ocrx_word' id='word_1_720' title='bbox 1493 2900 1557 2933; x_wconf 89' lang='grc' dir='ltr'><strong>μου</strong></span> <span class='ocrx_word' id='word_1_721' title='bbox 1578 2884 1648 2921; x_wconf 78' lang='grc' dir='ltr'>υἱὸν</span> <span class='ocrx_word' id='word_1_722' title='bbox 1670 2883 1728 2921; x_wconf 78' lang='grc' dir='ltr'><strong>ἕνα</strong></span> <span class='ocrx_word' id='word_1_723' title='bbox 1756 2884 1806 2933; x_wconf 80' lang='grc' dir='ltr'><strong>τῷ</strong></span> <span class='ocrx_word' id='word_1_724' title='bbox 1835 2880 1942 2933; x_wconf 88' lang='grc' dir='ltr'>κυρίῳ</span> <span class='ocrx_word' id='word_1_725' title='bbox 1963 2895 2027 2931; x_wconf 87' lang='grc' dir='ltr'><strong>μου</strong></span> <span class='ocrx_word' id='word_1_726' title='bbox 2055 2880 2145 2931; x_wconf 85' lang='grc' dir='ltr'>μετὰ</span> <span class='ocrx_word' id='word_1_727' title='bbox 2172 2882 2211 2920; x_wconf 84' lang='grc' dir='ltr'><strong>τὸ</strong></span> <span class='ocrx_word' id='word_1_728' title='bbox 2226 2889 2377 2935; x_wconf 72' lang='grc' dir='ltr'>γηρᾶσαι</span> 
     </span>
     <span class='ocr_line' id='line_1_100' title="bbox 1355 2936 2380 2997; baseline -0.008 -13"><span class='ocrx_word' id='word_1_729' title='bbox 1355 2946 1469 2989; x_wconf 76' lang='grc' dir='ltr'>αὐτὸν,</span> <span class='ocrx_word' id='word_1_730' title='bbox 1489 2945 1548 2983; x_wconf 67' lang='grc' dir='ltr'><strong>καὶ</strong></span> <span class='ocrx_word' id='word_1_731' title='bbox 1577 2944 1705 2983; x_wconf 77' lang='grc' dir='ltr'>ἔδωκεν</span> <span class='ocrx_word' id='word_1_732' title='bbox 1726 2945 1820 2995; x_wconf 83' lang='grc' dir='ltr'>αὐτῷ</span> <span class='ocrx_word' id='word_1_733' title='bbox 1843 2942 1980 2988; x_wconf 85' lang='grc' dir='ltr'>πάντα,</span> <span class='ocrx_word' id='word_1_734' title='bbox 2000 2940 2064 2978; x_wconf 82' lang='grc' dir='ltr'><strong>ὅσα</strong></span> <span class='ocrx_word' id='word_1_735' title='bbox 2091 2936 2132 2987; x_wconf 73' lang='grc' dir='ltr'><strong>ἦν</strong></span> <span class='ocrx_word' id='word_1_736' title='bbox 2155 2945 2262 2997; x_wconf 79' lang='grc' dir='ltr'>αὐτῷ.</span> <span class='ocrx_word' id='word_1_737' title='bbox 2283 2943 2380 2997; x_wconf 61' lang='grc' dir='ltr'><strong>εὈροι</strong></span> 
     </span>
     <span class='ocr_line' id='line_1_101' title="bbox 1353 3003 2378 3058; baseline -0.001 -14"><span class='ocrx_word' id='word_1_738' title='bbox 1353 3009 1427 3050; x_wconf 82' lang='grc' dir='ltr'><strong>πῶς</strong></span> <span class='ocrx_word' id='word_1_739' title='bbox 1452 3006 1539 3056; x_wconf 72' lang='grc' dir='ltr'>μετὰ</span> <span class='ocrx_word' id='word_1_740' title='bbox 1560 3004 1738 3058; x_wconf 60' lang='grc' dir='ltr'>ἀκριέείας</span> <span class='ocrx_word' id='word_1_741' title='bbox 1755 3003 1893 3041; x_wconf 84' lang='grc' dir='ltr'>ἅπαντα</span> <span class='ocrx_word' id='word_1_742' title='bbox 1923 3004 2038 3045; x_wconf 80' lang='grc' dir='ltr'>αὐτοῖς</span> <span class='ocrx_word' id='word_1_743' title='bbox 2058 3003 2238 3054; x_wconf 82' lang='grc' dir='ltr'>διηγεῖται.</span> <span class='ocrx_word' id='word_1_744' title='bbox 2258 3004 2378 3043; x_wconf 70' lang='lat' dir='ltr'><strong>’Exsi-</strong></span> 
     </span>
     <span class='ocr_line' id='line_1_102' title="bbox 1353 3063 2380 3118; baseline 0 -14"><span class='ocrx_word' id='word_1_745' title='bbox 1353 3082 1411 3104; x_wconf 90' lang='grc' dir='ltr'><strong>νου</strong></span> <span class='ocrx_word' id='word_1_746' title='bbox 1429 3068 1502 3117; x_wconf 79' lang='grc' dir='ltr'>εἰμὶ</span> <span class='ocrx_word' id='word_1_747' title='bbox 1527 3072 1633 3113; x_wconf 85' lang='grc' dir='ltr'>παῖς,</span> <span class='ocrx_word' id='word_1_748' title='bbox 1658 3066 1777 3118; x_wconf 72' lang='grc' dir='ltr'>φησὶν,</span> <span class='ocrx_word' id='word_1_749' title='bbox 1796 3063 1977 3116; x_wconf 71' lang='grc' dir='ltr'>Ἀὸραὰμ,</span> <span class='ocrx_word' id='word_1_750' title='bbox 1998 3063 2033 3100; x_wconf 85' lang='grc' dir='ltr'><strong>ὃν</strong></span> <span class='ocrx_word' id='word_1_751' title='bbox 2066 3063 2158 3102; x_wconf 85' lang='grc' dir='ltr'>ἴστε·</span> <span class='ocrx_word' id='word_1_752' title='bbox 2189 3066 2380 3115; x_wconf 85' lang='grc' dir='ltr'>μανθάνετε</span> 
     </span>
     <span class='ocr_line' id='line_1_103' title="bbox 1354 3123 2377 3177; baseline 0 -12"><span class='ocrx_word' id='word_1_753' title='bbox 1354 3128 1465 3166; x_wconf 88' lang='grc' dir='ltr'>τοίνυν</span> <span class='ocrx_word' id='word_1_754' title='bbox 1482 3127 1537 3166; x_wconf 75' lang='grc' dir='ltr'><strong>ὅτι</strong></span> <span class='ocrx_word' id='word_1_755' title='bbox 1554 3127 1726 3174; x_wconf 81' lang='grc' dir='ltr'>τοσαύτης</span> <span class='ocrx_word' id='word_1_756' title='bbox 1745 3124 1901 3176; x_wconf 81' lang='grc' dir='ltr'>εὐλογίας</span> <span class='ocrx_word' id='word_1_757' title='bbox 1917 3123 2099 3169; x_wconf 82' lang='grc' dir='ltr'>ἀπήλαυσε</span> <span class='ocrx_word' id='word_1_758' title='bbox 2118 3126 2215 3177; x_wconf 80' lang='grc' dir='ltr'>παρὰ</span> <span class='ocrx_word' id='word_1_759' title='bbox 2230 3131 2289 3165; x_wconf 78' lang='grc' dir='ltr'><strong>τοῦ</strong></span> <span class='ocrx_word' id='word_1_760' title='bbox 2309 3130 2377 3166; x_wconf 81' lang='grc' dir='ltr'><strong>τῶν</strong></span> 
     </span>
     <span class='ocr_line' id='line_1_104' title="bbox 1354 3184 2377 3238; baseline -0.001 -11"><span class='ocrx_word' id='word_1_761' title='bbox 1354 3189 1517 3228; x_wconf 86' lang='grc' dir='ltr'>ἁπάντων</span> <span class='ocrx_word' id='word_1_762' title='bbox 1551 3187 1728 3227; x_wconf 76' lang='grc' dir='ltr'>Δεσπότου</span> <span class='ocrx_word' id='word_1_763' title='bbox 1744 3217 1753 3235; x_wconf 92' lang='grc'>,</span> <span class='ocrx_word' id='word_1_764' title='bbox 1787 3189 1834 3230; x_wconf 67' lang='grc' dir='ltr'>ὡς</span> <span class='ocrx_word' id='word_1_765' title='bbox 1865 3187 1899 3223; x_wconf 81' lang='grc' dir='ltr'><strong>ἐν</strong></span> <span class='ocrx_word' id='word_1_766' title='bbox 1929 3184 2068 3237; x_wconf 84' lang='grc' dir='ltr'>πλούτῳ</span> <span class='ocrx_word' id='word_1_767' title='bbox 2094 3187 2251 3238; x_wconf 85' lang='grc' dir='ltr'>γενέσθαι</span> <span class='ocrx_word' id='word_1_768' title='bbox 2276 3189 2377 3226; x_wconf 86' lang='grc' dir='ltr'>αὐτὸν</span> 
     </span>
     <span class='ocr_line' id='line_1_105' title="bbox 1354 3244 2376 3303; baseline -0.003 -14"><span class='ocrx_word' id='word_1_769' title='bbox 1354 3253 1486 3303; x_wconf 80' lang='grc' dir='ltr'>πολλῷ.</span> <span class='ocrx_word' id='word_1_770' title='bbox 1516 3244 1605 3289; x_wconf 69' lang='grc' dir='ltr'>Εἶτα</span> <span class='ocrx_word' id='word_1_771' title='bbox 1634 3249 1805 3288; x_wconf 85' lang='grc' dir='ltr'>διδάσκων</span> <span class='ocrx_word' id='word_1_772' title='bbox 1834 3246 1967 3285; x_wconf 74' lang='grc' dir='ltr'>καὶτοῦ</span> <span class='ocrx_word' id='word_1_773' title='bbox 1985 3246 2136 3287; x_wconf 86' lang='grc' dir='ltr'>πλούτου</span> <span class='ocrx_word' id='word_1_774' title='bbox 2156 3249 2218 3297; x_wconf 83' lang='grc' dir='ltr'><strong>τὴν</strong></span> <span class='ocrx_word' id='word_1_775' title='bbox 2238 3265 2376 3302; x_wconf 88' lang='grc' dir='ltr'>περιου-</span> 
     </span>
    </p>
   </div>
   <div class='ocr_carea' id='block_1_12' title="bbox 381 3370 2029 3420">
    <p class='ocr_par' dir='ltr' id='par_1_16' title="bbox 381 3370 2029 3420">
     <span class='ocr_line' id='line_1_106' title="bbox 381 3370 2029 3420; baseline 0.002 -18"><span class='ocrx_word' id='word_1_776' title='bbox 381 3381 392 3394; x_wconf 77' lang='grc'><em>·</em></span> <span class='ocrx_word' id='word_1_777' title='bbox 416 3371 469 3403; x_wconf 79' lang='lat' dir='ltr'><strong>Sic</strong></span> <span class='ocrx_word' id='word_1_778' title='bbox 488 3371 586 3403; x_wconf 86' lang='lat' dir='ltr'><strong>etiam</strong></span> <span class='ocrx_word' id='word_1_779' title='bbox 606 3371 639 3404; x_wconf 84' lang='lat' dir='ltr'><strong>in</strong></span> <span class='ocrx_word' id='word_1_780' title='bbox 656 3370 756 3404; x_wconf 76' lang='lat' dir='ltr'><strong>savit.</strong></span> <span class='ocrx_word' id='word_1_781' title='bbox 778 3373 815 3404; x_wconf 82' lang='lat' dir='ltr'><strong>ln</strong></span> <span class='ocrx_word' id='word_1_782' title='bbox 832 3379 921 3405; x_wconf 78' lang='lat' dir='ltr'><strong>textu</strong></span> <span class='ocrx_word' id='word_1_783' title='bbox 935 3384 1011 3405; x_wconf 67' lang='lat' dir='ltr'><strong>xero</strong></span> <span class='ocrx_word' id='word_1_784' title='bbox 1030 3384 1087 3407; x_wconf 69' lang='grc' dir='ltr'><strong>τῶν</strong></span> <span class='ocrx_word' id='word_1_785' title='bbox 1101 3374 1152 3407; x_wconf 92' lang='grc' dir='ltr'><strong>Ο’.</strong></span> <span class='ocrx_word' id='word_1_786' title='bbox 1165 3382 1236 3416; x_wconf 86' lang='lat' dir='ltr'><strong>post</strong></span> <span class='ocrx_word' id='word_1_787' title='bbox 1258 3378 1368 3420; x_wconf 52' lang='grc' dir='ltr'>σφόδρα</span> <span class='ocrx_word' id='word_1_788' title='bbox 1385 3373 1520 3407; x_wconf 76' lang='lat' dir='ltr'><strong>additur</strong></span> <span class='ocrx_word' id='word_1_789' title='bbox 1536 3380 1583 3408; x_wconf 73' lang='grc' dir='ltr'><strong>καὶ</strong></span> <span class='ocrx_word' id='word_1_790' title='bbox 1602 3377 1720 3417; x_wconf 55' lang='grc' dir='ltr'><strong>ὑψώθη,</strong></span> <span class='ocrx_word' id='word_1_791' title='bbox 1739 3380 1770 3405; x_wconf 81' lang='lat' dir='ltr'><strong>el</strong></span> <span class='ocrx_word' id='word_1_792' title='bbox 1786 3371 1955 3405; x_wconf 67' lang='lat' dir='ltr'><strong>exaltatus</strong></span> <span class='ocrx_word' id='word_1_793' title='bbox 1972 3379 2029 3405; x_wconf 79' lang='lat' dir='ltr'><strong>est.</strong></span> 
     </span>
    </p>
   </div>
  </div>
 </body>
</html>
