2516 3791
261 302 343 326 rum
361 286 578 325 oblivionem
601 298 684 336 erga
703 297 760 321 eos
779 281 841 332 qui
859 293 923 317 nos
940 277 1070 315 damno
1089 274 1215 312 affece-
1284 270 1347 319 τὴν
1361 270 1441 323 περὶ
1455 268 1533 313 τοὺς
1552 267 1806 320 ἕπηρεάζοντας
1823 264 2078 318 μακροθυμίαν,
2097 262 2160 310 τὴν
2177 277 2310 314 σωφρο-

265 348 648 400 runt‚q)atientiamqiie
663 358 744 395 erga
761 356 818 380 eos
833 340 894 390 qui
908 338 1009 376 nobis
1017 336 1217 374 molestiam
1286 331 1391 378 σύνην
1407 330 1471 377 τὴν
1490 329 1787 382 ὓπερὸάλλουσαν.
1803 327 1983 366 Ἐντεῦθεν
2000 325 2067 377 γὰρ
2081 325 2168 362 καὶὸ
2181 323 2312 368 δίκαιος

265 409 438 457 inserunt,
473 408 783 453 intemeratamque
823 398 1090 438 continentiam.
1123 396 1217 434 Hinc
1287 389 1384 438 οὗτος
1417 392 1590 439 τοσαύτην
1609 389 1834 429 ἐπεσπάσατο
1852 386 1949 440 παρὰ
1975 391 2035 425 τοῦ
2062 387 2154 425 Θεοῦ
2173 382 2236 430 τὴν
2257 383 2315 420 εὔ-

269 471 362 508 enim
378 470 494 521 justus
510 476 645 505 tantam
663 463 732 502 sibi
746 462 812 500 Dei
830 460 984 512 gratiam
1002 457 1217 497 conciliavit.
1290 471 1398 494 νοιαν.
1417 455 1462 492 Εἰ
1479 452 1592 490 τοίνυν
1610 449 1803 502 βουλόμεθα
1821 448 1880 487 καὶ
1897 452 1999 498 ἡμεῖς
2011 447 2074 493 τὴν
2094 447 2222 484 ἄνωθεν
2240 446 2314 482 ἔπι-

271 531 309 569 Si
326 543 409 580 ergo
428 528 594 566 volumus
624 539 688 562 nos
714 536 856 574 quoque
881 521 1019 560 caeleste
1042 518 1222 557 auxilium
1293 515 1496 556 σπάσασθαι
1516 512 1638 566 ῥοπὴν,
1658 512 1766 549 πολὺν
1780 514 1842 557 τῆς
1860 511 1985 560 ἀρετῆς
2003 507 2184 558 ποιώμεθα
2202 505 2317 556 λόγον.

272 591 443 639 obtinere,
464 600 641 626 summam
657 583 801 623 virtutis
823 584 1017 621 habeamus
1032 581 1218 619 rationem.
1294 577 1399 617 Οὕτω
1426 577 1493 628 γὰρ
1521 575 1581 613 καὶ
1617 576 1677 611 τοῦ
1709 570 1914 621 Πνεύματος
1952 566 2225 617 ἐπισπασόμεθα
2253 564 2317 610 τὴν

274 654 332 692 Sic
351 651 444 689 enim
463 658 496 687 et
515 648 674 700 Spiritus
698 645 849 698 gratiam
871 644 973 683 nobis
992 643 1225 691 attrahemus‚
1294 639 1416 692 χάριν,
1444 637 1504 676 καὶ
1522 636 1580 674 τὸν
1597 632 1754 685 παρόντα
1776 631 1848 682 βίον
1864 629 2005 673 ἀλύπως
2023 627 2245 677 διανύσομεν,
2259 625 2320 663 καὶ

274 721 307 749 et
321 717 527 762 praesentem
545 706 656 744 vitam
671 718 799 757 magna
809 703 1034 756 jucunditate
1052 702 1225 751 transige·
1295 703 1364 738 τῶν
1393 697 1588 750 μελλόντων
1622 692 1871 743 ἐπιτευξόμεθα
1910 693 2046 743 ἀγαθῶν
2061 705 2068 713 ·
2103 683 2150 727 ὧν
2187 687 2321 739 γένοιτο

276 785 366 818 mus,
395 778 429 807 et
452 769 572 806 futura
595 767 687 804 bona
717 779 971 816 consequemur
991 779 998 800 ε
1018 778 1097 814 quae
1125 762 1227 801 nobis
1297 763 1429 806 πάντας
1449 764 1543 811 ἡμᾶς
1566 760 1755 810 ἐπιτυχεῖν,
1774 755 1893 808 χάριτι
1921 753 1981 792 καὶ
2005 749 2248 805 φιλανθρωπίᾳ
2262 751 2322 787 τοῦ

278 832 441 870 omnihus
466 828 633 867 concedat
652 827 829 865 Dominus
857 835 975 864 noster
1000 827 1104 865 Jesus
1123 824 1228 862 Chri-
1298 824 1428 876 Κυρίου
1449 824 1551 872 ἡμῶν
1574 820 1693 867 Ἰησοῦ
1716 819 1888 869 Χριστοῦ,
1925 816 1999 866 μεθ’
2034 807 2071 852 οἷ
2101 815 2150 865 τῷ
2181 809 2322 862 Πατρὶ,

279 903 364 939 stus,
380 892 527 944 quicum
548 890 647 928 Patri
668 899 702 927 et
722 897 841 926 sancto
868 886 1022 940 Spiritui
1036 887 1082 924 sit
1101 886 1228 938 gloria,
1299 886 1374 937 ἅμα
1391 887 1441 937 τῷ
1460 883 1549 936 ἁγίῳ
1567 881 1769 931 Πνεύματι,
1785 878 1881 924 δόξα,
1903 876 2046 929 κράτος,
2065 873 2174 925 τιμὴ,
2188 876 2246 911 νῦν
2263 870 2324 910 καὶ

279 955 482 1008 imperium,
496 964 529 991 et
543 953 669 1001 honor,
685 965 779 990 nunc
791 959 824 989 et
839 963 991 1002 semper,
1008 956 1041 986 et
1057 948 1094 986 in
1115 962 1227 986 saeeu-
1302 947 1355 984 ἀεὶ
1365 973 1379 992 ,
1398 945 1458 984 καὶ
1479 946 1526 986 εἷς
1545 942 1624 987 τοὺς
1643 943 1769 983 αἰῶνας
1787 943 1857 978 τῶν
1878 937 2026 976 αἰώνων.
2054 935 2089 975 Ἀ
2098 934 2180 986 μήν.

279 1020 314 1056 la
334 1018 554 1056 saeculorum.
578 1016 702 1052 Amen.
1528 1002 1531 1005 ’

845 1135 883 1172 F
881 1135 967 1172 [Nl
966 1133 992 1172 S
1018 1133 1061 1170 H
1062 1132 1166 1171 OMI
1165 1129 1262 1169 LIA
1266 1131 1296 1168 R
1305 1130 1390 1168 ΠΜ
1411 1129 1480 1167 ΙΝ
1503 1128 1577 1167 GE
1580 1126 1764 1166 NESJM.

228 1485 274 1511 ⁶42
776 1450 859 1497 AD
893 1447 1221 1496 SERMONES
1257 1445 1419 1493 OCTO
1455 1444 1520 1492 IN
1555 1443 1836 1492 GENESIM

1022 1625 1596 1709 MONITUVI.

343 1847 488 1900 Optime
507 1844 649 1898 conjicit
670 1842 938 1891 Tillemontius„
958 1854 1040 1878 eum
1058 1840 1108 1876 ait
1127 1837 1268 1891 opinari
1290 1850 1326 1875 se
1352 1836 1495 1875 ineunte
1521 1836 1804 1889 Quadragesima
1833 1837 1917 1875 anni
1940 1837 2018 1877 586
2040 1838 2337 1892 Chrysostomum

291 1910 355 1947 hos
373 1908 540 1947 habuisse
552 1907 757 1954 Sermones3
775 1902 872 1954 quod
888 1911 1007 1940 autem
1020 1899 1144 1953 adjicit
1157 1899 1317 1951 primum
1333 1898 1538 1937 Sermonem
1551 1898 1690 1936 djctum
1704 1898 1812 1936 suisse
1825 1899 1941 1951 prima
1959 1899 2254 1952 Quadragesimae
2264 1902 2337 1951 die,

292 1972 378 2009 feria
404 1983 530 2021 nempe
551 1966 719 2016 secunda,
747 1980 818 2016 qua
844 1963 1082 2016 incipiebatur
1111 1960 1309 1999 Antiochiae
1340 1959 1637 2012 Quadragesima,
1669 1969 1704 1998 et
1728 1960 1796 1998 hoc
1825 1974 1917 1998 anno
1945 1960 2125 1999 incidebat
2149 1962 2186 2000 in
2206 1965 2256 2002 16
2273 1964 2301 2001 F
2304 1978 2340 2001 e—

291 2031 445 2082 bruarii,
465 2029 573 2077 illud,
597 2029 755 2079 inquam,
775 2034 918 2063 eatenus
939 2022 1264 2077 exploratum'esse
1289 2029 1417 2073 potest,
1445 2030 1618 2072 quatenus
1643 2021 1795 2059 Tabulis
1821 2021 2052 2060 Paschalibus
2076 2022 2187 2061 fidere
2215 2038 2341 2075 possu-

294 2107 385 2142 mus,
408 2107 486 2143 quae
508 2092 576 2129 hoc
593 2103 684 2127 anno
704 2087 840 2125 Pascha
859 2086 895 2124 in
914 2086 1075 2137 quintam
1100 2083 1235 2136 Aprilis
1258 2081 1415 2121 incidere
1434 2083 1682 2120 testificantur.
1704 2082 1772 2121 Sed
1795 2096 1876 2120 eum
1891 2082 1961 2120 illae
1976 2083 2127 2122 Tabulae
2152 2085 2341 2123 Paschales

295 2168 364 2191 non
384 2152 528 2190 omnino
555 2158 682 2188 vacent
705 2147 920 2199 suspicione,
942 2155 981 2184 ut
1006 2145 1174 2197 pluribus
1205 2144 1367 2182 diximus
1394 2145 1431 2182 in
1461 2144 1601 2182 Monito
1625 2144 1674 2182 ad
1695 2144 1882 2182 Orationes
1909 2153 2032 2182 contra
2056 2145 2200 2183 Judaeos
2225 2146 2341 2183 Tomo

295 2215 413 2267 primo
435 2229 442 2249 ε
463 2213 507 2251 iis
526 2226 595 2249 non
615 2208 820 2248 omnimoda
847 2207 936 2245 fides
960 2205 1137 2244 habenda.
1156 2206 1282 2255 Itaque
1309 2214 1448 2242 eertum
1463 2214 1514 2242 est
1528 2205 1689 2257 primum
1707 2205 1744 2242 in
1766 2205 1936 2243 Genesim
1955 2206 2162 2244 Sermonem
2175 2206 2342 2244 habitum

297 2276 403 2314 fuisse
427 2275 542 2328 prima
562 2273 621 2311 die
640 2269 947 2321 Quadragesimae,
967 2281 1044 2318 quae
1061 2266 1147 2304 feria
1165 2265 1334 2316 secunda,
1353 2265 1467 2303 biduo
1486 2280 1612 2318 nempe
1630 2275 1710 2304 ante
1727 2265 2049 2317 Quadragesimam
2067 2275 2236 2316 nostram,
2250 2282 2339 2305 sem-

298 2352 360 2390 per
386 2335 583 2374 Antiochiae
614 2331 828 2384 incipiebat3
848 2344 916 2367 non
934 2327 1083 2382 perinde
1102 2341 1186 2366 vero
1212 2336 1348 2364 certum
1362 2336 1413 2364 est
1430 2341 1500 2377 qua
1522 2327 1652 2365 mensis
1680 2326 1750 2376 die,
1770 2327 1860 2364 utin
1886 2326 2010 2364 eodem
2034 2328 2174 2366 Monito
2202 2328 2340 2367 videas.

351 2398 500 2436 Habitos
521 2406 641 2434 autem
657 2408 747 2432 anno
765 2391 843 2430 586
860 2391 935 2443 ipse
952 2389 1137 2443 perspicue
1160 2396 1413 2426 commonstrat
1435 2388 1712 2441 Chrysostomus
1738 2401 1819 2425 cum
1845 2387 2042 2425 seeundum
2065 2388 2270 2428 Sermonem
2287 2390 2344 2428 his

298 2460 419 2499 verbis
434 2459 575 2498 orditur
595 2451 706 2508 :Koa
725 2454 902 2505 μέμνησθε
917 2455 984 2490 τῶν
1005 2451 1216 2501 ζητημάτων
1234 2453 1302 2489 τῶν
1332 2449 1453 2502 πρῴην
1473 2450 1707 2501 προτεθέντων
1739 2453 1837 2499 ὑμῖν,
1861 2450 1923 2491 Εἷς
1955 2453 2117 2488 τοσοῦτον
2150 2450 2218 2503 γὰρ
2251 2454 2345 2501 ἡμᾶς

261 128 353 191 746
691 141 710 170 S
768 137 952 169 JOAN‘MS
991 131 1217 164 CHRYSOST
1274 128 1479 159 ARCHIEP·
1519 123 1880 155 CONSTANTINOP.
2462 160 2475 170 l

261 226 441 264 imitemur
452 226 633 278 justorum
647 223 792 260 illorum
807 221 992 267 virtutem,
1013 224 1046 253 et
1064 212 1213 265 injuria·
1282 210 1346 257 τὴν
1367 208 1516 261 ἀρετὴν,
1548 206 1611 255 τὴν
1639 207 1720 259 περὶ
1747 205 1826 249 τοὺς
1850 206 2050 246 ἀδικοῦντας
2075 201 2307 248 ἀνεξικακίαν,
2476 186 2490 227 ss‘.

2445 933 2452 1179 i

300 2521 464 2564 ἀπονοίας
488 2520 547 2559 καὶ
568 2519 699 2569 τόλμης
719 2515 872 2568 ἔπὴρατε
886 2544 896 2562 ,
914 2516 960 2557 ὣς
979 2513 1039 2551 καὶ
1064 2512 1274 2562 ζητημάτων
1304 2511 1370 2558 ἤδη
1399 2512 1623 2563 κατατολμᾷν
1642 2526 1650 2533 ·
1672 2511 1802 2560 μᾶλλον
1823 2509 1857 2546 δὲ
1876 2511 1938 2547 οὐκ
1958 2509 1998 2546 ἂν
2029 2509 2080 2556 εἴη
2107 2510 2240 2561 τόλμης
2266 2510 2344 2550 οὐδὲ

301 2582 462 2626 ἀπονοίας
479 2585 591 2621 τοῦτο.
609 2581 662 2618 Οὐ
682 2577 749 2631 γὰρ
772 2575 882 2628 οἰκείᾳ
910 2575 1056 2625 δυνάμει
1081 2573 1336 2626 θαρρήσαντες,
1357 2574 1447 2612 ἀλλὰ
1474 2579 1550 2618 ταῖς
1569 2576 1688 2626 εὐχαῖς
1705 2575 1774 2611 τῶν
1793 2572 1970 2626 προέδρων
1993 2573 2053 2610 καὶ
2071 2579 2147 2617 ταῖς
2162 2573 2346 2626 ὑμετέραις

300 2647 339 2684 τὸ
358 2652 426 2683 πᾶν
443 2642 698 2696 ἐπιρρίψαντες,
712 2637 960 2687 ἀπεδυσάμεθα
980 2636 1064 2688 πρὸς
1076 2635 1115 2673 τὸ
1132 2634 1290 2673 στάδιονε
1309 2634 1334 2671 i.
1350 2649 1381 2673 e.
1402 2635 1600 2687 Numquid
1612 2636 1839 2672 meministis
1852 2636 2122 2685 quaestionum,
2133 2648 2219 2685 quae
2233 2637 2346 2673 vobis

301 2720 420 2759 nuper
439 2714 526 2744 sunt
544 2703 748 2755 propositae
761 2704 777 2736 .³
793 2701 843 2736 In
862 2707 1015 2736 tantam
1031 2699 1134 2735 enim
1151 2697 1418 2748 arrogantiam
1434 2704 1469 2733 et
1485 2696 1695 2733 audaciam
1712 2707 1780 2732 nos
1794 2696 2039 2746 provexistis,
2061 2703 2101 2732 ut
2116 2699 2346 2747 quoestiones

299 2768 487 2819 intrepide
502 2765 772 2818 aggrediamur
786 2776 796 2796 .·
811 2763 887 2797 imo
903 2773 970 2797 nec
983 2759 1159 2796 audacia?
1175 2772 1243 2796 nec
1256 2759 1490 2808 arrogantioe
1505 2758 1546 2794 id
1554 2758 1713 2807 facinus
1727 2764 1795 2794 est.
1809 2757 1899 2793 Non
1913 2758 2014 2793 enim
2031 2758 2182 2794 viribus
2206 2759 2346 2795 nostris

300 2829 549 2881 confidentes,
569 2825 637 2864 sed
652 2825 870 2861 antistitum
884 2822 1060 2873 precibus
1077 2833 1123 2857 ac
1138 2821 1277 2857 vestris
1295 2820 1426 2856 omnia
1442 2820 1734 2863 committentes,
1751 2817 1804 2854 ad
1819 2818 1989 2854 stadium
2005 2831 2073 2855 nos
2087 2820 2341 2855 accinximus.

300 2891 369 2928 llic
387 2890 479 2927 clarc
496 2887 596 2926 vides
614 2885 907 2936 Chrysostomum
928 2881 975 2919 ad
995 2879 1150 2920 stadium
1170 2894 1206 2917 se
1218 2879 1471 2931 accingentem,
1490 2887 1523 2916 et
1541 2877 1829 2930 Quadragesimae
1848 2892 2027 2916 sermones
2041 2878 2201 2930 primum
2219 2878 2344 2916 ineun-

299 2962 385 3001 tem,
401 2964 503 3000 seque
525 2962 611 3000 pene
629 2945 787 2983 audacia:
809 2944 1041 2990 incusantem‚
1060 2940 1157 2993 quod
1180 2954 1254 2978 rem
1273 2949 1407 2978 tantam
1423 2939 1678 2991 aggrederetur
1688 2954 1698 2989 3
1715 2953 1792 2990 quae
1809 2947 1902 2976 certe
1918 2938 2037 2977 omnia
2056 2938 2344 2991 quadragesima—

298 3013 349 3051 les
367 3024 541 3049 sermones
563 3008 678 3060 prima
692 3006 769 3043 vice
787 3005 1015 3057 incipientem
1035 3003 1193 3040 indicant
1216 3017 1223 3037 :
1245 3015 1313 3039 non
1333 3001 1427 3039 enim
1450 3015 1488 3038 ea
1512 3015 1595 3038 usus
1614 3009 1665 3038 cst
1687 2999 1851 3038 ordiendi
1875 2999 2010 3038 ratione
2028 3014 2119 3038 anno
2139 3001 2343 3050 insequente

299 3075 391 3122 587,
410 3086 491 3110 eum
509 3072 694 3109 Sermones
707 3067 751 3105 de
771 3066 906 3105 Statuis
926 3080 987 3118 per
1007 3073 1116 3102 totam
1130 3062 1453 3113 Quadragesimam
1468 3062 1606 3101 habuit.
1624 3063 1749 3113 Itaque
1763 3061 1801 3099 hi
1818 3062 2004 3099 Sermones
2023 3060 2098 3099 sine
2109 3059 2220 3098 dubio
2231 3061 2342 3113 perti-

299 3144 382 3173 nent
397 3133 444 3171 ad
463 3145 594 3170 annum
618 3130 706 3177 586,
726 3142 795 3178 quo
820 3127 960 3165 ineunte
983 3126 1167 3178 presbyter
1183 3123 1367 3161 ordinatus
1392 3123 1478 3171 fuit,
1501 3133 1540 3161 ut
1557 3123 1695 3162 dictum
1717 3131 1768 3161 est
1790 3122 1826 3160 in
1843 3122 1982 3160 Monito
2001 3120 2046 3159 ad
2066 3121 2261 3159 Homiliam
2284 3121 2341 3160 cni

300 3195 440 3244 titulus,
471 3194 564 3231 Cum
585 3192 787 3243 presbyter
802 3190 889 3241 suit
914 3188 1129 3232 ordinatus,
1149 3186 1264 3222 'l‘omo
1279 3186 1306 3222 Ι.
1467 3172 1469 3174 ¹

352 3258 496 3309 Aliquot
515 3255 625 3307 igitur
650 3252 751 3291 annis
777 3261 963 3302 antequam
982 3250 1159 3288 llomilias
1173 3250 1240 3299 (57,
1262 3262 1342 3299 qum
1371 3246 1598 3299 praecedunt‚
1615 3245 1774 3291 haberet,
1797 3243 1860 3281 hos
1881 3244 2066 3282 Sermones
2098 3242 2253 3291 dixerat,
2276 3243 2338 3281 ubi

298 3321 449 3373 plurima
467 3317 595 3370 passim
623 3314 897 3357 animadvertas,
912 3327 988 3363 qua}
1014 3312 1140 3351 iisdem
1157 3325 1247 3363 serpe
1264 3309 1382 3348 verbis
1396 3309 1431 3346 in
1450 3307 1616 3345 Homiliis
1634 3307 1706 3345 illis
1725 3306 1958 3344 observantur
1976 3320 1983 3340 :
2003 3303 2096 3342 unde
2113 3303 2258 3342 sortasse
2278 3303 2334 3342 di-
