2516 3791
278 201 368 262 704
693 212 732 241 s.

274 295 509 348 telligentiam
529 308 648 333 omnes
677 294 877 332 consolatus
897 290 1032 329 fuerit?
1052 291 1116 328 46.
1145 290 1225 327 Ex-

276 364 346 399 ivit
363 360 471 410 enim,
491 359 619 410 inquit,
634 360 782 410 asae-ie
799 357 1035 403 Pharaonis,
1045 362 1082 391 et
1099 361 1225 391 trans-

276 424 348 460 ivit
363 435 434 473 per
453 433 605 458 omnem
621 427 764 456 terram
783 417 968 467 AEgyptt'5
987 414 1053 452 47.
1077 422 1114 452 et
1126 415 1228 466 fecit

276 491 380 520 terra
404 483 522 519 annis
556 487 699 530 septem
718 476 948 529 fertilitatis
988 474 1225 526 manipulos,-

273 543 336 580 49.
357 551 394 579 et
412 541 660 592 congregavit
667 539 920 590 frumentum
935 539 1035 574 sicut
1064 549 1226 574 arenam

272 606 403 641 maris.
430 602 599 652 Suscepta
623 598 724 651 prius
755 613 775 635 a
808 611 891 649 rege
914 605 1086 650 potestate
1114 596 1223 645 omni,

273 662 426 714 collegit,
440 661 570 712 inquit,
604 660 738 711 fruges,
754 668 788 697 et
812 659 850 696 in
886 658 1094 698 civitatibus
1120 672 1223 710 repo-

272 724 356 773 suit,
376 722 567 776 providens
584 721 661 774 jam
694 720 808 758 multo
831 729 947 770 antea,
982 733 1060 771 quae
1093 719 1276 781 futurae608

272 784 428 837 penuriae
463 796 669 822 succurrere
689 790 843 834 possent.
862 780 1002 821 Vidisti
1025 780 1145 832 quales
1167 794 1221 818 re·
1242 795 1267 822 A

271 848 484 886 tributiones
500 846 720 886 fortitudinis
739 855 772 884 et
785 845 978 898 patientiae‚
1011 855 1046 883 et
1067 845 1220 883 aliarum

269 908 559 948 virtutumetiam
576 908 637 946 hic
656 907 828 960 acceperit
836 908 969 959 justus,
991 921 1074 946 cum
1103 921 1122 944 a
1144 906 1223 945 vin-

269 971 358 1008 culis
382 970 428 1008 ad
447 970 546 1022 regia
561 969 693 1022 palatia
717 968 901 1007 ascendit?
926 969 987 1007 50.
1012 969 1110 1006 Nati
1131 975 1221 1006 sunt

268 1040 398 1070 autem
418 1032 493 1078 illi,
512 1030 642 1081 inquit,
659 1030 844 1082 daofilii‚
863 1032 1091 1082 priusquam
1104 1029 1220 1066 adve-

268 1096 397 1131 nirent
417 1095 514 1130 anni
531 1093 702 1143 penurioe
717 1106 728 1126 .·
752 1091 815 1128 51.
839 1099 877 1127 et
895 1093 1055 1127 vocavit
1081 1102 1222 1128 nomen

264 1156 404 1205 prioris
425 1155 613 1191 Manasse
626 1169 639 1190 .·
656 1154 842 1204 quoniam
859 1151 1035 1189 oblivisci
1052 1165 1112 1188 me
1115 1152 1219 1203 fecit

267 1216 372 1252 Deus
396 1217 567 1252 omnium
587 1214 765 1251 laborum
797 1226 981 1259 meorum,
1023 1220 1060 1250 et
1087 1225 1218 1250 eorum

267 1290 352 1327 quoe
368 1283 459 1313 sunt
474 1277 600 1327 patris
614 1276 702 1312 mei.
724 1271 875 1311 Attende
891 1272 952 1310 hic
978 1272 1048 1311 viri
1077 1272 1218 1324 religio-

266 1351 347 1375 nem
368 1346 401 1374 et
423 1336 602 1389 pietatem,
619 1333 799 1386 quomodo
818 1348 881 1386 per
913 1333 981 1371 filii
1004 1333 1218 1386 appellatio-

266 1412 346 1437 nem
368 1397 574 1436 memoriam
594 1396 754 1435 omnium
769 1395 976 1444 servaverit,
990 1403 1028 1433 ut
1046 1405 1219 1448 perpetuo

265 1459 396 1511 gratias
415 1467 548 1510 ageret,
567 1457 674 1509 etqui
687 1471 733 1495 ex
752 1471 788 1495 se
806 1465 910 1494 natus
940 1463 1024 1505 erat,
1043 1471 1107 1508 per
1117 1470 1218 1495 suam

265 1519 539 1573 appellationem
559 1518 649 1556 scire
666 1525 784 1570 posset
800 1516 990 1555 certamina
1020 1524 1054 1554 et
1080 1517 1217 1568 patien-

265 1581 367 1631 tiam,
385 1594 463 1631 quae
477 1581 597 1632 justus
622 1578 798 1630 perferens
819 1578 854 1614 in
873 1585 1008 1615 tantam
1040 1578 1219 1631 pervenis-
1239 1584 1261 1613 B

265 1650 314 1680 set
347 1641 512 1693 gloriam.
551 1641 652 1691 Quia
689 1640 866 1677 oblivisci
898 1652 960 1676 me
975 1640 1080 1691 fecit
1107 1641 1216 1678 Deus

264 1706 435 1741 omnium
455 1702 634 1740 laborum
666 1713 850 1747 meorum,
881 1708 919 1738 et
943 1702 1114 1738 omnium
1130 1714 1216 1752 quoe

263 1773 353 1803 sunt
369 1766 493 1816 patris
514 1765 602 1800 mei.
624 1760 722 1807 Quid
736 1770 801 1811 est,
835 1762 1015 1799 Omnium
1039 1762 1216 1799 laborum

264 1829 464 1864 meorum?
491 1823 560 1862 Hic
583 1821 810 1862 subindicare
842 1821 934 1860 mihi
966 1821 1110 1861 videtur
1141 1822 1214 1874 pri-

264 1902 360 1925 mam
379 1895 412 1924 et
423 1884 615 1924 secundam
629 1883 851 1933 servitutem,
865 1892 899 1921 et
911 1882 1093 1921 miseriam
1107 1897 1215 1934 quam

265 1949 301 1986 in
322 1961 461 1986 carcere
475 1946 569 1985 tulit.
587 1947 639 1984 Et
661 1947 831 1983 omnium
851 1958 939 1997 quoe
971 1952 1062 1982 sunt
1091 1946 1216 1996 patris

264 2014 338 2050 mei
366 2009 671 2062 :segregationem
696 2007 888 2059 signifieat,
912 2020 1021 2058 quam
1048 2006 1217 2044 sustinuit

262 2073 428 2124 abreptus
447 2072 491 2109 ab
507 2070 599 2108 ulnis
612 2069 781 2123 paternis,
801 2069 883 2122 quia
897 2069 1087 2108 immatura
1099 2079 1213 2119 aetate,

264 2143 337 2172 tam
351 2132 548 2170 liberaliter
566 2130 748 2179 educatu5‚
764 2130 964 2169 libertatem
995 2145 1078 2170 cum
1102 2133 1215 2172 servi-

264 2203 338 2232 tute
354 2193 599 2232 commutavit.
625 2193 688 2230 52.
714 2192 768 2229 Et
797 2205 936 2230 nomen
967 2195 1127 2231 secundi
1144 2208 1197 2232 vo

264 2258 367 2294 cavit
383 2256 588 2306 Ephraim,
607 2256 700 2305 quia
714 2254 992 2305 crescerefecit
1011 2269 1071 2292 me
1107 2256 1214 2293 Deus
1237 2268 1260 2298 c

264 2320 306 2354 in
324 2325 428 2354 terra
457 2315 691 2353 humilitatis
722 2327 828 2351 meoe.
851 2313 947 2353 Vide
961 2323 995 2352 et
1011 2314 1120 2367 hujus
1152 2330 1214 2354 no-

264 2391 343 2415 men
355 2376 551 2429 gratiarum
561 2374 698 2412 actione
710 2373 867 2426 plenum.
880 2375 960 2412 Non
971 2375 1087 2414 solum
1103 2376 1196 2414 enim
1200 2408 1211 2427 ‚

264 2438 392 2489 inquit,
411 2435 636 2475 adversitatis
655 2434 788 2473 oblitus
817 2449 909 2486 sum,
940 2435 1001 2474 sed
1021 2445 1053 2474 et
1089 2447 1213 2477 auctus

264 2514 343 2538 sum
360 2499 395 2536 in
407 2508 511 2545 terra,
531 2498 566 2535 in
578 2511 647 2548 qua
668 2504 799 2534 tantam
817 2497 971 2535 sustinui
993 2497 1215 2538 humiliatio—

264 2575 358 2610 nem,
378 2568 501 2612 utpote
519 2559 555 2596 in
582 2557 751 2596 extremis
772 2557 940 2609 periculis
958 2558 1064 2597 etiam
1079 2559 1124 2598 de
1139 2561 1215 2599 vita

263 2622 403 2660 anxius.
424 2621 563 2660 Verum
583 2632 678 2656 1111116
696 2617 822 2655 auditu
835 2617 944 2670 digna
962 2628 1044 2658 sunt
1064 2634 1142 2672 quae
1162 2636 1216 2660 se-

261 2692 434 2734 quuntur.
446 2682 538 2719 Nam
558 2688 636 2732 post
648 2678 868 2717 fertilitatem
882 2690 1015 2733 septem
1029 2696 1216 2734 annorum,

262 2752 436 2783 venerunt
451 2752 483 2780 et
505 2750 639 2794 septem
666 2739 748 2778 anni
769 2741 927 2792 penuria:
951 2751 985 2780 et
1009 2742 1126 2792 famis,
1163 2758 1214 2782 se-

264 2804 421 2843 cundum
454 2802 721 2856 praedictionem
753 2801 914 2854 Josephi.
950 2804 1083 2842 Rerum
1121 2805 1215 2843 enim

262 2875 410 2904 eventus
426 2877 625 2902 concessam
639 2863 718 2901 viro
737 2862 947 2914 sapientiam
966 2865 1133 2904 omnihus
1151 2865 1213 2904 de-

262 2927 415 2977 tegebat,
436 2925 541 2975 idquc
561 2923 748 2973 efficiebat,
772 2932 810 2960 ut
831 2938 952 2963 omnes
979 2925 1010 2963 ei
1031 2940 1105 2964 sese
1130 2926 1215 2965 sub-

263 2989 452 3026 mitterent.
472 2986 517 3023 Et
543 3000 623 3023 611111
638 2986 748 3022 sames
766 2984 887 3023 valida
911 2986 1003 3024 facta
1016 2997 1116 3035 esset,
1142 2988 1216 3040 pri·
1239 2992 1261 3021 Γ)

263 3063 362 3087 11111111
384 3062 441 3086 eos
457 3046 640 3099 penuriam
657 3045 784 3083 sentire
803 3060 871 3084 non
892 3047 1066 3099 permisit.
1084 3049 1146 3087 54.
1165 3051 1214 3087 In

264 3113 367 3148 omni
382 3109 475 3147 enim
498 3116 601 3145 terra
636 3108 907 3159 [Eg-rptiormn
940 3118 1052 3147 erant
1072 3124 1208 3161 panes.

307 3271 318 3281 -·
347 3265 388 3294 Ἱῆ
406 3259 588 3301 προσηγορία
609 3258 659 3286 τοῦ
688 3256 788 3290 παιδὸς
817 3261 879 3285 etc.
901 3271 906 3287 2
931 3253 1105 3299 Quomodo
1119 3254 1269 3299 persilii

261 3308 520 3352 appellationem
534 3307 720 3336 memoriam
735 3307 880 3335 (mzm'um
893 3310 1068 3338 servaverit
1079 3320 1090 3347 ‚‘
1106 3308 1172 3340 imo
1185 3307 1268 3340 obli-

264 3363 391 3392 sionem
408 3359 554 3391 omnium
573 3355 719 3393 induxit,
746 3354 843 3398 idque
869 3357 1117 3397 significabatur
1136 3359 1267 3392 1101111111·

265 3414 407 3445 Mnnassc
423 3438 428 3451 5
447 3419 481 3443 111
501 3408 600 3442 niodo
618 3407 699 3442 dixit
719 3408 889 3451 §criptura
911 3422 914 3440 :
937 3411 1083 3444 manasse
1100 3414 1185 3447 enini
1204 3414 1267 3445 lle—

769 210 954 242 JOANMS
988 207 1229 239 CHRYSOST.
1267 207 1472 236 ARCHIEP.
1510 206 1860 238 CONSTANTlNoP.

1295 288 1494 340 προσούσης
1522 291 1616 341 αὐτῷ
1641 289 1810 333 συνέσεως
1831 290 1987 334 ἅπαντας
2018 291 2313 343 παρεμυθήσατο;

1296 349 1441 395 Ἐξῆλθε
1470 349 1560 401 γὰρ,
1596 350 1715 402 φησὶν,
1743 350 1812 389 ἀπὸ
1846 351 2034 404 προσώπου
2067 351 2222 404 Φαραὼ,
2255 352 2316 390 καὶ

1296 411 1414 456 διῆλθε
1442 416 1559 448 πᾶσαν
1586 414 1651 462 γῆν
1671 411 1868 462 Αἰγύπτου·
1891 412 1949 450 καὶ
1982 413 2141 460 ἐποίησεν
2159 416 2181 459 ἡ
2202 415 2247 464 γῆ
2279 413 2314 449 ἐν

1296 477 1366 514 τοῖς
1385 470 1474 508 ἑπτὰ
1491 470 1583 509 ἔτεσι
1599 475 1662 518 τῆς
1677 473 1835 520 εὐθηνίας
1851 474 2051 526 δράγματα·
2069 474 2128 512 καὶ
2143 473 2319 525 συνήγαγε

1297 537 1390 569 σῖτον
1407 535 1453 575 ὡς
1470 531 1533 579 τὴν
1553 533 1669 584 ἅμμον
1688 536 1750 579 τῆς
1765 534 1955 580 Θαλάσσης.
1974 533 2200 586 Παραλαὸὼν
2219 533 2316 585 παρὰ

1295 597 1355 630 τοῦ
1376 593 1546 644 βασιλέως
1565 593 1628 641 τὴν
1648 594 1803 638 ἐξουσίαν
1825 595 1976 642 ἅπασαν,
1994 594 2168 645 συνήγαγε
2180 622 2190 640 ,
2209 594 2294 646 φησὶ
2306 622 2318 640 ‚

1293 653 1337 691 τὰ
1350 654 1570 705 γεννήματα,
1591 655 1650 693 καὶ
1669 657 1703 693 ἐν
1719 662 1794 699 ταῖς
1813 656 1960 694 πόλεσιν
1974 655 2167 703 ἀπετίθετο,
2180 671 2317 708 προπα-

1295 717 1514 767 ρασκευάζων
1531 717 1652 765 ἱκανὴν
1669 718 1891 770 παραμυθίαν
1905 721 1948 768 τῇ
1966 717 2140 770 μελλούσῃ
2160 717 2316 768 γίνεσθαι

1291 778 1418 832 ἐνδείᾳ.
1448 772 1550 822 Εἶδες
1580 779 1652 824 οἵας
1683 780 1832 830 <tumeam
1857 783 1919 826 τῆς
1947 779 2131 833 καρτερίας
2160 779 2220 817 καὶ
2253 782 2318 826 τῆς

1292 841 1470 890 ὑπομονῆς
1493 839 1553 878 καὶ
1572 842 1634 886 τῆς
1662 840 1770 886 ἄλλης
1790 843 1918 893 ἀρετῆς
1935 841 1994 880 καὶ
2014 842 2161 879 ἐνταῦθα
2177 839 2316 885 ἐδέξατο

1292 903 1310 937 ὁ
1329 900 1460 943 δίκαιος
1472 931 1482 949 ,
1503 901 1572 939 ἀπὸ
1589 902 1829 953 δεσμωτηρίου
1846 905 1895 946 εἷς
1908 902 1952 940 τὰ
1970 901 2130 953 βασίλεια
2149 900 2315 948 ἇνελθών;

1293 960 1475 1012 Ἐγένοντο
1489 961 1639 1014 δὲαύτῷ
1652 991 1661 1008 ,
1675 963 1780 1015 φησὶ,
1803 963 1860 1002 δύο
1873 964 1960 1011 υἱοὶ,
1980 963 2061 1016 πρὶν
2079 962 2101 1009 ἢ
2121 963 2314 1015 παραγενέ-
2333 995 2335 997 .

1293 1025 1371 1060 σθαι
1396 1022 1438 1060 τὰ
1468 1023 1528 1069 ἔτη
1548 1026 1610 1070 τῆς
1636 1024 1786 1067 ἐνδείας·
1808 1024 1866 1063 καὶ
1895 1024 2039 1062 ἐκάλεσε
2062 1023 2102 1062 τὸ
2121 1024 2230 1074 ὄνομα
2253 1026 2314 1062 τοῦ

1290 1083 1444 1136 πρώτου,
1460 1087 1635 1130 Μανασσῆ
1653 1101 1660 1108 ·
1682 1086 1734 1123 ὅτι
1749 1085 1975 1124 ἐπιλαθέσθαι
1989 1101 2032 1136 με
2035 1115 2047 1132 ‚
2059 1085 2177 1137 φησὶν,
2196 1083 2316 1132 ἐποίη-

1291 1160 1349 1183 σεν
1365 1149 1382 1184 ὁ
1403 1145 1493 1188 Θεὸς
1509 1145 1650 1183 πάντων
1666 1149 1734 1184 τῶν
1750 1145 1864 1184 πόνων
1888 1162 1953 1197 μου
1968 1176 1976 1194 ,
2001 1146 2060 1184 καὶ
2074 1148 2143 1184 τῶν
2161 1148 2221 1184 τοῦ
2241 1161 2314 1183 πα-

1290 1206 1370 1258 τρός
1389 1222 1468 1258 μου.
1492 1207 1624 1245 Σκόπει
1645 1212 1703 1245 τοῦ
1724 1206 1845 1259 ἀνδρὸς
1872 1207 1912 1245 τὸ
1931 1206 2100 1259 φιλόθεον,
2119 1206 2213 1249 ὅπως
2241 1209 2256 1226 ²
2271 1209 2314 1257 τῇ

1289 1269 1507 1321 προσηγορία
1542 1272 1602 1307 τοῦ
1638 1268 1760 1313 παιδὸς
1797 1268 2036 1307 ἐναποτίθεται
2072 1267 2135 1316 τὴν
2172 1267 2315 1319 μνήμην

1291 1330 1468 1378 ἁπάντων,
1493 1331 1584 1369 ὥστε
1602 1331 1742 1378 διηνεκῆ
1768 1331 1869 1369 αὐτὸν
1885 1333 2058 1369 ποιεῖσθαι
2074 1330 2139 1377 τὴν
2169 1331 2314 1382 εὔχαρι-

1291 1392 1403 1438 στίαν,
1430 1391 1487 1431 ἵνα
1515 1392 1654 1438 καὶὸἐξ
1676 1394 1781 1430 αὐτοῦ
1803 1392 1977 1445 γεννηθεὶς
2006 1391 2063 1430 διὰ
2091 1395 2154 1439 τῆς
2185 1391 2316 1436 οἰκείας

1290 1454 1524 1506 προσηγορίας
1550 1454 1676 1493 εἰέέναι
1704 1455 1770 1506 ἔχῃ
1800 1453 1878 1498 τοὺς
1908 1453 2124 1506 πειρασμοὺς
2163 1452 2223 1492 καὶ
2249 1453 2312 1500 τὴν

1289 1515 1481 1565 ὑπομονὴν,
1506 1516 1548 1562 ἣν
1580 1515 1836 1566 ἐπιδειξάμενος
1863 1519 1880 1554 ὅ
1901 1515 2032 1559 δίκαιος
2061 1517 2110 1558 εἷς
2139 1515 2314 1561 τοσαύτην

1290 1579 1415 1624 ἀνῆλθε
1447 1578 1686 1631 περιφάνειαν.
1722 1576 1808 1615 ῦὈτι
1840 1577 2066 1616 ἐπιλαθέσθαι
2099 1593 2143 1627 με
2168 1575 2313 1623 ἐποίησε

1287 1638 1427 1676 πάντων
1443 1642 1512 1677 τῶν
1532 1639 1645 1676 πόνων
1663 1654 1730 1689 μου
1745 1669 1754 1686 ,
1772 1638 1838 1676 καὶ
1850 1642 1919 1676 τῶν
1935 1642 1994 1676 τοῦ
2011 1638 2142 1690 πατρός
2159 1653 2238 1688 μου.
2264 1637 2313 1676 Τί

1288 1701 1383 1746 ἐστι,
1401 1699 1550 1738 Πάντων
1572 1703 1640 1738 τῶν
1666 1698 1780 1737 πόνων
1798 1715 1888 1751 μου;
1908 1699 2083 1737 Ἐνταῦθα
2102 1697 2314 1737 αἰνίττεσθαί

1289 1776 1348 1811 μοι
1366 1762 1458 1799 δοκεῖ
1477 1761 1541 1808 τήν
1560 1777 1596 1800 τε
1615 1760 1785 1814 προτέραν
1802 1760 1959 1799 δουλείαν
1978 1761 2038 1799 καὶ
2055 1760 2118 1808 τὴν
2139 1759 2315 1812 δευτέραν,

1287 1822 1347 1861 καὶ
1367 1822 1430 1869 τὴν
1448 1824 1482 1860 ἐν
1498 1825 1547 1875 τῷ
1569 1821 1800 1874 δεσμωτηρίῳ
1814 1822 2066 1876 ταλαιπωρίαν.
2087 1821 2158 1860 Καὶ
2169 1821 2310 1860 πάντων

1288 1887 1354 1923 τῶν
1383 1888 1443 1922 τοῦ
1470 1884 1601 1937 πατρός
1630 1900 1717 1935 μου·
1748 1884 1806 1922 τὸν
1840 1883 2033 1936 χωρισμὸν,
2062 1883 2099 1922 ὃν
2129 1883 2314 1935 ὑπέμεινεν

1288 1945 1351 1990 ἔξω
1381 1949 1450 1984 τῶν
1478 1947 1641 1996 ἀγκαλῶν
1663 1945 1845 1998 γενόμενος
1875 1948 1944 1983 τῶν
1975 1947 2169 1997 πατρικῶν,
2193 1944 2246 1984 ὅτι
2276 1946 2312 1983 ἐν

1287 2006 1392 2061 ἀώρῳ
1419 2009 1539 2060 ἡλικίᾳ
1566 2008 1655 2059 μετὰ
1674 2007 1845 2054 τοσαύτης
1865 2006 2072 2060 ἀνατραφεὶς
2097 2006 2312 2057 ἐπιμελείας,

1288 2069 1444 2108 δουλείαν
1463 2070 1538 2108 ἀντὶ
1558 2073 1620 2117 τῆς
1635 2070 1828 2122 ἐλευθερίας
1847 2069 2032 2117 ἠλλάξατο.
2054 2068 2124 2107 Καὶ
2141 2068 2181 2107 τὸ
2200 2068 2311 2120 ὄνομα

1288 2134 1347 2168 τοῦ
1364 2131 1523 2183 δευτέρου
1542 2130 1706 2170 ἐκάλεσεν
1721 2131 1890 2183 Ἐ’ρραῒμ,
1908 2131 1961 2169 ὅτι
1977 2130 2106 2177 ηὔξησέ
2120 2146 2176 2181 με,
2192 2131 2309 2183 φησὶν,

1287 2195 1305 2229 ὅ
1321 2192 1410 2235 Θεὸς
1425 2194 1459 2230 ἐν
1479 2196 1524 2243 γῇ
1545 2191 1788 2235 ταπεινώσεώς
1808 2207 1886 2243 μου.
1904 2190 2001 2243 ςΌρα
2021 2191 2080 2229 καὶ
2099 2191 2162 2239 τὴν
2189 2191 2311 2230 τούτου

1287 2253 1522 2306 προσηγορίαν
1553 2253 1774 2306 εὐχαριστίας
1802 2253 2098 2305 πεπληριιιμένην.
2128 2255 2181 2292 Οὐ
2208 2252 2310 2304 μόνον

1287 2314 1366 2366 γὰρ,
1400 2314 1496 2367 φησὶ,
1524 2318 1591 2353 τῶν
1623 2316 1790 2367 λυπηρῶν
1815 2315 1925 2362 λήθην
1954 2314 2188 2366 ἐποιησάμην,
2220 2314 2311 2353 ἀλλὰ

1287 2375 1345 2413 καὶ
1369 2376 1521 2422 ηὐξηθην
1542 2378 1578 2414 ἐν
1603 2379 1646 2427 τῇ
1671 2377 1787 2427 γῇ,’ἐν
1813 2370 2027 2427 ἧτοσαύτην
2051 2375 2223 2427 ὑπέμεινα
2246 2375 2311 2423 τὴν

1286 2436 1508 2483 ταπείνωσιν,
1541 2440 1587 2480 ὡς
1616 2438 1651 2474 ἐν
1677 2442 1747 2480 τοῖς
1774 2437 1935 2489 ἐσχάτοις
1961 2436 2143 2488 γενέσθαι,
2167 2437 2225 2476 καὶ
2252 2437 2311 2476 τὸν

1286 2498 1365 2550 περὶ
1396 2502 1454 2535 τοῦ
1497 2500 1557 2549 ζῇν
1600 2498 1901 2550 ἐπικρεμασθῆναί
1929 2514 1989 2548 μοι
2013 2497 2179 2537 κίνδυνον.
2206 2498 2311 2538 Ἀλλὰ.

1287 2559 1405 2597 λοιπὸν
1434 2559 1524 2603 ἄξιον
1552 2562 1696 2598 ἀκοῦσαι
1719 2562 1786 2597 τῶν
1811 2559 2001 2610 ἑπομένων.
2026 2559 2128 2597 Μετὰ
2160 2559 2227 2612 γὰρ
2246 2559 2310 2607 τὴν

1288 2620 1447 2667 εὐθηνίαν
1469 2623 1535 2658 τῶν
1549 2620 1639 2658 ἑπτὰ
1660 2622 1758 2667 ἐτῶν,
1776 2621 1902 2672 ἔφθασε
1918 2620 1976 2658 καὶ
1992 2620 2035 2659 τὰ
2053 2621 2113 2668 ἔτη
2129 2624 2188 2659 τοῦ
2205 2623 2309 2672 λιμοῦ

1288 2681 1378 2719 κατὰ
1393 2681 1455 2728 τὴν
1471 2681 1722 2733 προαγόρευσιν
1737 2685 1796 2719 τοῦ
1817 2681 1960 2733 Ἰωσήφ.
1986 2681 2031 2719 ‘H
2053 2681 2120 2733 γὰρ
2133 2685 2201 2720 τῶν
2220 2698 2310 2735 πρα-

1288 2742 1432 2793 γμάτων
1449 2741 1590 2785 ἔκῧασις
1607 2743 1727 2780 λοιπὸν
1747 2742 1902 2786 ἅπαντας
1920 2743 2102 2781 ἐπαίδευσε
2118 2743 2181 2790 τὴν
2201 2759 2312 2796 προσ·-

1288 2806 1391 2840 οῦσαν
1411 2805 1461 2854 τῷ
1483 2803 1579 2854 ἀνδρὶ
1600 2802 1734 2853 σοφίαν,
1754 2803 1812 2840 καὶ
1832 2803 1963 2847 πάντας
1986 2803 2194 2842 ὑποκύπτειν
2216 2806 2311 2857 αὐτῷ

1288 2863 1535 2916 παρεσκεύαζε.
1553 2863 1621 2902 Καὶ
1639 2865 1744 2914 λιμοῦ
1765 2865 1912 2916 σφοδροῦ
1929 2865 2132 2916 γενομένου,
2160 2866 2246 2910 τέως
2274 2869 2309 2905 ἐν

1288 2924 1483 2977 προοιμίοις
1509 2925 1671 2976 οὐδεμίαν
1701 2925 1822 2970 αὐτοὺς
1842 2926 2001 2973 αἴσθησιν
2028 2927 2146 2965 λαὸεῖν
2166 2929 2228 2973 τῆς
2259 2929 2310 2966 ἐν·

1289 2987 1379 3031 δείας
1393 2987 1656 3039 παρεχώρησεν.
1672 2987 1734 3024 'liv
1753 2993 1848 3036 πᾶσῃ
1869 2987 1949 3039 γὰρ,
1970 2987 2068 3039 φησὶ,
2086 2991 2128 3039 τῇ
2145 2988 2311 3042 Αἰγύπτῳ

1286 3043 1374 3094 ἦσαν
1396 3049 1503 3099 ἄρτοι.
1528 3047 1629 3086 Ἀλλὰ
1647 3052 1709 3095 τῆς
1728 3049 1958 3102 στενοχωρίας
1971 3049 2192 3096 ἐπιταθείσης
2210 3049 2311 3101 ἔκρα-

1288 3110 1340 3154 ξεν
1355 3112 1372 3146 ὁ
1391 3110 1473 3153 λαὸς
1493 3109 1578 3160 πρὸς
1595 3109 1732 3161 Φαραὼ
1744 3140 1754 3158 ,
1770 3111 1808 3147 οὗ
1829 3110 1987 3162 φέροντες
2006 3109 2069 3156 τὴν
2097 3109 2229 3148 ἔνδειαν
2247 3109 2310 3157 τὴν

1303 3251 1412 3286 braice
1438 3255 1555 3290 ΠὮῙΒ
1582 3255 1616 3288 fit
1631 3267 1668 3287 ex
1696 3255 1791 3297 ΠΨ),
1817 3255 1978 3286 oblivisci.
1998 3256 2117 3287 Verum
2147 3267 2219 3289 mos
2245 3257 2308 3289 ob-

1304 3307 1421 3343 tinuit,
1441 3314 1476 3338 ut
1494 3319 1570 3339 cum
1582 3309 1653 3350 quis
1678 3309 1832 3340 :erumnis
1847 3315 1876 3339 et
1898 3306 1991 3339 malis
2007 3307 2162 3341 omnibus
2179 3318 2310 3352 ereptus

1304 3359 1374 3397 fnit,
1386 3358 1516 3392 dicatur
1527 3358 1687 3391 malorum
1702 3359 1784 3392 oblix
1795 3361 1870 3401 isci3
1887 3359 1918 3391 id
1933 3368 1993 3398 est,
2006 3362 2036 3392 in
2052 3372 2164 3393 eornm
2179 3373 2309 3396 sensnm

1302 3425 1368 3449 non
1388 3412 1472 3446 ultra
1492 3414 1615 3447 venire.
1633 3414 1693 3446 etsi
1712 3411 1842 3446 illorum
1863 3411 2065 3446 recordetur.
