2516 3791
140 289 163 306 ι.
179 278 253 311 Reg.
272 286 298 307 1.

158 828 250 854 Timli
267 828 324 854 lm-

138 870 319 905 p.·1.1=01il›us

138 912 237 937 delati.

150 2059 173 2076 Ι.
201 2048 326 2085 avg-1.

335 169 426 214 820

335 266 640 318 supplicationem.
666 266 851 313 Plorans,
875 265 1011 315 inquit,
1031 265 1225 315 ploravit,
1251 271 1286 301 et

750 183 789 213 S.
827 183 1016 213 JOANNIS
1053 182 1296 212 cuanoST.
1338 183 1542 213 ARCHIEP.
1581 185 1942 216 CONSTANTINOP-

1356 265 1490 316 φωνήν·
1508 268 1545 304 οὔ
1566 265 1632 318 γὰρ
1658 267 1779 319 ἴσχυσε
1800 268 1889 318 μετὰ
1908 271 1970 314 τῆς
1994 269 2122 314 οἰκείας
2152 269 2239 308 αὐτὰ
2257 273 2383 322 ἀρετῆς

335 337 472 365 votum
484 330 594 365 vovit
608 328 778 365 Domino
792 327 936 371 dicens,
957 327 1110 362 ADoNA'i
1130 337 1346 380 D0M1NE708
1358 330 1557 377 μεταθεῖναι
1580 328 1665 379 πρὸς
1691 328 1755 375 τὴν
1774 328 1932 368 Ἑλλάδα
1946 333 2118 382 γλῶτταν.
2137 333 2214 370 Οὔκ
2233 332 2292 384 ἀφ’
2311 333 2383 375 ἑνὸς

335 389 436 426 Ειοϊ
467 389 655 427 SABAOTH.
689 385 889 424 Tremenda
926 384 1032 423 verba
1067 393 1101 422 et
1131 385 1288 423 horroris
1310 397 1335 423 A
1357 388 1393 426 δὲ
1413 388 1514 426 αὐτὸν
1538 389 1684 427 ἐκάλεσε
1703 389 1856 442 ῥήματος
1874 393 1896 437 ἡ
1921 391 2027 442 γυνὴ,
2050 394 2127 430 ἀλλ’
2149 392 2219 430 ἀπὸ
2245 393 2383 431 πολλῶν

334 449 439 502 plena
448 465 459 499 3
480 458 642 498 recteque
668 449 801 484 factum
825 455 876 484 est
893 460 912 483 a
940 446 1123 498 scriptore,
1145 460 1227 484 cum
1252 446 1288 485 in

335 519 492 548 nostram
509 509 669 559 linguam
684 521 723 545 ea
744 520 813 544 non
837 505 1042 544 transtulit:
1062 520 1176 558 neque
1194 506 1289 544 enim

335 571 478 623 propria
499 578 630 607 retenta
656 568 789 607 virtute
808 567 844 605 in
867 568 1038 606 Graecum
1063 568 1126 606 illa
1150 582 1287 607 sermo-

336 647 417 670 nem
437 639 638 669 convertere
666 628 852 682 potuisset.
872 630 945 667 Nec
968 643 1038 667 uno
1059 629 1163 667 illum
1183 643 1290 668 voca-

335 694 422 731 bulo
451 691 581 730 mulier
611 690 818 743 appellavit,
839 690 900 728 sed
924 689 1091 742 pluribus
1125 705 1204 742 quae
1237 690 1291 728 illi

337 755 558 800 tribuuntur,
579 761 618 790 ut
642 766 799 790 amorem
821 765 904 803 erga
926 751 1030 790 illum
1052 765 1170 799 suum,
1184 761 1217 790 et
1236 766 1292 790 ar-

340 815 480 854 dentem
495 814 661 852 affectum
676 813 886 851 ostenderet.
901 812 949 850 Et
967 812 1058 850 sicut
1075 813 1137 863 qui
1153 812 1293 850 libellos

341 876 520 929 supplices
552 873 748 912 offerendos
775 873 986 926 Imperatori
1016 873 1202 922 scribunt,
1223 885 1292 911 non

340 950 450 974 unum
483 935 643 973 inserunt
683 948 834 982 nomen,
862 934 924 972 sed
951 933 1293 986 Triumphatorem,

341 1002 558 1049 Augustum,
587 997 854 1048 Imperatorem,
881 1004 914 1033 et
941 995 1012 1033 alia
1040 994 1152 1032 multa
1185 994 1295 1033 subli-

340 1058 451 1096 miora
480 1057 557 1095 istis
588 1071 669 1094 cum
688 1055 913 1105 addiderint,
942 1065 1018 1094 tum
1036 1055 1182 1093 demum
1212 1069 1294 1093 suas
1330 1073 1338 1097 ς

339 1134 458 1172 preces
479 1119 633 1157 offerunt
655 1133 662 1153 :
681 1117 730 1155 sic
746 1126 779 1154 et
800 1117 865 1154 ista
885 1131 966 1154 cum
984 1116 1148 1154 libellum
1171 1130 1295 1166 quem-

341 1181 424 1218 dam
456 1179 654 1232 supplicem
683 1179 824 1216 offerret
843 1179 930 1227 Deo,
950 1177 1062 1215 multa
1090 1176 1126 1214 in
1147 1176 1295 1215 exordio

341 1241 611 1294 supplicationis
633 1254 704 1278 suae
727 1239 868 1277 nomina
896 1239 1019 1292 ponit,
1037 1253 1118 1277 cum
1138 1247 1177 1276 ut
1205 1239 1292 1276 asfe-

342 1313 450 1352 ctum,
472 1312 509 1340 ut
529 1311 609 1340 ante
635 1301 725 1350 dixi,
748 1300 947 1353 proprium,
970 1309 1047 1337 tum
1066 1309 1107 1337 ut
1126 1299 1295 1337 honorem

341 1365 500 1414 indicet,
529 1378 602 1414 quo
634 1361 859 1415 prosequitur
895 1376 977 1399 eum
1007 1361 1063 1399 cui
1103 1360 1294 1413 supplicat.

342 1426 536 1464 Enimvero
558 1438 677 1476 preces
697 1423 791 1475 ipsas
819 1422 971 1461 dictavit
987 1421 1090 1459 dolor
1113 1437 1120 1458 :
1141 1436 1295 1473 quapro-

342 1497 419 1539 pter
441 1495 474 1524 ct
494 1484 677 1523 confestim
695 1483 863 1521 exaudita
883 1492 946 1529 est,
964 1496 1045 1520 cum
1074 1482 1153 1519 illas
1172 1481 1296 1519 admo-

341 1548 430 1585 dum
450 1546 642 1599 prudenter
671 1543 878 1595 scripsisset.
896 1543 1003 1580 Tales
1028 1543 1160 1594 quippe
1188 1551 1270 1580 sunt
1287 1573 1296 1591 ,

340 1623 417 1660 quae
433 1622 475 1645 ex
500 1605 610 1644 animi
630 1605 754 1642 dolore
772 1603 972 1641 funduntur
996 1603 1182 1641 orationes.
1204 1604 1298 1640 Nam

341 1684 406 1722 pro
432 1669 554 1707 charta
580 1666 648 1704 fuit
671 1679 768 1703 mens
786 1664 876 1716 ejus,
899 1678 964 1716 pro
989 1663 1123 1702 calamo
1149 1663 1271 1715 lingua
1286 1693 1296 1713 ,
1331 1684 1340 1694 π

340 1731 498 1783 lacryma
522 1742 586 1781 pro
615 1735 810 1765 atramento
833 1741 840 1762 :
872 1740 980 1776 quam
1007 1726 1053 1763 ob
1083 1739 1225 1763 causam
1252 1725 1298 1764 ad

342 1793 438 1830 hunc
453 1804 565 1841 usque
583 1789 679 1826 diem
696 1788 772 1839 ejus
790 1787 1002 1839 supplicatio
1016 1786 1222 1839 permansit.
1239 1787 1298 1824 In-

341 1853 510 1892 delebiles
534 1850 667 1903 quippe
693 1849 786 1887 fiunt
803 1848 979 1901 ejusmodi
1000 1848 1127 1897 literae,
1143 1862 1221 1899 quae
1235 1847 1300 1886 illo

343 1915 460 1953 tinctae
471 1913 602 1951 fuerint
612 1919 821 1949 atramento.
830 1911 944 1961 Atque
958 1909 1145 1947 exordium
1156 1909 1301 1960 quidem

343 1975 458 2013 libelli
485 1973 659 2027 supplicis
689 1972 758 2010 tale
780 1971 861 2022 fuit3
888 1985 966 2023 quae
984 1985 1068 2010 vero
1088 1980 1300 2022 sequuntur,

346 2051 509 2089 quaenam
520 2037 537 2074 ἱ)
556 2036 595 2075 Si
616 2037 822 2087 respiciens
845 2035 1069 2085 respexeris,
1097 2032 1224 2083 inquit,
1241 2045 1303 2070 su-

344 2115 409 2152 per
427 2099 737 2137 humiliationem
749 2096 906 2133 ancillae
919 2104 1007 2133 tzcoe.
1023 2093 1187 2133 Necdum
1198 2093 1303 2145 quid-

347 2175 456 2213 quam
474 2158 608 2211 accepit
622 2188 632 2206 ,
652 2166 686 2196 et
704 2172 724 2195 a
743 2156 977 2209 promissione
1001 2155 1172 2194 orationis
1199 2155 1304 2193 duxit

348 2221 550 2261 exordium.
575 2221 838 2257 Remuneratnr
859 2219 992 2265 Deum,
1015 2230 1097 2254 cum
1122 2215 1304 2253 nihildum

349 2283 514 2322 manibus
535 2289 658 2319 teneat.
679 2278 778 2317 Adeo
799 2279 967 2326 fervebat,
985 2276 1077 2316 etad
1098 2277 1166 2314 hoc
1187 2276 1305 2328 potius

351 2359 457 2397 quam
486 2343 533 2381 ad
555 2340 646 2379 illud
675 2339 876 2391 aspirabat,
905 2337 1053 2388 ideoque
1086 2337 1155 2375 sibi
1188 2336 1305 2374 filium

351 2406 428 2444 dari
448 2403 673 2457 precabatur.
687 2401 727 2440 Si
745 2402 951 2451 respiciens
968 2400 1178 2450 respexeris
1194 2412 1308 2450 super

353 2466 663 2504 humiliationem
671 2461 829 2499 ancilloe
843 2468 933 2498 tute.
947 2459 1185 2512 Duplicijure
1196 2458 1304 2501 nitor,

353 2526 482 2578 inquit,
501 2522 696 2573 servitutis,
708 2530 742 2559 et
756 2520 976 2559 calamitatis.
994 2522 1049 2559 Et
1064 2521 1116 2558 da
1129 2522 1225 2558 mihi
1238 2535 1307 2558 an-

355 2590 457 2627 cilloe
475 2596 547 2624 tuce
564 2598 693 2623 semen
715 2584 819 2628 viri;
839 2583 941 2619 daho
961 2582 1064 2620 illud
1082 2582 1218 2619 datum
1239 2595 1305 2619 co-

356 2664 441 2687 ram
459 2657 504 2686 te.
519 2645 618 2693 Quid
629 2653 692 2693 est,
711 2645 852 2682 Coram
871 2650 906 2680 te
915 2643 1080 2680 datum?
1095 2641 1308 2680 Dedititium

357 2721 389 2749 ct
408 2711 511 2763 plane
531 2721 685 2746 servum.
705 2704 814 2743 Omni
828 2712 1001 2756 potestate
1020 2697 1079 2742 me
1088 2701 1308 2741 abdico.Ea-

357 2782 457 2809 tenus
483 2769 577 2807 enim
596 2776 734 2805 tantum
759 2764 837 2803 fieri
859 2773 972 2802 mater
990 2764 1112 2816 cupio,
1137 2774 1309 2815 quatenus

356 2849 374 2870 a
391 2847 446 2869 me
463 2831 559 2868 filius
577 2829 682 2866 ducat
698 2826 853 2872 initium,
869 2834 947 2863 tum
960 2825 1126 2878 deinceps
1142 2825 1310 2878 meojure

359 2890 458 2937 cedo,
478 2903 518 2926 ac
534 2900 657 2925 rursus
674 2885 703 2923 ei
720 2883 894 2922 renuntio.

410 2954 448 2989 6.
473 2953 522 2988 Ac
548 2947 631 2987 vide
658 2945 817 2984 mulieris
838 2944 1015 2997 pietatem.
1033 2945 1110 2983 Non
1130 2944 1226 2983 dixit
1240 2975 1250 2995 ‚
1271 2945 1311 2985 Si

357 3012 497 3051 ‹ledet-is
513 3009 602 3048 mihi
623 3018 705 3057 tres,
721 3007 811 3044 duos
825 3006 890 3044 tibi
908 3005 977 3044 do:
996 3008 1050 3043 sin
1070 3015 1189 3044 autem
1205 3006 1309 3053 duos,

360 3088 470 3112 unum
502 3072 548 3110 do
576 3070 640 3108 tibi
663 3085 670 3105 :
702 3069 786 3116 sed,
813 3068 850 3105 Si
880 3081 992 3105 unum
1015 3067 1130 3105 solum
1151 3067 1306 3119 dederis,

359 3145 470 3173 totum
492 3133 556 3171 tibi
577 3132 732 3169 fructum
751 3130 987 3166 consecrem
999 3131 1136 3166 vinum
1149 3139 1184 3167 et
1199 3144 1310 3169 omne

359 3197 462 3249 quod
483 3195 675 3232 inebriare
685 3199 809 3242 potest
832 3204 910 3227 non
938 3192 1051 3227 bibet.
1069 3190 1239 3228 Nondum
1260 3191 1309 3229 fi—

358 3260 446 3296 lium
463 3255 608 3308 accepit,
629 3263 660 3291 ct
676 3254 750 3305 jam
772 3251 978 3304 proplietam
1000 3251 1182 3301 informat,
1203 3267 1244 3291 ac
1264 3252 1308 3291 ‹lc

404 3389 413 3400 ³
433 3375 527 3409 (ssolb.
548 3379 641 3413 ι’,έωιν
659 3377 778 3414 ταύτην,
798 3380 828 3404 vt
846 3372 891 3404 sic
909 3372 1006 3403 ctiam
1026 3372 1104 3413 neg.

1357 452 1425 487 τῶν
1441 448 1641 501 προσόντων
1661 451 1774 502 αὐτῷ,
1788 450 1846 489 τὸν
1863 452 1943 504 περὶ
1965 453 2068 492 αὐτὸν
2086 453 2190 491 πόθον
2211 455 2383 492 ἐνδεικνυ-

1359 509 1539 561 μένη,καὶ
1568 510 1632 557 τὴν
1660 511 1790 565 Οερμὴν
1811 513 1975 552 διάθεσιν.
1996 513 2065 552 Καὶ
2085 515 2243 565 καθάπερ
2268 518 2300 553 οἱ
2323 514 2387 558 τὰς

1359 571 1492 618 δεήσεις
1529 572 1718 624 γράφοντες
1749 575 1800 626 τῷ
1839 576 1996 625 βασιλεῖ,
2030 577 2092 614 οὐκ
2123 575 2313 614 ἐντιθέασιν
2349 575 2385 613 ἓν

1359 632 1469 683 ὄνομα
1489 632 1610 683 μόνον,
1632 633 1723 672 ἀλλὰ
1741 633 1799 672 τὸν
1826 639 2077 688 τροπαιοῦχον,
2096 635 2154 674 τὸν
2180 635 2384 688 αὔγουστον,

1360 693 1417 731 τὸν
1443 695 1701 747 αὐτοκράτορα,
1715 695 1774 734 καὶ
1796 696 1911 734 πολλὰ
1930 696 2032 749 ἕτερα
2051 697 2182 736 τούτων
2202 698 2274 735 ἄνω
2294 712 2384 749 προ-

1361 755 1474 800 θέντες
1482 787 1492 804 ,
1512 757 1590 795 τότε
1610 760 1790 796 ποιοῦνται
1810 757 1872 805 τὴν
1895 759 2091 811 ἱκετηρίαν·
2111 759 2202 796 οὕτω
2220 759 2280 797 καὶ
2301 759 2386 805 αὕτη

1363 816 1477 862 δέησίν
1495 832 1573 854 τινα
1592 817 1811 871 ἀναφέρουσα
1828 821 1878 871 τῷ
1892 821 1993 872 Θεῷ,
2006 819 2120 858 πολλὰ
2131 819 2267 867 τίθησιν
2283 821 2318 858 ἐν
2337 822 2393 872 τῷ·

1361 877 1536 930 προοιμίῳ
1557 881 1618 925 τῆς
1640 879 1789 925 δεήσεως
1807 879 1974 930 ὀνόματα,
1989 881 2051 927 τήν
2073 897 2110 918 τε
2127 881 2255 919 οἰκείαν
2274 880 2387 919 διάθε-

1363 953 1417 976 σιν
1433 939 1856 993 ἐνδεικνυμένη,καοάπερ
1869 941 1972 993 ἔφθην
1989 941 2177 990 εἷπὼν,>ιαὶ
2190 942 2252 989 τὴν
2269 945 2316 985 εἷς
2329 943 2387 980 τὸν

1363 1000 1674 1051 παρακαλούμενον
1688 1001 1886 1052 τιμήν.Κα“ι
1902 1002 1965 1049 τὴν
1979 1008 1993 1023 ³
2003 1003 2119 1050 δέησιν
2137 1003 2242 1050 αὐτὴν
2256 1004 2387 1054 ὑπηγό-

1365 1077 1482 1113 ρευσεν
1504 1065 1525 1109 ἦ
1543 1061 1646 1109 ὀδύνη
1659 1078 1667 1086 ·
1689 1063 1741 1101 διὸ
1759 1063 1818 1100 καὶ
1835 1063 1971 1114 ταχέως
1991 1064 2134 1109 ἠκούετο
2152 1063 2241 1116 μετὰ
2256 1066 2387 1111 πολλῆς

1365 1123 1470 1170 αὐτὴν
1497 1123 1663 1176 γράψασα
1693 1127 1757 1171 τῆς
1788 1124 1966 1168 συνέσεως.
1994 1127 2164 1164 Τοιαῦται
2190 1125 2257 1179 γὰρ
2289 1128 2324 1164 αἱ
2352 1125 2397 1170 ἐξΔ

1364 1185 1484 1232 ὀδύνης
1499 1188 1613 1238 ψυχῆς
1632 1185 1813 1237 γινόμεναι
1837 1186 1949 1238 εὐχαί.
1971 1186 2042 1224 Καὶ
2061 1187 2128 1240 γὰρ
2154 1188 2230 1225 ἀντὶ
2255 1187 2386 1240 χάρτου

1366 1246 1427 1298 μὲν
1444 1241 1486 1294 ἦν
1506 1250 1612 1294 αὐτῆς
1639 1251 1661 1294 ἡ
1688 1247 1839 1294 διάνοια,
1856 1248 1932 1286 ἀντὶ
1952 1250 2112 1299 καλάμου
2134 1249 2170 1288 δὲ
2187 1253 2210 1295 ἢ
2229 1251 2388 1300 γλῶττα,

1364 1307 1408 1345 τὰ
1428 1307 1561 1361 δάκρυα
1581 1307 1614 1347 δὲ
1637 1308 1712 1346 ἀντὶ
1738 1308 1903 1359 μέλανος·
1916 1309 1968 1347 διὸ
1988 1309 2046 1347 καὶ
2067 1309 2171 1361 μέχρι
2188 1313 2251 1356 τῆς
2272 1309 2387 1359 σήμε-

1368 1383 1425 1420 ρον
1454 1369 1588 1423 ἡμέρας
1616 1373 1638 1416 ἡ
1668 1369 1783 1417 δέησις
1813 1370 1961 1420 ἔμεινεν.
1981 1369 2226 1414 Ἀνεξάλειπτα
2248 1369 2315 1422 γὰρ
2344 1369 2389 1407 τὰ

1366 1431 1510 1466 τοιαῦτα
1539 1428 1671 1480 γίνεται
1699 1428 1912 1480 γράμματα,
1947 1428 2036 1480 ἅπερ
2065 1427 2104 1465 ἂν
2139 1427 2258 1479 ἐκείνῳ
2295 1430 2388 1478 βαφῇ

1366 1492 1416 1542 τῷ
1433 1490 1567 1540 μέλανι.
1583 1489 1652 1528 Καὶ
1666 1489 1709 1527 τὰ
1727 1489 1788 1541 μὲν
1808 1489 1976 1542 προοίμια
1994 1492 2055 1535 τῆς
2070 1489 2218 1536 δεήσεως
2232 1491 2388 1527 τοιαῦτα·

1367 1552 1412 1590 τὰ
1441 1551 1477 1590 δὲ
1499 1551 1576 1597 ἓξῆς
1597 1551 1690 1599 τίνα,
1706 1551 1792 1590 Ἐὰν
1821 1551 2020 1589 ἓπιὸλέπων
2041 1550 2254 1602 ἐπιὸλέψῃς,
2274 1548 2391 1601 φησὶν,

1368 1612 1427 1651 ἐπὶ
1439 1612 1502 1659 τὴν
1519 1612 1727 1651 ταπείνωσιν
1742 1615 1805 1658 τ’ἧς
1820 1611 1941 1659 δούλης
1957 1627 2029 1650 σου.
2039 1612 2150 1650 Οὔπω
2165 1610 2259 1649 οὐδὲν
2276 1610 2392 1658 ἔλαῧε,

1369 1673 1428 1712 καὶ
1448 1674 1481 1718 ἐξ
1500 1673 1723 1725 ὑποσχέσεως
1739 1672 1803 1720 τὴν
1830 1673 1942 1726 ἀρχὴν
1969 1672 2158 1719 ἐποιήσατο
2185 1675 2248 1718 τῆς
2275 1673 2392 1723 εὐχῆς.

1370 1733 1570 1784 Ἀμείὸεται
1585 1735 1642 1773 τὸν
1663 1734 1753 1772 Θεὸν
1772 1733 1840 1780 ἤδη
1853 1765 1862 1782 ,
1880 1734 1986 1784 μηδὲν
2011 1736 2046 1772 ἐν
2064 1733 2166 1787 χερσὶ
2185 1732 2392 1784 κατέχουσα.

1370 1795 1494 1839 Οὕτως
1527 1795 1599 1839 ἔζεε
1628 1794 1688 1833 καὶ
1718 1795 1820 1833 ὤδινε
1853 1795 1939 1847 πρὸς
1969 1799 2071 1833 τοῦτο
2100 1795 2246 1846 μᾶλλον,
2262 1793 2284 1840 ἢ
2310 1793 2396 1844 πρὸς

1370 1859 1498 1905 ἐκεῖνο,
1516 1857 1577 1896 καὶ
1596 1856 1653 1895 διὰ
1670 1861 1769 1895 τοῦτο
1795 1855 1925 1903 ηὔξατο
1942 1856 2059 1895 λαὸεῖν
2079 1856 2120 1894 τὸ
2140 1854 2289 1894 παιδίον.
2310 1854 2394 1892 Ἐὰν

1372 1918 1569 1957 ἕπιὸλέπων
1599 1917 1793 1970 ἐπιὸλέψῃς
1817 1918 1874 1956 ἐπὶ
1901 1917 1965 1965 τὴν
1993 1917 2203 1956 ταπείνωσιν
2231 1919 2293 1963 τῆς
2320 1914 2396 1954 δού-

1371 1981 1436 2026 λης
1455 1995 1528 2018 σου.
1545 1979 1616 2018 Δύο
1641 1979 1878 2031 δικαιώματα,
1897 1978 2014 2032 φησὶν,
2035 1978 2126 2031 ἔχω,
2147 1977 2209 2025 τὴν
2227 1976 2396 2023 δουλείαν,

1373 2040 1432 2079 καὶ
1451 2040 1514 2088 τὴν
1535 2041 1726 2094 συμφοράν.
1744 2040 1815 2080 Καὶ
1841 2041 1896 2084 δός
1916 2056 1974 2091 μοι
1989 2042 2032 2091 τῇ
2057 2039 2159 2091 δούλῃ
2176 2055 2236 2078 σου
2256 2037 2397 2090 σπέρμα

1374 2103 1497 2155 ἀνδρός
1509 2119 1517 2127 ·
1549 2102 1650 2141 δώσω
1682 2102 1765 2141 αὐτὸ
1800 2101 1944 2141 ἐνώπιόν
1976 2117 2037 2141 σου
2069 2101 2177 2139 δοτόν.
2206 2102 2239 2138 Τ
2244 2100 2254 2138 ί
2290 2101 2396 2146 ἐστιν,

1375 2164 1549 2203 Ἔνώπιόν
1570 2181 1629 2203 σου
1654 2164 1767 2212 δοτόν;
1786 2163 1955 2202 Ἔκδοτον
1977 2163 2036 2201 καὶ
2058 2162 2246 2213 ὁλόκληρον
2266 2162 2397 2199 δοῦλον.

1375 2226 1586 2278 Ἀρίσταμαι
1606 2228 1669 2271 τῆς
1696 2225 1849 2269 ἐξουσίας
1871 2225 2021 2271 ἁπάσης.
2036 2226 2210 2262 Τοσοῦτον
2225 2222 2292 2275 γὰρ
2316 2221 2399 2274 βού-

1375 2288 1483 2337 λομαι
1509 2286 1668 2337 γενέσθαι
1696 2286 1814 2339 μήτηρ
1841 2286 1956 2337 μόνον,
1982 2285 2061 2324 ὅσον
2085 2285 2148 2331 τὴν
2173 2284 2285 2337 ἀρχὴν
2316 2285 2398 2335 παρ’

1378 2350 1462 2399 ἐμοῦ
1480 2347 1600 2386 λαὸεῖν
1613 2347 1652 2386 τὸ
1668 2347 1819 2396 παιδίον,
1838 2347 1898 2385 καὶ
1916 2346 2035 2385 λοιπὸν
2056 2345 2237 2397 ἐξίσταμαι
2252 2345 2311 2383 καὶ
2330 2361 2400 2383 πα-

1381 2412 1543 2463 ραχωρῶ.

1434 2942 1504 2982 Καὶ
1533 2942 1656 2981 σκόπει
1680 2943 1838 2994 γυναικὸς
1869 2941 2063 2981 εὖλάὸειαν.
2091 2944 2167 2983 Οὔκ
2201 2937 2316 2994 εἶπεν,
2345 2946 2412 2985 {auo
2457 2969 2459 2997 g

1383 3005 1448 3056 δῷς
1476 3019 1534 3054 μοι
1564 3009 1673 3054 τρεῖς,
1689 3002 1765 3046 τοὺς
1791 3002 1851 3042 δύο
1877 3019 1930 3041 σοι
1951 3003 2095 3055 δίδωμι,
2115 3005 2173 3043 ἐὰν
2192 3004 2227 3043 δὲ
2254 3005 2331 3054 δύο,
2346 3008 2404 3046 τὸν

1382 3065 1442 3103 ἕνα
1467 3081 1521 3103 σοι
1554 3064 1678 3116 δίδωμι
1692 3081 1699 3087 ·
1719 3066 1811 3112 ἀλλ’,
1828 3066 1886 3103 ἐὰν
1910 3064 2012 3115 μόνον
2032 3065 2091 3104 ἕνα
2112 3067 2196 3118 δῷς,
2214 3067 2403 3120 ὁλόκληρον

1382 3126 1571 3177 ἀνατίθημί
1588 3143 1642 3164 σοι
1656 3126 1714 3164 τὸν
1736 3125 1881 3179 καρπόν.
1905 3126 1976 3164 Καὶ
1993 3120 2081 3165 οἶνον
2111 3127 2169 3166 καὶ
2187 3128 2347 3179 μέθυσμα
2365 3129 2404 3166 οὗ

1381 3189 1430 3240 μὴ
1450 3188 1578 3226 πίεται.
1595 3187 1707 3225 Οὔπω
1730 3187 1835 3225 ἔλαὲε
1855 3188 1894 3226 τὸ
1908 3188 2058 3235 παιδίον,
2078 3189 2137 3227 καὶ
2152 3189 2218 3236 ἤδη
2235 3190 2404 3228 διαπλάτ-
2456 3218 2458 3228 .

1381 3269 1429 3291 τει
1462 3249 1658 3302 προφήτην,
1682 3249 1740 3288 καὶ
1763 3249 1841 3300 περὶ
1861 3252 1922 3295 ’.ἧς
1941 3250 2187 3302 παιδοτροφίας
2206 3251 2309 3290 αὐτοῦ
2330 3253 2404 3290 δια-
