2516 3791
192 1927 309 1963 Ubique

124 1969 290 1996 adorandus

123 2010 214 2037 Deus.

128 2124 153 2142 ι.
184 2113 262 2142 Tim.
281 2122 308 2141 2.

124 2156 153 2182 3.

337 191 425 248 372
764 201 801 231 s.

329 294 389 322 tus
399 282 808 333 est,Exstru.z·italtar-e
815 285 913 321 Dom
919 286 984 320 ino
992 295 1100 333 quem
1110 281 1279 323 viderat,

329 344 367 383 8.
377 353 412 382 et
423 345 594 382 discessit
610 344 711 381 inde.
726 343 824 391 Quid
838 352 900 388 est,
911 345 963 380 Et
976 342 1148 378 discessit
1161 339 1251 375 inde
1261 338 1282 374 ,³

331 405 425 451 Quia
439 406 515 442 Deo
531 405 627 442 loeus
640 404 701 441 ille
714 412 934 441 consecratus
944 411 976 438 et
991 403 1066 438 Deo
1082 398 1282 437 sanctifica-

331 475 389 503 tus
404 475 489 513 erat,
504 467 691 503 Discessit
710 464 812 508 inde,
831 471 867 499 et
885 463 1040 498 transiit
1056 462 1098 496 in
1114 466 1280 496 montem

331 540 465 564 versus
483 528 675 563 Orientem
688 523 837 570 Bethel,
850 531 887 559 et
903 523 1026 558 erexit
1039 523 1093 557 ibi
1105 521 1282 558 taberna-

330 589 455 625 culum
468 600 576 624 suum
590 601 598 621 .·
613 584 903 632 tumultuarium,
913 582 1044 633 inquit,
1056 580 1280 619 domicilium

329 647 420 683 fecit.
444 645 540 684 Vide
557 643 734 694 quomodo
747 652 821 681 erat
839 643 1002 694 frugalis,
1021 651 1054 680 et
1071 642 1198 679 luxum
1218 642 1279 678 fu-

329 706 460 753 giebat,
478 704 655 755 quomodo
669 713 741 742 tam
760 693 1010 756 expeditiis‚ut
1027 717 1107 740 eum
1125 716 1236 739 uxore
1247 710 1280 738 et

328 766 472 803 famulis
485 775 556 803 tam
570 766 673 804 facile
685 765 864 816 migraret.
874 763 1030 801 Audiant
1043 762 1282 810 viri,audiant

328 826 506 865 mulieres
531 827 624 864 Nam
644 840 734 879 saepe
753 826 788 864 in
807 826 930 864 villam
955 834 1091 863 tantum
1113 825 1209 862 exire
1220 838 1280 861 vo-

327 886 569 935 lentes7mnlta
582 887 763 934 molimur,
784 886 958 937 valdeque
968 886 1128 938 occupati
1141 900 1278 926 sumus,

327 961 367 985 eo
385 948 481 998 quod
497 948 653 1000 plurima
684 948 872 986 nobiseum
893 947 1091 994 trahamus,
1117 960 1198 997 quae
1212 959 1280 983 non

327 1009 441 1046 solum
463 1023 530 1045 non
542 1017 624 1045 sunt
643 1008 744 1045 nobis
763 1008 856 1056 usui,
875 1006 936 1046 sed
955 1015 990 1044 et
1008 1019 1281 1058 supervacanea,

325 1078 357 1105 et
378 1068 530 1116 inutilia,
543 1078 583 1106 >et
603 1082 743 1120 pompae
776 1068 888 1119 gratia
906 1076 1090 1119 apparata,
1111 1080 1188 1117 quae
1209 1080 1277 1103 no—

325 1129 464 1167 biscum
503 1129 670 1167 ducimus
691 1138 724 1166 et
743 1128 1037 1166 circumferimus.
1067 1129 1204 1167 Verum
1220 1128 1280 1180 ju-

327 1200 401 1228 stus
417 1191 476 1228 ille
486 1205 554 1228 non
571 1190 621 1228 sic
635 1190 726 1241 egit3
747 1189 806 1228 sed
824 1190 907 1241 quia
921 1189 1097 1227 Dominus
1112 1188 1281 1240 dignatus

326 1261 377 1289 est
397 1266 476 1289 cum
495 1251 571 1303 ipso
599 1251 819 1301 colloquium
842 1250 987 1296 habere,
1009 1250 1127 1288 locum
1162 1262 1279 1286 conse-

327 1312 452 1356 cravit,
471 1312 583 1349 altare
598 1310 790 1359 exstruxit,
816 1324 856 1349 ae
875 1324 1003 1362 magna
1021 1309 1190 1347 facilitate
1208 1309 1280 1346 alio

326 1372 613 1423 migravit.8.Et
626 1374 747 1409 erexit
763 1372 846 1409 illic
860 1370 1156 1409 tabernaculum
1168 1383 1278 1407 suum

327 1438 367 1471 in
383 1434 523 1472 Bethel
530 1436 650 1486 juxta
667 1447 773 1471 mare
786 1442 823 1471 et
836 1433 973 1485 Aggae,
992 1445 1125 1469 versus
1144 1433 1280 1468 Orien-

329 1504 414 1533 tem.
431 1496 484 1532 Et
497 1495 723 1547 (edificavit,
741 1493 871 1543 inquit,
883 1495 937 1530 ibi
951 1493 1078 1530 altare
1091 1493 1277 1537 Domino,

325 1565 363 1593 et
377 1558 570 1593 invocavit
591 1558 632 1592 in
653 1558 808 1592 nomine
823 1555 997 1592 Domini.
1018 1552 1113 1592 Vide
1131 1566 1279 1602 quomo-

328 1616 375 1653 do
401 1631 464 1668 per
483 1616 600 1653 omnia
633 1615 837 1666 religiosam
856 1623 1009 1652 mentem
1046 1627 1118 1665 prae
1137 1627 1172 1650 se
1201 1613 1277 1650 fert.

323 1677 406 1714 Illic
437 1676 532 1713 enim
550 1676 596 1713 ob
629 1675 899 1727 promissionem
924 1674 990 1712 sibi
1012 1688 1032 1711 a
1054 1675 1129 1711 Deo
1148 1674 1278 1711 factam

322 1751 422 1774 aram
442 1736 635 1786 exstruxit,
653 1745 686 1773 et
701 1735 778 1773 loco
797 1744 1000 1773 consecrato
1016 1734 1177 1772 discessit
1196 1749 1203 1768 ε
1218 1734 1279 1771 hic

321 1806 439 1835 autem
448 1797 532 1847 quia
540 1796 810 1834 tabernaculum
819 1795 1280 1847 fixerat,ite1·umAEdiflca-

327 1860 392 1904 vit,
408 1857 536 1908 inquit,
553 1858 682 1895 altare
694 1858 879 1904 Domino,
896 1865 932 1894 et
949 1858 1145 1894 invocavit
1159 1858 1201 1892 in
1212 1869 1279 1893 no-

326 1921 428 1956 mine
441 1919 616 1957 Domini.
637 1917 771 1957 Vidisti
787 1927 938 1955 mentem
958 1917 1048 1955 bene
1064 1915 1278 1964 institutam,

326 1989 358 2017 ct
387 1979 569 2031 sapientiae
601 1978 756 2016 deditam
778 1978 795 2016 P
816 1977 941 2017 vidisti
976 1977 1155 2028 quomodo
1187 1977 1282 2028 quod

327 2040 482 2078 scribens
501 2039 685 2077 admonuit
699 2038 924 2076 admirabilis
944 2038 1041 2076 orbis
1057 2037 1182 2076 doctor
1198 2038 1282 2076 bea-

326 2111 383 2139 tus
411 2101 558 2152 Paulus,
591 2100 712 2138 dicens
737 2116 745 2136 :
777 2103 826 2137 In
859 2102 964 2137 omni
997 2100 1080 2137 loco
1111 2100 1283 2138 levantes

328 2172 486 2201 sanctas
502 2177 641 2200 manus
659 2178 669 2198 .·
683 2161 719 2199 id
736 2161 938 2214 patriarcha
953 2161 1056 2214 prius
1072 2176 1176 2213 opere
1186 2175 1280 2199 com-

327 2223 452 2276 plevit,
472 2223 508 2261 in
535 2223 686 2273 singulis
703 2222 789 2260 locis
803 2222 928 2260 altaria
947 2222 1098 2272 erigens,
1112 2231 1145 2259 et
1155 2222 1281 2259 Domi-

327 2299 373 2322 no
391 2283 522 2335 gratias
537 2283 670 2334 agens?
688 2282 830 2321 Sciebat
854 2282 960 2330 enim,
979 2282 1110 2320 sciebat
1132 2282 1279 2319 manife-

328 2353 379 2382 ste
397 2374 407 2394 ,
433 2344 525 2382 nihil
553 2342 655 2382 aliud
680 2342 860 2393 requirere
893 2343 938 2379 ab
969 2343 1126 2379 humano
1156 2356 1280 2393 genere

327 2407 443 2443 Deum
454 2404 625 2453 universi,
637 2412 715 2456 post
731 2404 915 2440 innumera
923 2412 956 2440 et
965 2403 1161 2441 ineffabilia
1173 2403 1279 2441 bene-

327 2466 408 2502 ficia
417 2480 610 2516 sua‚quam
623 2465 782 2502 animum
792 2467 989 2515 gratiarum
1001 2463 1127 2501 actioni
1139 2463 1280 2501 studen-

328 2535 411 2575 tem,
431 2535 465 2563 et
494 2535 635 2577 accepta
648 2525 820 2562 beneficia
837 2524 1071 2562 confitentem.
1105 2525 1280 2562 Caeterum

328 2585 718 2637 videamus,quomodo
734 2594 767 2623 et
783 2585 867 2622 hine
882 2585 1000 2637 justus
1019 2584 1159 2636 migrat.
1176 2587 1212 2623 9.
1227 2587 1279 2622 Et

328 2649 515 2695 discessit,
532 2646 659 2697 inquit,
683 2647 853 2695 Abram,
870 2654 906 2683 et
925 2647 1121 2697 profectus
1134 2654 1280 2683 castra-

329 2717 495 2746 metatus
521 2716 576 2745 est
604 2710 645 2744 in
664 2708 888 2745 solitudine.
918 2707 1016 2746 Vide
1049 2706 1179 2745 iterum
1199 2706 1279 2744 reli-

329 2769 463 2819 giosam
494 2769 570 2820 ejus
602 2777 755 2805 mentem
785 2776 818 2805 et
856 2767 1037 2820 sapientia}
1071 2766 1278 2805 studiosam.

326 2830 476 2879 Iterum,
513 2829 641 2879 inquit,
675 2828 852 2878 discessit,
893 2830 1280 2880 Castrametatusqne

327 2899 383 2928 est
402 2893 444 2926 in
464 2891 684 2927 solitudine.
709 2890 829 2935 Quare
849 2889 948 2927 illinc
960 2889 1152 2927 discessit?
1174 2891 1278 2927 Forte

326 2950 469 2989 videbat
483 2951 698 3001 quibusdam
718 2951 841 2989 incolis
857 2965 924 2989 non
942 2951 1079 3003 placere
1098 2965 1202 2988 suum
1213 2951 1278 2989 ad-

326 3021 485 3049 ventum:
504 3011 652 3062 proinde
667 3011 836 3049 eximiam
852 3026 951 3049 suam
969 3011 1276 3049 mansuetudinem

324 3071 521 3121 declarans,
542 3082 573 3110 et
586 3073 762 3123 quomodo
783 3073 1075 3123 tranquillitatem
1089 3073 1207 3124 magni
1227 3074 1276 3110 fa·
1313 3082 1322 3099 Γ

325 3142 429 3179 ceret,
450 3148 488 3170 ac
510 3147 550 3170 ne
565 3147 644 3170 eum
668 3133 740 3170 ullo
758 3133 895 3183 aliquid
914 3133 1059 3171 liaberet
1078 3134 1219 3184 negotii,
1240 3134 1275 3171 iu

324 3193 552 3231 solitudinem
567 3208 602 3230 se
620 3194 794 3231 transfert.
818 3195 1034 3245 Profectus,
1055 3194 1184 3244 iuquit,
1211 3209 1276 3232 ca-

324 3263 573 3292 strametatus
593 3263 645 3291 est
666 3257 706 3291 in
730 3255 949 3292 solitudine.
972 3255 1093 3293 Aliena
1122 3255 1275 3294 dictione

323 3329 384 3352 usa
406 3324 455 3352 est
477 3314 599 3351 diviua
629 3315 823 3366 Scriptura.
850 3316 941 3352 Nam
969 3317 1273 3366 quemadmodum

323 3375 480 3416 inbellis
496 3376 647 3412 solemus
666 3375 792 3423 dicere,
809 3376 853 3412 ita
876 3376 1153 3428 etdej11stol1ic
1170 3378 1270 3428 dicit,

840 202 887 231 JO
897 201 1024 231 -tNNJS
1059 198 1299 229 CHRYSOST.

1343 197 1546 226 ARCfflEP.
1588 194 1944 226 CONSTQNUNOP.

1355 283 1464 324 θηκαν
1476 293 1483 300 ·
1504 278 1560 315 τὸν
1582 277 1685 315 αὐτὸν
1706 277 1747 324 δὴ
1765 278 1891 329 τρόπον
1907 277 1966 315 καὶ
1979 280 1996 315 ὁ
2016 276 2145 320 δίκαιος
2161 273 2257 320 οὗτος
2269 309 2278 326 ,
2295 277 2374 316 ἔνθα

1353 340 1416 383 τῆς
1431 338 1600 381 ὀπτασίας
1619 341 1680 384 τῆς
1695 342 1754 376 τοῦ
1775 341 1866 378 Θεοῦ
1881 337 2013 385 ἠξιώθη
2027 368 2036 386 ,
2056 339 2095 377 τὸ
2113 339 2374 391 Θυσιαστήριον

1353 398 1557 450 ᾠκοδόμησε
1572 398 1690 452 Κυρίῳ
1707 402 1757 451 τῷ
1776 398 1912 451 ὀφθέντι
1929 400 2023 451 αὐτῷ
2035 430 2044 446 ,
2059 399 2118 436 καὶ
2136 399 2270 445 ἀπέστη
2283 432 2293 448 ,
2308 415 2354 451 φη
2365 422 2377 430 ³

1354 459 1420 506 σὶν,
1438 461 1578 497 ἐκεῖθεν.
1595 459 1642 497 Τί
1662 462 1735 498 ἐστι
1749 489 1758 506 ,
1781 459 1850 497 Καὶ
1867 459 2004 505 ἀπέστη
2025 462 2174 506 ἐκεῖθεν;
2192 460 2254 503 Ὡς
2275 463 2375 511 ἱερω-

1354 519 1457 570 μένου
1489 519 1609 558 λοιπὸν
1634 525 1693 558 τοῦ
1715 519 1844 567 τόπου,
1863 520 1990 572 καὶτῷ
2022 522 2104 573 Θεῷ
2135 521 2376 563 ἀνατεθέντος,

1353 580 1573 634 ἀνεχώρησεν
1608 583 1749 625 ἐκεῖθεν,
1765 580 1825 618 καὶ
1857 582 2027 630 μετῆλθεν
2056 583 2103 625 εἷς
2122 582 2238 634 ἕτερον
2258 581 2376 629 τόπον,

1352 642 1470 693 φησὶν,
1493 643 1554 685 Εἰς
1572 641 1611 680 τὸ
1638 641 1714 693 ὄρος
1733 641 1823 678 κατὰ
1839 641 2008 684 ἀνατολὰς
2028 641 2163 688 Bao-kx,
2181 643 2240 680 καὶ
2269 641 2375 689 ἔστη-

1353 717 1409 740 σεν
1446 703 1517 739 ἐκεῖ
1543 701 1606 748 τὴν
1646 700 1778 748 σκηνὴν
1806 703 1926 739 αὐτοῦ·
1956 701 2242 754 ἐσχεδιασμένην,
2277 702 2376 753 φησι,

1350 761 1413 808 τὴν
1429 762 1563 809 οἴκησιν
1586 761 1789 807 ἐποιήσατο.
1806 761 1904 813 “Opoe
1923 765 1996 804 πῶς
2015 757 2058 808 ῆν
2078 762 2262 814 ἀπέριττός
2276 792 2285 809 ,
2302 765 2379 804 πῶς

1352 817 1394 868 ῆν
1415 823 1574 870 εὔζωνος,
1596 825 1642 865 ὡς
1661 822 1749 872 μετά
1769 838 1806 860 τε
1831 821 1991 873 γυναικὸς
2019 822 2077 860 καὶ
2105 825 2247 861 οἰκετῶν
2268 822 2376 866 οὕτως

1353 883 1501 926 εὐκόλως
1525 883 1811 933 μετανίστασθαι.
1836 883 2072 921 Ἀκουέτωσαν
2093 883 2231 936 ἄνδρες,
2248 884 2373 922 ἀκουέ-

1351 960 1466 982 τωσαν
1486 951 1657 995 γυναῖκες.
1680 944 1747 981 Καὶ
1768 944 1835 995 γὰρ
1858 943 2026 988 πολλάκις
2055 946 2102 988 εἷς
2125 944 2228 997 ἀγρὸν
2251 944 2376 988 ἐξιέναι

1353 1004 1531 1054 δεόμενοι,
1558 1005 1682 1057 μυρίας
1716 1006 1915 1055 ἐπινοοῦμεν
1951 1005 2111 1057 μηχανὰς
2126 1033 2135 1051 ,
2168 1006 2226 1043 καί
2261 1006 2375 1044 πολλὰ

1352 1066 1412 1104 καὶ
1431 1067 1578 1119 διάφορα
1599 1066 1935 1118 πραγματευόμεθα,
1953 1066 2010 1104 διὰ
2026 1067 2064 1103 τὸ
2084 1066 2197 1104 πολλὰ
2217 1067 2376 1119 ἐπισύρε-

1353 1129 1433 1164 σθαι
1462 1127 1521 1164 καὶ
1544 1126 1592 1177 μὴ
1619 1129 1682 1171 τῆς
1703 1126 1822 1179 χρείας
1850 1127 2006 1177 γίνεσθαι
2040 1129 2192 1176 μᾶλλον,
2223 1127 2312 1165 ἀλλὰ
2331 1127 2375 1165 τὰ

1351 1186 1498 1238 περιττὰ
1534 1187 1593 1224 καὶ
1629 1186 1798 1234 ἀνόνητα,
1826 1186 1886 1224 καὶ
1915 1186 2107 1238 φαντασίας
2144 1186 2258 1225 ἕνεκεν
2290 1192 2376 1238 ἡμῖν

1352 1247 1638 1298 ἐσπουδασμένα,
1658 1251 1768 1284 ταῦτα
1792 1250 1867 1298 μεθ’
1899 1249 2032 1285 ἑαυτῶν
2058 1247 2152 1298 ἄγειν
2183 1248 2240 1286 καὶ
2271 1264 2374 1300 περι-

1353 1308 1462 1359 άγειν.
1483 1309 1576 1346 Ἀλλ’
1597 1311 1661 1361 οὐχ
1688 1311 1705 1346 ὁ
1730 1309 1862 1352 δίκαιος
1888 1302 1995 1351 οὗτος.
2025 1307 2128 1346 Ἀλλὰ
2148 1308 2200 1355 τί;
2227 1309 2374 1356 Ἐπειδὴ

1353 1369 1508 1413 ἀξιωθεὶς
1523 1372 1584 1415 τῆς
1603 1369 1700 1422 παρὰ
1720 1373 1779 1408 τοῦ
1803 1372 1894 1407 Θεοῦ
1913 1370 2074 1420 ὁμιλίας,
2094 1371 2152 1408 τὸν
2172 1369 2277 1407 τόπον
2298 1372 2376 1422 ἀφι-

1351 1429 1478 1483 έρωσε,
1499 1430 1559 1468 καὶ
1583 1429 1828 1482 θυσιαστήριον
1851 1430 2077 1482 ιξ)κοδόμησε,
2106 1427 2256 1481 μετέστη
2287 1431 2377 1481 μετὰ

1351 1490 1467 1536 πάσης
1485 1490 1640 1533 εὐκολίας
1668 1490 1821 1542 ἑτέρωθι.
1844 1491 1913 1528 Καὶ
1934 1490 2077 1537 ἔστησεν
2109 1493 2180 1529 ἐκεῖ
2199 1491 2262 1537 τὴν
2285 1507 2375 1537 σκη-

1351 1551 1411 1598 νὴν
1428 1554 1530 1590 αὐτοῦ
1544 1583 1552 1596 ,
1569 1554 1603 1589 ἐν
1618 1550 1731 1598 Βεθὴλ
1748 1551 1839 1588 κατὰ
1856 1551 2051 1599 θάλασσαν,
2073 1552 2132 1590 καὶ
2151 1551 2271 1603 Ἁγγαί
2285 1552 2377 1590 κατὰ

1353 1613 1541 1655 ἀνατολάς·
1580 1612 1639 1649 καὶ
1676 1612 1879 1664 ᾠκοδόμησε
1917 1615 2018 1650 κάκεῖ
2049 1612 2293 1665 θυσιαστήριον
2324 1615 2375 1664 τῷ

1354 1673 1491 1725 Κυρίῳ,
1529 1672 1587 1710 καὶ
1620 1672 1856 1710 ἐπεκαλέσατο
1891 1672 1948 1709 ἐπὶ
1978 1675 2027 1724 τῷ
2059 1674 2204 1724 ὀνόματι
2235 1673 2375 1724 Κυρίου.

1353 1733 1449 1784 υΟρα
1477 1737 1552 1776 πῶς
1581 1733 1638 1771 διὰ
1668 1733 1808 1770 πάντων
1841 1732 2010 1771 δείκνυσιν
2041 1737 2164 1772 ἑαυτοῦ
2187 1733 2249 1780 τῆν
2273 1734 2373 1785 φιλό-

1353 1796 1428 1830 θεον
1444 1792 1600 1845 γνώμην.
1628 1795 1728 1831 Ἐκεῖ
1760 1792 1821 1843 μὲν
1842 1793 1909 1845 γὰρ
1929 1793 1985 1831 διὰ
2005 1793 2068 1840 τὴν
2088 1794 2184 1846 παρὰ
2201 1798 2261 1831 τοῦ
2284 1797 2376 1832 Θεοῦ

1353 1855 1586 1906 γεγενημένην
1621 1856 1715 1906 αὐτῷ
1741 1854 1930 1907 ὑπόσχεσιν
1958 1856 1997 1893 τὸ
2027 1856 2271 1907 θυσιαστήριον
2290 1857 2376 1908 ᾠκο-

1354 1915 1506 1966 δόμησε,
1524 1916 1584 1955 καὶ
1605 1916 1662 1954 τὸν
1689 1915 1794 1954 τόπον
1813 1916 2009 1968 ἀφιερώσας
2037 1916 2270 1969 ἀνεχώρησεν.
2293 1917 2377 1956 Ἐν-

1354 1981 1465 2015 ταῦθα
1481 1976 1516 2016 δὲ
1535 1977 1655 2024 ἐπειδὴ
1680 1976 1743 2023 τὴν
1762 1977 1893 2024 σκηνὴν
1914 1977 2065 2024 ἐπήξατο
2078 2008 2088 2025 ,
2107 1978 2212 2016 πάλιν
2230 1977 2376 2032 ’ῼκοδό-

1356 2055 1446 2089 μησε
1456 2069 1465 2086 ,
1477 2038 1561 2091 φησὶ
1574 2069 1582 2085 ,
1601 2039 1845 2090 θυσιαστήριον
1857 2041 1906 2090 τῷ
1919 2038 2050 2091 Κυρίῳ,
2065 2039 2125 2077 καὶ
2137 2038 2376 2077 ἐπεκαλέσατο

1355 2099 1412 2136 ἐπὶ
1427 2102 1478 2151 τῷ
1499 2099 1643 2150 ὀνόματι
1660 2099 1801 2152 Κυρίου.
1831 2093 1932 2143 Εἶδες
1947 2099 2090 2151 γνώμην
2110 2099 2314 2151 φιλόσοφον;
2327 2094 2375 2137 εἷ-

1356 2161 1409 2203 δες
1430 2159 1514 2213 ὅπερ
1533 2159 1674 2211 γράφων
1705 2159 1898 2211 παρῄνεσεν
1919 2163 1936 2198 ὁ
1954 2162 2153 2211 θαυμαστὸς
2173 2163 2235 2206 τῆς
2257 2163 2372 2199 οἰκου-

1356 2220 1462 2271 μένης
1490 2221 1697 2264 διδάσκαλος
1724 2224 1742 2258 ὁ
1772 2221 1941 2274 μακάριος
1974 2224 2134 2270 Παῦλος,
2154 2222 2284 2273 λέγων·
2312 2222 2373 2260 Ἐν

1353 2281 1458 2319 παντὶ
1476 2281 1573 2334 τόπῳ
1601 2281 1807 2333 ἐπαίροντας
1829 2281 1940 2326 ὁσίους
1959 2288 2079 2335 χεῖρας
2093 2299 2100 2306 ·
2120 2286 2222 2320 τοῦτο
2241 2285 2372 2335 προλα-

1355 2342 1425 2381 ὅὼν
1444 2346 1461 2381 ὁ
1480 2342 1700 2396 πατριάρχης
1714 2342 1769 2379 διὰ
1789 2346 1857 2380 τῶν
1878 2343 1986 2394 ἔργων
2005 2343 2156 2395 ἐπλήρου
2171 2374 2180 2391 ,
2196 2346 2273 2381 καθ’
2296 2344 2372 2382 ἕκα-

1355 2420 1434 2443 στον
1453 2405 1556 2442 τόπον
1576 2404 1818 2456 θυσιαστήριον
1839 2406 2044 2455 οἰκοδομῶν,
2060 2405 2119 2443 καὶ
2146 2405 2207 2449 τὰς
2226 2407 2373 2458 εὐχαρι-

1355 2465 1452 2509 στίας
1466 2465 1646 2518 ἀναφέρων
1662 2468 1711 2517 τῷ
1728 2466 1903 2517 Δεσπότῃ.
1926 2465 2028 2520 ’ᾘδει
2047 2466 2114 2519 γὰρ
2125 2496 2134 2512 ,
2149 2467 2226 2518 ᾔδει
2242 2469 2372 2519 σαφῶς,

1353 2528 1400 2569 ὡς
1427 2525 1522 2564 οὐδὲν
1543 2526 1657 2578 ἕτερον
1688 2528 1845 2573 ἐπιζητεῖ
1865 2526 1962 2580 παρὰ
1983 2530 2044 2573 τῆς
2071 2527 2287 2578 ἀνθρωπίνης
2314 2527 2374 2580 φύ-

1354 2603 1438 2630 σεως
1459 2590 1475 2625 ὃ
1493 2589 1561 2624 τῶν
1578 2587 1666 2625 ὅλων
1689 2587 1777 2630 Θεὸς
1800 2587 1887 2638 μετὰ
1903 2587 1965 2630 τὰς
1989 2587 2113 2640 μυρίας
2142 2588 2202 2626 καὶ
2224 2588 2371 2641 ἀφάτους

1355 2650 1456 2686 αὐτοῦ
1476 2647 1693 2699 εὐεργεσίας,
1709 2650 1755 2692 ὡς
1772 2648 1976 2701 εὐχάριστον
2003 2648 2158 2698 γνώμην,
2175 2649 2233 2686 καὶ
2260 2650 2300 2688 τὸ
2318 2651 2367 2687 εἷ-

1354 2709 1448 2746 δέναι
1477 2709 1581 2762 χάριν
1601 2711 1779 2760 ὁμολογεῖν
1798 2708 1884 2759 ὑπὲρ
1916 2712 1983 2747 τῶν
2013 2709 2258 2760 ὑπηργμένων.
2279 2709 2369 2748 Ἀλλ’

1354 2769 1480 2821 ἴδωμεν
1501 2772 1620 2816 πάλιν,
1636 2774 1710 2815 πῶς
1729 2770 1787 2808 καὶ
1801 2771 1955 2807 ἐντεῦθεν
1973 2772 1990 2807 ὁ
2009 2769 2139 2813 δίκαιος
2157 2769 2370 2820 μετανίστα-

1350 2847 1418 2869 ται.
1439 2833 1506 2869 Kal
1527 2834 1640 2884 ἀπῆρε
1652 2862 1661 2878 ,
1676 2831 1793 2883 φησὶν,
1807 2830 1964 2882 Ἄδραμ,
1981 2831 2039 2868 καὶ
2054 2831 2229 2883 πορευθεὶς
2251 2833 2372 2881 ἐστρα-

1348 2893 1552 2930 τοπέδευσεν
1574 2896 1608 2931 ἐν
1635 2896 1677 2943 τῆ
1711 2892 1844 2944 ἐρήμῳ.
1861 2891 1959 2943 σΟρα
1988 2892 2093 2930 πάλιν
2123 2891 2186 2938 τὴν
2216 2891 2371 2944 φιλόθεον

1351 2955 1455 2991 αὐτοῦ
1476 2954 1632 3005 γνώμην,
1651 2953 1711 2991 καὶ
1731 2953 1793 2999 τὴν
1813 2953 2016 3005 φιλοσοφίαν
2041 2953 2105 2999 τὴν
2126 2953 2271 2999 πολλήν.
2293 2952 2370 2990 Πά-

1347 3015 1418 3059 λιν,
1439 3016 1555 3067 φησὶν,
1580 3018 1731 3054 ἐντεῦθεν
1752 3014 1973 3068 ἀνεχώρησε,
1996 3015 2054 3052 καὶ
2074 3013 2371 3065 Ἰίστρατοπέδευ-

1350 3092 1405 3114 σεν
1426 3077 1460 3113 ἐν
1481 3080 1523 3126 τῆ
1545 3076 1678 3128 ἐρήμῳ.
1696 3075 1798 3117 Τίνος
1815 3075 1926 3113 ἕνεκεν
1946 3078 2078 3127 ἀπῆρεν
2104 3077 2249 3121 ἐκεῖθεν,
2267 3073 2370 3116 Ἴσως

1347 3140 1435 3188 ὁρῶν
1463 3154 1558 3181 τινας
1587 3136 1777 3189 οἰκητόρων
1815 3138 1877 3175 οὐκ
1907 3136 2158 3187 ἀρεσκομένους
2191 3137 2295 3173 αὐτοῦ
2325 3138 2368 3186 τῆ

1349 3198 1533 3251 παρουσία.
1554 3197 1622 3235 Διά
1640 3215 1693 3236 τοι
1720 3202 1822 3236 τοῦτο
1844 3196 1976 3240 δεικνὺς
1996 3199 2098 3235 αὐτοῦ
2129 3200 2191 3243 τῆς
2211 3196 2366 3249 πραότη-

1347 3274 1404 3301 τος
1427 3258 1488 3305 τὴν
1511 3258 1718 3311 ὓπερὸολὴν,
1747 3259 1805 3296 καὶ
1833 3258 1926 3301 ὅπως
1952 3257 2031 3309 περὶ
2060 3259 2189 3296 πολλοῦ
2218 3263 2369 3295 ποιεῖται

1346 3318 1409 3364 τὴν
1432 3319 1592 3371 ἡσυχίαν,
1608 3320 1666 3357 καὶ
1682 3320 1720 3357 τὸ
1740 3318 1824 3371 πρὸς
1845 3318 1975 3368 μηδένα
1995 3335 2028 3356 τι
2045 3318 2135 3370 ἔχειν
2164 3317 2289 3363 κοινὸν,
2304 3316 2366 3363 τὴν

1346 3380 1492 3430 ἐρημίαν
1509 3380 1784 3430 καταλαμὲοίνει.
1802 3379 1869 3418 Καὶ
1892 3379 2068 3432 πορευθεὶς
2080 3410 2087 3421 .
2113 3379 2229 3430 φησὶν,
2245 3379 2365 3428 ἕστρα·
