2516 3791
637 240 677 268 tN
717 239 820 268 CAP.
860 237 987 268 XLV!-

55 327 114 368 καὶ
132 326 189 365 τὸν
203 325 272 377 πρὸ
286 321 457 363 τοσούτων
478 322 563 360 ἐτῶν
583 320 774 367 τεθνηκότα
794 319 853 358 καὶ
871 318 1000 372 θηρίων
1019 333 1082 357 κα-

54 388 225 440 τάὸρωμα
240 384 436 437 γενόμενον,
455 386 501 427 ὡς
517 384 653 433 ἓνομιζε
665 413 675 431 ,
691 381 884 420 θεάσασθαι
903 386 960 420 νῦν
981 383 1081 432 βασι-

53 449 114 490 λέα
134 450 196 494 τῆς
215 445 388 496 Αἰγύπτου
410 443 651 497 γεγενημένον.
679 443 750 482 Καὶ
767 442 950 496 γενόμενος
968 441 1026 481 ἐπὶ
1042 441 1082 480 τὸ

53 510 162 564 φρέαρ
191 511 252 548 τοῦ
284 507 410 561 ὅρκου,
438 505 725 560 εὐχαριστηρίους
745 505 850 558 εὐχὰς
871 503 1081 555 ἀναπέμψας

51 574 102 625 τῷ
129 570 292 620 Δεσπότη
305 600 314 616 ,
340 569 438 608 ἔθυσε
451 599 460 617 ,
486 568 592 621 φησὶ,
618 567 738 607 θυσίαν
759 570 810 620 τῷ
833 568 916 620 Θεῷ
933 570 995 606 τοῦ
1013 582 1082 605 πα-

52 632 130 685 τρὸς
149 633 252 670 αὐτοῦ
274 630 413 669 Ἰσαάκ.

105 703 228 741 Ταῦτα
248 700 427 744 ἀκούοντες
442 699 689 751 παιδευώμεθα
702 728 712 746 ,
727 699 815 753 ὅπερ
834 699 873 738 ἂν
895 699 1081 751 μέλλοιμεν

51 764 345 817 διαπράττεσθαι,
360 762 424 801 κᾶν
439 761 625 816 πράγματί
638 777 705 800 τινι
725 761 1001 814 ἐγχειρήσωμεν,
1017 760 1081 799 κᾶν

51 824 252 874 ἀποδημίας
279 823 495 875 ᾇπτώμεθα,
521 822 687 876 πρότερον
710 821 774 869 τὴν
805 821 863 860 διὰ
884 824 948 868 τῆς
979 824 1082 875 εὖχῆς

52 886 172 925 θυσίαν
190 884 372 939 ἀναφέρειν
394 887 444 937 τῷ
465 884 628 935 Δεσπότῃ
641 914 651 931 ,
673 883 733 922 καὶ
751 883 815 931 τὴν
840 884 970 923 ἐκείνου
987 900 1081 936 συμ-

52 946 184 999 μαχίαν
201 947 392 990 καλοῦντας
405 976 414 994 ,
431 944 538 988 οὕτως
557 944 727 983 ἅπτεσθαι
742 947 812 983 τῶν
826 945 1080 998 προκειμένων,

51 1007 112 1047 καὶ
133 1011 316 1059 μιμεῖσθαι
335 1009 404 1044 τῶν
423 1005 567 1045 δικαίων
586 1005 719 1045 τούτων
739 1006 779 1045 τὸ
791 1006 961 1059 φιλόθεον.
976 1005 1082 1046 ”Eou-

51 1085 88 1107 σε
101 1098 112 1116 ,
138 1068 244 1120 φησὶ,
264 1067 384 1106 θυσίαν
400 1070 450 1120 τῷ
478 1069 561 1120 Θεῷ
584 1072 644 1106 τοῦ
662 1067 793 1120 πατρὸς
809 1069 911 1106 αὐτοῦ
932 1067 1057 1106 Ἰσαάκ
1073 1083 1081 1092 ·

50 1130 106 1167 ἵνα
126 1129 240 1181 μάθῃς
256 1128 309 1167 ὅτι
337 1130 416 1167 κατ’
438 1127 531 1180 ἴχνος
555 1133 615 1167 τοῦ
638 1127 769 1180 πατρὸς
797 1127 1001 1182 ἐπορεύετο,
1022 1129 1082 1167 καὶ

50 1189 141 1228 οὕτω
166 1189 228 1236 τὴν
250 1189 328 1242 περὶ
347 1189 387 1227 τὸ
408 1190 511 1228 Θεῖον
542 1188 728 1241 θεραπείαν
749 1189 991 1238 ἐπεδείκνυτο,
1011 1205 1081 1228 κα-

51 1251 162 1304 θάπερ
177 1254 195 1289 ὃ
214 1251 350 1290 Ἰσαάκ.
367 1251 437 1289 Καὶ
454 1250 575 1296 ἐπειδὴ
589 1250 652 1297 τὴν
670 1250 800 1289 οἰκείαν
816 1250 1080 1303 εὐγνωμοσύνην

49 1311 236 1365 προλαὸὼν
269 1311 325 1350 διὰ
354 1314 415 1357 τῆς
446 1312 668 1364 εὐχαριστίας
700 1312 898 1357 ἐπεδείξατο
915 1342 924 1361 ,
959 1312 1083 1357 εὐθέως

49 1373 310 1420 ἐπηκολούθησε
330 1373 389 1411 καὶ
409 1373 453 1412 τὰ
467 1372 564 1427 παρὰ
580 1375 643 1419 τῆς
664 1373 793 1412 ἄνωθεν
816 1376 937 1427 ῥοπῆς.
954 1374 1080 1412 Ἐπει-

50 1434 92 1482 δὴ
112 1434 180 1488 γὰρ
196 1434 256 1472 καὶ
272 1434 311 1472 τὸ
326 1434 504 1485 διάστημα
527 1437 589 1481 τῆς
605 1436 683 1474 ὁδοῦ
707 1437 878 1488 προορῶν,
908 1435 968 1474 καὶ
995 1436 1081 1487 πρὸς

47 1496 86 1534 τὸ
107 1499 215 1549 γῆρας
233 1495 445 1534 &melinum
467 1494 650 1544 ἐδεδοίκει,
678 1496 726 1547 μὴ
745 1496 806 1534 καὶ
826 1496 894 1550 πρὸ
919 1498 982 1542 τῆς
1001 1512 1080 1534 συν-

46 1556 167 1609 τυχίας
189 1556 335 1600 ἐπιστὰς
353 1559 371 1594 6
386 1557 531 1600 θάνατος
553 1557 777 1611 ἀποστερήσῃ
799 1561 860 1604 τῆς
875 1561 935 1596 τοῦ
957 1557 1080 1602 παιδὸς

46 1618 157 1671 ὅψεως
167 1649 176 1665 ,
193 1618 298 1670 εὐχὰς
311 1625 462 1656 ’ποιεῖται
474 1618 561 1671 πρὸς
574 1619 631 1658 τὸν
646 1618 827 1666 Δεσπότην
844 1621 1078 1670 ἐπιμετρῆσαι

46 1681 140 1732 αὐτῷ
158 1679 262 1727 ζωὴν,
283 1678 375 1717 ὥστε
390 1679 523 1723 τελείας
539 1682 737 1719 ἀπολαῦσαι
754 1684 816 1727 τῆς
831 1681 968 1727 ἡδονῆς.
983 1680 1077 1718 Ἀλλ’

44 1739 109 1792 δ’ρα
127 1743 201 1784 πῶς
217 1743 235 1779 6
253 1742 380 1791 ἀγαθὸς
400 1741 491 1784 Θεὸς
510 1743 723 1794 πληροφορεὶ
741 1741 798 1780 τὸν
820 1741 964 1779 δίκαιον.
985 1734 1076 1778 Eine

43 1801 124 1854 γὰρ,
141 1802 259 1853 φησὶν,
277 1806 294 1840 ὁ
312 1801 401 1844 Θεὸς
415 1804 466 1855 τῷ
483 1802 630 1854 Ἰσραὴλ
647 1803 682 1840 ἐν
696 1802 849 1856 ὁράματι
863 1805 925 1848 τ’ἧς
944 1802 1077 1846 νυκτός·

44 1862 175 1902 ’lambe
187 1894 196 1910 ,
216 1863 346 1902 ’lam-33
359 1879 366 1886 ·
389 1863 458 1915 ἐγώ
486 1866 559 1914 εἰμι
575 1867 593 1902 6
615 1864 704 1908 Θεὸς
722 1866 790 1902 τῶν
811 1864 971 1916 πατέρων
991 1880 1052 1903 σου
1067 1881 1075 1888 ·

46 1924 95 1975 μὴ
126 1923 233 1976 :30603
270 1925 469 1970 καταὸἦναι
501 1927 550 1969 εἷς
579 1924 774 1977 Αἴγυπτον.
807 1927 869 1970 Εἷς
888 1925 956 1978 γὰρ
981 1925 1075 1971 ἔθνος

45 1984 136 2037 μέγα
156 1986 294 2033 ποιήσω
314 2002 354 2024 σε
375 1988 459 2024 ἐκεῖ.
484 1985 580 2038 Ἐγὼ
606 1987 857 2038 καταθήσομαι
878 1987 967 2038 μετὰ
990 1990 1072 2036 σοῧ,

43 2046 142 2098 κάγὼ
166 2047 373 2086 &venenatam
395 2063 434 2086 σε
462 2049 509 2091 εἰς
530 2047 649 2096 τέλος,
669 2048 729 2086 καὶ
754 2049 886 2100 Ἰωσὴφ
914 2047 1075 2087 ἐπιὸαλεὶ

41 2108 104 2152 τὰς
123 2113 244 2161 χεῖρας
263 2109 320 2147 ἐπὶ
340 2108 418 2152 τοὺς
433 2108 630 2161 ὀφθαλμούς
651 2125 724 2148 σου.
743 2109 842 2161 ”Ορα
861 2111 936 2152 πῶς
954 2109 1044 2162 ἅπερ
1058 2113 1076 2148 ὃ

45 2169 176 2213 δίκαιος
189 2169 366 2221 ἐπεθύμει,
383 2175 492 2208 ταῦτα
508 2173 601 2223 αὐτῷ
613 2174 630 2209 6
645 2171 827 2218 Δεσπότης
840 2173 1074 2223 ὑπισχνεῖται,

46 2232 180 2283 μᾶλλον
196 2231 231 2270 δὲ
244 2232 303 2270 καὶ
316 2234 437 2284 πολλῷ
451 2233 608 2271 πλείονα.
620 2232 815 2284 Φιλότιμος
829 2232 897 2286 γὰρ
911 2232 958 2270 ὢν
973 2236 1074 2286 ὑπερ-

43 2291 156 2330 ὅαίνει
175 2292 237 2336 τὰς
251 2293 427 2345 ἡμετέρας
446 2293 600 2339 αἰτήσεις
615 2324 625 2341 ,
641 2293 703 2341 τὴν
728 2293 857 2332 οἰκείαν
877 2296 1075 2346 φιλανθρω-

43 2353 126 2392 πίαν
160 2355 385 2405 μιμούμενος.
418 2354 478 2401 Μὴ
510 2355 638 2407 φοὸοῧ,
666 2355 752 2408 φησὶ
767 2386 778 2403 ,
810 2356 1006 2403 καταὸἢναι
1029 2358 1076 2400 εἷς

45 2415 235 2467 Αἴγυπτον.
260 2415 408 2463 Ἐπειδὴ
437 2416 572 2467 ἠγωνία
601 2417 688 2470 πρὸς
704 2417 745 2455 τὸ
767 2421 878 2468 μῆκος
897 2421 962 2464 τῆς
985 2419 1075 2466 ὁδοῦ,

46 2475 234 2515 διὰ-τοῦτό
262 2492 369 2528 φησι·
394 2476 443 2528 μὴ
473 2478 560 2530 πρὸς
579 2477 642 2525 τὴν
664 2483 725 2517 τοῦ
750 2478 868 2532 γήρως
895 2478 1075 2518 ἀσθένειαν

47 2537 187 2590 ἀπίδῃς·
205 2539 267 2581 Εἷς
286 2537 354 2592 γὰρ
374 2538 468 2582 ἔθνος
489 2538 581 2591 μέγα
601 2539 739 2587 ποιήσω
759 2556 797 2579 σε
815 2542 904 2579 ἐκεῖ·
926 2541 986 2580 καὶ
1006 2557 1073 2580 κα-

45 2597 248 2649 ταὸήσομαι
269 2599 358 2649 μετὰ
379 2603 440 2638 σοῦ
460 2602 508 2644 εἷς
528 2599 718 2650 Αἴγυπτον.
738 2601 835 2654 Ἐγώ
859 2617 914 2640 σοι
933 2603 1074 2642 συνέσο-

47 2674 135 2709 μαι,
156 2660 216 2698 καὶ
230 2660 347 2699 πάντα
364 2677 417 2700 σοι
437 2664 573 2715 εὖμαρῑῖΙ
591 2662 817 2710 καταστήσω.
840 2663 976 2703 Σκόπει
994 2681 1075 2718 συγ-

45 2720 241 2759 κατάὸασιν
283 2722 451 2774 ῥημάτων
464 2738 471 2746 ·
505 2723 768 2774 Καταὸησομαι
802 2724 892 2776 μετὰ
928 2729 988 2765 σοῦ
1028 2728 1075 2771 εἷς

45 2778 235 2829 Αἴγυπτον.
255 2781 303 2819 Τί
311 2781 445 2820 ,τούτου
462 2781 760 2835 μακαριστότερον
784 2783 910 2834 γένοιτ’
936 2783 990 2833 ἂν,
1013 2788 1073 2824 τοῦ

45 2837 104 2887 τὸν
120 2838 209 2876 Θεὸν
234 2839 325 2891 ἔχειν
347 2842 587 2894 συνοδοιπόρον
601 2858 611 2890 ;
635 2836 726 2881 Εἶτα
743 2846 766 2890 ἡ
782 2845 990 2898 παραμυθία
1003 2876 1013 2894 ,
1032 2840 1074 2892 ἧς

47 2897 203 2949 μάλιστα
230 2900 339 2938 ἐδεῖτο
365 2905 384 2939 6
401 2901 598 2952 πρεσὸύτης
615 2919 623 2926 ·
652 2903 723 2942 Καὶ
753 2903 886 2959 Ἰωσὴφ
914 2907 1074 2946 ἕπιὸαλεῖ

43 2958 107 3003 τὰς
123 2965 244 3013 χεῖρας
259 2962 362 2998 αὖῒῡῧ
383 2962 441 2999 ἐπὶ
465 2962 544 3006 τοὺς
569 2965 766 3016 ὀφθαλμούς
791 2981 865 3006 σου.
884 2970 1040 3012 Ἐκεῖνος
1055 2973 1074 3008 ὁ

44 3021 277 3071 περιπόθητος
309 3021 409 3064 αὐτός
438 3037 477 3060 σε
511 3026 709 3074 περιστελεῖ
721 3055 731 3073 ,
764 3027 824 3065 καὶ
857 3027 921 3073 τὰς
953 3036 1074 3082 χεῖρας

43 3080 204 3119 ἐπιὸαλεῖ
232 3087 304 3125 τοῖς
321 3083 512 3134 ὀφθαλμοῖς
532 3098 604 3122 σου.
627 3084 767 3136 Χαίρων
791 3081 848 3126 οὖν
879 3089 940 3128 καὶ
956 3091 1074 3137 πάσης

45 3141 196 3193 ἀγωνίας
219 3142 315 3186 ἐκτὸς
332 3142 482 3195 γεγονὼς
495 3174 504 3191 ,
530 3142 636 3187 οὕτως
650 3144 731 3197 ἔχου
745 3149 808 3194 τῆς
825 3150 917 3188 ὁδοῦ.
939 3150 1073 3190 Ἐννόει

45 3216 105 3251 μοι
119 3203 239 3241 λοιπὸν
255 3203 314 3242 τὸν
327 3203 459 3242 δίκαιον
477 3205 552 3255 μεθ’
569 3205 653 3252 ὅσης
667 3206 830 3257 εὐθυμίας
845 3217 996 3250 ποιεῖται
1008 3212 1071 3260 τὴν

43 3262 254 3315 ὁδοιπορίαν,
282 3263 454 3312 τοσαύτην
484 3267 524 3303 ἐκ
546 3268 609 3312 τῆς
637 3270 696 3304 τοῦ
728 3268 820 3306 Θεοῦ
849 3271 1072 3324 ὑποσχέσεως

35 3321 161 3360 -λαὸὼν
173 3322 234 3370 τὴν
249 3323 502 3377 πληροφορίαν.
523 3324 665 3372 Ἀνέστη
681 3325 749 3378 γὰρ
760 3355 770 3373 ,
790 3327 907 3378 φησὶν,
928 3329 1071 3380 Ἰακὼῧ,

1027 234 1188 266 GENES.

1106 1270 1130 1300 C.

1229 235 1384 266 nomn„
1425 237 1532 268 va.
2021 242 2102 286 72¹

1156 330 1252 366 rum,
1279 317 1416 357 videret
1438 332 1533 357 nunc
1562 331 1682 369 regem
1706 317 1868 372 AEgypti.
1896 322 1933 357 1.
1956 322 2008 358 Et
2026 336 2113 360 cum
2133 335 2232 375 caput
2261 333 2312 374 46.

1157 382 1325 418 venisset
1342 381 1396 418 ad
1411 389 1569 432 puteum
1583 380 1814 434 'juramenti‚
1835 395 1966 433 prece5‚
1984 382 2115 432 quibus

1157 440 1290 490 gratias
1318 442 1457 493 agebat,
1478 442 1609 480 obtulit
1635 441 1803 489 Domino,
1821 451 1857 480 et
1877 443 2115 496 sacrificavit

1156 502 1394 555 sacrificium
1411 504 1496 541 Deo
1512 505 1619 556 patri
1639 505 1700 542 sui
1720 505 1848 543 Isaac.

1211 698 1250 735 Ω.
1283 696 1368 735 Haec
1401 695 1600 744 audientes,
1631 697 1810 736 diseamus
1847 698 1991 750 quando
2027 698 2116 751 quid

1155 757 1300 808 facturi,
1319 759 1376 798 vel
1404 759 1585 811 negotium
1612 759 1758 811 aliquod
1783 761 1948 813 coepturi,
1967 761 2025 799 vel
2053 775 2114 813 pe-

1155 819 1433 870 regrinationem
1463 821 1663 874 suscepturi
1698 835 1834 868 sumus,
1872 831 1909 860 ut
1952 822 2118 874 precibus

1155 881 1349 920 offeramus
1373 882 1530 921 Domino
1565 883 1797 931 sacrificium,
1823 893 1855 921 ct
1875 884 1951 936 ejus
1977 883 2119 936 adjuto-

1155 941 1251 981 rium
1276 943 1495 993 invocemus,
1510 953 1544 982 et
1559 944 1610 982 sic
1629 944 1832 982 institutum
1849 944 2116 996 aggrediamur,

1155 1003 1336 1043 imitantes
1373 1005 1519 1043 illorum
1547 1006 1727 1058 justorum
1761 1006 1941 1059 pietatem.
1962 1007 2118 1059 Sacrifi-

1155 1069 1261 1105 cat-it
1288 1068 1524 1121 sacrificium
1556 1069 1640 1105 Deo
1663 1071 1789 1120 patris
1818 1071 1879 1106 sui
1910 1071 2026 1106 Isaac
2047 1084 2058 1104 :
2079 1077 2117 1106 ut

1154 1127 1272 1166 discas
1300 1142 1382 1167 eum
1411 1129 1562 1180 vestigia
1593 1129 1704 1182 patris
1726 1129 1782 1167 sui
1806 1139 1994 1181 sequutum
2025 1143 2114 1179 esse,

1155 1199 1189 1228 et
1210 1189 1278 1228 hoc
1306 1190 1343 1228 in
1370 1190 1469 1228 cultu
1497 1190 1622 1229 divino
1646 1190 1856 1239 declarasse,
1877 1191 1969 1229 sicut
1997 1191 2112 1229 Isaac.

1157 1249 1205 1287 Et
1222 1251 1307 1302 quia
1336 1259 1478 1302 gratum
1510 1265 1616 1288 suum
1641 1251 1810 1289 affectum
1837 1251 1937 1303 prius
1957 1265 2019 1302 per
2034 1263 2114 1301 gra-

1154 1311 1288 1350 tiarum
1324 1312 1499 1350 actionem
1531 1311 1700 1362 ostendit,
1733 1312 1855 1350 statim
1895 1312 2115 1362 subsequuta

1153 1382 1236 1411 sunt
1271 1373 1378 1411 etiam
1403 1387 1443 1411 ea
1480 1387 1558 1424 quae
1597 1373 1742 1426 superni
1785 1373 1914 1411 auxilii
1953 1374 2110 1411 suerunt.

1152 1435 1245 1472 Nam
1267 1434 1353 1486 quia
1375 1434 1523 1473 videbat
1551 1443 1692 1472 tantum
1718 1434 1856 1473 itineris
1884 1435 2056 1487 spatium,
2081 1444 2114 1474 et

1151 1495 1332 1547 cogitabat
1357 1509 1459 1534 suam
1486 1495 1706 1549 decrepitam
1736 1505 1888 1545 aetatem,
1909 1496 2047 1535 veritus
2070 1511 2114 1535 ne

1151 1565 1264 1594 morte
1278 1566 1564 1610 praeoccupatus,
1586 1571 1606 1595 a
1631 1556 1810 1610 colloquio
1827 1566 1860 1595 et
1879 1567 2021 1610 aspectu
2043 1558 2111 1596 filii

1151 1617 1370 1671 privaretur,
1397 1628 1565 1671 precatur
1593 1619 1803 1667 Dominum,
1826 1628 1865 1657 ut
1887 1628 2020 1657 tantam
2041 1619 2111 1657 sihi

1150 1679 1233 1718 vitae
1255 1693 1459 1717 mensuram
1482 1678 1664 1727 concedat,
1690 1689 1729 1717 ut
1748 1680 1903 1732 perfecta
1928 1680 2112 1732 voluptate

1150 1741 1302 1779 fruatur.
1335 1740 1406 1780 Sed
1442 1740 1529 1779 vide
1567 1740 1746 1791 quomodo
1776 1741 1892 1779 bonus
1932 1740 2110 1779 Dominus

1150 1802 1272 1840 multis
1316 1801 1538 1853 argumentis
1580 1802 1719 1853 justum
1760 1816 1926 1840 securum
1967 1802 2108 1840 reddat.

1150 1866 1188 1903 ⁶2.
1209 1865 1319 1902 Dixit
1335 1863 1429 1901 enim
1444 1864 1551 1901 Deus
1567 1864 1694 1901 Israel
1710 1866 1752 1900 in
1770 1866 1923 1902 visione
1948 1867 2072 1902 noetis
2097 1880 2108 1899 :

1149 1926 1290 1972 Jacob,
1310 1927 1452 1970 Jacob;
1472 1926 1510 1963 5.
1529 1938 1597 1977 ego
1616 1939 1700 1963 sum
1723 1926 1831 1964 Deus
1849 1934 2004 1977 patrum
2027 1934 2110 1963 tuo-

1149 2001 1253 2032 r11m‚·
1271 2002 1319 2025 ne
1335 1989 1472 2025 timeas
1500 1987 1730 2024 descendere
1754 1989 1796 2024 in
1814 1988 2044 2039 AEgyptum.
2061 1989 2112 2024 In

1151 2063 1335 2101 magnam
1349 2051 1452 2086 enim
1470 2050 1789 2102 gentemsaciam
1809 2057 1845 2086 te
1862 2049 1957 2086 illic.
1972 2049 2009 2085 4.
2025 2050 2111 2100 Ego

1150 2111 1383 2149 descendam
1400 2119 1540 2156 tecum,
1558 2118 1595 2147 et
1607 2111 1792 2148 reducam
1813 2118 1850 2148 te
1863 2113 1905 2147 in
1910 2110 2052 2162 finem,
2074 2119 2111 2148 et

1148 2173 1294 2224 Ioseph
1321 2175 1491 2224 imponet
1525 2185 1664 2210 manus
1698 2185 1812 2224 super
1845 2171 1976 2209 oculos
2009 2181 2106 2209 tuos.

1149 2232 1246 2274 Vide
1271 2232 1450 2284 quomodo
1467 2246 1505 2270 ea
1525 2247 1603 2283 quae
1630 2233 1749 2284 justus
1778 2232 1839 2270 ille
1866 2231 2107 2283 desiderabat,

1150 2309 1190 2332 ea
1221 2293 1275 2331 illi
1314 2295 1411 2331 Deus
1447 2293 1663 2345 polliceatur
1684 2293 1785 2331 :imo
1821 2302 1855 2331 et
1891 2293 2005 2331 multo
2038 2307 2112 2331 ma-

1145 2355 1238 2407 jora.
1268 2354 1500 2393 Liberalitate
1530 2354 1623 2392 enim
1660 2369 1724 2392 sua
1756 2364 1893 2393 nostras
1924 2355 2113 2408 petitiones

1150 2415 1386 2467 transcendit,
1421 2429 1570 2454 servans
1599 2416 1741 2454 solitam
1777 2430 1878 2454 suam
1912 2417 2114 2455 misericor-

1148 2476 1261 2516 diam.
1278 2479 1339 2516 Ne
1356 2480 1508 2525 timeas,
1523 2477 1653 2528 inquit,
1677 2478 1908 2515 descendere
1927 2481 1970 2515 in
1989 2479 2112 2530 AEgy-

1146 2548 1268 2592 ptum.
1304 2538 1486 2586 Quoniam
1515 2538 1646 2576 anxius
1671 2547 1747 2576 erat
1776 2539 1822 2576 ob
1853 2538 1922 2576 viae
1952 2538 2111 2589 longitu-

1147 2599 1285 2651 dinem,
1303 2600 1382 2638 ideo
1397 2599 1510 2637 dicit:
1531 2600 1584 2637 Ne
1598 2598 1767 2651 respicias
1794 2598 1840 2636 ad
1865 2599 2110 2637 infirmitatem

1147 2660 1350 2698 senectutis.
1388 2662 1440 2697 In
1470 2667 1624 2710 gentem
1673 2661 1777 2695 enim
1826 2672 2012 2710 magnam
2035 2660 2111 2711 fa-

1147 2723 1249 2758 ciam
1267 2729 1304 2758 te
1323 2721 1408 2758 illic
1433 2735 1443 2755 .·
1465 2728 1502 2757 et
1522 2719 1756 2756 descendam
1785 2727 1910 2756 tecum
1929 2722 1971 2756 in
1987 2721 2109 2772 AEgy—

1144 2791 1266 2835 ptum.
1288 2781 1366 2833 Ego
1382 2790 1416 2818 tc
1429 2780 1641 2824 comitabor,
1667 2789 1701 2817 et
1719 2779 1839 2818 omnia
1862 2789 1921 2818 tua
1941 2795 2110 2833 prospera

1146 2843 1306 2882 reddam.
1328 2843 1485 2880 Adverte
1497 2839 1679 2892 quomodo
1694 2840 1804 2878 verba
1824 2841 2021 2879 humilitati
2046 2856 2109 2879 no-

1145 2915 1226 2943 strat
1241 2912 1449 2956 attemperet
1466 2918 1473 2938 :
1491 2902 1754 2948 Descendam‚
1782 2901 1910 2953 inquit,
1928 2911 2052 2941 tecum
2067 2906 2110 2940 in

1146 2967 1372 3018 AEgyptum.
1389 2962 1489 3011 Quid
1502 2962 1570 2999 hoc
1582 2961 1722 3000 beatius
1737 2962 1860 3013 fuerit,
1875 2978 1983 3014 quam
1992 2966 2107 3002 Deum

1144 3027 1263 3079 ipsum
1285 3025 1417 3063 habere
1439 3023 1604 3062 comitem
1635 3022 1801 3061 itineris?
1818 3024 1989 3074 Sequitur
2012 3035 2107 3077 post-

1143 3103 1183 3126 ea
1203 3086 1410 3134 consolatio,
1432 3100 1500 3136 qua
1520 3083 1719 3136 plurimum
1752 3084 1938 3136 indigebat
1969 3100 2077 3124 senex
2097 3102 2104 3122 :

1143 3151 1198 3187 Et
1211 3149 1372 3200 Joseph,
1391 3147 1519 3198 inquit,
1533 3149 1703 3198 imponet
1723 3161 1863 3185 manus
1885 3161 1999 3199 super
2017 3163 2106 3186 ocu-

1144 3211 1203 3248 los
1229 3219 1328 3248 tuos.
1354 3208 1420 3246 llle
1447 3207 1600 3245 dilectus
1631 3215 1714 3244 tuus
1742 3207 1818 3260 ipsc
1844 3218 1877 3246 te
1904 3209 2050 3254 fovebit,
2072 3218 2106 3246 ct

1143 3285 1270 3310 manus
1292 3270 1451 3322 imponet
1467 3282 1574 3320 super
1587 3267 1710 3306 oculos
1728 3278 1821 3307 tuos,
1843 3269 2014 3309 Gaudeus
2033 3269 2105 3306 ita-

1143 3346 1229 3383 que,
1245 3341 1279 3370 ct
1295 3339 1390 3369 totus
1407 3343 1556 3368 securus
1572 3328 1639 3367 iter
1653 3331 1788 3382 arripe.
1808 3330 1935 3381 Cogita
1952 3330 2022 3375 hic,
2043 3329 2106 3367 ob-

45 3383 104 3419 καὶ
118 3386 151 3445 0}
166 3383 231 3420 υἱοὶ
247 3386 365 3432 αὐτοῦ,
384 3385 443 3425 καὶ
459 3384 585 3424 ἔλαθον
597 3392 713 3424 πᾶσαν
727 3386 791 3434 τὴν
808 3392 928 3436 κτῆσιν
944 3394 1069 3440 αὐτῶν,
1081 3427 1128 3451 (⁰3
1143 3407 1251 3439 secro,
1279 3405 1387 3442 quam
1415 3389 1619 3442 jucundum
1650 3391 1769 3428 fecerit
1801 3391 1867 3428 iter
1887 3392 2018 3442 justus,
2045 3404 2104 3426 ac—

45 3443 104 3480 καὶ
130 3445 233 3489 ἦλθον
257 3447 304 3488 εἷς
326 3444 513 3496 Αἴγυπτον.
539 3447 600 3484 Ὲν
620 3446 785 3493 ἑξήκοντα
807 3448 842 3493 ἓξ
861 3451 989 3502 ψυχαῖς
1008 3469 1068 3492 κα·
1092 3466 1116 3494 Α
1143 3453 1253 3506 ceptis
1280 3462 1351 3491 tam
1381 3461 1486 3490 certis
1514 3451 1582 3490 Dei
1615 3451 1921 3504 promissionibus.
1951 3453 1985 3490 5.
2015 3452 2103 3490 Sur-
