2516 3791
326 150 418 213 786

319 247 404 286 licet
421 261 442 286 a
460 247 567 286 rebus
587 261 715 287 nomen
733 248 940 300 accipiant?
967 247 1154 300 Siquidem
1180 246 1287 288 valde

322 308 560 347 necessarium
579 317 651 358 est,
672 317 712 346 ut
736 307 975 346 adhibeantur
1004 309 1182 362 exempla,
1212 323 1285 360 quo

319 370 562 408 manifestiora
586 370 674 408 fiant
695 383 774 421 quae
795 365 962 408 dicimus.
981 371 1122 409 Rursus
1151 385 1282 409 occur-

122 434 290 465 Gen.32.2.
315 440 430 470 rentes
445 431 515 469 sibi
534 430 676 482 angelos
690 430 785 469 vidit
799 431 912 470 Jacob
930 441 964 470 et
977 441 1090 470 castra
1105 432 1186 482 Dei,
1200 441 1279 470 tum
1304 437 1327 469 C
1352 433 1410 472 τὸν
1446 434 1551 474 τόπον
1579 436 1822 488 παρεμὸολήν.

318 491 515 544 appellavit
548 491 669 529 locum
696 491 833 530 Castra.
856 492 1016 531 Tametsi
1042 493 1142 532 locus
1167 502 1281 532 castra

315 566 387 591 non
407 561 510 604 esset,
525 552 762 592 nihilominus
783 553 907 593 Castra
929 564 1076 595 vocatus
1092 564 1144 594 est
1162 555 1278 606 locus,

321 614 406 666 quia
434 613 512 652 illie
539 622 654 653 castra
685 613 839 655 viderat.
859 615 972 656 Vides
1007 625 1046 656 ut
1077 616 1123 655 ab
1151 625 1279 655 eventu

316 676 382 727 rei,
404 690 483 727 quae
503 675 540 714 in
571 675 649 714 loco
674 676 869 727 acciderat,
895 677 1016 717 locum
1055 678 1278 732 appellarit?

315 738 376 776 Sic
394 737 502 777 etiam
514 737 654 791 lignum
669 737 823 778 scientiae
840 739 926 778 boni
943 753 984 778 ae
999 740 1087 779 mali
1106 749 1270 791 vocatur,

315 812 386 837 non
403 797 501 850 quod
520 799 639 852 ipsum
652 799 738 838 boni
756 800 914 851 malique
942 800 1089 840 scientia
1107 802 1272 854 polleret,

315 859 377 899 sed
390 859 486 910 quod
506 860 662 898 scientiae
678 860 762 899 boni
779 875 819 899 ac
838 861 924 899 mali
943 862 1036 900 faeta
1055 862 1163 901 fuerit
1183 863 1277 900 circa

315 920 412 959 illud
434 919 703 970 demonstratio,
729 931 764 960 et
786 921 1036 960 inobedientiae
1066 931 1173 973 atque
1191 922 1278 962 obe-

315 981 458 1022 dientiae
485 982 706 1021 exercitatio.
729 983 868 1022 Rursus
888 984 1006 1021 Deum
1033 983 1126 1023 vidit
1148 983 1274 1035 Jacob,

315 1050 490 1094 quantum
513 1041 592 1080 fieri
612 1050 745 1094 potest,
764 1051 806 1080 ut
822 1042 867 1080 ab
885 1042 1031 1081 homine
1048 1043 1228 1095 videatur,
1243 1052 1277 1082 et

117 1117 192 1146 oen.
206 1114 257 1145 32.
317 1103 462 1142 vocavit
492 1116 620 1140 nomen
646 1102 716 1141 loci
736 1103 834 1142 illius
853 1104 1003 1156 Species
1021 1105 1110 1143 Dei.
1127 1105 1275 1152 Quare?

113 1157 162 1186 3⁰·
320 1165 423 1216 Quia
438 1165 524 1202 vidi
537 1165 680 1211 Deum,
701 1164 828 1216 inquit.
846 1165 1073 1217 Quamquam
1088 1180 1158 1204 non
1173 1166 1274 1206 locus

314 1226 384 1265 Dei
403 1225 536 1278 species
554 1234 643 1276 erat,
664 1225 726 1263 sed
744 1240 764 1263 a
778 1240 815 1264 re
833 1240 912 1278 quae
940 1236 1107 1265 evenerat
1123 1227 1161 1266 in
1176 1227 1270 1280 loco,

313 1297 396 1326 nata
412 1296 463 1326 est
484 1287 689 1340 appellatio.
705 1287 819 1327 Vides
838 1302 946 1339 quam
964 1288 1090 1327 multis
1107 1303 1153 1328 ex
1177 1289 1265 1327 locis

312 1363 449 1387 morem
469 1363 543 1387 esse
561 1349 758 1401 Scripturae
787 1348 1164 1401 demonstraverimus,
1187 1359 1228 1388 ut
1253 1365 1274 1389 a

313 1411 421 1449 rebus
441 1425 519 1462 quae
536 1410 733 1449 acciderint
753 1412 896 1450 nomina
915 1412 1002 1450 locis
1015 1412 1200 1465 imponat?
1215 1412 1274 1451 Id-

310 1472 430 1525 ipsum
458 1486 600 1523 quoque
628 1471 664 1510 in
685 1473 906 1525 temporibus
938 1487 1040 1526 agere
1073 1474 1271 1514 consuevit.

310 1533 383 1573 Sed
411 1547 454 1570 ne
473 1532 578 1570 taedio
603 1546 666 1571 vos
692 1532 913 1584 afficiamus,
942 1547 1008 1585 age
1036 1548 1234 1572 sermonem
1253 1548 1274 1573 a

310 1593 531 1632 tristioribus
565 1592 610 1630 ad
645 1593 863 1645 jucundiora
903 1594 1169 1633 transferamus.
1206 1595 1273 1634 Et-

309 1654 404 1694 enim
423 1654 501 1706 jam
519 1652 714 1705 defatigata
739 1662 791 1692 est
818 1668 916 1693 mens
937 1664 1053 1694 vestra
1075 1655 1271 1695 subtiliori-

308 1716 376 1755 bus
396 1714 576 1754 sententiis
592 1714 781 1753 immorata
802 1730 810 1752 :
829 1725 1047 1769 quapropter
1059 1730 1174 1769 operae
1191 1731 1271 1770 pre·
1306 1740 1309 1741 ν

309 1777 401 1815 tium
433 1775 541 1814 fuerit
581 1775 680 1813 illam
715 1790 874 1815 recreare
918 1791 959 1815 ac
991 1777 1272 1831 simplicioribus

150 1850 194 1877 De
213 1848 297 1877 bonis
310 1838 576 1889 laetiorihusque
592 1838 773 1876 sententiis
795 1838 895 1876 illam
914 1853 1072 1891 pascere
1096 1839 1152 1878 Ad
1177 1841 1273 1879 salu-

108 1902 139 1928 ²¹³
128 1897 299 1960 3¹:¹⁹⁶:322
314 1909 388 1938 tare
419 1900 531 1952 igitui
552 1898 693 1951 lignum
715 1899 830 1938 crucis
851 1899 1051 1939 redeamus
1078 1901 1157 1940 Hoc
1176 1902 1273 1941 enim

108 1944 176 2003 ius.
312 1961 431 2000 omnia
458 1961 551 1999 mala
572 1961 732 2011 sustulit,
753 1976 832 2013 quae
862 1961 955 2000 illud
982 1962 1192 2001 invexerat.
1213 1964 1273 2004 xel

311 2023 430 2076 potius
451 2037 521 2061 non
547 2022 639 2060 illud
660 2023 755 2062 mala
772 2023 968 2072 invexerat,
983 2023 1044 2062 sed
1062 2023 1170 2062 homo
1196 2024 1272 2078 ipse

312 2093 453 2134 cuncta,
475 2098 555 2134 quae
575 2083 706 2122 deinde
734 2084 899 2122 Christus
918 2084 1023 2136 plane
1044 2085 1200 2134 sustulit,
1218 2095 1271 2124 at-

311 2158 382 2195 que
405 2145 477 2183 illis
495 2144 669 2197 ampliora
690 2145 804 2183 multo
823 2145 916 2183 bona
936 2145 1087 2185 invexit.
1111 2147 1171 2184 Ob
1202 2146 1270 2186 hoc

110 2216 295 2248 Rom.5.2o.
312 2206 429 2258 ipsum
451 2205 500 2243 ait
524 2205 660 2243 Paulus
687 2220 696 2242 ε
731 2207 809 2244 Ubi
829 2207 1046 2244 abundavit
1069 2207 1266 2256 delictum,

312 2266 642 2318 superabundavit
658 2267 805 2317 gratia;
825 2265 894 2303 11οο
914 2275 977 2315 est,
993 2267 1110 2319 majus
1136 2276 1188 2305 est
1208 2267 1269 2306 do-

110 2337 295 2369 Rom.5.15‚
312 2340 400 2365 num
417 2340 527 2378 quam
553 2334 752 2379 peccatum.
774 2325 911 2365 Idcirco
943 2341 1066 2365 rursus
1085 2327 1158 2366 ait:
1178 2329 1270 2367 Non

312 2390 412 2427 sicut
431 2388 630 2434 delictum,
652 2389 709 2425 ita
736 2394 774 2425 et
802 2388 946 2425 donum
965 2403 977 2425 .·
1000 2400 1071 2426 non
1092 2397 1269 2439 quantum

310 2448 473 2502 peccavit
500 2447 635 2499 homo,
668 2455 810 2486 tantum
842 2447 992 2487 donavit
1030 2449 1161 2488 Deus·
1196 2464 1266 2489 non

741 166 781 198 S.
818 166 1005 197 JOANNIS
1042 165 1286 196 CHRYSOST.
1326 165 1530 198 ARCHIEP.
1568 167 1930 200 CONSTANTINOP.

1355 255 1474 301 γαγεῖν
1493 250 1786 304 παραδείγματα,
1804 252 1895 292 ὥστε
1928 252 2136 307 σαφέστερον
2162 255 2320 306 γενέσθαι
2343 255 2383 294 τὸ

1354 310 1553 363 λεγόμενον.
1571 312 1688 351 Πάλιν
1709 306 1795 352 εἶδεν
1819 316 1837 352 ὃ
1863 313 1994 353 Ἷακὼὸ
2027 314 2195 367 ἀγγέλους
2228 317 2383 364 ἀπαντή-

1355 387 1478 417 σοντας
1514 374 1608 411 αὐτῶ
1639 374 1699 412 καὶ
1735 375 1965 427 παρεμὸολὴν
1998 378 2091 416 Θεοῦ
2105 407 2115 426 ,
2151 377 2212 416 καὶ
2240 378 2383 417 ἐκάλεσε

1853 437 1979 477 Καίτοι
2006 440 2072 491 οὐχ
2102 441 2120 478 ὃ
2147 438 2252 483 τόπος
2286 444 2328 486 ἠν
2358 443 2381 486 ἡ

1351 495 1559 550 παρεμὸολὴ
1574 524 1584 543 ,
1611 497 1688 536 ἀλλ’
1720 496 1815 550 ὁύαι)ς
1843 499 1974 546 ἐκλήθη
1995 502 2013 538 ὃ
2029 499 2133 544 τόπος
2152 500 2359 553 παρεμὸολὴ
2372 531 2382 548 ‚

1352 557 1471 607 ἐπειδὴ
1507 560 1578 598 ἐκεῖ
1602 552 1670 597 εἶδε
1704 557 1767 606 τὴν
1795 560 2036 612 παρεμὸολήν.
2065 560 2180 635 ιΞΟρὸΙίς
2211 564 2286 604 πῶς
2314 561 2384 600 ἀπὸ

1349 624 1410 660 τοῦ
1436 619 1643 673 πράγματος
1670 636 1731 659 του
1761 621 1964 673 συμὸάντος
1979 624 2012 660 ἐν
2041 623 2091 674 τῶ
2112 621 2209 675 τόπῳ
2235 621 2294 661 τὸν
2318 621 2381 659 τό-

1349 696 1414 721 πον
1446 680 1649 733 ὠνόμασεν,
1674 680 1778 721 Ούτω
1805 682 1867 721 καὶ
1893 682 1934 722 τὸ
1963 681 2061 727 ξύλον
2089 699 2204 734 γνωστ
2193 699 2242 722 ον
2272 684 2381 722 καλοῦ

1348 740 1409 780 καὶ
1434 756 1587 794 πονήρου
1609 743 1789 792 καλεῖται,
1815 745 1877 783 ουκ
1896 742 2016 792 ἐπειοὴ
2037 745 2120 784 αὐτὸ
2153 749 2225 797 εἶχε
2252 746 2380 795 γνῶσιν

1348 805 1455 842 καλοῦ
1478 803 1538 842 καὶ
1556 807 1708 857 πονηροῦ
1721 831 1732 851 ,
1760 804 1838 844 ἀλλ’
1853 805 1974 853 ἐπειδὴ
1995 805 2075 859 περὶ
2106 805 2187 844 αὐτὸ
2205 805 2339 858 ἐγένετο
2357 809 2379 852 ἡ

1348 863 1522 909 ἀπόδειξις
1548 867 1612 911 τῆς
1639 865 1802 917 γνώσεως
1829 882 1888 905 του
1910 868 2020 905 καλοῦ
2039 867 2099 905 καὶ
2127 871 2187 905 τοῦ
2211 882 2381 919 πονήρου,

1347 925 1407 964 καὶ
1427 929 1449 973 ἡ
1472 926 1649 978 γυμνασία
1667 943 1731 974 της
1748 930 1932 981 παρακοῆς
1958 929 2018 966 καὶ
2037 931 2100 975 τ’ῆς
2118 931 2286 975 ὓπακοῆς.
2306 928 2385 966 Πά-

1348 987 1404 1024 λιν
1427 980 1495 1025 ειδε
1515 987 1572 1026 τὸν
1587 987 1678 1027 Θεὸν
1699 990 1717 1026 ὃ
1743 987 1894 1038 Ἰακὼὸ,
1915 991 1962 1033 ὡς
1987 990 2068 1029 ἰδεῖν
2093 989 2265 1042 ἀνθρώπῳ
2288 991 2386 1029 δυνα-

1347 1048 1405 1087 τὸν
1421 1051 1477 1098 ἠν,
1495 1063 1555 1086 και
1586 1048 1730 1088 ἐκάλεσε
1747 1065 1787 1087 το
1809 1049 1919 1101 ὄνομα
1940 1067 2000 1089 του
2018 1050 2126 1089 τόπου
2147 1049 2278 1090 ἐκείνου
2296 1044 2385 1095 εἶδος

1346 1110 1450 1150 Θεοῦ
1476 1109 1544 1149 Διὰ
1564 1109 1615 1158 τίς
1632 1108 1719 1148 Οτι
1740 1103 1828 1149 εἶδον
1856 1111 1914 1150 τὸν
1943 1111 2055 1160 Θεὸν,
2087 1111 2186 1164 φησί.
2213 1111 2284 1150 Καὶ
2311 1111 2381 1162 μ·>ν

1344 1173 1410 1223 οὔχ
1427 1174 1445 1211 ὁ
1465 1172 1569 1216 τόπος
1591 1165 1678 1216 εἶδος
1697 1173 1790 1210 Θεοῦ
1810 1177 1876 1221 ἠν,
1905 1174 1981 1212 ἀλλ’
2003 1173 2072 1212 ἀπο
2089 1189 2149 1212 του
2171 1172 2378 1226 πράγματος

1343 1239 1403 1273 τοῦ
1429 1235 1626 1285 συμὸάντος
1656 1237 1690 1274 ἐν
1718 1237 1769 1273 τῶ
1803 1234 1901 1274 τόπι)
1926 1238 1948 1282 ἠ
1979 1235 2197 1289 προσηγορία
2227 1235 2378 1288 γέγονεν.

1343 1295 1453 1349 “Ορ“ᾄς
1474 1295 1531 1335 διὰ
1547 1295 1665 1335 πόσων
1687 1274 1953 1345 ἀπόδέδεικται,
1982 1296 2036 1336 ὅτι
2072 1296 2147 1341 ἔθος
2181 1299 2224 1349 τῇ
2253 1298 2378 1350 Γραφῇ

1344 1357 1414 1396 ἀπὸ
1429 1360 1497 1395 τῶν
1525 1356 1744 1409 πραγμάτων
1759 1359 1828 1396 τῶν
1843 1357 2105 1409 συμέῗαινόντων
2122 1360 2157 1396 ἐν
2174 1363 2246 1402 τοῖς
2259 1358 2378 1402 τόποις

1345 1416 1468 1461 αὖτοὺς
1493 1417 1572 1462 τοὺς
1605 1416 1732 1461 τόπους
1765 1419 1904 1466 καλεῖν,
1926 1418 1980 1457 Τὸ
2013 1418 2096 1457 αὐτὸ
2122 1418 2158 1457 δὲ
2184 1422 2286 1457 τοῦτο
2317 1419 2378 1457 καὶ

1343 1479 1402 1518 ἐπὶ
1421 1482 1551 1532 καιρῶν
1577 1485 1687 1518 ποιεῖν
1709 1478 1838 1518 εἴωθεν.
1857 1479 1949 1518 Ἀλλ’
1975 1478 2031 1518 ἵνα
2052 1479 2100 1531 μὴ
2118 1479 2378 1532 κατατείνωμεν

1344 1541 1454 1592 ὑμᾶς,
1473 1540 1555 1594 φέρε
1579 1539 1832 1592 μεταγάγωμεν
1852 1540 1910 1578 τὸν
1927 1539 2029 1592 λόγον
2048 1540 2117 1578 ἀπὸ
2130 1542 2199 1578 τῶν
2220 1544 2377 1592 σκυθρω-

1342 1600 1498 1653 ποτέρων
1515 1601 1572 1641 ἐπὶ
1600 1600 1645 1640 τὰ
1664 1600 1886 1653 φαιδρότερα.
1907 1600 1978 1640 Καὶ
1999 1600 2067 1652 γὰρ
2087 1600 2217 1651 ἔκαμεν
2234 1602 2332 1652 ὑμῶν
2351 1604 2374 1648 ἡ

1344 1661 1479 1701 διάνοια
1517 1668 1588 1706 τοῖς
1636 1661 1857 1714 λεπτοτέροις
1887 1661 2058 1713 νοήμασιν
2093 1661 2376 1714 ἐνδιατρίὸουσοι·

1343 1723 1462 1776 διόπερ
1487 1723 1594 1772 αὐτὴν
1610 1726 1812 1763 ἀναπαῦσαι
1828 1724 1951 1773 καλὸν,
1971 1730 2043 1768 τοῖς
2063 1723 2301 1777 ἀφελεστέροις
2316 1724 2376 1762 καὶ

1342 1785 1578 1838 φαιδροτέροις
1597 1787 1802 1829 διαιτῶντας
1825 1785 2008 1837 νοήμασιν.
2032 1784 2244 1835 Επανίωμεν
2262 1784 2374 1824 τοίνυν

1341 1846 1399 1885 ἐπὶ
1414 1847 1453 1885 τὸ
1473 1847 1643 1899 σωτήριον
1662 1849 1723 1884 τοῧ
1740 1850 1889 1900 σταυροῦ
1909 1845 2019 1891 ξύλον.
2035 1847 2069 1885 Τ
2071 1849 2151 1885 οῧτο
2165 1845 2253 1899 γὰρ,
2272 1849 2374 1884 τοῦτο

1339 1907 1456 1947 πάντα
1479 1908 1621 1948 ἀνέλυσε
1640 1906 1684 1946 τὰ
1712 1907 1828 1957 δεινὰ,
1847 1908 1912 1948 ὅσα
1934 1910 2043 1948 ἐκεῖνο
2067 1907 2251 1960 εἷσήγαγε’
2283 1909 2374 1959 μᾶλ-

1339 1971 1397 2009 λον
1415 1969 1450 2009 δὲ
1471 1971 1533 2009 οὖν.
1551 1972 1660 2008 ἐκεῖνο
1686 1969 1853 2023 εἰσήγαγε
1865 1969 1911 2008 τὰ
1924 1969 2037 2017 δεινὰ,
2059 1969 2138 2008 ἀλλ’
2155 1972 2173 2008 ὁ
2193 1969 2373 2021 ἄνθρωπος

1340 2031 1501 2081 ἅπαντα,
1542 2031 1632 2084 ἅπερ
1674 2031 1763 2083 μετὰ
1795 2034 1928 2079 πολλῆς
1963 2031 2104 2085 ὕστερον
2137 2031 2282 2070 ἀνέλυσε
2309 2034 2372 2079 τῆς

1338 2092 1537 2146 περιουσίας
1557 2095 1575 2131 ὃ
1589 2093 1743 2147 Χριστὸς
1756 2123 1766 2143 ,
1793 2094 1914 2146 πολλῷ
1931 2092 2071 2144 μείζονα
2087 2095 2200 2132 αὐτῶν
2222 2095 2366 2146 εἰσαγα-

1337 2152 1409 2204 γὼν
1440 2153 1567 2205 ἀγαθά.
1594 2155 1650 2192 Δι’
1673 2153 1756 2191 αὐτὸ
1773 2158 1874 2193 τοῦτο
1903 2156 1921 2192 ὃ
1952 2153 2095 2197 Παῦλός
2113 2170 2215 2206 φησιν
2229 2169 2238 2178 ·
2253 2153 2372 2192 ‘'O-troo

1338 2213 1545 2254 ἐπλεόνασεν
1569 2217 1591 2261 ἡ
1626 2213 1805 2267 ἁμαρτία,
1837 2213 2170 2266 ὑπερεπερίσσευσεν
2192 2219 2214 2263 ἡ
2244 2214 2371 2268 χάρις·

1336 2275 1517 2324 τουτέστι,
1548 2278 1663 2326 μεῖζον
1694 2275 1735 2315 τὸ
1764 2276 1873 2328 δῶρον
1906 2279 1964 2314 τοῦ
2002 2276 2268 2329 ἁμαρτήματος.
2302 2276 2371 2316 Διὰ

1336 2341 1439 2376 τοῦτο
1467 2336 1575 2376 πάλιν
1600 2336 1726 2389 φησίν·
1759 2338 1841 2390 Οὐχ
1865 2339 1912 2382 ὡς
1937 2336 1977 2376 τὸ
2001 2338 2247 2390 παράπτωμα,
2280 2339 2372 2378 οὕτω

1336 2398 1397 2437 καὶ
1418 2414 1458 2437 το
1483 2398 1666 2451 χάρισμα·
1693 2400 1759 2451 οὐχ
1772 2397 1852 2438 ὅσον
1871 2398 2028 2452 ἥμαρτεν
2051 2401 2069 2438 ὁ
2084 2399 2285 2452 ἄνθρωπος,
2307 2415 2370 2439 το-

1339 2475 1457 2500 σουτον
1478 2458 1667 2512 ἐχαρίσατο
1685 2461 1703 2497 ὁ
1723 2459 1832 2503 Θεός·
1848 2461 1913 2512 οὔχ
1935 2458 2000 2507 οση
2022 2462 2044 2507 ἡ
2066 2459 2196 2511 ζημία,
2213 2460 2366 2510 τοσαύτη

309 2518 444 2562 quanta
458 2510 615 2562 jactura,
635 2516 757 2546 tantus
777 2517 828 2547 est
846 2518 1032 2561 quaestus.
1055 2523 1125 2548 non
1153 2526 1267 2563 quan-
1290 2500 1343 2568 ‘⁷53
1347 2521 1395 2559 αὶ
1412 2525 1433 2569 ἦ
1454 2520 1702 2573 πραγματεία·
1723 2522 1788 2573 037
1801 2519 1879 2559 ὅσον
1894 2520 1933 2558 τὸ
1951 2520 2126 2574 ναυαγιον
2140 2521 2290 2570 τοσαύτη
2306 2522 2367 2561 χαὶ

309 2580 388 2609 tum
407 2570 653 2621 naufragium,
667 2578 764 2607 tanta
781 2570 887 2608 etiam
901 2571 1091 2622 negotiatio
1107 2571 1194 2610 fuit:
1207 2572 1268 2611 sed

311 2633 415 2685 plura
440 2632 534 2670 bona
535 2599 653 2669 bfuere
673 2646 780 2683 quam
799 2632 916 2681 mala;
938 2641 971 2670 et
992 2634 1130 2672 meiito.
1147 2634 1267 2686 Siqui-

309 2695 392 2733 dem
413 2695 507 2732 mala
521 2707 644 2731 servus
662 2693 814 2743 invexit,
829 2703 862 2732 et
879 2662 1016 2733 niinora
1036 2704 1156 2733 erant:
1173 2695 1266 2734 bona

310 2770 396 2795 vero
417 2755 568 2807 largitus
589 2763 641 2793 est
668 2754 861 2804 Dominus,
884 2756 1050 2807 quocirca
1070 2756 1213 2795 fuerunt
1232 2765 1266 2795 ct

312 2817 416 2869 plura
435 2832 442 2853 :
473 2825 655 2869 propterea
686 2815 773 2854 dicit
792 2832 800 2852 :
823 2818 915 2854 Non
946 2819 1046 2856 sicut
1065 2819 1262 2868 delictum,

311 2882 368 2917 ita
405 2886 441 2916 et
483 2879 638 2915 donum.
671 2877 809 2916 Deinde
842 2877 1033 2917 discrimen
1068 2880 1234 2932 adjungit
1256 2896 1264 2918 ε

312 2941 417 2978 Nam
422 2940 615 2992 judicium
637 2940 791 2991 quidem
807 2954 854 2978 ex
875 2954 950 2978 uno
969 2943 1012 2978 in
1030 2943 1263 2980 condemna-

314 3004 470 3047 tionem,
483 3003 614 3052 gratia
630 3009 757 3038 autem
773 3015 820 3038 ex
836 3003 966 3041 multis
982 3003 1133 3042 delictis
1150 3006 1264 3057 inju-

312 3063 599 3114 stificationem.
630 3062 826 3101 Obscurius
854 3072 919 3113 est,
952 3065 1048 3116 quod
1077 3064 1262 3104 diximus:

313 3123 430 3174 itaque
452 3135 588 3159 neccsse
602 3130 664 3168 cst,
681 3130 719 3159 ut
739 3122 994 3174 expositionem
1014 3124 1260 3177 adjungamus.

314 3185 418 3222 Nam
429 3184 620 3236 judicium
636 3184 805 3236 quidem,
825 3184 890 3222 1100
910 3194 959 3223 est
982 3200 1082 3238 poena
1101 3218 1109 3233 ,
1128 3188 1263 3241 suppli-

313 3245 409 3283 cium
425 3275 435 3294 ,
458 3259 572 3295 mors3
596 3245 660 3282 Er
693 3259 782 3291 mm,
809 3246 938 3285 scilicet
959 3257 1102 3299 peccato
1121 3264 1128 3286 :
1153 3250 1262 3302 siqui-

312 3308 394 3345 dem
417 3321 526 3345 unum
553 3315 737 3359 peccatum
765 3316 901 3345 tantum
931 3310 1064 3348 malum
1095 3310 1259 3362 invexit3

316 3374 425 3422 gratia
458 3388 542 3414 vero
564 3388 632 3413 non
657 3374 749 3413 illud
778 3375 893 3416 solum
913 3387 1118 3429 peecatum,
1138 3378 1199 3418 sed
1230 3390 1262 3419 et

1286 3151 1307 3182 Β
1328 3140 1350 3185 ἡ
1380 3135 1534 3188 τιμωρία
1547 3166 1554 3179 ,
1571 3139 1589 3174 ὁ
1609 3135 1754 3179 Θάνατος
1767 3150 1775 3158 ·

1333 2585 1388 2630 ’ἡέ
1374 2582 1547 2634 εμπορία·
1568 2581 1658 2621 ἀλλὰ
1675 2580 1786 2620 πλείω
1804 2581 1849 2619 τὰ
1870 2581 1986 2633 ἀγαθὰ
2003 2598 2072 2621 των
2093 2586 2228 2621 κακῶν·
2243 2583 2303 2621 και
2322 2586 2368 2623 εἰ-

1333 2644 1457 2687 κότως.
1475 2646 1507 2682 Τ
1511 2643 1532 2682 ὰ
1556 2643 1617 2695 μὲν
1634 2642 1702 2696 γὰρ
1722 2642 1816 2682 κακὰ
1842 2644 1958 2686 δοῦλος
1979 2643 2166 2696 εἰσήγαγε,
2186 2644 2245 2683 καὶ
2265 2645 2366 2684 ἐλάτ-

1331 2721 1414 2744 τονα
1433 2700 1556 2752 ἧψτὰ
1583 2705 1618 2743 δὲ
1645 2703 1758 2756 ἀγαθὰ
1786 2702 1966 2750 Δεσπότης
1994 2704 2204 2756 ἐχαρίσατο,
2224 2706 2275 2744 διὸ
2306 2706 2365 2744 καὶ

1332 2765 1475 2805 πλείονα
1489 2761 1543 2813 ἦν.
1560 2765 1628 2804 Διὰ
1646 2765 1746 2804 τοῦτό
1761 2781 1865 2817 φησιν
1876 2781 1884 2788 ·
1905 2767 1984 2817 Οὐχ
2005 2767 2050 2809 ὡς
2066 2765 2106 2804 τὸ
2122 2766 2364 2818 παράπτωμα,

1332 2829 1422 2867 οὕτω
1442 2827 1555 2867 καὶτὸ
1573 2828 1745 2881 χάρισμα.
1766 2821 1856 2866 Εἶτα
1874 2827 1996 2879 ἐπάγει
2015 2827 2074 2866 καὶ
2095 2826 2159 2875 τὴν
2178 2827 2363 2881 διαφοράν·

1331 2890 1384 2929 Τὸ
1407 2890 1469 2941 μὲν
1486 2889 1554 2942 γὰρ
1583 2889 1694 2941 κρίμα
1718 2888 1752 2933 ἐξ
1776 2889 1848 2932 ἑνὸς
1872 2891 1920 2933 εἷς
1938 2888 2162 2943 κατάκριμα,
2182 2890 2222 2929 τὸ
2242 2889 2277 2929 δὲ
2292 2889 2366 2943 χά-

1333 2968 1440 3006 ρισμα
1460 2953 1499 2990 ἐκ
1521 2953 1659 2990 πολλῶν
1682 2950 1980 3003 παραπτιι1μάτιι1ν
1996 2953 2042 2996 εἷς
2058 2950 2248 3002 δικαίωμα.
2263 2951 2364 2991 Ἀσα-

1330 3013 1492 3067 φέστερον
1521 3012 1560 3051 τὸ
1602 3012 1782 3064 εἰρημένον
1797 3028 1805 3036 ·
1839 3013 1960 3050 οὐκοῦν
2002 3011 2137 3064 ἀνάγκη
2168 3011 2232 3058 τὴν
2263 3011 2362 3052 λύσιν

1329 3077 1531 3127 ἐπαγαγεῖν.
1554 3073 1607 3112 Τὸ
1634 3073 1697 3125 μὲν
1719 3072 1786 3125 γὰρ
1807 3072 1939 3124 κρίμα,
1953 3072 2130 3111 τουτέστιν
2149 3077 2171 3120 ἡ
2202 3072 2362 3122 κόλασις,

1798 3134 1860 3178 Ἐξ
1881 3134 1974 3179 ἑνὸς,
1996 3134 2172 3173 τουτέστιν
2194 3135 2360 3187 ἁμαρτή-

1330 3210 1438 3246 ματος
1455 3211 1462 3219 ·
1487 3195 1550 3247 μία
1574 3196 1662 3249 γὰρ,
1693 3195 1797 3248 :pne-lv
1811 3225 1820 3243 ,
1842 3194 1997 3247 ἁμαρτία
2018 3198 2177 3234 τοσοῦτον
2196 3196 2361 3247 εἰσήγαγε

1328 3256 1434 3296 κακόν
1449 3272 1456 3280 ·
1485 3257 1524 3295 τὸ
1541 3256 1575 3296 δὲ
1597 3256 1758 3309 χάρισμα
1787 3259 1847 3295 οὐκ
1878 3255 2011 3303 ἐκείνην
2040 3255 2147 3307 μόνην
2166 3256 2228 3304 τὴν
2245 3257 2358 3309 ἆμαρ-

1329 3319 1403 3357 τίαν
1420 3319 1550 3367 ἔλυσεν,
1570 3319 1658 3358 ἀλλὰ
1685 3318 1744 3357 καὶ
1772 3317 1891 3370 ἑτέρας
1910 3317 2054 3361 πολλάς.
2078 3317 2146 3357 Διὰ
2176 3321 2277 3356 τοῦτο
2294 3317 2356 3357 λε’-

1330 3398 1398 3431 γει·
1428 3383 1481 3420 T»
1510 3380 1543 3420 δὲ
1567 3381 1727 3432 χάρισμα
1761 3383 1798 3419 ἐκ
1828 3381 1966 3419 πολλῶν
1991 3380 2287 3431 παραπτωμάτων
2310 3381 2356 3422 εἷς
