2516 3791
890 212 946 240 Dte
987 212 1106 241 ANM
1144 213 1292 242 SERMO
1334 214 1377 242 V.

108 293 338 346 κεκλεισμένη
378 293 592 346 ἀνεῴγνυτο,
633 293 693 331 καὶ
724 293 768 331 τὰ
810 293 963 332 ἀδύνατα
1001 294 1131 332 δυνατὰ

2068 204 2161 266 859

1207 295 1299 333 sacta
1312 325 1322 344 ,
1342 304 1375 334 et
1396 309 1590 334 numerosae
1608 298 1720 350 prolis
1740 311 1867 350 parens
1896 312 1973 349 qua:
1998 301 2082 338 tiliis
2105 317 2163 338 ca-

106 358 222 396 ποίντα
254 354 398 406 ἐγίνετο.
430 355 494 394 Διὸ
520 354 562 402 δὴ
596 354 687 394 κατὰ
720 354 845 408 μικρὸν
877 354 1132 408 διερευνώμεθα
1158 370 1181 400 Ε
1206 355 1328 405 rebat,
1358 365 1391 394 et
1417 371 1462 396 ex
1493 367 1663 396 moerente
1689 358 1792 408 laeta5
1818 372 1880 411 per
1905 373 2013 411 quam
2037 361 2163 400 vitiosa

105 421 222 459 πάντα
235 448 245 466 ,
273 419 350 456 καθ’
383 416 535 463 ἑκάστην
570 418 669 468 ῥῆσιν
698 415 1000 463 ςάναπτύξαντες,
1040 415 1132 455 ὥστε

105 480 196 532 μηδὲ
214 480 253 518 τὸ
274 478 484 531 μικρότατον
503 481 598 527 ἡμᾶς
612 506 622 524 ,
641 480 687 520 ὡς
706 472 776 516 οἶόν
794 494 832 516 τε
844 507 854 526 ,
875 477 1131 532 παραδραμεῖν.

103 542 172 581 Διὰ
187 541 228 589 δὴ
246 544 348 580 τοῦτο
367 540 427 580 δύο
442 539 608 585 διαλέξεις
629 539 838 592 ὁλοκλήρους
866 541 913 583 εἷς
937 539 997 577 δύο
1017 539 1135 591 ῥήσεις

105 602 337 653 ἀνηλώσαμεν
355 602 479 652 μόνας,
499 601 547 646 εἷς
567 616 604 639 τε
623 600 687 648 τὴν
707 599 852 653 πρώτην
867 599 931 646 τὴν
950 599 1132 651 λέγουσαν,

107 664 326 717 ἸΞστερεώΟη
342 667 363 712 ἡ
381 662 508 715 καρδία
524 679 589 714 μου
602 664 637 701 ἐν
654 661 794 715 Κυρίῳ,
813 661 872 701 καὶ
891 660 956 708 τὴν
969 661 1132 713 δευτέραν

1111 722 1119 735 ι
1146 705 1194 733 7ὧ2

1206 417 1438 469 reparabatur
1469 427 1609 467 natura,
1638 418 1829 470 clausaque
1850 420 2071 459 reserabatur
2092 437 2164 460 ma-

1207 477 1294 528 trix,
1317 488 1350 517 et
1373 479 1609 532 impossibilia
1628 480 1760 519 fiebant
1781 481 1977 534 possibilia.
1998 484 2164 537 Quapro—

1208 548 1286 591 pter
1318 541 1438 579 omnia
1470 541 1645 594 paulatim
1689 552 1968 595 perscrutemur,
2007 545 2166 597 singulas

1207 600 1426 653 explicantes
1453 602 1650 654 dictiones,
1670 613 1709 642 ut
1734 618 1776 642 ne
1805 603 1995 643 minimum
2021 606 2165 657 quidem

1208 675 1291 712 nos,
1314 673 1489 714 quantum
1521 665 1599 704 fieri
1632 675 1767 719 potest,
1787 666 1947 718 effugiat.
1979 667 2164 719 Siquidem

105 726 168 773 τὴν
186 728 263 777 μετ’
282 725 429 774 ἐκείνην,
444 724 589 778 Ὑψώθη
606 725 709 778 κέρας
723 739 789 774 μου
805 725 840 762 ἐν
853 725 936 775 θεῷ
951 722 1133 773 μου.Ἀκο·
1158 742 1184 773 Α
1208 733 1394 777 propterea
1419 726 1510 766 duas
1544 727 1700 779 integras
1727 726 1991 767 dissertationes
2020 729 2055 768 in
2092 729 2166 768 duo

104 789 226 826 λουθον
246 787 288 835 δὴ
304 787 456 840 σήμερον
474 787 532 825 ἐπὶ
547 785 611 833 τὴν
629 784 750 838 τρίτην
766 786 887 823 ἐλθεῖν.
903 784 967 828 Τίς
986 783 1023 822 δέ
1037 785 1132 823 ἐστιν

106 848 215 896 utUt-123
231 848 452 895 Ἐπλατύνθη
467 847 580 898 στόμα
597 862 663 897 μου
683 847 738 884 ἐπ’
756 845 900 899 ἐχθρούς
914 860 996 896 μου,
1007 846 1110 898 φησίν
1125 862 1131 869 ·

105 910 298 961 εὖφροίνθην
320 911 355 948 ἐν
375 907 532 960 σωτηρία
561 922 635 946 σου.
664 907 867 960 Προσέχετε
895 910 939 959 τῇ
969 907 1132 962 ἀκριὸείᾳ

104 973 167 1017 τῆς
197 970 333 1015 λέξεως.
369 972 447 1009 Οὐκ
476 963 592 1008 εἶπεν·
633 969 788 1017 ἠκονήθη
825 968 940 1020 στόμα
975 985 1043 1020 μου
1074 971 1128 1008 ἐπ’

101 1033 244 1085 ἐχθρούς
264 1047 330 1084 μου
347 1048 355 1056 ·
376 1033 414 1070 οὐ
441 1031 508 1084 γὰρ
537 1031 622 1086 πρὸς
650 1031 824 1084 λοιδορίας
842 1031 902 1069 καὶ
928 1031 1131 1083 σκώμματα

103 1095 389 1147 παρεσκεύαστο,
410 1096 449 1133 οὐ
469 1094 555 1147 πρὸς
571 1094 686 1142 ὀνείδη
706 1094 766 1132 καὶ
784 1093 1013 1149 κατηγορίαν,
1040 1094 1131 1134 ἀλλὰ

103 1157 188 1210 πρὸς
207 1157 412 1208 παραίνεσιν
438 1157 497 1196 καὶ
512 1155 729 1207 συμὸουλὴν,
753 1156 838 1208 πρὸς
867 1156 1048 1209 διόρθωσιν
1071 1157 1131 1195 καὶ

102 1218 292 1257 νουθεσίαν.
313 1218 381 1258 Διὰ
397 1221 502 1256 τοῦτο
530 1219 592 1256 οὐκ
621 1212 731 1264 εἶπεν,
767 1217 922 1264 ἠκονήθη
946 1220 968 1264 ἡ
986 1217 1131 1270 γλῶσσά

104 1295 170 1330 μου
206 1281 262 1318 ἐπ’
294 1280 437 1333 ἐχθρούς
466 1296 555 1331 μου,
586 1281 662 1318 ἀλλ’
694 1279 933 1326 Ἐπλατύνθη.
968 1279 1130 1323 Ἀνέσεως

102 1342 298 1388 ἀπέλαυσα,
318 1341 435 1395 φησὶν,
452 1343 752 1394 ἐλευθεροστομεῖν
768 1342 932 1393 δύναμαι.
952 1343 1024 1380 Νῦν
1046 1343 1131 1380 ἀπε-

103 1404 306 1454 κρουσάμην
325 1403 389 1451 τὴν
406 1403 588 1456 αἰσχύνην,
605 1404 690 1455 πρὸς
706 1402 904 1456 παρρησίαν
919 1405 1128 1450 ἐπανῆλθον.

101 1466 173 1503 Καὶ
201 1466 276 1504 οὐδὲ
302 1466 452 1503 ἐνταῦθα
482 1458 577 1502 εἶπεν
605 1465 776 1516 ὀνομαστὶ
805 1464 870 1512 τὴν
895 1471 1044 1516 γυναῖκα
1067 1466 1131 1512 τὴν

104 1527 297 1575 ἀντίζηλον,
325 1526 415 1565 ἀλλὰ
445 1528 566 1572 ἁπλῶς
589 1529 640 1579 πῖ)
666 1529 730 1573 τῆς
760 1526 998 1579 προσηγορίας
1030 1528 1129 1566 ἀδιο-

105 1588 225 1641 ρίστῳ,
251 1588 410 1641 καθάπερ
427 1588 650 1642 προσωπείῳ,
669 1588 867 1640 κατέκρυψε
889 1587 953 1634 τὴν
981 1593 1135 1627 τοσαῦτα

102 1650 324 1697 λυτιῆσασαν.
355 1653 432 1690 Οὐκ
460 1644 566 1698 εἶπεν,
597 1650 615 1688 ὂ
639 1649 767 1688 πολλαὶ
801 1649 942 1700 λέγουσι
961 1656 1132 1700 γυναῖκες·

104 1713 324 1765 κατῄσχυνεν
349 1711 456 1758 αὐτὴν
477 1715 495 1751 ὁ
517 1712 606 1755 Θεὸς
620 1742 629 1759 ,
656 1710 848 1764 κατέῤῥαξε
877 1711 936 1750 καὶ
959 1711 1133 1750 κατέὸαλε

104 1774 167 1821 τὴν
214 1774 344 1827 μιαρὰν
383 1774 442 1812 καὶ
481 1773 634 1819 ἀλαζόνα
666 1773 726 1812 καὶ
767 1773 1026 1826 μεγαλήγορον·
1054 1776 1130 1812 ἀλλ’

103 1833 223 1876 ἁπλῶς
236 1863 245 1879 ,
275 1832 498 1881 Ἰζπλατύνθη
532 1833 646 1885 στόμα
674 1848 741 1884 μου
778 1834 833 1871 ἐπ’
866 1832 1009 1886 ἐχθρούς
1046 1849 1130 1884 μου·

103 1894 296 1947 εὖφροίνθην
314 1897 349 1933 ἐν
365 1894 521 1947 σωτηρία
541 1910 613 1933 σου.
633 1893 730 1949 “Ορα
758 1896 831 1938 πῶς
851 1895 910 1934 τὸν
926 1894 1028 1934 αὐτὸν
1047 1896 1131 1934 δια-

102 1962 202 2010 τηρεῖ
228 1956 331 2007 νόμον
353 1957 408 1995 διὰ
427 1961 490 2004 τῆς
519 1959 626 2009 εὐχῆς
653 1957 804 2003 ἁπάσης.
824 1955 969 2010 “Ωσπερ
996 1956 1064 2011 γὰρ
1096 1959 1129 1996 ἐν

103 2020 196 2071 ἀρχῇ
228 2018 356 2071 ἔλεγεν,
384 2017 605 2072 Ἐστερεώθη
624 2021 646 2065 ἡ
672 2018 800 2071 καρδία
833 2034 899 2070 μου
931 2021 966 2057 ἐν
992 2019 1129 2074 Κυρίῳ,

103 2080 222 2133 ὑψώθη
239 2081 343 2132 κέρας
361 2096 427 2131 μου
451 2083 485 2119 ἐν
506 2084 587 2134 Θεῷ
612 2097 690 2132 μου,
712 2081 907 2128 ἐπλατύνθη
924 2081 1038 2132 στόμα
1058 2098 1124 2133 μου

98 2144 157 2181 ἐπ’
176 2143 320 2195 ἐχθρούς
350 2159 416 2194 μου
429 2159 436 2166 ·
456 2142 546 2182 οὕτω
576 2144 636 2182 καὶ
663 2146 811 2182 ἐνταῦθα
824 2175 833 2191 ,
853 2144 1063 2196 Εὐφράνθην
1095 2146 1128 2183 ἐν

103 2204 259 2257 σωτηρίᾳ
278 2220 351 2243 σου.
369 2207 448 2257 Οὐχ
457 2205 597 2253 ἁπλῶς,
619 2206 654 2243 ἐν
674 2205 831 2259 σωτηρίᾳ
843 2233 852 2251 ,
871 2206 963 2252 ἀλλ’,
986 2206 1047 2244 Ἐν
1068 2222 1130 2244 σω·

100 2267 208 2321 τηρίᾳ
243 2283 316 2306 σου.
353 2269 406 2306 Οὐ
443 2267 511 2319 γὰρ
540 2267 659 2315 ἐπειδὴ
704 2266 853 2315 ἐσώθην,
889 2267 1006 2320 φησὶν,
1051 2270 1128 2307 ἀλλ’

103 2328 222 2376 ἐπειδὴ
242 2328 298 2367 διὰ
317 2331 378 2367 σοῦ
399 2329 546 2377 ἐσώθην,
567 2329 623 2367 διὰ
642 2332 744 2368 τοῦτο
762 2329 877 2383 χαίρω
896 2329 955 2368 καὶ
975 2330 1130 2381 ἀγάλλο-

105 2406 180 2440 μαι.
199 2391 372 2428 Τοιαῦται
391 2392 460 2428 τῶν
476 2390 583 2443 ἁγίων
604 2393 640 2428 αἱ
660 2390 793 2444 ψυχαί·
809 2393 878 2429 τῶν
893 2390 1014 2444 δώρων
1036 2393 1129 2443 μᾶλ-

103 2453 162 2488 λον
183 2450 366 2503 χαίρουσιν
395 2452 451 2490 ἐπὶ
468 2455 518 2505 τῷ
538 2452 703 2492 δεδωκότι
732 2455 833 2507 Θεῷ·
854 2455 893 2493 οὗ
921 2454 990 2507 γὰρ
1024 2455 1127 2494 αὐτὸν

106 2511 163 2550 διὰ
179 2512 223 2550 τὰ
240 2514 341 2551 αὐτοῦ
369 2514 538 2565 φιλοῦσιν,
566 2515 643 2553 ἀλλ’
665 2517 781 2553 ἐκεῖνα
801 2517 842 2554 δι’
871 2516 986 2556 αὐτόν.
1013 2519 1129 2557 Τοῦτο

104 2575 246 2612 οἰκετῶν
262 2573 502 2626 εὐγνωμόνων,
521 2577 623 2615 τοῦτο
641 2576 772 2615 δούλων
791 2577 1019 2632 εὐχαρίστων,
1040 2579 1128 2619 ποίν-

105 2651 173 2673 των
187 2638 255 2674 τῶν
270 2637 402 2674 ἑαυτῶν
420 2635 478 2674 τὸν
492 2636 676 2685 Δεσπότην
693 2638 750 2677 τὸν
767 2642 899 2678 ἑαυτῶν
915 2641 1126 2692 προτιθέναι.

103 2697 229 2744 Οὕτω,
245 2699 440 2750 παρακαλῶ
452 2728 462 2746 ,
482 2698 541 2735 καὶ
556 2701 658 2749 ἡμεῖς
669 2700 891 2753 διακεώμεθα
904 2718 912 2726 ·
931 2701 995 2741 κᾶν
1013 2704 1128 2756 ἆμᾶρ-
1149 2712 1173 2742 l)

103 2774 231 2808 τωμεν,
247 2758 296 2808 μὴ
313 2760 488 2810 ἀλγῶμεν,
507 2760 628 2808 ἐπειδὴ
652 2761 884 2814 κολαζόμεθα,
904 2765 982 2803 ἀλλ’
1005 2765 1125 2813 ἐπειδὴ

104 2818 355 2871 παρωξύναμεν
395 2821 451 2859 τὸν
490 2821 690 2869 Δεσπότην·
726 2823 792 2862 κᾶν
826 2824 1126 2879 κατορθώσωμεν,

105 2880 155 2931 μὴ
182 2880 362 2933 χαίρωμεν
386 2881 444 2919 διὰ
468 2882 532 2929 τὴν
553 2884 734 2934 βασιλείαν
753 2889 822 2925 τῶν
843 2888 1012 2940 οὐρανῶν,
1047 2889 1126 2928 ἀλλ’

104 2941 224 2989 ἐπειδὴ
255 2941 431 2995 ἠρέσαμεν
450 2944 500 2995 τῷ
523 2945 659 2995 βασιλεῖ
681 2950 750 2985 τῶν
782 2950 950 3002 οὐρανῶν.
976 2951 1040 3002 Τῷ
1058 2950 1127 3002 γὰρ

104 3007 182 3041 νοῦν
196 3003 312 3056 ἔχοντι
320 3004 460 3055 γεέννης
474 3005 614 3052 ἁπάσης
632 3007 865 3064 φοὸερώτερον
878 3011 918 3050 τὸ
934 3016 1126 3064 προσκροῦ-

104 3080 162 3103 σαι
179 3068 281 3116 Θεῷ,
296 3063 417 3117 ὥσπερ
439 3065 500 3104 καὶ
524 3067 704 3117 βασιλείας
723 3069 862 3118 ἁπάσης
887 3073 1126 3126 ποθεινότερον

104 3126 143 3164 τὸ
165 3126 288 3178 ἀρέσαι
310 3129 404 3179 Θεῷ.
434 3127 503 3166 Καὶ
534 3127 583 3178 μὴ
610 3130 791 3182 θαυμάσῃς
812 3134 843 3170 εἰ
872 3133 929 3172 ἐπὶ
952 3138 1013 3172 τοῦ
1034 3137 1126 3174 Θεοῦ

103 3186 194 3225 οὕτω
210 3188 403 3226 διακεῖσθαι
417 3188 506 3241 χρὴ,
521 3189 606 3228 ὅπου
621 3206 660 3242 γε
677 3191 736 3229 καὶ
753 3193 808 3230 ἐπ’
825 3194 1016 3246 ἀνθρώπων
1036 3195 1125 3234 οὕτω

105 3249 226 3286 πολλοὶ
246 3249 448 3289 διάκεινται.
478 3250 578 3294 Υἱοὺς
596 3255 677 3302 γοῦν
697 3251 822 3305 ἔχομεν
852 3257 1020 3301 πολλάκις
1038 3273 1124 3309 γνη-

150 3371 161 3383 ‘
178 3360 256 3404 ¹¹⁰8-
276 3367 517 3406 &⁹2flf'37002?⁶÷‚
536 3373 567 3397 0²
583 3366 627 3398 ⁵3⁰
644 3367 743 3399 (Ὶῑᾱῐῠ
760 3367 855 3401 Cotb.
873 3372 1105 3414 21u11<.[supra
1125 3371 1224 3403 savit.
1245 3373 1277 3404 in
1295 3379 1385 3403 textu
1403 3377 1543 3413 ἀνέῳκτο,
1563 3369 1596 3403 iu
1614 3380 1718 3412 marg.
1740 3376 1830 3409 stur-»s
1845 3368 1938 3407 ..eal

1926 3430 1939 3446 ,-
1963 3428 1972 3439 .

1207 784 1282 823 sola
1310 786 1386 838 ejus
1410 786 1505 826 dicta
1527 788 1758 827 insumsimus
1779 805 1787 826 ε
1809 790 1981 842 primum,
2014 791 2166 845 Confir-
2185 813 2277 849 „mg
2301 822 2325 839 -.·.
2357 833 2362 838 ,

1208 856 1357 886 matum
1389 858 1444 887 est
1473 863 1541 888 cor
1571 864 1697 889 meum
1727 853 1769 889 in
1798 853 1983 899 Domino,
2009 862 2042 890 et
2069 853 2166 904 quod

1207 922 1292 946 mox
1308 909 1469 961 sequitur
1483 941 1492 959 ‚
1511 912 1748 950 Exaltatum
1765 921 1822 951 est
1838 927 1958 951 cornu
1977 928 2102 952 meum.
2125 918 2167 953 in

1207 971 1292 1009 Deo
1320 985 1418 1010 meo.
1446 972 1672 1024 Consequens
1696 973 1808 1025 igitur
1830 983 1880 1013 est
1906 974 2014 1014 hodie
2032 975 2077 1014 ad
2098 986 2167 1014 ter-

1205 1032 1296 1070 tium
1314 1033 1444 1073 venire.
1460 1034 1569 1082 Quod
1587 1049 1671 1074 vero
1688 1035 1755 1074 hoc
1771 1045 1823 1074 est
1836 1036 1854 1074 ἶ)
1869 1037 2096 1076 Dilatatum
2112 1048 2167 1077 est

1205 1108 1246 1133 os
1261 1109 1387 1134 meum
1406 1110 1520 1149 super
1531 1100 1707 1136 inimicos
1721 1112 1824 1136 meos
1846 1114 1857 1135 .-
1876 1098 2012 1138 loetata
2027 1113 2111 1138 sum
2128 1103 2170 1138 in

1204 1157 1332 1196 salute
1343 1166 1421 1196 tua.
1431 1158 1716 1197 Animadvertite
1728 1169 1932 1198 accuratam
1943 1160 2140 1199 orationem
2161 1178 2168 1198 ι

1206 1231 1274 1256 non
1294 1217 1407 1268 dixit,
1424 1219 1630 1258 Exacutum
1651 1229 1702 1258 est
1721 1234 1758 1259 os
1774 1235 1894 1258 meum
1921 1234 2029 1273 super
2051 1221 2169 1260 inimi-

1205 1294 1263 1318 cos
1283 1295 1379 1319 meos
1394 1295 1485 1320 :non
1502 1282 1595 1321 enim
1616 1282 1663 1321 ad
1683 1282 1845 1321 convicia
1862 1291 1896 1321 et
1913 1281 2063 1321 dicteria
2082 1298 2169 1336 prae-

1204 1352 1370 1394 paratum
1384 1354 1470 1393 erat,
1487 1358 1557 1382 non
1573 1344 1619 1383 ad
1633 1344 1827 1398 opprobria
1842 1353 1875 1382 et
1894 1345 2169 1393 accusationem,

1205 1404 1267 1443 scd
1281 1405 1330 1444 ad
1343 1406 1576 1445 monitionem
1589 1416 1622 1445 et
1636 1407 1838 1457 consilium,
1851 1406 1898 1446 ad
1913 1408 2167 1446 correctionem

1205 1475 1239 1504 et
1259 1467 1542 1507 instructionem.
1560 1471 1753 1522 Propterea
1778 1483 1847 1508 non
1873 1469 1985 1518 dixit,
2006 1469 2167 1508 Exacuta

1205 1537 1257 1566 est
1272 1528 1397 1582 lingua
1416 1544 1493 1569 mea
1509 1545 1617 1584 super
1635 1530 1800 1569 inimicos
1820 1545 1930 1575 meos,
1951 1530 2010 1568 sed
2017 1561 2028 1582 ,
2053 1532 2168 1569 Dila-

1207 1599 1331 1629 tatum
1356 1601 1412 1630 est
1432 1606 1484 1631 os.
1499 1592 1754 1642 Relaxatione‚
1775 1592 1908 1643 inquit,
1925 1592 2169 1630 fruor:libere

1207 1650 1306 1703 loqui
1325 1667 1470 1705 possum
1491 1669 1498 1690 :
1511 1654 1588 1706 jam
1606 1653 1744 1707 pudore
1762 1653 1923 1692 discusso
1954 1653 2000 1692 ad
2023 1654 2167 1692 liberta-

1206 1722 1277 1751 tem
1302 1713 1404 1752 redii.
1422 1716 1474 1752 Ac
1490 1728 1534 1753 ne
1549 1728 1643 1752 nunc
1666 1713 1813 1766 quidem
1842 1714 2029 1753 mulierem
2055 1729 2168 1752 mmu-

1205 1774 1277 1813 lam
1296 1775 1508 1826 nominavit,
1531 1776 1593 1814 sed
1615 1775 1827 1827 simpliciter
1859 1774 2044 1814 indefinita
2075 1790 2165 1814 nun-

1204 1836 1412 1889 cupatione,
1430 1837 1531 1889 quasi
1554 1836 1711 1890 quadam
1738 1837 1856 1887 larva,
1877 1846 1981 1876 tantae
2011 1837 2164 1875 tristitia:

1204 1911 1349 1936 causam
1374 1898 1574 1937 abscondit„
1595 1899 1676 1937 Non
1699 1897 1814 1947 dixit,
1835 1897 1932 1950 quod
1960 1898 2082 1936 multae
2109 1897 2164 1937 di-

1203 1968 1288 1998 cunt
1303 1959 1470 1999 mulieres
1490 1976 1498 1997 :
1515 1959 1688 1999 Confudjt
1704 1974 1781 1998 eam
1795 1960 1908 2009 Deus,
1927 1959 2115 2013 dissipavit
2132 1970 2164 1998 et

1167 2036 1175 2046 ⁸
1201 2019 1331 2073 dejecit
1343 2021 1529 2060 scelestam
1542 2030 1575 2060 et
1587 2030 1812 2073 arrogantem
1826 2030 1859 2059 et
1872 2021 2140 2072 magniloquam
2156 2038 2161 2058 :

1201 2081 1265 2121 sed
1286 2082 1518 2136 simpliciter,
1533 2083 1759 2122 Dilatatum
1775 2091 1831 2121 est
1847 2096 1887 2121 os
1903 2096 2029 2120 meum
2045 2097 2160 2136 super

1203 2147 1380 2183 inimicos
1417 2158 1537 2190 meos;
1558 2145 1695 2182 laetata
1727 2158 1812 2183 sum
1841 2147 1884 2182 in
1912 2145 2041 2183 salute
2075 2153 2157 2183 tua.

1203 2204 1299 2245 Vide
1325 2205 1505 2258 quomodo
1533 2204 1697 2244 eamdem
1724 2204 1838 2258 legem
1861 2220 1924 2258 per
1940 2215 2049 2244 totam
2079 2221 2162 2259 pre—

1201 2266 1376 2305 cationem
1412 2275 1542 2305 servat.
1564 2266 1666 2305 Sicut
1692 2265 1786 2304 enim
1811 2266 1845 2304 in
1865 2266 2043 2320 principio
2067 2267 2163 2306 dicc-

1200 2327 1278 2378 bat‚
1298 2329 1586 2382 Confirmatum
1613 2337 1670 2366 est
1689 2342 1756 2366 cor
1773 2342 1899 2366 meum
1915 2331 1956 2366 in
1972 2330 2157 2377 Domino,

1201 2390 1423 2428 exaltatum
1440 2398 1497 2428 est
1510 2403 1632 2428 cornu
1646 2403 1772 2428 meum
1787 2392 1829 2427 in
1843 2391 1928 2428 Deo
1944 2405 2041 2436 meo,
2057 2392 2158 2429 dila-

1201 2460 1326 2490 tatum
1345 2461 1403 2491 est
1423 2466 1463 2491 os
1481 2466 1609 2490 meum
1627 2465 1743 2504 super
1760 2454 1938 2490 inimicos
1958 2466 2061 2491 meos
2083 2469 2094 2489 .·
2113 2454 2159 2491 ita

1201 2522 1235 2552 et
1250 2513 1322 2564 hic,
1336 2515 1489 2552 Loetata
1500 2526 1585 2552 sum
1599 2515 1641 2550 in
1654 2513 1783 2551 salute
1799 2521 1879 2550 tua.
1894 2513 1972 2550 Non
1984 2513 2157 2566 simplici-

1201 2584 1264 2624 ter,
1280 2576 1321 2614 In
1333 2574 1461 2624 salute,
1473 2573 1548 2623 sed,
1562 2577 1611 2612 In
1624 2575 1751 2613 salute
1771 2582 1852 2611 tua.
1870 2575 1948 2612 Non
1962 2574 2057 2612 enim
2070 2590 2156 2626 quo-

1197 2638 1294 2676 niam
1317 2646 1455 2676 servata
1484 2651 1586 2686 sum,
1607 2636 1669 2674 sed
1691 2636 1860 2687 quoniam
1881 2650 1945 2689 per
1964 2645 1997 2674 te
2016 2647 2154 2675 servata

1196 2714 1296 2750 sum,
1321 2708 1505 2752 propterea
1537 2697 1640 2736 laetor
1657 2706 1691 2735 et
1709 2697 1865 2736 exsulto.
1889 2697 1997 2736 Tales
2023 2698 2156 2751 quippe
2170 2704 2224 2774 Dln
2240 2704 2356 2773 slalzuau·

2200 2758 2225 2774 ΕΙ
2262 2759 2281 2774 -Γ
2300 2759 2336 2773 -ΗΙ

2169 2789 2239 2827 quid
2256 2790 2301 2814 sit,

1196 2771 1278 2800 sunt
1299 2770 1502 2800 sanctorum
1523 2759 1674 2809 animae;
1699 2759 1744 2798 de
1764 2761 1839 2798 Deo
1858 2759 1973 2811 magis
1991 2760 2156 2798 laetantur

1197 2832 1340 2862 auctore
1354 2836 1554 2871 munerum,
1565 2835 1674 2874 quam
1688 2820 1831 2874 deipsis
1843 2821 2052 2873 muneribus
2065 2838 2073 2859 :
2087 2837 2154 2861 non

1195 2884 1291 2923 enim
1311 2893 1457 2936 propter
1475 2883 1568 2922 dona
1590 2883 1707 2935 ipsum
1719 2912 1730 2931 ,
1752 2881 1814 2920 sed
1831 2881 1925 2920 dona
1947 2893 2091 2936 propter
2108 2884 2151 2922 il-

1196 2947 1271 2984 lum
1287 2945 1460 2996 diligunt.
1479 2944 1554 2982 Hoc
1569 2957 1690 2982 servos
1703 2952 1822 2995 gratos
1835 2942 1951 2993 decet,
1968 2944 2035 2983 hoc
2048 2946 2156 2982 samu-

1196 3013 1249 3050 los
1264 3010 1428 3050 beneficii
1443 3023 1626 3057 memoreS,
1642 3008 1806 3050 videlicet
1821 3009 1927 3047 rebus
1946 3010 2020 3048 suis
2040 3011 2152 3048 omui-

1195 3073 1263 3111 bus
1285 3086 1488 3125 prmponere
1508 3071 1715 3110 Dominum.
1737 3071 1797 3110 Sic
1818 3070 1924 3109 etiam
1952 3086 2014 3109 nos
2037 3072 2151 3108 :iffi-cti

1195 3134 1308 3173 simus
1328 3150 1336 3170 :
1358 3148 1437 3172 cum
1461 3131 1748 3186 peccaverimus,
1776 3146 1844 3170 uon
1864 3131 2048 3170 doleamus·
2069 3133 2148 3182 quin

1198 3195 1385 3249 punimur,
1406 3194 1469 3233 sed
1488 3194 1572 3245 quia
1596 3193 1789 3232 Dominum
1818 3193 2034 3231 offendimus
2049 3209 2056 3228 :
2072 3202 2102 3228 vt
2122 3195 2147 3228 »ι’

1197 3257 1294 3309 quod
1313 3270 1403 3309 opus
1420 3256 1555 3294 bonum
1576 3263 1735 3293 nostrum
1755 3263 1820 3304 est,
1843 3268 1908 3291 uon
1933 3252 2147 3301 pausianum

1924 3432 1984 3463 ab.
