2433 3775
729 223 768 252 IN
808 221 909 252 CAP.
950 220 977 248 1.

79 309 190 363 μένων
220 308 476 360 ὑπομνήσωμεν
505 308 602 357 ὑμῶν
622 305 686 354 τὴν
702 306 858 357 ἀγάπην.
895 303 1016 343 litesve
1038 302 1102 351 τὴν

80 371 246 425 διαφορὰν
273 373 334 417 τῆς
359 368 586 423 δημιουργίας
615 370 684 406 τῶν
705 367 929 418 κτισμάτων,
963 366 1103 412 καὶτῆς

79 439 140 472 τοῦ
182 432 364 484 ἀνθρώπου
406 430 643 474 διαπλάσεως·
678 429 853 476 ἠκούσατε
878 428 961 475 ὅσης
997 431 1103 478 τιμῆι,

78 494 206 541 ἠξίωσε
225 494 284 531 τὸν
302 492 458 545 ἀρχηγὸν
475 494 536 529 τοῦ
556 490 674 542 γένους
687 495 747 528 τοῦ
767 489 939 541 ἡμετέρου
955 519 963 536 ,
987 489 1046 526 καὶ
1068 491 1101 527 ἐν

79 556 167 606 αὐτῇ
195 556 238 604 τῇ
268 553 454 591 διαπλάσει
472 554 546 595 πῶς
566 553 608 590 δι’
631 554 744 590 αὐτῶν
767 553 836 589 τῶν
857 550 1023 602 ῥημάτων
1045 549 1103 587 καὶ

80 618 142 662 τῆς
159 617 228 653 τῶν
247 614 370 659 λέξεων
388 613 590 666 παχύτητος
607 612 747 665 ἐνέφηνε
766 612 830 659 τὴν
849 611 954 662 τιμὴν
974 610 1037 657 τὴν
1058 613 1104 653 εἷς

80 674 138 713 τὸν
159 674 330 726 μέλλοντα
351 676 649 726 δημιουργεὶσθαι,
672 673 797 724 λέγων,
818 672 1028 721 Ποιήσωμεν
1046 671 1106 709 ἅν·-

82 742 218 790 opto-mv
256 735 335 775 κατ’
374 736 489 774 εἰκόνα
523 734 711 788 ἡμετέραν,
739 733 800 771 καὶ
819 733 897 771 καθ’
924 731 1104 783 ὁμοίωσιν.

83 797 258 849 Ἐμάθετε
282 796 317 834 τί
338 799 412 835 ἐστι
430 797 470 834 τὸ
487 795 574 834 Κατ’
591 795 720 839 εἰκόνα,
738 793 791 832 ὅτι
805 796 866 832 οὐκ
881 793 997 836 οὐσίας
1013 792 1106 830 ἐστὶν

82 858 180 906 ἀξία,
199 857 278 896 ἀλλ’
307 859 419 910 ἀρχῆς
439 857 622 907 ὁμοιότης,
644 855 702 894 καὶ
727 854 779 893 ὅτι
799 856 836 893 οὗ
854 853 944 892 κατὰ
961 853 1024 901 τὴν
1045 857 1107 900 τῆς

83 922 218 972 μορφῆς
248 918 363 957 εἰκόνα
387 912 496 966 εἶπεν,
521 916 612 955 ἀλλὰ
639 915 729 955 κατὰ
756 916 814 954 τὸν
832 918 895 962 τῆς
914 918 1025 968 ἀρχῆς
1043 915 1106 954 λό-

83 996 166 1032 γον·Δ
184 981 237 1020 διὸ
261 980 320 1018 καὶ
346 979 501 1031 ἐπήγαγε
517 994 526 1002 ·
548 978 619 1018 Καὶ
652 977 857 1031 ἀρχέτωσαν
884 980 952 1016 τῶν
980 976 1109 1030 ἰχθύων

83 1045 146 1089 τῆς
177 1041 354 1088 θαλάσσης
370 1071 380 1089 ,
405 1041 465 1079 καὶ
491 1044 560 1079 τῶν
580 1043 746 1079 πετεινῶν
775 1044 836 1078 τοῦ
856 1042 1022 1092 οὐρανοῦ,
1050 1039 1110 1077 καὶ

85 1105 154 1142 τῶν
170 1102 298 1156 θηρίων
318 1103 379 1141 καὶ
395 1105 464 1140 τῶν
479 1103 638 1154 ἑρπετῶν
653 1103 716 1147 τῆς
733 1104 810 1152 γῆς.

138 1163 232 1202 Ἀλλ’
257 1166 403 1202 ἐνταῦθα
419 1163 625 1215 ἐπιφύονται
641 1166 726 1214 ἡμῖν
746 1161 920 1209 Ἕλληνες
940 1161 1110 1212 λέγοντες,

84 1223 140 1263 ὅτι
171 1227 234 1264 οὐκ
261 1224 393 1272 ἀληθὴς
419 1227 438 1263 ὁ
456 1224 557 1276 λόγος
575 1223 792 1277 εὑρίσκεται·
814 1225 851 1261 οὐ
869 1222 936 1276 γὰρ
957 1222 1112 1275 ἄρχομεν

86 1289 157 1324 τῶν
176 1285 302 1339 θηρίων
316 1317 326 1334 ‚
345 1285 501 1335 καθάπερ
521 1285 707 1337 ὑπέσχετο,
729 1283 806 1323 ἀλλ’
821 1283 909 1322 αὐτὰ
927 1287 1029 1334 ἡμῶν
1050 1283 1114 1337 ἄρ·-

87 1363 158 1400 χει.
183 1349 348 1386 Μάλιστα
364 1346 427 1399 μὲν
448 1341 505 1386 οἷν
522 1346 599 1384 οὐδὲ
619 1352 720 1385 τοῦτο
737 1345 874 1392 ἀληθές.
899 1343 1012 1383 Ἔνθα
1047 1345 1116 1397 γὰρ

89 1409 130 1447 ἂν
146 1411 238 1462 φανῇ
254 1409 454 1461 ἅνθρωπος,
477 1407 601 1452 εὐθέως
620 1406 847 1460 φυγαδεύεται
863 1405 907 1444 τὰ
926 1405 1042 1459 θηρία.
1071 1408 1117 1445 Εἰ

90 1469 129 1508 δέ
144 1485 229 1518 ποτε
257 1469 280 1516 ἢ
308 1472 412 1521 λιμοῦ
444 1469 796 1521 καταναγκάζοντος,
823 1467 846 1514 ἢ
866 1471 967 1518 ἡμῶν
999 1469 1116 1512 αὐτοῖς

90 1531 256 1570 ἐπιόντων
281 1530 345 1577 τὴν
378 1532 438 1570 ἀπ’
465 1531 578 1569 αὐτῶν
611 1530 747 1582 βλοὶὅην
781 1529 959 1581 δεξώμεθα
972 1560 982 1578 ,
1015 1533 1118 1568 τοῦτο

90 1591 210 1632 λοιπὸν
230 1595 268 1631 οὗ
285 1592 383 1644 παρὰ
401 1592 441 1630 τὸ
459 1594 572 1631 ἐκεῖνα
591 1595 692 1643 ἡμῶν
713 1591 832 1645 ἄρχειν
847 1591 1000 1643 γίνεται,
1027 1591 1118 1630 ἀλλὰ

90 1652 188 1706 παρὰ
209 1653 272 1700 τὴν
295 1652 470 1705 ἡμετέραν
498 1652 626 1691 αἰτίαν.
657 1653 761 1692 Ἐπεὶ
790 1653 851 1692 καὶ
872 1655 1012 1705 λῃστῶν
1031 1655 1117 1704 ἡμῖν

92 1714 276 1760 ἐπιόντων,
310 1716 339 1752 εἷ
370 1713 420 1765 μὴ
450 1713 740 1767 ῥαθυμήσαιμεν,
769 1714 848 1753 ἀλλ’
876 1713 1117 1765 ὁπλιζοίμεθα,

93 1777 132 1814 οὐ
149 1778 212 1822 τῆς
231 1774 370 1814 ἐκείνων
392 1777 503 1827 ἀρχῆς
521 1775 561 1813 τὸ
581 1774 728 1829 πρᾶγμά
747 1777 854 1823 ἐστιν,
875 1775 966 1813 ἀλλὰ
985 1779 1047 1822 τῆς
1067 1777 1120 1813 οἷ-

92 1836 190 1879 κείας
217 1835 393 1888 σωτηρίας
418 1839 439 1882 ἡ
459 1835 615 1888 πρόνοια.
647 1835 868 1886 Ἀκούσωμεν
888 1835 924 1874 δὲ
944 1835 1031 1880 τέως
1049 1838 1118 1874 τῶν

95 1896 301 1948 εἰρημένων.
333 1896 564 1947 Ποιήσωμεν,
600 1896 723 1948 φησὶν,
750 1896 929 1949 ἄνθρωπον
960 1897 1040 1935 κατ’
1070 1899 1120 1934 εἷ-

95 1957 178 1996 κόνα
201 1956 400 2008 ἡμετέραν,
426 1957 486 1995 καὶ
510 1956 589 1995 καθ’
615 1956 793 2006 ὁμοίωσιν.
822 1955 962 2010 Ἵὶσπερ
990 1957 1121 1995 Εἷκόνα

97 2011 172 2056 εἶπε
190 2017 253 2063 τὴν
279 2021 342 2064 τῆς
360 2020 472 2069 ἀρχῆς
490 2017 602 2063 δηλῶν
628 2017 755 2063 εἰκόνα,
773 2016 864 2055 οὕτω
884 2018 943 2056 καὶ
959 2017 1118 2068 Ὁμοίω-

97 2094 151 2117 σιν
168 2108 178 2127 ,
207 2078 298 2116 ὥστε
324 2079 414 2116 κατὰ
447 2077 591 2128 δύναμιν
623 2077 841 2131 ἀνθρωπίνην
867 2079 1005 2129 ὁμοίους
1025 2083 1120 2130 ἡμᾶς

95 2139 276 2190 ῧγίνεσθαι
298 2140 393 2190 Θεῷ,
420 2137 511 2175 κατὰ
525 2138 564 2176 τὸ
578 2137 707 2190 ἥμερον
729 2138 820 2189 λέγω
836 2139 896 2176 καὶ
912 2146 1024 2191 πρᾶον
1042 2139 1117 2183 ἐξο-

95 2203 279 2250 μοιοῦσθαι
307 2201 427 2250 αὐτῷ,
461 2198 521 2237 καὶ
549 2199 640 2236 κατὰ
672 2197 730 2236 τὸν
758 2202 820 2245 τῆς
849 2200 974 2251 ἀρετῆς
1001 2198 1118 2250 λόγον,

63 2273 68 2278 “
94 2259 213 2313 ὥσπερ
241 2261 300 2299 καὶ
323 2263 341 2299 ὁ
368 2259 520 2313 Χριστός
547 2275 645 2311 φησι,
666 2259 806 2298 Γίνεσθε
826 2259 940 2310 ὅμοιοι
957 2263 1018 2298 τοῦ
1038 2261 1117 2298 Πα-

92 2321 173 2373 τρὸς
190 2324 286 2371 ὑμῶν
317 2327 378 2360 τοῦ
401 2323 436 2359 ἐν
458 2325 530 2364 τοῖς
556 2321 721 2372 οὐρανοῖς.
751 2320 889 2373 <Ὠσπερ
914 2320 982 2373 γὰρ
1015 2323 1050 2359 ἐν
1069 2324 1115 2374 τῇ

94 2382 244 2437 πλατείᾳ
263 2382 374 2435 ταύτῃ
400 2383 446 2433 γῇ
478 2381 538 2420 καὶ
558 2381 747 2435 εὐρυχώρῳ
767 2385 836 2420 τῶν
858 2381 954 2427 ζώων
977 2381 1022 2420 τὰ
1053 2383 1116 2434 μέν

94 2444 187 2482 ἐστιν
213 2443 432 2496 ἡμερώτερα,
456 2442 501 2481 τὰ
522 2442 558 2482 δὲ
583 2443 861 2496 θηριωδέστερα,
886 2442 977 2482 οὕτω
1001 2444 1061 2483 καὶ
1081 2447 1115 2483 ἐν

93 2508 145 2558 τῷ
173 2505 299 2544 πλάτει
326 2507 390 2551 τῆς
408 2506 522 2557 ψυχῆς
540 2507 601 2551 τῆς
615 2504 789 2557 ἡμετέρας
806 2507 875 2543 τῶν
889 2506 1068 2558 λογισμῶν
1085 2508 1116 2544 οἱ

97 2567 159 2616 μέν
187 2569 274 2605 εἰσιν
302 2566 513 2618 ἀλογώτεροι
534 2566 594 2604 καὶ
619 2566 818 2615 κτηνώδεις,
843 2569 875 2605 οἱ
895 2566 930 2605 δὲ
947 2566 1114 2620 θηριωδέ-

96 2643 213 2680 στεροι
231 2627 291 2666 καὶ
312 2626 530 2680 ἀγριώτεροι.
559 2629 621 2666 Δεῖ
642 2627 755 2666 τοίνυν
775 2634 913 2681 κρατεῖν
939 2629 999 2668 καὶ
1014 2645 1115 2682 περι-

96 2689 265 2742 γίνεσθαι,
281 2689 342 2727 καὶ
355 2691 406 2741 τῷ
424 2690 583 2741 λογισμῷ
601 2689 662 2736 τὴν
681 2689 793 2741 ἀρχὴν
813 2689 945 2728 τούτων
961 2692 1115 2743 παραδι-

97 2751 205 2790 δόναι.
235 2750 305 2789 Καὶ
330 2753 405 2793 πῶς
423 2750 465 2788 ἄν
486 2766 536 2793 τις
551 2750 797 2803 περιγένοιτο,
826 2751 922 2804 φησὶ,
947 2753 1116 2804 λογισμοῦ

96 2811 307 2864 θηριώδους;
335 2813 368 2850 Τ
372 2810 382 2848 ι’
402 2810 532 2863 λέγεις,
559 2811 742 2864 ἄνθρωπε,
764 2811 922 2850 Λεόντων
939 2813 1116 2865 περιγινό-

98 2876 186 2924 μεθα
200 2903 210 2920 ,
225 2872 285 2910 καὶ
301 2871 364 2916 τὰς
377 2871 492 2924 ψυχὰς
508 2874 619 2911 αὐτῶν
635 2875 847 2924 ἡμεροῦμεν,
863 2873 922 2911 καὶ
939 2874 1118 2926 ἀμφιὸάλ-

96 2935 168 2976 λεις
189 2935 219 2972 εἷ
240 2934 409 2984 λογισμοῦ
427 2933 613 2984 θηριωδίαν
631 2934 718 2987 πρὸς
736 2934 939 2987 ἡμερότητα
958 2935 1119 2986 μεταδα-

97 2996 168 3032 λεῖν
199 2993 379 3044 ι’δυνήσῖῃ
423 2994 550 3032 Καίτοι
581 2997 631 3048 τῷ
665 2995 774 3048 θηρίῳ
812 2995 873 3047 μὲν
901 2996 992 3034 κατὰ
1019 2996 1119 3049 φύσιν

1020 217 1181 247 (ΞΕΝΕΒ.

1220 216 1376 246 nonni„
1418 218 1479 245 ix.
2063 203 2115 246 81

1173 299 1236 338 stis
1254 307 1387 350 quanto
1407 299 1541 337 honore
1560 298 1756 351 principem
1779 300 1888 337 nostri
1914 301 2049 350 generis
2068 301 2124 340 di-

1174 374 1301 417 gnatus
1328 364 1390 413 sit,
1406 372 1439 403 ct
1467 364 1503 402 in
1531 363 1742 402 formatione
1763 364 1839 416 ipsa
1859 365 2037 415 quomodo
2065 381 2125 417 per

1174 427 1281 464 verba
1316 425 1585 476 dictionumque
1627 424 1898 463 crassitudinem
1939 424 2127 463 declararit

2046 487 2125 524 Fa-

1174 552 1323 587 ciamus
1352 550 1548 587 hominem
1578 549 1788 586 secundum
1819 550 2031 600 imaginem
2061 561 2129 584 no-

1177 618 1311 656 stram,
1344 619 1381 648 et
1406 610 1616 648 seeundum
1644 609 1954 647 similitmlinem.
1984 608 2129 646 Didici-

1177 671 1252 719 stis,
1292 670 1379 721 quid
1416 671 1462 708 sit
1493 671 1711 709 Secundum
1745 673 1968 721 imaginem,
2006 683 2131 722 nempe

1175 488 1343 525 honorem
1375 486 1559 525 formando
1588 485 1837 533 tribuendum,
1867 485 1989 524 dicens
2013 499 2020 521 t

1176 731 1271 783 quod
1305 746 1374 769 non
1400 732 1446 769 sit
1471 731 1675 769 substautiae
1703 731 1878 782 dignitas,
1900 730 1961 769 sed
1981 729 2130 769 dominii

1178 792 1390 840 similitudo,
1419 801 1452 830 et
1478 792 1572 842 quod
1604 805 1672 829 non
1706 792 1901 829 secundum
1941 792 2133 842 imaginem

1179 854 1313 902 formae,
1330 852 1390 890 sed
1407 852 1603 890 secundum
1620 854 1793 890 rationem
1810 852 1960 890 dominii
1976 853 2109 890 dixerit
2126 869 2132 888 :

1179 914 1260 952 idco
1276 922 1310 951 et
1325 912 1490 951 subdidit
1506 929 1512 949 :
1529 914 1582 950 Et
1600 913 1850 950 dominentur
1865 915 2034 964 piscibus
2054 926 2135 950 ma-

1179 978 1248 1022 ris,
1262 984 1298 1014 et
1317 974 1551 1013 volatilibus
1573 974 1673 1020 coeh‘,
1689 982 1723 1011 et
1746 974 1876 1012 bestiis
1888 982 1924 1011 et
1937 975 2136 1025 reptilibus

1181 1046 1302 1075 terroe.

1235 1161 1272 1198 5.
1309 1161 1448 1199 Verum
1476 1159 1535 1197 hic
1565 1158 1714 1211 gentiles
1733 1159 1768 1196 in
1790 1172 1853 1196 nos
1873 1158 2084 1212 insurgunt,
2107 1168 2141 1198 et

1185 1283 1364 1321 nonenim
1378 1283 1607 1321 dominamur
1624 1283 1723 1334 seris,
1743 1283 2046 1334 quemadmodum
2065 1284 2143 1336 pol-

1185 1344 1306 1383 licitus
1319 1353 1385 1395 est,
1402 1344 1465 1383 sed
1476 1345 1561 1397 ipsae
1576 1344 1678 1383 nobis
1692 1345 1825 1397 potius.
1842 1346 1920 1383 Imo
1935 1359 2003 1383 non
2020 1360 2145 1384 verum

1187 1415 1238 1444 est
1261 1405 1358 1458 quod
1379 1406 1419 1444 hi
1446 1405 1636 1458 objiciunt.
1657 1407 1750 1444 Nam
1777 1421 1864 1445 mox
1884 1415 1923 1444 ut
1941 1406 2148 1459 apparuerit

1187 1468 1309 1517 homo,
1323 1468 1405 1506 ferae
1420 1468 1542 1520 fugam
1559 1467 1708 1506 faciunt.
1719 1468 1826 1514 Quod
1841 1468 1870 1506 si
1884 1468 2078 1519 aliquando
2091 1468 2147 1506 vel

1188 1530 1281 1568 fame
1294 1538 1454 1581 urgente,
1470 1530 1527 1567 vel
1544 1529 1647 1567 nobis
1664 1529 1744 1568 illas
1758 1529 2025 1579 lacessentibus,
2041 1530 2087 1567 ab
2100 1529 2150 1567 cis

1189 1590 1363 1629 damnum
1380 1590 1613 1643 accipiamus,
1630 1590 1699 1629 hoc
1718 1604 1787 1629 non
1807 1592 1849 1629 fit
1866 1590 1946 1629 ideo
1964 1590 2063 1642 quod
2078 1590 2152 1629 illis

1191 1653 1229 1691 in
1248 1666 1311 1691 nos
1341 1653 1384 1690 sit
1415 1652 1621 1704 imperium,
1643 1652 1708 1691 sed
1733 1652 1781 1691 ob
1807 1652 1951 1705 culpam
1979 1662 2149 1691 nostram.

1191 1715 1284 1753 Nam
1300 1728 1381 1752 cum
1394 1714 1548 1752 latrones
1567 1727 1630 1752 nos
1647 1713 1838 1764 invadunt,
1859 1714 1889 1752 si
1909 1727 1977 1752 non
1993 1714 2151 1765 negliga-

1192 1789 1286 1825 mus,
1303 1775 1365 1813 sed
1383 1775 1418 1813 in
1438 1775 1518 1813 illos
1534 1789 1633 1813 arma
1649 1789 1844 1824 sumamus,
1860 1775 1899 1813 id
1912 1789 1980 1813 non
1996 1775 2075 1814 idco
2092 1776 2147 1824 fit,

1192 1836 1289 1886 quod
1325 1835 1517 1887 imperium
1554 1836 1589 1873 in
1627 1849 1690 1874 nos
1724 1836 1921 1885 obtineant,
1960 1835 2021 1873 scd
2053 1837 2150 1886 quod

1193 1905 1320 1935 nostra}
1351 1897 1458 1934 saluti
1491 1896 1761 1949 prospiciamus.
1800 1896 1999 1934 Audiamus
2032 1906 2151 1935 autem

1193 1957 1337 1995 interim
1366 1971 1445 2008 quae
1473 1957 1543 1995 sint
1568 1957 1676 1995 dicta.
1712 1958 1924 1995 Faciamus
1955 1958 2151 1995 hominem

1193 2019 1405 2069 secundum
1431 2020 1641 2070 imaginem
1667 2026 1853 2065 nostram,
1879 2026 1916 2055 et
1940 2019 2151 2056 secundum

1193 2079 1500 2117 similitudinem.
1512 2079 1836 2131 SicutImaginem
1847 2077 1941 2116 dixit
1953 2079 1998 2116 ob
2007 2079 2150 2132 imperii

1191 2138 1380 2189 rationem,
1398 2139 1448 2176 ita
1475 2147 1509 2176 ct
1532 2139 1848 2186 Similitudinem,
1868 2147 1908 2176 ut
1922 2153 1988 2191 pro
2008 2140 2148 2178 viribus

1190 2198 1358 2237 humanis
1394 2199 1528 2237 similes
1561 2198 1691 2236 fiamus
1731 2200 1822 2250 Deo,
1859 2199 2149 2250 mansuetudine,

1190 2259 1356 2311 inquam,
1372 2260 1532 2310 lenitate,
1552 2270 1586 2298 et
1604 2260 1750 2299 virtutis
1768 2260 1902 2299 ratione
1920 2263 1996 2300 Deo
2015 2261 2149 2300 similes

1189 2322 1390 2360 efficiamur
1400 2337 1412 2373 3
1431 2330 1470 2359 ut
1486 2330 1520 2359 et
1539 2321 1705 2360 Christus
1723 2321 1812 2360 dicit
1831 2338 1839 2359 :
1862 2323 2014 2362 Similes
2030 2332 2148 2362 estote
2166 2333 2276 2361 nauh.
2298 2333 2326 2360 J.

1190 2384 1311 2423 Patrt
1323 2391 1468 2430 vestro,
1491 2385 1559 2435 qui
1577 2391 1633 2420 est
1652 2385 1695 2420 in
1716 2384 1833 2422 ecelis.
1858 2385 1950 2422 Nam
1977 2384 2148 2436 quemad-
2161 2372 2212 2413 45·

1191 2444 1340 2482 modum
1354 2443 1391 2482 in
1410 2453 1503 2482 terra
1518 2444 1585 2481 hac
1600 2444 1755 2496 spatiosa
1770 2453 1802 2483 et
1818 2445 1888 2482 lata
1911 2445 2147 2484 animantium

1191 2506 1261 2545 alia
1281 2506 1519 2545 mansuetiora
1535 2515 1632 2557 sunt,
1650 2506 1721 2544 alia
1737 2506 1921 2557 ferociora,
1943 2507 1992 2544 ita
2008 2507 2043 2545 in
2060 2507 2144 2545 lati-

1190 2567 1316 2606 tudine
1345 2568 1472 2606 animae
1508 2576 1634 2605 nostrae
1669 2567 1924 2619 cogitationum
1953 2568 2033 2606 aliae
2065 2578 2149 2606 sunt

1192 2629 1509 2667 irrationabiliores
1525 2636 1558 2666 et
1571 2627 1617 2666 ad
1635 2628 1812 2680 pecudum
1828 2643 1962 2666 morem
1979 2628 2146 2668 acceden-

1190 2700 1253 2740 tes,
1263 2690 1341 2728 aliae
1357 2689 1543 2728 ferociores
1556 2697 1588 2726 et
1598 2688 1815 2740 agrestiores.
1826 2689 2022 2727 Domandae
2036 2689 2148 2741 igitur

1190 2753 1261 2791 illae
1274 2761 1370 2799 sunt,
1385 2760 1419 2789 et
1437 2750 1585 2788 rationis
1602 2749 1751 2801 imperio
1764 2749 1982 2800 subigendae.
1998 2750 2046 2788 Et
2059 2765 2147 2801 quo-

1169 2815 1178 2821 ”
1191 2812 1297 2851 modo
1316 2812 1397 2863 quis
1419 2810 1668 2863 cogitationem
1700 2809 1906 2848 ferociorem
1925 2811 2146 2864 compescat?
2162 2804 2170 2809 ⁵

1193 2873 1292 2923 Quid
1305 2873 1407 2922 dicis,
1422 2871 1553 2910 homo?
1569 2873 1702 2909 Leones
1720 2885 1943 2923 superamus,
1959 2880 1992 2910 et
2009 2872 2147 2911 animos

1191 2950 1315 2975 eorum
1328 2943 1527 2972 mansuetos
1543 2932 1691 2970 facimus
1705 2947 1713 2968 :
1728 2941 1762 2970 et
1775 2931 2024 2982 dubitas,num
2036 2933 2146 2971 animi

1193 2996 1359 3036 ferociam
1372 2996 1406 3033 in
1420 2993 1728 3033 mansuetudinem
1739 3002 1876 3032 mutare
1885 2995 2022 3047 possis?
2038 2995 2147 3046 Atqui

98 3054 264 3109 πρόσεστι
286 3053 326 3093 τὸ
357 3054 491 3107 ἄγριον,
516 3055 612 3107 παρὰ
637 3055 736 3108 φύσιν
763 3057 799 3095 δὲ
826 3057 866 3095 τὸ
883 3057 1015 3110 ἥμερον
1032 3073 1040 3081 ·
1067 3058 1122 3097 σοὶ
1147 3068 1171 3098 Ε
1197 3067 1321 3096 natura
1348 3056 1467 3094 bestico
1495 3055 1626 3091 seroces
1656 3063 1752 3100 sunt,
1772 3063 1808 3092 ct
1829 3065 1956 3107 praeter
1987 3065 2148 3094 naturam

100 3117 136 3155 δὲ
160 3116 199 3155 τὸ
225 3115 378 3155 ἐναντίον
393 3146 403 3164 ,
422 3115 513 3154 κατὰ
534 3115 633 3169 φύσιν
654 3118 717 3167 μὲν
732 3119 772 3157 τὸ
789 3117 932 3170 ἥμερον,
948 3118 1044 3171 παρὰ
1062 3120 1122 3172 φύ-

91 3243 93 3246 ⁴
147 3250 161 3266 ¹¹
178 3239 240 3273 Alii
257 3245 400 3284 γίνεσθαι,
415 3239 470 3273 alii
489 3246 631 3283 γενέσθαι.

1197 3128 1389 3157 mansueta:
1406 3133 1412 3154 :
1431 3125 1550 3155 contra
1570 3124 1607 3153 tu
1622 3124 1747 3154 natura
1769 3116 1881 3166 mitis,
1902 3126 2030 3169 praetcr
2047 3127 2150 3155 natu-

1150 3249 1184 3278 τὸ
1201 3249 1313 3287 ἥμερον
1330 3246 1378 3275 καὶ
1392 3249 1498 3286 alcio-J.
1520 3245 1575 3274 σοι’.
1595 3237 1725 3272 Ibidem
1742 3251 1857 3273 omncs
1874 3247 1958 3286 rapi<
1975 3244 2054 3286 ἐὗσεν
2077 3245 2107 3275 δὲ
2125 3248 2158 3274 τὸ

151 3294 168 3318 b
186 3292 247 3325 Alii
263 3297 296 3326 ο)
312 3295 438 3338 Eume-5,
453 3291 503 3324 vel
515 3299 559 3335 μὴ
574 3295 679 3339 Con-2503,
690 3319 697 3333 ,
708 3292 766 3325 scd
781 3291 913 3338 negatio
931 3293 999 3328 lime
1016 3295 1118 3327 inuti-
1151 3300 1253 3339 ἄγριον
1269 3298 1318 3328 καὶ
1336 3296 1489 3339 θηριῶδες,
1505 3299 1623 3335 praetct·
1639 3291 1754 3324 Morel.
1771 3292 1828 3336 qui
1846 3291 1943 3324 habet
1964 3299 1995 3327 τὸ
2012 3299 2089 3335 &stip
2098 3309 2162 3339 3⁴53)

101 3345 146 3377 lis
157 3343 300 3377 videtur.
313 3342 414 3377 Paulo
426 3351 503 3386 post
515 3344 650 3377 Coislin.
661 3351 763 3391 ἄγριον
774 3352 822 3380 καὶ
838 3352 904 3392 θηρι
915 3350 978 3386 ῒιῦες
991 3353 1117 3393 παρά...
1155 3349 1202 3380 καὶ
1221 3349 1369 3392 Omnem—3.

327 3419 422 3443 Tou.
459 3420 513 3443 tv.

1963 3415 1980 3424 η

1962 3432 1973 3447 Ι

2205 1176 2262 1216 Obj
2269 1183 2308 1204 ec!
2316 1178 2342 1203 io

1182 1221 1308 1259 dicunt
1331 1237 1338 1258 :
1360 1222 1592 1273 Compertum
1617 1229 1669 1258 est
1693 1220 1761 1259 hoc
1786 1235 1856 1259 non
1882 1235 1958 1260 esse
1985 1236 2110 1261 verum
2131 1236 2139 1258 :
2157 1274 2167 1290 S
2188 1221 2343 1289 ξῆῐέὲὶέῑυω

2171 1275 2186 1291 0
2203 1275 2228 1290 &l
2287 1282 2292 1287 -
