2516 3791
297 137 390 182 568

296 235 357 273 ille
373 233 588 272 manifestior
616 233 797 283 videatur,
817 247 931 285 operae
961 232 1116 285 pretium
1143 231 1248 269 fuerit

297 295 496 333 meminisse
516 295 597 334 finis
612 295 687 332 heri
704 295 893 342 dictorum,
911 302 950 330 ut
963 293 1013 330 sic
1033 292 1192 329 ordinem
1210 303 1250 327 ac

297 356 423 394 seriem
457 356 634 407 assequuti
663 355 862 392 doctrinam
895 353 1123 403 attingamus.
1164 350 1250 388 Heri

300 427 513 469 praeceptum
522 413 1022 454 circumcisionisadduximus
1034 412 1068 450 in
1080 411 1249 461 medium,

299 477 479 516 etdictum
496 475 586 513 illud
600 475 665 513 Dei
689 473 734 511 ad
759 473 1024 526 patriarcham:
1045 473 1251 511 Circumci-

297 539 408 575 detnr
429 551 538 574 omne
561 535 816 572 masculinum
847 541 1033 580 vestrum,
1054 543 1090 572 et
1116 536 1186 572 erit
1209 536 1251 571 ἰη

297 600 448 648 signum
472 597 691 633 testamenti
711 596 814 631 inter
838 608 897 631 me
921 603 955 631 et
981 607 1066 632 vos.
1089 595 1143 631 Et
1158 607 1254 645 puer

298 666 380 695 octo
410 659 554 694 dierum
583 656 890 693 circumcidetur.
911 656 963 692 Et
989 658 1056 706 qni
1084 669 1160 692 non
1180 658 1252 693 cir-

299 717 629 771 cumcisussuerz't,
645 718 781 766 peribit
791 715 1023 762 animailla,
1040 719 1133 767 quia
1143 725 1253 754 testa-

300 786 469 815 mentum
495 791 618 816 meum
637 778 848 828 dissipavit.
871 777 926 814 Ibi
945 790 1141 814 sermonem
1167 777 1250 814 fini-

299 838 418 876 vimus
433 838 466 875 in
482 837 761 875 circumcisionis
773 846 980 888 argumento
988 853 998 885 3
1020 846 1054 874 et
1069 850 1110 874 ne
1132 837 1252 874 multi-

300 898 422 936 tudine
444 898 620 935 dictorum
644 906 796 936 vestram
822 897 1051 934 obrueremus
1077 906 1250 947 mentem,

300 959 479 997 noluimus
499 959 592 996 ultra
605 957 783 1010 progredi.
805 959 926 1008 Neque
939 957 1034 995 enim
1050 957 1119 995 hoc
1137 958 1253 995 solum

301 1034 478 1069 curamus,
499 1028 538 1057 ut
556 1019 669 1056 multa
687 1018 870 1067 dicamus,
888 1027 921 1055 et
948 1027 1068 1070 postea
1086 1017 1253 1056 absceda-

302 1096 392 1130 mus,
413 1080 473 1119 sed
493 1080 602 1118 nostri
625 1079 794 1118 sermonis
809 1078 1010 1117 doctrinam
1026 1078 1153 1117 vestris
1166 1079 1253 1117 viri-

301 1143 369 1180 bus
387 1142 551 1195 cupimus
565 1156 638 1180 esse
652 1141 884 1192 adaequatam,
896 1150 935 1177 ut
952 1141 1069 1177 fructu
1085 1140 1253 1192 quopiam

302 1217 346 1241 ex
370 1203 474 1241 dictis
502 1211 666 1255 percepto
684 1201 832 1239 domum
851 1201 1000 1239 redeatis
1020 1215 1151 1239 omnes.
1182 1203 1255 1252 Age

302 1264 413 1315 igitur
431 1263 476 1302 ad
492 1278 531 1302 ea
545 1278 622 1314 qua:
637 1262 732 1300 dicta
745 1271 838 1311 sunt,
855 1261 1092 1314 adjungamus
1122 1271 1155 1299 ct
1174 1262 1254 1300 reli-

301 1322 373 1376 qua
392 1341 399 1362 :
417 1334 454 1362 ut
488 1324 674 1363 videamus
706 1332 786 1375 post
818 1321 1097 1360 circumcisionis
1123 1336 1254 1374 praecc-

302 1400 420 1442 ptum,
439 1389 528 1440 quid
545 1389 720 1440 benignus
739 1389 836 1425 Deus
860 1387 1069 1439 patriarcha:
1090 1387 1255 1437 loquatur

301 1460 334 1488 et
347 1459 530 1502 proponat.
545 1450 605 1487 15.
623 1451 675 1486 Et
689 1449 801 1495 dixit,
811 1447 938 1498 inquit,
950 1449 1252 1486 DeusAbrahae:

301 1511 398 1549 Sara
412 1519 587 1548 uxortua
600 1523 676 1547 non
691 1509 795 1546 ultra
809 1509 1174 1545 vocabitur-nomine
1185 1522 1254 1546 suo

302 1571 414 1619 Sara,
435 1572 503 1609 secl
517 1571 635 1608 Sarra
653 1571 724 1606 erit
745 1582 883 1605 nonzen
900 1570 994 1619 ejus.
1011 1568 1253 1614 Quemadmo-

302 1631 404 1681 dum,
432 1631 558 1681 inquit,
578 1631 748 1668 elemento
768 1629 832 1666 tibi
847 1628 969 1666 addito
991 1629 1203 1679 significavi,
1220 1639 1253 1667 te

304 1703 438 1745 patrem
456 1693 618 1730 futurum
636 1691 828 1728 multarum
845 1689 1003 1741 gentium
1021 1705 1028 1725 :
1044 1689 1092 1726 ita
1110 1699 1143 1727 et
1155 1690 1250 1728 Sarae

301 1754 464 1791 similiter
481 1766 620 1805 appono
641 1752 791 1801 literam,
810 1760 851 1788 ut
870 1749 986 1788 discas
1004 1764 1097 1788 nunc
1112 1759 1252 1803 tempus

300 1814 434 1863 adesse,
454 1822 492 1851 ut
515 1813 602 1851 olim
620 1827 640 1850 a
656 1826 710 1850 me
731 1811 903 1864 promissa
918 1810 1146 1863 impleantur.
1166 1813 1252 1850 Eric

301 1878 418 1922 enim,
439 1874 570 1925 inquit,
589 1887 728 1912 nomen
744 1875 826 1926 ejus
842 1873 973 1912 Sarra.
996 1875 1060 1912 16.
1086 1875 1249 1911 Benedi-

300 1951 382 1974 cam
401 1945 530 1974 autem
546 1950 645 1982 eam,
667 1943 702 1972 et
719 1935 820 1972 dabo
841 1937 911 1973 tibi
929 1950 976 1973 ex
991 1935 1195 1986 eastham,
1214 1942 1251 1972 et

300 1999 522 2035 benedicam
541 1997 668 2044 illum,
694 2005 730 2034 et
749 1998 818 2033 erit
839 1998 878 2032 in
898 2004 1065 2047 gentem,
1092 2003 1128 2032 et
1144 2008 1250 2047 reges

298 2061 469 2109 gentium
489 2072 536 2095 er
566 2072 609 2095 eo
629 2058 800 2094 exibunt.
830 2055 967 2093 Idcirco
988 2055 1089 2107 prius
1109 2055 1250 2093 literam

297 2118 432 2170 adjeci,
456 2127 494 2155 ut
523 2118 613 2155 scias
643 2117 787 2154 omnino
805 2117 926 2154 futura
956 2130 1031 2154 esse
1056 2131 1134 2167 qua:
1153 2130 1172 2153 a
1194 2130 1250 2154 mc

296 2180 392 2217 dicta
406 2188 497 2217 sunt.
514 2180 567 2216 Ne
582 2178 692 2229 igitur
703 2177 749 2215 ad
764 2177 1008 2215 infirmitatem
1021 2186 1155 2214 naturae
1173 2190 1249 2228 spe-

299 2249 409 2288 ctans,
431 2239 591 2276 animum
613 2237 805 2290 desponde,
825 2237 885 2275 sed
904 2237 1026 2289 potius
1044 2235 1091 2274 ad
1109 2236 1249 2275 virtutis

299 2315 384 2338 meae
406 2298 687 2350 magnitudinem
714 2298 914 2350 respiciens,
945 2297 1054 2335 fidem
1083 2297 1174 2335 habe
1205 2297 1250 2334 iis

299 2376 375 2411 qum
394 2375 414 2398 a
434 2375 490 2398 me
503 2359 597 2397 dicta
617 2368 708 2397 sunt.
730 2359 963 2396 Benedicam
979 2358 1073 2395 enim
1092 2372 1190 2407 eam,
1212 2367 1249 2396 et

297 2423 398 2460 (labo
422 2423 490 2460 cibi
504 2436 551 2459 exc
565 2421 762 2473 eafilstcm,
778 2429 813 2457 et
832 2421 1053 2458 benedicam
1067 2421 1193 2468 illum,
1211 2429 1248 2459 et
1259 2459 1307 2485 405

297 2488 367 2522 erit
385 2487 425 2521 in
443 2492 588 2535 gentes,
615 2491 651 2520 et
679 2496 783 2534 reges
803 2484 963 2520 exibunt
989 2497 1037 2520 ex
1056 2496 1110 2519 eo.
1136 2482 1247 2520 Exce-
1272 2495 1297 2524 Α

296 2544 426 2581 (lebant
444 2544 639 2581 humanam
655 2552 817 2580 naturam
838 2542 1012 2594 promissa
1030 2558 1038 2578 τ
1055 2551 1087 2580 et
1101 2542 1248 2595 perinde

297 2605 376 2654 suit,
395 2619 436 2642 ac
456 2604 483 2642 si
506 2604 636 2655 aliquis
658 2603 887 2656 polliceretur
908 2617 953 2641 ex
975 2602 1156 2655 lapidibus
1182 2603 1246 2642 ho-

297 2666 407 2704 mines
428 2681 464 2704 se
481 2667 671 2704 facturum.
699 2665 800 2704 Nihil
822 2664 916 2702 enim
937 2678 956 2702 a
978 2663 1159 2717 lapidibus
1174 2664 1246 2702 dif-

297 2727 465 2775 ferebant,
481 2736 653 2778 quantum
681 2725 727 2764 ad
757 2725 1015 2777 generationem
1036 2725 1160 2764 attinet
1181 2742 1190 2763 :
1213 2735 1246 2764 et

297 2787 495 2838 patriarcha
511 2802 580 2839 prm
597 2796 773 2825 senectute
788 2800 897 2839 prope
913 2787 1089 2839 impotens
1108 2795 1195 2837 erat,
1212 2797 1247 2826 et

296 2847 341 2884 ad
365 2847 522 2885 filiorum
544 2847 821 2899 procreationem
848 2847 993 2884 omnino
1022 2846 1180 2897 inutilis,
1212 2855 1246 2886 et

296 2909 399 2946 Sarra
415 2907 460 2945 ad
480 2908 546 2945 hoc
562 2907 655 2958 quod
671 2917 793 2946 natura
813 2907 943 2946 sterilis
956 2916 1045 2957 erat,
1062 2907 1246 2946 laborabat

296 2978 328 3007 et
346 2969 457 3007 aetatis
475 2978 507 3007 et
526 2970 714 3007 senectutis
732 2969 831 3008 vitio.
846 2970 1022 3007 Caeterum
1033 2969 1152 3021 justus
1169 2969 1245 3008 haec

712 150 731 174 ς

713 172 749 181 ι..

787 151 965 182 JOANMS
1001 152 1081 181 CHR
1091 150 1238 181 Ysos‘r.

338 3077 350 3091 ³
378 3065 460 3102 AM&
476 3070 588 3111 Σάρῥα.
609 3067 647 3098 In
668 3065 806 3097 Hebraeo
823 3073 900 3097 ante
917 3066 1136 3098 mutationem
1158 3066 1303 3098 nominis

293 3123 381 3157 mm,
401 3116 513 3158 Sar-ai,
527 3115 726 3160 vocabatur,
743 3126 816 3159 post
833 3117 1053 3150 mutationem
1069 3125 1180 3150 mitem
1197 3123 1301 3160 ΠἾΨ,

295 3173 393 3207 Sara.
411 3173 628 3216 Septuaginta
652 3184 729 3205 vcro
748 3175 950 3216 Interpretes
966 3178 1068 3220 Σάῤῥα
1089 3174 1298 3216 exprimunt,

293 3232 324 3256 vt
343 3223 513 3266 duplicato
529 3240 547 3269 ρ
564 3226 781 3256 mutationem
797 3224 887 3257 illam
905 3224 1072 3259 indicant:
1093 3236 1159 3268 quo
1176 3224 1300 3257 sactum

293 3283 341 3307 est
364 3283 399 3306 ut
423 3274 680 3318 Chrysostomus
706 3277 869 3317 putaverit.
895 3275 1048 3308 additum
1070 3288 1088 3308 a
1110 3276 1179 3309 Deo
1204 3275 1300 3308 fuisse

294 3327 420 3359 nomini
438 3326 525 3359 Sara·
543 3325 750 3359 clvmmnum.
770 3329 808 3359 At
833 3339 898 3360 non
923 3326 1074 3360 additum
1100 3327 1298 3361 elementum

1279 149 1481 178 ARCHIEP.
1519 148 1600 179 CON
1608 148 1851 180 STANTINOP
1860 172 1868 180 .

1323 233 1439 268 νεσθαι
1457 232 1475 267 ὁ
1492 229 1611 280 λόγος,
1632 231 1817 282 ἀναγκαῖον
1841 235 1900 269 τοῦ
1920 232 2036 277 τέλους
2055 235 2121 271 τῶν
2139 235 2217 287 χθὲς
2244 238 2337 288 εἰρη-

1324 289 1434 339 μένων
1455 292 1742 340 ὑπομνησθῆναι,
1756 292 1799 330 ῗν’
1820 292 1911 331 οὕτω
1925 296 1988 339 τῆς
2007 295 2207 338 ἀκολουθίας
2221 297 2340 333 ἐπιλα·

1323 348 1488 400 δόμενοι,
1517 353 1580 397 τῆς
1605 352 1831 396 διδασκαλίας
1857 352 2038 405 ἁψώμεθα.
2063 355 2139 401 Τὴν
2172 356 2252 406 περὶ
2280 359 2342 401 τῆς

1323 412 1514 462 περιτομῆς
1541 412 1682 459 ἐντολὴν
1713 415 1762 456 εἷς
1783 413 1886 464 μέσον
1907 415 2184 466 παραγαγόντες,
2212 416 2269 453 καὶ
2290 415 2343 452 ὅτι

1324 465 1418 510 εἶπεν
1438 475 1455 510 ὃ
1479 472 1567 516 Θεὸς
1598 475 1649 525 τῷ
1675 474 1897 526 πατριάρχῃ,
1919 476 2227 526 Περιτμηθήσεται
2246 478 2343 526 ὑμῶν

1324 540 1392 571 πᾶν
1410 533 1601 584 ἀρσενικὸν,
1633 534 1692 571 καὶ
1720 533 1820 571 ἔσται
1851 537 1886 572 ἐν
1918 536 2055 587 σημείῳ
2083 536 2250 582 διαθήκης
2278 536 2343 574 ἀνὰ

1326 595 1430 645 μέσον
1451 596 1535 644 ἐμοῦ
1554 594 1612 631 καὶ
1637 596 1734 645 ὑμῶν
1749 611 1757 618 ·
1779 594 1838 633 καὶ
1856 596 1995 633 παιδίον
2012 595 2104 633 ὀκτὼ
2121 599 2262 647 ἡμερῶν
2278 611 2343 632 πε-

1327 656 1599 707 ριτμηθήσεται·
1616 656 1674 694 καὶ
1693 655 1728 699 ὃς
1747 658 1785 693 οὗ
1805 656 2104 708 περιτμηθήσεται
2119 686 2128 703 ,
2146 656 2343 708 ἐξολοθρευ-

1326 717 1468 763 θήσεται
1481 720 1503 762 ἡ
1522 716 1616 768 ψυχὴ
1633 716 1766 764 ἐκείνη,
1783 717 1835 755 ὅτι
1854 717 1918 764 τὴν
1939 718 2105 764 διαθήκην
2125 733 2190 769 μου
2211 717 2343 754 διεσκέ-

1327 777 1427 815 δασεν
1441 793 1447 800 ·
1464 778 1611 815 ἐνταῦθα
1626 780 1674 820 εἰς
1689 777 1746 815 τὸν
1766 780 1827 823 τῆς
1843 780 2033 830 περιτομῆς
2052 778 2152 829 λόγον
2168 777 2231 824 τὴν
2249 779 2346 816 διδα-

1326 838 1473 876 σκαλίαν
1501 838 1741 889 κατελύσαμεν
1755 855 1762 862 ·
1792 840 1850 877 καὶ
1882 840 1938 877 ἵνα
1967 840 2014 890 μὴ
2044 843 2094 892 τῷ
2119 839 2245 886 πλήθει
2277 843 2345 877 τῶν

1325 898 1520 949 λεγομένων
1539 899 1802 951 καταχώσωμεν
1830 903 1926 950 ὑμῶν
1955 901 2018 948 τὴν
2043 901 2206 947 διάνοιαν,
2227 917 2345 952 περαι-

1325 958 1416 1010 τέρω
1447 961 1624 1010 προελθεῖν
1659 961 1720 998 οὐκ
1755 961 1986 1012 ἠνεσχόμεθα.
2021 962 2113 1000 Οὐδὲ
2145 961 2211 1013 γὰρ
2245 966 2346 999 τοῦτο

1328 1018 1430 1069 μόνον
1448 1019 1542 1056 ἐστὶν
1571 1022 1656 1070 ἡμῖν
1677 1020 1716 1076 ‘to
1737 1021 2026 1071 σπουδαζόμενον,
2051 1022 2090 1059 τὸ
2108 1021 2222 1059 πολλὰ
2239 1024 2346 1059 εἰπεῖν

1326 1080 1384 1118 καὶ
1416 1081 1661 1131 ἀναχωρῆσαι,
1697 1080 1788 1118 ἀλλὰ
1829 1087 2038 1132 συμμετρεῖν
2079 1082 2271 1132 βουλόμεθα
2302 1084 2345 1133 τῇ

1327 1141 1470 1190 δυνάμει
1489 1144 1532 1193 τῇ
1553 1140 1704 1192 ὑμετέρᾳ
1731 1144 1789 1178 τοῦ
1809 1141 1911 1192 λόγου
1941 1142 2004 1189 τὴν
2023 1142 2263 1190 διδασκαλίαν,
2291 1144 2348 1180 ἵνα

1327 1201 1597 1252 καρπωσάμενοί
1624 1218 1657 1239 τι
1677 1203 1716 1239 ἐκ
1744 1205 1806 1249 τῆς
1834 1205 1902 1240 τῶν
1932 1202 2130 1253 λεγομένων
2159 1203 2348 1255 ὠφελείας,

1326 1263 1435 1306 ὀῧτως
1453 1263 1571 1301 οἴκαδε
1589 1263 1716 1306 πάντες
1734 1264 2001 1316 ἀναχοφήσητε.
2019 1265 2114 1316 Φέρε
2135 1259 2193 1302 οὖν
2213 1264 2256 1303 τὰ
2272 1267 2346 1303 λει-

1326 1323 1462 1375 πόμενα
1477 1327 1686 1376 προσθῶμεν
1711 1330 1782 1367 τοῖς
1802 1324 1996 1376 εἰρημένοις
2009 1354 2018 1371 ,
2039 1326 2098 1363 καὶ
2116 1326 2242 1376 ἴδωμεν
2259 1326 2348 1376 μετὰ

1326 1385 1389 1432 τὴν
1408 1388 1470 1432 τῆς
1491 1389 1683 1439 περιτομῆς
1702 1386 1860 1433 ἐντολὴν,
1878 1386 1911 1423 τί
1937 1387 2097 1438 προσθεὶς
2116 1391 2134 1426 ὁ
2152 1387 2347 1439 φιλάνθρω·

1326 1462 1389 1490 πος
1405 1447 1494 1490 Θεὸς
1509 1447 1704 1497 διαλέγεται
1722 1449 1771 1498 τῷ
1791 1448 2003 1499 πατριάρχῃ.
2022 1448 2090 1486 Καὶ
2117 1442 2211 1496 εἷπε,
2232 1448 2348 1500 φησὶν,

1327 1510 1344 1546 ὁ
1359 1508 1448 1552 Θεὸς
1465 1511 1515 1560 τῷ
1535 1508 1695 1560 Ἀὸραάμ
1710 1525 1717 1532 ·
1737 1509 1838 1560 Σάρα
1855 1512 1876 1555 ἡ
1897 1510 1982 1561 γυνή
2001 1526 2061 1548 σου
2078 1512 2116 1548 οὐ
2135 1510 2348 1557 κληθήσεται

1326 1569 1366 1607 τὸ
1384 1570 1494 1620 ὄνομα
1518 1571 1624 1615 αὖτ’ἧς
1645 1568 1744 1621 Σᾶρα
1757 1599 1766 1615 ,
1782 1575 1795 1590 ³
1809 1569 1900 1607 ἀλλὰ
1919 1571 2042 1622 Σοίῤῥα
2066 1570 2163 1609 ἔσται
2182 1570 2220 1608 τὸ
2239 1571 2348 1621 ὄνομα

1328 1631 1446 1676 αὐτῆς.
1466 1629 1604 1682 εΏσπερ
1619 1630 1693 1676 σοὶ,
1711 1630 1795 1682 φησὶ
1807 1661 1816 1677 ,
1831 1631 1870 1668 τὸ
1889 1637 2060 1682 στοιχεῖον
2074 1632 2235 1684 προσθεὶς
2255 1632 2347 1682 ἐμή-

1326 1706 1435 1737 νυσα,
1469 1690 1522 1728 ὅτι
1552 1690 1669 1742 πατὴρ
1695 1690 1757 1741 ἔσῃ
1793 1693 1930 1729 πολλῶν
1959 1694 2076 1738 ἐθνῶν,
2100 1693 2190 1730 οὕτω
2220 1692 2279 1730 καὶ
2304 1695 2346 1744 τῇ

1327 1751 1427 1803 Σάρᾳ
1443 1751 1569 1802 ὁμοίως
1594 1751 1807 1802 προστίθημι
1824 1753 1864 1790 τὸ
1883 1758 2068 1804 στοιχεῖον,
2093 1753 2148 1791 ἵνα
2165 1754 2278 1806 μάθῃς
2296 1754 2348 1792 ὅτι

1325 1816 1384 1850 νῦν
1399 1815 1416 1850 ὃ
1435 1813 1552 1864 καιρὸς
1572 1812 1650 1858 ἥκει
1669 1817 1728 1851 τοῦ
1749 1814 1794 1856 εἷς
1823 1812 1920 1864 ἔργον
1938 1815 2048 1851 ἐλθεῖν
2067 1813 2110 1851 τὰ
2134 1815 2245 1852 πάλαι
2263 1817 2347 1866 παρ’

1326 1874 1410 1923 ἐμοῦ
1444 1872 1711 1924 ἐπαγγελθέντα.
1742 1872 1871 1911 Ἔσται
1902 1874 1989 1926 γὰρ,
2024 1875 2130 1927 φησὶ,
2165 1876 2204 1914 τὸ
2239 1876 2348 1926 ὄνομα

1325 1935 1433 1980 αὐτῆς
1452 1933 1585 1986 Σάῤῥα.
1606 1933 1800 1985 Εὗλογήσω
1826 1934 1861 1972 δὲ
1885 1934 2004 1983 αὐτὴν,
2025 1936 2083 1973 καὶ
2113 1935 2214 1974 δώσω
2239 1953 2292 1975 σοι
2312 1937 2348 1981 ἐξ

1326 1996 1432 2040 αὐτῆς
1464 1994 1596 2040 τέκνον,
1627 1994 1686 2032 καὶ
1719 1995 1899 2046 εὐλογήσω
1933 1996 2050 2043 αὐτὸν,
2080 1996 2139 2034 καὶ
2169 1996 2267 2035 ἔσται
2299 1999 2348 2040 εἷς

1325 2055 1436 2103 ἔθνος,
1456 2055 1515 2093 καὶ
1534 2057 1688 2106 βασιλεῖς
1705 2057 1809 2094 ἐθνῶν
1834 2055 1868 2100 ἐξ
1887 2058 1989 2094 αὐτοῦ
2007 2056 2257 2100 ἐξελεύσονται.
2279 2056 2346 2095 Διὰ

1324 2120 1425 2154 τοῦτο
1435 2115 1622 2168 προλαὲὼν
1631 2119 1691 2153 τοῦ
1706 2117 1878 2169 στοιχείου
1894 2117 1956 2164 τὴν
1967 2118 2167 2169 προσθήκην
2181 2119 2346 2166 ἐποιησά-

1325 2193 1406 2228 μην,
1423 2176 1479 2214 ῗνα
1507 2177 1619 2227 μάθῃς
1645 2176 1697 2214 ὅτι
1713 2177 1850 2220 πάντως
1873 2178 1969 2216 ἔσται
1985 2178 2027 2216 τὰ
2043 2181 2125 2230 παρ’
2141 2181 2224 2229 ἐμοῦ
2246 2180 2346 2230 λεγό-

1324 2254 1425 2289 μενα.
1447 2237 1547 2284 Μηδὲ
1575 2238 1658 2289 πρὸς
1685 2237 1747 2284 τὴν
1769 2238 1947 2276 ἀσθένειαν
1967 2242 2028 2286 τῆς
2047 2239 2180 2291 φύσεως
2208 2241 2344 2292 ἀφορῶν

1322 2299 1543 2350 καταπέσῃς·
1570 2298 1659 2336 ἀλλὰ
1683 2299 1767 2351 πρὸς
1787 2299 1826 2337 τὸ
1851 2299 1993 2350 μέγεθος
2009 2302 2071 2346 τῆς
2091 2301 2268 2351 δυνάμεως
2283 2303 2344 2347 τῆς

1322 2362 1408 2411 ἐμῆς
1423 2360 1643 2409 ἀποὸλέπων,
1660 2360 1832 2413 θάρσησον
1850 2366 1919 2404 τοῖς
1934 2364 2017 2413 παρ’
2036 2363 2120 2412 ἐμοῦ
2134 2363 2342 2413 λεγομένοις.

1322 2422 1515 2474 Εὐλογήσω
1534 2421 1599 2474 γὰρ
1625 2422 1745 2471 αὐτὴν,
1762 2422 1821 2459 καὶ
1838 2422 1938 2460 δώσω
1961 2438 2015 2461 σοι
2035 2422 2069 2466 ἐξ
2087 2425 2194 2469 αὐτῆς
2212 2424 2342 2471 τέκνον,

1321 2484 1379 2521 καὶ
1395 2483 1574 2535 εὐλογήσω
1591 2483 1705 2531 αὐτὸν,
1722 2483 1781 2521 καὶ
1804 2484 1902 2522 ἔσται
1927 2487 1975 2526 εἷς
1997 2484 2077 2530 ἔθνη
2089 2514 2099 2531 ,
2114 2485 2173 2522 καὶ
2190 2487 2343 2536 βασιλεῖς

1320 2547 1424 2583 ἐθνῶν
1444 2544 1478 2588 ἐξ
1490 2546 1594 2581 αὐτοῦ
1611 2543 1859 2588 ἐξελεύσονται.
1876 2544 1986 2597 <Υπὲρ
2003 2545 2104 2596 φύσιν
2125 2546 2342 2597 ἀνθρωπίνην

1319 2604 1363 2641 τὰ
1382 2604 1658 2656 ἐπαγγελθέντα,
1677 2605 1736 2643 καὶ
1764 2605 1881 2656 ὅμοιον
1905 2599 1945 2651 ἦν
1971 2608 2018 2648 ὡς
2045 2605 2084 2642 ἂν
2112 2607 2140 2642 εἷ
2171 2606 2344 2658 ὑπέσιετο

1321 2666 1390 2704 ἀπὸ
1420 2665 1525 2703 λίθων
1555 2665 1756 2717 ἀνθρώπους
1788 2668 1947 2712 ποιῆσαι.
1976 2671 1990 2686 ·’“
2006 2665 2117 2703 Οὐδὲν
2149 2665 2215 2717 γὰρ
2239 2666 2343 2704 λίθων

1319 2721 1408 2774 ἦσαν
1432 2725 1687 2778 διενηνοχότες,
1703 2726 1782 2764 ὅσον
1797 2726 1881 2777 πρὸς
1905 2726 1945 2765 τὸ
1966 2732 2090 2772 τεκεῖν,
2107 2726 2166 2764 καὶ
2178 2729 2196 2764 ὃ
2214 2742 2343 2779 πατρι-

1320 2788 1430 2840 άρχης
1457 2787 1524 2824 ὑπὸ
1556 2791 1615 2826 τοῦ
1644 2787 1760 2839 γήρως
1788 2786 1908 2825 λοιπὸν
1941 2787 2166 2839 ἀνενέργητος
2197 2787 2257 2834 ὢν,
2285 2788 2343 2826 καὶ

1319 2849 1402 2901 πρὸς
1421 2848 1641 2886 παιδοποιίαν
1672 2849 1867 2899 ἄχρηστος,
1890 2848 1949 2886 καὶ
1978 2851 1999 2894 ἡ
2028 2848 2149 2900 Σάῤῥα
2170 2848 2259 2898 μετὰ
2283 2851 2345 2895 τῆς

1319 2909 1532 2961 στειριῖωεως
1561 2909 1689 2960 ἔχουσα
1715 2909 1774 2946 καὶ
1798 2908 1860 2955 τὴν
1881 2909 1950 2947 ἀπὸ
1968 2910 2030 2954 τῆς
2051 2908 2188 2955 ἡλικίας
2207 2909 2264 2946 καὶ
2284 2913 2342 2947 τοῦ

1318 2970 1432 3022 γήρως
1460 2969 1675 3021 προσθήκην.
1694 2969 1785 3007 Ἀλλ’
1808 2973 1825 3007 δ
1849 2969 1979 3012 δίκαιος
1999 2974 2110 3007 ταῦτα
2134 2969 2267 3007 ἀκούων
2285 2970 2342 3008 καὶ

1336 3065 1417 3107 fuit,
1433 3064 1489 3097 sed
1509 3073 1675 3097 mutatum
1694 3071 1704 3094 t
1723 3072 1754 3104 in
1773 3070 1815 3105 Π.

1379 3131 1391 3145 0
1416 3121 1572 3154 Oratorio
1597 3132 1689 3154 more
1713 3120 1796 3154 dicit
1823 3121 2082 3165 Chrysostomus
2114 3118 2282 3152 Abraham
2310 3128 2344 3153 ct

1334 3173 1451 3205 Sarum
1479 3186 1545 3207 uon
1574 3175 1677 3215 magis
1714 3173 1851 3206 idoneos
1875 3173 1918 3206 ad
1947 3172 2073 3216 prolem
2100 3172 2341 3215 suscipiendam

1336 3231 1415 3257 tunc
1441 3224 1555 3267 fuisse,
1583 3237 1681 3267 quam
1709 3224 1852 3267 lapides,
1877 3223 1911 3257 id
1935 3223 2069 3268 quidem
2096 3223 2137 3256 dc
2162 3224 2244 3257 Sara
2275 3223 2341 3256 dici

1334 3276 1459 3319 potuit3
1478 3288 1569 3308 secus
1585 3275 1626 3309 dc
1651 3276 1858 3312 abrahamo,
1877 3278 1933 3321 qui
1950 3275 2061 3308 multis
2077 3284 2152 3318 post
2174 3277 2268 3309 annis
2286 3286 2340 3308 sex

1334 3326 1417 3360 lilios
1435 3329 1577 3371 suscepit
1593 3340 1631 3360 cx
1649 3329 1780 3361 Cetura.
