2516 3791
695 281 736 311 ΙΝ
775 282 798 308 (ἶ
812 281 877 310 ΚΡ.
917 281 996 310 ΧΗ.

107 365 308 405 τοπέδευσεν
333 366 367 402 ἐν
389 366 430 415 τῇ
451 363 584 416 ἐρήμῳ.
606 363 699 414 Ξένῃ
720 362 809 406 λέξει
827 362 1035 414 ἐχρήσατοὴ
1052 360 1126 399 θεία

109 425 228 478 Γραφή
243 441 250 447 ·
278 424 436 476 καθάπερ
463 423 531 475 γὰρ
551 424 630 461 *ἐπὶ
656 425 725 460 τῶν
759 423 922 473 πολέμων
952 424 1025 467 ἔθος
1053 422 1126 461 ἐστὶ

106 486 230 537 λέγειν,
247 485 335 523 οὕτω
352 484 411 523 καὶ
429 489 488 522 νῦν
508 478 602 522 εἶπεν
618 484 675 521 ἐπὶ
690 489 750 521 τοῦ
767 484 914 528 δικαίου,
931 484 985 522 ὅτι
1001 485 1126 534 ἐστρα-

1034 279 1193 308 umus,

1234 277 1388 308 nomi„
1428 277 1569 308 xxxii.
2061 263 2149 323 373

1197 360 1293 412 quod
1316 369 1582 399 castrametatus
1609 359 1667 409 sit,
1689 368 1727 397 ut
1756 357 1917 397 ostendat
1945 359 2152 410 expeditum

1198 422 1305 460 [uisse
1324 421 1578 474 patriarcham,
1592 421 1684 459 sicut
1704 420 1834 458 milites
1858 420 1921 470 qui
1940 419 2045 457 facile
2059 433 2153 458 nunc

1199 482 1283 531 buc,
1299 496 1393 520 nunc.
1412 482 1498 520 illuc
1511 490 1625 520 castra
1639 490 1782 519 movent
1801 497 1808 517 :
1826 481 1874 518 ita
1895 480 2060 532 etjustus
2080 480 2153 524 ille,

104 546 300 593 τοπέδευσε,
316 545 372 583 ἵνα
392 545 485 597 δείξῃ
506 545 544 583 τὸ
562 545 706 589 εὔζωνον
724 548 784 581 τοῦ
803 545 1024 597 πατριάρχου
1039 574 1049 590 ,
1073 543 1125 582 ὅτι
1140 573 1185 596 m
1199 544 1362 593 qu-wmvis
1375 542 1648 581 secumduceret
1663 556 1826 589 uxorem,
1842 550 1874 580 et
1888 541 2008 579 fratris
2024 540 2154 589 filiuni,

105 605 262 656 καθάπερ
296 606 328 642 οἱ
361 607 575 656 στρατιῶται
604 603 680 654 μετ’
711 603 870 646 εὐκολίας
900 608 957 641 νῦν
988 602 1051 652 μὲν
1076 605 1126 640 ἐν-

104 669 214 704 ταῦθα
228 695 237 712 ,
276 670 332 703 νῦν
371 665 406 702 δὲ
436 666 547 703 ἐκεῖσε
580 664 928 716 στρατοπεδεύονται·
963 662 1053 700 οὕτω
1082 662 1124 708 δὴ

105 726 162 763 καὶ
188 729 205 764 6
237 725 367 767 δίκαιος
398 718 521 771 οὗτος,
550 723 663 761 καίτοι
692 728 839 773 γυναῖκα
869 721 1126 774 ἐπιφερόμενος,

105 787 242 824 καὶτὸν
267 786 493 836 ἀδελφιδοῦν,
523 784 581 821 καὶ
610 782 780 821 τοσούτων
809 785 951 820 οἰκετῶν
981 782 1125 828 πλῆθος,

105 847 193 896 μετὰ
215 846 370 888 πλείονος
396 848 459 890 τῆς
478 844 636 886 εὐκολίας
663 843 723 886 τὰς
740 842 1014 894 μεταναστάσεις
1030 843 1125 880 ἐποι-

105 915 185 946 εῖτο.
227 901 327 948 Εἶδες
347 905 421 956 βίον
441 907 476 942 ἐν
495 905 587 956 γήρᾳ
610 904 700 954 μετὰ
718 903 882 954 γυναικὸς
901 903 961 940 καὶ
981 905 1125 942 οἰκετῶν

103 968 276 1008 τοσούτων
296 966 468 1013 εὔζωνον;
492 965 597 1016 Ἰίμοὶ
616 964 651 1002 δὲ
677 963 856 1015 θαυμάσαι
879 964 992 1003 ἔπεισι
1014 965 1125 1015 μάλι-

104 1045 168 1068 στα
192 1033 253 1075 τῆς
280 1028 442 1080 γυναικὸς
460 1026 522 1074 τὴν
547 1026 720 1078 ἀνδρείαν.
749 1025 865 1064 ὃὈἳ-αν
886 1026 953 1078 γὰρ
974 1027 1127 1073 ἐννοήσω

103 1094 164 1137 τῆς
182 1089 316 1142 φύσεως
341 1091 402 1135 τ’ἧς
429 1087 627 1139 γυναικείας
642 1087 705 1134 τὴν
730 1088 927 1134 ἀσθένειαν,
953 1088 1013 1126 καὶ
1027 1089 1127 1139 λογί-

60 1190 66 1195 ,
105 1168 221 1202 σωμαι
240 1150 333 1193 ὅπως
349 1149 425 1200 μετ’
442 1149 602 1192 εὐκολίας
622 1148 695 1199 ἅμα
712 1151 762 1201 τῷ
783 1148 906 1201 δικαίῳ
928 1148 990 1193 τὰς
1013 1165 1124 1200 μετα-

103 1212 284 1254 ναστάσεις
312 1210 420 1250 ἐποίει
436 1241 444 1257 ,
465 1209 542 1248 οὔτε
559 1209 647 1256 αὐτὴ
665 1209 953 1262 δυσχεραίνουσα,
978 1209 1059 1249 οὔτε
1076 1213 1126 1262 τῷ

104 1273 228 1325 δικαίῳ
248 1272 392 1322 κώλυμα
414 1270 600 1322 γινομένη,
628 1271 888 1322 ἐκπλήττομαι,
918 1271 978 1308 καὶ
993 1271 1125 1323 λογίζο-

105 1350 169 1383 μαι
199 1336 251 1372 ὅτι
281 1335 343 1371 οὐκ
362 1332 507 1370 ἔλαττον
531 1334 591 1370 τοῦ
611 1331 745 1370 δικαίου
769 1331 830 1369 καὶ
850 1331 938 1378 αὐτὴ
964 1332 1126 1384 φρόνημα

104 1395 234 1447 ὑψηλὸν
255 1395 314 1433 καὶ
334 1395 487 1446 ἀνδρεῖον
501 1392 679 1439 ἐκέκτητο.
699 1393 769 1431 Καὶ
786 1396 886 1431 τοῦτο
904 1392 1060 1443 μάλιστα
1079 1396 1126 1431 εἶ-

105 1456 257 1506 σόμεθα,
277 1455 429 1497 ἐπιόντες
456 1454 501 1492 τὰ
526 1452 604 1500 ἑξῆς
619 1455 688 1491 τῶν
709 1453 994 1504 ἀνεγνωσμένων.
1025 1447 1126 1497 Εἶδες

104 1516 156 1554 ὅτι
180 1515 269 1566 μετὰ
294 1515 333 1553 τὸ
355 1518 502 1554 ἀκοῦσαι
519 1543 528 1561 ,
558 1513 611 1552 ὅτι
640 1515 703 1566 Τῷ
731 1513 909 1567 σπέρματί
938 1530 998 1553 σου
1025 1514 1126 1554 δώσω

104 1578 166 1623 τὴν
190 1581 254 1629 γῆν
285 1576 414 1621 ταύτην
427 1606 437 1624 ,
464 1578 540 1619 πῶς
559 1577 624 1627 οὐχ
640 1575 818 1628 ἡσύχασεν
837 1578 855 1613 6
876 1576 1027 1624 δίκαιος,
1047 1578 1124 1615 ἀλλ’

102 1640 256 1676 ἐντεῦθεν
277 1639 294 1656 *
307 1639 379 1675 ἐκεῖ
399 1636 594 1687 μετέὸαινε,
621 1635 680 1674 καὶ
698 1635 805 1674 πάλιν
821 1639 948 1674 ἐκεῖθεν
963 1636 1126 1690 ἑτέρωθι;

102 1698 195 1737 Ἀλλ’
216 1698 279 1750 ὅρα
306 1697 365 1735 καὶ
386 1696 456 1734 ἀπὸ
484 1699 548 1743 ’.ἧς
568 1696 716 1749 ἐρημίας
739 1696 839 1734 αὐτὸν
862 1697 968 1735 πάλιν
987 1698 1128 1736 ἐλαυνό-

104 1776 205 1810 μενον
220 1791 230 1807 ,
252 1763 317 1811 οὐχ
335 1759 402 1798 ὑπὸ
420 1757 626 1811 ἀνθρώπων,
642 1757 720 1796 ἀλλ’
738 1757 806 1796 ὑπὸ
821 1760 883 1804 τ’ἧς
898 1758 1053 1808 ἀνάγκης
1067 1763 1128 1797 τοῦ

103 1823 218 1870 λιμοῦ.
254 1820 323 1858 Καὶ
341 1818 493 1870 ἐγένετο,
512 1818 618 1869 φησὶ,
638 1817 739 1868 λιμὸς
759 1818 817 1856 ἐπὶ
833 1820 896 1864 τῆς
910 1821 985 1868 γῆς.
1004 1819 1125 1856 Ἀκου-

104 1881 239 1919 έτωσαν
261 1883 293 1918 οἱ
322 1880 442 1922 ἁπλῶς
467 1879 526 1917 καὶ
551 1878 857 1930 ἀπαραφυλάκτως
887 1877 1127 1929 φθεγγόμενοι,

105 1942 164 1979 καὶ
189 1940 447 1990 οἰωνιζόμενοι,
481 1939 540 1977 καὶ
564 1939 746 1991 λέγοντες,
774 1939 827 1976 ὅτι
857 1938 976 1985 ἐπειδὴ
995 1942 1012 1977 6
1034 1941 1128 1977 δεῖνα

106 2002 335 2055 παρεγένετο,
365 2000 466 2051 λιμὸς
484 2001 602 2052 γέγονε
616 2031 626 2048 ,
658 2000 717 2038 καὶ
741 1998 860 2046 ἐπειδὴ
881 2002 899 2037 6
915 2000 1010 2036 δεῖνα
1028 1993 1128 2046 ἦλθε,

105 2063 182 2101 τόδε
202 2063 342 2109 συνέὸη.
366 2061 455 2100 Ἰδοὺ
471 2061 531 2099 καὶ
553 2062 609 2100 ἐπὶ
628 2063 690 2106 τῆς
708 2065 768 2099 τοῦ
787 2059 922 2098 δικαίου
937 2060 1128 2113 παρουσίας

105 2123 223 2174 λιμὸς,
250 2123 309 2161 καὶ
324 2123 425 2174 λιμὸς
444 2121 551 2176 βαρὺς
565 2153 575 2171 ‚
595 2122 654 2159 καὶ
675 2124 713 2161 οὗ
737 2121 937 2174 θορυὸεῑται
953 2124 971 2159 6
985 2120 1129 2170 δίκαιος,

105 2185 182 2224 οὐδὲ
201 2185 330 2237 πάσχει
356 2201 390 2222 τι
410 2184 623 2237 ἀνθρώπινον
638 2215 648 2232 ,
668 2184 728 2222 καὶ
749 2187 791 2235 τῇ
809 2186 934 2221 ἑαυτοῦ
954 2183 1130 2236 παρουσίᾳ

105 2246 279 2298 λογίζεται
309 2249 368 2282 τοῦ
400 2247 503 2295 λιμοῦ
539 2245 602 2292 τὴν
628 2243 755 2282 αἰτίαν.
796 2243 888 2282 Ἀλλ’
915 2242 1035 2289 ἐπειδὴ
1061 2237 1129 2281 εἶδε

104 2306 183 2352 ‘'t->lv
197 2305 298 2357 φύσιν
312 2305 558 2358 ἐλεγχομένην,
574 2305 635 2344 καὶ
645 2304 882 2357 ἐπεκράτησεν
897 2307 915 2342 6
927 2304 1044 2353 λιμὸς,
1060 2306 1129 2342 Κα-

106 2366 190 2413 τὲὃη
205 2397 215 2414 ,
245 2366 354 2419 φησὶ,
384 2368 432 2410 εἷς
451 2368 628 2418 Αἴγυπτον
647 2365 788 2419 Ἄδραμ
807 2367 1024 2418 παροικῆσαι
1043 2366 1128 2414 ἐκεῖ,

106 2428 159 2465 ὅτι
178 2427 355 2479 ἐνίσχυσεν
376 2431 394 2466 6
407 2427 509 2478 λιμὸς
530 2428 590 2466 ἐπὶ
609 2430 672 2474 τῆς
691 2431 766 2479 γῆς.

161 2487 294 2527 Σκόπει
315 2492 388 2531 πῶς
416 2488 616 2542 μακρότερα
643 2489 688 2528 τὰ
714 2489 910 2540 σκάμματα
931 2491 981 2542 τῷ
1002 2491 1130 2543 ’δικαίῳ

107 2550 250 2600 ἐγίνετο.
269 2549 456 2604 ’ῼκονόμει
473 2550 540 2602 γὰρ
556 2553 574 2588 6
590 2550 770 2597 Δεσπότης
789 2550 837 2602 μὴ
854 2550 956 2602 μόνον
976 2558 1048 2596 τοῖς
1063 2554 1127 2600 τὴν

107 2611 346 2658 Παλαιστίνην
366 2613 530 2659 οἰκοῦσιν,
556 2612 647 2649 ἀλλὰ
665 2611 725 2650 καὶ
740 2617 811 2655 τοῖς
826 2612 917 2650 κατὰ
935 2612 999 2660 τὴν
1016 2613 1127 2664 Αἴγυ-

108 2687 191 2710 πτον
221 2672 428 2710 διδάσκαλον
459 2673 562 2711 αὐτὸν
595 2673 775 2724 γενέσθαι,
806 2673 867 2711 καὶ
899 2674 939 2712 τὸ
967 2678 1040 2726 φῶς
1065 2677 1128 2721 τῆς

108 2733 235 2775 οἰκείας
270 2735 394 2784 ἀρετῆς
425 2739 512 2770 πᾶσι
541 2733 740 2779 κατάδηλον
766 2736 924 2780 ποιῆσαι.
958 2735 1128 2788 Καθάπερ

109 2793 176 2844 γὰρ
207 2793 374 2845 φωστῆρά
405 2810 484 2832 τινα
503 2795 718 2834 λανθάνοντα
735 2796 795 2834 καὶ
821 2796 1060 2847 κεκρυμμένον
1080 2800 1127 2841 εἷς

110 2853 171 2899 τὴν
190 2853 386 2901 Χαλδαίων,
405 2855 533 2893 ἐκεῖθεν
553 2855 753 2904 ἀνέστησεν,
767 2855 824 2894 ἵνα
838 2856 916 2900 τοὺς
934 2858 969 2895 ἐν
983 2860 1034 2910 ’τῷ
1048 2858 1130 2896 σκό-

110 2930 161 2951 τει
173 2916 234 2959 τῆς
251 2913 384 2961 πλάνης
397 2915 609 2965 καθημένους
624 2917 873 2969 χειραγωγήσῃ
888 2916 973 2969 πρὸς
987 2919 1050 2964 τὴν
1066 2921 1128 2965 τῆς

111 2974 274 3021 ἀληθείας
291 2975 382 3013 ὁδόν.
407 2977 495 3014 Ἀλλ’
516 2975 598 3020 ἴσως
616 2977 708 3015 εἴποι
724 2993 776 3020 τις
791 2977 831 3016 ἄν
848 2994 855 3001 ·
873 2978 932 3016 καὶ
951 2978 1042 3022 τίνος
1057 2978 1129 3018 ἕνε-

111 3051 168 3073 κεν
193 3036 231 3072 οὗ
261 3035 338 3078 τοὺς
361 3038 394 3074 ἐν
421 3039 466 3087 τῇ
496 3037 680 3075 Χαλδαίων
706 3037 808 3091 χώρᾳ
827 3038 1069 3090 παρεσκεύασε
1085 3041 1128 3078 δι’

112 3098 213 3134 αὐτοῦ
230 3096 314 3147 πρὸς
332 3095 395 3142 τὴν
415 3096 592 3135 εὗσέὸειαν
614 3099 825 3150 ἀναχθῆναι,
847 3099 952 3142 Εἰκὸς
973 3099 1035 3150 μέν
1055 3103 1130 3140 ἐστι

112 3157 171 3194 καὶ
195 3159 256 3202 τῆς
282 3156 421 3195 ἐκείνων
450 3158 626 3210 σωτηρίας
655 3159 700 3196 δι’
727 3159 855 3212 ἑτέρων
879 3160 1039 3212 γενέσθαι
1065 3162 1129 3209 τὴν

111 3215 296 3268 πρόνοιαν·
329 3217 426 3267 ὅμως
456 3218 491 3256 δὲ
518 3218 665 3258 ἄκουσον
691 3223 751 3258 τοῦ
774 3221 927 3272 Χριστοῦ
957 3220 1129 3272 λέγοντος,

155 3351 168 3365 ι
185 3339 244 3372 Alii
269 3345 315 3375 ἐπὶ
337 3351 395 3375 τῶν
420 3346 588 3385 mimium:
607 3350 641 3375 et.
663 3344 709 3375 sic
731 3342 846 3386 legisse
869 3342 999 3377 videtur
1022 3351 1115 3379 vetus

113 3395 287 3433 lutei-pres.
310 3391 400 3424 Infra
419 3405 500 3427 tinus
516 3398 592 3439 δείξῃ
611 3401 644 3430 τὸ
667 3400 789 3437 εὔζωνον
805 3395 892 3438 [sic].

156 3449 165 3459 ⁸
183 3446 273 3477 fort..
293 3449 393 3478 ἐκεῖσε.

1150 609 1174 637 Λ
1197 612 1229 640 ct
1256 612 1393 641 mutum
1421 604 1698 641 domesticorum
1727 616 1932 651 numerum;
1953 602 2078 654 majori
2102 611 2153 639 ta-

1197 677 1276 701 mcn
1298 664 1470 700 facilitate
1488 663 1642 713 migrare
1657 664 1806 701 solebat.
1825 662 1960 701 Vidisti
1978 663 2152 713 frugalem

1196 732 1229 760 et
1244 723 1450 775 expeditam
1459 723 1550 760 senis
1564 738 1646 761 cum
1661 737 1772 761 uxore
1781 733 1814 761 et
1829 733 1876 761 tot
1891 723 2003 761 servis
2019 723 2154 761 vitam?

1197 784 1290 821 Mihi
1305 797 1389 823 vero
1406 783 1606 821 mirabilior
1625 783 1770 821 videtur
1792 784 1952 821 mulieris
1969 784 2153 822 fortitudo.

1198 846 1289 882 Cum
1299 844 1393 882 enim
1404 843 1520 894 cogito
1535 843 1720 881 muliebris
1735 858 1842 881 sexus
1857 844 2153 890 infirmitatem,et

1197 905 1444 944 animadverto
1464 905 1643 956 quomodo
1662 913 1733 943 tam
1747 904 1849 942 facile
1869 913 1901 942 ct
1916 913 2011 942 tanta
2031 905 2155 942 alacri-

1199 975 1268 1004 tate
1287 981 1368 1004 cum
1383 967 1481 1019 justo
1500 979 1645 1018 peregre
1660 965 1772 1012 vadit,
1790 974 1823 1003 et
1840 964 1992 1002 subinde
2011 965 2154 1015 migrat,

1197 1043 1311 1079 neque
1327 1028 1402 1080 ipsa
1423 1027 1568 1065 moleste
1583 1027 1662 1074 sert,
1683 1040 1794 1077 neque
1808 1027 1903 1078 justo
1924 1025 2156 1077 impedimen-

1199 1098 1275 1127 tum
1301 1090 1426 1137 affert,
1454 1088 1686 1140 obstupesco,
1706 1096 1739 1125 et
1766 1101 1889 1125 censeo
1925 1101 1992 1124 non
2030 1087 2156 1124 minori

1198 1165 1306 1202 quam
1329 1151 1463 1189 Abram
1488 1149 1607 1187 animo
1629 1158 1664 1187 et
1686 1148 1898 1188 fortitudine
1925 1149 2039 1200 ipsam
2070 1162 2156 1198 quo-

1199 1226 1268 1262 que
1285 1211 1473 1264 praeditam
1504 1210 1624 1248 fuisse.
1642 1209 1690 1248 Et
1710 1210 1778 1248 boc
1806 1209 1964 1248 maxime
1989 1209 2155 1255 sciemus,

1199 1287 1278 1311 cum
1296 1287 1335 1310 ea
1349 1286 1429 1323 quae
1445 1280 1698 1322 consequenter
1713 1271 1800 1309 lecta
1821 1279 1903 1308 sunt
1923 1278 2159 1322 pertractave-

1198 1333 1322 1371 rimus.
1342 1331 1479 1372 Vidisti
1508 1341 1699 1384 postquam
1728 1330 1892 1379 audivit,
1918 1331 2066 1369 Semini
2096 1338 2161 1367 tuo

1198 1395 1299 1431 daho
1320 1402 1464 1431 terram
1486 1394 1604 1440 hanc,
1622 1391 1804 1443 quomodo
1823 1405 1891 1429 non
1912 1391 2160 1442 quieveritju-

1197 1463 1271 1491 stus
1291 1453 1368 1503 ille,
1387 1462 1421 1491 et
1437 1467 1531 1491 nunc
1545 1452 1630 1502 huc,
1647 1466 1742 1490 nunc
1763 1452 1850 1490 illuc.
1867 1451 2074 1490 transierit?
2089 1452 2159 1490 Sed

1196 1514 1281 1553 vide
1298 1513 1478 1566 quomodo
1497 1514 1627 1552 iterum
1645 1528 1665 1551 a
1687 1512 1880 1552 solitudine
1898 1513 2071 1564 exigitur,
2092 1527 2160 1550 non

1196 1575 1243 1613 ab
1259 1575 1478 1624 bominibus,
1494 1573 1557 1613 sed
1570 1574 1778 1612 necessitate
1792 1574 1897 1611 famis
1914 1591 1920 1609 :
1940 1574 2002 1611 10.
2021 1575 2074 1611 Et
2090 1575 2158 1625 sa-

1197 1646 1262 1675 cta
1291 1646 1361 1683 est,
1385 1636 1668 1688 inquit‚fames
1690 1649 1804 1687 super·
1824 1644 1981 1673 terram.
2003 1634 2161 1672 Audiam

1195 1698 1256 1748 qui
1271 1705 1401 1735 temere
1419 1706 1452 1734 et
1474 1697 1615 1733 incaute
1628 1696 1838 1746 loquuntur,
1858 1704 1892 1733 et
1905 1695 2083 1742 divinant,
2105 1695 2162 1733 di-

1197 1768 1312 1795 centes
1328 1773 1336 1793 :
1353 1757 1532 1803 Quoniam
1559 1756 1621 1794 ille
1640 1756 1723 1793 talis
1751 1755 1911 1803 advenit,
1926 1757 2036 1793 fames
2059 1755 2161 1793 inva-

1196 1818 1287 1867 luit5
1304 1817 1474 1868 quoniam
1491 1816 1552 1854 ille
1569 1816 1702 1866 adfuit,
1716 1817 1794 1854 haec
1812 1816 2049 1867 contigerunt.
2068 1816 2161 1855 Ecce

1197 1879 1304 1917 etiam
1335 1878 1371 1916 in
1403 1878 1560 1916 adventu
1581 1877 1671 1928 justi
1698 1877 1822 1927 sames,
1843 1886 1875 1915 et
1894 1877 2005 1915 fames
2023 1876 2158 1924 valida,

1197 1949 1232 1978 et
1247 1953 1316 1977 non
1343 1938 1650 1990 turbatttrjustiis,
1667 1951 1782 1988 neque
1801 1937 1940 1988 aliquid
1959 1937 2158 1976 humanum

1197 1998 1344 2052 patitur,
1356 2013 1472 2050 neque
1485 2012 1548 2036 suo
1562 1998 1731 2037 adventui
1746 1997 1873 2036 tribuit
1884 1998 1989 2036 famis
2000 2012 2155 2036 causam.

1197 2062 1270 2101 Sed
1303 2060 1388 2112 quia
1424 2059 1517 2098 vidit
1549 2068 1715 2097 naturam
1752 2059 1934 2107 coarctari,
1951 2067 1984 2096 et
2022 2059 2154 2097 invale-

1199 2137 1294 2162 scere
1321 2122 1452 2159 famem
1467 2136 1475 2156 :
1491 2121 1718 2167 Descendit,
1735 2120 1866 2170 inquit,
1884 2123 1925 2156 in
1944 2121 2158 2171 ,Egyplum

1198 2183 1368 2227 Abram,
1393 2189 1434 2218 ut
1456 2182 1651 2218 habitaret
1672 2181 1771 2226 illic,
1795 2182 1888 2231 quia
1909 2180 2076 2217 invaluit
2097 2180 2158 2230 scc-

1200 2256 1279 2282 mes
1297 2255 1412 2294 super
1432 2250 1586 2280 terram.

1149 2069 1174 2100 C

1251 2494 1289 2530 24.
1313 2490 1464 2530 Attende
1480 2489 1660 2541 quomodo
1680 2490 1839 2540 longiora
1861 2490 1951 2526 fiunt
1967 2490 2065 2541 justo
2085 2498 2158 2526 sta-

1197 2551 1270 2591 dia.
1289 2551 1386 2590 Illud
1407 2551 1502 2589 enim
1520 2549 1736 2602 providebat
1751 2550 1940 2594 Dominus,
1960 2558 1997 2586 ut
2014 2562 2083 2585 non
2102 2562 2157 2585 so·

1196 2613 1273 2651 lum
1306 2611 1531 2650 Palaestinam
1562 2609 1800 2648 incolentibus
1828 2618 1916 2647 esset
1941 2607 2079 2654 doctor,
2097 2607 2157 2645 sed

1197 2684 1231 2713 et
1245 2674 1290 2712 iis
1305 2673 1367 2725 qui
1387 2673 1423 2710 in
1440 2672 1598 2724 AEgypto
1615 2679 1726 2717 erant,
1739 2679 1772 2707 et
1792 2669 1936 2707 virtutis
1949 2670 2025 2720 ejus
2039 2669 2156 2720 splen-

1197 2736 1264 2774 dor
1277 2734 1443 2773 omnibus
1456 2740 1603 2784 pateret.
1620 2731 1732 2778 Quasi
1747 2730 1842 2767 enim
1856 2729 2031 2767 luminare
2045 2728 2156 2779 quod-

1197 2798 1280 2836 dam
1297 2797 1410 2833 latens
1423 2802 1456 2831 et
1470 2790 1720 2830 absconditum
1733 2791 1768 2828 in
1784 2789 2036 2827 Chaldaeorum
2052 2798 2163 2836 terras

1198 2858 1300 2896 illinc
1318 2854 1504 2900 evocavit,
1525 2861 1566 2889 ut
1590 2865 1649 2889 eos
1669 2850 1732 2901 qui
1756 2850 1791 2888 in
1816 2849 1969 2888 tenebris
1995 2863 2154 2887 errorum

1199 2917 1386 2963 sedebant,
1416 2914 1462 2952 ad
1496 2912 1657 2951 veritatis
1691 2911 1787 2949 viam
1812 2909 2063 2948 introduceret.
2086 2910 2155 2948 Sed

1199 2981 1289 3018 forte
1312 2977 1406 3015 dicet
1433 2973 1564 3025 aliquis
1582 2989 1589 3009 :
1609 2972 1656 3010 Et
1676 2985 1785 3022 quare
1807 2984 1875 3009 non
1896 2970 2015 3023 potius
2044 2979 2082 3007 ut
2109 2971 2155 3015 ii,

1199 3040 1261 3091 qui
1281 3039 1318 3076 in
1334 3035 1502 3075 Chaldaea
1521 3041 1634 3079 erant,
1651 3031 1696 3069 ad
1723 3045 1845 3069 veram
1872 3030 2082 3082 religionem
2096 3045 2156 3068 ve-

1200 3098 1338 3143 nirent,
1360 3108 1423 3146 per
1452 3092 1571 3144 ipsum
1599 3089 1743 3128 effecit?
1769 3089 1977 3128 Verisimile
2009 3089 2156 3139 quidem

1201 3167 1264 3206 est,
1278 3156 1422 3194 illorum
1442 3152 1593 3191 salntem
1617 3164 1681 3203 per
1707 3146 1861 3188 aliorum
1894 3150 2156 3202 providentiam

1203 3226 1428 3273 procuratam
1457 3213 1566 3251 fuisse
1587 3228 1594 3248 :
1616 3220 1769 3250 attamen
1790 3210 1875 3249 audi
1901 3210 2084 3248 Christum
2105 3210 2159 3248 di-

1194 3353 1206 3367 ¹
1224 3353 1282 3380 την
1299 3344 1379 3386 φύσιν
1405 3341 1615 3379 ἐλεγχομένην,
1630 3342 1784 3366 naturam
1798 3333 1978 3371 devictam,
1996 3333 2064 3364 sive
2087 3344 2162 3374 pro-

1150 3403 1289 3427 stratam
1303 3419 1310 3433 ‚
1329 3396 1552 3427 coarctatam,
1568 3399 1641 3429 quae
1654 3398 1721 3419 nou
1739 3385 1866 3418 tulisset
1884 3384 2010 3416 fructus
2033 3383 2160 3415 solnm.

1152 3447 1222 3479 Vox
1238 3449 1367 3487 ὲ>έγχειν
1380 3441 1443 3473 lioc
1458 3451 1515 3471 usu
1530 3437 1758 3482 frequentatur
1772 3436 1860 3480 apud
1870 3435 2159 3479 Cbrysostomum.

2212 1644 2359 1672 Adversus

2175 1688 2284 1713 omina.
