2516 3791
124 1243 242 1271 Montis
254 1243 312 1281 epi·

125 1285 218 1322 lngus.

124 1543 169 1570 lia
203 1543 309 1571 suroris

123 1595 222 1622 ἓΟΙΙῑΙΞ.

120 2267 232 2305 Ephes-

275 2268 306 2306 4.

330 157 422 204 (502
747 172 784 203 s.

329 256 414 293 item
438 256 473 293 in
489 264 622 293 tantam
648 255 783 293 venerit
809 255 958 306 gloriam
985 263 1064 306 post
1083 266 1273 303 aerumnas,

330 329 416 366 quas
447 315 485 352 in
502 324 595 352 terra
614 314 726 352 aliena
755 314 849 359 tulit,
873 322 911 350 ut
929 313 991 363 qui
1023 326 1068 350 ex
1099 312 1175 363 ipso
1201 311 1276 349 nati
1298 326 1324 357 F,

329 385 426 425 sunt,
443 376 478 413 in
497 375 704 413 immensam
733 373 1001 412 multitudinem
1018 381 1279 424 propagentur,

331 448 365 476 et
383 439 458 490 ejus
478 437 619 475 nomine
643 444 715 473 tota
739 449 823 486 gens
850 433 1119 485 cognominetur
1138 443 1172 471 ct
1193 433 1278 471 insi-

332 499 484 551 gniatur.
513 498 616 535 Nunc
645 504 764 533 autem
789 494 918 532 docens
944 508 1008 532 nos
1035 493 1155 534 divina
1183 494 1279 533 Scri—

330 569 434 612 ptura
450 558 568 596 fratris
587 555 877 607 indignationem,
895 570 965 606 qua
980 554 1026 593 ad
1038 555 1279 594 homicidium

330 619 518 672 spectabat,
534 617 650 668 inquit
667 632 674 653 :
695 618 738 653 41
753 647 759 653 .
775 617 829 654 Et
847 617 935 654 odio
946 619 1059 669 gravi
1074 629 1277 669 proseque-

331 683 443 718 batur
473 681 581 717 Esaii
611 680 734 717 Jacob
763 686 918 730 propter
948 679 1273 724 benedictionem,

330 755 408 794 qua
428 741 677 778 benedixerat
696 753 782 777 eum
797 747 909 790 pater
926 753 1030 777 suus.
1053 738 1102 776 Et
1130 748 1169 777 ut
1188 738 1277 777 scia-

330 817 408 840 mus
428 817 496 840 non
514 801 622 840 fuisse
640 800 838 853 simplicem
858 800 1078 839 subitaneam
1098 800 1200 850 iram,
1214 814 1277 852 per

330 864 522 902 dictionem
541 863 641 901 nobis
662 862 878 914 significavit
899 862 1044 900 malitiae
1064 861 1141 913 ejus
1157 874 1276 899 exces-

329 940 421 963 sum.
438 927 560 964 Gravi
574 926 662 962 odio
673 925 988 976 prosequebatur,
999 922 1089 960 dicit
1105 938 1113 959 ε
1132 922 1200 960 hoc
1212 931 1276 972 est,

329 986 482 1025 instabat
500 995 534 1023 et
547 985 791 1038 perseverabat
809 984 945 1028 odium,
958 984 1007 1022 ita
1023 992 1063 1021 ut
1078 992 1111 1021 et
1124 992 1277 1021 mentem

328 1047 363 1085 in
392 1047 571 1099 profundo
603 1047 768 1084 latentem
808 1059 870 1097 per
899 1044 1008 1084 verba
1042 1044 1272 1096 significaret.

327 1111 442 1147 Dixit
476 1111 578 1146 enim
609 1111 650 1145 in
677 1108 791 1146 corde
817 1121 885 1145 suo
914 1122 924 1142 .-
952 1106 1277 1158 Appropinquent

823 171 1001 204 JOANNIS
1035 171 1278 204 CHRYSOST.
1319 172 1521 202 ARCHIEP.
1560 171 1912 201 CONSTANTINOP.

1346 253 1409 300 τὴν
1430 253 1487 292 ἐπὶ
1505 255 1566 299 τῆς
1587 253 1682 300 ξένης
1703 252 1958 306 ταλαιπωρίαν,
1977 255 2023 297 ὡς
2041 252 2098 291 καὶ
2119 252 2196 296 τοὺς
2214 252 2248 296 ἐξ
2271 255 2372 291 αὐτοῦ

1347 313 1532 366 τεχθέν-τας
1547 316 1594 357 εἷς
1609 313 1752 367 ἄπειρον
1775 316 1904 361 πλῆθος
1928 316 2136 362 ἐκταθῆναι,
2157 313 2218 352 καὶ
2235 312 2293 351 διὰ
2310 317 2373 360 τῆς

1349 375 1467 414 τούτου
1491 374 1726 428 προσηγορίας
1747 375 1839 413 ἅπαν
1865 376 1906 414 τὸ
1931 375 2024 419 ἔθνος
2041 373 2372 428 χαρακτηρίζεσθαι.

1348 436 1436 474 Νυνὶ
1455 435 1491 474 δὲ
1508 435 1719 474 διδάσκουσα
1733 438 1827 486 ἡμᾶς
1847 440 1869 483 ἡ
1895 435 1970 474 θεία
1996 435 2120 489 Γραφὴ
2143 440 2202 474 τοῦ
2227 431 2374 486 ἀδελφοῦ

1347 496 1404 534 τὸν
1421 495 1546 548 θυμὸν,
1565 496 1626 534 καὶ
1644 495 1698 534 ὅτι
1722 496 1809 547 πρὸς
1834 495 1934 548 φόνον
1963 496 2159 543 ἀπέὸλεπε,
2178 495 2284 548 φησί·
2303 496 2375 534 Καὶ

1347 557 1496 595 ἐνεκότει
1524 556 1638 595 ‘Haeo
1671 558 1722 609 τῷ
1757 556 1888 595 Ἰακὼὸ
1913 557 1995 609 περὶ
2022 560 2085 603 τ’ῆς
2124 556 2303 608 εὐλογίας,
2334 552 2376 603 ἧς

1346 617 1536 670 ηὗλόγησεν
1565 617 1666 655 αὐτὸν
1687 620 1705 655 ὃ
1734 617 1852 670 πατὴρ
1880 618 1994 655 αὐτοῦ.
2024 616 2096 654 Καὶ
2113 615 2170 654 ἵνα
2196 616 2376 667 μάθωμεν,

1345 679 1399 718 ὅτι
1427 682 1491 732 οὐχ
1516 679 1636 722 ἁπλῶς
1662 677 1746 731 ὀργὴ
1771 672 1814 724 ἦν
1840 677 2052 731 πρόσκαιρος
2081 682 2199 724 τοῦτο,
2229 676 2287 715 διὰ
2313 680 2376 724 τῆς

1369 740 1470 785 ε’ξεως
1495 740 1667 790 ἐσήμανεν
1693 743 1778 792 ἡμῖν
1804 742 1867 786 τῆς
1882 738 2008 782 κακίας
2027 740 2130 776 αὐτοῦ
2150 737 2213 785 τὴν
2230 738 2376 791 ὑπερδο-

1347 801 1423 848 λήν.
1453 801 1630 840 Ἐνεκότει
1654 800 1742 854 γὰρ,
1768 800 1894 853 φησὶν,
1911 800 1988 838 ἀντὶ
2006 804 2086 847 τοῦ,
2115 799 2277 847 ἐνέκειτο,
2299 798 2376 838 ἐπέ-

1348 879 1470 913 μενεν,
1497 866 1544 906 ὡς
1570 862 1630 900 καὶ
1656 862 1713 900 διὰ
1740 865 1808 900 τῶν
1841 861 2006 915 ῥημάτων
2032 860 2095 908 τὴν
2125 862 2160 898 ἓν
2195 863 2245 912 τῷ
2276 860 2376 911 βάθει

1346 923 1587 975 κρυπτομένην
1630 922 1773 975 γνώμην
1816 922 1966 975 φανερὰν
2009 925 2242 968 καταστῆσαι.
2284 914 2375 959 Eine

1346 984 1434 1036 γὰρ,
1467 984 1592 1036 φησὶν,
1621 985 1656 1022 ἓν
1685 987 1728 1034 τῇ
1750 983 1885 1035 διανοίᾳ
1900 999 1908 1007 ·
1931 983 2170 1035 ἐγγισάτωσαν
2191 985 2228 1021 αἱ
2243 981 2374 1034 ἡμέραι

1344 1048 1403 1083 τοῦ
1423 1045 1569 1089 πένθους
1588 1049 1648 1083 τοῦ
1665 1044 1797 1098 πατρός
1827 1059 1914 1095 μου,
1939 1043 1996 1082 ἵνα
2024 1043 2218 1082 ἀποκτείνω
2241 1042 2373 1082 Ἰακὼὸ

1344 1106 1401 1145 τὸν
1434 1105 1579 1157 ἀδελφόν
1611 1121 1687 1157 μου.
1714 1104 1852 1148 Ὄντως
1874 1104 1944 1157 ἄρα
1973 1104 2032 1142 καὶ
2056 1107 2126 1142 τῶν
2155 1104 2371 1154 μαινομένων

328 1171 408 1208 dies
423 1171 549 1209 luctus
557 1172 680 1222 patris
701 1171 794 1216 mei,
807 1177 847 1206 ut
867 1169 1041 1205 occidam
1052 1168 1274 1220 Jacobsra-
1284 1190 1331 1214 521
1346 1169 1458 1205 αὐτῶν
1484 1169 1545 1205 οὐκ
1571 1166 1714 1205 ἔλαττον
1738 1169 1755 1203 ὃ
1774 1165 1985 1216 θυμούμενος
2002 1163 2212 1218 παραπαίει.
2239 1164 2372 1203 Σκόπει

329 1240 424 1269 trem
443 1245 581 1269 meum.
609 1232 702 1269 Vere
721 1230 864 1267 omuino
885 1229 916 1267 is
940 1229 1001 1279 qui
1022 1228 1186 1266 irascitur
1205 1242 1274 1267 non
1295 1227 1321 1257 Α

327 1293 446 1331 minus
461 1308 569 1344 quam
589 1293 613 1330 ii
634 1292 697 1343 qui
719 1291 841 1329 furiosi
861 1299 953 1339 sunt,
982 1289 1125 1328 insanit.
1149 1289 1274 1328 Consi-

326 1354 410 1392 dera
425 1355 520 1392 enim
535 1352 715 1405 quomodo
729 1352 868 1390 daemon
886 1351 945 1389 ille
958 1351 1049 1389 sicut
1062 1350 1275 1389 insanientes

326 1415 584 1467 subingressus,
612 1424 728 1453 mente
746 1413 906 1452 destituit
935 1427 1023 1463 quos
1053 1411 1212 1465 corripit,
1241 1421 1276 1450 et

325 1476 450 1514 suadet
474 1486 511 1514 ut
528 1477 634 1529 plane
659 1474 833 1513 contraria
853 1474 982 1512 faciant
1001 1473 1045 1511 iis
1064 1487 1141 1524 quae
1161 1473 1274 1511 oculis

326 1536 501 1575 videntur.
521 1539 642 1588 Neque
669 1536 764 1574 enim
797 1545 888 1573 recte
912 1534 1035 1573 vident
1053 1534 1122 1582 illi,
1161 1547 1273 1586 neque

323 1596 424 1634 aliud
438 1595 611 1646 quiddam
627 1595 763 1633 faciunt
778 1610 784 1631 :
806 1594 869 1632 sed
888 1593 989 1644 quasi
1004 1593 1179 1630 hebetatis
1195 1607 1272 1631 sen-

322 1657 434 1707 sibus,
461 1668 488 1695 et
500 1655 686 1709 judicandi
703 1654 738 1694 vi
761 1655 905 1703 amissa,
923 1653 1055 1691 faciunt
1073 1653 1203 1691 omnia.
1217 1654 1273 1692 Ita
1294 1657 1317 1687 Β

321 1730 403 1754 sane
421 1725 454 1754 et
472 1716 533 1767 qui
549 1716 762 1765 irascuntur,
782 1727 851 1752 non
861 1720 1058 1765 agnoscunt
1073 1722 1271 1764 praesentes,

321 1792 389 1816 non
410 1791 580 1815 memores
599 1786 680 1814 sunt
703 1775 934 1827 cognationis,
961 1787 1030 1812 non
1049 1774 1246 1812 amicitiam
1259 1805 1270 1825 ,

322 1854 389 1877 non
407 1838 613 1877 consuetudi
620 1852 712 1886 uem,
726 1852 793 1875 uon
806 1837 1028 1888 dignitatem,
1040 1849 1152 1886 neque
1168 1835 1272 1886 quid-

319 1916 427 1952 quam
453 1899 553 1938 aliud
577 1900 612 1938 in
641 1908 794 1937 mentem
824 1898 1044 1947 admittunt,
1065 1897 1127 1935 sed
1152 1897 1211 1935 ira}
1236 1898 1271 1936 vi

319 1963 442 2015 pressi,
461 1963 497 2000 in
521 1976 676 2014 praeceps
696 1960 946 1998 miserabiliter
967 1960 1142 1997 feruntur.
1169 1958 1270 2008 Quid

321 2024 430 2073 igitur
444 2023 514 2060 illis
531 2023 693 2060 miserius
714 2021 832 2070 fuerit,
851 2020 995 2072 quando
1014 2020 1102 2058 victi
1119 2029 1154 2058 et
1173 2020 1269 2073 capti

321 2084 366 2121 ab
384 2083 595 2135 aegritudine
610 2083 721 2121 animi
735 2082 842 2120 etiam
857 2082 901 2119 ad
922 2081 1159 2120 homicidium
1173 2081 1271 2119 festi-

323 2145 434 2182 nant?
454 2146 642 2196 Propterea
667 2144 793 2181 beatus
818 2143 950 2181 Paulus
978 2142 1134 2180 radicem
1162 2143 1271 2195 hujus

324 2205 409 2243 mali
428 2206 550 2243 voleus
571 2205 781 2257 exstirpare,
802 2204 982 2253 admonet,
1008 2203 1058 2241 sic
1083 2204 1241 2242 scribens
1262 2220 1270 2241 ε

327 2267 461 2303 Omnis
477 2267 537 2302 ira
550 2273 586 2301 et
607 2265 839 2315 indignatio,
856 2271 891 2299 et
906 2262 1055 2299 clamor
1069 2263 1274 2318 auferatur

325 2339 350 2363 a
369 2328 480 2364 vobis
493 2339 579 2364 cam
597 2327 701 2362 omni
711 2325 878 2361 malitia.
903 2324 982 2362 Non
994 2323 1124 2371 solum,
1142 2323 1270 2374 inquit,

324 2387 405 2425 nolo
426 2401 489 2425 vos
511 2400 713 2425 succensere
731 2394 765 2423 et
784 2384 985 2435 indignari,
1009 2393 1045 2421 et
1068 2383 1185 2433 irasci,
1209 2385 1273 2423 sed
1296 2399 1320 2430 e

323 2463 436 2499 neque
455 2462 534 2486 cum
558 2447 712 2485 elamore
729 2445 903 2498 proximis
927 2445 1027 2495 loqui
1048 2461 1056 2481 ι
1081 2445 1271 2484 clamorem

322 2511 380 2548 hic
405 2510 538 2555 dicens,
568 2509 628 2560 qui
653 2509 699 2546 ab
729 2508 782 2545 ira
807 2507 977 2545 nascitur.
997 2507 1151 2554 Quando
1176 2507 1271 2546 enim

322 2570 467 2607 morbus
488 2568 550 2606 hic
578 2568 786 2606 intrinsecus
810 2565 985 2604 excitatur
1004 2573 1038 2602 et
1063 2579 1123 2603 cor
1144 2574 1269 2610 tumet,

322 2646 388 2669 nou
406 2632 482 2684 jam
500 2629 584 2667 sinit
607 2637 645 2666 ut
670 2628 793 2679 lingua
818 2625 960 2679 placide
977 2626 1147 2676 loquatur
1171 2641 1183 2676 ;
1207 2626 1271 2665 sed

320 2692 541 2730 affectionem
560 2690 678 2729 cordis
692 2689 949 2735 demonstrans,
965 2687 1076 2725 efficit
1089 2696 1128 2725 ut
1141 2687 1271 2726 clamo-

322 2765 358 2787 se
379 2764 458 2787 eum
480 2749 643 2801 proximo
661 2749 838 2799 loquatur.
863 2747 996 2786 Volens
1016 2745 1128 2798 igitur
1145 2747 1269 2786 beatus

322 2810 382 2847 ille
400 2810 468 2847 sibi
482 2810 760 2861 obtemperantes
778 2808 811 2846 iu
832 2817 1004 2860 perpetua
1020 2808 1155 2847 versari
1175 2817 1271 2847 tran-

322 2871 510 2921 quillitate‚
529 2870 645 2907 dixit:
672 2872 806 2908 Omnis
825 2872 885 2907 ira
907 2869 1003 2917 (hoc
1024 2878 1090 2919 cst,
1108 2883 1126 2907 a
1148 2870 1267 2920 quali-

321 2945 472 2982 cumque
493 2946 594 2968 eausa
618 2935 837 2979 moveatur),
856 2937 893 2967 et
913 2929 1028 2967 omnis
1049 2930 1267 2982 indignatio

321 3001 357 3031 et
371 2993 485 3030 omnis
500 2993 649 3030 clamor
662 2993 824 3029 tollatur
838 3006 863 3030 a
876 2993 986 3029 vobis
1005 3007 1015 3027 .-
1032 2990 1161 3029 deinde
1170 2991 1266 3030 radi-

319 3069 394 3092 cem
423 3055 529 3106 hujus
562 3054 645 3091 mali
677 3054 797 3092 volens
827 3054 1011 3102 arefacere,
1040 3062 1074 3091 ct
1103 3053 1265 3092 inutilem

322 3115 480 3161 reddere,
504 3113 615 3152 dicit:
640 3116 737 3152 Cum
762 3117 867 3151 omni
889 3115 1056 3152 malite'a.
1087 3115 1179 3152 Nam
1203 3115 1264 3166 qui
1288 3128 1314 3158 1)

318 3177 368 3214 sic
401 3175 569 3221 aflicitur,
596 3189 731 3227 semper
758 3175 793 3212 in
823 3184 926 3227 portu
955 3175 1087 3213 sedeta
1117 3176 1263 3214 terrenis

318 3243 487 3282 {luctibus
507 3242 620 3292 liber,
637 3251 670 3279 et
689 3256 800 3293 neque
820 3252 1060 3295 tempestatem
1076 3243 1186 3293 timet,
1203 3257 1262 3283 ne-

360 3341 373 3354 “
393 3339 512 3382 [Coisl.
532 3338 660 3372 omittit
677 3341 776 3380 ἕδεςξε.
797 3339 864 3371 Nec
882 3341 1033 3384 agnoscit.
1047 3341 1245 3385 Inter-pres]

1345 1228 1432 1281 γὰρ,
1446 1227 1540 1272 ὅπως
1567 1226 1726 1280 καθάπερ
1745 1225 1823 1270 τοὺς
1843 1225 2071 1277 μαινομένους
2089 1229 2106 1264 ὁ
2125 1224 2260 1276 δαίμων
2288 1228 2373 1264 ἐκεῖ·

1344 1305 1399 1334 νος
1419 1288 1624 1329 ἐπεισελθὼν
1644 1288 1811 1341 ἔκφρονας
1836 1288 2037 1341 ἐργάζεται,
2056 1287 2116 1326 καὶ
2135 1286 2276 1326 ἐναντία
2301 1293 2372 1331 τοῖς

1345 1351 1533 1404 ὁρωμένοις
1559 1350 1833 1402 διαπράττεσθαι
1859 1348 2049 1387 ἀναπείθει.
2077 1351 2130 1388 Οὐ
2151 1348 2218 1401 γὰρ
2246 1352 2371 1400 ὁρῶσιν

1344 1416 1460 1465 ὑγιῶς,
1484 1412 1561 1450 οὔτε
1581 1411 1696 1465 ἕτερόν
1713 1427 1748 1449 τι
1776 1410 2049 1463 διαπράττονται
2073 1414 2142 1449 τῶν
2171 1410 2372 1463 χρησίμων,

1345 1473 1434 1512 ἀλλὰ
1463 1473 1621 1524 καθάπερ
1652 1471 1713 1515 τὰς
1742 1472 1919 1518 αἰσθήσεις
1945 1471 2217 1525 πεπηρωμένοι,
2246 1472 2307 1510 καὶ
2332 1472 2372 1511 τὸ

1343 1533 1557 1586 διακριτικὸν
1581 1532 1853 1586 διαφθείραντες,
1869 1531 1976 1576 οὕτως
1998 1533 2137 1571 ἅπαντα
2155 1533 2370 1585 ἐργάζονται.

1343 1594 1448 1634 Οὕτω
1468 1595 1528 1633 καὶ
1546 1597 1577 1633 οἱ
1599 1594 1826 1646 θυμούμενοι,
1851 1595 1888 1632 οὐ
1909 1592 1987 1637 τοὺς
2013 1593 2188 1646 παρόντας
2207 1593 2372 1646 ἐπιγινώ-

1343 1673 1501 1705 σκουσιν,
1518 1660 1556 1695 οὐ
1577 1656 1774 1708 συγγενείας
1795 1655 2012 1706 μέμνηνται,
2031 1657 2069 1694 οὐ
2087 1655 2219 1707 φιλίας,
2239 1658 2276 1693 οὐ
2294 1670 2371 1693 συν-

1342 1720 1473 1769 ηθείας,
1495 1723 1558 1759 οὐκ
1577 1719 1792 1771 ἀξιώματος,
1813 1722 1873 1758 οὐκ
1895 1719 2001 1757 ἄλλου
2019 1719 2110 1762 τινὸς
2133 1718 2263 1757 ἔννοιαν
2282 1720 2372 1769 λαμ-

1344 1781 1528 1829 Εάνουσιν,
1560 1782 1638 1820 ἀλλ’
1667 1780 1742 1819 ὅλοι
1771 1780 1838 1818 ὑπὸ
1871 1784 1930 1818 τοῦ
1959 1783 2068 1831 θυμοῦ
2104 1778 2372 1832 τυραννούμενοι

1344 1842 1435 1882 κατὰ
1456 1845 1622 1896 κρημνῶν
1645 1841 1821 1894 φέρονται.
1841 1841 1888 1880 Τί
1910 1835 1966 1879 οῧν
1985 1841 2024 1878 ἂν
2045 1841 2097 1888 εἴη
2118 1844 2187 1879 τῶν
2209 1839 2372 1878 τοιούτων

1344 1903 1583 1955 ἐλεεινότερον,
1613 1903 1695 1943 ὅταν
1727 1902 1866 1946 ἁλόντες
1885 1903 1951 1941 ὑπὸ
1973 1908 2033 1941 τοῦ
2061 1901 2209 1949 πάθους,
2235 1901 2294 1940 καὶ
2319 1904 2373 1940 αἷ-

1343 1965 1528 2017 χμάλωτοι
1546 1964 1738 2017 γενόμενοι,
1761 1964 1820 2002 καὶ
1839 1963 1925 2015 πρὸς
1950 1962 2049 2015 φόνον
2070 1962 2284 2014 ἐπείγονται;
2304 1963 2373 2001 Διὰ

1342 2033 1442 2067 τοῦτο
1459 2031 1476 2066 ὃ
1494 2027 1665 2080 μακάριος
1680 2028 1820 2070 Παῦλος
1844 2026 1906 2073 τὴν
1936 2026 2030 2080 ῥίζαν
2058 2025 2262 2064 ἀποσπάσαι
2287 2027 2371 2076 βου-

1343 2090 1486 2140 λόμενος
1514 2094 1574 2128 τοῦ
1600 2093 1730 2136 κακοῦ,
1753 2087 1895 2141 γράφων
1922 2087 2092 2140 παρῄνει,
2124 2085 2214 2124 οὕτω
2237 2086 2372 2138 λέγων,

1344 2152 1452 2188 Πᾶσα
1470 2149 1555 2203 ὀργὴ
1576 2149 1636 2187 καὶ
1659 2148 1764 2198 θυμὸς
1785 2148 1845 2186 καὶ
1871 2150 2006 2200 κραυγὴ
2030 2147 2170 2199 ἀρθήτω
2198 2148 2255 2198 ἀφ’
2273 2149 2371 2197 ὑμῶν

1343 2210 1403 2249 σὺν
1424 2210 1521 2261 πάσῃ
1543 2209 1664 2262 κακία.
1684 2211 1738 2247 Οὐ
1767 2209 1882 2259 μόνον,
1902 2208 2005 2260 φησὶ,
2021 2211 2211 2259 θυμοῦσθαι
2229 2209 2320 2257 ὑμᾶς
2334 2208 2373 2245 οὐ

1346 2271 1536 2322 βούλομαι,
1573 2270 1648 2309 οὐδὲ
1685 2269 1733 2321 μὴ
1772 2269 1986 2323 ὀργίζεσθαι,
2022 2269 2112 2308 ἀλλὰ
2152 2267 2240 2320 μηδὲ
2282 2267 2371 2318 μετὰ

1344 2335 1498 2384 κραυγῆς
1520 2338 1590 2375 τοῖς
1616 2331 1762 2377 πλησίον
1785 2330 2028 2381 διαλέγεσθαι,
2048 2330 2203 2383 κραυγὴν
2225 2332 2372 2368 ἐνταῦθα

1344 2393 1467 2445 λέγων,
1494 2392 1557 2439 τὴν
1579 2393 1646 2431 ὑπὸ
1666 2397 1726 2430 τοῦ
1749 2396 1855 2443 θυμοῦ
1874 2391 2070 2444 γινομένην.
2102 2391 2214 2430 εὈταν
2233 2390 2301 2443 γὰρ
2331 2390 2371 2428 τὸ

1343 2456 1452 2497 πάθος
1479 2454 1610 2492 ἔνδοθεν
1639 2454 1849 2507 διεγείρηται
1870 2483 1879 2501 ,
1911 2454 1971 2492 καὶ
1999 2457 2021 2500 ἡ
2061 2452 2189 2506 καρδία
2216 2452 2369 2504 οἷδαίνῃ,

1343 2519 1404 2555 οὐκ
1423 2516 1473 2554 ἔτι
1490 2516 1610 2554 λοιπὸν
1629 2520 1651 2562 ἡ
1667 2518 1811 2568 γλῶσσα
1826 2515 1943 2568 ἠρέμα
1958 2514 2164 2567 φθέγγεσθαι
2190 2514 2371 2566 ἀνέχεται,

1344 2577 1434 2615 ἀλλὰ
1461 2577 1525 2624 τὴν
1560 2576 1710 2615 διάθεσιν
1744 2579 1806 2623 τῆς
1832 2575 1977 2628 καρδίας
2009 2575 2248 2627 ἐμφαίνουσα,
2279 2574 2368 2625 μετὰ

1342 2641 1494 2690 κραυγῆς
1516 2640 1565 2690 τῷ
1580 2637 1726 2685 πλησίον
1747 2637 1963 2689 διαλέγεσθαι
1979 2637 2252 2690 παρασκευάζει.
2272 2638 2368 2674 Βου-

1340 2699 1483 2749 λόμενος
1509 2693 1566 2737 oliv
1591 2701 1625 2737 ἐν
1654 2699 1787 2750 γαλήνῃ
1822 2698 1953 2750 διάγειν
1984 2699 2134 2745 διηνεκεῖ
2161 2697 2240 2741 τοὺς
2273 2699 2368 2749 αὐτῷ

1341 2757 1564 2809 πειθομένους
1592 2761 1610 2796 ὁ
1640 2757 1810 2809 μακάριος
1836 2751 1948 2805 οὗτος,
1976 2756 2108 2803 εἰπὼν,
2129 2757 2236 2795 Πᾶσα
2267 2755 2366 2809 ὀργὴ,

1341 2820 1359 2839 *
1377 2818 1481 2863 ἔδειξε
1496 2819 1529 2857 τί
1549 2821 1624 2857 ἐστι
1646 2820 1753 2857 Πᾶσα
1779 2818 1878 2871 ὀργὴ,
1900 2823 1922 2865 ἡ
1952 2820 2009 2870 ἀφ’
2027 2817 2098 2857 οἵου
2118 2817 2160 2864 δή
2177 2833 2262 2856 ποτε
2277 2817 2367 2869 πρά-

1341 2895 1474 2930 γματος
1499 2879 1683 2930 κινουμένη
1701 2895 1708 2902 ·
1731 2879 1790 2917 καὶ
1808 2886 1875 2922 πᾶς
1903 2879 2008 2930 θυμὸς
2034 2878 2094 2918 καὶ
2113 2885 2209 2918 πᾶσα
2233 2877 2366 2930 κραυγὴ

1342 2940 1481 2993 ἀρθήτω
1509 2942 1565 2992 ἀφ’
1585 2943 1681 2991 ὑμῶν
1700 2956 1707 2963 ·
1731 2934 1806 2979 εἶτα
1828 2940 1933 2988 αὐτὴν
1954 2935 2016 2987 τὴν
2040 2939 2136 2991 ῥίζαν
2155 2943 2217 2986 τῆς
2242 2940 2369 2984 κακίας

1343 3000 1487 3055 ξηρᾶναι
1519 3001 1724 3053 βουλόμενος
1751 3002 1811 3040 καὶ
1839 3002 1996 3054 ἄκαρπον
2018 3001 2245 3055 ἐργάσασθαι,
2271 3000 2367 3053 φησὶ,

1339 3062 1409 3100 Σὺν
1436 3063 1532 3115 πάσῃ
1559 3063 1676 3115 κακία.
1707 3062 1752 3101 ‘0
1771 3062 1838 3116 γὰρ
1854 3063 1942 3100 οὕτω
1963 3062 2179 3113 διακείμενος
2203 3063 2366 3108 διηνεκῶς

1337 3126 1371 3162 ἐν
1400 3124 1514 3174 λιμένι
1530 3125 1693 3172 κάθηται,
1719 3128 1787 3163 τῶν
1805 3125 1874 3163 ἀπὸ
1899 3127 1961 3170 τ’ἧς
1974 3127 2038 3174 γῆς
2070 3123 2234 3174 κυμάτων
2258 3124 2367 3169 ἀπηλ-

1336 3185 1524 3235 λαγμένος,
1542 3185 1602 3224 καὶ
1618 3185 1694 3224 οὔτε
1711 3188 1870 3238 χειμῶνα
1887 3186 2050 3233 δέδοικεν,
2078 3185 2156 3224 οὔτε
2180 3184 2364 3236 ναυάγιον,

1336 3245 1426 3285 ἀλλὰ
1453 3247 1610 3299 καθάπερ
1637 3249 1670 3286 ἐν
1698 3248 1833 3300 γαλήνῃ
1857 3247 1971 3286 πλέων
1996 3246 2018 3292 ἢ
2051 3249 2085 3286 ἐν
2118 3246 2219 3299 εὐδίῳ
2248 3246 2365 3297 λιμένι
