2516 3791
854 192 912 222 Dr.
955 191 1077 221 ANM
1117 188 1264 219 SERMO
1299 187 1346 217 ll.

76 280 232 334 γυναικὸς
251 278 497 332 ἐκερδάναμεν,
517 277 605 316 ὥστε
637 276 764 316 εἰδέναι
784 275 861 327 μετ’
879 275 1029 328 εὐιι)χίαν
1051 274 1104 312 εὔ-

75 346 210 395 χεσθαι.
231 342 276 380 ‘O
295 341 362 393 γὰρ
390 340 476 392 πρὸς
505 342 607 378 τοῦτο
628 336 957 391 παρεσκευασμένος
970 367 979 384 ,
1003 335 1103 374 οὐδέ-

73 419 157 442 ποτε
182 405 228 446 εἷς
247 402 356 454 μέθην
386 401 446 439 καὶ
471 399 655 453 παροινίαν
678 401 905 446 ἐκπεσεῖται,
936 397 1101 437 οὐδέποτε

73 463 140 503 ὑπὸ
161 463 376 516 ἀδδηφαγίας
396 461 670 515 διαῤῥαγήσεται
682 491 690 509 ,
704 460 795 499 ἀλλὰ
812 459 876 508 τὴν
891 458 1102 514 προσδοκίαν

72 528 134 572 ἰη”ς
161 526 265 577 εὐχῆς
293 524 369 562 ἀντὶ
393 526 536 577 χαλινοῦ
573 529 644 566 τοῖς
671 524 852 574 λογισμοῖς
878 520 1101 572 ἐπικειμένην

73 586 176 639 ἔχων,
199 585 288 636 μετὰ
306 589 366 624 τοῦ
394 584 630 638 προσήκοντος
649 583 776 636 μέτρου
795 585 865 622 τῶν
885 580 1103 635 παρακειμέ-

73 663 141 686 νων
179 647 304 700 ἅψεται
334 646 488 695 ποίντων,
522 646 580 685 καὶ
611 646 745 692 πολλῆς
772 644 836 695 μὲν
874 643 938 691 τὴν
970 643 1101 696 ψυχὴν,

74 710 206 755 πολλῆς
224 708 260 747 δὲ
278 709 319 748 τὸ
336 711 440 760 σῶμα
460 707 635 759 ἐμπλήσει
655 709 718 753 τῆς
743 705 914 758 εὐλογίας.
931 705 1102 756 Τροίπεζα

73 770 141 823 γὰρ
153 770 222 809 ἀπὸ
237 772 342 822 εὗχῆς
356 769 533 823 ἀρχομένη
547 798 556 816 ,
575 768 634 807 καὶ
647 769 695 811 εἰς
714 766 819 819 εὐχὴν
840 765 1102 818 καταλήγουσα,

74 831 240 870 οὐδέποτε
275 830 574 883 ὑστερηθήσεται,“
598 827 688 867 ἀλλὰ
711 829 828 879 πηγῆς
853 827 1102 880 δαψιλέστερον

75 893 214 930 ἅπαντα
229 895 313 942 ἡμῖν
338 891 425 930 οἴσει
445 889 490 929 τὰ
512 889 637 941 ἀγαθοί.
657 889 720 936 Μὴ
742 889 784 937 δὴ
803 893 966 928 τοσοῦτον
987 905 1102 941 παρο-

75 955 188 1006 ρῶμεν
211 953 344 1006 κέρδος.
362 952 431 990 Καὶ
450 951 518 1006 γὰρ
537 951 667 990 ἄτοπον
687 951 766 995 τοὺς
791 951 855 1003 μὲν
875 951 1011 995 οἰκέτας
1027 950 1104 994 τοὺς

73 1011 282 1065 ἡμετέρους,
314 1011 346 1050 εἴ
376 1011 463 1050 ποτέ
497 1027 532 1049 τι
562 1014 631 1049 τῶν
661 1010 930 1064 παρακειμένων
963 1010 1103 1049 λάὸοιεν

72 1075 155 1125 παρ’
175 1075 277 1124 ἡμῶν
301 1072 426 1124 μέρος,
446 1074 664 1125 εὐχαριστεῖν
683 1087 721 1110 τε
748 1075 832 1122 ἡμῖν
853 1072 914 1110 καὶ
945 1074 1021 1123 μετ’
1043 1073 1101 1110 εὖ·
1125 1082 1149 1113 C

72 1134 207 1186 φημίας
228 1135 423 1187 ἀναχωρεῖν
439 1149 447 1157 ·
480 1136 575 1185 ἡμᾶς
607 1133 643 1172 δὲ
663 1133 836 1172 τοσούτων
866 1133 1104 1176 ἀπολαύοντας

73 1196 211 1246 ἀγαθῶν
229 1193 316 1246 μηδὲ
332 1194 506 1242 τοσαύτην
526 1194 788 1247 ἀποδιδόναιτῷ
801 1196 885 1248 Θεῷ
904 1193 968 1242 τὴν
983 1193 1103 1245 τιμὴν,

72 1256 132 1294 καὶ
168 1259 300 1304 ταῦτα,
338 1255 529 1307 μέλλοντας
566 1257 699 1303 πολλῆς
743 1255 1003 1295 ἀπολαύσεσθαι
1042 1258 1105 1302 τῆς

73 1316 277 1370 ἀσφαλείας.
298 1316 417 1356 “Oxou
432 1317 500 1370 γὰρ
533 1317 621 1370 εὐχὴ
653 1317 712 1355 καὶ
746 1316 975 1370 εὖχαριστία,
1005 1316 1104 1368 ἁγίου

74 1377 278 1429 Πνεύματος
298 1378 531 1432 παραγίνεται
546 1378 666 1430 χάρις,
689 1378 748 1416 καὶ
767 1378 1018 1431 φυγαδεύονται
1033 1377 1104 1416 δαί-

75 1455 194 1490 μονες,
215 1439 275 1478 καὶ
291 1445 390 1478 πᾶσα
413 1438 636 1490 ἀντικειμένη
656 1439 801 1490 δύναμις
821 1438 1026 1492 δραπετεύει
1045 1439 1105 1477 καὶ

74 1500 274 1554 ἀφίσταται.
304 1500 350 1540 ‘O
384 1500 522 1552 μέλλων
556 1502 604 1544 εἷς
632 1500 739 1554 εὐχὴν
770 1500 980 1554 τρέπεσθαι,
1008 1500 1105 1540 οὐδὲν

73 1561 202 1601 ἄτοπον
215 1564 329 1615 τολμᾷ
345 1562 576 1615 φθέγξασθαι,
594 1562 673 1601 οὐδὲ
687 1565 722 1600 ἐν
743 1563 833 1616 μέσῃ
848 1561 1004 1615 τραπέζῃ
1015 1578 1023 1586 ·
1039 1562 1104 1601 κᾶν

73 1622 284 1676 φθέγξηται,
301 1622 556 1674 μεταγινώσκει
573 1623 722 1676 ταχέως.
747 1624 810 1662 Διὸ
828 1623 899 1676 χρὴ
916 1625 975 1662 καὶ
995 1625 1106 1677 ἀρχο-

74 1685 196 1734 μένους
222 1685 282 1723 καὶ
311 1684 485 1737 λήγοντας
503 1687 722 1738 εὐχαριστεῖν
750 1688 800 1738 τῷ
823 1688 904 1738 Θεῷ
919 1701 926 1708 ·
949 1686 1105 1736 μάλιστα

74 1745 137 1795 μὲν
156 1745 226 1800 γὰρ
254 1746 330 1785 οὐδὲ
351 1748 400 1790 εἷς
427 1746 534 1797 μέθην
556 1746 801 1798 ἐμπεσούμεθα
822 1746 969 1799 ῥᾳδίως,
990 1747 1104 1785 καθοί-

72 1823 140 1858 περ
159 1807 265 1859 ἔφθην
284 1806 405 1856 εἰπὼν,
426 1810 456 1846 εἷ
486 1808 777 1860 καταστήσαιμεν
797 1810 845 1852 εἰς
864 1808 995 1855 ταύτην
1018 1811 1104 1846 ἑαυ-
1127 1819 1153 1850 D

72 1867 152 1911 τοὺς
171 1868 234 1916 τὴν
257 1869 458 1915 συνήθειαν.
480 1868 595 1908 ‘'sse-rs
620 1869 685 1908 ’κᾶν
711 1872 917 1922 κραιπαλῶν
946 1870 1010 1908 κᾶν
1044 1886 1105 1921 με·

74 1929 162 1968 θύων
184 1929 268 1968 ποτὲ
297 1933 471 1983 ἀναστῇς,
502 1930 591 1982 μηδὲ
611 1930 702 1970 οὕτω
718 1931 918 1984 καταλύσῃς
943 1932 982 1970 τὸ
1010 1931 1105 1979 ἔθος,

73 1991 164 2030 ἀλλὰ
183 1991 246 2030 κᾶν
267 1993 541 2045 καρηὸαρῶμεν,
561 1992 625 2031 κᾶν
657 1993 926 2047 περιφερώμεθα
956 1994 1014 2032 καὶ
1046 2010 1106 2032 κα-

73 2053 317 2104 ταπίπτωμεν,
337 2054 397 2092 καὶ
417 2053 526 2098 οὕτως
547 2054 745 2105 εὐξώμεθα,
765 2055 825 2093 καὶ
860 2054 908 2106 μὴ
934 2055 1106 2094 διαλύσω-

73 2129 136 2164 μεν
152 2114 215 2161 τὴν
235 2115 430 2162 συνήθειαν.
447 2115 508 2154 Ἂν
525 2116 594 2168 γὰρ
623 2119 666 2168 τῇ
687 2115 841 2170 προτέρᾳ
863 2116 980 2170 ἡμέρα
999 2116 1107 2161 οὕτως

73 2174 175 2227 εὔξῃ,
195 2177 239 2226 τῇ
262 2176 407 2229 δευτέρα
426 2177 598 2230 διορθωσῃ
618 2177 682 2224 τὴν
708 2180 742 2216 ἐν
758 2179 802 2229 τῇ
830 2177 986 2231 προτέρᾳ
1011 2194 1107 2230 γενο-

74 2235 181 2287 μένην
215 2238 465 2289 ἀσχημοσύνην
499 2238 628 2292 ἡμέρᾳ.
658 2237 772 2277 ‘'Oa-av
811 2239 924 2277 τοίνυν
959 2240 1105 2292 ἀριστο-

72 2298 270 2350 ποιώμεθα,
292 2299 562 2350 μνημονεύωμεν
593 2299 722 2346 ταύτης
750 2302 812 2347 τῆς
831 2301 1014 2352 γυναικὸς,
1045 2301 1105 2339 καὶ

71 2362 139 2397 τῶν
158 2361 288 2405 ταύτης
303 2360 476 2412 δακρύων,
495 2361 556 2399 καὶ
583 2363 646 2407 τῆς
675 2361 782 2412 μέθης
800 2364 862 2408 τῆς
881 2364 992 2428 καλῆς
1020 2361 1105 2400 ταύ-

71 2436 146 2466 της.
163 2419 314 2471 Ἐμέθυε
335 2422 402 2474 γὰρ
430 2438 489 2460 και
516 2426 539 2469 ἡ
571 2421 680 2473 γυνὴ,
699 2423 763 2462 οὐκ
793 2423 864 2462 ἀπὸ
887 2423 996 2470 οἴνου,
1026 2425 1103 2463 ἀλλ’

73 2482 134 2518 ἀπ’
166 2461 347 2526 εὖλαὸείας
371 2483 514 2529 πολλης.
532 2484 576 2521 Εἰ
595 2482 662 2536 γαρ
692 2483 768 2534 μετ’
789 2483 928 2536 ἄριστον
958 2484 1102 2562 τριαύτη

71 2558 126 2590 ην,
148 2542 232 2581 ποία
253 2547 295 2590 ἠν
319 2545 388 2583 ὑπὸ
403 2543 502 2591 τὴν’
482 2559 549 2592 εω;
568 2545 598 2582 εἷ
618 2544 708 2595 μετὰ
740 2545 780 2583 τὸ
797 2551 918 2597 φαγεῖν
932 2546 992 2584 και
1010 2552 1103 2585 πιεῖν

70 2601 177 2666 ούτως
209 2606 354 2648 ἐκτενως
392 2604 634 2657 προσηύχετο,
665 2603 767 2644 ὁποία
809 2607 950 2658 ὑπῆρχε
985 2609 1104 2654 νῆστις

73 2667 172 2703 οὐσα.

125 2969 394 3020 Ἔπανέλθωμεν
409 2971 520 3010 τοίνυν
537 2973 641 3011 πάλιν
664 2975 721 3014 ἐπὶ
741 2975 786 3015 τὰ
805 2975 948 3030 ῥήματα
977 2978 1104 3024 αὐτῆς,

67 3031 112 3070 τὰ
135 3030 339 3084 φιλοσοφίας
372 3032 526 3084 γέμοντα
553 3035 686 3080 πολλης
715 3036 775 3074 καὶ
807 3037 1020 3091 πραότητος.
1042 3040 1104 3076 Εἷ-

68 3097 182 3132 ποῦσα
209 3092 289 3146 γὰρ,
312 3094 417 3146 Οὐχὶ,
445 3094 555 3146 κύριε,
577 3096 752 3171 ἐπηγαγε·
779 3098 871 3146 Ῐυνὴ
899 3102 935 3138 ἐν
965 3101 1105 3151 σκληρα

69 3153 186 3206 ἡμέρα
208 3153 277 3204 ἐγώ
299 3156 391 3205 εἶμι,
408 3171 468 3193 και
492 3159 581 3194 οἰνον
611 3157 672 3195 καὶ
696 3158 858 3209 μέθυσμα
877 3161 915 3198 οὗ
939 3160 1102 3200 πέπωκα.

71 3215 329 3266 Παρατήρησον
348 3220 424 3260 πῶς
449 3218 526 3257 οὐδὲ
553 3221 701 3258 ἐνταῦθα
727 3219 822 3272 λέγει
844 3221 890 3259 τὰ
912 3222 1058 3269 ὀνείδη
1041 3225 1104 3268 τῆς

2038 175 2129 220 δ’·ῑό

1176 286 1266 319 ram,
1282 271 1505 322 solveretque
1523 270 1756 319 sterilitatem,
1767 284 1808 310 ac
1825 280 1958 310 naturae
1974 273 2129 312 imbecil.

1176 332 1313 370 litatem
1321 332 1526 384 corrigeret.
1541 332 1761 384 Hocigitura
1771 333 1996 371 feminalucri
2012 348 2131 372 conse-

1125 399 1149 429 B
1173 395 1274 446 qunti
1290 409 1426 444 sumus,
1442 404 1480 433 ut
1494 395 1649 433 sciamus
1666 403 1698 432 et
1713 404 1792 447 post
1805 395 2012 433 convivium
2021 410 2131 434 orare.

1174 456 1348 507 Quisquis
1375 449 1469 494 enim
1486 456 1532 494 ad
1551 455 1618 494 hec
1638 465 1858 509 pra‘paratus
1888 456 2006 506 suerit,
2030 472 2133 495 num-

1172 530 1279 568 quam
1293 516 1329 554 in
1342 516 1547 555 ebrietatem
1558 526 1620 555 aut
1631 517 1863 555 vinolentiam
1873 517 2018 567 incidet,
2032 532 2134 556 num-

1171 591 1280 630 quam
1293 578 1438 631 crapula
1457 577 1706 631 disrumpetur
1727 593 1735 615 :
1756 577 1816 616 sed
1830 578 1997 629 qnoniam
2013 593 2136 632 exsp&

1171 639 1361 677 ctationem
1379 639 1591 692 precationis
1610 639 1716 678 babet
1738 654 1802 692 pro
1816 641 1913 678 freno
1932 640 2135 693 impositam

1171 700 1305 749 animo,
1323 701 1554 739 conveniente
1572 715 1738 739 mensura
1753 700 1901 753 attinget
1913 716 1957 739 ex
1969 702 2135 740 omnibus

1173 776 1252 813 quae
1266 762 1399 800 fuerint
1409 762 1585 815 apposita,
1597 762 1782 814 multaque
1797 762 2043 802 benedictione
2058 773 2133 802 tum

1173 823 1344 871 animam,
1360 833 1436 862 tum
1456 838 1584 877 corpus
1604 824 1780 876 implebit.
1799 823 2016 862 Convivium
2035 825 2128 864 eniin

1173 884 1272 936 quod
1290 899 1310 922 a
1331 886 1533 938 precatione
1552 895 1707 938 coeptum
1729 885 1765 923 in
1785 885 2022 938 precationem
2041 886 2135 925 dest-

1174 947 1239 996 nit‚
1255 961 1452 998 numquam
1466 946 1620 995 deliciet,
1637 947 1699 986 sed
1717 947 1845 999 quovis
1871 947 1969 986 sonte
1991 947 2135 986 uberius

1174 1008 1278 1047 nobis
1294 1010 1412 1047 omnia
1440 1008 1573 1048 adseret
1596 1009 1700 1046 bona.
1719 1009 1772 1047 Ne
1789 1007 1900 1059 igitur
1915 1018 2053 1046 tantum
2076 1023 2135 1047 ne-

1175 1069 1356 1122 gligamus
1369 1071 1522 1110 lucrum.
1540 1070 1749 1109 Absurdum
1766 1070 1860 1108 enim
1875 1070 1994 1120 fuerit,
2012 1071 2135 1109 sicum

1175 1132 1300 1170 famuli
1314 1132 1440 1182 nostri,
1459 1131 1488 1170 si
1512 1131 1656 1183 quando
1674 1140 1813 1184 partem
1832 1131 1992 1182 aliquam
2011 1146 2135 1170 eorum

1175 1208 1255 1245 quae
1268 1194 1371 1232 nobis
1387 1194 1548 1247 apposita
1564 1203 1646 1232 sunt
1659 1193 1869 1246 acceperint,
1885 1193 1988 1231 nobis
2004 1194 2136 1244 gratias

1175 1263 1298 1306 agant,
1313 1254 1473 1305 beneque
1484 1254 1588 1292 nobis
1601 1262 1784 1306 precantes
1799 1253 1927 1291 abeant
1940 1268 1947 1289 ε
1964 1267 2038 1302 nos,
2054 1267 2135 1292 cuin

1176 1324 1228 1354 tot
1246 1316 1424 1368 tantisque
1438 1317 1601 1353 fruamur
1618 1315 1735 1363 bonis,
1753 1328 1797 1353 ne
1815 1315 1883 1353 boc
1903 1314 2051 1365 quidem
2071 1316 2135 1354 ho-

1177 1377 1274 1415 noris
1289 1378 1366 1415 Deo
1384 1377 1642 1430 persolvamus,
1656 1375 1737 1414 licet
1753 1375 1837 1414 hinc
1857 1376 2007 1414 multam
2024 1376 2137 1416 simus

1177 1439 1403 1489 assequuturi
1427 1439 1664 1477 securitatem.
1695 1437 1768 1476 Ubi
1795 1437 1890 1476 enim
1919 1439 2076 1490 precatio
2103 1448 2136 1477 et

1177 1500 1374 1551 gratiarum
1387 1500 1492 1550 actio,
1506 1514 1547 1538 eo
1559 1499 1670 1538 sancti
1683 1498 1841 1552 Spiritus
1851 1498 1997 1537 advenit
2010 1500 2136 1551 gratia,

1176 1561 1374 1613 abiguntur
1383 1561 1575 1610 daemones,
1589 1570 1621 1599 et
1636 1560 1752 1599 omnis
1767 1560 1969 1598 adversaria
1983 1570 2136 1612 potestas

1176 1622 1328 1674 diffugit
1347 1637 1389 1661 ac
1408 1622 1576 1661 discedit.
1598 1622 1671 1669 Qui
1700 1636 1737 1660 se
1763 1635 1999 1660 conversurus
2017 1632 2068 1660 est
2088 1623 2136 1661 ad

1177 1684 1438 1732 orandum,non
1469 1684 1578 1722 audet
1605 1683 1803 1736 quidquam
1835 1682 1991 1721 absurde
2023 1683 2135 1735 loqui,

1177 1759 1221 1784 ne
1237 1745 1273 1784 in
1296 1745 1414 1784 medio
1433 1745 1581 1797 quidem
1610 1745 1776 1783 convivio
1802 1761 1810 1781 ε
1833 1753 1894 1782 aut
1914 1744 1943 1782 si
1965 1744 2136 1796 loquutus

1177 1807 1302 1857 fuerit,
1331 1821 1417 1846 mox
1444 1806 1631 1860 resipiscit.
1658 1805 1814 1845 Proinde
1841 1815 1978 1858 oportet
1998 1815 2074 1844 tum
2099 1807 2134 1844 in

1177 1868 1292 1917 initio,
1306 1877 1384 1906 tum
1402 1868 1438 1906 in
1455 1868 1527 1906 fine
1545 1866 1703 1906 convivii
1723 1866 1856 1918 gratias
1875 1881 1979 1919 agere
1996 1868 2071 1906 Deo
2089 1867 2136 1905 oh

1176 1929 1270 1968 hanc
1283 1929 1464 1983 praecipue
1476 1944 1632 1979 causam,
1646 1928 1742 1981 quod
1757 1937 1796 1966 ut
1814 1928 1932 1967 dicere
1947 1944 2135 1982 coeperam,

1176 1991 1275 2029 haud
1304 1992 1408 2030 facile
1434 1992 1664 2045 prolabemur
1693 1991 1727 2028 in
1761 1990 1981 2035 ebrietatem,
2014 1990 2042 2028 si
2073 2005 2136 2029 nos

1177 2053 1274 2107 ipsos
1309 2054 1346 2092 in
1383 2054 1475 2092 hanc
1507 2052 1799 2092 consuetudinem
1834 2052 2134 2091 constituerimus.

1178 2116 1276 2164 Quin
1295 2115 1484 2168 siquando
1503 2115 1701 2155 surrexeris
1718 2114 1862 2167 crapula
1880 2123 2036 2167 potuque
2055 2128 2135 2165 gra-

1180 2187 1300 2228 vatus,
1324 2191 1369 2216 ne
1391 2178 1444 2216 sic
1466 2177 1611 2229 quidem
1642 2177 1790 2230 abjicies
1817 2175 2109 2214 consuetudinem
2128 2192 2137 2212 :

1177 2239 1241 2277 sed
1253 2238 1421 2290 quamvis
1433 2238 1628 2277 habeamus
1639 2245 1826 2290 gravatum
1838 2245 1957 2289 caput,
1971 2236 2138 2287 quamvis

1176 2296 2077 2351 vertiginecircumferamur,etconcidamus,nihilo
2086 2311 2136 2335 se-

1177 2361 1253 2400 cius
1261 2371 1378 2400 tamen
1387 2375 1539 2409 oremus,
1547 2375 1611 2399 nec
1617 2360 1821 2398 aboleamus
1830 2359 2134 2397 consuetudinem.

1177 2423 1322 2461 Etenim
1339 2422 1369 2461 si
1387 2422 1600 2476 praecedenti
1618 2422 1676 2460 die
1699 2421 1743 2460 ad
1762 2422 1857 2459 bunc
1883 2420 2040 2459 oraveris
2061 2435 2136 2457 iuo-

1140 2508 1151 2528 ·.
1175 2484 1277 2533 dum,
1290 2485 1462 2538 postridie
1481 2484 1637 2537 corriges
1657 2484 1814 2522 dedecus
1831 2482 1950 2535 pridie
1965 2481 2134 2520 commis-

1175 2561 1268 2586 sum.
1285 2547 1436 2594 Quoties
1456 2546 1566 2599 igitur
1584 2544 1852 2598 prandebimm,
1869 2543 2137 2581 meminerimus

1146 2636 1157 2646 .
1175 2609 1286 2661 hujus
1307 2607 1471 2646 mulieris
1487 2637 1497 2655 ‚
1524 2615 1558 2645 et
1582 2606 1682 2644 illius
1708 2605 1965 2657 lacrymarum,
1985 2618 2048 2643 nec
2067 2617 2136 2642 non

1176 2670 1355 2723 praeclarae
1371 2669 1449 2721 ejus
1462 2667 1655 2706 ebrietatis.
1670 2668 1763 2706 Nam
1783 2666 1880 2704 ebria
1901 2674 1974 2704 erat
1993 2665 2137 2713 mulier,

1175 2746 1245 2770 non
1266 2745 1284 2770 e
1298 2731 1398 2778 vino,
1419 2729 1482 2768 sed
1509 2743 1555 2767 ex
1573 2727 1792 2767 abnndantia
1819 2727 1971 2780 pietatis.
1994 2727 2137 2765 Etenim

1176 2793 1205 2832 si
1220 2800 1299 2846 post
1318 2791 1511 2845 prandium
1531 2791 1613 2829 talis
1627 2789 1707 2835 fuit,
1725 2789 1841 2841 qualis
1859 2797 1934 2827 crat
1953 2788 2020 2827 sub
2033 2803 2137 2826 auro-

1176 2869 1253 2892 ram
1263 2854 1280 2892 ?
1292 2854 1320 2892 si
1334 2863 1408 2891 tam
1423 2853 1592 2891 instanter
1605 2851 1720 2890 oravit
1733 2859 1813 2904 post
1824 2850 1947 2890 cibum
1954 2859 1987 2889 et
1998 2859 2137 2904 potum,

1176 2915 1292 2968 qualis
1307 2924 1382 2953 erat
1397 2914 1550 2967 jejuna?

1229 2979 1270 3016 6.
1298 2976 1497 3014 Redeamus
1532 2974 1644 3026 igitur
1676 2973 1795 3012 denuo
1820 2972 1868 3012 ad
1893 2973 2002 3012 verba
2028 2973 2137 3018 illius,

1177 3037 1286 3076 verba
1313 3036 1435 3075 multae
1467 3035 1570 3088 plena
1597 3034 1844 3088 philosophiae,
1878 3034 2059 3086 multaque
2085 3049 2138 3072 rc-

1178 3099 1266 3137 serta
1280 3096 1563 3136 mansuetudine.
1580 3097 1672 3134 Cum
1684 3095 1780 3134 enim
1793 3095 1963 3134 dixisset:
1978 3098 2136 3148 Nequa-

2206 831 2339 859 Precatio

2109 886 2115 893 ²
2148 873 2182 901 28¹
2194 884 2337 902 mensam.

2156 3115 2179 3134 ι.
2207 3106 2282 3141 Rrg.
2311 3113 2334 3132 ι.

1180 3173 1313 3213 quam,
1339 3160 1523 3204 Domine,
1548 3157 1722 3210 subjecit:
1739 3157 1943 3194 ,Mulierin
1957 3157 2054 3194 duro
2074 3157 2162 3194 dne'
2156 3149 2187 3176 '⁵

1154 3235 1264 3291 osum
1286 3234 1370 3273 ego,
1395 3222 1534 3258 ‘vinum
1567 3227 1604 3256 et
1626 3218 1732 3271 quod
1749 3219 1917 3255 inebriat
1947 3230 2023 3253 non
2047 3219 2135 3254 lubi.

58 3274 276 3328 ,ἆντῑζῆλοω
302 3277 378 3315 οὐδὲ
416 3279 629 3330 ἐκπομπεύει
658 3280 722 3327 τὴν
752 3282 922 3334 πονηρίαν
959 3268 1147 3331 ἐκείνηῃς,
1134 3307 1155 3333 A
1154 3268 1341 3321 oObserxa
1359 3279 1540 3332 quomodo
1559 3293 1624 3317 nec
1646 3279 1703 3317 hic
1727 3286 1975 3317 commemorat
1998 3278 2135 3315 temula:

76 3336 151 3374 οὐδὲ
172 3337 380 3390 ἐκτραγῳδεῖ
401 3340 462 3387 τὴν
483 3342 665 3394 συμφορὰν
687 3342 749 3390 τὴν
774 3344 917 3390 οἰκείαν,
935 3345 1025 3384 ἀλλὰ
1045 3361 1083 3383 το
1088 3368 1105 3372 -

79 3400 198 3435 τοῦτον
224 3400 461 3440 ἀποκαλύπτει
488 3402 550 3449 τὴν
581 3406 707 3449 {om-fic,
729 3405 889 3455 ἀθυμίαν,
918 3406 996 3445 ὅσον
1023 3408 1108 3444 ἀπο-

1182 3341 1358 3390 comicia,
1393 3353 1504 3392 neque
1531 3337 1688 3377 traducit
1723 3337 1820 3374 illius
1855 3335 2040 3383 malitiam,
2075 3350 2138 3372 ne«

1182 3402 1411 3442 domesticam
1443 3400 1677 3440 calamitatem
1716 3406 1902 3448 exaggerat
1939 3395 2135 3446 evulgans?
