2516 3791
707 231 750 261 IN
787 231 889 261 (ἷΑΡ.
930 230 1025 261 vm.

137 314 368 362 βουληθῶσιν.
402 312 494 351 Ἀλλ’
516 315 534 350 6
556 311 689 355 δίκαιος
720 307 818 357 οἶτος
846 316 881 352 ἐν
907 315 1055 366 ἐνιαυτῷ
1079 315 1159 352 ὁλο-

130 373 251 424 κλήρῳ
266 373 324 410 καὶ
341 375 376 411 ἐν
391 372 564 416 τοσούτοις
582 373 691 424 μησὶ,
708 374 866 426 καθάπερ
883 376 917 411 ἐν
934 374 1066 426 σκότῳ,
1083 374 1157 412 διά-

131 449 202 483 γων
221 435 256 470 ἐν
281 436 324 486 τῇ
345 433 503 485 κιὸιιιτῷ,
523 434 581 471 καὶ
598 438 656 471 νῦν
683 434 806 485 ἀθρόον
822 435 907 487 πρὸς
920 434 984 481 τὴν
1004 440 1063 473 τοῦ
1084 451 1155 486 φω-

131 494 189 536 τὸς
211 493 321 545 αὐγὴν
341 494 482 541 ἐπιδὼν,
501 495 598 533 οὐδὲν
625 498 780 533 τοιοῦτον
813 495 978 548 ἔπασχεν.
1012 495 1054 533 ἹΙ
1089 496 1157 549 γὰρ

131 558 190 592 τοῦ
221 558 315 593 Θεοῦ
347 556 449 608 χάρις
481 551 522 603 ἦν
557 556 647 608 μετὰ
675 560 737 604 τ’ἧς
764 557 1045 610 παρασχεθείσης
1066 558 1157 609 αὐτῷ

130 619 306 667 ὑπομονῆς
319 647 328 663 ,
344 622 366 664 ἡ
389 618 448 655 καὶ
467 621 526 656 τοῦ
552 617 714 668 σώματος
734 617 795 661 τὰς
815 618 993 664 αἰσθήσεις
1014 617 1158 669 ἰσχυρὰς

130 677 415 728 ἀπεργαζομένη,
437 677 496 715 καὶ
520 678 695 729 ἀνωτέρας
713 680 782 715 τῶν
807 680 1018 727 σωματικῶν
1048 680 1157 726 ἀναγ-

130 740 201 775 κῶν
220 737 349 782 ταύτας
377 743 540 777 ποιοῦσα.
566 739 626 777 ’liv
655 738 690 777 δὲ
712 740 762 789 τῷ
793 738 942 790 δευτέρῳ
967 737 1051 787 μηνὶ
1080 737 1156 783 ἐξη-

132 799 239 849 ράνθη
257 802 278 845 ἢ
298 803 342 851 γῆ
357 829 365 846 ,
385 799 517 850 ἑὸδόμῃ
529 800 587 837 καὶ
605 799 716 837 εἰκάδι
738 803 796 836 τοῦ
808 798 926 849 μηνός.
941 799 1022 849 Οὐχ
1037 798 1157 842 ἁπλῶς

129 860 192 906 τὴν
212 861 381 906 τοσαύτην
398 860 580 913 ἁκρίὸειαν
603 863 791 906 ποιεῖταιὴ
816 859 890 897 θεία
912 859 1055 912 Γραφὴ,
1076 861 1154 897 ἀλλ’

130 920 186 958 ἵνα
217 921 395 972 μάθωμεν,
415 921 467 959 ὅτι
500 921 604 974 μέχρι
637 927 719 972 μιᾶς
745 920 880 972 ἡμέρας
905 925 966 959 τοῦ
997 922 1155 958 ἐνιαυτοῦ

130 982 260 1021 ἐκείνου
289 987 311 1029 ἡ
344 983 597 1035 συμπλήρωσις
622 982 826 1034 γεγένηται,
855 984 934 1020 καθ’
955 982 992 1020 ὃν
1014 986 1074 1019 τοῦ
1102 983 1157 1019 δι·

129 1044 229 1083 καίου
241 1045 381 1096 ἐδείχθη
402 1048 423 1091 ἢ
437 1043 616 1095 ὑπομονὴ,
633 1044 692 1082 καὶ
714 1046 776 1088 τῆς
791 1043 997 1095 οἰκουμένης
1017 1043 1159 1089 ἁπάσης

129 1107 169 1144 τὸ
187 1107 374 1158 καθάρσιον
393 1105 543 1157 γέγονεν.
569 1100 656 1144 Εἶτα
678 1105 799 1152 ἐπειδὴ
818 1104 976 1157 καθάπερ
1000 1105 1075 1143 τινὰ
1095 1105 1159 1157 ῥύ-

130 1182 194 1204 πον
215 1167 436 1205 ἀπεπλύνατο
450 1170 471 1213 ἡ
488 1167 597 1211 κτίσις
612 1167 733 1204 ἅπασα
745 1197 754 1213 ,
771 1166 967 1216 ἀποθεμένη
986 1166 1050 1213 τὴν
1067 1167 1157 1204 ἅπα-

131 1244 194 1265 σαν
215 1229 364 1275 κηλῖδα,
383 1229 426 1275 ἣν
450 1231 471 1274 ἡ
497 1230 565 1266 τῶν
588 1227 779 1280 ἀνθρώπιον
799 1227 905 1265 κακία
921 1231 954 1266 ἐν
983 1229 1070 1279 αὐτῇ
1089 1244 1156 1266 κα-

134 1289 344 1336 τεσκεύασε,
362 1289 421 1328 καὶ
447 1290 589 1342 φαιδρὸν
617 1291 722 1335 αὐτῆς
738 1289 856 1341 γέγονε
887 1289 926 1327 τὸ
959 1288 1159 1342 πρόσωπον,

132 1349 210 1388 τότε
242 1350 362 1388 λοιπὸν
382 1350 594 1403 προστάττει
621 1350 679 1388 τὸν
708 1349 840 1387 δίκαιον
862 1349 1006 1394 ἐξελθεῖν
1032 1353 1072 1388 ἐκ
1097 1354 1161 1397 τῆς

133 1410 303 1458 κιὸωτοῦ,
331 1410 390 1449 καὶ
423 1412 595 1464 ἐλευθεροῖ
618 1410 721 1448 αὐτὸν
749 1413 808 1448 τοῦ
839 1411 996 1462 χαλεποῦ
1026 1411 1158 1450 ἐκείνου

132 1470 389 1522 δεσμωτηρίου,
422 1471 481 1509 καί
514 1486 640 1523 φησιν·
664 1464 752 1509 Eine
791 1470 919 1522 Κύριος
944 1474 961 1509 6
993 1471 1083 1516 Θεὸς
1108 1475 1158 1526 τῷ

132 1533 210 1570 Νῶε
223 1547 231 1555 ·
249 1532 361 1576 ἔξελθε
381 1532 422 1571 σὺ
437 1565 446 1579 ,
461 1533 520 1571 καὶ
540 1535 570 1570 οἳ
589 1531 656 1570 υἱοί
677 1547 735 1571 σου
747 1563 756 1580 ,
775 1531 836 1569 καὶ
854 1535 875 1578 ἡ
896 1533 982 1583 γυνή
1002 1548 1082 1581 σου,
1098 1534 1159 1572 καὶ

131 1595 167 1630 αἱ
188 1600 347 1644 γυναῖκες
370 1597 438 1632 τῶν
460 1596 542 1632 υἱῶν
575 1610 635 1632 σου
657 1592 745 1645 μετὰ
775 1597 854 1631 σοῦ·
883 1594 943 1632 καὶ
970 1594 1085 1633 πάντα
1114 1595 1158 1633 τὰ

130 1654 235 1707 θηρία
254 1655 318 1693 ὅσα
349 1656 423 1694 ἐστὶ
453 1657 541 1707 μετὰ
571 1660 654 1700 σοῦ,
683 1655 742 1693 καὶ
769 1661 867 1693 πᾶσα
889 1655 975 1708 σὰρξ
1000 1657 1069 1694 ἀπὸ
1092 1672 1155 1695 πε-

129 1718 252 1754 τεινῶν
268 1716 332 1760 ἕως
359 1720 510 1764 κτηνῶν,
533 1717 592 1754 καὶ
608 1723 676 1754 πᾶν
704 1717 846 1768 ἑρπετὸν
877 1716 1081 1768 κινούμενον
1099 1718 1157 1756 ἐπὶ

130 1780 191 1823 τ’ἧς
209 1779 272 1828 γῆς
293 1777 439 1830 ἐξάγαγε
473 1778 562 1828 μετὰ
594 1783 760 1826 σεαυτοῦ,
791 1779 851 1816 καὶ
878 1777 1064 1822 αὐξάνεσθε
1097 1779 1156 1817 καὶ

131 1838 347 1883 πληθύνεσθε
358 1840 413 1876 ἐπὶ
425 1841 488 1884 τῆς
504 1842 579 1891 γῆς.
594 1839 726 1877 Σκόπει
741 1842 833 1879 Θεοῦ
848 1839 1048 1890 ἀγαθότητα
1061 1870 1070 1886 ,
1084 1843 1158 1884 πῶς

133 1899 188 1936 διὰ
206 1901 346 1937 πάντων
372 1904 635 1951 παραμυθεῖται
660 1900 718 1938 τὸν
747 1900 892 1938 δίκαιον.
922 1900 1068 1947 Ἐπειδὴ
1090 1901 1159 1955 γὰρ

131 1959 339 2012 προσέταξεν
370 1962 471 1999 αὐτὸν
493 1960 640 2004 ἐξελθεῖν
665 1963 703 1999 ἐκ
721 1963 783 2007 τ’ἧς
799 1961 949 1999 κιὸωτοῦ
966 1991 975 2007 ,
998 1960 1058 1998 καὶ
1080 1962 1159 2006 τοὺς

132 2021 245 2067 υἱοὺς,
269 2021 329 2059 καὶ
350 2021 413 2068 τὴν
445 2028 613 2073 γυναῖκα,
640 2021 700 2059 καὶ
724 2022 786 2066 τὰς
805 2028 970 2073 γυναῖκας
988 2025 1056 2060 τῶν
1076 2026 1159 2061 υἱῶν

132 2085 256 2127 αὐτοῦ,
274 2082 333 2119 καὶ
351 2082 394 2119 τὰ
415 2082 518 2135 θηρία
538 2083 674 2130 πάντα,
694 2081 750 2120 ἵνα
779 2082 828 2133 μὴ
862 2082 921 2120 καὶ
949 2083 1034 2121 αὐτὸ
1058 2088 1160 2122 τοῦτο

130 2143 235 2181 πάλιν
252 2143 384 2189 πολλὴν
405 2146 500 2196 αὐτῷ
529 2143 801 2195 “κατασκεδοίσῃ
822 2143 887 2190 τὴν
916 2143 1078 2194 ἀθυμίαν,
1097 2145 1157 2183 καὶ

129 2203 312 2254 ἐναγώνιον
337 2204 439 2241 αὐτὸν
467 2204 673 2255 καταστήσῃ
694 2204 928 2255 λογιζόμενον,
949 2208 996 2249 ὡς
1015 2207 1049 2243 ἐν
1075 2207 1157 2259 ἐρη-

131 2266 194 2316 μίᾳ
213 2265 330 2311 ἔσται,
357 2266 392 2302 ἐν
411 2264 564 2317 τοσούτῳ
586 2265 712 2303 πλάτει
731 2269 794 2312 τῆς
813 2268 877 2317 γῆς
903 2266 1006 2317 μόνος
1038 2269 1155 2316 οἰκῶν,

129 2327 262 2370 οὐδενὸς
284 2327 379 2370 ὄντος
411 2326 549 2379 ἑτέρου·
583 2326 703 2374 εἰπὼν,
736 2326 850 2371 ἔξελθε
882 2329 922 2366 ἐκ
948 2332 1011 2376 τῆς
1043 2329 1155 2367 meo)-

129 2392 208 2435 τοῦ,
245 2387 305 2425 καὶ
338 2386 488 2439 ἐξάγαγε
523 2388 662 2425 ἅπαντα
693 2387 782 2438 μετὰ
821 2393 965 2428 σεαυτοῦ
979 2420 989 2438 ,
1019 2390 1152 2442 προσέ-

130 2452 236 2495 θηκε,
253 2449 323 2486 Καὶ
354 2448 539 2492 αὖξάνεσθε
566 2448 626 2486 καὶ
659 2448 874 2496 πληθύνεσθε
902 2451 960 2488 ἐπὶ
984 2454 1048 2498 τῆς
1077 2455 1153 2502 γῆς.

130 2509 227 2562 (Ὅρα
246 2513 319 2552 πῶς
338 2509 442 2548 πάλιν
460 2508 588 2547 ἄνωθεν
605 2512 623 2548 6
639 2509 770 2554 δίκαιος
787 2505 884 2555 οἶτος
900 2512 1034 2559 ἐκείνην
1058 2513 1153 2566 δέχε-

130 2587 189 2609 ται
200 2570 264 2617 τὴν
281 2571 450 2622 εὐλογίαν,
465 2571 506 2618 ἣν
518 2571 586 2623 πρὸ
596 2575 658 2618 τῆς
674 2572 906 2626 παραὸἄσεως
923 2577 940 2612 6
957 2575 1067 2627 Ἀδὰμ
1080 2576 1151 2614 ἐδέ-

130 2632 222 2676 ξατο.
233 2632 374 2686 Ἵὶσπερ
389 2631 455 2684 γὰρ
473 2632 579 2679 ἡνίκα
590 2634 716 2677 ἐκεῖνος
726 2635 1000 2688 ἐδημιουργήθη,
1009 2636 1150 2683 ἤκουσε·

130 2694 199 2733 Καὶ
219 2694 403 2746 εὐλόγησεν
435 2694 554 2738 αὐτοὺς
580 2698 598 2733 6
616 2696 705 2739 Θεὸς
734 2696 858 2747 λέγων,
874 2697 1062 2742 αὐξάνεσθε
1090 2699 1151 2738 καὶ

129 2755 362 2803 πληθύνεσθε,
382 2756 442 2793 καὶ
465 2756 762 2809 κατακυριεύσατε
782 2761 844 2804 τῆς
873 2761 956 2810 γῆς·
983 2759 1072 2798 οὕτω
1091 2761 1152 2799 καὶ

128 2810 225 2860 οὗτος
249 2822 318 2864 νῦν,
351 2816 542 2860 Αὐξοίνεσθε
572 2818 632 2856 καὶ
663 2818 879 2864 πληθύνεσθε
909 2821 967 2859 ἐπὶ
989 2824 1051 2868 τῆς
1075 2825 1150 2875 γῆς.

130 2877 268 2929 ιὨσπερ
287 2878 355 2930 γὰρ
370 2880 498 2921 ἐκεῖνος
516 2878 608 2931 ἀρχὴ
628 2879 687 2917 καὶ
705 2880 780 2932 ῥίζα
792 2881 909 2932 γέγονε
925 2881 1066 2921 πάντων
1082 2885 1151 2921 τῶν

129 2939 317 2999 γεγονότι-ων
336 2939 404 2989 πρὸ
422 2942 481 2977 τοῦ
501 2942 750 2991 κατακλυσμοῦ
762 2971 771 2988 ,
793 2941 884 2980 οὕτω
903 2943 962 2981 καὶ
982 2947 999 2981 6
1021 2943 1152 2988 δίκαιος

129 3001 226 3043 οὗτος
246 2998 334 3049 ζύμη
357 3016 409 3043 τις
438 3000 497 3038 καὶ
528 3000 619 3053 ἀρχὴ
651 3001 710 3039 καὶ
745 3001 821 3055 ῥίζα
849 3003 981 3055 γίνεται
1010 3005 1149 3043 πάντων

128 3060 196 3096 τῶν
219 3057 308 3108 μετὰ
338 3058 396 3096 τὸν
420 3061 681 3110 κατακλυσμόν.
699 3061 768 3099 Καὶ
787 3064 942 3100 ἐντεῦθεν
967 3063 1087 3102 λοιπὸν
1107 3064 1152 3103 τὰ

128 3121 190 3164 τῆς
209 3121 277 3157 τῶν
303 3118 493 3171 ἀνθρώπων
513 3121 712 3166 συστάσεως
740 3122 853 3175 ἀρχὴν
875 3124 1072 3175 λαμὸοίνει,
1091 3124 1151 3164 καὶ

129 3183 150 3226 ἡ
170 3179 280 3223 κτίσις
305 3179 424 3219 ἅπασα
451 3182 509 3220 τὸν
530 3184 654 3220 οἰκεῖον
683 3183 930 3234 ἀπολαμῆοίνει
959 3185 1102 3236 κόσμον,
1127 3186 1151 3232 ἥ

130 3255 177 3277 τε.
192 3243 235 3291 γῆ
258 3240 342 3293 πρὸς
364 3242 602 3295 καρποφορίαν
626 3244 886 3295 διεγειρομένη,
906 3246 966 3284 καὶ
997 3247 1041 3285 τὰ
1061 3249 1152 3285 ἄλλα

131 3300 243 3339 πάντα
270 3301 334 3340 ὅσα
364 3302 420 3340 διὰ
442 3302 506 3350 τὴν
539 3307 599 3342 τοῦ
632 3304 814 3357 ἀνθρώπου
850 3307 1042 3358 ὑπηρεσίαν
1075 3309 1152 3354 ἐδη-

132 3362 336 3414 μιουργήθη.
361 3363 430 3402 Καὶ
450 3363 571 3410 ἐξῆλθε
596 3366 693 3412 Νῶε,
716 3366 821 3418 φησὶ,
843 3367 901 3405 καὶ
922 3372 943 3414 ἡ
973 3369 1056 3421 γυνὴ
1092 3372 1154 3407 α’)-

175 3477 187 3491 -Ἱ
213 3466 335 3512 [savit.
355 3469 388 3502 iu
413 3480 518 3513 marg.
538 3480 553 3502 e
578 3481 648 3507 var.
667 3469 745 3505 lect.
765 3480 968 3519 armauere
990 3476 998 3515 Ῑ

1064 228 1224 260 GENES.

1263 229 1422 260 nomn„
1461 230 1589 262 XXVI.

2086 220 2175 282 293

1183 318 1206 347 E
1232 322 1349 351 autem
1362 313 1422 352 ille
1432 328 1523 351 anno
1542 313 1700 365 integro,
1721 322 1753 352 et
1775 322 1821 351 tot
1842 313 2021 352 mensibus
2036 314 2070 351 in
2084 330 2179 363 area,

1231 375 1332 425 quasi
1351 375 1384 413 in
1403 375 1556 413 tenebris
1575 389 1705 427 agens,
1722 375 1828 413 etiam
1846 388 1938 412 nune
1951 384 2091 427 repente
2106 376 2182 413 viso

1232 437 1322 474 lueis
1337 437 1479 488 jubare,
1502 436 1592 474 nihil
1621 436 1690 475 tale
1716 445 1884 489 expertus
1906 444 1971 473 est.
1999 436 2062 472 Dei
2090 435 2182 473 enim

1233 497 1346 547 gratia
1366 506 1454 544 erat,
1477 506 1508 535 et
1526 497 1694 550 patientia
1711 498 1756 535 ab
1776 511 1816 535 eo
1837 496 1889 534 illi
1907 510 2068 534 concessa
2081 526 2091 546 ,
2109 510 2186 546 quae

1232 557 1338 595 etiam
1362 558 1522 610 corporis
1551 573 1672 595 sensus
1695 558 1873 596 firmiores
1902 556 2123 605 reddiderat,
2155 564 2187 593 et

1231 619 1445 669 potentiores
1460 633 1565 669 quam
1585 619 1646 669 qui
1666 635 1683 657 a
1700 618 1946 671 corporalibus
1967 617 2186 656 necessitati-

1232 677 1299 714 bus
1312 679 1551 715 vincerentur.
1571 679 1634 715 1l4.
1658 681 1707 715 In
1727 693 1856 716 mense
1875 686 2004 716 autem
2022 678 2189 716 secundo

1232 738 1415 789 arefacta
1443 746 1499 775 est
1531 746 1650 783 terra,
1673 740 1859 776 vicesimo
1887 747 1922 776 et
1948 741 2109 788 septimo
2129 737 2192 774 die

1235 800 1392 835 rneusis.
1410 799 1489 836 Non
1506 797 1642 847 absque
1658 798 1794 835 ratione
1818 807 1951 836 tantam
1965 798 2190 848 diligentiam

1233 857 1383 897 adhibet
1419 858 1544 897 divina
1585 858 1786 910 Scriptura,
1822 858 1886 895 sed
1933 867 1972 895 ut
2009 858 2191 895 discamus

1233 934 1347 971 usque
1375 919 1422 958 ad
1442 920 1602 972 primum
1621 919 1717 957 diem
1737 919 1819 956 anni
1841 919 1942 956 illius
1965 933 2190 957 consumina-

1232 981 1363 1019 tionem
1394 980 1545 1018 dilatam
1573 979 1697 1030 fuisse,
1721 993 1791 1030 quo
1811 988 2068 1017 monstraretur
2099 979 2189 1030 justi

1230 1041 1415 1094 patientia,
1435 1050 1469 1079 et
1488 1040 1597 1079 totius
1616 1040 1714 1078 orbis
1731 1039 1898 1093 purgatio
1919 1040 2030 1078 lieret.
2050 1039 2191 1077 Deinde

1234 1111 1422 1155 postquam
1440 1103 1541 1153 quasi
1556 1116 1574 1139 a
1591 1101 1694 1139 sorde
1707 1100 1861 1152 quadam
1878 1100 1999 1138 abluta
2014 1109 2065 1138 est
2079 1100 2195 1138 omnis

1172 1193 1217 1217 25¹
1234 1174 1407 1214 creatura,
1425 1174 1458 1203 et
1473 1163 1640 1217 deposuit
1653 1177 1794 1202 omnem
1809 1163 2001 1210 maculam,
2024 1177 2132 1212 quam
2148 1176 2192 1199 ex

1186 1230 1210 1258 Α
1236 1227 1390 1265 humana
1417 1234 1642 1265 contraxerat
1672 1225 1823 1272 malitia,
1843 1224 2022 1275 faciesque
2043 1224 2074 1261 ei
2104 1238 2195 1275 pura

1235 1287 1376 1326 reddita
1394 1297 1445 1326 est
1463 1303 1470 1324 :
1489 1297 1575 1325 tunc
1593 1286 1747 1337 denique
1765 1284 1931 1338 praeeipit
1951 1294 1991 1323 ut
2007 1285 2126 1337 justus
2153 1299 2197 1322 ex

1234 1364 1314 1388 arca
1335 1359 1456 1396 exeat,
1471 1349 1666 1400 liberquea
1691 1347 1791 1399 gravi
1812 1347 1874 1384 illo
1895 1360 2036 1384 carcerc
2057 1346 2142 1395 siat,
2163 1355 2197 1383 et

1236 1411 1354 1462 inquit
1370 1427 1378 1447 :
1400 1412 1461 1450 15.
1478 1411 1592 1448 Dixit
1611 1410 1806 1448 Dominus
1826 1409 1931 1446 Deus
1947 1409 2002 1445 ad
2018 1409 2103 1446 Νοέ
2120 1423 2127 1444 :
2146 1410 2197 1445 to

1235 1473 1433 1525 Egredere
1447 1481 1489 1509 tu
1501 1501 1512 1522 ,
1536 1480 1570 1509 et
1590 1478 1768 1508 uxortua
1780 1499 1790 1518 ,
1808 1469 1938 1522 etfilii
1959 1471 2036 1518 tui,
2051 1477 2085 1506 et
2103 1482 2197 1506 uxo-

1233 1547 1293 1572 res
1302 1534 1490 1586 filiorum
1505 1541 1659 1570 tuorum
1677 1540 1802 1569 tecum
1823 1546 1833 1566 :
1855 1532 1917 1568 17.
1935 1538 1971 1568 et
1985 1543 2116 1568 omnes
2137 1531 2196 1567 be-

1241 1597 1324 1633 stioe
1345 1607 1596 1647 quoecumque
1612 1601 1702 1631 sunt
1724 1600 1852 1629 tecum
1866 1621 1876 1640 ,
1900 1599 1934 1628 et
1955 1593 2079 1628 omnis
2105 1604 2197 1628 caro

1234 1671 1259 1694 a
1271 1657 1504 1694 volatilibus
1519 1668 1640 1706 usque
1652 1654 1706 1691 ad
1715 1666 1874 1704 pecora,
1891 1661 1926 1689 et
1939 1666 2050 1689 omne
2063 1652 2198 1703 reptile

1234 1719 1338 1769 quod
1368 1725 1546 1754 movetur
1565 1729 1681 1767 super
1705 1723 1851 1751 terram
1873 1714 1969 1750 educ
1991 1721 2135 1761 tecum,
2161 1721 2197 1750 et

1233 1780 1392 1816 crescite
1406 1786 1441 1815 et
1461 1777 1779 1827 multiplicamini
1799 1788 1913 1826 super
1939 1782 2095 1812 terram.
2119 1774 2193 1812 Ex-

1234 1838 1349 1891 pende
1374 1838 1432 1875 hic
1451 1837 1520 1876 Dei
1545 1836 1757 1885 bonitatem,
1782 1833 1960 1886 quomodo
1990 1849 2054 1886 per
2074 1835 2194 1872 omnia

1185 1908 1207 1936 Β
1227 1901 1367 1952 justum
1386 1898 1598 1937 consolatur.
1626 1898 1715 1935 Nam
1747 1895 1831 1947 quia
1851 1896 2040 1948 imperavit
2058 1896 2134 1946 illi,
2155 1905 2194 1934 ut

1234 1962 1346 2000 exiret
1364 1975 1408 2000 ex
1424 1974 1505 1998 area
1525 1959 1600 2012 ipse
1614 1989 1624 2009 ,
1646 1967 1680 1996 et
1700 1972 1815 2005 uxor,
1837 1967 1870 1995 et
1893 1957 1980 2004 filii,
2007 1966 2039 1995 et
2063 1971 2192 1995 uxores

1237 2021 1419 2069 filiorum,
1433 2029 1467 2058 et
1484 2018 1605 2057 bestiae
1625 2031 1746 2056 omnes
1765 2033 1773 2053 t
1790 2025 1829 2054 ut
1848 2031 1892 2054 ne
1910 2025 1944 2055 et
1963 2016 2054 2054 istuc
2074 2017 2191 2069 ipsum

1233 2096 1423 2121 moerorem
1443 2080 1599 2131 aliquem
1619 2079 1649 2117 ei
1668 2079 1833 2128 afferret,
1853 2086 1886 2115 et
1903 2077 2051 2114 anxium
2074 2078 2189 2115 relin-

1233 2152 1356 2194 queret
1384 2141 1599 2193 cogitantem
1629 2138 1809 2190 quomodo
1836 2138 1871 2175 in
1895 2137 2088 2175 solitudine
2103 2147 2191 2176 esset

1230 2204 1389 2252 futurus,
1410 2209 1546 2238 tantam
1562 2208 1663 2236 terrae
1682 2197 1909 2236 latitudinem
1928 2197 2025 2235 solus
2045 2197 2188 2234 inhahi-

1229 2273 1326 2312 tans,
1352 2261 1453 2300 nullo
1480 2261 1557 2312 jam
1589 2258 1661 2297 alio
1682 2258 1827 2297 vivente
1859 2273 1866 2294 :
1895 2256 1976 2295 ideo
2001 2266 2189 2309 postquam

1229 2324 1325 2362 dixit
1344 2339 1352 2360 ε
1368 2321 1554 2374 Egredere
1568 2334 1613 2358 ex
1632 2333 1733 2367 arca,
1755 2327 1788 2355 et
1804 2317 1894 2356 educ
1904 2317 2023 2355 omnia
2039 2327 2157 2355 tecum
2180 2335 2186 2354 :

1229 2386 1351 2435 addit,
1375 2386 1545 2423 Crescite
1562 2391 1598 2420 et
1623 2381 1944 2432 multiplicamini
1971 2393 2085 2431 super
2110 2388 2186 2417 ter-

1229 2463 1327 2486 ram.
1344 2446 1441 2487 Vide
1457 2442 1638 2495 quomodo
1650 2443 1771 2494 justus
1789 2441 1849 2478 ille
1860 2440 1978 2478 denuo
1996 2453 2185 2491 supernam

1228 2508 1359 2561 accipit
1377 2504 1665 2545 benedictionem
1681 2532 1691 2551 ,
1711 2516 1818 2552 quam
1837 2509 1917 2539 ante
1935 2500 2185 2551 transgressio-

1228 2585 1310 2609 nem
1338 2575 1521 2620 aeceperat
1549 2564 1679 2602 Adam.
1714 2563 1806 2600 Nam
1840 2562 1931 2598 sieut
1953 2560 2098 2610 quando
2123 2560 2184 2598 ille

1226 2633 1400 2670 formatus
1416 2636 1488 2674 est,
1508 2623 1672 2662 audivit:
1688 2623 1741 2659 Et
1763 2621 1960 2658 benedixit
1980 2623 2034 2658 eis
2054 2621 2176 2667 Deus,
2199 2644 2273 2672 Gen.
2296 2654 2318 2673 ι.
2334 2644 2383 2674 28,

1228 2695 1358 2731 dicens
1376 2705 1386 2726 :
1406 2688 1575 2727 Crescite
1594 2693 1630 2722 et
1646 2682 1984 2733 multiplicamini,
2004 2689 2039 2718 et
2056 2682 2180 2719 domi-

1231 2753 1381 2794 namini
1400 2759 1510 2788 terroe
1527 2763 1537 2782 :
1554 2747 1602 2784 ita
1625 2754 1659 2782 et
1677 2743 1762 2780 huic
1782 2756 1875 2779 nune
1893 2741 2029 2779 dicitur
2050 2757 2058 2778 ε
2080 2743 2177 2780 Cre-

1229 2818 1322 2855 scite
1338 2820 1375 2850 et
1390 2806 1709 2860 multiplicamini
1728 2816 1844 2853 super
1857 2811 2011 2840 terram.
2033 2803 2180 2859 Quippe

1228 2877 1320 2915 sicut
1348 2872 1408 2910 ille
1438 2869 1538 2920 origo
1557 2876 1591 2905 et
1621 2864 1725 2903 radix
1746 2863 1812 2900 fuit
1842 2863 2002 2900 omnium
2023 2863 2086 2914 qui
2106 2864 2177 2901 nuti

1230 2947 1312 2977 sunt
1329 2944 1410 2973 ante
1423 2929 1605 2970 diluvium
1623 2943 1630 2963 τ
1652 2927 1697 2964 ita
1715 2925 1876 2977 etjustus
1894 2924 1952 2962 hic
1967 2925 2177 2962 fermentum

1229 2997 1430 3052 quoddam,
1449 2991 1568 3042 origo,
1591 2998 1625 3027 et
1645 2986 1749 3025 radix
1769 2994 1820 3023 cst
1837 2985 2000 3023 omnium
2019 2986 2079 3036 qui
2100 2995 2178 3038 post

1228 3059 1411 3100 diluvium
1433 3055 1528 3091 fuere
1546 3067 1553 3087 :
1571 3059 1603 3088 et
1620 3048 1706 3086 hinc
1720 3055 1841 3099 postea
1859 3047 2024 3084 liumanae
2049 3048 2179 3085 consti-

1230 3119 1375 3162 tutionis
1390 3112 1608 3170 principium
1624 3111 1758 3147 factum
1775 3117 1836 3146 est.
1852 3109 2020 3146 Creatura
2039 3123 2180 3159 quoque

1177 2710 1200 2741 C

1229 3182 1345 3221 omnis
1364 3191 1468 3217 suum
1489 3172 1623 3225 accepit
1640 3179 1806 3209 ornatum
1819 3200 1828 3216 ‚
1852 3178 1942 3207 terra
1960 3169 2004 3207 ad
2022 3170 2182 3207 ferendos

1233 3246 1369 3282 fructus
1385 3239 1509 3277 idonea
1526 3236 1615 3273 saeta
1634 3241 1703 3278 est,
1717 3231 1858 3282 aliaque
1872 3231 1990 3268 omnia
2006 3245 2085 3281 quae
2106 3246 2184 3283 pro-

1216 3315 1311 3358 ·pter
1333 3293 1743 3340 hominisministerium
1767 3301 1849 3329 sunt
1869 3290 2024 3329 condita.
2049 3292 2110 3331 18.
2130 3294 2181 3329 Et

1234 3375 1406 3418 egressus
1426 3367 1479 3398 est
1501 3358 1598 3401 Noti,
1614 3353 1741 3405 inquit,
1759 3362 1792 3391 et
1811 3366 1907 3390 uxor
1922 3352 2044 3400 illius,
2063 3353 2184 3403 etsilii

2243 2932 2303 2959 Num·
2322 2932 2378 2959 [υῐ-

2194 2981 2324 3002 mentum

2193 3018 2293 3044 muudi
2302 3037 2307 3042 .
