2483 3791
104 285 193 315 psal.
219 287 270 317 35.

101 1522 173 1550 Cen.
193 1531 216 1550 1.
232 1520 282 1551 26.

98 1709 143 1736 Ib.
161 1719 189 1735 v.
212 1715 260 1743 27.

98 2232 284 2273 Ernst-425.

103 2849 131 2868 9..
154 2839 230 2867 Tim.
258 2838 288 2877 4.

102 2890 132 2908 2.

103 2963 171 2991 ΛιΙ.
191 2971 241 2993 20.
260 2977 288 3005 7.

305 178 364 225 86

304 276 404 314 docet
424 276 481 315 his
499 277 622 318 verbis
647 295 654 315 :
680 281 850 321 Declina
868 295 893 320 a
909 285 1028 331 malo,
1052 293 1088 322 et
1102 286 1172 336 sac
1193 287 1253 322 bo-

305 351 413 375 num.
436 337 544 384 Quod
560 339 589 377 si
603 340 639 378 in
657 340 754 380 hunc
772 342 921 381 modum
941 343 1054 382 vitam
1095 353 1253 383 nostram

304 397 574 450 instituerimus,
601 409 634 438 et
652 401 870 440 abstinentiae
890 403 1051 440 ciborum
1072 404 1252 441 abstinen-

305 457 391 495 tiam
417 473 436 497 a
456 460 556 498 vitiis
587 460 867 513 adjunxerimus,
894 463 1090 514 poterimus
1127 472 1160 501 et
1188 477 1251 501 nos
1275 474 1300 507 c

304 519 431 570 majori
452 520 584 558 fiducia
600 521 686 570 frui,
702 531 734 559 et
748 521 947 559 uberiorem
968 537 987 559 a
1001 524 1077 561 Deo
1089 523 1254 577 benigni-

302 588 410 617 tatem
427 581 585 619 obtinere
606 590 639 619 et
652 581 688 618 in
721 581 1048 635 praesentijvitaset
1077 584 1113 622 in
1132 585 1254 624 futuro

301 639 364 677 illo
397 640 456 678 die
482 641 649 689 terribili,
681 642 849 693 precibus
882 651 916 680 et
945 643 1255 686 intercessionibus

301 714 423 738 eorum
452 701 514 751 qui
552 701 621 754 ipsi
649 703 805 741 maxime
831 704 1043 756 placuerunt
1061 722 1068 742 :
1086 707 1198 758 gratia
1221 718 1255 746 et

300 761 520 813 benignitate
533 764 680 802 Domini
696 766 805 803 nostri
819 767 902 805 Jesu
921 767 1069 819 Christi,
1085 782 1166 807 eum
1182 785 1252 821 q-uo

301 822 401 859 Patri
421 822 530 860 simul
545 833 578 862 et
596 825 749 877 Spiritui
768 836 888 865 sancto
904 827 950 865 sit
974 828 1100 879 gloria,
1134 830 1250 883 impe-

301 883 406 932 rium,
425 884 551 933 honor,
571 900 666 925 nunc
684 895 887 940 ettsemper,
903 889 982 929 etin
999 891 1126 929 saecula
1142 906 1251 931 saecu-

301 942 428 983 lorum.
454 946 577 984 Amen.

725 197 744 222 G

725 219 763 228 »ο

637 1271 845 1313 HOMILIA
864 1272 910 1313 X.

298 1390 537 1430 Exhortatio
557 1391 691 1431 culeos
725 1407 819 1445 quos
852 1393 972 1446 pudet
1005 1403 1092 1447 post
1121 1397 1249 1436 cibum

352 1459 520 1489 sumtum
534 1453 716 1490 accedere
735 1454 791 1490 ad
807 1456 1031 1492 concionem
1057 1459 1247 1507 vesperti-

352 1526 458 1559 nam,
473 1515 563 1550 etin
576 1513 769 1565 reliquum
782 1523 931 1552 textum
944 1524 1044 1567 post,
1062 1516 1248 1557 Faciamus

352 1572 532 1611 hominem
558 1573 755 1612 secundum
786 1574 980 1626 imaginem
1010 1587 1183 1624 nostram,
1213 1588 1250 1616 et

351 1629 547 1668 secundum
563 1630 906 1681 similitudinem3et
935 1635 982 1670 de
1011 1636 1071 1673 his
1100 1639 1244 1683 verbis,

351 1690 400 1728 Et
418 1690 500 1728 fecit
520 1692 615 1729 Deus
632 1691 1043 1741 homincm35ecundum
1056 1695 1250 1747 imaginem

350 1750 418 1789 Dei
435 1751 523 1789 fecit
548 1750 677 1803 illum5
699 1752 898 1792 masculum
912 1763 947 1792 et
979 1755 1149 1795 feminam
1169 1757 1251 1796 feeit

352 1812 444 1850 illos.

355 1917 371 1951 1
386 1945 391 1953 ,
411 1914 532 1962 Minor
558 1915 667 1954 hodie
696 1915 800 1956 nobis
833 1929 1030 1959 conventus
1066 1921 1178 1973 adest,
1216 1933 1251 1962 et

299 1976 486 2028 angustius
502 1977 758 2016 confluentium
771 1978 961 2020 theatrum.
979 1982 1066 2035 Cur,
1080 1993 1113 2022 et
1125 1999 1194 2036 qua
1207 1985 1251 2023 de

301 2039 430 2077 causa?
445 2038 618 2076 Fortassis
629 2038 742 2089 aliqui
753 2041 982 2093 erubuerunt,
1001 2054 1081 2096 post
1102 2046 1250 2084 sensibi-

298 2099 368 2137 lem
385 2113 542 2137 mensam
555 2099 602 2136 ad
613 2101 798 2152 spirituale
809 2101 877 2140 hoc
894 2104 1016 2142 venire
1025 2107 1247 2158 convivium,
1273 2117 1298 2148 E

299 2170 333 2199 et
350 2162 427 2200 haee
443 2161 529 2214 ipsis
543 2171 595 2200 est
616 2163 780 2201 ahsentiae
792 2178 901 2202 causa
918 2181 926 2201 t
941 2166 1004 2204 sed
1023 2167 1171 2206 audiant
1189 2183 1248 2207 sa-

300 2223 454 2274 pientem
467 2223 658 2273 quemdam
672 2223 849 2262 dicentem
862 2240 870 2261 :
883 2227 957 2264 Est
971 2229 1150 2280 confusio
1165 2243 1251 2280 quoe

300 2285 450 2322 inducit
475 2293 690 2336 peccatum,
719 2294 757 2323 et
778 2295 835 2324 est
859 2289 1036 2340 confusio
1059 2290 1187 2341 gloria
1215 2299 1252 2328 et

297 2348 439 2398 gratia.
455 2346 535 2383 Non
569 2355 620 2382 est
642 2346 851 2385 confusione
869 2347 1044 2400 dignum,
1075 2364 1156 2388 enm
1189 2351 1251 2402 qui

302 2406 499 2458 corporalis
515 2420 644 2445 mensae
663 2407 844 2460 particeps
875 2409 954 2458 fuit,
983 2409 1029 2448 ad
1065 2411 1252 2464 spirituale

301 2467 508 2506 convivium
526 2468 751 2507 venire.Non
767 2469 862 2507 enim
881 2479 919 2522 ut
938 2470 1104 2509 humanae
1118 2486 1188 2523 res,
1200 2473 1250 2511 ita

301 2538 333 2566 et
343 2528 545 2581 spirituales
556 2529 665 2568 defini
670 2529 714 2567 tis
726 2531 947 2583 temporibus
963 2531 1139 2571 distinctae
1151 2543 1246 2572 sunt.

300 2590 465 2629 Sermoni
485 2591 581 2629 enim
599 2591 779 2644 spirituali
795 2607 899 2631 omne
915 2593 988 2631 dici
1010 2602 1149 2646 tempus
1170 2594 1249 2633 ido-

300 2665 407 2689 neum
421 2652 537 2690 suerit.
558 2651 605 2690 Et
625 2652 713 2704 quid
744 2653 825 2692 dico
853 2653 926 2692 diei
945 2657 1109 2708 tempus?
1127 2659 1250 2708 Neque

302 2712 330 2750 si
351 2726 423 2751 nox
440 2713 596 2765 ingruat,
612 2714 834 2766 spiritualem
855 2715 1054 2756 doctrinam
1081 2718 1244 2770 impedit.

303 2774 492 2825 Propterea
513 2784 545 2812 et
562 2775 753 2813 Timotheo
779 2776 854 2814 haee
879 2777 1056 2816 scribebat
1086 2780 1219 2816 Paulus
1241 2796 1248 2816 :

303 2836 415 2872 Insta
436 2845 658 2887 opportune,
675 2840 891 2889 importune
907 2855 918 2875 .·
937 2853 1066 2891 argue,
1081 2843 1249 2892 increpa,

305 2898 475 2934 obsecra.
497 2896 542 2934 Et
558 2897 686 2935 iterum
707 2898 793 2936 audi
809 2899 953 2937 beatum
975 2901 1108 2942 Lucam
1125 2901 1247 2939 dicen-

304 2966 374 2995 tem
398 2973 405 2993 :
420 2958 668 2996 Discessurus
683 2962 853 2997 crastino
867 2961 1021 2999 Paulus
1039 2975 1065 2999 α
1082 2963 1246 3009 Troade,

303 3019 511 3055 disserebat
528 3020 594 3062 eis,
610 3027 645 3055 et
664 3033 875 3058 sermonem
909 3021 1092 3072 produxit
1130 3035 1249 3074 usque

304 3078 359 3114 ad
377 3078 543 3114 mediam
565 3086 724 3115 noctem.
757 3079 941 3130 Numquid
962 3089 1100 3133 tempus
1119 3081 1247 3128 obfuit,

300 3137 374 3187 die,
395 3137 539 3187 quaeso?
562 3151 647 3174 num
660 3137 827 3176 doctrina:
846 3154 1043 3179 sermonem
1053 3141 1217 3194 praecidit
1230 3142 1248 3179 Ξ)

299 3198 469 3249 vigilans
488 3206 521 3235 ‹rt
540 3207 692 3236 attentus
712 3199 854 3238 auditor
871 3201 975 3239 ctiam
993 3216 1157 3255 pransus,
1179 3203 1246 3242 hoc

296 3260 472 3312 spirituali
503 3269 674 3297 conventu
699 3259 828 3310 (lignus
848 3271 918 3309 est;
957 3263 1104 3315 parique
1138 3265 1244 3306 modo

337 3392 349 3411 ’-
368 3391 444 3432 ung.
467 3401 547 3424 unus
564 3395 775 3434 222ffi=8v2km

800 199 978 231 JOANNIS
1013 201 1254 233 CHRYSOST.
1295 203 1498 236 ARCHIEP.
1535 207 1886 241 CONSTANTINOP-

1327 295 1439 345 μένων
1473 297 1713 349 ἐπειγώμεθα,
1741 301 1801 340 καὶ
1823 302 2038 356 ἀπεχώμεθα
2061 303 2122 354 μὲν
2144 305 2261 354 πάσης
2280 324 2350 347 κα·-

1325 355 1425 402 κίας,
1445 357 1620 408 μετίωμεν
1650 359 1684 398 δὲ
1711 368 1828 400 πᾶσαν
1851 363 1990 414 ἀρετήν.
2021 363 2124 403 Οὕτω
2153 366 2221 420 γὰρ
2249 368 2307 406 καὶ
2331 374 2350 408 ὁ

1326 416 1498 470 μακάριος
1519 419 1700 471 προφήτης
1718 422 1828 460 Δαυὶδ
1843 423 1998 462 διδάσκει
2011 425 2140 475 λέγων’
2162 426 2350 467 ’Έκκλινον

1326 475 1397 514 ἀπὸ
1417 481 1547 526 κακοῦ,
1573 479 1633 517 καὶ
1660 480 1804 528 ποίησον
1838 484 1977 535 ἀγαθόν.
2004 484 2064 523 Ἂν
2085 485 2174 524 οὕτω
2198 488 2242 526 τὰ
2271 492 2348 527 καθ’

1325 537 1468 582 ἑαυτοὺς
1498 541 1748 592 οἷκονομῶμεν,
1785 543 1845 580 καὶ
1882 544 1971 594 μετὰ
2009 549 2071 592 τῆς
2105 550 2241 600 ἀποχῆς
2280 552 2350 588 τῶν

1331 598 1527 652 βρωμάτων
1542 601 1601 640 καὶ
1615 602 1678 649 τὴν
1696 603 1833 656 ἀποχὴν
1851 608 1913 652 τῆς
1933 605 2060 650 κακίας
2080 608 2352 660 ἐπιδειξώμεθα,

1328 661 1545 713 δυνησόμεθα
1575 663 1634 702 καὶ
1661 665 1758 702 αὐτοὶ
1786 665 1943 709 πλείονος
1960 663 2157 706 ἀπολαῦσαι
2178 673 2239 716 τῆς
2262 674 2354 723 παῤ-

1329 721 1472 772 ῥησίας,
1505 723 1564 761 καὶ
1583 722 1833 778 δαψιλεστέρας
1852 725 2040 773 ἀξιωθῆναι
2069 732 2130 776 τῆς
2164 730 2261 782 παρὰ
2290 735 2351 770 τοῦ

1325 784 1417 821 Θεοῦ
1441 785 1722 837 φιλανθρωπίας,
1741 787 1800 825 καὶ
1819 789 1854 826 ἐν
1876 791 1926 841 τῷ
1944 789 2091 840 παρόντι
2113 791 2178 844 βίῳ
2192 821 2202 839 ,
2225 793 2284 830 καὶ
2314 796 2350 832 ἐν

1324 845 1368 894 τῇ
1401 844 1575 898 μελλούσῃ
1609 847 1726 900 ἡμέρα
1758 848 1871 901 ἐκείνῃ
1902 852 1944 901 τῇ
1972 850 2123 904 φοὲερᾷ,
2153 853 2272 905 εὐχαῖς
2290 853 2350 891 καὶ

1323 904 1524 957 πρεσὸείαις
1556 911 1624 945 τῶν
1662 909 1969 961 εὐαρεστησάντων
2002 913 2115 963 αὐτῷ,
2147 913 2267 966 χάριτι
2289 913 2349 951 καὶ

1324 966 1574 1018 φιλανθρωπίᾳ.
1591 972 1650 1006 τοῦ
1676 969 1804 1021 Κυρίου
1818 972 1918 1020 ἡμῶν
1940 970 2057 1017 Ἰησοῦ
2079 972 2251 1023 Χριστοῦ,
2273 974 2349 1023 μεθ’

1324 1020 1362 1062 οἷ
1383 1027 1432 1077 τῷ
1453 1027 1589 1081 Πατρὶ,
1609 1030 1685 1079 ἅμα
1703 1032 1754 1081 τῷ
1772 1030 1862 1082 ἁγίῳ
1876 1030 2062 1082 Πνεύματι
2079 1031 2159 1075 δόξα
2171 1061 2180 1078 ,
2206 1033 2350 1084 κράτος,
2397 1029 2399 1034 ⁴

1323 1085 1431 1136 τιμὴ,
1463 1090 1521 1125 νῦν
1549 1090 1608 1126 καὶ
1629 1091 1700 1139 ἀεὶ,
1717 1091 1776 1128 καὶ
1797 1093 1843 1135 εἷς
1869 1091 1947 1135 τοὺς
1960 1095 2095 1136 αἰῶνας
2113 1095 2181 1131 τῶν
2202 1093 2350 1133 αἰώνων.

1325 1145 1444 1195 Ἀμήν.

1717 1282 1898 1321 ΟΜΙΑΙΑ
1930 1281 1963 1320 ι’.

1324 1400 1514 1453 Προτροπὴ
1534 1403 1620 1454 πρὸς
1641 1403 1719 1446 τοὺς
1745 1405 1973 1457 ἐρυθριῶντας
1996 1405 2085 1456 μετὰ
2103 1405 2166 1451 τὴν
2193 1407 2349 1446 ἑστίασιν

1373 1461 1614 1513 Ι’παραὸαλεῖν
1637 1467 1679 1514 τῇ
1699 1463 1836 1508 συνάξει
1851 1465 1941 1503 κατὰ
1956 1464 2019 1511 τὴν
2036 1466 2200 1519 ἑσπέραν,
2221 1467 2280 1505 καὶ
2300 1470 2349 1511 εἷς

1374 1523 1418 1561 τὰ
1447 1523 1523 1570 ἑξῆς
1553 1529 1630 1570 τοῦ,
1665 1525 1878 1578 Ποιήσωμεν
1909 1526 2088 1578 ἄνθρωπον
2119 1530 2195 1565 κατ’
2231 1528 2349 1567 εἰκόνα

1373 1585 1562 1636 ἡμετέραν,
1596 1586 1654 1623 καὶ
1687 1589 1763 1625 καθ’
1798 1588 1985 1638 ὁμοίωσιν·
2014 1588 2074 1625 καὶ
2109 1591 2156 1631 εἷς
2183 1590 2241 1637 τὸ,
2277 1590 2348 1628 Καὶ

1377 1646 1537 1693 ἐποίησεν
1558 1650 1575 1685 ὃ
1595 1649 1684 1691 Θεὸς
1715 1648 1770 1686 τὸν
1795 1648 1973 1699 ἄνθρωπον
1986 1664 1993 1672 ·
2014 1652 2091 1686 κατ’
2119 1650 2234 1689 εἰκόνα
2255 1652 2350 1689 Θεοῦ

1376 1706 1537 1754 ἐποίησεν
1560 1707 1684 1746 αὐτόν·
1706 1708 1809 1761 ἄρσεν
1834 1709 1893 1747 καὶ
1918 1711 2003 1757 Οῆλυ
2029 1709 2190 1757 ἐποίησεν
2212 1710 2346 1756 αὐτούς.

1375 1926 1554 1965 ’Ἐλάττων
1571 1928 1654 1977 ἡμῖν
1672 1929 1688 1965 ὁ
1709 1927 1874 1978 σύλλογος
1895 1927 2061 1979 σήμερον,
2091 1926 2150 1966 καὶ
2172 1926 2285 1980 βραχὺ
2306 1928 2349 1967 τὸ

1323 1987 1463 2040 θέατρον
1483 1989 1551 2025 τῶν
1573 1987 1917 2040 συνδεδραμηκότων.
1938 1986 2041 2032 Τίνος
2061 1987 2192 2035 ἕνεκεν,
2214 1989 2273 2026 καὶ
2289 1988 2347 2027 διὰ

1322 2048 1373 2097 τί,
1394 2047 1500 2099 Τάχα
1517 2047 1605 2090 τινὲς
1619 2049 1832 2100 ἠρυθρίασαν
1857 2047 1945 2099 μετὰ
1962 2048 2025 2096 τὴν
2058 2048 2227 2096 αἰσθητὴν
2254 2050 2345 2103 ’τρά-

1323 2112 1428 2154 πεζαν
1449 2112 1496 2152 εἷς
1510 2109 1573 2155 τὴν
1603 2110 1842 2160 πνευματικὴν
1863 2109 1993 2155 ταύτην
2011 2109 2165 2148 ἑστίασιν
2185 2126 2345 2163 παραγε-

1322 2171 1459 2219 νέσθαι,
1479 2170 1539 2208 καὶ
1566 2175 1666 2208 τοῦτο
1692 2173 1804 2212 αὐτοῖς
1828 2169 1936 2207 αἴτιον
1966 2170 2147 2221 γεγένηται
2171 2173 2234 2216 τ’ῆς
2256 2173 2344 2210 ἀπο-

1322 2231 1467 2283 λείψεως
1483 2248 1490 2255 ·
1526 2233 1602 2270 ἀλλ’
1642 2229 1859 2269 ἀκουέτωσαν
1901 2235 2006 2282 σοφοῦ
2039 2247 2129 2274 τινος
2159 2231 2319 2282 λέγοντος
2334 2248 2343 2255 ·

1321 2291 1444 2332 Ἔστιν
1465 2291 1611 2344 αἰσχύνη
1628 2291 1806 2342 ἐπάγουσα
1829 2291 2016 2344 ἁμαρτίαν,
2033 2291 2092 2329 καὶ
2108 2292 2199 2330 ἔστιν
2220 2293 2343 2344 αἰσχύ-

1322 2369 1364 2400 νη
1381 2353 1461 2397 δόξα
1481 2352 1540 2390 καὶ
1556 2353 1670 2405 χάρις.
1685 2353 1762 2390 Οὐκ
1778 2351 1870 2389 ἔστιν
1886 2351 2054 2403 αἰσχύνης
2070 2351 2180 2399 ἄξιον,
2206 2353 2342 2404 τραπέ-

1321 2417 1382 2461 ζης
1397 2414 1619 2466 μετασχόντα
1637 2415 1841 2463 σωματικῆς
1861 2415 1968 2451 ἐλθεῖν
1991 2412 2048 2454 ἐπὶ
2067 2412 2129 2460 τὴν
2154 2429 2343 2464 πνευματι-

1322 2474 1388 2521 κὴν
1402 2474 1571 2513 ἑστίασιν.
1587 2473 1680 2512 Οὐδὲ
1696 2473 1763 2525 γὰρ
1778 2473 1935 2525 καθάπερ
1957 2473 2001 2511 τὰ
2028 2473 2226 2526 ἀνθρώπινα
2246 2474 2342 2526 πρά-

1321 2551 1461 2587 γματα,
1482 2534 1570 2572 οὕτω
1595 2534 1655 2573 καὶ
1675 2533 1720 2572 τὰ
1739 2533 1962 2584 πνευματικὰ
1991 2541 2123 2587 καιροῖς
2147 2535 2346 2587 ἀφωρισμέ-

1320 2611 1390 2639 νοις
1421 2595 1683 2634 διατετύπωται.
1713 2594 1759 2634 ‘H
1787 2595 1855 2648 γὰρ
1889 2594 1968 2648 περὶ
1997 2598 2065 2633 τῶν
2098 2598 2343 2645 πνευματικῶν

1323 2655 1470 2699 διάλεξις
1504 2654 1619 2692 πάντα
1650 2657 1712 2700 τῆς
1746 2654 1879 2706 ἡμέρας
1911 2653 1968 2691 τὸν
2000 2653 2117 2705 καιρὸν
2150 2652 2342 2700 ἐπιτήδειον

1322 2716 1406 2768 ἔχει.
1431 2716 1501 2754 Καὶ
1520 2716 1554 2753 τί
1580 2715 1671 2767 λέγω
1692 2718 1755 2761 τῆς
1772 2718 1805 2765 ἡΔ
1828 2714 1907 2767 έρας
1931 2713 1988 2752 τὸν
2007 2713 2155 2767 καιρόν;
2177 2714 2251 2752 Κᾶν
2284 2713 2344 2758 νὺξ

1322 2778 1525 2829 καταλάὸη,
1546 2776 1623 2815 οὐδὲ
1639 2775 1729 2814 οὕτω
1748 2775 1896 2826 κώλυμα
1914 2774 2048 2826 γίνεται
2066 2778 2108 2826 τῇ
2123 2778 2341 2826 πνευματικῇ

1323 2838 1541 2890 διδασκαλίᾳ.
1568 2837 1636 2875 Διὰ
1662 2842 1762 2876 τοῦτο
1789 2836 1849 2874 καὶ
1867 2838 1885 2874 ὁ
1905 2837 2044 2880 Παῦλος
2064 2836 2159 2888 ἔλεγε
2178 2834 2342 2888 Τιμοθέῳ

1322 2900 1464 2952 γράφων
1478 2915 1486 2922 ·
1521 2898 1708 2946 Ἐπίστηθι
1743 2897 1933 2950 εὐκαίρως,
1977 2897 2148 2949 ἀκαίρως·
2180 2896 2314 2949 ἔλεγξον
2328 2926 2341 2944 ,

1322 2961 1542 3011 ἐπιτίμησον,
1586 2960 1843 3012 παρακάλεσον.
1892 2959 1962 2997 Καὶ
2000 2959 2105 2997 πάλιν
2147 2958 2250 2996 ἄκουε
2281 2962 2341 2997 τοῦ

1323 3021 1494 3074 μακαρίου
1511 3023 1630 3059 Αουκᾶ
1648 3020 1826 3072 λέγοντος,
1840 3020 1893 3058 ὅτι
1907 3019 2057 3059 Μέλλων
2077 3019 2220 3067 ἐξιέναι,
2234 3019 2340 3071 φησὶ,

1319 3085 1362 3134 τῇ
1391 3083 1553 3136 ἐπαύριον
1575 3086 1592 3120 ὁ
1612 3083 1753 3126 Παῦλος
1784 3083 1853 3120 ἀπὸ
1872 3085 1933 3128 τ’ῆς
1965 3081 2148 3133 Τρωάδος,
2170 3080 2340 3131 διελέγετο

1320 3145 1451 3192 αὐτοῖς,
1480 3143 1539 3181 καίΙ
1565 3143 1747 3197 παρέτεινε
1770 3144 1827 3182 τὸν
1853 3142 1955 3192 λόγον
1977 3143 2080 3193 μέχρι
2101 3140 2337 3191 μεσονυκτίου.

1320 3205 1381 3251 Μή
1407 3221 1441 3242 τι
1465 3207 1482 3242 ὁ
1510 3204 1628 3255 καιρὸς
1648 3204 1864 3253 ἐλυμήνατο,
1886 3202 1961 3241 εἶπέ
1985 3201 2103 3251 μοι,ἢ
2127 3201 2264 3252 διέκοψε
2280 3200 2337 3238 τὸν

1319 3267 1380 3309 τῆς
1419 3264 1642 3309 διδασκαλίας
1672 3264 1792 3315 λόγους
1824 3264 1868 3301 ‘O
1902 3264 2016 3314 νήφων
2051 3262 2244 3314 ἀκροατὴς,
2273 3261 2337 3299 κᾶν
