<?xml version="1.0" encoding="UTF-8"?>
<!DOCTYPE html PUBLIC "-//W3C//DTD XHTML 1.0 Transitional//EN"
    "http://www.w3.org/TR/xhtml1/DTD/xhtml1-transitional.dtd">
<html xmlns="http://www.w3.org/1999/xhtml" xml:lang="en" lang="en">
 <head>
  <title>
</title>
<meta http-equiv="Content-Type" content="text/html;charset=utf-8" />
  <meta name='ocr-system' content='tesseract 3.04.00' />
  <meta name='ocr-capabilities' content='ocr_page ocr_carea ocr_par ocr_line ocrx_word'/>
</head>
<body>
  <div class='ocr_page' id='page_1' title='image "./operaomniaquaeex04johnuoft/operaomniaquaeex04johnuoft_0450.png"; bbox 0 0 2516 3791; ppageno 0'>
   <div class='ocr_carea' id='block_1_1' title="bbox 335 106 427 164">
    <p class='ocr_par' dir='ltr' id='par_1_1' title="bbox 335 106 427 164">
     <span class='ocr_line' id='line_1_1' title="bbox 335 106 427 164; baseline 0 -13"><span class='ocrx_word' id='word_1_1' title='bbox 335 106 427 164; x_wconf 67' lang='lat'><strong>430</strong></span> 
     </span>
    </p>
   </div>
   <div class='ocr_carea' id='block_1_2' title="bbox 333 195 1287 492">
    <p class='ocr_par' dir='ltr' id='par_1_2' title="bbox 333 195 1287 492">
     <span class='ocr_line' id='line_1_2' title="bbox 334 195 1286 254; baseline -0.013 -13"><span class='ocrx_word' id='word_1_2' title='bbox 334 217 371 242; x_wconf 91' lang='lat' dir='ltr'><strong>se</strong></span> <span class='ocrx_word' id='word_1_3' title='bbox 387 215 469 240; x_wconf 89' lang='lat' dir='ltr'><strong>eum</strong></span> <span class='ocrx_word' id='word_1_4' title='bbox 479 202 541 253; x_wconf 88' lang='lat' dir='ltr'><strong>qui</strong></span> <span class='ocrx_word' id='word_1_5' title='bbox 551 201 613 240; x_wconf 90' lang='lat' dir='ltr'><strong>illa</strong></span> <span class='ocrx_word' id='word_1_6' title='bbox 626 198 804 254; x_wconf 87' lang='lat' dir='ltr'>promisit,</span> <span class='ocrx_word' id='word_1_7' title='bbox 813 212 940 250; x_wconf 89' lang='lat' dir='ltr'><strong>magna</strong></span> <span class='ocrx_word' id='word_1_8' title='bbox 951 195 1132 234; x_wconf 81' lang='lat' dir='ltr'><strong>alacritate</strong></span> <span class='ocrx_word' id='word_1_9' title='bbox 1145 207 1286 246; x_wconf 84' lang='lat' dir='ltr'><strong>praepa-</strong></span> 
     </span>
     <span class='ocr_line' id='line_1_3' title="bbox 333 252 1286 310; baseline -0.014 -9"><span class='ocrx_word' id='word_1_10' title='bbox 333 277 452 301; x_wconf 84' lang='lat' dir='ltr'><strong>remus</strong></span> <span class='ocrx_word' id='word_1_11' title='bbox 465 276 530 300; x_wconf 92' lang='lat' dir='ltr'><strong>nos</strong></span> <span class='ocrx_word' id='word_1_12' title='bbox 542 262 590 300; x_wconf 88' lang='lat' dir='ltr'><strong>ad</strong></span> <span class='ocrx_word' id='word_1_13' title='bbox 609 261 753 299; x_wconf 89' lang='lat' dir='ltr'><strong>virtutis</strong></span> <span class='ocrx_word' id='word_1_14' title='bbox 767 271 909 310; x_wconf 81' lang='lat' dir='ltr'>agones,</span> <span class='ocrx_word' id='word_1_15' title='bbox 925 265 964 293; x_wconf 90' lang='lat' dir='ltr'><strong>ut</strong></span> <span class='ocrx_word' id='word_1_16' title='bbox 978 265 1011 293; x_wconf 93' lang='lat' dir='ltr'><strong>et</strong></span> <span class='ocrx_word' id='word_1_17' title='bbox 1027 253 1210 305; x_wconf 80' lang='lat' dir='ltr'>promissis</span> <span class='ocrx_word' id='word_1_18' title='bbox 1222 252 1286 289; x_wconf 79' lang='lat' dir='ltr'><strong>bo·</strong></span> 
     </span>
     <span class='ocr_line' id='line_1_4' title="bbox 333 310 1287 375; baseline -0.015 -14"><span class='ocrx_word' id='word_1_19' title='bbox 333 323 389 361; x_wconf 90' lang='lat' dir='ltr'><strong>nis</strong></span> <span class='ocrx_word' id='word_1_20' title='bbox 398 323 468 360; x_wconf 85' lang='lat' dir='ltr'><strong>frui</strong></span> <span class='ocrx_word' id='word_1_21' title='bbox 478 322 667 375; x_wconf 87' lang='lat' dir='ltr'><strong>possimus,</strong></span> <span class='ocrx_word' id='word_1_22' title='bbox 674 329 708 358; x_wconf 90' lang='lat' dir='ltr'><strong>et</strong></span> <span class='ocrx_word' id='word_1_23' title='bbox 717 334 760 357; x_wconf 91' lang='lat' dir='ltr'><strong>ne</strong></span> <span class='ocrx_word' id='word_1_24' title='bbox 767 317 870 356; x_wconf 88' lang='lat' dir='ltr'><strong>saluti</strong></span> <span class='ocrx_word' id='word_1_25' title='bbox 880 324 1006 353; x_wconf 88' lang='lat' dir='ltr'><strong>nostrae</strong></span> <span class='ocrx_word' id='word_1_26' title='bbox 1020 322 1054 350; x_wconf 88' lang='lat' dir='ltr'><strong>et</strong></span> <span class='ocrx_word' id='word_1_27' title='bbox 1063 312 1168 349; x_wconf 89' lang='lat' dir='ltr'><strong>tantis</strong></span> <span class='ocrx_word' id='word_1_28' title='bbox 1183 310 1287 349; x_wconf 90' lang='lat' dir='ltr'><strong>bonis</strong></span> 
     </span>
     <span class='ocr_line' id='line_1_5' title="bbox 335 370 1287 435; baseline -0.016 -13"><span class='ocrx_word' id='word_1_29' title='bbox 335 392 559 435; x_wconf 84' lang='lat' dir='ltr'><strong>temporanea</strong></span> <span class='ocrx_word' id='word_1_30' title='bbox 581 381 820 433; x_wconf 69' lang='lat' dir='ltr'><strong>praeferamus,</strong></span> <span class='ocrx_word' id='word_1_31' title='bbox 840 388 954 424; x_wconf 91' lang='lat' dir='ltr'><strong>neque</strong></span> <span class='ocrx_word' id='word_1_32' title='bbox 972 372 1168 423; x_wconf 83' lang='lat' dir='ltr'><strong>cogitemus</strong></span> <span class='ocrx_word' id='word_1_33' title='bbox 1186 370 1287 409; x_wconf 91' lang='lat' dir='ltr'><strong>labo-</strong></span> 
     </span>
     <span class='ocr_line' id='line_1_6' title="bbox 336 437 1287 492; baseline -0.017 -7"><span class='ocrx_word' id='word_1_34' title='bbox 336 460 393 484; x_wconf 86' lang='lat' dir='ltr'><strong>res</strong></span> <span class='ocrx_word' id='word_1_35' title='bbox 405 445 563 489; x_wconf 86' lang='lat' dir='ltr'><strong>virtutis,</strong></span> <span class='ocrx_word' id='word_1_36' title='bbox 582 442 643 480; x_wconf 87' lang='lat' dir='ltr'><strong>sed</strong></span> <span class='ocrx_word' id='word_1_37' title='bbox 661 438 808 492; x_wconf 86' lang='lat' dir='ltr'><strong>praemia</strong></span> <span class='ocrx_word' id='word_1_38' title='bbox 822 437 858 475; x_wconf 91' lang='lat' dir='ltr'><strong>in</strong></span> <span class='ocrx_word' id='word_1_39' title='bbox 876 445 993 474; x_wconf 87' lang='lat' dir='ltr'><strong>mente</strong></span> <span class='ocrx_word' id='word_1_40' title='bbox 1007 447 1181 487; x_wconf 86' lang='lat' dir='ltr'><strong>ponamus</strong></span> <span class='ocrx_word' id='word_1_41' title='bbox 1194 448 1206 483; x_wconf 86' lang='lat'>;</span> <span class='ocrx_word' id='word_1_42' title='bbox 1226 448 1287 472; x_wconf 88' lang='lat' dir='ltr'><strong>ne-</strong></span> 
     </span>
    </p>
   </div>
   <div class='ocr_carea' id='block_1_3' title="bbox 197 494 1288 556">
    <p class='ocr_par' dir='ltr' id='par_1_3' title="bbox 197 494 1288 556">
     <span class='ocr_line' id='line_1_7' title="bbox 197 494 1288 556; baseline -0.012 -12"><span class='ocrx_word' id='word_1_43' title='bbox 197 514 326 543; x_wconf 76' lang='lat' dir='ltr'><strong>Virtutis</strong></span> <span class='ocrx_word' id='word_1_44' title='bbox 340 519 408 556; x_wconf 84' lang='lat' dir='ltr'><strong>qne</strong></span> <span class='ocrx_word' id='word_1_45' title='bbox 430 503 661 555; x_wconf 82' lang='lat' dir='ltr'>pecuniarum</span> <span class='ocrx_word' id='word_1_46' title='bbox 686 507 824 536; x_wconf 87' lang='lat' dir='ltr'><strong>sumtus</strong></span> <span class='ocrx_word' id='word_1_47' title='bbox 857 505 997 534; x_wconf 88' lang='lat' dir='ltr'><strong>tantum</strong></span> <span class='ocrx_word' id='word_1_48' title='bbox 1026 504 1236 547; x_wconf 86' lang='lat' dir='ltr'><strong>spectemus,</strong></span> <span class='ocrx_word' id='word_1_49' title='bbox 1259 494 1288 532; x_wconf 90' lang='lat' dir='ltr'><strong>si</strong></span> 
     </span>
    </p>
   </div>
   <div class='ocr_carea' id='block_1_4' title="bbox 136 559 325 629">
    <p class='ocr_par' dir='ltr' id='par_1_4' title="bbox 136 559 325 629">
     <span class='ocr_line' id='line_1_8' title="bbox 136 559 325 587; baseline -0.026 0"><span class='ocrx_word' id='word_1_50' title='bbox 136 559 259 587; x_wconf 72' lang='lat' dir='ltr'><strong>studiosi</strong></span> <span class='ocrx_word' id='word_1_51' title='bbox 270 566 325 583; x_wconf 87' lang='lat' dir='ltr'><strong>non</strong></span> 
     </span>
     <span class='ocr_line' id='line_1_9' title="bbox 136 596 324 629; baseline -0.021 -1"><span class='ocrx_word' id='word_1_52' title='bbox 136 600 262 629; x_wconf 76' lang='lat' dir='ltr'><strong>labores,</strong></span> <span class='ocrx_word' id='word_1_53' title='bbox 277 596 324 622; x_wconf 84' lang='lat' dir='ltr'><strong>sed</strong></span> 
     </span>
    </p>
   </div>
   <div class='ocr_carea' id='block_1_5' title="bbox 340 554 1288 615">
    <p class='ocr_par' dir='ltr' id='par_1_5' title="bbox 340 554 1288 615">
     <span class='ocr_line' id='line_1_10' title="bbox 340 554 1288 615; baseline -0.011 -14"><span class='ocrx_word' id='word_1_54' title='bbox 340 562 481 615; x_wconf 91' lang='lat' dir='ltr'><strong>quando</strong></span> <span class='ocrx_word' id='word_1_55' title='bbox 495 575 582 613; x_wconf 90' lang='lat' dir='ltr'><strong>opus</strong></span> <span class='ocrx_word' id='word_1_56' title='bbox 591 569 644 598; x_wconf 87' lang='lat' dir='ltr'><strong>est</strong></span> <span class='ocrx_word' id='word_1_57' title='bbox 663 573 719 597; x_wconf 86' lang='lat' dir='ltr'><strong>eas</strong></span> <span class='ocrx_word' id='word_1_58' title='bbox 735 557 952 611; x_wconf 88' lang='lat' dir='ltr'><strong>pauperihus</strong></span> <span class='ocrx_word' id='word_1_59' title='bbox 967 569 1126 607; x_wconf 88' lang='lat' dir='ltr'><strong>erogare,</strong></span> <span class='ocrx_word' id='word_1_60' title='bbox 1144 554 1205 592; x_wconf 86' lang='lat' dir='ltr'><strong>sed</strong></span> <span class='ocrx_word' id='word_1_61' title='bbox 1218 569 1288 607; x_wconf 91' lang='lat' dir='ltr'><strong>po·—</strong></span> 
     </span>
    </p>
   </div>
   <div class='ocr_carea' id='block_1_6' title="bbox 136 615 1292 730">
    <p class='ocr_par' dir='ltr' id='par_1_6' title="bbox 136 615 1292 730">
     <span class='ocr_line' id='line_1_11' title="bbox 137 615 1283 678; baseline -0.012 -12"><span class='ocrx_word' id='word_1_62' title='bbox 137 640 253 678; x_wconf 68' lang='lat' dir='ltr'><strong>praemia</strong></span> <span class='ocrx_word' id='word_1_63' title='bbox 270 636 325 663; x_wconf 75' lang='lat' dir='ltr'><strong>sibi</strong></span> <span class='ocrx_word' id='word_1_64' title='bbox 340 634 410 661; x_wconf 80' lang='lat' dir='ltr'><strong>tius</strong></span> <span class='ocrx_word' id='word_1_65' title='bbox 426 630 578 673; x_wconf 89' lang='lat' dir='ltr'><strong>quantus</strong></span> <span class='ocrx_word' id='word_1_66' title='bbox 605 619 689 658; x_wconf 91' lang='lat' dir='ltr'><strong>inde</strong></span> <span class='ocrx_word' id='word_1_67' title='bbox 707 618 809 656; x_wconf 87' lang='lat' dir='ltr'><strong>nobis</strong></span> <span class='ocrx_word' id='word_1_68' title='bbox 826 626 1022 670; x_wconf 80' lang='lat' dir='ltr'><strong>proventus</strong></span> <span class='ocrx_word' id='word_1_69' title='bbox 1041 625 1215 654; x_wconf 87' lang='lat' dir='ltr'><strong>nascatur.</strong></span> <span class='ocrx_word' id='word_1_70' title='bbox 1231 615 1283 653; x_wconf 88' lang='lat' dir='ltr'><strong>Ea</strong></span> 
     </span>
     <span class='ocr_line' id='line_1_12' title="bbox 136 675 1292 730; baseline -0.009 -7"><span class='ocrx_word' id='word_1_71' title='bbox 136 684 323 718; x_wconf 64' lang='lat' dir='ltr'><strong>P‘0P0mffl1·</strong></span> <span class='ocrx_word' id='word_1_72' title='bbox 337 683 431 721; x_wconf 91' lang='lat' dir='ltr'><strong>enim</strong></span> <span class='ocrx_word' id='word_1_73' title='bbox 451 681 497 720; x_wconf 93' lang='lat' dir='ltr'><strong>de</strong></span> <span class='ocrx_word' id='word_1_74' title='bbox 512 695 617 719; x_wconf 85' lang='lat' dir='ltr'><strong>causa</strong></span> <span class='ocrx_word' id='word_1_75' title='bbox 639 678 764 718; x_wconf 90' lang='lat' dir='ltr'><strong>semini</strong></span> <span class='ocrx_word' id='word_1_76' title='bbox 790 678 1051 730; x_wconf 80' lang='lat' dir='ltr'><strong>eleemosynam</strong></span> <span class='ocrx_word' id='word_1_77' title='bbox 1070 675 1292 728; x_wconf 88' lang='lat' dir='ltr'><strong>comparavit</strong></span> 
     </span>
    </p>
   </div>
   <div class='ocr_carea' id='block_1_7' title="bbox 151 2514 315 2591">
    <p class='ocr_par' dir='ltr' id='par_1_7' title="bbox 151 2514 315 2591">
     <span class='ocr_line' id='line_1_13' title="bbox 151 2514 315 2542; baseline -0.018 0"><span class='ocrx_word' id='word_1_78' title='bbox 151 2514 241 2542; x_wconf 76' lang='lat' dir='ltr'><strong>llebr.</strong></span> <span class='ocrx_word' id='word_1_79' title='bbox 270 2520 315 2540; x_wconf 68' lang='grc' dir='ltr'><strong>ιε.</strong></span> 
     </span>
     <span class='ocr_line' id='line_1_14' title="bbox 156 2557 202 2591; baseline 0 -8"><span class='ocrx_word' id='word_1_80' title='bbox 156 2557 202 2591; x_wconf 66' lang='grc'><strong>14.</strong></span> 
     </span>
    </p>
   </div>
   <div class='ocr_carea' id='block_1_8' title="bbox 335 737 1305 2496">
    <p class='ocr_par' dir='ltr' id='par_1_8' title="bbox 335 737 1305 2496">
     <span class='ocr_line' id='line_1_15' title="bbox 336 737 1289 793; baseline -0.007 -13"><span class='ocrx_word' id='word_1_81' title='bbox 336 742 461 781; x_wconf 82' lang='lat' dir='ltr'><strong>divina</strong></span> <span class='ocrx_word' id='word_1_82' title='bbox 475 741 677 793; x_wconf 75' lang='lat' dir='ltr'><strong>Scriptura,</strong></span> <span class='ocrx_word' id='word_1_83' title='bbox 691 748 731 777; x_wconf 91' lang='lat' dir='ltr'><strong>ut</strong></span> <span class='ocrx_word' id='word_1_84' title='bbox 745 753 825 777; x_wconf 91' lang='lat' dir='ltr'><strong>cum</strong></span> <span class='ocrx_word' id='word_1_85' title='bbox 838 737 969 790; x_wconf 86' lang='lat' dir='ltr'><strong>gaudio</strong></span> <span class='ocrx_word' id='word_1_86' title='bbox 979 746 1012 775; x_wconf 95' lang='lat' dir='ltr'><strong>et</strong></span> <span class='ocrx_word' id='word_1_87' title='bbox 1026 737 1138 774; x_wconf 91' lang='lat' dir='ltr'><strong>multa</strong></span> <span class='ocrx_word' id='word_1_88' title='bbox 1157 737 1289 774; x_wconf 89' lang='lat' dir='ltr'><strong>alacri-</strong></span> 
     </span>
     <span class='ocr_line' id='line_1_16' title="bbox 336 797 1291 855; baseline -0.009 -13"><span class='ocrx_word' id='word_1_89' title='bbox 336 812 408 842; x_wconf 82' lang='lat' dir='ltr'><strong>tate</strong></span> <span class='ocrx_word' id='word_1_90' title='bbox 426 817 504 841; x_wconf 87' lang='lat' dir='ltr'><strong>eam</strong></span> <span class='ocrx_word' id='word_1_91' title='bbox 522 815 723 855; x_wconf 85' lang='lat' dir='ltr'><strong>operemur.</strong></span> <span class='ocrx_word' id='word_1_92' title='bbox 747 802 840 838; x_wconf 91' lang='lat' dir='ltr'><strong>Nam</strong></span> <span class='ocrx_word' id='word_1_93' title='bbox 860 799 889 836; x_wconf 92' lang='lat' dir='ltr'><strong>si</strong></span> <span class='ocrx_word' id='word_1_94' title='bbox 912 798 937 836; x_wconf 89' lang='lat' dir='ltr'><strong>ii</strong></span> <span class='ocrx_word' id='word_1_95' title='bbox 957 797 1018 848; x_wconf 89' lang='lat' dir='ltr'><strong>qui</strong></span> <span class='ocrx_word' id='word_1_96' title='bbox 1038 797 1171 835; x_wconf 88' lang='lat' dir='ltr'><strong>semina</strong></span> <span class='ocrx_word' id='word_1_97' title='bbox 1191 805 1291 834; x_wconf 84' lang='lat' dir='ltr'><strong>terrae</strong></span> 
     </span>
     <span class='ocr_line' id='line_1_17' title="bbox 335 857 1292 911; baseline -0.01 -9"><span class='ocrx_word' id='word_1_98' title='bbox 335 863 564 911; x_wconf 85' lang='lat' dir='ltr'><strong>concredunt,</strong></span> <span class='ocrx_word' id='word_1_99' title='bbox 592 871 626 900; x_wconf 90' lang='lat' dir='ltr'><strong>et</strong></span> <span class='ocrx_word' id='word_1_100' title='bbox 656 861 801 899; x_wconf 91' lang='lat' dir='ltr'><strong>collecta</strong></span> <span class='ocrx_word' id='word_1_101' title='bbox 829 868 863 896; x_wconf 90' lang='lat' dir='ltr'><strong>et</strong></span> <span class='ocrx_word' id='word_1_102' title='bbox 892 858 988 895; x_wconf 92' lang='lat' dir='ltr'><strong>intus</strong></span> <span class='ocrx_word' id='word_1_103' title='bbox 1011 857 1165 909; x_wconf 86' lang='lat' dir='ltr'><strong>reposita</strong></span> <span class='ocrx_word' id='word_1_104' title='bbox 1192 871 1292 908; x_wconf 91' lang='lat' dir='ltr'><strong>spar-</strong></span> 
     </span>
     <span class='ocr_line' id='line_1_18' title="bbox 337 916 1292 975; baseline -0.012 -12"><span class='ocrx_word' id='word_1_105' title='bbox 337 934 472 975; x_wconf 80' lang='lat' dir='ltr'><strong>genteS,</strong></span> <span class='ocrx_word' id='word_1_106' title='bbox 494 924 533 961; x_wconf 91' lang='lat' dir='ltr'><strong>id</strong></span> <span class='ocrx_word' id='word_1_107' title='bbox 552 937 632 961; x_wconf 81' lang='lat' dir='ltr'><strong>cum</strong></span> <span class='ocrx_word' id='word_1_108' title='bbox 649 920 782 973; x_wconf 86' lang='lat' dir='ltr'><strong>gaudio</strong></span> <span class='ocrx_word' id='word_1_109' title='bbox 801 927 984 971; x_wconf 73' lang='lat' dir='ltr'><strong>praestant,</strong></span> <span class='ocrx_word' id='word_1_110' title='bbox 1003 926 1037 954; x_wconf 89' lang='lat' dir='ltr'><strong>et</strong></span> <span class='ocrx_word' id='word_1_111' title='bbox 1051 917 1144 953; x_wconf 91' lang='lat' dir='ltr'><strong>bona</strong></span> <span class='ocrx_word' id='word_1_112' title='bbox 1160 930 1221 967; x_wconf 90' lang='lat' dir='ltr'><strong>spe</strong></span> <span class='ocrx_word' id='word_1_113' title='bbox 1239 916 1292 953; x_wconf 88' lang='lat' dir='ltr'><strong>fo-</strong></span> 
     </span>
     <span class='ocr_line' id='line_1_19' title="bbox 336 976 1292 1036; baseline -0.012 -13"><span class='ocrx_word' id='word_1_114' title='bbox 336 994 476 1031; x_wconf 79' lang='lat' dir='ltr'><strong>ventur,</strong></span> <span class='ocrx_word' id='word_1_115' title='bbox 497 985 616 1036; x_wconf 89' lang='lat' dir='ltr'><strong>etjam</strong></span> <span class='ocrx_word' id='word_1_116' title='bbox 631 981 832 1033; x_wconf 83' lang='lat' dir='ltr'><strong>manipulos</strong></span> <span class='ocrx_word' id='word_1_117' title='bbox 852 979 1093 1028; x_wconf 85' lang='lat' dir='ltr'><strong>imaginantur</strong></span> <span class='ocrx_word' id='word_1_118' title='bbox 1112 990 1153 1014; x_wconf 91' lang='lat' dir='ltr'><strong>ac</strong></span> <span class='ocrx_word' id='word_1_119' title='bbox 1170 976 1292 1028; x_wconf 90' lang='lat' dir='ltr'><strong>plenas</strong></span> 
     </span>
     <span class='ocr_line' id='line_1_20' title="bbox 336 1037 1292 1094; baseline -0.012 -10"><span class='ocrx_word' id='word_1_120' title='bbox 336 1059 452 1083; x_wconf 88' lang='lat' dir='ltr'><strong>areas:</strong></span> <span class='ocrx_word' id='word_1_121' title='bbox 470 1045 583 1082; x_wconf 89' lang='lat' dir='ltr'><strong>multo</strong></span> <span class='ocrx_word' id='word_1_122' title='bbox 597 1043 710 1094; x_wconf 83' lang='lat' dir='ltr'><strong>magis</strong></span> <span class='ocrx_word' id='word_1_123' title='bbox 731 1041 802 1079; x_wconf 89' lang='lat' dir='ltr'><strong>illis</strong></span> <span class='ocrx_word' id='word_1_124' title='bbox 817 1039 950 1090; x_wconf 90' lang='lat' dir='ltr'><strong>quibus</strong></span> <span class='ocrx_word' id='word_1_125' title='bbox 964 1037 1089 1075; x_wconf 89' lang='lat' dir='ltr'><strong>datum</strong></span> <span class='ocrx_word' id='word_1_126' title='bbox 1104 1045 1155 1074; x_wconf 89' lang='lat' dir='ltr'><strong>est</strong></span> <span class='ocrx_word' id='word_1_127' title='bbox 1173 1050 1292 1074; x_wconf 89' lang='lat' dir='ltr'><strong>semen</strong></span> 
     </span>
     <span class='ocr_line' id='line_1_21' title="bbox 336 1097 1293 1158; baseline -0.011 -14"><span class='ocrx_word' id='word_1_128' title='bbox 336 1106 405 1144; x_wconf 90' lang='lat' dir='ltr'><strong>hoc</strong></span> <span class='ocrx_word' id='word_1_129' title='bbox 419 1105 602 1158; x_wconf 83' lang='lat' dir='ltr'><strong>spirituale</strong></span> <span class='ocrx_word' id='word_1_130' title='bbox 613 1103 785 1141; x_wconf 89' lang='lat' dir='ltr'><strong>seminare</strong></span> <span class='ocrx_word' id='word_1_131' title='bbox 801 1099 957 1152; x_wconf 84' lang='lat' dir='ltr'><strong>gaudere</strong></span> <span class='ocrx_word' id='word_1_132' title='bbox 970 1107 1004 1136; x_wconf 91' lang='lat' dir='ltr'><strong>et</strong></span> <span class='ocrx_word' id='word_1_133' title='bbox 1018 1097 1194 1136; x_wconf 86' lang='lat' dir='ltr'><strong>exsultare</strong></span> <span class='ocrx_word' id='word_1_134' title='bbox 1210 1111 1293 1135; x_wconf 93' lang='lat' dir='ltr'><strong>con-</strong></span> 
     </span>
     <span class='ocr_line' id='line_1_22' title="bbox 338 1157 1292 1216; baseline -0.01 -12"><span class='ocrx_word' id='word_1_135' title='bbox 338 1166 447 1210; x_wconf 81' lang='lat' dir='ltr'><strong>venit,</strong></span> <span class='ocrx_word' id='word_1_136' title='bbox 460 1165 557 1216; x_wconf 85' lang='lat' dir='ltr'><strong>quod</strong></span> <span class='ocrx_word' id='word_1_137' title='bbox 568 1165 603 1202; x_wconf 91' lang='lat' dir='ltr'><strong>in</strong></span> <span class='ocrx_word' id='word_1_138' title='bbox 621 1173 712 1201; x_wconf 86' lang='lat' dir='ltr'><strong>terra</strong></span> <span class='ocrx_word' id='word_1_139' title='bbox 726 1170 878 1199; x_wconf 89' lang='lat' dir='ltr'><strong>serentes</strong></span> <span class='ocrx_word' id='word_1_140' title='bbox 892 1158 1040 1197; x_wconf 90' lang='lat' dir='ltr'><strong>messuri</strong></span> <span class='ocrx_word' id='word_1_141' title='bbox 1056 1157 1173 1195; x_wconf 84' lang='lat' dir='ltr'><strong>sintin</strong></span> <span class='ocrx_word' id='word_1_142' title='bbox 1189 1157 1292 1196; x_wconf 86' lang='lat' dir='ltr'><strong>caelo:</strong></span> 
     </span>
     <span class='ocr_line' id='line_1_23' title="bbox 339 1219 1294 1277; baseline -0.012 -11"><span class='ocrx_word' id='word_1_143' title='bbox 339 1237 373 1266; x_wconf 90' lang='lat' dir='ltr'><strong>et</strong></span> <span class='ocrx_word' id='word_1_144' title='bbox 382 1240 546 1266; x_wconf 90' lang='lat' dir='ltr'><strong>nummos</strong></span> <span class='ocrx_word' id='word_1_145' title='bbox 557 1224 806 1277; x_wconf 82' lang='lat' dir='ltr'><strong>expendentes,</strong></span> <span class='ocrx_word' id='word_1_146' title='bbox 814 1230 1039 1275; x_wconf 89' lang='lat' dir='ltr'><strong>peccatorum</strong></span> <span class='ocrx_word' id='word_1_147' title='bbox 1051 1219 1294 1257; x_wconf 86' lang='lat' dir='ltr'><strong>remissionem</strong></span> 
     </span>
     <span class='ocr_line' id='line_1_24' title="bbox 339 1280 1294 1341; baseline -0.012 -14"><span class='ocrx_word' id='word_1_148' title='bbox 339 1289 516 1341; x_wconf 84' lang='lat' dir='ltr'><strong>accipiant</strong></span> <span class='ocrx_word' id='word_1_149' title='bbox 536 1297 570 1326; x_wconf 91' lang='lat' dir='ltr'><strong>et</strong></span> <span class='ocrx_word' id='word_1_150' title='bbox 589 1285 731 1325; x_wconf 85' lang='lat' dir='ltr'><strong>fiduciae</strong></span> <span class='ocrx_word' id='word_1_151' title='bbox 752 1283 937 1322; x_wconf 85' lang='lat' dir='ltr'><strong>materiam</strong></span> <span class='ocrx_word' id='word_1_152' title='bbox 953 1280 1149 1331; x_wconf 90' lang='lat' dir='ltr'><strong>inveniant,</strong></span> <span class='ocrx_word' id='word_1_153' title='bbox 1171 1280 1294 1318; x_wconf 91' lang='lat' dir='ltr'><strong>conci-</strong></span> 
     </span>
     <span class='ocr_line' id='line_1_25' title="bbox 340 1342 1296 1400; baseline -0.012 -12"><span class='ocrx_word' id='word_1_154' title='bbox 340 1350 467 1387; x_wconf 87' lang='lat' dir='ltr'><strong>liantes</strong></span> <span class='ocrx_word' id='word_1_155' title='bbox 477 1348 546 1387; x_wconf 85' lang='lat' dir='ltr'><strong>sibi</strong></span> <span class='ocrx_word' id='word_1_156' title='bbox 560 1362 624 1400; x_wconf 88' lang='lat' dir='ltr'><strong>per</strong></span> <span class='ocrx_word' id='word_1_157' title='bbox 637 1361 676 1384; x_wconf 86' lang='lat' dir='ltr'><strong>ea</strong></span> <span class='ocrx_word' id='word_1_158' title='bbox 690 1359 769 1397; x_wconf 81' lang='lat' dir='ltr'><strong>quae</strong></span> <span class='ocrx_word' id='word_1_159' title='bbox 781 1342 1068 1394; x_wconf 86' lang='lat' dir='ltr'><strong>hiclargiuntur‚</strong></span> <span class='ocrx_word' id='word_1_160' title='bbox 1084 1349 1296 1393; x_wconf 88' lang='lat' dir='ltr'><strong>perpetuam</strong></span> 
     </span>
     <span class='ocr_line' id='line_1_26' title="bbox 342 1401 1298 1462; baseline -0.01 -13"><span class='ocrx_word' id='word_1_161' title='bbox 342 1411 495 1462; x_wconf 91' lang='lat' dir='ltr'><strong>quietem</strong></span> <span class='ocrx_word' id='word_1_162' title='bbox 525 1417 559 1446; x_wconf 90' lang='lat' dir='ltr'><strong>et</strong></span> <span class='ocrx_word' id='word_1_163' title='bbox 589 1421 671 1445; x_wconf 93' lang='lat' dir='ltr'><strong>cum</strong></span> <span class='ocrx_word' id='word_1_164' title='bbox 697 1405 826 1444; x_wconf 90' lang='lat' dir='ltr'><strong>sanctis</strong></span> <span class='ocrx_word' id='word_1_165' title='bbox 859 1402 1173 1442; x_wconf 88' lang='lat' dir='ltr'><strong>conversationem.</strong></span> <span class='ocrx_word' id='word_1_166' title='bbox 1195 1401 1241 1439; x_wconf 92' lang='lat' dir='ltr'><strong>Et</strong></span> <span class='ocrx_word' id='word_1_167' title='bbox 1268 1401 1298 1440; x_wconf 92' lang='lat' dir='ltr'><strong>si</strong></span> 
     </span>
     <span class='ocr_line' id='line_1_27' title="bbox 344 1461 1298 1519; baseline -0.014 -8"><span class='ocrx_word' id='word_1_168' title='bbox 344 1470 595 1511; x_wconf 87' lang='lat' dir='ltr'><strong>continentiam</strong></span> <span class='ocrx_word' id='word_1_169' title='bbox 611 1467 740 1519; x_wconf 87' lang='lat' dir='ltr'><strong>eligere</strong></span> <span class='ocrx_word' id='word_1_170' title='bbox 753 1466 903 1519; x_wconf 88' lang='lat' dir='ltr'><strong>placeat,</strong></span> <span class='ocrx_word' id='word_1_171' title='bbox 920 1477 991 1502; x_wconf 93' lang='lat' dir='ltr'><strong>non</strong></span> <span class='ocrx_word' id='word_1_172' title='bbox 1006 1471 1204 1515; x_wconf 89' lang='lat' dir='ltr'><strong>spectemus</strong></span> <span class='ocrx_word' id='word_1_173' title='bbox 1223 1461 1298 1500; x_wconf 81' lang='lat' dir='ltr'><strong>vir-</strong></span> 
     </span>
     <span class='ocr_line' id='line_1_28' title="bbox 344 1522 1299 1576; baseline -0.014 -5"><span class='ocrx_word' id='word_1_174' title='bbox 344 1533 414 1571; x_wconf 90' lang='lat' dir='ltr'><strong>tuti</strong></span> <span class='ocrx_word' id='word_1_175' title='bbox 430 1532 588 1569; x_wconf 85' lang='lat' dir='ltr'><strong>laborem</strong></span> <span class='ocrx_word' id='word_1_176' title='bbox 602 1530 725 1576; x_wconf 88' lang='lat' dir='ltr'><strong>inesse,</strong></span> <span class='ocrx_word' id='word_1_177' title='bbox 738 1541 778 1565; x_wconf 89' lang='lat' dir='ltr'><strong>ac</strong></span> <span class='ocrx_word' id='word_1_178' title='bbox 794 1524 1036 1576; x_wconf 80' lang='lat' dir='ltr'><strong>virginitatem</strong></span> <span class='ocrx_word' id='word_1_179' title='bbox 1051 1536 1219 1574; x_wconf 89' lang='lat' dir='ltr'><strong>magnum</strong></span> <span class='ocrx_word' id='word_1_180' title='bbox 1234 1522 1299 1559; x_wconf 85' lang='lat' dir='ltr'><strong>ha-</strong></span> 
     </span>
     <span class='ocr_line' id='line_1_29' title="bbox 344 1582 1299 1635; baseline -0.014 -3"><span class='ocrx_word' id='word_1_181' title='bbox 344 1594 428 1632; x_wconf 86' lang='lat' dir='ltr'><strong>bere</strong></span> <span class='ocrx_word' id='word_1_182' title='bbox 437 1601 628 1630; x_wconf 90' lang='lat' dir='ltr'><strong>certamen:</strong></span> <span class='ocrx_word' id='word_1_183' title='bbox 644 1588 707 1627; x_wconf 88' lang='lat' dir='ltr'><strong>sed</strong></span> <span class='ocrx_word' id='word_1_184' title='bbox 716 1601 793 1625; x_wconf 89' lang='lat' dir='ltr'><strong>eam</strong></span> <span class='ocrx_word' id='word_1_185' title='bbox 807 1594 949 1633; x_wconf 87' lang='lat' dir='ltr'><strong>sortem,</strong></span> <span class='ocrx_word' id='word_1_186' title='bbox 962 1598 1040 1634; x_wconf 82' lang='lat' dir='ltr'><strong>quae</strong></span> <span class='ocrx_word' id='word_1_187' title='bbox 1053 1597 1116 1621; x_wconf 92' lang='lat' dir='ltr'><strong>nos</strong></span> <span class='ocrx_word' id='word_1_188' title='bbox 1131 1582 1299 1635; x_wconf 81' lang='lat' dir='ltr'><strong>excipiet,</strong></span> 
     </span>
     <span class='ocr_line' id='line_1_30' title="bbox 346 1645 1299 1706; baseline -0.014 -14"><span class='ocrx_word' id='word_1_189' title='bbox 346 1654 539 1706; x_wconf 80' lang='lat' dir='ltr'><strong>cogitemus</strong></span> <span class='ocrx_word' id='word_1_190' title='bbox 553 1667 560 1688; x_wconf 77' lang='grc' dir='ltr'><strong><em>ε</em></strong></span> <span class='ocrx_word' id='word_1_191' title='bbox 583 1652 676 1688; x_wconf 89' lang='lat' dir='ltr'><strong>hanc</strong></span> <span class='ocrx_word' id='word_1_192' title='bbox 704 1660 842 1700; x_wconf 87' lang='lat' dir='ltr'><strong>semper</strong></span> <span class='ocrx_word' id='word_1_193' title='bbox 867 1645 1052 1684; x_wconf 88' lang='lat' dir='ltr'><strong>nobiscum</strong></span> <span class='ocrx_word' id='word_1_194' title='bbox 1084 1652 1299 1696; x_wconf 85' lang='lat' dir='ltr'><strong>reputantes,</strong></span> 
     </span>
     <span class='ocr_line' id='line_1_31' title="bbox 346 1704 1300 1764; baseline -0.013 -11"><span class='ocrx_word' id='word_1_195' title='bbox 346 1715 448 1753; x_wconf 80' lang='lat' dir='ltr'><strong>malae</strong></span> <span class='ocrx_word' id='word_1_196' title='bbox 469 1710 761 1764; x_wconf 82' lang='lat' dir='ltr'><strong>concupiscentiae</strong></span> <span class='ocrx_word' id='word_1_197' title='bbox 776 1709 991 1746; x_wconf 85' lang='lat' dir='ltr'><strong>refrenemus</strong></span> <span class='ocrx_word' id='word_1_198' title='bbox 1004 1705 1155 1751; x_wconf 89' lang='lat' dir='ltr'><strong>rabiem,</strong></span> <span class='ocrx_word' id='word_1_199' title='bbox 1177 1704 1300 1743; x_wconf 76' lang='lat' dir='ltr'><strong>vinca-</strong></span> 
     </span>
     <span class='ocr_line' id='line_1_32' title="bbox 347 1765 1302 1818; baseline -0.013 -4"><span class='ocrx_word' id='word_1_200' title='bbox 347 1790 426 1813; x_wconf 91' lang='lat' dir='ltr'><strong>mus</strong></span> <span class='ocrx_word' id='word_1_201' title='bbox 457 1774 573 1812; x_wconf 87' lang='lat' dir='ltr'><strong>carnis</strong></span> <span class='ocrx_word' id='word_1_202' title='bbox 600 1780 717 1810; x_wconf 90' lang='lat' dir='ltr'><strong>motus</strong></span> <span class='ocrx_word' id='word_1_203' title='bbox 747 1768 959 1817; x_wconf 87' lang='lat' dir='ltr'><strong>indecentes,</strong></span> <span class='ocrx_word' id='word_1_204' title='bbox 990 1775 1023 1804; x_wconf 93' lang='lat' dir='ltr'><strong>et</strong></span> <span class='ocrx_word' id='word_1_205' title='bbox 1049 1780 1110 1818; x_wconf 88' lang='lat' dir='ltr'><strong>spe</strong></span> <span class='ocrx_word' id='word_1_206' title='bbox 1131 1765 1302 1803; x_wconf 89' lang='lat' dir='ltr'><strong>mercedis</strong></span> 
     </span>
     <span class='ocr_line' id='line_1_33' title="bbox 346 1826 1300 1874; baseline -0.01 0"><span class='ocrx_word' id='word_1_207' title='bbox 346 1837 512 1874; x_wconf 89' lang='lat' dir='ltr'><strong>laborum</strong></span> <span class='ocrx_word' id='word_1_208' title='bbox 542 1833 742 1872; x_wconf 88' lang='lat' dir='ltr'><strong>molestiam</strong></span> <span class='ocrx_word' id='word_1_209' title='bbox 773 1829 1011 1868; x_wconf 82' lang='lat' dir='ltr'><strong>sublevemus.</strong></span> <span class='ocrx_word' id='word_1_210' title='bbox 1032 1826 1175 1865; x_wconf 80' lang='lat' dir='ltr'><strong>Sufficit</strong></span> <span class='ocrx_word' id='word_1_211' title='bbox 1205 1826 1300 1864; x_wconf 90' lang='lat' dir='ltr'><strong>enim</strong></span> 
     </span>
     <span class='ocr_line' id='line_1_34' title="bbox 345 1887 1300 1947; baseline -0.014 -11"><span class='ocrx_word' id='word_1_212' title='bbox 345 1899 521 1935; x_wconf 90' lang='lat' dir='ltr'><strong>bonorum</strong></span> <span class='ocrx_word' id='word_1_213' title='bbox 535 1909 628 1947; x_wconf 87' lang='lat' dir='ltr'><strong>spes,</strong></span> <span class='ocrx_word' id='word_1_214' title='bbox 646 1901 685 1930; x_wconf 89' lang='lat' dir='ltr'><strong>ut</strong></span> <span class='ocrx_word' id='word_1_215' title='bbox 699 1891 806 1930; x_wconf 90' lang='lat' dir='ltr'><strong>etiam</strong></span> <span class='ocrx_word' id='word_1_216' title='bbox 820 1889 976 1943; x_wconf 90' lang='lat' dir='ltr'><strong>pericula</strong></span> <span class='ocrx_word' id='word_1_217' title='bbox 990 1887 1158 1926; x_wconf 82' lang='lat' dir='ltr'><strong>audacter</strong></span> <span class='ocrx_word' id='word_1_218' title='bbox 1176 1901 1300 1939; x_wconf 82' lang='lat' dir='ltr'><strong>aggre-</strong></span> 
     </span>
     <span class='ocr_line' id='line_1_35' title="bbox 343 1948 1301 2007; baseline -0.013 -11"><span class='ocrx_word' id='word_1_219' title='bbox 343 1959 506 1996; x_wconf 85' lang='lat' dir='ltr'><strong>diamur:</strong></span> <span class='ocrx_word' id='word_1_220' title='bbox 527 1964 658 2007; x_wconf 88' lang='lat' dir='ltr'><strong>quanto</strong></span> <span class='ocrx_word' id='word_1_221' title='bbox 672 1952 786 2003; x_wconf 83' lang='lat' dir='ltr'><strong>magis</strong></span> <span class='ocrx_word' id='word_1_222' title='bbox 799 1960 838 1989; x_wconf 87' lang='lat' dir='ltr'><strong>ut</strong></span> <span class='ocrx_word' id='word_1_223' title='bbox 856 1949 1001 1989; x_wconf 81' lang='lat' dir='ltr'><strong>virtutis</strong></span> <span class='ocrx_word' id='word_1_224' title='bbox 1013 1949 1152 1986; x_wconf 86' lang='lat' dir='ltr'><strong>labores</strong></span> <span class='ocrx_word' id='word_1_225' title='bbox 1162 1948 1301 1986; x_wconf 84' lang='lat' dir='ltr'><strong>fortiter</strong></span> 
     </span>
     <span class='ocr_line' id='line_1_36' title="bbox 342 2008 1300 2063; baseline -0.013 -6"><span class='ocrx_word' id='word_1_226' title='bbox 342 2018 519 2057; x_wconf 71' lang='lat' dir='ltr'><strong>feramus?</strong></span> <span class='ocrx_word' id='word_1_227' title='bbox 529 2014 680 2063; x_wconf 86' lang='lat' dir='ltr'><strong>Quando</strong></span> <span class='ocrx_word' id='word_1_228' title='bbox 694 2013 787 2051; x_wconf 92' lang='lat' dir='ltr'><strong>enim</strong></span> <span class='ocrx_word' id='word_1_229' title='bbox 803 2011 922 2049; x_wconf 89' lang='lat' dir='ltr'><strong>animo</strong></span> <span class='ocrx_word' id='word_1_230' title='bbox 935 2023 1068 2057; x_wconf 81' lang='lat' dir='ltr'><strong>versas,</strong></span> <span class='ocrx_word' id='word_1_231' title='bbox 1084 2009 1111 2047; x_wconf 92' lang='lat' dir='ltr'><strong>si</strong></span> <span class='ocrx_word' id='word_1_232' title='bbox 1131 2008 1179 2046; x_wconf 88' lang='lat' dir='ltr'><strong>ad</strong></span> <span class='ocrx_word' id='word_1_233' title='bbox 1191 2009 1300 2046; x_wconf 73' lang='lat' dir='ltr'><strong>breve</strong></span> 
     </span>
     <span class='ocr_line' id='line_1_37' title="bbox 342 2068 1301 2131; baseline -0.013 -14"><span class='ocrx_word' id='word_1_234' title='bbox 342 2089 482 2131; x_wconf 91' lang='lat' dir='ltr'><strong>tempus</strong></span> <span class='ocrx_word' id='word_1_235' title='bbox 493 2075 693 2123; x_wconf 84' lang='lat' dir='ltr'><strong>certaveris,</strong></span> <span class='ocrx_word' id='word_1_236' title='bbox 706 2083 739 2112; x_wconf 89' lang='lat' dir='ltr'><strong>et</strong></span> <span class='ocrx_word' id='word_1_237' title='bbox 755 2071 932 2123; x_wconf 81' lang='lat' dir='ltr'><strong>fulgidam</strong></span> <span class='ocrx_word' id='word_1_238' title='bbox 945 2070 1143 2109; x_wconf 78' lang='lat' dir='ltr'><strong>servaveris</strong></span> <span class='ocrx_word' id='word_1_239' title='bbox 1152 2068 1301 2120; x_wconf 82' lang='lat' dir='ltr'><strong>virgini-</strong></span> 
     </span>
     <span class='ocr_line' id='line_1_38' title="bbox 344 2132 1302 2190; baseline -0.013 -13"><span class='ocrx_word' id='word_1_240' title='bbox 344 2140 426 2177; x_wconf 86' lang='lat' dir='ltr'><strong>tatis</strong></span> <span class='ocrx_word' id='word_1_241' title='bbox 439 2137 652 2190; x_wconf 85' lang='lat' dir='ltr'><strong>lampadem,</strong></span> <span class='ocrx_word' id='word_1_242' title='bbox 668 2144 701 2172; x_wconf 92' lang='lat' dir='ltr'><strong>te</strong></span> <span class='ocrx_word' id='word_1_243' title='bbox 715 2135 855 2171; x_wconf 90' lang='lat' dir='ltr'><strong>beatam</strong></span> <span class='ocrx_word' id='word_1_244' title='bbox 871 2132 983 2170; x_wconf 87' lang='lat' dir='ltr'><strong>vitam</strong></span> <span class='ocrx_word' id='word_1_245' title='bbox 997 2138 1302 2180; x_wconf 89' lang='lat' dir='ltr'><strong>consequuturum</strong></span> 
     </span>
     <span class='ocr_line' id='line_1_39' title="bbox 345 2189 1301 2249; baseline -0.013 -11"><span class='ocrx_word' id='word_1_246' title='bbox 345 2214 434 2249; x_wconf 84' lang='lat' dir='ltr'><strong>esse,</strong></span> <span class='ocrx_word' id='word_1_247' title='bbox 459 2208 492 2236; x_wconf 88' lang='lat' dir='ltr'><strong>et</strong></span> <span class='ocrx_word' id='word_1_248' title='bbox 511 2211 593 2236; x_wconf 91' lang='lat' dir='ltr'><strong>cum</strong></span> <span class='ocrx_word' id='word_1_249' title='bbox 614 2208 742 2248; x_wconf 87' lang='lat' dir='ltr'><strong>sponso</strong></span> <span class='ocrx_word' id='word_1_250' title='bbox 762 2193 894 2231; x_wconf 89' lang='lat' dir='ltr'><strong>intrare</strong></span> <span class='ocrx_word' id='word_1_251' title='bbox 912 2205 1027 2243; x_wconf 86' lang='lat' dir='ltr'><strong>posse,</strong></span> <span class='ocrx_word' id='word_1_252' title='bbox 1049 2189 1156 2228; x_wconf 89' lang='lat' dir='ltr'><strong>modo</strong></span> <span class='ocrx_word' id='word_1_253' title='bbox 1179 2203 1301 2227; x_wconf 89' lang='lat' dir='ltr'><strong>aceen-</strong></span> 
     </span>
     <span class='ocr_line' id='line_1_40' title="bbox 347 2251 1302 2308; baseline -0.013 -9"><span class='ocrx_word' id='word_1_254' title='bbox 347 2276 402 2299; x_wconf 84' lang='lat' dir='ltr'><strong>sas</strong></span> <span class='ocrx_word' id='word_1_255' title='bbox 421 2260 551 2297; x_wconf 90' lang='lat' dir='ltr'><strong>habeas</strong></span> <span class='ocrx_word' id='word_1_256' title='bbox 566 2255 762 2308; x_wconf 90' lang='lat' dir='ltr'><strong>lampades,</strong></span> <span class='ocrx_word' id='word_1_257' title='bbox 785 2263 818 2292; x_wconf 93' lang='lat' dir='ltr'><strong>et</strong></span> <span class='ocrx_word' id='word_1_258' title='bbox 833 2252 1016 2291; x_wconf 81' lang='lat' dir='ltr'><strong>sufficiens</strong></span> <span class='ocrx_word' id='word_1_259' title='bbox 1031 2251 1166 2299; x_wconf 90' lang='lat' dir='ltr'><strong>oleum;</strong></span> <span class='ocrx_word' id='word_1_260' title='bbox 1186 2251 1302 2288; x_wconf 87' lang='lat' dir='ltr'><strong>bono—</strong></span> 
     </span>
     <span class='ocr_line' id='line_1_41' title="bbox 348 2310 1303 2372; baseline -0.012 -13"><span class='ocrx_word' id='word_1_261' title='bbox 348 2335 429 2359; x_wconf 89' lang='lat' dir='ltr'><strong>rum</strong></span> <span class='ocrx_word' id='word_1_262' title='bbox 454 2332 602 2372; x_wconf 89' lang='lat' dir='ltr'><strong>operum</strong></span> <span class='ocrx_word' id='word_1_263' title='bbox 625 2316 810 2361; x_wconf 78' lang='lat' dir='ltr'><strong>actionem,</strong></span> <span class='ocrx_word' id='word_1_264' title='bbox 836 2313 1006 2363; x_wconf 87' lang='lat' dir='ltr'><strong>inquam:</strong></span> <span class='ocrx_word' id='word_1_265' title='bbox 1031 2310 1210 2362; x_wconf 87' lang='lat' dir='ltr'><strong>quomodo</strong></span> <span class='ocrx_word' id='word_1_266' title='bbox 1234 2324 1303 2348; x_wconf 91' lang='lat' dir='ltr'><strong>non</strong></span> 
     </span>
     <span class='ocr_line' id='line_1_42' title="bbox 349 2372 1305 2420; baseline -0.014 0"><span class='ocrx_word' id='word_1_267' title='bbox 349 2396 432 2420; x_wconf 91' lang='lat' dir='ltr'><strong>cum</strong></span> <span class='ocrx_word' id='word_1_268' title='bbox 446 2380 541 2419; x_wconf 92' lang='lat' dir='ltr'><strong>omni</strong></span> <span class='ocrx_word' id='word_1_269' title='bbox 559 2377 729 2416; x_wconf 86' lang='lat' dir='ltr'><strong>facilitate</strong></span> <span class='ocrx_word' id='word_1_270' title='bbox 745 2374 910 2412; x_wconf 86' lang='lat' dir='ltr'><strong>difficilia</strong></span> <span class='ocrx_word' id='word_1_271' title='bbox 928 2372 1045 2410; x_wconf 88' lang='lat' dir='ltr'><strong>omnia</strong></span> <span class='ocrx_word' id='word_1_272' title='bbox 1065 2380 1305 2409; x_wconf 87' lang='lat' dir='ltr'><strong>transcurrere</strong></span> 
     </span>
     <span class='ocr_line' id='line_1_43' title="bbox 350 2432 1303 2496; baseline -0.014 -14"><span class='ocrx_word' id='word_1_273' title='bbox 350 2443 496 2496; x_wconf 83' lang='lat' dir='ltr'><strong>poteris,</strong></span> <span class='ocrx_word' id='word_1_274' title='bbox 509 2440 666 2492; x_wconf 83' lang='lat' dir='ltr'><strong>cogitans</strong></span> <span class='ocrx_word' id='word_1_275' title='bbox 680 2437 773 2475; x_wconf 86' lang='lat' dir='ltr'><strong>illud</strong></span> <span class='ocrx_word' id='word_1_276' title='bbox 783 2434 879 2487; x_wconf 91' lang='lat' dir='ltr'><strong>quod</strong></span> <span class='ocrx_word' id='word_1_277' title='bbox 891 2449 910 2472; x_wconf 89' lang='lat' dir='ltr'><strong>a</strong></span> <span class='ocrx_word' id='word_1_278' title='bbox 922 2434 1026 2472; x_wconf 88' lang='lat' dir='ltr'><strong>beato</strong></span> <span class='ocrx_word' id='word_1_279' title='bbox 1042 2433 1153 2470; x_wconf 89' lang='lat' dir='ltr'><strong>Paulo</strong></span> <span class='ocrx_word' id='word_1_280' title='bbox 1167 2432 1303 2470; x_wconf 88' lang='lat' dir='ltr'><strong>dictum</strong></span> 
     </span>
    </p>
   </div>
   <div class='ocr_carea' id='block_1_9' title="bbox 753 108 1936 148">
    <p class='ocr_par' dir='ltr' id='par_1_9' title="bbox 753 108 1936 148">
     <span class='ocr_line' id='line_1_44' title="bbox 753 108 1936 148; baseline -0.004 0"><span class='ocrx_word' id='word_1_281' title='bbox 753 117 791 148; x_wconf 88' lang='lat' dir='ltr'><strong>S.</strong></span> <span class='ocrx_word' id='word_1_282' title='bbox 830 108 1017 147; x_wconf 67' lang='lat' dir='ltr'><strong>JOANMS</strong></span> <span class='ocrx_word' id='word_1_283' title='bbox 1052 112 1293 144; x_wconf 81' lang='lat' dir='ltr'>CHRYSOST.</span> <span class='ocrx_word' id='word_1_284' title='bbox 1333 110 1540 142; x_wconf 78' lang='lat' dir='ltr'>ARCHIEP.</span> <span class='ocrx_word' id='word_1_285' title='bbox 1579 109 1936 143; x_wconf 78' lang='lat' dir='ltr'>CONSTANTINOP.</span> 
     </span>
    </p>
   </div>
   <div class='ocr_carea' id='block_1_10' title="bbox 1356 191 2384 486">
    <p class='ocr_par' dir='ltr' id='par_1_10' title="bbox 1356 191 2384 486">
     <span class='ocr_line' id='line_1_45' title="bbox 1358 191 2378 248; baseline 0.003 -18"><span class='ocrx_word' id='word_1_286' title='bbox 1358 191 1656 244; x_wconf 82' lang='grc' dir='ltr'>ἐπαγγειλαμένου</span> <span class='ocrx_word' id='word_1_287' title='bbox 1668 223 1678 241; x_wconf 89' lang='grc'>,</span> <span class='ocrx_word' id='word_1_288' title='bbox 1699 193 1785 244; x_wconf 72' lang='grc' dir='ltr'>μετὰ</span> <span class='ocrx_word' id='word_1_289' title='bbox 1803 193 1999 246; x_wconf 84' lang='grc' dir='ltr'>προθυμίας</span> <span class='ocrx_word' id='word_1_290' title='bbox 2019 194 2104 247; x_wconf 84' lang='grc' dir='ltr'>πρὸς</span> <span class='ocrx_word' id='word_1_291' title='bbox 2124 194 2201 239; x_wconf 81' lang='grc' dir='ltr'>τοὺς</span> <span class='ocrx_word' id='word_1_292' title='bbox 2219 196 2281 241; x_wconf 86' lang='grc' dir='ltr'><strong>τῆς</strong></span> <span class='ocrx_word' id='word_1_293' title='bbox 2300 196 2378 248; x_wconf 86' lang='grc' dir='ltr'>ἀρε-</span> 
     </span>
     <span class='ocr_line' id='line_1_46' title="bbox 1357 253 2379 307; baseline 0.003 -18"><span class='ocrx_word' id='word_1_294' title='bbox 1357 255 1420 298; x_wconf 86' lang='grc' dir='ltr'><strong>τῆς</strong></span> <span class='ocrx_word' id='word_1_295' title='bbox 1439 254 1575 303; x_wconf 89' lang='grc' dir='ltr'>ἀγῶνας</span> <span class='ocrx_word' id='word_1_296' title='bbox 1595 253 1845 304; x_wconf 84' lang='grc' dir='ltr'>ἀποδυώμεθα,</span> <span class='ocrx_word' id='word_1_297' title='bbox 1866 254 1923 292; x_wconf 73' lang='grc' dir='ltr'><strong>ἵνα</strong></span> <span class='ocrx_word' id='word_1_298' title='bbox 1943 253 2004 293; x_wconf 80' lang='grc' dir='ltr'><strong>καὶ</strong></span> <span class='ocrx_word' id='word_1_299' title='bbox 2021 258 2090 293; x_wconf 88' lang='grc' dir='ltr'><strong>τῶν</strong></span> <span class='ocrx_word' id='word_1_300' title='bbox 2109 255 2379 307; x_wconf 82' lang='grc' dir='ltr'>ἐπηγγελμένων</span> 
     </span>
     <span class='ocr_line' id='line_1_47' title="bbox 1359 312 2381 367; baseline 0.004 -19"><span class='ocrx_word' id='word_1_301' title='bbox 1359 312 1496 362; x_wconf 84' lang='grc' dir='ltr'>ἀγαθῶν</span> <span class='ocrx_word' id='word_1_302' title='bbox 1528 313 1726 350; x_wconf 78' lang='grc' dir='ltr'>ἀπολαῦσαι</span> <span class='ocrx_word' id='word_1_303' title='bbox 1758 314 1970 364; x_wconf 80' lang='grc' dir='ltr'>δυνηθῶμεν,</span> <span class='ocrx_word' id='word_1_304' title='bbox 1996 314 2054 353; x_wconf 81' lang='grc' dir='ltr'><strong>καὶ</strong></span> <span class='ocrx_word' id='word_1_305' title='bbox 2079 315 2127 365; x_wconf 87' lang='grc' dir='ltr'><strong>μὴ</strong></span> <span class='ocrx_word' id='word_1_306' title='bbox 2151 318 2381 367; x_wconf 77' lang='grc' dir='ltr'>προτιμῶμεν</span> 
     </span>
     <span class='ocr_line' id='line_1_48' title="bbox 1356 371 2383 427; baseline 0.006 -19"><span class='ocrx_word' id='word_1_307' title='bbox 1356 374 1418 418; x_wconf 88' lang='grc' dir='ltr'><strong>τῆς</strong></span> <span class='ocrx_word' id='word_1_308' title='bbox 1437 371 1612 425; x_wconf 81' lang='grc' dir='ltr'>ἡμετέρας</span> <span class='ocrx_word' id='word_1_309' title='bbox 1631 373 1806 426; x_wconf 81' lang='grc' dir='ltr'>σωτηρίας</span> <span class='ocrx_word' id='word_1_310' title='bbox 1819 374 1879 412; x_wconf 83' lang='grc' dir='ltr'><strong>καὶ</strong></span> <span class='ocrx_word' id='word_1_311' title='bbox 1896 377 1966 412; x_wconf 91' lang='grc' dir='ltr'><strong>τῶν</strong></span> <span class='ocrx_word' id='word_1_312' title='bbox 1981 375 2151 414; x_wconf 84' lang='grc' dir='ltr'>τοσούτων</span> <span class='ocrx_word' id='word_1_313' title='bbox 2167 378 2305 427; x_wconf 82' lang='grc' dir='ltr'>ἀγαθῶν</span> <span class='ocrx_word' id='word_1_314' title='bbox 2320 377 2383 421; x_wconf 87' lang='grc' dir='ltr'><strong>τῆς</strong></span> 
     </span>
     <span class='ocr_line' id='line_1_49' title="bbox 1357 431 2384 486; baseline 0.002 -16"><span class='ocrx_word' id='word_1_315' title='bbox 1357 431 1583 475; x_wconf 84' lang='grc' dir='ltr'>ἀπολαύσεως</span> <span class='ocrx_word' id='word_1_316' title='bbox 1604 432 1648 470; x_wconf 81' lang='grc' dir='ltr'><strong>τὰ</strong></span> <span class='ocrx_word' id='word_1_317' title='bbox 1680 432 1877 486; x_wconf 88' lang='grc' dir='ltr'>πρόσκαιρα</span> <span class='ocrx_word' id='word_1_318' title='bbox 1889 463 1899 481; x_wconf 93' lang='grc'>,</span> <span class='ocrx_word' id='word_1_319' title='bbox 1930 434 2020 484; x_wconf 81' lang='grc' dir='ltr'>μηδὲ</span> <span class='ocrx_word' id='word_1_320' title='bbox 2058 436 2137 479; x_wconf 80' lang='grc' dir='ltr'>τοὺς</span> <span class='ocrx_word' id='word_1_321' title='bbox 2167 435 2290 478; x_wconf 82' lang='grc' dir='ltr'>πόνους</span> <span class='ocrx_word' id='word_1_322' title='bbox 2320 438 2384 481; x_wconf 83' lang='grc' dir='ltr'><strong>τῆς</strong></span> 
     </span>
    </p>
   </div>
   <div class='ocr_carea' id='block_1_11' title="bbox 1323 491 2381 544">
    <p class='ocr_par' dir='ltr' id='par_1_11' title="bbox 1323 491 2381 544">
     <span class='ocr_line' id='line_1_50' title="bbox 1323 491 2381 544; baseline 0.004 -16"><span class='ocrx_word' id='word_1_323' title='bbox 1323 516 1335 528; x_wconf 62' lang='grc'><strong><em>,</em></strong></span> <span class='ocrx_word' id='word_1_324' title='bbox 1359 495 1484 544; x_wconf 84' lang='grc' dir='ltr'>ἀρετῆς</span> <span class='ocrx_word' id='word_1_325' title='bbox 1514 491 1733 543; x_wconf 78' lang='grc' dir='ltr'>λογιζώμεθα</span> <span class='ocrx_word' id='word_1_326' title='bbox 1748 521 1758 539; x_wconf 90' lang='grc'>,</span> <span class='ocrx_word' id='word_1_327' title='bbox 1778 492 1869 530; x_wconf 77' lang='grc' dir='ltr'>ἀλλὰ</span> <span class='ocrx_word' id='word_1_328' title='bbox 1889 493 1951 535; x_wconf 80' lang='grc' dir='ltr'><strong>τὰς</strong></span> <span class='ocrx_word' id='word_1_329' title='bbox 1981 494 2172 536; x_wconf 77' lang='grc' dir='ltr'>ἀντιδόσεις</span> <span class='ocrx_word' id='word_1_330' title='bbox 2193 496 2381 542; x_wconf 57' lang='grc' dir='ltr'>ἐννοῶμεν</span> 
     </span>
    </p>
   </div>
   <div class='ocr_carea' id='block_1_12' title="bbox 1357 550 2390 1024">
    <p class='ocr_par' dir='ltr' id='par_1_12' title="bbox 1357 550 2390 1024">
     <span class='ocr_line' id='line_1_51' title="bbox 1359 550 2383 605; baseline 0.002 -16"><span class='ocrx_word' id='word_1_331' title='bbox 1359 552 1446 603; x_wconf 83' lang='grc' dir='ltr'>μηδὲ</span> <span class='ocrx_word' id='word_1_332' title='bbox 1474 553 1542 588; x_wconf 83' lang='grc' dir='ltr'><strong>τῶν</strong></span> <span class='ocrx_word' id='word_1_333' title='bbox 1565 550 1760 602; x_wconf 80' lang='grc' dir='ltr'>χρημάτων</span> <span class='ocrx_word' id='word_1_334' title='bbox 1779 551 1843 598; x_wconf 82' lang='grc' dir='ltr'><strong>τὴν</strong></span> <span class='ocrx_word' id='word_1_335' title='bbox 1871 551 2028 598; x_wconf 83' lang='grc' dir='ltr'>δαπάνην</span> <span class='ocrx_word' id='word_1_336' title='bbox 2052 556 2134 605; x_wconf 74' lang='grc' dir='ltr'>ὁρᾷν</span> <span class='ocrx_word' id='word_1_337' title='bbox 2157 552 2383 604; x_wconf 80' lang='grc' dir='ltr'>βουλώμεθα,</span> 
     </span>
     <span class='ocr_line' id='line_1_52' title="bbox 1358 608 2385 660; baseline 0 -13"><span class='ocrx_word' id='word_1_338' title='bbox 1358 608 1498 647; x_wconf 79' lang='grc' dir='ltr'>ἐπειδὰν</span> <span class='ocrx_word' id='word_1_339' title='bbox 1530 608 1590 660; x_wconf 82' lang='grc' dir='ltr'>δέῃ</span> <span class='ocrx_word' id='word_1_340' title='bbox 1610 613 1722 646; x_wconf 72' lang='grc' dir='ltr'>ταῦτα</span> <span class='ocrx_word' id='word_1_341' title='bbox 1740 614 1810 652; x_wconf 85' lang='grc' dir='ltr'>τοῖς</span> <span class='ocrx_word' id='word_1_342' title='bbox 1829 609 1955 655; x_wconf 87' lang='grc' dir='ltr'>πένησι</span> <span class='ocrx_word' id='word_1_343' title='bbox 1975 610 2113 658; x_wconf 79' lang='grc' dir='ltr'>δοῦναι,</span> <span class='ocrx_word' id='word_1_344' title='bbox 2136 609 2226 648; x_wconf 83' lang='grc' dir='ltr'>ἀλλὰ</span> <span class='ocrx_word' id='word_1_345' title='bbox 2244 611 2307 657; x_wconf 80' lang='grc' dir='ltr'><strong>τὴν</strong></span> <span class='ocrx_word' id='word_1_346' title='bbox 2327 613 2385 649; x_wconf 83' lang='grc' dir='ltr'>ἓν·</span> 
     </span>
     <span class='ocr_line' id='line_1_53' title="bbox 1357 668 2385 722; baseline 0.002 -15"><span class='ocrx_word' id='word_1_347' title='bbox 1357 673 1472 708; x_wconf 80' lang='grc' dir='ltr'>τεῦθεν</span> <span class='ocrx_word' id='word_1_348' title='bbox 1492 668 1677 720; x_wconf 84' lang='grc' dir='ltr'>γινομένην</span> <span class='ocrx_word' id='word_1_349' title='bbox 1698 668 1879 720; x_wconf 79' lang='grc' dir='ltr'>πρόσοδον.</span> <span class='ocrx_word' id='word_1_350' title='bbox 1900 668 1969 710; x_wconf 81' lang='grc' dir='ltr'><strong>Διὰ</strong></span> <span class='ocrx_word' id='word_1_351' title='bbox 1991 669 2058 721; x_wconf 84' lang='grc' dir='ltr'><strong>γὰρ</strong></span> <span class='ocrx_word' id='word_1_352' title='bbox 2075 673 2176 708; x_wconf 75' lang='grc' dir='ltr'>τοῦτο</span> <span class='ocrx_word' id='word_1_353' title='bbox 2195 673 2246 721; x_wconf 80' lang='grc' dir='ltr'><strong>τῷ</strong></span> <span class='ocrx_word' id='word_1_354' title='bbox 2265 670 2385 722; x_wconf 84' lang='grc' dir='ltr'>σπόρῳ</span> 
     </span>
     <span class='ocr_line' id='line_1_54' title="bbox 1358 728 2386 783; baseline 0.003 -17"><span class='ocrx_word' id='word_1_355' title='bbox 1358 729 1422 776; x_wconf 71' lang='grc' dir='ltr'><strong>τὴν</strong></span> <span class='ocrx_word' id='word_1_356' title='bbox 1437 728 1674 780; x_wconf 81' lang='grc' dir='ltr'>ἐλεημοσύνην</span> <span class='ocrx_word' id='word_1_357' title='bbox 1691 728 1902 780; x_wconf 89' lang='grc' dir='ltr'>παρείκασεν</span> <span class='ocrx_word' id='word_1_358' title='bbox 1917 733 1939 776; x_wconf 84' lang='grc' dir='ltr'>ἡ</span> <span class='ocrx_word' id='word_1_359' title='bbox 1963 729 2037 768; x_wconf 87' lang='grc' dir='ltr'>θεία</span> <span class='ocrx_word' id='word_1_360' title='bbox 2054 730 2178 783; x_wconf 72' lang='grc' dir='ltr'>Γραφὴ</span> <span class='ocrx_word' id='word_1_361' title='bbox 2190 760 2200 778; x_wconf 93' lang='grc'>,</span> <span class='ocrx_word' id='word_1_362' title='bbox 2218 730 2276 770; x_wconf 80' lang='grc' dir='ltr'><strong>ἵνα</strong></span> <span class='ocrx_word' id='word_1_363' title='bbox 2297 731 2386 781; x_wconf 86' lang='grc' dir='ltr'>μετὰ</span> 
     </span>
     <span class='ocr_line' id='line_1_55' title="bbox 1357 789 2382 844; baseline 0.003 -18"><span class='ocrx_word' id='word_1_364' title='bbox 1357 795 1470 841; x_wconf 76' lang='grc' dir='ltr'>χαρᾶς</span> <span class='ocrx_word' id='word_1_365' title='bbox 1488 789 1547 827; x_wconf 80' lang='grc' dir='ltr'><strong>καὶ</strong></span> <span class='ocrx_word' id='word_1_366' title='bbox 1565 790 1697 836; x_wconf 90' lang='grc' dir='ltr'>πολλῆς</span> <span class='ocrx_word' id='word_1_367' title='bbox 1715 792 1777 835; x_wconf 70' lang='grc' dir='ltr'><strong>τῆς</strong></span> <span class='ocrx_word' id='word_1_368' title='bbox 1797 790 1993 842; x_wconf 83' lang='grc' dir='ltr'>προθυμίας</span> <span class='ocrx_word' id='word_1_369' title='bbox 2013 790 2119 837; x_wconf 81' lang='grc' dir='ltr'>αὐτὴν</span> <span class='ocrx_word' id='word_1_370' title='bbox 2140 791 2382 844; x_wconf 83' lang='grc' dir='ltr'>ἐργαζώμεθα.</span> 
     </span>
     <span class='ocr_line' id='line_1_56' title="bbox 1360 849 2385 904; baseline 0.002 -17"><span class='ocrx_word' id='word_1_371' title='bbox 1360 851 1404 887; x_wconf 82' lang='grc' dir='ltr'><strong>Εἰ</strong></span> <span class='ocrx_word' id='word_1_372' title='bbox 1435 849 1502 901; x_wconf 82' lang='grc' dir='ltr'><strong>γὰρ</strong></span> <span class='ocrx_word' id='word_1_373' title='bbox 1523 852 1554 887; x_wconf 79' lang='grc' dir='ltr'><strong>οἱ</strong></span> <span class='ocrx_word' id='word_1_374' title='bbox 1583 853 1626 901; x_wconf 81' lang='grc' dir='ltr'><strong>τῆ</strong></span> <span class='ocrx_word' id='word_1_375' title='bbox 1647 853 1692 901; x_wconf 77' lang='grc' dir='ltr'><strong>γῆ</strong></span> <span class='ocrx_word' id='word_1_376' title='bbox 1713 849 1758 888; x_wconf 82' lang='grc' dir='ltr'><strong>τὰ</strong></span> <span class='ocrx_word' id='word_1_377' title='bbox 1789 849 1975 902; x_wconf 76' lang='grc' dir='ltr'>σπέρματα</span> <span class='ocrx_word' id='word_1_378' title='bbox 1997 852 2385 904; x_wconf 79' lang='grc' dir='ltr'>παρακατατιθέμενοι,</span> 
     </span>
     <span class='ocr_line' id='line_1_57' title="bbox 1360 909 2388 963; baseline 0.003 -17"><span class='ocrx_word' id='word_1_379' title='bbox 1360 910 1420 947; x_wconf 84' lang='grc' dir='ltr'><strong>καὶ</strong></span> <span class='ocrx_word' id='word_1_380' title='bbox 1438 909 1483 947; x_wconf 88' lang='grc' dir='ltr'><strong>τὰ</strong></span> <span class='ocrx_word' id='word_1_381' title='bbox 1499 911 1699 960; x_wconf 81' lang='grc' dir='ltr'>συνηγμένα</span> <span class='ocrx_word' id='word_1_382' title='bbox 1715 910 1775 948; x_wconf 81' lang='grc' dir='ltr'><strong>καὶ</strong></span> <span class='ocrx_word' id='word_1_383' title='bbox 1795 910 1889 948; x_wconf 81' lang='grc' dir='ltr'>ἔνδον</span> <span class='ocrx_word' id='word_1_384' title='bbox 1911 911 2125 962; x_wconf 85' lang='grc' dir='ltr'>ἀποκείμενα</span> <span class='ocrx_word' id='word_1_385' title='bbox 2147 913 2388 963; x_wconf 82' lang='grc' dir='ltr'>σκορπίζοντες</span> 
     </span>
     <span class='ocr_line' id='line_1_58' title="bbox 1363 969 2390 1024; baseline 0.003 -18"><span class='ocrx_word' id='word_1_386' title='bbox 1363 969 1451 1020; x_wconf 88' lang='grc' dir='ltr'>μετὰ</span> <span class='ocrx_word' id='word_1_387' title='bbox 1469 976 1582 1022; x_wconf 80' lang='grc' dir='ltr'>χαρᾶς</span> <span class='ocrx_word' id='word_1_388' title='bbox 1603 974 1702 1008; x_wconf 76' lang='grc' dir='ltr'>τοῦτο</span> <span class='ocrx_word' id='word_1_389' title='bbox 1727 970 2021 1021; x_wconf 85' lang='grc' dir='ltr'>διαπράττονται,</span> <span class='ocrx_word' id='word_1_390' title='bbox 2048 971 2108 1008; x_wconf 83' lang='grc' dir='ltr'><strong>καὶ</strong></span> <span class='ocrx_word' id='word_1_391' title='bbox 2128 978 2203 1015; x_wconf 90' lang='grc' dir='ltr'>ταῖς</span> <span class='ocrx_word' id='word_1_392' title='bbox 2219 978 2390 1024; x_wconf 77' lang='grc' dir='ltr'>χρησταῖς</span> 
     </span>
    </p>
   </div>
   <div class='ocr_carea' id='block_1_13' title="bbox 1315 1029 2390 1082">
    <p class='ocr_par' dir='ltr' id='par_1_13' title="bbox 1315 1029 2390 1082">
     <span class='ocr_line' id='line_1_59' title="bbox 1315 1029 2390 1082; baseline 0.003 -16"><span class='ocrx_word' id='word_1_393' title='bbox 1315 1030 1340 1060; x_wconf 87' lang='lat' dir='ltr'>D</span> <span class='ocrx_word' id='word_1_394' title='bbox 1362 1029 1484 1067; x_wconf 79' lang='grc' dir='ltr'>ἐλπίσι</span> <span class='ocrx_word' id='word_1_395' title='bbox 1503 1030 1710 1082; x_wconf 75' lang='grc' dir='ltr'>τρεφόμενοι</span> <span class='ocrx_word' id='word_1_396' title='bbox 1724 1030 1790 1077; x_wconf 80' lang='grc' dir='ltr'><strong>ἤδη</strong></span> <span class='ocrx_word' id='word_1_397' title='bbox 1804 1029 1848 1067; x_wconf 84' lang='grc' dir='ltr'><strong>τὰ</strong></span> <span class='ocrx_word' id='word_1_398' title='bbox 1868 1031 2056 1082; x_wconf 79' lang='grc' dir='ltr'>δράγματα</span> <span class='ocrx_word' id='word_1_399' title='bbox 2077 1031 2136 1068; x_wconf 77' lang='grc' dir='ltr'><strong>καὶ</strong></span> <span class='ocrx_word' id='word_1_400' title='bbox 2155 1031 2217 1078; x_wconf 82' lang='grc' dir='ltr'><strong>τὴν</strong></span> <span class='ocrx_word' id='word_1_401' title='bbox 2240 1032 2313 1069; x_wconf 84' lang='grc' dir='ltr'>ἅλω</span> <span class='ocrx_word' id='word_1_402' title='bbox 2327 1047 2390 1070; x_wconf 87' lang='grc' dir='ltr'><strong>πε-</strong></span> 
     </span>
    </p>
   </div>
   <div class='ocr_carea' id='block_1_14' title="bbox 1362 1089 2397 1689">
    <p class='ocr_par' dir='ltr' id='par_1_14' title="bbox 1362 1089 2397 1689">
     <span class='ocr_line' id='line_1_60' title="bbox 1362 1089 2389 1144; baseline 0.002 -17"><span class='ocrx_word' id='word_1_403' title='bbox 1362 1089 1599 1143; x_wconf 83' lang='grc' dir='ltr'>πληρωμένην</span> <span class='ocrx_word' id='word_1_404' title='bbox 1619 1095 1690 1134; x_wconf 88' lang='grc' dir='ltr'>τοῖς</span> <span class='ocrx_word' id='word_1_405' title='bbox 1710 1092 1891 1142; x_wconf 78' lang='grc' dir='ltr'>λογισμοῖς</span> <span class='ocrx_word' id='word_1_406' title='bbox 1910 1090 2167 1143; x_wconf 80' lang='grc' dir='ltr'>ὑπογράφουσι·</span> <span class='ocrx_word' id='word_1_407' title='bbox 2200 1093 2319 1144; x_wconf 87' lang='grc' dir='ltr'>πολλῷ</span> <span class='ocrx_word' id='word_1_408' title='bbox 2347 1092 2389 1139; x_wconf 85' lang='grc' dir='ltr'>δὴ</span> 
     </span>
     <span class='ocr_line' id='line_1_61' title="bbox 1365 1149 2390 1203; baseline 0.003 -15"><span class='ocrx_word' id='word_1_409' title='bbox 1365 1152 1496 1201; x_wconf 75' lang='grc' dir='ltr'>μᾶλλον</span> <span class='ocrx_word' id='word_1_410' title='bbox 1533 1149 1613 1194; x_wconf 80' lang='grc' dir='ltr'>τοὺς</span> <span class='ocrx_word' id='word_1_411' title='bbox 1645 1151 1704 1189; x_wconf 78' lang='grc' dir='ltr'><strong>τὸν</strong></span> <span class='ocrx_word' id='word_1_412' title='bbox 1742 1150 1870 1203; x_wconf 87' lang='grc' dir='ltr'>σπόρον</span> <span class='ocrx_word' id='word_1_413' title='bbox 1905 1155 2025 1189; x_wconf 77' lang='grc' dir='ltr'>τοῦτον</span> <span class='ocrx_word' id='word_1_414' title='bbox 2059 1152 2116 1190; x_wconf 80' lang='grc' dir='ltr'><strong>τὸν</strong></span> <span class='ocrx_word' id='word_1_415' title='bbox 2156 1152 2390 1202; x_wconf 81' lang='grc' dir='ltr'>πνευματικὸν</span> 
     </span>
     <span class='ocr_line' id='line_1_62' title="bbox 1363 1211 2392 1265; baseline 0.001 -15"><span class='ocrx_word' id='word_1_416' title='bbox 1363 1211 1516 1264; x_wconf 88' lang='grc' dir='ltr'>σπείρειν</span> <span class='ocrx_word' id='word_1_417' title='bbox 1536 1211 1827 1262; x_wconf 80' lang='grc' dir='ltr'>καταξιουμένους</span> <span class='ocrx_word' id='word_1_418' title='bbox 1846 1212 1983 1263; x_wconf 78' lang='grc' dir='ltr'>χαίρειν</span> <span class='ocrx_word' id='word_1_419' title='bbox 2003 1212 2063 1250; x_wconf 75' lang='grc' dir='ltr'><strong>καὶ</strong></span> <span class='ocrx_word' id='word_1_420' title='bbox 2076 1213 2261 1264; x_wconf 66' lang='grc' dir='ltr'>γεγηθέναι</span> <span class='ocrx_word' id='word_1_421' title='bbox 2282 1229 2392 1265; x_wconf 87' lang='grc' dir='ltr'>προσ-</span> 
     </span>
     <span class='ocr_line' id='line_1_63' title="bbox 1364 1271 2393 1326; baseline 0.002 -16"><span class='ocrx_word' id='word_1_422' title='bbox 1364 1271 1460 1319; x_wconf 76' lang='grc' dir='ltr'>ήκει,</span> <span class='ocrx_word' id='word_1_423' title='bbox 1482 1271 1535 1310; x_wconf 81' lang='grc' dir='ltr'><strong>ὅτι</strong></span> <span class='ocrx_word' id='word_1_424' title='bbox 1551 1272 1608 1310; x_wconf 84' lang='grc' dir='ltr'><strong>ἐπὶ</strong></span> <span class='ocrx_word' id='word_1_425' title='bbox 1626 1276 1689 1323; x_wconf 91' lang='grc' dir='ltr'><strong>γῆς</strong></span> <span class='ocrx_word' id='word_1_426' title='bbox 1707 1271 1924 1325; x_wconf 86' lang='grc' dir='ltr'>σπείροντες,</span> <span class='ocrx_word' id='word_1_427' title='bbox 1945 1275 1979 1310; x_wconf 87' lang='grc' dir='ltr'>ἐν</span> <span class='ocrx_word' id='word_1_428' title='bbox 2000 1273 2135 1325; x_wconf 76' lang='grc' dir='ltr'>οὐρανῷ</span> <span class='ocrx_word' id='word_1_429' title='bbox 2150 1274 2294 1326; x_wconf 82' lang='grc' dir='ltr'>θερίζειν</span> <span class='ocrx_word' id='word_1_430' title='bbox 2310 1273 2393 1324; x_wconf 86' lang='grc' dir='ltr'>μέλ-</span> 
     </span>
     <span class='ocr_line' id='line_1_64' title="bbox 1363 1332 2392 1387; baseline 0.001 -16"><span class='ocrx_word' id='word_1_431' title='bbox 1363 1334 1483 1380; x_wconf 85' lang='grc' dir='ltr'>λουσι,</span> <span class='ocrx_word' id='word_1_432' title='bbox 1515 1333 1575 1371; x_wconf 80' lang='grc' dir='ltr'><strong>καὶ</strong></span> <span class='ocrx_word' id='word_1_433' title='bbox 1606 1332 1756 1385; x_wconf 86' lang='grc' dir='ltr'>ἀργύρια</span> <span class='ocrx_word' id='word_1_434' title='bbox 1787 1333 2088 1381; x_wconf 66' lang='grc' dir='ltr'>καταὸάλλοντες,</span> <span class='ocrx_word' id='word_1_435' title='bbox 2126 1334 2392 1387; x_wconf 80' lang='grc' dir='ltr'>ἁμαρτημάτων</span> 
     </span>
     <span class='ocr_line' id='line_1_65' title="bbox 1365 1392 2394 1447; baseline 0 -17"><span class='ocrx_word' id='word_1_436' title='bbox 1365 1392 1587 1446; x_wconf 44' lang='grc' dir='ltr'>συγχώρησιν</span> <span class='ocrx_word' id='word_1_437' title='bbox 1607 1393 1768 1445; x_wconf 73' lang='grc' dir='ltr'>δέχονται</span> <span class='ocrx_word' id='word_1_438' title='bbox 1786 1423 1795 1438; x_wconf 85' lang='grc'>,</span> <span class='ocrx_word' id='word_1_439' title='bbox 1821 1393 1879 1431; x_wconf 76' lang='grc' dir='ltr'><strong>καὶ</strong></span> <span class='ocrx_word' id='word_1_440' title='bbox 1900 1393 2099 1445; x_wconf 72' lang='grc' dir='ltr'>παρρησίας</span> <span class='ocrx_word' id='word_1_441' title='bbox 2120 1394 2281 1447; x_wconf 77' lang='grc' dir='ltr'>ἀφορμὴν</span> <span class='ocrx_word' id='word_1_442' title='bbox 2302 1392 2394 1446; x_wconf 80' lang='grc' dir='ltr'>εὓρί·</span> 
     </span>
     <span class='ocr_line' id='line_1_66' title="bbox 1367 1453 2395 1504; baseline 0.001 -13"><span class='ocrx_word' id='word_1_443' title='bbox 1367 1468 1506 1502; x_wconf 84' lang='grc' dir='ltr'>σκουσι,</span> <span class='ocrx_word' id='word_1_444' title='bbox 1526 1453 1767 1504; x_wconf 75' lang='grc' dir='ltr'>προξενοῦντες</span> <span class='ocrx_word' id='word_1_445' title='bbox 1789 1455 1924 1497; x_wconf 79' lang='grc' dir='ltr'>ἑαυτοῖς</span> <span class='ocrx_word' id='word_1_446' title='bbox 1955 1454 2013 1491; x_wconf 85' lang='grc' dir='ltr'><strong>διὰ</strong></span> <span class='ocrx_word' id='word_1_447' title='bbox 2032 1457 2101 1492; x_wconf 90' lang='grc' dir='ltr'><strong>τῶν</strong></span> <span class='ocrx_word' id='word_1_448' title='bbox 2131 1456 2276 1492; x_wconf 79' lang='grc' dir='ltr'>ἐνταῦθα</span> <span class='ocrx_word' id='word_1_449' title='bbox 2300 1455 2395 1492; x_wconf 82' lang='grc' dir='ltr'>διδο-</span> 
     </span>
     <span class='ocr_line' id='line_1_67' title="bbox 1369 1513 2395 1565; baseline 0.001 -13"><span class='ocrx_word' id='word_1_450' title='bbox 1369 1514 1480 1564; x_wconf 80' lang='grc' dir='ltr'>μένων</span> <span class='ocrx_word' id='word_1_451' title='bbox 1519 1515 1582 1560; x_wconf 82' lang='grc' dir='ltr'>τὴν</span> <span class='ocrx_word' id='word_1_452' title='bbox 1617 1515 1759 1561; x_wconf 80' lang='grc' dir='ltr'>διηνεκῆ</span> <span class='ocrx_word' id='word_1_453' title='bbox 1794 1513 2003 1562; x_wconf 83' lang='grc' dir='ltr'>ἀνάπαυσιν,</span> <span class='ocrx_word' id='word_1_454' title='bbox 2025 1514 2085 1552; x_wconf 79' lang='grc' dir='ltr'><strong>καὶ</strong></span> <span class='ocrx_word' id='word_1_455' title='bbox 2109 1513 2171 1561; x_wconf 79' lang='grc' dir='ltr'><strong>τὴν</strong></span> <span class='ocrx_word' id='word_1_456' title='bbox 2212 1515 2302 1565; x_wconf 80' lang='grc' dir='ltr'>μετὰ</span> <span class='ocrx_word' id='word_1_457' title='bbox 2327 1518 2395 1553; x_wconf 90' lang='grc' dir='ltr'><strong>τῶν</strong></span> 
     </span>
     <span class='ocr_line' id='line_1_68' title="bbox 1369 1574 2397 1627; baseline 0.002 -14"><span class='ocrx_word' id='word_1_458' title='bbox 1369 1575 1476 1626; x_wconf 88' lang='grc' dir='ltr'>ἇγίων</span> <span class='ocrx_word' id='word_1_459' title='bbox 1493 1575 1683 1627; x_wconf 74' lang='grc' dir='ltr'>διαγωγήν.</span> <span class='ocrx_word' id='word_1_460' title='bbox 1704 1574 1778 1613; x_wconf 77' lang='grc' dir='ltr'>Κᾶν</span> <span class='ocrx_word' id='word_1_461' title='bbox 1794 1575 1997 1627; x_wconf 79' lang='grc' dir='ltr'>σωφροσύνῃ</span> <span class='ocrx_word' id='word_1_462' title='bbox 2016 1575 2183 1626; x_wconf 85' lang='grc' dir='ltr'>ἡδώμεθα</span> <span class='ocrx_word' id='word_1_463' title='bbox 2196 1604 2205 1622; x_wconf 90' lang='grc'>,</span> <span class='ocrx_word' id='word_1_464' title='bbox 2228 1575 2276 1626; x_wconf 84' lang='grc' dir='ltr'><strong>μὴ</strong></span> <span class='ocrx_word' id='word_1_465' title='bbox 2296 1581 2397 1615; x_wconf 76' lang='grc' dir='ltr'>τοῦτο</span> 
     </span>
     <span class='ocr_line' id='line_1_69' title="bbox 1371 1635 2397 1689; baseline 0 -15"><span class='ocrx_word' id='word_1_466' title='bbox 1371 1638 1571 1685; x_wconf 88' lang='grc' dir='ltr'>σκοπῶμεν,</span> <span class='ocrx_word' id='word_1_467' title='bbox 1586 1636 1640 1674; x_wconf 76' lang='grc' dir='ltr'><strong>ὅτι</strong></span> <span class='ocrx_word' id='word_1_468' title='bbox 1659 1635 1762 1674; x_wconf 87' lang='grc' dir='ltr'>πόνον</span> <span class='ocrx_word' id='word_1_469' title='bbox 1782 1635 1856 1687; x_wconf 73' lang='grc' dir='ltr'>ἔχει</span> <span class='ocrx_word' id='word_1_470' title='bbox 1874 1638 1896 1681; x_wconf 82' lang='grc' dir='ltr'>ἡ</span> <span class='ocrx_word' id='word_1_471' title='bbox 1928 1636 2034 1688; x_wconf 79' lang='grc' dir='ltr'>ἀρετή</span> <span class='ocrx_word' id='word_1_472' title='bbox 2048 1651 2055 1658; x_wconf 92' lang='grc'>·</span> <span class='ocrx_word' id='word_1_473' title='bbox 2075 1635 2164 1686; x_wconf 80' lang='grc' dir='ltr'>μηδὲ</span> <span class='ocrx_word' id='word_1_474' title='bbox 2185 1637 2238 1674; x_wconf 84' lang='grc' dir='ltr'><strong>ὅτι</strong></span> <span class='ocrx_word' id='word_1_475' title='bbox 2261 1639 2283 1682; x_wconf 85' lang='grc' dir='ltr'>ἡ</span> <span class='ocrx_word' id='word_1_476' title='bbox 2305 1651 2397 1689; x_wconf 87' lang='grc' dir='ltr'>παρ·</span> 
     </span>
    </p>
   </div>
   <div class='ocr_carea' id='block_1_15' title="bbox 1324 1695 2396 1748">
    <p class='ocr_par' dir='ltr' id='par_1_15' title="bbox 1324 1695 2396 1748">
     <span class='ocr_line' id='line_1_70' title="bbox 1324 1695 2396 1748; baseline 0.001 -14"><span class='ocrx_word' id='word_1_477' title='bbox 1324 1698 1349 1728; x_wconf 85' lang='grc' dir='ltr'><strong>Ε</strong></span> <span class='ocrx_word' id='word_1_478' title='bbox 1371 1696 1467 1735; x_wconf 88' lang='grc' dir='ltr'>θενία</span> <span class='ocrx_word' id='word_1_479' title='bbox 1495 1695 1602 1734; x_wconf 71' lang='grc' dir='ltr'>πολὺν</span> <span class='ocrx_word' id='word_1_480' title='bbox 1624 1697 1697 1747; x_wconf 80' lang='grc' dir='ltr'>ἔχει</span> <span class='ocrx_word' id='word_1_481' title='bbox 1721 1696 1779 1734; x_wconf 84' lang='grc' dir='ltr'><strong>τὸν</strong></span> <span class='ocrx_word' id='word_1_482' title='bbox 1803 1698 1941 1747; x_wconf 82' lang='grc' dir='ltr'>ἀγῶνα,</span> <span class='ocrx_word' id='word_1_483' title='bbox 1961 1695 2051 1733; x_wconf 79' lang='grc' dir='ltr'>ἀλλὰ</span> <span class='ocrx_word' id='word_1_484' title='bbox 2069 1696 2133 1743; x_wconf 89' lang='grc' dir='ltr'><strong>τὴν</strong></span> <span class='ocrx_word' id='word_1_485' title='bbox 2153 1695 2396 1748; x_wconf 82' lang='grc' dir='ltr'>διαδεξομένην</span> 
     </span>
    </p>
   </div>
   <div class='ocr_carea' id='block_1_16' title="bbox 1371 1756 2402 2478">
    <p class='ocr_par' dir='ltr' id='par_1_16' title="bbox 1371 1756 2402 2478">
     <span class='ocr_line' id='line_1_71' title="bbox 1371 1756 2397 1809; baseline 0 -14"><span class='ocrx_word' id='word_1_486' title='bbox 1371 1761 1466 1809; x_wconf 81' lang='grc' dir='ltr'>ἡμᾶς</span> <span class='ocrx_word' id='word_1_487' title='bbox 1484 1757 1581 1803; x_wconf 83' lang='grc' dir='ltr'>λῆξιν</span> <span class='ocrx_word' id='word_1_488' title='bbox 1602 1759 1784 1807; x_wconf 80' lang='grc' dir='ltr'>ἐννοῶμεν,</span> <span class='ocrx_word' id='word_1_489' title='bbox 1807 1756 1866 1794; x_wconf 82' lang='grc' dir='ltr'><strong>καὶ</strong></span> <span class='ocrx_word' id='word_1_490' title='bbox 1885 1756 2015 1803; x_wconf 86' lang='grc' dir='ltr'>ταύτην</span> <span class='ocrx_word' id='word_1_491' title='bbox 2039 1757 2093 1795; x_wconf 76' lang='grc' dir='ltr'><strong>ἀεὶ</strong></span> <span class='ocrx_word' id='word_1_492' title='bbox 2113 1757 2397 1809; x_wconf 85' lang='grc' dir='ltr'>ἀναλογιζόμενοι</span> 
     </span>
     <span class='ocr_line' id='line_1_72' title="bbox 1371 1816 2396 1869; baseline -0.001 -12"><span class='ocrx_word' id='word_1_493' title='bbox 1371 1823 1434 1866; x_wconf 86' lang='grc' dir='ltr'><strong>τῆς</strong></span> <span class='ocrx_word' id='word_1_494' title='bbox 1450 1818 1634 1869; x_wconf 83' lang='grc' dir='ltr'>ἐπιθυμίας</span> <span class='ocrx_word' id='word_1_495' title='bbox 1652 1821 1714 1865; x_wconf 88' lang='grc' dir='ltr'><strong>τῆς</strong></span> <span class='ocrx_word' id='word_1_496' title='bbox 1729 1824 1883 1868; x_wconf 86' lang='grc' dir='ltr'>πονηρᾶς</span> <span class='ocrx_word' id='word_1_497' title='bbox 1900 1816 2152 1869; x_wconf 76' lang='grc' dir='ltr'>χαλινώσωμεν</span> <span class='ocrx_word' id='word_1_498' title='bbox 2171 1817 2234 1865; x_wconf 74' lang='grc' dir='ltr'><strong>τὴν</strong></span> <span class='ocrx_word' id='word_1_499' title='bbox 2255 1817 2396 1865; x_wconf 86' lang='grc' dir='ltr'>λύτταν,</span> 
     </span>
     <span class='ocr_line' id='line_1_73' title="bbox 1372 1878 2396 1933; baseline -0.003 -14"><span class='ocrx_word' id='word_1_500' title='bbox 1372 1879 1633 1933; x_wconf 87' lang='grc' dir='ltr'>περιγινώμεθα</span> <span class='ocrx_word' id='word_1_501' title='bbox 1666 1881 1734 1917; x_wconf 89' lang='grc' dir='ltr'><strong>τῶν</strong></span> <span class='ocrx_word' id='word_1_502' title='bbox 1757 1881 1819 1925; x_wconf 84' lang='grc' dir='ltr'><strong>τῆς</strong></span> <span class='ocrx_word' id='word_1_503' title='bbox 1840 1879 1967 1931; x_wconf 81' lang='grc' dir='ltr'>σαρκὸς</span> <span class='ocrx_word' id='word_1_504' title='bbox 1986 1878 2248 1930; x_wconf 80' lang='grc' dir='ltr'>σκιρτημάτων,</span> <span class='ocrx_word' id='word_1_505' title='bbox 2279 1879 2396 1930; x_wconf 76' lang='grc' dir='ltr'>καὶτῆ</span> 
     </span>
     <span class='ocr_line' id='line_1_74' title="bbox 1372 1939 2396 1992; baseline -0.002 -13"><span class='ocrx_word' id='word_1_506' title='bbox 1372 1944 1440 1979; x_wconf 89' lang='grc' dir='ltr'><strong>τῶν</strong></span> <span class='ocrx_word' id='word_1_507' title='bbox 1477 1940 1634 1991; x_wconf 70' lang='grc' dir='ltr'>ἀμοιὸῶν</span> <span class='ocrx_word' id='word_1_508' title='bbox 1672 1939 1844 1978; x_wconf 88' lang='grc' dir='ltr'>ἀντιδόσει</span> <span class='ocrx_word' id='word_1_509' title='bbox 1864 1939 1929 1986; x_wconf 80' lang='grc' dir='ltr'><strong>τὴν</strong></span> <span class='ocrx_word' id='word_1_510' title='bbox 1962 1939 2163 1992; x_wconf 53' lang='grc' dir='ltr'>δυσχέρειαν</span> <span class='ocrx_word' id='word_1_511' title='bbox 2192 1942 2260 1977; x_wconf 92' lang='grc' dir='ltr'><strong>τῶν</strong></span> <span class='ocrx_word' id='word_1_512' title='bbox 2281 1940 2396 1979; x_wconf 89' lang='grc' dir='ltr'>πόνων</span> 
     </span>
     <span class='ocr_line' id='line_1_75' title="bbox 1373 2000 2398 2054; baseline -0.003 -13"><span class='ocrx_word' id='word_1_513' title='bbox 1373 2000 1661 2052; x_wconf 81' lang='grc' dir='ltr'>ὓποτεμνώμεθα.</span> <span class='ocrx_word' id='word_1_514' title='bbox 1675 2000 1794 2048; x_wconf 84' lang='grc' dir='ltr'>Ἱκανὴ</span> <span class='ocrx_word' id='word_1_515' title='bbox 1813 2001 1881 2054; x_wconf 85' lang='grc' dir='ltr'><strong>γὰρ</strong></span> <span class='ocrx_word' id='word_1_516' title='bbox 1899 2004 1921 2047; x_wconf 83' lang='grc' dir='ltr'>ἡ</span> <span class='ocrx_word' id='word_1_517' title='bbox 1941 2004 2008 2039; x_wconf 91' lang='grc' dir='ltr'><strong>τῶν</strong></span> <span class='ocrx_word' id='word_1_518' title='bbox 2027 2003 2191 2053; x_wconf 77' lang='grc' dir='ltr'>χρηστῶν</span> <span class='ocrx_word' id='word_1_519' title='bbox 2218 2001 2314 2044; x_wconf 83' lang='grc' dir='ltr'>ἐλπὶς</span> <span class='ocrx_word' id='word_1_520' title='bbox 2338 2001 2398 2040; x_wconf 81' lang='grc' dir='ltr'><strong>καὶ</strong></span> 
     </span>
     <span class='ocr_line' id='line_1_76' title="bbox 1372 2061 2399 2115; baseline -0.002 -14"><span class='ocrx_word' id='word_1_521' title='bbox 1372 2061 1535 2101; x_wconf 80' lang='grc' dir='ltr'>κινδύνων</span> <span class='ocrx_word' id='word_1_522' title='bbox 1556 2061 1822 2115; x_wconf 80' lang='grc' dir='ltr'>παρασκευάσαι</span> <span class='ocrx_word' id='word_1_523' title='bbox 1842 2063 2080 2113; x_wconf 79' lang='grc' dir='ltr'>κατατολμᾷν,</span> <span class='ocrx_word' id='word_1_524' title='bbox 2100 2062 2186 2112; x_wconf 91' lang='grc' dir='ltr'>μήτι</span> <span class='ocrx_word' id='word_1_525' title='bbox 2208 2078 2248 2113; x_wconf 89' lang='grc' dir='ltr'><strong>γε</strong></span> <span class='ocrx_word' id='word_1_526' title='bbox 2276 2061 2317 2108; x_wconf 85' lang='grc' dir='ltr'>δὴ</span> <span class='ocrx_word' id='word_1_527' title='bbox 2337 2064 2399 2107; x_wconf 90' lang='grc' dir='ltr'><strong>τῆς</strong></span> 
     </span>
     <span class='ocr_line' id='line_1_77' title="bbox 1373 2120 2399 2175; baseline 0.001 -16"><span class='ocrx_word' id='word_1_528' title='bbox 1373 2124 1499 2174; x_wconf 87' lang='grc' dir='ltr'>ἀρετῆς</span> <span class='ocrx_word' id='word_1_529' title='bbox 1518 2120 1595 2165; x_wconf 72' lang='grc' dir='ltr'>τοὺς</span> <span class='ocrx_word' id='word_1_530' title='bbox 1613 2122 1736 2166; x_wconf 90' lang='grc' dir='ltr'>πόνους</span> <span class='ocrx_word' id='word_1_531' title='bbox 1755 2121 1922 2173; x_wconf 85' lang='grc' dir='ltr'>γενναίως</span> <span class='ocrx_word' id='word_1_532' title='bbox 1940 2125 2102 2173; x_wconf 82' lang='grc' dir='ltr'>ἐνεγκεῖν.</span> <span class='ocrx_word' id='word_1_533' title='bbox 2121 2120 2235 2160; x_wconf 63' lang='grc' dir='ltr'><strong>ἒὈταν</strong></span> <span class='ocrx_word' id='word_1_534' title='bbox 2252 2121 2322 2175; x_wconf 83' lang='grc' dir='ltr'><strong>γὰρ</strong></span> <span class='ocrx_word' id='word_1_535' title='bbox 2343 2124 2399 2160; x_wconf 89' lang='grc' dir='ltr'>ἐν-</span> 
     </span>
     <span class='ocr_line' id='line_1_78' title="bbox 1373 2181 2399 2235; baseline 0 -15"><span class='ocrx_word' id='word_1_536' title='bbox 1373 2183 1500 2233; x_wconf 81' lang='grc' dir='ltr'>νοήσῃς</span> <span class='ocrx_word' id='word_1_537' title='bbox 1513 2212 1522 2230; x_wconf 88' lang='grc'>,</span> <span class='ocrx_word' id='word_1_538' title='bbox 1553 2181 1607 2220; x_wconf 78' lang='grc' dir='ltr'><strong>ὅτι</strong></span> <span class='ocrx_word' id='word_1_539' title='bbox 1625 2183 1711 2235; x_wconf 79' lang='grc' dir='ltr'>πρὸς</span> <span class='ocrx_word' id='word_1_540' title='bbox 1746 2183 1878 2234; x_wconf 77' lang='grc' dir='ltr'>βραχὺν</span> <span class='ocrx_word' id='word_1_541' title='bbox 1899 2182 2158 2234; x_wconf 83' lang='grc' dir='ltr'>ἀγωνισάμενος</span> <span class='ocrx_word' id='word_1_542' title='bbox 2176 2182 2316 2235; x_wconf 77' lang='grc' dir='ltr'>χρόνον,</span> <span class='ocrx_word' id='word_1_543' title='bbox 2339 2183 2399 2222; x_wconf 84' lang='grc' dir='ltr'><strong>καὶ</strong></span> 
     </span>
     <span class='ocr_line' id='line_1_79' title="bbox 1374 2243 2395 2297; baseline 0.002 -15"><span class='ocrx_word' id='word_1_544' title='bbox 1374 2248 1436 2291; x_wconf 86' lang='grc' dir='ltr'><strong>τῆς</strong></span> <span class='ocrx_word' id='word_1_545' title='bbox 1469 2243 1657 2294; x_wconf 84' lang='grc' dir='ltr'>παρθενίας</span> <span class='ocrx_word' id='word_1_546' title='bbox 1687 2243 1750 2290; x_wconf 79' lang='grc' dir='ltr'><strong>τὴν</strong></span> <span class='ocrx_word' id='word_1_547' title='bbox 1786 2244 1959 2295; x_wconf 83' lang='grc' dir='ltr'>λαμπάδα</span> <span class='ocrx_word' id='word_1_548' title='bbox 1991 2243 2139 2296; x_wconf 73' lang='grc' dir='ltr'>φαιδρὰν</span> <span class='ocrx_word' id='word_1_549' title='bbox 2166 2245 2395 2297; x_wconf 85' lang='grc' dir='ltr'>διατηρήσας.</span> 
     </span>
     <span class='ocr_line' id='line_1_80' title="bbox 1375 2303 2401 2356; baseline -0.001 -13"><span class='ocrx_word' id='word_1_550' title='bbox 1375 2304 1509 2350; x_wconf 86' lang='grc' dir='ltr'>ἐκείνης</span> <span class='ocrx_word' id='word_1_551' title='bbox 1538 2303 1713 2354; x_wconf 83' lang='grc' dir='ltr'>ἀξιωθήση</span> <span class='ocrx_word' id='word_1_552' title='bbox 1737 2306 1799 2350; x_wconf 83' lang='grc' dir='ltr'><strong>τῆς</strong></span> <span class='ocrx_word' id='word_1_553' title='bbox 1832 2304 2009 2356; x_wconf 89' lang='grc' dir='ltr'>μακαρίας</span> <span class='ocrx_word' id='word_1_554' title='bbox 2034 2305 2229 2356; x_wconf 77' lang='grc' dir='ltr'>διαγωγῆς,</span> <span class='ocrx_word' id='word_1_555' title='bbox 2261 2304 2320 2343; x_wconf 76' lang='grc' dir='ltr'><strong>καὶ</strong></span> <span class='ocrx_word' id='word_1_556' title='bbox 2349 2307 2401 2356; x_wconf 84' lang='grc' dir='ltr'><strong>τῷ</strong></span> 
     </span>
     <span class='ocr_line' id='line_1_81' title="bbox 1374 2365 2401 2417; baseline 0 -14"><span class='ocrx_word' id='word_1_557' title='bbox 1374 2365 1512 2417; x_wconf 67' lang='grc' dir='ltr'>νυμφίῳ</span> <span class='ocrx_word' id='word_1_558' title='bbox 1542 2367 1768 2403; x_wconf 85' lang='grc' dir='ltr'>συνεισελθεῖν</span> <span class='ocrx_word' id='word_1_559' title='bbox 1798 2365 1948 2416; x_wconf 81' lang='grc' dir='ltr'>δυνήσῃ,</span> <span class='ocrx_word' id='word_1_560' title='bbox 1968 2366 1998 2402; x_wconf 89' lang='grc' dir='ltr'><strong>εἷ</strong></span> <span class='ocrx_word' id='word_1_561' title='bbox 2017 2365 2079 2408; x_wconf 83' lang='grc' dir='ltr'><strong>τὰς</strong></span> <span class='ocrx_word' id='word_1_562' title='bbox 2099 2365 2289 2415; x_wconf 84' lang='grc' dir='ltr'>λαμπάδας</span> <span class='ocrx_word' id='word_1_563' title='bbox 2307 2365 2401 2417; x_wconf 85' lang='grc' dir='ltr'>ἔχοις</span> 
     </span>
     <span class='ocr_line' id='line_1_82' title="bbox 1377 2425 2402 2478; baseline -0.001 -13"><span class='ocrx_word' id='word_1_564' title='bbox 1377 2427 1597 2478; x_wconf 83' lang='grc' dir='ltr'>ἀνημμένας,</span> <span class='ocrx_word' id='word_1_565' title='bbox 1621 2425 1679 2464; x_wconf 82' lang='grc' dir='ltr'><strong>καὶ</strong></span> <span class='ocrx_word' id='word_1_566' title='bbox 1709 2428 1833 2478; x_wconf 73' lang='grc' dir='ltr'>ἀρκοῦν</span> <span class='ocrx_word' id='word_1_567' title='bbox 1854 2425 1999 2478; x_wconf 72' lang='grc' dir='ltr'>ἐχούσας</span> <span class='ocrx_word' id='word_1_568' title='bbox 2028 2425 2156 2474; x_wconf 85' lang='grc' dir='ltr'>ἔλαιον,</span> <span class='ocrx_word' id='word_1_569' title='bbox 2185 2429 2275 2465; x_wconf 75' lang='grc' dir='ltr'>τοῦτ’</span> <span class='ocrx_word' id='word_1_570' title='bbox 2307 2426 2402 2474; x_wconf 84' lang='grc' dir='ltr'>ἔστι,</span> 
     </span>
    </p>
   </div>
   <div class='ocr_carea' id='block_1_17' title="bbox 352 2487 2402 2546">
    <p class='ocr_par' dir='ltr' id='par_1_17' title="bbox 352 2487 2402 2546">
     <span class='ocr_line' id='line_1_83' title="bbox 352 2487 2402 2546; baseline -0.011 -3"><span class='ocrx_word' id='word_1_571' title='bbox 352 2506 575 2543; x_wconf 83' lang='lat' dir='ltr'><strong>est:Pacem</strong></span> <span class='ocrx_word' id='word_1_572' title='bbox 587 2497 1076 2541; x_wconf 80' lang='lat' dir='ltr'><strong>secteminicumomnibus,</strong></span> <span class='ocrx_word' id='word_1_573' title='bbox 1089 2502 1124 2531; x_wconf 82' lang='lat' dir='ltr'><strong>et</strong></span> <span class='ocrx_word' id='word_1_574' title='bbox 1134 2494 1304 2546; x_wconf 65' lang='lat' dir='ltr'><strong>sanctifi·</strong></span> <span class='ocrx_word' id='word_1_575' title='bbox 1319 2505 1365 2528; x_wconf 84' lang='lat'><strong>372</strong></span> <span class='ocrx_word' id='word_1_576' title='bbox 1377 2489 1439 2536; x_wconf 67' lang='grc' dir='ltr'><strong>τὴν</strong></span> <span class='ocrx_word' id='word_1_577' title='bbox 1467 2487 1536 2527; x_wconf 81' lang='grc' dir='ltr'><strong>ἀπὸ</strong></span> <span class='ocrx_word' id='word_1_578' title='bbox 1568 2491 1636 2525; x_wconf 85' lang='grc' dir='ltr'><strong>τῶν</strong></span> <span class='ocrx_word' id='word_1_579' title='bbox 1672 2490 1810 2539; x_wconf 87' lang='grc' dir='ltr'>ἀγαθῶν</span> <span class='ocrx_word' id='word_1_580' title='bbox 1833 2487 1991 2540; x_wconf 82' lang='grc' dir='ltr'>πράξεων</span> <span class='ocrx_word' id='word_1_581' title='bbox 2015 2487 2193 2539; x_wconf 86' lang='grc' dir='ltr'>ἐργασίαν,</span> <span class='ocrx_word' id='word_1_582' title='bbox 2223 2490 2298 2531; x_wconf 85' lang='grc' dir='ltr'><strong>πῶς</strong></span> <span class='ocrx_word' id='word_1_583' title='bbox 2323 2487 2402 2539; x_wconf 78' lang='grc' dir='ltr'>οὐχὶ</span> 
     </span>
    </p>
   </div>
   <div class='ocr_carea' id='block_1_18' title="bbox 353 2541 1356 2612">
    <p class='ocr_par' dir='ltr' id='par_1_18' title="bbox 353 2541 1356 2612">
     <span class='ocr_line' id='line_1_84' title="bbox 353 2541 1356 2612; baseline -0.015 -8"><span class='ocrx_word' id='word_1_584' title='bbox 353 2567 557 2611; x_wconf 75' lang='lat' dir='ltr'><strong>cntionem,</strong></span> <span class='ocrx_word' id='word_1_585' title='bbox 567 2564 650 2600; x_wconf 86' lang='lat' dir='ltr'><strong>sine</strong></span> <span class='ocrx_word' id='word_1_586' title='bbox 669 2573 747 2612; x_wconf 85' lang='lat' dir='ltr'><strong>qua</strong></span> <span class='ocrx_word' id='word_1_587' title='bbox 763 2557 895 2595; x_wconf 82' lang='lat' dir='ltr'><strong>nullus</strong></span> <span class='ocrx_word' id='word_1_588' title='bbox 908 2557 1056 2593; x_wconf 79' lang='lat' dir='ltr'><strong>videbit</strong></span> <span class='ocrx_word' id='word_1_589' title='bbox 1065 2556 1305 2593; x_wconf 79' lang='lat' dir='ltr'><strong>Dominum?</strong></span> <span class='ocrx_word' id='word_1_590' title='bbox 1331 2541 1356 2569; x_wconf 63' lang='grc' dir='ltr'><strong>Α</strong></span> 
     </span>
    </p>
   </div>
   <div class='ocr_carea' id='block_1_19' title="bbox 354 2615 1315 3219">
    <p class='ocr_par' dir='ltr' id='par_1_19' title="bbox 354 2615 1315 3219">
     <span class='ocr_line' id='line_1_85' title="bbox 354 2615 1304 2674; baseline -0.016 -8"><span class='ocrx_word' id='word_1_591' title='bbox 354 2625 488 2666; x_wconf 86' lang='lat' dir='ltr'><strong>Vidisti</strong></span> <span class='ocrx_word' id='word_1_592' title='bbox 518 2620 696 2674; x_wconf 85' lang='lat' dir='ltr'><strong>quomodo</strong></span> <span class='ocrx_word' id='word_1_593' title='bbox 716 2616 985 2657; x_wconf 87' lang='lat' dir='ltr'><strong>sanctificationi</strong></span> <span class='ocrx_word' id='word_1_594' title='bbox 1006 2629 1130 2668; x_wconf 85' lang='lat' dir='ltr'><strong>pacem</strong></span> <span class='ocrx_word' id='word_1_595' title='bbox 1152 2615 1304 2667; x_wconf 87' lang='lat' dir='ltr'><strong>conjun-</strong></span> 
     </span>
     <span class='ocr_line' id='line_1_86' title="bbox 354 2676 1307 2728; baseline -0.014 -3"><span class='ocrx_word' id='word_1_596' title='bbox 354 2687 433 2725; x_wconf 77' lang='lat' dir='ltr'><strong>xit‘?</strong></span> <span class='ocrx_word' id='word_1_597' title='bbox 443 2687 533 2724; x_wconf 75' lang='lat' dir='ltr'><strong>Nam</strong></span> <span class='ocrx_word' id='word_1_598' title='bbox 546 2693 583 2721; x_wconf 91' lang='lat' dir='ltr'><strong>ut</strong></span> <span class='ocrx_word' id='word_1_599' title='bbox 597 2683 750 2721; x_wconf 84' lang='lat' dir='ltr'><strong>sciamus</strong></span> <span class='ocrx_word' id='word_1_600' title='bbox 764 2693 843 2717; x_wconf 91' lang='lat' dir='ltr'><strong>eum</strong></span> <span class='ocrx_word' id='word_1_601' title='bbox 855 2692 922 2716; x_wconf 91' lang='lat' dir='ltr'><strong>non</strong></span> <span class='ocrx_word' id='word_1_602' title='bbox 937 2677 1052 2715; x_wconf 88' lang='lat' dir='ltr'><strong>solum</strong></span> <span class='ocrx_word' id='word_1_603' title='bbox 1067 2676 1222 2728; x_wconf 88' lang='lat' dir='ltr'><strong>corporis</strong></span> <span class='ocrx_word' id='word_1_604' title='bbox 1234 2691 1307 2728; x_wconf 87' lang='lat' dir='ltr'><strong>pu-</strong></span> 
     </span>
     <span class='ocr_line' id='line_1_87' title="bbox 356 2737 1310 2795; baseline -0.012 -11"><span class='ocrx_word' id='word_1_605' title='bbox 356 2748 497 2785; x_wconf 86' lang='lat' dir='ltr'><strong>ritatem</strong></span> <span class='ocrx_word' id='word_1_606' title='bbox 520 2744 711 2795; x_wconf 88' lang='lat' dir='ltr'><strong>requircre,</strong></span> <span class='ocrx_word' id='word_1_607' title='bbox 726 2740 787 2779; x_wconf 84' lang='lat' dir='ltr'><strong>sed</strong></span> <span class='ocrx_word' id='word_1_608' title='bbox 807 2749 840 2777; x_wconf 91' lang='lat' dir='ltr'><strong>et</strong></span> <span class='ocrx_word' id='word_1_609' title='bbox 858 2752 997 2791; x_wconf 86' lang='lat' dir='ltr'><strong>pacem,</strong></span> <span class='ocrx_word' id='word_1_610' title='bbox 1014 2737 1092 2774; x_wconf 81' lang='lat' dir='ltr'><strong>haec</strong></span> <span class='ocrx_word' id='word_1_611' title='bbox 1111 2746 1310 2789; x_wconf 91' lang='lat' dir='ltr'><strong>opportune</strong></span> 
     </span>
     <span class='ocr_line' id='line_1_88' title="bbox 359 2797 1311 2852; baseline -0.011 -8"><span class='ocrx_word' id='word_1_612' title='bbox 359 2813 621 2851; x_wconf 87' lang='lat' dir='ltr'><strong>commemorat,</strong></span> <span class='ocrx_word' id='word_1_613' title='bbox 634 2803 799 2852; x_wconf 86' lang='lat' dir='ltr'><strong>utrinque</strong></span> <span class='ocrx_word' id='word_1_614' title='bbox 810 2799 932 2837; x_wconf 87' lang='lat' dir='ltr'><strong>volens</strong></span> <span class='ocrx_word' id='word_1_615' title='bbox 946 2797 1097 2846; x_wconf 83' lang='lat' dir='ltr'><strong>munire,</strong></span> <span class='ocrx_word' id='word_1_616' title='bbox 1108 2805 1147 2834; x_wconf 93' lang='lat' dir='ltr'><strong>ut</strong></span> <span class='ocrx_word' id='word_1_617' title='bbox 1160 2806 1194 2835; x_wconf 91' lang='lat' dir='ltr'><strong>et</strong></span> <span class='ocrx_word' id='word_1_618' title='bbox 1209 2797 1311 2848; x_wconf 82' lang='lat' dir='ltr'><strong>cogi-</strong></span> 
     </span>
     <span class='ocr_line' id='line_1_89' title="bbox 360 2857 1312 2910; baseline -0.012 -5"><span class='ocrx_word' id='word_1_619' title='bbox 360 2868 508 2905; x_wconf 86' lang='lat' dir='ltr'><strong>tationes</strong></span> <span class='ocrx_word' id='word_1_620' title='bbox 518 2865 691 2910; x_wconf 82' lang='lat' dir='ltr'><strong>sedemus,</strong></span> <span class='ocrx_word' id='word_1_621' title='bbox 703 2863 751 2900; x_wconf 90' lang='lat' dir='ltr'><strong>ita</strong></span> <span class='ocrx_word' id='word_1_622' title='bbox 764 2871 802 2899; x_wconf 93' lang='lat' dir='ltr'><strong>ut</strong></span> <span class='ocrx_word' id='word_1_623' title='bbox 813 2861 912 2898; x_wconf 87' lang='lat' dir='ltr'><strong>nulla</strong></span> <span class='ocrx_word' id='word_1_624' title='bbox 923 2859 969 2897; x_wconf 90' lang='lat' dir='ltr'><strong>sit</strong></span> <span class='ocrx_word' id='word_1_625' title='bbox 981 2859 1016 2897; x_wconf 83' lang='lat' dir='ltr'><strong>in</strong></span> <span class='ocrx_word' id='word_1_626' title='bbox 1028 2857 1131 2896; x_wconf 89' lang='lat' dir='ltr'><strong>nobis</strong></span> <span class='ocrx_word' id='word_1_627' title='bbox 1142 2858 1312 2905; x_wconf 89' lang='lat' dir='ltr'><strong>turbatio,</strong></span> 
     </span>
     <span class='ocr_line' id='line_1_90' title="bbox 361 2918 1315 2978; baseline -0.012 -12"><span class='ocrx_word' id='word_1_628' title='bbox 361 2929 550 2978; x_wconf 83' lang='lat' dir='ltr'><strong>nullusque</strong></span> <span class='ocrx_word' id='word_1_629' title='bbox 559 2925 734 2963; x_wconf 86' lang='lat' dir='ltr'><strong>tumultus</strong></span> <span class='ocrx_word' id='word_1_630' title='bbox 747 2939 754 2959; x_wconf 90' lang='lat'>:</span> <span class='ocrx_word' id='word_1_631' title='bbox 765 2921 827 2960; x_wconf 87' lang='lat' dir='ltr'><strong>sed</strong></span> <span class='ocrx_word' id='word_1_632' title='bbox 837 2923 872 2959; x_wconf 91' lang='lat' dir='ltr'><strong>in</strong></span> <span class='ocrx_word' id='word_1_633' title='bbox 885 2919 1144 2971; x_wconf 84' lang='lat' dir='ltr'><strong>tranquillitate</strong></span> <span class='ocrx_word' id='word_1_634' title='bbox 1155 2928 1187 2956; x_wconf 89' lang='lat' dir='ltr'><strong>et</strong></span> <span class='ocrx_word' id='word_1_635' title='bbox 1198 2918 1315 2969; x_wconf 81' lang='lat' dir='ltr'><strong>quiete</strong></span> 
     </span>
     <span class='ocr_line' id='line_1_91' title="bbox 361 2982 1314 3036; baseline -0.013 -8"><span class='ocrx_word' id='word_1_636' title='bbox 361 3003 557 3036; x_wconf 72' lang='lat' dir='ltr'><strong>versemur,</strong></span> <span class='ocrx_word' id='word_1_637' title='bbox 585 2996 618 3024; x_wconf 91' lang='lat' dir='ltr'><strong>et</strong></span> <span class='ocrx_word' id='word_1_638' title='bbox 641 2999 722 3023; x_wconf 89' lang='lat' dir='ltr'><strong>cum</strong></span> <span class='ocrx_word' id='word_1_639' title='bbox 747 2983 914 3022; x_wconf 86' lang='lat' dir='ltr'><strong>omnibus</strong></span> <span class='ocrx_word' id='word_1_640' title='bbox 936 2982 1084 3035; x_wconf 77' lang='lat' dir='ltr'><strong>pacifice</strong></span> <span class='ocrx_word' id='word_1_641' title='bbox 1113 2994 1260 3032; x_wconf 84' lang='lat' dir='ltr'><strong>agamus</strong></span> <span class='ocrx_word' id='word_1_642' title='bbox 1281 2988 1314 3017; x_wconf 85' lang='lat' dir='ltr'><strong>et</strong></span> 
     </span>
     <span class='ocr_line' id='line_1_92' title="bbox 362 3039 1314 3091; baseline -0.013 -3"><span class='ocrx_word' id='word_1_643' title='bbox 362 3048 534 3088; x_wconf 75' lang='lat' dir='ltr'><strong>mansueti</strong></span> <span class='ocrx_word' id='word_1_644' title='bbox 559 3047 670 3084; x_wconf 86' lang='lat' dir='ltr'><strong>simus</strong></span> <span class='ocrx_word' id='word_1_645' title='bbox 688 3055 721 3083; x_wconf 90' lang='lat' dir='ltr'><strong>et</strong></span> <span class='ocrx_word' id='word_1_646' title='bbox 743 3045 844 3082; x_wconf 89' lang='lat' dir='ltr'><strong>mites</strong></span> <span class='ocrx_word' id='word_1_647' title='bbox 859 3052 892 3081; x_wconf 88' lang='lat' dir='ltr'><strong>et</strong></span> <span class='ocrx_word' id='word_1_648' title='bbox 910 3041 1073 3088; x_wconf 78' lang='lat' dir='ltr'><strong>humani,</strong></span> <span class='ocrx_word' id='word_1_649' title='bbox 1096 3050 1199 3091; x_wconf 87' lang='lat' dir='ltr'><strong>atque</strong></span> <span class='ocrx_word' id='word_1_650' title='bbox 1227 3039 1314 3077; x_wconf 85' lang='lat' dir='ltr'><strong>adeo</strong></span> 
     </span>
     <span class='ocr_line' id='line_1_93' title="bbox 362 3102 1314 3148; baseline -0.012 0"><span class='ocrx_word' id='word_1_651' title='bbox 362 3121 401 3148; x_wconf 87' lang='lat' dir='ltr'><strong>ut</strong></span> <span class='ocrx_word' id='word_1_652' title='bbox 415 3123 534 3148; x_wconf 89' lang='lat' dir='ltr'><strong>omnes</strong></span> <span class='ocrx_word' id='word_1_653' title='bbox 546 3107 688 3146; x_wconf 84' lang='lat' dir='ltr'><strong>virtutis</strong></span> <span class='ocrx_word' id='word_1_654' title='bbox 700 3106 833 3144; x_wconf 86' lang='lat' dir='ltr'><strong>colores</strong></span> <span class='ocrx_word' id='word_1_655' title='bbox 846 3105 880 3142; x_wconf 86' lang='lat' dir='ltr'><strong>in</strong></span> <span class='ocrx_word' id='word_1_656' title='bbox 893 3104 980 3142; x_wconf 86' lang='lat' dir='ltr'><strong>facie</strong></span> <span class='ocrx_word' id='word_1_657' title='bbox 992 3112 1107 3141; x_wconf 86' lang='lat' dir='ltr'><strong>nostra</strong></span> <span class='ocrx_word' id='word_1_658' title='bbox 1123 3102 1314 3139; x_wconf 87' lang='lat' dir='ltr'><strong>reluceant.</strong></span> 
     </span>
     <span class='ocr_line' id='line_1_94' title="bbox 360 3162 1315 3219; baseline -0.013 -9"><span class='ocrx_word' id='word_1_659' title='bbox 360 3174 414 3210; x_wconf 79' lang='lat' dir='ltr'><strong>lta</strong></span> <span class='ocrx_word' id='word_1_660' title='bbox 429 3170 522 3208; x_wconf 85' lang='lat' dir='ltr'><strong>euim</strong></span> <span class='ocrx_word' id='word_1_661' title='bbox 536 3169 698 3219; x_wconf 86' lang='lat' dir='ltr'><strong>deinceps</strong></span> <span class='ocrx_word' id='word_1_662' title='bbox 713 3176 744 3204; x_wconf 90' lang='lat' dir='ltr'><strong>et</strong></span> <span class='ocrx_word' id='word_1_663' title='bbox 758 3166 906 3217; x_wconf 83' lang='lat' dir='ltr'><strong>gloriam</strong></span> <span class='ocrx_word' id='word_1_664' title='bbox 922 3164 1101 3218; x_wconf 76' lang='lat' dir='ltr'><strong>praesentis</strong></span> <span class='ocrx_word' id='word_1_665' title='bbox 1115 3162 1196 3200; x_wconf 65' lang='lat' dir='ltr'><strong>vitre</strong></span> <span class='ocrx_word' id='word_1_666' title='bbox 1214 3170 1315 3214; x_wconf 81' lang='lat' dir='ltr'><strong>potc-</strong></span> 
     </span>
    </p>
   </div>
   <div class='ocr_carea' id='block_1_20' title="bbox 1377 2547 2407 3208">
    <p class='ocr_par' dir='ltr' id='par_1_20' title="bbox 1377 2547 2407 3208">
     <span class='ocr_line' id='line_1_95' title="bbox 1379 2547 2401 2601; baseline -0.003 -13"><span class='ocrx_word' id='word_1_667' title='bbox 1379 2550 1468 2601; x_wconf 72' lang='grc' dir='ltr'>μετὰ</span> <span class='ocrx_word' id='word_1_668' title='bbox 1487 2548 1601 2595; x_wconf 81' lang='grc' dir='ltr'>πάσης</span> <span class='ocrx_word' id='word_1_669' title='bbox 1621 2548 1779 2591; x_wconf 75' lang='grc' dir='ltr'>εὐκολίας</span> <span class='ocrx_word' id='word_1_670' title='bbox 1799 2548 1937 2586; x_wconf 84' lang='grc' dir='ltr'>ἅπαντα</span> <span class='ocrx_word' id='word_1_671' title='bbox 1960 2547 2005 2585; x_wconf 83' lang='grc' dir='ltr'><strong>τὰ</strong></span> <span class='ocrx_word' id='word_1_672' title='bbox 2026 2548 2175 2599; x_wconf 77' lang='grc' dir='ltr'>δυσχερῆ</span> <span class='ocrx_word' id='word_1_673' title='bbox 2198 2549 2401 2601; x_wconf 83' lang='grc' dir='ltr'>διαδραμεῖν</span> 
     </span>
     <span class='ocr_line' id='line_1_96' title="bbox 1377 2607 2398 2660; baseline -0.003 -11"><span class='ocrx_word' id='word_1_674' title='bbox 1377 2609 1528 2660; x_wconf 83' lang='grc' dir='ltr'>δυνήσῃ,</span> <span class='ocrx_word' id='word_1_675' title='bbox 1549 2610 1672 2646; x_wconf 85' lang='grc' dir='ltr'>ἐννοῶν</span> <span class='ocrx_word' id='word_1_676' title='bbox 1689 2611 1798 2647; x_wconf 81' lang='grc' dir='ltr'>ἐκεῖνο</span> <span class='ocrx_word' id='word_1_677' title='bbox 1816 2608 1856 2646; x_wconf 81' lang='grc' dir='ltr'><strong>τὸ</strong></span> <span class='ocrx_word' id='word_1_678' title='bbox 1871 2607 1968 2659; x_wconf 82' lang='grc' dir='ltr'>παρὰ</span> <span class='ocrx_word' id='word_1_679' title='bbox 1984 2612 2043 2646; x_wconf 76' lang='grc' dir='ltr'><strong>τοῦ</strong></span> <span class='ocrx_word' id='word_1_680' title='bbox 2063 2607 2235 2660; x_wconf 86' lang='grc' dir='ltr'>μακαρίου</span> <span class='ocrx_word' id='word_1_681' title='bbox 2254 2607 2398 2646; x_wconf 87' lang='grc' dir='ltr'>Παύλου</span> 
     </span>
     <span class='ocr_line' id='line_1_97' title="bbox 1380 2668 2403 2724; baseline -0.002 -15"><span class='ocrx_word' id='word_1_682' title='bbox 1380 2671 1581 2724; x_wconf 79' lang='grc' dir='ltr'>εἰρημένον·</span> <span class='ocrx_word' id='word_1_683' title='bbox 1600 2669 1753 2722; x_wconf 75' lang='grc' dir='ltr'>Εἰρήνην</span> <span class='ocrx_word' id='word_1_684' title='bbox 1789 2668 1931 2707; x_wconf 85' lang='grc' dir='ltr'>διώκετε</span> <span class='ocrx_word' id='word_1_685' title='bbox 1956 2668 2045 2719; x_wconf 86' lang='grc' dir='ltr'>μετὰ</span> <span class='ocrx_word' id='word_1_686' title='bbox 2075 2668 2227 2714; x_wconf 86' lang='grc' dir='ltr'>πάντων,</span> <span class='ocrx_word' id='word_1_687' title='bbox 2259 2669 2320 2706; x_wconf 76' lang='grc' dir='ltr'><strong>καὶ</strong></span> <span class='ocrx_word' id='word_1_688' title='bbox 2345 2669 2403 2707; x_wconf 83' lang='grc' dir='ltr'><strong>τὸν</strong></span> 
     </span>
     <span class='ocr_line' id='line_1_98' title="bbox 1379 2724 2405 2784; baseline -0.003 -13"><span class='ocrx_word' id='word_1_689' title='bbox 1379 2732 1564 2784; x_wconf 78' lang='grc' dir='ltr'>ἇγιασμὸν,</span> <span class='ocrx_word' id='word_1_690' title='bbox 1588 2725 1625 2769; x_wconf 70' lang='grc' dir='ltr'><strong>οῧ</strong></span> <span class='ocrx_word' id='word_1_691' title='bbox 1650 2732 1760 2783; x_wconf 76' lang='grc' dir='ltr'>χωρὶς</span> <span class='ocrx_word' id='word_1_692' title='bbox 1778 2730 1886 2773; x_wconf 74' lang='grc' dir='ltr'>οὐδεὶς</span> <span class='ocrx_word' id='word_1_693' title='bbox 1904 2731 2027 2782; x_wconf 77' lang='grc' dir='ltr'>ὄψεται</span> <span class='ocrx_word' id='word_1_694' title='bbox 2046 2730 2103 2768; x_wconf 84' lang='grc' dir='ltr'><strong>τὸν</strong></span> <span class='ocrx_word' id='word_1_695' title='bbox 2124 2729 2250 2783; x_wconf 89' lang='grc' dir='ltr'>Κύριον</span> <span class='ocrx_word' id='word_1_696' title='bbox 2267 2745 2277 2776; x_wconf 88' lang='grc'><strong>;</strong></span> <span class='ocrx_word' id='word_1_697' title='bbox 2303 2724 2405 2772; x_wconf 69' lang='grc' dir='ltr'>Εἶδες</span> 
     </span>
     <span class='ocr_line' id='line_1_99' title="bbox 1381 2789 2405 2844; baseline -0.003 -13"><span class='ocrx_word' id='word_1_698' title='bbox 1381 2798 1455 2837; x_wconf 85' lang='grc' dir='ltr'><strong>πῶς</strong></span> <span class='ocrx_word' id='word_1_699' title='bbox 1473 2796 1516 2844; x_wconf 83' lang='grc' dir='ltr'><strong>τῆ</strong></span> <span class='ocrx_word' id='word_1_700' title='bbox 1538 2793 1714 2843; x_wconf 82' lang='grc' dir='ltr'>ἁγιωσύνῃ</span> <span class='ocrx_word' id='word_1_701' title='bbox 1733 2791 1796 2837; x_wconf 79' lang='grc' dir='ltr'><strong>τὴν</strong></span> <span class='ocrx_word' id='word_1_702' title='bbox 1825 2790 1963 2842; x_wconf 77' lang='grc' dir='ltr'>εἰρήνην</span> <span class='ocrx_word' id='word_1_703' title='bbox 1983 2789 2176 2834; x_wconf 81' lang='grc' dir='ltr'>συνέζευξεν</span> <span class='ocrx_word' id='word_1_704' title='bbox 2194 2805 2205 2839; x_wconf 82' lang='lat'><em>3</em></span> <span class='ocrx_word' id='word_1_705' title='bbox 2229 2789 2308 2828; x_wconf 86' lang='grc' dir='ltr'><strong>Ἵνα</strong></span> <span class='ocrx_word' id='word_1_706' title='bbox 2338 2789 2405 2842; x_wconf 84' lang='grc' dir='ltr'><strong>γὰρ</strong></span> 
     </span>
     <span class='ocr_line' id='line_1_100' title="bbox 1385 2850 2404 2906; baseline -0.005 -14"><span class='ocrx_word' id='word_1_707' title='bbox 1385 2856 1550 2906; x_wconf 81' lang='grc' dir='ltr'>μάθωμεν</span> <span class='ocrx_word' id='word_1_708' title='bbox 1583 2853 1635 2890; x_wconf 79' lang='grc' dir='ltr'><strong>ὅτι</strong></span> <span class='ocrx_word' id='word_1_709' title='bbox 1667 2853 1705 2890; x_wconf 79' lang='grc' dir='ltr'><strong>οὗ</strong></span> <span class='ocrx_word' id='word_1_710' title='bbox 1741 2852 1844 2902; x_wconf 89' lang='grc' dir='ltr'>μόνον</span> <span class='ocrx_word' id='word_1_711' title='bbox 1878 2851 2017 2902; x_wconf 85' lang='grc' dir='ltr'>ἁγνείαν</span> <span class='ocrx_word' id='word_1_712' title='bbox 2037 2850 2199 2901; x_wconf 83' lang='grc' dir='ltr'>σώματος</span> <span class='ocrx_word' id='word_1_713' title='bbox 2229 2852 2404 2897; x_wconf 86' lang='grc' dir='ltr'>ἐπιζητεῖ,</span> 
     </span>
     <span class='ocr_line' id='line_1_101' title="bbox 1383 2910 2406 2965; baseline -0.004 -13"><span class='ocrx_word' id='word_1_714' title='bbox 1383 2914 1474 2952; x_wconf 76' lang='grc' dir='ltr'>ἀλλὰ</span> <span class='ocrx_word' id='word_1_715' title='bbox 1502 2913 1559 2952; x_wconf 77' lang='grc' dir='ltr'><strong>καὶ</strong></span> <span class='ocrx_word' id='word_1_716' title='bbox 1581 2913 1734 2965; x_wconf 86' lang='grc' dir='ltr'>εἰρήνην,</span> <span class='ocrx_word' id='word_1_717' title='bbox 1755 2912 1922 2964; x_wconf 80' lang='grc' dir='ltr'>εὐκαίρως</span> <span class='ocrx_word' id='word_1_718' title='bbox 1952 2911 2219 2962; x_wconf 84' lang='grc' dir='ltr'>ἐμνημόνευσεν,</span> <span class='ocrx_word' id='word_1_719' title='bbox 2233 2910 2406 2965; x_wconf 81' lang='grc' dir='ltr'>ἑκατέρω·</span> 
     </span>
     <span class='ocr_line' id='line_1_102' title="bbox 1385 2972 2407 3026; baseline -0.005 -13"><span class='ocrx_word' id='word_1_720' title='bbox 1385 2979 1438 3013; x_wconf 91' lang='grc' dir='ltr'><strong>θεν</strong></span> <span class='ocrx_word' id='word_1_721' title='bbox 1471 2974 1720 3026; x_wconf 69' lang='grc' dir='ltr'>ἀσφαλίζεσθαι</span> <span class='ocrx_word' id='word_1_722' title='bbox 1744 2972 1951 3023; x_wconf 83' lang='grc' dir='ltr'>βουλόμενος</span> <span class='ocrx_word' id='word_1_723' title='bbox 1980 2972 2139 3019; x_wconf 78' lang='grc' dir='ltr'>ἕκαστον,</span> <span class='ocrx_word' id='word_1_724' title='bbox 2165 2972 2225 3009; x_wconf 86' lang='grc' dir='ltr'><strong>καὶ</strong></span> <span class='ocrx_word' id='word_1_725' title='bbox 2245 2973 2279 3008; x_wconf 85' lang='grc' dir='ltr'>ἐν</span> <span class='ocrx_word' id='word_1_726' title='bbox 2299 2987 2407 3009; x_wconf 88' lang='grc' dir='ltr'>κατα-</span> 
     </span>
     <span class='ocr_line' id='line_1_103' title="bbox 1383 3026 2406 3085; baseline -0.005 -12"><span class='ocrx_word' id='word_1_727' title='bbox 1383 3035 1505 3074; x_wconf 84' lang='grc' dir='ltr'>στάσει</span> <span class='ocrx_word' id='word_1_728' title='bbox 1524 3030 1610 3072; x_wconf 66' lang='grc' dir='ltr'>εἶναι</span> <span class='ocrx_word' id='word_1_729' title='bbox 1631 3038 1698 3072; x_wconf 82' lang='grc' dir='ltr'><strong>τῶν</strong></span> <span class='ocrx_word' id='word_1_730' title='bbox 1725 3035 1915 3085; x_wconf 90' lang='grc' dir='ltr'>λογισμῶν,</span> <span class='ocrx_word' id='word_1_731' title='bbox 1935 3031 2027 3070; x_wconf 82' lang='grc' dir='ltr'>ὥστε</span> <span class='ocrx_word' id='word_1_732' title='bbox 2047 3031 2221 3083; x_wconf 85' lang='grc' dir='ltr'>μηδεμίαν</span> <span class='ocrx_word' id='word_1_733' title='bbox 2239 3026 2327 3070; x_wconf 66' lang='grc' dir='ltr'>εἶναι</span> <span class='ocrx_word' id='word_1_734' title='bbox 2346 3047 2406 3069; x_wconf 86' lang='grc' dir='ltr'><strong>τα-</strong></span> 
     </span>
     <span class='ocr_line' id='line_1_104' title="bbox 1385 3092 2405 3148; baseline -0.005 -14"><span class='ocrx_word' id='word_1_735' title='bbox 1385 3096 1494 3148; x_wconf 71' lang='grc' dir='ltr'>ραχὴν</span> <span class='ocrx_word' id='word_1_736' title='bbox 1514 3095 1536 3141; x_wconf 85' lang='grc' dir='ltr'>ἢ</span> <span class='ocrx_word' id='word_1_737' title='bbox 1557 3095 1700 3147; x_wconf 68' lang='grc' dir='ltr'>θόρυὸον</span> <span class='ocrx_word' id='word_1_738' title='bbox 1720 3096 1754 3132; x_wconf 89' lang='grc' dir='ltr'>ἐν</span> <span class='ocrx_word' id='word_1_739' title='bbox 1774 3098 1873 3144; x_wconf 75' lang='grc' dir='ltr'>ἡμῖν,</span> <span class='ocrx_word' id='word_1_740' title='bbox 1892 3095 1968 3131; x_wconf 88' lang='grc' dir='ltr'>ἀλλ’</span> <span class='ocrx_word' id='word_1_741' title='bbox 1992 3095 2026 3131; x_wconf 85' lang='grc' dir='ltr'>ἐν</span> <span class='ocrx_word' id='word_1_742' title='bbox 2043 3093 2177 3144; x_wconf 78' lang='grc' dir='ltr'>γαλήνῃ</span> <span class='ocrx_word' id='word_1_743' title='bbox 2199 3092 2258 3130; x_wconf 76' lang='grc' dir='ltr'><strong>καὶ</strong></span> <span class='ocrx_word' id='word_1_744' title='bbox 2277 3092 2405 3143; x_wconf 76' lang='grc' dir='ltr'>ἡσυχίᾳ</span> 
     </span>
     <span class='ocr_line' id='line_1_105' title="bbox 1384 3153 2406 3208; baseline -0.005 -13"><span class='ocrx_word' id='word_1_745' title='bbox 1384 3158 1526 3208; x_wconf 81' lang='grc' dir='ltr'>διάγειν,</span> <span class='ocrx_word' id='word_1_746' title='bbox 1547 3156 1606 3194; x_wconf 72' lang='grc' dir='ltr'><strong>καὶ</strong></span> <span class='ocrx_word' id='word_1_747' title='bbox 1635 3155 1724 3205; x_wconf 84' lang='grc' dir='ltr'>μετὰ</span> <span class='ocrx_word' id='word_1_748' title='bbox 1744 3155 1883 3193; x_wconf 83' lang='grc' dir='ltr'>πάντων</span> <span class='ocrx_word' id='word_1_749' title='bbox 1903 3155 2083 3206; x_wconf 80' lang='grc' dir='ltr'>εἰρηνικῶς</span> <span class='ocrx_word' id='word_1_750' title='bbox 2110 3155 2328 3200; x_wconf 90' lang='grc' dir='ltr'>διακεῖσθαι,</span> <span class='ocrx_word' id='word_1_751' title='bbox 2348 3153 2406 3190; x_wconf 81' lang='grc' dir='ltr'><strong>καὶ</strong></span> 
     </span>
    </p>
   </div>
   <div class='ocr_carea' id='block_1_21' title="bbox 362 3211 2405 3281">
    <p class='ocr_par' dir='ltr' id='par_1_21' title="bbox 362 3211 2405 3281">
     <span class='ocr_line' id='line_1_106' title="bbox 362 3211 2405 3281; baseline -0.01 -11"><span class='ocrx_word' id='word_1_752' title='bbox 362 3233 475 3270; x_wconf 83' lang='lat' dir='ltr'><strong>rimus</strong></span> <span class='ocrx_word' id='word_1_753' title='bbox 499 3229 678 3281; x_wconf 68' lang='lat' dir='ltr'><strong>despicere</strong></span> <span class='ocrx_word' id='word_1_754' title='bbox 697 3242 816 3265; x_wconf 72' lang='lat' dir='ltr'><strong>veram</strong></span> <span class='ocrx_word' id='word_1_755' title='bbox 849 3226 997 3275; x_wconf 74' lang='lat' dir='ltr'><strong>gloriam</strong></span> <span class='ocrx_word' id='word_1_756' title='bbox 1022 3224 1255 3277; x_wconf 61' lang='lat' dir='ltr'><strong>pixrfereutes‚</strong></span> <span class='ocrx_word' id='word_1_757' title='bbox 1284 3231 1316 3259; x_wconf 83' lang='lat' dir='ltr'><strong>et</strong></span> <span class='ocrx_word' id='word_1_758' title='bbox 1341 3229 1361 3257; x_wconf 85' lang='lat' dir='ltr'>B</span> <span class='ocrx_word' id='word_1_759' title='bbox 1383 3219 1531 3271; x_wconf 81' lang='grc' dir='ltr'>ἡμέρους</span> <span class='ocrx_word' id='word_1_760' title='bbox 1559 3211 1644 3254; x_wconf 68' lang='grc' dir='ltr'>εἶναι</span> <span class='ocrx_word' id='word_1_761' title='bbox 1664 3216 1723 3253; x_wconf 77' lang='grc' dir='ltr'><strong>καὶ</strong></span> <span class='ocrx_word' id='word_1_762' title='bbox 1742 3215 1874 3268; x_wconf 82' lang='grc' dir='ltr'>πράους</span> <span class='ocrx_word' id='word_1_763' title='bbox 1896 3216 1955 3253; x_wconf 80' lang='grc' dir='ltr'><strong>καὶ</strong></span> <span class='ocrx_word' id='word_1_764' title='bbox 1974 3217 2158 3260; x_wconf 79' lang='grc' dir='ltr'>ἐπιεικεῖς,</span> <span class='ocrx_word' id='word_1_765' title='bbox 2180 3213 2271 3252; x_wconf 81' lang='grc' dir='ltr'>ὥστε</span> <span class='ocrx_word' id='word_1_766' title='bbox 2292 3214 2405 3252; x_wconf 78' lang='grc' dir='ltr'>πάντα</span> 
     </span>
    </p>
   </div>
   <div class='ocr_carea' id='block_1_22' title="bbox 363 3283 1317 3339">
    <p class='ocr_par' dir='ltr' id='par_1_22' title="bbox 363 3283 1317 3339">
     <span class='ocr_line' id='line_1_107' title="bbox 363 3283 1317 3339; baseline -0.01 -9"><span class='ocrx_word' id='word_1_767' title='bbox 363 3291 576 3330; x_wconf 83' lang='lat' dir='ltr'><strong>humilitatis</strong></span> <span class='ocrx_word' id='word_1_768' title='bbox 606 3290 773 3339; x_wconf 78' lang='lat' dir='ltr'><strong>majorem</strong></span> <span class='ocrx_word' id='word_1_769' title='bbox 799 3288 928 3324; x_wconf 73' lang='lat' dir='ltr'><strong>habero</strong></span> <span class='ocrx_word' id='word_1_770' title='bbox 959 3300 1095 3326; x_wconf 72' lang='lat' dir='ltr'><strong>cursim,</strong></span> <span class='ocrx_word' id='word_1_771' title='bbox 1132 3283 1317 3332; x_wconf 71' lang='lat' dir='ltr'><strong>ridereque</strong></span> 
     </span>
    </p>
   </div>
   <div class='ocr_carea' id='block_1_23' title="bbox 1385 3274 2402 3331">
    <p class='ocr_par' dir='ltr' id='par_1_23' title="bbox 1385 3274 2402 3331">
     <span class='ocr_line' id='line_1_108' title="bbox 1385 3274 2402 3331; baseline -0.008 -13"><span class='ocrx_word' id='word_1_772' title='bbox 1385 3283 1445 3325; x_wconf 80' lang='grc' dir='ltr'><strong>τῆς</strong></span> <span class='ocrx_word' id='word_1_773' title='bbox 1461 3281 1584 3331; x_wconf 81' lang='grc' dir='ltr'>ἀρετῆς</span> <span class='ocrx_word' id='word_1_774' title='bbox 1604 3276 1646 3314; x_wconf 70' lang='grc' dir='ltr'><strong>τὰ</strong></span> <span class='ocrx_word' id='word_1_775' title='bbox 1668 3276 1842 3327; x_wconf 75' lang='grc' dir='ltr'>χρώματα</span> <span class='ocrx_word' id='word_1_776' title='bbox 1857 3277 2013 3313; x_wconf 74' lang='grc' dir='ltr'>ἐπανθεῖν</span> <span class='ocrx_word' id='word_1_777' title='bbox 2031 3278 2130 3325; x_wconf 78' lang='grc' dir='ltr'>ἡμῶν</span> <span class='ocrx_word' id='word_1_778' title='bbox 2147 3277 2196 3326; x_wconf 79' lang='grc' dir='ltr'><strong>τῷ</strong></span> <span class='ocrx_word' id='word_1_779' title='bbox 2215 3274 2402 3326; x_wconf 82' lang='grc' dir='ltr'>προσώπῳ.</span> 
     </span>
    </p>
   </div>
  </div>
 </body>
</html>
