2516 3791
707 217 748 245 {N
786 217 887 246 CAP.

103 314 182 361 Οῃς,
203 307 254 346 ὅτι
275 307 338 345 κᾶν
361 306 529 358 γηραλέος
553 303 671 343 λοιπὸν
693 299 748 353 ἦν,
769 306 847 345 ἀλλ’
866 310 888 353 ἡ
908 308 1059 360 τιμωρία
1078 311 1126 353 εἰς

100 370 157 408 τὸν
177 369 249 407 υἱὸν
267 367 485 414 διαδήσεται·
508 366 595 420 ὅπερ
611 366 739 420 πικρὰν
759 367 818 405 καὶ
837 368 1006 420 ὀδυνηρὰν
1029 372 1125 421 αὐτῷ

99 429 162 478 τὴν
182 429 272 477 ζωὴν
292 428 478 481 εἰργάσατο
503 429 692 472 ἐννοοῦντι,
713 427 767 466 ὅτι
783 428 843 465 καὶ
869 429 958 479 μετὰ
974 429 1036 477 τὴν
1062 433 1123 468 αὐ-

100 496 158 530 τοῦ
184 490 346 538 τελευτὴν
372 493 390 528 ὁ
415 495 497 534 παῖς
521 489 653 539 ἤμελλε
682 488 779 532 δίκας
807 489 910 528 τίνειν
941 490 1028 543 ὑπὲρ
1056 494 1125 529 τῶν

100 554 194 604 αὐτῷ
210 550 487 605 πεπραγμέμων.
504 549 590 589 αΟτι
608 550 676 601 γὰρ
699 549 758 587 καὶ
778 553 796 587 ὁ
813 555 895 594 παῖς
912 551 1044 589 οἴκοθεν
1065 566 1125 601 μο-

97 613 225 685 χθηρὸς
252 616 406 686 ὑπῆρχε,
423 612 481 650 καὶ
504 613 534 650 οἱ
562 610 597 655 ἐξ
629 611 760 650 ἐκείνου
790 611 916 655 πάντες
944 612 1124 663 βδελυκτοὶ

99 673 261 725 γεγόνασι
276 689 361 724 προς
381 671 506 710 κακίαν
527 671 795 719 ἀποκλίναντες,
816 671 919 710 ἄκουε
939 675 1002 718 τῆς
1031 673 1059 710 1
1063 687 1120 724 ρα-

929 216 990 247 lx.
1028 218 1189 250 GENES.

1230 221 1384 251 nomn..
1426 222 1551 252 xxix.
2049 217 2142 277 339

1195 303 1279 354 quia
1304 317 1407 356 poena
1423 303 1459 342 in
1481 303 1598 342 filium
1625 305 1778 354 transiit,
1795 306 1831 344 id
1857 308 1923 359 ipsi
1950 308 2144 349 luctuosam

1195 373 1229 402 et
1248 365 1434 403 insuavem
1452 365 1564 404 vitam
1592 366 1726 415 secisse,
1745 367 1914 418 cogitanti
1940 369 2043 407 etiam
2068 381 2147 423 post

1195 436 1296 460 suam
1334 431 1483 461 mortem
1519 424 1637 462 filium
1674 439 1814 477 poenam
1847 426 2023 465 luiturum
2056 444 2143 468 esse.

1197 484 1289 521 Nam
1305 485 1401 535 quod
1428 485 1526 523 filius
1546 500 1608 538 per
1625 501 1662 525 se
1686 487 1813 536 malus,
1831 497 1864 526 et
1881 503 2002 527 omnes
2022 489 2083 541 qui
2103 490 2149 527 ab

1197 543 1258 582 illo
1275 546 1346 582 nati
1365 546 1496 584 suerint
1510 547 1778 597 abominabiles,
1798 558 1832 587 et
1850 549 1896 588 ad
1915 551 2049 589 malum
2067 566 2150 603 pro-

1196 619 1302 656 pense
1314 605 1538 656 declinarint,
1553 609 1639 647 audi
1656 610 1879 663 Scripturam
1897 612 2072 651 dicentem
2088 627 2151 665 per

1136 706 1182 732 291

100 737 164 786 φῆς
186 734 353 785 λεγούσης
371 735 404 771 ἐν
419 732 514 776 τάξει
534 732 706 785 κατάρας·
726 731 771 770 Ὁ
786 732 902 783 πατήρ
920 748 980 770 σου
999 731 1121 784 Ἀμοῤ-
1148 744 1173 772 Α
1197 735 1321 765 mater
1334 736 1401 766 tua
1416 730 1606 769 Cheuaea.
1619 731 1665 768 Et
1678 733 1769 770 alius
1785 736 2035 774 contumeliose
2049 736 2150 785 dicit,
2164 736 2195 764 3

100 799 215 847 ῥαῖος,
237 809 296 832 και
319 798 341 841 ἡ
370 793 488 846 μήτηρ
509 809 568 832 σου
589 792 756 831 Χετταία.
784 791 854 830 Και
876 792 982 830 παλιν
1009 791 1124 844 ἕτερός

101 872 150 899 τις
166 855 348 905 ἐνυὸρίζων
361 884 370 902 ,
388 854 536 907 Σπέρμα
556 853 700 892 Χαναὰν
716 853 775 891 καὶ
790 856 852 891 οὐκ
867 852 996 892 Ἰούδα.
1014 853 1126 892 Ἀλλὰ

99 916 166 969 γὰρ
195 916 286 960 ἄξιον
315 915 436 954 λοιπὸν
460 918 605 953 ἀκοῦσαι
632 914 722 965 μετὰ
745 913 807 961 τὴν
835 914 1058 965 ἐπιτίμησιν,
1082 914 1125 961 ἣν

100 976 238 1021 ἐδέξατο
268 980 286 1014 ὁ
314 975 376 1022 τὴν
403 974 580 1026 γύμνωσιν
611 979 672 1013 τοῦ
700 975 832 1027 πατρὸς
861 975 1126 1026 ἐκπομπεύσας,

99 1038 203 1076 τίνων
233 1036 408 1081 ἀξιοῦνται
433 1038 501 1073 τῶν
522 1035 677 1086 ἀμοιὸῶν
700 1038 732 1074 οἱ
755 1035 818 1083 τὴν
842 1036 1014 1084 τοσαύτην
1041 1039 1129 1075 αἰδῶ

100 1099 159 1137 καὶ
188 1098 249 1145 τὴν
279 1096 385 1148 τιμὴν
417 1096 665 1148 ἀπονείμαντες
694 1099 745 1149 τῷ
775 1097 896 1150 πατρί.
930 1098 999 1136 Καὶ
1030 1092 1126 1147 εἶπε,

100 1159 220 1211 φησὶν,
237 1157 418 1210 εὐλογητὸς
441 1157 566 1210 Κύριος
585 1159 604 1194 ὁ
623 1157 712 1201 Θεὸς
734 1161 793 1196 τοῦ
820 1157 922 1209 Σὴμ,
940 1158 1000 1196 καὶ
1029 1158 1128 1196 ἔσται

101 1219 246 1258 Χαναὰν
270 1224 351 1263 παῖς
375 1220 489 1257 αὐτοῦ.
517 1220 648 1266 Τοῦτο,
674 1217 757 1261 ἴσως
784 1218 825 1256 ἄν
850 1234 902 1262 τις
931 1218 1042 1266 εἴποι,
1069 1221 1129 1257 οὐκ

101 1283 174 1320 ἔστι
196 1281 254 1319 τὸν
274 1279 355 1331 Σὴμ
384 1281 581 1331 εὐλογῆσαι.
604 1279 673 1317 Καὶ
700 1279 832 1332 σφόδρα
853 1279 915 1330 μὲν
943 1279 1130 1331 εὐλόγησεν

101 1342 215 1380 αὐτόν.
237 1340 349 1379 ”Οταν
371 1339 438 1393 γὰρ
466 1343 483 1378 ὁ
502 1339 592 1382 Θεὸς
618 1340 877 1393 εὐχαριστεῖται
897 1340 956 1378 καὶ
978 1341 1130 1391 εὐλογεῖ-

100 1419 158 1440 ται
181 1402 237 1440 διὰ
264 1405 332 1440 τῶν
358 1400 567 1452 ἀνθρώπων,
582 1400 661 1439 τότε
686 1400 938 1453 δαψιλεστέραν
959 1400 1022 1448 τὴν
1047 1401 1132 1453 παρ’

101 1465 224 1501 ἑαυτοῦ
248 1461 406 1514 εὐλογίαν
436 1460 533 1499 εἴωθε
557 1467 720 1513 χορηγεῖν
745 1461 906 1507 ἐκείνοις,
923 1462 965 1499 δι’
986 1460 1045 1504 οὒς
1074 1464 1131 1500 αὐ-

101 1525 157 1568 τὸς
183 1526 385 1575 εὐλογεῖται.
414 1523 617 1574 Εὐλογῆσας
641 1521 754 1561 τοίνυν
776 1522 834 1560 τὸν
864 1522 968 1568 Θεὸν,
996 1522 1132 1575 ὀφειλέ-

100 1600 164 1632 την
194 1584 296 1622 αὐτὸν
321 1582 514 1629 κατέστησε
546 1583 698 1634 μείζονος
727 1583 904 1635 εὐλογίας,
933 1584 993 1622 καὶ
1026 1584 1133 1628 αἴτιος

99 1645 217 1698 γέγονε
236 1648 286 1697 τῷ
314 1645 396 1695 Σὴμ
424 1644 580 1687 πλείονος
601 1645 769 1695 ἀμοιὸἧς,
784 1650 798 1665 “
817 1639 858 1691 ἧς
887 1645 988 1689 αὐτὸς
1016 1646 1131 1693 αὐτὸν,

100 1709 132 1744 εἰ
152 1707 195 1744 δι’
217 1708 340 1744 ἑαυτοῦ
368 1704 564 1757 εὐλόγησεν.
580 1703 724 1757 (Ὠσπερ
742 1705 810 1758 γὰρ
836 1705 917 1744 ὅταν
947 1706 1133 1756 εὐλογῆται

102 1768 146 1804 δι’
164 1771 276 1818 ἡμᾶς,
296 1768 428 1813 πολλ’ἧς
449 1770 542 1816 ἡμᾶς
563 1766 650 1810 ἀξιοῖ
670 1768 733 1811 τῆς
751 1769 835 1818 παρ’
858 1769 961 1805 αὐτοῦ
981 1767 1131 1817 εὐνοίας,

98 1826 190 1864 οὕτω
212 1826 316 1864 πάλιν
341 1826 480 1865 ἐπειδὰν
502 1828 545 1864 δι’
573 1831 667 1877 ἡμᾶς
695 1826 808 1878 ἕτεροι
833 1827 934 1865 αὐτὸν
966 1828 1130 1879 βλασφη-

100 1889 213 1936 μῶσι,
228 1887 352 1938 μείζων
371 1890 524 1926 ἐντεῦθεν
541 1890 625 1938 ἡμῖν
645 1891 667 1934 ἡ
685 1887 892 1940 κατάκρισις
909 1887 1043 1946 γίνεται
1061 1894 1132 1931 τοῖς

98 1948 162 1994 τὴν
183 1949 297 1986 αἰτίαν
316 1949 584 2002 παρεχομένοις.
601 1949 858 2000 Σπουδάζωμεν
875 1949 1004 1997 τοίνυν,
1018 1965 1132 2003 παρα-

99 2011 216 2056 καλῶ,
243 2009 332 2048 οὕτω
362 2012 455 2060 βιοῦν
482 2010 542 2048 καὶ
572 2009 745 2057 τοσαύτην
777 2009 1037 2049 ἐπιδείκνυσθαι
1070 2013 1132 2058 τῆς

100 2073 226 2121 ἀρετῆς
246 2070 310 2117 τὴν
331 2070 506 2116 ἐπίτασιν,
527 2072 573 2113 ὡς
602 2070 679 2114 τοὺς
700 2073 746 2114 εἰς
775 2074 869 2122 ἡμᾶς
895 2073 1048 2123 ὁρῶντας
1076 2073 1131 2109 εὐ-

98 2131 217 2182 λογίας
239 2130 364 2181 ὕμνους
382 2130 563 2183 ἀναφέρειν
582 2133 632 2168 τῶ
654 2131 822 2182 Δεσπότῃ
841 2134 936 2183 Θεῶ.
964 2132 1131 2170 Βούλεται

98 2191 167 2244 γὰρ
187 2191 352 2243 ἀγαθὸς
331 2207 379 2228 ων
399 2190 459 2228 καὶ
480 2191 720 2244 φιλάνθρωπος
738 2191 940 2236 δοξαζεσΟαι
957 2194 1001 2230 δι’
1014 2197 1130 2247 ἡμῶν

98 2254 161 2289 οὐκ
188 2251 309 2298 ἐπειοὴ
340 2250 441 2294 αὐτός
469 2267 503 2289 τι
536 2251 786 2304 προσλαμὸάνε
791 2268 801 2290 ι
829 2255 877 2296 εἷς
905 2252 969 2300 τὴν
999 2253 1129 2292 οἰκείαν

100 2311 223 2356 δόξαν·
243 2311 403 2358 ἀνενδεὴς
429 2312 497 2365 γάρ
521 2313 633 2351 ἐστιν·
662 2312 740 2351 ἀλλ’
766 2313 824 2352 ἵνα
851 2313 1010 2367 ἀφορμὰς
1031 2317 1126 2368 αὐτῷ

97 2371 338 2424 παράσχωμεν
364 2377 423 2411 τοῦ
454 2372 610 2416 πλείονος
631 2378 725 2425 ἡμᾶς
745 2373 860 2418 ἀξιοῦν
886 2378 948 2421 τ’ῆς
962 2377 1046 2429 παρ’
1069 2377 1129 2414 αὐ-

100 2447 161 2470 του
191 2432 336 2476 εὐνοίας.
354 2435 551 2486 Εὐλογητὸς
566 2434 724 2488 Κύριος’
711 2452 729 2474 ο
754 2435 843 2479 Θεὸς
861 2439 920 2474 τοῦ
942 2436 1026 2488 Σὴμ
1037 2467 1048 2484 ,
1069 2453 1128 2475 και

100 2492 199 2530 ἔσται
219 2492 362 2531 Χαναὰν
382 2500 464 2537 παῖς
490 2497 598 2533 αὐτῶ.
617 2495 725 2549 ‘Op&';
742 2511 815 2540 πως
842 2497 1017 2551 πατρικὴν
1042 2501 1124 2536 ἐπι-

101 2552 274 2591 δείκνυται
295 2553 358 2600 τὴν
385 2555 569 2607 τιμωρίαν,
593 2556 832 2608 σωφρονισμὸν
860 2562 964 2596 οὖσαν
994 2560 1125 2609 μᾶλλον

99 2614 122 2659 ἢ
148 2615 338 2667 τιμωρίαν;
355 2616 481 2668 Πατὴρ
500 2618 568 2671 γὰρ
586 2621 641 2665 ἠν,
661 2617 720 2655 καὶ
739 2618 857 2670 πατὴρ
885 2618 1126 2672 φιλόστοργος,

100 2675 159 2712 καὶ
178 2677 215 2713 οὐ
234 2675 297 2723 τὴν
311 2675 409 2720 ἀξίαν
423 2677 586 2716 ἐδούλετο
601 2677 700 2726 δίκην
717 2679 917 2731 ἐπαγαγεῖν,
938 2681 1014 2718 ἀλλ’
1035 2679 1126 2719 ὥστε

101 2734 163 2781 τὴν
187 2738 235 2779 εἷς
257 2737 297 2774 τὸ
326 2737 445 2789 πρόσω
464 2737 591 2776 κακίαν
610 2738 768 2791 ἐγκόψαι.
787 2740 855 2778 Διὰ
875 2745 993 2789 τοῦτο,
1014 2742 1099 2794 φησὶ
1115 2772 1124 2790 ,

101 2795 237 2847 δουλείᾳ
254 2811 292 2835 σε
309 2798 551 2846 καταδικάζω,
564 2798 622 2836 ἵνα
642 2800 784 2847 διηνεκῆ
804 2801 863 2838 καὶ
883 2801 1126 2846 ἀνεξάλειπτον

102 2855 185 2907 ἔχῃς
216 2856 280 2902 τὴν
312 2858 520 2909 ὑπόμνησιν.
546 2853 637 2898 Eira}
662 2875 766 2912 φησι,
786 2861 970 2900 Πλατύναι
996 2866 1014 2901 ὁ
1038 2864 1127 2908 Θεὸς

102 2919 152 2968 τῷ
173 2916 308 2970 Ἰάφεθ,
332 2919 391 2957 καὶ
410 2920 654 2968 κατοικησάτω
678 2923 713 2959 ἐν
736 2927 808 2967 τοῖς
837 2923 1045 2975 σκηνώμασι
1069 2930 1128 2963 τοῦ

103 2976 212 3027 Σὴμ,
238 2978 296 3016 καὶ
324 2979 503 3031 γενηθήτω
531 2981 676 3021 Χαναὰν
706 2989 789 3028 παῖς
820 2986 935 3024 αὐτοῦ.
966 2986 1127 3037 Μεγίστη

102 3037 206 3076 πάλιν
226 3054 313 3086 αυτη
330 3043 352 3087 ἡ
373 3041 524 3092 εὐλογία,
537 3042 630 3095 τάχα
648 3043 726 3082 τινὰ
740 3045 978 3098 κεκρυμαένον
999 3046 1126 3098 ἔχουσα

103 3099 283 3151 θησαυρόν.
305 3100 485 3140 Πλατύναι
508 3102 594 3155 γὰρ,
610 3105 726 3156 φησὶν,
749 3108 767 3143 ὁ
801 3107 891 3150 Θεὸς
916 3109 967 3144 τῶ
994 3107 1125 3159 Ἴάφεθ.

104 3159 222 3196 Οὐκ
200 3175 240 3196 αν
265 3176 317 3204 τις
343 3161 491 3214 ἁμάρτοι
520 3163 626 3202 εἰπων
645 3166 860 3218 προφητείαν
880 3171 968 3205 εἰναι
989 3167 1050 3211 τὰς
1069 3171 1126 3206 εὐ-

105 3218 221 3269 λογίας
238 3223 297 3258 τοῦ
319 3221 468 3261 δικαίου.
483 3225 526 3262 Εἰ
545 3224 613 3276 γὰρ
630 3228 648 3264 ὃ
665 3226 784 3279 πατὴρ
803 3228 906 3266 αὐτοῦ
922 3230 985 3280 οὐχ
1007 3229 1126 3272 ἇπλυς

149 3368 162 3382 ·
181 3359 305 3400 [savit.
327 3361 358 3394 in
377 3373 478 3407 marg.
500 3366 589 3407 conj.
609 3368 642 3403 ἧς
660 3370 683 3399 εἰ
705 3370 791 3404 αὐτὸς
805 3371 893 3401 αὐτὸν
913 3370 948 3402 ’δι’
966 3372 1071 3402 ἑαυτοῦ
1090 3372 1150 3401 eis).

1195 787 1331 826 Semen
1356 790 1565 835 Clzanaan,
1586 800 1621 828 et
1648 806 1726 829 non
1752 795 2010 835 Juda.P0r1o
2037 811 2151 849 opera:
2170 818 2246 845 Dan
2272 815 2318 844 ,3

1196 847 1356 917 pretium
1380 849 1486 888 suerit
1510 850 1636 888 audire
1656 865 1750 890 nunc
1770 864 1849 905 post
1871 870 2026 907 poenam,
2044 857 2216 909 qua1n5’·

1197 910 1332 962 accepit
1347 910 1376 948 is
1393 911 1454 961 qui
1475 912 1674 951 nuditatem
1695 914 1893 965 evulgavit,
1913 932 1991 968 quae
2008 921 2154 970 praemia

1198 971 1376 1021 assequuti
1391 972 1461 1010 sint
1476 972 1501 1010 ii
1517 974 1580 1024 qui
1597 983 1728 1013 tantam
1750 977 1983 1015 reverentiam
1999 988 2033 1016 et
2047 980 2156 1018 hono-

1200 1044 1275 1069 rem
1304 1033 1397 1083 patri
1425 1033 1678 1072 exbibuerunt.
1699 1038 1764 1074 96.
1789 1038 1843 1075 Ec
1876 1039 1994 1084 dixit,
2024 1040 2153 1091 inquit,

1200 1093 1435 1132 Benedictus
1451 1096 1645 1134 Dominus
1665 1097 1773 1135 Deus
1792 1098 1892 1144 Sem,
1910 1108 1947 1137 et
1963 1103 2034 1138 erit
2054 1103 2156 1140 Cha-

1202 1166 1310 1191 naan
1324 1167 1456 1193 servus
1472 1156 1591 1195 illius.
1608 1156 1696 1204 Hoc,
1714 1158 1804 1196 sorte
1817 1159 1898 1210 quis
1925 1160 2072 1210 dixerit,
2089 1177 2158 1201 non

1201 1221 1252 1250 est
1281 1212 1488 1253 benedicere
1505 1216 1600 1254 Sem.
1615 1217 1691 1254 Imo
1710 1217 1816 1256 valde
1834 1218 2020 1258 benedixit
2038 1222 2157 1260 illum.

1201 1274 1356 1320 Quando
1383 1276 1478 1314 enim
1505 1278 1601 1315 Deus
1620 1278 1858 1328 benedicitur,
1879 1290 1912 1319 et
1930 1292 2085 1333 aguntur
2106 1284 2160 1322 illi

1203 1336 1326 1387 gratiae
1351 1337 1396 1374 ab
1420 1337 1640 1388 hominibus,
1662 1348 1747 1378 tunc
1767 1341 1909 1380 uberior
1928 1343 1974 1380 ab
1992 1344 2054 1382 illo
2073 1345 2161 1383 solet

1202 1396 1280 1435 istis
1294 1397 1493 1437 benedictio
1509 1399 1603 1450 dari,
1617 1410 1764 1453 propter
1779 1405 1867 1453 quos
1887 1404 1962 1456 ipse
1980 1405 2161 1444 benedici-

1155 1473 1178 1502 Β
1203 1467 1273 1496 tur.
1294 1459 1416 1511 Itaque
1438 1460 1648 1500 benedicens
1668 1464 1787 1501 Deum
1815 1464 2012 1503 debitorem
2043 1467 2160 1519 ipsum

1203 1520 1286 1559 feeit
1314 1522 1458 1574 majoris
1485 1522 1756 1574 benedictionis,
1772 1535 1966 1577 auctorque
1984 1527 2053 1565 fuit
2078 1529 2160 1567 Sem

1203 1582 1348 1635 majoris
1377 1583 1638 1633 retributionis,
1663 1599 1772 1636 quam
1791 1586 1819 1624 si
1846 1601 1928 1625 eum
1950 1588 2025 1640 ipse
2044 1603 2108 1641 per
2127 1603 2164 1627 se

1202 1643 1456 1682 benedixisset.
1495 1645 1597 1683 Sicut
1630 1647 1725 1684 enim
1761 1647 1903 1697 quando
1940 1649 2163 1687 benedicitur

1204 1714 1349 1757 propter
1366 1719 1444 1754 nos,
1463 1706 1619 1744 multum
1639 1706 1676 1744 id
1696 1708 1798 1745 nobis
1817 1709 1982 1747 conciliat
1999 1711 2131 1749 favoris
2153 1727 2159 1746 :

1204 1765 1253 1803 ita
1273 1773 1306 1802 et
1327 1774 1447 1804 contra
1467 1765 1611 1816 quando
1630 1777 1774 1820 propter
1796 1783 1860 1807 nos
1878 1769 1939 1807 alii
1961 1770 2065 1808 illum
2081 1771 2160 1809 bla-

1205 1825 1406 1878 sphemant,
1431 1827 1545 1878 major
1574 1827 1660 1865 hinc
1687 1837 1805 1866 nostra
1829 1830 1870 1867 fit
1901 1830 2162 1881 condemnatio,

1206 1886 1268 1937 qui
1290 1900 1432 1925 causam
1451 1886 1628 1926 dedimus.
1645 1888 1835 1939 Quocirca,
1861 1891 2018 1941 obsecro,
2035 1892 2161 1931 demus

1205 1961 1364 1999 operam,
1382 1957 1422 1986 ut
1438 1948 1486 1986 ita
1505 1948 1686 1999 vivamus,
1705 1959 1739 1988 et
1753 1959 1857 1989 tantae
1875 1952 2020 1991 virtutis
2044 1955 2160 2006 speci-

1205 2022 1284 2046 men
1313 2008 1568 2059 exhibeamus,
1595 2019 1635 2048 ut
1662 2025 1794 2059 omnes,
1814 2012 1875 2062 qui
1903 2027 1966 2051 nos
1995 2014 2161 2062 viderint,

1204 2067 1465 2107 benedictiones
1484 2069 1602 2107 laudis
1623 2070 1774 2108 offerant
1790 2073 1945 2110 Domino
1965 2074 2052 2112 Deo.
2070 2076 2162 2112 Nam

1154 2142 1179 2173 c
1205 2129 1288 2179 quia
1315 2129 1430 2167 bonus
1449 2138 1480 2168 et
1502 2129 1678 2182 benignus
1703 2140 1768 2179 est,
1788 2146 1852 2184 per
1870 2146 1933 2171 nos
1951 2134 2030 2172 vult
2049 2135 2162 2185 gloria

1203 2191 1300 2228 affici
1321 2207 1329 2228 ε
1349 2204 1419 2229 non
1446 2190 1541 2242 quod
1562 2192 1632 2244 ipsi
1656 2192 1795 2243 aliquid
1819 2194 1864 2232 ad
1888 2208 1987 2233 suam
2009 2196 2161 2248 gloriam

1203 2251 1370 2301 accedat,
1386 2251 1521 2289 nullius
1538 2252 1632 2290 enim
1649 2252 1795 2305 indigus
1809 2264 1881 2304 est;
1905 2256 1968 2294 sed
1993 2265 2032 2294 ut
2061 2271 2159 2295 occa-

1203 2312 1318 2350 siones
1335 2312 1403 2364 ipsi
1421 2312 1656 2364 praebeamUS‚
1673 2322 1713 2351 ut
1730 2315 1857 2367 majori
1870 2329 1933 2354 nos
1947 2316 2159 2355 benevolen-

1202 2372 1252 2410 tia
1271 2381 1518 2425 prosequatur.
1539 2374 1772 2412 Benedictus
1789 2376 1985 2415 Dominus
2003 2378 2103 2424 Sem,
2123 2388 2160 2416 et

1201 2436 1274 2472 erit
1297 2435 1493 2472 Chanaan
1521 2447 1654 2472 servus
1690 2435 1811 2473 illius.
1841 2436 1952 2476 Vides
1980 2437 2158 2487 quomodo

1199 2504 1384 2548 paternam
1404 2508 1545 2547 poenam
1562 2495 1709 2546 profert,
1722 2510 1800 2546 quae
1822 2505 1939 2535 tamen
1959 2498 2157 2537 emendatio

1199 2556 1320 2609 potius
1347 2565 1434 2605 erat,
1453 2569 1561 2606 quam
1589 2556 1718 2608 poena?
1745 2559 1850 2595 Pater
1885 2558 1980 2596 enim
2015 2569 2103 2607 erat,
2125 2569 2157 2597 et

1200 2615 1464 2654 amantissimus
1484 2623 1598 2667 pater,
1621 2628 1733 2665 neque
1747 2616 1881 2667 justam
1897 2631 2037 2668 poenam
2051 2618 2153 2656 vole-

1200 2677 1261 2715 bat
1276 2676 1457 2723 inducere,
1473 2674 1536 2713 sed
1557 2674 1605 2712 ita
1626 2684 1665 2712 ut
1682 2675 1886 2715 ulteriorem
1903 2677 2077 2715 malitiam
2096 2693 2154 2716 re-

1200 2738 1379 2790 primeret.
1400 2735 1498 2784 Ideo,
1519 2734 1580 2783 ait,
1599 2734 1645 2772 ad
1664 2735 1869 2774 servitutem
1889 2745 1922 2774 te
1941 2737 2153 2787 condemno,

1151 2820 1174 2850 D
1202 2809 1240 2837 ut
1255 2799 1381 2850 jugem
1397 2805 1429 2834 et
1445 2795 1671 2833 indelebilem
1681 2795 1811 2834 habeas
1824 2797 1907 2836 facti
1928 2800 2152 2838 memoriam.

1202 2861 1326 2898 Postea
1350 2856 1439 2896 dicit
1461 2872 1469 2892 ·.
1494 2857 1556 2894 97.
1586 2856 1738 2894 Dilatet
1772 2858 1880 2896 Deus
1907 2860 2094 2912 Japkedz,
2120 2870 2155 2899 et

1203 2923 1351 2959 habitet
1366 2922 1407 2956 in
1423 2916 1684 2956 tabernaculis
1700 2917 1798 2963 Sem,
1818 2927 1854 2956 ee
1865 2919 1943 2970 fiat
1960 2921 2156 2960 chanaan

1202 2995 1333 3020 servus
1349 2981 1466 3017 illius.
1483 2979 1614 3016 Iterum
1632 2977 1707 3015 haec
1721 2992 1860 3029 quoquc
1878 2982 2036 3020 maxima
2051 2983 2156 3021 hene-

1201 3041 1311 3081 dictio
1322 3050 1388 3090 est,
1408 3041 1496 3077 sorte
1511 3039 1677 3076 latentem
1690 3038 1847 3089 aliquem
1862 3040 1997 3080 habens
2014 3043 2155 3081 thesau-

1203 3119 1296 3142 rum.
1316 3103 1478 3146 Dilata,
1498 3099 1627 3149 inquit,
1640 3099 1745 3137 Deus
1759 3101 1943 3152 Japheth.
1958 3103 2036 3141 Non
2054 3104 2155 3141 aber-

1202 3165 1294 3203 rabit
1309 3163 1402 3215 quis,
1423 3161 1451 3198 si
1468 3159 1603 3197 dixerit
1617 3158 1880 3200 benedictiones
1888 3163 1977 3214 justi
1999 3164 2156 3216 prophe..

1202 3228 1269 3265 tias
1288 3238 1372 3263 esse.
1392 3223 1481 3260 Nam
1501 3220 1527 3258 si
1550 3228 1649 3272 pater
1664 3221 1737 3261 Noe·
1760 3234 1828 3260 non
1848 3222 2073 3275 simpliciter,
2093 3238 2158 3261 ηρ-

1159 3368 1171 3409 ]
1938 3407 1998 3443 αὖ.

1197 665 1344 704 modum
1364 667 1564 706 maledicti·
1580 673 1700 708 Pater
1720 682 1807 711 tuus
1826 673 2095 724 Amorrhoeus,
2113 683 2149 713 et
2164 692 2278 722 erch.
2307 694 2350 722 16.
