2566 3791
230 3049 343 3078 Mneth.
370 3056 400 3076 ιι

231 3100 281 3119 21.
295 3099 343 3118 22.

231 3133 416 3163 Lnr.10.!3.

420 223 512 269 272

418 317 474 341 sos
493 301 738 352 mundantem,
760 309 919 339 mortuos
935 299 1178 346 suscitantem,
1193 296 1282 335 vitia
1302 309 1370 333 na-

419 373 509 401 turae
535 362 784 414 corrigentem,
805 360 983 398 daemones
1001 357 1252 409 expellentem,
1277 368 1372 392 mor-

418 426 484 463 bos
498 433 692 471 curantem,
699 430 870 475 potestate
882 420 993 457 multa
1006 425 1233 469 peccatorum
1249 414 1372 452 remis-

420 485 555 523 sionem
587 484 804 536 praebentem
829 497 836 517 :
862 493 932 517 non
966 478 1066 516 illam
1093 490 1202 528 quam
1228 474 1373 513 barbari

420 545 528 583 fidem
544 544 798 582 exhibuerunt.

472 669 509 704 2.
539 667 677 704 Verum
704 663 751 702 ad
769 661 943 701 sermonis
963 661 1076 700 nostri
1097 660 1225 699 seriem
1242 659 1371 698 redea—

419 739 515 775 mus,
537 733 577 761 ut
597 723 721 761 videas
747 737 855 773 quam
880 720 1071 759 immodica
1097 720 1248 758 istorum
1267 719 1373 757 fuerit

420 784 630 837 improbitas
660 793 695 821 et
725 797 834 834 quam
860 782 1037 820 laboriosa
1068 781 1215 818 illorum
1247 780 1373 832 resipi-

419 847 552 883 scentia
573 861 581 882 :
605 846 637 883 N
641 845 775 883 inivit'ae
791 842 936 894 quidem
951 842 987 880 in
1007 841 1170 879 triduum
1189 840 1370 890 coarctati,

420 919 533 955 neque
552 904 604 942 sic
620 903 665 941 de
683 903 795 941 salute
815 916 879 939 sua
891 901 1137 953 desperarunt,
1153 900 1215 938 sed
1235 899 1280 937 ad
1296 914 1374 952 poe-

420 965 605 1003 nitentiam
624 972 867 1017 properantes,
887 971 1031 1014 peccata
1047 961 1253 1010 abluerunt,
1270 960 1376 998 mise·

418 1025 643 1076 ricordiaque
672 1024 819 1062 Domini
850 1037 923 1061 sese
951 1022 1079 1074 dignos
1105 1022 1374 1060 exhibuerunt:

419 1086 479 1124 isti
499 1095 632 1135 autem,
657 1084 702 1123 de
722 1085 852 1135 quibus
872 1098 966 1121 nunc
985 1097 1114 1132 sermo,
1131 1092 1271 1134 tempus
1291 1096 1374 1119 cen-

418 1155 496 1185 tum
514 1157 548 1186 et
566 1147 694 1199 viginti
707 1160 881 1184 annorum
900 1144 945 1183 ad
963 1143 1208 1197 poenitentiam
1228 1157 1375 1196 accepe-

420 1218 514 1257 rant,
536 1223 648 1259 neque
672 1207 812 1258 aliquid
828 1206 912 1244 inde
936 1206 1204 1244 lucrifecerunt.
1223 1204 1376 1243 Proinde

422 1269 598 1308 Dominus
610 1269 738 1307 videns
751 1268 788 1306 in
802 1267 954 1305 multam
969 1267 1049 1304 illos
1060 1265 1235 1304 excidisse
1250 1266 1376 1317 nequi-

421 1330 523 1379 tiam,
538 1330 686 1368 celerem
702 1328 787 1381 ipsis
803 1328 942 1365 inducit
961 1327 1229 1375 correctionem,
1243 1327 1379 1365 abolet-

419 1405 490 1442 que
505 1399 568 1428 ete
584 1390 702 1428 medio
714 1389 807 1427 tollit
820 1388 905 1426 mali
920 1402 1045 1426 eorum
1058 1388 1221 1426 fermenti
1236 1388 1375 1426 vitium.

420 1451 507 1490 Ideo
523 1450 612 1489 dicit
633 1467 642 1488 ι
665 1452 750 1488 ,Νοέ
766 1458 896 1487 autem
914 1457 998 1487 erat
1015 1462 1207 1486 annorum
1219 1462 1377 1486 sexcen—
1399 1459 1424 1488 D

422 1521 564 1559 torum,
587 1521 625 1550 et
647 1512 839 1549 diluvium
862 1524 974 1563 aquoe
987 1511 1150 1563 sactum
1181 1519 1236 1548 est
1264 1524 1378 1562 super

421 1582 579 1611 terram.
601 1574 683 1612 Jam
709 1572 918 1622 didicimus,
942 1570 1085 1622 quando
1113 1571 1314 1623 indignatio
1344 1580 1378 1610 et

421 1632 606 1685 praedictio
623 1633 768 1671 Domini
787 1633 880 1670 sacta
898 1641 964 1682 est,
985 1632 1015 1669 N
1018 1634 1058 1670 οὲ
1077 1632 1185 1669 fuisse
1202 1646 1378 1670 annorum

421 1694 698 1745 quingentorum
716 1709 723 1729 :
741 1692 885 1744 quando
909 1701 1029 1730 autem
1049 1691 1235 1730 inductum
1251 1701 1301 1730 est
1321 1692 1377 1730 di-

420 1754 582 1803 luvium,
614 1763 893 1792 sexcentorum:
915 1753 966 1790 ita
994 1753 1266 1791 intercesserunt
1293 1753 1378 1791 anni

420 1816 513 1853 inter
533 1815 822 1868 praedicationem
841 1823 874 1853 et
896 1814 1080 1852 diluvium
1099 1824 1242 1852 centum
1261 1830 1269 1851 :
1287 1824 1322 1853 et
1341 1815 1377 1853 in

421 1875 465 1914 iis
489 1876 592 1914 annis
611 1891 655 1914 ne
670 1876 852 1915 tantillum
878 1875 1022 1926 quidem
1044 1876 1280 1928 profecerunt,
1296 1876 1377 1914 licet

421 1947 603 1990 tantopere
614 1938 827 1976 docerentur
836 1952 856 1975 a
869 1938 901 1975 N
904 1939 943 1975 oe‘
959 1951 1079 1974 arcam
1090 1936 1297 1978 fabricante.
1307 1937 1377 1975 Sed

422 1999 568 2037 fortasse
588 2008 720 2050 quaeret
740 1998 872 2049 aliquis
890 2013 898 2034 ε
914 1998 1034 2045 Quare
1055 2012 1136 2035 cum
1153 1997 1287 2036 dixerit
1302 1999 1376 2036 Do-

422 2060 554 2110 minus,
579 2062 742 2099 Centum
767 2063 911 2112 viginti
937 2061 1033 2097 anni
1061 2067 1173 2097 erunt
1204 2060 1285 2098 dies
1314 2074 1375 2098 eo-

423 2135 507 2159 rum
517 2138 531 2166 ,·
553 2121 823 2174 promiseritque
844 2135 880 2158 se
898 2130 995 2158 tanto
1015 2129 1172 2172 tempore
1193 2121 1377 2159 tolerantia

424 2197 592 2232 usurum,
615 2191 805 2232 antequam
829 2181 1062 2232 implerentur
1087 2181 1168 2218 anni
1200 2182 1376 2233 promissi,

425 2243 625 2282 universale
636 2241 830 2280 introducit
843 2241 1044 2279 excidium?
1053 2241 1174 2279 Etiam
1184 2242 1251 2280 hoc
1265 2242 1378 2294 ipsius

424 2303 619 2342 clementias
644 2302 845 2340 maximum
871 2311 922 2339 est
946 2311 1197 2353 argumentum
1225 2312 1260 2340 et
1281 2303 1378 2340 indi-

425 2366 536 2403 cium.
558 2366 652 2403 Nam
671 2363 838 2415 quoniam
861 2362 955 2401 vidit
979 2362 1139 2413 quotidie
1171 2363 1377 2402 incurabili-

425 2434 478 2462 ter
496 2425 577 2462 illos
592 2437 750 2476 peceare,
766 2432 800 2460 et
814 2437 881 2460 non
899 2422 1014 2459 solum
1031 2422 1122 2460 nihil
1138 2437 1184 2460 ex
1204 2423 1378 2461 ineffabili

427 2485 608 2524 tolerantia
628 2499 691 2523 sua
716 2484 907 2537 proficere,
929 2482 990 2521 sed
1008 2492 1042 2520 et
1061 2476 1301 2522 incrudescere
1322 2485 1378 2522 ul-

426 2561 518 2594 cera,
539 2555 725 2599 propterea
757 2544 908 2583 succidit
936 2553 1091 2597 tempus,
1110 2554 1149 2582 ut
1179 2559 1221 2583 ne
1252 2546 1379 2598 majori

424 2608 559 2647 scilicet
578 2620 689 2660 poenae
709 2620 744 2644 se
764 2605 939 2643 obnoxios
959 2605 1121 2643 facerent.
1143 2605 1190 2643 Et
1209 2621 1300 2657 quae,
1329 2607 1381 2644 di-

427 2679 480 2707 cet
509 2668 654 2720 aliquis,
675 2667 744 2704 hac
775 2667 889 2718 major
919 2674 1006 2703 esset
1024 2665 1155 2718 poena?
1177 2666 1240 2704 Est
1259 2666 1378 2718 plane,

426 2737 491 2775 est,
509 2727 649 2773 dilecte,
666 2740 770 2778 poena
791 2734 823 2763 ct
843 2725 968 2776 major,
982 2733 1016 2762 et
1033 2724 1238 2771 terribilior,
1252 2734 1285 2762 ct
1302 2740 1379 2777 per-

833 219 873 250 S.
911 217 1094 250 JOANNIS
1129 214 1374 247 CHRYSOST.
1413 212 1619 243 AncnlEP.
1659 211 2018 241 CONSTANTINOP-

1443 293 1623 343 θαυμάσια
1644 294 1695 344 ἐφ’
1725 292 1876 340 ἑκάστης
1895 291 2123 343 ἐργαζόμενον
2139 319 2149 338 ,
2177 289 2323 342 λεπροὺς
2339 289 2468 328 καθαί-

1445 368 1560 405 ροντα,
1578 351 1718 405 νεκροὺς
1741 351 1939 404 ἐγείροντα,
1971 352 2016 388 τὰ
2034 350 2236 403 πηρώματα
2254 353 2317 396 τῆς
2336 349 2470 402 φύσεως

1443 411 1684 465 διορθούμενον
1699 441 1710 459 ,
1738 412 1904 463 δαίμονας
1933 411 2141 459 ἐλαύνοντα,
2169 411 2289 454 νόσους
2309 409 2470 460 ἰώμενον,

1445 474 1523 524 μετ’
1555 472 1710 518 ἐξουσίας
1737 474 1869 519 πολλῆς
1894 472 2160 526 ἁμαρτημάτων
2182 472 2302 524 ἄφεσιν
2318 470 2469 524 χαριζό-

1444 549 1546 585 μενον
1560 563 1570 581 ,
1595 533 1672 572 οὐδὲ
1690 534 1754 580 τὴν
1774 533 1880 580 αὐτὴν
1899 538 1969 576 τοῖς
1990 532 2178 585 βαρὸάροις
2197 533 2316 571 πίστιν
2336 531 2467 570 ἐπεδεί-

1446 595 1558 639 ξαντο.
2045 600 2048 602 ’

1497 656 1590 694 Ἀλλ’
1616 654 1673 694 ἐπὶ
1692 654 1755 701 τὴν
1783 654 1988 693 ἀκολουθίαν
2008 654 2252 705 ἐπανέλθωμεν
2274 657 2334 692 τοῦ
2353 654 2471 706 λόγου,

1443 717 1502 755 ἵνα
1520 718 1615 767 εἰδῇς
1630 715 1690 754 καὶ
1715 715 1846 754 τούτων
1864 719 1927 762 τῆς
1947 715 2195 765 ἀγνωμοσύνης
2216 714 2279 760 τὴν
2298 713 2471 762 ἐπίτασιν,

1395 783 1418 814 C
1443 778 1505 816 καὶ
1525 777 1665 815 ἐκείνων
1685 779 1747 823 τῆς
1770 774 2036 827 εὐγνωμοσύνης
2054 776 2093 814 τὸ
2114 775 2277 814 ἐπίπονον
2294 791 2302 798 ·
2333 775 2392 813 καὶ
2417 775 2471 814 ὅτι

1444 841 1598 877 κάκεῖνοι
1616 838 1678 888 μὲν
1700 840 1734 876 ἓν
1749 838 1861 889 τρισὶν
1879 836 2027 890 ἡμέραις
2047 836 2373 888 στενοχωρηθέντες,
2393 836 2470 875 οὐδὲ

1445 900 1554 943 οὕτως
1582 898 1825 952 ἀπηγόρευσαν
1852 900 1965 936 αὐτῶν
1996 898 2060 944 την
2083 897 2282 950 σωτηρίαν,
2316 897 2393 935 ἀλλ’
2414 898 2472 935 ἐπὶ

1445 961 1508 1008 τὴν
1529 960 1714 1011 μετάνοιαν
1739 958 1951 1002 σπεύσαντες
1977 959 2037 996 καὶ
2055 958 2098 996 τὰ
2125 957 2359 1009 ἡμαρτημένα
2386 959 2472 996 ἀπε-

1446 1022 1603 1074 νίψαντο,
1631 1021 1691 1059 καὶ
1712 1023 1776 1066 τῆς
1795 1019 2053 1073 φιλανθρωπίας
2073 1025 2134 1058 τοῦ
2158 1018 2339 1057 Δεσπότου
2359 1018 2473 1064 ἀξίους

1447 1082 1589 1126 ἑαυτοὺς
1622 1081 1860 1127 κατέστησαν·
1892 1074 1986 1119 οὗτοι
2021 1079 2056 1118 δὲ
2082 1080 2179 1118 αὐτοὶ
2207 1080 2330 1117 ἑκατὸν
2361 1079 2470 1118 εἴκοσι

1447 1143 1534 1180 ἐτῶν
1550 1141 1764 1194 προθεσμίαν
1775 1140 1940 1184 λαὸόντες
1955 1140 2041 1194 πρὸς
2057 1141 2254 1191 μετάνοιαν,
2266 1139 2342 1178 οὐδὲ
2363 1140 2472 1183 οὕτως

1449 1202 1634 1242 ἀπώναντό
1648 1219 1682 1241 τι
1707 1202 1826 1241 πΛέον.
1855 1202 1918 1240 Διὸ
1932 1203 1991 1240 καὶ
2010 1205 2028 1239 ὁ
2047 1201 2230 1248 Δεσπότης
2246 1203 2335 1254 ὁρῶν
2357 1203 2472 1239 αὐτῶν

1446 1269 1508 1312 τῆς
1523 1264 1648 1309 κακίας
1663 1264 1726 1311 τὴν
1742 1263 1952 1317 ὑπερὸολὴν,
1967 1263 2026 1302 καὶ
2040 1262 2159 1309 ἐπειδὴ
2178 1256 2263 1300 εἶδεν
2277 1263 2324 1305 εἷς
2338 1262 2472 1309 πολλὴν

1447 1327 1574 1365 κακίαν
1593 1326 1843 1372 ἐξοκείλαντας,
1863 1331 2008 1377 ταχεῖαν
2030 1327 2143 1367 αὐτοῖς
2162 1323 2286 1375 ἐπάγει
2304 1323 2367 1370 τὴν
2383 1323 2475 1375 διόρ-

1449 1392 1566 1434 θωσιν,
1587 1391 1649 1435 τῆς
1668 1390 1779 1434 κακῆς
1806 1390 1918 1426 αὐτῶν
1938 1386 2046 1438 ζύμης
2063 1385 2125 1432 τὴν
2148 1385 2318 1438 πονηρίαν
2345 1385 2473 1437 ἀφανί-

1449 1465 1511 1493 σας
1527 1480 1537 1497 ,
1561 1449 1622 1487 καὶ
1649 1449 1805 1487 ἐκποδὼν
1824 1447 1985 1494 ποιήσας.
2006 1447 2074 1485 Διὰ
2096 1446 2198 1485 τοῖτό
2217 1461 2319 1498 φησι·
2338 1447 2419 1485 Νῶε
2438 1446 2474 1485 δὲ

1447 1504 1490 1556 ἦν
1515 1511 1601 1548 ἐτῶν
1629 1509 1816 1553 ἑξακοσίων
1832 1539 1841 1556 ,
1869 1509 1965 1547 καὶὸ
1992 1508 2238 1558 κατακλυσμὸς
2265 1513 2325 1546 τοῦ
2351 1507 2475 1552 ὕδατος

1449 1569 1584 1621 ἐγένετο
1601 1569 1660 1608 ἐπὶ
1687 1572 1749 1616 τῆς
1771 1571 1845 1621 γῆς.
1866 1569 1965 1612 Τέως
1982 1569 2156 1619 ἐμάθομεν
2175 1567 2230 1606 ὅτι
2249 1567 2354 1614 ἡνίκα
2371 1567 2432 1619 μὲν
2449 1572 2472 1614 ἦ

1449 1629 1686 1683 ἀγανάκτησις
1713 1630 1832 1682 γέγονε
1848 1634 1907 1668 τοῦ
1936 1629 2129 1677 Δεσπότου,
2147 1629 2206 1667 καὶ
2225 1632 2246 1675 ἧ
2266 1630 2472 1682 πρόρρησις,

1447 1691 1685 1730 πεντακοσίων
1700 1686 1741 1738 ἦν
1759 1695 1857 1730 ἐτῶν.
1872 1690 1961 1729 “Ore
1978 1690 2012 1729 δὲ
2027 1691 2163 1743 ἐπήχθη
2181 1692 2198 1727 ὁ
2215 1689 2475 1741 κατακλυσμὸς,

1448 1751 1654 1800 ἑξακοσίων,
1677 1755 1724 1795 ὡς
1743 1752 1863 1790 ἑκατὸν
1888 1752 1948 1799 ἔτη
1969 1753 2003 1789 ἐν
2030 1755 2079 1803 τῷ
2100 1751 2197 1803 μέσῳ
2213 1750 2390 1802 γενέσθαι,
2415 1750 2475 1788 καὶ

1449 1812 1537 1862 μηδὲ
1563 1814 1597 1849 ἐν
1619 1819 1689 1854 τοῖς
1717 1812 1838 1850 ἑκατὸν
1859 1812 1952 1850 ἔτεσι
1969 1812 2133 1864 κερδᾶναι
2153 1810 2275 1854 αὐτούς
2299 1827 2332 1848 τι
2355 1809 2474 1856 πλέον,

1449 1872 1620 1919 τοσαύτης
1636 1872 1875 1915 ἀπολαύοντας
1890 1871 2117 1913 διδασκαλίας
2132 1873 2170 1909 ἐκ
2182 1874 2244 1916 τῆς
2257 1885 2477 1909 κατασκευα-

1451 1933 1597 1984 ζομένης
1615 1933 1682 1972 ὑπὸ
1698 1938 1758 1972 τοῦ
1779 1935 1860 1972 Νῶε
1875 1933 2041 1971 mano&
2075 1931 2167 1970 Ἀλλ’
2184 1932 2267 1975 ἴσως
2286 1932 2325 1969 ἄν
2342 1948 2393 1975 τις
2409 1947 2476 1983 μα·

1451 1998 1519 2032 θεῖν
1547 1994 1783 2042 ἐπιζητήσειε,
1808 1994 1899 2036 τίνος
1925 1993 2039 2031 ἕνεκεν
2060 1992 2180 2040 εἰπὼν,
2203 1991 2352 2030 Ἑκατὸν
2368 1991 2477 2030 εἴκοσι

1451 2056 1511 2103 ἔτη
1533 2055 1670 2094 ἔσονται
1688 2059 1724 2094 αἱ
1738 2055 1867 2107 ἡμέραι
1885 2056 2011 2103 αὐτῶν,
2028 2054 2087 2092 καὶ
2101 2053 2400 2106 ἐπαγγειλάμενος
2416 2069 2474 2091 το-

1451 2121 1563 2155 σαῦτα
1594 2116 1898 2169 μακροθυμῆσειν,
1922 2114 1990 2167 πρὸ
2015 2118 2076 2162 τῆς
2106 2114 2236 2153 τούτων
2262 2114 2477 2167 συμπληρώ-

1452 2193 1537 2220 σεως
1555 2177 1617 2223 τὴν
1639 2176 1879 2228 πανωλεθρίαν
1899 2176 2064 2226 ἐπήγαγε.
2086 2175 2156 2213 Καὶ
2175 2170 2274 2213 τοῦτο
2289 2178 2351 2221 τῆς
2372 2176 2476 2212 αὐτοῦ

1451 2238 1711 2290 φιλανθρωπίας
1741 2237 1902 2288 μέγιστον
1938 2237 1978 2274 ἂν
1999 2236 2051 2283 εἴη
2074 2237 2210 2288 δεῖγμα.
2242 2235 2390 2282 Ἐπειδὴ
2410 2235 2478 2289 γὰρ

1452 2292 1520 2336 εἶδε
1539 2299 1617 2337 καθ’
1637 2299 1787 2345 ἑκάστην
1810 2298 1945 2349 ἡμέραν
1965 2297 2090 2335 ἀνίατα
2110 2296 2392 2348 ἁμαρτάνοντας,
2418 2297 2478 2334 καὶ

1452 2361 1490 2397 οὐ
1513 2359 1614 2410 μόνον
1631 2360 1725 2398 οὐδὲν
1751 2359 1993 2411 κερδαίνοντας
2011 2361 2049 2397 ἐκ
2062 2362 2125 2405 τῆς
2142 2357 2274 2410 ἀφέτου
2297 2361 2476 2410 μακροθυ-

1453 2420 1549 2470 μίας,
1571 2420 1660 2458 ἀλλὰ
1679 2419 1737 2457 καὶ
1756 2419 1990 2462 ἐπιτείνοντας
2004 2418 2047 2456 τὰ
2069 2418 2170 2465 ἕλκη,
2191 2417 2249 2456 διὰ
2266 2421 2367 2456 τοῦτο
2383 2417 2477 2455 συνέ·

1452 2497 1536 2530 τεμε
1555 2482 1612 2519 τὸν
1628 2481 1767 2533 χρόνον,
1782 2480 1872 2518 ὥστε
1891 2479 1940 2531 μὴ
1958 2479 2088 2530 μείζονι
2104 2478 2259 2530 τιμωρίᾳ
2274 2478 2479 2522 ὑπευθύνους

1455 2542 1575 2586 αὐτοὺς
1589 2546 1817 2589 καταστῆναι.
1839 2542 1908 2580 Καὶ
1925 2540 2021 2587 ποία,
2043 2540 2139 2593 φησὶ,
2155 2540 2280 2590 μείζων
2296 2533 2338 2586 ἦν
2349 2538 2479 2587 ταύτης

1453 2605 1628 2656 τιμωρία,
1648 2604 1792 2650 Ἔστιν,
1813 2603 1986 2654 ἀγαπητὲ,
2007 2603 2066 2640 καὶ
2088 2602 2227 2653 μείζων,
2247 2600 2306 2638 καὶ
2321 2600 2477 2653 φοὸερω-

1453 2665 1549 2718 τέρα,
1569 2665 1627 2703 καὶ
1655 2664 1809 2717 διαρκὴς,
1829 2668 1850 2711 ἡ
1872 2663 1966 2702 κατὰ
1986 2663 2043 2701 τὸν
2061 2663 2233 2713 μέλλοντα
2252 2663 2371 2698 αἰῶνα.
2391 2658 2477 2698 ‘'O-:2

1392 2763 1440 2788 233
1454 2726 1521 2779 γὰρ
1548 2726 1611 2764 κᾶν
1637 2729 1782 2764 ἐνταῦθα
1812 2726 1909 2772 δίκην
1938 2723 2027 2768 τινὲς
2059 2726 2282 2775 ὑποσχῶσιν,
2313 2721 2390 2760 οὐδὲ
2413 2721 2476 2769 τὴν

427 2797 548 2840 petua,
568 2801 694 2839 nempe
725 2800 803 2837 quae
838 2785 874 2823 in
905 2785 1026 2822 futuro
1054 2785 1196 2823 saeculo.
1221 2785 1379 2833 Quidam
1405 2802 1430 2828 ,χ
1455 2788 1524 2824 ἐκεῖ
1541 2786 1710 2838 τιμωρίαν
1729 2785 1980 2838 διαφεύξονται,
1998 2783 2087 2822 ἀλλὰ
2103 2782 2314 2835 κουφοτέραν
2329 2782 2478 2829 ὑποστη-

426 2849 520 2886 enim
551 2848 689 2886 etiamsi
712 2847 772 2884 hic
799 2860 940 2899 poenam
972 2845 1135 2895 subeant,
1156 2845 1232 2883 illic
1263 2855 1380 2884 tamen

427 2923 497 2947 non
522 2909 711 2960 effugiunt,
727 2908 790 2946 scd
814 2908 986 2945 leviorem
1010 2906 1217 2955 sortientur,
1237 2906 1283 2945 ob
1303 2921 1381 2944 eam

429 2985 535 3022 quam
561 2970 621 3007 hic
640 2970 796 3007 tulerunt
818 2966 1100 3019 magnitudinem
1123 2966 1378 3019 suppliciorum

429 3032 515 3070 hinc
542 3032 750 3069 minuentes.
778 3030 873 3068 Audi
908 3029 1092 3067 Christum
1125 3027 1320 3077 dicentem,
1348 3038 1381 3066 ct

431 3094 594 3131 miseram
618 3101 799 3130 vocantem
823 3090 1015 3129 Bethsaida
1032 3106 1040 3126 :
1060 3092 1124 3128 Voe
1144 3092 1214 3127 tibi
1233 3091 1381 3128 Chora-

430 3158 522 3200 zim,
538 3154 665 3204 inquit,
679 3168 741 3190 να»
758 3155 828 3190 tibi
841 3152 1059 3190 Bethsaida
1075 3167 1085 3187 :
1103 3153 1199 3202 quia
1214 3153 1303 3189 siin
1316 3152 1380 3189 So-

431 3216 690 3266 domz'sjhctoe
713 3222 837 3251 essent
858 3216 1023 3250 virtutes
1053 3212 1133 3250 illoe
1157 3227 1243 3264 quoe
1260 3214 1382 3264 sache

431 3279 572 3316 suntin
588 3278 711 3321 vobis,
723 3276 814 3312 olim
826 3278 867 3312 in
882 3288 994 3312 sacco
1006 3283 1041 3312 et
1057 3277 1184 3312 cinere
1193 3278 1380 3326 preniten-

433 3342 527 3376 tiam
548 3340 722 3389 egissent.
745 3337 836 3373 Ideo
856 3337 941 3373 dico
962 3338 1071 3373 vobis
1087 3338 1181 3388 quia
1202 3337 1380 3374 tolerabi-

434 3400 506 3438 lius
532 3401 601 3437 erit
631 3406 739 3436 terroe
761 3397 1009 3436 Sodomorum
1034 3405 1067 3436 et
1094 3398 1319 3436 Gomorrhae
1340 3400 1380 3435 in

1455 2862 1571 2885 σοντα·
1593 2847 1650 2885 διὰ
1669 2850 1736 2884 τῶν
1759 2849 1906 2884 ἐνταῦθα
1927 2844 2148 2895 συμὸείντων,
2179 2844 2218 2882 τὸ
2251 2843 2391 2894 μέγεθος
2408 2845 2477 2880 τῶν

1455 2910 1524 2946 ἐκεῖ
1550 2908 1790 2960 κολαστηρίων
1820 2906 2104 2957 ὒποτεμνόμενοι,
2123 2906 2224 2943 ἄκουε
2244 2908 2303 2943 τοῦ
2325 2906 2477 2957 Χριστοῦ

1453 2969 1611 3020 λέγοντος
1643 2969 1701 3006 καὶ
1729 2968 1968 3012 ταλανίζοντος
1993 2967 2056 3012 τὴν
2081 2967 2282 3012 Βηθσαϊδᾶ·
2313 2964 2404 3003 Οὐαί
2423 2980 2477 3003 σοι

1455 3030 1656 3082 Χωραζεὶμ,
1676 3031 1792 3081 φησιν,
1818 3029 1894 3067 οὐαί
1920 3044 1973 3067 σοι
1991 3029 2183 3075 Βηθσαϊόᾶ,
2198 3027 2253 3066 ὅτι
2270 3029 2298 3064 εἷ
2313 3029 2346 3065 ἐν
2362 3026 2474 3065 Σοδό-

1457 3107 1533 3141 μοις
1549 3090 1704 3142 ἑγένοντο
1720 3093 1755 3126 αἱ
1773 3090 1934 3139 δυνάμεις
1951 3091 1985 3127 αἱ
2001 3089 2184 3140 γενόμεναι
2201 3091 2234 3126 ἐν
2252 3091 2349 3138 ὑμῖν,
2363 3087 2476 3125 πάλαι

1457 3153 1496 3189 ἂν
1523 3154 1556 3190 ἐν
1588 3151 1708 3203 σάκκῳ
1724 3151 1782 3189 καὶ
1803 3152 1921 3201 σποδῷ
1939 3150 2160 3200 μετενόησαν.
2191 3148 2254 3186 Διὸ
2272 3147 2363 3199 λέγω
2381 3151 2474 3198 ὑμῖν,

1456 3212 1677 3265 ἀνεκτότερον
1695 3212 1792 3250 ἔσται
1806 3214 1850 3263 γῇ
1867 3210 2031 3260 Σοδόμων
2047 3210 2104 3247 καὶ
2122 3209 2301 3262 Γομόρρας
2313 3212 2347 3248 ἐν
2359 3209 2475 3260 ἡμέρα

1456 3273 1602 3326 κρίσεως
1631 3273 1653 3318 ἢ
1679 3275 1771 3323 ὑμῖν.
1813 3272 1933 3323 Ὁρᾷς,
1961 3269 2142 3321 ἀγαπητὲ,
2173 3272 2246 3312 πῶς
2275 3272 2325 3321 τῷ
2353 3270 2473 3315 εἰπεῖν,

1458 3334 1705 3384 Ἀνεκτότερον,
1726 3333 1850 3377 ἔδειξεν
1869 3334 1922 3371 ὅτι
1941 3332 2000 3370 καὶ
2019 3333 2049 3368 οἳ
2069 3330 2239 3377 τοσαύτην
2259 3331 2404 3368 ἐνταῦθα
2423 3329 2474 3366 δι’·

1458 3412 1522 3442 κην
1543 3395 1668 3442 δόντες,
1691 3396 1748 3433 καὶ
1770 3396 1826 3434 τὸν
1842 3393 2046 3447 ἐμπρησμὸν
2065 3395 2191 3432 ἐκεῖνον
2210 3393 2267 3431 τὸν
2284 3391 2398 3430 καινὸν
2415 3390 2472 3429 καὶ
