2516 3791
818 155 862 186 IN
898 152 1092 186 GENFSIM

71 245 209 287 Παύλου
238 242 315 282 τότε
346 244 546 293 ἐζητοῦμεν,
577 240 634 279 διὰ
653 239 687 277 τί
721 238 802 278 ποτὲ
835 238 896 290 μὲν
932 240 1092 285 Σαῦλος,

68 308 149 348 ποτὲ
171 306 207 346 δὲ
228 307 365 348 Παῦλος
392 303 546 355 ἐλέγετο·
570 296 644 341 εἶτα
671 300 836 351 ἐξέὸημεν
860 303 899 339 ἐκ
924 303 986 346 τῆς
1005 302 1091 338 ἀκο-

66 368 201 411 λουθίας
231 366 357 413 ταύτης
385 367 432 408 εἰς
459 363 640 415 ὀνομάτων
668 361 823 415 ἱστορίαν
855 361 1001 408 πολλήν.
1023 359 1092 398 Καὶ

67 428 186 476 ἐπειδὴ
220 427 385 478 ἐξέὸημεν
417 427 477 463 ἀπ’
507 427 634 472 αὐτῶν,
661 426 723 463 οὐκ
753 423 864 468 ἔδοξεν
892 426 977 474 ἡμῖν
999 420 1091 466 ἄξιον

66 485 153 530 εἶναι
171 491 413 541 παραδραμεῖν
428 488 490 537 τὴν
508 487 680 541 ἐμπορίαν
703 485 849 531 ἐκείνην.
868 486 912 523 EI
936 483 1006 536 γὰρ
1033 482 1094 521 καὶ

66 551 123 591 διὰ
152 553 292 590 Παῦλον
324 550 476 602 ἤλθομεν
507 550 565 590 ἐπὶ
583 549 646 596 τὴν
667 547 830 586 ὑπόθεσιν
849 544 994 592 ταύτην,
1015 545 1093 582 ἀλλ’

66 612 160 664 ὅμως
179 612 240 651 καὶ
262 611 325 660 τὴν
346 615 414 651 τῶν
432 612 547 650 ἄλλων
569 609 750 663 ὀνομάτων
769 607 902 661 εὕρεσιν
921 604 1094 658 ἐμπορεύ-

67 678 195 713 σασθαι
218 675 384 725 ἔγνωμεν.
404 674 510 712 Οὕτω
525 673 586 711 καὶ
606 675 637 711 οἱ
655 670 718 717 τὴν
739 671 914 709 θάλατταν
932 667 1094 710 πλέοντες

66 738 143 773 κατ’
167 735 337 789 ἐμπορίαν
358 739 496 774 ποιοῦσι
527 733 698 777 πολλάκις
712 763 722 781 ,
740 730 830 784 ὑπὲρ
850 729 1094 783 πραγματείας

63 796 189 848 ὀλίγων
209 798 311 835 τινῶν
336 795 636 847 ἐπιδημήσαντες·
665 792 805 831 ἐπειδὰν
839 794 887 835 εἷς
906 790 968 839 τὴν
991 791 1093 829 πόλιν

63 857 235 905 ἐλθόντες,
255 859 302 902 εἰς
319 858 361 905 ἣν
381 857 593 904 ἐστέλλοντο,
618 855 718 893 ἴδωσι
738 853 798 893 καὶ
818 853 945 907 ἑτέρων
963 852 1093 905 ἀγωγί-

66 932 140 966 μων
178 916 329 968 ἔχουσαν
360 914 538 968 ἀφθονίαν,
564 916 685 967 πολλῷ
715 913 860 952 πλείονα
890 916 953 960 τῆς
985 929 1093 966 παρε-

64 977 301 1029 σκευασμένης
321 981 502 1017 ποιοῦνται
525 975 590 1024 τὴν
617 974 802 1029 ἐμπορίαν.
825 975 900 1014 Κᾶν
918 975 1092 1028 ἐγκαλέσῃ

64 1055 140 1086 τις,
158 1042 271 1078 ταῦτα
300 1039 440 1091 λέγουσι
469 1037 515 1077 τὰ
535 1038 677 1092 ῥήματα
691 1053 698 1060 ·
720 1036 872 1090 μακρὰν,
893 1037 1011 1090 φασὶν,
1031 1037 1094 1083 ἤλ-

65 1105 168 1152 θομεν
196 1101 286 1150 ὁδὸν,
313 1100 460 1145 πολλοὺς
478 1102 655 1153 χειμῶνας
676 1098 926 1150 ὑπεμείναμεν,
945 1098 1095 1143 πολλοὺς

66 1162 241 1207 κινδύνους
256 1194 266 1211 ,
301 1162 498 1201 διαπόντιον
539 1160 739 1212 ἀποδημίαν
777 1160 1026 1212 ἐστειλάμεθα·
1059 1160 1096 1199 τί

66 1224 107 1271 δὴ
141 1223 269 1262 κωλύει
300 1222 543 1276 ἀφθονωτέραν
573 1222 733 1274 γενέσθαι
765 1221 828 1269 τὴν
848 1223 1094 1275 πραγματείαν

65 1290 168 1338 ἡμῖν,
197 1288 323 1325 Ταῦτα
343 1285 384 1333 δὴ
416 1285 476 1324 καὶ
493 1289 596 1336 ἡμεῖς
629 1283 895 1335 ἀπολογώμεθα.
929 1285 1000 1323 Καὶ
1028 1285 1096 1339 γὰρ

65 1351 167 1397 ἡμεῖς
197 1349 376 1395 ζητοῦντες
405 1346 485 1397 περὶ
516 1349 585 1384 τῶν
618 1345 798 1396 ὀνομάτων
830 1348 890 1382 τοῦ
924 1345 1095 1394 Παύλου,

65 1410 208 1461 εὕρομεν
247 1410 287 1446 ἐκ
322 1412 385 1455 τῆς
422 1407 625 1451 ἀκολουθίας
660 1407 720 1445 καὶ
767 1405 888 1460 ἑτέραν
922 1407 1094 1460 ἐμπορίαν

64 1471 256 1521 ὀνομάτων,
275 1464 372 1509 ὺοῖόν
404 1485 439 1507 τι
468 1472 486 1507 6
520 1467 654 1521 Πέτρος
683 1467 807 1520 Σίμων
837 1469 997 1507 ἐκαλεῖτο
1025 1467 1095 1522 πρὸ

64 1532 209 1579 τούτου,
227 1531 287 1569 καὶ
318 1534 350 1570 οἱ
377 1530 444 1569 υἱοὶ
478 1529 667 1568 Ζεὸεδαίου
685 1529 855 1573 Ἰάκωὸος
888 1529 1093 1568 καὶἸωάν-

64 1609 125 1640 νης
155 1593 222 1631 υἱοὶ
251 1595 396 1646 βροντῆς
426 1591 695 1642 ὠνομάσθησαν.
723 1589 883 1641 Εὕρομεν
901 1590 962 1628 καὶ
990 1593 1025 1629 ἐν
1048 1594 1092 1643 τῇ

64 1656 210 1706 Παλαιᾷ
234 1654 293 1692 τὸν
318 1652 479 1704 Ἀδραὰμ
507 1652 575 1704 πρὸ
605 1651 727 1690 τούτου
763 1651 825 1703 μὲν
864 1650 1005 1703 Ἄδραμ
1030 1667 1094 1690 κα-

64 1716 243 1767 λούμενον,
267 1714 355 1767 μετὰ
386 1714 422 1753 δὲ
451 1716 562 1751 ταῦτα
589 1713 770 1766 Ἀδραὰμ,
795 1712 854 1751 καὶ
884 1713 942 1752 τὸν
963 1712 1094 1752 Ἰακὼὸ

66 1777 210 1830 Ἰσραὴλ
227 1775 508 1829 μετακληθέντα,
528 1775 588 1813 καὶ
619 1774 682 1821 τὴν
708 1775 851 1828 Σάῤῥαν
868 1775 1002 1828 Σάραν.
1020 1775 1092 1814 Εὕ-

66 1856 169 1893 ρομεν
188 1839 273 1892 πρὸς
286 1838 418 1881 τούτοις
430 1868 440 1885 ,
456 1838 510 1876 ὅτι
525 1836 637 1890 ἕτεροί
647 1852 739 1880 τινες
756 1839 794 1875 οὐ
813 1837 1093 1887 μετωνομάσθη-

64 1918 141 1949 σαν,
160 1901 280 1954 ὥσπερ
297 1895 390 1940 οὗτοι
404 1931 413 1948 ,
436 1901 511 1938 ἀλλ’
537 1899 686 1952 ἐξαρχῆς
705 1899 830 1938 ἔλαὸον
847 1898 891 1937 τὰ
910 1899 1066 1950 ὀνόματα
1082 1930 1092 1949 ,

63 1964 183 2016 ὥσπερ
210 1963 376 2010 Ἰωάννης
406 1965 424 2000 6
460 1961 680 2012 βαπτιστὴς,
712 1964 759 2006 ὡς
787 1963 806 1999 6
830 1960 975 2010 Ἰσαὰκ,
1002 1964 1049 2006 ὡς
1075 1965 1093 2000 6

64 2026 185 2077 Ἀδάμ.
201 2025 348 2063 Ἄτοπον
373 2023 486 2062 τοίνυν
503 2027 587 2074 ἡμῖν
609 2023 720 2068 ἔδοξεν
740 2017 829 2061 εἶναι
848 2022 909 2062 καὶ
927 2023 1093 2074 βλακείας

61 2088 233 2141 ἐσχάτης,
253 2091 412 2125 τοσοῦτον
436 2085 505 2123 ἀπὸ
536 2088 604 2123 τῶν
625 2088 752 2137 χειρῶν
774 2086 872 2138 ῥῖψαι
902 2085 1089 2138 θησαυρόν.

61 2149 129 2188 Διὰ
147 2152 249 2187 τοῦτο
266 2147 478 2201 μακρότερον
493 2145 708 2197 ἐποιήσαμεν
722 2145 781 2184 τὸν
799 2145 913 2198 λόγον,
937 2146 996 2184 καὶ
1010 2147 1091 2200 περὶ

60 2213 128 2249 τῶν
148 2210 295 2261 ἔξαρχ’-ῆς
313 2208 575 2259 ὀνομασθέντων
602 2206 724 2260 πρῴην
745 2206 918 2256 εἰπόντες,
938 2207 1091 2262 σήμερον

62 2271 287 2323 διανοούμεθα
303 2270 383 2322 περὶ
405 2272 473 2307 τῶν
502 2269 683 2320 διωνύμων
709 2270 831 2315 εἰπεῖν,
853 2263 901 2306 ὧν
922 2263 969 2312 εἷς
997 2270 1090 2308 ἐστιν

60 2337 78 2371 6
97 2333 268 2386 Ἀδραάμ.
282 2331 327 2371 ‘O
349 2331 411 2383 μὲν
427 2331 494 2383 γὰρ
508 2330 621 2382 Ἀδὰμ
635 2333 737 2369 τοῦτο
755 2330 886 2378 ἐκλήθη
903 2331 1090 2375 διαπαντὸς

60 2395 100 2433 τὸ
115 2395 246 2445 ὄνομα,
268 2392 327 2431 καὶ
359 2395 419 2431 οὐκ
446 2392 546 2443 ἔσχεν
569 2391 705 2445 ἕτερον·
726 2391 787 2430 καὶ
812 2395 830 2430 6
852 2391 977 2431 Ἰσαὰκ
998 2392 1090 2430 οὕτω

59 2456 164 2494 πάλιν
185 2457 246 2493 οὐκ
264 2453 402 2498 ἐδέξατο
427 2452 589 2504 δευτέραν
605 2451 856 2506 προσηγορίαν,
876 2455 952 2492 ἀλλ’
972 2453 1007 2498 ἐξ
1027 2457 1090 2507 ἀρ-

60 2519 126 2569 χῆς
149 2516 254 2569 μέχρι
286 2514 404 2557 τέλους
437 2513 560 2552 Ἰσαὰκ
586 2514 746 2566 ἐλέγετο·
769 2517 788 2552 6
807 2514 842 2553 δὲ
871 2518 931 2553 τοῦ
964 2514 1089 2553 Ἰσαὰκ

60 2577 177 2630 πατὴρ
190 2577 330 2629 Ἄδραμ
343 2574 411 2627 πρὸ
424 2574 547 2613 τούτου
569 2573 631 2625 μὲν
652 2575 808 2626 ἐλέγετο,
827 2575 917 2626 μετὰ
938 2575 974 2614 δὲ
1001 2579 1088 2614 ταῦ-

58 2656 102 2678 τα
121 2639 290 2691 ’impacta
322 2632 368 2676 ET
397 2653 412 2675 ε
445 2636 512 2690 γὰρ
541 2636 626 2690 πρὸς
652 2637 753 2676 αὐτὸν
783 2640 801 2676 ὁ
827 2638 940 2685 Θεὸς,
969 2638 1087 2691 φησὶν,

58 2701 188 2741 Οὐκέτι
210 2701 308 2739 ἔσται
334 2699 374 2738 τὸ
400 2699 511 2749 ὄνομά
540 2714 599 2737 σου
616 2696 780 2749 Ἄδραμ,
806 2699 897 2738 ἀλλὰ
927 2699 1089 2753 Ἀὅραὰμ

59 2762 270 2809 κληθήσεται
293 2761 334 2799 τὸ
353 2759 464 2810 ὄνομά
485 2775 558 2798 σου.
578 2759 649 2798 Καὶ
677 2759 746 2814 γὰρ
769 2759 910 2813 Ἀδραμ
928 2762 1088 2800 ἐκαλεῖτο

57 2823 97 2861 τὸ
125 2822 306 2874 πρότερον,
323 2820 414 2859 ἀλλὰ
428 2826 529 2860 τοῦτο
545 2821 585 2860 τὸ
600 2820 709 2872 ὄνομα
731 2823 794 2859 οὐκ
809 2821 902 2861 ἔστιν
917 2821 1085 2868 Ἑλληνι-

57 2885 130 2930 κὀν,
148 2883 223 2922 οὐδὲ
238 2886 282 2934 τῇ
297 2881 452 2934 ἢμετέρα
469 2881 608 2933 γλώττῃ
620 2911 631 2928 ,
650 2881 740 2920 ἀλλὰ
758 2886 802 2936 τῇ
818 2887 888 2922 τῶν
907 2883 1084 2937 Ἑὲραίων

55 2945 146 2984 οὕτω
167 2944 319 2995 λέγεται.
336 2944 394 2982 “T
399 2943 409 2981 ί
431 2936 489 2981 οὖν
508 2944 601 2980 ἐστιν
621 2945 894 2997 ἑρμηνευόμενον
913 2947 954 2986 τὸ
972 2947 1083 2997 ὄνομα

53 3010 170 3054 τοῦτο;
192 3004 365 3057 Περάτης.
388 3003 457 3043 Καὶ
476 3003 544 3055 γὰρ
558 3003 598 3041 τὸ
615 3003 756 3057 Ἄδραμ
772 3009 816 3058 τῇ
836 3006 960 3061 Σύρων
983 3011 1079 3060 φωνῇ

53 3069 92 3107 τὸ
110 3068 218 3119 πέραν
234 3067 371 3117 λέγεται
387 3096 396 3114 ,
416 3065 474 3103 καὶ
491 3065 605 3102 ἴσασιν
635 3064 709 3104 ὅσοι
735 3070 798 3113 τῆς
814 3071 931 3120 φωνῆς
949 3069 1082 3116 ταύτης

54 3130 138 3168 εἰσὶν
160 3130 330 3183 ἔμπειροι.
361 3126 482 3174 Πολλὴ
505 3126 540 3164 δὲ
570 3128 613 3177 τῇ
643 3126 764 3179 Σύρων
787 3133 882 3180 φωνῇ
908 3126 994 3182 πρὸς
1015 3131 1078 3179 τὴν

55 3194 122 3228 τῶν
154 3190 330 3241 Ἑῧραίων
363 3190 522 3240 γλῶτταν
562 3191 583 3233 ἡ
619 3188 813 3239 συγγένεια.
846 3192 914 3230 Καὶ
953 3193 1009 3232 διὰ
1046 3195 1080 3232 τί

100 3309 115 3332 10
132 3306 247 3348 [silvii.
267 3311 326 3342 οἷον
343 3309 399 3350 nl]

98 3370 110 3384 ³
128 3361 202 3393 Non
217 3371 285 3394 esse
297 3371 409 3393 veram
422 3359 509 3393 hanc
526 3359 668 3393 nominis
686 3357 808 3391 Abram
825 3359 1062 3403 etymologiam

2022 148 2104 192 81ss

1159 245 1257 275 erant
1277 251 1360 289 ergo
1386 238 1476 276 illa?
1493 240 1545 276 De
1566 238 1676 278 Saulo
1702 248 1735 278 et
1754 241 1864 279 Paulo
1884 251 1966 280 tunc
1985 246 2112 295 exqui-

1160 299 1338 348 rebamus,
1360 314 1472 350 quare
1491 301 1682 353 aliquando
1703 303 1849 352 Saulus,
1871 313 1903 342 et
1923 305 2117 356 aliquando

1163 361 1296 398 Paulus
1330 371 1477 400 voratus
1503 362 1565 411 sit;
1589 373 1623 401 et
1647 364 1730 402 inde
1753 364 1903 414 digressi
1930 380 2054 404 sumus
2081 369 2115 405 in

1162 421 1359 459 multorum
1385 422 1571 461 nominum
1591 423 1779 462 historiam
1807 427 1946 464 Verum
1966 426 2048 477 quia
2067 442 2119 465 se-

1162 482 1231 520 mel
1260 482 1344 521 hinc
1370 483 1564 534 solvimus,
1590 499 1658 523 non
1688 486 1833 524 videtur
1856 486 2006 537 dignum
2033 503 2118 537 csse,

1163 553 1203 582 ut
1222 558 1303 582 cum
1323 544 1423 582 utilis
1441 545 1560 584 adhuc
1588 547 1743 585 occurrit
1773 549 1976 598 negotiatio,
1991 558 2121 588 temere

1163 619 1239 644 eam
1264 615 1516 658 praetereuntes
1545 609 1781 660 negligamus.
1809 611 1901 648 Nam
1927 611 2011 649 lieet
2039 627 2120 664 pro-

1162 675 1242 719 pter
1261 667 1414 705 Paulum
1441 667 1475 706 in
1497 668 1565 707 hoe
1584 680 1834 721 argumentum
1855 671 2118 721 devenerimus,

1161 731 1397 770 nihilominus
1409 741 1441 770 et
1452 733 1605 771 aliorum
1621 735 1806 774 nominum
1819 737 1970 775 rationes
1982 737 2049 775 hac
2062 752 2120 775 ne-

1162 793 1356 846 gotiatione
1371 795 1530 833 invenire
1549 810 1751 849 possumus.
1776 798 1877 836 Sicut
1897 808 1928 837 et
1949 810 2120 838 mereato-

1114 854 1138 884 D
1163 869 1231 895 res.
1247 856 1308 907 qui
1335 871 1431 894 mare
1451 857 1639 909 navigant,
1656 868 1690 897 et
1709 869 1851 912 propter
1868 860 2003 898 minuta
2023 876 2120 913 qum-

1162 915 1246 955 dam
1271 917 1306 955 in
1335 918 1548 970 longinquas
1578 929 1687 958 terras
1713 921 1990 973 proficiscuntur
2010 938 2018 958 :
2039 938 2120 961 cum

1166 978 1326 1017 venerint
1348 980 1384 1018 in
1411 980 1558 1033 petitam
1585 982 1783 1031 civitatem,
1809 983 2038 1036 viderintque
2059 1000 2119 1023 co-

1164 1040 1260 1093 piam
1275 1041 1428 1080 aliarum
1450 1057 1568 1080 rerum
1586 1043 1653 1081 sibi
1677 1043 1975 1095 conducibilium,
1993 1057 2123 1099 pra-ter

1163 1116 1221 1140 eas
1240 1112 1386 1155 propter
1405 1118 1492 1155 quas
1512 1119 1530 1142 a
1552 1105 1666 1157 patria
1687 1105 1864 1154 exierunt,
1884 1108 1997 1146 multo
2016 1109 2120 1160 plura

1163 1178 1271 1215 quam
1287 1164 1532 1211 decreverant,
1552 1175 1766 1204 mereantur.
1787 1168 1894 1214 Quod
1914 1169 1942 1206 si
1963 1170 2042 1220 quis
2063 1184 2122 1208 eos

1165 1225 1412 1277 reprehendat,
1432 1226 1489 1264 his
1511 1241 1547 1265 sc
1572 1227 1692 1265 verbis
1715 1237 1859 1266 tuentur
1882 1245 1890 1265 :
1915 1230 2035 1283 Longa
2063 1233 2121 1271 via

1165 1286 1339 1336 venimus,
1373 1286 1504 1324 multas
1543 1296 1778 1340 tempestates,
1815 1290 1927 1329 multa
1964 1293 2122 1346 pericula

1164 1348 1390 1400 pertulimus,
1413 1349 1688 1387 transmarinam
1717 1352 1940 1404 suscepimus
1963 1356 2124 1407 peregri-

1164 1408 1344 1447 nationem
1363 1424 1370 1445 :
1390 1408 1479 1460 quid
1500 1410 1610 1461 igitur
1637 1420 1732 1449 vetat
1756 1414 2030 1464 negtniationem
2061 1432 2123 1455 no-

1117 1482 1139 1512 Ε
1165 1478 1275 1508 stram
1295 1470 1372 1508 fieri
1389 1471 1742 1523 amplioremPTalia
1763 1475 1886 1526 utique
1901 1486 1931 1514 et
1948 1478 2050 1516 nobis
2068 1478 2123 1516 di-

1165 1545 1242 1569 cere
1258 1531 1352 1570 lieet.
1375 1533 1468 1570 Nam
1484 1533 1702 1583 inquirentes
1716 1534 1761 1573 de
1780 1537 1986 1576 nominibus
2002 1540 2120 1589 Pauli,

1164 1592 1368 1631 invenimus
1394 1603 1648 1645 consequenter
1672 1604 1704 1633 et
1733 1597 2027 1637 nundinationem
2056 1601 2123 1638 ali-

1165 1669 1269 1693 orum
1296 1655 1482 1693 nominum
1504 1671 1512 1692 :
1536 1670 1662 1709 nempe
1690 1658 1839 1697 Petrum
1869 1670 1971 1699 antea
2005 1662 2122 1701 Simo-

1165 1728 1245 1753 nem
1261 1715 1399 1754 dictum
1420 1732 1427 1752 :
1451 1724 1483 1754 et
1509 1716 1604 1755 filios
1623 1717 1788 1757 Zebcdaei
1810 1721 1984 1760 Joannem
2005 1731 2038 1760 et
2056 1725 2120 1763 Ja-

1164 1777 1296 1815 cobum
1318 1777 1412 1815 filios
1431 1778 1579 1816 tonitrui
1598 1790 1836 1832 nuncupatos.
1862 1783 2070 1823 Invenimus
2089 1794 2121 1823 et

1164 1837 1200 1876 in
1226 1839 1349 1879 Veteri
1377 1840 1575 1889 Abraham,
1597 1841 1659 1892 qui
1685 1851 1788 1881 antea
1814 1844 1948 1882 Abram
1975 1856 2122 1885 vocatus

1162 1901 1231 1940 fuit
1251 1917 1258 1938 :
1277 1910 1311 1940 et
1331 1902 1443 1941 Jacob
1469 1903 1637 1941 Israelem
1657 1904 1904 1956 nominatum3
1924 1916 1956 1945 et
1975 1907 2121 1948 Sarram

1163 1963 1301 2001 Saram.
1322 1963 1529 2002 Invenimus
1545 1974 1714 2017 praeterea
1727 1966 1809 2005 aliis
1831 1981 1899 2006 non
1916 1969 2025 2008 fuisse
2044 1985 2121 2009 mu-

1103 2063 1150 2087 m
1164 2033 1234 2063 tata
1254 2026 1398 2064 nomina
1418 2026 1511 2064 sicut
1533 2026 1621 2076 istis,
1636 2027 1700 2066 sed
1721 2028 1801 2067 illos
1821 2044 1840 2067 a
1860 2031 2039 2084 principio
2053 2033 2122 2071 sibi

1115 2101 1141 2130 Α
1163 2086 1276 2126 indita
1291 2088 1436 2126 nomina
1452 2088 1654 2139 retinuisse,
1669 2089 1759 2128 sieut
1776 2092 1930 2130 Joannes
1943 2092 2120 2145 Baptista,

1163 2149 1262 2187 Isaac
1289 2158 1323 2187 et
1341 2149 1472 2188 Adam.
1497 2149 1705 2188 Absurdum
1726 2151 1836 2203 igitur
1867 2153 1972 2191 suerit
1995 2163 2028 2192 et
2060 2169 2120 2193 ex—

1161 2219 1282 2249 tremae
1310 2209 1478 2260 desidiae,
1509 2219 1650 2249 tantum
1676 2225 1696 2249 e
1717 2212 1884 2251 manibus
1914 2214 2121 2254 thesaurum

1161 2271 1326 2324 abjicere.
1337 2272 1431 2309 Nam
1445 2271 1525 2310 ideo
1534 2271 1731 2324 longiorem
1745 2273 1898 2313 facimus
1910 2289 2120 2327 sermonem,

1161 2343 1196 2372 et
1213 2334 1298 2385 quia
1311 2348 1426 2388 nuper
1444 2333 1606 2372 diximus
1622 2334 1668 2372 de
1678 2334 1721 2372 iis
1736 2336 1798 2386 qui
1817 2336 1975 2388 primum
1992 2353 2118 2378 nomen

1160 2395 1396 2443 retinuerunt,
1417 2394 1527 2433 hodie
1545 2395 1590 2433 de
1612 2395 1808 2448 dionymis,
1824 2397 1898 2435 sive
1916 2397 1960 2435 de
1980 2399 2037 2445 iis,
2056 2401 2117 2451 qui

1160 2457 1298 2510 duplici
1318 2466 1401 2495 sunt
1424 2457 1567 2496 nomine
1591 2457 1774 2509 appellati,
1794 2457 1912 2497 dicere
1939 2474 2036 2498 mens
2054 2470 2117 2509 est,

1159 2534 1310 2572 quorum
1331 2533 1426 2557 unus
1450 2528 1501 2557 est
1519 2518 1713 2556 Abraham.
1735 2518 1851 2556 Adam
1882 2520 2003 2559 eodem
2023 2536 2116 2559 sem·

1159 2595 1223 2634 per
1236 2580 1379 2620 nomine
1401 2589 1550 2618 vocatus
1568 2588 1619 2617 est
1635 2595 1643 2615 :
1660 2580 1757 2617 Isaac
1774 2580 1882 2618 aliam
1904 2582 2118 2634 appeliatio-

1110 2658 1134 2689 Β
1159 2656 1241 2680 nem
1263 2656 1333 2680 non
1357 2640 1506 2693 accepit,
1527 2639 1590 2678 sed
1620 2640 1666 2678 ab
1698 2640 1801 2679 initio
1826 2641 1871 2679 ad
1892 2643 1999 2680 finem
2019 2644 2118 2681 Isaac

1159 2704 1277 2742 dictus
1287 2711 1348 2741 est.
1358 2703 1589 2739 Paterautem
1599 2701 1699 2739 Isaac
1709 2701 1810 2753 prius
1824 2702 1969 2753 quidem
1982 2703 2116 2742 Abram

1157 2765 1358 2814 dicebatur,
1373 2772 1494 2816 postea
1515 2775 1601 2800 vero
1627 2763 1822 2801 Abraham.
1837 2763 1940 2802 Dixit
1962 2756 2055 2803 eniin
2069 2765 2115 2804 ad

1157 2841 1238 2865 eum
1273 2827 1370 2864 Deus
1400 2840 1408 2861 :

1156 2887 1313 2925 Abram
1330 2916 1341 2933 ,
1380 2886 1450 2924 sed
1483 2885 1695 2922 Abraham
1727 2888 1938 2925 vocabitur
1976 2902 2115 2927 nomen

1157 2957 1277 2987 tuum.
1291 2946 1436 2986 Etenim
1453 2945 1586 2984 Abram
1608 2946 1805 2984 vocabatur
1823 2948 1924 3000 prius
1942 2965 1949 2985 :
1967 2950 2030 2988 scd
2050 2951 2116 2988 hoc

1157 3024 1283 3048 nomen
1312 3022 1380 3046 non
1405 3016 1456 3045 cst
1472 3008 1654 3055 Graecum,
1672 3021 1785 3058 neque
1806 3018 1936 3058 nostra,
1957 3011 2019 3048 sed
2039 3011 2111 3050 He—

1155 3072 1336 3110 braeorum
1366 3069 1489 3120 lingua
1520 3068 1572 3106 sic
1603 3077 1766 3107 vocatur.
1792 3070 1890 3117 Quid
1922 3071 2035 3122 igitur
2067 3073 2113 3110 si-

1156 3133 1303 3185 gnificat
1334 3132 1403 3170 hoc
1433 3130 1586 3168 nomen?
1616 3131 1815 3170 Transitor.
1848 3133 1942 3170 Nam
1981 3133 2111 3171 Abi-:uu

1155 3196 1332 3248 Syrorum
1361 3206 1448 3231 voce
1470 3191 1564 3229 idem
1592 3200 1643 3230 est
1664 3192 1762 3243 quod
1790 3202 1887 3231 trans
1913 3194 1968 3231 vel
1992 3195 2083 3232 ultra
2104 3211 2110 3230 :

1129 154 1277 184 SERMO
1316 155 1376 184 ΙΧ.

1094 3308 1161 3348 jam
1176 3318 1275 3349 supra
1294 3307 1439 3341 vidimus
1457 3308 1490 3341 iu
1506 3308 1662 3342 llomiliis
1684 3311 1716 3342 iu
1733 3310 1886 3343 Genesim
1904 3320 1938 3352 1».
1955 3312 1994 3342 35
2008 3313 2031 3349 t,
2057 3311 2112 3343 ιιΙιί

1098 3359 1171 3392 vide
1189 3361 1242 3391 sis.

1439 2825 1530 2862 IVon
1563 2825 1635 2861 erit
1677 2825 1784 2862 ultra
1829 2840 1969 2880 nomeu
2006 2836 2112 2865 tuum
2133 2839 2206 2866 Gen.
2227 2838 2314 2878 ¹5-27·
