2516 3791
729 217 771 247 IN
808 217 912 247 CAP.
952 217 1014 247 vt.

143 303 204 349 τὴν
224 300 458 353 προσηγορίαν
476 300 552 339 ἀντὶ
572 299 736 352 μεγίστου
752 299 927 351 ἐγκωμίου
943 298 1161 352 ἐγκειμένην,

142 363 201 402 καὶ
219 362 286 414 πρὸ
305 365 375 400 τῶν
397 363 514 403 ἄλλων
537 362 682 400 ἁπασῶν
703 361 773 400 ἀπὸ
788 361 915 408 ταύτης
938 363 1000 408 τ’ἠς
1022 376 1160 413 προση-

139 423 257 476 γορίας
277 422 610 475 ἀνακηρυττόμενον,
635 422 692 460 τὸν
720 421 783 469 τὴν
803 421 930 475 ἀρετὴν
953 421 1042 471 μετὰ
1061 424 1160 474 ἀκριτ

140 484 235 528 θείας
263 484 554 534 ἐπιδεικνύμενον.
587 483 652 527 Τίς
685 477 743 520 οὖν
778 485 892 530 lotum
911 481 955 521 ‘O
988 481 1158 534 μακάριος

139 543 236 593 Ἰὼὸ,
251 548 269 584 6
284 548 345 591 τῆς
369 544 541 588 εὐσεὸείας
563 543 729 590 ἀθλητὴς,
744 546 762 581 6
781 545 842 589 τῆς
862 542 1065 592 οἰκουμένης
1083 557 1160 580 στε-

139 605 302 658 φανίτης,
317 608 336 644 6
355 604 456 655 μόνος
479 604 523 642 τὰ
542 605 718 651 ἀνήκεστα
738 606 851 642 ἐκεῖνα
866 602 1056 653 ὑπομείνας
1069 631 1079 648 ,
1099 599 1160 638 καὶ

139 665 184 704 τὰ
205 666 311 718 μυρία
334 666 417 717 βέλη
433 665 615 715 δεξάμενος
636 664 732 716 παρὰ
746 668 806 702 τοῦ
825 666 977 714 πονηροῦ
996 661 1158 710 δαίμονος

140 726 289 774 ἐκείνου,
311 726 370 764 καὶ
388 726 540 779 ἄτρωτος
555 725 751 775 διαμείνας,
770 723 829 762 καὶ
844 723 1002 776 καθάπερ
1019 722 1158 772 ἀδάμας

139 801 191 828 τις
205 786 296 824 οὕτω
315 787 430 830 πάσας
444 787 506 830 τὰς
523 785 720 838 προσὸολὰς
737 787 886 836 ἐνεγκεῖν
904 782 1078 829 δυνηθεὶς,
1098 783 1157 820 καὶ

138 847 176 885 οὐ
193 845 294 898 μόνον
310 848 348 884 οὐ
366 845 659 889 καταὸαπτισθεὶς
673 845 740 884 ὑπὸ
759 847 828 882 τῶν
851 843 1025 883 τοσούτων
1044 843 1157 894 κυμά-

138 922 220 953 των,
240 907 328 945 ἀλλὰ
345 906 403 945 καὶ
419 905 588 958 ἀνώτερος
606 909 676 945 τῶν
696 906 862 957 κυμάτων
877 905 1054 957 γινόμενος
1068 920 1075 928 ·
1098 904 1157 942 καὶ

138 967 181 1006 τὰ
196 970 258 1014 τῆς
277 967 479 1018 οἰκουμένης
500 967 594 1014 πάθη
623 970 656 1006 ἐν
684 970 734 1020 τῷ
761 965 879 1019 οἰκείῳ
901 965 1040 1017 σώματι
1059 965 1157 1010 δεξά-

138 1045 258 1079 μενος,
289 1029 398 1081 ταύτῃ
431 1031 563 1080 μᾶλλον
588 1028 830 1081 λαμπρότερος
854 1027 1082 1066 ἀνεδείκνυτο.
1102 1028 1156 1066 Οὐ

139 1090 241 1141 μόνον
258 1090 326 1144 γὰρ
344 1093 382 1130 οὗ
406 1089 618 1136 κατέπτηξεν
643 1090 745 1128 αὐτὸν
763 1092 786 1135 ἡ
815 1087 976 1140 συνέχεια
1000 1091 1063 1135 τῆς
1087 1091 1156 1126 τῶν

140 1153 259 1190 δεινῶν
284 1151 452 1202 ε’μὸολῆς,
482 1150 572 1190 ἀλλὰ
599 1152 659 1189 καὶ
688 1152 734 1194 εἷς
761 1149 902 1200 μείζονα
936 1148 1155 1201 εὐχαριστίαν

137 1213 240 1251 αὐτὸν
264 1212 435 1264 διήγειρε,
463 1213 520 1251 καὶ
542 1214 584 1251 δι’
604 1211 766 1250 ἁπάντων
788 1211 851 1258 τὴν
871 1209 1001 1248 οἰκείαν
1022 1212 1154 1261 εὐγνω-

138 1273 290 1322 μοσύνην
303 1273 536 1319 ἐπεδείκνυτο,
557 1272 695 1326 καιρίαν
719 1274 769 1324 τῷ
794 1270 946 1323 διαὸόλῳ
965 1270 1077 1314 διδοὺς
1090 1270 1154 1318 τὴν

136 1334 290 1385 πληγὴν,
313 1334 372 1372 καὶ
402 1333 532 1377 δεικνὺς
548 1336 594 1378 ὡς
613 1333 792 1379 ἀνηνύτοις
807 1334 979 1384 ἐπιχειρεῖ
994 1332 1053 1369 καὶ
1069 1333 1156 1385 πρὸς

137 1396 262 1447 κέντρα
276 1395 441 1440 λακτίζει.
458 1397 591 1434 Τοῦτον
609 1395 722 1433 τοίνυν
738 1394 796 1432 τὸν
812 1395 909 1445 ἅγιον
929 1393 988 1432 καὶ
1003 1394 1071 1446 πρὸ
1085 1397 1154 1432 τῶν

137 1457 250 1494 ἄθλων
268 1456 327 1494 καὶ
349 1456 417 1509 πρὸ
435 1459 504 1494 τῶν
523 1455 666 1507 ἀγώνων
685 1457 754 1494 τῶν
772 1454 944 1494 τοσούτων
966 1457 1117 1494 ἐπαινῶν
1136 1457 1154 1493 ὃ

136 1516 374 1569 φιλάνθρωπος
392 1517 481 1560 Θεὸς
505 1517 564 1554 καὶ
586 1516 847 1569 ἀνακηρύττων,
877 1516 963 1568 φησὶ
990 1516 1075 1568 πρὸς
1097 1516 1155 1555 τὸν

136 1578 294 1616 διάὸολον
307 1592 315 1600 ·
331 1576 531 1629 Προσέσχες
546 1580 589 1629 τῇ
605 1577 738 1631 διανοίᾳ
750 1592 810 1615 σου
824 1579 874 1630 τῷ
888 1576 1074 1630 θεράποντί
1091 1592 1156 1628 μου

135 1638 230 1686 Ἰὼὸ,
240 1639 292 1677 ὅτι
303 1639 366 1677 οὐκ
375 1638 449 1676 ἔστι
458 1642 535 1677 κατ’
552 1640 654 1677 αὐτὸν
666 1639 843 1690 ἅνθρωπος
854 1641 924 1676 τῶν
938 1638 995 1676 ἐπὶ
1009 1641 1156 1690 τῆςγῆς,

136 1700 314 1751 ἄνθρωπος
333 1700 530 1750 ἄμεμπτος,
546 1699 687 1747 δίκαιος,
703 1700 875 1747 ἀληθινὸς,
885 1698 1060 1746 θεοσεὸὴς,
1075 1703 1158 1737 ἀπε·

136 1759 282 1810 χόμενος
293 1761 363 1798 ἀπὸ
374 1760 500 1804 παντὸς
509 1764 658 1811 πονηροῦ
668 1760 889 1812 πράγματος;
905 1753 1003 1803 Εἶδες
1015 1759 1075 1797 καὶ
1082 1763 1158 1797 τοῦ·

137 1835 194 1858 τον
210 1821 279 1858 ἀπὸ
291 1824 350 1858 τοῦ
364 1824 477 1858 κοινοῦ
491 1824 552 1866 τῆς
565 1821 699 1872 φύσεως
711 1821 878 1871 ὀνόματος
891 1819 995 1872 πρότε
1003 1835 1058 1871 ρον
1070 1823 1156 1858 ἀνα-

138 1881 409 1931 κηρυττόμενον;
431 1881 648 1934 Προσέσχες,
671 1881 780 1933 φησὶ,
800 1883 849 1932 τῷ
879 1881 1063 1931 θεράποντί
1089 1896 1154 1931 μου

138 1942 234 1989 Ἰὼὸ,
260 1943 338 1982 ῧὸτι
356 1945 417 1981 οὐκ
435 1945 528 1982 ἔστιν
543 1943 659 1994 ὅμοιος
672 1945 766 1994 αὐτῷ
780 1942 978 1993 ἄνΟρωπος;
996 1942 1066 1980 Καὶ
1086 1942 1155 1993 μὴν

137 2004 287 2046 ἅπαντες
316 2005 448 2054 ὅμοιοι,
480 2005 556 2042 ἀλλ’
588 2003 667 2054 οὐχὶ
692 2002 782 2041 κατὰ
806 2001 869 2049 τὴν
896 2002 1036 2053 ἀρετὴν,
1066 2003 1156 2042 ἀλλὰ

135 2063 227 2102 κατὰ
245 2064 302 2101 τὸν
321 2067 383 2110 τῆς
402 2067 535 2116 μορφῆς
549 2064 649 2115 λόγον
666 2079 674 2087 ·
703 2065 742 2102 οὐ
767 2067 868 2102 τοῦτο
890 2062 926 2102 δὲ
952 2063 1130 2116 ἄνθρωπος
1145 2093 1156 2111 ,

136 2125 213 2162 ἀλλ’
226 2125 308 2163 ὅταν
323 2140 376 2167 τις
395 2124 518 2167 κακίας
532 2124 747 2176 ἀπεχόμενος
762 2123 825 2170 τὴν
841 2123 968 2176 ἀρετὴν
985 2124 1101 2176 μετίῃ.

187 2178 287 2228 Εἶδες
310 2184 405 2229 τίνας
426 2185 626 2236 ἀνθρώπους
643 2179 712 2223 οἶδε
739 2185 858 2222 καλεῖν
874 2187 894 2230 ἡ
913 2184 988 2222 θεία
1006 2185 1155 2237 Γραφή;

132 2247 200 2286 Διὰ
219 2252 318 2285 τοῦτο
336 2247 395 2285 καὶ
418 2246 454 2290 ἐξ
473 2249 584 2300 ἀρχῆς
600 2246 682 2285 ἰδὼν
703 2247 762 2284 τὸν
780 2248 838 2284 ὑπ’
860 2248 964 2285 αὐτοῦ
985 2248 1154 2299 δημιουρ-

131 2309 280 2359 γηθέντα
295 2311 313 2347 6
331 2311 399 2346 τῶν
418 2308 506 2346 ὅλων
526 2307 707 2355 Δεσπότης
723 2306 838 2359 ἔλεγε·
859 2307 1073 2358 Ποιήσωμεν
1093 2307 1153 2346 ἄν-

133 2373 267 2420 θρωπον
294 2372 370 2407 κατ’
404 2368 519 2407 εἰκόνα
547 2368 733 2420 ἡμετέραν,
769 2368 829 2407 καὶ
861 2370 938 2407 καθ’
971 2368 1150 2419 ὁμοίωσιν,

133 2432 223 2469 τοῦτ’
242 2431 346 2475 ἔστιν,
366 2430 423 2468 ἵνα
440 2430 558 2482 ἄρχων
576 2424 599 2481 ἦ
618 2430 677 2468 καὶ
695 2433 765 2468 τῶν
782 2429 966 2482 ὁρωμένων
984 2430 1150 2469 ἁπάντων

133 2491 192 2529 καὶ
213 2494 281 2529 τῶν
304 2493 339 2529 ἐν
360 2493 454 2543 αὐτῷ
478 2491 689 2542 τικτομένων
707 2494 829 2529 παθῶν
843 2507 851 2515 ·
875 2491 932 2529 ἵνα
951 2491 1045 2543 ἄρχῃ
1058 2521 1070 2540 ,
1089 2491 1149 2530 καὶ

132 2550 180 2601 μὴ
198 2552 361 2603 ἄρχηται.
381 2551 467 2590 Ἐὰν
494 2551 611 2602 μέντοι
624 2550 769 2603 προδοὺς
787 2550 850 2599 τὴν
866 2550 978 2605 ἀρχὴν
1000 2549 1017 2571 ¹³
1031 2551 1147 2603 ἄρχη-

129 2627 186 2649 ται
201 2613 344 2662 μᾶλλον,
358 2611 380 2658 ἢ
394 2613 486 2664 ἄρχῃ
501 2641 510 2657 ,
528 2613 700 2651 ἀπόλλυσι
713 2611 772 2651 καὶ
785 2612 825 2651 τὸ
840 2606 927 2651 εἶναι
945 2612 1124 2664 ἄνθρωπος
1136 2640 1147 2659 ,

128 2674 186 2712 καὶ
204 2674 288 2726 πρὸς
303 2673 367 2720 τὴν
384 2677 454 2712 τῶν
472 2674 605 2725 ἀλόγων
629 2673 864 2728 προσηγορίαν
893 2674 1015 2712 ἑαυτὸν
1037 2689 1144 2724 μετα-

127 2734 252 2781 τίθησι.
269 2735 337 2773 Διᾶ
354 2751 408 2774 τοι
425 2739 526 2774 τοῦτο
548 2735 608 2774 καὶ
623 2740 679 2774 ν’ὔν
699 2735 762 2783 τὴν
782 2735 908 2790 ἀρετ-ᾖν
930 2738 989 2774 τοῦ
1008 2735 1143 2774 δικαίου

127 2795 245 2834 τούτου
275 2795 486 2848 ἀνακηρῧξαι
520 2797 711 2847 βουλομένη
730 2800 752 2844 ἡ
768 2796 843 2836 θεία
873 2796 996 2849 Γραφή
1024 2811 1142 2849 φησιν,

125 2851 238 2894 Αῧται
254 2859 289 2894 αἱ
307 2856 455 2908 γενέσεις
470 2859 550 2896 Νῶε
564 2873 572 2881 ·
592 2859 673 2896 Νῶε
691 2857 871 2910 ἄνθρωπος
889 2858 1032 2902 δίκαιος.
1051 2857 1141 2896 Ἰδοὺ

124 2918 184 2955 καὶ
200 2918 315 2970 ἕτερον
329 2917 501 2969 ἐγκωμίου
524 2918 684 2969 μέγιστον
698 2913 797 2967 εἶδος,
811 2918 964 2962 Δίκαιος·
987 2917 1044 2957 διὰ
1059 2917 1142 2957 ταύ-

124 2995 185 3025 της
203 2981 266 3024 τ’ἧς
284 2979 517 3033 προσηγορίας
538 2979 602 3027 τὴν
621 2979 768 3018 καθόλου
787 2980 915 3034 ἀρετ-ὴν
930 2979 1060 3026 ταύτην
1079 2982 1142 3030 ἐμ·

123 3038 246 3090 φαίνει.
275 3040 355 3078 *Τὸ
379 3039 447 3093 γὰρ
472 3040 604 3085 δίκαιος
627 3041 737 3091 ὄνομα
769 3041 843 3084 ἔθος
870 3044 956 3091 ἡμῖν
987 3039 1044 3079 ἐπὶ
1074 3042 1144 3078 τῶν

121 3106 238 3138 πᾶσαν
275 3099 402 3152 ἀρετὴν
439 3101 627 3152 μετιόντων
659 3101 785 3153 λέγειν.
819 3094 910 3140 Εἶτα
937 3099 995 3138 ἵνα
1030 3098 1144 3150 μάθῃς

164 3242 178 3256 ·
195 3231 310 3264 Moret.
325 3237 370 3267 ὅτι
393 3236 443 3267 031
459 3237 538 3268 ter-rw
559 3238 660 3277 ὅμοιος
676 3235 757 3275 αὐτῷ
772 3236 938 3276 ἄνθρωπος.
957 3230 1061 3264 Savil-
1079 3234 1125 3264 ὅτι

122 3288 171 3317 οὶκ
187 3289 247 3318 ἔστι
262 3287 329 3318 κατ’
346 3288 434 3318 αὐτὸν
446 3290 609 3331 ἅνθρωπος.
627 3285 761 3327 Septem
778 3283 996 3324 Manuscriptl
1012 3287 1059 3317 ὅτι
1075 3285 1125 3315 οὐκ

1053 216 1213 248 cimus.

1254 216 1410 247 nonni..
1449 216 1575 247 xxm.
2092 209 2182 268 249

1236 299 1404 338 omnibus
1432 299 1499 337 hoc
1521 298 1661 337 nominc
1686 297 1917 351 praedicatur,
1938 308 1975 336 ut
1997 300 2047 337 sic
2071 301 2186 339 virtus

1235 360 1334 399 illius
1357 360 1549 411 diligenter
1575 368 1786 414 exponatur.
1799 360 1890 406 Quis
1917 360 1977 398 ille
2000 362 2078 399 cst?
2099 362 2184 399 Bea-

1236 430 1294 459 tus
1323 421 1415 469 Job‚
1436 421 1495 459 illc
1519 421 1621 473 pugil
1644 421 1810 474 pictatis,
1834 421 1966 459 athleta
1987 422 2100 472 orbis,
2121 423 2184 473 qui

1234 481 1330 519 solus
1347 481 1558 520 incurabilia
1576 482 1638 520 illa
1653 482 1836 532 sustinuit,
1855 491 1888 520 et
1901 483 2053 535 acceptis
2073 482 2183 520 innu-

1233 542 1340 580 meris
1363 557 1383 579 a
1402 542 1548 582 diabolo
1578 543 1670 593 telis,
1686 544 1820 583 vulnus
1849 558 1917 583 non
1939 544 2074 596 accepit
2094 560 2102 581 :
2124 544 2185 582 sed

1232 603 1324 640 sicut
1345 602 1490 641 adamas
1519 604 1666 654 quidam
1694 619 1816 643 omnes
1836 606 1991 657 impetus
2009 606 2100 643 ferre
2119 620 2185 657 po-

1232 662 1314 709 tuit,
1329 672 1363 701 et
1378 677 1398 700 a
1418 663 1526 701 tantis
1543 664 1712 703 fluctibus
1728 680 1796 703 non
1813 667 1929 704 solum
1945 681 2013 704 non
2034 676 2084 704 est
2099 667 2185 704 sub-

1233 736 1382 771 mersus,
1397 723 1458 760 scd
1478 732 1512 761 et
1537 724 1729 776 praevaluit
1737 740 1747 772 ;
1767 735 1801 763 et
1824 727 1977 777 acceptis
1997 726 2032 763 in
2055 740 2185 779 corpus

1231 796 1337 821 suum
1364 783 1531 822 omnibus
1553 784 1615 835 qui
1640 785 1676 822 in
1699 784 1833 823 mundo
1853 795 1951 824 erant
1977 786 2182 834 doloribus,

1184 863 1206 892 B
1230 844 1297 882 hac
1330 844 1466 883 ratione
1499 846 1614 883 multo
1647 846 1776 884 clarior
1808 847 1931 885 evasit.
1958 847 2036 884 Non
2070 847 2184 884 solum

1229 905 1324 944 enim
1353 920 1422 944 non
1458 906 1564 944 illum
1599 916 1732 945 terrore
1764 907 1915 960 perculit
1942 907 2185 959 ingruentium

1230 966 1395 1006 dolorum
1426 968 1639 1018 frequentia,
1661 968 1723 1007 sed
1753 979 1787 1007 ct
1819 968 1866 1007 ad
1897 969 2067 1021 majorem
2101 984 2183 1021 gra—

1229 1028 1362 1066 tiarum
1388 1030 1561 1068 actionem
1590 1030 1762 1070 excitavit
1783 1046 1790 1067 :
1811 1041 1917 1082 atque
1951 1031 1987 1069 in
2020 1032 2186 1070 omnibus

1230 1103 1336 1127 suum
1363 1099 1506 1142 gratum
1528 1091 1690 1129 animum
1717 1091 1917 1141 declarans,
1938 1092 2077 1130 letalem
2103 1092 2184 1130 dia-

1227 1151 1312 1189 bolo
1337 1152 1481 1204 plagam
1512 1153 1660 1201 inflixit,
1679 1167 1750 1205 quo
1781 1153 1843 1191 ille
1874 1153 2086 1204 intelligeret
2112 1168 2186 1192 sese

1227 1212 1358 1251 frustra
1397 1213 1516 1251 moliri
1549 1223 1582 1252 et
1611 1223 1733 1253 contra
1763 1213 1950 1252 stimulum
1983 1213 2181 1252 calcitrare.

1225 1273 1331 1312 Hunc
1354 1274 1466 1327 igitur
1496 1285 1658 1314 sanctum
1684 1276 1792 1314 etiam
1817 1285 1899 1315 ante
1923 1285 1975 1314 tot
2002 1289 2132 1327 agones
2152 1285 2186 1314 et

1226 1334 1440 1385 certamina,
1463 1345 1602 1374 tantum
1622 1336 1783 1376 laudavit
1808 1337 2009 1376 misericors
2028 1337 2126 1375 Deus
2149 1346 2183 1375 et

1225 1395 1424 1447 praedicans
1442 1396 1538 1435 dixit
1563 1397 1709 1437 diabolo
1727 1414 1734 1435 :
1754 1399 1861 1437 Num
1880 1402 2012 1437 animo
2030 1408 2094 1437 tuo
2111 1400 2180 1437 ad·
2189 1417 2257 1445 va.
2289 1425 2312 1444 ,Α
2330 1416 2360 1445 8.

1229 1459 1377 1495 vertisti
1386 1458 1594 1510 famulum
1625 1473 1752 1498 meum
1778 1460 1870 1506 Job,
1899 1461 2004 1512 quod
2030 1474 2108 1497 non
2131 1463 2181 1498 sit

1227 1519 1342 1557 homo
1362 1520 1501 1558 similis
1524 1520 1587 1558 illi
1608 1534 1722 1572 super
1743 1530 1901 1568 terram,
1925 1523 2039 1559 homo
2058 1522 2183 1559 incul-

1227 1589 1355 1631 patus,
1365 1584 1510 1634 justus,
1527 1596 1668 1629 verax,
1683 1584 1812 1621 Deum
1825 1584 1968 1630 colens,
1986 1586 2183 1622 abstinens

1228 1644 1278 1680 ab
1298 1645 1405 1680 omni
1432 1657 1543 1693 opere
1567 1644 1672 1681 malo
1686 1648 1702 1680 P
1720 1643 1857 1682 Vidisti
1876 1653 1910 1681 et
1928 1644 2025 1682 hunc
2042 1658 2060 1681 a
2081 1658 2181 1682 com-

1228 1700 1331 1738 muni
1353 1709 1488 1738 naturae
1507 1701 1649 1738 nomine
1667 1701 1768 1753 prius
1790 1701 2003 1752 praedicari?
2026 1702 2183 1740 Adver-

1231 1763 1323 1808 asti,
1344 1761 1475 1811 inquit,
1495 1762 1692 1812 famulum
1717 1776 1842 1799 meum
1863 1763 1954 1812 Joh,
1975 1763 2079 1814 quod
2104 1776 2182 1800 non

1227 1826 1277 1861 sit
1298 1823 1438 1861 similis
1460 1823 1522 1860 illi
1537 1824 1651 1860 homo
1664 1827 1681 1859 ?
1700 1822 1748 1860 Et
1766 1823 1900 1861 similes
1919 1823 2042 1873 utique
2060 1837 2181 1861 omncs

1227 1897 1365 1933 sumus,
1382 1882 1444 1920 sed
1465 1897 1534 1921 non
1553 1882 1750 1921 secundum
1769 1883 1952 1931 virtutem,
1971 1883 2033 1921 sed
2051 1898 2178 1922 secun-

1226 1944 1314 1982 dum
1343 1944 1466 1982 formae
1499 1944 1750 1982 rationemzat
1780 1944 1847 1982 hoc
1877 1958 1946 1982 non
1978 1953 2029 1982 est
2060 1945 2180 1991 homo,

1227 2004 1290 2042 sed
1315 2004 1459 2055 quando
1487 2005 1666 2043 abstinens
1697 2019 1717 2043 a
1750 2005 1887 2043 malitia
1906 2005 2075 2044 virtutem
2097 2019 2179 2058 ope—

1227 2074 1339 2104 ratur.

1281 2187 1317 2226 5.
1347 2185 1483 2228 Vidisti
1519 2201 1609 2239 quos
1643 2187 1769 2227 divina
1802 2188 1988 2242 Scriptura
2019 2188 2181 2228 homines

1225 2248 1408 2300 appellare
1430 2248 1545 2287 solet?
1567 2249 1744 2295 Quocirca
1766 2258 1799 2287 et
1821 2250 1868 2287 ab
1892 2249 1994 2287 initio
2016 2264 2096 2287 cum
2126 2251 2181 2288 vi-

1224 2305 1333 2345 disset
1350 2307 1450 2345 Deus
1477 2321 1560 2345 eum
1585 2307 1648 2358 qui
1668 2322 1687 2345 a
1714 2322 1750 2346 se
1771 2309 1885 2346 factus
1905 2317 1991 2356 erat,
2010 2308 2152 2346 dicebat
2173 2324 2180 2344 :

1179 2200 1205 2230 D

1223 2369 1436 2406 Faciamus
1480 2369 1674 2406 hominem
1715 2371 1927 2408 secundum
1969 2372 2180 2421 imaginem
2196 2384 2305 2412 Gens.
2326 2383 2375 2412 28.

1223 2437 1397 2467 nostram
1413 2437 1450 2467 et
1464 2430 1675 2467 secundam
1695 2430 2006 2476 similitudinem,
2027 2429 2095 2467 boc
2113 2439 2178 2477 est,

1221 2495 1261 2524 ut
1288 2486 1440 2539 imperet
1464 2495 1497 2524 et
1518 2485 1726 2524 visibilibus
1751 2487 1917 2525 omnibus
1937 2496 1970 2524 et
1989 2487 2177 2525 affectibus

1219 2547 1294 2585 suis
1320 2563 1328 2584 :
1352 2549 1522 2599 imperet,
1550 2561 1618 2585 non
1651 2548 1739 2585 ferat
1770 2547 1974 2599 imperium.
2005 2547 2113 2593 Quod
2147 2549 2176 2586 si

1219 2622 1319 2646 suam
1337 2607 1491 2660 prodens
1504 2607 1715 2659 dignitatem
1731 2608 1922 2660 imperium
1938 2608 2026 2645 ferat
2039 2607 2173 2659 potius,

1219 2683 1327 2720 quam
1350 2669 1498 2721 imperet
1515 2684 1522 2705 :
1538 2668 1649 2707 bomo
1669 2682 1743 2707 esse
1761 2668 1905 2715 desinit,
1926 2677 1960 2706 et
1983 2668 2172 2706 brutorum

1216 2731 1252 2769 in
1269 2744 1306 2768 se
1325 2743 1452 2768 nomen
1475 2729 1653 2767 transfert.
1669 2731 1787 2779 Atque
1804 2729 1872 2766 bac
1890 2728 1936 2767 de
1952 2743 2057 2767 causa
2078 2743 2173 2768 nunc

1215 2792 1341 2831 divina
1362 2791 1549 2843 Scriptura
1571 2791 1740 2827 virtutem
1757 2790 1846 2842 justi
1867 2789 1966 2828 illius
1985 2804 2169 2828 commen—

1216 2917 1300 2954 Noe·
1314 2916 1428 2952 homo
1437 2915 1580 2965 justus.
1595 2911 1687 2949 Ecce
1700 2920 1733 2949 et
1745 2911 1854 2949 aliam
1871 2912 2066 2949 maximam
2082 2927 2168 2964 prae-

1215 2971 1492 3024 conii-speciem,
1506 2972 1642 3009 Justus
1657 2986 1666 3006 :
1681 2969 1749 3007 hac
1775 2970 2011 3023 appellatione
2030 2984 2170 3008 omnem

1214 3034 1384 3074 virtutem
1399 3030 1657 3083 complectitur.
1671 3029 1750 3068 Hoc
1762 3031 1858 3069 enim
1880 3044 2020 3079 nomen,
2032 3031 2166 3082 justus,

1213 3094 1462 3135 consuevimus
1478 3091 1596 3130 dicere
1613 3091 1659 3130 de
1679 3090 1724 3129 iis
1741 3091 1802 3142 qui
1822 3091 2048 3143 omnigenam
2067 3106 2168 3129 excr-

1203 3227 1220 3252 b
1237 3224 1298 3258 Alii
1315 3231 1455 3269 ἄρχεται.

1204 3280 1218 3295 “
1238 3279 1296 3310 uis
1321 3273 1488 3308 consentit
1504 3271 1567 3305 hoc
1590 3270 1802 3315 Empedoclis
1825 3283 1959 3304 carmen
1982 3270 2025 3303 ab
2043 3270 2168 3303 Aristo-

122 3341 181 3369 ε”ςτι
201 3339 265 3368 κατ’
283 3339 371 3369 αὐτὸν
395 3339 495 3378 ὅμοιος
519 3342 681 3382 ἅνθρωπος.
697 3335 788 3369 Infra
813 3337 881 3368 ἀλλ’
905 3339 976 3370 ὅταν
998 3350 1052 3374 τις.
1071 3333 1126 3367 Sic
1161 3331 1222 3364 tele
1239 3329 1375 3361 allatum
1393 3344 1398 3361 :
1418 3326 1457 3361 113„
1473 3329 1503 3360 δὲ
1520 3328 1684 3368 δικαιοσύνῃ
1698 3327 1862 3362 συλλήέὃην
1877 3328 1947 3360 nis*
1962 3330 2054 3370 ἀρετή
2073 3328 2141 3358 ’στω
2160 3348 2163 3352 -

123 3399 202 3420 uuus
219 3395 318 3421 recte.
338 3386 399 3420 Alii
415 3396 476 3426 τῆς.

1160 3384 1298 3417 lustitia
1320 3382 1468 3416 viritatem
1485 3390 1610 3411 omnem
1628 3376 1858 3419 complectitur.

1215 2853 1300 2892 dare
1315 2853 1449 2901 volens,
1463 2851 1553 2889 'dicit
1567 2866 1574 2887 :
1588 2852 1661 2888 Hae
1675 2860 1764 2889 sunt
1775 2854 2043 2903 generationes
2055 2853 2140 2889 Νοέ
2156 2868 2167 2887 .·
2184 2859 2255 2885 Gen.
2273 2857 2303 2885 6.
2317 2868 2347 2896 ⁴)-
