2516 3791
741 150 778 178 S.

299 139 329 195 4
339 135 358 182 ‘3
369 154 392 181 2

295 233 428 271 habere
439 240 598 285 possunt,
608 231 745 270 interno
758 231 852 269 bello
865 229 982 267 omnia
993 227 1242 275 confundente,

295 294 516 345 multamque
529 293 578 331 eis
597 291 869 331 amaritudinem
888 289 1085 327 invehente.
1106 288 1245 326 Verum

294 355 355 393 hic
368 355 461 393 nihil
472 355 562 403 tale3
581 353 641 392 sed
655 351 856 405 patriarcha
870 348 1151 399 indignationem
1166 360 1244 384 ma-

293 415 529 454 tris-familias
539 428 600 452 sua
613 411 768 464 placavit
780 409 934 457 lenitate,
943 416 976 445 ct
987 406 1070 444 data
1081 406 1112 444 ei
1123 415 1245 444 contra

293 476 459 514 ancillam
472 481 656 527 potestate,
673 471 820 508 domum
833 482 920 521 pace
933 466 1096 520 replevit.
1113 469 1150 505 E
1154 475 1167 504 t
1181 468 1243 519 as-

279 536 394 592 flixit
407 547 507 580 eam,
522 534 530 569 i
536 532 648 582 nquit,
656 531 769 576 Sara,
781 538 816 567 et
830 529 984 581 aufugit
999 542 1023 565 a
1030 529 1137 581 facie
1148 530 1242 579 ejus.

293 598 484 645 Postquam
499 592 644 630 domina
663 591 761 629 illius
774 589 918 643 punivit
933 587 1173 638 insolentiam,
1187 588 1243 625 fu-

291 670 371 706 gam
383 654 462 692 iniit
474 653 614 691 ancilla.
625 652 726 690 Talis
745 651 879 689 seilicet
891 663 1075 689 servorum
1085 663 1162 687 mos
1180 657 1243 687 est:

290 715 432 766 quando
452 728 522 752 non
541 712 760 766 permittitur
776 711 825 749 eis
843 724 941 748 more
960 724 1023 748 suo
1045 723 1162 761 agere,
1180 709 1244 747 sed

288 775 536 827 impediuntur
554 787 676 812 eorum
700 780 857 819 conatus,
876 771 994 809 statim
1014 769 1243 808 dominorum

289 835 405 887 ruptis
435 835 557 882 frenis,
585 835 706 886 fugam
741 841 941 884 capessunt.
973 832 1149 869 Caeterum
1174 831 1243 869 hoc

290 894 395 932 etiam
407 894 502 943 vide,
515 893 693 945 quomodo
707 892 846 930 ancillae
856 905 1049 943 supernum
1063 891 1242 929 auxilium

288 969 357 993 non
371 955 476 1003 desit,
497 955 542 992 ob
549 954 638 1006 justi
656 953 823 992 videlieet
841 952 1026 990 honorem.
1047 953 1140 989 Nam
1158 952 1243 1002 quia

284 1015 373 1067 justi
389 1029 506 1053 semen
526 1015 617 1052 intra
640 1028 678 1052 se
694 1013 850 1065 gerebat,
866 1012 945 1050 ideo
961 1021 995 1049 et
1007 1011 1125 1063 angeli
1142 1026 1259 1064 aspe--

289 1084 386 1113 etum
394 1075 517 1114 videre
529 1074 670 1114 meruit.
678 1076 715 1113 7.
726 1075 887 1112 Invenit
895 1072 989 1110 enim
999 1086 1099 1122 eam,
1112 1071 1241 1123 inquit,

290 1137 453 1191 afngelus
466 1138 627 1174 Domini
637 1149 756 1187 prope
754 1136 914 1187 fontem
928 1147 1040 1185 aquoe
1053 1135 1093 1170 in
1106 1134 1241 1171 solitu·

287 1198 391 1244 dine,
415 1200 456 1234 in
476 1201 545 1235 via
566 1198 648 1236 Sur.
671 1195 864 1234 Considera
882 1194 1140 1246 benignitatem
1160 1195 1240 1233 Do-

1256 1230 1303 1255 391

816 148 1001 180 JOANMS
1037 147 1275 177 CHRYSOST.
1315 144 1524 176 ARCHIEP.
1563 137 1926 177 CONSTANT1NOP.'

1320 225 1446 272 ἡδονὴν
1466 226 1558 278 ἔχειν
1578 226 1781 278 δυνάμενοι,
1801 230 1860 266 τοῦ
1890 227 2022 266 ἔνδοθεν
2041 227 2196 278 πολέμου
2227 229 2343 268 πάντα

1321 285 1545 338 συγχέοντος,
1564 287 1623 325 καὶ
1638 287 1773 334 πολλὴν
1792 289 1827 326 ἐν
1849 289 1964 332 αὐτοῖς
1981 287 2045 334 τὴν
2060 288 2184 335 ἀηδίαν
2200 291 2344 341 ἐργαζο-

1321 346 1437 397 μένου.
1459 347 1550 385 Ἀλλ’
1574 349 1723 386 ἐνταῦθα
1750 348 1844 388 οῦδὲν
1865 353 2038 388 τοιοῦτον·
2073 348 2164 387 ἀλλὰ
2198 349 2256 387 διὰ
2282 353 2345 396 τῆς

1319 406 1449 451 οἰκείας
1474 407 1660 452 ἐπιεικείας
1677 412 1695 446 ὃ
1713 409 1935 462 πατριάρχης
1966 409 2025 448 τόν
2049 424 2088 447 τε
2112 409 2219 460 θυμὸν
2238 424 2346 448 κατε-

1319 468 1451 518 μάλαξε
1471 470 1533 515 τῆς
1564 469 1764 518 δεσποίνης,
1783 470 1843 507 καὶ
1876 469 1952 512 δοὺς
1984 471 2073 520 αὐτῇ
2105 469 2170 516 τὴν
2188 469 2343 514 ἐξουσίαν

1318 529 1458 567 ἅπασαν
1474 529 1536 577 τὴν
1553 529 1645 568 κατὰ
1663 532 1727 575 τῆς
1742 529 1950 577 παιδίσκης,
1970 529 2108 582 εἰρήνης
2122 532 2255 577 πολλῆς
2274 530 2346 569 ἐνέ-

1317 591 1449 637 πλησεν
1465 593 1586 629 ἑαυτοῦ
1604 591 1668 638 τὴν
1685 590 1809 629 οἰκίαν.
1822 591 1893 629 Καὶ
1905 590 2080 630 ἐκάκωσεν
2103 590 2225 639 αὐτὴν,
2240 591 2325 644 φησὶ
2334 622 2346 640 ,

1317 650 1419 702 Σάρα
1431 680 1440 696 ,
1460 651 1519 688 καὶ
1537 651 1672 703 ἀπέδρα
1686 650 1756 689 ἀπὸ
1770 649 1958 703 προσώπου
1978 650 2096 696 αὒτῆς.
2114 650 2264 696 Ἐπειδὴ
2278 650 2347 703 γὰρ

1317 709 1402 754 ἴσως
1417 711 1580 750 ἐκόλασεν
1602 714 1708 759 αὐτῆς
1726 711 1788 759 τὴν
1809 710 2032 764 προπέτειαν,
2049 712 2096 754 εἷς
2111 709 2222 762 φυγὴν
2243 710 2347 764 ἐτρά-

1317 787 1367 817 πη
1387 775 1408 818 ἡ
1429 772 1614 818 παιδίσκη.
1636 775 1669 811 Τ
1672 776 1804 811 οιοῦτον
1834 772 1900 824 γὰρ
1927 775 1997 810 τῶν
2023 774 2165 810 οἰκετῶν
2191 771 2231 810 τὸ
2251 772 2345 816 ἔθος·

1318 832 1456 871 ἐπειδὰν
1475 832 1524 884 μὴ
1545 832 1603 884 ἐξῇ
1630 836 1744 877 αὐτοῖς
1763 836 1812 885 τῷ
1843 832 1959 886 οἰκείῳ
1978 832 2098 884 τρόπῳ
2124 834 2345 886 κεχρῆσθαι,

1316 893 1396 931 ἀλλ’
1414 894 1629 945 ἐγκόπτηται
1649 896 1762 932 αὐτῶν
1783 893 1827 933 τὰ
1851 896 1914 940 τῆς
1935 893 2206 945 ἐπιχειρήσεως,
2222 892 2345 936 εὐθέως

1317 957 1489 1005 ἀφηνιῶσί
1515 957 1584 992 τῶν
1618 955 1810 1003 δεσποτῶν,
1834 955 1893 992 καὶ
1925 954 2011 1006 πρὸς
2041 953 2153 1006 φυγὴν
2176 957 2345 1006 ὁρμῶσιν.

1315 1015 1422 1053 Ἀλλὰ
1443 1014 1506 1068 ὅρα
1525 1015 1630 1066 πάλιν
1648 1018 1794 1054 ἐνταῦθα
1813 1016 1924 1063 πόσης
1946 1015 2112 1054 ἀπολαύει
2130 1014 2148 1036 ¹²
2161 1018 2223 1061 τῆς
2251 1015 2343 1054 ἄνω-

1317 1079 1371 1113 Οεν
1393 1078 1501 1128 ῥοπῆς
1534 1075 1595 1114 καὶ
1623 1078 1645 1122 ἡ
1675 1075 1844 1123 παιδίσκη
1859 1106 1869 1124 ,
1894 1076 1950 1114 διὰ
1975 1076 2040 1123 τὴν
2065 1077 2112 1119 εἷς
2137 1076 2194 1114 τὸν
2211 1076 2343 1115 δίκαιον

1315 1136 1433 1187 τιμήν.
1449 1136 1595 1183 Ἐπειδὴ
1615 1136 1682 1189 γὰρ
1700 1136 1881 1189 περιέφερε
1902 1138 1976 1187 μεθ’
1992 1139 2118 1183 ἑαυτῆς
2131 1139 2190 1175 τοῦ
2207 1135 2343 1175 δικαίου

1316 1197 1355 1235 τὸ
1376 1197 1538 1249 σπέρμα,
1563 1197 1620 1235 διὰ
1636 1201 1738 1236 τοῦτο
1756 1198 1814 1236 καὶ
1833 1199 1895 1243 τῆς
1919 1198 2089 1240 ὀπτασίας
2107 1196 2262 1241 ἀξιοῦται
2280 1201 2344 1244 τῆς

287 1257 392 1305 mini,
406 1257 583 1308 quomodo
595 1257 736 1295 nullum
749 1255 935 1308 despiciat,
948 1255 1011 1293 sed
1025 1255 1161 1293 etiamsi
1172 1269 1242 1293 ser-
1269 1267 1295 1296 A
1317 1258 1413 1311 παρὰ
1436 1263 1496 1296 τοῦ
1524 1259 1682 1311 ἀγγέλου.
1703 1254 1796 1311 Εῧρε
1815 1258 1884 1312 γὰρ
1911 1257 2038 1306 αὐτὴν,
2060 1259 2176 1312 φησὶν,
2197 1259 2344 1310 ἄγγελος

289 1332 355 1356 vus
371 1318 416 1356 sit
431 1319 489 1357 vel
503 1318 648 1368 ancilla,
667 1332 769 1356 suam
788 1330 870 1368 erga
888 1331 969 1354 eum
988 1316 1144 1354 declaret
1158 1331 1242 1368 pro-

290 1379 498 1429 videntiam,
520 1393 590 1417 non
613 1378 659 1416 ad
680 1377 898 1429 dignitatum
920 1376 1109 1428 respiciens
1129 1375 1239 1414 diffe-

287 1439 450 1489 rentiam,
473 1438 534 1477 sed
555 1438 601 1477 ad
623 1438 749 1476 animae
770 1437 1005 1475 affectionem.
1031 1436 1099 1473 Hic
1123 1445 1242 1474 autem

289 1513 356 1537 non
370 1498 663 1551 propterancillae
677 1498 846 1536 meritum
857 1497 1004 1548 angelus
1015 1497 1163 1547 assistit,
1178 1497 1243 1535 sed

288 1560 335 1597 ob
352 1559 628 1611 honoremjusti.
639 1560 731 1598 Nam
744 1559 835 1596 sicut
847 1558 939 1607 dixi,
953 1558 1063 1609 digna
1075 1566 1149 1595 erat
1163 1573 1241 1608 quae

288 1635 357 1658 non
374 1621 626 1672 negligeretur,
646 1634 685 1658 eo
705 1618 802 1670 quod
819 1618 926 1670 digna
946 1618 1070 1656 fuisset
1089 1632 1166 1669 quae
1185 1633 1241 1657 se-

287 1695 366 1719 men
381 1681 470 1733 justi
485 1680 690 1732 susciperet.
711 1680 747 1719 8.
764 1680 817 1717 Et
837 1687 879 1716 ut
899 1692 984 1716 eam
1004 1682 1153 1716 invenit
1172 1693 1240 1717 an-

285 1742 406 1793 gelus,
430 1742 530 1779 dixit
543 1743 578 1779 ei
593 1741 730 1792 :Agar
747 1739 899 1776 ancilla
916 1738 1034 1785 Saroe,
1054 1739 1156 1776 unde
1174 1753 1241 1777 ve-

287 1805 360 1849 nis,
372 1811 408 1840 et
423 1815 499 1853 quo
513 1802 656 1839 vadis?
674 1799 767 1839 Vide
781 1797 960 1850 quomodo
971 1807 1003 1837 et
1015 1799 1133 1850 angeli
1145 1798 1241 1838 djcta

286 1877 364 1901 eam
376 1863 410 1900 in
425 1861 633 1900 memoriam
644 1874 716 1898 suae
727 1859 939 1898 conditionis
953 1859 1135 1898 inducant.
1147 1861 1241 1898 Nam

287 1932 326 1961 ut
340 1923 562 1961 attentiorem
576 1936 653 1960 eam
673 1920 813 1967 reddat,
831 1920 950 1958 statim
965 1921 1241 1973 appellationem

286 1984 441 2022 nominis
460 1985 534 2036 ejus
554 1983 589 2021 in
610 1982 770 2020 medium
788 1978 907 2032 affert,
927 1990 960 2019 et
977 1981 1065 2019 dicit
1081 1997 1089 2018 :
1106 1981 1235 2034 Agar.

286 2046 448 2084 Solemus
463 2045 558 2083 enim
572 2043 782 2094 diligentius
791 2042 1005 2092 auscultare,
1021 2042 1163 2092 quando
1176 2057 1239 2081 no-

283 2106 443 2144 minibus
458 2105 587 2143 nostris
600 2118 784 2143 vocamur.
803 2103 942 2140 Deinde
953 2102 1057 2153 dicit,
1070 2103 1239 2142 Ancilla

282 2168 388 2205 Saroe
410 2182 420 2203 .·
442 2180 514 2216 quo
529 2163 708 2203 recordari
722 2177 800 2200 eam
810 2163 914 2214 jubet
928 2162 1080 2201 dominae
1096 2177 1181 2214 suae,
1199 2174 1240 2203 ut

283 2226 371 2265 sciat
381 2240 429 2275 se,
437 2226 519 2264 licet
532 2224 710 2277 particeps
722 2222 829 2260 fuerit
839 2222 962 2260 herilis
977 2223 1073 2266 lecti,
1084 2233 1238 2263 attamen

284 2287 467 2326 dominam
491 2299 679 2338 agnoscere
699 2284 828 2323 debere
847 2284 984 2322 saram.
1006 2284 1103 2324 Vide
1126 2285 1238 2337 igitur

283 2349 451 2400 angelum
469 2347 760 2398 interrogantem,
780 2354 821 2382 ut
842 2359 919 2382 eam
938 2344 982 2382 ad
999 2346 1237 2397 respondendi

282 2409 525 2447 necessitatem
541 2415 691 2459 cogeret.
709 2404 826 2454 Unde,
842 2405 972 2456 inquit,
991 2419 1086 2444 nune
1100 2406 1136 2444 in
1151 2407 1234 2446 soli-

281 2469 442 2507 tudinem
456 2469 548 2506 hanc
559 2466 750 2517 advenisti,
767 2475 801 2504 et
814 2479 885 2516 quo
899 2466 1107 2505 contendis?
1119 2471 1234 2520 Atque

280 2531 327 2568 ob
342 2530 411 2568 hoc
426 2530 437 2567 i
442 2544 463 2568 n
478 2529 545 2567 hac
561 2527 754 2567 solitudine
768 2535 949 2579 comparet
963 2528 1122 2579 angelus,
1139 2538 1234 2568 utne

280 2599 380 2643 putet
395 2591 551 2641 aliquem
567 2604 612 2627 ex
630 2587 841 2639 vulgaribus
857 2587 1052 2626 viatoribus
1064 2603 1145 2627 eum
1161 2604 1234 2629 esse

279 2651 340 2702 qui
356 2651 547 2703 interrogat
562 2648 735 2688 :solitudo
747 2648 842 2686 enim
855 2657 943 2697 erat,
958 2657 992 2686 et
1005 2649 1125 2687 nullus
1139 2651 1231 2690 alius

279 2711 402 2750 aderat
419 2727 426 2747 ι
443 2720 483 2748 ut
501 2710 613 2762 igitur
631 2709 720 2751 scire
739 2708 848 2761 possit
867 2722 936 2746 non
957 2723 1030 2747 esse
1046 2710 1232 2762 vulgarem

279 2772 447 2823 aliquem,
463 2771 526 2821 qui
537 2770 604 2808 sibi
618 2769 847 2820 colloquitur,
871 2778 1055 2822 eapropter
1066 2770 1102 2809 in
1115 2785 1231 2811 eremo

280 2831 456 2884 apparuit,
469 2840 501 2868 et
516 2830 712 2868 sciscitatus
726 2830 824 2868 illam
842 2839 892 2868 est
908 2846 915 2867 :
930 2832 984 2868 Et
999 2834 1125 2884 inquit
1143 2832 1204 2870 illa
1221 2849 1229 2870 :

279 2894 321 2930 A
338 2894 454 2945 facie
471 2892 576 2930 Saroe
595 2893 762 2929 dominae
782 2906 874 2929 meae
892 2905 960 2944 ego
975 2892 1099 2944 fugio.
1116 2892 1230 2932 Vides

278 2953 457 3004 quomodo
477 2967 545 2990 non
575 2961 677 3004 negat
702 2951 945 3000 dominatum,
964 2952 1027 2991 sed
1042 2953 1230 2993 confitetur

278 3029 358 3052 vere
366 3013 589 3052 omniaPNon
602 3022 666 3062 est,
682 3012 809 3063 inquit,
823 3012 929 3050 homo
940 3013 999 3064 qui
1016 3013 1222 3068 interrogat,

279 3085 316 3114 ut
329 3075 459 3127 possim
476 3073 649 3126 decipere.
666 3073 828 3111 Primum
841 3072 936 3112 dixit
950 3088 1077 3113 nomen
1094 3089 1226 3126 meum,

276 3153 308 3180 et
326 3141 480 3180 dominae
502 3154 585 3178 mcae
605 3139 861 3192 meminit:par
874 3150 923 3178 est
939 3140 1048 3193 igitur
1063 3151 1101 3180 ut
1116 3152 1148 3181 et
1162 3157 1227 3196 ego

274 3210 391 3250 omnia
413 3222 495 3247 vere
518 3208 644 3245 dicam.
665 3208 843 3259 A'facie,
869 3208 995 3259 inquit,
1019 3209 1126 3249 Sara>
1152 3213 1224 3250 do-

316 3320 331 3343 b
356 3316 508 3359 Quinque
525 3316 602 3347 Mss.
625 3323 673 3352 tf„-
690 3319 796 3356 ζλνωθεν
821 3320 966 3359 *pezolam-2

1263 2002 1286 2031 B

1316 1323 1446 1375 Κυρίου
1466 1323 1524 1361 ἐπὶ
1537 1326 1601 1369 τῆς
1618 1326 1733 1374 πηγῆς
1748 1326 1808 1361 τοῦ
1824 1321 1947 1365 ὕδατος
1967 1323 2002 1360 ἐν
2021 1325 2064 1374 τῇ
2083 1322 2224 1375 ἐρήμῳ,
2244 1324 2278 1360 ἐν
2297 1326 2341 1374 τῇ

1316 1385 1383 1436 ὁδῷ
1419 1383 1524 1436 Σούρ.
1556 1383 1689 1422 Σκόπει
1723 1382 1985 1436 φιλανθρωπίαν
2026 1383 2206 1421 Δεσπότου
2220 1413 2230 1431 ,
2267 1386 2343 1428 πῶς

1315 1444 1438 1482 οὐδένα
1467 1451 1614 1497 περιορᾷ
1627 1475 1636 1492 ,
1670 1444 1761 1483 ἀλλὰ
1796 1444 1861 1482 κᾶν
1898 1445 2034 1491 οἰκέτης
2068 1439 2110 1496 ᾗ,
2134 1444 2199 1483 κᾶν
2219 1444 2342 1484 παιδί-

1315 1521 1404 1553 σκη,
1439 1505 1538 1549 αὐτὸς
1572 1508 1607 1543 ἐν
1638 1513 1726 1544 πᾶσι
1753 1505 1816 1553 τὴν
1835 1504 1963 1544 οἰκείαν
1984 1505 2217 1544 ἐπιδείκνυται
2249 1506 2342 1560 πρό-

1313 1581 1429 1614 νοιαν,
1463 1568 1501 1604 οὐ
1528 1567 1613 1619 πρὸς
1641 1567 1705 1614 τὴν
1733 1569 1802 1605 τῶν
1830 1566 2037 1616 ἀξιωμάτων
2052 1569 2140 1618 ὁρῶν
2161 1567 2342 1620 διαφορὰν,

1314 1627 1405 1666 ἀλλὰ
1423 1628 1509 1679 πρὸς
1535 1627 1598 1674 τὴν
1617 1631 1678 1674 τῆς
1707 1631 1822 1680 ψυχῆς
1854 1627 2017 1666 διάθεσιν.
2046 1627 2221 1665 Ἐνταῦθα
2246 1627 2282 1665 δὲ
2301 1630 2341 1666 οὐ

1315 1687 1371 1725 διὰ
1390 1688 1454 1734 τὴν
1474 1691 1537 1734 τῆς
1562 1688 1749 1735 παιδίσκης
1771 1687 1867 1732 ἀξίαν
1901 1691 1919 1726 ὃ
1955 1687 2100 1738 ἄγγελος
2135 1687 2339 1740 ἐφίσταται,

1315 1749 1404 1788 ἀλλὰ
1427 1749 1485 1789 διὰ
1509 1749 1571 1797 τὴν
1601 1749 1687 1801 πρὸς
1711 1749 1768 1788 τὸν
1788 1748 1920 1788 δίκαιον
1939 1748 2058 1799 τιμήν.
2081 1749 2251 1802 Καθάπερ
2271 1750 2340 1802 γὰρ

1314 1811 1420 1863 ἔφθην
1435 1810 1557 1859 εἰπὼν,
1577 1813 1684 1862 ἐχρῆν
1701 1809 1808 1857 αὐτὴν
1818 1811 1951 1856 πολλῆς
1964 1809 2340 1862 ἀξιωθῆναιπρονοίας,

1314 1872 1370 1909 διὰ
1388 1872 1428 1910 τὸ
1446 1872 1546 1916 ἀξίαν
1580 1872 1741 1923 γενέσθαι
1769 1870 1999 1915 ὑποδέξασθαι
2032 1871 2074 1909 τὸ
2104 1874 2166 1909 τοῦ
2203 1871 2340 1911 δικαίου

1312 1932 1466 1985 σπέρμα.
1498 1932 1568 1972 Καὶ
1605 1931 1710 1984 εὑρὼν
1741 1931 1862 1980 αὐτὴν,
1883 1931 1999 1984 φησὶν,
2026 1935 2044 1970 ὃ
2069 1931 2214 1983 ἄγγελος
2244 1926 2340 1971 εἶπεν

1312 1996 1399 2044 αὐτῇ
1411 2010 1418 2017 ·
1436 1993 1548 2048 Ἅγαρ
1579 1993 1747 2041 παιδίσκη
1769 1993 1909 2045 Σάρας,
1926 1992 2029 2032 πόθεν
2047 1991 2133 2046 ἔρχῃ
2145 2021 2156 2040 ,
2186 1993 2246 2032 καὶ
2271 1997 2340 2032 ποῧ

1310 2054 1440 2107 πορεύῃ
1450 2071 1460 2103 ;
1477 2055 1576 2108 εὈρα
1594 2059 1669 2098 πῶς
1687 2054 1747 2093 καὶ
1765 2053 1813 2093 τὰ
1833 2053 1929 2108 παρὰ
1942 2057 2002 2092 τοῦ
2019 2053 2168 2106 ἀγγέλου
2183 2056 2232 2098 εἰς
2246 2054 2337 2093 ὑπό-

1312 2132 1437 2166 μνησιν
1460 2116 1568 2164 αὐτὴν
1584 2111 1648 2166 ἦγε
1673 2118 1735 2162 τ’ἧς
1756 2115 1883 2159 οἰκείας
1913 2114 2023 2159 ἀξίας.
2041 2114 2120 2154 Ἵνα
2139 2115 2207 2168 γὰρ
2227 2131 2338 2168 προσ-

1309 2177 1540 2229 εκτικωτέραν
1557 2176 1663 2223 αὐτὴν
1680 2177 1829 2229 ποιήσῃ,
1849 2176 1973 2220 εὐθέως
2003 2175 2066 2223 τὴν
2098 2176 2336 2229 προσηγορίαν

1311 2239 1416 2283 αὐτῆς
1439 2239 1485 2280 εἰς
1505 2237 1611 2288 μέσον
1631 2237 1762 2289 ἤγαγε,
1783 2236 1844 2274 καί
1865 2252 1987 2288 φησιν,
2006 2235 2129 2290 Ἅγαρ.
2148 2236 2336 2289 Εἷώθαμεν

1309 2297 1377 2350 γάρ
1393 2313 1466 2341 πως
1486 2297 1627 2342 ἐκείνοις
1656 2297 1842 2350 προσέχειν
1870 2299 2001 2348 μᾶλλον
2020 2303 2092 2340 τοῖς
2115 2297 2149 2342 ἐξ
2167 2299 2336 2349 ὀνόματος

1307 2363 1401 2408 ἡμᾶς
1420 2361 1595 2398 καλοῦσιν.
1625 2352 1717 2398 Εἶτά
1736 2375 1820 2412 φησι
1834 2390 1843 2407 ,
1863 2358 2042 2405 Παιδίσκη
2059 2359 2195 2411 Σάρας·
2212 2362 2336 2412 ὃπομι·

1309 2420 1456 2470 μνήσκει
1488 2420 1596 2468 αὐτὴν
1614 2424 1677 2467 τῆς
1708 2420 1911 2467 δεσποίνης,
1936 2419 1993 2458 ἵνα
2020 2421 2146 2458 εἰδέναι
2165 2420 2250 2473 ἔχῃ,
2279 2422 2334 2461 ὅτι

1307 2481 1372 2519 κᾶν
1390 2481 1552 2534 μυριάκις
1573 2485 1634 2528 τῆς
1654 2482 1860 2527 δεσποτικῆς
1881 2482 1980 2527 εὖνῆς
2002 2480 2241 2529 ἐκοινώνησεν,
2254 2484 2332 2521 ἀλλ’

1306 2542 1402 2593 ὅμως
1419 2543 1478 2581 καὶ
1500 2543 1659 2582 δεσπότιν
1682 2542 1811 2594 ὀφείλει
1839 2542 2089 2595 ἐπιγράφεσθαι
2111 2541 2174 2589 τὴν
2199 2543 2332 2595 Σάραν.

1305 2603 1402 2655 υΟρα
1422 2604 1535 2642 τοίνυν
1552 2603 1610 2642 τὸν
1632 2603 1775 2655 ἄγγελον
1793 2603 2062 2653 πυνθανόμενον,
2083 2605 2140 2640 ἵνα
2156 2605 2203 2646 εἰς
2219 2604 2330 2655 ἀνάγ-

1307 2680 1370 2710 κην
1390 2665 1497 2710 αὐτὴν
1517 2664 1630 2716 ἀγάγῃ
1654 2666 1717 2710 τῆς
1743 2663 1972 2716 ἀποκρίσεως.
1989 2663 2115 2712 Πόθεν,
2134 2665 2240 2716 φησὶ,
2273 2669 2330 2704 νῖν

1306 2726 1354 2767 εἷς
1371 2723 1432 2771 τὴν
1449 2724 1577 2776 ἔρημον
1597 2724 1726 2772 ταύτην
1747 2722 2007 2776 παραγέγονας,
2022 2724 2082 2762 καὶ
2108 2729 2175 2763 ποῦ
2193 2724 2256 2773 τὴν
2275 2728 2332 2778 ὁρ-

1306 2786 1374 2836 μὴν
1393 2785 1504 2837 ἔχεις,
1524 2785 1591 2824 Διὰ
1608 2791 1709 2825 τοῦτο
1737 2786 1795 2824 καὶ
1816 2787 1863 2829 εἰς
1885 2785 1990 2832 αὐτὴν
2014 2785 2078 2833 τὴν
2098 2785 2228 2838 ἔρημον
2241 2790 2329 2839 αὐτῇ

1304 2847 1470 2899 γενομένῃ
1489 2847 1648 2900 φαίνεται
1674 2850 1692 2885 ὃ
1719 2847 1882 2898 ἅγγελος,
1903 2846 1959 2885 ἵνα
1986 2846 2034 2898 μὴ
2055 2846 2179 2900 νομίσῃ
2210 2849 2331 2893 ἁπλῶς

1304 2924 1380 2947 τινα
1400 2910 1469 2945 τῶν
1483 2908 1674 2960 παριόντων
1692 2902 1778 2946 εἶναι
1801 2908 1859 2946 τὸν
1881 2907 2090 2959 πυθόμενον·
2113 2909 2242 2959 ἐρημία
2260 2910 2329 2962 γὰρ

1301 2965 1359 3017 ἦν,
1375 2970 1459 3008 2’καὶ
1483 2970 1590 3012 οὐδεὶς
1620 2969 1735 3022 ἕτερος
1762 2972 1898 3022 παρῆν·
1929 2969 1986 3007 ἵνα
2013 2963 2070 3008 οῧν
2093 2969 2219 3008 εἰδέναι
2238 2970 2303 3023 ἔχῃ
2318 3002 2327 3019 ,

1301 3031 1353 3069 ὅτι
1371 3033 1436 3083 οὐχ
1458 3031 1576 3087 ἁπλῶς
1595 3033 1688 3069 ἐστιν
1704 3034 1722 3069 ὁ
1739 3030 1873 3083 τυχὼν,
1892 3034 1910 3069 ὂ
1936 3030 2022 3083 πρὸς
2050 3030 2155 3078 αὐτὴν
2173 3031 2327 3084 διαλεγό·

1301 3108 1401 3142 μενος
1413 3122 1422 3140 ,
1454 3091 1509 3131 διὰ
1545 3095 1645 3129 τοῦτο
1665 3094 1698 3130 ἐν
1722 3095 1764 3143 τῇ
1805 3090 1927 3145 ἐρήμῳ
1964 3090 2081 3143 φανεὶς
2117 3091 2326 3130 πυνθάνεται

1300 3155 1421 3198 αὐτῆς·
1445 3153 1516 3191 Καί
1532 3169 1636 3204 φησιν
1659 3152 1791 3199 ἐκείνη·
1822 3151 1905 3190 Ἀπὸ
1923 3150 2111 3204 προσώπου
2131 3152 2250 3205 Σάρας
2263 3157 2326 3200 τῆς

1299 3213 1416 3266 κυρίας
1438 3230 1502 3263 μου
1524 3213 1592 3264 ἐγὼ
1614 3213 1871 3266 ἀποδιδράσκω.
1888 3211 1997 3265 Ὁρᾷς
2010 3214 2083 3256 πῶς
2095 3214 2154 3251 οὐκ
2167 3216 2323 3267 ἀρνεῖται

1357 3328 1370 3342 ⁸⁸
1395 3316 1447 3349 Sic
1465 3324 1589 3359 septem
1605 3316 1680 3350 Mss.
1694 3318 1734 3350 Iu
1749 3316 1849 3351 savit.
1867 3324 1898 3350 et
1912 3317 2027 3351 Moret.
2040 3324 2087 3353 καὶ
2104 3322 2194 3358 οὐδεὶς
2211 3329 2319 3366 παρῆ-ι.
