2516 3791
102 1424 169 1441 rum

103 1455 256 1482 memoria.

730 184 767 213 S.
806 180 991 212 JOANMS
1027 178 1266 209 CHRYSOST.

303 169 392 232 298

571 321 782 360 HOMILIA
811 317 968 357 XXVII.

102 455 218 487 σαμε.
235 463 286 485 20.
301 445 349 484 Et
368 444 559 484 aedificavit
584 444 659 480 No'e
676 441 786 478 altare
810 437 982 487 Domino,
1003 444 1036 473 et
1050 434 1184 487 accepit
1203 434 1249 472 de

353 506 518 545 omnibus
548 502 737 555 pecoribus
767 498 934 546 mundis,
961 506 995 535 et
1017 497 1063 535 de
1083 496 1250 535 omnibus

354 566 562 605 volucribus
590 562 754 612 mundis,
785 569 819 599 et
836 559 968 599 obtulit
1000 559 1250 597 holocaustum

354 642 461 680 super
480 626 603 664 altare.

353 749 547 790 1.Vidistis
563 748 641 787 heri
666 746 849 786 clementis
872 745 1019 784 Domini
1036 744 1248 794 bonitatem,

299 811 477 864 quomodo
493 825 538 849 ex
553 824 632 848 arca
645 811 784 862 justum
801 807 945 857 eduxit,
964 807 1010 845 ab
1021 807 1097 859 ejus
1110 805 1252 843 habita-

300 873 395 912 tione
412 871 594 917 liberavit‚
621 885 665 908 ex
687 870 750 907 illo
772 869 866 907 tristi
888 883 929 906 ac
948 868 1095 905 molesto
1113 880 1252 905 carcere

300 936 448 987 eripuit,
463 943 496 971 et
506 932 715 985 patientiam
726 930 823 968 illius
839 928 1092 976 remuneravit,
1105 927 1227 965 dicens
1243 943 1251 963 ε

301 996 471 1034 Crescite
500 1002 537 1030 et
565 992 892 1043 multiplicamini.
926 989 1115 1026 Discamus
1146 987 1255 1025 hodie

300 1069 409 1105 quam
434 1053 651 1100 benevolus,
679 1060 713 1089 et
733 1064 842 1102 quam
870 1059 978 1101 gratae
997 1049 1125 1087 animae
1147 1049 1254 1086 tuerit

300 1118 392 1162 Noe,
421 1114 517 1153 unde
535 1114 610 1166 ipse
640 1113 753 1151 multo
783 1111 985 1149 uberiorem
1017 1110 1084 1148 Dei
1113 1123 1196 1162 erga
1220 1124 1256 1148 se

299 1176 585 1215 benevolentiam
600 1175 668 1212 sihi
684 1172 940 1212 conciliaverit.
954 1173 1045 1210 Nam
1058 1172 1145 1209 solet
1158 1173 1256 1209 Deus

305 1252 388 1275 eum
413 1237 569 1287 aliquem
586 1235 687 1274 videt
702 1234 764 1285 qui
784 1242 906 1285 gratus
924 1232 969 1270 sit
987 1232 1032 1270 de
1056 1232 1253 1285 prioribus,

305 1298 441 1349 largius
456 1307 489 1336 et
505 1297 724 1335 cumulatius
743 1310 804 1333 sua
824 1295 917 1333 dona
934 1295 969 1332 in
986 1294 1090 1332 illum
1109 1294 1257 1346 profun-

1274 820 1296 849 Β

123 1372 290 1406 Beneficgo-
307 1359 401 1397 dere.
419 1361 554 1397 Demus
570 1358 679 1409 igitur
696 1366 728 1394 et
743 1371 805 1394 nos
822 1369 987 1407 operam,
1005 1364 1045 1392 ut
1061 1355 1259 1406 gratiarum

238 1413 293 1440 Dei

307 1420 461 1458 actiones
479 1433 546 1472 pro
565 1418 664 1457 virili
688 1416 844 1455 Domino
864 1417 1054 1454 offeramus
1072 1430 1138 1468 pro
1157 1415 1261 1453 donis

309 1496 386 1532 quae
402 1481 448 1518 ab
462 1495 502 1518 eo
515 1480 655 1532 pridem
672 1478 773 1517 nobis
794 1477 948 1530 praestita
967 1487 1064 1527 sunt,
1081 1485 1119 1514 ut
1134 1486 1167 1515 et
1186 1491 1262 1514 ma-

303 1545 383 1596 jora
399 1542 480 1580 inde
501 1555 780 1592 consequamur,
805 1549 839 1577 et
853 1553 1049 1590 numquam
1065 1538 1260 1576 oblivisca-
1282 1551 1306 1582 C

307 1619 390 1642 mur
409 1604 476 1642 Dei
494 1603 665 1641 beneficia
689 1602 723 1639 in
741 1615 802 1639 nos
816 1601 944 1639 collata
954 1630 976 1651 ,.
989 1599 1052 1638 sed
1068 1614 1206 1652 semper
1222 1614 1262 1637 ea

307 1666 343 1703 iu
358 1674 475 1703 mente
490 1673 608 1701 nostra
629 1677 822 1713 versemus,
839 1671 878 1699 ut
891 1662 937 1700 ad
954 1661 1162 1699 continuam
1181 1675 1262 1713 gra-

307 1726 441 1763 tiarum
459 1724 635 1762 actionem
651 1738 775 1762 eorum
790 1723 960 1761 memoria
980 1722 1262 1774 compellamur,

307 1786 447 1824 tametsi
471 1794 522 1823 tot
539 1785 622 1831 sint,
645 1794 684 1822 ut
700 1797 799 1821 mens
818 1793 938 1821 nostra
954 1797 1023 1820 uon
1044 1783 1202 1822 sufficiat
1213 1782 1261 1821 ad

309 1846 685 1900 comprehendendum
717 1854 752 1883 et
784 1843 1065 1883 enumerandum
1094 1857 1262 1895 magnam

309 1923 388 1959 quse
410 1908 513 1946 nobis
535 1907 684 1959 contigit
711 1921 756 1944 ex
787 1907 865 1958 ejus
895 1904 1073 1943 liberalite
1107 1905 1259 1957 copiam.

310 1970 501 2016 Quomodo
530 1969 626 2007 enim
652 1968 732 2019 quis
754 1968 909 2019 cogitare
928 1975 1045 2019 posset
1067 1980 1106 2004 ea
1132 1981 1211 2017 quae
1228 1966 1264 2004 in

310 2046 373 2069 nos
388 2032 464 2084 jam
491 2039 574 2068 sunt
593 2030 737 2077 collata,
760 2043 839 2080 quae
855 2028 939 2065 item
959 2027 1156 2079 promissa,
1187 2040 1265 2077 quae

310 2101 345 2130 et
368 2091 528 2142 quotidie
544 2091 776 2129 conferuntur
797 2105 804 2125 ε
824 2088 919 2140 quod
935 2103 981 2126 ex
995 2087 1110 2125 nihilo
1129 2087 1265 2139 produ-

311 2153 405 2190 xerit
425 2161 464 2189 ut
483 2164 637 2189 essemus
650 2181 661 2199 ,
683 2149 781 2201 quod
795 2163 922 2200 eorpus
936 2157 969 2186 et
989 2148 1145 2186 animam
1158 2147 1265 2186 ‹lede-

312 2213 374 2261 rit,
396 2212 494 2264 quod
509 2211 697 2250 rationales
714 2225 776 2248 nos
793 2210 1013 2258 formaverit,
1035 2209 1130 2259 quod
1150 2223 1265 2247 aerem
1286 2224 1310 2253 Ι)

313 2273 538 2327 respirationi
552 2272 779 2318 concesserit,
797 2270 894 2322 quod
909 2279 1106 2308 creaturam
1125 2284 1267 2307 omnem

313 2345 459 2388 propter
477 2335 674 2372 humanum
696 2346 805 2384 genus
822 2331 1031 2383 produxerit
1046 2361 1055 2378 ,
1080 2330 1177 2381 quod
1194 2331 1268 2382 ipse

314 2397 460 2448 quidem
481 2396 527 2434 ab
546 2395 646 2433 initio
665 2394 819 2432 voluerit
839 2393 1018 2431 hominem
1049 2392 1084 2430 in
1104 2392 1269 2444 paradiso

315 2459 429 2496 vitam
457 2472 559 2510 agere
577 2457 664 2494 citra
685 2469 824 2493 omnem
849 2454 1006 2492 dolorem
1028 2463 1061 2491 et
1085 2454 1267 2503 laborem,

315 2529 349 2557 et
380 2519 470 2557 nihil
489 2519 607 2556 minus
627 2518 818 2555 habentem
846 2516 979 2567 angelis
999 2524 1033 2553 et
1054 2515 1268 2568 incorporeis

318 2581 392 2618 illis
413 2580 625 2628 virtutibus,
658 2578 865 2616 existentem
886 2577 920 2614 in
944 2591 1113 2628 corpore,
1144 2577 1207 2615 sed
1235 2587 1269 2615 et

319 2641 566 2693 corporalibus
617 2637 884 2677 necessitatibus
929 2652 997 2675 non
1038 2638 1234 2675 obnoxium
1251 2639 1268 2675 ἶ)

320 2701 459 2739 Deinde
478 2700 621 2752 quando
637 2700 683 2738 ob
699 2698 950 2750 negligentiam
967 2698 1173 2750 deceptione
1191 2699 1270 2737 ‹lia-

323 2763 439 2800 bolica
467 2777 530 2814 per
556 2770 752 2813 serpentem
781 2760 887 2797 allata
915 2760 1164 2811 supplantatus
1187 2761 1267 2807 fuit,

321 2837 434 2874 neque
450 2824 499 2860 sic
517 2822 652 2859 destitit
672 2819 936 2873 praevaricatori
960 2820 1162 2857 benefacere
1183 2836 1190 2856 :
1212 2820 1272 2857 sed

321 2894 355 2922 et
373 2898 434 2936 per
454 2883 515 2920 illa
536 2883 623 2934 ipsa,
643 2896 705 2933 per
722 2895 799 2931 quae
815 2881 989 2932 punierat,
1011 2881 1100 2918 sicut
1115 2881 1189 2918 heri
1209 2880 1270 2917 di-

325 2945 458 2990 ximus,
477 2945 704 2982 excellentem
722 2957 821 2980 suam
842 2942 1099 2980 humanitatem
1114 2942 1273 2979 declara-

324 3007 387 3054 vit,
404 3015 510 3056 atque
529 3005 658 3042 multas
676 3005 764 3041 alias
785 3004 1057 3053 innumerasque
1076 3003 1270 3041 beneficio-

326 3082 404 3105 rum
444 3067 576 3119 spccies
612 3066 646 3103 in
685 3066 788 3102 illum
829 3064 1028 3102 collocavit.
1072 3063 1119 3101 Et
1152 3073 1271 3116 postea

325 3127 535 3181 procedente
558 3137 716 3179 tempore
738 3136 772 3164 et
799 3135 972 3164 crescente
997 3139 1143 3175 genere,
1169 3140 1209 3163 ac
1238 3125 1272 3162 in

324 3204 464 3227 omnem
484 3188 657 3226 malitiam
673 3196 850 3237 vergente,
871 3186 953 3237 quia
968 3186 1113 3223 videbat
1134 3186 1274 3223 incura-

325 3251 413 3289 bilia
441 3265 514 3288 esse
546 3250 716 3294 vulnera,
741 3247 903 3298 nequitiae
930 3256 1152 3299 operatores,
1174 3247 1273 3297 quasi

328 3315 538 3350 fermentum
555 3310 734 3361 quoddam
754 3310 888 3347 mulum
907 3308 1054 3358 delevit,
1076 3308 1199 3346 relicto
1215 3308 1274 3359 ju·

329 3383 380 3412 sto
400 3374 462 3412 illo
477 3373 538 3424 qui
554 3372 656 3411 radix
669 3380 702 3409 et
721 3371 820 3421 origo
836 3371 933 3408 fieret
953 3369 1090 3420 geum-is
1108 3369 1269 3407 luunuui.

1308 176 1496 206 ARCHIEP
1506 196 1514 204 .
1554 174 1891 207 CONSTANRNOP
1901 197 1908 205 .

1689 313 1868 351 ΟΜΙΛΙΑ
1890 312 1953 357 κζ’.

1321 433 1392 471 Καὶ
1419 434 1624 486 ᾠκοδόμησε
1652 435 1734 472 Νῶε
1762 433 2006 486 θυσιαστήριον
2033 436 2083 486 τῷ
2112 435 2250 488 Κυρίῳ,
2281 437 2340 473 καὶ

1373 495 1494 533 ἔλαὸεν
1513 494 1581 533 ἀπὸ
1600 495 1741 533 πάντων
1762 497 1830 532 τῶν
1847 498 1983 542 κτηνῶν
2001 499 2069 534 τῶν
2087 500 2265 550 καθαρῶν,
2282 497 2342 533 καὶ

1374 556 1443 594 ἀπὸ
1475 555 1614 593 πάντων
1649 558 1718 593 τῶν
1747 559 1914 594 πετεινῶν
1945 559 2127 609 καθαρῶν,
2159 558 2219 595 καὶ
2256 557 2346 602 ἀνή-

1373 635 1491 669 νεγκεν
1512 617 1753 670 ὃλοκάρπωσιν
1770 620 1817 662 εἰς
1836 618 1875 656 τὸ
1887 618 2142 670 θυσιαστήριον.

1377 744 1498 782 Etr-3212
1512 743 1592 796 χθὲς
1607 746 1667 782 τοῦ
1687 742 1931 796 φιλανθρώπου
1950 743 2129 781 Δεσπότου
2142 742 2205 789 τὴν
2220 743 2346 793 ἀγαθό-

1321 821 1424 852 τητα,
1435 804 1530 848 ὅπως
1546 804 1603 842 τὸν
1623 804 1755 843 δίκαιον
1767 804 1933 856 ἐξήγαγεν
1946 806 1985 842 ἐκ
1998 806 2061 849 τῆς
2075 804 2239 849 κιὸωτοῦ,
2252 806 2347 843 ἐλευ-

1324 864 1478 917 θερώσας
1505 865 1564 903 καὶ
1583 868 1645 911 τῆς
1673 866 1745 903 ἐκεῖ
1770 865 1965 917 διαγωγῆς,
1987 865 2048 903 καὶ
2069 864 2269 909 ἀπαλλάξας
2287 869 2347 904 τοῦ

1324 929 1480 979 χαλεποῦ
1494 925 1624 964 ἐκείνου
1639 926 1697 964 καὶ
1714 925 1808 970 ξένου
1823 926 2064 978 δεσμωτηρίου
2075 957 2085 974 ,
2105 926 2165 964 καὶ
2179 930 2242 973 τῆς
2261 929 2347 965 ὑπο-

1327 990 1434 1037 μονῆς
1450 989 1547 1038 αὐτῷ
1554 986 1615 1029 τὰς
1629 986 1776 1037 ἀμοιῦὰς
1789 987 2006 1025 ἀποδέδωκεν
2017 987 2123 1025 εἰπών
2135 1003 2142 1010 ·
2154 987 2349 1031 Αὗξάνεσθε

1326 1048 1386 1085 καὶ
1405 1047 1632 1094 πληθύνεσθε.
1660 1047 1839 1097 Μάθωμεν
1866 1048 2016 1099 σήμερον
2032 1052 2091 1086 τοῦ
2108 1050 2189 1086 Νῶε
2207 1048 2270 1095 τὴν
2291 1050 2348 1086 εὖ·

1327 1108 1553 1161 γνωμοσύνην
1567 1140 1576 1157 ,
1591 1108 1650 1147 καὶ
1667 1108 1730 1155 τὴν
1751 1108 1954 1160 εὐχάριστον
1974 1107 2104 1160 ψυχὴν,
2124 1109 2167 1145 δι’
2187 1103 2228 1154 ἧς
2245 1110 2350 1146 πάλιν

1327 1170 1471 1208 πλείονα
1490 1170 1548 1208 καὶ
1567 1172 1686 1223 πολλῷ
1705 1170 1844 1221 μείζονα
1860 1169 2086 1214 ἐξεκαλέσατο
2107 1174 2166 1208 τοῦ
2181 1172 2273 1208 Θεοῦ
2289 1169 2351 1216 τὴν

1329 1232 1409 1284 περὶ
1429 1231 1529 1270 αὐτὸν
1553 1232 1700 1270 εὔνοιαν.
1733 1232 1800 1270 Καὶ
1825 1231 1892 1283 γὰρ
1913 1235 2064 1274 τοιοῦτος
2087 1234 2105 1269 ὁ
2123 1231 2232 1275 Θεός·
2259 1232 2353 1269 ἐπει-

1331 1291 1392 1330 δὰν
1409 1293 1464 1343 ἴδῃ
1485 1292 1542 1330 ἐπὶ
1565 1299 1635 1337 τοῖς
1661 1292 1832 1345 φθάσασιν
1854 1291 2070 1343 εὐγνώμονας
2087 1292 2354 1343 γεγενημένους,

1333 1354 1614 1406 ἐπιδαψιλεύεται
1632 1353 1694 1397 τὰς
1722 1357 1804 1407 παρ’
1827 1356 1949 1391 ἑαυτοῦ
1971 1353 2112 1407 δωρεάς.
2139 1353 2352 1397 Σπουδάζω-

1334 1431 1396 1466 μεν
1413 1414 1524 1453 τοίνυν
1549 1415 1608 1453 καὶ
1632 1418 1733 1466 ἡμεῖς
1762 1414 1824 1461 τὴν
1853 1414 1942 1452 κατὰ
1965 1414 2108 1465 δύναμιν
2132 1414 2354 1467 εὐχαριστίαν

1333 1476 1514 1529 ἀναφέρειν
1541 1479 1591 1528 τῷ
1618 1476 1780 1527 Δεσπότῃ
1803 1475 1891 1528 ὑπὲρ
1917 1478 1986 1513 τῶν
2016 1475 2242 1527 ὑπαρξάντων
2271 1479 2356 1526 ’ἡμῖν

1332 1540 1416 1589 παρ’
1438 1539 1541 1575 αὐτοῦ
1559 1538 1696 1587 ἀγαθῶν
1709 1568 1719 1585 ,
1736 1536 1793 1574 ἵνα
1810 1536 1869 1574 καὶ
1886 1536 2050 1586 μειζόνων
2068 1536 2282 1586 ἀξιωθῶμεν,
2297 1536 2356 1573 καὶ

1334 1599 1508 1649 μηδέποτε
1528 1597 1838 1649 ἐπιλανθανώμεθα
1861 1599 1929 1635 τῶν
1948 1596 2046 1648 παρὰ
2065 1600 2124 1635 τοῦ
2148 1599 2240 1636 Θεοῦ
2264 1599 2357 1648 εὔερ-

1332 1664 1459 1711 γεσιῶν
1479 1663 1526 1704 εἷς
1541 1663 1635 1710 ἡμᾶς
1662 1658 1914 1710 γεγενημένων,
1935 1659 2025 1697 ἀλλὰ
2054 1658 2108 1696 ἀεὶ
2127 1661 2237 1696 ταῦτα
2257 1659 2357 1710 στρέ-

1333 1737 1451 1773 φωμεν
1481 1721 1538 1759 ἐπὶ
1565 1723 1628 1766 τῆς
1655 1720 1808 1764 διανοίας
1828 1722 1890 1766 τῆς
1911 1719 2104 1771 ἡμετέρας,
2123 1719 2179 1757 ἵνα
2204 1719 2270 1757 ὑπὸ
2295 1723 2358 1765 τῆς

1334 1784 1474 1834 μνήμης
1492 1781 1743 1833 συνωθούμενοι
1761 1783 1902 1827 διηνεκῆ
1921 1780 1985 1827 τὴν
2005 1780 2227 1832 εὐχαριστίαν
2244 1779 2354 1818 ποιώ-

1335 1848 1435 1896 μεθα,
1459 1846 1487 1882 εἷ
1508 1844 1566 1881 καὶ
1584 1846 1751 1882 τοσαῦται
1768 1843 1808 1880 τὸ
1826 1842 1960 1889 arx-7206<
1990 1844 2096 1889 εἰσιν,
2117 1845 2163 1885 ὡς
2184 1841 2272 1892 μηδὲ
2294 1843 2358 1894 ἀρ-

1334 1912 1406 1945 κεῖν
1429 1906 1487 1943 τὸν
1514 1903 1681 1956 λογισμὸν
1709 1904 1766 1942 τὸν
1787 1903 1956 1955 ἡμέτερον
1975 1902 2276 1954 ἐξαριθμήσασθαι
2295 1903 2359 1949 τὴν

1335 1971 1384 2012 εἷς
1410 1971 1504 2017 ’ἡμᾶς
1523 1965 1723 2019 φιλοτιμίαν
1752 1966 1853 2003 αὐτοῦ
1883 1964 2129 2015 γεγενημένην.
2152 1964 2199 2002 Τί
2223 1963 2360 2015 γὰρ,ἄν

1335 2044 1387 2071 τις
1405 2026 1585 2077 λογίσαιτο
1608 2024 1652 2063 τὰ
1668 2024 1735 2071 ἤδη
1752 2026 1798 2067 εἷς
1816 2027 1910 2074 ἡμᾶς
1928 2023 2161 2075 γεγενημένα,
2181 2022 2224 2061 τὰ
2245 2026 2359 2074 ἐπηγ-

1335 2088 1486 2139 γελμένα
1499 2117 1507 2133 ,
1530 2086 1575 2124 τὰ
1600 2088 1676 2124 καθ’
1697 2085 1848 2131 ἑκάστην
1867 2084 2002 2134 ἡμέραν
2023 2083 2189 2135 γινόμενα
2205 2100 2213 2107 ·
2238 2083 2292 2122 ὅτι
2322 2085 2362 2121 ἐκ

1335 2153 1395 2188 τοῦ
1417 2149 1464 2200 μὴ
1491 2149 1585 2192 ὄντος
1604 2150 1650 2191 εἷς
1669 2147 1708 2185 τὸ
1734 2141 1822 2185 εἶναι
1847 2146 2071 2197 παρήγαγεν,
2088 2145 2142 2182 ὅτι
2167 2145 2228 2182 καὶ
2256 2148 2360 2195 σῶμα

1336 2210 1396 2249 καὶ
1414 2210 1529 2262 ψυχὴν
1557 2208 1767 2262 ἐχαρίσατο,
1787 2207 1839 2246 ὅτι
1868 2206 2028 2258 λογικοὺς
2053 2210 2148 2256 ἡμᾶς
2172 2207 2361 2258 ἐδημιούρ-

1337 2287 1462 2322 γησεν,
1478 2270 1531 2309 ὅτι
1549 2271 1606 2308 τὸν
1627 2269 1713 2321 ἀέρα
1738 2274 1856 2308 τοῦτον
1883 2271 2046 2306 ἀναπνεῖν
2075 2267 2282 2320 ἐχαρίσατο,
2308 2267 2363 2304 ὅτι

1337 2332 1400 2379 τὴν
1421 2332 1539 2370 ’κτίσιν
1567 2332 1707 2369 ἅπασαν
1734 2329 1790 2368 διὰ
1808 2329 1870 2376 τὴν
1897 2328 2115 2382 ἀνθρωπίνην
2132 2328 2232 2379 φύσιν
2250 2328 2362 2380 παρή-

1338 2408 1461 2443 γαγεν,
1478 2392 1532 2429 ὅτι
1549 2392 1649 2436 αὐτὸς
1671 2390 1732 2442 μὲν
1753 2390 1926 2435 ἑδουλῆθη
1949 2392 1988 2427 ἐκ
2014 2389 2207 2442 προοιμίων
2224 2391 2286 2434 τῆς
2304 2392 2364 2426 τοῦ

1338 2453 1549 2505 παραδείσου
1568 2452 1700 2499 διαίτης
1711 2452 1898 2490 ἀπολαύειν
1914 2451 1971 2489 τὸν
1991 2451 2184 2502 ἄνθρωπον,
2200 2449 2259 2487 καὶ
2275 2448 2364 2487 ἀνώ-

1340 2518 1436 2554 δυνον
1459 2513 1531 2566 βίον
1551 2514 1643 2566 ἔχειν
1658 2545 1666 2561 ,
1683 2514 1743 2551 καὶ
1775 2512 1905 2565 μόχθου
1932 2512 2060 2555 παντὸς
2079 2510 2364 2561 ἀπηλλαγμένον,

1339 2577 1399 2615 καὶ
1419 2576 1526 2626 μηδὲν
1555 2575 1697 2613 ἔλαττον
1708 2574 1811 2626 ,ἔχειν
1829 2577 1898 2612 τῶν
1919 2573 2075 2625 ἀγγέλων
2095 2572 2154 2610 καὶ
2174 2575 2243 2609 τῶν
2266 2572 2362 2609 ἀσω-

1342 2638 1461 2689 μάτων
1495 2636 1635 2674 ἐκείνων
1671 2636 1850 2684 δυνάμεων
1887 2636 1922 2672 ἐν
1955 2634 2093 2685 σώματι
2130 2633 2364 2685 τυγχάνοντα,

1342 2699 1432 2736 ἀλλὰ
1454 2697 1513 2734 καὶ
1540 2696 1711 2748 ἀνώτερον
1735 2690 1823 2733 εἶναι
1850 2698 1918 2732 τῶν
1945 2696 2155 2744 σωματικῶν
2185 2696 2367 2745 ἀναγκῶν;

1343 2752 1432 2796 Εἶτα
1451 2757 1570 2803 ἐπειδὴ
1591 2757 1648 2795 διὰ
1666 2756 1834 2808 ῥᾳθυμίαν
1851 2756 1990 2807 ὑπήχθη
2011 2758 2054 2806 τῇ
2073 2754 2191 2805 ἀπάτῃ
2215 2758 2273 2792 τοῦ
2294 2755 2367 2792 δια-

1342 2820 1444 2859 δόλου
1462 2823 1503 2870 τῇ
1534 2819 1589 2856 διὰ
1606 2822 1664 2857 τοῦ
1686 2819 1794 2870 ὄφεως
1820 2816 2081 2869 προσαχθείσῃ,
2097 2815 2172 2854 οὐδὲ
2188 2815 2276 2853 οὕτω
2296 2815 2366 2853 διέ-

1341 2882 1420 2918 λιπε
1445 2880 1501 2917 τὸν
1524 2879 1774 2929 ἡμαρτηκότα,
1796 2878 1853 2916 τὸν
1869 2877 2143 2930 παραξεῧηκότα
2163 2877 2368 2928 εὐεργετῶν,

1344 2942 1432 2979 ἀλλὰ
1452 2942 1510 2978 καί
1530 2941 1572 2978 δι’
1591 2934 1637 2978 ὧν
1662 2940 1925 2991 ἐτιμωρήσατο,
1945 2939 2102 2989 καθάπερ
2121 2937 2178 2975 καὶ
2194 2937 2274 2989 χθὲς
2293 2937 2368 2975 ἐλέ-

1343 3018 1449 3054 γομεν
1461 3032 1469 3047 ,
1486 3005 1546 3048 τῆς
1568 3001 1695 3045 οἰκείας
1712 3000 1972 3053 φιλανίρωπιάς
1988 2999 2050 3046 τὴν
2070 2998 2262 3051 ὓπερὸολὴν
2284 2999 2367 3035 ἐπε-

1345 3063 1499 3111 δείξατο,
1515 3063 1573 3100 καὶ
1590 3062 1703 3101 πολλὰ
1719 3061 1820 3115 ἕτερα
1841 3061 1898 3098 καὶ
1923 3059 2142 3111 ἀναρίθμητα
2163 3060 2366 3111 εὐεργεσιῶν

1346 3124 1418 3171 εἴδη
1439 3127 1485 3167 εἷς
1508 3124 1610 3162 αὐτὸν
1636 3122 1810 3161 κατέθετο.
1828 3122 1898 3160 Καὶ
1924 3122 2043 3159 λοιπὸν
2062 3124 2120 3158 τοῦ
2140 3119 2264 3173 χρόνου
2284 3134 2365 3171 προ-

1345 3186 1474 3230 ϊόντος,
1495 3186 1553 3223 καὶ
1579 3190 1637 3223 τοῦ
1655 3185 1771 3235 γένους
1799 3182 2048 3234 αὐξανομένου,
2077 3182 2136 3220 καὶ
2165 3183 2210 3224 εἷς
2242 3181 2367 3218 κακίαν

1348 3248 1596 3289 ἀποκλίναντος
1608 3277 1617 3291 ,
1638 3245 1757 3292 ἐπειδὴ
1776 3245 1867 3297 ἑώρα
1885 3245 2010 3282 ἀνίατα
2025 3243 2190 3294 γινόμενα
2209 3242 2251 3279 τὰ
2266 3242 2369 3293 τραύ-

1349 3325 1455 3357 ματα,
1478 3308 1634 3361 καθάπερ
1650 3308 1759 3357 ζύμην
1776 3306 1853 3344 τινὰ
1877 3305 2052 3357 πονηρὰν,
2070 3304 2149 3348 τοὺς
2165 3306 2227 3349 τῆς
2246 3303 2370 3345 κακίας

1349 3369 1494 3420 ἐργάτας
1525 3369 1687 3419 ἠφάνισε,
1723 3367 1926 3406 καταλιπιῖνι
1966 3367 2022 3404 τὸν
2067 3366 2198 3404 δίκαιον
2232 3368 2369 3409 τοῦτον,
