2433 3775
46 2202 151 2229 Omnia
169 2211 232 2238 pro-

48 2249 112 2279 pter
139 2243 236 2270 homi-

48 2295 112 2312 uem
127 2290 232 2313 creata.

263 187 324 232 56
671 205 709 234 s.

261 293 329 334 ret,
353 284 551 323 sufficiente
567 285 652 324 luna
674 301 737 325 suo
765 287 898 325 lumine
916 287 963 326 ad
984 285 1212 325 illustrandas

262 344 375 383 noctis
395 345 555 384 tenebras
574 362 581 381 ε
602 361 726 385 verum
754 348 924 386 elementa
943 360 1092 398 quaeque
1120 347 1212 383 intra

261 419 344 443 suos
362 407 531 445 terminos
551 417 705 457 manent,
724 417 757 445 et
775 422 970 458 numquam
986 421 1088 445 suam
1107 420 1208 444 men·
1231 435 1260 460 {16

261 480 382 504 suram
415 467 724 519 transgrediuntur
745 483 752 503 :
784 467 844 505 sed
876 466 1143 518 dispositionem
1177 475 1211 503 et
1235 471 1258 499 A

261 527 420 566 ordinem
441 528 585 566 Domini
613 526 831 574 custodiunt,
849 540 1024 577 suumque
1039 540 1129 579 opus
1151 527 1210 564 fa-

261 588 370 627 ciunt.
387 587 478 634 Quis
505 597 623 625 autem
649 587 718 624 alia
737 586 855 624 omnia
880 587 1110 637 enarraverit,
1132 600 1210 638 quae

261 648 389 686 horum
416 647 649 685 luminarium
667 656 700 684 et
728 646 911 685 stellarum
936 660 1022 686 usus
1054 647 1210 685 humano

260 708 378 759 generi
394 708 551 745 confert?
572 708 657 746 Sint
686 707 795 758 enim,
816 708 948 759 inquit,
967 711 1008 746 in
1023 711 1150 760 signa,
1175 717 1211 747 et

260 772 299 805 in
321 778 505 820 tempora,
523 777 560 806 et
575 771 616 806 in
631 770 726 816 dies,
751 778 787 807 et
803 773 844 806 in
866 783 1002 808 annos.
1018 769 1116 815 Quid
1131 770 1211 808 est?

258 833 306 868 In
325 833 452 883 signa,
473 840 509 869 et
525 834 566 868 in
587 840 771 883 tempora,
791 841 827 869 et
842 834 883 869 in
899 833 993 881 dies,
1017 841 1054 870 et
1073 835 1117 869 in
1136 846 1208 870 αη-

260 905 328 930 nos
342 896 359 928 Ρ
380 893 515 930 Docere
532 905 594 930 nos
619 892 699 930 vult
714 892 837 930 divina
858 893 1057 946 Scriptura,
1082 893 1210 932 horum

259 966 402 990 cursum
424 953 606 1003 scientiam
624 952 726 990 nobis
743 961 943 1004 temporum
963 954 1134 1002 conferre,
1155 954 1210 991 vi-

257 1013 483 1051 cissitudines
511 1013 811 1062 conversionum,
835 1026 1023 1052 numerum
1051 1013 1206 1062 dierum,

256 1074 340 1112 anni
351 1074 568 1112 curriculum
588 1091 595 1110 z
615 1083 648 1112 et
668 1089 713 1111 ex
726 1074 784 1111 his
799 1087 989 1125 possumus
1005 1073 1211 1125 dignoscere

257 1135 388 1172 omnia.
409 1134 552 1172 Etenim
584 1135 799 1186 gubernator
828 1133 873 1171 ad
904 1133 1034 1171 horum
1065 1148 1210 1172 cursum

256 1205 437 1247 spectans,
457 1205 491 1234 et
522 1196 557 1234 in
589 1197 715 1234 caelum
743 1196 899 1234 intentus
908 1225 920 1246 ,
950 1195 1210 1248 diligenterque

255 1256 394 1295 discens
415 1257 532 1294 omnia
548 1257 740 1308 ,navigare
758 1256 883 1308 incipit
897 1286 908 1306 ,
928 1256 1042 1294 maria
1062 1257 1206 1306 transit,
1231 1264 1252 1293 Β

255 1327 287 1356 ct
306 1318 342 1355 in
359 1317 569 1356 densissima
588 1326 691 1355 nocte
702 1347 712 1365 ,
739 1317 828 1355 visis
849 1317 960 1355 stellis
977 1316 1102 1355 navim
1118 1316 1206 1355 diri-

253 1393 333 1430 gere
354 1388 387 1416 et
406 1392 469 1417 sua
493 1387 569 1416 arte
595 1378 745 1416 salutem
769 1376 1024 1429 navigantibus
1046 1377 1132 1416 dare
1150 1392 1205 1417 so-

251 1440 310 1479 let.
332 1440 393 1479 Sic
414 1449 446 1478 et
471 1439 626 1492 agricola
652 1454 698 1478 ex
716 1439 788 1478 illis
809 1439 915 1477 discit
932 1438 1075 1491 quando
1095 1454 1202 1492 opor-

252 1510 321 1539 tcat
349 1501 480 1539 semina
511 1510 612 1539 terrae
641 1500 878 1549 committere,
900 1500 1042 1551 quando
1075 1510 1204 1539 terram

251 1562 447 1614 pastinare,
482 1572 515 1600 et
545 1575 662 1610 arare,
688 1560 830 1612 quaudo
858 1561 985 1599 falcem
1013 1575 1137 1599 acuere
1167 1571 1205 1599 ut

251 1624 370 1675 fruges
386 1623 550 1661 demetat.
570 1624 649 1661 Non
665 1636 778 1674 pauca
792 1622 876 1659 vitae
889 1621 998 1674 hujus
1018 1622 1204 1661 commoda

252 1694 452 1736 temporum
484 1683 629 1722 scientia
642 1713 652 1733 ,
685 1682 828 1721 dierum
853 1696 1022 1721 numerus
1037 1711 1046 1728 ‚
1065 1692 1099 1721 et
1121 1684 1204 1721 anni

251 1745 404 1783 circulus
430 1745 583 1782 afferunt
605 1760 612 1780 :
634 1743 817 1793 multaque
845 1743 882 1781 in
911 1743 955 1781 iis
986 1742 1202 1795 deprehendi

251 1816 390 1858 possent
409 1806 455 1844 ad
471 1804 661 1844 fovendam
675 1804 869 1842 humanam
884 1804 997 1843 vitam
1012 1803 1127 1852 utilia,
1143 1818 1203 1842 ne-

247 1882 316 1919 que
334 1877 384 1906 est
403 1867 465 1918 qui
489 1876 612 1906 exacte
636 1879 814 1904 recensere
832 1865 972 1916 singula
998 1865 1109 1917 possit
1127 1881 1135 1902 :
1156 1880 1201 1904 ex

248 1928 371 1980 paucis
389 1937 506 1966 tamen
527 1935 678 1979 quantus
694 1940 817 1964 eorum
832 1925 877 1963 sit
897 1939 981 1963 usus
1001 1927 1199 1978 conjectan-
1222 1933 1245 1963 C

247 1988 334 2027 dum
358 1999 426 2038 est,
446 1998 480 2027 et
507 2003 587 2026 cum
613 1987 779 2025 admirati
800 1987 971 2025 fuerimus
1002 1996 1197 2032 creaturas,

247 2065 369 2089 earum
386 2050 518 2103 Opifex
537 2063 677 2100 quoque
697 2048 899 2085 adorandus
919 2057 951 2086 et
968 2048 1198 2087 celebrandus

249 2122 299 2150 est
309 2110 553 2163 :suspicienda
570 2109 654 2147 item
667 2108 859 2146 ineffabilis
874 2108 972 2146 illius
985 2109 1197 2160 benignitas,

250 2187 357 2225 quam
379 2186 460 2224 erga
481 2171 681 2208 humanum
706 2181 815 2221 genus
843 2168 1008 2207 exhibuit
1028 2185 1036 2206 z
1067 2170 1198 2222 quippe

250 2243 393 2287 propter
414 2233 465 2271 nil
496 2231 596 2270 aliud
622 2231 697 2269 hacc
717 2230 836 2268 omnia
865 2230 1062 2282 produxit,
1089 2245 1197 2282 quam

248 2305 392 2349 propter
419 2294 600 2333 hominem
628 2306 734 2344 quem
755 2305 825 2329 non
853 2291 966 2329 multo
990 2300 1071 2344 post
1098 2293 1198 2344 quasi

248 2370 367 2408 regem
388 2365 420 2394 et
439 2354 636 2408 principem
655 2352 820 2391 omnibus
839 2366 858 2390 a
878 2366 914 2390 se
935 2352 1086 2391 conditis
1106 2367 1198 2406 prae-

249 2420 404 2457 fecturus
422 2425 506 2455 crat.
528 2417 581 2454 Et
608 2416 727 2463 vidit,
744 2414 809 2462 ait,
832 2415 940 2451 Deus
970 2415 1074 2466 quod
1103 2423 1198 2452 esset

251 2482 404 2516 bonum.
432 2476 544 2517 Vides
563 2475 714 2527 singulis
739 2474 865 2512 diebus
892 2474 1073 2512 ostendere
1100 2474 1199 2513 divi—

250 2554 331 2578 num
361 2538 583 2591 Scripturam
599 2567 608 2585 ,
640 2538 716 2575 Deo
752 2536 890 2588 placere
925 2544 1125 2585 creaturas,
1162 2547 1200 2574 ut

249 2614 389 2638 munem
408 2606 567 2651 amputet
596 2597 812 2635 occasionem
829 2610 952 2634 eorum
968 2626 979 2646 ,
1000 2596 1059 2648 qui
1080 2610 1196 2649 repre-
1225 2608 1247 2636 Ι)

249 2660 401 2698 inuidere
420 2659 552 2697 audent
571 2673 609 2696 ea
629 2671 708 2709 quae
722 2657 768 2695 ab
784 2657 846 2695 illo
862 2666 944 2695 sunt
956 2657 1076 2695 fac-ta?
1092 2659 1200 2706 Quod

250 2723 344 2759 cuim
363 2721 470 2771 hujus
496 2719 543 2757 rei
573 2718 685 2771 gratia
714 2731 927 2770 unoquoque
945 2717 1003 2756 die
1015 2719 1199 2772 Scriptura

249 2781 372 2820 diviua
404 2781 471 2818 hoc
498 2780 695 2831 significet,
723 2793 768 2817 ex
786 2780 1031 2830 consequentia
1053 2781 1200 2824 manife-

251 2853 343 2881 stum
358 2851 422 2879 cst.
442 2841 650 2879 sufficiebat
669 2840 763 2878 enim
781 2840 827 2879 de
842 2840 1006 2879 omnibus
1031 2841 1201 2879 creaturis

251 2904 356 2942 semel
372 2902 489 2940 (licere
503 2933 511 2947 ‚
527 2903 644 2939 onmia
662 2916 894 2953 quaecumque
908 2902 1004 2952 fecit,
1019 2916 1093 2941 esse
1107 2902 1197 2941 hona

251 2964 354 3002 valde
373 2979 380 2999 ε
397 2962 458 3001 scd
476 2962 587 3000 sciens
601 2971 732 3013 quanta
749 2963 794 3001 sit
809 2963 980 3001 mentium
998 2972 1197 3002 nostrarum

294 3085 310 3108 1,
326 3084 381 3116 Sic
398 3092 511 3114 omnes
524 3089 642 3123 praeter
656 3082 784 3123 Murci.⁷
800 3082 853 3125 qui
871 3081 973 3115 habet
991 3088 1111 3117 ἕκαστον
1128 3088 1161 3116 τὸ
1176 3096 1253 3115 στι-.-

250 3145 340 3178 χεῖον,
359 3144 389 3166 et
407 3135 491 3167 infra
509 3138 667 3174 υποδαίνει,
687 3134 782 3166 male.
798 3135 888 3168 [nfra
905 3135 1041 3168 Coislin.
1059 3142 1091 3167 et
1107 3134 1162 3167 sm
1175 3134 1206 3165 il.
1228 3140 1254 3166 τί

250 3196 285 3219 ἄν
300 3203 342 3225 τις
358 3193 432 3222 εἴποι
449 3194 488 3220 τα
502 3189 594 3221 ἄλλα.

294 3251 305 3263 ³
324 3240 378 3272 Sic
394 3239 494 3272 savit.
511 3247 542 3271 ct
557 3237 651 3270 multi
669 3239 742 3269 Mss.
765 3238 877 3271 Moret.
894 3249 974 3271 vcro
991 3246 1145 3283 γινώσκειν.

298 3293 311 3315 b
330 3291 466 3324 Coislin.
493 3301 550 3324 τῶν
576 3298 690 3328 ἄστρων
710 3295 822 3328 θέσεως.
853 3290 943 3323 [nfra
963 3301 1077 3323 omncs
1103 3287 1191 3321 Editi
1220 3296 1249 3318 vt

251 3347 376 3387 aliquot
392 3345 466 3375 Mss.
487 3347 654 3384 ἐμπλέουτι.
670 3341 784 3373 Morcl.
803 3341 902 3374 habet
918 3347 1106 3384 συμπλέοντα.

296 3408 306 3420 ⁶
326 3397 377 3429 Sic
403 3394 540 3428 (imsliu.
568 3397 734 3432 ἐπεδείξατο
767 3398 815 3427 τὸν
843 3397 878 3427 δι’
914 3396 993 3428 οὐδὲν
1028 3399 1125 3437 ἕτερον
1157 3399 1251 3426 ταυτα

747 205 933 236 ,ΙΟΑΝΝῐὸ
966 203 1205 235 CHRYSOST.
1246 203 1449 233 ARCHIEP.
1489 202 1843 234 COINSTANTINOP.

1282 285 1344 330 τὴν
1367 285 1523 337 χρείαν),
1556 285 1663 328 οὕτως
1690 288 1766 325 οὐδὲ
1793 287 1888 334 ἥλιος
1922 290 1954 326 ἐν
1983 288 2081 326 νυκτὶ
2109 289 2148 326 ἂν
2180 287 2301 339 φανείη

1283 345 1390 391 ποτὲ,
1408 345 1580 397 ἀρκούσης
1599 349 1660 392 τῆς
1674 347 1819 393 σελήνης
1839 349 1896 386 ἐπὶ
1915 351 1964 400 τῷ
1992 348 2108 399 οἰκείῳ
2134 349 2221 400 φωτὶ
2237 364 2305 386 καπ-

1282 401 1455 455 ταυγοίσαι
1482 407 1544 450 τῆς
1561 406 1680 449 νυκτὸς
1696 407 1736 444 τὸ
1755 409 1904 459 ζοφῶδες
1917 424 1924 431 ·
1952 410 2027 447 ἀλλ’
2048 408 2218 447 1’ἕκαστον
2235 411 2303 445 τῶν

1284 464 1464 516 στοιχείων
1480 471 1550 509 τοῖς
1573 465 1712 510 οἰκείοις
1735 467 1827 519 ὅροις
1847 469 1997 519 ἐμμένον
2016 468 2180 507 οὐδέποτε
2197 472 2295 521 ὑπερ-

1281 525 1391 564 ἕαίνει
1410 527 1449 564 τὸ
1467 528 1591 565 οἰκεῖον
1613 526 1754 580 μέτρον,
1776 528 1866 567 ἀλλὰ
1890 529 1953 576 τὴν
1974 529 2130 574 ’διάταξιν
2151 533 2210 568 τοῦ
2232 531 2304 567 Δε-

1280 586 1407 625 σπότου
1436 586 1620 639 φυλάττον,
1650 586 1714 633 τὴν
1730 587 1860 626 οἰκείαν
1879 588 2051 641 ἐνέργειαν
2073 591 2212 641 πληροῖ.
2240 590 2305 633 Τίς

1280 647 1320 685 ἂν
1342 647 1432 686 εἴποι
1445 648 1488 686 τὰ
1511 648 1599 686 ἄλλα
1628 648 1762 695 πάντα,
1781 648 1847 686 ὅσα
1867 648 2024 687 συντελεῖ
2044 649 2129 701 πρὸς
2155 650 2218 696 τὴν
2235 653 2303 688 τῶν

1281 707 1471 760 ἀνθρώπιον
1491 708 1592 760 φύσιν
1625 713 1646 755 ἡ
1683 711 1751 746 τῶν
1780 709 1973 761 φωστῆρων
1995 710 2125 749 τούτων
2153 711 2212 749 καὶ
2236 714 2304 750 τῶν

1280 770 1434 821 ἀστέρων
1454 770 1580 823 χρεία,
1599 769 1786 808 Ἔστωσαν
1809 770 1894 824 γὰρ,
1924 772 2040 823 φησὶν,
2072 774 2119 816 εἷς
2153 779 2305 823 σημεῖα,

1280 830 1338 868 καὶ
1369 832 1416 874 εἷς
1437 830 1598 883 καιροὺς,
1615 831 1675 868 καὶ
1705 833 1753 874 εἰς
1771 830 1927 883 ἡμέρας,
1953 832 2012 870 καὶ
2035 835 2082 875 εἷς
2115 833 2303 877 ἐνιαυτούς.

1279 890 1327 929 Τί
1343 893 1448 939 ἐστιν,
1469 893 1530 935 Εἰς
1548 897 1691 942 σημεῖα,
1715 892 1774 930 καὶ
1794 895 1841 935 εἷς
1870 891 2026 945 καιροὺς,
2055 893 2115 930 καὶ
2149 895 2195 936 εἷς
2213 893 2305 943 ἡμέ-

1281 966 1359 1001 ρας,
1396 953 1455 990 καὶ
1489 955 1536 996 εἷς
1566 953 1758 1000 ἐνιαυτούς,
1789 952 1936 996 Διδάξαι
1966 956 2062 1002 ἡμᾶς
2097 953 2257 1004 βούλεται
2281 957 2302 1000 ἡ

1279 1012 1354 1049 θεία
1373 1012 1517 1065 Γραφὴ,
1537 1012 1588 1050 ὅτι
1607 1016 1624 1050 ὁ
1645 1013 1775 1051 τούτων
1809 1014 1934 1064 δρόμος
1965 1013 2027 1060 τὴν
2062 1015 2189 1065 γνῶσιν
2219 1017 2304 1065 ἡμῖν

1277 1073 1459 1124 χαρίζεται
1478 1076 1546 1111 τῶν
1561 1077 1706 1125 καιρῶν,
1722 1073 1782 1111 καὶ
1802 1077 1863 1120 τῆς
1893 1076 1960 1111 τῶν
1989 1077 2128 1126 τροπῶν
2148 1076 2298 1112 ἐναλλα-

1277 1135 1360 1183 γῆς,
1379 1134 1450 1170 τῶν
1477 1135 1618 1185 ἡμερῶν
1638 1133 1696 1171 τὸν
1717 1134 1875 1184 ἀριθμὸν,
1891 1137 1950 1171 τοῦ
1971 1136 2126 1173 ἐνιαυτοῦ
2152 1134 2209 1172 τὸν
2227 1135 2304 1187 δρό-

1279 1207 1355 1242 μον,
1373 1193 1433 1231 καὶ
1462 1195 1502 1231 ἐκ
1520 1194 1649 1231 τούτων
1681 1194 1855 1244 δυνάμεθα
1868 1194 2134 1244 ὃ’διαγινώσκειν
2152 1195 2303 1234 ἅπαντα.

1277 1255 1346 1293 Καὶ
1366 1254 1433 1306 γὰρ
1454 1259 1471 1293 ὁ
1490 1255 1704 1307 κυίῖερνήτης
1723 1255 1808 1308 πρὸς
1830 1256 1887 1293 τὸν
1908 1255 2038 1294 τούτων
2058 1255 2184 1308 δρόμον
2201 1259 2302 1308 ὁρῶν,

1275 1317 1334 1355 καὶ
1365 1316 1528 1361 ἀτενίζων
1566 1320 1611 1361 εἷς
1642 1318 1701 1355 τὸν
1733 1317 1888 1370 οὐρανὸν,
1916 1317 1977 1355 καὶ
2008 1317 2097 1368 μετὰ
2123 1318 2304 1370 ἀκριὸείας

1274 1378 1415 1416 ἅπαντα
1434 1378 1725 1428 καταμανθάνων,
1744 1378 1822 1416 τότε
1846 1381 1908 1424 τῆς
1929 1378 2107 1422 ναυτιλίας
2134 1379 2300 1426 ἅπτεται,

1273 1438 1331 1477 καὶ
1350 1439 1488 1491 πελάγη
1510 1441 1680 1491 διαπερᾷ,
1709 1440 1767 1478 καὶ
1789 1438 1958 1482 πολλάκις
1977 1440 2218 1492 ζοφερωτοίτης
2241 1441 2302 1480 οὔ-

1273 1515 1336 1546 σης
1358 1503 1419 1546 τῆς
1435 1500 1574 1548 νυκτὸς,
1597 1501 1665 1539 ἀπὸ
1683 1504 1745 1547 τῆς
1764 1499 1778 1520 ¹³
1793 1503 1862 1538 τῶν
1886 1501 2023 1552 ἄστρων
2052 1500 2198 1555 Θεωρίας
2216 1502 2303 1548 ἠδυ-

1272 1561 1358 1608 νήθη
1375 1561 1414 1599 τὸ
1446 1561 1576 1614 σκάφος
1598 1563 1733 1609 ἷθῧναι,
1760 1561 1819 1600 καὶ
1842 1561 1899 1599 διὰ
1929 1564 1991 1608 τῆς
2022 1561 2151 1605 οἰκείας
2177 1561 2303 1615 τέχνης

1272 1622 1334 1670 τὴν
1355 1622 1530 1675 σωτηρίαν
1551 1629 1620 1666 τοῖς
1642 1622 1833 1674 ἐμπλέουσι
1851 1622 2079 1676 χαρίσασθαι.
2100 1622 2172 1661 Καὶ
2195 1626 2213 1661 ὁ
2234 1640 2298 1674 γη-

1271 1683 1374 1728 πόνος
1391 1683 1426 1722 δὲ
1441 1685 1592 1723 ἐντεῦθεν
1607 1683 1821 1735 καταμαθὼν
1843 1677 1930 1731 οἶδε,
1947 1683 2031 1722 πότε
2053 1683 2114 1734 μὲν
2130 1684 2300 1735 προσήκει

1272 1744 1315 1783 τὰ
1344 1744 1530 1797 σπέρματα
1554 1745 1780 1791 καταὸαλεῖν,
1801 1744 1886 1783 πότε
1916 1744 1952 1782 δὲ
1984 1744 2048 1790 τὴν
2069 1748 2134 1795 γῆν
2165 1746 2299 1794 ἀναμο-

1270 1807 1416 1857 χλεῒὶσαι
1430 1835 1439 1853 ,
1452 1805 1511 1843 καὶ
1530 1805 1675 1859 ἄροτρον
1693 1805 1855 1851 ἑλκύσαι,
1872 1805 1932 1843 καὶ
1948 1805 2032 1844 πότε
2045 1804 2108 1852 τὴν
2126 1805 2298 1858 δρεπάνην

1271 1868 1458 1914 ἀκονῆσαι,
1479 1866 1540 1904 καὶ
1561 1866 1620 1904 τὸν
1648 1866 1784 1917 ἄμητον
1807 1869 1875 1904 τῶν
1908 1866 2122 1918 σπερμάτων
2150 1867 2300 1919 ἐργάσαν

1270 1929 1360 1964 σθαι.
1378 1925 1447 1964 Καὶ
1463 1927 1509 1969 εἷς
1528 1925 1590 1973 τὴν
1614 1930 1673 1964 τοῦ
1701 1925 1774 1977 βίου
1805 1925 1971 1964 σύστασιν
2003 1928 2064 1964 οὐκ
2082 1926 2186 1977 ὀλίγα
2214 1929 2299 1976 ἡμῖν

1269 1986 1509 2037 συμῧάλλεται
1531 1990 1553 2033 ἡ
1576 1989 1644 2024 τῶν
1673 1986 1808 2040 χρόνων
1831 1986 1982 2034 εἴδησις,
2014 1989 2032 2024 ὃ
2057 1989 2128 2025 τῶν
2157 1989 2299 2039 ἡμερῶν

1269 2047 1435 2099 ἀριθμὸς,
1463 2051 1481 2086 ὁ
1506 2051 1564 2086 τοῧ
1598 2050 1756 2086 ἐνιαυτοῦ
1785 2047 1929 2091 κύκλος·
1954 2047 2012 2085 καὶ
2035 2047 2149 2086 πολλὰ
2176 2047 2217 2085 ἄν
2247 2063 2299 2090 τις

1267 2108 1361 2160 εὕροι
1382 2109 1467 2160 πρὸς
1485 2108 1547 2154 τὴν
1570 2107 1788 2160 ἀνθρωπίνην
1812 2107 1977 2146 σύστασιν
1995 2108 2062 2145 ὑπὸ
2080 2107 2209 2146 τούτων
2228 2111 2298 2146 τῶν

1269 2169 1587 2222 δημιουργημοίτων
1619 2168 1892 2218 συντελούμενα,
1917 2169 2006 2220 ἅπερ
2031 2170 2093 2206 οὐκ
2117 2168 2157 2205 ἂν
2188 2170 2295 2214 δυνη-

1267 2230 1340 2277 θείη
1365 2246 1416 2272 τις
1445 2230 1532 2280 μετὰ
1557 2229 1736 2281 ἀκριὸείας
1764 2230 1902 2268 ἅπαντα
1931 2232 2061 2268 εἰπεῖν·
2085 2230 2136 2268 διὸ
2158 2229 2227 2282 χρὴ
2258 2233 2297 2269 ἐκ

1267 2293 1335 2329 τῶν
1360 2290 1484 2342 ὀλίγων
1503 2291 1784 2343 στοχασαμένους
1805 2290 1951 2339 εἰδέναι,
1967 2291 2030 2337 ὅση
2051 2290 2181 2328 τούτων
2202 2292 2297 2329 ἐστὶν

1267 2355 1288 2398 ἡ
1307 2351 1427 2405 χρεία,
1444 2352 1502 2390 καὶ
1523 2352 1768 2402 θαυμάσαντας
1786 2351 1829 2390 τὰ
1850 2352 2160 2403 δημιουργήματα,
2181 2367 2294 2405 προσ-

1268 2420 1380 2452 κυνεῖν
1402 2413 1460 2452 τὸν
1484 2412 1611 2451 τούτων
1628 2414 1836 2465 δημιουργὸν
1849 2443 1858 2460 ,
1876 2412 1936 2451 καὶ
1961 2416 2134 2464 ἀνυμνεῖν,
2151 2413 2210 2451 καὶ
2237 2416 2298 2452 ἐκ-

1267 2474 1482 2520 πλήττεσθαι
1513 2473 1576 2519 τὴν
1601 2473 1731 2525 ἄφατον
1762 2473 2047 2527 φιλανθρωπίαν,
2068 2474 2110 2520 ἣν
2133 2474 2213 2525 περὶ
2234 2474 2298 2520 τὴν

1267 2538 1334 2573 τῶν
1359 2535 1556 2586 ἀνθρώπων
1590 2534 1687 2586 φύσιν
1717 2534 1937 2582 ἐπεδείξατο,
1957 2535 2027 2572 εδι’
2056 2533 2152 2572 οὐδὲν
2181 2534 2296 2586 ἕτερον

1269 2600 1378 2634 ταῦτα
1399 2596 1536 2633 ἅπαντα
1556 2596 1789 2648 παραγαγὼν,
1811 2596 1923 2642 ἀλλ’ἢ
1943 2596 1999 2634 διὰ
2021 2596 2078 2633 τὸν
2096 2596 2294 2649 ἄνθρωπον,

1269 2660 1304 2697 ὃν
1328 2657 1448 2707 μέλλει
1477 2659 1550 2707 μετ’
1573 2659 1610 2694 οὐ
1643 2657 1750 2705 πολὺ,
1772 2657 1930 2709 καθάπερ
1953 2656 2030 2694 τινὰ
2063 2657 2209 2707 βασιλέα
2238 2659 2297 2696 καὶ

1270 2720 1434 2771 ἄρχοντα,
1448 2720 1590 2770 ἐφιστᾷν
1606 2724 1692 2756 πᾶσι
1710 2724 1779 2762 τοῖς
1795 2719 1853 2756 ὑπ’
1875 2719 1978 2756 αὐτοῦ
1995 2719 2294 2770 δημιουργηθεῖσι.

1271 2780 1340 2818 Καὶ
1365 2774 1451 2817 εἶδεν
1471 2781 1488 2816 ὃ
1510 2779 1618 2825 Θεὸς,
1640 2778 1743 2831 φησὶν
1756 2808 1765 2825 ,
1786 2779 1839 2816 ὃτι
1867 2778 1987 2816 καλόν.
2006 2772 2107 2823 Εἶδες
2126 2783 2199 2823 πῶς
2218 2783 2294 2818 καθ’

1270 2842 1419 2888 ἑκάστην
1447 2840 1581 2893 ἡμέραν
1601 2840 1770 2878 δείκνυσιν
1788 2843 1810 2886 ἡ
1827 2839 1903 2878 θεία
1931 2840 2054 2892 Γραφὴ
2071 2839 2086 2860 ‘¹
2099 2841 2295 2892 ἀρεσκόμε-

1268 2918 1324 2940 νον
1359 2902 1460 2940 αὐτὸν
1486 2908 1555 2944 τοῖς
1580 2901 1906 2952 δημιουργήμασιν,
1937 2899 1992 2937 ἵνα
2021 2906 2135 2939 πᾶσαν
2164 2901 2294 2954 ἐκκόψῃ

1269 2963 1429 3015 ἀφορμὴν
1451 2964 1520 2999 τῶν
1549 2963 1778 3007 ἐπισκήπτειν
1797 2961 2006 3011 τολμιῖιντιιω
2023 2967 2093 3005 τοῖς
2110 2961 2168 3000 ὑπ’
2190 2964 2294 3000 αὐτοῦ

1289 3085 1408 3114 ἅπαντα
1427 3087 1654 3126 παραγαγόντα.

1333 3133 1347 3156 ·Ι
1369 3131 1516 3165 Colum-1.
1539 3144 1621 3164 unus
1638 3138 1834 3176 ἀρεσκόμενον
1852 3134 1939 3162 αζιτόν
1957 3138 2015 3166 τοὶς
2041 3131 2112 3168 ¹⁸¹⁷·st-
2140 3122 2242 3157 Smil.
2262 3131 2292 3154 vt

1288 3184 1354 3215 ιΙιιυ
1383 3185 1457 3215 uss.
1487 3191 1681 3227 §pt-uquam
1698 3188 1747 3215 τὸν
1771 3187 1834 3215 θεὸν
1860 3184 1957 3217 αὐτοὶ,-
1983 3187 2041 3217 roi,-
2064 3182 2135 3219 ὖημ.
2169 3176 2294 3207 ssOlSiUS

1286 3236 1374 3278 apud
1391 3235 1492 3268 Savil.
1515 3234 1751 3267 restituendum
1771 3240 1865 3274 putat
1892 3237 1982 3266 αὐτοῦ
2003 3233 2150 3271 ron-8⁶31..
2176 3226 2290 3260 Murci.

1286 3294 1480 3331 ‘ipsno'gtevou
1501 3292 1597 3323 αὐτοὶ,-
1622 3301 1679 3323 τοις
1697 3289 1767 3326 Erip..
1796 3285 1870 3316 Mox
1887 3295 1941 3315 sex
1968 3284 2042 3314 Mss.
2069 3288 2102 3313 et
2124 3278 2225 3312 silvii.
2245 3284 2292 3311 ἐκ-

1287 3347 1371 3384 κόψῃ.
1402 3340 1514 3371 unsel.
1536 3345 1672 3382 ἐκιξττῃ.
1695 3336 1795 3369 Paulo
1814 3343 1885 3378 pus(
1905 3334 2000 3367 Cotb.
2022 3346 2104 3367 uuus
2130 3335 2195 3366 καθ’
2226 3335 2293 3365 ἐκώ

1288 3407 1367 3429 σταν-
