2516 3791
702 182 743 212 ΙΝ
782 183 884 212 CU'.
925 183 1003 212 ΧΙΙ.
1043 181 1203 211 CENES.

1244 181 1400 211 nomn„
1441 183 1583 212 xxxii.
2082 173 2165 216 381

126 266 275 320 ἰσχύσεις
300 265 340 304 τὸ
367 267 505 316 θαῦμα,
535 264 627 311 Γυνὴ
647 265 838 315 λάμπουσα
867 267 908 315 τῇ
936 264 1011 318 ὥρᾳ
1043 264 1141 316 ἀνδρὶ
1157 295 1205 320 ³2⁸
1220 273 1253 302 et
1269 277 1365 315 rege,
1384 273 1418 303 et
1436 273 1602 318 tyranno,
1622 273 1655 302 et
1673 265 1726 302 sic
1740 265 1878 315 insano,
1898 275 1930 303 et
1951 267 2171 307 incontinen—

127 326 323 379 Αἰγυπτίῳ,
338 326 396 364 καὶ
420 327 576 377 βασιλεῖ,
599 326 658 363 καὶ
673 326 849 378 τυράννῳ,
870 326 928 364 καὶ
948 326 1038 364 οὕτω
1057 342 1142 376 μαι-
1168 332 1193 361 Δ
1221 326 1406 364 terassecto
1417 325 1671 376 concumbens,
1688 325 1818 363 intacta
1829 326 2024 376 egreditur,
2036 339 2173 366 servata

123 387 254 439 νομένῳ
266 417 276 434 ,
294 387 353 425 καὶ
378 387 581 430 ἀκολάστως
596 387 804 438 διακειμένῳ
826 388 1142 437 συγκατακλιθείσα

122 448 294 499 ἀνέπαφος
326 447 440 499 ἐξῄει,
474 447 536 495 τὴν
566 449 694 487 οἰκείαν
727 450 952 502 σωφροσύνην
980 447 1142 500 ἀκέραιον

122 509 376 561 διατηρήσασα.
403 511 560 548 Τοιαῦτα
590 510 677 561 γὰρ,
704 511 861 562 καθάπερ
891 510 996 562 ἔφθην
1022 507 1142 554 εἰπὼν,

121 569 176 608 ἀεὶ
193 570 237 608 τὰ
257 570 354 622 παρὰ
372 574 432 608 τοῦ
453 572 545 609 Θεοῦ
564 571 836 621 οἰκονομούμενοι
848 601 857 618 ,
875 568 1060 621 Θαυμαστὰ
1082 567 1142 606 καὶ

119 632 310 684 παράδοξα.
337 632 407 669 Και
430 631 510 670 ὅταν
536 631 634 682 παρὰ
658 647 726 668 των
758 630 949 682 ἀνθρώπων
976 631 1140 680 ἀπογνω-

121 696 185 744 σθῇ
208 693 251 730 τὰ
278 693 491 744 πράγματα,
521 692 598 730 τότε
626 692 727 734 αὐτὸς
755 690 924 729 δείκνυσιν
950 692 1054 728 αὐτοῦ
1077 688 1141 735 τὴν

120 753 257 805 ἄμαχον
277 756 312 791 ἐν
331 754 442 791 ἅπασι
465 752 621 802 δύναμιν.
638 751 779 803 ”Ώσπερ
794 750 862 804 γὰρ
879 749 1078 800 θαυμαστὸν
1098 752 1140 794 ἠν

119 813 179 851 καὶ
208 813 414 865 παράδοξον,
443 813 501 851 τὸν
528 813 636 863 ἄνδρα
666 827 736 849 των
768 813 958 861 επιθυμιων
992 810 1074 848 ἰδεῖν
1106 811 1141 847 ἐν

119 875 216 925 μέσῳ
240 878 308 912 τῶν
338 873 467 926 θηρίων
497 873 636 911 ἐκείνων
664 848 910 921 κυκλούμενον,
943 871 1003 908 καὶ
1031 870 1139 921 μηδὲν

116 935 316 986 πάσχοντα,
338 933 428 972 ἀλλὰ
447 934 605 984 καθάπερ
624 931 690 971 ὑπὸ
720 931 905 985 προὸάτων
925 947 1111 983 περιστοιχ
1116 949 1140 970 ι·

115 993 269 1045 ζόμενον,
285 994 391 1039 οὕτως
408 996 508 1040 ἀσινῆ
525 996 564 1032 ἐκ
579 998 639 1032 τοῦ
653 993 784 1031 λάκκου
801 992 940 1031 ἀνιόντα.
954 1023 963 1040 ,
984 993 1044 1030 καὶ
1061 993 1140 1036 τοὺς

115 1063 205 1110 τρεῖς
227 1059 354 1100 παῖδας
376 1059 410 1095 ἐν
428 1059 477 1110 τῷ
497 1057 654 1108 καμίνῳ,
675 1055 834 1107 καθάπερ
854 1057 888 1093 ἐν
906 1056 1053 1106 λειμῶνι
1079 1056 1139 1094 καὶ

114 1119 315 1170 παραδείσῳ
345 1118 604 1170 διατρίὸοντας,
626 1117 685 1156 καὶ
715 1116 823 1168 μηδὲν
847 1117 914 1156 ὑπὸ
945 1120 1004 1155 τοῦ
1032 1116 1140 1168 πυρὸς

71 1171 77 1176 ,
116 1180 397 1231 βλαπτομένους,
418 1179 508 1218 ἀλλὰ
524 1179 682 1230 καθάπερ
703 1178 910 1232 ἀνδριάντας
923 1178 1029 1221 οὕτως
1045 1179 1135 1215 ἐκεῖ·

117 1245 173 1279 Οεν
195 1241 390 1285 ἐξελθόντας
403 1257 410 1265 ·
430 1242 488 1279 τὸν
510 1240 610 1278 αὐτὸν
635 1240 676 1287 δὴ
696 1240 823 1292 τρόπον
844 1239 1022 1290 θαυμάσαι
1042 1238 1135 1283 ἀξιον

116 1303 175 1340 καὶ
194 1303 232 1341 τὸ
247 1307 304 1340 νῦν
326 1302 480 1355 γεγονὸς,
504 1302 556 1340 ὅτι
573 1305 594 1348 ἡ
614 1306 672 1340 τοῦ
700 1301 834 1340 δικαίου
858 1301 943 1352 γυνὴ
971 1299 1133 1350 οὐδεμίαν

114 1363 212 1415 ὕὸριν
229 1363 445 1414 ὑπομείνασα
465 1364 560 1416 παρὰ
576 1366 634 1401 τοῦ
654 1362 824 1413 βασιλέως
840 1367 901 1400 τοῦ
920 1361 1132 1412 Αἰγυπτίου,

112 1429 172 1462 τοῦ
192 1426 354 1477 τυράννου
368 1456 378 1472 ,
399 1429 457 1462 τοῦ
484 1424 678 1463 ἀκολάστου
691 1453 701 1471 ,
731 1422 823 1475 ἐξῄει
845 1423 931 1462 σώα.
957 1423 1046 1466 Θεὸς
1065 1422 1133 1474 γὰρ

111 1479 153 1531 ἦν
170 1488 188 1523 ὁ
203 1485 246 1522 τὰ
264 1486 378 1523 πάντα
396 1485 630 1538 ἐργασάμενος
647 1515 656 1531 ,
681 1487 698 1522 ὁ
717 1485 776 1522 καὶ
796 1487 830 1522 ἐν
860 1483 1004 1536 ἀπόροις
1025 1483 1131 1535 πόρον

111 1545 245 1593 διδοὺς,
273 1547 331 1584 καὶ
352 1546 396 1585 τὰ
424 1545 619 1599 πράγματα
639 1545 673 1590 ἐξ
701 1545 980 1597 ἀπεγνωσμένων
1003 1547 1050 1588 εἷς
1077 1546 1133 1583 ε’λ-

111 1607 195 1645 πίδα
224 1607 381 1659 χρηστὴν
407 1608 503 1658 ἄγειν
533 1607 586 1645 ἀεὶ
613 1607 810 1658 δυνάμενος.
832 1607 901 1645 Καὶ
920 1611 979 1645 νῦν
1011 1606 1082 1645 ἰδοὺ
1109 1609 1130 1653 ἡ

111 1669 197 1720 γυνή
223 1684 282 1706 σου
303 1669 456 1708 ἐναντίον
483 1685 566 1715 σου,
592 1668 711 1706 λαόὼν
737 1667 922 1721 ἀπότρεχε,
947 1669 1007 1716 Μὴ
1033 1669 1132 1720 νομί-

112 1745 196 1780 σῃς,
213 1745 328 1782 φησιν,
352 1730 540 1777 ηδικῆσθαί
562 1746 600 1769 σε
618 1732 702 1782 παρ’
721 1733 835 1781 ἡμῶν.
852 1732 897 1768 Εἰ
917 1730 985 1782 γὰρ
1012 1746 1071 1768 και
1095 1730 1130 1775 ἐξ

112 1788 251 1838 ἀγνοίας
266 1788 311 1826 τὰ
327 1793 389 1836 τῆς
390 1789 656 1862 {uzzeio-'ficem
676 1792 759 1839 ἡμῖν
783 1789 935 1840 γέγονεν,
958 1791 1035 1827 ἀλλ’
1059 1788 1130 1827 ἷδου

110 1851 169 1886 νῦν
189 1848 355 1899 ἔγνωμεν,
375 1850 484 1888 οἱον
465 1866 556 1902 εχεις
575 1850 793 1902 προστάτην·
815 1850 874 1888 καὶ
894 1853 915 1896 ἡ
934 1850 1132 1900 ἀγανάκτη-

111 1925 165 1954 σις
182 1913 204 1957 ἡ
223 1912 300 1948 καθ’
319 1913 420 1962 ἡμῶν
440 1927 608 1962 γενομενη
628 1911 813 1956 ἐδίδαξεν““
794 1927 909 1962 ημας,
928 1910 1012 1957 ὅστς
1038 1912 1129 1948 ἀπο-

109 1971 224 2014 λαύεις
251 1971 348 2024 παρὰ
378 1975 438 2010 τοῦ
468 1975 536 2010 τῶν
571 1971 732 2010 ἁπάντων
768 1974 860 2011 Θεοῦ
889 1973 953 2017 τῆς
986 1971 1129 2015 εὐνοίας.

111 2033 240 2072 Λαὸὼν
260 2029 318 2072 οῦν
336 2035 399 2081 τὴν
418 2035 566 2084 γυναῖκά
587 2050 647 2073 σου
668 2033 852 2087 ἀπότρεχε.
877 2034 1035 2088 Φοὸερὸς
1053 2036 1130 2074 λοι-

108 2095 172 2133 πὸν
194 2090 236 2142 ἦν
263 2097 378 2139 αὐτοῖς
394 2099 412 2133 ὁ
433 2096 583 2144 δίκαιος,
604 2097 647 2133 δι’
667 2096 685 2135 ὃ
702 2096 762 2133 καὶ
791 2095 881 2146 μετὰ
908 2099 1040 2143 πολλῆς
1066 2099 1130 2143 τῆς

109 2155 294 2207 Θεραπείας
317 2156 417 2195 αὐτὸν
434 2156 642 2209 προπέμψαι
660 2156 880 2207 ἐπείγονται,
906 2157 964 2196 διὰ
985 2161 1053 2196 τῶν
1080 2161 1129 2203 εἰς

108 2217 210 2255 αὐτὸν
226 2217 414 2268 γινομένων
430 2218 488 2256 τὸν
504 2220 607 2256 αὐτοῦ
622 2217 806 2264 Δεσπότην
822 2217 1127 2270 ἐξευμενιζόμενοι.

161 2271 279 2325 Εἶδες,
309 2278 485 2330 ἀγαπητὲ,
507 2279 585 2316 ὅσον
611 2278 703 2317 ἐστὶν
729 2279 886 2330 ὑπομονὴ
911 2279 970 2318 καὶ
1000 2296 1129 2333 καρτε-

107 2338 185 2390 ρία;
207 2339 380 2378 Ἐνταῦθά
398 2355 457 2390 μοι
477 2340 742 2390 ἀναμιμνήσκου
762 2342 832 2378 τῶν
853 2341 1020 2392 ῥημάτων
1039 2342 1127 2380 ἐκεί-

104 2416 186 2447 νων,
203 2393 264 2448 ὧν,
287 2399 337 2439 ὅτ’
358 2400 502 2451 ἔμελλον
518 2401 722 2448 πλησιάζειν
744 2403 788 2453 τῇ
805 2401 994 2454 Αἰγύπτῳ,
1016 2406 1034 2441 ὁ
1054 2419 1126 2441 πα-

108 2460 278 2514 τριάρχης
303 2461 420 2512 ἔλεγε·
444 2461 612 2500 Γινώσκω
641 2461 693 2500 ὅτι
714 2462 800 2514 γυνὴ
831 2464 1055 2515 εὐπρόσωπος
1073 2469 1124 2503 εἰ·

105 2520 205 2559 ἔσται
223 2538 293 2569 ουν,
310 2525 356 2565 ὡς
371 2522 410 2559 ἂν
429 2521 528 2560 ἴδωσί
547 2538 586 2560 σε
605 2526 636 2561 οἱ
659 2523 902 2574 Αἰγύπτιοι,’
887 2524 950 2576 εμὲ
971 2528 1125 2565 ἀποκτε-

104 2586 221 2628 νοῦσι,
250 2582 287 2622 σὲ
314 2582 348 2621 δὲ
371 2582 674 2635 περιποιήσονται.
697 2583 840 2622 Ἐκεῖνα
858 2585 970 2624 τοίνυν
991 2588 1024 2624 ἐν
1045 2588 1125 2626 δια-

105 2644 178 2696 νοίᾳ
192 2644 308 2683 λαὸὼν
326 2645 449 2684 σκόπει
467 2644 512 2683 τὰ
532 2649 592 2683 νῦν
606 2645 791 2698 γινόμενα,
812 2647 871 2685 καὶ
894 2647 1048 2699 θαύμαζε
1066 2650 1126 2688 καὶ

103 2709 162 2743 τοῦ
180 2705 312 2744 δικαίου
328 2705 390 2752 τὴν
408 2707 601 2757 ὑπομονὴν,
622 2707 680 2745 καὶ
699 2713 758 2747 τοῦ
774 2708 1017 2761 φιλανθρώπου
1033 2712 1124 2750 Θεοῦ

106 2766 168 2813 τὴν
183 2767 340 2818 δύναμιν,
364 2770 438 2818 μεθ’
460 2768 543 2815 ὅσης
562 2768 661 2816 δόξης
681 2770 880 2808 ἐπανελθεῖν
899 2773 1126 2823 παρασκευά-

1221 386 1381 424 castitate
1397 400 1475 425 sua.
1495 386 1599 424 'salia
1614 386 1720 435 enim,
1741 386 1832 424 sicut
1851 386 1950 438 prius
1969 386 2063 436 dixi,
2092 398 2173 426 sunt

1222 449 1418 497 quaeaDeo
1431 447 1694 501 dispensantur,
1711 462 1789 486 rara
1806 462 1945 500 semper
1957 458 1990 486 et
2007 448 2170 487 admira·
2190 465 2244 493 ι)...
2260 478 2288 493 ρ
2293 474 2301 495 2
2319 479 2363 495 m

1220 507 1335 546 bilia:
1356 518 1389 547 et
1407 508 1550 560 quando
1568 509 1665 561 apud
1681 509 1842 547 homines
1855 508 2080 561 desperatum
2103 521 2169 557 est,
2187 508 2237 534 ‘¹¹'
2230 520 2274 543 ἰ·“’
2281 516 2353 535 ‘³¹³⁵

1220 576 1306 606 tunc
1325 568 1494 607 invictam
1511 569 1546 607 in
1565 570 1732 608 omnibus
1749 570 1944 622 potentiam
1957 585 2058 610 suam
2075 573 2172 610 Deus
2189 551 2354 576 mmmm

1219 627 1388 667 declarat.
1413 630 1607 668 Enimvero
1629 632 1720 669 sicut
1747 631 1960 670 admirabile
1988 642 2022 670 et
2049 648 2171 671 rarum
2190 648 2269 675 Dan.
2294 646 2339 686 ''t-

1219 697 1294 726 erat
1322 689 1443 727 videre
1463 690 1582 728 virum
1601 690 1861 729 desideriorum
1880 702 1972 731 stare
1991 693 2028 731 in
2052 694 2173 732 medio

1219 749 1390 796 ferarum,
1414 759 1447 787 et
1474 750 1564 787 nihil
1584 752 1672 802 pati,
1687 752 1747 790 sed
1765 753 1866 802 quasi
1895 768 1978 791 oves
2000 768 2080 792 eum
2097 755 2170 793 cir-

1218 810 1494 859 cumstetissent,
1517 810 1564 848 ita
1585 811 1736 849 illaesum
1759 813 1877 863 egredi
1892 828 1910 850 e
1929 814 2028 862 lacu3
2046 825 2079 852 et
2103 825 2172 853 tres

1218 884 1346 922 pueros
1367 871 1401 908 in
1418 871 1558 909 camino
1576 873 1679 922 quasi
1697 873 1732 910 in
1750 883 1851 925 prato
1872 883 1904 911 et
1921 874 1956 912 in
1972 875 2076 913 horto
2094 891 2172 915 ver·
2188 894 2268 921 Dan.
2288 895 2316 923 3,

1217 931 1301 979 sari,
1317 941 1349 969 et
1372 932 1463 969 nihil
1482 933 1528 969 ab
1547 932 1628 983 igne
1644 933 1741 982 laedi,
1766 933 1827 971 sed
1841 934 1961 985 egredi
1982 935 2063 973 inde
2083 946 2172 975 tam—

1215 1007 1322 1043 quam
1336 993 1641 1045 statuaszpcrinde
1656 994 1702 1032 ita
1721 994 2115 1047 admirationedignum
2123 1008 2173 1036 est

1215 1063 1248 1091 et
1265 1053 1333 1090 hoc
1363 1054 1514 1104 facinus,
1542 1055 1637 1105 quod
1651 1055 1739 1107 justi
1767 1070 1859 1093 uxor
1879 1056 2016 1094 nullam
2048 1069 2173 1096 contu-

1215 1114 1357 1152 meliam
1370 1124 1515 1166 experta
1526 1130 1545 1153 a
1557 1129 1639 1167 rege
1653 1116 1842 1168 AEgyptio,
1861 1125 2026 1168 tyranno,
2044 1119 2173 1157 intem-

1212 1184 1371 1226 perante,
1400 1175 1528 1213 exierit
1544 1176 1653 1215 salva.
1670 1178 1768 1214 Deus
1792 1177 1886 1214 enim
1901 1187 1974 1215 erat
1993 1179 2052 1229 qui
2069 1180 2173 1218 sacie-

1212 1236 1274 1273 bat
1293 1236 1429 1286 omnia,
1457 1246 1490 1274 et
1521 1237 1556 1275 in
1588 1237 1699 1276 inviis
1721 1238 1817 1276 viam
1839 1238 1963 1287 dabat,
1988 1240 2048 1290 qui
2072 1255 2172 1293 spem

1211 1296 1342 1334 bonam
1361 1311 1500 1350 semper
1520 1298 1556 1336 in
1576 1298 1682 1336 rebus
1697 1298 1894 1350 deploratis
1913 1300 2040 1338 afferre
2059 1303 2166 1341 valet.

1213 1359 1269 1396 Et
1286 1372 1402 1405 nunc,
1427 1358 1556 1409 inquit,
1577 1374 1663 1398 ecce
1677 1374 1775 1398 usor
1795 1369 1862 1398 tua
1883 1375 2014 1399 coram
2033 1371 2083 1412 te,
2105 1378 2170 1402 ac-

1210 1427 1322 1470 cepta
1342 1434 1387 1457 ea
1412 1423 1517 1459 ocius
1538 1423 1656 1460 vade.
1676 1423 1730 1460 Ne
1747 1422 1942 1471 existimes,
1963 1423 2093 1474 inquit,
2107 1434 2170 1463 tea

1210 1480 1313 1518 nobis
1333 1480 1466 1533 injuria
1486 1482 1655 1520 affectum
1677 1497 1763 1521 esse.
1781 1484 1874 1521 Nam
1890 1484 1974 1522 licet
1992 1499 2055 1536 per
2071 1488 2170 1537 igno-

1210 1541 1364 1579 rantiam
1392 1543 1690 1581 attentaverimus
1715 1558 1793 1594 quae
1823 1545 1913 1582 facta
1945 1555 2042 1595 sunt,
2074 1561 2169 1585 nunc

1209 1610 1327 1640 tamen
1351 1616 1430 1641 ecce
1450 1604 1686 1655 cognovimus
1711 1619 1817 1655 quem
1844 1605 1976 1644 habeas
2001 1605 2166 1645 defenso—

1209 1676 1284 1700 rem
1301 1678 1309 1698 :
1326 1662 1526 1715 indignatio
1538 1664 1633 1702 enim
1647 1679 1727 1715 quoe
1741 1665 1777 1702 in
1791 1679 1855 1703 nos
1869 1665 2033 1717 desaevit,
2045 1667 2168 1706 docuit

1209 1735 1274 1759 nos
1292 1732 1466 1773 quantum
1481 1725 1603 1776 gratiae
1618 1725 1684 1762 tibi
1697 1726 1742 1763 sit
1758 1725 1854 1778 apud
1863 1728 1980 1764 Deum
1992 1728 2166 1767 omnium.

1210 1785 1364 1835 Accepta
1384 1784 1496 1836 igitur
1515 1800 1628 1824 uxore
1647 1795 1707 1824 tua
1727 1787 1826 1824 ocius
1846 1787 1948 1825 vade.
1976 1788 2167 1826 Terribilis

1208 1853 1328 1896 postea
1349 1854 1423 1883 erat
1447 1846 1495 1883 eis
1515 1847 1647 1898 justus,
1670 1856 1856 1900 propterea
1874 1848 2014 1899 magnis
2035 1849 2166 1887 officiis

1208 1906 1463 1958 eumprosequi
1476 1907 1706 1955 contendunt,
1719 1909 1899 1960 placantes
1913 1909 2026 1961 ipsius
2042 1910 2164 1948 Domi-

1208 1980 1295 2005 num
1315 1977 1460 2020 propter
1476 1982 1514 2006 ea
1534 1983 1611 2020 quae
1628 1969 1664 2007 in
1687 1968 1790 2008 illum
1816 1970 2079 2009 commiserant.

1259 2286 1296 2325 8.
1327 2285 1475 2336 Vidisti,
1507 2285 1650 2337 dilecte,
1673 2296 1846 2338 quantum
1870 2289 2005 2328 bonum
2024 2291 2069 2329 sit
2093 2307 2160 2344 pa-

1205 2345 1329 2384 tientia
1352 2356 1387 2385 et
1419 2347 1709 2399 perseverantia?
1743 2349 1826 2400 Hic,
1863 2365 1994 2401 quaeso,
2027 2366 2163 2391 memor

1205 2416 1278 2445 esto
1296 2408 1491 2446 verborum
1519 2408 1664 2447 illorum
1693 2424 1771 2460 quae
1795 2411 1998 2462 patriarcha
2019 2412 2161 2452 dicebat

1203 2468 1406 2521 AEgyptum
1424 2469 1649 2521 ingressurus
1667 2486 1675 2507 :
1695 2471 1780 2510 Scio
1801 2473 1906 2523 quod
1924 2474 2064 2511 mulier
2074 2476 2161 2525 pul-

1204 2531 1300 2568 chra
1315 2533 1368 2568 sis
1386 2532 1594 2583 :futurum
1619 2540 1675 2569 est
1697 2535 1842 2584 itaque,
1873 2541 1915 2570 ut
1934 2547 2020 2570 cum
2043 2543 2080 2572 te
2099 2539 2161 2572 vi-

1204 2592 1332 2629 derint
1367 2593 1558 2643 AEgyptii‚
1599 2606 1660 2629 me
1693 2594 1847 2645 quidem
1887 2595 2087 2642 occidant,
2123 2605 2160 2633 te

1204 2658 1333 2687 autem
1364 2658 1527 2687 servent.
1554 2650 1633 2687 Illis
1652 2650 1763 2702 igitur
1780 2651 1816 2688 in
1839 2661 1955 2689 mente
1982 2655 2159 2702 resumtis,

1204 2710 1387 2749 considera
1407 2711 1513 2748 etiam
1531 2725 1608 2760 quae
1628 2725 1721 2748 nune
1738 2711 1845 2758 fiunt,
1863 2721 1895 2749 et
1915 2713 2097 2752 admirare
2111 2715 2158 2752 si-

1201 2772 1277 2809 mul
1295 2771 1384 2823 justi
1415 2771 1641 2809 tolerantiam
1666 2781 1699 2809 et
1727 2771 1968 2810 misericordis
1987 2776 2054 2812 Dei
2077 2775 2158 2816 vir-,-

104 2828 154 2870 ζει
179 2828 236 2866 τὸν
261 2827 406 2875 δίκαιον,
429 2828 486 2866 τὸν
515 2829 603 2880 μετὰ
626 2830 788 2869 τοσούτου
807 2831 914 2884 φόὸου
939 2833 1000 2872 καὶ
1031 2833 1127 2878 δέους
1152 2850 1177 2881 Ε
1202 2841 1332 2878 tutem,
1355 2842 1487 2883 quanta
1506 2846 1587 2870 cum
1610 2832 1723 2884 gloria
1744 2832 1860 2871 redire
1877 2844 1975 2873 curet
1991 2836 2130 2887 justum
2146 2867 2155 2881 ‚

109 2888 262 2927 ἐλθόντα.
277 2889 347 2926 Καὶ
365 2889 578 2938 ἐνετείλατο,
597 2891 701 2942 φησὶ,
724 2892 863 2944 Φαραὼ
880 2895 1026 2945 ἀνδράσι
1047 2895 1126 2945 περὶ

102 2947 254 3000 Ἀδραμ,
268 2949 549 3002 συμπροπέμψαι
568 2952 669 2990 αὐτὸν
685 2952 745 2990 καὶ
759 2952 822 2999 τὴν
841 2960 990 3004 γυναῖκα
1010 2958 1126 3004 αὐτοῦ,

105 3009 166 3048 καὶ
190 3010 305 3048 πάντα
334 3009 399 3049 ὅσα
424 3005 466 3057 ἦν
493 3013 607 3065 αὐτῷ,
633 3013 694 3051 καὶ
721 3014 780 3052 τὸν
801 3013 886 3053 Λὼτ
916 3017 992 3065 μετ’
1012 3018 1129 3054 αὐτοῦ.

103 3070 205 3109 Μετὰ
224 3071 449 3124 περιφανείας
467 3073 587 3111 λοιπὸν
607 3074 747 3121 ἁπάσης
765 3078 784 3113 ὁ
799 3075 931 3120 δίκαιος
950 3077 1129 3124 ἐπάνεισι,

103 3133 162 3171 καὶ
180 3133 380 3184 περιουσίας
394 3135 547 3182 πολλῆς,
568 3135 628 3174 καὶ
651 3136 783 3187 γίνεται
807 3138 845 3175 οὗ
875 3137 977 3188 μόνον
1005 3142 1073 3177 τῶν
1094 3142 1129 3177 ἐν

104 3193 270 3247 Αἰγύπτῳ
295 3195 500 3240 διδάσκαλος
525 3196 583 3235 διὰ
606 3199 677 3235 τῶν
712 3198 1002 3248 συμὸεέῗηκότων,
1037 3201 1128 3238 ἀλλὰ

103 3254 162 3292 καὶ
185 3260 254 3298 τοῖς
277 3255 368 3294 κατὰ
388 3256 451 3303 τὴν
470 3258 546 3296 ὁδὸν
573 3258 705 3304 ἅπασι,
725 3259 784 3297 καὶ
803 3265 874 3304 τοῖς
899 3262 947 3304 εἰς
965 3260 1030 3308 τὴν
1048 3262 1127 3299 Πα-

101 3315 281 3363 λαιστίνην
305 3319 467 3357 οἰκοῦσιν.
487 3320 534 3357 Οἱ
564 3319 632 3371 γὰρ
653 3319 781 3364 ἰδόντες
802 3320 917 3368 αὐτὸν,
937 3321 1042 3367 ἡνίκα
1061 3339 1117 3360 κα-

104 3375 181 3428 τῄει
210 3377 266 3416 διὰ
299 3378 360 3425 τὴν
387 3383 446 3418 τοῦ
476 3381 579 3430 λιμοῦ
616 3381 784 3433 ἀνάγκην,
812 3382 900 3433 μετὰ
927 3382 1033 3435 φόὸου
1065 3384 1123 3422 καὶ

1202 2894 1262 2945 qni
1288 2908 1370 2932 eum
1395 2903 1492 2931 tanto
1520 2894 1648 2931 timore
1666 2903 1699 2932 et
1727 2904 1823 2932 metu
1842 2905 1997 2935 venerat.
2019 2899 2083 2936 90.
2101 2900 2155 2936 Et

1199 2958 1394 3007 proecepit,
1413 2955 1543 3006 inquit,
1560 2956 1722 2992 Pharao
1737 2958 1835 2993 viris
1852 2970 1965 3008 super
1982 2957 2152 3004 Abram,

1205 3017 1356 3054 atinde
1390 3017 1585 3053 deducant
1620 3029 1719 3064 eum,
1739 3024 1777 3053 et
1807 3030 1964 3054 uxorem
1998 3021 2094 3071 ejus,
2120 3029 2155 3057 et

1204 3080 1336 3114 omnia
1350 3091 1435 3128 quoe
1452 3079 1534 3128 ejus
1551 3085 1678 3122 erant,
1700 3086 1734 3114 et
1752 3079 1825 3115 Lot
1841 3092 1927 3116 cum
1945 3093 2002 3117 e0.
2024 3082 2154 3131 Magna

1202 3152 1285 3176 cum
1308 3137 1470 3175 claritate
1489 3146 1521 3174 et
1541 3137 1666 3187 gloria,
1691 3137 1997 3191 locupletatusque
2015 3140 2155 3179 divitiis

1202 3199 1295 3237 redit
1310 3200 1429 3251 justus
1447 3207 1502 3236 :et
1523 3198 1564 3235 stt
1583 3198 1708 3236 doctor
1730 3214 1794 3252 per
1822 3214 1860 3237 ea
1884 3215 1964 3250 qnae
1993 3202 2152 3252 contige-

1201 3271 1298 3309 runt,
1321 3274 1390 3298 non
1419 3259 1533 3297 solum
1553 3259 1749 3313 AEgyptiiS,
1775 3261 1837 3299 sed
1853 3262 1957 3299 etiarn
1987 3263 2154 3300 omnibus

1199 3321 1260 3372 qni
1278 3321 1313 3358 in
1336 3321 1461 3358 itinere
1475 3328 1588 3363 crant,
1605 3329 1638 3358 et
1658 3321 1701 3358 iis
1720 3322 1780 3372 qui
1810 3322 1844 3360 in
1874 3322 2061 3360 Palaestina
2084 3323 2153 3360 ha-

1199 3382 1376 3420 bitabant.
1406 3382 1496 3419 Nam
1525 3390 1700 3433 quotquot
1721 3382 1885 3422 viderant
1909 3399 1987 3422 eum
2011 3383 2153 3434 quando
