2433 3775
0 276 14 293 ἢ,

193 192 249 220 22
620 190 657 218 5.
685 188 872 218 JOANMS
910 187 1161 216 CHRYSOST.

40 288 76 303 ιι-
106 276 152 305 13-
187 272 259 322 die,
286 273 375 310 sicut
393 280 426 308 et
446 270 578 308 Paulus
597 270 777 320 admonet,
798 269 917 307 dicens
940 285 947 305 ε
970 269 1073 308 Sicut
1098 271 1139 305 in

189 335 251 371 die
269 335 427 371 honeste
446 332 698 378 ambulemus,
714 341 747 369 ct
768 345 811 368 ne
829 344 1014 383 operemur
1033 343 1139 381 opera

190 395 426 433 tenebrarum.
451 396 504 432 Et
531 397 700 441 vocavit,
727 393 857 443 inquit,
880 393 987 429 Deus
1015 391 1138 428 lucem

189 458 304 503 diem,
323 465 359 494 et
377 457 554 494 tenebras
575 457 734 492 vocavit
763 462 925 490 noctem.
950 451 1021 489 Sed
1041 451 1140 501 quod

188 517 298 555 ferme
312 531 375 554 nos
388 516 619 569 praeterierat,
636 513 874 552 necessarium
885 512 993 549 fuerit
1006 512 1138 549 iterum

189 586 356 630 repetere.
385 578 476 615 Nam
507 584 695 627 postquam
720 573 875 622 dixerat,
900 574 996 610 Fiat
1016 573 1085 610 lux
1104 581 1139 611 et

177 640 300 690 facta
319 646 374 676 est
388 638 471 683 lux,
491 635 680 687 subjunxit
700 650 708 671 :
725 635 764 672 4.
781 635 835 672 Et
848 634 949 672 vidit
963 634 1070 672 Deus
1084 634 1140 672 lu-

189 713 284 745 cem,
301 699 405 751 quod
418 699 520 734 bona
535 706 646 734 esset.
668 694 762 734 Vide
777 708 897 745 quaeso
910 694 984 744 hic,
1001 694 1140 744 dilecte,

187 773 294 810 qnam
324 767 516 810 temperata
543 757 736 796 verborum
758 756 863 794 ratio.
888 756 985 803 Quid
1005 755 1141 808 igitur?

188 835 232 858 an
250 820 460 872 priusquam
489 819 588 857 fieret
617 818 698 865 lux,
720 817 896 856 nesciebat
915 832 992 855 eam
1010 818 1141 855 bonam

187 881 368 931 futuram,
383 880 448 918 sed
461 889 647 932 postquam
657 878 828 930 producta
841 878 924 928 fuit,
941 892 986 916 ex
998 887 1141 930 aspectu

187 942 348 994 primum
379 941 512 993 Opifcx
546 938 855 992 pulchritudinem
884 947 918 977 et
946 939 1141 977 bonitatem

186 1003 262 1056 ejus
278 1002 459 1055 productae
475 1001 658 1054 percepit?
679 1000 723 1038 Et
737 1000 815 1051 quis
829 1013 921 1037 sanae
933 999 1059 1037 mentis
1074 1000 1143 1038 tale

187 1064 375 1116 quidpiam
393 1063 552 1101 dixerit?
568 1063 659 1100 Nam
676 1061 706 1099 si
720 1061 828 1098 homo
845 1060 907 1110 qui
925 1059 1064 1110 aliquid
1078 1075 1141 1112 per

186 1135 299 1164 artem
313 1133 492 1177 operatur,
511 1123 719 1176 priusquam
736 1121 928 1159 fabricetur
944 1120 1042 1170 quod
1060 1121 1140 1158 vult

185 1188 310 1235 facere,
332 1194 366 1223 et
384 1185 593 1237 priusquam
625 1183 799 1232 efformet,
827 1181 893 1218 scit
925 1194 1032 1218 usum
1062 1181 1140 1233 ejus

185 1247 280 1299 quod
300 1247 480 1284 elaborare
506 1244 630 1283 statuit
652 1260 659 1280 :
682 1252 813 1295 quanto
837 1240 951 1293 magis
978 1241 1136 1280 omnium

184 1309 332 1362 Opifex,
348 1307 409 1359 qui
424 1307 535 1346 verbo
551 1306 669 1344 omnia
683 1319 728 1343 ex
738 1304 852 1342 nihilo
871 1312 911 1341 ut
929 1312 1042 1341 essent
1055 1317 1138 1356 pro-

183 1369 301 1419 duxit,
315 1369 448 1406 sciebat
465 1376 654 1418 antequam
673 1366 789 1404 lucem
808 1365 948 1414 faceret,
968 1378 1046 1402 eam
1064 1379 1139 1403 esse

182 1430 340 1469 bonam?
360 1429 480 1476 Quare
494 1441 587 1481 ¹ergo
600 1428 668 1465 hac
682 1427 839 1465 dictione
857 1440 942 1464 usus
966 1426 1045 1463 est?
1064 1427 1138 1464 De—

184 1491 294 1530 mittit
305 1505 355 1539 se,
372 1499 406 1529 et
420 1489 615 1528 secundum
632 1489 828 1526 humanam
846 1486 1137 1525 consuetudinem

184 1554 260 1591 haec
289 1552 407 1591 omnia
437 1551 597 1602 loquitur
629 1551 754 1588 beatus
779 1549 842 1586 itle
869 1549 1056 1601 propheta.
1075 1548 1138 1586 ·Et

183 1612 484 1665 quemadmodum
493 1610 654 1649 homines
666 1624 747 1648 cum
763 1609 902 1660 aliquid
913 1622 1042 1660 magno
1057 1619 1135 1647 stu—

185 1675 246 1714 dio
261 1673 534 1723 elaboraverint,
551 1682 585 1710 et
600 1672 709 1709 finem
726 1670 910 1708 laboribus
925 1670 998 1708 suis
1021 1670 1137 1722 impo-

186 1736 336 1787 suerint,
352 1744 435 1773 tune
449 1733 590 1772 tandem
606 1747 671 1786 per
684 1731 940 1784 experientiam
959 1740 991 1769 et
1011 1732 1138 1783 proba-

186 1798 317 1836 tionem
337 1811 427 1849 opus
449 1795 618 1833 laudibus
644 1793 820 1832 extollunt
848 1809 855 1829 :
877 1793 926 1830 ita
954 1802 988 1830 et
1012 1792 1138 1830 divina

187 1859 372 1911 Scriptura
388 1871 492 1906 nunc,
507 1870 588 1895 cum
601 1870 636 1894 se
645 1854 692 1892 ad
705 1863 906 1892 nostrarum
919 1854 1063 1892 aurium
1085 1855 1139 1892 in-

187 1920 394 1957 firmitatem
411 1917 566 1967 demisit,
583 1926 616 1954 et
626 1916 721 1954 dixit
744 1931 752 1951 z
770 1917 823 1954 Et
839 1917 941 1953 vidit
960 1917 1066 1955 Deus
1084 1917 1140 1954 lu-

188 1991 282 2024 cem,
313 1977 417 2029 quod
443 1978 545 2014 hona
569 1983 679 2022 esset,
705 1983 791 2012 tunc
810 1974 961 2026 subjecit
980 1976 1060 2012 :Et
1083 1976 1140 2012 cli-

188 2041 325 2076 stim-it
343 2039 449 2076 Deus
474 2039 575 2075 inter
596 2036 732 2082 lucem,
755 2043 790 2072 et
807 2038 908 2073 inter
931 2037 1109 2075 tenebras
1128 2053 1137 2073 ε

189 2108 226 2137 et
241 2101 399 2137 vocavit
416 2099 523 2136 Deus
541 2098 666 2135 lucem
686 2098 800 2143 diem,
821 2105 857 2134 et
874 2099 1051 2135 tenebras
1070 2112 1141 2136 vo-

189 2163 294 2199 cavit
315 2168 474 2207 noctem,
501 2167 533 2197 et
552 2172 653 2197 suam
673 2158 800 2208 cuique
818 2157 997 2209 regionem
1016 2158 1142 2197 distri-

187 2221 268 2259 buit
291 2237 298 2258 :
319 2235 403 2258 nam
418 2221 464 2258 ab
478 2219 579 2257 initio
600 2218 726 2270 cuique
739 2233 820 2256 suos
836 2219 1004 2257 terminos
1023 2221 1142 2272 praefi-

189 2282 258 2333 xit,
273 2296 361 2333 quos
374 2290 545 2334 perpetuo
563 2280 697 2331 absque
713 2279 966 2332 impedimento
987 2281 1142 2320 custodi-

190 2352 254 2382 ret.
278 2343 324 2381 Id
341 2341 438 2394 quod
456 2342 616 2389 cuilibet,
635 2341 698 2392 qui
717 2350 821 2381 recte.
834 2340 962 2393 sapiat,
984 2344 1142 2382 contueri

189 2405 285 2455 licet,
304 2403 484 2455 quomodo
502 2417 547 2441 ex
565 2417 604 2441 co
624 2412 782 2455 tempore
800 2416 912 2453 usque
934 2402 970 2440 in
990 2418 1143 2456 praesens

190 2480 302 2517 neque
326 2465 393 2503 lux
417 2465 585 2503 terminos
605 2478 688 2502 suos
708 2473 922 2515 transgressa
950 2463 1012 2513 sit,
1031 2479 1143 2516 neque

192 2528 346 2565 tenebrae
364 2541 470 2564 suum
488 2525 650 2564 ordinem
675 2525 925 2578 praeterierint,
941 2526 1144 2565 confusione

191 2598 221 2626 et
244 2588 510 2641 perttubatione
540 2587 696 2638 quadam
731 2586 944 2624 introducta.
965 2586 1057 2625 Sane
1076 2587 1144 2626 hoc

191 2665 303 2689 unum
325 2649 473 2702 ingratis
504 2648 577 2686 illis
604 2648 767 2687 sufficere
786 2647 949 2697 deberet,
969 2657 1008 2686 ut
1026 2649 1142 2687 erede-

192 2720 268 2749 rent
283 2721 316 2749 et
330 2710 517 2748 obedirent
528 2708 571 2747 iis
587 2723 664 2760 quae
679 2723 698 2746 a
711 2708 837 2747 divina
849 2709 1034 2761 Scriptura
1047 2709 1141 2747 dicta

193 2781 273 2810 sunt
291 2788 297 2808 ε
316 2772 364 2810 ita
379 2780 416 2810 ut
432 2771 490 2810 vel
511 2770 681 2809 clementa
701 2770 891 2819 imitantes,
901 2784 979 2822 quae
999 2784 1141 2809 cursum

192 2834 405 2871 inoffensum
420 2841 590 2884 perpetuo
608 2841 763 2882 servant,
782 2831 958 2870 dimensos
975 2832 1141 2871 terminos

193 2909 274 2933 suos
293 2908 361 2932 uon
394 2893 744 2946 praetergrcdiantur,
766 2892 827 2932 sed
847 2902 1036 2945 agnoscant
1053 2908 1138 2947 pro—

193 2957 309 3009 priam
338 2965 511 2993 naturam.
534 2956 629 2994 Exin
663 2965 850 3007 postquam
876 2955 1016 3007 utrique
1035 2970 1139 2995 suum

195 3032 319 3056 nomen
335 3017 449 3067 dedit,
469 3026 658 3067 utrumque
673 3018 707 3055 in
724 3031 835 3055 unum
855 3017 1024 3070 copulans
1041 3017 1140 3068 dicit,

197 3085 230 3121 ς’».
251 3083 302 3119 El
315 3082 467 3132 sactum
479 3087 532 3117 est
546 3076 712 3129 vespere,
730 3080 928 3131 etfaciam
943 3087 998 3116 esc
1011 3093 1137 3127 mane,

235 3225 245 3235 -·
270 3211 371 3245 flavii.
391 3216 609 3253 [zrmziml'gffi.

234 3266 249 3288 ¹»
276 3266 353 3306 fleg.
374 3275 456 3295 uuus
473 3269 504 3293 et
524 3261 660 3292 (loistin,
682 3264 796 3295 3³:132>
815 3277 888 3295 τινα.

231 3330 235 3340 ·
270 3318 341 3347 Duo
369 3316 442 3347 31³5,

189 3368 316 3401 Ilii-{vm
350 3366 447 3409 paulo
477 3377 620 3407 *Uluti—1<

1168 2782 1189 2810 l)

464 3323 493 3346 et
520 3313 618 3346 §.niti
642 3322 799 3354 suasu-1212,
819 3322 850 3345 vt
879 3315 910 3345 in
935 3325 1039 3357 marg.
1059 3321 1188 3357 ἀγαγεῖν.
1227 3315 1292 3356 lic-g

1206 188 1413 219 finctum).
1454 191 1822 222 CONSTANTMNOP.

1210 270 1270 306 καὶ
1295 273 1358 316 τῆς
1383 271 1518 323 ἡμέρας
1547 273 1843 325 διαπραττώμεῡα
1862 272 1968 324 ἔργα,
1989 270 2147 321 καθάπερ
2179 270 2237 307 καὶ

1211 334 1350 375 Παῦλος
1371 339 1534 383 παραινεῖ
1558 334 1689 387 λέγων·
1719 335 1781 378 Ὡς
1801 337 1835 373 ἐν
1865 333 1982 387 ἡμέρᾳ
2015 331 2238 383 εὐσχημόνως

1210 391 1529 443 περιπατήσωμεν,
1559 395 1619 432 καὶ
1654 395 1703 445 μὴ
1735 393 1962 447 ἐργαζώμεθα
1992 393 2037 431 τὰ
2064 392 2149 445 ἔργα
2178 396 2238 430 τοῦ

1212 451 1364 495 σκότους.
1388 452 1460 490 Καὶ
1481 453 1638 503 ἐκάλεσε,
1658 455 1774 507 φησὶν,
1794 460 1811 494 6
1833 455 1923 499 Θεὸς
1942 454 1983 493 τὸ
2009 456 2081 506 φῶς
2101 452 2238 506 ἡμέραν

1213 511 1272 549 καὶ
1287 512 1327 549 τὸ
1353 512 1474 558 σκότος
1499 515 1644 553 ἐκάλεσε
1679 515 1800 555 νύκτα.
1833 516 1925 555 Ἀλλ’
1945 515 1964 554 ὃ
1990 519 2115 567 μικροῦ
2143 518 2238 565 ἡμᾶς

1213 573 1458 626 παρέδραμεν,
1489 579 1678 628 ἀναγκαῖον
1713 594 1815 616 τουτο
1849 577 2083 616 ἐπαναλαὸεῖν
2116 576 2234 615 πάλιν.

1213 635 1359 685 Ἐπειοὴ
1379 637 1447 689 γὰρ
1469 642 1562 684 εἰπε,
1582 639 1768 686 Γενηθήτω
1792 641 1884 692 φῶς,
1913 655 1973 676 και
1995 637 2130 689 ἐγενετο
2144 641 2235 690 φῶς,

1213 694 1388 746 ἐπήγαγε
1409 695 1480 734 Και
1506 690 1592 734 εἶδεν
1614 699 1632 735 6
1658 697 1746 742 Θεὸς
1765 712 1804 734 το
1821 699 1912 750 φῶς,
1934 696 1987 734 ὅτι
2017 695 2135 733 καλόν.
2160 695 2237 734 Θέα

1214 770 1292 805 μοι,
1313 757 1494 807 ἀγαπητὲ,
1516 760 1682 807 ἐνταυΟα,
1709 758 1802 806 πόση
1831 762 1854 805 ἡ
1875 756 2135 809 συγκατάὸασις
2167 759 2236 794 τῶν

1214 817 1392 869 ῥημάτων.
1409 822 1442 858 Τ
1446 819 1456 858 ι’
1473 814 1544 868 οὖν,
1560 820 1641 873 πρὶν
1658 820 1680 867 ἢ
1695 820 1854 873 γενέσθαι
1883 822 1946 858 οὐκ
1964 819 2041 871 ᾔδει
2056 848 2066 866 ,
2095 818 2148 857 ὅτι
2174 833 2236 856 κα-

1211 880 1285 930 λὸν,
1304 880 1394 919 ἀλλὰ
1421 881 1511 932 μετὰ
1533 882 1572 920 τὸ
1587 886 1812 935 παραχθῆναι
1830 887 1851 930 ἡ
1873 882 1950 934 ὄψις
1979 880 2084 924 ἔδειξε
2101 882 2152 933 τῷ
2174 880 2237 927 δη-

1215 945 1369 994 μιουργῷ
1407 941 1447 979 τὸ
1485 943 1612 987 κάλλος
1642 948 1702 982 τοῦ
1733 942 1987 996 παραχθέντος,
2013 941 2084 979 Καὶ
2116 940 2167 984 τίς
2196 940 2236 977 ἂν

1213 1002 1303 1040 εἴποι
1334 1007 1433 1041 τοῦτο
1466 998 1534 1041 τῶν
1565 1008 1643 1042 νοῧν
1675 1003 1844 1056 ἐχόντων;
1878 1005 1921 1041 Εἰ
1956 1002 2025 1055 γὰρ
2058 1001 2238 1054 ἄνθρωπος

1212 1062 1318 1114 τέχνῃ
1338 1064 1405 1100 τινὶ
1421 1063 1668 1117 ἐργαζόμενος,
1695 1065 1755 1103 καὶ
1769 1065 1850 1119 πρὶν
1865 1064 1887 1111 ἢ
1909 1070 1923 1085 ²¹
1935 1063 2181 1117 κατασκευάσῃ
2198 1064 2238 1101 τὸ

1211 1126 1268 1161 ὑπ’
1294 1126 1398 1162 αὐτοῦ
1431 1125 1766 1176 δημιουργούμενον,
1790 1126 1849 1164 καὶ
1877 1126 1958 1178 πρὶν
1990 1125 2012 1172 ἢ
2045 1125 2236 1178 μορφώσῃ,

1211 1178 1279 1222 εῗοε
1295 1183 1358 1231 τὴν
1374 1185 1510 1238 χρείαν,
1536 1201 1584 1229 εις
1600 1185 1642 1232 ἣν
1663 1188 1818 1224 συντελεῖ
1834 1187 1874 1224 τὸ
1892 1188 1950 1224 ὑπ’
1970 1188 2074 1225 αὐτοῦ
2092 1186 2237 1238 γινόμε-

1210 1261 1284 1283 νον·
1309 1248 1430 1284 πολλω
1465 1248 1638 1298 μαλλον
1623 1264 1641 1284 ι,
1672 1263 1741 1284 των
1770 1246 1934 1285 ἁπάντων
1964 1248 2194 1311 δημιουργὸς,
2219 1252 2238 1286 6

1209 1308 1303 1362 λόγῳ
1321 1308 1365 1347 τὰ
1384 1309 1500 1348 πάντα
1517 1311 1556 1347 ἐκ
1574 1325 1634 1348 του
1657 1309 1705 1360 μὴ
1725 1309 1821 1353 ὄντος
1844 1311 1892 1352 εἷς
1909 1309 1949 1347 τὸ
1969 1313 2056 1347 εἰναι
2072 1325 2238 1362 παραγα-

1180 1385 1185 1406 ;
1210 1386 1292 1421 γων,
1309 1370 1385 1421 ᾔοει
1417 1386 1477 1408 και
1494 1370 1562 1423 πρὸ
1591 1385 1651 1409 του
1688 1371 1835 1421 δημιουρ
1837 1373 1987 1420 [τθῆναι
2006 1370 2045 1408 τὸ
2065 1373 2155 1421 φῶς,
2184 1387 2237 1409 οτι

1210 1430 1327 1469 καλόν.
1348 1431 1452 1475 Τίνος
1480 1435 1538 1470 οὖν
1562 1431 1675 1470 ἕνεκεν
1698 1430 1808 1483 ταύτῃ
1839 1433 1883 1482 τῇ
1911 1430 2002 1475 λέξει
2038 1432 2236 1484 ἐχρήσατο;

1213 1492 1304 1544 Πρὸς
1322 1491 1385 1539 τὴν
1414 1493 1594 1539 συνηθειαν
1620 1493 1682 1540 τὴν
1706 1491 1925 1544 ἀνθρωπίνην
1948 1492 2235 1543 συγκαταοαίνων

1210 1553 1393 1606 ρΟέγγεται
1423 1556 1440 1591 6
1470 1554 1640 1607 μακάριος
1658 1557 1754 1597 οὗτος
1774 1553 1912 1606 προφήτ
1914 1570 1965 1600 η.ς
1982 1554 2053 1592 Καὶ
2075 1555 2235 1606 καθάπερ

1209 1618 1240 1653 οἱ
1259 1614 1483 1668 ἅνθρωποι,”
1491 1616 1631 1654 ἐπειδάν
1651 1632 1685 1653 τι
1697 1614 1786 1666 μετὰ
1805 1615 1937 1661 πολλης
1955 1618 2017 1660 τῆς
2036 1615 2236 1666 ἐπιμελείας

1208 1676 1447 1727 ἐργάσωνται,
1466 1677 1525 1714 καὶ
1539 1676 1636 1721 τέλος
1653 1679 1797 1715 ἕπιΟῶσι
1813 1683 1883 1719 τοῖς
1897 1674 2036 1720 οἰκείοις
2051 1677 2236 1727 καμάτοις,

1208 1737 1286 1776 τότε
1306 1739 1346 1775 ἐκ
1366 1739 1429 1783 τῆς
1449 1737 1656 1789 δοκιμασίας
1686 1738 1745 1776 καὶ
1774 1738 1831 1776 τὸν
1860 1739 1998 1777 ἔπαινον
2019 1738 2235 1791 προσάγουσι

1250 1801 1460 1815 ‚‚‚‚‚

1209 1859 1284 1898 Οεία
1311 1860 1433 1912 Γραφὴ
1448 1889 1457 1907 ,
1479 1864 1537 1899 νῦν
1558 1865 1790 1912 συγκατιοῧσα
1809 1864 1851 1912 τῇ
1873 1860 2031 1913 ἀσθενείᾳ
2052 1864 2114 1908 τῆς
2130 1862 2236 1908 ἀκοῆς

1209 1925 1271 1968 τῆς
1289 1922 1463 1973 ἡμετέρας
1474 1953 1483 1970 ,
1503 1922 1588 1975 φησί
1599 1938 1606 1945 ·
1623 1922 1692 1960 Καὶ
1709 1915 1796 1960 εἶδεν
1813 1925 1830 1960 6
1845 1923 1934 1966 Θεὸς
1950 1923 1989 1961 τὸ
2004 1925 2092 1975 φῶς,
2107 1921 2158 1960 ὅτι
2173 1938 2232 1960 κα-

1210 1982 1283 2030 λὸν,
1298 1982 1357 2020 καὶ
1373 1983 1450 2020 τότε
1469 1982 1624 2035 ἐπήγαγε
1636 1998 1643 2005 ·
1664 1983 1735 2021 Καὶ
1751 1982 1953 2035 διεχώρισεν
1969 1985 1986 2020 6
2002 1983 2091 2026 Θεὸς
2106 1982 2236 2034 ἀναμέ-

1213 2058 1270 2081 σον
1285 2047 1344 2081 τοῦ
1361 2044 1490 2095 φωτὸς,
1503 2044 1564 2082 καὶ
1579 2043 1752 2094 ἀναμέσον
1768 2049 1827 2082 τοῦ
1841 2043 1982 2087 σκότους
1997 2044 2056 2082 καὶ
2071 2044 2234 2082 ἐκάλεσεν

1213 2106 1230 2142 6
1249 2104 1339 2148 Θεὸς
1357 2105 1396 2144 τὸ
1415 2107 1486 2157 φῶς
1501 2104 1650 2156 ἡμέραν,
1671 2105 1731 2143 καὶ
1751 2105 1790 2143 τὸ
1808 2104 1928 2148 σκότος
1948 2105 2091 2143 ἐκάλεσε
2108 2105 2234 2152 νύκτα,

1213 2165 1271 2204 καὶ
1291 2166 1380 2204 ἰδίαν
1393 2166 1470 2203 τινὰ
1486 2165 1605 2218 χώραν
1619 2166 1802 2215 ἀπένειμεν
1818 2166 1954 2218 ἑκάστῳ
1964 2196 1974 2215 ,
1987 2165 2084 2219 ὅρους
2097 2165 2194 2210 τινὰς
2203 2166 2236 2210 ἐξ

1212 2230 1323 2279 ἀρχης
1338 2227 1396 2264 καὶ
1417 2229 1455 2265 ἐκ
1473 2226 1666 2279 προοιμίων
1684 2227 1821 2265 εκάστω
1843 2243 1993 2279 πηγνυς,
2012 2227 2103 2266 ὥστε
2130 2230 2177 2270 εἰς
2197 2228 2236 2265 τὸ

1214 2285 1365 2332 οιηνεκες
1388 2285 1468 2324 τούτ
1471 2302 1527 2329 ους
1558 2289 1609 2324 ἀπ
1598 2286 1863 2339 αραποόίστους
1891 2285 2061 2338 διαφυλάτ
2063 2301 2145 2324 τ.ειν
2167 2286 2236 2324 Καὶ

1212 2362 1312 2384 τουτο
1327 2346 1436 2390 εξεστι
1451 2348 1596 2384 συνιοεῖν
1615 2346 1751 2384 ἑκάστω
1770 2363 1839 2385 των
1861 2350 1897 2385 εὖ
1920 2346 2148 2419 φρονούντων
2163 2364 2237 2390 πως

1214 2406 1282 2451 εἷ’
1267 2408 1396 2446 εκείνου
1426 2407 1531 2460 μέχρι
1560 2423 1619 2446 του
1639 2408 1807 2459 παρόντος
1832 2408 1909 2447 οὔτε
1928 2409 1967 2446 τὸ
1987 2410 2058 2460 φῶς
2082 2409 2234 2461 ὓπερέῧη

1213 2468 1290 2513 τοὺς
1309 2470 1452 2513 οἰκείους
1476 2470 1573 2521 ὅρους
1585 2499 1594 2516 ,
1613 2469 1690 2508 οὔτε
1708 2470 1747 2508 τὸ
1769 2469 1888 2514 σκότος
1906 2470 1969 2516 τὴν
1992 2470 2122 2509 οἰκείαν
2140 2470 2236 2515 τάξιν

1213 2532 1391 2581 παρῆλθε,
1419 2530 1584 2583 σύγχυσίν
1621 2547 1699 2569 τινα
1731 2531 1789 2569 καὶ
1812 2531 1955 2575 ἀταξίαν
1986 2531 2235 2584 ἐργασάμενον.

1215 2590 1284 2629 Καὶ
1302 2590 1370 2643 γὰρ
1386 2593 1502 2630 ἱκανὸν
1523 2592 1694 2631 καὶτοῦτο
1714 2593 1816 2643 μόνον
1837 2599 1907 2636 τοῖς
1927 2596 2138 2644 οἷγνιι)μονεῖν
2160 2597 2238 2645 βου·

1213 2652 1370 2702 λομένοις
1395 2653 1479 2705 πρὸς
1498 2653 1559 2701 τὴν
1575 2653 1684 2692 πειθὼ
1707 2653 1766 2692 καὶ
1790 2653 1853 2701 τὴν
1873 2654 2031 2700 ὑπακοὴν
2047 2656 2114 2691 τῶν
2139 2653 2236 2705 παρὰ

1213 2716 1274 2760 τῆς
1300 2713 1391 2757 Οείας
1420 2716 1560 2767 1“ρα;ρῆς
1579 2715 1774 2765 λεγομένων
1796 2717 2019 2765 εάναγαγεῖν,
2048 2713 2138 2753 ὥστε
2177 2731 2236 2764 μι-

1215 2776 1393 2825 μήσασθαι
1413 2774 1476 2812 κᾶν
1498 2779 1564 2813 τῶν
1586 2775 1768 2827 στοιχείων
1787 2774 1849 2821 τὴν
1868 2774 1963 2818 τάξιν
1978 2806 1987 2823 ,
2005 2778 2073 2812 τῶν
2092 2776 2236 2829 ἀπαρα-

1212 2835 1372 2874 πόδιστον
1401 2836 1599 2887 τηρούντων
1614 2837 1671 2874 τὸν
1689 2837 1830 2889 δρόμον,
1847 2837 1907 2874 καὶ
1939 2836 1987 2886 μὴ
2017 2835 2236 2889 ὑπερὸαίνειν

1211 2897 1255 2935 τὰ
1275 2899 1384 2935 οἰκεῖα
1411 2897 1539 2947 μέτρα,
1570 2897 1649 2936 ἀλλ’
1668 2898 1908 2949 ἐπιγινώσκειν
1937 2897 1999 2945 τὴν
2022 2898 2150 2936 οἰκείαν
2173 2898 2234 2951 φύ-

1211 2974 1279 2996 σιν.
1307 2952 1396 2996 Eira
1418 2958 1537 3006 ἐπειδὴ
1559 2959 1695 3011 ἑκάστῳ
1716 2958 1780 3005 τὴν
1799 2959 2033 3012 προσηγορίαν
2057 2959 2236 3007 ἐπέθηκεν,

1214 3019 1393 3071 ἀμφότερα
1415 3022 1462 3062 εἷς
1491 3020 1530 3058 τὸ
1559 3021 1641 3059 αὐτὸ
1662 3021 1864 3072 συναγαγών
1883 3037 1984 3072 φησι·
2002 3021 2072 3059 Καὶ
2102 3021 2237 3072 ἐγένετο

1214 3081 1341 3133 ἑσπέρα
1354 3110 1363 3127 ,
1381 3082 1439 3119 καὶ
1459 3081 1593 3129 ἐγένετο
1620 3079 1730 3133 πρωῒ,
1757 3082 1872 3134 ἡμέρα
1894 3082 1969 3132 μία.
1991 3082 2043 3120 Τὸ
2060 3081 2156 3125 τέλος
2174 3084 2236 3127 τῆς

1228 3209 1370 3252 savilio,
1389 3209 1563 3253 legendum
1587 3209 1726 3253 putabat
1744 3214 1809 3249 τοὺς
1831 3218 1874 3254 μὴ
1891 3218 2070 3255 ἀγνωμονεῖν
2084 3216 2233 3255 βουλομέ-

1230 3277 1302 3299 νους.
1321 3261 1446 3293 Boisius
1470 3275 1547 3294 xor«)
1573 3272 1632 3301 τοῖς
1650 3270 1694 3305 μὴ
1722 3270 1898 3306 ἀγνωμονεῖν
1920 3268 2121 3306 βουλομένας-
2143 3263 2230 3298 lllid.

1300 3339 1304 3344 .
1325 3322 1354 3345 vt
1373 3314 1507 3346 (iuislin.
1538 3321 1685 3358 ποιχεὶων
1703 3326 1760 3348 τῶν
1784 3319 2024 3359 ἀπαραπόδιστον
2052 3323 2099 3350 τᾶν
2124 3320 2234 3362 δρόμον

650 3364 793 3396 Andre-ns
824 3365 1001 3399 limum-u.
1031 3366 1190 3398 referente
1228 3382 1404 3411 rapa-‚arom
1427 3368 1501 3399 Mox
1521 3368 1599 3407 ΙὶιἯ.
1620 3379 1701 3400 unus
1720 3374 1771 3404 τὴν
1788 3371 1860 3402 itm
1880 3371 1967 3402 ι-ὐπν.

1879 3395 1891 3411 Υ

2414 156 2426 160 Ι
