2516 3791
81 2463 194 2494 Manli.
218 2471 265 2501 19.

82 2515 133 2545 29.

256 156 349 216 470
658 166 697 196 S.

254 249 528 303 cogitationibus
559 248 687 288 mentis
718 257 809 296 tuce,
830 244 980 297 accipito
1000 257 1045 280 ex
1065 242 1109 278 iis
1129 253 1207 291 qum

235 312 322 359 ‚tibi
352 311 523 349 dicuntur
552 319 687 348 certum
719 314 979 359 argumentum.
998 302 1089 339 Ecce
1114 300 1209 338 euim

257 374 363 412 Sarra
383 386 473 410 uxor
493 381 573 419 tua,
591 384 699 421 quam
712 376 814 420 putas
832 376 907 404 tum
924 371 1068 416 propter
1083 360 1211 400 sterili-

255 443 387 482 tatem,
417 443 494 471 tum
513 440 657 483 propter
682 428 818 466 scnium
843 439 968 478 parere
996 437 1066 461 non
1093 435 1209 474 posse,

257 495 332 548 ipsa
348 494 461 547 pariet
489 491 554 528 tibi
579 489 696 527 filium
714 504 721 524 :
738 497 771 525 et
791 496 831 524 ut
847 485 939 524 nihil
957 484 1111 531 haesites,
1133 496 1212 520 ecce

257 555 320 593 tibi
341 564 373 591 et
393 566 518 591 nomen
541 552 616 603 ejus
644 549 704 601 qui
729 557 893 587 nascetur
917 544 1211 600 praemonstrabO.

258 617 354 653 Eum
376 614 469 652 enim
487 612 547 663 qui
575 615 737 650 nascetur
762 608 907 649 vocabis
930 609 1041 646 Isaac.
1064 609 1118 646 Et
1139 620 1213 658 po-

261 690 350 714 nam
378 682 647 713 testamentum
683 685 808 710 meum
835 671 890 708 ad
916 683 1000 708 eum
1028 670 1070 706 in
1096 675 1214 707 testa-

260 745 432 775 mentum
465 737 752 788 sempiternum,
781 741 817 771 et
848 733 984 770 semini
1015 733 1098 782 ejus
1132 738 1217 780 post

262 812 360 837 eum.
378 797 447 835 Hic
477 796 607 835 etenim
626 805 677 834 est
692 808 798 846 quem
824 792 983 845 primum
1001 800 1034 829 et
1050 791 1095 828 ab
1113 789 1216 828 initio

262 859 328 897 tibi
345 858 514 911 promisi,
534 872 575 895 ac
589 857 625 894 in
637 856 706 894 hoc
721 853 972 908 promissiones
988 866 1074 889 meae
1093 850 1218 902 imple-

262 918 407 956 buntur.
430 917 584 955 Proinde
602 926 634 955 et
654 916 771 954 omnia
788 914 855 953 tibi
874 912 1029 966 praedico
1041 942 1052 961 ,
1071 925 1141 950 non
1162 925 1218 949 so-

264 980 341 1017 lum
368 979 465 1031 quod
497 979 697 1017 nasciturus
718 978 784 1026 sit,
807 976 868 1015 sed
886 985 919 1014 et
936 973 1115 1025 quomodo
1136 986 1218 1011 eum

263 1055 390 1080 vocare
404 1040 533 1079 debeas
546 1070 556 1090 ,
572 1049 677 1091 atque
697 1054 753 1078 me
768 1039 800 1077 ei
822 1037 1097 1076 constituturum
1114 1042 1219 1072 testa-

265 1110 425 1139 mentum
446 1116 567 1140 meum
588 1117 595 1137 :
615 1114 726 1152 neque
757 1100 826 1137 hoe
851 1098 982 1147 solum,
1014 1095 1075 1134 sed
1095 1098 1148 1134 Et
1164 1109 1221 1133 se—

268 1165 363 1200 mini
377 1164 456 1214 ejus
474 1170 559 1214 post
574 1176 675 1199 eum.
696 1159 834 1199 Deinde
852 1159 1011 1197 liberalis
1029 1156 1220 1205 Dominus,

268 1223 330 1274 qui
345 1238 482 1276 semper
507 1222 731 1261 accumulare
750 1222 836 1260 solet
853 1220 1023 1259 beneficia
1038 1249 1049 1268 ,
1069 1228 1102 1256 et
1119 1218 1223 1268 longe

269 1293 405 1323 nostras
433 1284 600 1322 excedere
630 1283 840 1337 petitiones,
872 1281 1042 1334 quoniam
1069 1289 1223 1318 mentem

266 1345 354 1398 justi
367 1354 541 1395 erexerat,
561 1354 594 1383 et
610 1359 673 1398 per
688 1359 728 1382 ea
743 1358 820 1396 quae
836 1342 1018 1396 promisit,
1038 1342 1108 1379 fere
1120 1357 1132 1394 J
1139 1354 1223 1379 uve-

270 1420 352 1444 nem
370 1420 415 1444 ex
434 1420 513 1444 sene
533 1407 659 1444 fecerat
670 1435 680 1454 ,
702 1418 855 1455 eumque
872 1404 934 1455 qui
952 1412 1114 1441 mortuus
1133 1411 1222 1452 erat,

272 1475 312 1503 ut
330 1466 380 1503 ita
400 1466 538 1515 dicam,
557 1465 675 1504 verbis
697 1464 903 1503 fecundat-at
914 1493 924 1513 ,
943 1462 1125 1500 beneficiis
1142 1475 1224 1499 eum

270 1527 482 1578 largissimis
497 1540 710 1579 prosequens
722 1556 733 1575 ,
755 1525 871 1576 inquit
888 1540 896 1561 ι
913 1525 960 1563 Et
975 1524 1050 1562 baec
1062 1523 1222 1576 quidem,

272 1601 352 1638 quae
372 1588 505 1625 scilicet
520 1587 690 1639 promisi,
707 1600 812 1638 opere
834 1584 1019 1638 complebo
1040 1600 1048 1621 t
1070 1594 1104 1622 et
1119 1584 1226 1622 etiam

273 1647 368 1699 quod
385 1647 431 1686 de
448 1648 597 1686 Ismaele
614 1647 764 1699 rogasti,
782 1646 972 1685 concedam
992 1646 1071 1683 tibi.
1094 1645 1228 1683 Audjvi

272 1710 367 1749 enim
393 1710 588 1748 orationem
617 1718 729 1757 tuam,
759 1709 821 1746 90.
843 1710 897 1746 Et
921 1708 1102 1745 benedixi
1125 1721 1226 1754 eum,

273 1781 308 1808 et
337 1773 483 1823 augebo
508 1785 593 1808 eum
613 1779 650 1808 et
670 1769 937 1820 multiplicabo
973 1782 1061 1806 eum
1087 1769 1228 1817 valde,

275 1833 408 1871 valde.
435 1834 651 1871 Duodecim
677 1839 810 1884 gentes
841 1832 1052 1883 generabit,
1070 1837 1107 1868 et
1129 1831 1230 1869 dabo

274 1907 359 1932 eum
376 1896 418 1930 in
430 1902 581 1946 gentem
595 1906 786 1945 magnam.
805 1891 1100 1943 Quandoquidem
1117 1892 1227 1941 enim,

274 1955 404 2006 inquit,
423 1969 539 1992 semen
552 1963 655 1992 tuum
670 1962 740 2003 est,
755 1953 806 1991 sic
819 1953 957 2005 augebo
974 1967 1071 2002 eum,
1089 1962 1124 1991 et
1137 1954 1230 1991 mul-

275 2016 446 2068 tiplicabo
464 2016 570 2055 valde
581 2046 591 2065 ,
611 2024 650 2053 ut
669 2014 859 2053 duodecim
887 2023 1006 2066 gentes
1025 2029 1072 2052 ex
1089 2029 1129 2053 eo
1150 2029 1231 2068 pro-

275 2077 412 2115 cedant.
428 2079 471 2115 91
484 2107 491 2114 .
515 2079 700 2116 Caeterum
723 2084 992 2115 testamentum
1012 2091 1136 2114 meum
1151 2085 1232 2114 sta-

278 2146 384 2176 tuam
418 2152 504 2176 cum
538 2141 667 2185 Isaac,
703 2152 814 2189 quem
856 2139 926 2175 tibi
959 2138 1078 2175 Sarra
1111 2139 1235 2188 pariet

279 2207 445 2251 tempore
467 2200 553 2244 hoe,
578 2212 683 2236 anno
711 2207 907 2250 sequente.
940 2197 1055 2246 Vide,
1075 2197 1234 2246 obsecro,

277 2260 352 2309 hic,
383 2260 532 2309 dilecte,
562 2258 740 2310 quomodo
769 2259 889 2311 justus
907 2258 943 2295 in
963 2271 1033 2295 uno
1066 2258 1237 2310 temporis

278 2330 458 2360 1110111011ῑο
483 2321 662 2359 mercedes
692 2320 807 2358 omnis
836 2319 1007 2372 temporis
1032 2319 1182 2371 accepit,
1205 2328 1238 2357 et

280 2383 467 2435 impletum
486 2391 537 2420 est
556 2381 649 2420 illud
667 2382 764 2433 quod
779 2381 943 2419 Christus
955 2379 1145 2432 discipulis
1165 2380 1238 2419 suis

280 2443 375 2482 dixit
397 2459 405 2480 :
432 2445 614 2495 Quisquis
649 2443 847 2494 reliquerit
874 2442 943 2480 vel
974 2449 1141 2493 patrem,
1176 2443 1240 2479 vel

282 2514 459 2554 matrem,
477 2507 544 2543 vel
562 2507 731 2552 domum,
749 2505 818 2541 vel
829 2503 983 2556 fratres
997 2510 1154 2554 propter
1173 2515 1239 2540 no-

283 2582 370 2605 men
390 2581 528 2615 meum,
549 2576 584 2605 et
605 2568 667 2604 hic
687 2565 910 2617 centuplum
936 2566 1111 2615 accipiet,
1130 2572 1166 2601 et
1181 2569 1241 2601 vi-

284 2636 363 2666 tam
377 2637 559 2667 oeternam
578 2628 800 2680 possidebit.
822 2624 1017 2664 Considera
1036 2624 1131 2662 enim
1150 2624 1240 2662 mihi

280 2691 418 2742 justum
449 2689 572 2737 illum,
599 2687 683 2740 quia
717 2695 856 2740 promte
886 2694 1064 2739 praeeeptO
1095 2685 1241 2723 Domini

285 2750 467 2797 obedivit,
485 2759 518 2788 et
534 2750 656 2787 relicta
681 2748 788 2787 domo
808 2757 954 2800 paterna
975 2746 1131 2800 praetulit
1158 2746 1242 2784 alie-

286 2825 368 2849 nam
388 2811 497 2848 natali
520 2826 527 2846 :
544 2809 722 2861 quomodo
749 2809 924 2861 paulatim
951 2808 1102 2846 multam
1120 2821 1190 2860 prae
1207 2821 1242 2845 se

286 2873 400 2910 ferens
417 2871 642 2924 patientiam,
662 2871 698 2908 in
716 2871 901 2922 fastigium
918 2869 1063 2909 virtutis
1078 2882 1242 2922 progres-

288 2948 349 2971 sus
363 2963 373 2982 ,
395 2933 442 2970 ita
471 2932 621 2970 illustris
641 2941 673 2970 et
692 2931 896 2984 spectabilis
919 2932 1034 2969 faetus
1054 2939 1122 2978 est,
1140 2939 1180 2968 ut
1199 2943 1244 2968 ex

287 3007 328 3031 eo
348 2993 419 3031 nati
435 2992 665 3030 multitudine
685 2992 788 3031 astris
807 2992 883 3030 caeli
898 2992 1139 3043 adaequentur.
1158 2991 1243 3029 For-

288 3063 378 3093 tasse
398 3055 425 3092 si
447 3055 526 3105 quis
558 3054 668 3107 probe
692 3054 777 3093 velit
798 3053 1016 3105 intelligere,
1040 3067 1109 3091 non
1129 3052 1242 3091 solum

289 3116 497 3168 centuplum
515 3116 648 3167 accepit
667 3116 724 3153 1110
739 3116 859 3168 justus
890 3115 972 3164 ille,
998 3113 1060 3153 sed
1079 3123 1242 3153 sexcenta

734 163 926 196 JOANNIS
963 159 1214 192 CHRYSOST.
1256 157 1466 187 ARCHIEP.
1506 156 1872 186 CONSTANTINOP-

1283 242 1344 276 τοῦ
1365 237 1413 288 μὴ
1439 238 1533 280 ὄντος
1549 237 1657 284 αὐτὴν
1679 237 1897 289 παρήγαγον,
1913 238 2033 290 πολλῷ
2051 237 2181 287 μᾶλλον
2197 236 2304 283 αὐτὴν

1283 299 1471 351 γενομένην
1486 299 1549 345 τὴν
1565 298 1666 350 φύσιν
1682 299 1742 336 καὶ
1753 298 1975 350 χωλεύουσαν
1995 299 2180 350 διορθῶσαι
2199 296 2304 342 δυνή-

1283 375 1403 410 σομαι.
1433 358 1512 397 Ἵνα
1538 359 1650 397 τοίνυν
1677 362 1814 412 θαῤῥεῐν
1835 359 1939 412 ἔχῃς,
1964 360 2067 397 ἄκουε
2093 358 2153 396 καὶ
2172 357 2306 409 διε-(έρ-

1284 424 1362 466 θητι
1374 449 1384 468 ,
1405 420 1555 463 καὶτοὺς
1572 421 1607 458 ἐν
1623 424 1666 472 τῇ
1685 421 1818 472 διανοίᾳ
1829 421 2016 471 λογισμούς
2031 435 2091 457 σου
2106 418 2309 464 κινηθέντας

1284 481 1553 535 παρωσάμενος,
1570 480 1672 533 ’δέχου
1689 481 1812 527 ἱκανὴν
1831 479 2069 532 πληροφορίαν
2085 482 2124 518 ἐκ
2139 482 2208 516 τῶν
2223 480 2306 530 παρ’

1286 546 1369 594 ἐμοῦ
1385 543 1593 596 λεγομένων.
1611 542 1700 581 Ἰδοὺ
1717 541 1783 594 γὰρ
1799 543 1922 595 Σάῤῥα
1940 546 1961 588 ἡ
1982 541 2068 592 γυνή
2089 556 2150 578 σου
2162 570 2171 586 ,
2190 541 2233 586 ἢν
2247 555 2309 577 νο-

1288 605 1395 656 μίζεις
1413 605 1469 643 διά
1486 621 1524 642 τε
1543 604 1605 651 τὴν
1624 604 1819 656 στείρωσιν,
1837 603 1893 640 διά
1907 619 1944 640 τε
1960 602 2000 640 τὸ
2017 605 2126 655 γ’ἧρας
2143 601 2310 640 ἀδύνατον

1286 668 1406 706 λοιπὸν
1436 672 1561 714 τεκεῖν,
1582 666 1670 713 αὕτη
1695 665 1829 710 τέξεταί
1853 680 1907 703 σοι
1933 664 2018 712 υἱόν.
2053 663 2122 702 Καὶ
2144 663 2201 700 ἵνα
2222 661 2310 713 μηδὲ

1289 728 1522 781 ἀμφιῧοὶλλειν
1543 728 1644 780 ἔχῃς,
1670 725 1741 765 ἰδού
1762 742 1817 765 σοι
1837 725 1896 764 καὶ
1912 725 1975 772 τὴν
1995 724 2230 778 προσηγορίαν
2252 725 2310 761 τοῦ

1288 789 1492 840 τικτομένου
1512 788 1715 841 προμηνύω.
1735 787 1806 826 Τὸν
1830 787 1897 840 γὰρ
1924 786 2128 837 τικτόμενον
2154 784 2313 826 καλέσεις

1289 850 1426 889 Ἰσαάκ.
1446 850 1540 902 Πρὸς
1567 849 1633 902 γὰρ
1666 851 1795 888 ἐκεῖνον
1818 850 1938 896 στήσω
1968 848 2030 896 τὴν
2060 846 2228 894 διαθήκην
2248 861 2312 897 μου

1290 914 1337 955 εἷς
1358 911 1526 957 διαθήκην
1544 911 1697 957 αἰώνιον,
1729 911 1789 949 καὶ
1820 913 1868 962 τῷ
1904 909 2082 962 σπέρματι
2112 911 2215 947 αὐτοῦ
2238 909 2313 958 μετ’

1292 971 1407 1009 αὐτόν.
1427 966 1540 1014 Οῧτος
1571 971 1638 1023 γάρ
1659 973 1766 1020 ἐστιν,
1787 972 1823 1009 ὃν
1852 971 1888 1015 ἐξ
1917 973 2028 1022 ἀρχῆς
2047 969 2106 1008 καὶ
2135 971 2173 1007 ἐκ
2195 983 2316 1021 προοι-

1293 1032 1380 1084 μίων
1399 1048 1453 1070 σοι
1478 1031 1698 1084 ὑπεσήόμην,
1723 1033 1782 1070 καὶ
1803 1035 1851 1075 εἷς
1876 1036 1996 1070 τοῦτον
2017 1032 2060 1069 τοι
2080 1035 2142 1077 τῆς
2165 1033 2314 1081 ἐπαγγε·

1290 1093 1368 1137 λίας
1385 1096 1447 1140 τῆς
1467 1094 1554 1144 ἕμῆς
1569 1093 1853 1145 πληρωθήσεται.
1873 1092 1936 1130 Διὸ
1952 1093 2011 1130 καὶ
2028 1092 2143 1130 πάντα
2159 1107 2213 1129 σοι
2227 1106 2317 1143 προ-

1293 1153 1407 1206 λέγω,
1425 1157 1490 1206 οὐχ
1508 1154 1560 1192 ὅτι
1581 1153 1716 1198 τέξεται
1747 1154 1866 1205 μόνον,
1897 1154 1987 1192 ἀλλὰ
2006 1153 2065 1192 καὶ
2091 1154 2186 1196 ὅπως
2215 1152 2319 1191 αὐτὸν

1294 1216 1473 1264 καλέσεις,
1492 1215 1552 1254 καὶ
1577 1216 1631 1254 ὅτι
1650 1216 1736 1268 πρὸς
1768 1216 1871 1254 αὐτὸν
1890 1215 1953 1262 τὴν
1974 1215 2144 1262 διαθήκην
2165 1230 2229 1266 μου
2254 1213 2319 1260 θή-

1297 1293 1424 1328 σομαι,
1447 1278 1506 1315 καὶ
1533 1279 1570 1316 οὖ
1599 1282 1701 1316 τοῦτο
1723 1278 1841 1328 μόνον,
1863 1277 1954 1315 ἀλλὰ
1983 1277 2054 1316 Καὶ
2073 1280 2122 1329 τῷ
2144 1276 2321 1328 σπέρματι

1297 1341 1400 1378 αὐτοῦ
1422 1341 1497 1390 μετ’
1519 1339 1633 1377 αὐτόν.
1652 1333 1743 1377 Εἶτα
1759 1342 1776 1377 ὁ
1795 1339 1974 1391 φιλότιμος
1994 1338 2048 1376 ἀεὶ
2062 1345 2138 1382 ταῖς
2153 1340 2296 1390 δωρεαῖς
2310 1365 2320 1384 ,

1296 1400 1355 1438 καὶ
1373 1400 1434 1443 τὰς
1455 1399 1610 1446 αἰτήσεις
1623 1402 1724 1450 ἡμῶν
1739 1401 1778 1438 ἐκ
1791 1401 1922 1438 πολλοῦ
1939 1403 1998 1437 τοῦ
2015 1398 2193 1451 περιόντος
2212 1401 2323 1450 ὑπερ-

1298 1461 1531 1512 δαλλόμενος,
1562 1461 1684 1509 ἐπειδὴ
1716 1461 1919 1508 διανέστησε
1939 1465 1999 1500 τοῦ
2020 1461 2154 1500 δικαίου
2178 1461 2218 1499 τὸ
2236 1460 2323 1513 φρά-

1296 1537 1412 1573 νημα,
1441 1523 1500 1561 καὶ
1521 1523 1645 1575 σχεδὸν
1676 1525 1797 1568 εἰπεῖν,
1829 1524 1872 1561 δι’
1901 1517 1949 1561 ὧν
1984 1522 2158 1575 ὑπέσχετο
2188 1521 2262 1560 νέον
2285 1522 2324 1558 ἐκ

1297 1582 1456 1634 γέροντος
1481 1583 1540 1621 τὸν
1559 1583 1764 1635 πρεσὸύτην
1787 1583 1974 1635 εἰργάσατο
1988 1614 1997 1631 ,
2020 1583 2079 1621 καὶ
2106 1582 2163 1621 τὸν
2186 1581 2321 1634 νεκρὸν,

1298 1646 1345 1688 ὡς
1363 1647 1485 1694 εἰπεῖν,
1504 1645 1587 1683 ὄντα
1603 1645 1659 1682 διὰ
1677 1648 1747 1683 τῶν
1766 1646 1931 1697 ῥημάτων
1949 1645 2190 1696 ἐζωογόνησεν,
2207 1644 2323 1681 ἐπιδα-

1300 1705 1524 1757 ψιλευόμενος
1547 1711 1623 1748 ταῖς
1649 1706 1861 1758 εὐεργεσίαις
1885 1706 1994 1757 φησί·
2020 1706 2080 1744 καὶ
2104 1709 2216 1743 ταῦτα
2237 1704 2326 1755 ἅπερ

1301 1767 1509 1819 ὑπεσχόμην
1534 1769 1581 1810 εἷς
1600 1766 1697 1819 ἔργον
1728 1766 1799 1811 ἄξω
1813 1797 1822 1814 ,
1847 1767 1906 1805 καὶ
1928 1768 2016 1818 μετὰ
2035 1767 2158 1806 τούτου
2178 1766 2237 1805 καὶ
2262 1764 2327 1812 τὴν

1303 1829 1385 1881 περὶ
1415 1830 1472 1867 τὸν
1506 1828 1660 1880 Ἰσμαὴλ
1694 1829 1918 1881 παράκλησιν
1954 1829 2175 1881 ἃδεξοίμενος.
2209 1827 2328 1873 Ἐπή-

1306 1905 1416 1929 κουσα
1442 1890 1510 1943 γάρ
1539 1906 1599 1928 σου
1627 1893 1690 1936 τῆς
1721 1890 1889 1939 δεήσεως,
1918 1891 1978 1929 καὶ
2011 1890 2184 1943 εὖλόγηκα
2215 1887 2328 1926 αὐτόν.

1307 1951 1457 1999 Αὐξήσω
1492 1952 1593 1990 αὐτὸν
1631 1951 1690 1990 καὶ
1719 1953 1885 1999 πληθυνῶ
1924 1952 2026 1990 αῧτὸν
2064 1951 2214 2004 σφόδρα,
2248 1948 2330 2001 σφό-

1308 2014 1384 2065 δρα.
1412 2013 1560 2052 Δώδεκα
1596 2013 1675 2059 ἔθνη
1710 2013 1894 2065 γεννήσει,
1927 2014 1987 2052 καὶ
2017 2013 2119 2052 δώσω
2148 2013 2251 2051 αὐτὸν
2285 2014 2332 2055 εἷς

1306 2074 1398 2118 ἔθνος
1428 2075 1531 2126 μέγα.
1549 2075 1697 2122 Ἐπειδὴ
1725 2074 1814 2127 γὰρ,
1844 2074 1952 2127 φησὶ,
1977 2075 2036 2113 σὸν
2063 2074 2205 2127 σπέρμα
2224 2074 2331 2120 ἐστὶν,

1305 2133 1415 2178 οὕτως
1437 2135 1540 2173 αὐτὸν
1568 2135 1729 2181 αὐξήσω,
1748 2136 1807 2173 καὶ
1827 2137 1992 2180 πληθυνῶ
2024 2135 2175 2188 σφόδρα,
2197 2137 2243 2179 ὡς
2263 2135 2333 2173 δώ-

1307 2197 1392 2233 δεκα
1411 2195 1490 2242 ἔθνη
1519 2195 1555 2239 ἐξ
1579 2199 1682 2234 αὐτοῦ
1711 2197 1922 2242 δ1αδοθῆναι.
1941 2195 1998 2234 Τὰ
2027 2196 2144 2247 μέντοι
2169 2198 2232 2242 τῆς
2258 2197 2332 2233 δια-

1308 2257 1417 2304 θήκης
1445 2259 1506 2303 τῆς
1536 2255 1624 2308 ἐμῆς
1651 2257 1771 2304 στήσω
1795 2257 1881 2309 πρὸς
1900 2256 2041 2304 Ἰσαὰκ,
2063 2257 2099 2295 ὃν
2120 2256 2254 2301 τέξεταί
2280 2272 2335 2295 σοι

1308 2319 1431 2370 Σοίῤῥα
1451 2320 1498 2361 εἷς
1522 2318 1580 2356 τὸν
1598 2319 1717 2371 καιρὸν
1736 2321 1869 2364 τοῦτον,
1894 2320 1928 2356 ἐν
1947 2321 1996 2371 τῷ
2018 2320 2165 2370 ἐνιαυτῷ
2184 2321 2234 2371 τῷ
2254 2319 2332 2356 δευ-

1309 2379 1411 2431 τέρῳ.
1425 2378 1522 2430 <Ὀροι
1544 2395 1603 2430 μοι
1622 2381 1770 2418 ἐνταῦθα
1782 2410 1791 2428 ,
1810 2379 1991 2431 ἀγαπητὲ,
2013 2379 2105 2423 ὅπως
2127 2382 2161 2418 ἐν
2179 2386 2244 2431 μιᾷ
2259 2396 2336 2418 και-

1313 2445 1371 2492 ροῦ
1404 2443 1492 2494 ῥοπῇ
1516 2442 1534 2478 ὃ
1564 2440 1694 2484 δίκαιος
1725 2441 1852 2484 παντὸς
1871 2445 1932 2478 τοῦ
1956 2441 2080 2493 χρόνου
2105 2441 2166 2485 τὰς
2189 2441 2338 2492 ἀμοιὸὰς

1313 2501 1522 2552 ἐκομίσατο,
1550 2501 1609 2540 καὶ
1638 2503 1832 2554 ἐπληροῦτο
1852 2503 1962 2540 ἐκεῖνο
1980 2502 2019 2540 τὸ
2039 2503 2137 2556 παρὰ
2167 2507 2227 2541 τοῦ
2247 2505 2336 2556 Χρι-

1315 2567 1395 2602 στοῦ
1411 2569 1482 2606 τοῖς
1499 2567 1670 2614 μαθηταῖς
1686 2563 1880 2616 εἰρημένον,
1896 2563 1949 2602 ὅτι
1965 2563 2089 2608 ηΟστις
2103 2565 2143 2602 ἂν
2159 2565 2337 2617 καταλίπῃ

1314 2623 1485 2677 πατέραῆ
1507 2624 1661 2677 μητέρα,
1684 2624 1706 2671 ἢ
1732 2625 1843 2663 οἰκίαν
1862 2624 1882 2671 ἢ
1904 2625 2070 2677 ἀδελφοὺς
2087 2626 2142 2664 διὰ
2164 2626 2203 2664 τὸ
2231 2626 2340 2677 ὄνομά

1280 2716 1289 2726 ,
1317 2701 1403 2737 μου,
1440 2686 1499 2724 καὶ
1530 2687 1678 2724 ἐνταῦθα
1707 2686 2051 2724 ἑκατονταπλασίονα
2080 2686 2254 2739 λήψεται,
2281 2687 2340 2726 καὶ

1315 2747 1405 2794 ζωὴν
1436 2747 1573 2786 αἰώνιον
1605 2747 1874 2799 κληρονομήσει.
1902 2747 2090 2795 Ἐννόησον
2116 2750 2184 2801 γάρ
2206 2765 2265 2800 μοι
2283 2750 2341 2788 τὸν

1316 2808 1445 2848 δίκαιον
1459 2812 1592 2857 τοῦτον,
1610 2808 1730 2854 ἐπειδὴ
1754 2808 1901 2859 ἑτοίμως
1920 2810 2098 2856 ὑπήκουσε
2117 2813 2167 2862 τῷ
2186 2811 2342 2863 προστά-

1315 2886 1425 2920 γματι
1443 2874 1502 2907 τοῦ
1524 2869 1718 2914 Δεσπότου,
1733 2869 1792 2907 καὶ
1812 2870 2016 2909 καταλιπὼν
2037 2871 2100 2918 τὴν
2125 2871 2253 2910 οἰκείαν
2274 2887 2341 2909 πα-

1316 2931 1417 2983 τρίδα
1450 2930 1666 2983 προετίμησε
1699 2929 1761 2976 τὴν
1791 2932 1978 2984 ἀλλοτρίαν
2016 2935 2077 2979 τῆς
2110 2933 2314 2983 ἐνεγκούσης
2333 2963 2342 2979 ,

1316 2992 1409 3036 ὅπως
1427 2992 1517 3030 κατὰ
1539 2992 1661 3044 μικρὸν
1680 2991 1814 3038 πολλὴν
1842 2992 1903 3039 τὴν
1923 2993 2102 3044 ὑπομονὴν
2122 2992 2343 3044 ἐπιδειξάμε-

1317 3069 1389 3100 νος,
1419 3054 1477 3092 καὶ
1510 3055 1556 3097 εἰς
1588 3054 1697 3105 ἄκραν
1730 3054 1856 3105 ἀρετῆς
1884 3054 2037 3106 κορυφὴν
2057 3054 2222 3103 ἀνελθὼν,
2252 3054 2343 3092 οὕτω

1318 3114 1548 3166 περίῧλετιτος
1565 3114 1684 3166 γέγονε
1700 3115 1758 3152 καὶ
1776 3115 1988 3167 περιφανὴς,
2007 3118 2053 3159 ὡς
2068 3119 2118 3168 τῷ
2133 3116 2260 3162 πλήθει
2276 3119 2343 3154 τῶν

335 3253 348 3267 ³
373 3247 533 3284 Δεξάμενος
547 3240 600 3273 11ἰο
617 3242 753 3273 omnino
771 3242 933 3283 passixam
949 3239 1224 3284 significationem
1243 3239 1301 3272 lia-
1335 3239 1525 3282 hujusmodi
1550 3248 1718 3272 occurrat.
1749 3240 1804 3273 Sic
1839 3248 1949 3273 tamen
1979 3239 2102 3273 habent
2126 3252 2240 3274 omnes
2268 3253 2344 3274 cum

291 3294 368 3327 beat
385 3300 539 3336 oportet,
555 3300 592 3324 ut
612 3304 686 3325 011111
703 3291 783 3325 serie
801 3292 964 3335 quadret,
981 3293 1074 3335 quasi
1087 3290 1180 3325 dicas
1195 3295 1302 3337 δεχθη-
1336 3291 1426 3323 Editi
1445 3299 1513 3323 tum
1542 3292 1766 3335 Manuseripti·
1783 3292 1904 3333 [Coisl.
1932 3295 2069 3335 δέξομαι,
2085 3292 2175 3336 quod
2200 3292 2342 3336 probau—

293 3354 429 3383 σονς-ως,
457 3352 661 3387 accepturus,
694 3346 731 3375 At
761 3345 870 3377 nescio
898 3356 938 3377 an
965 3344 1088 3386 uspiam
1117 3343 1301 3386 exemplum
1338 3343 1416 3376 1111111
1436 3342 1593 3385 videtur]
