2516 3791
684 176 728 205 ΙΝ
764 176 867 205 CM).
906 175 1003 205 XIV.

112 278 226 315 μενον.
254 260 299 299 Ὁ
326 260 394 312 γὰρ
416 257 658 311 φιλάνθρωπος
684 260 784 308 ἡμῶν
816 257 1017 303 Δεσπότης,
1050 254 1132 294 ὅταν

109 323 165 374 ἴδῃ
186 323 426 374 ὑπερορῶντας
439 323 534 368 ἡμᾶς
552 322 620 357 τῶν
639 319 834 373 παρόντων,
852 317 940 368 μετὰ
955 317 1133 370 δαψιλείας

109 383 169 423 καὶ
188 388 297 422 ταῦτα
316 380 484 433 παρέχει,
499 380 558 418 καὶ
578 382 648 418 τῶν
671 379 867 429 μελλόντων
888 383 974 429 ἡμῖν
994 381 1132 429 ἀγαθῶν

109 445 172 490 τὴν
191 442 385 482 ἀπόλαυσιν
405 441 623 491 ταμιεύεται.
656 440 726 478 Καὶ
753 444 853 478 τοῦτο
871 440 930 477 καὶ
959 439 1016 478 ἐπὶ
1037 453 1132 490 χρη-

111 502 252 553 μάτων,
272 500 332 539 καὶ
363 500 420 539 ἐπὶ
438 502 501 545 τῆς
532 499 631 546 δόξης
661 503 721 537 τοῦ
748 499 917 550 παρόντος
950 497 1046 548 βίου,
1074 496 1134 534 καὶ

110 563 169 600 ἐπὶ
194 563 335 601 πάντων
368 564 438 599 τῶν
468 560 645 612 ἐπικήριον
679 560 900 613 πραγμάτων
929 559 1021 598 ἐστὶν
1052 559 1133 596 ἰδεῖν

109 622 301 675 γινόμενον.
325 624 608 674 Καταφρονῶμεν
627 621 741 660 τοίνυν
762 624 822 659 τοῦ
836 619 1006 673 παρόντος
1024 617 1136 656 πλού-

109 699 170 722 του
182 713 192 730 ,
208 683 266 723 ἵνα
282 683 339 722 τὸν
360 684 473 729 ἀληθῆ
489 683 639 720 πλοῦτον
657 684 768 733 εὑρεῖν
785 682 987 729 δυνηθῶμεν
1000 694 1008 702 ·
1029 680 1134 728 ὑπερ-

111 744 239 794 ίδωμεν
265 747 327 790 τῆς
361 746 462 789 κενῆς
491 742 618 788 ταύτης
654 741 775 788 δόξης,
804 740 860 778 ἵνα
891 743 954 786 τῆς
987 741 1135 785 ἀληθοῦς

111 804 244 851 ἐκείνης
272 804 332 842 καὶ
363 803 506 855 βεὸαίας
536 801 793 852 ἀπολαύσωμεν
809 816 817 824 ·
837 799 1134 851 καταγελάσωμεν

110 867 172 912 τῆς
199 865 376 916 παρούσης
407 863 612 916 εὐημερίας,
633 862 689 900 ἵνα
713 863 782 900 τῶν
813 860 1022 913 ἀποῤῥήτων
1047 859 1135 898 ἐκεί·

111 942 178 964 νων
194 927 332 977 ἀγαθῶν
348 924 568 976 ἐπιτύχωμεν
579 939 588 947 ·
602 922 710 974 μηδὲν
723 921 892 974 ἡγώμεθα
906 920 949 959 τὰ
964 920 1134 973 παρόντα,

110 986 167 1024 ἵνα
185 986 270 1038 πρὸς
284 986 342 1025 τὸν
361 989 430 1024 τῶν
447 985 644 1036 μελλόντων
665 983 768 1023 πόθον
792 983 1010 1035 διεγερθῆναι
1034 983 1135 1028 δυνη-

110 1050 238 1098 θῶμεν.
264 1046 374 1086 οΟὐδὲ
392 1046 460 1100 γὰρ
485 1040 554 1085 οἶόν
581 1061 619 1084 τε
648 1045 708 1084 τὸν
741 1050 812 1088 τοῖς
842 1048 993 1096 παροῦσι
1022 1059 1135 1096 προσ-

110 1107 289 1157 ηλωμένον
311 1107 452 1146 ἐκείνων
473 1110 543 1145 τῶν
562 1105 770 1159 ἀπορρήτων
792 1108 932 1158 ἀγαθῶν
952 1105 1010 1144 τὸν
1028 1104 1134 1144 πόθον

111 1169 344 1214 καταδέξαθαί
369 1184 467 1216 ποτε,
487 1168 645 1221 καθάπερ
661 1168 778 1220 λήμης
796 1169 886 1212 τινὸς
905 1174 975 1211 τοῖς
1003 1169 1132 1220 ὀφθαλ-

114 1236 191 1281 μοῖς
215 1235 275 1270 τοῦ
305 1230 468 1280 σώματος
489 1229 725 1281 ἐπικειμένης,
754 1228 845 1267 οὕτω
870 1231 934 1274 τῆς
965 1232 1034 1268 τῶν
1065 1245 1136 1268 πα-

114 1291 242 1344 ρόντων
262 1291 446 1342 ἐπιθυμίας
474 1291 664 1337 σκοτούσης
685 1290 742 1329 τὸν
770 1289 960 1342 λογισμὸν,
987 1290 1048 1328 καὶ
1074 1291 1136 1328 οὐκ

113 1351 272 1403 ἀφιείσης
294 1352 441 1390 συνιδεῖν
461 1367 495 1389 τι
513 1354 582 1389 τῶν
601 1350 760 1389 δεόντων.
778 1352 863 1389 Οὐδ’
886 1343 929 1388 αῧ
951 1350 1056 1388 πάλιν
1077 1350 1135 1388 δυ-

111 1412 214 1450 νατὸν
241 1412 300 1450 τὸν
327 1412 407 1465 περὶ
427 1413 541 1451 ἐκεῖνα
558 1411 603 1449 τὰ
625 1411 775 1458 ἀκίνητα
790 1411 851 1449 καὶ
874 1410 1000 1462 βέὸαια
1019 1410 1135 1462 ἀγαθὰ

112 1472 170 1510 τὸν
200 1473 304 1512 πόθον
331 1472 477 1524 ἔχοντα,
495 1472 626 1512 τούτων
644 1475 713 1510 τῶν
735 1472 931 1524 ἐπικήρων,
964 1473 1025 1512 καὶ
1053 1472 1135 1524 πρὶν

111 1530 134 1578 ἢ
160 1535 309 1583 φανῆναι
340 1531 605 1584 ἀφιπταμένων,
634 1531 694 1570 καὶ
724 1532 988 1584 μαραινομένων
1019 1533 1137 1570 ἐπιθυ-

112 1591 197 1643 μίαν
218 1593 295 1631 τινὰ
317 1593 448 1632 λαὸεἷν.
468 1593 513 1631 ‘O
531 1592 599 1644 γὰρ
618 1592 761 1645 τρωθεὶς
786 1595 836 1644 τῷ
857 1592 944 1644 πρὸς
963 1593 1019 1631 τὸν
1045 1593 1137 1632 Θεὸν

111 1653 220 1704 πόθῳ,
239 1653 299 1691 καὶ
317 1653 380 1700 τὴν
399 1657 468 1692 τῶν
486 1654 682 1706 μελλόντων
699 1654 886 1704 ἐπιθυμίαν
905 1653 1137 1703 κτησάμενος,

112 1712 242 1765 ἑτέροις
255 1715 444 1766 ὀφθαλμοῖς
462 1717 527 1767 ὁρᾷ
542 1717 609 1752 τῶν
625 1713 807 1767 παρόντων
824 1714 888 1760 τὴν
905 1714 1136 1762 κατάστασιν,

111 1775 172 1812 καὶ
192 1769 281 1813 οἶδεν
302 1776 354 1814 ὅτι
374 1779 497 1828 σχῆμα
524 1775 615 1819 ἅπας
632 1778 648 1814 ὃ
668 1774 791 1829 παρὼν
818 1775 902 1827 βίος,
922 1775 982 1814 καὶ
1002 1776 1136 1822 ἀπάτη,

112 1837 174 1874 καὶ
193 1836 378 1888 ὀνειράτων
398 1836 494 1874 οὐδὲν
510 1836 699 1888 διενήνοχε.
726 1836 794 1874 Διὰ
810 1839 912 1874 τοῦτο
926 1836 986 1874 καὶ
1013 1839 1032 1874 ὁ
1063 1851 1137 1887 μα-

112 1896 233 1950 κάριος
251 1898 393 1940 Παῦλος
411 1897 508 1950 ἔλεγε
522 1897 678 1950 γράφων,
697 1897 860 1950 Παράγει
878 1897 946 1948 γὰρ
959 1896 998 1935 τὸ
1014 1899 1139 1949 effigiet

114 1962 174 1996 τοῦ
195 1957 327 2008 κόσμου
350 1958 485 2006 τούτου,
506 1957 640 2001 δεικνὺς
666 1957 719 1995 ὅτι
740 1957 886 1996 ἕκαστον
907 1959 976 1995 τῶν
1002 1960 1139 2009 ἀνθρω-

113 2018 223 2058 πίνων
243 2020 278 2057 ἐν
307 2020 468 2072 σχεήματι
489 2019 592 2071 μόνον
611 2019 704 2067 ἐστὶ,
724 2019 783 2057 καὶ
800 2019 959 2073 καθάπερ
978 2018 1060 2058 σκιὰ
1079 2018 1139 2057 καὶ

113 2080 199 2133 ὄναρ
218 2081 448 2134 παρατρέχει,
467 2080 564 2120 οὐδὲν
592 2081 730 2128 ἀληθὲς,
751 2081 847 2120 οὐδὲν
869 2081 1010 2132 βέδαιον
1041 2081 1136 2132 ἔχον.

115 2142 200 2186 Πῶς
218 2136 275 2180 οῧν
293 2145 353 2180 οὐκ
373 2143 414 2180 ἂν
430 2143 483 2189 εἴη
506 2145 672 2190 παιδικῆς
691 2142 843 2186 διανοίας
861 2143 944 2196 περὶ
958 2141 1020 2187 τὰς
1038 2141 1140 2186 σκιὰς

114 2204 327 2251 ἐπτοῆσθαι,
349 2203 408 2242 καὶ
427 2203 484 2242 ἐπὶ
509 2203 664 2256 ὀνείρασι
689 2203 780 2256 μέγα
800 2210 934 2256 φρονεῖν
946 2234 956 2253 ,
975 2204 1037 2242 καὶ
1056 2203 1139 2252 τού-

113 2280 185 2308 τοις
204 2265 479 2316 προστετηκέναι
507 2269 579 2307 τοῖς
598 2264 722 2317 μικρὸν
753 2263 895 2318 ὕστερον
914 2254 1140 2317 παρερχομέ-

114 2340 200 2372 νοις;
234 2324 396 2376 Παράγει
425 2325 514 2377 γὰρ,
550 2325 656 2378 φησὶ,
688 2325 728 2363 τὸ
759 2327 884 2378 σχῆμα
914 2329 974 2363 τοῦ
1007 2325 1140 2374 κόσμου

114 2385 249 2424 τούτου.
268 2384 382 2424 σΟταν
406 2385 558 2438 ἀκούσῃς
572 2386 627 2426 ὅτι
647 2385 822 2439 Παράγει,
840 2385 876 2424 τί
893 2385 1013 2424 λοιπὸν
1035 2385 1139 2424 πλέον

114 2448 252 2494 ζητεῖς,
275 2446 358 2485 ὅταν
378 2447 529 2500 ἀκούσῃς
558 2446 612 2485 ὅτι
633 2451 758 2500 σχῆμα
787 2447 890 2498 μόνον
919 2446 995 2485 ἐστὶ
1022 2446 1141 2485 πάντα

115 2507 159 2545 τὰ
177 2508 393 2560 ἀνθρώπινα,
409 2508 574 2555 ἀληθείας
586 2508 703 2562 ἔρημα
717 2507 949 2561 τυγχάνοντα,
963 2506 1054 2551 τίνος
1070 2507 1142 2546 ἕνε-

115 2585 173 2606 κεν
192 2568 281 2607 ἑκὼν
308 2569 372 2616 τὴν
403 2569 543 2617 ἀπάτην
570 2570 765 2621 ὑπομένεις,
790 2569 852 2608 καὶ
869 2570 934 2607 οὐκ
953 2571 1075 2608 ἐννοῶν
1103 2568 1142 2606 τὸ

116 2629 374 2680 εὗμετάὸλητον
387 2660 398 2678 ,
417 2631 457 2670 τὸ
479 2629 661 2678 ἀὸέὸαιον,
680 2634 792 2669 ταῦτα
812 2629 875 2682 μὲν
895 2628 1142 2684 παρατρέχεις,

114 2691 195 2744 περὶ
224 2693 339 2730 ἐκεῖνα
360 2691 396 2730 δὲ
425 2691 487 2739 τὴν
516 2691 702 2743 ἐπιθυμίαν
726 2692 888 2745 μετάγεις
919 2691 963 2729 τὰ
991 2690 1143 2728 διαιωνί-

117 2753 241 2801 ζοντα,
265 2751 310 2791 τὰ
339 2752 509 2802 ἀκίνητα,
535 2752 580 2792 τὰ
610 2753 755 2805 βέὸαια,
779 2753 824 2792 τὰ
855 2751 1054 2804 μεταὸολὴν
1083 2753 1144 2790 οὐκ

116 2813 368 2866 ἐπιδεχόμενα,

167 2874 248 2914 Ἵνα
270 2875 338 2928 γὰρ
361 2875 474 2929 μάθῃς
498 2875 562 2923 τὴν
591 2875 726 2914 σύνεσιν
751 2879 812 2914 τοῦ
839 2874 1051 2915 διδασκάλου
1081 2877 1144 2921 τῆς

118 2936 343 2986 οἰκουμένης,
373 2938 438 2989 ὅρα
467 2937 570 2976 αὐτὸν
606 2939 761 2990 ἀλλαχοῦ
798 2936 904 2975 πάλιν
937 2935 1145 2988 βουλόμενον

119 2996 227 3041 δεῖξαι
256 2997 396 3036 πάντων
429 3000 498 3036 τῶν
523 3000 558 3037 ἐν
586 3000 636 3050 τῷ
667 2998 814 3049 παρόντι
839 2997 904 3050 βίῳ
922 2998 1076 3050 φαιδρῶν
1104 2997 1144 3034 τὸ

117 3059 325 3110 οὖδαμινὸν,
349 3059 404 3112 οἵα
425 3058 516 3103 λέξει
546 3059 723 3112 ἐχρήσατο
754 3058 881 3098 εἰπών·
899 3058 958 3097 Τὰ
977 3057 1045 3111 γὰρ
1066 3058 1143 3108 βλε-

164 3177 178 3192 ·
202 3170 274 3202 οὐδὲ
299 3172 359 3212 γὰρ
383 3168 442 3201 οἷον
467 3180 499 3200 τε
519 3172 584 3197 etc.
607 3163 729 3208 Neque
753 3165 840 3196 enim
847 3161 939 3208 fieri
951 3169 1080 3207 potest,
1100 3169 1134 3193 ut

122 3217 182 3263 qui
203 3219 420 3263 proesentibus
448 3225 495 3250 est
517 3216 690 3255 addictus,
719 3214 949 3257 ineffabillum
976 3214 1135 3246 bonorum

121 3270 320 3302 desiderium
338 3270 506 3313 concipiat
523 3279 692 3312 umquam.
707 3267 800 3299 Mens
816 3265 1051 3310 Chrysostom'i
1065 3273 1114 3298 est
1126 3292 1134 3306 ,

124 3335 190 3356 non
206 3333 303 3367 posse
319 3332 394 3353 eum
410 3321 467 3363 qui
479 3319 577 3353 rebus
594 3316 809 3362 praesentibus
825 3319 869 3351 sit
881 3316 1038 3351 addictus
1049 3344 1057 3359 ‚
1075 3329 1137 3349 cze-

337 3379 434 3403 Tou.
473 3379 526 3402 iv.

1041 172 1201 203 GENES.

1243 170 1398 201 nomi„
1438 169 1582 199 XXXV·

2065 159 2091 214 ᾗ
2107 176 2114 201 ι
2131 172 2159 218 7‘

1207 253 1381 292 bonorum
1413 250 1568 289 fructum
1599 249 1770 288 recondit.
1803 251 1938 290 Videre
1970 252 2035 288 hoc
2060 263 2158 304 potos·

1207 314 1242 352 in
1270 312 1423 361 divitiis,
1445 312 1479 350 in
1496 311 1608 363 gloria
1627 310 1735 362 hujus
1752 311 1851 360 vitae,
1885 320 1920 348 et
1938 311 1973 349 in
1994 313 2159 350 omnibus

1206 374 1286 413 aliis
1317 373 1573 426 temporalibus
1601 372 1722 412 rebus.
1763 371 2010 423 Despiciamus
2051 373 2159 422 igitur

1207 444 1396 487 praesentes
1408 433 1567 480 divitias,
1586 442 1627 471 ut
1643 446 1743 472 veras
1761 431 1910 470 divitias
1925 432 2085 470 inveniro
2099 448 2160 471 va-

1208 496 1363 544 leamus;
1400 494 1638 547 despiciamus
1673 507 1800 532 vanam
1826 493 1918 531 hanc
1938 493 2101 544 gloriam,
2123 504 2160 531 ut

1209 570 1292 594 vera
1308 557 1368 593 illa
1383 565 1416 594 ct
1432 554 1544 593 solida
1565 556 1744 602 fruamur3
1767 553 1994 592 derideamus
2010 568 2159 606 praesen-

1209 624 1278 653 tem
1293 615 1578 667 prosperitatem,
1597 624 1773 652 utarcana
1788 614 1848 652 illa
1865 614 1956 652 bona
1971 628 2161 665 consequa-

1209 688 1311 723 mur5
1345 674 1450 712 nihili
1478 675 1650 712 faciamus
1684 675 1881 726 praesentia,
1912 683 1950 711 ut
1968 674 2013 712 ad
2043 675 2163 712 sutura

1208 735 1353 787 praemia
1365 734 1513 772 excitari
1529 735 1725 771 valcamus.
1744 736 1866 785 Neque
1882 735 1974 772 enim
1993 735 2164 786 possibile

1208 803 1274 842 est,
1293 803 1332 831 ut
1345 793 1406 845 qui
1421 794 1657 845 praesentibus
1671 793 1911 843 estaddictus‚
1926 795 2164 833 ineffabilium

1208 855 1385 893 bonorum
1403 854 1624 892 desiderium
1650 854 1826 906 concipiat
1856 868 2041 904 umquam,
2074 857 2166 893 sicut

1209 914 1428 967 lippitudine
1457 914 1613 966 quadam
1631 914 1754 952 oculos
1785 914 1982 965 obtegente,
2001 916 2048 952 ita
2071 930 2163 967 prat-

1209 975 1363 1014 sentium
1397 975 1592 1027 cupiditate
1611 975 1831 1013 intellectum
1855 975 2082 1025 obscurante,
2104 990 2166 1013 nce

1209 1036 1435 1088 permittente
1464 1035 1588 1074 videre
1611 1035 1698 1087 quid
1721 1035 1813 1073 sacto
1844 1049 1935 1087 opus
1951 1035 2010 1072 sit.
2044 1037 2166 1086 Neque

1209 1111 1354 1135 rursum
1373 1097 1450 1135 fieri
1478 1105 1608 1149 potest,
1626 1096 1738 1147 utqui
1756 1094 1955 1133 solidorum
1981 1104 2014 1133 et
2032 1096 2165 1133 immo-

1208 1157 1340 1195 bilium
1367 1158 1545 1196 bonorum
1563 1171 1682 1195 amore
1705 1165 1858 1206 tenetur,
1895 1156 1993 1193 ssuxa
2015 1156 2093 1205 ista,
2134 1166 2169 1193 et

1207 1231 1286 1268 quae
1309 1228 1499 1269 antequam
1515 1226 1708 1270 appareant
1720 1216 1865 1255 avolant
1884 1225 1918 1254 et
1933 1225 2167 1263 marcescunt,

1210 1279 1448 1331 concupiscat.
1469 1280 1560 1317 Nam
1579 1278 1640 1329 qui
1657 1277 1800 1316 saucius
1818 1285 1870 1314 cst
1887 1291 2006 1314 amore
2026 1276 2167 1323 divine,

1209 1348 1243 1378 et
1265 1340 1326 1390 qui
1360 1341 1563 1378 futurorum
1591 1339 1768 1378 desiderio
1788 1347 1937 1385 tenetur,
1955 1338 2036 1376 aliis
2056 1338 2169 1376 oculis

1210 1401 1310 1441 videt
1329 1401 1560 1453 praesentium
1580 1407 1727 1450 statum,
1761 1399 1897 1450 scitque
1927 1407 2037 1436 totam
2057 1399 2169 1436 vitam

1210 1472 1418 1515 praesentem
1441 1463 1597 1514 figuram
1625 1475 1698 1500 esse
1731 1470 1838 1511 atque
1864 1460 2060 1509 fallaciam,
2098 1469 2130 1496 et
2150 1474 2169 1496 a

1209 1524 1358 1562 somniis
1371 1523 1464 1561 nihil
1478 1523 1624 1560 differre
1634 1552 1642 1559 .
1659 1521 1801 1560 Idcirco
1813 1522 1941 1559 beatus
1955 1520 2088 1558 Paulus
2104 1520 2170 1557 hoc

1210 1586 1345 1638 scripto
1361 1585 1532 1624 tradidit:
1570 1585 1898 1638 Praeteritfigura
1933 1585 2068 1621 mundi
2102 1585 2170 1621 Ιιιι-

1161 1661 1186 1691 (3
1205 1649 1291 1699 jus:
1311 1645 1498 1685 ostendens
1517 1645 1675 1683 humana
1691 1645 1810 1683 omnia
1826 1645 1861 1682 in
1883 1644 2000 1695 figura
2031 1653 2169 1682 tantuin

1210 1721 1307 1754 esse,
1330 1721 1371 1745 ac
1393 1707 1484 1745 sicut
1497 1706 1624 1743 umbra
1644 1715 1676 1743 et
1699 1705 1878 1743 somnium
1897 1704 2060 1751 transire,
2080 1705 2171 1742 nihil

1211 1769 1383 1818 solidum,
1422 1768 1515 1806 nihil
1533 1781 1659 1806 verum
1682 1766 1865 1804 habentia.
1901 1767 2031 1803 Annon
2061 1765 2172 1816 igitur

1210 1828 1321 1867 animi
1348 1828 1499 1881 puerilis
1533 1827 1601 1866 hoc
1615 1836 1687 1877 est,
1720 1827 1867 1864 umbras
1896 1826 2098 1878 suspicere,
2122 1825 2166 1864 de

1211 1889 1359 1929 somniis
1375 1888 1574 1941 superbire,
1596 1897 1630 1926 et
1649 1887 1693 1926 iis
1707 1901 1784 1938 quae
1799 1887 1909 1939 paulo
1930 1896 2008 1939 post
2023 1895 2170 1939 praeter-

1212 1950 1317 1989 ibunt
1336 1949 1540 1988 adhaerere?
1561 1950 1741 1986 Proeterit
1763 1948 1872 1998 enim,
1898 1946 2175 1998 inquit‚fig1cra

1213 2013 1329 2064 hujus
1354 2010 1503 2048 mundi.
1524 2010 1648 2059 ltaque
1667 2022 1748 2046 cum
1768 2007 1941 2054 audieris,
1974 2009 2170 2052 Proeterit,

1214 2070 1302 2122 quid
1332 2069 1480 2122 posthac
1498 2068 1655 2120 amplius
1679 2067 1833 2118 quaeris?
1853 2065 1996 2117 quando
2013 2065 2116 2102 audis
2131 2066 2174 2102 fi-

1214 2145 1343 2184 guram
1375 2130 1494 2168 solum
1523 2143 1598 2167 esse
1625 2129 1784 2166 humana
1801 2127 1920 2165 omnia
1955 2126 2174 2176 veritateque

1213 2192 1396 2237 destituta,
1427 2203 1537 2241 quare
1567 2198 1601 2226 te
1620 2187 1740 2240 decipi
1770 2197 1898 2240 sponte
1916 2186 2076 2239 pateris?
2112 2199 2176 2223 cur

1212 2252 1372 2304 cogitans
1399 2265 1509 2303 quam
1527 2250 1598 2288 sint
1628 2249 1817 2287 mutabilia
1832 2257 1866 2287 et
1898 2248 2012 2293 fluxa,
2045 2260 2116 2284 non
2136 2261 2176 2284 ea

1213 2313 1387 2367 praeteris,
1403 2321 1443 2350 ut
1464 2311 1510 2350 ad
1529 2311 1591 2349 illa
1609 2325 1688 2362 quae
1710 2324 1850 2362 semper
1862 2309 2010 2358 durant,
2029 2321 2071 2346 ac
2085 2321 2175 2345 sem-

1164 2389 1190 2418 D
1213 2390 1278 2429 per
1299 2374 1458 2424 stabilia,
1508 2373 1713 2424 nulliusque
1742 2370 2006 2412 vicissitudinis
2033 2369 2175 2421 capacia

1214 2445 1312 2487 sunt,
1330 2434 1551 2474 desiderium
1571 2432 1782 2472 transferas?

1272 2871 1310 2911 8.
1342 2871 1436 2910 Nam
1465 2877 1503 2906 ut
1523 2866 1613 2906 scias
1628 2863 1861 2918 prudentiam
1887 2861 2044 2901 doctoris
2064 2861 2176 2906 orbis,

1218 2931 1302 2972 vide
1329 2931 1432 2969 illum
1451 2928 1522 2967 alio
1541 2928 1618 2965 loco
1637 2925 1756 2964 omnia
1782 2923 1953 2977 praeclara
1968 2923 2079 2974 hujus
2097 2919 2180 2959 vi'tae

1218 2993 1356 3032 nullius
1391 3004 1466 3030 esse
1506 2986 1677 3026 momenti
1715 2985 1959 3024 demonstrare
1986 2983 2180 3027 volentem,

1168 3067 1194 3097 E
1221 3053 1319 3105 quali
1336 3060 1457 3090 utatur
1486 3046 1656 3100 loquendi
1685 3044 1814 3084 modo:
1858 3045 1952 3096 Quoe
1981 3046 2084 3082 enim
2114 3045 2181 3080 ‘vi-

1165 3159 1298 3193 les-atium
1321 3157 1486 3190 bonorum
1513 3151 1609 3185 simul
1635 3150 1819 3194 eodemque
1838 3157 1990 3193 tempore
2017 3146 2183 3181 desiderio

1169 3213 1273 3244 teneri
1297 3227 1303 3244 :
1331 3220 1425 3252 posse
1451 3207 1539 3239 euim
1564 3205 1625 3237 Dei
1641 3215 1704 3247 ope
1720 3202 1841 3236 fultum
1858 3201 1901 3235 ab
1918 3213 1957 3234 eo
1972 3208 2063 3234 statu
2080 3210 2184 3232 emer-

1170 3275 1262 3309 gere,
1280 3261 1462 3295 sexcenties
1477 3256 1558 3290 alibi
1573 3254 1667 3287 dicit.

1978 3348 2024 3385 28

2323 1606 2337 1613 ,-

2189 1604 2213 1622 1.
2233 1594 2303 1622 Cor.
2325 1615 2351 1633 Ι.

2184 1636 2237 1664 31.

2218 1676 2284 1703 Vita
2304 1686 2376 1711 pra>-

2186 1727 2249 1743 sens
2288 1716 2374 1743 sallix

2186 1759 2289 1784 umbra
2347 1763 2377 1783 et

2186 1799 2345 1826 somnium.

2197 3052 2357 3091 2.(’11-,4.

2202 3095 2247 3125 ¹8·
