2433 3775
69 302 135 320 cum
146 292 257 320 aurifo-

68 334 146 361 «h'nis
177 344 255 362 com-

70 380 200 411 paratur.

271 186 331 242 40
675 198 713 229 S.
751 199 938 230 JOANNIS
973 199 1216 231 CHRYSOST.
1256 200 1462 233 ARculEP.
1500 202 1861 236 CONSTANTINOP-

272 278 446 330 quasdam
462 289 620 318 ramenta
636 295 710 334 prae
722 297 759 320 se
768 283 917 321 ferentes
933 283 1127 335 conspicati
1144 283 1220 320 fue·
1292 283 1358 335 γὰρ
1378 287 1410 321 οἱ
1431 284 1494 330 τὴν
1513 292 1670 338 χρυσῖτιν
1689 291 1754 339 γῆν
1775 288 2034 340 ἀνορύττοντες,
2050 288 2130 327 ἔνθα
2150 287 2191 327 ἂν
2210 287 2313 328 ἴδωσι

271 341 570 392 rint,af0diendo
584 357 653 382 non
665 343 972 393 desistunt,donec
987 358 1065 394 quae
1079 344 1221 381 obstant
1293 343 1422 394 φλέὸας
1450 345 1546 390 τινὰς
1574 347 1745 398 ψήγματα
1772 349 1939 401 ἐχούσας,
1973 351 2010 388 οὐ
2042 349 2208 401 πρότερον
2235 350 2312 402 ἀφέ-

270 403 479 453 amoverint,
499 412 533 441 et
556 404 593 441 in
612 405 832 456 profundum
853 404 1114 452 descendentes,
1137 417 1221 454 opes
1243 412 1268 441 Β
1294 418 1454 450 στανται,
1475 404 1599 457 μέχρις
1626 406 1666 444 ἂν
1697 410 2033 461 ἀναμοχλεύσαντες,
2061 411 2119 448 καὶ
2149 413 2196 454 εἷς
2228 410 2314 448 αὐτὸ

269 463 355 502 inde
369 477 516 515 magnas
536 464 757 516 perceperint
774 480 782 500 :
802 465 916 502 multo
936 463 1049 514 magis
1068 477 1132 500 nos
1150 476 1221 500 non
1291 463 1331 502 τὸ
1360 465 1462 515 βάθος
1490 467 1714 511 κατελθόντες
1740 470 1874 517 πολλὴν
1903 470 1966 518 τὴν
1996 471 2157 523 εὐπορίαν
2185 474 2315 510 ἐκεῖθεν

269 524 347 562 auri
363 533 520 562 ramenta
534 525 762 574 inquirentes,
777 524 840 561 sed
859 523 1133 561 inenarrabilem
1145 522 1222 560 the·
1292 524 1549 577 καρπώσωνται
1562 541 1570 550 ·
1588 529 1709 580 πολλῷ
1732 531 1861 579 μᾶλλον
1881 534 1976 582 ἡμᾶς
1998 533 2165 584 προσήχει
2183 535 2220 570 οὐ
2242 532 2313 584 ψή-

269 599 417 623 saurum
454 585 659 622 inventuros
691 594 894 636 sperantes,
922 584 1022 622 decet
1062 584 1222 636 quotidie
1292 601 1413 636 γματα
1430 587 1572 640 χρυσίου
1595 588 1786 638 μέλλοντας
1803 590 2063 643 διερευνᾶσθαι,
2079 592 2169 631 ἀλλὰ
2185 597 2315 639 θησαψ

270 645 373 682 11111111
386 644 610 696 investigare,
626 654 667 682 ut
685 645 808 683 multis
822 645 1069 697 spiritualibus
1084 645 1222 683 divitiis
1296 647 1352 698 ρὸν
1384 648 1514 700 ἄφατον
1546 649 1716 700 εὑρίσκειν
1743 644 2011 702 προσδοκῶντας
2026 681 2038 698 ,
2059 654 2137 690 καθ’
2163 653 2314 698 ἑκάστην

272 704 356 742 inde
374 703 542 753 collectis,
564 704 713 743 domum
727 705 926 744 redeamus.
942 707 1034 744 Nam
1051 706 1125 744 illic
1140 706 1222 757 qui·
1293 708 1428 762 ἡμέραν
1447 713 1566 748 τοῦτον
1586 709 1789 762 ἀνιχνεύειν,
1809 709 1866 749 ἵνα
1884 711 1993 750 πολὺν
2014 713 2071 751 τὸν
2087 714 2235 751 πλοῦτον
2252 714 2316 759 τῆς

270 764 352 803 dem
371 764 508 804 divitiae
531 765 717 804 sensibiles
746 765 902 804 dominis
923 766 998 804 suis
1021 767 1223 817 frequenter
1293 770 1496 822 περιουσίας
1520 775 1583 818 τῆς
1605 774 1844 822 πνευματικῆς
1856 775 2010 810 ἐντεῦθεν
2029 773 2313 825 καρπωσάμενοι,

271 825 468 864 multorum
493 826 733 879 periculorum
763 841 868 865 causa
894 828 1052 877 fuerunt,
1076 837 1109 865 et
1142 837 1224 866 ante
1295 829 1400 874 οὕτως
1428 831 1545 870 οἴκαδε
1566 832 1822 883 ἐπανέλθωμεν.
1845 833 1943 871 Ἐκεῖ
1964 833 2026 885 μὲν
2055 834 2154 888 γὰρὸ
2169 837 2316 877 πλοῦτος

270 886 430 938 pericula
442 888 589 926 brevem
610 888 831 940 voluptatem
843 889 1040 941 praehentes
1053 889 1137 938 illis,
1153 899 1223 928 sta·
1294 894 1312 928 ὁ
1331 893 1493 940 αἰσθητὸς
1520 894 1690 937 πολλάκις
1713 893 1773 932 καὶ
1801 894 1977 938 κινδύνους
2005 895 2099 933 ἔτεκε
2120 901 2190 939 τοῖς
2211 895 2314 932 αὐτὸν

270 947 336 985 11111
367 948 574 996 avolarunt,
605 948 663 987 vel
697 949 925 1001 sycophantis
956 949 1223 999 insidiantibus,
1293 952 1526 1001 κτησαμένοις
1538 981 1548 999 ,
1580 952 1641 990 καὶ
1667 952 1736 1005 πρὸ
1770 955 1839 990 τῶν
1867 952 2031 991 κινδύνων
2058 952 2117 990 καὶ
2146 955 2314 1004 βραχεῖαν

270 1008 326 1045 vel
336 1008 555 1057 furibus,vel
565 1009 763 1046 latronibus
774 1009 926 1061 parietes
938 1010 1222 1068 effringentibus'
1246 1019 1271 1051 C
1294 1011 1358 1058 τὴν
1378 1012 1505 1060 ἡδονὴν
1519 1013 1683 1065 παρέχων
1709 1013 1831 1065 ἀθρόον
1858 1013 1998 1061 ἀπέπτη
2016 1043 2025 1061 ,
2047 1013 2069 1059 ἢ
2091 1016 2314 1066 συκοφαντῶν

268 1068 327 1106 vel
351 1068 561 1107 custodibus
588 1069 732 1107 famulis
760 1070 1054 1122 surripientibus,
1080 1080 1114 1108 et
1140 1072 1223 1124 fuga
1296 1074 1521 1124 ἐπιθεμένων,
1550 1073 1571 1120 ἢ
1596 1075 1750 1125 λῃστῶν,
1774 1074 1796 1119 ἢ
1820 1075 2061 1127 τοιχωρύχων,
2085 1075 2107 1121 ἢ
2127 1079 2197 1113 τῶν
2225 1077 2314 1114 οἰκε-

267 1129 501 1167 elabentibus.
516 1129 584 1168 Hic
601 1139 720 1168 autem
733 1130 825 1168 nihil
838 1131 908 1168 tale
920 1130 1095 1182 suspicari
1107 1131 1190 1170 licet
1213 1150 1220 1170 :
1293 1136 1362 1171 τῶν
1387 1136 1458 1171 τῶν
1475 1133 1717 1185 φυλαττόντων
1735 1134 1969 1185 ὑφελομένων,
1983 1136 2042 1173 καὶ
2051 1136 2316 1188 ,δραπετευσάν-

269 1188 380 1241 diripi
404 1189 499 1227 enim
525 1190 724 1242 spiritualis
743 1190 808 1228 iste
827 1190 1015 1228 thesaurus
1034 1193 1170 1242 nequit,
1191 1202 1225 1231 et
1294 1209 1374 1233 των.
1401 1194 1577 1232 Ἐνταῦθα
1607 1193 1645 1231 δὲ
1677 1192 1800 1232 Ῑόὐδέν
1829 1197 1903 1233 ἐστι
1932 1189 2084 1234 τοιοῦτον
2111 1196 2315 1248 ὑφικέσθαι·

271 1250 334 1288 11111
348 1250 384 1288 111
397 1251 626 1303 promtuariis
643 1251 769 1290 mentis
782 1260 910 1290 nostrae
928 1252 1132 1290 recondjtus
1151 1253 1224 1292 fuc-
1296 1254 1471 1298 ἀνάλωτος
1495 1254 1562 1305 γάρ
1589 1257 1682 1293 ἐστιν
1703 1257 1721 1292 ὃ
1740 1256 1975 1306 πνευματικὸς
2002 1251 2099 1300 οὗτος
2119 1257 2291 1308 θησαυρὸς
2305 1286 2314 1303 ,

271 1312 329 1361 rit,
349 1312 394 1350 ab
420 1311 586 1350 omnibus
607 1312 746 1350 insidiis
772 1322 823 1350 est
843 1327 987 1351 securus
1004 1329 1012 1349 τ
1029 1313 1135 1351 modo
1154 1328 1224 1352 non
1295 1316 1355 1354 καὶ
1382 1315 1521 1355 ἐπειδὰν
1551 1317 1599 1359 εἷς
1628 1315 1673 1353 τὰ
1693 1322 1836 1366 ταμιεῖα
1861 1319 1925 1362 τῆς
1953 1316 2106 1360 διανοίας
2131 1321 2194 1364 τῆς
2222 1321 2317 1369 ἡμε-

269 1387 334 1425 per
356 1373 537 1425 ignaviam
570 1373 690 1412 locum
710 1373 836 1412 demus
860 1374 892 1412 ei
910 1374 972 1425 qui
994 1374 1099 1413 illum
1122 1375 1224 1414 nobis
1292 1377 1395 1428 τέρας
1413 1378 1617 1427 ἐναποτεθῇ,
1635 1377 1824 1430 ἀχείρωτος
1841 1377 1974 1428 γίνεται
1991 1376 2121 1422 πάσαις
2138 1384 2214 1421 ταῖς
2235 1381 2316 1416 ἔπι-

269 1435 408 1472 auferre
435 1434 546 1487 cupit.
571 1435 871 1487 Quandoquidem
900 1435 1066 1474 inimicus
1095 1446 1224 1486 noster,
1295 1437 1454 1482 δουλαῖς,
1485 1437 1588 1488 μόνον
1618 1438 1677 1477 ἐὰν
1705 1441 1806 1489 ἡμεῖς
1831 1437 1880 1488 μὴ
1912 1438 2174 1490 ῥᾳθυμήσαντες
2196 1438 2317 1490 χώραν

270 1495 463 1547 malignus,
489 1495 650 1546 inquam,
681 1496 834 1545 daemon,
861 1511 944 1535 cum
971 1496 1070 1535 videt
1095 1512 1223 1548 quem-
1295 1499 1410 1550 δῶμεν
1423 1501 1473 1552 τῷ
1486 1504 1604 1538 τοῦτον
1618 1502 1719 1550 ἡμῶν
1735 1499 1923 1551 ἀφελέσθαι
1940 1502 2174 1550 ἐπιθυμοῦντι.
2189 1499 2233 1539 Ὁ
2248 1499 2318 1552 γὰρ

269 1557 366 1609 piam
382 1557 586 1610 spirituales
602 1558 786 1609 collegisse
804 1557 964 1607 divitias,
979 1559 1067 1596 furit
1089 1567 1122 1596 et
1140 1559 1224 1597 den·
1295 1560 1415 1611 ἐχθρὸς
1438 1563 1455 1598 ὃ
1474 1560 1640 1613 ἡμέτερος
1656 1590 1666 1608 ,
1687 1563 1705 1598 ὁ
1727 1561 1875 1613 πονηρὸς
1901 1560 1993 1611 λέγω
2014 1560 2174 1604 διάὸολος
2188 1592 2197 1609 ,
2217 1563 2316 1600 ἐπει-

268 1617 366 1656 tibus
381 1617 515 1665 fremit,
529 1618 757 1669 multumque
771 1618 912 1670 vigilat,
930 1628 969 1656 ut
981 1629 1224 1672 opportunum
1296 1621 1356 1660 δὰν
1374 1621 1429 1673 ἴδῃ
1448 1623 1595 1660 πλοῦτον
1611 1622 1845 1672 πνευματικὸν
1862 1621 2089 1674 συλλεγέντα,
2108 1622 2241 1672 μέμηνε
2257 1623 2317 1660 καὶ

268 1688 408 1731 tempus
426 1689 556 1732 captet,
574 1694 645 1731 quo
663 1680 777 1718 furari
795 1689 899 1731 queat
913 1680 1048 1731 aliquid
1065 1695 1109 1719 ex
1128 1681 1224 1720 intus
1295 1683 1392 1734 θήγει
1417 1682 1496 1727 τοὺς
1515 1682 1675 1731 ὀδόντας,
1692 1682 1751 1721 καὶ
1770 1682 1902 1730 πολλὴν
1923 1682 1985 1729 τὴν
2007 1683 2199 1734 ἀγρυπνίαν
2218 1686 2318 1722 ’ῑέπι-

269 1739 471 1778 reconditis.
481 1740 631 1778 Nullum
643 1749 763 1778 autem
775 1740 1004 1779 commodum
1016 1742 1071 1779 illi
1085 1751 1223 1794 tempus
1246 1755 1271 1784 D
1296 1745 1490 1790 δείκνυται,
1506 1743 1596 1782 ὥστε
1616 1744 1735 1796 καιρὸν
1751 1743 1947 1790 ἐπιτήδειον
1970 1747 2095 1797 εὑρεῖν,
2117 1745 2176 1782 καὶ
2196 1745 2316 1796 ὑφελέ-

267 1809 333 1849 051,
354 1810 592 1853 praeterquam
619 1801 708 1840 dum
736 1816 799 1840 nos
826 1802 949 1854 ignavi
971 1817 1095 1840 sumus
1116 1819 1124 1839 :
1146 1804 1224 1842 ideo
1296 1810 1376 1844 σθαι
1391 1821 1426 1843 τι
1440 1809 1507 1844 τῶν
1523 1805 1616 1844 ἔνδον
1633 1808 1719 1856 ἡμῖν
1736 1804 1988 1856 ἀποκειμένων.
2006 1806 2130 1849 Οὐδεὶς
2143 1806 2177 1844 δὲ
2194 1806 2316 1858 ἐκείνῳ

267 1873 437 1916 perpetua
453 1864 554 1902 nobis
572 1863 762 1916 vigilantia
783 1878 874 1917 opus
893 1874 945 1902 est
963 1864 1009 1902 ad
1023 1865 1223 1904 excluden—
1295 1867 1413 1919 καιρὸς
1429 1866 1640 1913 ἐπιτήδειος,
1660 1869 1691 1904 εἰ
1710 1866 1758 1916 μὴ
1777 1866 1879 1917 μόνον
1896 1870 1918 1912 ἡ
1940 1866 2092 1919 ῥᾳθυμία
2107 1869 2128 1912 ἡ
2147 1867 2315 1920 ἡμετέρα·

267 1924 439 1962 dasillius
452 1924 783 1963 incursiones.Nam
793 1939 851 1963 eos
861 1939 948 1976 quos
958 1925 1091 1964 viderit
1102 1925 1224 1965 admo·
1296 1928 1349 1966 διὸ
1364 1927 1533 1979 προσήκει
1548 1928 1713 1973 διηνεκῶς
1726 1930 1820 1977 ἡμᾶς
1836 1927 2062 1979 ἐγρηγορέναι
2077 1957 2085 1974 ,
2103 1927 2163 1966 καὶ
2178 1929 2318 1966 ἀποτει-

269 1985 356 2024 dum
375 1986 512 2024 sobrios
531 1995 565 2024 et
583 1985 723 2037 vigiles,
746 2000 828 2024 cum
844 1986 951 2024 semel
973 1996 1079 2038 atque
1097 1987 1224 2026 iterum
1295 1990 1404 2042 χίζειν
1418 1989 1538 2042 ἐκείνῳ
1553 1988 1616 2031 τὰς
1630 1987 1781 2040 ἐφόδους.
1798 1988 1885 2026 Ἐὰν
1905 1987 1972 2040 γὰρ
1986 1988 2041 2040 ἴδῃ
2061 1989 2244 2046 νήφοντας,
2259 1990 2319 2028 καὶ

268 2060 468 2099 aggressus,
487 2047 632 2085 irritum
646 2055 812 2085 conatum
825 2046 936 2093 videt,
956 2047 1124 2099 relinquit
1144 2058 1224 2087 tan-
1295 2049 1428 2097 πολλὴν
1445 2050 1509 2096 τὴν
1522 2049 1716 2103 ἀγρυπνίαν
1730 2048 2032 2099 ἐπιδεικνυμένους
2043 2049 2210 2096 ,ἐπειδὰν
2225 2050 2318 2094 ἅπαξ

268 2106 351 2146 dem
373 2106 510 2158 pudore
532 2107 691 2155 affectus,
713 2121 843 2158 gnarus
869 2121 905 2145 se
929 2107 1021 2145 nihil
1041 2109 1223 2160 proficere,
1296 2111 1354 2149 καὶ
1375 2110 1530 2162 δεύτερον
1551 2109 1750 2159 ἐπιθέμενος
1774 2109 1959 2157 θεάσηται,
1979 2111 2024 2153 ὡς
2044 2111 2220 2157 ἀνονήτοις
2247 2113 2319 2150 ἐπι-

269 2167 300 2204 si
321 2166 359 2204 in
383 2166 544 2205 custodia
568 2167 836 2219 perstiterimus.
853 2167 1006 2206 Proinde
1034 2183 1114 2206 cum
1136 2170 1224 2208 scia-
1295 2178 1426 2224 χειρεῖ,
1446 2171 1566 2209 ἄπεισι
1589 2171 1709 2208 λοιπὸν
1728 2170 2010 2222 καταισχυνθεὶς,
2030 2170 2129 2214 εἰδὼς
2148 2171 2202 2210 ὅτι
2221 2172 2316 2210 οὐδὲν

270 2240 349 2264 111115
363 2241 427 2279 per
439 2236 550 2265 totam
566 2227 658 2265 hanc
669 2227 781 2266 vitam
795 2227 898 2265 nobis
911 2227 1119 2266 certandum
1137 2242 1223 2278 esse,
1296 2233 1390 2284 αὐτῷ
1406 2231 1510 2270 πλέον
1529 2231 1627 2269 ἔσται
1637 2262 1646 2277 ,
1661 2233 1761 2280 ἡμῶν
1778 2230 1911 2277 πολλὴν
1926 2230 1989 2277 τὴν
2010 2231 2167 2283 φυλακὴν
2184 2234 2316 2272 ἐπιδεῖ-

270 2287 321 2325 sic
349 2301 411 2326 nos
434 2302 632 2338 armemus,
660 2288 762 2339 quasi
783 2297 989 2341 praesentem
1006 2303 1141 2342 semper
1160 2290 1223 2328 ha-
1294 2293 1484 2344 κνυμένων.
1507 2292 1568 2336 Ὡς
1596 2285 1654 2330 οῧν
1689 2291 1815 2334 εἰδότες
1843 2291 1897 2329 ὅτι
1924 2291 2039 2328 πάντα
2069 2292 2126 2330 τὸν
2160 2293 2316 2347 παρόντα

268 2349 416 2387 beamus
444 2349 656 2398 inimicum,
686 2349 749 2400 qui
787 2350 922 2401 absque
967 2350 1224 2390 intermissione
1296 2355 1368 2406 βίον
1389 2353 1568 2406 ἐναγώνιοι
1596 2352 1780 2405 τυγχάνειν
1813 2352 2011 2404 ὀφείλομεν,
2043 2353 2151 2396 οὕτως
2178 2355 2317 2399 ἑαυτοὺς

270 2411 445 2457 observet,
459 2424 546 2448 num
564 2410 757 2461 aliquando
768 2411 824 2449 vel
838 2425 964 2463 parum
979 2411 1221 2461 dormitantes,
1245 2425 1269 2455 Ε
1294 2414 1570 2464 καθοπλίζωμεν,
1586 2413 1713 2452 ὡσανεὶ
1726 2415 1936 2466 παρεστῶτα
1952 2411 2011 2450 τὸν
2031 2414 2153 2466 ἐχθρὸν
2168 2415 2316 2467 ἔχοντες,

269 2471 464 2510 insidiandi
484 2471 703 2510 occasionem
719 2471 751 2510 ei
769 2471 1005 2524 praebeamus.
1025 2473 1104 2510 Non
1122 2473 1223 2512 vides
1295 2477 1354 2515 καὶ
1386 2475 1616 2518 ἀδιαλείπτως
1649 2476 1899 2526 ἕπιτηροῦντα,
1941 2474 1989 2525 μή
2022 2475 2088 2513 πού
2121 2491 2155 2513 τι
2193 2478 2317 2529 μικρὸν

268 2531 476 2583 pecuniosos
503 2532 598 2581 illos,
621 2546 704 2570 cum
734 2532 892 2571 hostium
915 2542 1078 2571 metuunt
1102 2534 1222 2573 incur·
1295 2537 1591 2582 ἀπονυστάξαντες
1611 2534 1771 2587 ἀφορμὴν
1795 2534 1981 2579 ἐπιθέσεως
2002 2537 2096 2589 αὐτῷ
2123 2537 2317 2590 παράσχω-

269 2592 415 2641 510110111,
429 2602 560 2643 quanta
577 2592 712 2631 scilicet
728 2607 813 2631 cura
828 2607 882 2631 res
901 2607 982 2632 suas
997 2594 1222 2633 custodiant?
1296 2615 1370 2649 μεν.
1403 2600 1482 2650 Οὐχ
1506 2601 1587 2649 ὁρᾷς
1607 2595 1686 2640 τοὺς
1716 2596 1830 2634 πολλὰ
1861 2596 2031 2649 χρήματα
2061 2598 2314 2648 κεκτημένους,

269 2654 362 2691 Nam
380 2653 444 2692 alii
468 2654 555 2692 seris
579 2663 612 2692 et
639 2655 820 2707 repagulis
834 2655 963 2707 januas
987 2655 1164 2705 muniunt,
1186 2667 1223 2695 ut
1294 2659 1432 2698 ἐπειδὰν
1466 2658 1583 2710 ἔφοδον
1614 2658 1833 2709 προσδοκῶσι
1862 2657 2053 2707 πολεμίων,
2083 2659 2196 2705 πόσην
2229 2660 2314 2711 πρό-

269 2729 326 2753 eas
339 2715 374 2753 111
394 2724 470 2753 11110
490 2716 661 2754 collocent
678 2716 763 2754 :alii
785 2717 820 2755 in
836 2726 966 2755 terram
985 2717 1220 2765 abscondunt,
1292 2737 1387 2759 νοιαν
1406 2720 1463 2759 ἐπὶ
1486 2719 1549 2766 τὴν
1567 2719 1698 2757 τούτων
1723 2717 1880 2770 φυλακὴν
1906 2719 2177 2758 ἐπιδείκνυνται·
2197 2723 2228 2759 οἱ
2250 2720 2312 2770 μὲν

269 2776 317 2813 ita
335 2785 374 2813 ut
393 2789 496 2813 nemo
517 2776 607 2814 scire
622 2777 733 2829 possit
752 2777 815 2815 ubi
833 2777 978 2815 lateant.
992 2777 1125 2816 Eadem
1140 2779 1225 2817 dili*
1294 2781 1410 2833 θύραις
1427 2780 1486 2819 καὶ
1502 2782 1646 2832 μοχλοῖς
1670 2778 1951 2823 ἐναποκλείοντες
1963 2809 1974 2825 ,
1991 2780 2050 2817 καὶ
2066 2787 2182 2819 πᾶσαν
2201 2782 2314 2833 ἀσφά-

267 2837 385 2888 gentia
401 2846 433 2875 et
447 2851 508 2875 nos
525 2837 707 2875 collectam
722 2837 899 2876 virtutum
912 2852 1033 2890 gazam
1045 2839 1223 2878 custodire
1242 2874 1271 2897 33
1292 2845 1388 2880 λειαν
1415 2841 1707 2891 ἐπιδεικνύμενοι·
1739 2843 1770 2878 οἱ
1796 2839 1831 2878 δὲ
1855 2840 1915 2878 καὶ
1946 2843 1993 2883 εἰς
2023 2841 2131 2887 αὐτὴν
2160 2842 2223 2889 τὴν
2249 2846 2313 2895 γῆν

266 2912 332 2949 par
351 2907 415 2946 cst,
436 2907 469 2935 et
489 2911 557 2935 non
581 2907 661 2936 ante
680 2898 842 2936 omnium
862 2899 983 2938 oculos
1008 2914 1219 2952 proponere,
1244 2913 1269 2940 Α
1293 2903 1582 2955 κατορύττοντες,
1605 2901 1695 2940 ὥστε
1723 2903 1911 2947 δυνηθῆναι
1929 2902 2061 2946 πάντας
2085 2904 2221 2950 λαθεῖν;
2242 2904 2314 2943 Τὸν

265 2958 326 2997 scd
346 2959 381 2996 in
404 2958 583 2996 tutissimo
599 2959 726 2997 mentis
744 2960 967 3011 promtuario
990 2974 1170 3013 reponere,
1185 2972 1218 3000 et
1292 2964 1394 3002 αὐτὸν
1411 2963 1450 3010 δὴ
1468 2963 1594 3015 τρόπον
1606 2964 1665 3000 καὶ
1680 2966 1774 3013 ἡμᾶς
1787 2963 1956 3014 προσήκει
1968 2991 1976 3007 ,
1993 2963 2050 3000 τὸν
2067 2965 2212 3002 πλοῦτον
2226 2969 2313 3011 “τῆς

265 3033 385 3057 01111105
399 3033 521 3071 rapere
534 3019 683 3057 volentis
702 3019 849 3058 insidias
872 3020 1072 3070 excludere,
1085 3031 1121 3059 111
1137 3037 1218 3062 011111
1291 3028 1415 3077 ἀρετῆς
1436 3024 1711 3076 συναγαγόντας,
1729 3023 1817 3075 μετὰ
1837 3025 1969 3069 πολλῆς
1989 3023 2172 3077 φυλάττειν
2191 3028 2310 3063 τοῦτον

265 3094 283 3117 a
308 3079 477 3132 praedonc
501 3088 614 3117 tutam
640 3094 717 3118 eam
745 3081 1021 3131 servaverimus,
1041 3082 1087 3121 sit
1115 3085 1217 3123 nobis
1289 3090 1351 3132 τῆς
1369 3085 1561 3138 ἀκριὸείας,
1576 3085 1635 3122 καὶ
1657 3084 1704 3135 μὴ
1723 3084 1922 3138 προτιθέναι
1937 3086 2004 3124 ὑπὸ
2020 3092 2088 3128 τοῖς
2104 3089 2173 3123 τῶν
2194 3087 2309 3125 ἁπάν-

264 3140 491 3180 viaticumad
504 3141 660 3179 suturam
677 3142 784 3181 vitam
799 3142 1215 3196 hincmigrantibus.Et—
1291 3163 1357 3185 των
1378 3148 1589 3200 ὀφθαλμοῖς,
1623 3148 1699 3185 ἀλλ’
1731 3149 1764 3184 ἐν
1792 3149 1841 3199 τῷ
1867 3146 2119 3199 ἀσφαλεστάτῳ
2149 3149 2212 3193 τ’ἤς
2237 3150 2310 3186 δια-

307 3262 323 3286 b
340 3259 453 3293 Morcl.
473 3264 553 3294 οὐδέν
575 3268 635 3297 ἐστι
662 3271 792 3297 τοιοῦτον
816 3267 975 3309 opifico-0:11.
995 3263 1096 3297 Savil.
1113 3265 1145 3297 in
1162 3275 1265 3307 marg.
1346 3274 1358 3287 ¹·
1377 3262 1475 3295 Savil.
1495 3265 1571 3295 MSS.
1598 3266 1801 3298 ἐπιδείκνυται.
1821 3262 1934 3294 Morcl.
1955 3264 2143 3295 ἐνδείκνυται.

261 3316 427 3354 ὑπιξέσθαι,
443 3315 475 3345 111
495 3321 586 3346 textu
605 3326 682 3347 vcro
701 3319 780 3349 οὐδέν
797 3322 856 3350 ἐστι
877 3325 1008 3352 τοιοῦτον
1024 3322 1139 3352 παθεῖν.
1158 3316 1268 3350 Plures
1347 3326 1358 3338 *³
1377 3314 1437 3348 Alii
1455 3325 1510 3350 τῶν
1529 3322 1653 3360 ἀρετῶν-

260 3365 336 3398 Μεε.
357 3369 516 3410 baasam.
