2516 3791
110 2273 221 2305 Matth-
245 2281 292 2303 11.

111 2328 161 2357 29.

114 2662 284 2689 Modestiam

113 2710 141 2729 et
168 2712 300 2729 mans-ic-

115 2745 246 2770 ludim-m

115 2794 261 2811 commcn-

115 2827 174 2852 (1.11.

807 171 993 205 ,ΙΟΑΧΝΙΞ
1029 169 1267 201 CHRYSOST.

298 163 390 225 394

728 176 765 204 S.

566 313 777 352 HOMILIA
801 308 977 349 XXXIV.

99 444 241 525 iyqen'ss‘
296 439 343 477 Et
360 438 454 476 (lixit
472 439 567 475 Deus
588 435 691 472 Abrae
715 440 902 484 postquam
922 435 1104 480 separatus
1128 435 1179 464 est
1197 425 1244 463 ab

350 514 389 537 co
408 498 500 536 Loth
523 511 530 531 ε
550 494 708 533 Elevatis
727 491 839 529 oculis
859 490 928 527 tuis
947 489 1030 527 vide
1051 503 1070 525 a
1089 488 1181 533 loco,
1207 487 1243 524 in

349 575 418 612 quo
439 569 477 596 tu
500 569 592 594 nunc
618 569 665 603 es,
685 553 731 591 ad
750 551 953 603 aquilonem
972 559 1005 587 et
1023 549 1190 593 africum,
1211 556 1244 585 et
1266 552 1291 582 D

347 621 513 658 orientem
533 626 567 655 et
586 629 682 653 mare
697 614 800 664 :quia
817 625 958 650 omnem
975 619 1118 658 terram,
1137 622 1244 659 quarn

346 690 385 717 tu
404 678 518 728 vides,
534 676 599 715 tibi
618 675 713 713 dabo
729 688 817 712 eam.

350 813 385 847 t.
400 806 586 847 Didicistis
600 805 691 854 heri,
708 802 894 850 carissimi,
909 800 1078 839 eximiam
1094 798 1246 851 patriar-

294 872 370 910 chae
395 868 649 915 humilitatem,
676 864 819 904 vidistis
844 863 1026 900 lenitatem
1057 859 1246 911 egregiam.

295 934 416 982 Neque
442 929 536 967 enim
562 936 636 965 erat
654 940 706 964 rcs
725 924 900 977 vulgaris,
921 921 1016 973 quod
1045 934 1164 967 senex,
1185 918 1247 970 qui

298 1002 348 1031 tot
361 990 532 1029 beneficia
550 988 754 1033 contulerat,
771 999 874 1036 quem
894 992 989 1021 tanta
1002 980 1246 1019 benevolentia

298 1052 474 1092 Dominus
503 1049 661 1088 omnium
686 1046 983 1101 prosequebatur,
1013 1043 1090 1096 pari
1114 1042 1249 1079 honore

299 1114 511 1166 dignaretur
522 1112 705 1163 juvenem,
722 1118 754 1146 et
769 1106 888 1145 fratris
902 1105 1030 1152 filium,
1045 1113 1077 1141 et
1093 1103 1249 1156 primatu

299 1175 354 1212 illi
379 1174 516 1212 cederet
534 1203 542 1220 ,
574 1170 810 1220 inferioraque
829 1167 903 1220 ipse
924 1166 1114 1217 deligeret,
1139 1164 1250 1202 nihil-

299 1250 367 1287 que
386 1249 454 1273 non
471 1235 598 1272 faceret
611 1246 681 1283 quo
693 1230 829 1268 bellum
845 1227 1047 1279 impediret,
1060 1235 1094 1264 et
1109 1235 1249 1264 conten-

300 1295 406 1334 tionis
434 1293 620 1333 materiam
641 1307 659 1329 e
682 1290 799 1329 medio
826 1288 976 1327 tolleret.
1000 1287 1106 1324 Hunc
1130 1300 1250 1324 omnes

301 1356 431 1394 imitari
444 1354 661 1401 studeamus,
673 1361 706 1390 et
719 1363 912 1401 numquam
926 1362 1031 1401 super
1040 1347 1247 1400 proximum

300 1417 525 1465 extollamur,
545 1427 740 1464 numquam
759 1411 802 1449 de
819 1410 920 1448 nobis
937 1408 1105 1447 sublimia
1121 1408 1249 1446 sentia-

302 1489 382 1513 mus
404 1491 411 1510 :
433 1473 492 1512 sed
512 1471 684 1510 modestia
704 1468 883 1521 conspicui
912 1467 1078 1505 cedamus
1107 1466 1200 1516 aliis,
1216 1475 1251 1504 et

301 1535 483 1573 inferiores
497 1532 619 1570 haberi
639 1544 816 1578 conemur,
830 1538 902 1567 tam
916 1528 1034 1566 verbis
1048 1542 1155 1578 quam
1169 1541 1250 1580 ope-

300 1596 401 1633 ribus
412 1625 423 1645 ,
448 1608 511 1632 nec
524 1606 694 1643 umquam
709 1590 759 1628 cis
776 1591 837 1640 qui
853 1589 954 1626 nobis
971 1588 1139 1640 injuriam
1156 1587 1251 1625 intu-

298 1657 429 1704 lerunt,
453 1653 696 1700 adversemur,
717 1648 855 1687 etiamsi
874 1648 999 1685 multis
1018 1647 1147 1685 nostris
1165 1647 1250 1685 affe-

300 1717 346 1755 (ti
366 1715 497 1753 fuerint
514 1711 696 1751 beneficiis
713 1726 720 1747 :
736 1710 812 1747 haec
831 1709 926 1747 enim
943 1708 1077 1760 optima
1097 1717 1147 1746 est
1167 1708 1251 1760 phi-

298 1777 462 1829 losophia
483 1792 490 1812 :
512 1787 624 1825 neque
651 1770 861 1810 contumelia
891 1769 1008 1807 affecti
1044 1769 1174 1806 feroces
1203 1768 1250 1806 si-
1263 1786 1310 1812 340

303 1852 392 1886 mus,
402 1835 539 1874 etiamsi
554 1833 735 1872 inferiores
744 1830 847 1869 nobis
863 1830 933 1867 sint
949 1829 973 1867 ii
989 1829 1048 1880 qui
1066 1829 1252 1867 nobiscum
1275 1822 1302 1851 Α

302 1898 516 1937 contendunt
537 1912 544 1932 :
565 1894 627 1933 sed
656 1891 926 1931 mansuetudine
951 1900 985 1928 et
1011 1891 1153 1928 lenitate
1182 1890 1253 1928 ira-

300 1957 468 1997 cundiam
485 1954 772 2006 comprimamus.
790 1949 893 1988 Nihil
917 1949 1012 1987 enim
1038 1948 1099 1986 illa
1126 1958 1252 2001 poten-

300 2017 385 2064 tius,
404 2014 494 2052 nibil
518 2013 577 2050 illa
601 2011 738 2049 fortius.
755 2009 823 2047 Illa
850 2007 1005 2045 animam
1034 2016 1190 2045 nostram
1217 2008 1254 2046 in

302 2085 472 2130 perpetua
492 2071 761 2124 tranquillitate,
780 2079 813 2108 et
829 2069 931 2120 quasi
948 2068 983 2106 in
1003 2077 1107 2120 portu
1127 2069 1255 2106 consti-

305 2138 388 2183 tuit,
405 2146 438 2175 ct
456 2135 570 2173 omnis
589 2131 812 2171 recreationis
831 2144 873 2167 ac
889 2129 1018 2180 quietis
1038 2129 1174 2167 occasio
1193 2144 1255 2167 no-

306 2198 362 2236 bis
382 2206 445 2235 cst.
463 2196 663 2247 Eaproptcr
677 2201 710 2229 et
732 2190 894 2228 Christus
915 2190 1039 2228 divina
1052 2190 1115 2227 illa
1128 2190 1257 2228 docens

308 2259 447 2297 dicebat
465 2274 472 2293 ι
491 2257 640 2294 Discite
659 2268 684 2290 a
704 2266 774 2299 me,
790 2254 882 2303 quia
903 2253 1005 2288 mitis
1025 2264 1109 2288 sum
1129 2259 1165 2288 et
1185 2252 1258 2288 hu-

311 2321 413 2358 milis
433 2319 546 2356 corde
564 2332 574 2351 :
595 2324 629 2353 et
651 2315 852 2351 invenietis
868 2314 1037 2364 requiem
1054 2314 1258 2349 animabus

311 2384 463 2419 vestris.
482 2377 583 2417 Nihil
599 2376 693 2414 enim
709 2374 863 2411 animam
883 2373 930 2410 ita
951 2373 986 2409 in
1005 2372 1260 2423 tranquillitate

310 2452 343 2480 et
359 2442 476 2493 quiete
492 2436 687 2482 constituit,
708 2444 746 2472 ut
766 2433 999 2472 mansuetudo
1018 2442 1052 2470 et
1072 2432 1256 2470 modestia.

310 2505 394 2543 ltaec
407 2502 502 2541 omni
516 2499 715 2538 diademate
728 2511 763 2534 se
774 2495 969 2549 possidenti
980 2504 1030 2533 est
1039 2495 1260 2539 honoratior-3

310 2567 385 2603 baec
413 2563 510 2602 omni
538 2558 749 2600 claritudine
779 2566 812 2595 et
841 2556 951 2607 gloria
985 2555 1257 2593 conducibilior.

313 2626 409 2673 Quid
424 2625 515 2662 enim
528 2622 681 2663 beatius,
693 2632 800 2669 quam
813 2616 976 2654 intestino
988 2615 1132 2653 liberari
1145 2616 1263 2654 hollo?

314 2689 404 2725 Nam
424 2684 587 2737 quamvis
604 2680 757 2734 plurima
777 2692 862 2731 pace
881 2686 914 2714 et
932 2677 1105 2715 famulatu
1120 2686 1263 2716 externo

316 2749 488 2794 fruamur,
505 2746 529 2782 si
548 2745 639 2780 intra
653 2756 716 2779 nos
732 2738 984 2790 cogitationum
1000 2746 1164 2775 nascatur
1176 2747 1263 2776 tem-

318 2806 626 2861 pestas,tiunultus
641 2812 674 2840 et
694 2799 933 2849 seditio,nihil
952 2808 1095 2837 externa
1115 2814 1184 2850 pax
1201 2815 1263 2837 no-

313 2871 367 2908 bis
387 2868 543 2921 proderit
564 2883 570 2902 :
593 2865 681 2902 sicut
704 2876 813 2913 neque
830 2860 1070 2899 miserabilius
1087 2869 1137 2897 est
1161 2860 1262 2899 aliud

314 2931 466 2975 civitate,
484 2941 561 2978 qum
591 2926 671 2962 licet
696 2922 886 2973 aggeribus
911 2931 944 2959 ct
970 2921 1082 2958 muris
1105 2921 1194 2959 bene
1218 2922 1262 2960 sit

314 2992 462 3035 munita,
480 2991 573 3027 intus
589 2997 703 3024 tamen
719 2985 814 3022 cives
826 2985 945 3021 foveat
962 2983 1171 3035 proditores.
1187 2984 1262 3023 Hoc

315 3055 423 3103 igitur
455 3051 609 3092 obsecro,
636 3056 674 3083 ut
704 3055 782 3082 antc
811 3044 927 3081 onmia
956 3043 1059 3081 nobis
1084 3043 1129 3081 sit
1154 3058 1261 3091 curte,

316 3112 493 3165 quomodo
515 3110 669 3147 animam
691 3122 708 3144 a
733 3105 948 3143 turbulentia
973 3104 1210 3151 vindicemus,
1230 3115 1262 3143 et

319 3177 351 3213 iu
373 3171 602 3223 tranquillum
621 3178 747 3206 statum
765 3166 968 3213 educamus,
982 3175 1085 3217 atque
1100 3167 1145 3204 ab
1166 3167 1260 3205 omni

318 3238 505 3277 liberemus
530 3229 779 3275 amaritudine,
798 3242 866 3278 quo
887 3237 917 3264 ct
938 3227 1004 3279 ipsi
1027 3228 1137 3265 multa
1166 3229 1262 3266 frua-
1287 3239 1310 3266 (ἶ

362 3367 373 3381 '⁴
394 3354 450 3387 Alii
477 3358 670 3396 ἐλεεινότερον
693 3349 835 3392 *si-2752(
852 3350 924 3381 Μυκ
953 3348 1052 3381 San-it.
1073 3348 1164 3380 uncis
1189 3348 1319 3381 inclusit

1309 168 1516 198 ARCHIEP·
1556 167 1892 199 CONSTANTINOP
1902 188 1911 198 .

1687 306 1868 344 ΟΜΙΛΙΑ
1896 303 1962 343 λδ’.

1314 420 1404 466 Εῗπε
1425 425 1460 464 δὲ
1492 425 1619 479 Κύριος
1637 428 1686 478 τῷ
1703 426 1843 478 Ἄδραμ
1864 425 1954 476 μετὰ
1969 426 2009 464 τὸ
2034 428 2250 478 χωρισθῆναι
2280 426 2337 464 τὸν

1369 487 1450 526 Λὼτ
1483 489 1544 525 ἀπ’
1575 490 1694 526 αὐτοῦ·
1728 487 1926 538 ἀναὸλέψας
1953 492 2025 530 τοῖς
2057 489 2245 538 ὀφθαλμοῖς
2278 502 2336 525 σου

1369 547 1418 586 ἴδε
1444 547 1513 586 ἀπὸ
1530 552 1590 586 τοῦ
1609 547 1736 595 τόπου,
1757 541 1796 584 οὗ
1817 545 1858 585 σὺ
1876 551 1933 584 νῦν
1953 540 2003 592 εἶ’,
2024 546 2109 598 πρὸς
2137 549 2264 598 βοῤῥᾶν
2280 547 2339 584 καὶ

1368 609 1470 657 λίὲα,
1490 609 1549 646 καὶ
1569 608 1738 652 ἀνατολὰς
1769 607 1829 646 καὶ
1855 608 2032 646 Θάλασσαν
2044 635 2054 653 ,
2073 606 2126 646 ὅτι
2144 613 2259 645 πᾶσαν
2276 606 2339 654 τὴν

1368 672 1449 721 γ’ῆν,
1467 670 1508 717 ἣν
1527 668 1568 707 σὺ
1588 673 1689 721 ὁρᾷς,
1709 668 1762 707 σοὶ
1783 668 1885 706 δώσω
1907 668 2028 715 αὐτήν.

1369 792 1596 843 Κατεμάθετε
1614 792 1715 844 χθὲς,
1740 791 1934 844 ἀγαπητοὶ,
1955 794 2014 829 τοῦ
2031 789 2252 844 πατριάρχου
2278 789 2341 836 τὴν

1317 853 1602 906 ὓπερὸάλλουσαν
1645 852 1980 905 ταπεινοφροσύνην,
2011 852 2118 890 εἴδετε
2156 851 2343 895 ἐπιεικείας

1318 913 1524 965 ὑπερὸολήν.
1545 912 1638 951 Οὐδὲ
1667 913 1735 966 γὰρ
1748 908 1790 955 ἦν
1808 912 1848 950 τὸ
1870 912 1974 965 τυχὸν
1992 913 2032 950 τὸ
2049 913 2107 950 τὸν
2128 912 2342 964 πρεσὸύτην,

1317 973 1375 1011 τὸν
1395 978 1547 1011 τοσαῦτα
1567 973 1836 1025 εὐεργετηκότα,
1856 973 1913 1011 τὸν
1932 972 2102 1018 τοσαύτης
2124 971 2344 1010 ἀπολαύοντα

1320 1036 1379 1079 τ’ῆς
1412 1032 1543 1075 εὐνοίας
1571 1032 1667 1085 παρὰ
1687 1037 1746 1070 τοῦ
1776 1033 1916 1071 πάντων
1943 1031 2144 1079 Δεσπότου,
2171 1031 2343 1077 τοσαύτην

1320 1093 1554 1137 ἐπιδείξασθαι
1582 1093 1662 1146 περὶ
1691 1092 1749 1130 τὸν
1767 1093 1841 1132 νέον
1853 1123 1862 1141 ,
1881 1093 1938 1130 τὸν
1959 1094 2175 1144 ἀδελφιδοῦν,
2193 1091 2257 1138 τὴν
2276 1094 2345 1130 ἶσο-

1319 1154 1452 1206 τιμίαν,
1469 1153 1560 1192 ὥστε
1581 1153 1640 1190 καὶ
1662 1156 1730 1191 τῶν
1746 1152 1928 1205 πρωτείων
1948 1154 2042 1204 αὐτῷ
2060 1154 2345 1204 παραχωρῆσαι,

1320 1214 1379 1252 καὶ
1404 1213 1449 1251 τὰ
1474 1214 1641 1252 ἐλάττονα
1668 1214 1828 1259 ἑλέσθαι,
1858 1213 1918 1251 καὶ
1947 1212 2062 1250 πάντα
2090 1211 2346 1256 καταδέξασθαι

1320 1274 1407 1327 ὑπὲρ
1425 1280 1484 1314 τοῦ
1504 1275 1560 1312 τὸν
1583 1274 1734 1325 πόλεμον
1753 1276 1976 1321 ἀναστεῖλαι,
2005 1273 2064 1311 καὶ
2083 1273 2145 1320 τὴν
2167 1276 2230 1320 τῆς
2250 1275 2347 1325 φιλο-

1320 1335 1448 1380 νεικίας
1481 1336 1642 1373 ὑπόθεσιν
1664 1334 1820 1373 ἐκποδὼν
1843 1337 2000 1380 ποιῆσαι.
2032 1335 2165 1372 Τοῦτον
2196 1333 2348 1376 ἅπαντες

1320 1399 1441 1443 ζηλοῦν
1467 1395 1735 1446 σπουδάζωμεν,
1756 1396 1816 1434 καὶ
1846 1394 2020 1446 μηδέποτε
2049 1394 2141 1432 κατὰ
2166 1397 2234 1432 τῶν
2250 1396 2347 1442 πλη-

1321 1457 1393 1496 σίον
1414 1456 1658 1509 ἓπαιρώμεθα,
1679 1456 1767 1508 μηδὲ
1801 1456 1892 1507 μέγα
1912 1459 2091 1509 φρονῶμεν
2106 1470 2114 1478 ·
2138 1455 2229 1493 ἀλλὰ
2258 1457 2347 1494 πολ-

1320 1518 1384 1565 λὴν
1405 1517 1469 1564 τὴν
1486 1516 1800 1570 ταπεινοφροσύνην
1820 1515 2093 1566 ἐπιδεικνύμενοι
2117 1517 2345 1568 παραχωρῶ-

1322 1594 1399 1630 μεν,
1434 1578 1495 1615 καὶ
1526 1579 1753 1616 ἐλαττοῦσθαι
1787 1579 1918 1628 μᾶλλον
1954 1576 2158 1627 σπεύδωμεν
2190 1579 2224 1615 ἐν
2253 1577 2347 1630 πρά-

1320 1654 1432 1690 γμασι
1447 1638 1507 1676 καὶ
1525 1641 1560 1677 ἐν
1579 1639 1729 1690 ῥήμασι,
1749 1637 1808 1676 καὶ
1837 1637 1926 1688 μήτε
1944 1637 2029 1690 πρὸς
2048 1636 2127 1680 τοὺς
2145 1638 2347 1680 ἀδικοῦντας

1322 1697 1603 1750 ἀπεχθανώμεθα
1614 1729 1624 1746 ,
1640 1697 1704 1736 κᾶν
1719 1697 1988 1751 εὐηργετημένοι
2003 1697 2138 1749 τύχωσι
2154 1699 2235 1750 παρ’
2245 1699 2347 1748 ἡμῶν

1322 1758 1436 1802 ὄντες·
1458 1763 1558 1796 τοῦτο
1576 1758 1642 1810 γὰρ
1669 1757 1794 1810 ἀρίστη
1816 1758 2000 1810 φιλοσοφία
2017 1773 2024 1781 ·
2057 1758 2146 1808 μήτε
2172 1758 2258 1810 πρὸς
2286 1757 2350 1801 τὰς

1324 1819 1440 1872 &epm
1458 1819 1712 1871 ἀγριαίνωμεν,
1743 1819 1807 1857 κᾶν
1839 1818 2081 1871 ὑποδεέστεροι
2113 1813 2179 1857 εἶεν
2208 1822 2239 1857 οἱ
2264 1819 2351 1871 πρὸς

1325 1883 1418 1930 ἡμᾶς
1455 1879 1799 1930 διαπληκτιζόμενοι,
1829 1879 1919 1918 ἀλλὰ
1949 1884 1992 1932 τῇ
2020 1881 2190 1934 ἐπιεικείᾳ
2216 1881 2276 1919 καὶ
2305 1884 2349 1927 τῆ

1326 1939 1501 1993 πραΰτητι
1515 1939 1572 1978 τὸν
1594 1940 1699 1990 θυμὸν
1719 1940 2024 1991 καταστέλλωμεν.
2047 1940 2159 1978 Οὐδὲν
2179 1940 2247 1992 γὰρ
2268 1924 2352 1979 ταύι·

1326 2017 1389 2047 της
1422 2000 1666 2053 ἰσχυρότερον,
1703 2000 1798 2038 οὐδὲν
1826 2000 1954 2047 ταύτης
1983 1999 2229 2052 δυνατώτερον.
2252 1999 2351 2045 Αὕτη

1327 2062 1390 2110 τὴν
1409 2062 1584 2115 ἡμετέραν
1608 2061 1724 2114 ψυχὴν
1753 2064 1787 2100 ἐν
1817 2063 1967 2108 διηνεκεῖ
2000 2062 2187 2109 καθίστησι
2217 2065 2260 2114 τῇ
2287 2077 2354 2113 γα-

1327 2125 1438 2172 λήνῃ,
1466 2123 1624 2174 καθάπερ
1661 2125 1696 2160 ἐν
1733 2123 1848 2172 λιμένι
1882 2122 1990 2169 αὐτὴν
2009 2123 2212 2175 ὁρμίζεσθαι
2241 2139 2354 2174 παρα-

1329 2183 1565 2230 σκευάζουσα,
1596 2183 1655 2221 καὶ
1678 2183 1795 2229 πάσης
1822 2183 2048 2227 ἀναπαύσεως
2077 2184 2237 2227 ὑπόθεσις
2268 2187 2352 2234 ἡμῖν

1329 2244 1509 2296 γινομένη.
1541 2244 1609 2281 Διὰ
1637 2249 1737 2282 τοῦτο
1768 2244 1827 2282 καὶ
1855 2248 1872 2283 ὁ
1895 2245 2044 2296 Χριστὸς
2066 2245 2128 2292 τὴν
2151 2245 2244 2284 θείαν
2261 2246 2353 2284 ἐκεί-

1329 2321 1390 2352 νην
1412 2305 1637 2344 διδασκαλίαν
1652 2304 1856 2356 ποιούμενος
1871 2305 1967 2358 ἔλεγε
1979 2322 1986 2329 ·
2008 2306 2147 2344 Μάθετε
2167 2309 2228 2345 ἀπ’
2250 2309 2333 2356 ἐμοῦ
2345 2337 2356 2355 ,

1330 2367 1382 2405 ὅτι
1402 2367 1510 2419 πρᾶός
1529 2369 1600 2417 εἶμι
1622 2366 1681 2404 καὶ
1695 2368 1855 2411 ταπεινὸς
1874 2370 1918 2419 τῇ
1939 2368 2065 2419 καρδία
2081 2398 2090 2415 ,
2114 2367 2174 2406 καὶ
2193 2368 2357 2420 εὑρήσετε

1333 2428 1526 2467 ἀνάπαυσιν
1550 2433 1627 2471 ταῖς
1654 2429 1783 2479 ψυχαῖς
1805 2431 1914 2479 ὑμῶν.
1951 2428 2060 2466 Οὐδὲν
2080 2428 2147 2481 γὰρ
2175 2428 2265 2466 οὕτω
2292 2428 2356 2475 τὴν

1332 2489 1446 2541 ψυχὴν
1464 2491 1496 2526 ἐν
1514 2489 1705 2527 ἀναπαύσει
1739 2489 1925 2536 καθίστησι
1955 2489 2014 2527 καὶ
2046 2491 2159 2542 πολλῇ
2191 2493 2233 2541 τῇ
2267 2493 2358 2536 ἡσυ-

1333 2551 1414 2603 χία,
1434 2552 1479 2593 ὡς
1498 2549 1654 2602 πραότης
1683 2550 1743 2587 καὶ
1763 2550 2075 2602 ταπεινοφροσύνῃ.
2097 2553 2212 2590 Τοῦτο
2230 2552 2358 2595 παντὸς

1334 2613 1546 2662 διαδήματος
1564 2610 1768 2663 τιμιώτερον
1790 2611 1829 2649 ἂν
1846 2611 1980 2663 γένοιτο
2007 2615 2058 2663 τῷ
2083 2612 2212 2660 ταύτην
2231 2627 2358 2660 κεκτη·

1336 2673 1448 2726 μένῳ,
1468 2677 1568 2711 τοῦτο
1589 2673 1704 2719 πάσης
1733 2673 1955 2726 περιφανείας
1981 2674 2039 2711 καὶ
2067 2674 2166 2722 δόξης
2184 2675 2359 2714 λυσιτελέ-

1336 2750 1467 2788 στερον.
1488 2734 1535 2772 Τί
1570 2734 1638 2786 γὰρ
1669 2734 1709 2771 ἂν
1730 2735 1863 2786 γένοιτο
1886 2734 2147 2787 μακαριώτερον
2165 2741 2224 2774 τοῦ
2245 2740 2359 2785 ἀπηλ-

1334 2794 1506 2847 λαγμένου
1529 2799 1587 2832 τοῦ
1613 2794 1746 2832 ἔνδοθεν
1768 2795 1971 2846 τικτομένου
1999 2795 2172 2847 πολέμου;
2199 2797 2272 2835 Κᾶν
2291 2798 2359 2850 γὰρ

1337 2858 1497 2908 μυριάκις
1517 2855 1654 2908 εἰρήνης
1684 2856 1805 2902 ἔξωθεν
1826 2857 2055 2905 ἀπολαύωμεν
2075 2859 2134 2896 καὶ
2155 2859 2359 2912 θεραπείας,

1335 2917 1464 2956 ἔνδοθεν
1488 2919 1522 2956 δὲ
1554 2918 1715 2965 τίκτηται
1743 2923 1828 2970 ἡμῖν
1847 2922 1885 2958 ἐκ
1913 2923 1973 2966 τῆς
1995 2923 2062 2958 τῶν
2092 2923 2271 2972 λογισμῶν
2294 2937 2359 2959 τα-

1338 2983 1446 3033 ραχῆς
1466 2979 1607 3032 θόρυὸος
1636 2980 1694 3017 καὶ
1724 2981 1831 3027 ζάλη,
1866 2981 1962 3019 οὐδὲν
1989 2982 2108 3033 ὄφελος
2143 2986 2205 3029 τῆς
2237 2982 2360 3026 ἔξωθεν

1336 3043 1491 3094 εἰρήνης·
1513 3042 1630 3094 ὥσπερ
1668 3043 1742 3080 οὐδὲ
1773 3043 1905 3087 πόλεώς
1935 3060 1968 3080 τι
1996 3044 2264 3095 ἔιἐλεεινότερον,
2296 3045 2359 3082 κᾶν

1337 3104 1443 3156 μυρία
1465 3119 1514 3146 τις
1540 3104 1639 3155 τείχη
1669 3103 1728 3140 καὶ
1746 3104 1991 3156 χαρακώματα
2014 3105 2118 3152 αὐτὴν
2138 3106 2333 3157 περιὸάλλη
2349 3136 2358 3153 ,

1337 3168 1375 3203 ἐκ
1409 3165 1444 3203 δὲ
1473 3168 1540 3203 τῶν
1571 3165 1702 3203 ἔνδοθεν
1727 3165 1949 3203 ἐνοικούντων
1983 3166 2045 3212 τὴν
2066 3168 2252 3219 προδοσίαν
2275 3149 2360 3207 ὑπο·

1339 3228 1437 3279 μένῃ.
1456 3228 1569 3264 Τοῦτο
1603 3226 1728 3275 τοίνυν,
1746 3230 1961 3279 παρακαλῶ,
1993 3227 2060 3280 πρὸ
2080 3229 2219 3267 πάντων
2251 3246 2359 3268 σπου-

1338 3365 1378 3387 ττς
1399 3349 1408 3390 ]
