2516 3791
313 177 402 228 3152
747 186 783 215 s.

311 271 437 319 honor,
451 283 545 308 nunc
565 278 597 306 et
613 282 761 320 semper,
783 277 815 305 et
833 268 867 305 in
889 266 1099 310 saeculorum
1115 262 1257 301 saecula.

314 334 441 370 Amen.

609 464 819 503 HOMILIA
850 461 970 500 ΧΧΧ.

121 607 195 634 Gen.
219 614 301 635 xm.
322 593 368 632 Et
390 601 461 631 erat
484 590 598 629 omnis
618 598 711 627 terra
730 587 867 625 labium
886 600 1011 635 unum,
1048 594 1080 623 et
1097 598 1169 622 vox
1197 596 1265 620 una

701 648 877 687 omnibus.

371 779 405 813 1.
426 775 519 813 Ecce
540 773 685 812 tandem
704 771 750 809 ad
769 771 876 808 finem
897 777 1024 808 sanctae
1050 766 1264 817 Quadrage-

316 839 413 877 simae
432 836 610 882 venimus,
632 842 666 871 et
680 831 808 885 jejunii
825 830 1089 881 navigationem
1114 827 1266 880 perfeci-

316 913 410 948 mus,
428 895 716 949 appulimusquc,
731 892 798 930 Dei
821 891 949 943 gratia,
968 890 1005 927 in
1021 898 1176 941 portum.
1194 889 1266 927 Ve-

315 974 397 997 rum
419 972 489 996 non
521 956 603 994 ideo
629 954 848 1005 negligentes
881 951 1005 999 simus,
1038 948 1100 987 sed
1129 948 1198 985 hac
1223 946 1266 985 de

315 1033 420 1057 causa
449 1018 581 1055 iterum
600 1015 716 1066 majus
729 1013 902 1058 studium,
924 1011 1094 1061 majorem
1111 1008 1266 1059 diligen-

314 1079 417 1128 tiam,
433 1078 672 1128 majoremque
683 1072 907 1125 vigilantiam
918 1070 1164 1108 exhibeamus.
1173 1069 1266 1106 Nam

315 1148 349 1177 et
368 1137 521 1176 naucleri
541 1150 623 1174 eum
644 1149 705 1187 per
725 1133 837 1171 multa
866 1131 977 1169 maria
997 1130 1216 1180 transierint,
1233 1139 1268 1168 et

314 1200 430 1253 plenis
450 1198 551 1246 velis,
571 1195 778 1246 eductisque
799 1193 975 1231 mercibus
994 1192 1030 1230 in
1045 1200 1190 1244 portum
1209 1191 1266 1228 in-

313 1259 471 1312 gressuri
490 1257 632 1305 fuerint,
653 1264 738 1293 tunc
762 1253 957 1291 maximam
975 1265 1099 1290 curam
1119 1260 1153 1289 et
1169 1251 1266 1289 solli-

315 1321 512 1359 citudinem
537 1326 677 1370 gerunt‚
695 1330 739 1354 ne
753 1315 790 1353 in
807 1314 994 1367 scopulum
1004 1312 1062 1351 vel
1072 1313 1108 1350 in
1127 1321 1266 1364 petram

316 1381 508 1433 quamdam
524 1379 739 1431 impingant,
751 1390 829 1428 quae
845 1389 964 1413 omnes
978 1374 1114 1427 priores
1127 1373 1267 1411 labores

317 1442 424 1481 simul
445 1439 640 1493 disperdat.
664 1440 718 1476 Ita
748 1450 889 1488 quoque
917 1436 1053 1473 faciunt
1080 1448 1262 1473 cursores:

318 1518 400 1541 cum
412 1502 507 1540 enim
523 1501 569 1538 ad
583 1500 692 1537 finem
704 1498 903 1537 stadiorum
921 1495 1149 1548 perveniunt,
1162 1496 1267 1535 vehe-

317 1564 527 1602 mentiorem
542 1569 682 1599 servant
692 1573 854 1604 cursum,
873 1567 912 1595 ut
930 1566 1060 1594 metam
1077 1557 1266 1608 attingant,

317 1631 350 1658 et
371 1620 517 1674 praemia
543 1626 754 1656 mereantur.
774 1616 922 1653 Athletae
941 1628 1082 1665 quoque
1096 1623 1175 1665 post
1190 1614 1271 1666 plu-

317 1681 409 1719 rima
438 1679 631 1718 certamina
656 1687 690 1716 et
719 1676 903 1724 victoriam,
941 1689 1023 1713 cum
1049 1688 1115 1727 pro
1144 1688 1271 1713 corona

319 1741 530 1780 certandum
557 1749 620 1788 est,
652 1738 778 1791 majori
809 1738 890 1775 nisu
912 1737 1031 1775 omnia
1053 1736 1200 1783 faciunt,
1233 1745 1272 1774 ut

322 1812 465 1855 accepta
492 1815 620 1840 corona
650 1800 789 1838 abeant.
817 1799 941 1849 Itaque
967 1796 1273 1849 quemadmodum

319 1862 490 1913 naucleri,
516 1871 548 1900 et
567 1874 742 1910 cursores,
769 1868 802 1897 et
817 1859 974 1908 athletae,
998 1858 1061 1896 ubi
1091 1858 1138 1895 ad
1162 1858 1272 1895 finem

317 1923 478 1972 veniunt,
509 1921 622 1973 magis
648 1921 831 1959 enituntur
866 1929 899 1958 et
936 1919 1089 1971 vigilant
1116 1935 1124 1956 :
1147 1918 1271 1957 eodem

319 1984 426 2022 modo
445 1993 479 2021 et
499 1997 562 2021 nos
579 1982 753 2020 faciamus
771 1989 922 2033 oportet,
943 1980 1028 2030 quia
1044 1979 1081 2016 in
1103 1993 1270 2030 magnam

823 186 1024 215 JOANNJS.
1065 181 1305 213 CHRYSOST.
1346 180 1552 210 ARCHIEP.
1592 178 1948 217 CONSTANTINOP-

1332 261 1534 309 Πνεύματι,
1557 260 1659 308 δόξα,
1681 261 1826 313 κράτος,
1845 260 1949 311 τιμὴ,
1977 262 2034 297 νῦν
2063 259 2121 297 καὶ
2143 259 2215 307 ἀεὶ,
2232 260 2290 297 καὶ
2311 261 2358 302 εἷς

1332 319 1410 362 τοὺς
1427 322 1552 363 αἰῶνας
1571 323 1639 358 τῶν
1660 320 1808 359 αἰώνων.
1830 321 1951 372 Ἀμήν.

1738 463 1916 500 ΟΜΙΛΙΑ
1943 461 1987 499 λ’.

1385 585 1455 622 Καὶ
1471 578 1513 630 ἦν
1532 591 1629 622 πᾶσα
1643 588 1664 631 ἡ
1681 585 1725 633 γῆ
1739 584 1854 635 χεῖλος
1869 582 1984 628 ἓν,κα“ι
2000 582 2096 635 φωνὴ
2119 583 2183 633 μία
2199 589 2318 621 πᾶσιν,

1396 759 1483 798 Ἰδοὺ
1503 758 1587 810 πρὸς
1610 759 1650 796 το
1675 757 1772 801 τέλος
1797 757 1995 809 ἐφθάσαμεν
2024 756 2144 795 λοιπὸν
2173 759 2235 803 τῆς
2262 755 2362 808 ἁγίας

1340 823 1621 872 τεσσαρακοστῆς
1638 850 1647 867 ,
1680 819 1739 857 καὶ
1773 822 1835 864 τῆς
1867 817 2029 865 νηστείας
2061 816 2272 868 διηνύσαμεν
2303 817 2362 855 τὸν

1340 883 1461 930 πλοῦν,
1476 881 1536 919 καὶ
1553 881 1636 933 πρὸς
1654 880 1712 918 τὸν
1733 878 1860 930 λιμένα
1884 879 2005 917 λοιπὸν
2026 880 2070 929 τῇ
2092 882 2153 916 τοῦ
2179 879 2272 916 Θεοῦ
2294 877 2362 929 ypi-

1343 958 1410 993 ριτι
1427 941 1709 991 κατηντήσαμεν.
1727 939 1833 978 Ἀλλὰ
1859 938 1907 989 μὴ
1940 938 1996 976 διὰ
2021 942 2123 976 τοῦτο
2153 938 2361 991 ῥᾳθυμήσω-

1342 1018 1418 1052 μεν,
1441 999 1658 1053 ἀλλαταύτῃ
1676 1002 1807 1050 μᾶλλον
1827 1002 1946 1050 πολλῷ
1965 998 2109 1037 πλείονα
2129 999 2193 1045 τὴν
2210 996 2364 1044 σπουδὴν

1341 1062 1400 1100 καὶ
1414 1060 1478 1107 τὴν
1494 1061 1684 1113 ἀγρυπνίαν
1703 1059 1966 1109 ἐπιδειξώμεθα.
1985 1059 2088 1097 Ἐπεὶ
2105 1059 2165 1096 καὶ
2183 1061 2214 1097 οἱ
2233 1059 2362 1109 κυὸερ-

1340 1126 1462 1170 νῆται,
1482 1122 1621 1160 ἐπειδὰν
1652 1120 1758 1172 μυρία
1787 1119 1968 1163 διαὸάντες
1999 1119 2155 1169 πελάγη,
2175 1121 2365 1170 πεπληρω-

1342 1183 1453 1233 μένων
1475 1184 1589 1225 αὐτοῖς
1607 1184 1675 1219 τῶν
1695 1180 1828 1229 ἱστίων,
1845 1179 1862 1199 ¹³
1877 1180 1937 1218 καὶ
1951 1182 2020 1217 τῶν
2045 1179 2193 1232 φορτίων
2214 1181 2262 1223 εἷς
2280 1179 2366 1231 ὕψος

1341 1243 1564 1295 ἐγκειμένων,
1588 1245 1634 1285 εἰς
1667 1241 1720 1279 τὸν
1752 1240 1878 1292 λιμένα
1907 1241 2049 1279 εἰσιέναι
2083 1239 2257 1292 μέλλωσι,
2285 1240 2365 1278 τότε

1343 1304 1494 1355 μάλιστα
1518 1302 1626 1342 πολὺν
1647 1303 1704 1340 τὸν
1736 1304 1852 1352 ἀγῶνα
1876 1301 1934 1340 καὶ
1954 1300 2015 1348 τὴν
2042 1301 2205 1353 φροντίδα
2228 1301 2365 1354 ἔχουσι,

1343 1364 1460 1416 μήπου
1477 1364 1639 1416 σκοπέλῳ
1655 1363 1722 1401 τινὶ
1737 1362 1759 1409 ἢ
1775 1362 1886 1415 πέτρᾳ
1903 1362 2100 1415 προσράξαν
2114 1362 2182 1400 τινὶ
2196 1363 2364 1412 τὸ,πλοῖον

1343 1426 1505 1473 ἀνόνητον
1539 1426 1652 1468 αὐτοῖς
1670 1424 1728 1462 τὸν
1748 1423 1972 1475 προλαὲόντα
1991 1423 2093 1462 πόνον
2112 1423 2271 1474 γενέσθαι
2289 1439 2364 1461 πα-

1345 1486 1553 1540 ρασκευάσῃ.
1573 1486 1678 1524 Οὕτω
1697 1484 1757 1523 καὶ
1785 1485 1816 1521 οἱ
1836 1485 1973 1537 δρομεῖς
1991 1488 2161 1522 ποιοῦσιν·
2179 1483 2260 1522 ὅταν
2282 1484 2366 1535 πρὸς

1293 1565 1317 1594 Ε
1342 1548 1381 1586 τὸ
1400 1547 1497 1590 τέλος
1515 1550 1584 1585 τῶν
1605 1546 1754 1585 σταδίων
1777 1546 1954 1597 φθάσωσι,
1967 1544 2045 1582 τότε
2067 1547 2198 1594 μᾶλλον
2219 1544 2366 1583 εὐτονώ-

1341 1624 1439 1660 τερον
1457 1608 1515 1646 τὸν
1531 1608 1658 1661 δρόμον
1674 1606 1947 1652 ἐπιδείκνυνται,
1968 1605 2059 1644 ὥστε
2076 1611 2135 1644 τοῦ
2149 1605 2267 1649 τέλους
2281 1607 2364 1643 ἐπι-

1341 1675 1473 1721 τυχεῖν,
1490 1670 1549 1707 καὶ
1570 1672 1639 1706 τῶν
1660 1667 1831 1719 βραδείων
1849 1666 2049 1713 ἀξιωθῆναι.
2066 1666 2137 1704 Καὶ
2160 1666 2307 1713 ἀθληταὶ
2330 1666 2367 1704 δὲ

1344 1730 1433 1782 μετὰ
1466 1730 1572 1782 μυρία
1602 1729 1835 1780 παλαίσματα
1867 1727 1927 1766 καὶ
1959 1727 2020 1770 τὰς
2049 1727 2167 1773 νίκας,
2193 1727 2274 1765 ὅταν
2303 1726 2369 1773 τὴν

1342 1792 1423 1844 περὶ
1453 1794 1513 1829 τοῦ
1550 1790 1717 1842 στεφάνου
1758 1789 1936 1827 παλαίωσι
1970 1788 2107 1836 πάλην,
2133 1788 2277 1827 πλείονα
2309 1789 2370 1827 τὸν

1344 1856 1463 1903 ἀγῶνα
1485 1851 1756 1898 ἐπιδείκνυνται,
1774 1850 1831 1888 ἵνα
1851 1850 1910 1888 τὸν
1931 1849 2097 1901 στέφανον
2121 1848 2286 1893 λαὸόντες
2312 1848 2370 1887 οὕ-

1342 1931 1409 1958 τως
1439 1913 1615 1958 ἐξέλθωσι.
1639 1912 1809 1964 Καθάπερ
1831 1905 1888 1950 οῧν
1915 1911 2125 1962 κυξερνῆται
2152 1911 2212 1949 καὶ
2232 1912 2368 1963 δρομεῖς

1343 1976 1402 2014 καὶ
1423 1974 1591 2022 ἀθληταὶ,
1610 1973 1689 2011 τότε
1709 1975 1840 2024 μᾶλλον
1862 1971 1990 2010 τούτων
2011 1971 2157 2016 ἕκαστος
2174 1971 2238 2019 τὴν
2259 1987 2367 2010 σπου-

1280 2016 1362 2050 294κ

319 2045 412 2082 hanc
430 2042 696 2081 hebdomadam
708 2041 775 2079 Dei
791 2040 903 2092 gratia
918 2040 1160 2092 pervenimus,
1180 2053 1273 2077 nunc
1294 2052 1320 2081 Α
1344 2036 1406 2083 οὴν
1426 2035 1587 2074 ἐπιτείνει
1607 2035 1666 2073 καὶ
1685 2034 1747 2081 τὴν
1770 2033 1978 2085 ἀγρυπνίαν,
1999 2032 2080 2071 ὅταν
2101 2032 2187 2085 πρὸς
2205 2035 2256 2085 τῷ
2276 2033 2369 2071 τέλει

320 2105 477 2142 maxime
498 2103 626 2156 jejunii
643 2117 767 2140 cursus
794 2101 1047 2148 intendendus,
1071 2110 1105 2138 et
1129 2101 1270 2139 ferven-

320 2164 427 2202 tiores
445 2163 636 2201 fundendae
661 2176 797 2214 preces,
820 2161 1052 2212 faciendaque
1071 2161 1224 2212 diligens
1241 2170 1273 2198 et

156 2239 307 2267 Confessst,
321 2239 412 2278 pura
432 2233 658 2276 peccatorum
677 2222 862 2272 confessio,
881 2230 914 2259 et
931 2221 967 2258 in
986 2221 1088 2258 bonis
1107 2221 1274 2273 operibus

119 2287 251 2350 ξξῖῐξῗω·
323 2285 494 2324 sedulitas
504 2283 717 2341 exhibenda,
734 2283 956 2334 eleemosyna
976 2282 1090 2332 larga,
1113 2282 1273 2332 aequizas‚

323 2345 569 2394 mansuetudo,
585 2345 730 2395 aliaeque
753 2344 901 2382 virtutes
919 2359 926 2379 :
945 2351 984 2380 ut
1012 2342 1142 2380 talibus
1161 2342 1276 2380 ornati

324 2407 533 2455 virtutibus,
555 2405 618 2442 ubi
637 2405 673 2442 in
692 2403 789 2442 diem
803 2403 1029 2441 Dominicam
1047 2403 1190 2441 Paschae
1213 2418 1272 2441 ve-

323 2468 495 2515 nerimus,
510 2466 654 2504 Domini
676 2464 890 2502 liberalitate
908 2465 1082 2502 fruamur.
1102 2466 1274 2515 Magnam

323 2542 439 2570 autem
462 2544 629 2570 vocamus
644 2527 920 2577 hebdomadam,
941 2542 1010 2566 non
1023 2527 1120 2578 quod
1135 2528 1273 2579 longio-

143 2611 228 2640 Horae
248 2623 310 2640 ma-
323 2608 377 2631 res
397 2593 433 2630 in
451 2607 489 2630 ea
507 2592 576 2629 sint
594 2591 690 2628 horae
712 2605 720 2626 z
740 2598 822 2627 sunt
841 2589 935 2627 enim
955 2589 1033 2626 aliae
1061 2603 1140 2640 qua:
1160 2589 1274 2627 multo

119 2651 199 2690 jures

119 2704 310 2769 ἷῖἶὲέῗῖξῧξζζ
326 2716 457 2752 habeat
481 2729 489 2750 ε
510 2723 559 2752 est
580 2713 673 2751 enim
698 2710 792 2749 idem
803 2725 972 2749 numerus
987 2711 1022 2749 in
1039 2712 1106 2749 hac
1127 2711 1275 2763 aliisque

121 2776 249 2803 dierum·
324 2775 504 2813 omnibus.
531 2776 652 2822 Quare
668 2786 751 2824 crgo
767 2772 867 2809 illam
895 2786 1066 2811 vocamus
1085 2773 1273 2825 magnam?

120 2831 195 2901 gfff!
211 2844 309 2902 malgna
325 2836 419 2884 Quia
441 2835 474 2872 in
496 2835 556 2872 illa
580 2847 706 2885 magna
727 2832 891 2883 quaedam
918 2842 950 2870 et
970 2832 1162 2871 ineffabilia
1182 2833 1273 2872 hona

122 2884 311 2945 chSdEL-mnjec
324 2896 548 2947 contigerunt
568 2895 681 2933 nobis.
710 2894 745 2931 [n
766 2894 826 2931 illa
847 2894 940 2932 enim
956 2894 1110 2931 solutum
1127 2903 1177 2932 est
1195 2894 1272 2932 bel-

124 2956 170 2982 ἃᾶ·
323 2958 399 2995 lum
413 2956 607 3003 diutinum,
623 2955 797 2994 exstincta
813 2969 921 3003 mors,
945 2954 1145 2993 maledictio
1166 2955 1273 2993 inter—

322 3027 427 3068 emta,
455 3017 587 3055 diaboli
611 3016 770 3069 tyrannis
790 3015 975 3064 dissoluta,
1003 3030 1085 3054 vasa
1104 3017 1180 3068 ejus
1207 3016 1269 3055 di—

366 3139 381 3161 l*
400 3143 454 3171 Καὶ
469 3146 527 3171 τῶν
543 3143 668 3182 ῗογιτὶων
686 3143 723 3175 εἰς
740 3140 809 3180 ὕψος
825 3142 1010 3180 ἐγκειμένων.
1024 3137 1083 3168 His
1098 3137 1201 3168 innui!
1218 3134 1326 3179 Chry-

264 2655 310 2682 V⁰¹
324 2655 472 2706 majores
493 2653 598 2690 horas
615 2651 770 2699 habent3
790 2664 903 2701 neque
925 2649 1020 2701 quod
1050 2651 1172 2703 plures
1198 2650 1274 2688 dies
1295 2657 1319 2687 B

1343 2097 1531 2150 γένωνται·
1548 2097 1606 2134 τὸν
1635 2096 1737 2134 αὐτὸν
1763 2095 1804 2142 δὴ
1830 2094 1958 2146 τρόπον
1977 2095 2036 2132 καὶ
2062 2097 2155 2145 ἡμᾶς
2177 2094 2370 2146 προσήκει,

1344 2157 1465 2203 ἐπειδὴ
1486 2160 1532 2200 εἷς
1551 2156 1614 2203 τὴν
1643 2155 1800 2206 μεγάλην
1822 2155 1952 2201 ταύτην
1972 2155 2152 2205 ἑὸδομάδα
2171 2155 2371 2207 ἐφθάσαμεν

1343 2222 1386 2269 τῇ
1407 2222 1466 2255 τοῦ
1488 2219 1580 2255 Θεοῦ
1599 2216 1740 2268 χάριτι,
1762 2219 1817 2253 νῦν
1849 2215 2004 2265 μάλιστα
2030 2215 2091 2252 καὶ
2119 2217 2181 2261 τῆς
2209 2215 2371 2262 νηστείας

1344 2280 1401 2317 τὸν
1423 2278 1550 2330 δρόμον
1570 2276 1826 2324 ἐπιτεῖναι,καὶ
1846 2276 1908 2320 τὰς
1924 2276 2029 2328 εὐχὰς
2045 2276 2273 2329 εὐτονωτέρας
2292 2291 2368 2314 ποι-

1345 2343 1475 2386 εῖσθαι,
1495 2339 1554 2377 καὶ
1573 2337 1706 2384 πολλὴν
1726 2337 1786 2374 καὶ
1803 2337 1931 2389 ἀκριὸἦ
1947 2337 2009 2384 τὴν
2033 2336 2279 2388 ἐξομολόγησιν
2299 2339 2368 2374 τῶν

1345 2399 1604 2453 ἡμαρτημένων
1622 2397 1878 2443 ἐπιδείξασθαι,
1902 2398 1962 2435 καὶ
1980 2397 2043 2444 τὴν
2064 2397 2144 2449 περὶ
2160 2397 2222 2440 τὰς
2238 2396 2371 2448 ἀγαθὰς

1345 2461 1487 2514 πράξεις
1505 2459 1681 2513 ἐργασίαν,
1713 2458 1952 2509 ἐλεημοσύνην
1987 2459 2115 2510 δαψιλῆ
2127 2488 2136 2505 ,
2167 2457 2369 2501 ἐπιείκειαν,

1345 2522 1540 2575 πραότητα,
1552 2520 1614 2568 τὴν
1632 2521 1740 2567 ἄλλην
1756 2520 1895 2558 ἅπασαν
1914 2518 2117 2572 ἀρετὴν,ῗνα
2137 2519 2226 2570 μετὰ
2241 2518 2371 2558 τούτων

1345 2586 1413 2621 τῶν
1436 2582 1716 2636 κατορθωμάτων
1736 2587 1750 2603 ³
1764 2584 1811 2625 εἷς
1831 2581 1894 2628 τὴν
1912 2581 2035 2634 κυρίαν
2063 2581 2254 2633 φθάσαντες
2283 2580 2370 2631 ἡμέ-

1349 2661 1408 2698 ραν
1431 2648 1492 2690 τῆς
1513 2643 1609 2695 παρὰ
1634 2646 1692 2681 τοῦ
1723 2641 1901 2680 Δεσπότου
1927 2641 2129 2694 φιλοτιμίας
2157 2641 2369 2681 ἀπολαύσω-

1347 2722 1421 2757 μεν.
1444 2705 1611 2755 Μεγάλην
1632 2703 1668 2742 δὲ
1684 2705 1856 2754 καλοῦμεν
1872 2702 1936 2749 τὴν
1958 2702 2152 2753 ἑὸδομάδα,
2168 2703 2229 2740 οὐκ
2249 2703 2369 2750 ἐπειδὴ

1346 2767 1450 2805 πλέον
1475 2765 1548 2817 ἔχει
1565 2765 1604 2802 τὸ
1628 2767 1738 2816 μῆκος
1757 2767 1826 2802 τῶν
1845 2765 1963 2817 ὡρῶν·
1978 2763 2037 2801 καὶ
2054 2762 2120 2814 γάρ
2140 2765 2227 2800 εἰσιν
2253 2762 2370 2816 ἕτεραι

1346 2829 1466 2879 πολλῷ
1502 2825 1634 2877 μείζους
1664 2826 1756 2877 ὥρας
1786 2826 1928 2878 ἔχουσαι
1940 2840 1948 2847 ·
1977 2823 2052 2862 οὐδὲ
2081 2823 2202 2871 ἐπειδὴ
2233 2825 2371 2868 πλείους

1346 2888 1479 2941 ἡμέρας
1498 2887 1586 2939 ἔχνει·
1612 2887 1670 2924 καὶ
1686 2887 1752 2938 γὰρ
1780 2889 1797 2924 ὁ
1818 2886 1918 2929 αὐτὸς
1941 2885 2085 2938 ἀριθμὸς
2107 2885 2293 2937 καὶταύτῃ
2310 2885 2370 2924 καὶ

1346 2956 1420 2994 ταῖς
1441 2950 1561 2992 ἄλλαις
1577 2948 1718 2991 πάσαις.
1734 2947 1836 2990 Τίνος
1853 2941 1910 2985 οὖν
1930 2947 2045 2984 ἕνεκεν
2065 2946 2220 2997 μεγάλην
2239 2946 2369 2994 ταύτην

1346 3021 1538 3067 καλοῦμεν,
1557 3013 1705 3061 Ἐπειδὴ
1737 3013 1874 3064 μεγάλα
1900 3013 1977 3051 τινὰ
2004 3013 2064 3050 καὶ
2087 3012 2268 3064 ἀπόρρητα
2286 3028 2369 3064 τυγ-

1404 3146 1415 3159 ”
1434 3141 1478 3171 Εἰ.-
1506 3142 1558 3174 τῂν
1584 3141 1686 3180 κυρίαν
1703 3137 1833 3178 ἡμέραν.
1858 3131 1941 3163 Male
1967 3138 2113 3163 verterat
2138 3138 2230 3162 vetus
2255 3130 2367 3162 Inter-

320 3197 502 3230 sostomus,
519 3200 577 3220 suo
596 3197 742 3231 tempore
760 3191 793 3221 in
811 3201 901 3221 more
925 3188 1038 3230 fuisse,
1055 3196 1091 3221 ιιι
1111 3189 1143 3220 in
1169 3187 1325 3227 navibus,
1362 3198 1436 3229 pres
1449 3213 1456 3225 ,
1476 3189 1510 3217 in
1537 3187 1591 3217 die
1605 3185 1733 3229 judicii
1748 3198 1757 3215 :
1772 3183 1825 3215 hic
1842 3185 1928 3215 enim
1945 3181 2014 3215 dies
2028 3182 2080 3214 illa
2098 3188 2183 3227 nupia
2198 3181 2285 3214 diem
2307 3181 2367 3213 Pa-

320 3241 474 3274 consocio
499 3242 718 3283 navigationis
732 3253 840 3278 cursu,
866 3249 1044 3284 antequam
1070 3241 1101 3273 in
1119 3247 1252 3284 portum
1279 3241 1329 3272 in·
1361 3238 1484 3271 schatis
1507 3237 1691 3281 significat,
1711 3245 1745 3268 ιιι
1772 3247 1869 3277 supra
1893 3235 1993 3268 etiam
2017 3233 2282 3268 animadvertere
2304 3241 2364 3266 est.

320 3303 475 3334 staretur,
491 3306 589 3326 onera
616 3301 650 3325 et
674 3295 810 3326 sart-inse
827 3292 1056 3335 educi-rentur,
1077 3301 1108 3325 et
1125 3294 1158 3328 ‘m
1175 3303 1328 3335 supremo
1363 3291 1399 3321 V.
1420 3290 1511 3333 pnes.
1531 3291 1549 3321 'l
1562 3289 1626 3322 onii
1647 3288 1740 3331 liujus
1757 3288 1772 3331 §
1791 3288 1849 3320 Vl.

321 3347 471 3380 tabulato
488 3353 699 3389 ponerentur.
