2516 3791
778 169 955 200 JOANMS
992 166 1213 196 CHRYSOST
1223 185 1229 191 .

294 158 383 216 548
703 170 739 200 s.

292 258 358 294 hoc
378 255 456 294 est}>
471 255 533 306 qui
545 254 634 292 mihi
651 263 774 306 praeter·
791 265 930 290 omnem
946 248 1240 301 exspectationem
1266 251 1289 280 E

291 318 427 370 prolem
448 316 599 367 largitus
630 324 700 364 est,
721 314 784 363 qui
813 320 956 364 propter
986 308 1241 360 benignitatem

293 393 393 417 suam
411 387 607 416 emortuam
632 376 745 413 Sarrae
759 373 907 411 vulvam
929 369 1145 422 generationi
1165 368 1242 407 ido-

294 454 395 478 neam
414 439 505 486 feeit,
515 450 608 474 nunc
617 443 806 487 postquam
820 432 1016 470 ablactatus
1031 439 1082 468 est
1097 430 1194 468 filius
1208 439 1241 468 et

294 497 404 535 crevit
418 527 427 543 ,
447 505 480 533 et
499 495 534 531 in
556 494 642 531 ssore
669 491 782 530 aetatis
814 500 864 528 est
877 520 887 540 ,
906 490 1004 528 hunc
1019 489 1133 527 occidi
1153 498 1186 527 ct
1204 488 1240 527 in

293 557 537 595 holocaustum
562 552 680 591 offerri
704 551 864 604 praecipit
890 567 897 587 :
920 550 982 601 qui
1015 550 1122 603 paulo
1142 559 1241 587 antea

292 617 405 666 dixit,
421 619 470 654 In
483 619 564 667 ipso
578 615 784 651 vocabitur
800 614 869 650 tibi
881 626 1033 658 semen,
1051 625 1144 649 nunc
1159 625 1241 649 eon-

293 679 399 717 traria
417 676 589 730 praecipit.
611 674 658 712 Et
679 672 857 724 quomodo
877 673 1142 725 implebuntur,
1163 687 1240 723 quae

291 742 336 779 ab
356 756 395 779 eo
417 748 497 778 sunt
518 736 714 790 promissa?
738 737 821 783 Quo
847 745 951 788 pacto
972 735 1065 773 enim
1081 734 1157 772 fieri
1177 748 1240 786 po-

292 812 375 851 test,
396 811 435 839 ut
454 799 574 838 radice
592 806 730 836 exsecta
750 796 840 834 rami
862 796 1066 848 pullulent,
1081 795 1138 834 vel
1159 808 1241 833 suc—

292 865 362 902 cisa
383 863 508 900 arbore
528 862 663 898 fructus
683 857 912 910 proveniant,
933 857 989 896 vel
1016 858 1110 895 fonte
1129 856 1240 894 arefa-

1270 166 1456 195 ARCIIIEP
1465 185 1474 195 .
1512 165 1845 196 CONSTANTINOP
1854 188 1862 196 .

1315 263 1420 285 τωσιν
1449 248 1502 299 ἐφ’
1519 248 1554 285 ἓν
1579 250 1647 285 τῶν
1666 249 1783 300 ὀρέων.
1805 250 1850 287 Τί
1877 243 1935 288 οὖν
1955 254 1972 288 ὃ
1991 250 2141 297 δίκαιος,
2159 253 2236 289 Οὐκ
2256 254 2336 290 ἐτα-

1316 307 1428 358 ράχθη
1453 308 1510 346 τὸν
1536 309 1715 359 λογισμὸν,
1735 311 1774 347 οὔ
1798 311 1969 362 συνεχύθη
1991 311 2055 358 τὴν
2081 312 2256 359 διάνοιαν,
2276 317 2338 350 οὐκ

1313 367 1471 420 ἠπόρησε
1490 370 1575 420 πρὸς
1592 370 1632 406 τὸ
1651 369 1743 414 ξένον
1762 374 1823 408 τοῦ
1843 371 2080 423 ἐπιτάγματος
2092 403 2102 420 ,
2122 375 2182 411 οὐκ
2198 373 2338 419 ἐνενόη-

1314 445 1392 477 σεν,
1414 432 1476 468 οὐκ
1504 430 1687 482 ἐλογίσατο
1710 432 1797 482 πρὸς
1827 432 1967 470 ἑαυτόν·
1993 433 2027 470 τί
2050 437 2169 481 τοῦτο,
2202 437 2220 472 ὁ
2243 434 2338 485 παρὰ

1313 499 1430 529 πᾶσαν
1458 492 1669 544 προσδοκίαν
1700 492 1842 542 σπέρμα
1871 493 2128 544 χαρισάμενος,
2157 498 2175 533 ὁ
2197 494 2254 532 διὰ
2275 495 2337 541 τὴν

1313 551 1444 591 οἰκείαν
1461 552 1722 604 φιλανθρωπίαν
1735 551 1800 599 τὴν
1815 552 1952 603 μήτραν
1972 556 2034 599 τῆς
2053 553 2193 606 Σάρρας
2213 557 2338 607 ζωογο-

1314 614 1421 660 νήσας
1436 617 1710 665 2νεκρωθεῖσαν,
1725 613 1847 651 λοιπὸν
1873 613 1962 663 μετὰ
1988 614 2028 652 τὸ
2053 616 2338 667 γαλακτοτροφη-

1314 678 1414 721 θῆναι
1438 674 1497 713 καὶ
1519 674 1732 723 αὐξηθῆναι,
1750 674 1809 712 καὶ
1827 674 1948 712 λοιπὸν
1972 676 2007 719 ἐν
2026 674 2147 727 ἡλικίᾳ
2161 676 2338 727 γενέσθαι,

1314 738 1489 789 σφαγῆναι
1508 736 1548 774 τὸ
1572 735 1693 788 τεχθέν
1721 751 1781 786 μοι
1800 735 1948 783 κελεύει,
1962 735 2022 774 καὶ
2037 738 2084 780 εἷς
2104 736 2340 775 ὁλοκαύτωσιν

1314 799 1560 848 ἀνενεχθῆναι·
1581 799 1598 834 ὁ
1612 796 1678 848 πρὸ
1697 795 1855 848 βραχέως
1867 797 1974 834 εἰπὼν
1986 827 1995 845 ,
2016 796 2078 835 Ἔν
2096 799 2190 850 αὐτῷ
2210 798 2340 844 κληθή-

1315 858 1412 897 σεταί
1426 872 1480 896 σοι
1500 858 1653 909 σπέρμα,
1671 861 1728 895 νῦν
1749 857 1792 895 τὰ
1811 857 1949 896 ἐναντία
1968 859 2168 904 ἐπιτάττει;
2182 859 2253 897 Καὶ
2266 861 2340 902 πῶς

291 935 346 963 cto
358 924 458 962 ssuvii
469 921 678 962 scaturiant?
686 919 889 959 Secundum
902 919 1058 956 hominis
1073 918 1240 956 rationem
1256 948 1302 972 475
1317 918 1355 955 ἂν
1372 920 1420 961 εἷς
1430 918 1528 969 ἔργον
1546 918 1675 963 ἐξέλθοι
1687 918 1771 956 ποτὲ
1784 918 1828 956 τὰ
1845 921 1927 971 παρ’
1940 921 2045 957 αὐτοῦ
2061 919 2339 970 ἐπαγγελθέντας

292 987 374 1024 talia
394 985 471 1023 fieri
493 998 561 1022 non
583 992 634 1020 est
654 981 841 1034 possibile;
871 982 947 1018 Deo
967 990 1086 1019 autem
1105 980 1243 1019 volente
1267 984 1292 1014 A
1316 980 1398 1022 Πῶς
1412 978 1480 1030 γὰρ
1498 973 1566 1017 οἶόν
1586 995 1623 1017 τε
1637 983 1699 1025 τῆς
1720 979 1815 1030 ῥίζης
1834 979 2089 1030 ἕκτεμνομὲνης
2103 979 2181 1022 τοὺς
2194 980 2341 1023 κλάδους

290 1047 368 1085 sieri
387 1055 534 1100 possunt
548 1044 676 1083 omnia.

446 1137 489 1164 :⁴

347 1373 382 1410 2.
402 1371 579 1409 Caeterum
599 1370 728 1407 horum
747 1367 838 1405 nihil
857 1366 1025 1417 cogitavit
1044 1365 1238 1417 seettmju—

294 1439 368 1467 stus
387 1429 463 1476 ille,
486 1427 547 1465 sed
565 1427 656 1465 sieut
671 1435 791 1478 gratus
806 1425 982 1475 famulus,
1002 1424 1129 1462 omissa
1144 1423 1239 1461 omni

293 1490 426 1527 ratione
441 1490 596 1526 humana
610 1518 620 1538 ,
640 1501 746 1524 unam
766 1495 905 1524 tantum
924 1500 997 1523 rem
1018 1485 1185 1534 curabat,
1202 1494 1241 1522 ut

295 1551 467 1603 imperata
487 1563 591 1601 opere
604 1548 768 1600 impleret
788 1563 796 1583 τ
817 1556 850 1585 et
869 1547 970 1597 quasi
986 1547 1098 1584 factus
1116 1546 1162 1583 ab
1174 1546 1241 1582 hu-

291 1626 394 1649 mana
430 1620 556 1648 natura
575 1609 730 1657 alienus,
750 1617 783 1646 et
804 1607 1084 1660 postponendam
1110 1606 1242 1644 ducens

290 1671 423 1711 divinis
442 1670 627 1724 praeceptis
641 1683 780 1707 omnem
799 1669 1019 1706 affectionem
1037 1677 1070 1705 et
1082 1667 1242 1705 dilectio-

290 1748 393 1782 nem,
415 1733 461 1770 ad
482 1731 663 1784 implenda
693 1731 760 1769 Dei
776 1731 875 1783 jussa
901 1729 1092 1767 festinavit.
1128 1730 1163 1766 5.
1189 1730 1243 1766 Et
1268 1731 1290 1761 B

290 1808 374 1832 cum
387 1794 626 1837 surrexisset,
640 1790 773 1840 inquit,
787 1789 994 1827 Abraham
1005 1801 1131 1835 mane,
1145 1795 1244 1825 stra—

293 1856 343 1890 vit
369 1855 522 1890 asinam
542 1864 666 1888 suam.
684 1849 848 1900 Accepit
862 1855 991 1885 autem
1004 1860 1132 1884 secum
1149 1847 1244 1884 duos

291 1928 418 1952 servos
432 1922 467 1950 et
486 1915 601 1950 Isaac
617 1912 749 1964 filium
769 1923 880 1948 suum
900 1924 910 1945 :
933 1917 969 1945 et
985 1910 1112 1947 scissis
1131 1908 1245 1960 lignis

293 1979 333 2012 in
365 1975 631 2012 holocaustum
651 1985 737 2010 cum
770 1972 994 2009 surre.1·isset
1006 1999 1018 2016 ,
1047 1970 1244 2021 profectus

294 2044 346 2073 est
359 2065 370 2081 ‚
397 2043 433 2072 et
454 2036 561 2071 venit
579 2036 620 2070 in
640 2033 765 2070 Iocum
775 2061 787 2078 ,
811 2045 923 2082 quem
939 2031 1037 2067 dixit
1057 2032 1092 2067 ei
1111 2031 1240 2075 Deus,

295 2097 356 2133 die
373 2098 496 2132 tertio.
517 2093 609 2133 Vide
625 2092 829 2130 clementem
845 2090 1052 2138 Dominum,
1066 2088 1244 2140 quomodo

295 2166 328 2194 ct
343 2155 530 2193 intervallo
546 2153 613 2190 loci
629 2152 715 2204 justi
735 2151 902 2203 probavit
917 2151 1099 2189 virtutem.
1120 2149 1243 2200 Cogita

296 2227 412 2254 autem
435 2214 521 2266 quid
541 2213 726 2266 probabile
747 2212 791 2249 sit
811 2211 929 2248 triduo
949 2211 1011 2248 illo
1039 2210 1246 2248 sustinuisse

292 2280 448 2330 justum,
466 2290 584 2314 secum
601 2283 822 2326 reputantem
838 2273 906 2310 sibi
921 2281 1136 2324 [incoeptum
1152 2286 1244 2320 esse,

297 2349 335 2377 ut
349 2339 422 2377 suis
442 2337 607 2375 manibus
626 2345 699 2373 tam
717 2334 888 2372 dilectum
911 2333 1025 2370 filium
1046 2333 1244 2381 occideret,

297 2415 408 2452 neque
422 2414 496 2437 rem
508 2398 572 2436 ulli
588 2396 862 2434 communicaret
876 2404 909 2433 et
921 2394 1093 2445 detegeret
1108 2410 1118 2443 ;
1138 2403 1170 2431 et
1183 2394 1245 2432 ob-

295 2471 455 2514 stupesce
468 2459 851 2513 piumreligiosumque
863 2471 903 2494 ae
910 2456 1119 2510 prudentem
1134 2456 1245 2509 ipsius
1269 2469 1292 2499 c

295 2526 466 2563 animum.
491 2524 584 2572 Quia
603 2523 697 2561 enim
711 2522 843 2560 sciebat
861 2516 1140 2572 magnitudinem
1156 2535 1246 2573 prce-

297 2587 413 2639 cepti,
447 2585 579 2623 nemini
599 2597 743 2636 prorsus
766 2583 833 2620 hoc
865 2582 1082 2635 significavit
1098 2612 1109 2631 ,
1133 2596 1246 2632 neque

297 2647 415 2699 pueris
430 2677 439 2695 ‚
462 2660 573 2697 neque
594 2644 663 2696 ipsi
685 2645 783 2681 Isaac
803 2659 811 2679 ε
833 2643 890 2681 sed
908 2643 1003 2681 solus
1018 2657 1136 2681 secum
1155 2657 1244 2695 ago—

297 2723 377 2746 nem
399 2708 502 2745 illum
521 2706 743 2753 decertabat,
764 2714 797 2743 et
815 2704 917 2756 quasi
938 2703 1082 2743 adamas
1100 2705 1246 2756 quidam

298 2769 461 2806 manebat
484 2767 656 2815 invictus,
686 2766 796 2804 robur
822 2765 1076 2817 cogitationum
1108 2774 1246 2804 tantum

298 2829 486 2875 exhibens,
499 2837 531 2865 et
548 2841 617 2864 non
634 2826 744 2863 multa
762 2834 937 2873 causatus,
949 2839 1078 2876 magno
1092 2839 1172 2863 cum
1185 2824 1246 2863 de-

295 2887 422 2925 siderio
444 2886 707 2938 obtemperabat
723 2884 826 2922 nutui
841 2884 975 2922 divino.
998 2884 1044 2922 Et
1058 2894 1244 2938 postquam

295 2948 341 2986 ml
360 2949 477 2986 locum
499 2947 600 2984 illum
620 2946 807 2998 pervenit,
830 2946 866 2983 4.
887 2946 1080 2993 Sublatis,
1104 2946 1240 2998 inquit,

297 3010 505 3047 Abraham
529 3009 648 3045 oculis
681 3010 759 3046 suis
785 3008 885 3044 ‘vidit
906 3007 1032 3046 Iocum
1057 3021 1080 3045 a
1107 3008 1239 3061 longe,

297 3073 332 3109 5.
352 3079 386 3108 et
407 3071 505 3107 dixit
522 3071 640 3107 servis
657 3071 734 3106 suis
753 3084 763 3103 .-
781 3068 916 3105 Sedete
935 3069 998 3106 hic
1015 3081 1098 3106 cum
1117 3072 1242 3107 asina.

296 3131 392 3170 Vide
415 3140 447 3169 et
468 3131 527 3168 hic
555 3129 641 3182 justi
665 3143 828 3181 magnam
861 3128 1087 3182 prudentiam
1109 3146 1117 3166 z
1139 3130 1243 3168 etiam

339 3268 351 3281 ³
369 3255 484 3298 [Coisb
504 3254 676 3297 distinguit
695 3260 884 3299 νεκρωθεῖσαν
903 3258 1012 3290 λοιπόν.
1033 3258 1140 3298 μεταλ]

339 3310 355 3333 ¹>
372 3306 474 3340 Savil.
493 3314 525 3339 ct
544 3305 678 3349 quidam
696 3307 773 3339 Mss.
793 3311 849 3350 ὅρα
867 3316 926 3345 πῶς
943 3313 990 3341 καὶ
1008 3313 1036 3341 ἐν
1054 3317 1094 3351 τῷ
1117 3311 1296 3349 §acrisiae-

302 3367 446 3401 ἵκτα-,ίζ-ῑι
470 3366 520 3393 τοῦ
546 3363 655 3392 tim-'oa
681 3366 733 3395 τὴν
752 3365 860 3402 ἁρετὴ-,ι
883 3364 895 3392 ὁ
918 3363 1118 3403 ρύόνθρωπος
1139 3367 1294 3396 Δεσπότης.

1317 1038 1443 1091 φυῆναί
1456 1055 1554 1086 ποτε,
1574 1039 1596 1086 ἢ
1616 1044 1676 1078 τοῦ
1697 1039 1834 1091 δένδρου
1855 1040 2110 1090 ἐκκοπτομένου
2130 1039 2188 1077 τὸν
2207 1041 2340 1091 καρπὸν

1315 1103 1516 1152 ἐνεχθῆναι,
1532 1099 1554 1147 ἢ
1572 1104 1633 1147 τῆς
1649 1103 1765 1151 πηγῆς
1786 1099 2012 1152 ξηρανθείσης
2030 1100 2207 1151 ποταμοὺς
2221 1101 2342 1138 ἀναδο-

1315 1166 1432 1209 θῆναι,
1454 1161 1555 1200 Κατὰ
1583 1161 1646 1212 μὲν
1667 1161 1730 1208 τὴν
1763 1161 1981 1212 ἀνθρωπίνην
2002 1160 2207 1199 ἀκολουθίαν
2230 1164 2341 1199 ταῦτα

1314 1222 1472 1272 γενέσθαι
1498 1222 1701 1274 ἀμήχανον·
1721 1224 1814 1261 Θεοῧ
1836 1221 1872 1260 δὲ
1901 1221 2126 1272 βουληθέντος
2146 1221 2260 1260 πάντα
2280 1238 2340 1273 γε·

1312 1283 1430 1322 νέσθαι
1451 1283 1606 1321 δυνατόν.

1368 1354 1470 1392 Ἀλλὰ
1491 1354 1621 1392 τούτων
1637 1354 1700 1404 μὲν
1719 1354 1816 1392 οὐδὲν
1834 1354 2051 1406 ἐλογίσατοὸ
2071 1354 2202 1397 δίκαιος
2220 1349 2319 1398 οῧτος
2331 1385 2340 1402 ,

1313 1416 1402 1454 ἀλλὰ
1435 1414 1591 1467 καθάπερ
1617 1415 1804 1467 εὐγνώμων
1833 1415 1995 1463 οἰκέτης,
2028 1415 2144 1454 πάντα
2172 1414 2339 1467 λογισμὸν

1315 1476 1526 1529 ἀνθρώπινον
1538 1476 1791 1528 παρωσάμενος
1805 1506 1814 1523 ,
1837 1477 1909 1520 ἑνὸς
1927 1475 2031 1527 μόνου
2054 1476 2183 1528 ἐγίνετο
2196 1506 2206 1523 ,
2224 1480 2283 1514 τοῦ
2302 1477 2341 1515 τὸ

1314 1539 1499 1590 ἐπιταχθὲν
1516 1540 1564 1581 εἷς
1579 1538 1677 1589 ἔργον
1694 1540 1849 1589 ἀγαγεῖν,
1866 1538 1926 1575 καὶ
1943 1537 2062 1589 ὥσπερ
2080 1537 2175 1581 ἐκτὸς
2189 1537 2339 1589 γεγονὼς

1314 1602 1376 1646 τῆς
1395 1598 1609 1651 ἀνθρωπείας
1637 1598 1788 1651 φύσεως,
1811 1598 1870 1636 καὶ
1900 1605 2017 1636 πᾶσαν
2043 1598 2261 1649 συμπάθειαν
2282 1598 2341 1636 καὶ

1315 1661 1490 1713 πατρικὴν
1510 1659 1755 1712 φιλοστοργίαν
1777 1660 1939 1711 δευτέραν
1957 1658 2177 1708 ἡγησάμενος
2194 1660 2261 1695 τῶν
2282 1661 2341 1695 τοῦ

1316 1722 1408 1759 Θεοῦ
1435 1720 1730 1772 προσταγμάτων,
1752 1720 1808 1757 ε’πὶ
1837 1718 1899 1767 τὴν
1928 1718 2151 1770 ἐκπλήρωσιν
2181 1717 2339 1756 ἔσπευδε.

1317 1782 1388 1821 Καὶ
1408 1781 1580 1827 ἀναστὰς,
1600 1781 1717 1834 φησὶν,
1740 1779 1899 1831 Ἀὅραὰμ
1918 1779 1957 1818 τὸ
1981 1778 2093 1832 πρωῒ,
2114 1778 2259 1822 ἐπέσαξε
2278 1778 2342 1826 τὴν

1316 1844 1390 1882 ὄνον
1411 1845 1527 1881 αὐτοῦ.
1544 1842 1734 1895 Παρέλαὸε
1760 1842 1795 1879 δὲ
1816 1843 1892 1892 μεθ’
1911 1843 2034 1878 ἑαυτοῦ
2053 1840 2112 1878 δύο
2138 1841 2266 1883 παῖδας
2284 1839 2342 1877 καὶ

1318 1903 1439 1943 Ἰσαὰκ
1459 1904 1516 1942 τὸν
1528 1902 1600 1940 υἱὸν
1620 1905 1725 1941 αὐτοῦ·
1742 1919 1749 1926 ·
1766 1903 1826 1941 καὶ
1839 1901 1963 1954 σχίσας
1982 1901 2065 1946 ξύλα
2080 1904 2128 1945 εἷς
2139 1901 2345 1952 ὃλοκάρπω-

1320 1982 1372 2003 σιν
1394 1964 1548 2008 ἀναστὰς
1567 1965 1737 2017 ἐπορεύθη
1751 1993 1760 2011 ,
1782 1964 1841 2002 καὶ
1861 1959 1965 2011 ἦλθεν
1985 1964 2043 2001 ἐπὶ
2076 1963 2133 2001 τὸν
2160 1962 2279 2010 τόπον,
2305 1961 2342 1999 ὃν

1318 2022 1412 2066 εἶπεν
1434 2029 1528 2079 αὐτῷ
1549 2029 1565 2064 ὁ
1585 2026 1695 2074 Θεὸς,
1713 2029 1755 2077 τῇ
1790 2025 1906 2077 ἡμέρᾳ
1931 2028 1974 2077 τῇ
2000 2025 2114 2077 τρίτῃ.
2145 2023 2264 2076 ΜΟρα
2285 2023 2344 2062 τὸν

1317 2088 1558 2140 φιλάνθρωπον
1585 2086 1781 2134 Δεσπότην,
1809 2089 1882 2130 πῶς
1902 2087 1960 2124 καὶ
1988 2088 2023 2124 ἐν
2046 2088 2096 2138 τῷ
2131 2085 2342 2135 διαστήματι

1318 2149 1569 2200 βασανίζειτοῢ
1603 2148 1735 2186 δικαίου
1756 2148 1818 2194 τὴν
1837 2148 1976 2200 ἀρετήν.
2003 2146 2190 2192 Ἐννόησον
2220 2145 2255 2184 δὲ
2283 2146 2343 2183 καὶ

1317 2210 1374 2247 τὸν
1389 2209 1520 2247 δίκαιον
1541 2210 1575 2245 τί
1595 2208 1683 2252 εἰκὸς
1700 2203 1741 2256 ἦν
1760 2209 1944 2259 ὑπομένειν
1959 2213 2033 2251 ταῖς
2049 2207 2160 2259 τρισὶν
2176 2206 2342 2257 ἡμέραις,

1318 2271 1420 2309 αὐτὸν
1445 2273 1521 2309 καθ’
1544 2271 1664 2309 ἑαυτὸν
1684 2271 1746 2320 μὲν
1764 2270 2051 2321 ἀναλογιζόμενον
2080 2268 2119 2306 τὸ
2139 2268 2317 2319 ἐπίταγμα
2331 2299 2340 2316 ,

1317 2333 1375 2371 καὶ
1393 2333 1446 2371 ὅτι
1467 2333 1565 2376 αὐτὸς
1584 2333 1705 2383 μέλλει
1724 2338 1799 2375 ταῖς
1818 2331 1962 2375 οἰκείαις
1976 2331 2077 2383 χερσὶ
2098 2330 2155 2368 τὸν
2169 2330 2260 2368 οὕτω
2277 2346 2340 2368 πο-

1318 2394 1482 2444 θούμενον
1519 2394 1659 2446 σφάζειν
1688 2393 1759 2431 υἱὸν
1793 2393 2064 2443 ἐνθυμούμενον,
2096 2392 2208 2430 οὐδενὶ
2235 2393 2270 2429 δὲ
2305 2391 2346 2429 τὸ

1317 2463 1465 2508 πρᾶγμα
1491 2454 1723 2493 κοινώσασθαι
1749 2455 1888 2507 ἔχοντα·
1924 2454 1983 2491 καὶ
2011 2453 2259 2504 κατοινπλάγηθι
2277 2452 2341 2500 τὴν

1317 2516 1458 2567 γνώμην
1481 2517 1584 2553 αὐτοῦ
1605 2515 1667 2562 τὴν
1689 2516 1844 2568 φιλόθεον
1862 2515 1922 2553 καὶ
1941 2514 2004 2561 τὴν
2025 2515 2173 2552 σύνεσιν.
2191 2513 2340 2559 Ἐπειδὴ

1318 2578 1384 2629 γὰρ
1410 2577 1486 2629 ᾔδει
1506 2577 1544 2615 τὸ
1574 2576 1716 2627 μέγεθος
1744 2580 1803 2614 τοῦ
1835 2575 2092 2626 ἐπιτάγματος,
2119 2574 2227 2612 οὐδενὶ
2256 2575 2343 2616 ὁΓλως

1319 2643 1418 2677 τοῦτο
1434 2638 1609 2689 γνώριμον
1624 2644 1728 2678 ποιεῖ,
1746 2637 1826 2675 οὔτε
1840 2644 1910 2680 τοῖς
1926 2636 2065 2683 παισὶν,
2084 2635 2161 2675 οὔτε
2176 2637 2270 2687 αὐτῷ
2290 2637 2340 2686 τῷ

1319 2700 1461 2744 Ἰσαὰκ,
1482 2699 1571 2737 ἀλλὰ
1597 2698 1699 2749 μόνος
1734 2701 1810 2736 καθ’
1841 2698 1962 2736 ἑαυτὸν
1986 2697 2042 2735 τὸν
2073 2699 2191 2748 ἀγῶνα
2220 2700 2340 2734 τοῦτον

1318 2761 1522 2813 ἠγωνίζετο,
1541 2760 1599 2798 καὶ
1621 2759 1778 2810 καθάπερ
1800 2758 1936 2809 ἀδάμας
1954 2774 2005 2801 τις
2024 2757 2133 2802 οὕτως
2151 2756 2340 2808 ἀκαταγω-

1318 2838 1430 2865 νιστος
1448 2822 1567 2873 ἔμενε,
1585 2821 1648 2868 τὴν
1676 2820 1836 2873 ἀνδρείαν
1857 2823 1926 2857 τῶν
1947 2821 2125 2871 λογισμῶν
2143 2818 2340 2857 ἐπιδεικνύ-

1319 2900 1430 2934 μενος,
1451 2883 1527 2921 οὐδὲ
1547 2884 1863 2933 πολυπραγμονῶν,
1879 2883 1956 2919 ἀλλ’
1981 2882 2080 2919 εἴκων
2104 2880 2192 2931 μετὰ
2210 2881 2340 2918 πολλοῦ

1317 2949 1375 2984 τοῦ
1393 2945 1498 2982 πόθου
1513 2947 1561 2996 τῷ
1582 2947 1641 2982 τοῦ
1663 2945 1754 2981 Θεοῦ
1776 2943 1934 2994 νεύματι.
1948 2942 2018 2981 Καὶ
2040 2941 2160 2988 ἐπειδὴ
2183 2940 2263 2992 περὶ
2283 2941 2339 2979 τὀν

1316 3006 1421 3044 τόπον
1457 3005 1628 3057 ἔφθασεν,
1661 3003 1892 3056 Ἀναῧλέψας,
1921 3004 2046 3055 φησὶν,
2075 3001 2234 3053 Ἀὸραὰμ
2269 3007 2340 3043 τοῖς

1317 3069 1505 3120 ὀφθαλμοῖς
1534 3068 1651 3113 αὐτοῦ,
1673 3059 1738 3104 εἶδε
1763 3066 1821 3103 τὸν
1853 3065 1957 3102 τόπον
1980 3063 2169 3115 μακρόθεν,
2185 3062 2243 3100 καὶ
2263 3056 2338 3100 εἶπε

1317 3135 1387 3172 τοῖς
1414 3128 1534 3166 παισὶν
1560 3130 1681 3165 αὐτοῦ·
1709 3126 1873 3165 καθίσατε
1898 3127 2001 3163 αὐτοῦ
2037 3123 2125 3175 μετὰ
2154 3127 2215 3170 τ’ἧς
2245 3123 2336 3161 ὄνου.

1330 3254 1469 3291 siv-:dcem
1503 3259 1558 3297 γὰρ
1593 3259 1619 3286 τί
1653 3257 1792 3296 ὑπέμενεν
1810 3257 1838 3285 ἐν
1855 3256 1930 3298 τρισὶ
1946 3255 2019 3291 νυξὶν
2032 3253 2164 3288 ὸόἰκαιος
2180 3256 2290 3287 ἐκεῖνος,
2307 3256 2338 3280 et

1333 3314 1448 3338 cretera
1467 3305 1616 3337 similiter
1634 3305 1768 3348 paulum
1786 3305 1915 3337 inverso
1933 3302 2058 3336 ordine.

2370 1962 2385 1971 ο
