2516 3791
697 202 739 230 lN
774 201 877 231 ΟΛΙ).
918 201 1011 230 ΧΙΙΙ.

128 286 236 325 τοίνυν
265 284 338 324 ἐστι
365 283 402 322 τὸ
432 282 480 334 μὴ
501 284 671 326 ἑαυτοῐςζ
654 286 729 335 ζῇν,
753 283 844 321 ἀλλὰ
867 300 917 321 τι)
939 281 1025 333 ὑπὲρ
1049 282 1151 332 ἡμων

126 345 334 385 ἀποθανόντι
353 344 413 383 καὶ
432 343 627 396 ἐγερθέντι,
643 343 725 382 ὅταν
747 344 906 397 καθάπερ
926 359 959 381 νε
963 335 1081 394 χροὶ
1056 358 1151 393 ωαεν

124 423 185 445 του
194 404 362 458 παρόντος
378 404 466 456 βίου,
480 420 539 442 και
558 404 638 455 πρὸς
653 404 762 455 μηδὲν
775 407 844 442 τῶν
858 403 1074 457 ὁρωμένων·
1057 418 1151 453 ωιιεν

125 465 345 517 ἐπτοημένοι.
368 465 436 503 Διὰ
455 465 521 517 γὰρ
547 470 646 504 τοῦτο
662 469 680 503 ὃ
699 465 880 512 Δεσπότης
899 467 1001 515 ἡμῶν
1025 466 1151 502 ἐσταυ-

124 527 236 580 ρώθη,
254 526 311 565 ἵνα
332 526 408 565 ἀντὶ
427 526 556 572 ταύτης
579 529 642 572 τῆς
661 528 752 573 ζωῆς
772 525 906 572 ἐκείνην
924 523 1149 568 ἀνταλλαξώ-

124 590 235 636 μεθα·
266 589 396 637 μᾶλλον
429 586 487 634 δὲ,
516 586 572 624 ἵνα
605 586 662 625 διὰ
689 586 818 633 ταύτης
851 585 986 632 ἐκείνην
1019 587 1152 626 ἑαυτοῖς

123 647 488 700 πραγματευσώμεθα.
515 646 560 685 ἹΙ
581 647 648 700 γὰρ
674 650 835 700 παροῦσα
867 645 961 692 ζωὴ,
991 644 1049 682 ἐὰν
1068 646 1151 694 βου-

123 708 265 759 λώμεθα
283 709 401 762 νήφειν
422 709 480 746 καὶ
501 707 746 761 ἐγρηγορέναι,
765 707 851 759 πρὸς
872 705 936 753 τὴν
958 704 1151 743 ἀπόλαυσιν

125 771 188 815 τῆς
210 770 349 808 αἰωνίου
379 772 469 816 ζωῆς
496 772 590 820 ἡμᾶς
609 769 748 820 ὁδηγεῖ·
773 770 834 806 καὶ
861 765 1100 815 δυνησόμεθα,
1121 766 1151 802 εἰ

126 831 378 882 βουληθείημεν
399 829 522 883 μικρὸν
539 830 754 881 διεγερθῆναι
770 827 829 866 καὶ
848 825 1017 870 διανοῖξαι
1034 825 1074 862 τὸ
1091 827 1151 871 τῆς

127 891 277 935 διανοίας
293 892 405 942 ὄμμα,
424 893 487 936 τῆς
507 893 578 929 ἐκεῖ
598 889 728 937 λήξεως
747 888 810 935 τὴν
831 887 962 926 ἔννοιαν
985 886 1042 925 διὰ
1062 902 1151 924 παν-

123 952 181 995 τὸς
196 951 332 1004 τρέφειν
353 951 437 1004 παρ’
456 953 610 997 ἑαυτοῖς,
640 950 700 988 καὶ
715 949 806 989 οὕτω
834 949 878 988 τὰ
908 947 971 999 μὲν
991 947 1152 999 ὁρώμενα

124 1013 357 1066 παρατρέχειν
377 1013 436 1052 καὶ
459 1011 715 1066 ὑπερίπτασθαι
728 1041 737 1059 ,
757 1011 842 1064 πρὸς
862 1010 898 1049 δὲ
919 1010 962 1048 τὰ
981 1009 1153 1060 μέλλοντα

125 1074 184 1113 καὶ
204 1074 443 1118 διαιωνίζοντα
456 1073 578 1111 τείνειν
598 1072 656 1110 τὸν
673 1072 839 1124 λογισμόν
855 1088 861 1095 ·
878 1071 1037 1125 καθάπερ
1056 1071 1115 1109 καὶ
1138 1074 1155 1108 ὃ

126 1135 297 1188 μακάριος
316 1129 412 1178 οὗτος
430 1133 605 1173 παιδεύων
629 1136 723 1184 ἡμᾶς
743 1133 878 1184 ἔλεγεν·
901 1132 951 1172 ιῸ
971 1131 1007 1171 δὲ
1025 1136 1082 1170 νῦν
1103 1134 1151 1176 ζῶ

126 1198 160 1234 ἐν
185 1197 313 1248 σαρκὶ,
331 1198 366 1234 ἐν
391 1196 507 1234 πίστει
539 1197 586 1239 ζῶ
612 1197 655 1245 τῇ
687 1198 747 1232 τοῦ
770 1195 856 1232 Υἱοῦ
884 1199 944 1232 τοῦ
973 1196 1067 1233 Θεοῦ
1096 1198 1156 1232 τοῦ

126 1257 373 1308 ἀγαπήσαντός
389 1273 446 1308 με,
465 1256 523 1294 καὶ
539 1255 754 1308 παραδόντος
771 1255 892 1293 ἑαυτὸν
914 1254 1002 1307 ὑπὲρ
1017 1257 1118 1306 ἐμοῦ.

178 1501 275 1553 “Ορα
293 1501 407 1554 ψυχὴν
432 1502 705 1554 πεπυρωμένην,
728 1502 792 1554 ὅρα
814 1502 982 1576 λογισμὸν
1001 1504 1157 1553 ἐπτερω-

126 1576 242 1611 μενον,
267 1560 332 1614 ὅρα
362 1561 514 1601 διανοῑαν
542 1562 773 1613 ἐκκαῑῦμξνην
792 1579 842 1600 τὺ)
870 1578 956 1616 προς
974 1578 1032 1601 τον
1066 1563 1157 1601 ΘΕΟν

1050 198 1210 228 GENES.

1252 198 1407 229 nomi„
1449 200 1606 229 xxxiv.

2084 191 2172 248 403

1223 281 1374 320 virtutes
1394 296 1536 322 versans
1555 282 1745 320 afliciatur.
1770 282 1922 320 Proinde
1940 284 2026 321 alibi
2050 286 2174 324 iteruin

1224 341 1366 381 dicebat
1395 359 1402 380 :
1444 345 1520 395 Qui
1551 353 1681 382 autem
1710 345 1857 383 Christi
1883 354 1988 391 sunt,
2021 360 2177 384 carnem
2195 357 2376 396 ‹;‹«l.5.2'1.

1223 417 1336 441 suam
1351 407 1458 443 cruci
1475 414 1629 443 iverunt
1643 419 1729 444 cum
1743 407 2023 458 affectionibus
2036 415 2070 444 et
2087 421 2179 445 con—

1225 467 1483 515 cupiscentiis.
1505 466 1580 504 lloc
1597 466 1705 517 igitur
1724 475 1774 504 est
1795 480 1864 504 non
1883 466 1952 504 sihi
1976 467 2062 519 ipsis
2083 468 2180 506 vive-

1224 537 1276 573 re,
1295 526 1356 563 scd
1375 527 1405 563 ei
1425 527 1488 577 qui
1508 542 1572 580 pro
1592 528 1694 566 nobis
1715 536 1876 566 mortuus
1895 536 1946 566 cst
1965 537 2000 566 ct
2021 542 2176 566 resurre-

1224 585 1277 622 xit
1293 601 1300 621 :
1316 587 1460 636 quando
1479 589 1580 638 quasi
1601 589 1732 627 mortui
1751 603 1873 627 sumus
1896 589 2057 642 praesenti
2079 590 2177 635 vitae,

1223 653 1257 682 et
1280 646 1370 683 nihil
1389 661 1511 686 eorum
1531 663 1609 699 qum
1634 650 1815 697 videntur,
1838 651 2066 702 suspicimus.
2088 652 2179 688 Nam

1224 705 1358 744 idcirco
1380 708 1559 746 Dominus
1586 718 1702 747 noster
1724 711 1918 749 crucifixus
1938 721 2002 758 est,
2030 721 2068 749 ut
2089 712 2180 749 lianc

1186 784 1198 803 a
1224 765 1335 803 vitam
1357 767 1491 818 proilla
1505 778 1763 807 commutemus
1781 786 1792 819 3
1808 771 1878 808 imo
1894 773 2064 822 perhanc
2083 773 2180 810 illam

1223 825 1325 863 nobis
1346 827 1582 877 negotiemur.
1607 831 1766 867 Praesens
1791 831 1884 868 enim
1907 832 1995 881 vita,
2021 833 2048 869 si
2074 834 2181 870 volu—

1224 901 1303 924 mus
1318 901 1391 925 esse
1411 888 1522 927 sobrii
1544 899 1577 928 et
1597 890 1740 942 vigiles,
1760 890 1861 929 ducit
1884 906 1947 929 nos
1967 892 2012 930 ad
2034 894 2175 932 fruitio—

1225 963 1304 987 nem
1322 949 1404 988 vitae
1415 959 1554 989 aeternae
1574 967 1580 987 :
1598 961 1703 1002 atque
1718 952 1925 1004 poterimus,
1945 953 1974 991 si
1992 968 2184 1006 parumper

1225 1011 1446 1049 voluerimus
1468 1012 1621 1064 vigilare
1650 1022 1683 1051 et
1705 1014 1844 1066 aperire
1871 1014 1998 1052 mentis
2024 1015 2182 1061 oculum,

1227 1071 1355 1122 quietis
1371 1072 1469 1110 illius
1487 1088 1627 1126 semper
1643 1074 1743 1126 apud
1758 1088 1820 1112 nos
1841 1075 2043 1113 meminisse
2059 1091 2067 1124 3
2085 1085 2118 1113 et
2137 1077 2182 1113 ita

1227 1133 1412 1185 praesentia
1436 1134 1616 1186 praeterire
1637 1149 1678 1172 ac
1703 1136 1968 1187 praetervolare,
1993 1135 2039 1173 ad
2066 1137 2186 1173 sutura

1227 1203 1346 1232 autem
1377 1204 1411 1233 et
1438 1209 1576 1248 semper
1600 1195 1772 1234 durantia
1799 1206 1952 1234 mentem
1980 1196 2187 1242 inten‹ler‹¹;

1229 1254 1321 1293 sieut
1336 1256 1462 1294 beatus
1478 1256 1539 1294 ille
1553 1270 1615 1294 nos
1631 1255 1790 1296 erudivit
1807 1257 1952 1295 dicens.-
1980 1258 2094 1307 Quod
2114 1272 2187 1295 cm—
2208 1271 2313 1300 Gaia.
2342 1281 2368 1299 :-

1230 1324 1308 1354 tem
1323 1330 1426 1355 minc
1439 1319 1533 1355 vivo
1547 1320 1588 1355 in
1599 1331 1733 1368 carne,
1749 1320 1789 1355 in
1818 1319 1880 1356 ide
1893 1321 1986 1357 vivo
1994 1319 2187 1367 Filz‘tDei,
2206 1319 2253 1340 20⁴

1227 1380 1295 1429 qui
1318 1378 1456 1417 dilexit
1483 1393 1554 1428 me,
1584 1388 1620 1418 et
1647 1380 1818 1418 tradidit
1849 1383 2093 1431 semetipsam
2120 1395 2190 1431 pru

1233 1452 1304 1476 me.

1279 1501 1316 1537 6.
1335 1499 1432 1539 Vide
1455 1499 1615 1539 animam
1635 1501 1716 1554 igne
1738 1515 1957 1548 succensam,
1982 1502 2065 1540 vide
2091 1517 2184 1541 incn-

1227 1569 1298 1599 tem
1317 1561 1462 1609 alatam,
1480 1562 1566 1603 vide
1580 1563 1754 1602 rationem
1771 1564 1952 1602 incensam
1972 1564 2039 1602 Dei
2055 1579 2187 1602 amore.

125 1621 236 1675 vtdflq.)
257 1622 306 1660 Ο
327 1625 384 1659 ν’ὖν
401 1624 461 1671 ζῶ,
475 1639 593 1675 φησιν,
614 1626 648 1662 ἐν
665 1623 781 1662 πίστει
802 1602 862 1667 ζῶ.
883 1622 944 1670 Μὴ
960 1623 1044 1697 γὰρ
1051 1622 1153 1673 νομί-
1168 1652 1215 1679 348
1233 1623 1358 1673 Quod,
1369 1623 1503 1675 inquit,
1519 1638 1622 1662 nunc
1633 1626 1879 1677 vivo,infide
1886 1628 1990 1663 vivo.
2004 1626 2057 1664 Ne
2075 1627 2188 1674 enim,

124 1683 209 1730 σητέ
234 1699 292 1733 με,
317 1683 416 1735 φησὶ,
437 1686 613 1723 συντελεῖν
628 1700 662 1722 τι
684 1687 730 1728 εἷς
750 1684 793 1723 τὰ
811 1687 871 1722 τοῦ
888 1681 1082 1735 παρόντος
1078 1683 1152 1722 Βίου
1179 1689 1204 1718 Α
1228 1682 1358 1733 inquit,
1370 1684 1570 1735 putetisme
1582 1685 1845 1736 faceiealiquid
1858 1699 1913 1723 rei
1918 1685 2190 1738 umhujuswta,

124 1744 331 1795 πράγματα.
354 1746 398 1782 Εἰ
425 1744 493 1796 γὰρ
513 1744 573 1783 καὶ
601 1744 716 1797 σάρκα
742 1744 967 1796 περίκειμαι,
998 1759 1058 1782 και
1077 1750 1154 1788 ταῖς

126 1806 294 1856 ἀνάγκαις
311 1809 373 1852 τ’ἧς
401 1806 534 1858 φύσεως
550 1806 799 1860 προσδέδεμαι,
820 1808 896 1844 ἀλλ’
918 1809 952 1845 ἐν
968 1806 1086 1844 πίστει
1107 1808 1154 1850 ζῶ

125 1868 169 1917 τῇ
193 1869 240 1910 εἷς
269 1868 433 1919 Χριστὸν,
462 1867 603 1905 πάντων
632 1870 833 1919 δὺπερορῶν
861 1869 928 1905 τῶν
959 1866 1154 1918 παρόντων,

125 1930 167 1979 τῇ
185 1928 301 1966 ἐλπίδι
316 1932 358 1980 τῇ
378 1929 425 1971 εἷς
445 1929 545 1967 αὐτὸν
561 1928 676 1966 πάντα
692 1928 940 1982 παρατρέχων,
961 1928 1152 1979 ἐκτεταμέ-

125 2004 187 2034 νην
213 1989 284 2041 ἔχω
315 1988 377 2035 τὴν
406 1988 559 2027 διάνοιαν
588 1989 674 2041 πρὸς
694 1989 808 2027 αὐτόν.
838 1982 926 2027 Εἶτα
953 1988 1010 2027 ἵνα
1041 1988 1154 2040 μάθῃς

128 2051 231 2087 αὑτοῦ
251 2053 311 2086 τοῦ
328 2049 468 2102 φίλτρου
491 2049 553 2096 τὴν
579 2049 788 2102 ὑπερὸολὴν,
813 2049 934 2102 φησίν·
958 2049 1020 2088 Ἐν
1037 2049 1153 2088 πίστει

126 2111 173 2154 ζῶ
193 2113 235 2162 τῇ·
260 2126 318 2149 του
342 2111 428 2149 Υἱοῧ
452 2115 511 2149 τοῦ
539 2112 630 2149 Θεου
655 2114 715 2148 τοῦ
740 2110 986 2162 ἀγαπήσαντός
1006 2126 1072 2162 με,
1093 2110 1152 2148 καὶ

123 2170 337 2222 παραδόντος
372 2170 490 2208 ἑαυτὸν
523 2169 610 2223 ὑπὲρ
647 2173 744 2221 ἐμου.
778 2171 912 2209 Σκόπει
930 2170 1056 2232 πόσης
1089 2187 1151 2217 της

121 2230 385 2281 εὐγνωμοσύνης
408 2234 430 2278 ἡ
461 2230 650 2283 ὑπερὸολή.
680 2231 728 2270 Τί
759 2230 891 2283 λέγεις,
926 2233 955 2269 ὠ
994 2232 1149 2304 μακάριε

122 2292 263 2338 Παῦλε,
291 2290 368 2344 Πρὸ
397 2306 522 2343 μικρου
549 2291 686 2342 ἔλεγες,
709 2291 779 2336 “Oc
799 2307 839 2344 γε
867 2307 927 2330 του
956 2291 1042 2330 ἰδίου
1061 2293 1149 2331 Υἱοῦ

120 2354 183 2390 οὐκ
206 2352 384 2405 ἐφείσατο,
416 2353 492 2390 ἀλλ’
527 2351 614 2406 ὑπὲρ
642 2355 744 2403 ἡμῶν
773 2353 914 2392 πάντων
943 2353 1147 2405 παρέδωκεν

123 2413 243 2451 αὐτόν·
273 2412 332 2451 καὶ
360 2416 416 2450 νῦν
443 2412 574 2464 λέγεις,
604 2415 678 2452 Τοῦ
711 2414 958 2466 ἀγαπήσαντός
990 2429 1056 2464 με,
1087 2415 1148 2453 καὶ

124 2475 273 2525 ἷδιοποιῇ
300 2473 363 2520 τὴν
389 2473 506 2522 κοινὴν
525 2475 743 2527 εὖεργεσίαν;
760 2475 852 2524 Ναὶ,
875 2475 999 2528 φησίν·
1023 2478 1053 2514 εἰ
1079 2475 1147 2528 γὰρ

122 2536 181 2574 καὶ
197 2535 285 2588 ὑπὲρ
308 2536 434 2580 παντὸς
463 2539 522 2574 τοῦ
549 2539 618 2574 τῶν
648 2537 839 2590 ἀνθρώπων
861 2537 980 2590 γένους
999 2540 1020 2584 ἡ
1046 2537 1147 2576 θυσία

122 2597 394 2650 προσενήνεκται
418 2600 502 2649 παρ’
533 2600 658 2646 αὐτοῦ,
681 2598 771 2638 ἀλλὰ
797 2598 856 2637 διὰ
880 2599 920 2637 τὸ
941 2598 1023 2652 περὶ
1045 2600 1147 2638 αὐτὸν

122 2659 261 2711 φίλτρον
282 2675 346 2709 μου
371 2658 438 2711 ε’γὼ
464 2660 698 2711 ἷδιοποιοῧμαι
714 2660 754 2699 τὸ
779 2660 931 2712 γεγονός.
956 2660 1063 2700 Οὕτω
1088 2660 1148 2699 καὶ

121 2725 191 2763 τοῖς
212 2719 406 2772 προφήταις
437 2719 510 2763 ἔθος
541 2726 666 2768 ποιεῖν,
695 2720 755 2759 καὶ
783 2721 917 2772 λέγειν·
945 2720 989 2760 Ὁ
1016 2723 1105 2766 Θεὸς
1130 2725 1148 2760 ὃ

121 2779 210 2823 Θεός
239 2795 323 2830 μου·
352 2779 466 2818 καίτοι
497 2783 560 2826 τῆς
589 2780 795 2832 οἰκουμένης
821 2781 896 2820 ἐστὶ
923 2782 1034 2826 Θεός·
1068 2784 1145 2821 ἀλλ’

123 2839 208 2878 ἴδιον
228 2844 287 2878 τοῦ
300 2841 404 2879 πόθου
418 2871 428 2889 ,
449 2840 494 2879 τὰ
508 2841 608 2880 κοινὰ
628 2843 880 2882 ἷδιοποιεῖσθαι.
902 2844 958 2894 Τῇ
981 2848 1041 2881 τοῦ
1062 2845 1147 2883 Tio&

123 2904 182 2938 τοῦ
200 2902 312 2948 Θεοῦ,
329 2900 435 2952 φησὶ,
458 2905 518 2939 τοῦ
537 2902 784 2953 ἀγαπήσαντός
806 2919 862 2954 με.
885 2905 933 2942 Τί
953 2903 1082 2957 λέγεις;
1101 2904 1149 2943 Σὲ

125 2961 229 3011 μόνον
248 2961 432 3013 ἠγάπησε,
452 2963 577 3000 Πᾶσαν
603 2963 680 3014 μὲν,
707 2964 810 3017 φησὶ,
828 2965 892 3012 τὴν
921 2969 990 3004 τῶν
1011 2965 1148 3043 ἀνθρώ-

124 3039 200 3060 πων
233 3023 346 3075 φύσιν,
373 3023 450 3060 ἀλλ’
486 3023 556 3075 ἐγὼ
584 3027 630 3068 ὡς
663 3025 765 3076 μόνος
796 3027 1008 3078 ἀγαπηθεις,
1043 3027 1150 3071 οὕτως

125 3083 219 3136 αὐτῶ
233 3083 383 3136 χάριτας
400 3083 540 3135 ὀφείλω.
568 3085 640 3123 Και
664 3086 881 3138 παραδόντος
910 3089 1030 3127 ἑαυτον
1062 3087 1126 3126 ὖπε
1114 3105 1151 3141 ρ

125 3160 220 3194 εμου.
240 3143 288 3182 'li
309 3148 380 3189 οὐν,
396 3143 483 3196 ὑπερ
509 3149 570 3183 σοῦ’
593 3145 696 3196 μόνον
716 3146 938 3200 ἐσταυρώθη,
953 3149 1030 3187 Οὐκ
1051 3149 1152 3191 αὐτὸς

1230 1757 1347 1782 causa.
1363 1745 1456 1782 Nam
1475 1745 1558 1783 licet
1580 1759 1685 1784 came
1705 1746 1948 1784 circumdatus
1969 1747 2048 1796 sim,
2070 1761 2190 1786 ncces-

1226 1805 1468 1857 sitatibusque
1484 1815 1622 1846 natura}
1642 1807 1810 1859 alligatus
1829 1824 1837 1844 :
1861 1808 1897 1846 in
1913 1807 1984 1846 fide
2001 1818 2116 1847 tamen
2135 1810 2189 1847 vi-

1227 1879 1286 1915 vo,
1302 1880 1380 1917 quae
1399 1875 1451 1905 est
1470 1867 1506 1905 in
1523 1867 1725 1918 Christum,
1743 1868 1943 1921 despiciens
1963 1869 2081 1907 omnia
2097 1885 2188 1922 pra·-

1225 1927 1353 1978 sentia,
1371 1936 1405 1965 et
1424 1941 1486 1980 spe
1499 1942 1579 1979 quae
1600 1929 1636 1966 in
1657 1929 1761 1966 illum
1776 1938 1827 1967 est
1846 1930 1963 1968 omnia
1980 1940 2188 1982 praetercnr-

1225 2001 1317 2037 rens,
1335 1988 1507 2027 intentam
1521 1989 1557 2027 in
1577 1989 1682 2028 illum
1704 1999 1860 2028 mentem
1876 1991 2005 2029 habeo.
2025 1991 2187 2041 Denique

1225 2059 1265 2088 ut
1292 2050 1410 2089 discas
1439 2051 1689 2089 excellentiam
1713 2052 1846 2090 amoris
1873 2053 1950 2104 ejus
1959 2082 1970 2102 ‚
1999 2052 2086 2090 dicit
2105 2069 2115 2088 .·
2134 2056 2184 2089 In

1211 2111 1301 2162 fide
1313 2114 1405 2150 vivo
1421 2113 1520 2150 Filii
1531 2113 1622 2158 Dei,
1637 2115 1704 2163 qui
1720 2126 1780 2150 me
1794 2113 1946 2159 dilexit,
1966 2121 2003 2150 et
2017 2114 2181 2150 tradidit

1216 2175 1463 2224 semetipsum
1488 2185 1559 2224 pro
1579 2186 1652 2210 me.
1672 2172 1867 2210 Considera
1886 2187 1996 2223 quam
2019 2173 2177 2225 insignis

1220 2233 1313 2283 grati
1327 2233 1438 2271 animi
1455 2233 1686 2284 significatio.
1705 2233 1806 2282 Quid
1817 2233 1922 2281 dicis,
1941 2249 1962 2272 o
1977 2235 2079 2273 beate
2093 2237 2183 2274 Pan-

1219 2292 1283 2330 le?
1297 2294 1424 2333 Paullo
1437 2302 1518 2332 ante
1529 2293 1675 2332 dicebas
1694 2310 1703 2331 :
1730 2295 1806 2345 Qui
1821 2298 1977 2347 proprio
1997 2297 2104 2334 Filio
2113 2311 2183 2335 suo
2199 2303 2384 2334 R0111.8.32.

1221 2368 1300 2392 non
1315 2358 1498 2408 pepercit,
1515 2357 1585 2394 sed
1600 2369 1670 2407 pro
1689 2358 1800 2394 nobis
1815 2359 1995 2395 omnibus
2017 2359 2180 2396 tradidit

1218 2428 1306 2452 eum
1323 2430 1335 2452 .·
1358 2425 1392 2454 et
1411 2429 1506 2453 nunc
1525 2415 1627 2464 dicis,
1649 2417 1724 2467 Qui
1743 2417 1881 2455 dilexit
1902 2432 1963 2455 me
1984 2433 1995 2453 .·
2016 2427 2123 2468 atque
2143 2428 2180 2456 nt

1218 2476 1406 2529 proprium
1416 2477 1576 2529 appellas
1590 2490 1778 2515 commune
1787 2478 2003 2516 beneficium
2014 2479 2032 2515 ἶ)
2046 2479 2178 2524 Etiam,

1218 2538 1337 2588 inquit
1358 2553 1366 2574 τ
1391 2552 1474 2576 nam
1502 2538 1585 2576 licet
1613 2551 1679 2590 pro
1711 2539 1809 2576 omni
1839 2539 2025 2576 hominum
2052 2553 2178 2590 genere

1219 2598 1437 2638 sacrificium
1462 2599 1508 2636 ab
1533 2612 1574 2636 eo
1606 2598 1652 2636 sit
1680 2599 1858 2646 oblatum,
1889 2608 2004 2637 tamen
2034 2609 2177 2652 propter

1218 2673 1376 2698 amorem
1395 2659 1431 2697 in
1453 2673 1549 2707 eum,
1579 2658 1615 2696 id
1642 2658 1738 2708 quod
1756 2659 1888 2696 factum
1915 2668 1965 2698 est
1989 2661 2174 2711 proprium

1219 2721 1308 2758 mihi
1331 2720 1435 2758 facio.
1451 2721 1505 2758 Ita
1522 2729 1555 2757 et
1574 2719 1759 2772 piophetis
1776 2734 1852 2758 mos
1871 2730 1922 2759 est
1936 2722 2049 2759 facere
2068 2731 2101 2760 et
2118 2723 2174 2760 di-

1219 2795 1325 2819 ecr:e
1346 2782 1454 2818 Deus
1473 2781 1580 2818 Deus
1603 2794 1738 2818 meus.
1735 2781 1929 2831 ·(Ῑιιεηωί5
1949 2782 2056 2820 totius
2076 2783 2172 2821 orbis
2191 2791 2241 2820 Ps
2243 2793 2276 2819 ι(
2302 2801 2351 2821 21

1219 2843 1265 2881 sit
1291 2844 1387 2881 Deus
1411 2858 1418 2878 ε
1443 2841 1506 2880 sed
1530 2841 1708 2908 peculiam
1730 2841 1798 2879 hoc
1824 2851 1876 2880 est
1898 2843 2026 2894 ammi,
2059 2853 2098 2882 ut
2126 2859 2172 2882 ex
2187 2841 2257 2905 22
2249 2842 2314 2871 ¹¹7
2347 2843 2373 2862 ‘³

1220 2903 1470 2942 communibus
1494 2902 1639 2954 propiia
1661 2901 1778 2940 saciat.
1803 2903 1902 2940 Filii
1922 2905 2013 2951 Dei,
2039 2904 2171 2955 inquit,
2215 2886 2244 2914 ⁵

1221 2967 1288 3015 qui
1306 2964 1444 3001 dilexit
1459 2977 1529 3000 me.
1553 2961 1652 3009 Quid
1668 2961 1760 2999 dicis
1775 2961 1792 2999 Ρ
1814 2963 1867 3000 Te
1885 2963 2000 3001 solum
2013 2963 2172 3003 dilexit?

1221 3026 1389 3075 Omnem,
1412 3023 1542 3074 inquit,
1561 3022 1748 3060 hominum
1769 3032 1933 3061 naturam
1953 3025 2093 3075 dilexit,
2113 3026 2174 3064 sed

1221 3099 1286 3137 ego
1301 3086 1333 3123 ci
1353 3084 1485 3136 gratias
1502 3083 1628 3130 debeo,
1651 3083 1751 3133 qnasi
1771 3097 1828 3121 me
1847 3085 1962 3122 solnm
1978 3086 2172 3124 dilexisset.

1223 3148 1276 3184 Et
1297 3146 1456 3184 tradidit
1477 3146 1722 3195 semetipsum
1738 3159 1810 3196 pro
1834 3160 1906 3184 me.
1931 3147 2030 3193 Quid
2050 3148 2175 3199 igitur,

124 3203 242 3255 λέγει,
257 3203 371 3243 εὈταν
391 3207 540 3257 υψωθῶ,
566 3205 700 3250 πάντας
719 3208 855 3247 ἑλκύσω
874 3209 960 3261 πρὸς
978 3210 1151 3260 ἐμαυτόν;
1176 3219 1199 3249 C
1224 3222 1289 3261 pro
1317 3217 1350 3245 te
1380 3206 1454 3244 solo
1479 3205 1674 3244 crucifixus
1698 3215 1778 3244 est.
1769 3206 1786 3232 ⁰
1806 3210 1931 3247 Annon
1956 3209 2031 3261 ipse
2053 3209 2172 3247 dicit:

127 3265 164 3302 οὗ
183 3280 223 3303 συ
245 3266 346 3309 αὐτὸς
364 3269 463 3309 εἶπας
481 3295 490 3314 ,
507 3265 561 3305 ὅτι
583 3266 728 3319 ’Υπὲρε
711 3269 813 3318 ημῶν
831 3268 972 3307 πάντων
993 3272 1151 3322 παρέδυν

174 3390 186 3405 ·
211 3379 312 3412 Savil.
331 3388 363 3412 et
381 3389 505 3424 septem
524 3380 600 3412 Mzs.
620 3383 785 3427 ὑπερορῶν.
802 3381 916 3415 Mon-el.
936 3386 1061 3429 ὑρσρῶν.

1227 3272 1322 3308 Cum
1342 3269 1540 3307 exaltatus
1552 3269 1681 3319 stara,
1704 3281 1835 3309 omnes
1850 3272 2006 3309 traham
2026 3273 2080 3310 ad
2098 3287 2175 3311 me-
2192 3276 2228 3302 J
2236 3286 2271 3300 ¹¹
2313 3283 2343 3300 ¹²
