2433 3775
709 188 751 217 ΙΝ
797 187 901 218 cAt‘.
944 186 976 216 Ι.

65 273 185 313 ὕδατα.
206 272 302 325 “Opot
323 273 397 316 πῶς
412 272 619 318 κατάλληλα
634 273 739 308 αὐτοῦ
754 270 798 308 τὰ
813 269 1088 323 προστάγματα·

65 337 136 374 ἐκεῖ
147 365 157 382 ,
175 333 418 380 Βλαστησάτω
431 364 441 381 ,
461 334 608 372 ἐνταῦθα
620 363 630 378 ,
647 331 872 383 Ἔξαγαγέτω
893 330 937 369 τὰ
959 329 1069 368 ὕδατα
1082 359 1092 377 ,

63 395 168 449 φησὶ,
198 395 327 447 ἑρπετὰ
356 397 478 447 ψυχῶν
499 397 631 439 ζωσῶν.
654 393 823 446 Καθάπερ
852 393 919 446 γὰρ
944 391 1002 430 ἐπὶ
1030 394 1092 438 τ’ῆς

63 459 128 509 γῆς
147 450 221 495 εἷπε
249 456 364 507 μόνον,
394 455 654 502 Βλαστησάτω,
679 455 738 494 καὶ
758 455 918 508 διάφορος
935 454 994 492 καὶ
1014 469 1091 492 ποι-

64 518 145 564 κίλη
162 521 231 556 τῶν
250 520 362 556 ἀνθῶν
378 522 400 565 ἦ
416 517 593 563 ποικιλία,
610 517 670 555 καὶ
689 520 758 555 τῶν
773 519 940 568 βοτανῶν,
954 515 1013 554 καὶ
1022 517 1091 553 τῶν

65 579 277 632 σπερμάτων
292 580 429 627 ιἐ’δόθη,
444 580 504 618 καὶ
523 580 573 617 ἑνὶ
587 579 681 632 λόγῳ
700 578 745 617 τὰ
760 577 876 617 πάντα
899 575 1066 629 παρήχθη
1086 590 1093 598 ·

65 640 154 680 οὕτω
173 641 232 678 καὶ
263 642 408 680 ἐνταῦθα
428 634 535 685 εἶπεν,
568 639 795 690 Ἰἰξαγαγέτω
829 638 873 676 τὰ
902 636 1012 674 ὕδατα
1038 638 1092 687 ἑρ-

66 702 155 741 πετὰ
169 703 291 754 ψυχῶν
305 704 438 747 ζωσῶν,
452 701 511 739 καὶ
531 700 672 738 πετεινὰ
687 699 863 750 πετόμενα
883 697 941 736 ἐπὶ
957 699 1020 742 τῆς
1030 699 1095 748 γῆς

67 762 157 801 κατὰ
175 764 215 802 τὸ
242 763 425 814 στερέωμα
445 767 504 800 τοῦ
527 763 692 813 οὐρανοῦ,
720 759 780 798 καὶ
797 757 919 811 ἀθρόον
939 761 1093 795 τοσαῦτα

65 823 148 874 γε’νη
174 825 341 875 ἑρπετῶν,
371 821 525 867 τοσαύτη
553 819 703 872 διαφορὰ
722 820 888 858 πετεινῶν
908 819 1093 871 ἐδημιουρ-

64 888 172 934 γεῖτο,
202 881 287 928 ὅσην
313 881 390 920 οὐδὲ
408 883 458 934 τῷ
482 880 574 933 λόγῳ
603 879 920 933 ἀπαριθμήσασθαι
935 878 1091 917 δυνατόν.

66 943 134 983 Καὶ
160 943 199 984 τὸ
218 943 281 994 μὲν
298 946 396 996 ῥῆμα
419 941 553 995 βραχὺ,
571 940 584 963 ¹
599 942 659 980 καὶ
679 944 774 994 ῥῆμα
795 941 844 989 ἓν,
884 939 928 978 τὰ
952 939 988 979 δὲ
1008 939 1090 991 γένη

62 1009 132 1045 τῶν
157 1004 252 1051 ζώων
281 1005 429 1058 διάφορα
459 1006 517 1043 καὶ
537 1004 691 1042 ποικίλα.
710 1002 814 1042 Ἀλλὰ
840 1001 888 1053 μὴ
919 1001 1090 1054 ξενισθῇς,

63 1066 248 1142 ἀγαπητέ·
270 1069 367 1118 ῥηιια
382 1066 449 1118 γὰρ
472 1060 514 1113 ἦν
535 1066 652 1112 Θεοῦ,
670 1064 729 1103 καὶ
751 1069 768 1104 ὁ
782 1064 884 1116 λόγος
905 1066 1008 1102 αὐτοῦ
1027 1063 1092 1110 τὴν

63 1128 226 1168 σύστασιν
242 1135 313 1172 τοῖς
327 1128 519 1179 γινομένοις
531 1126 731 1180 ἐχαρίσατο.
743 1125 852 1178 Ορᾷς
869 1142 943 1169 πως
953 1126 1092 1164 ἅπαντα

62 1190 102 1226 ἐκ
114 1194 174 1227 τοῦ
190 1188 273 1240 μὴ’
255 1204 350 1232 οντος
364 1190 410 1232 εἷς
425 1205 464 1227 το
475 1192 563 1226 εἰναι
575 1188 747 1240 παράγει;
764 1188 851 1231 εἶδες
865 1186 1092 1230 διδασκαλίας

62 1250 263 1302 ἀκρίὸειαν;
280 1244 366 1292 εἶδες
376 1249 638 1302 συγκατάὸασιν
653 1249 877 1296 Δεσπότου,
865 1248 950 1295 όοην
965 1247 1076 1286 ἐπιδε’
1048 1263 1092 1285 ει-

61 1327 184 1349 κνυται
203 1311 283 1363 περὶ
301 1312 342 1349 τὸ
365 1310 461 1363 γένος
479 1311 520 1349 τὸ
541 1310 731 1362 ἡμέτερον;
753 1310 866 1348 Πόθεν
889 1309 957 1362 γὰρ
981 1313 1092 1348 ταῦτα

60 1375 164 1422 ἡμεῖς
189 1371 278 1410 οὕτω
309 1372 398 1421 μετὰ
426 1371 605 1424 ἀκριὸείας
634 1375 754 1422 μαθεῖν
785 1370 825 1409 ἂν
858 1369 1093 1420 ἠδυνήθημεν,

63 1434 93 1471 εἷ
112 1432 161 1483 μὴ
178 1433 280 1477 αὐτὸς
300 1432 356 1471 διὰ
376 1432 509 1480 πολλὴν
522 1432 581 1471 καὶ
591 1431 722 1484 ἄφατον
744 1430 1007 1484 φιλανθρωπίαν
1028 1445 1092 1468 κα-

62 1494 211 1540 τηξίωσε
229 1494 286 1533 διὰ
308 1498 370 1542 τῆς
387 1499 447 1534 τοῦ
475 1494 655 1547 προφήτου
682 1493 843 1545 γλώττης
873 1491 1007 1536 διδάξαι
1027 1491 1091 1538 τὴν

61 1557 132 1593 τῶν
158 1555 349 1609 ἀνθρώπιον
373 1556 487 1609 φύσιν,
509 1555 565 1594 ἵνα
602 1556 727 1594 εἰδέναι
762 1554 899 1606 ἔχωμεν
933 1553 992 1592 καὶ
1023 1556 1092 1591 τῶν

61 1616 296 1670 δημιουργηίΥ
280 1634 386 1656 εντων
406 1617 468 1665 τὴν
487 1616 597 1663 τάξιν,
617 1633 676 1655 και
692 1620 751 1655 τοῦ
769 1616 1093 1668 δημιουργήσαντος

62 1677 125 1726 τὴν
141 1678 301 1729 δύναμιν,
320 1695 380 1717 και
403 1679 498 1722 ὅπως
515 1682 533 1717 ὁ
550 1677 652 1730 λόγος
683 1680 786 1716 αὐτοῦ
811 1677 909 1730 ἔργον
935 1676 1070 1750 ἐγένετο
1083 1707 1093 1725 ,

63 1738 123 1777 καὶ
140 1739 180 1777 τὸ
196 1743 292 1792 ῥῆμα
311 1742 414 1778 αὐτου
433 1739 497 1786 τὴν
515 1739 682 1778 σύστασιν
703 1738 762 1777 καὶ
780 1738 843 1786 τὴν
872 1740 920 1781 εἷς
937 1738 977 1776 τὸ
1006 1742 1092 1776 εἰναι

63 1800 214 1854 πάροδον
234 1803 350 1845 αὐτοῖς
370 1801 582 1854 ἐχαρίσατο·
575 1832 584 1848 ,

118 1861 209 1901 Ἀλλ’
231 1862 298 1900 εἶσί
316 1879 406 1906 τινες
421 1866 489 1900 τῶν
520 1861 745 1913 ἀγνωμόνων,
774 1860 805 1899 οἳ
833 1859 893 1898 καὶ
923 1859 1012 1910 μετὰ
1032 1876 1090 1898 το·

65 1923 195 1971 σαύτην
222 1924 450 1962 διδασκαλίαν
472 1926 631 1962 ἀπιστεῖν
653 1926 928 1975 ἐπιχειροῦντες,
953 1921 1011 1960 καὶ
1043 1920 1091 1972 μὴ

64 1989 323 2037 συγχιι)ροῧντες
353 1984 441 2035 μήτε
472 1984 682 2035 δημιουργὸν
714 1983 807 2036 ἔχειν
838 1983 882 2022 τὰ
910 1982 1071 2035 ὁρώμενα
1082 2013 1092 2031 ,

66 2046 83 2064 *
94 2047 194 2084 ἄλλοι
214 2045 277 2096 μὲν
290 2045 470 2095 αὐτόματα
487 2045 575 2083 αὐτὰ
589 2045 778 2098 φάσκοντες
799 2038 888 2083 εἶναι
899 2075 908 2092 ,
930 2045 1041 2096 ἕτεροι
1058 2043 1092 2083 δὲ

65 2106 98 2151 ἐξ
129 2107 359 2156 ὑποκειμένης
386 2105 476 2148 τινὸς
502 2105 586 2153 ὕλης
618 2108 836 2156 γεγενῆσθαι.
868 2105 1002 2144 Σκόπει
1031 2108 1092 2143 τοῦ

64 2167 227 2206 διαὸόλου
248 2166 340 2213 πόση
361 2170 383 2213 ἡ
406 2165 544 2214 ἀπάτη,
564 2170 638 2210 πῶς
665 2165 895 2219 ἀπεχρήσατο
921 2169 964 2218 τῇ
992 2168 1093 2203 εὐκο-

61 2227 120 2280 λίᾳ
130 2231 192 2274 τῆς
204 2227 346 2280 γνώμης
362 2229 430 2265 τῶν
448 2229 492 2278 τῇ
509 2227 625 2280 πλάνῃ
647 2227 890 2266 δουλευόντων.
907 2227 975 2265 Διὰ
991 2232 1092 2266 τοῦτο

62 2292 80 2328 ὁ
103 2289 272 2341 μακάριος
296 2291 452 2335 Maius-‘⁷⁴15
472 2289 561 2339 μετὰ
585 2288 756 2336 τοσαύτης
787 2292 882 2340 ἡμᾶς
910 2287 1092 2340 ἀκριὸείας

62 2350 218 2390 διδάσκει
237 2351 304 2389 ὑπὸ
335 2354 394 2389 τοῦ
426 2350 516 2389 θείου
538 2350 742 2402 Πνεύματος
772 2349 1018 2403 ἓνηχούμενος,
1036 2349 1093 2388 ἵνα

64 2412 112 2462 μὴ
140 2411 185 2450 τὰ
205 2411 293 2450 αὐτὰ
325 2411 459 2456 τούτοις
487 2412 668 2464 πάθωμεν,
698 2413 776 2451 ἀλλ’
805 2410 933 2451 εἰδέναι
955 2411 1092 2464 ἔχωμεν

63 2477 198 2526 σαφῶς,
224 2472 283 2511 καὶ
308 2473 371 2520 τὴν
404 2474 611 2513 ἀκολουθίαν
630 2476 725 2512 ειτῶν
745 2473 1090 2527 δημιουργηθέντων,

63 2535 121 2572 καὶ
139 2535 232 2578 ὅπως
251 2533 398 2573 ἕκαστον
417 2535 689 2588 ἐδημιουργήθη.
716 2536 760 2573 Εἰ
777 2535 846 2588 γὰρ
860 2534 908 2586 μὴ
926 2538 989 2582 τῆς
1007 2538 1093 2586 ἡμε-

62 2595 164 2648 τέρας
178 2595 368 2646 κηδόμενος
382 2595 559 2647 σωτηρίας
578 2599 596 2634 ὁ
615 2596 706 2640 Θεὸς
722 2595 831 2640 οὕτως
850 2595 1014 2648 ὡδήγησε
1031 2599 1091 2635 τοῦ

62 2656 240 2709 προφήτου
260 2656 323 2704 τὴν
345 2657 519 2708 γλῶτταν,
552 2656 654 2709 ἤρκει
676 2659 799 2704 εἰπεῖν,
821 2656 875 2695 ὅτι
893 2656 1056 2704 ἐποίησεν
1075 2659 1092 2696 ὁ

62 2718 151 2762 Θεὸς
170 2719 227 2756 τὸν
253 2719 409 2770 οὐρανὸν,
439 2717 498 2756 καὶ
519 2718 582 2765 τὴν
613 2721 692 2769 γῆν,
717 2718 778 2756 καὶ
807 2718 870 2765 τὴν
894 2718 1089 2765 θάλασσαν,

62 2779 121 2816 καὶ
139 2778 183 2817 τὰ
200 2782 272 2824 ζῶα
285 2810 295 2827 ,
316 2779 375 2817 καὶ
397 2779 487 2830 μήτε
515 2779 612 2824 τάξιν
633 2783 743 2818 θεῖναι
767 2782 923 2832 ἡμερῶν,
947 2780 1036 2830 μήτε
1056 2780 1091 2818 τί

64 2839 125 2889 μὲν
143 2843 293 2892 πρῶτον,
310 2841 344 2878 τί
369 2841 405 2878 δὲ
427 2841 568 2893 ὕστερον
595 2841 793 2893 γεγένηται.
814 2840 905 2880 Ἀλλ’
929 2841 985 2880 ἵνα
1016 2858 1090 2892 μη-

63 2900 184 2950 δεμίαν
208 2907 279 2945 τοῖς
306 2895 518 2952 ἀγνωμονεῖν
550 2902 772 2953 βουλομένοις
801 2900 818 2923 ¹³

63 2961 252 3013 ἀπολογίας
267 2962 454 3014 πρόφασιν,
473 2962 561 3001 οὕτω
582 2963 708 3014 διαιρεῖ
723 2965 842 3015 σαφῶς
862 2964 922 3002 καὶ
938 2964 1003 3011 τὴν
1019 2968 1088 3003 τῶν

833 2902 1090 2950 καταλείπηται

62 3020 252 3071 γινομένων
272 3021 380 3072 τάξιν,
411 3023 471 3061 καὶ
491 3027 559 3062 τῶν
587 3027 729 3076 ἡμερῶν
756 3025 813 3063 τὸν
840 3024 1000 3076 ἀριθμὸν,
1029 3025 1088 3063 καὶ

107 3164 120 3177 ·
140 3157 238 3191 Colb.
262 3171 345 3192 nnus
362 3167 396 3193 et
410 3161 512 3197 Savil.
532 3165 667 3202 ἀνεδόθη,
686 3161 741 3195 alii
755 3166 854 3202 ἐδόθη.

108 3211 120 3235 f
140 3210 277 3243 Coislin.
287 3216 374 3258 ῥῆμα
391 3219 449 3259 γὰρ
466 3219 522 3248 ἔν..
531 3219 695 3258 mal-saffra}
684 3240 707 3255 .,
722 3219 773 3249 el
759 3231 846 3261 priua
864 3218 946 3250 εἶπον
955 3219 1077 3261 βραχὺ,

70 3266 103 3295 r·
90 3277 151 3303 '15²²
166 3268 233 3307 γὰρ
254 3263 356 3296 Paulo
374 3273 451 3307 post
468 3267 549 3309 Reg.
568 3278 651 3300 unus
664 3274 698 3299 et
712 3266 852 3300 Coistin.
871 3272 995 3313 ἐχαριζε
998 3282 1044 3302 το

112 3309 253 3354 ‘Lino‘
274 3312 427 3349 dedimus
452 3329 528 3351 cum
554 3318 655 3353 Coisl.
685 3327 717 3352 et
743 3318 868 3354 Savil„
863 3319 1012 3361 ,MomL
1045 3327 1078 3351 et

69 3365 187 3399 Montf.
207 3370 273 3399 αλλ
289 3381 324 3400 οι.
336 3368 349 3410 ]

1015 184 1176 214 (ὶΙὶΝΙΞὸ.

1213 182 1372 212 nosue.
1415 181 1495 212 vn.
2059 173 2118 217 (53

1166 273 1248 313 πει,-
1266 265 1338 313 hic,
1355 265 1542 303 Educant
1568 278 1694 316 aqum,
1716 266 1847 315 inquit,
1865 269 2019 318 reptilia
2035 273 2123 306 ani-

1166 340 1319 365 marum
1347 328 1579 364 viventium.
1603 327 1695 365 Nam
1727 326 1819 364 sieut
1845 326 1890 364 de
1915 336 2003 365 terra
2030 320 2123 367 dixit

1117 397 1140 428 F.
1165 389 1296 438 sehim,
1329 388 1526 427 Germinet
1546 404 1556 424 .·
1577 397 1611 426 et
1631 388 1731 427 varia
1763 402 1847 427 mox
1866 402 1907 425 ac
1931 389 2123 441 multiplex

1166 449 1308 498 ssot-um,
1328 448 1536 496 herbarum,
1556 456 1590 486 et
1605 447 1782 486 seminum
1809 447 1978 500 apparuit
2007 449 2123 500 copia,

1167 524 1306 562 unoque
1336 509 1447 549 verbo
1472 509 1645 562 producta
1666 518 1748 547 sunt
1771 509 1888 547 omnia
1913 525 1920 545 ι
1946 508 1996 547 sic
2017 518 2050 547 et
2069 510 2127 547 bic

1165 571 1260 609 dixit
1276 588 1283 608 :
1303 572 1487 609 Educant
1511 585 1624 624 aqnce
1640 571 1797 623 reptilia
1813 573 2039 609 animarum
2058 573 2123 608 vi-

1169 635 1351 678 ventium,
1372 640 1407 670 et
1422 632 1608 670 volatilia
1635 633 1819 670 volantia
1847 646 1962 684 super
1981 641 2128 670 terram

1163 693 1680 745 secundumfirmamentmn
1700 694 1787 731 eceli
1805 709 1816 729 :
1835 702 1868 731 et
1884 693 2054 735 continuo
2077 703 2127 732 tot

1165 753 1348 804 reptilium
1380 753 1656 803 volatiliumque
1689 767 1815 803 genera
1848 754 1990 792 condita
2021 764 2126 802 sunt,

1164 822 1252 864 quot
1278 827 1390 864 neque
1417 828 1579 851 sermone
1608 815 1779 852 recenseri
1800 825 1960 866 possunt.
1983 816 2029 854 lit
2049 831 2128 854 ver-

1164 874 1251 912 bum
1265 873 1412 925 quidem
1423 873 1533 913 breve
1549 883 1613 922 est,
1634 875 1859 926 verbumque
1876 890 2001 923 unum,
2023 890 2129 927 gene-

1166 950 1205 974 ra
1218 944 1338 974 autem
1356 935 1568 973 animalium
1589 935 1733 975 diversa
1749 945 1781 974 ct
1798 936 1912 975 varia.
1935 936 2008 975 Sed
2028 938 2128 976 nullo

1117 1016 1142 1045 Α
1165 1006 1309 1049 stupore
1324 996 1487 1045 tenearis,
1500 996 1628 1036 dilecte
1651 1013 1658 1034 :
1679 997 1832 1037 verbum
1847 997 1942 1035 enim
1953 1007 2028 1036 erat
2044 999 2126 1046 Dei,

1165 1068 1199 1097 ct
1228 1073 1344 1097 sermo
1376 1058 1489 1110 ipsius
1515 1058 1558 1096 iis
1586 1073 1666 1110 quae
1696 1059 1829 1097 fiebant
1862 1059 2128 1098 subsistentiam

1164 1119 1316 1171 largitus
1334 1129 1397 1158 est.
1414 1119 1527 1159 Vides
1553 1119 1734 1170 quomodo
1756 1120 1876 1158 omnia
1894 1134 1939 1158 ex
1955 1120 2070 1158 nihilo
2091 1130 2128 1158 ut

1164 1190 1279 1220 essent
1295 1180 1469 1233 producta
1490 1181 1598 1219 sunt?
1617 1180 1715 1219 vides
1733 1195 1840 1232 quam
1857 1181 2049 1233 diligenter
2064 1181 2128 1219 do-

1165 1244 1266 1281 ceat?
1293 1243 1394 1282 vides
1423 1252 1556 1294 quanta
1580 1257 1616 1281 se
1635 1243 1926 1296 attemperatione
1947 1243 1993 1281 ad
2019 1244 2127 1281 nostri

1165 1306 1302 1358 generis
1334 1307 1576 1345 humilitatem
1603 1307 1780 1345 Dominus
1812 1307 2004 1346 demittat?
2025 1308 2130 1346 Unde

1165 1369 1261 1406 enim
1278 1382 1341 1406 nos
1358 1368 1433 1406 haec
1447 1377 1520 1406 tam
1538 1378 1702 1406 accurate
1720 1368 1856 1407 discere
1875 1369 2126 1421 potuissemus,

1165 1430 1235 1469 nisi
1269 1430 1344 1482 ipse
1378 1443 1507 1482 magna
1537 1439 1570 1468 ct
1601 1429 1775 1468 ineffabili
1813 1430 2032 1482 benignitate
2066 1445 2128 1468 sua

1166 1491 1365 1529 humanum
1388 1505 1497 1543 genus
1517 1505 1580 1543 per
1599 1492 1782 1544 prophetie
1811 1492 1971 1543 linguam
2003 1491 2129 1530 docere

1165 1552 1334 1605 dignatus
1353 1561 1454 1602 esset,
1479 1562 1518 1590 ut
1536 1553 1626 1590 seire
1645 1553 1822 1605 possimus
1840 1562 1873 1591 et
1890 1568 2009 1591 rerum
2030 1568 2128 1591 erca—

1166 1623 1285 1652 tarum
1307 1615 1480 1664 ordinem,
1496 1623 1530 1652 et
1546 1614 1723 1653 Creatoris
1748 1615 1964 1668 potentiam,
1981 1625 2013 1652 et
2037 1630 2128 1665 quo-

1118 1689 1140 1719 15
1165 1676 1271 1715 modo
1290 1691 1405 1715 sermo
1425 1677 1501 1729 ejus
1515 1676 1551 1714 in
1571 1690 1660 1728 opus
1676 1677 1815 1726 exierit,
1830 1686 1863 1715 et
1882 1677 2033 1715 verbum
2053 1677 2129 1729 ejus

1166 1737 1431 1776 subsistentiam
1449 1746 1482 1775 et
1499 1737 1545 1775 ad
1569 1738 1797 1776 existentiam
1817 1738 2009 1776 transitum
2035 1752 2129 1776 crea-

1165 1799 1256 1836 turis
1276 1798 1498 1851 praebuerit?

1217 1860 1256 1896 4.
1289 1860 1427 1898 Verum
1464 1868 1547 1896 sunt
1578 1859 1747 1897 insensati
1785 1860 1962 1909 nonnulli,
1997 1862 2058 1911 qui
2096 1871 2128 1899 et

1167 1928 1246 1971 post
1267 1928 1403 1957 tantam
1429 1919 1632 1957 doctrinam
1662 1919 1837 1957 increduli
1870 1935 1944 1959 esse
1971 1921 2128 1968 audent,

1164 1980 1336 2031 faterique
1367 1980 1492 2018 nolunt
1525 1994 1598 2018 esse
1629 1980 1787 2031 aliquem
1816 1981 1966 2020 istorum
1997 1983 2126 2021 visibi-

1164 2041 1254 2079 lium
1280 2042 1445 2094 opificem
1465 2057 1472 2078 :
1491 2042 1554 2080 sed
1572 2041 1633 2079 alii
1650 2041 1796 2092 quidem
1824 2042 1973 2081 fortuito
2004 2043 2065 2082 illa
2086 2059 2127 2082 ac

1164 2117 1228 2154 per
1251 2117 1288 2140 se
1313 2117 1387 2141 esse
1406 2102 1547 2151 dieunt,
1567 2103 1629 2140 alii
1646 2117 1729 2141 vero
1749 2117 1794 2141 ex
1812 2104 2016 2156 subjacente
2044 2120 2129 2156 qua-

1163 2163 1248 2201 dam
1277 2164 1425 2202 materia
1457 2177 1532 2201 esse
1560 2163 1653 2202 sacta
1690 2163 1919 2202 contendunt.
1956 2166 2128 2205 Conside-

1164 2239 1203 2262 ra
1222 2233 1355 2276 quanta
1385 2223 1524 2262 diaboli
1556 2224 1698 2274 illusio,
1717 2226 1898 2276 quomodo
1926 2226 2059 2265 abusus
2078 2238 2128 2266 est

1164 2285 1261 2324 facili
1301 2285 1482 2324 erroribus
1520 2285 1754 2324 servientium
1795 2286 2015 2326 credulitate.
2054 2289 2332 2334 Ea-curianmm

1165 2357 1311 2401 propter
1336 2348 1459 2386 beatus
1481 2349 1621 2393 Moses,
1643 2348 1783 2400 Spiritu
1809 2348 1934 2388 divino
1966 2350 2127 2399 afflatus,

1117 2424 1141 2455 c
1167 2418 1263 2447 tanta
1299 2407 1486 2460 diligentia
1522 2423 1585 2446 nos
1615 2408 1738 2459 docet,
1768 2424 1811 2447 ne
1839 2409 1935 2448 idem
1961 2420 1994 2449 et
2027 2412 2129 2450 nobis

1165 2469 1325 2519 eveniat3
1362 2469 1426 2508 sed
1465 2469 1617 2507 sciamus
1655 2470 1840 2509 manifeste
1879 2480 1912 2509 et
1949 2482 2129 2510 ereatura-

1165 2546 1247 2570 rum
1283 2531 1464 2579 ordinem,
1507 2539 1540 2569 et
1579 2531 1758 2582 quomodo
1808 2546 1960 2583 qumque
2003 2544 2128 2572 creata:

1165 2593 1246 2631 sint.
1269 2593 1349 2632 Nisi
1379 2592 1473 2630 enim
1502 2601 1631 2630 nostrae
1660 2593 1784 2631 salutis
1805 2608 1928 2631 euram
1948 2594 2129 2634 habuisset

1165 2655 1279 2703 Deus,
1295 2663 1330 2693 et
1350 2654 1398 2692 ita
1416 2653 1605 2691 direxisset
1630 2654 1814 2707 prophetin
1835 2654 1996 2706 linguam
2012 2686 2022 2703 ,
2043 2658 2129 2695 satis

1165 2725 1239 2754 erat
1267 2715 1402 2754 dixisse
1423 2731 1430 2750 :
1452 2714 1551 2752 Fecit
1581 2716 1678 2752 Deus
1704 2716 1830 2753 caelum
1864 2725 1898 2754 et
1929 2726 2075 2765 terram,
2095 2728 2129 2756 et

1164 2792 1272 2827 mare,
1285 2787 1318 2815 et
1334 2775 1547 2815 animantia:
1565 2789 1676 2826 neque
1693 2790 1830 2817 necesse
1842 2787 1915 2815 erat
1931 2787 1969 2816 ut
1984 2790 2128 2831 poneret
2154 2811 2163 2816 .

1163 2841 1327 2879 ordinem
1348 2840 1504 2888 dierum,
1523 2852 1636 2889 neque
1654 2838 1743 2889 quid
1763 2839 1893 2891 primo,
1918 2849 1950 2878 et
1972 2841 2062 2892 quid
2078 2857 2129 2880 se-

1163 2902 1282 2941 cundo
1299 2903 1432 2939 factum
1447 2900 1567 2937 fuerit.
1587 2899 1655 2937 scd
1674 2909 1713 2937 ut
1729 2900 1878 2951 ingratis
1893 2910 1926 2939 et
1942 2902 2035 2940 male
2054 2917 2129 2940 sen-

1166 2963 1338 3001 tientibus
1358 2962 1457 2999 nulla
1481 2961 1741 3011 relinqueretur
1761 2963 1964 3013 excusatio,
1988 2964 2034 3002 ita
2054 2965 2128 3003 dis-

1162 3025 1267 3076 tingit
1290 3023 1473 3062 manifeste
1493 3031 1524 3060 et
1540 3022 1714 3060 factorum
1734 3023 1907 3072 ordinem,
1938 3035 1971 3063 et
1989 3026 2128 3064 dierum

1160 3174 1173 3188 π
1193 3163 1248 3197 Sic
1263 3161 1366 3196 Saxil.
1385 3169 1417 3194 et
1432 3173 1546 3194 omnes
1562 3173 1645 3205 pene
1658 3163 1734 3196 Mss.
1752 3175 1760 3206 3
1783 3164 1898 3197 Morel.
1915 3176 1993 3197 vero
2007 3170 2129 3204 vti-2231,-

1113 3221 1364 3261 patoupymm'xmu.

1160 3269 1175 3293 b
1196 3268 1250 3300 Sic
1265 3277 1379 3298 omues
1398 3272 1516 3306 praeter
1531 3266 1646 3298 Morel.
1664 3268 1718 3309 qui
1737 3265 1837 3299 babet
1859 3273 2022 3313 καταλίπῃ.
2044 3268 2126 3309 [Su-

1115 3319 1171 3352 xil.
1192 3319 1425 3359 ιαταλίττηται.]

2144 2349 2278 2376 ordinem
2303 2350 2331 2375 in

2180 2391 2334 2416 creationis

2166 2433 2334 2458 narratione

2170 2478 2276 2499 servet.
