2433 3775
36 1250 125 1277 Rom.
143 1249 188 1277 15.

39 1294 83 1328 14.

34 1550 185 1590 Pl1i1'ip.3.
196 1560 205 1579 Ι
215 1573 221 1579 .

41 2233 157 2261 Monilia
181 2241 230 2259 ex-

44 2277 182 2307 hortatio.

238 156 298 202 36

235 267 355 305 spere,
383 261 419 290 et
433 253 597 305 factum
625 261 680 291 est
713 266 841 299 mane,
873 253 954 290 dies
981 252 1186 290 secundus.

236 315 342 352 Forte
359 313 537 365 prolixius
552 327 747 351 sermonem
763 312 999 361 extendimus,
1019 325 1088 349 non
1108 310 1200 356 data,

237 389 356 427 opera,
375 374 436 412 sed
454 375 500 412 ab
518 374 609 426 ipsa,
637 383 676 412 ut
701 374 835 411 dixerit
853 372 1043 424 quispiam,
1063 371 1192 409 verbo-

237 451 319 474 rum
341 435 587 486 consequentia
601 465 611 483 ,
633 435 735 485 quasi
764 434 890 486 rapido
912 432 1068 482 quodam
1088 444 1191 467 amne

237 497 276 535 vi
293 497 474 535 abstracti.
494 498 642 546 Vosque
661 495 769 546 hujus
796 494 847 530 rei
875 506 978 530 causa
1009 491 1106 539 estis,
1129 490 1192 540 qui

238 572 364 610 magna
384 571 465 595 cum
485 555 669 607 voluptate
687 554 782 591 dicta
803 561 922 590 nostra
934 551 1079 589 auditis.
1090 550 1191 588 Nihil

238 619 332 656 enim
351 617 401 655 sic
428 615 582 654 excitare
600 623 714 666 potest
741 613 930 661 dicentem,
948 621 981 649 et
1004 610 1191 649 sententia-

238 692 319 715 rum
337 690 502 728 magnam
524 674 664 727 copiam
682 674 737 711 illi
761 674 903 722 afferre,
929 682 968 710 ut
987 671 1191 710 auditorum

239 737 412 775 alacritas.
433 736 481 773 Et
509 735 601 773 sicut
634 734 753 786 supini
784 743 818 772 et
845 733 983 771 desides
1013 732 1191 771 auditores

238 798 346 836 etiam
361 797 517 835 multum
534 795 676 847 eloquio
692 795 868 833 valentem
885 793 1041 833 reddunt
1056 794 1193 845 segnio-

238 873 313 897 rem
330 875 337 894 :
355 859 404 896 ita
436 872 498 897 vos
529 871 591 910 per
626 857 693 895 Dei
730 856 899 908 gratiam,
933 855 1071 893 etiamsi
1101 855 1193 892 muti

238 934 392 959 essemus
424 920 506 971 plus
537 933 644 970 quam
671 917 808 970 lapides
820 947 829 966 ,
853 916 1001 969 possetis
1033 925 1192 954 nostrum

239 992 419 1034 stuporem
444 981 641 1028 emendare,
663 989 696 1017 et
715 978 984 1017 somnolentiam
1003 970 1192 1023 discutere,

237 1056 431 1095 cogere-que
450 1050 489 1078 ut
505 1041 667 1079 dicamus
693 1054 731 1077 ea
750 1053 828 1089 quae
849 1037 952 1076 vobis
971 1036 1192 1084 conducunt,

236 1113 267 1140 ct
287 1102 334 1140 ad
352 1111 506 1140 vestram
526 1099 784 1138 institutionem
803 1098 991 1150 pertinent.
1013 1095 1193 1142 Quoniam

236 1164 348 1215 igitur
366 1162 452 1200 tales
471 1161 571 1210 estis,
591 1169 711 1213 utpote
730 1175 748 1197 a
777 1161 853 1197 Deo
882 1157 992 1206 docti,
1014 1165 1047 1195 et
1069 1170 1192 1194 secun-

238 1223 326 1261 dum
340 1223 484 1261 beatum
500 1221 670 1271 Paulum,
691 1220 838 1274 potestis
859 1218 947 1256 alios
977 1218 1166 1255 admonere
1183 1232 1191 1252 τ

237 1298 318 1336 age,
348 1284 577 1321 obsecramus
606 1296 695 1330 vos,
724 1290 763 1318 ut
792 1280 822 1318 si
852 1293 916 1331 per
945 1277 1040 1329 quod
1071 1277 1191 1325 aliud,

237 1345 393 1383 maxime
413 1359 474 1397 per
489 1343 618 1396 jeJunii
650 1352 807 1394 tempus,
832 1353 1000 1391 magnam
1032 1339 1121 1376 bene
1140 1338 1193 1376 vi-

236 1406 345 1444 vendi
365 1420 487 1444 curam
510 1404 654 1457 geratis,
676 1417 739 1441 nee
758 1403 822 1440 fiat
836 1401 938 1439 vobis
964 1414 1077 1438 sermo
1096 1399 1193 1436 fasti-

237 1467 373 1515 diosus,
395 1466 423 1504 si
443 1465 603 1517 quotidie
628 1463 674 1502 de
692 1462 826 1502 eisdem
843 1462 1031 1512 loquamur
1049 1476 1056 1496 :
1071 1459 1193 1497 eadem

237 1529 331 1566 enim
356 1527 473 1565 dicere
493 1526 583 1564 mihi
610 1525 752 1577 quidem
772 1537 842 1561 non
858 1536 978 1573 grave,
999 1520 1194 1559 secundum

237 1590 382 1627 beatum
402 1588 567 1637 Paulum,
587 1587 689 1626 vobis
703 1594 819 1623 autem
836 1592 966 1621 tutum.
983 1584 1085 1634 Opus
1100 1582 1194 1619 enim

236 1651 345 1688 habet
364 1649 483 1687 anima
495 1658 626 1696 nostra,
642 1646 758 1698 segnis
773 1659 855 1683 cum
872 1644 929 1693 sit,
947 1643 1112 1681 continua
1131 1641 1195 1678 ad-

236 1711 439 1750 monitione.
467 1709 516 1748 Et
541 1709 634 1747 sicut
663 1721 792 1760 corpus
817 1706 885 1743 hoe
917 1703 1077 1756 quotidie
1106 1717 1195 1755 opus

236 1773 344 1811 habet
359 1770 534 1824 corporali
548 1770 729 1816 alimento,
745 1777 784 1805 ut
803 1781 846 1805 ne
860 1766 896 1804 in
911 1779 1077 1817 magnam
1093 1763 1197 1815 aegri-

238 1833 408 1871 tudinem·
434 1831 596 1869 incidens
609 1860 619 1879 ,
650 1829 742 1867 nihil
775 1829 889 1866 facere
927 1825 1040 1879 possit
1056 1841 1063 1861 :
1080 1824 1128 1862 ita
1164 1833 1197 1861 et

238 1894 358 1932 anima
375 1907 465 1945 opus
479 1892 587 1929 hahet
604 1890 782 1943 spirituali
802 1890 896 1936 cibo,
912 1897 945 1926 et
961 1887 1096 1940 optima
1113 1885 1196 1924 vitae

238 1956 387 2002 ratione,
404 1963 443 1991 ut
472 1953 508 1990 in
529 1951 824 1990 consuetudinem
843 1949 1001 2000 aliquam
1020 1948 1198 1985 honorum

239 2015 463 2068 perveniens,
485 2013 618 2052 invicta
651 2012 714 2061 sit,
738 2020 772 2049 et
791 2011 952 2049 resistere
983 2009 1093 2061 possit
1122 2021 1197 2045 ma-

239 2076 330 2129 ligni
349 2074 462 2114 hostis
482 2073 632 2111 insidiis.

656 171 695 201 S·
731 171 915 202 JOANNIS
950 170 1194 201 CHRYSOST.

297 2207 331 2243 7.
348 2203 520 2253 Quotidie
532 2202 644 2255 igitur
658 2202 734 2254 ejus
752 2200 923 2239 virtutem
939 2212 1084 2251 operose
1098 2212 1197 2236 cure·
1219 2201 1243 2232 C

244 2279 336 2314 mus,
355 2273 389 2302 et
408 2278 471 2302 nos
491 2264 586 2316 ipsos
605 2261 867 2309 examinantes,
887 2273 1084 2310 numquam
1109 2258 1199 2296 defi-

244 2325 398 2374 ciamus;
414 2323 648 2362 rationarium
672 2335 812 2372 quoque
838 2320 942 2358 nobis
969 2319 1200 2357 conficiamus

246 2400 367 2425 eorum
387 2400 466 2436 quae
485 2383 694 2436 accipimus,
717 2391 751 2420 et
779 2394 902 2419 eorum
926 2394 1002 2431 quae
1030 2379 1201 2432 expendi-

247 2461 340 2496 mus,
358 2445 533 2498 quidnam
551 2444 687 2482 utiliter
705 2451 738 2480 et
754 2443 842 2480 bene
858 2440 998 2492 loquuti
1016 2441 1146 2489 simus,
1171 2450 1205 2479 et

249 2507 344 2560 quod
364 2507 520 2546 otiosum
538 2505 689 2543 verbum
709 2501 981 2555 protulerimus,
997 2510 1031 2538 et
1057 2501 1204 2551 iterum,

252 2568 340 2620 quid
357 2568 444 2606 utile
462 2580 526 2620 per
543 2579 646 2603 aures
661 2565 696 2602 in
716 2564 872 2602 animam
892 2561 1205 2609 intromiserimus,

253 2640 287 2668 ct
300 2629 402 2680 quid,
415 2627 511 2679 quod
524 2626 777 2664 detrimentum
790 2623 917 2661 afferre
930 2621 1207 2674 possit.Praeter-

254 2707 291 2730 ea
313 2701 346 2730 et
371 2691 502 2741 linguae
530 2687 671 2740 regulas
701 2686 838 2737 aliquas
862 2693 896 2722 et
922 2697 1071 2722 canones
1098 2697 1206 2735 pona-

255 2767 355 2801 mus,
375 2753 424 2790 ita
454 2760 492 2788 ut
526 2749 625 2802 prius
653 2746 878 2786 ruminentur
909 2753 942 2782 et
969 2743 1208 2797 ponderentur

253 2814 380 2861 verb-T,
400 2821 431 2850 et
451 2820 569 2863 postea
588 2809 813 2862 proferantur
831 2819 1032 2855 εει-[11011855
1055 2814 1207 2843 mentem

251 2888 335 2913 vero
354 2873 401 2911 ita
421 2871 660 2919 instituamus,
679 2878 718 2906 ut
737 2882 780 2906 ne
799 2865 886 2918 quid
899 2865 1108 2904 damnosum
1124 2880 1207 2918 pro·
1229 2880 1253 2909 l)

252 2945 338 2981 mat,
358 2943 391 2972 et
407 2933 435 2971 si
454 2933 544 2970 forte
560 2929 696 2982 aliquid
717 2929 786 2967 tale
802 2927 995 2967 forinsecus
1014 2926 1203 2977 inferatur,

294 3084 306 3095 ‘
324 3076 479 3116 Quinque
502 3073 576 3104 MSS.
596 3078 669 3108 *rc-abs
688 3073 800 3115 ⁵?53s‘2
816 3083 967 3114 παρασυρ,

293 3137 306 3152 a
325 3125 427 3159 Sat-il.
449 3132 481 3156 et
506 3130 649 3165 quatuor
673 3122 747 3152 Mss.
773 3126 1007 3164 ἀπεργάζονται.
1029 3116 1144 3149 Μοι-ρὶ,
1164 3122 1250 3162 “Vm'‘

1234 170 1438 200 Ancflllst‘.
1477 170 1754 200 CONSTANTm‘
1762 171 1835 200 ΟΡ.

1260 250 1458 301 φάσκουσα,
1479 250 1549 287 Καὶ
1581 251 1716 301 ἐγένετο
1748 251 1879 302 ἑσπέρα
1892 281 1902 300 ,
1923 252 1982 289 καὶ
2010 251 2145 302 ἐγένετο
2165 250 2259 304 πρωῒ
2274 282 2285 299 ,

1258 310 1376 362 ἡμέρα
1396 310 1550 362 δευτέρα.
1567 311 1674 362 Τάχα
1702 315 1749 355 εἷς
1768 312 1856 350 πολὺ
1885 315 1997 363 μῆκος
2022 312 2080 350 τὸν
2108 311 2209 363 λόγον
2230 313 2287 356 ἐξ-

1260 370 1451 420 ετείναμεν,
1480 371 1547 421 οὐχ
1569 371 1703 414 ἑκόντες
1716 402 1726 419 ,
1745 375 1822 411 ἀλλ’
1849 375 1906 411 ὑπ’
1930 375 2054 421 αὐτῆς,
2071 375 2117 416 ὡς
2136 372 2176 409 ἂν
2193 372 2286 411 εἴποι

1260 446 1334 477 τις,
1356 433 1418 476 τῆς
1446 433 1514 468 τῶν
1540 429 1652 482 λόγων
1679 433 1901 481 ἀκολουθίας,
1928 434 2086 485 καθάπερ
2115 434 2184 471 ὑπὸ
2209 449 2284 484 χει-

1261 490 1394 543 μάῤῥου
1409 491 1522 533 Θτινὸς
1540 491 1771 543 σφοδροτάτου
1791 494 2060 546 παρασυρέντες.
2081 493 2151 533 Καὶ
2165 494 2286 532 τούτου

1261 552 1296 590 δὲ
1319 556 1416 603 ὑμεῖς
1444 552 1567 600 αἴτιοι,
1597 553 1628 591 οἱ
1653 556 1730 603 μεθ’
1753 555 1878 601 ἡδονῆς
1908 555 2087 599 ἀκούοντες
2113 558 2180 593 τῶν
2201 556 2285 606 παρ’

1260 616 1361 664 ἡμῶν
1381 614 1589 664 λεγομένων.
1609 613 1720 652 Οὐδὲν
1747 614 1815 666 γὰρ
1839 614 1928 653 οὕτω
1947 616 2124 666 διεγείρειν
2145 615 2287 653 δύναται

1260 675 1317 713 τὸν
1345 675 1509 727 λέγοντα,
1530 675 1590 712 καὶ
1620 676 1667 717 εἷς
1686 675 1830 713 πλείονα
1859 675 2022 728 εὐπορίαν
2043 678 2185 726 ἀγαγεῖν
2205 692 2287 723 νοη-

1262 734 1394 786 μάτων,
1411 738 1457 778 ὡς
1471 737 1492 780 ἦ
1512 738 1581 772 τῶν
1611 736 1792 786 ἀκροατῶν
1815 735 2003 789 προθυμία.
2033 735 2104 774 Καὶ
2121 734 2239 786 ὥσπερ
2255 739 2288 774 οἱ

1261 795 1550 839 ἀναπεπτωκότες
1577 795 1637 834 καὶ
1663 796 1809 847 ᾁάθυμοι
1826 796 1994 848 ἀκροαταὶ
2021 796 2081 833 καὶ
2099 796 2157 834 τὸν
2172 796 2285 847 λέγειν

1261 856 1446 907 δυνάμενον
1473 857 1700 908 ὀκνηρότερον
1719 857 2017 908 ῧάπεργάζονται·
2046 855 2156 901 οὕτως
2188 859 2286 907 ὑμεῖς

1262 917 1320 955 διὰ
1342 917 1405 964 τὴν
1425 921 1484 955 τοῦ
1512 919 1604 956 Θεοῦ
1624 917 1742 969 χάριν,
1759 916 1822 955 κᾶν
1845 919 1958 956 αὐτῶν
1979 920 2046 955 τῶν
2065 917 2171 956 λίθων
2191 911 2285 969 ὦμεν

1263 977 1497 1029 ἀφωνότεροι,
1514 977 1626 1015 ἱκανοὶ
1649 977 1839 1030 τυγχάνετε
1860 978 1922 1025 τὴν
1949 977 2124 1031 ἡμετέραν
2141 978 2286 1016 νωθείαν

1263 1038 1449 1089 διεγεῖραι,
1473 1037 1533 1075 καὶ
1559 1039 1616 1076 τὸν
1637 1037 1742 1076 ὕπνον
1760 1039 1986 1086 ἀποτινάξαι,
2015 1040 2074 1077 καὶ
2097 1039 2288 1090 βιάσασθαι

1262 1098 1368 1134 εἰπεῖν
1388 1114 1422 1135 τι
1454 1100 1522 1135 τῶν
1549 1100 1629 1148 ὑμῖν
1651 1099 1837 1151 χρησίμων
1869 1100 1928 1138 καὶ
1958 1102 2006 1142 εἷς
2031 1099 2094 1147 τὴν
2116 1099 2286 1152 ὑμετέραν

1262 1157 1446 1207 οἰκοδομὴν
1476 1157 1732 1197 συντεινόντων.
1753 1159 1857 1197 Ἐπεὶ
1887 1155 1942 1197 οῧν
1971 1165 2120 1199 τοιοῦτοι
2153 1161 2288 1212 τυγχά-

1262 1233 1335 1255 νετε
1356 1219 1569 1257 θεοδίδακτοι
1593 1218 1703 1265 ὄντες,
1723 1219 1926 1270 δυνάμενοι,
1957 1221 2049 1259 κατὰ
2077 1221 2134 1258 τὸν
2166 1206 2286 1270 μακά-

1264 1294 1334 1329 ριον
1356 1281 1508 1327 Παῦλον,
1528 1280 1588 1318 καὶ
1617 1279 1741 1322 ἄλλους
1768 1285 1948 1329 νουθετεῖν,
1970 1280 2052 1333 φέρε
2082 1281 2289 1332 παρακαλέ-

1263 1356 1379 1391 σωμεν
1411 1343 1501 1391 ὑμᾶς
1516 1372 1525 1389 ,
1560 1343 1590 1378 εἷ
1617 1340 1678 1378 καί
1712 1355 1798 1378 ποτε
1830 1341 1954 1379 ἄλλοτε
1967 1371 1976 1388 ,
2010 1342 2102 1380 κατὰ
2136 1342 2194 1380 τὸν
2226 1346 2288 1389 τῆς

1262 1401 1423 1447 νηστείας
1444 1401 1578 1453 καιρὸν,
1603 1400 1736 1448 πολλὴν
1757 1404 1819 1448 τ’ἧς
1842 1403 1967 1453 ἀρετῆς
1988 1402 2050 1449 τὴν
2071 1403 2163 1442 κατὰ
2195 1403 2285 1442 Θεὸν

1263 1461 1428 1513 πρόνοιαν
1445 1460 1661 1508 ποιήσασθαι
1674 1462 1753 1510 ,καὶ
1771 1461 1820 1512 μὴ
1836 1463 2033 1514 προσκορῆς
2051 1467 2132 1514 ὑμῖν
2151 1466 2169 1500 ὁ
2188 1463 2288 1515 λόγος

1262 1521 1426 1571 γένηται,
1447 1524 1477 1560 εἷ
1502 1521 1579 1560 καθ’
1602 1521 1754 1567 ἑκάστην
1774 1522 1908 1575 ’ἡμέραν
1928 1525 2010 1573 ὑμῖν
2031 1523 2111 1576 περὶ
2128 1525 2197 1561 τῶν
2228 1525 2288 1561 αὖ·

1261 1585 1330 1620 τῶν
1351 1583 1582 1634 διαλεγόμεθα
1596 1598 1603 1605 ·
1630 1582 1675 1621 τὰ
1704 1582 1790 1621 αὐτὰ
1811 1584 1878 1634 γὰρ
1896 1583 2008 1636 λέγειν
2030 1584 2108 1635 ἐμοὶ
2134 1584 2196 1634 μὲν
2225 1587 2288 1622 οὐκ

1261 1643 1420 1695 ὀκνηρὸν,
1441 1643 1532 1682 κατὰ
1565 1644 1622 1681 τὶν
1652 1644 1823 1695 μακάριον
1844 1646 1996 1692 Παῦλον,
2013 1647 2095 1695 ὑμῖν
2120 1645 2156 1682 δὲ
2176 1647 2288 1696 ἀσφα-

1261 1703 1332 1747 λές.
1355 1707 1476 1742 Δεῖται
1491 1704 1557 1756 γὰρ
1574 1707 1676 1755 ἡμῶν
1691 1708 1712 1750 ἡ
1734 1705 1829 1756 ψυχὴ
1851 1705 1999 1757 ῥάθυμος
2015 1701 2100 1744 οὖσα
2123 1709 2289 1758 συνεχοῦς

1263 1767 1326 1810 τῆς
1354 1765 1593 1815 ὑπομνήσεως.
1613 1765 1683 1803 Καὶ
1703 1766 1861 1819 καθάπερ
1889 1766 1929 1804 τὸ
1957 1770 2061 1817 σῶμα
2088 1770 2190 1804 τοῦτο
2209 1769 2286 1804 καθ’

1263 1827 1413 1872 ἑκάστην
1433 1827 1568 1879 ἡμέραν
1590 1828 1699 1864 δεῖται
1721 1829 1782 1873 τῆς
1801 1829 2006 1878 σωματικῆς
2023 1830 2151 1879 τροφῆς
2164 1856 2174 1875 ,
2196 1826 2288 1865 ὥστε

1264 1887 1312 1938 μὴ
1337 1891 1382 1931 εἷς
1403 1888 1534 1935 πολλὴν
1565 1888 1742 1926 ἀσθένειαν
1769 1890 1920 1938 ἐμπεσὸν
1938 1888 2189 1941 ὺάνενέργητον
2217 1894 2288 1926 κεῖ-

1263 1953 1362 1987 σθαι·
1384 1949 1473 1988 οὕτω
1505 1949 1546 1996 δὴ
1576 1950 1635 1987 καὶ
1661 1952 1682 1995 ἡ
1703 1949 1797 2002 ψυχὴ
1821 1950 1942 2001 χρῄζει
1960 1953 2022 1996 τ’ῆς
2049 1953 2290 2000 πνευματικῆς

1261 2013 1389 2063 τροφῆς
1412 2010 1471 2048 καὶ
1495 2013 1557 2056 τῆς
1578 2010 1721 2062 ἀρίστης
1743 2010 1942 2058 πολιτείας,
1961 2009 2050 2049 ὥστε
2072 2013 2106 2048 ἐν
2125 2010 2291 2061 συνηθείᾳ

1263 2072 1328 2110 τινὶ
1349 2074 1415 2109 τῶν
1445 2073 1562 2110 καλῶν
1584 2071 1771 2122 γινομένην
1794 2073 1916 2118 αὐτὴν,
1943 2071 2132 2123 ἀχείρωτον
2167 2072 2288 2110 λοιπὸν

1262 2137 1479 2180 καταστῆναι
1494 2138 1570 2175 ταῖς
1589 2132 1788 2175 ἐπιδουλαῖς
1807 2138 1866 2170 τοῦ
1884 2136 2047 2183 πονηροῦ.

1317 2195 1404 2232 Καθ’
1426 2193 1577 2238 ἑκάστην
1597 2192 1710 2231 τοίνυν
1727 2192 1788 2240 τὴν
1809 2192 1945 2244 ἡμέραν
1961 2192 2091 2239 ταύτης
2106 2192 2170 2239 τὴν
2191 2193 2289 2244 ἰσχὺν

1263 2253 1572 2307 περιεργαζώμεθα
1583 2284 1592 2301 ,
1608 2253 1668 2292 καὶ
1683 2253 1824 2296 ἑαυτοὺς
1838 2253 2098 2305 διερευνώμενοι
2116 2253 2292 2304 μηδέποτε

1267 2316 1499 2366 διαλείπωμεν
1509 2331 1516 2339 ·
1532 2314 1591 2353 καὶ
1605 2315 1800 2366 λογοθέσιον
1817 2317 1951 2358 ἑαυτοῖς
1970 2318 2138 2365 ποιῶμεν,
2150 2315 2210 2353 καὶ
2223 2319 2291 2353 τῶν

1267 2376 1512 2427 εἰσαγομένων,
1532 2375 1591 2412 καὶ
1615 2379 1683 2413 τῶν
1713 2374 1942 2426 ἐξαγομένων,
1968 2375 2002 2412 τί
2024 2375 2086 2426 μὲν
2107 2375 2292 2427 χρησίμως

1269 2436 1526 2489 ἐφθεγξάμεθα,
1547 2436 1581 2473 τί
1608 2435 1643 2474 δὲ
1664 2436 1768 2487 ἀργὸν
1798 2438 1894 2487 ῥῆμα
1924 2435 2205 2487 προηνέγκαμεν,
2233 2436 2293 2474 καὶ

1267 2499 1386 2546 πάλιν,
1412 2497 1446 2534 τί
1467 2496 1528 2548 μὲν
1551 2500 1619 2534 τῶν
1649 2497 1837 2548 ἐπωφελῶν
1867 2496 1924 2534 διὰ
1943 2499 2004 2543 τῆς
2024 2499 2130 2543 οἷκοῆς
2157 2499 2204 2540 εἷς
2229 2495 2292 2543 τὴν

1271 2559 1384 2611 ψυχὴν
1407 2557 1650 2609 εἷσηγάγομεν,
1671 2556 1704 2594 τί
1735 2556 1770 2595 δὲ
1799 2559 1866 2594 τῶν
1903 2557 2070 2608 βλάπτειν
2095 2556 2293 2606 δυναμένων

1272 2621 1376 2658 πάλιν
1395 2620 1441 2663 εἷς
1468 2619 1597 2666 ταύτην
1628 2618 1890 2669 εἰσηνέγκαμεν.
1912 2619 1982 2656 Καὶ
2002 2622 2043 2670 τῇ
2066 2618 2128 2669 μὲν
2152 2617 2291 2669 γλώττῃ

1273 2681 1416 2724 κανόνας
1427 2680 1522 2723 τινὰς
1537 2680 1595 2718 καὶ
1605 2679 1703 2731 ὅρους
1714 2681 1903 2729 ἐπιθῶμεν,
1919 2679 2009 2718 ὥστε
2020 2679 2185 2731 πρότερον
2202 2681 2296 2717 εδια-

1275 2745 1495 2796 μαρυκᾶσθαι
1510 2743 1553 2779 τὰ
1574 2741 1734 2793 ῥήματα,
1754 2740 1812 2778 καὶ
1831 2740 1920 2778 οὕτω
1938 2741 2123 2793 προφέρειν
2143 2740 2220 2784 τοὺς
2238 2740 2295 2777 λό-

1273 2819 1351 2853 γους
1365 2820 1371 2826 ·
1387 2803 1448 2850 τὴν
1460 2802 1494 2840 δὲ
1510 2802 1662 2840 διάνοιαν
1676 2800 1897 2851 παιδεύωμεν
1913 2801 2018 2851 μηδὲν
2035 2799 2215 2853 προΐεσθαι
2226 2803 2294 2838 τῶν

1277 2864 1470 2915 βλαῧερῶν,
1492 2862 1581 2901 ἀλλὰ
1598 2861 1661 2900 κᾶν
1679 2861 1800 2905 ἔξωθέν
1816 2877 1850 2898 τι
1866 2862 2112 2914 ἐπεισφέρηται
2127 2865 2295 2907 τοιοῦτον,

1276 2929 1376 2964 τοῦτο
1385 2927 1430 2968 ὡς
1442 2923 1603 2976 περιττὸν
1612 2922 1670 2961 καὶ
1683 2923 1849 2973 βλάπτειν
1861 2922 2048 2972 δυνάμενον
2058 2922 2295 2968 ἀποσείεσθαι,

1291 3081 1391 3107 γαπ...
1407 3068 1472 3102 τοὺ,-
1488 3067 1653 3106 ὶ.ογ;σ,ι.ιούς.
1665 3062 1754 3096 Ibid.
1766 3063 1824 3095 Sax
1835 3062 1867 3094 il.
1878 3063 2051 3107 legendum
2067 3071 2161 3104 putat
2178 3069 2295 3107 προσίε-

1288 3124 1365 3152 σθαι,
1376 3128 1447 3159 qua:
1465 3128 1527 3147 vox
1544 3115 1669 3154 metim,
1680 3127 1778 3156 qnam
1793 3122 1955 3160 xlma-5021,
1969 3114 2134 3159 quadrare
2148 3114 2290 3149 videtur.

249 3189 361 3222 {wm-
380 3178 457 3210 Mox
483 3174 580 3207 iidem
607 3177 685 3215 ὦμεν
702 3180 922 3216 ταπεινότεροι,
942 3174 1045 3204 ἱκανοί.
1061 3168 1161 3201 Paulo
1178 3176 1254 3210 post
1287 3170 1343 3201 sed
1362 3170 1544 3202 reclamant
1561 3169 1671 3200 omnia
1687 3167 1898 3209 exemplaria.
1920 3169 2013 3208 Mox,
2029 3173 2116 3202 τοῦτο
2132 3172 2170 3204 ὡς
2186 3181 2291 3208 περιτ-

246 3231 359 3265 Mornl.
380 3233 515 3274 νωθριάν.
535 3225 635 3258 Savil·
656 3232 688 3256 et
711 3224 764 3255 alii
783 3229 914 3257 νωθείαν.
933 3220 1069 3255 Colslin.
1090 3227 1204 3255 νωθίαν.

289 3286 305 3310 b
321 3281 456 3316 Coisl'in.
471 3285 662 3323 ἀνενέργητον
674 3284 782 3318 μεῖναι.

287 3346 298 3360 ¹·
317 3332 416 3367 Savil.
437 3333 685 3376 &aurp-nimai.
705 3326 840 3360 Coisliu.
865 3329 1106 3371 διαμαρυκάαθκι
1131 3330 1180 3360 τὸν
1199 3329 1247 3359 λό-

1287 3229 1347 3260 τὲν,
1366 3229 1429 3253 etc.
1449 3219 1608 3252 Sarilium
1626 3219 1803 3261 sequimur,
1819 3225 1852 3250 et
1867 3220 1911 3251 sic
1929 3218 2005 3261 legit
2023 3220 2202 3260 Interprcs.
2222 3219 2291 3250 Mo-

1282 3271 1339 3304 rel.
1357 3279 1452 3307 ταῦτα
1470 3277 1505 3309 ὡς
1527 3276 1668 3316 περιττά,
1685 3277 1748 3303 etc.
