2516 3791
678 165 720 194 ΙΝ
758 165 858 195 cn‘.
899 164 975 195 Vn.

85 249 309 297 πεποιηκότα.
329 248 501 299 Ἐμοίθετε
525 247 587 294 τὴν
618 247 745 292 αἰτίαν,
762 249 805 286 δι’
836 248 878 294 ἣν
904 246 992 286 ἑπτὰ
1012 246 1100 285 ἑπτὰ

83 312 274 360 εἰσαγαγεῖν
291 307 526 360 προσετάχθη.
545 306 683 354 Μηκέτι
704 308 824 346 λοιπὸν
848 307 1012 360 ἀνέχεσθε
1030 309 1099 345 τῶν

80 371 279 420 μυθολογεῖν
306 368 586 421 ἐπιχειρούντων,
605 368 663 406 καὶ
687 369 1098 422 *καταστοιχειουμένων

78 433 139 476 τῆς
154 429 245 473 θείας
262 431 404 482 Γραφῆς
416 459 425 476 ,
442 429 501 467 καὶ
519 428 564 466 τὰ
582 430 652 468 ἀπὸ
670 433 730 468 τοῦ
750 429 876 467 οἰκείου
891 430 966 472 νοὸς
981 430 1100 467 ἐπεισ-

77 490 247 542 φερόντων
268 496 338 534 τοῖς
358 490 461 533 θείοις
488 490 710 541 διδάγμασιν.
728 491 878 537 Ἐπειδὴ
896 490 1008 528 τοίνυν
1031 491 1098 527 διε-

76 551 203 595 τάξατο
219 551 333 589 πάντα
351 554 488 602 σαφῶς,
508 551 568 588 καὶ
588 550 668 603 περὶ
686 554 754 589 τῶν
774 550 913 604 ὀρνέων,
937 549 996 588 καὶ
1015 550 1096 601 περὶ

74 613 143 649 τῶν
162 615 338 663 καθαρῶν,
354 612 413 649 καὶ
431 611 510 663 περὶ
527 614 595 649 τῶν
612 610 834 662 ἀκαθάρτων,
852 610 911 649 καὶ
930 613 993 657 τῆς
1012 609 1095 648 τού-

74 688 141 710 των
169 673 356 725 διατροφῆς
368 703 377 719 ,
405 672 489 724 φησὶ
521 672 607 724 πρὸς
637 671 694 709 τὸν
729 672 862 710 δίκαιον
874 687 882 695 ·
911 670 994 709 Ἔτι
1026 671 1096 724 γὰρ

73 736 233 786 “ἡμερῶν
253 733 359 780 ἑπτὰ,
377 733 436 771 καὶ
467 732 538 770 ἰδοὺ
564 732 632 780 ἐγὼ
665 732 786 783 ἐπάγω
819 731 916 769 ὑετὸν
943 731 1000 770 ἐπὶ
1031 731 1094 779 τὴν

73 795 140 844 γῆν
162 794 425 845 τεσσαράκοντα
443 792 577 842 ἡμέρας
593 792 651 830 καὶ
670 792 932 844 τεσσαράκοντα
946 791 1094 840 νύκτας,

72 853 131 891 καὶ
155 852 327 905 ἐξαλείψω
355 861 472 891 πᾶσαν
492 852 556 899 τὴν
588 852 828 900 ἐξανάστασιν,
845 853 887 900 ἣν
917 852 1065 899 ἐποίησα
1081 883 1091 902 ,

71 914 139 951 ἀπὸ
153 914 340 966 προσώπου
360 917 422 960 τῆς
441 917 526 965 γῆς,
550 914 620 952 ἀπὸ
647 913 828 966 ἀνθρώπου
847 914 910 957 ἕως
930 914 1090 961 κτήνους.
1114 923 1138 953 Β

68 974 200 1013 Σκόπει
216 990 275 1024 μοι
291 975 350 1013 καὶ
365 978 403 1013 ἐκ
419 979 487 1014 τῶν
507 979 565 1013 νῦν
585 975 778 1027 εἰρημένων
793 979 856 1023 τῆς
877 975 1093 1028 ἀγαθότητος

68 1038 169 1074 αὐτοῦ
185 1037 247 1082 τὴν
263 1036 472 1088 ὑπερὸολὴν,
487 1039 560 1080 πῶς
580 1036 670 1087 μετὰ
684 1037 747 1083 τὴν
764 1036 936 1083 τοσαύτην
958 1053 1093 1090 μακρο-

68 1096 194 1146 θυμίαν
213 1097 272 1134 καὶ
285 1101 342 1134 νῦν
363 1096 430 1149 πρὸ
448 1097 538 1135 ἑπτὰ
556 1100 698 1148 ἡμερῶν
708 1097 872 1150 προλέγει
886 1129 895 1146 ,
917 1099 1091 1151 βουλόμε-

66 1173 121 1201 νος
135 1161 184 1210 τῷ
203 1158 298 1210 φόὸῳ
319 1157 614 1211 σωφρονεστέρους
631 1158 754 1202 αὐτοὺς
776 1162 940 1208 ποιῆσαι,
959 1161 1017 1198 καὶ
1042 1163 1091 1205 εἷς

67 1220 250 1269 μετάνοιαν
280 1221 435 1271 ἀγαγεῖν.
454 1219 523 1257 Καὶ
541 1219 594 1257 ὅτι
618 1219 675 1257 διὰ
698 1223 800 1258 τοῦτο
821 1221 1006 1273 προλέγει,
1031 1221 1089 1261 ἵνα

67 1280 114 1331 μὴ
149 1281 306 1333 ἐπαγάγῃ
339 1282 383 1319 τὰ
415 1283 497 1333 παρ’
537 1284 639 1320 αὐτοῦ
666 1281 852 1333 εἰρημένα,
886 1283 994 1321 ἐννόει
1028 1300 1088 1334 μοι

64 1341 141 1385 τοὺς
159 1342 358 1390 Νινευίτας,
389 1343 448 1381 καὶ
479 1342 585 1394 βλέπε
612 1342 705 1389 πόση
737 1345 758 1389 ἡ
789 1343 936 1396 διαφορὰ
956 1345 1086 1383 τούτων

63 1402 243 1441 κάκείνων.
264 1403 366 1442 Μετὰ
384 1402 452 1455 γὰρ
467 1408 618 1442 τοσαῦτα
641 1403 701 1451 ἔτη
719 1402 929 1449 ἀκούσαντες
956 1404 1008 1442 ὅτι
1029 1405 1087 1444 ἐπὶ

62 1463 178 1514 θύραις
197 1464 268 1502 ἐστὶ
295 1463 338 1502 τὰ
359 1463 454 1502 δεινὰ
466 1494 474 1508 ,
490 1463 567 1503 οὐδὲ
585 1464 675 1503 οὕτω
694 1466 756 1510 τῆς
781 1465 906 1509 κακίας
920 1466 1084 1514 ἔστησαν.

61 1524 130 1562 Καὶ
149 1523 218 1575 μὴν
239 1524 410 1575 εἷώθαμέν
429 1541 502 1569 πως
523 1525 717 1575 μελλούσης
738 1525 800 1576 μὲν
828 1528 891 1572 τῆς
914 1527 1086 1580 τιμωρίας

61 1587 224 1636 ῥᾳθυμεῖν
258 1586 316 1624 καὶ
344 1585 659 1624 διαναὸάλλεσθαι·
693 1585 832 1625 ἐπειδὰν
867 1586 902 1626 δὲ
936 1588 1085 1634 πλησίον

58 1638 153 1695 ῶμεν
172 1649 240 1684 τῶν
265 1649 386 1685 λυπεῖν
417 1646 632 1697 δυναμένων,
658 1647 737 1685 τότε
755 1647 1006 1688 συστέλλεσθαι
1024 1649 1084 1687 καὶ
1107 1656 1131 1687 C

59 1708 190 1755 πολλὴν
221 1709 458 1747 ἐπιδείκυσθαι
487 1708 550 1755 τὴν
580 1708 795 1759 μεταὸολήν·
822 1708 840 1747 ὃ
868 1709 910 1756 δὴ
937 1710 996 1748 καὶ
1028 1711 1085 1748 ἐπὶ

59 1771 127 1806 τῶν
160 1771 349 1808 Χινευιτῶν
376 1769 528 1820 γέγονεν.
560 1769 707 1816 Ἐπειδὴ
737 1769 805 1823 γὰρ
840 1770 1007 1818 ἤκουσαν,
1031 1771 1085 1810 ὅτι

59 1827 142 1867 Ἔτι
158 1836 249 1881 τρεῖς
266 1830 418 1881 ἡμέραι,
440 1829 499 1867 καὶ
520 1830 640 1868 Νινευὶ
666 1831 1020 1884 καταστραφήσεται,
1046 1834 1084 1870 οὗ

60 1889 162 1939 μόνον
181 1893 241 1929 οὐκ
266 1891 522 1942 ἀπηγόρευσαν,
549 1890 639 1929 ἀλλὰ
659 1891 718 1929 καὶ
746 1891 976 1939 διανέστησαν
999 1891 1085 1944 πρὸς

58 1951 97 1988 τὸ
116 1950 218 2002 ῥηθὲν
230 1982 239 1998 ,
256 1952 314 1989 καὶ
329 1951 503 1999 τοσαύτην
519 1954 588 1989 τῶν
602 1955 720 1990 κακῶν
733 1952 795 2000 τὴν
811 1953 948 2004 ἀπο-χὴν
965 1953 1084 1999 ἐποιή-

58 2028 181 2059 σαντο,
200 2013 259 2050 καὶ
279 2012 385 2057 οὕτως
416 2013 545 2065 ἀκριὸἢ
579 2013 643 2059 τὴν
665 2013 914 2065 ἐξομολόγησιν
943 2014 1081 2053 ἐπεδεί-

58 2072 178 2121 ξαντο,
200 2075 245 2116 ὡς
262 2074 321 2111 καὶ
340 2073 445 2126 μέχρι
467 2077 536 2112 τῶν
560 2073 693 2124 ἀλόγων
712 2073 937 2113 δέπεκτεῖναι
959 2075 1082 2120 αὐτοὺς

55 2133 99 2170 τὰ
126 2136 188 2179 τῆς
209 2134 491 2185 ἐξομολογήσεως
505 2149 512 2157 ·
534 2135 599 2185 οὐχ
619 2134 674 2173 ὅτι
702 2134 738 2173 δὲ
758 2134 802 2172 τὰ
821 2135 932 2186 ἄλογα
951 2136 1081 2186 ἐξωμο-

55 2193 264 2244 λογήσαντο·
293 2197 368 2238 πῶς
395 2194 462 2245 γὰρ
488 2193 533 2232 τὰ
558 2194 671 2245 λόγων
692 2195 823 2247 ἔρημα;
840 2197 916 2234 ἀλλ’
937 2195 994 2234 ἵνα
1022 2196 1080 2235 διὰ

54 2254 184 2293 τούτοιν
204 2255 470 2294 ἐπισπάσωνται
488 2257 535 2299 εἷς
554 2255 618 2303 τὴν
643 2257 724 2310 περὶ
745 2256 868 2301 αὐτοὺς
884 2258 1079 2311 φιλανθρω-

52 2315 136 2353 πίαν
162 2317 219 2354 τὸν
243 2317 370 2368 ἀγαθὸν
388 2316 587 2364 Δεσπότην.
615 2318 836 2371 Κηρύξαντες
861 2318 949 2372 γὰρ,
970 2321 1078 2372 φησὶ,
1099 2337 1123 2367 1)

54 2376 228 2424 νηστείαν,
247 2376 464 2430 προσέταξαν
496 2380 528 2416 οἱ
557 2378 638 2432 περὶ
667 2379 726 2417 τὸν
754 2379 919 2431 βασιλέα,
948 2380 1008 2418 καὶ
1033 2380 1078 2420 τὰ

54 2438 183 2485 κτήνη,
212 2439 271 2476 καὶ
306 2437 384 2482 τοὺς
412 2438 512 2490 βόας,
543 2440 603 2478 καὶ
631 2440 747 2479 πάντα
773 2439 818 2478 τὰ
846 2441 956 2494 ἄλογα
988 2442 1077 2493 μήτε

54 2501 162 2547 νομῆς
197 2505 406 2552 μετασχεῖν,
433 2500 524 2551 μήτε
561 2501 704 2550 ὕδατος,
734 2502 824 2540 ἀλλὰ
860 2509 959 2542 πᾶσα
999 2503 1077 2542 τότε

52 2560 73 2603 ἡ
97 2560 166 2596 τῶν
185 2560 376 2612 ἀνθρώπων
397 2560 498 2614 φύσις
524 2562 652 2601 σάκκον
682 2563 982 2617 περιὸαλλομένη,
1017 2565 1077 2603 καὶ

52 2620 152 2663 αὐτὸς
168 2623 186 2659 ὁ
206 2621 262 2659 ἐπὶ
285 2625 345 2659 τοῦ
365 2622 483 2674 θρόνου
512 2623 705 2674 καθήμενος
731 2624 910 2676 βασιλεὺς,
941 2626 1075 2674 πολλὴν

51 2680 108 2717 καὶ
125 2680 284 2721 σύντονον
298 2682 360 2729 τὴν
382 2682 627 2736 ἐξομολόγησιν
643 2684 866 2733 ἐποιήσαντο,
885 2686 944 2725 καὶ
963 2691 1075 2726 ταῦτα

51 2742 113 2778 οὐκ
141 2742 266 2787 εἰδότες
285 2743 337 2781 ὅτι
367 2744 605 2796 διαφεύξονται
626 2746 690 2793 τὴν
712 2747 899 2799 τιμωρίαν.
925 2747 1073 2800 Ἔλεγον

50 2801 137 2852 γὰρ,
156 2804 220 2846 Τίς
246 2799 348 2853 οἶδεν,
370 2807 400 2842 εἷ
429 2806 497 2858 ἄρα
525 2807 732 2858 μετανοήσει
766 2811 784 2847 ὁ
809 2808 899 2853 Θεὸς
933 2810 991 2848 ἐπὶ
1026 2814 1070 2862 τῇ

51 2863 176 2917 κακία,
198 2859 222 2916 ᾗ
240 2866 388 2913 ε’λάλησε
407 2870 554 2914 ποιῆσαι
574 2872 682 2920 ἡμῖν,

101 2917 200 2970 Εἶδες
236 2926 420 2979 βαρὸάρων
454 2930 716 2981 εὐγνωμοσύνην
732 2947 754 2978 ;.
777 2926 862 2975 εἶδες
891 2936 965 2978 πῶς
992 2934 1068 2972 οὐδὲ

1015 164 1176 195 ῦΕΝΙίὃ.

2040 155 2130 202 265

1173 246 1288 299 capite
1301 245 1496 296 finxerunt,
1518 255 1556 284 ut
1577 260 1674 285 sacra
1694 246 1876 299 dogmata,
1906 249 2132 290 introducere

1172 307 1348 345 nituntur.
1368 307 1486 359 Igitur
1503 316 1691 360 postquam
1706 307 1825 346 omnia
1847 308 1942 346 clare
1962 310 2129 348 mandata

1171 368 1327 419 suerunt,
1349 378 1383 407 et
1403 368 1446 406 de
1467 369 1608 418 avibus,
1629 378 1662 407 et
1686 368 1731 407 de
1752 368 1912 420 mundis,
1928 378 1962 408 et
1986 370 2031 408 de
2062 371 2130 408 im-

1170 429 1330 479 mundis,
1349 429 1442 468 etde
1460 431 1653 479 alimentis,
1669 429 1758 468 dicit
1777 430 1876 483 justo
1892 445 1901 467 ε
1917 431 1957 469 4.
1978 432 2126 470 Adhuc

1168 494 1270 528 enim
1286 500 1430 543 septem
1442 493 1524 531 dies
1537 501 1642 539 sunt,
1659 501 1695 530 et
1710 506 1779 545 ego
1794 493 1938 531 induco
1949 493 2127 545 pluviam

1167 565 1281 603 super·
1299 561 1442 591 terram
1456 554 1723 606 quadraginta
1743 555 1876 593 diebus
1895 563 1930 592 et
1955 556 2128 606 quadra-

1164 614 1274 663 ginta
1291 616 1479 659 noctibus,
1493 622 1530 651 et
1545 615 1680 652 delebo
1701 629 1851 652 omnem
1865 617 2126 654 substantiam

1166 685 1284 723 quam
1308 674 1402 723 seei,
1425 675 1574 726 asacie
1603 683 1726 720 terrae,
1758 677 1808 713 ab
1835 677 1992 714 homine
2007 690 2128 729 usque

1166 733 1221 769 ad
1229 735 1468 784 jumentum.
1505 734 1670 782 Attende,
1698 736 1856 785 obsecro,
1878 737 1983 774 etiam
2003 752 2047 775 ex
2082 738 2125 776 iis

1165 806 1244 842 quae
1263 806 1357 831 nune
1373 793 1468 831 dieta
1485 803 1566 832 sunt
1594 794 1764 832 bonitatis
1794 795 1926 834 divinoe
1949 798 2123 836 excellen-

1163 852 1263 901 tiam,
1284 853 1464 904 quomodo
1493 863 1573 907 post
1598 863 1733 893 tantam
1764 855 1986 894 tolerantiam
2016 858 2123 896 etiam

1164 927 1258 953 nunc
1290 925 1371 954 ante
1399 925 1534 968 septem
1555 915 1631 954 dics
1653 916 1820 969 praedieit
1841 932 1849 953 :
1871 917 1992 956 voleus
2025 928 2121 956 metu

1161 977 1417 1016 emendatiores
1450 977 1531 1016 illos
1560 977 1708 1016 reddere
1735 987 1769 1016 et
1799 977 1847 1016 ad
1875 979 2119 1031 poenitentiam

1160 1037 1343 1077 reducere.
1366 1040 1458 1077 Nam
1488 1038 1585 1090 quod
1607 1038 1687 1078 ideo
1703 1039 1889 1092 praedieat,
1921 1054 1964 1078 ne
1979 1055 2017 1079 ea
2039 1056 2118 1093 quae

1159 1097 1262 1146 dicit,
1285 1114 1392 1152 super
1409 1114 1468 1138 eos
1496 1099 1654 1151 inducat,
1674 1100 1859 1139 considera
1879 1101 2072 1152 Ninivitas,
2088 1111 2122 1141 et

1159 1159 1300 1199 attende
1317 1171 1448 1212 quanta
1469 1161 1598 1199 horum
1618 1170 1650 1199 et
1677 1161 1823 1199 illorum
1838 1161 1884 1199 sit
1909 1161 2122 1200 differentia.

1160 1220 1254 1267 Quia
1275 1235 1358 1259 cum
1388 1230 1439 1260 tot
1460 1222 1563 1260 annis
1592 1221 1787 1271 audissent,
1823 1231 1903 1261 ante
1938 1223 2029 1261 fores
2049 1237 2125 1262 esse

1159 1281 1390 1332 calamitates,
1427 1297 1540 1335 neque
1562 1283 1613 1321 sie
1632 1297 1651 1321 a
1671 1283 1808 1321 malitia
1833 1298 1896 1322 sua
1925 1293 2117 1323 cessarunt.

1159 1343 1300 1382 Etenim
1313 1346 1563 1384 consuevimus
1577 1345 1851 1397 negligentiores
1870 1359 1955 1395 esse,
1975 1345 2120 1397 quando

1156 1403 1324 1443 dissertur
1338 1414 1372 1444 ct
1392 1406 1618 1458 protrahitur
1635 1405 1804 1459 puniti03
1827 1420 1868 1444 ae
1891 1419 1971 1443 cum
1991 1407 2119 1458 proxi-

1156 1480 1214 1504 me
1228 1465 1360 1504 instant
1374 1481 1558 1516 aerumnae,
1577 1476 1662 1505 tunc
1682 1466 1932 1515 humiliamur,
1951 1475 1984 1504 et
2001 1466 2116 1519 pluri—

1156 1540 1252 1564 mam
1282 1536 1501 1566 ostentamus
1521 1527 1789 1566 conversionem
1810 1543 1817 1563 :
1839 1526 1877 1564 id
1897 1527 1992 1577 quod
2021 1536 2055 1564 et
2082 1527 2119 1565 in

1155 1587 1328 1627 Ninivitis
1338 1588 1497 1640 contigit.
1515 1587 1819 1640 Quandoquidem
1833 1588 1894 1626 ubi
1911 1587 2117 1637 audierunt,

1155 1648 1302 1686 Adhuc
1323 1657 1398 1687 tres
1415 1650 1497 1687 dies
1512 1678 1523 1697 ,
1552 1658 1589 1687 et
1609 1651 1755 1688 Ninive
1773 1651 2029 1697 subvertetur,
2047 1663 2116 1687 non
2131 1658 2212 1686 ‚lona
2231 1658 2247 1687 3
2271 1657 2302 1697 4.

1154 1707 1272 1745 solum
1290 1721 1360 1745 non
1370 1707 1664 1761 desperaverunt,
1692 1707 1756 1746 sed
1777 1717 1810 1746 et
1832 1708 1877 1745 ad
1893 1707 2030 1746 dictum
2049 1709 2118 1747 hoc

1154 1782 1400 1816 exsurrexere,
1422 1778 1627 1820 tantamque
1640 1769 1811 1807 vitiorum
1833 1770 1990 1807 fecerunt
2006 1770 2117 1808 absti-

1154 1829 1322 1878 nentiam,
1344 1838 1378 1867 et
1397 1838 1468 1867 tam
1489 1829 1700 1881 diligentem
1733 1830 1987 1868 consessionem
2006 1830 2112 1868 exhi-

1153 1889 1318 1938 buerunt,
1339 1899 1378 1927 ut
1407 1899 1441 1928 et
1468 1889 1514 1927 ad
1546 1890 1651 1928 bruta
1680 1904 1791 1942 usque
1819 1890 2051 1929 extenderent
2071 1906 2112 1930 ea

1153 1964 1230 2001 quae
1249 1950 1444 1988 attinebant
1460 1949 1506 1989 ad
1521 1951 1775 1989 confessionem
1790 1967 1801 2000 ;
1825 1965 1892 1989 non
1905 1951 2002 2003 quod
2021 1952 2112 1990 bru-

1152 2019 1186 2048 ta
1207 2010 1400 2048 animantia
1432 2011 1684 2049 confessionem
1707 2011 1885 2049 ediderint
1909 2028 1916 2048 :
1935 2013 2117 2062 quomodo

1150 2070 1245 2108 enim
1262 2080 1418 2123 possent,
1440 2085 1523 2109 cum
1540 2085 1700 2110 sermone
1726 2073 1895 2111 careant?
1915 2072 1977 2111 sed
1993 2083 2032 2111 ut
2052 2088 2115 2125 per

1149 2131 1217 2168 hoe
1246 2131 1530 2169 misericordiam
1558 2131 1643 2170 boni
1676 2132 1824 2170 Domini
1857 2133 1927 2171 sibi
1947 2134 2115 2172 concilia-

1148 2199 1237 2228 rent.
1266 2191 1466 2230 Praedicato
1495 2192 1591 2230 enim
1615 2193 1764 2245 jejunio,
1796 2193 1924 2245 inquit,
1951 2209 2018 2233 rex
2039 2195 2114 2247 ipse
2130 2207 2295 2246 Ibid.v.7.

1147 2251 1347 2303 mandavit,
1383 2261 1422 2290 ut
1449 2267 1564 2304 neque
1589 2267 1688 2303 oves,
1709 2268 1821 2306 neque
1840 2255 1962 2304 boves,
2000 2270 2115 2308 neque

1148 2313 1218 2351 alia
1250 2314 1357 2352 bruta
1378 2314 1554 2367 pabulum
1570 2315 1628 2354 vel
1643 2330 1775 2367 aquam
1799 2317 2002 2369 acciperent
2018 2333 2030 2368 5
2053 2318 2114 2356 sed

1147 2389 1251 2414 omne
1272 2375 1459 2415 hominum
1476 2389 1588 2428 genus
1605 2386 1688 2415 tunc
1713 2378 1826 2416 saccis
1857 2379 2030 2417 amictum
2045 2410 2057 2430 ,
2079 2390 2114 2419 et

1147 2435 1222 2488 ipse
1240 2450 1381 2488 quoque
1409 2451 1474 2475 rex
1492 2437 1642 2475 sublimi
1673 2438 1763 2476 solio
1781 2438 1918 2486 sedens,
1942 2454 2110 2491 magnam

1146 2506 1180 2535 et
1199 2511 1323 2550 parem
1338 2512 1420 2536 cum
1441 2498 1522 2536 aliis
1536 2512 1638 2550 egere
1649 2499 1895 2551 poenitentiam
1911 2516 1919 2536 :
1935 2501 2110 2538 fecerunt-

1147 2572 1217 2608 que
1244 2559 1334 2608 haec,
1364 2558 1446 2596 licet
1484 2559 1689 2610 ignorarent
1720 2574 1764 2597 an
1790 2574 1932 2612 poenam
1965 2562 2108 2599 evasuri

1145 2628 1271 2659 essent.
1300 2619 1478 2657 Dicebant
1511 2620 1606 2658 enim
1624 2636 1631 2657 :
1653 2622 1747 2671 Quis
1760 2624 1845 2667 scit,
1864 2625 1898 2660 si
1911 2623 2016 2673 forte
2031 2638 2109 2674 poe—
2126 2635 2208 2669 (hid,
2220 2649 2243 2664 v⁴
2258 2649 2289 2675 ⁴)-

1147 2683 1268 2719 niteat
1297 2682 1405 2719 Deus
1426 2694 1542 2733 super
1568 2682 1746 2728 malitia,
1771 2696 1888 2733 quam
1922 2692 1963 2722 ιιε
1996 2687 2125 2724 nobis.

1139 2742 1284 2793 saciat,
1309 2742 1492 2793 loquutus
1507 2750 1561 2779 est
1578 2746 1594 2778 Ρ

1217 164 1375 195 nomn..
1416 164 1541 195 xxiv.

2193 925 2330 954 Pru-«licit

2139 965 2268 997 Deus.n.,·
2281 970 2325 994 in-

2136 1008 2222 1035 ducat
2238 1008 2309 1035 mala
2320 1031 2325 1035 .

1194 2939 1229 2974 7.
1253 2934 1388 2975 Vidisti
1411 2935 1648 2973 barbarorum
1672 2943 1813 2987 gratum
1828 2937 2023 2976 animum?
2048 2939 2105 2976 vi·

88 3049 103 3062 ⁸
121 3048 247 3090 [Savil.
275 3050 307 3082 in
337 3061 440 3094 marg.
469 3062 486 3083 e
520 3063 589 3085 var.
617 3052 694 3088 lect.
725 3062 987 3101 κατεπαιρομένων
1013 3063 1053 3091 τὰ
1087 3057 1241 3101 draginta
1268 3057 1339 3090 dies
1365 3057 1529 3099 leguntur.
1554 3056 1786 3090 Librariorum
1812 3059 1922 3102 lapsus
1950 3062 1983 3093 in
2010 3062 2102 3094 Lxx

47 3108 176 3142 στοιχεῖα
193 3115 210 3134 τ
242 3106 269 3135 0.
289 3102 356 3145 γρ]

90 3161 102 3176 ·
119 3154 241 3185 Omnes
258 3158 388 3199 ἡμερῶν,
407 3163 524 3196 praeter
541 3155 657 3191 morel.
679 3159 735 3200 qui
752 3157 850 3190 habet
868 3164 990 3204 ἡμέραι.

1087 3109 1332 3152 Interpretilms
1349 3108 1426 3142 inde
1444 3117 1538 3141 ortus
1555 3117 1703 3151 putatur,
1723 3111 1812 3154 quod
1835 3120 1900 3145 tres
1913 3112 1983 3146 ‹lies
2000 3115 2104 3146 Jonas

1086 3161 1117 3191 in
1137 3169 1251 3193 ventre
1277 3161 1339 3193 ceti
1366 3162 1484 3203 egerit,
1504 3173 1645 3204 quorum
1665 3165 1764 3194 trium
1782 3163 1910 3196 dierum
1929 3167 2103 3198 occasione

91 3206 106 3229 t,
123 3204 181 3237 Alii
198 3212 230 3237 ct
245 3206 345 3238 Savil.
363 3213 499 3242 ἐκτεῖναι.
517 3208 617 3241 Vetus
641 3208 740 3242 lectio
763 3211 854 3242 Lxx
881 3211 1050 3253 Interpre-
1086 3210 1139 3244 liic
1164 3220 1229 3245 tres
1255 3214 1357 3244 etiam
1384 3212 1456 3244 dies
1472 3214 1571 3256 positi
1587 3212 1720 3246 suerint.
1739 3215 1849 3259 [Infra
1867 3225 1943 3259 post
1960 3221 2103 3255 δεσπότην

47 3263 115 3287 tum
135 3263 199 3288 tres
213 3263 340 3288 tantum
357 3256 426 3290 dies
444 3257 488 3290 ad
506 3259 762 3301 resipiscendum
780 3260 936 3294 Ninivitis
950 3261 1050 3295 datos
1084 3263 1180 3297 addit
1199 3264 1298 3298 Sat-il.
1321 3265 1353 3299 in
1372 3275 1474 3308 marg·
1493 3276 1508 3296 e
1528 3276 1597 3297 iar.
1614 3264 1689 3298 lect.
1710 3270 1772 3301 σᾷὖὲ
1792 3272 1902 3303 τούτων
1921 3274 2071 3313 ipsium
2095 3272 2103 3311 J

45 3316 300 3342 commemorat:
315 3310 348 3341 in
364 3309 528 3343 Hebraico
545 3318 635 3344 testu
650 3319 749 3356 atque
763 3314 796 3347 in
812 3313 951 3359 Vulgata
967 3327 1047 3359 qua-
