2516 3791
108 453 209 481 Timor
222 454 273 482 be-

86 497 205 522 stiarum
217 497 274 522 uti-

85 535 119 562 lis
149 537 272 564 homini.

78 2241 152 2267 Cen.
172 2239 256 2279 3.19.

825 124 1002 156 JOANNIS
1037 121 1272 153 CHRYSOST
1281 141 1290 151 .

293 114 380 175 762
749 126 787 156 s.

287 226 369 250 rum
384 211 549 264 deinceps
571 210 706 248 timuit.
736 209 843 256 Quod
875 207 905 245 si
929 207 997 244 hoc
1015 205 1065 242 ita
1080 217 1156 251 ,0011
1175 203 1237 252 511,

286 272 428 311 ostende
446 281 482 310 tu
501 271 590 309 mihi
610 270 717 308 fuisse
742 268 918 307 terribiles
947 264 1153 303 hominibus
1177 263 1238 301 be-

286 334 370 373 stias
404 342 483 371 ante
515 341 698 385 peccatum
716 345 723 366 :
741 329 838 379 atqui
873 340 942 364 000
964 324 1105 377 poteris.
1133 323 1240 371 Quod

287 395 317 433 si
335 403 453 447 postea
472 393 582 431 subiit
610 392 729 439 timor,
759 391 827 427 1100
853 388 959 426 etiam
988 385 1238 424 sollicitudinis

288 455 435 493 Domini
457 463 506 491 est
527 460 788 502 argumentum.
819 450 911 487 Nam
941 448 970 485 si
995 456 1073 499 post
1100 446 1240 484 homini

286 514 407 553 traditi
426 528 445 551 a
466 515 540 551 Deo
555 511 712 549 mandati
728 509 1040 562 transgressionem
1056 507 1239 560 integerin

287 590 367 615 eum
388 590 406 612 a
434 576 509 613 Deo
539 573 688 611 collatus
716 572 830 610 honor
849 570 1035 609 mansisset
1054 569 1237 618 immotus,

285 636 384 674 haud
402 635 504 673 facile
521 649 542 672 a
561 635 663 687 lapsu
691 633 954 671 resurrexisset.
974 631 1126 678 Quando
1145 631 1240 669 enim

285 707 317 735 et
336 696 578 735 inobedientes
594 705 626 733 et
644 695 847 733 obedientes
866 693 943 744 pari
962 692 1095 730 honore
1114 693 1240 730 fruun-

284 768 355 806 tur,
377 757 426 796 ad
454 757 718 810 improbitatem
737 754 951 793 erudiuntur
978 753 1107 805 magis,
1129 767 1241 804 neque
1262 763 1286 792 D

282 820 384 857 facile
406 834 426 857 a
446 819 535 858 vitio
551 819 739 857 desistunt.
762 816 800 855 Si
823 816 918 854 enim
931 816 1008 868 jam
1028 829 1109 853 cum
1128 825 1239 853 terro-

283 896 336 919 res
356 890 389 919 et
407 895 519 933 poenae
538 895 579 918 ac
605 879 781 932 supplicia
810 877 1013 927 imminent,
1035 876 1241 929 resipiscere

283 956 351 980 non
383 942 598 993 dignantur,
625 941 744 991 quales
773 939 922 976 fuissent
951 938 981 977 si
1012 937 1103 975 nibil
1132 951 1240 988 grave

282 1019 347 1056 pro
368 1004 441 1042 suis
460 1003 600 1042 delictis
626 1002 719 1056 passi
748 1000 885 1039 essent?
903 1001 1028 1050 Itaque
1054 998 1155 1037 nobis
1175 998 1239 1036 do-

282 1066 435 1104 minatus
452 1065 498 1103 ob
520 1065 737 1117 singularem
758 1061 868 1101 nostri
884 1075 1006 1099 curam
1017 1069 1050 1099 et
1065 1059 1239 1098 sollicitu-

281 1125 401 1165 dinem
421 1142 441 1164 a
465 1128 540 1165 Deo
567 1135 617 1164 est
645 1126 795 1163 ablatus.
817 1124 877 1161 Tu
907 1136 991 1161 vero
1018 1121 1079 1160 hie
1100 1135 1239 1173 quoque

280 1188 497 1226 ineffabilem
515 1189 590 1240 ejus
615 1185 870 1239 benignitatem
898 1184 1093 1223 considera.
1113 1182 1236 1235 Siqui-

280 1247 361 1287 dem
380 1249 494 1287 Adam
514 1258 629 1286 totum
649 1247 854 1285 mandatum
875 1245 1041 1294 violavit,
1062 1259 1102 1283 ac
1120 1245 1235 1297 legem

278 1318 517 1361 transgressus
550 1319 622 1348 est:
639 1310 737 1347 Deus
756 1317 874 1346 autem
894 1321 965 1344 non
984 1315 1100 1344 totum
1125 1306 1236 1344 hono-

277 1384 352 1408 rem
371 1370 538 1419 sustulit,
560 1385 672 1422 neque
692 1378 764 1407 tota
790 1381 872 1406 eum
897 1376 1070 1419 potestate
1090 1366 1232 1418 dejecit,

277 1430 337 1469 sed
367 1445 404 1469 ea
436 1431 624 1469 dumtaxat
646 1431 692 1468 ab
720 1431 795 1482 ejus
821 1428 971 1481 imperio
999 1427 1131 1465 exemit
1158 1427 1235 1465 ani-
1256 1461 1280 1493 Ε

275 1491 407 1541 malia,
433 1506 512 1542 quae
536 1505 605 1530 non
634 1491 788 1528 multum
815 1489 861 1527 ad
891 1489 1000 1541 hujus
1033 1488 1118 1527 vitae
1150 1488 1232 1526 sub-

275 1551 408 1590 sidium
455 1552 511 1590 illi
545 1551 749 1590 conducunt
779 1566 787 1586 1
813 1564 892 1601 quae
918 1563 1003 1588 vero
1037 1549 1233 1587 necessaria

274 1622 357 1650 sunt
377 1622 410 1651 et
434 1613 555 1661 utilia,
576 1625 724 1663 quaeque
749 1611 907 1648 multum
927 1609 1127 1647 inserviunt
1148 1609 1232 1647 vitae

274 1684 419 1723 nostrae,
439 1689 478 1712 ea
501 1674 644 1712 subdita
673 1673 773 1711 nobis
803 1686 877 1709 esse
906 1670 1082 1723 permisit.
1114 1671 1230 1709 Boum

273 1736 375 1774 nobis
393 1736 540 1787 reliquit
568 1744 742 1783 armenta,
766 1743 803 1771 ut
829 1746 1009 1771 vomerem
1027 1731 1225 1779 trahamus,

274 1807 314 1835 ut
329 1807 458 1835 terram
474 1798 662 1841 suleemus,
678 1804 718 1833 ut
731 1794 865 1833 semina
885 1803 984 1832 terrae
999 1793 1207 1832 mandemus
1221 1810 1228 1830 :

274 1858 415 1910 reliquit
432 1869 464 1897 01
477 1858 722 1911 subjugaliiun
739 1856 852 1894 multa
869 1869 1010 1907 genera,
1034 1864 1074 1893 ut
1089 1856 1136 1893 ad
1155 1869 1229 1894 sar-

273 1921 368 1959 cinas
387 1921 634 1960 convehendas
648 1920 806 1958 laborem
827 1918 1012 1956 nobiscum
1028 1917 1227 1956 exantlent:

272 1982 416 2033 reliquit
432 1983 554 2020 ovium
571 1995 708 2034 greges,
728 1990 767 2018 ut
781 1980 990 2027 habeamus,
1008 1993 1085 2029 quae
1105 1978 1149 2016 ad
1165 1993 1228 2017 005

273 2044 473 2082 vestiendos
505 2044 684 2081 sufficiant

273 2104 527 2153 animantium,
555 2119 600 2142 ex
623 2103 753 2155 quibus
781 2103 894 2140 multa
922 2101 957 2139 in
986 2111 1122 2139 nostros
1143 2116 1228 2140 usus

274 2165 460 2203 commoda
477 2165 699 2203 derivantur.
722 2165 812 2202 Nam
839 2162 922 2214 quia
941 2162 1029 2199 dum
1046 2162 1227 2200 hominem

273 2226 415 2278 puniret
430 2226 570 2264 dixerat
586 2242 592 2261 z
608 2229 656 2262 In
675 2226 812 2262 sudore
829 2225 963 2261 vulcus
978 2226 1033 2260 tui
1058 2227 1226 2261 vesceris

271 2302 375 2339 pane
392 2297 455 2325 tuo
476 2303 486 2323 .·
501 2296 594 2324 utne
610 2285 717 2324 sudor
738 2299 778 2323 ac
792 2284 893 2322 labor
917 2284 981 2321 iste
995 2284 1227 2321 intolerabilis

273 2357 381 2397 esset,
402 2348 543 2386 sudoris
574 2346 773 2385 molestiam
794 2344 996 2395 laborisque
1016 2344 1226 2395 gravitatem

270 2410 515 2461 jumentorum
543 2406 773 2446 multitudine
799 2405 948 2455 levavit,
970 2419 1047 2456 quae
1069 2419 1140 2442 una
1160 2420 1224 2443 no-

275 2472 414 2510 biscum
426 2472 588 2509 laborant
603 2479 635 2508 et
652 2469 828 2507 molestias
842 2468 972 2506 ferunt.
990 2467 1037 2505 Et
1053 2468 1228 2518 quemad-

274 2534 423 2573 modum
441 2533 616 2585 benignus
645 2548 686 2571 ac
710 2532 886 2586 providus
914 2531 1022 2570 herus
1051 2531 1227 2583 flagellato

274 2610 378 2634 servo
405 2610 528 2634 curam
548 2595 703 2646 aliquam
723 2607 917 2645 congruam
948 2592 1099 2647 flagellis
1117 2593 1227 2631 adhi-

273 2659 333 2696 bet
348 2674 355 2694 :
368 2658 418 2696 sic
432 2657 603 2695 nimirum
619 2656 680 2694 ubi
698 2670 838 2708 poenam
855 2668 914 2693 reo
931 2654 1102 2707 imposuit
1118 2656 1227 2703 Deus,

275 2720 369 2757 omui
410 2720 545 2757 ratione
570 2732 709 2771 poenam
741 2717 846 2755 istam
874 2716 1041 2754 leviorem
1083 2715 1229 2754 reddere

274 2781 403 2827 voluit,
427 2780 514 2818 dum
534 2780 579 2817 ad
597 2779 761 2817 sudorem
781 2793 844 2816 nos
860 2778 1088 2828 laboremque
1104 2791 1228 2830 perpe-

274 2851 376 2878 tuum
390 2840 617 2878 damnatosin
632 2840 752 2878 labore
763 2839 901 2878 curavit
913 2838 1057 2877 serendo
1070 2853 1089 2876 a
1105 2838 1228 2877 multis
1250 2856 1272 2886 Β

274 2902 461 2953 generibus
492 2902 726 2939 animantium
756 2900 934 2953 adjuvari.
969 2901 1038 2938 Pro
1068 2900 1124 2937 his
1145 2915 1227 2939 sane

273 2963 438 3001 omnibus
457 2962 486 2999 01
504 2963 633 3011 gratias
651 2975 819 3013 agamus:
836 2975 917 2999 nam
936 2960 1031 3012 quod
1054 2960 1224 3000 honorem

273 3024 374 3062 nobis
389 3023 549 3066 00010111,
567 3038 606 3061 ac
621 3038 744 3061 rursus
763 3024 932 3061 honorem
949 3022 1091 3074 eripuit,
1105 3032 1138 3060 et
1155 3037 1222 3061 non

272 3100 412 3123 omnem
429 3084 558 3135 eripuit
579 3086 709 3136 ipsum,
730 3093 763 3121 et
785 3083 881 3135 quod
900 3084 1096 3122 bestiarum
1119 3084 1221 3122 timo—

274 3160 344 3183 rem
376 3145 541 3188 immisit,
568 3154 601 3181 et
629 3143 765 3189 onmia,
797 3144 824 3181 51
854 3143 932 3195 quis
960 3144 1137 3182 examinet
1165 3158 1221 3192 ea,

272 3207 421 3244 multam
434 3205 656 3258 sapientiam,
671 3204 820 3241 multam
837 3204 1114 3256 providentiam,
1131 3205 1222 3242 mul-

272 3277 412 3318 tamque
444 3266 664 3305 elemcntiam
691 3280 762 3316 prae
794 3280 828 3303 50
857 3266 973 3303 serunt
993 3282 1000 3301 :
1019 3280 1088 3317 qua
1120 3265 1220 3304 uobis

270 3329 432 3366 omuibus
450 3329 517 3366 frui
537 3335 704 3379 perpetuo
724 3326 901 3376 contingat
922 3326 954 3363 in
973 3327 1036 3364 Dei
1053 3326 1217 3377 gloriam,

1250 2089 1275 2118 Α

717 2059 724 2079 :
751 2041 896 2093 reliquit
930 2049 963 2079 et
995 2040 1065 2078 alia
1099 2052 1284 2092 genera658

1329 121 1514 151 ARCHIEP
1521 142 1531 152 .
1575 123 1775 154 CONSTAN
1783 126 1917 157 TlNOP
1925 147 1934 156 .

1311 203 1388 252 ὅος,
1407 204 1467 242 καὶ
1492 209 1593 244 τοῦτο
1608 209 1670 252 τ’ἧς
1686 211 1747 244 τοῦ
1761 208 1940 246 Δεσπότου
1960 208 2181 260 κηδεμονίας.
2205 211 2249 248 Εἰ
2269 209 2336 262 γὰρ

1310 277 1373 320 τῆς
1397 275 1537 320 ἐντολῆς
1550 278 1611 322 τῆς
1631 276 1785 323 δοθείσης
1812 277 1879 315 ὑπὸ
1898 283 1958 316 τοῦ
1978 281 2070 318 Θεοῦ
2088 282 2137 331 τῷ
2165 279 2338 332 ἀνθρώπῳ

1310 343 1508 391 κινηθείσης
1528 345 1588 383 καὶ
1603 346 1779 395 λυθείσης,
1800 350 1822 394 ἡ
1839 347 1923 399 τιμὴ
1939 351 1961 395 ἡ
1979 350 2116 387 δοθεῖσα
2132 351 2224 401 αὐτῷ
2242 349 2340 402 παρὰ

1310 417 1369 452 τοῦ
1396 415 1489 453 Θεοῦ
1509 414 1670 463 ἀκίνητος
1702 417 1852 467 ἔμεινεν,
1873 420 1934 456 οὐκ
1968 418 2008 455 ἂν
2042 419 2168 465 ἀνέστη
2198 418 2336 470 ῥαδίως.

1312 482 1424 521 εὈταν
1452 483 1520 538 γὰρ
1545 484 1604 522 καὶ
1634 485 1892 537 παρακούοντες
1928 488 1959 524 οἳ
1994 487 2170 539 ἄνθρωποι
2201 487 2262 524 καὶ
2288 486 2337 537 μὴ

1309 552 1564 605 παρακούοντες
1579 558 1641 601 τῆς
1664 557 1771 602 αὐτῆς
1791 555 1993 594 ἀπολαύωσι
2016 559 2144 606 τιμῆς,
2161 557 2341 609 παιδοτρι-

1309 620 1449 660 ὅοῧνται
1470 622 1555 675 πρὸς
1577 623 1746 677 πονηρίαν
1763 626 1907 675 μᾶλλον,
1924 624 1984 675 καὶ
2003 626 2065 662 οὐκ
2084 624 2233 668 εὐκόλως
2261 624 2339 676 ἀφί-

1308 705 1455 730 στανται
1472 697 1534 741 τῆς
1553 693 1691 738 κακίας.
1706 696 1751 734 Ei
1770 695 1838 748 γὰρ
1862 697 1920 732 νῦν
1936 693 2050 746 φόὸων
2071 694 2132 732 καὶ
2159 697 2338 746 τιμωριῶν

1307 761 1368 799 καὶ
1383 763 1560 802 κολάσεων
1581 764 1809 816 ἐπικειμένων
1830 767 1893 804 οὐκ
1923 765 2106 818 ἀνέχονται
2129 764 2339 818 σωφρονεῖν,

1307 829 1397 874 τίνες
1417 831 1456 868 ἂν
1481 827 1570 879 ἦσαν
1583 863 1593 881 ,
1611 836 1641 872 εἰ
1660 834 1767 884 μηδὲν
1788 834 1913 874 ἔπαθον
1929 834 2017 888 ὑπὲρ
2030 829 2078 873 ὧν
2089 833 2337 885 ἐπλημμέλουν

1308 900 1444 948 δεινῶν;
1469 900 1581 941 (Ώστε
1610 905 1712 951 δῆλον
1731 903 1786 943 ὅτι
1814 904 2003 956 κηδόμενος
2029 907 2131 956 ἡμῶν
2152 904 2212 942 καὶ
2234 919 2337 957 φρον-

1305 970 1407 1016 τίζων
1425 975 1443 1010 ὁ
1461 972 1568 1021 Θεὸς,
1585 972 1744 1017 ἐξέὸαλεν
1768 978 1863 1025 ἡμᾶς
1883 978 1946 1022 τ’ῆς
1980 976 2104 1026 ἀρχῆς.
2128 972 2179 1012 Σὺ
2210 972 2245 1011 δὲ
2278 972 2340 1011 καὶ

1305 1040 1454 1078 ἐνταῦθά
1482 1057 1541 1092 μοι
1561 1043 1686 1081 σκόπει
1705 1043 1769 1090 τὴν
1786 1044 1917 1096 ἄφατον
1935 1046 2039 1082 αὐτοῦ
2060 1042 2337 1096 φιλανθρωπίαν.

1307 1108 1351 1148 Ὁ
1376 1109 1438 1160 μὲν
1460 1111 1528 1164 γὰρ
1559 1111 1672 1163 Ἀδὰμ
1688 1119 1804 1151 πᾶσαν
1830 1114 1994 1166 ἀνέτρεψε
2016 1112 2079 1160 τὴν
2095 1111 2250 1160 ἐντολὴν,
2278 1111 2338 1150 καὶ

1305 1179 1442 1232 παρέὸη
1463 1179 1520 1218 τὸν
1548 1180 1670 1231 νόμον·
1700 1184 1718 1220 ὁ
1750 1181 1786 1220 δὲ
1815 1181 1904 1226 Θεὸς
1927 1184 1965 1221 οὖ
1994 1189 2111 1221 πᾶσαν
2145 1181 2246 1220 ἔλυσε
2273 1181 2337 1229 τὴν

1304 1250 1424 1300 τιμὴν,
1447 1251 1523 1290 οὐδὲ
1542 1251 1658 1298 πάσης
1675 1251 1837 1297 ἐξέὸαλεν
1858 1252 1961 1291 αὐτὸν
1979 1254 2042 1298 τῆς
2065 1250 2238 1296 ἐξουσίας·
2259 1251 2336 1289 ἀλλ’

1304 1320 1419 1358 ἐκεῖνα
1439 1320 1529 1371 μόνα
1544 1319 1608 1365 ἔξω
1627 1324 1690 1368 τῆς
1707 1323 1819 1374 ἀρχῆς
1850 1323 1981 1374 ἀφῆκεν
2007 1314 2096 1359 εἶναι
2124 1319 2167 1358 τὰ
2191 1322 2285 1367 ζῶα,
2315 1319 2338 1357 ἃ

1304 1389 1353 1440 μὴ
1375 1391 1506 1444 σφόδρα
1522 1393 1614 1445 αὐτῷ
1629 1393 1784 1430 συντελεῖ
1802 1392 1887 1446 πρὸς
1911 1392 1973 1439 τὴν
1991 1395 2054 1439 τῆς
2078 1393 2168 1437 ζωῆς
2187 1389 2310 1442 χρείαν
2327 1405 2334 1413 ·

1302 1459 1345 1498 τὰ
1365 1460 1401 1499 δὲ
1421 1463 1594 1513 ἀναγκαῖα
1617 1461 1676 1499 καὶ
1701 1462 1862 1514 χρήσιμα
1892 1461 1952 1500 καὶ
1976 1459 2109 1508 πολλὴν
2131 1459 2335 1512 εἰσφέροντα

1301 1529 1514 1582 λειτουργίαν
1534 1533 1583 1575 εἰς
1608 1530 1670 1577 τὴν
1692 1531 1783 1578 ζωὴν
1802 1530 1864 1578 τὴν
1881 1529 2072 1582 ἡμετέραν,
2097 1532 2210 1567 ταῦτα
2238 1527 2334 1566 εἴασε

1300 1599 1414 1648 μένειν
1434 1602 1468 1637 ἐν
1487 1603 1531 1651 τῇ
1560 1599 1708 1652 δουλείᾳ.
1728 1600 1857 1653 Ἀφῆκε
1880 1603 1970 1652 βοῶν
1992 1600 2138 1651 ἀγέλας,
2171 1598 2228 1636 ἵνα
2246 1598 2331 1651 ἄρο-

1297 1683 1376 1721 τρον
1387 1667 1558 1719 ἕλκωμεν,
1571 1667 1627 1706 ἵνα
1640 1669 1704 1716 τὴν
1716 1672 1782 1721 γῆν
1797 1669 1991 1720 τέμνωμεν,
2011 1668 2068 1706 ἵνα
2081 1668 2126 1707 τὰ
2139 1667 2329 1721 σπέρματα

1296 1737 1592 1789 καταὸάλλωμεν·
1614 1740 1727 1791 ἀφῆκε
1745 1741 1813 1777 τῶν
1844 1739 2035 1790 ὑποζυγίων
2067 1738 2112 1776 τὰ
2137 1737 2241 1790 γένη,
2272 1736 2330 1774 ἵνα

1295 1807 1380 1859 πρὸς
1400 1807 1463 1854 τὴν
1483 1811 1551 1846 τῶν
1571 1808 1759 1861 ἀγωγίμων
1782 1807 2019 1859 μετακομιδὴν
2049 1805 2328 1858 συναντιλαμὸά-

1295 1892 1396 1923 νηται
1420 1881 1505 1926 ἡμῖν
1534 1880 1603 1915 τῶν
1631 1877 1765 1916 πόνων·
1804 1880 1916 1930 ἀφῆκε
1950 1877 2134 1931 προὸάτων
2155 1875 2324 1927 ποίμνια,

1295 1944 1351 1985 ἵνα
1367 1946 1503 1999 ἔχωμεν
1525 1950 1571 1992 εἷς
1590 1947 1777 2001 περιὸολὰς
1793 1948 1942 1998 ἱματίων
1952 1945 2123 2000 χορηγίαν
2134 1948 2306 1999 ἀρκοῦσαν
2318 1959 2326 1967 ·

1295 2016 1354 2054 καὶ
1375 2017 1476 2071 ἕτερα
1511 2016 1547 2056 δὲ
1583 2017 1666 2069 γένη
1689 2017 1785 2062 ζώων
1807 2017 1904 2056 εἴασε
1921 2017 2054 2064 πολλὴν
2084 2019 2168 2068 ἡμῖν
2201 2015 2322 2067 ἑτέραν

1295 2086 1477 2138 εἰσάγοντα
1490 2086 1623 2140 χρείαν.
1636 2087 1783 2135 Ἐπειδὴ
1803 2086 1870 2140 γὰρ
1891 2087 2046 2132 κολάζων
2064 2087 2122 2125 τὸν
2142 2086 2323 2139 ἄνθρωπον

1293 2154 1407 2208 ἔλεγεν
1420 2185 1429 2203 ,
1447 2155 1509 2194 Ἐν
1527 2157 1647 2209 ἱδρῶτι
1663 2160 1722 2194 τοῦ
1739 2156 1926 2210 προσώπου
1944 2173 2004 2195 σου
2025 2157 2118 2208 φάγῃ
2143 2156 2200 2193 τὸν
2218 2155 2322 2206 ἄρτον

1293 2240 1372 2272 σου,
1392 2224 1449 2263 ἵνα
1475 2225 1523 2276 μὴ
1544 2229 1561 2263 ὃ
1580 2225 1682 2278 ἱδρὼς
1702 2220 1799 2269 οἶτος
1818 2226 1878 2264 καὶ
1895 2229 1912 2264 ὁ
1933 2226 2060 2279 μόχθος
2091 2225 2151 2263 καὶ
2173 2228 2190 2263 ὁ
2218 2225 2322 2268 πόνος

1292 2294 1462 2347 ἀφόρητος
1485 2290 1528 2347 ᾗ,
1561 2296 1767 2348 ἐπεκούφισε
1787 2296 1827 2334 τὸ
1861 2295 1948 2349 βαρὺ
1974 2295 2034 2334 καὶ
2065 2295 2227 2348 φορτικὸν
2263 2300 2322 2334 τοῦ

1291 2365 1432 2417 ἱδρῶτος
1457 2368 1506 2417 τῷ
1530 2365 1656 2412 πλήθει
1680 2368 1747 2403 τῶν
1771 2365 1905 2417 ἀλόγων
1923 2369 1988 2404 τῶν
2006 2363 2321 2417 συνεφαπτομένων

1291 2438 1374 2485 ἡμῖν
1405 2441 1465 2474 τοῦ
1497 2435 1600 2474 πόνου
1635 2436 1694 2474 καὶ
1726 2438 1788 2482 τῆς
1819 2435 2059 2489 ταλαιπωρίας
2085 2435 2223 2482 ταύτης.
2249 2435 2320 2473 Καὶ

1292 2505 1448 2559 καθάπερ
1476 2506 1644 2554 δεσπότης
1663 2506 1902 2561 φιλάνθρωπος
1933 2507 1993 2545 καὶ
2019 2505 2247 2556 κηδεμονικὸς
2262 2505 2319 2544 τὸν

1293 2575 1427 2623 οἰκέτην
1445 2575 1501 2614 τὸν
1517 2579 1636 2616 ἑαυτοῦ
1654 2577 1821 2628 μαστίξας
1833 2607 1842 2623 ,
1856 2576 2041 2629 θεραπείαν
2053 2576 2130 2614 τινὰ
2150 2576 2320 2628 προσάγει

1293 2652 1368 2689 ταῖς
1389 2647 1563 2697 μάστιξιν·
1585 2647 1674 2686 οὕτω
1699 2647 1758 2685 καὶ
1791 2651 1808 2685 ὁ
1838 2648 1927 2691 Θεὸς
1961 2647 2152 2693 καταδίκην
2173 2646 2319 2694 ἐπιθεὶς,

1294 2715 1398 2752 παντὶ
1409 2715 1527 2767 τρόπῳ
1537 2715 1598 2763 τὴν
1620 2716 1811 2762 καταδίκην
1829 2715 1958 2762 ταύτην
1975 2714 2184 2767 κουφοτέραν
2201 2715 2319 2765 βούλα

1294 2797 1351 2818 ται
1371 2786 1536 2831 ποιῆσαι,
1556 2784 1676 2835 ἱδρῶτι
1697 2782 1760 2833 μὲν
1777 2786 1870 2834 ἡμᾶς
1890 2781 2127 2825 καταδικάσας
2145 2781 2204 2820 καὶ
2223 2782 2318 2834 πόνῳ

1295 2851 1462 2899 διηνεκεῖ,
1484 2856 1543 2889 τοῦ
1559 2851 1594 2889 δὲ
1609 2851 1714 2890 πόνου
1731 2851 2007 2903 συνεφάπτεσθαι
2026 2850 2139 2888 πολλὰ
2154 2853 2222 2888 τῶν
2240 2849 2319 2887 ἀλό-

1293 2934 1362 2969 γων
1379 2917 1459 2970 γένη
1476 2919 1744 2972 παρασκευάσας
1763 2923 1860 2969 ἡμῖν.
1881 2917 1991 2971 Ἱ“πὲρ
2008 2917 2050 2965 δὴ
2067 2918 2195 2957 τούτων
2210 2917 2320 2955 ἁπάν-

1293 3000 1361 3022 των
1385 2985 1689 3038 εὐχαριστησωμεν
1712 2987 1826 3037 αὐτῷ·
1858 2984 1917 3023 καὶ
1946 2984 2012 3037 γὰρ
2045 2984 2084 3022 τὸ
2119 2985 2233 3022 δοῦναι
2254 2983 2318 3030 τὴν

1293 3053 1398 3103 τιμὴν
1417 3057 1514 3104 ἡμῖν,
1542 3054 1600 3091 καὶ
1622 3053 1661 3091 τὸ
1679 3053 1784 3091 πάλιν
1817 3054 1952 3104 ἀφελεῖν
1975 3051 2036 3099 τὴν
2057 3051 2180 3102 τιμὴν,
2197 3052 2256 3090 καὶ
2279 3052 2318 3089 τὸ

1295 3121 1343 3172 μὴ
1368 3128 1483 3160 πᾶσαν
1502 3122 1637 3173 ἀφελεῖν
1660 3120 1779 3168 αὐτὴν,
1798 3121 1856 3158 καὶ
1876 3120 1916 3157 τὸ
1935 3120 1992 3158 τὸν
2009 3120 2113 3171 φόὸον
2138 3123 2223 3171 ἡμῖν
2244 3121 2318 3158 ἐπι-

1294 3192 1419 3236 στῆσαι
1441 3192 1507 3226 τῶν
1525 3189 1667 3242 θηρίων,
1686 3188 1745 3227 καὶ
1767 3188 1880 3226 πάντα
1893 3216 1902 3233 ,
1920 3188 1960 3226 ἄν
1982 3204 2032 3231 τις
2050 3187 2189 3240 ἐξετάζῃ
2206 3218 2215 3235 ,
2231 3190 2317 3226 πολ-

1292 3259 1356 3303 λῆς
1380 3256 1479 3309 γέμει
1495 3255 1636 3307 σοφίας,
1656 3257 1786 3302 πολλῆς
1802 3255 2009 3305 κηδεμονίας
2021 3285 2030 3302 ,
2044 3257 2176 3301 πολλ’ἧς
2196 3257 2316 3307 φιλαν-

1293 3324 1460 3377 θρωπίας·
1483 3317 1522 3368 ἧς
1537 3323 1670 3374 γένοιτο
1682 3322 1815 3364 πάντας
1833 3327 1927 3372 ἡμᾶς
1951 3322 2136 3360 ἀπολαύειν
2152 3323 2315 3368 διηνεκῶς
