2516 3791
301 132 396 194 446
760 146 798 175 S.
836 143 1020 175 JOANMS
1055 140 1293 173 cnanosT.
1335 139 1543 169 Arteman.
1580 139 1934 170 cousrfxx‘rnx‘oa

304 245 423 284 quam
441 231 571 270 decem
591 242 716 269 annos
737 229 950 267 habitasset
969 239 1055 264 cum
1073 227 1162 261 viro
1185 235 1254 260 suo
1326 221 1396 259 Καὶ
1415 220 1572 259 λαῧοῧσα
1591 220 1691 273 Σάρα
1710 224 1731 267 ἡ
1751 221 1835 272 γυνὴ
1855 221 1998 273 Ἄὲραμ
2023 222 2134 274 Ἅγαρ
2152 222 2216 269 τὴν
2234 224 2347 275 Αἰγυ-

304 296 346 331 ἰη
363 294 604 338 Οήαηαηιεα,
624 299 659 329 et
673 291 778 328 dedit
792 302 878 327 eam
891 288 932 325 A
937 289 1012 324 broe
1024 288 1114 322 viro
1128 296 1197 321 suo
1213 285 1256 319 in
1327 280 1431 319 πτίαν
1468 280 1531 327 τὴν
1554 283 1678 328 ἑαυτῆς
1705 281 1907 329 παιδίσκην,
1925 283 2038 333 ἐιμετὰ
2071 283 2156 322 δέκα
2191 283 2251 332 ἔτη
2287 289 2348 323 τοῦ

305 368 475 393 uxorem.
505 351 666 399 Attende‚
693 350 853 397 obsecro,
882 347 1076 398 Scripturas
1102 343 1250 394 diligen·
1329 344 1533 388 συνοικῆσαι
1548 341 1688 394 Ἄδραμ
1713 344 1762 394 τῷ
1783 343 1882 396 ἀνδρὶ
1910 344 2014 390 αὐτῆς
2033 347 2067 383 ἐν
2085 347 2128 396 τῇ
2148 343 2350 397 Χαναναία,

304 415 392 454 tiam
414 430 422 451 :
444 423 483 452 ut
510 413 604 451 enim
633 411 811 448 discamus
837 407 942 444 illum
969 418 1039 442 non
1068 417 1154 442 mox
1178 411 1259 456 post
1330 402 1455 440 ἔδωκεν
1471 400 1609 453 Ἀδραμ
1621 405 1670 453 τῷ
1686 403 1784 453 ἀνδρὶ
1799 403 1904 450 αὐτῆς
1916 403 2024 450 αὐτὴν
2039 410 2196 456 γυναῖκα.
2220 404 2353 443 Σκόπει

304 476 384 513 haee
396 475 505 513 verba
524 487 601 523 (suae
621 469 666 508 ad
681 482 762 507 eum
781 467 876 505 dixit
896 467 995 515 Sara,
1015 465 1052 503 in
1068 479 1158 517 opus
1175 477 1259 517 pro-
1330 466 1392 508 τῆς
1408 463 1552 515 Γραφῆς
1571 462 1634 509 τὴν
1649 463 1828 515 ἀκρίὸειαν
1841 479 1849 487 ·
1867 463 1924 501 ἵνα
1942 463 2010 515 γὰρ
2027 464 2192 515 μάθωμεν
2208 463 2260 502 ὅτι
2275 464 2353 503 οὐδὲ

307 535 460 583 siluisse,
484 533 563 571 ideo
582 530 696 568 dicit:
714 530 767 566 Et
791 528 882 566 tulit
902 527 1001 566 Sara
1019 539 1119 565 uxor·
1136 525 1260 563 Abrae
1333 523 1422 574 μετὰ
1449 523 1493 561 τὰ
1524 523 1665 577 ῥήματα
1699 528 1831 572 ταῦτα,
1861 525 1951 576 ἅπερ
1970 528 1992 571 ἡ
2016 525 2116 576 Σάρα
2146 526 2232 578 πρὸς
2251 526 2354 564 αὐτὸν

307 596 481 647 Agarem
491 593 718 643 AEgyptiam
727 590 916 627 ancillam
928 586 1168 638 suamtqueis
1179 586 1262 625 sub·
1332 583 1534 630 ἐποιήσατο,
1554 584 1752 632 ἐπεπήδησε
1770 587 1820 637 τῷ
1840 584 2044 637 πράγματι,
2065 585 2120 623 διὰ
2134 586 2235 625 τοῦτό
2249 602 2334 638 φησι
2347 601 2356 609 ·

308 655 440 692 indicat
454 652 554 690 nobis
568 652 752 704 Scriptura
766 649 890 689 divina
902 663 984 687 eum
997 662 1146 687 uxorem
1160 661 1261 686 suam
1333 645 1403 683 Καὶ
1422 645 1526 683 aaa&
1545 645 1645 697 Σάρα
1663 649 1684 692 ἡ
1702 645 1784 698 γυνὴ
1801 646 1941 698 Ἄδραμ
1954 645 2066 699 Ἅγαρ
2081 646 2142 693 τὴν
2161 647 2356 698 Αἰγυπτίαν

308 714 586 762 consolaturum,
602 721 635 750 et
652 711 684 749 ei
703 710 850 762 obsequi
869 710 1059 758 volentem,
1074 709 1167 747 hanc
1187 722 1262 747 rem
1334 704 1397 752 τὴν
1413 708 1537 753 ἑαυτῆς
1563 706 1754 753 παιδίσκην
1766 720 1774 730 ·
1805 707 1990 759 μονονουχὶ
2010 707 2212 746 δεικνύουσα
2231 711 2315 758 ἡμῖν
2335 711 2357 754 ἡ

308 775 444 812 fecisse.
464 775 557 812 Nam
572 783 611 810 ut
623 772 807 811 evidenter
820 772 909 810 scias
924 770 1136 824 patriarchae
1152 770 1263 808 conti-
1285 776 1310 805 D
1336 765 1410 804 θεία
1427 768 1455 804 Γ
1459 766 1550 819 ραφὴ
1567 796 1576 815 ,
1597 767 1650 806 ὅτι
1680 767 1743 814 τὴν
1762 767 1919 820 γαμετὴν
1947 767 2260 820 παραμυθούμενος
2274 798 2283 815 ,
2299 767 2360 806 καὶ

309 836 467 874 nentiam
477 845 513 874 et
531 834 703 873 eximiam
717 833 1003 886 temperantiam,
1023 832 1134 869 dicit:
1150 833 1264 869 Post-
1335 830 1531 867 ὑπακοῦσαι
1553 827 1663 880 ταύτῃ
1687 829 1895 880 βουλόμενος
1913 830 1952 868 τὸ
1971 836 2119 882 πρᾶγμα
2141 828 2359 874 κατεδέξατο.

309 911 428 949 quam
454 898 584 934 decem
609 898 725 932 annis
746 894 958 931 habitasset
977 906 1064 930 cum
1084 891 1126 929 A
1131 893 1264 929 bramo
1335 887 1413 926 Ἵνα
1438 889 1505 942 γὰρ
1524 889 1636 942 μάθῃς
1656 890 1745 941 μετὰ
1764 890 1942 944 ἀκριίῗείας
1969 894 2030 928 τοῦ
2058 890 2278 944 πατριάρχου
2298 889 2360 938 τὴν

310 960 400 994 viro
415 971 485 995 suo
500 960 542 994 in
561 965 664 994 terra
683 957 892 993 Chanaan.
915 954 995 991 Non
1014 953 1146 1004 absque
1160 966 1266 990 causa
1339 950 1563 1002 σωφροσύνην
1608 951 1668 988 καὶ
1711 950 1773 998 τὴν
1810 952 2094 1003 ὓπερὸάλλουσαν
2144 951 2363 1005 ἐγκράτειαν,

310 1026 450 1070 tempus
473 1016 685 1068 assignavit,
713 1015 774 1053 sed
794 1023 834 1052 nt
860 1014 950 1052 scire
977 1013 1155 1066 possimus
1179 1020 1267 1063 quot
1339 1010 1441 1061 φησί·
1471 1010 1574 1062 Μετὰ
1619 1010 1703 1049 δέκα
1732 1012 1792 1058 ἔτη
1820 1016 1880 1050 τοῦ
1911 1013 2115 1057 συνοικῆσαι
2139 1011 2281 1064 Ἄδραμ
2313 1015 2364 1064 τῷ

310 1079 412 1116 annis
422 1079 540 1130 justus
556 1078 693 1115 fortiter
707 1075 999 1114 infecunditatem
1014 1074 1149 1122 tulerit,
1166 1083 1199 1112 et
1218 1074 1268 1111 af·
1341 1070 1440 1122 ἀνδρὶ
1471 1073 1576 1118 αὐτῆς
1600 1074 1634 1110 ἐν
1667 1075 1711 1123 γῇ
1744 1073 1902 1111 Χαναάν.
1921 1071 1938 1092 ¹³
1952 1074 2033 1124 Οὐχ
2055 1073 2174 1116 ἁπλῶς
2202 1072 2280 1112 οὐδὲ
2305 1073 2364 1112 τὸν

311 1139 463 1177 fectibus
482 1138 643 1191 superior
669 1151 836 1190 magnam
854 1135 1268 1188 exhibueritsscontinen-
1340 1131 1465 1184 χρόνον
1497 1132 1764 1183 ἐπεσημήνατο,
1793 1135 1871 1171 ἀλλ’
1899 1132 1956 1170 ἵνα
1990 1132 2118 1171 εἰδέναι
2150 1132 2300 1185 ἔχωμεν,
2329 1135 2362 1172 ἐν

313 1200 401 1238 tiam
418 1216 426 1237 :
443 1214 555 1251 neque
570 1200 637 1237 hoc
654 1199 781 1247 solum,
798 1196 860 1236 sed
877 1206 915 1235 ut
927 1206 961 1235 et
977 1195 1077 1234 aliud
1093 1195 1269 1247 quiddam
1341 1193 1460 1236 πόσοις
1477 1193 1587 1232 ἔτεσιν
1603 1197 1621 1232 ὁ
1641 1194 1773 1239 δίκαιος
1792 1194 2006 1247 ἐκαρτέρησε
2017 1223 2027 1242 ,
2049 1193 2109 1232 καὶ
2127 1194 2291 1245 γενναίως
2302 1193 2365 1242 τὴν

314 1260 398 1298 inde
412 1259 692 1298 discamus.ldeo
706 1259 800 1297 enim
815 1258 960 1311 adjecit:
972 1260 1189 1311 Postquam
1206 1258 1270 1295 de·
1343 1254 1508 1293 ἀπαιδίαν
1527 1255 1669 1307 ἤνεγκε,
1692 1255 1752 1294 καὶ
1768 1256 1876 1295 ἀνώτε
1883 1271 1938 1309 ρος
1951 1255 2079 1298 παντὸς
2093 1255 2221 1299 πάθους
2235 1255 2367 1308 τυγχά-

314 1335 397 1360 cem
425 1324 540 1360 annis
563 1323 775 1359 habitasset
797 1334 883 1358 cum
906 1322 994 1357 viro
1012 1333 1080 1357 suo
1104 1321 1146 1356 in
1167 1327 1271 1356 terra
1343 1329 1424 1361 νων,
1455 1315 1588 1362 πολλὴν
1625 1316 1689 1364 τὴν
1721 1317 1947 1370 σωφροσύνην
1982 1315 2200 1360 ἐπεδείξατο·
2232 1317 2293 1354 καὶ
2329 1317 2368 1354 οὗ

317 1385 514 1422 Chanaan
527 1400 537 1419 .-
551 1398 619 1421 non
630 1383 836 1421 enimomne
847 1391 987 1434 tempus
999 1379 1272 1419 cohabitationis
1344 1379 1443 1414 τοῦτο
1463 1376 1578 1427 μόνον,
1599 1380 1674 1416 ἀλλ’
1696 1377 1752 1416 ἵνα
1771 1381 1830 1417 καὶ
1852 1377 1967 1430 ἕτερόν
1991 1394 2025 1415 τι
2048 1379 2087 1416 ἐκ
2112 1377 2233 1415 τούτου
2251 1377 2371 1427 μάθω-

322 1445 427 1483 nobis
448 1444 656 1493 declaravit,
675 1443 737 1482 sed
757 1442 849 1481 illud
868 1443 982 1480 solum
1003 1442 1099 1493 quod
1121 1442 1157 1479 in
1178 1441 1271 1479 Cha·
1346 1452 1421 1487 μεν.
1441 1437 1510 1475 Διὰ
1536 1438 1603 1492 γὰρ
1626 1443 1726 1477 τοῦτο
1754 1440 1967 1493 προσέθηκε·
1985 1440 2087 1478 Μετὰ
2116 1438 2201 1477 δέκα
2226 1437 2288 1486 ἔτη
2311 1442 2371 1477 τοῦ

322 1519 445 1542 nanaea
474 1513 698 1543 consumtum
718 1513 783 1542 est.
804 1503 923 1549 Quare
948 1503 1029 1549 hoc,
1048 1511 1082 1540 et
1101 1516 1208 1553 quam
1227 1502 1273 1539 ob
1296 1502 1320 1532 Ε
1345 1501 1549 1544 συνοικῆσαι
1565 1499 1704 1552 Ἀδραμ
1723 1503 1773 1553 τῷ
1794 1501 1892 1552 ἀνδρὶ
1910 1502 2016 1547 αὐτῆς
2031 1503 2064 1539 ἐν
2084 1501 2130 1551 γῇ
2150 1499 2314 1538 Χαναάν·
2334 1500 2373 1537 οὐ

315 1579 459 1603 causam
478 1565 495 1602 ἒ)
519 1565 613 1611 Quia
636 1564 755 1602 statim
778 1573 817 1601 ut
837 1563 935 1602 venit
957 1563 992 1600 in
1014 1563 1268 1612 Chananaeam,
1343 1558 1411 1610 γὰρ
1426 1560 1542 1598 πάντα
1562 1561 1620 1599 τὸν
1635 1562 1758 1614 χρόνον
1775 1567 1835 1601 τοῦ
1851 1562 2064 1600 συνοικεσίου
2079 1566 2138 1599 νῦν
2156 1564 2240 1611 ἡμῖν
2257 1560 2367 1611 ἐγνώ-

314 1626 491 1676 benignus
510 1625 686 1663 Dominus
713 1623 987 1677 promissionem
1006 1624 1087 1661 fecit
1111 1622 1168 1660 his
1189 1636 1272 1660 ver·
1347 1635 1451 1671 ρισεν,
1469 1621 1560 1660 ἀλλὰ
1583 1622 1640 1660 τὸν
1660 1625 1692 1660 ἐν
1709 1626 1752 1674 τῇ
1782 1622 1928 1660 Χαναὰν
1949 1622 2072 1675 χρόνον
2092 1624 2205 1665 αὐτοῖς
2223 1622 2364 1660 ἀναλω-

314 1686 370 1724 bis
386 1702 394 1722 ε
408 1687 553 1724 Semini
565 1695 629 1724 tuo
643 1687 744 1723 dabo
759 1694 902 1723 terram
916 1686 1020 1722 hanc
1034 1699 1045 1720 .·
1061 1693 1095 1722 et
1108 1692 1186 1736 post
1197 1682 1273 1720 haec
1344 1680 1458 1719 θέντα.
1485 1682 1592 1725 Τίνος
1619 1682 1733 1721 ἕνεκεν
1760 1683 1818 1721 καὶ
1840 1682 1898 1721 διὰ
1917 1683 1974 1729 τί;
1994 1682 2140 1730 Ἐπειδὴ
2161 1683 2229 1734 γὰρ
2251 1683 2374 1726 εὐθέως

315 1760 458 1798 quoque
473 1747 580 1785 semel
590 1756 695 1797 atque
710 1747 837 1784 iterum
851 1744 1102 1798 promissiones
1117 1744 1270 1797 repetiit,
1343 1742 1525 1781 ἐπιστάντι
1558 1747 1602 1795 τῇ
1629 1743 1816 1798 Χαναναία
1845 1743 2078 1795 ἐπηγγείλατο
2094 1746 2112 1781 ὁ
2129 1744 2371 1796 φιλάνθρωπος

315 1817 355 1846 ut
378 1808 481 1857 scias,
504 1808 646 1856 dilecte,
665 1807 830 1858 quamvis
854 1815 949 1844 tanto
970 1815 1127 1858 tempore
1146 1805 1270 1843 Domi·
1342 1804 1522 1851 Δεσπότης
1540 1805 1667 1857 λέγων·
1688 1807 1751 1853 Τῷ
1777 1804 1953 1858 σπέρματί
1975 1820 2034 1843 σου
2051 1804 2113 1852 τὴν
2141 1808 2206 1856 γῆν
2231 1805 2362 1851 ταύτην

315 1883 382 1907 nus
400 1868 595 1917 distulerit,
619 1877 652 1906 et
673 1867 848 1921 promissa
874 1881 944 1905 non
967 1867 1184 1920 impleverit,
1204 1881 1268 1919 pa-
1341 1862 1460 1902 δώσω·
1486 1866 1545 1904 καὶ
1565 1866 1668 1905 πάλιν
1697 1866 1786 1917 μετὰ
1804 1869 1917 1904 ταῦτα
1934 1866 1993 1904 καὶ
2015 1866 2106 1911 ἅπαξ
2125 1865 2184 1904 καὶ
2204 1865 2361 1920 δεύτερον

316 1931 509 1969 triarcham
524 1939 640 1968 tamen
657 1943 725 1967 non
739 1929 846 1967 fuisse
860 1928 978 1966 animo
993 1929 1191 1976 turbatum,
1206 1927 1269 1966 sed
1340 1925 1403 1970 τὰς
1427 1928 1634 1979 ὑποσχέσεις
1667 1928 1752 1980 πρὸς
1784 1927 1884 1966 αὐτὸν
1916 1927 2123 1975 ἐποιήσατο,
2156 1926 2212 1964 ἵνα
2248 1929 2360 1980 γνῷς,

316 1991 513 2029 ratiociniis
533 1991 606 2028 suis
621 1990 745 2029 divina
766 1988 860 2027 dicta
876 1988 1086 2041 praetulisse.
1102 1989 1266 2041 Propter·
1282 2019 1329 2043 335
1342 1987 1501 2039 ἀγαπητὲ
1513 2017 1522 2034 ,
1540 1990 1574 2026 ἐν
1594 1989 1716 2032 πόσοις
1735 1989 1827 2028 ἔτεσι
1858 1987 2176 2039 διαναὸαλλομένου
2203 1992 2264 2026 τοῦ
2290 1991 2360 2026 Δε-

315 2066 356 2090 ea
375 2051 478 2101 dicit,
500 2053 717 2104 Postquam
733 2052 864 2088 decem
880 2063 1006 2088 annos
1025 2051 1143 2088 simul
1158 2052 1268 2088 habi·
1295 2055 1320 2084 A
1343 2048 1471 2087 σπότου
1485 2078 1494 2095 ,
1530 2050 1589 2088 καὶ
1623 2050 1730 2101 μηδὲν
1767 2054 1836 2088 τῶν
1876 2049 2158 2102 ἐπαγγελθέντων
2184 2052 2231 2094 εἷς
2263 2051 2362 2103 ἔργον

319 2122 467 2151 tassent
499 2115 541 2149 in
578 2121 681 2150 terra
716 2113 923 2149 Clzanaan.
959 2110 1094 2150 Vidisti
1126 2111 1269 2150 virilem
1342 2107 1501 2158 ἄγοντος,
1522 2112 1540 2148 ὁ
1559 2108 1688 2153 δίκαιος
1703 2103 1800 2153 οὗτος
1814 2110 1874 2147 οὐκ
1895 2108 2103 2160 ἐταράττετο
2122 2107 2184 2154 τὴν
2206 2107 2362 2160 γνώμην,

317 2173 479 2211 animum
493 2173 512 2210 ¹?
528 2172 650 2211 vidisti
667 2171 902 2224 philosophiae
923 2171 1032 2223 hujus
1048 2172 1270 2210 exercitatio·
1343 2167 1433 2206 ἀλλὰ
1451 2171 1519 2206 τῶν
1546 2169 1680 2207 οἰκείων
1707 2171 1884 2220 λογισμῶν
1904 2168 2078 2222 προετίμα
2104 2168 2149 2207 τὰ
2178 2169 2275 2221 παρὰ
2303 2173 2362 2208 τοῦ

318 2232 617 2285 nem?quom0do
627 2232 804 2270 Dominus
818 2241 855 2270 ut
870 2246 946 2270 eam
960 2232 1084 2270 reddat
1099 2232 1271 2271 illustrio-
1342 2230 1434 2267 Θεοῦ
1453 2229 1611 2281 ῥηθέντα.
1641 2229 1709 2268 Διὰ
1726 2230 1826 2269 τοῦτο’
1847 2246 1948 2282 φησι,
1978 2229 2081 2268 Μετὰ
2106 2229 2189 2268 δέκα
2220 2230 2279 2278 ἔτη
2303 2235 2363 2269 τοῦ

320 2309 411 2345 rem,
429 2303 537 2332 cesset
556 2309 596 2332 ac
615 2293 755 2331 differat
772 2294 789 2330 ἶ)
808 2293 900 2330 Nam
919 2293 1003 2344 quia
1024 2293 1220 2345 plurimum
1239 2296 1271 2333 ei
1343 2293 1546 2337 συνοικῆσαι
1576 2290 1697 2335 αὐτοὺς
1718 2294 1752 2330 ἓν
1771 2295 1816 2344 γῇ
1838 2291 1998 2329 Χαναᾶν-
2030 2284 2130 2334 Εἶδες
2155 2293 2270 2344 ψυχῆς
2297 2293 2361 2330 ἇν-

321 2369 414 2393 curae
433 2363 515 2393 sunt
533 2354 658 2392 famuli
677 2353 748 2403 sui,
770 2367 839 2391 non
859 2353 906 2391 ita
926 2353 1136 2405 simpliciter
1158 2355 1192 2392 in
1212 2370 1271 2394 eos
1343 2350 1470 2402 δρείᾱν,
1493 2346 1578 2395 εἶδες
1606 2351 1797 2403 γυμνᾶσῑῡν
1827 2351 2029 2404 φιλοσοφίας
2042 2381 2052 2398 9
2077 2355 2151 2395 πῶς
2178 2353 2362 2405 περιφανέ-

321 2417 478 2454 conferre
501 2414 685 2464 beneficia,
715 2414 777 2452 sed
800 2414 908 2452 simul
933 2414 1038 2452 etiam
1064 2416 1270 2468 conspicuos
1343 2429 1461 2465 στερον
1483 2413 1583 2451 αὐτὸν
1603 2416 1750 2459 ποιῆσαι
1774 2413 1978 2465 βουλόμενος
2002 2416 2019 2451 ὃ
2040 2413 2220 2460 Δεσπότης
2243 2414 2362 2464 μέλλει

320 2477 480 2525 reddere,
509 2476 687 2527 fidemque
713 2476 872 2528 ipsorum
900 2476 1065 2513 omnibus
1092 2475 1272 2516 declarare
1343 2476 1401 2513 καὶ
1420 2475 1678 2522 ἀναὸάλλεταις
1700 2475 1846 2523 Ἐπειδὴ
1862 2474 1931 2527 γὰρ
1945 2475 2168 2522 κήδεταιτῶν
2188 2478 2292 2515 αὐτοῦ
2305 2481 2363 2515 θε-

319 2538 460 2590 satagit.
485 2537 524 2575 Si
543 2537 638 2575 enim
660 2537 780 2574 statim
802 2545 842 2574 ut
861 2536 1025 2589 promisit
1043 2552 1079 2575 se
1101 2537 1270 2577 daturum
1346 2537 1537 2590 poe‘rttivuov,
1558 2538 1622 2590 οὐχ
1640 2539 1760 2581 ἁπλῶς
1777 2539 1824 2580 εἷς
1845 2536 1965 2580 αὐτοὺς
1984 2536 2045 2580 τὰς
2061 2537 2257 2588 εὐεργεσίας
2280 2537 2361 2588 βού-

319 2599 444 2637 semini
470 2599 545 2650 ejus
565 2607 695 2636 terram
718 2597 822 2647 hanc,
847 2598 1043 2650 aperuisset
1067 2599 1163 2637 Sarae
1184 2600 1270 2639 vul-
1342 2600 1439 2636 λεται
1454 2599 1719 2647 κατατίθεσθαι,
1737 2597 1826 2637 ἀλλὰ
1845 2598 1904 2636 καὶ
1929 2604 2128 2650 περιφανεῖς
2156 2598 2276 2642 αὐτοὺς
2298 2601 2363 2637 δει-

325 2675 417 2709 vam,
434 2670 467 2698 et
488 2660 618 2698 liberos
637 2658 791 2697 dedisset
810 2673 1040 2709 successores,
1060 2675 1174 2712 neque
1194 2671 1268 2700 tam
1344 2659 1480 2707 κνύναι,
1498 2660 1554 2698 καὶ
1570 2659 1632 2706 τὴν
1645 2660 1762 2699 πίστιν
1774 2661 1886 2698 αὐτῶν
1901 2659 2011 2696 ἅπασι
2025 2658 2362 2705 κατάδηλον“πονεῖν

321 2735 490 2773 magnum
501 2720 719 2759 exhibuisset
732 2720 958 2770 miraculum,
970 2734 1083 2772 neque
1094 2731 1165 2759 tam
1177 2723 1271 2761 clara
1342 2720 1510 2772 γίνεσθαι.
1529 2723 1572 2759 Et
1589 2721 1656 2772 γὰρ
1672 2721 1795 2764 εὐΟέως
1813 2720 2107 2772 ἐπαγγειλάμενος
2120 2723 2170 2773 τῷ
2186 2719 2361 2773 σπέρματι

320 2781 417 2834 apud
434 2795 553 2819 omnes
567 2781 788 2832 fuissetjusti
803 2780 934 2819 virtus.
951 2782 1078 2821 Virtus
1095 2783 1188 2821 enim
1205 2784 1271 2822 Dei
1297 2790 1319 2820 Β
1346 2785 1448 2821 αὐτοῦ
1472 2782 1592 2821 δώσειν
1613 2782 1675 2828 τὴν
1703 2786 1780 2834 γῆν,
1801 2780 1948 2827 διήνοιξε
1975 2784 2037 2827 τῆς
2061 2781 2180 2832 Σάρας
2201 2780 2265 2828 τὴν
2297 2782 2362 2832 μή·

320 2852 353 2880 et
368 2852 452 2880 tunc
466 2841 647 2879 manifesta
662 2841 806 2891 quidem
821 2841 965 2879 fuisset:
981 2855 1061 2880 nam
1076 2853 1272 2882 emortuam
1344 2860 1444 2896 τραν,
1466 2843 1524 2881 καὶ
1540 2844 1602 2890 τὴν
1621 2846 1689 2880 τῶν
1705 2843 1837 2881 παίδων
1855 2841 2020 2894 διαδοχὴν
2046 2844 2138 2893 αὐτῷ
2155 2841 2363 2894 ἐχαρίσατο,

320 2913 454 2942 naturae
471 2903 661 2951 officinam,
678 2911 712 2940 et
730 2902 894 2941 inutilem
909 2902 955 2941 ad
974 2904 1210 2956 procreandos
1226 2905 1271 2942 fi-
1347 2906 1424 2943 οὔτε
1442 2905 1481 2943 τὸ
1497 2909 1613 2956 θαῦμα
1630 2904 1736 2946 οὕτως
1761 2902 1932 2942 ἐδείκνυτο
1952 2901 2042 2954 μέγα
2055 2933 2064 2950 ,
2091 2901 2169 2940 οὔτε
2190 2905 2212 2948 ἡ
2232 2907 2291 2940 τοῦ
2317 2905 2365 2941 δι-

321 2965 387 3003 lios
407 2965 550 3015 factam,
573 2978 636 3001 suo
655 2972 829 3016 prateepto
845 2963 973 3002 iterum
994 2974 1152 3017 vegetam
1169 2966 1270 3004 fecis·
1344 2966 1443 3005 καίου
1468 2966 1582 3008 πίστις
1601 2971 1687 3003 πᾶσι
1711 2963 1902 3017 περιφανὴς
1924 2962 2123 3001 καθίστατο.
2144 2962 2189 3001 Ἤ
2218 2962 2279 3014 μὲν
2298 2963 2365 3016 γὰρ

364 3113 376 3126 ³
402 3102 463 3133 llic
486 3102 614 3133 variant
638 3100 836 3142 exemplaria
862 3111 920 3135 τῶν
944 3112 1003 3136 Ο.;
1028 3102 1083 3134 ubi
1106 3102 1223 3145 legitur
1246 3111 1327 3147 μετὰ
1362 3105 1447 3135 mine.
1466 3104 1515 3135 bis
1532 3110 1722 3145 repetantur
1745 3101 1840 3133 infra.

319 3156 390 3186 δέκα
413 3158 465 3190 ἔτη
490 3160 540 3186 τοῦ
564 3158 675 3190 offatm
700 3149 805 3198 Xss'pzy.
832 3159 860 3186 ἐν
887 3161 924 3197 γῇ
948 3160 1079 3189 Χαναὰν.
1095 3153 1327 3199 Chrysostomi
1406 3157 1421 3180 b
1446 3156 1574 3198 [Saxil.
1592 3157 1623 3187 in
1643 3163 1734 3187 textu
1749 3159 1802 3197 ⁰31
1821 3157 1922 3190 ἁπλῶς
1945 3158 2001 3197 γὰρ
2016 3158 2065 3187 τὸν
2080 3168 2147 3199 χρ,
2164 3151 2196 3185 in
2213 3160 2366 3194 marg-ut

321 3216 397 3236 xero
419 3203 593 3236 lectionem
617 3215 682 3235 non
700 3203 795 3235 fuisse
811 3203 1022 3237 librariorum
1040 3206 1170 3238 ausibus
1188 3215 1327 3240 temera·
1361 3207 1481 3241 Monts.
1500 3219 1644 3250 quocum
1667 3208 1832 3240 consentit
1855 3206 2007 3247 coislin]

320 3265 408 3295 tam,
428 3256 504 3288 hinc
531 3254 688 3299 liquidnm
706 3263 765 3294 cst,
781 3255 870 3298 quod
896 3255 1010 3290 eadem
1029 3259 1096 3301 ipsa
1114 3260 1182 3291 sinc
1205 3258 1324 3292 discri-
1404 3271 1416 3284 τ·
1441 3258 1564 3302 [Coisl.
1587 3260 1688 3300 notul}
