2516 3791
2151 207 2170 218 ..r

842 217 882 246 ΙΝ
923 215 1121 246 ΟΕΝΙὶΒΙΜ
1159 214 1307 244 SERMO
1344 216 1439 246 vm.
2082 224 2171 264 ”qb

2088 249 2097 268 Ι
2115 263 2120 269 .

123 304 254 348 τοῦτον,
275 302 320 343 εἰς
347 299 466 352 ἑτέραν
494 299 641 344 διάλεξιν
669 299 914 350 ἀναῧαλοῧμαι
937 299 995 337 τὸν
1022 298 1142 350 λόγον’
1171 301 1193 330 Β
1217 297 1326 348 ciens,
1348 307 1380 336 ct
1411 298 1506 350 quod
1538 299 1651 352 legem
1677 300 1830 352 dederit,
1853 311 1886 339 ct
1912 302 2007 353 quod
2038 304 2172 344 dederit

121 367 218 414 ὑμεῖς
238 361 272 399 δὲ
286 361 330 400 τὰ
349 361 515 414 εἰρημένα
533 360 619 405 τέως
638 360 849 413 φυλάττετε,
872 360 933 399 καὶ
954 359 1143 412 μέμνησθε,

121 424 180 462 καὶ
199 422 275 466 τοὺς
296 424 357 461 οὐκ
376 422 571 469 ἀκηκοότας
590 422 792 469 διδάσκετε,
814 422 873 460 καὶ
900 425 1009 460 ταῦτα
1030 419 1089 458 καὶ
1109 421 1144 457 ἐν

121 483 307 535 ἐκκλησίᾳ,
327 483 386 522 καὶ
402 486 436 522 ἐν
457 486 588 536 ἀγορᾷ,
611 483 671 522 καὶ
691 486 725 522 ἐν
751 482 845 537 οἰκίᾳ
865 481 1045 535 μελετάτω
1065 480 1145 519 ἔκα-

119 560 210 588 στος.
235 543 373 583 “Οὐδὲν
389 544 457 597 γὰρ
474 544 638 597 ἠδύτερον
667 544 867 599 ἀκροάσεως
893 543 997 588 θείας.
1018 541 1145 582 Ἄκου-

120 621 179 645 σον
197 609 278 657 γοῦν
293 604 327 644 τί
341 621 426 658 φησι
446 605 527 659 περὶ
545 605 672 654 ταύτης
690 609 708 645 6
724 605 916 661 προφήτης·
936 604 998 648 Ὡς
1015 603 1146 655 γλυκέα

119 669 170 719 τῷ
193 666 340 721 λάρυγγί
359 681 425 717 μου
446 666 492 705 τὰ
510 666 612 714 λόγιά
632 682 713 715 σου,
735 666 823 719 ὑπὲρ
843 665 924 716 μέλι
941 663 1002 703 καὶ
1024 663 1145 717 κηρίον

120 730 169 779 τῷ
191 727 340 779 στόματί
366 742 445 777 μου.
471 729 587 766 Τοῦτο
607 727 719 766 τοίνυν
743 726 929 777 παρατίθει
956 726 996 764 τὸ
1024 724 1145 778 κηρίον

119 789 176 828 ἐπὶ
192 793 255 836 τῆς
273 788 444 841 τραπέζης
461 791 523 836 τῆς
542 791 725 843 ἑσπερινῆς
740 817 750 835 ,
778 788 870 827 ὥστε
897 794 1014 827 πᾶσαν
1035 787 1145 835 αὐτὴν

118 851 242 898 ἡδονῆς
267 852 453 904 πληρῶσαι
482 852 732 902 πνευματικῆς.
756 851 837 902 Οὐχ
864 853 967 903 δρᾶτε
994 847 1072 892 τοὺς
1091 851 1145 887 εὖ·

117 910 242 962 πόρους
255 912 323 948 τῶν
343 910 548 965 ἀνθρώπιον,
566 913 640 955 πῶς
655 910 746 962 μετὰ
760 910 804 950 τὰ
824 911 918 950 σιτία
933 909 1146 964 κιθαρῳδοὺς

116 973 176 1011 καὶ
206 971 361 1020 αὐλητὰς
391 973 631 1025 ἐπεισάγουσι;
657 973 816 1027 Θέατρον
849 975 973 1012 ε’κεῖνοι
1005 975 1145 1011 ποιοῦσι

115 1033 180 1081 τὴν
204 1037 338 1073 ἑαυτῶν
363 1034 474 1073 οἰκίαν
489 1051 496 1058 ·
521 1034 562 1074 σὺ
585 1035 732 1083 ποίησον
757 1034 822 1082 τὴν
847 1034 959 1074 οἰκίαν
989 1035 1052 1082 τὴν
1079 1034 1144 1083 σὴν

113 1095 281 1147 οὐρανόν·
313 1097 469 1144 ποιήσεις
501 1097 557 1143 δὲ,
593 1096 672 1150 οὐχ).
706 1096 783 1141 τοὺς
813 1097 949 1150 τοίχους
975 1096 1144 1148 dualem,
1165 1108 1190 1140 C

116 1157 191 1196 οὐδὲ
221 1158 466 1209 μεταλλάττων
493 1159 537 1198 τὰ
568 1160 711 1209 θεμέλια
727 1190 736 1208 ,
757 1158 834 1198 ἀλλ’
857 1160 960 1198 αὐτὸν
984 1159 1042 1198 τὸν
1074 1161 1143 1197 τῶν

114 1221 270 1271 οὐρανῶν
290 1219 472 1268 Δεσπότην
491 1220 547 1259 ἐπὶ
567 1220 630 1268 τὴν
649 1220 824 1274 τράπεζαν
847 1222 964 1259 καλῶν
983 1220 1046 1268 τὴν
1066 1220 1143 1268 σήν.

115 1283 192 1319 Οὐκ
221 1280 471 1334 ἐπαισχύνεται
495 1281 540 1320 τὰ
566 1287 710 1321 τοιαῦτα
729 1283 852 1320 δεῖπνα
871 1285 889 1321 6
908 1281 1010 1326 Θεός.
1031 1282 1144 1321 Ἔνθα

114 1341 182 1394 γὰρ
200 1342 408 1381 διδασκαλία
427 1342 665 1394 πνευματικὴ,
684 1346 755 1382 ἐκεῖ
772 1343 832 1381 καὶ
857 1343 1062 1396 σωφροσύνη
1083 1343 1143 1382 καὶ

113 1402 283 1453 σεμνότης
299 1403 359 1441 καὶ
378 1403 548 1442 ἐπιείκεια
562 1420 570 1427 ·
588 1403 670 1442 ἔνθα
688 1403 778 1457 ἀνὴρ
794 1403 854 1442 καὶ
873 1404 958 1457 γυνὴ
979 1404 1041 1443 καὶ
1055 1421 1141 1443 παι-

113 1463 187 1512 δία,
205 1463 265 1502 καὶ
279 1463 423 1515 ὁμόνοια
443 1465 504 1503 καὶ
525 1464 643 1518 φιλία,
665 1465 726 1504 καὶ
754 1470 825 1509 τοῖς
843 1469 906 1512 τ’ῆς
923 1467 1048 1518 ἀρετῆς
1063 1481 1143 1504 συν-

112 1525 287 1576 δεδεμένοι
320 1527 480 1578 δεσμοῖς,
507 1529 578 1565 ἐκεῖ
606 1526 711 1578 μέσος
736 1529 754 1565 ὁ
785 1526 948 1580 Χριστός,
983 1529 1037 1566 Οὐ
1074 1527 1143 1581 γὰρ

111 1592 259 1640 χρυσοῦν
283 1588 406 1641 ὄροφον
434 1590 550 1636 ζητεῖ,
581 1588 657 1628 οὐδὲ
689 1589 874 1641 ἀστραπὰς
906 1589 1045 1637 κιόνων,
1065 1589 1142 1629 οὐδὲ

112 1649 225 1695 κάλλη
249 1648 458 1702 μαρμάρων,
478 1649 569 1688 ἀλλὰ
583 1651 700 1702 ψυχης
716 1649 822 1702 ὥραν,
838 1649 897 1687 καὶ
918 1650 1071 1695 διανοίας
1087 1652 1143 1689 εὖ·

113 1710 282 1762 μορφίαν,
313 1711 372 1748 καὶ
403 1710 578 1765 τράπεζαν
617 1710 836 1759 δικαιοσύνης
862 1711 1051 1763 γέμουσαν,
1083 1713 1143 1751 καὶ

111 1771 349 1822 ἑλεημοσύνης
362 1771 516 1824 καρποὺς
533 1772 693 1825 ἔχουσαν.
707 1772 782 1811 Κᾶν
796 1772 853 1825 ἴδῃ
871 1772 1036 1820 τοιαύτην
1051 1774 1141 1827 τρά-
1163 1779 1189 1808 D

114 1835 233 1878 πεζαν,
254 1833 390 1887 ταχέως
411 1840 567 1873 κοινωνεῖ
597 1839 657 1874 τοῦ
676 1834 865 1886 συλλόγου,
894 1833 955 1873 καὶ
982 1836 1143 1889 παραγί-

113 1909 223 1934 νεται.
248 1895 317 1934 Καὶ
335 1895 403 1950 γὰρ
427 1896 530 1940 αὐτός
549 1898 641 1935 ἐστιν
662 1899 680 1934 ὃ
699 1896 847 1949 εἰρηκώς
862 1913 869 1919 ·
892 1897 1076 1936 Πεινῶντά
1099 1914 1143 1950 με

111 1955 241 2003 εἴδετε,
279 1957 339 1995 καὶ
375 1957 553 2010 ἐθρέψατε.
579 1956 694 1995 ‘'O-mv
727 1951 785 1995 οὖν
816 1956 968 2010 ἀκούσῃς
995 1957 1143 2007 πένητος

111 2017 267 2056 κάτωθεν
300 2019 436 2070 μεγάλα
467 2021 638 2071 βοῶντος,
666 2013 741 2058 εἶτα
774 2020 844 2058 ἀπὸ
875 2022 937 2067 τῆς
967 2020 1142 2072 τραπέζης

112 2083 180 2118 τῶν
199 2080 437 2133 προκειμένων
455 2083 522 2135 δῷς
542 2099 576 2120 τι
598 2084 648 2134 τῷ
667 2082 840 2134 δεομένῳ,
868 2082 927 2120 τὸν
956 2082 1140 2131 Δεσπότην

111 2142 280 2184 ἐκάλεσας
298 2142 355 2181 διὰ
374 2147 434 2181 τοῦ
454 2144 574 2182 δούλου
589 2145 675 2196 πρὸς
694 2144 758 2191 τὴν
777 2143 952 2195 τράπεζαν
977 2143 1041 2191 τὴν
1061 2144 1140 2195 σὴν,

110 2209 226 2242 πᾶσαν
243 2203 350 2250 αὐτὴν
368 2205 531 2256 εὐλογιῶν
555 2205 749 2252 ἐνέπλησας
760 2235 770 2253 ,
786 2204 845 2243 καὶ
866 2205 923 2243 διὰ
942 2209 1005 2253 τῆς
1022 2207 1139 2260 ἀπαρ-

109 2267 176 2316 χῆς
195 2265 355 2317 ἀφορμὴν
381 2265 549 2318 μεγίστην
575 2270 636 2305 τοῦ
662 2266 901 2314 πληθύνεσθαί
925 2283 979 2306 σοι
1007 2267 1052 2306 τὰ
1077 2284 1139 2306 τα-

110 2331 192 2374 μεῖα
212 2327 349 2376 ἀγαθῶν
374 2328 512 2365 πολλῶν
529 2327 811 2379 παρεσκεύασας.
832 2327 878 2366 Ὁ
903 2327 938 2367 δὲ
959 2329 1050 2372 Θεὸς
1076 2332 1138 2377 τῆς

111 2387 247 2440 εἰρήνης
271 2388 330 2425 καὶ
354 2392 416 2435 τῆς
436 2389 596 2441 ἀγάπης,
618 2392 636 2428 6
656 2388 767 2432 διδοὺς
791 2389 895 2443 ἄρτον
922 2393 969 2433 εἷς
991 2393 1136 2442 βρῶσιν,

110 2449 170 2486 καὶ
184 2449 323 2502 σπέρμα
340 2451 390 2501 τῷ
409 2450 603 2503 σπείροντι,
621 2450 788 2498 πληθύνοι
803 2451 861 2490 τὸν
875 2451 1002 2504 σπόρον
1024 2455 1135 2504 ὑμῶν,

1217 372 1280 410 per
1310 359 1479 412 seipsum.
1504 360 1694 408 Quomodo
1724 361 1835 413 igitur
1854 362 1974 415 lapsus
2002 372 2052 401 cst
2083 365 2172 403 illes'

1217 418 1275 455 Oh
1320 419 1500 470 ignaviam
1536 435 1660 460 suam:
1700 422 1808 473 idque
1846 423 2035 461 ostendunt
2071 435 2171 476 quot-

1216 490 1302 531 quot
1329 481 1443 533 lcgcm
1471 491 1695 535 acceperunt,
1722 497 1785 522 nec
1812 484 2005 541 lapsi-sunt
2022 515 2031 530 ‚
2056 485 2115 523 sed
2142 497 2171 522 ei

1216 541 1320 593 plura
1361 556 1469 593 quam
1509 543 1683 597 imperata
1715 545 1877 596 fucrant,
1917 547 2155 599 przrstitcruni

1215 601 1286 639 Sed
1304 602 1474 653 quoniam
1494 603 1562 642 hoc
1582 613 1721 658 tempus
1731 605 1836 645 video
1859 621 1920 645 nos
1937 607 1971 645 in
1984 617 2171 657 angustum

1213 663 1394 716 redigere,
1425 664 1460 702 in
1487 665 1634 704 alteram
1660 666 1944 706 dissertationem
1977 683 2172 707 sermonem

1213 724 1416 776 rejiciemus
1434 741 1442 762 ε
1462 739 1525 764 vos
1545 741 1629 765 vero
1648 742 1726 779 quac
1741 728 1836 766 dicta
1853 739 1935 767 sunt
1955 741 2171 778 conservate,

1213 800 1255 824 ac
1276 786 1447 824 memoria
1467 795 1591 838 tenete,
1609 789 1759 841 illosque
1784 791 1845 841 qui
1876 805 1944 828 nou
1973 792 2175 838 audierunt,

1213 846 1348 897 docete,
1367 858 1473 902 atque
1495 849 1570 888 haec
1597 850 1632 889 in
1652 851 1814 899 ccclesia,
1835 853 1871 891 in
1896 853 1987 904 soro,
2008 868 2050 891 ac
2077 854 2173 892 domi

1215 910 1460 962 unusquisque
1492 910 1696 951 meditetur.
1725 913 1826 952 Nihil
1858 914 1952 951 cnim
1990 929 2088 953 sacra
2126 917 2175 953 lv-

1214 970 1329 1009 ctione
1350 972 1557 1024 jucundius.
1579 974 1675 1013 Audi
1706 988 1791 1013 sane
1811 975 1896 1026 quid
1921 976 1966 1014 (lc
1989 977 2049 1015 illa
2079 978 2173 1016 «licat

1212 1034 1387 1086 propheta
1412 1051 1419 1072 :
1449 1037 1575 1087 Quam
1604 1038 1941 1091 (Inlciasaucilms
1966 1043 2059 1078 meis
2089 1042 2170 1078 elo·
2193 1055 2268 1083 ΡΜ.»
2311 1058 2362 1083 115<

1215 1099 1309 1148 quia
1335 1105 1417 1145 tua,
1436 1111 1550 1150 super·
1565 1099 1642 1136 mel
1660 1101 1849 1153 elscwum
1876 1104 1935 1138 ori
1952 1116 2049 1139 meo.
2071 1102 2175 1141 llune
2194 1100 2260 1127 ¹0¹²·

1214 1156 1333 1208 itaque
1349 1157 1472 1196 favum
1485 1158 1521 1196 in
1538 1159 1738 1211 vespertina
1755 1175 1874 1199 mensa
1901 1176 2053 1214 appone,
2068 1173 2106 1201 ut
2122 1173 2174 1201 to-

1214 1225 1288 1255 tam
1307 1217 1408 1256 illam
1433 1218 1615 1272 spirituali
1635 1220 1771 1272 repleas
1798 1221 1997 1274 voluptate.
2021 1224 2101 1262 Non
2121 1226 2175 1264 vi-

1212 1277 1305 1317 dctis
1327 1279 1490 1318 homines
1518 1280 1720 1333 opulentos,
1743 1282 1924 1333 quomodo
1945 1293 2024 1336 post
2053 1287 2177 1338 epulas

1213 1339 1430 1379 citharoedos
1457 1354 1498 1379 ac
1530 1341 1695 1380 tibicines
1727 1343 1984 1384 introducant?
2013 1347 2073 1385 llli
2096 1362 2177 1386 suas

1212 1401 1306 1440 aedes
1339 1401 1519 1441 theatrum
1552 1403 1728 1453 efficiunt,
1757 1414 1795 1443 tu
1821 1415 1902 1445 tuas
1930 1407 2025 1447 cedes
2050 1410 2175 1447 ccelum

1210 1462 1314 1501 effice
1333 1479 1341 1500 ε
1367 1463 1406 1501 id
1423 1477 1508 1503 vero
1531 1464 1678 1517 efficies,
1697 1479 1767 1504 non
1787 1467 1938 1519 parietes
1959 1469 2152 1508 immutans
2166 1501 2174 1514 ,

1212 1531 1273 1561 aut
1300 1524 1514 1563 transferens
1544 1525 1778 1565 fundamenta
1800 1557 1810 1575 ,
1842 1528 1905 1567 scd
1938 1530 1967 1567 si
1999 1531 2046 1569 ad
2078 1541 2176 1570 tuam

1211 1597 1372 1622 mensam
1396 1584 1595 1623 Dominum
1615 1585 1734 1638 ipsum
1763 1587 1932 1626 caelorum
1956 1604 2074 1628 voces.
2095 1593 2175 1630 Nou

1211 1644 1388 1683 erubescit
1409 1645 1587 1698 ejusmodi
1607 1647 1775 1686 convivia
1796 1650 1906 1688 Deus.
1929 1650 2003 1689 Ubi
2023 1665 2176 1704 namque

1211 1705 1409 1757 spiritualis
1424 1705 1587 1745 doctrina
1601 1736 1612 1757 ,
1631 1707 1681 1745 ibi
1701 1717 1735 1746 et
1764 1711 2012 1762 temperantia,
2031 1722 2065 1750 et
2095 1729 2172 1752 mo-

1211 1765 1346 1815 destia,
1376 1776 1410 1805 et
1434 1767 1590 1817 ,lenitas;
1611 1767 1674 1806 ubi
1707 1769 1764 1807 vir
1793 1779 1827 1808 ct
1861 1786 1954 1810 uxor
1983 1788 2025 1812 ac
2054 1774 2170 1819 liberi,

1210 1828 1400 1866 concordja
1419 1837 1453 1866 et
1467 1829 1625 1868 amicitia
1658 1839 1693 1868 et
1708 1831 1854 1870 virtutis
1871 1834 2026 1873 vinculis
2043 1836 2174 1874 suerint

1211 1889 1386 1942 colligati,
1409 1890 1487 1929 illic
1509 1900 1672 1930 versatur
1691 1892 1727 1930 in
1748 1894 1867 1933 medio
1886 1896 2064 1935 Christus.
2093 1899 2171 1937 Non

1209 1952 1306 1990 enim
1324 1966 1473 1991 aureum
1492 1952 1658 2004 laqueare
1677 1956 1820 2006 quaerit,
1837 1971 1901 1995 nec
1923 1958 2173 1998 columnarum

1208 2013 1400 2067 fulgorem,
1416 2028 1530 2066 neque
1543 2017 1734 2056 marmoris
1760 2018 2092 2070 pulchritudinem:
2112 2022 2172 2061 scd

1208 2075 1336 2114 animae
1360 2075 1526 2115 decorem
1545 2091 1587 2115 ac
1613 2077 1742 2117 mentis
1760 2079 1937 2130 formam,
1957 2090 1991 2119 ct
2013 2096 2171 2121 mensam

1201 2137 1344 2190 justitia
1360 2138 1540 2188 refertam,
1555 2147 1591 2178 et
1609 2139 1842 2194 eleemosynae
1860 2142 2040 2182 fructibus
2057 2144 2170 2183 abun-

1204 2198 1361 2238 dantem.
1395 2199 1506 2248 Quod
1537 2201 1569 2239 si
1604 2215 1765 2240 mensam
1797 2203 1974 2255 ejusmodi
2014 2205 2167 2256 viderit,

1205 2261 1391 2299 confestim
1410 2261 1586 2314 ejusmodi
1603 2273 1798 2303 conventus
1815 2265 1857 2303 fit
1869 2267 2059 2320 particeps,
2078 2278 2110 2307 et
2130 2269 2164 2307 in

1203 2334 1285 2359 eum
1308 2336 1344 2360 se
1372 2322 1489 2362 infert.
1511 2324 1592 2376 lpse
1622 2324 1717 2363 enim
1749 2335 1819 2376 est,
1843 2327 1906 2378 qui
1926 2327 2039 2379 dixit,
2063 2332 2164 2370 Esu-
2188 2348 2291 2374 islam.

1203 2384 1365 2422 rientem
1400 2399 1460 2423 me
1491 2385 1648 2425 vidistis
1667 2395 1705 2425 et
1734 2388 1902 2427 aluistis.
1934 2390 2025 2428 Cum
2053 2392 2162 2443 igitur
2178 2386 2227 2416 35*

1205 2443 1355 2484 inferius
1374 2460 1504 2498 magna
1523 2461 1610 2485 voce
1625 2448 1836 2487 clamantem
1857 2451 2040 2489 audiveris
2074 2468 2160 2505 pau-

2315 2349 2362 2377 25.

109 2509 168 2547 καὶ
190 2509 346 2557 αὖξήσειε
363 2509 408 2548 τὰ
429 2511 629 2562 γεννήματα
646 2514 708 2558 τῆς
729 2511 949 2560 δικαιοσύνης
966 2514 1002 2551 ἐν
1027 2520 1134 2552 πᾶσιν
1156 2519 1180 2549 Ε
1201 2521 1337 2560 perem,
1367 2506 1497 2545 demde
1527 2507 1714 2560 qmdpiam
1739 2523 1860 2547 eorum
1892 2526 1969 2561 quae
1999 2515 2159 2565 apposita

108 2574 202 2621 ὓμῖν,
220 2571 283 2618 τὴν
311 2571 396 2625 παρ’
425 2576 528 2611 αὐτοῦ
547 2573 650 2626 χάριν
676 2572 808 2621 διδοὺς,
830 2574 889 2612 καὶ
908 2574 1134 2620 καταξιώσειε

107 2635 170 2679 τῆς
190 2633 368 2684 βασιλείας
386 2636 454 2672 τῶν
479 2635 633 2688 οὐρανῶν
645 2651 653 2658 ·
672 2629 714 2682 ἧς
731 2635 864 2687 γένοιτο
882 2635 1016 2681 πάντας
1039 2639 1134 2688 ἡμᾶς

109 2695 283 2746 ἐπιτυχεῖν
299 2694 420 2747 χάριτι
445 2694 505 2734 καὶ
524 2696 770 2751 φιλανθρωπίᾳ
792 2701 853 2736 τοῦ
879 2697 1009 2751 Κυρίου
1029 2700 1132 2749 ἡμῶν

108 2754 224 2801 Ἰησοῦ
240 2757 402 2807 Χριστοῦ,
433 2757 508 2807 μεθ’
534 2752 572 2796 οὗ
598 2758 715 2810 Πατρὶ
743 2757 838 2806 δόξα,
861 2758 972 2811 τιμὴ,
989 2759 1129 2813 κράτος,

108 2815 168 2854 σὺν
197 2819 246 2869 τῷ
278 2817 365 2871 ἁγίῳ
394 2817 596 2870 Πνεύματι,
623 2823 682 2859 νῦν
708 2820 768 2860 καὶ
795 2821 871 2871 ἀεὶ,
897 2822 957 2860 καὶ
977 2824 1027 2866 εἷς
1052 2821 1132 2866 τοὺς

110 2879 235 2921 αἰῶνας
252 2880 321 2916 τῶν
338 2877 483 2918 αἰώνων.
503 2879 624 2931 Ἀμήν.

154 3460 163 3474 ’
179 3450 254 3481 lta-c
278 3450 319 3483 ad
339 3452 472 3485 verbum
499 3454 562 3486 sero·
587 3463 658 3488 <unt
687 3467 716 3487 ιιι
737 3456 879 3490 Humilia
898 3456 1109 3501 pr-rcmlcuti.

1200 2577 1282 2607 sunt
1301 2567 1346 2606 de
1360 2581 1481 2606 mensa
1494 2581 1604 2619 egeno
1617 2568 1773 2619 dederis,
1786 2571 1983 2610 Dominum
1999 2573 2045 2611 ad
2061 2589 2159 2614 men-

1198 2645 1275 2669 sam
1298 2629 1432 2669 vocasti
1452 2643 1516 2682 per
1534 2643 1692 2678 servum,
1714 2639 1747 2668 et
1766 2630 1865 2669 illam
1881 2641 1990 2672 totam
2014 2636 2080 2673 Dei
2099 2636 2158 2674 bc-

1198 2691 1464 2731 ncdictionibus
1501 2690 1684 2743 replevisti
1703 2721 1712 2740 ,
1753 2691 1952 2746 oblatisque
1986 2698 2156 2749 primitiis

1197 2753 1393 2791 maximam
1423 2752 1643 2790 occasionem
1672 2761 1731 2790 tua
1751 2757 1970 2806 promtuaria
1990 2759 2156 2810 plurimis

1198 2813 1397 2867 complendi
1429 2813 1532 2851 bonis
1560 2814 1756 2866 praebuisti.
1781 2817 1878 2854 Deus
1907 2828 2027 2857 autem
2057 2822 2153 2873 pacis
2170 2851 2197 2869 2,
2227 2840 2299 2868 134„
2323 2853 2355 2872 ,,,

1197 2885 1230 2914 et
1246 2875 1415 2924 caritatis,
1430 2874 1492 2926 qui
1513 2874 1573 2912 dat
1590 2889 1717 2928 panem
1733 2875 1778 2914 ad
1799 2873 2102 2927 manducandum,
2119 2894 2150 2921 et
2171 2892 2217 2911 ¹⁰·

1196 2951 1313 2977 semen
1328 2937 1528 2985 seminanti,
1544 2946 1699 2974 vesu-am
1715 2949 1906 2978 sementem
1923 2943 2150 2996 multiplicet,

1196 3009 1229 3039 et
1249 3008 1374 3052 augeat
1401 2999 1615 3037 incrementa
1642 2998 1787 3050 frugum
1805 3001 1954 3052 justitia:
1978 3004 2014 3042 in
2035 3008 2150 3045 omni—

1198 3064 1265 3100 bus
1297 3061 1410 3109 vobis,
1443 3074 1544 3098 suam
1573 3059 1663 3098 (lans
1683 3062 1849 3113 gratiam,
1884 3078 2015 3115 nosque
2045 3082 2150 3116 regno

1198 3124 1365 3163 cmlorum
1396 3121 1563 3174 dignetur
1590 3138 1597 3159 :
1635 3123 1738 3176 cujus
1765 3137 1828 3163 nos
1855 3127 2045 3180 participes
2074 3131 2149 3168 fieri

1200 3184 1405 3235 contingat,
1424 3182 1537 3235 gratia
1566 3191 1600 3222 ct
1629 3183 1848 3238 benignitate
1868 3189 2011 3226 Domini
2040 3194 2147 3230 nostri

1200 3248 1283 3286 Jcsu
1303 3244 1452 3294 Christi,
1469 3257 1550 3282 cum
1571 3258 1642 3296 quo
1659 3245 1754 3284 Patri
1779 3247 1904 3298 gloria,
1932 3249 2058 3297 honor,
2084 3252 2148 3290 im-

1198 3306 1350 3360 perium,
1370 3319 1440 3344 una
1459 3319 1541 3345 cum
1560 3305 1700 3359 Spiritu
1723 3317 1854 3357 sancto,
1880 3324 1973 3347 nunc
1996 3320 2027 3348 et
2056 3326 2146 3350 scm-

1199 3383 1275 3421 pcr,
1293 3377 1323 3406 ct
1346 3368 1379 3406 in
1404 3367 1530 3406 saecula
1557 3369 1779 3408 soeculorum.
1814 3373 1933 3408 Amen.

1904 3528 1948 3550 ὁ]
