2483 3791
304 143 390 190 12ss
707 156 745 185 S.
782 153 961 185 JOANNIS
995 152 1243 183 CHRYSOST.
1282 152 1488 182 ARCHIEP.
1525 150 1877 180 CONSTANTINOP-

291 241 353 290 tia,
373 252 552 278 summam
572 239 740 277 virtutem
759 238 946 289 attingere,
965 234 1184 274 reconditam
1196 235 1247 272 ef-
1315 250 1392 284 μεν,
1410 232 1471 271 καὶ
1501 235 1570 270 τῶν
1597 235 1729 283 μικρῶν
1759 232 1820 270 καὶ
1848 233 1994 270 εὐτελῶν
2028 225 2116 270 εἶναι
2149 231 2340 270 δοκούντων

291 302 414 353 fugere
430 314 586 353 poenam,
601 308 635 338 et
659 309 787 337 aeterna
809 297 975 348 consequi
1001 297 1108 342 hona,
1132 294 1247 346 gratia
1316 292 1595 344 ἁμαρτημάτων,
1629 292 1697 330 εἴτε
1724 295 1760 331 ἐν
1791 293 1925 343 λόγοις,
1954 292 2022 330 εἴτε
2053 294 2088 330 ἐν
2119 292 2337 344 πράγμασιν,

291 371 325 400 et
345 361 564 412 benignitate
593 360 740 398 Domini
762 359 873 397 nostri
892 360 975 397 Jesu
997 355 1144 401 Christi,
1165 367 1247 392 cum
1315 354 1509 406 ἀπέχεσθαι
1550 354 1808 404 σπουδάζωμεν.
1838 354 1944 392 Οὕτω
1972 353 2040 405 γὰρ
2075 353 2238 392 οὐδέποτε
2274 360 2345 395 τοῖς

292 437 364 474 quo
383 422 480 461 Patri
510 430 698 471 sanctoque
728 419 882 471 Spiritui
910 418 956 455 sit
983 415 1111 467 gloria,
1134 414 1246 466 impe·
1297 415 1452 465 ,μείζοσι
1481 413 1762 466 περιπεσούμεθα
1786 418 1854 452 τῶν
1882 414 2162 468 ἁμαρτημάτων,
2189 414 2247 452 ἐὰν
2271 418 2341 452 τῶν

292 483 402 529 rium,
417 483 544 531 honor,
563 495 655 519 nunc
675 489 707 518 et
724 493 875 531 semper,
892 477 977 516 etin
991 474 1120 514 saecula
1138 488 1248 512 saecu-
1321 480 1455 528 μικρῶν
1475 475 1756 528 οάποο-χώμεθα·
1777 476 1838 514 καὶ
1858 480 1917 514 τοῦ
1935 476 2061 528 χρόνου
2081 477 2260 528 προϊόντος
2289 477 2345 514 ’δυ-

294 543 426 582 lorum.
452 546 578 580 Amen.
1319 537 1496 588 νησόμεθα
1527 537 1587 574 καὶ
1622 540 1685 583 τῆς
1719 536 1846 574 ἄνωθεν
1882 540 1990 588 ῥοπῆς
2023 537 2257 576 ἀπολαύοντες
2281 540 2343 583 τ-’ῆς

1322 599 1431 651 ἄκρας
1445 600 1571 649 ἀρε-..ἦς
1585 597 1814 635 ἐπιλαὸέσθαι
1825 627 1834 644 ,
1851 596 1911 634 καὶ
1926 597 1993 644 τὴν
2011 598 2155 635 κόλασιν
2168 599 2347 651 διαφυγεῖν

1322 658 1385 705 τὴν
1417 657 1666 708 ἀποκειμένην,
1692 657 1751 695 καὶ
1784 661 1852 695 τῶν
1883 657 2032 695 αἰωνίων
2066 661 2203 709 ἀγαθῶν
2226 661 2349 696 ἐπιτυ-

1323 726 1412 772 χεῖν,
1442 719 1592 772 ἀχάριτι
1622 719 1681 757 καὶ
1718 719 1960 772 φιλανθρωπίᾳ
1994 722 2053 757 τοῦ
2084 719 2213 771 Κυρίου
2247 723 2349 770 ἡμῶν

1325 781 1442 828 Ἰησοῦ
1472 782 1644 834 Χριστοῦ,
1666 783 1740 831 μεθ’
1769 775 1808 818 οὗ
1836 783 1886 833 τῷ
1914 780 2051 833 Πατρὶ,
2077 780 2151 831 ἅμα
2174 782 2225 832 τῷ
2262 781 2350 834 ἁγίῳ

1326 842 1509 892 Πνεύματι
1522 871 1531 888 ,
1552 842 1651 888 δόξα,
1672 842 1820 894 κράτος,
1842 841 1951 892 τιμὴ,
1969 845 2030 879 νῖν
2050 841 2110 879 καὶ
2129 841 2205 886 ἀεὶ,
2225 841 2285 879 καὶ
2305 844 2351 885 εἷς

1326 903 1405 947 τοὺς
1423 906 1550 947 αἰῶνας
1568 907 1637 942 τῶν
1653 903 1801 941 αἰώνων.
1817 904 1938 953 Ἀμήν.

1270 1001 1318 1026 206

604 1032 819 1070 HOMILIA
847 1030 950 1069 XIV.
1282 1039 1304 1067 A
1709 1027 1890 1064 OMIAIA
1920 1025 1973 1064 ιδ’.

102 1175 178 1202 Gen.
194 1180 221 1200 ι.
239 1170 284 1200 ι5.
302 1158 349 1196 Et
368 1155 504 1209 accepit
524 1154 700 1193 Dominus
718 1155 818 1191 Deus
834 1150 1036 1200 hominem,
1053 1163 1159 1200 quem
1186 1149 1259 1186 tor-
1328 1148 1399 1188 Καὶ
1416 1148 1520 1187 {taes
1539 1147 1666 1201 Κύριος
1685 1151 1703 1186 ὁ
1721 1147 1812 1190 Θεὸς
1839 1147 1898 1185 τὸν
1917 1147 2172 1201 ἄνθρωπονξὸν
2199 1148 2328 1186 ἔπλασε
2341 1177 2351 1196 ,

354 1218 487 1265 mavit,
504 1225 538 1254 et
563 1215 683 1268 posuit
705 1228 787 1252 eum
809 1213 844 1250 in
863 1211 1032 1265 paradiso
1050 1210 1258 1263 voluptatiS,
1381 1210 1439 1247 καὶ
1458 1210 1553 1248 ἔθετο
1572 1209 1673 1246 αὐτὸν
1693 1209 1727 1246 ἐν
1746 1211 1796 1260 τῷ
1821 1208 2024 1261 παραδείσῳ
2051 1211 2112 1255 τῆς
2128 1213 2279 1262 τρυφῆς,
2297 1212 2356 1261 ἐρ-

356 1288 394 1317 ut
412 1286 618 1331 operaretur
636 1285 670 1314 et
689 1273 882 1313 custodiret
902 1273 1018 1311 illum.
1382 1271 1545 1321 γάζεσθαι
1565 1272 1666 1309 αὐτὸν
1681 1271 1742 1309 καὶ
1762 1271 1963 1322 φυλάσσειν.

357 1404 392 1439 1.
408 1403 557 1449 Iterum,
576 1399 606 1437 si
624 1398 743 1447 vultis,
761 1398 935 1435 hesternae
962 1394 1142 1434 concionis
1159 1393 1262 1432 seriei
1382 1395 1512 1442 Πάλιν,
1536 1397 1564 1433 εἷ
1592 1394 1755 1445 βούλεσθε
1768 1423 1777 1441 ,
1806 1393 1866 1432 καὶ
1886 1394 2037 1447 σήμερον
2065 1396 2127 1440 τῆς
2155 1393 2358 1436 ἀκολουθίας

302 1462 410 1501 hodie
428 1462 641 1509 insistentes,
658 1460 743 1497 hinc
765 1459 870 1497 vobis
885 1457 1111 1510 spiritualem
1127 1456 1261 1494 doctri-
1330 1460 1399 1495 τῶν
1417 1456 1498 1508 χθὲς
1522 1455 1714 1507 εἰρημένων
1737 1454 1930 1507 ἁψάμενοι,
1947 1457 2098 1493 ἐντεῦθεν
2123 1458 2202 1505 ὑμῖν
2219 1454 2283 1501 τὴν
2304 1455 2359 1492 δι-

302 1538 388 1562 nam
397 1532 584 1561 contexere
599 1520 817 1559 curabimus.
830 1520 947 1558 Multa
959 1518 1099 1556 enimin
1115 1518 1169 1566 iis,
1183 1532 1262 1568 quae
1331 1518 1524 1556 δασκαλίαν
1549 1516 1613 1563 τὴν
1640 1515 1882 1566 πνευματικὴν
1915 1518 2042 1568 ὑφᾶναι
2068 1521 2083 1538 ³
2102 1516 2357 1566 σπουδάσομεν.

304 1584 413 1622 modo
431 1593 514 1622 sunt
531 1584 633 1630 lecta,
654 1581 836 1620 recondita
851 1581 906 1619 vis
923 1589 987 1627 est,
1001 1585 1035 1618 e't
1052 1594 1118 1632 par
1132 1589 1184 1618 est
1199 1594 1262 1617 nos
1330 1578 1454 1626 Πολλὴ
1471 1578 1543 1630 ’γὰρ
1562 1577 1621 1615 καὶ
1640 1580 1708 1614 τῶν
1725 1576 1925 1629 πρόσφατον
1951 1577 2243 1628 ἀναγνωσθέντων
2260 1582 2282 1624 ἡ
2298 1579 2357 1629 ἐγ-

304 1644 342 1682 in
361 1642 539 1696 profunda
557 1650 800 1695 penetrantes,
827 1649 931 1691 atque
951 1648 1113 1677 accurate
1144 1639 1263 1677 omnia
1286 1651 1308 1680 Β
1331 1639 1553 1691 κεκρυμμένη
1581 1638 1725 1688 δύναμις
1742 1667 1750 1683 ,
1772 1639 1832 1676 καὶ
1860 1639 2031 1690 προσήκει
2065 1638 2150 1691 πρὸς
2184 1638 2223 1676 τὸ
2256 1638 2359 1689 βάθος

306 1705 547 1758 explorantes,
565 1704 707 1741 lucrum
737 1702 820 1740 inde
846 1701 1046 1753 decerpere.
1072 1702 1161 1738 Nam
1181 1701 1212 1738 si
1238 1700 1265 1738 ii
1330 1706 1424 1752 ἡμᾶς
1448 1700 1652 1746 καθιέντας,
1670 1699 1729 1737 καὶ
1759 1699 1898 1738 ἅπαντα
1919 1699 2008 1751 μετὰ
2029 1699 2210 1752 ἀκριὸείας
2230 1700 2358 1752 διερευ-

306 1767 369 1818 qui
388 1766 560 1819 pretiosos
577 1764 716 1816 lapides
734 1763 769 1800 in
783 1762 873 1800 mari
896 1762 1084 1812 exquirere
1103 1761 1264 1813 cupiunt,
1332 1761 1545 1812 νησαμένους
1564 1762 1603 1799 τὸ
1624 1762 1656 1806 ἐξ
1677 1763 1789 1798 αὐτῶν
1805 1760 2073 1813 καρπώσασθαι.
2090 1763 2133 1799 Εἰ
2152 1761 2220 1813 γὰρ
2237 1765 2267 1800 οἱ
2282 1762 2361 1805 τοὺς

307 1836 446 1865 tantum
460 1826 620 1864 laborem
634 1833 667 1861 et
684 1823 883 1861 molestiam
903 1822 1067 1871 subeunt,
1085 1822 1267 1874 incompo·
1334 1824 1403 1862 ἀπὸ
1423 1827 1484 1869 τῆς
1513 1822 1689 1868 θαλάσσης
1718 1821 1834 1864 λίθους
1866 1822 2038 1874 εὑρίσκειν
2059 1822 2283 1873 βουλόμενοι,
2303 1839 2361 1861 το-

308 1888 395 1926 sitos
424 1899 599 1937 aquarum
626 1885 758 1922 fluctus
785 1883 969 1932 adeuntes,
991 1891 1031 1919 ut
1056 1882 1185 1934 optatis
1203 1896 1266 1935 po-
1334 1888 1456 1923 σοῧτον
1483 1883 1585 1922 πόνον
1601 1882 1660 1920 καὶ
1680 1883 1923 1935 ταλαιπωρίαν
1944 1883 2173 1933 ὑπομένουσι,
2198 1882 2271 1936 1’τῇ
2291 1887 2360 1922 τῶν

308 1949 443 1986 tiantur
461 1963 468 1984 :
484 1947 598 1984 multo
620 1945 734 1996 magis
750 1958 814 1982 nos
831 1943 992 1981 animum
1011 1942 1190 1981 intendere
1204 1957 1268 1996 par
1335 1945 1470 1983 ὑδάτων
1491 1944 1583 1996 ῥύμῃ
1606 1943 1746 1987 ἑαυτοὺς
1763 1944 1954 1987 ἐκδιδόντες
1966 1975 1976 1992 ,
1994 1943 2052 1981 ἵνα
2073 1947 2141 1982 τῶν
2163 1946 2362 1988 σπουδαζο-

308 2019 375 2059 est,
392 2019 430 2047 ut
443 2007 666 2061 perlustratis
685 2007 729 2044 iis
749 2020 825 2057 quae
844 2007 879 2043 in
896 2005 1073 2058 profundo
1087 2005 1268 2043 dictorum
1336 2007 1448 2057 μένων
1481 2005 1696 2057 ἐπιτύχωσι·
1724 2007 1844 2057 πολλῷ
1878 2007 2008 2056 μᾶλλον
2043 2009 2137 2056 ἡμᾶς
2175 2007 2362 2045 ἀκόλουθον

307 2068 439 2119 latent,
460 2070 511 2107 sic
532 2069 703 2121 pretiosos
732 2067 814 2104 illos
836 2067 973 2119 lapides
1008 2067 1266 2104 nanciscamur.
1336 2073 1510 2106 συντεῖναι
1530 2067 1593 2113 τὴν
1610 2067 1776 2114 διάνοιαν,
1797 2066 1856 2104 καὶ
1868 2066 1915 2111 ,τὰ
1932 2069 1966 2104 ἐν
1981 2069 2030 2119 τῷ
2055 2069 2154 2118 βάθει
2170 2068 2364 2107 κατοπτεύ-

309 2131 381 2169 Sed
403 2130 611 2177 netimeas,
632 2128 783 2176 dilecte,
804 2142 885 2165 cum
906 2127 1125 2181 profundum
1153 2126 1267 2164 audis.
1337 2144 1465 2171 σαντας
1499 2132 1567 2166 τῶν
1605 2128 1812 2180 εἰρημένων,
1846 2128 1936 2165 οὕτω
1968 2132 2037 2167 τῶν
2067 2129 2194 2180 τιμίων
2231 2130 2363 2169 τούτων

309 2193 391 2229 Non
410 2190 507 2228 enim
522 2190 582 2227 hic
599 2189 752 2240 impetus
767 2197 817 2226 est
833 2188 1059 2225 aestuantium
1077 2187 1267 2235 undarum,
1291 2205 1315 2235 C
1335 2189 1440 2227 λίθων
1471 2189 1710 2227 ἐπιλαδέσθαι,
1731 2188 1834 2226 Ἀλλὰ
1856 2188 1904 2239 μὴ
1937 2189 2072 2241 δείσῃς,
2094 2191 2275 2242 &mn-423,
2298 2192 2363 2243 βά-

310 2251 372 2290 sed
390 2251 546 2303 Spiritus
569 2250 682 2301 gratia
708 2258 860 2287 mentem
880 2258 1039 2286 nostram
1069 2248 1266 2297 illustram,
1337 2254 1393 2293 θος
1421 2250 1568 2288 ἀκούων.
1589 2252 1642 2288 Οὐ
1671 2250 1739 2301 γάρ
1761 2252 1853 2288 ἐστιν
1879 2251 2027 2288 ἐνταῦθα
2058 2251 2192 2290 ὑδάτων
2219 2252 2367 2296 ἄτακτος

309 2327 387 2365 quae
404 2312 444 2350 id
462 2320 620 2364 praestat,
644 2320 682 2348 ut
698 2311 846 2362 quaesita
867 2309 1008 2347 facilius
1025 2309 1268 2359 inveniantur,
1338 2311 1425 2364 φορὰ
1441 2343 1450 2359 ‚
1473 2311 1564 2350 ἀλλὰ
1593 2311 1801 2361 Πνεύματος
1832 2311 1934 2363 χάρις
1963 2313 2232 2363 χαταυγάζουσα
2264 2317 2365 2365 ἡμῶν

311 2383 345 2413 et
363 2373 523 2411 laborem
542 2386 684 2409 omnem
702 2372 818 2409 levem
847 2371 968 2409 efficit.
996 2370 1081 2408 Illos
1108 2379 1200 2408 certe
1219 2370 1270 2408 la-
1338 2373 1401 2420 τὴν
1422 2373 1587 2419 διάνοιαν,
1606 2373 1665 2411 καὶ
1685 2373 1746 2419 τὴν
1781 2372 1912 2425 εὕρεσιν
1933 2376 2001 2411 τῶν
2035 2374 2253 2425 ζητουμένων
2290 2377 2366 2426 μετ’

311 2435 418 2488 pillos
444 2433 620 2471 invenisse
649 2441 866 2470 scrutantem
889 2446 956 2470 non
980 2431 1135 2469 multum
1149 2431 1268 2483 juvat,
1338 2434 1494 2478 εὐκολίας
1511 2437 1595 2484 ἡμῖν
1615 2434 1860 2486 παρεχομένη,
1878 2435 1939 2472 καὶ
1960 2435 2076 2473 πάντα
2095 2435 2198 2474 πόνον
2221 2438 2366 2474 ἐπικου-

313 2510 403 2547 saepe
427 2504 546 2533 autem
575 2494 606 2531 ei
640 2494 784 2540 nocuit,
810 2503 845 2531 et
873 2493 972 2531 mille
998 2492 1269 2544 naufragiorum
1339 2495 1492 2548 φίζουσα.
1522 2494 1688 2533 Ἐκείνων
1711 2494 1773 2545 μὲν
1801 2489 1858 2532 οὖν
1890 2499 1958 2534 τῶν
1992 2496 2096 2534 λίθων
2117 2499 2138 2542 ἡ
2169 2496 2301 2549 εὕρεσις
2329 2498 2366 2536 οὗ

312 2571 418 2595 causa
433 2557 516 2606 fuit,
532 2570 596 2594 nec
618 2565 753 2593 tantam
774 2554 962 2608 reperienti
982 2554 1144 2592 laetitiam
1165 2568 1271 2606 pepe-
1340 2557 1471 2609 σφόδρα
1488 2556 1602 2603 ὤνησε
1631 2556 1688 2594 τὸν
1717 2555 1927 2608 ἐπιτυχόντα
1940 2585 1949 2602 ,
1970 2557 2140 2600 πολλάκις
2162 2557 2197 2595 δὲ
2218 2558 2277 2595 καὶ
2303 2573 2367 2595 κα-

313 2619 374 2665 rit,
395 2627 566 2668 quantam
595 2617 744 2669 repertis
773 2617 847 2654 illis
878 2615 1078 2654 molestiam
1107 2624 1274 2668 expertus
1341 2617 1514 2669 τέβλαψε,
1532 2616 1591 2654 καὶ
1613 2617 1744 2668 μυρίων
1756 2617 1931 2668 ναυαγίων
1946 2617 2106 2660 ὑπόθεσις
2122 2619 2215 2669 αὐτῷ
2228 2617 2366 2669 γέγονε,

314 2689 379 2729 est,
401 2678 609 2716 invidorum
629 2692 754 2730 nempe
773 2677 886 2715 oculis
918 2678 1109 2715 adversum
1129 2690 1164 2714 se
1185 2690 1273 2714 con-
1342 2679 1402 2716 καὶ
1420 2680 1457 2716 οὐ
1480 2678 1649 2724 τοσαύτην
1672 2679 1741 2716 ἀπὸ
1768 2681 1830 2724 τῆς
1858 2677 2023 2730 εὑρέσεως
2053 2678 2286 2729 ἐκαρπώσατο
2305 2678 2366 2726 τὴν

316 2740 448 2788 citatis,
467 2749 500 2777 et
519 2739 636 2777 avaris
656 2739 703 2777 ad
721 2739 857 2776 bellum
880 2738 949 2776 sibi
971 2737 1192 2775 inferendum
1211 2752 1273 2775 ar-
1342 2740 1569 2792 εὐφροσύνην,
1591 2740 1674 2785 ὅσην
1706 2738 1795 2789 μετὰ
1817 2738 1880 2785 τὴν
1901 2738 2035 2791 εὕρεσιν
2055 2739 2117 2785 τὴν
2140 2738 2263 2786 ἀηδίαν
2283 2739 2368 2778 ὑπέ-

316 2802 432 2839 matis.
454 2802 506 2839 lta
528 2815 597 2838 non
614 2799 719 2838 modo
745 2800 880 2837 nullam
899 2799 1088 2836 utilitatem
1109 2799 1144 2836 in
1161 2799 1275 2837 vitam
1344 2816 1438 2850 μεινε
1467 2798 1547 2841 τοὺς
1575 2801 1642 2836 τῶν
1675 2799 1858 2850 βασκάνων
1883 2799 2080 2851 ὀφθαλμοὺς
2119 2800 2369 2853 ἀναπτερώσας

319 2862 492 2900 inducunt
514 2862 641 2914 reperti
672 2862 725 2899 illi
745 2861 904 2913 lapides;
922 2860 985 2898 sed
1009 2860 1115 2898 etiam
1143 2860 1275 2898 multo·
1298 2875 1322 2904 J)
1343 2860 1421 2898 καθ’
1441 2863 1563 2898 ἑαυτοῦ
1577 2890 1586 2905 ,
1602 2858 1679 2902 τοὺς
1699 2860 1906 2903 πλεονέκτας
1927 2861 2096 2913 διεγείρας
2124 2863 2170 2904 εἷς
2198 2862 2256 2900 τὸν
2293 2864 2370 2899 κατ’

318 2933 402 2962 runt
421 2933 502 2961 sunt
517 2938 621 2961 causa
640 2923 829 2961 bellorum.
845 2922 1014 2960 Avaritiae
1032 2935 1183 2972 namque
1196 2935 1271 2959 ma·
1344 2924 1448 2960 αὐτοῦ
1470 2923 1634 2971 πόλεμον.
1650 2921 1772 2963 Οὕτως
1794 2923 1831 2959 οὐ
1864 2921 1964 2971 μόνον
1988 2922 2084 2961 οὐδὲν
2106 2923 2226 2974 ὄφελος
2252 2924 2299 2967 εἷς
2313 2922 2372 2960 τὸν

1723 2982 1731 2993 t

319 2985 409 3022 teria
430 2994 497 3033 est,
515 2995 547 3023 et
564 2986 741 3022 caminum
765 2983 974 3037 cupiditatis
992 2982 1194 3032 incendens,
1216 2997 1273 3021 eo·
1346 2983 1418 3033 βίον
1439 2983 1570 3033 εἰσάγει
1587 2983 1644 3020 τὸν
1659 2985 1830 3032 ἧμε-νον
1846 2986 1867 3028 ἡ
1886 2983 2025 3022 ἐκείνων
2043 2983 2175 3036 εὕρεσις
2187 3015 2196 3031 ,
2209 2983 2299 3022 ἀλλὰ
2313 2983 2372 3021 καὶ

367 3135 380 3148 ··
397 3123 493 3157 Colb.
513 3136 596 3156 unus
616 3132 648 3155 et
664 3124 686 3157 S
699 3122 767 3156 nvil.
794 3126 825 3156 iu
844 3132 938 3156 textu
963 3128 1157 3167 ἀπεχώμεθα.
1177 3121 1277 3156 Savil.
1299 3122 1330 3156 in
1365 3121 1534 3163 derantur,
1551 3134 1611 3155 nec
1629 3121 1711 3155 lecta
1729 3131 1804 3155 sunt
1821 3123 1864 3155 ab
1881 3125 2078 3165 Interprcte.

324 3179 488 3219 margine,
507 3175 622 3208 Morel.
641 3184 673 3207 et
689 3175 742 3208 alii
760 3182 976 3219 ἀπεχώμεθα.
1410 3185 1423 3199 ³¹
1440 3178 1656 3217 Σπουῧάτομει.
1673 3174 1728 3208 Sic
1747 3175 1841 3207 multi
1867 3177 1941 3208 Mss.
1961 3184 1993 3208 et
2018 3174 2106 3208 Saxi!
2127 3188 2136 3218 ς
2154 3175 2267 3210 Morcl.
2289 3191 2373 3210 σπω-

367 3230 382 3254 d
401 3231 479 3261 Post
506 3235 651 3271 ἐπιτυχεῖν
674 3226 810 3259 additur
837 3229 867 3259 in
894 3227 996 3261 Savil.
1018 3230 1057 3260 ὧν
1085 3234 1196 3270 γένοιτο
1220 3232 1332 3264 πάντας
1369 3230 1513 3269 ἐάσωμεν.

324 3288 402 3319 ἡμᾶς
419 3286 602 3318 ducimur,
622 3282 653 3312 in
671 3279 786 3311 Morel.
809 3291 884 3311 vero
911 3283 949 3313 ὧν
976 3287 1087 3322 γένοιτο
1114 3286 1226 3318 πάντας
1254 3285 1331 3321 ἡμᾶς
1413 3280 1425 3303 h
1447 3280 1524 3321 neg.
1542 3291 1626 3311 uuus
1645 3287 1680 3315 τῆ
1698 3289 1755 3312 τῶν
1772 3284 1909 3313 ἁπάντων
1926 3281 2051 3312 *fibra-2.

325 3342 480 3376 ἐπιτυχεῖν.
503 3332 565 3365 Sed
584 3333 669 3364 haec.
691 3340 803 3374 utpote
828 3331 1009 3374 superflua,
1026 3334 1057 3364 in
1076 3342 1128 3364 sex
1147 3332 1221 3363 Mss.
1245 3329 1329 3363 desi-
