2516 3791
341 135 434 195 774

337 230 453 267 Adam
471 228 636 282 ejecerit?
651 229 678 266 F
680 242 720 266 ac
746 229 838 266 bona
859 241 975 279 opera,
994 226 1162 263 virtutem
1179 238 1290 262 aemu-

782 147 820 176 S.
846 146 1037 176 JOANMS
1072 142 1318 172 CHRYSOST.
1358 143 1569 173 ARcfflEP.
1609 144 1975 175 CONSTANTINOP-

1365 229 1456 262 τεῖτε
1471 225 1554 276 γὰρ,
1579 225 1694 277 φησὶν,
1711 227 1829 264 ἐπάνω
1850 227 1958 278 ὄφεων
1977 229 2036 266 καὶ
2052 229 2239 283 σκορπίων,
2254 230 2313 267 καὶ
2330 231 2387 268 ἐπὶ

335 290 409 328 lare
416 306 428 341 3
450 304 514 328 nec
528 291 605 342 jam
622 289 844 343 paradisum,
861 287 923 325 sed
937 287 1004 324 tibi
1022 286 1148 323 caelum
1159 298 1289 334 resero,
1303 315 1350 340 653
1366 291 1482 323 πᾶσαν
1502 285 1566 333 τὴν
1591 287 1736 336 δύναμιν
1764 291 1824 326 τοῦ
1850 290 1988 340 ἐχθροῦ.
2025 291 2101 328 Οὐκ
2121 283 2227 339 εἶπεν,
2247 291 2386 343 ἄρχετε,

336 366 450 403 neque
469 351 653 403 permitto,
680 360 719 387 ut
747 364 792 387 ex
813 348 921 401 primi
943 347 1100 399 parentis
1119 347 1291 399 praevari-
1315 355 1340 383 A
1366 343 1524 396 καθάπερ
1541 343 1598 382 ἐπὶ
1615 346 1685 381 τῶν
1705 345 1846 398 θηρίων,
1859 347 1964 397 ἀλλὰ,
1982 349 2135 387 Πατεῑτε
2146 379 2156 397 ,
2175 350 2387 400 ἐπιτεταμέ-

335 413 472 452 catione
486 412 572 450 mali
597 411 663 449 tibi
688 410 885 461 quidquam
900 408 1077 447 obveniat.
1098 412 1154 446 An
1172 408 1289 460 luges,

335 474 430 525 quod
459 473 641 513 dominatu
665 471 701 508 in
720 471 812 508 feras
830 471 994 523 privatus
1013 469 1089 508 sis?
1111 470 1203 508 Ecce
1225 469 1292 507 tibi

335 535 511 572 daemones
545 546 685 584 quoque
716 532 884 584 subjicio,
914 532 945 569 si
972 531 1064 571 velis
1094 531 1287 569 attendere.

338 595 498 634 calcate
526 606 691 643 namque,
721 592 852 643 inquit,
889 606 1007 644 supra
1034 601 1226 644 serpentes
1255 601 1293 630 et

335 658 566 707 scorpiones,
583 663 621 692 ec
632 667 746 705 super
758 667 910 691 omnem
925 657 1110 691 virtutem
1125 656 1286 693 inimici.

333 718 458 767 Neque
472 715 582 765 dixit,
596 715 855 763 Dominamini,
869 724 908 752 ut
923 729 1003 753 cum
1017 715 1062 753 (le
1075 715 1198 754 bestiis
1211 730 1291 769 age-

333 786 399 826 ret,
421 776 497 827 sed,
517 777 692 823 calcate,
716 784 756 814 ut
774 790 956 814 summum
975 776 1157 816 induceret
1174 777 1291 816 domi-

335 848 470 877 natum.

134 614 320 653 L11c.1o.19.

387 909 425 946 5.
451 910 641 960 Propterea
667 906 801 945 Paulus
817 921 958 959 quoque
979 922 1050 946 non
1069 908 1177 958 dixit,
1193 910 1291 947 Deus

335 968 497 1021 subjiciet
515 977 674 1005 satanam
685 967 752 1004 suh
768 966 921 1019 pedibus
937 968 1075 1017 vestris,
1092 968 1167 1017 sed,
1183 971 1292 1007 Deus

334 1038 503 1069 conteret
529 1037 713 1068 satanam
740 1030 810 1067 sub
838 1029 999 1080 pedibus
1029 1033 1183 1068 vestris.
1210 1032 1291 1069 Non

329 1093 420 1144 jam,
437 1099 476 1128 ut
494 1089 609 1143 prius,
631 1092 718 1141 Ipse
737 1091 955 1127 observavit
975 1099 1090 1141 caput
1111 1099 1231 1137 taum,
1255 1100 1293 1129 et

335 1162 376 1191 tu
396 1155 513 1204 ipsius
544 1151 771 1188 calcaneum
801 1152 1022 1188 observabis
1041 1166 1052 1187 .·
1069 1151 1133 1189 sed
1155 1152 1291 1203 integra

334 1222 386 1251 est
406 1211 555 1251 w'ctoria
568 1241 578 1260 ,
602 1210 778 1262 perfectus
795 1210 1013 1263 triumphus,
1033 1212 1137 1265 plena
1157 1222 1290 1265 strages

333 1273 463 1322 hostis,
483 1271 691 1320 internecio,
719 1280 752 1309 et
773 1271 938 1309 exitium.
961 1273 1052 1311 Viro
1081 1283 1114 1311 te
1140 1275 1291 1327 subjecit

333 1334 437 1384 Eva,
459 1347 524 1385 ego
551 1346 636 1370 vero
655 1340 690 1369 te
709 1346 777 1370 non
799 1332 878 1370 viro
897 1341 1050 1384 tantum,
1073 1334 1132 1373 sed
1151 1345 1184 1373 et
1203 1336 1290 1388 ipsis

333 1395 469 1447 angelis
486 1395 620 1432 honore
635 1393 809 1444 aequalem
829 1393 954 1441 reddo,
975 1395 1005 1433 si
1025 1396 1128 1434 velis.
1151 1398 1238 1437 Vita
1257 1407 1291 1435 tc

334 1455 499 1509 praesenti
512 1454 669 1507 privavit
686 1470 693 1490 :
711 1468 776 1505 ego
794 1469 878 1492 vero
890 1456 1048 1495 futuram
1062 1458 1128 1496 tibi
1142 1458 1289 1511 largior,

334 1530 537 1569 perennem,
564 1515 812 1563 immortalem,
837 1525 870 1553 et
894 1516 997 1554 bonis
1018 1518 1212 1558 innumeris
1234 1535 1287 1558 re-

335 1578 567 1616 dundantem.
602 1577 715 1614 Nemo
742 1575 854 1627 igitur
882 1587 1027 1629 propter
1051 1579 1131 1617 illos
1157 1581 1292 1632 priores

133 1651 162 1678 si
175 1651 320 1681 volumus,
336 1639 466 1678 damno
482 1653 518 1676 se
536 1638 703 1675 affectum
719 1636 912 1675 arbitretur
926 1653 934 1674 ε
951 1639 1081 1677 etenim
1097 1640 1126 1678 si
1140 1641 1292 1680 velimus

133 1693 237 1761 fljffffi
255 1702 323 1760 gerg}
337 1698 466 1745 omnia,
479 1710 558 1748 quae
573 1695 676 1733 nobis
691 1694 888 1747 largiturus
904 1705 969 1747 est,
986 1699 1166 1749 persequi,
1181 1701 1293 1739 multo

133 1744 260 1813 parentis
337 1760 471 1812 majora
500 1757 574 1806 his,
593 1770 673 1808 quae
702 1755 903 1807 amisimus,
932 1759 1035 1797 nobis
1065 1774 1138 1798 esse
1163 1761 1294 1800 donata

133 1819 239 1844 wem
255 1825 322 1852 1³0⁵·
338 1821 608 1874 comperiemus.
635 1818 810 1856 Caeterum
831 1832 876 1855 ex
898 1818 956 1867 iis,
981 1835 1059 1872 quae
1078 1822 1174 1861 dieta
1193 1834 1290 1874 sunt,

135 1868 246 1886 sumus.
336 1883 381 1921 de
400 1881 544 1933 reliquis
558 1879 664 1917 etiam
679 1879 867 1917 constabit.
888 1880 1119 1921 Laboriosam
1136 1885 1293 1924 Adamas

336 1946 450 1983 w'tam
462 1942 623 1991 invexit5
642 1949 677 1978 at
694 1940 858 1978 Christus
875 1941 987 1980 vitam
1002 1945 1180 1997 promisit,
1199 1947 1294 1986 unde

336 2007 428 2058 fugit
446 2005 569 2052 dolor,
591 2002 732 2040 tristitia
744 2031 755 2050 ,
775 2010 808 2039 et
825 2003 998 2053 gemitus,
1019 2020 1126 2057 seque
1145 2022 1294 2060 regnum

135 2078 248 2108 Mauh.
270 2076 318 2106 25.
338 2069 504 2106 caelorum
518 2064 732 2115 largiturum
749 2062 950 2114 pollicetur.
971 2067 1106 2106 Venite
1124 2083 1293 2121 namque,

135 2119 281 2157 34.—36.
339 2128 469 2179 inquit,
492 2126 679 2164 benedicti
706 2124 838 2160 Patris
859 2129 945 2171 mei,
965 2130 1157 2178 possidete
1171 2145 1291 2182 para-

340 2201 420 2229 tum
455 2191 567 2227 vobis
600 2198 760 2236 regnam
790 2198 815 2220 a
839 2190 1114 2227 constitutione
1142 2193 1290 2230 mundi.

341 2254 498 2292 Esurivi
519 2251 635 2293 enim,
659 2254 695 2282 et
716 2245 875 2283 dediscis
905 2251 1001 2286 mihi
1029 2253 1267 2291 manducare
1282 2269 1292 2289 .-

341 2317 458 2359 ςίιίνί,
482 2320 515 2349 et
536 2309 696 2347 dedistis
715 2306 811 2342 milti
835 2307 962 2346 bibere
980 2325 991 2345 .·
1013 2312 1149 2363 hospes
1171 2328 1292 2364 eram,

343 2386 378 2415 et
392 2374 602 2426 collegistis
621 2383 680 2406 me
693 2383 702 2402 .-
715 2367 840 2404 nudus
855 2382 976 2417 eram,
996 2381 1031 2410 et
1045 2378 1296 2425 cooperuistis

137 2457 326 2494 Moralisepi-
343 2453 424 2477 me:
443 2440 485 2474 in
503 2445 671 2475 carcere,
695 2437 731 2465 et
755 2432 918 2468 venistis
944 2434 998 2469 ad
1016 2449 1085 2472 me.
1110 2435 1297 2486 Numquid

137 2498 229 2535 logos.
341 2500 452 2552 igitur
479 2510 541 2534 noS
571 2503 711 2545 quoque
734 2489 873 2528 beatam
907 2492 1006 2531 illam
1034 2509 1157 2534 vocem
1175 2497 1297 2535 audie-

340 2560 447 2599 mus?
468 2559 645 2611 Equidem
665 2568 733 2601 nOn
759 2556 954 2600 admodum
973 2557 1011 2595 id
1031 2557 1145 2595 ausim
1161 2572 1298 2598 asseve-

339 2637 437 2671 rare,
458 2624 655 2675 praesertim
675 2639 756 2663 cum
778 2632 950 2677 pauperes
973 2617 1076 2656 valde
1096 2629 1298 2658 contemna-

339 2698 430 2722 mus.
452 2685 586 2736 Jejunii
603 2695 742 2738 tempus
762 2695 826 2730 est,
844 2693 895 2722 tot
914 2682 1174 2721 cohortationes
1195 2682 1297 2731 fiunt,

341 2754 391 2782 tot
426 2746 593 2783 salutaria
627 2747 838 2785 documenta
875 2753 1142 2797 proponuntur,
1178 2757 1299 2795 preces

342 2807 537 2855 continuae,
555 2808 768 2858 quotidianze
787 2807 960 2853 collectae,
978 2804 1067 2856 quid
1087 2814 1202 2843 tamen
1222 2814 1301 2858 post

186 2887 329 2913 nomm,
343 2877 476 2906 tantam
496 2883 617 2907 curam
635 2870 701 2908 ista
716 2868 933 2923 proficiunt?
956 2867 1057 2905 Nihil
1072 2867 1189 2919 plane.
1208 2866 1300 2905 Hinc

139 2929 172 2981 {²⁴¹
195 2929 328 2984 '‘³¹⁹‘'m0·
344 2931 435 2969 enim
476 2930 674 2969 recedimus
721 2931 845 2969 ordine
885 2928 1058 2981 disposita
1103 2942 1300 2981 pauperum

139 2980 250 3007 ’indm'
342 2992 485 3043 agmina
512 2991 596 3029 hinc
619 2992 700 3030 iude
720 2992 891 3030 stantium
920 2990 1114 3038 intuentes;
1138 2999 1171 3027 et
1199 2989 1300 3041 quasi

343 3053 540 3100 columnas,
576 3067 643 3090 nou
676 3053 831 3090 humana
866 3065 1014 3104 corpora
1055 3065 1277 3089 cerneremus
1290 3080 1300 3099 ,

341 3115 392 3153 sic
437 3114 568 3165 absque
606 3113 846 3151 misericordia
894 3113 1129 3166 praeterimus.
1178 3113 1302 3164 Itaque

341 3190 410 3214 non
442 3190 541 3214 secus
573 3190 613 3213 ae
645 3176 673 3213 si
707 3185 838 3213 statuas
870 3175 986 3213 anima
1020 3184 1175 3213 carentes
1189 3205 1199 3224 ,
1231 3188 1299 3212 non

342 3238 514 3290 spirantes
561 3237 722 3275 hominos
767 3246 1003 3289 specim-emus
1017 3267 1026 3285 ,
1066 3236 1113 3274 ita
1154 3235 1300 3274 domum

344 3311 584 3350 properamus.
615 3296 808 3334 Enimvero
842 3297 949 3334 fames
972 3295 1081 3347 cogit,
1114 3295 1294 3347 inquiunt.

345 3360 419 3396 Iino
437 3358 582 3396 suadere
595 3357 697 3395 debet
714 3358 834 3400 smum,
849 3366 885 3394 ut
899 3357 1089 3401 subsistas;
1108 3356 1296 3408 siquidem,

134 985 222 1014 Rom.
245 982 291 1012 16.

133 1035 185 1055 20.

1366 419 1428 451 νην
1449 402 1596 455 εἰσάγων
1611 402 1675 450 τὴν
1695 404 1819 456 ἀρχήν.

1420 911 1489 950 Διὰ
1503 915 1604 949 τοῦτο
1627 912 1687 950 καὶ
1713 915 1731 950 ὁ
1751 912 1892 956 Παῦλος
1910 914 1972 951 οὐκ
1986 907 2079 951 εἶπεν
2092 944 2102 961 ,
2118 917 2136 952 ὃ
2155 913 2244 958 Θεὸς
2259 915 2391 953 ὑποτά-

1368 971 1416 1015 ξει
1435 973 1492 1010 τὸν
1513 980 1667 1010 σατανᾶν
1682 973 1750 1011 ὑπὸ
1768 974 1846 1017 τοὺς
1863 974 1970 1018 πόδας
1987 977 2102 1025 ὑμῶν,
2117 975 2194 1013 ἀλλ’
2210 1003 2220 1020 ,
2236 975 2281 1014 ‘O
2302 976 2392 1020 Θεὸς

1366 1033 1544 1086 συντρίψει
1562 1034 1621 1072 τὸν
1641 1041 1792 1073 σατανᾶν
1812 1035 1880 1073 ὑπὸ
1895 1034 1972 1078 τοὺς
1987 1036 2096 1079 πόδας
2109 1038 2219 1083 ὑμῶν.
2245 1037 2392 1084 Οὐκέτι,

1366 1095 1526 1147 καθάπερ
1544 1094 1725 1148 πρότερον,
1743 1095 1856 1140 Αὐτός
1884 1111 1943 1134 σου
1972 1097 2119 1148 τηρήσει
2138 1096 2307 1149 κεφαλὴν,
2334 1098 2393 1136 καὶ

1366 1153 1407 1194 σὺ
1439 1158 1542 1193 αὐτοῦ
1572 1155 1738 1208 τηρήσεις
1761 1156 1929 1210 πτέρναν·
1953 1157 2031 1194 ἀλλ’
2051 1157 2238 1209 ὁλόκληρος
2258 1160 2280 1204 ἡ
2296 1160 2390 1205 νίκη,

1364 1217 1516 1269 καθαρὸν
1535 1216 1575 1254 τὸ
1592 1216 1758 1269 τρόπαιον
1773 1247 1783 1265 ,
1802 1215 1974 1263 παντελὴς
1995 1219 2191 1269 ἀφανισμὸς
2209 1222 2268 1256 τοῦ
2290 1220 2393 1257 πολε-

1365 1277 1458 1328 μίου,
1490 1278 1548 1316 καὶ
1581 1278 1747 1330 συντριὲὴ
1761 1309 1771 1326 ,
1802 1279 1862 1317 καὶ
1889 1277 2059 1317 ἀπώλεια.
2093 1278 2266 1324 ‘Tne-:affici
2285 1295 2323 1318 σε
2342 1282 2392 1332 τῷ

1364 1340 1461 1391 ἀνδρὶ
1476 1343 1498 1386 ἡ
1518 1334 1611 1378 Effer·
1634 1341 1711 1377 ἀλλ’
1731 1339 1800 1391 ἐγώ
1815 1356 1854 1378 σε
1869 1342 1931 1378 οὐκ
1950 1341 2071 1393 ἀνδρὸς
2087 1340 2258 1392 ὁμότιμον
2277 1341 2392 1392 μόνον,

1364 1403 1454 1441 ἀλλὰ
1485 1402 1545 1440 καὶ
1578 1403 1691 1439 αὐτῶν
1733 1405 1823 1440 ποιῶ
1853 1405 1922 1439 τῶν
1953 1402 2110 1452 ἀγγέλων
2123 1433 2133 1450 ,
2168 1402 2227 1440 ἐὰν
2259 1401 2390 1454 ἐθέλῃς.

1364 1461 1599 1516 Ἀπεστέρησέ
1621 1478 1658 1500 σε
1685 1465 1747 1509 τῆς
1769 1462 1949 1514 παρούσης
1975 1464 2082 1509 ζωῆς·
2105 1462 2173 1515 ἐγὼ
2197 1462 2234 1501 δέ
2254 1478 2309 1502 σοι
2333 1463 2393 1500 καὶ

1363 1524 1426 1571 τὴν
1447 1523 1640 1574 μέλλουσαν
1660 1522 1873 1575 χαρίζομαι,
1900 1523 1964 1569 τὴν
1983 1523 2105 1574 ἀγήρω
2127 1524 2187 1561 καὶ
2206 1523 2392 1570 ἀθάνατον,

1365 1585 1424 1623 καὶ
1444 1584 1574 1637 μυρίων
1591 1583 1766 1636 γέμουσαν
1785 1586 1938 1635 ἀγαθῶν.
1965 1583 2098 1630 Μηδεὶς
2113 1584 2226 1622 τοίνυν
2243 1583 2301 1622 διὰ
2314 1584 2393 1627 τοὺς

1364 1645 1552 1698 προτέρους
1567 1644 1780 1696 ἐπηρεάσθαι
1797 1644 1968 1694 νομιζέτω
1985 1661 1991 1667 ·
2019 1645 2078 1682 καὶ
2095 1645 2162 1696 γὰρ
2179 1645 2218 1683 ἂν
2236 1645 2394 1692 θελήσω-

1368 1723 1430 1758 μεν
1448 1707 1590 1754 ἅπασιν,
1606 1701 1655 1748 οἷς
1673 1706 1840 1759 παρέχειν
1862 1706 2006 1756 μέλλει,
2033 1706 2226 1751 ἐπεξελθεῖν
2242 1738 2251 1755 ,
2274 1709 2393 1759 πολλῷ

1369 1769 1509 1820 μείζονα
1545 1768 1590 1807 τὰ
1621 1766 1763 1806 δοθέντα
1779 1796 1789 1813 ,
1820 1761 1867 1805 ὧν
1898 1769 1978 1805 ἀπω
2002 1767 2132 1819 έσαμεν
2145 1798 2156 1815 ,
2183 1768 2389 1819 εὑρήσομεν.

1367 1831 1451 1870 Ἀπὸ
1471 1830 1506 1870 δὲ
1524 1833 1592 1868 τῶν
1611 1829 1804 1884 εἰρημένων
1824 1829 1884 1867 καὶ
1900 1829 1944 1867 τὰ
1957 1829 2064 1867 λοιπὰ
2079 1830 2182 1876 δῆλα.
2208 1830 2290 1868 Βίον
2312 1830 2388 1868 ἐπί-

1370 1897 1500 1945 μοχθον
1517 1891 1700 1943 εἰσήγαγεν
1716 1894 1734 1929 ὃ
1749 1890 1872 1942 Ἀδάμ·
1893 1895 1910 1930 ὁ
1930 1890 2080 1944 Χριστὸς
2098 1889 2271 1944 ὑπέσχετο
2287 1890 2393 1937 ζωὴν,

1369 1954 1450 1992 ἔνθα
1469 1952 1605 2005 ἀπέδρα
1621 1952 1724 1999 ὀδύνη
1744 1952 1804 1990 καὶ
1818 1951 1912 1999 λύπη
1929 1952 1989 1990 καὶ
2008 1951 2200 2003 στεναγμὸς
2213 1982 2224 1999 ,
2253 1952 2312 1990 καὶ
2331 1951 2394 1998 τὴν
2446 1995 2447 1999 ¹

1371 2014 1550 2066 βασιλείαν
1587 2017 1656 2051 τῶν
1696 2014 1850 2065 οὐρανῶν
1891 2015 2091 2066 χαριεῖσθαι
2129 2012 2393 2064 ἐπαγγέλλεται.

1369 2078 1477 2113 Δεῦτε
1505 2074 1593 2126 γὰρ,
1626 2074 1750 2126 φησὶν,
1773 2076 1803 2112 οἱ
1827 2073 2053 2126 εὐλογημένοι
2077 2076 2136 2111 τοῦ
2156 2072 2296 2124 Πατρός
2318 2087 2395 2123 μου,

1371 2135 1661 2187 κληρονομήσατε
1695 2135 1758 2181 τὴν
1793 2135 2058 2185 ’ἡτοιμασμένην
2098 2137 2179 2185 ὑμῖν
2215 2132 2395 2185 βασιλείαν
2444 2134 2445 2138 ’

1371 2197 1441 2235 ἀπὸ
1459 2196 1659 2242 καταδολῆς
1683 2195 1828 2246 κόσμου.
1855 2195 2049 2234 Ἐπείνασα
2064 2194 2146 2246 γὰρ,
2168 2194 2227 2232 καὶ
2244 2194 2396 2232 ἐδώκατέ

1372 2273 1431 2309 μοι
1448 2263 1569 2310 φαγεῖν
1582 2272 1589 2279 ·
1618 2257 1779 2307 ἐδίψησα,
1799 2256 1859 2294 καὶ
1879 2255 2066 2295 ἐποτίσατέ
2087 2271 2148 2306 με·
2178 2255 2268 2300 ξένος
2282 2256 2392 2307 ἤμην,

1370 2318 1430 2356 καὶ
1446 2316 1656 2369 συνηγάγετέ
1673 2333 1717 2368 με
1731 2333 1738 2340 ·
1754 2317 1883 2368 γυμνὸς
1897 2317 2006 2366 ἥμην,
2024 2317 2083 2355 καὶ
2097 2317 2324 2369 περιεὸάλετέ
2339 2332 2394 2367 με·

1372 2381 1405 2417 ἓν
1422 2379 1574 2431 φυλακῇ,
1588 2377 1646 2415 καὶ
1661 2378 1784 2423 ἤλθετε
1801 2377 1887 2429 πρός
1904 2394 1958 2429 με.
1993 2372 2081 2431 Ἆρα
2099 2372 2155 2416 οῧν
2176 2377 2394 2428 ἀκουσόμεθα

1372 2439 1431 2477 καὶ
1446 2442 1549 2490 ’ἡμεῖς
1563 2442 1625 2485 τῆς
1641 2439 1817 2492 μακαρίας
1831 2439 1964 2485 ἐκείνης
1980 2443 2095 2492 φωνῆς
2109 2456 2117 2486 ;
2138 2441 2192 2478 Οὐ
2210 2438 2341 2491 σφόδρα
2355 2438 2394 2476 ἂν

1373 2500 1623 2552 ἰσχυρισαίμην
1638 2501 1706 2552 ἐγώ
1722 2515 1729 2523 ·
1746 2499 1859 2547 πολλὴ
1874 2499 1942 2554 γὰρ
1955 2503 2039 2552 παρ’
2056 2504 2141 2552 ἡμῖν
2155 2502 2223 2538 τῶν
2238 2499 2395 2546 πενήτων

1371 2566 1392 2609 ἢ
1425 2561 1609 2614 ὑπεροψία.
1646 2561 1822 2608 Νηστείας
1847 2562 1982 2613 καιρὸς,
2014 2561 2217 2613 παραίνεσις
2242 2560 2395 2606 τοσαύτη

1372 2623 1431 2661 καὶ
1448 2622 1656 2661 διδασκαλία
1671 2623 1851 2675 σωτηρίων
1867 2623 2101 2673 διδαγμοίτων,
2115 2622 2215 2674 εὐχαὶ
2230 2627 2397 2674 συνεχεῖς,

1374 2684 1535 2735 σύλλογοι
1555 2684 1793 2738 καθημερινοὶ,
1813 2683 1872 2722 καὶ
1885 2684 1920 2721 τί
1944 2684 2034 2735 μετὰ
2051 2684 2114 2731 τὴν
2133 2683 2303 2730 τοσαύτην
2323 2687 2397 2722 ἐπι-

1376 2745 1515 2797 μέλειαν
1538 2745 1679 2798 ὄφελος
1707 2745 1830 2784 Οὐδέν.
1862 2747 2128 2797 Ἀναχωροῧμεν
2156 2745 2224 2796 γὰρ
2244 2747 2396 2783 ἐντεῦθεν

1373 2807 1544 2859 ὁρμαθοὺς
1575 2806 1732 2853 πενήτων
1774 2809 1920 2859 ὁρῶντες
1957 2806 2142 2858 στοιχηδὸν
2185 2805 2396 2857 ἑκατέρωθεν

1375 2868 1571 2915 ἑστηκότων
1586 2884 1594 2892 ·
1625 2868 1685 2906 καὶ
1711 2867 1830 2920 ὥσπερ
1857 2868 1972 2911 κίονας
2003 2869 2187 2919 βλέποντες
2198 2898 2207 2915 ,
2227 2865 2306 2905 ἀλλ’
2337 2868 2398 2904 οὐκ

1374 2928 1574 2980 ἀνθρώπινα
1603 2928 1750 2979 σώματα
1761 2958 1770 2976 ,
1796 2929 1903 2971 οὕτως
1936 2929 2088 2975 ἀνηλεῶς
2116 2925 2396 2979 παρατρέχομεν.

1371 2989 1511 3041 (Ὠσπερ
1532 2984 1589 3028 οῧν
1606 2989 1811 3042 ἀνδριάντας
1829 2989 1992 3041 ἀψύχους,
2013 2988 2091 3027 ἀλλ’
2110 2991 2171 3026 οὐκ
2187 2987 2399 3038 ἐμπνέοντας

1373 3050 1575 3102 ἀνθρώπους
1596 3050 1794 3102 βλέποντες,
1821 3050 1929 3094 οὕτως
1957 3049 2075 3088 οἴκαδε
2091 3047 2311 3099 ἐπειγόμεθα.
2347 3047 2400 3085 Τὸ

1371 3112 1438 3164 γὰρ
1466 3115 1587 3162 πεινῇν
1617 3111 1872 3162 καταναγκάζει
1887 3141 1896 3155 ,
1919 3110 2014 3163 φησί.
2047 3109 2116 3148 Καὶ
2135 3109 2202 3160 μὴν
2220 3107 2259 3145 τὸ
2275 3111 2396 3159 πεινῇν
2428 3135 2430 3139 -

1372 3172 1522 3210 πειθέτω
1541 3172 1672 3223 μένειν·
1701 3176 1736 3211 αἱ
1752 3172 1813 3224 μὲν
1831 3172 1898 3225 γὰρ
1913 3170 2204 3222 ἐμπεπλησμέναι
2220 3169 2398 3221 γαστέρες,
2428 3208 2429 3216 γ

1371 3233 1462 3272 κατὰ
1481 3233 1543 3280 τὴν
1559 3234 1762 3286 παροιμίαν,
1788 3233 1850 3277 τὰς
1869 3231 2041 3275 πεινώσας
2068 3234 2268 3283 ἀγνοοῦσιν·
2298 3233 2334 3268 αἱ
2363 3229 2398 3267 δὲ
2424 3266 2427 3279 Δ

1372 3297 1542 3333 πεινῶσαι
1570 3297 1607 3333 ἐκ
1637 3298 1698 3342 τῆς
1723 3294 1850 3338 οἰκείας
1876 3294 2030 3344 ἀνάγκης
2051 3292 2110 3331 καὶ
2127 3292 2191 3339 τὴν
2214 3289 2398 3343 ἀλλοτρίαν
2424 3285 2428 3348 ξ

2427 3393 2433 3447 1

1372 3355 1659 3406 ἐπιγινιῖισκονσι·
1696 3359 1826 3407 μᾶλλον
1856 3354 1889 3394 δὲ
1921 3356 1995 3394 οὐδὲ
2012 3355 2101 3393 οὕτω
2121 3354 2261 3392 δυνατὸν
2282 3358 2398 3390 πᾶσαν
2424 3352 2426 3387 f

2482 3301 2485 3317 t
