2516 3791
668 194 710 222 {N
748 193 849 222 CAP.

89 283 168 318 σθαι
189 280 250 325 τῆς
271 279 340 316 τῶν
372 278 472 329 ὡρῶν
493 275 661 328 κράσεως,
680 275 740 314 καὶ
757 277 819 322 τῆς
839 276 908 313 τῶν
929 273 1110 327 στοιχείων

89 339 224 382 θέσεως.
245 338 309 376 Διὸ
330 338 390 376 καὶ
405 336 581 389 ἐπήγαγε,
604 337 756 388 Σπέρμα
777 337 837 375 καὶ
852 336 1025 390 θερισμὸς,
1045 337 1113 388 ψῦ-

87 416 148 452 χος
173 399 234 438 καὶ
260 404 398 450 καῦμα,
431 398 527 450 θέρος
545 397 606 436 καὶ
623 397 686 448 ἔαρ
705 398 839 450 ἡμέραν
863 398 922 435 καὶ
943 398 1049 437 νύκτα
1073 400 1111 436 οὐ

88 460 384 499 κατακαύσουσιν.
405 459 600 506 Ἀκίνητος,
620 458 745 511 φησὶν,
769 459 868 497 ἔσται
888 458 975 505 αὕτη
995 463 1016 506 ἠ
1038 458 1113 497 διά·

87 522 204 569 ταξις,
237 522 297 560 καὶ
323 521 402 560 οὔτε
422 523 444 567 ἡ
464 523 508 571 γῆ
526 519 698 572 διαλείψει
715 519 799 558 ποτὲ
820 519 864 558 τὰ
880 523 964 572 παρ’
987 523 1113 566 ἑαυτῆς

88 585 138 635 τῷ
157 585 225 621 τῶν
249 581 441 635 ἀνθρώπιον
460 580 552 633 γένει
570 584 772 632 χορηγοῦσα
786 610 796 627 ,
828 581 888 619 καὶ
906 584 976 619 τῶν
998 580 1114 630 καμά-

89 659 157 682 των
174 644 232 682 καὶ
249 646 312 689 τῆς
329 642 500 695 γεωργίας
522 642 735 680 ἀποδιδοῦσα
752 641 815 686 τὰς
834 640 984 692 ἀμοιὸὰς
1000 669 1010 686 ,
1036 641 1114 679 οὔτε

90 707 126 742 αἱ
144 704 271 757 τροπαὶ
292 703 629 755 μετακινηθήσονται
641 732 650 749 ,
671 701 761 741 ἀλλὰ
781 704 889 755 ψῦχος
905 701 964 740 καὶ
983 705 1114 752 καῦμα,

90 766 152 805 καὶ
179 765 276 817 θέρος
294 765 354 803 καὶ
374 764 435 818 ἔαρ
455 766 533 802 καθ’
556 763 702 801 ἕκαστον
728 767 789 801 τοῦ
814 764 971 800 ἐνιαυτοῦ
990 761 1114 801 κύκλον

90 828 202 867 ἔσται.
227 825 374 872 Ἐπειδὴ
394 824 462 878 γὰρ
490 824 583 865 κατὰ
604 824 662 862 τὸν
682 828 742 862 τοῦ
759 825 1011 874 κατακλυσμοῦ
1031 838 1115 861 και-

93 889 151 942 ρὸν
181 887 310 934 ταύτης
336 885 420 934 ὅλης
438 889 501 933 τῆς
521 884 708 929 διατάξεως
727 883 893 937 σύγχυσίς
915 899 968 927 τις
985 884 1117 936 γέγονε,

91 950 153 988 καὶ
169 948 326 1000 καθάπερ
347 949 383 986 ἐν
403 953 468 999 μιᾷ
486 945 583 984 νυκτὶ
598 976 608 994 ,
633 944 742 989 οὕτως
762 947 796 984 ἐν
813 944 920 983 παντὶ
936 947 986 996 τῷ
1003 944 1118 997 χρόνῳ

91 1013 127 1050 ἐν
165 1012 209 1062 τῇ
242 1009 384 1061 κιὸωτῷ
416 1008 533 1059 διῆγεν
564 1009 582 1044 ὁ
610 1006 744 1050 δίκαιος
776 1001 874 1049 οὗτος
888 1037 898 1054 ,
929 1006 987 1045 διὰ
1019 1006 1120 1044 τοῦτό

93 1085 203 1124 φησι·
237 1073 296 1108 νῦν
325 1069 402 1108 οὔτε
428 1071 450 1115 ἡ
483 1067 626 1121 ἡμέρα,
660 1066 739 1106 οὔτε
770 1070 792 1114 ἡ
825 1067 884 1112 νὺξ
911 1067 970 1106 τὸν
995 1069 1120 1105 οἰκεῖον

93 1131 244 1184 ἐλλείψει
276 1129 402 1182 δρόμον
418 1160 428 1178 ,
468 1128 558 1167 ἀλλὰ
593 1128 698 1182 μέχρι
730 1131 793 1175 τ’ῆς
825 1128 1024 1172 συντελείας
1058 1131 1119 1166 τοῦ

96 1195 217 1236 αἰῶνος
243 1190 406 1238 ἀκίνητος
430 1189 528 1228 ἔσται
557 1189 689 1228 τούτων
718 1192 740 1236 ἡ
771 1189 984 1242 λειτουργία.
1020 1182 1122 1231 Εἶδες

95 1253 319 1306 παράκλησιν
364 1253 538 1303 ἀρκοῦσαν
588 1250 648 1288 καὶ
688 1250 883 1301 δυναμένην
925 1252 1122 1296 ἀναστῆσαι

96 1319 156 1352 τοῦ
188 1312 322 1351 δικαίου
358 1313 397 1350 τὸ
428 1312 613 1363 φρόνημα,
654 1304 738 1354 εἶδες
765 1314 826 1358 τῆς
857 1309 1123 1362 εὐγνωμοσύνης

96 1374 171 1412 οἵαν
202 1373 342 1426 δέχεται
360 1372 423 1420 τὴν
444 1370 615 1422 ἀμοιὸήν;
634 1370 756 1409 Ἄκουε
772 1372 832 1410 καὶ
853 1373 894 1409 ἐκ
908 1374 977 1409 τῶν
997 1373 1122 1421 ἐπαγο-

98 1435 210 1485 μένων
239 1434 342 1472 πάλιν
368 1433 433 1479 τὴν
456 1433 587 1484 ἄφατον
607 1431 822 1484 φιλοτιμίαν.
857 1431 927 1471 Καὶ
942 1431 1123 1484 εὐλόγησε,

97 1497 214 1549 φησὶν,
240 1499 258 1534 ὁ
281 1494 370 1538 Θεὸς
386 1494 444 1532 τὸν
465 1495 544 1532 Νῶε
564 1494 624 1531 καὶ
642 1493 720 1538 τοὺς
737 1493 830 1538 υἱοὺς
846 1496 963 1533 αὐτοῦ.
984 1493 1054 1532 Καὶ
1071 1487 1121 1531 εἶ·-

95 1573 160 1595 πεν
192 1559 324 1600 αὐτοῖς·
354 1554 538 1599 αὖξοίνεσθε
568 1554 627 1594 καὶ
644 1555 875 1604 πληθύνεσθε,
894 1554 954 1594 καὶ
971 1553 1118 1607 πληρώ-

96 1633 181 1656 σατε
200 1617 263 1664 τὴν
284 1619 366 1668 γῆν,
394 1616 454 1655 καὶ
473 1616 770 1669 κατακυριεύσατε
789 1619 908 1662 αὐτῆς.
930 1615 999 1654 Καὶ
1011 1618 1029 1653 ὃ
1047 1615 1125 1668 τρό-

96 1695 160 1730 μος
175 1681 272 1731 ὑμῶν
291 1680 351 1717 καὶ
368 1683 386 1718 ὁ
401 1678 504 1732 φόὸος
525 1677 624 1716 ἔσται
643 1677 698 1715 ἐπὶ
720 1684 809 1716 πᾶσι
824 1683 896 1722 τοῖς
911 1678 1043 1730 θηρίοις
1064 1680 1127 1723 τῆς

97 1743 181 1792 γῆς,
213 1740 272 1779 καὶ
300 1740 357 1778 ἐπὶ
381 1741 496 1777 πάντα
515 1738 560 1777 τὰ
581 1739 684 1791 ὄρνεα
706 1743 766 1778 τοῦ
793 1742 959 1791 οὐρανοῦ,
980 1738 1039 1776 καὶ
1068 1739 1126 1776 ἐπὶ

98 1802 214 1840 πάντα
234 1800 278 1838 τὰ
297 1801 484 1851 κινούμενα
499 1800 557 1838 ἐπὶ
573 1802 636 1845 τῆς
654 1802 730 1851 γῆς,
746 1801 806 1839 καὶ
825 1800 884 1839 ἐπὶ
899 1800 1033 1843 πάντας
1047 1799 1127 1842 τοὺς

101 1861 224 1913 ἰχθύας
242 1865 304 1908 τ’ἧς
319 1861 516 1906 Θαλάσσης·
535 1859 601 1898 ὑπὸ
613 1866 735 1913 χεῖρας
749 1863 830 1910 ὑμῖν
845 1860 961 1899 πάντα
976 1860 1124 1898 δέδωκα.

101 1923 172 1962 Καὶ
191 1929 260 1961 πᾶν
276 1921 433 1975 ἑρπετὸν,
453 1921 473 1959 δ’
490 1923 564 1959 ἐστι
583 1923 664 1970 ζῶν,
690 1925 772 1973 ὑμῖν
792 1923 892 1961 ἔσται
909 1924 957 1965 εἰς
981 1924 1124 1975 βρῶσιν.

101 1984 166 2028 (Ως
197 1984 336 2036 λάχανα
368 1982 494 2034 χόρτου
521 1983 656 2021 δέδωκα
690 1985 771 2034 ὑμῖν
800 1983 845 2022 τὰ
862 1983 988 2022 πάντα.
1023 1982 1124 2030 Πλὴν

101 2044 204 2096 κρέας
226 2045 260 2082 ἐν
284 2043 407 2094 αἵματι
432 2044 546 2095 ψυχῆς
571 2045 608 2082 οὗ
640 2044 803 2097 φάγεσθε.
836 2043 947 2089 Ἄξιον
977 2047 1125 2083 ἐνταῦθα

102 2105 282 2156 Θαυμάσαι
307 2108 368 2142 τοῦ
400 2105 579 2142 Δεσπότου
605 2105 669 2151 τὴν
691 2105 977 2159 ὑπερὸοίλλουσαν
997 2104 1127 2157 ἀγαθό-

100 2182 203 2213 τητα.
222 2164 319 2217 Ὅρα
334 2164 401 2217 γάρ
423 2180 483 2215 μοι
496 2165 602 2203 πάλιν
620 2166 678 2204 τὸν
695 2165 827 2205 δίκαιον
847 2171 965 2205 τοῦτον
984 2168 1046 2211 τῆς
1063 2167 1126 2204 αὗ-

100 2229 163 2274 τῆς
184 2226 338 2277 εὐλογίας
358 2224 558 2276 ἀξιούμενον
576 2228 627 2278 τῷ
649 2226 782 2277 Ἀδὰμ,
802 2226 864 2265 καὶ
885 2226 949 2274 τὴν
979 2228 1124 2279 ἀφαιρε-

101 2291 217 2326 θεῖσαν
238 2286 349 2339 ἀρχὴν
368 2286 671 2338 ἄνακαλεσᾶμενον
687 2287 745 2326 διὰ
764 2291 827 2335 τῆς
842 2288 971 2332 οἰκείας
985 2291 1124 2340 ἀρετῆς,

103 2351 234 2401 μᾶλλον
262 2348 297 2386 δὲ
325 2347 381 2385 διὰ
407 2346 472 2394 τὴν
496 2348 628 2400 ἄφατον
650 2352 710 2386 τοῦ
732 2349 912 2388 Δεσπότου
929 2351 1125 2402 φιλανθρω-

101 2410 198 2449 πίαν.
227 2409 367 2461 “Ώσπερ
382 2409 450 2461 γὰρ
469 2411 524 2448 ἐπ’
547 2409 678 2448 ἐκείνου
697 2410 825 2462 ἔλεγεν,
845 2410 1040 2456 Αὖξάνεσθε
1064 2411 1124 2449 καὶ

103 2469 318 2518 πληθύνεσθε
331 2499 341 2517 ,
371 2470 432 2508 καὶ
457 2469 669 2522 πληρώσατε
686 2471 750 2517 τὴν
770 2475 835 2524 γῆν
853 2502 863 2520 ,
889 2472 950 2510 καὶ
966 2487 1123 2510 κατακυ-

106 2530 265 2582 ριεύσατε
291 2531 412 2578 αὐτῆς,
438 2530 497 2568 καὶ
523 2530 650 2583 ἄρχετε
677 2534 745 2570 τῶν
767 2532 892 2584 ἰχθύων
910 2536 973 2580 τῆς
994 2532 1121 2572 θαλάσ-

104 2610 180 2641 σης,
196 2593 255 2631 καὶ
270 2595 339 2631 τῶν
360 2595 532 2644 ἑρπετῶν,
552 2593 611 2631 καὶ
626 2597 794 2632 πετεινῶν
805 2597 866 2633 τοῦ
887 2595 1047 2647 οὐρανοῦ,
1064 2593 1124 2632 καὶ

103 2656 173 2691 τῶν
195 2653 324 2707 θηρίων
351 2656 415 2699 τῆς
441 2657 521 2705 γῆς·
551 2652 641 2692 οὕτω
660 2657 720 2692 νῦν
738 2670 824 2707 φησι
839 2671 847 2678 ·
867 2655 938 2694 Καὶ
961 2659 979 2694 ὁ
997 2654 1125 2708 τρόμος

105 2718 202 2765 ὑμῶν
223 2714 282 2753 καὶ
299 2717 316 2752 ὃ
332 2713 435 2767 φόὸος
453 2715 552 2753 ἔσται
567 2714 625 2753 ἐπὶ
641 2722 727 2755 πᾶσι
742 2723 813 2761 τοῖς
827 2718 957 2770 θηρίοις
971 2719 1033 2763 τῆς
1048 2720 1125 2769 γῆς,

106 2776 166 2815 καὶ
192 2775 250 2814 ἐπὶ
275 2775 390 2814 πάντα
414 2776 459 2815 τὰ
485 2777 598 2830 ὄρνεα.
625 2777 695 2816 Καὶ
722 2785 791 2816 πᾶν
820 2779 986 2831 ἑρπετὸν,
1015 2779 1035 2818 ὅ
1051 2781 1126 2818 ἐστι

107 2838 187 2884 ζῶν,
200 2840 280 2887 ὑμῖν
296 2836 394 2875 ἔσται
406 2838 454 2880 εἷς
470 2839 613 2889 βρῶσιν.
631 2838 693 2883 Ὡς
700 2839 840 2892 λάχανα
851 2839 978 2893 χόρτου
992 2840 1127 2879 δέδωκα

107 2900 188 2947 ὑμῖν
207 2895 250 2934 τὰ
272 2896 399 2935 πάντα.
423 2896 524 2944 Πλὴν
545 2898 649 2952 κρέας
666 2901 701 2938 ἐν
723 2900 848 2952 αἵματι
866 2903 983 2953 ψυχῆς
1003 2903 1041 2940 οὗ
1060 2902 1129 2954 φοί-

109 2960 224 3007 γεσθε.
254 2956 348 3008 Ὅρα
366 2957 424 2996 τὸν
445 2958 548 2996 αὐτὸν
568 2959 696 2999 κανόνα
712 2961 839 3014 ἑτέρως
859 2962 1128 3013 διασωζόμενον,

107 3018 165 3056 τὸν
186 3018 244 3057 ἐπὶ
265 3022 326 3056 τοῦ
345 3019 635 3070 πρωτοπλοίστου.
666 3023 835 3075 Καθάπερ
861 3023 929 3076 γὰρ
951 3026 1022 3062 ἐκεῖ
1039 3023 1129 3074 μετὰ

108 3079 149 3118 τὸ
164 3079 303 3117 πάντων
321 3080 513 3134 ἐγχειρίσαι
538 3081 601 3129 τὴν
620 3083 753 3136 ἀρχὴν,
772 3085 832 3122 καὶ
849 3088 918 3123 τῶν
937 3087 972 3123 ἐν
990 3087 1041 3137 τῷ
1061 3101 1130 3123 πα-

112 3139 260 3193 ραδείσῳ
278 3148 474 3194 παρασχεῖν
493 3141 556 3190 τὴν
578 3143 788 3191 ἀπόλαυσιν,
813 3145 885 3189 ἑνὸς
907 3144 1007 3189 ξύλου
1027 3145 1130 3196 μόνον

889 192 951 222 ΙΧ.
990 190 1149 220 GENES.

1190 190 1345 219 nonni„
1384 189 1526 219 xxvu.
2054 172 2140 219 305

1188 263 1320 323 inquit,
1338 270 1582 319 Diebus,boc
1600 276 1651 307 est
1671 285 1677 306 ι
1696 271 1735 308 ln
1757 284 1861 307 otuue
1877 272 2046 308 saeculum
2060 286 2138 323 pro-

1187 334 1290 373 mitto
1299 346 1355 372 me
1368 346 1438 371 non
1449 331 1683 370 inducturum
1692 331 1900 383 hujusmodi
1923 332 2138 383 indignatio-

1188 409 1281 445 nem,
1293 409 1406 446 neque
1419 395 1598 433 facturum
1618 401 1752 431 tantam
1772 393 2012 431 confusionem
2030 393 2143 431 necin

1187 466 1435 510 tempestatum
1456 456 1603 503 ratione,
1623 468 1686 493 nec
1712 453 1748 492 in
1770 454 2026 493 elementorum
2059 454 2139 491 situ.

1188 518 1273 556 Ideo
1283 517 1406 556 subdit
1420 519 1624 556 :Sementis
1632 525 1667 554 et
1677 518 1823 562 messis,
1831 517 1960 568 frigus
1967 524 2001 553 et
2011 523 2140 559 aestus,

1188 588 1302 618 aestas
1322 589 1358 618 et
1375 594 1447 617 ver
1470 581 1533 617 die
1556 593 1604 618 ac
1635 587 1746 616 nocte
1776 592 1854 616 non
1884 580 2140 630 requiescent.

1187 640 1403 689 Immobilis‚
1444 640 1573 690 inquit,
1616 640 1682 677 erit
1715 639 1792 677 haec
1828 638 2006 678 ordinatio
2024 654 2032 675 :
2054 647 2145 676 terra

1188 714 1385 751 numquam
1423 700 1561 738 desinet
1592 701 1821 753 suppeditare
1852 715 1930 751 quae
1961 699 2147 738 hominum

1189 762 1308 814 generi
1331 761 1540 808 necessaria,
1559 774 1672 811 neque
1700 761 1850 799 cessabit
1873 762 2030 813 proferre
2047 761 2148 799 labo-

1190 836 1272 860 rum
1287 830 1320 860 et
1339 821 1571 873 agriculturas
1593 821 1752 873 praemia,
1791 835 1902 872 neque
1922 822 2004 859 anni
2027 831 2146 873 partes

1191 883 1272 921 aliis
1297 882 1589 921 conversionibus
1611 882 1870 920 mutabuntur:
1886 881 1948 919 sed
1978 891 2011 919 et
2031 882 2147 933 frigus

1191 953 1225 983 et
1245 944 1354 993 calor,
1367 952 1404 982 et
1420 953 1520 982 aestas
1549 951 1584 981 et
1611 957 1674 982 ver
1690 943 1725 980 in
1742 955 1956 993 unoquoque
1976 942 2058 979 anni
2080 942 2149 980 eir—

1192 1005 1274 1044 culo
1294 1014 1411 1043 erunt.
1447 1005 1541 1043 Nam
1559 1003 1643 1055 quia
1662 1018 1727 1056 per
1755 1002 1886 1041 diluvii
1922 1012 2062 1055 tempus
2081 1003 2148 1040 suit

1192 1066 1352 1104 confusio
1371 1064 1537 1117 quaedam
1556 1065 1666 1102 totius
1685 1064 1790 1102 istius
1811 1063 1966 1112 ordinis,
1985 1064 2152 1116 etjustus

1193 1128 1253 1166 ille
1269 1127 1305 1166 in
1323 1141 1405 1166 arca
1424 1136 1498 1164 erat
1517 1134 1590 1164 toto
1610 1125 1673 1164 illo
1690 1134 1849 1178 tempore
1867 1125 1968 1176 quasi
1985 1125 2152 1163 continua

1193 1199 1309 1239 nocte,
1330 1188 1411 1227 ideo
1426 1201 1520 1226 nunc
1540 1186 1657 1238 inquit
1673 1202 1681 1223 :
1696 1188 1820 1237 Neque
1838 1200 1925 1234 nox,
1944 1200 2058 1237 neque
2076 1185 2153 1224 dies

1194 1265 1300 1290 suum
1328 1250 1531 1300 relinquent
1562 1262 1722 1298 cursum,
1748 1248 1811 1286 sed
1828 1247 1874 1286 ad
1893 1262 2006 1298 usque
2025 1247 2149 1286 saeculi

1194 1310 1536 1351 consummationem
1556 1309 1746 1347 immotum
1766 1309 1914 1348 illorum
1930 1308 2151 1361 permanebit

1193 1373 1445 1412 ministerium.
1459 1370 1595 1410 Vidisti
1608 1370 1756 1422 dignam
1770 1370 2058 1420 consolationem,
2073 1384 2152 1421 quae

1194 1434 1314 1487 potuit
1327 1432 1421 1486 justi
1437 1431 1599 1470 animum
1617 1431 1781 1484 erigere?
1801 1430 1925 1470 vidisti
1942 1431 2084 1482 qualem
2099 1444 2152 1468 re*

1194 1495 1428 1534 tributionem
1447 1493 1623 1546 acceperit
1639 1494 1727 1546 justi
1745 1493 1930 1546 probitas?
1947 1493 2018 1532 Sed
2044 1502 2077 1530 et
2108 1506 2153 1530 ex

1197 1555 1426 1608 sequentibus
1456 1555 1587 1593 iterum
1609 1554 1694 1592 audi
1721 1554 1939 1592 ineffabilem
1958 1553 2154 1592 liberalita-

1197 1625 1281 1656 tem.
1313 1618 1349 1655 1.
1385 1617 1439 1654 Et
1473 1615 1688 1662 benedixit,
1715 1615 1845 1666 inquit,
1877 1616 1985 1653 Deus
2003 1615 2100 1661 Noe,
2117 1623 2153 1652 et
2167 1629 2295 1658 CAH„

1187 1679 1301 1731 filios
1321 1678 1444 1716 illius.
1466 1678 1520 1714 Et
1536 1677 1637 1714 dixit
1656 1679 1710 1714 eis
1727 1692 1737 1712 :
1750 1679 1787 1715 2.
1810 1677 1980 1715 Crescite
1995 1686 2031 1714 et
2052 1677 2155 1714 mul-

1199 1740 1447 1791 tiplicamini,
1461 1747 1498 1775 et
1511 1738 1666 1789 implete
1678 1746 1837 1785 terram,
1848 1745 1884 1775 et
1899 1739 2152 1776 dominemini

1198 1802 1284 1839 ei.E
1289 1809 1302 1837 t
1318 1809 1461 1837 tremor
1473 1801 1661 1850 timorque
1671 1801 1795 1836 vestri
1809 1802 1882 1836 erit
1898 1813 2011 1850 super
2023 1813 2154 1837 omnes

1199 1864 1340 1900 bestias
1361 1869 1485 1906 terrae,
1511 1867 1547 1897 et
1568 1873 1683 1911 super
1704 1873 1835 1897 omnes
1856 1861 2035 1899 volucres
2055 1863 2153 1907 caeli,

1199 1931 1237 1961 et
1252 1937 1365 1975 super
1381 1926 1517 1961 omnia
1531 1937 1616 1975 quoe
1636 1933 1841 1962 moventur
1859 1938 1973 1976 super
1991 1932 2148 1969 terram,

1200 1993 1237 2022 et
1255 1997 1370 2035 super
1389 1997 1520 2021 omnes
1536 1986 1660 2035 pisces
1681 1987 1799 2022 maris
1816 2000 1826 2020 :
1850 1987 1891 2022 in
1918 1998 2059 2022 manus
2081 1998 2150 2021 ve-

1198 2055 1300 2084 stras
1322 2048 1456 2083 omnia
1475 2046 1578 2082 dedi.
1601 2046 1638 2082 5.
1661 2046 1715 2082 Ec
1742 2059 1854 2082 omne
1873 2046 2023 2096 reptile,
2049 2046 2155 2096 quod

1199 2115 1256 2145 est
1276 2109 1428 2154 vivens,
1451 2108 1563 2144 vobis
1587 2108 1657 2143 erit
1680 2108 1722 2142 in
1742 2108 1884 2143 cibum.
1903 2107 2025 2156 Quasi
2044 2106 2153 2143 olera

1200 2168 1406 2205 herbarum
1420 2167 1510 2203 dedi
1524 2168 1638 2203 vobis
1654 2169 1800 2204 omnia.
1815 2167 1855 2204 l4.
1879 2168 2155 2204 Verumtamen

1199 2241 1356 2266 carnem
1386 2230 1429 2264 in
1456 2229 1648 2278 sanguine
1668 2229 1811 2265 animoe
1844 2242 1892 2265 ne
1923 2229 2149 2265 comedatis.

1198 2289 1361 2340 Dignum
1377 2297 1429 2326 est
1445 2297 1484 2326 ut
1499 2287 1560 2326 hie
1582 2287 1803 2326 admiremur
1821 2289 2055 2327 excellentem
2075 2291 2151 2327 Do-

1199 2350 1287 2388 mini
1301 2349 1514 2388 bonitatem.
1535 2347 1632 2388 Vide
1641 2350 1737 2387 enim
1756 2349 1817 2387 hic
1837 2349 2017 2400 quomodo
2032 2351 2152 2403 justus

1198 2412 1261 2450 ille
1279 2411 1410 2450 iterum
1425 2410 1586 2450 eamdem
1602 2410 1886 2450 benedictionem
1906 2412 2148 2462 consequitur,

1198 2487 1306 2525 quam
1334 2473 1421 2511 olim
1455 2471 1586 2522 Adam,
1603 2480 1637 2510 et
1658 2481 1818 2524 ereptum
1843 2481 2027 2524 recuperat
2055 2473 2153 2524 prin-

1198 2534 1359 2587 cipatum
1379 2534 1513 2571 virtute
1528 2547 1606 2581 sua,
1627 2533 1699 2570 imo
1718 2533 1892 2571 ineffabili
1913 2533 2058 2571 Domini
2081 2533 2151 2571 ele-

1198 2596 1344 2634 mentia.
1365 2594 1465 2634 Nam
1485 2594 1578 2632 sicut
1598 2594 1642 2631 de
1662 2594 1724 2632 illo
1746 2594 1900 2642 dicebat,
1925 2596 2094 2633 Crescite
2113 2603 2150 2632 et
2168 2607 2241 2634 Gen.
2261 2615 2284 2634 ι.
2301 2605 2350 2635 28.

1200 2656 1530 2709 multiplicamini,
1550 2663 1586 2692 et
1602 2656 1861 2692 dominamini
1880 2664 2005 2704 terrae,
2026 2664 2063 2693 et
2079 2658 2150 2693 im-

1197 2718 1510 2771 peratepiscibus
1530 2718 1663 2762 maris,
1686 2723 1723 2753 et
1742 2716 1956 2767 reptilibus,
1981 2724 2018 2754 et
2037 2717 2148 2753 vola-

1201 2781 1349 2825 tilibus,
1371 2786 1407 2816 et
1419 2778 1525 2830 seris
1546 2792 1556 2812 .·
1578 2777 1628 2814 sic
1649 2791 1744 2815 nunc
1767 2777 1882 2828 inquit
1903 2794 1911 2814 τ
1929 2780 1982 2816 Et
2009 2787 2153 2817 tremor

1200 2850 1237 2879 et
1255 2843 1370 2878 timor
1382 2841 1504 2877 vestri
1519 2841 1590 2876 erit
1601 2851 1714 2890 super
1723 2853 1853 2877 omnes
1867 2842 2009 2878 bestias
2022 2844 2166 2885 terroej

1202 2910 1238 2941 et
1259 2914 1372 2953 super
1405 2913 1536 2937 omnes
1567 2900 1758 2938 volucres.
1788 2901 1844 2937 Et
1876 2914 1990 2938 omne
2014 2902 2155 2953 reptile

1203 2964 1308 3016 quod
1327 2970 1383 3000 est
1404 2964 1555 3008 vivens,
1578 2963 1692 2999 vobis
1719 2964 1793 2999 erit
1812 2964 1854 2999 in
1872 2964 2012 3000 cibum.
2032 2964 2155 3013 Quasi

1207 3024 1316 3063 olera
1344 3024 1549 3061 herbarum
1569 3022 1658 3059 dedi
1678 3024 1793 3060 vobis
1821 3025 1966 3060 omnia.
1989 3024 2149 3061 Verum-

1207 3094 1338 3123 tamen
1354 3097 1512 3122 carnem
1532 3086 1573 3120 in
1589 3086 1781 3135 sanguine
1799 3087 1942 3122 animae
1960 3098 2006 3122 ne
2026 3098 2154 3122 come-

1205 3147 1322 3185 datis.
1348 3144 1500 3184 Attende
1521 3144 1682 3183 eamdem
1698 3145 1873 3197 regulam,
1895 3145 1998 3184 aliter
2017 3159 2160 3184 servan-

113 3200 304 3253 ἀπέχεσθαι
321 3202 510 3245 ἐκέλευσεν·
533 3203 624 3243 οὕτω
646 3205 688 3253 δὴ
708 3206 769 3244 καὶ
791 3209 937 3245 ἐνταῦθα
957 3208 1048 3257 μετὰ
1068 3208 1132 3255 τὴν
1146 3230 1193 3256 252
1208 3207 1291 3246 dam
1313 3216 1429 3244 tamen
1458 3220 1534 3244 eam
1561 3219 1640 3257 quae
1667 3206 1783 3259 primo
1801 3207 1938 3245 homini
1960 3207 2044 3246 data
2075 3207 2156 3244 suit.

115 3261 296 3313 εὐλογίαν,
315 3263 374 3301 καὶ
395 3264 435 3302 τὸ
449 3266 595 3319 φοὸερὸν
616 3268 720 3306 αὐτὸν
743 3271 964 3315 καταστῆσαι
979 3275 1050 3313 τοῖς
1072 3275 1136 3317 οη-
1161 3280 1186 3310 Α
1212 3268 1312 3306 Sicut
1347 3268 1442 3306 enim
1477 3277 1576 3317 tunc,
1614 3277 1801 3320 postquam
1834 3268 1866 3306 ei
1904 3268 2079 3307 traditum
2113 3278 2164 3305 est

120 3322 222 3375 ρίοις,
244 3323 304 3362 καὶ
324 3324 439 3363 πάντα
465 3326 510 3364 τὰ
530 3328 672 3366 πετεινὰ
692 3330 751 3367 καὶ
770 3328 815 3367 τὰ
832 3330 935 3382 ὄρνεα
955 3331 1021 3369 ὑπὸ
1037 3339 1139 3385 χεῖρα
1212 3328 1414 3367 dominium
1449 3328 1485 3366 in
1520 3329 1654 3379 omnia,
1690 3338 1729 3367 ut
1754 3329 1826 3367 srui
1849 3339 1964 3382 posset
1998 3330 2165 3368 omnibus

117 3387 275 3432 ποιῆσαι,
296 3385 379 3436 φησί
392 3401 400 3408 ·
422 3387 500 3424 Πᾶν
517 3388 659 3439 ἑρπετὸν
687 3390 754 3433 ζῶν
769 3392 849 3440 ὑμῖν
871 3391 969 3430 ἔσται
989 3393 1037 3436 εἷς
1054 3395 1145 3444 βρῶ-
1219 3408 1298 3446 quae
1317 3403 1414 3433 erant
1428 3395 1463 3433 in
1475 3394 1836 3447 paradiso‚abstinere
1850 3405 1988 3435 tantum
2004 3397 2049 3435 ab
2062 3395 2165 3433 unico

329 3451 427 3476 ϊοη.
461 3453 517 3477 iv.
1828 3463 1871 3489 αι
