2516 3791
650 266 688 295 IN
729 267 831 295 (tw.

873 267 913 295 ΙΧ
926 286 934 294 .
973 264 1134 295 Gumis.

1176 265 1330 294 nomn„
1374 264 1531 296 xxviii.
2041 255 2128 298 313

87 351 182 392 αὐτοὶ
198 349 464 399 ι’σπουδοίσογιιεν
486 348 547 395 τὴν
580 348 686 394 αὐτὴν
724 351 837 392 αὐτοῖς
865 349 941 387 ὁδὸν
974 349 1105 393 ἐλθεῖν,
1130 351 1153 380 E
1177 346 1423 386 desiderantur
1435 347 1625 401 adjiciatis,
1654 357 1693 386 ut
1711 348 1761 386 sic
1777 348 2001 386 insummum
2020 350 2130 387 virtu-

84 414 139 451 ἵνα
157 411 215 450 καὶ
229 414 297 449 τῶν
318 413 429 448 αὐτῶν
445 411 561 453 αὐτοῖς
578 409 739 461 τύχιι)μεν
760 410 937 460 ἀμοιὸῶν;
955 410 1018 447 Διὸ
1039 424 1106 447 πα-

85 473 224 524 ρακαλῶ
256 472 333 508 καθ’
349 470 498 516 ἑκάστην
515 470 650 521 ἡμέραν
671 469 874 522 προσθήκην
903 470 980 507 τινὰ
999 469 1102 521 ἐργά·

82 533 215 577 ζεσθαι,
232 530 290 568 καὶ
317 529 430 574 αὔξειν
459 533 556 581 ὑμῶν
586 529 648 576 τὴν
670 529 760 568 κατὰ
785 529 874 569 Θεὸν
895 529 1104 580 οἰκοδομὴν,

81 591 138 630 καὶ
168 591 211 630 τὰ
241 590 302 642 μὲν
323 591 389 639 ἤδη
421 590 683 643 κατορθωθέντα
714 590 802 640 μετὰ
831 589 1022 642 ἀσφαλείας
1045 588 1104 626 καὶ

81 653 212 699 πολλῆς
228 656 291 699 τ’ἧς
304 655 461 704 φυλακῆς
476 650 718 704 διατηρεῖν,τὰ
736 651 771 689 δὲ
787 651 952 690 λείποντα
961 664 1104 700 προστι-

82 713 193 761 θέναι,
215 713 272 752 ἵνα
294 713 401 757 οὕτως
420 715 467 756 εἷς
495 713 601 759 αὐτὴν
628 711 692 759 τὴν
717 711 870 764 κορυφὴν
892 713 956 756 τῆς
979 711 1104 762 ἀρετῆς

81 775 258 826 φθάσητε,
279 776 327 817 εἰς
348 773 516 825 καύχημα
546 771 735 825 ἡμέτερον,
758 774 804 814 εἷς
827 772 1013 821 οἰκοδομὴν
1041 772 1104 816 τῆς

82 835 312 882 ’[ἶκκλησίας,
332 836 380 876 εἰς
409 832 508 877 δόξαν
528 833 694 884 Χριστοῦ.
714 831 785 870 Καὶ
806 831 874 885 γὰρ
895 833 984 884 ὁρῶν
1007 833 1104 882 ὑμῶν

79 895 118 933 τὸ
152 895 337 945 ἀκόρεστον
365 892 445 946 περὶ
462 891 525 939 τὴν
545 891 784 942 πνευματικὴν
803 890 1045 938 διδασκαλίαν,
1064 893 1102 929 οὐ

79 954 236 1005 παύομαι
256 955 332 993 καθ’
353 953 503 999 ἑκάστην
523 952 672 1004 ἡμέραν,
688 951 802 991 καίτοι
818 951 938 990 πενίαν
969 951 1103 998 πολλὴν

77 1018 219 1068 ἐμαυτῷ
237 1014 417 1061 συνειδὼς,
442 1013 505 1061 τὴν
539 1013 693 1052 ἑστίασιν
726 1017 806 1064 ὑμῖν
840 1013 904 1060 τὴν
937 1012 1007 1051 ἀπὸ
1033 1016 1102 1051 τῶν

79 1077 177 1115 θείων
201 1078 350 1130 Γραφῶν
371 1074 594 1128 παρατιθεὶς,
622 1074 682 1113 καὶ
709 1075 798 1126 ἅπερ
820 1074 860 1111 ἂν
880 1077 902 1120 ἡ
924 1078 985 1113 τοῦ
1010 1075 1104 1112 Θεοῦ

76 1137 178 1190 χάρις
203 1136 259 1174 διὰ
279 1136 341 1183 τὴν
362 1134 490 1174 οἰκείαν
505 1134 768 1187 φιλανθρωπίαν
787 1135 845 1174 καὶ
863 1135 920 1174 διὰ
940 1135 1004 1183 τὴν
1022 1137 1104 1186 ὑμε-

76 1199 178 1251 τέραν
217 1198 386 1251 ὠφέλειαν
428 1197 609 1250 χορηγήσῃ
622 1227 631 1244 ,
665 1200 775 1235 ταῦτα
816 1203 892 1241 ταῖς
919 1197 1103 1250 ὑμετέραις

78 1261 199 1303 ἀκοαῖς
214 1258 499 1310 παρατιθέμενος.
519 1257 616 1309 Φέρε
641 1251 699 1295 οῦν
724 1257 782 1295 καὶ
810 1258 960 1310 σήμερον
983 1258 1102 1302 δείξω-

79 1336 140 1370 μεν
156 1322 253 1370 ὗμῶν
272 1321 314 1371 τῇ
334 1319 451 1370 ἀγάπῃ
477 1322 538 1366 τῆς
556 1323 615 1357 τοῦ
634 1321 726 1358 Θεοῦ
749 1319 1008 1371 φιλανθρωπίας
1037 1319 1101 1368 τὴν

77 1380 285 1434 ὓπερὸολὴν,
302 1380 344 1426 ἣν
363 1379 444 1433 περὶ
470 1379 532 1427 τὴν
554 1379 770 1431 ἀνθρωπίνην
794 1379 894 1431 φύσιν
911 1380 1102 1419 ἐπιδείκνυ-

75 1458 153 1487 ται,
172 1441 259 1480 αὐτὰ
286 1441 330 1479 τὰ
358 1440 454 1493 παρὰ
473 1445 533 1478 τοῦ
559 1443 651 1480 Θεοῦ
682 1440 829 1494 ῥηθέντα
859 1443 909 1493 τῷ
941 1443 1022 1480 Νῶε
1055 1444 1102 1487 εἷς

77 1503 180 1553 μέσον
197 1502 427 1554 προτιθέντες.
447 1502 515 1540 Καὶ
533 1495 626 1540 εἶπεν
643 1504 661 1539 ὁ
680 1502 769 1545 Θεὸς
779 1503 829 1555 τῷ
842 1503 941 1550 Νῶε,
958 1503 1017 1541 καὶ
1030 1510 1101 1549 τοῖς

75 1566 157 1607 υἱοῖς
178 1565 293 1601 αὐτοῦ.
314 1562 414 1601 Μετὰ
432 1562 471 1600 τὸ
491 1564 676 1613 εὐλογῆσαι
692 1562 792 1601 αὐτὸν
813 1563 873 1601 καὶ
896 1563 976 1607 τοὺς
1007 1564 1100 1610 υἱοὺς

76 1625 180 1663 αὐτοῦ
193 1653 202 1670 ,
217 1624 276 1662 καὶ
290 1626 411 1669 εἰπεῖν,
427 1622 618 1667 Αὗξάνεσθε
636 1624 695 1662 καὶ
712 1623 922 1670 πληθύνεσθε
935 1656 945 1674 ,
961 1625 1020 1664 καὶ
1035 1626 1100 1673 τὴν

75 1685 186 1738 ἀρχὴν
202 1684 264 1732 τὴν
281 1684 372 1723 κατὰ
386 1688 454 1723 τῶν
474 1684 608 1736 ἀλόγων
627 1686 791 1724 ἁπάντων
808 1686 1002 1739 ἐγχειρίσαι
1013 1717 1023 1735 ,
1039 1688 1099 1726 καὶ

74 1745 137 1794 τὴν
150 1745 300 1790 ἐξουσίαν
311 1747 427 1784 δοῦναι
436 1748 557 1793 τοῦ,ὡς
568 1745 706 1798 λάχανα
716 1745 954 1798 χόρτου,οὕτω
964 1747 1096 1787 τούτων

76 1810 248 1847 ποιεῖσθαι
270 1807 333 1852 τὴν
355 1806 550 1858 μετάληψιν
563 1838 572 1854 ,
588 1807 648 1844 καὶ
663 1807 880 1845 ἐντείλασθαι
901 1807 992 1847 ὥστε
1010 1809 1096 1861 κρέα

76 1866 110 1902 ἐν
129 1866 253 1917 αἵματι
273 1866 322 1916 μὴ
344 1873 477 1918 φαγεῖν,
497 1867 685 1917 κηδόμενος
711 1867 762 1906 ἔτι
789 1867 848 1906 καὶ
875 1871 934 1907 τοῦ
963 1869 1119 1908 δικαίου·

74 1927 132 1965 καὶ
155 1931 224 1966 τῶν
242 1928 329 1979 μετὰ
348 1932 457 1966 ταῦτα
482 1929 677 1979 μελλόντων
696 1928 850 1978 ἔσεσθαι,
880 1931 940 1968 καὶ
967 1933 1097 1983 φιλοτι-

73 1988 241 2040 μούμενος
260 1989 314 2027 ἀεὶ
345 1995 420 2033 ταῖς
447 1990 658 2042 εὐεργεσίαις
682 1991 745 2038 τὴν
771 1991 946 2044 ἡμετέραν
976 1992 1096 2044 φύσιν,

73 2050 280 2102 προστίθησι
299 2051 403 2089 πάλιν
431 2052 626 2104 εὐεργεσίας
655 2052 790 2102 μείζους
814 2052 874 2091 καί
893 2068 996 2104 φησι·
1025 2054 1095 2091 Καὶ

72 2103 165 2148 εἶπεν
180 2113 197 2148 ὁ
219 2111 308 2154 Θεὸς
327 2113 376 2163 τῷ
394 2112 487 2159 Νῶε,
500 2112 558 2150 καὶ
574 2117 644 2155 τοῖς
660 2114 745 2157 υἱοῖς
757 2115 860 2150 αὐτοῦ
876 2116 950 2163 μετ’
967 2115 1072 2152 αὐτοῦ
1082 2145 1092 2162 ,

70 2170 197 2223 λέγων·
219 2171 288 2210 ἰδοὺ
305 2170 374 2222 ε’γὼ
400 2174 529 2210 ἀνιστῶ
558 2172 621 2218 τὴν
645 2173 814 2220 διαθήκην
834 2188 900 2224 μου
920 2176 1014 2223 ὑμῖν,
1034 2175 1093 2212 καὶ

66 2233 115 2283 τῷ
132 2232 307 2284 σπέρματι
326 2236 422 2283 ὑμῶν
444 2234 518 2283 μεθ’
538 2235 649 2283 ὑμᾶς,
681 2233 741 2272 καὶ
762 2235 858 2286 πάσῃ
879 2238 976 2287 ψυχῇ
997 2235 1090 2287 ζώσῃ

66 2294 141 2341 μεθ’
155 2296 263 2343 ὑμῶν,
294 2294 362 2332 ἀπὸ
387 2293 514 2346 ὀρνέων
547 2294 607 2332 καὶ
643 2295 713 2334 ἀπὸ
733 2297 890 2343 κτηνῶν,
918 2296 978 2334 καὶ
1003 2303 1092 2336 πᾶσι

64 2359 134 2397 τοῖς
152 2354 282 2406 θηρίοις
301 2357 364 2400 τῆς
374 2356 458 2403 γ’ἧς,
477 2354 542 2392 ὅσα
560 2356 635 2405 μεθ’
650 2357 747 2405 ὑμῶν
759 2386 769 2404 ,
787 2356 856 2394 ἀπὸ
869 2356 1008 2394 πάντων
1021 2359 1091 2395 τῶν

65 2413 266 2458 ἐξελθόντων
296 2415 366 2454 ἀπὸ
392 2417 456 2461 τῆς
475 2415 644 2454 κιὸωτοῦ”
665 2416 725 2454 καὶ
745 2417 864 2463 στήσω
890 2416 954 2463 τὴν
970 2417 1091 2464 διαθή-

64 2491 129 2521 κην
149 2491 215 2526 μου
235 2476 320 2528 πρὸς
347 2478 454 2526 ὑμᾶς·
475 2475 535 2514 καὶ
555 2479 616 2514 οὐκ
636 2479 861 2516 ἀποθανεῖται
888 2485 985 2517 πᾶσα
1005 2478 1090 2530 σὰρξ

61 2535 113 2574 ἔτι
147 2537 297 2575 ἀπὸτοῦ
325 2535 448 2581 ὕδατος
467 2541 526 2576 τοῦ
558 2539 809 2590 κατακλυσμοῦ
825 2555 833 2563 ·
854 2540 914 2578 καὶ
945 2542 1009 2579 οὐκ
1037 2540 1089 2578 ἔτι

63 2596 161 2635 ἔσται
191 2597 437 2649 κατακλυσμὸς
461 2598 602 2646 ὕδατος,
636 2604 866 2654 καταφθεῖραι
885 2608 1001 2639 πᾶσαν
1024 2601 1087 2648 τὴν

62 2658 141 2708 γ’ἧν.
164 2657 310 2705 Ἐπειδὴ
326 2657 417 2702 εἰκὸς
430 2653 472 2706 ἦν
491 2659 549 2697 τὸν
564 2659 695 2699 δίκαιον
711 2660 762 2699 ἔτι
776 2659 962 2712 ἐναγώνιον
978 2655 1086 2708 εἶναι,

63 2718 122 2756 καὶ
136 2721 186 2771 τῷ
205 2718 274 2758 δέει
293 2720 578 2767 καταὸεὸλῆσθαι
595 2724 699 2762 αὐτοῦ
717 2722 780 2770 τὴν
804 2724 971 2772 διάνοιαν,
986 2724 1046 2762 καὶ
1058 2725 1091 2763 εἴ

63 2794 146 2818 ποτε
165 2780 319 2831 συμὸαίη
340 2781 466 2834 μικράν
485 2799 563 2821 τινα
579 2783 775 2837 ἐπομίῗρίαν
790 2785 970 2836 γενέσθαι,
986 2786 1087 2836 ἔμελ-

62 2842 120 2878 λεν
139 2841 178 2878 ἂν
207 2841 321 2880 ἀλύειν
357 2842 415 2880 καὶ
448 2844 703 2896 ἀναχαιτίζειν,
726 2847 774 2889 ὡς
805 2846 911 2885 πάλιν
930 2846 1085 2886 τοιούτου

62 2901 250 2939 κλυδωνίου
268 2901 331 2949 τὴν
351 2904 556 2955 οἰκουμένην
575 2906 928 2958 καταλαμίῗοίνοντος,
942 2907 999 2946 ἵνα
1026 2909 1086 2946 καὶ
1122 2934 1125 2935 ⁷

63 2962 161 3005 αὐτὸς
179 2961 242 3014 ἔχῃ
263 2965 399 3015 θαῤῥεῖν
415 2965 474 3002 καὶ
495 2968 525 3003 οἱ
544 2968 592 3010 εἷς
606 2967 645 3005 τὸ
660 2966 737 3014 ἑξῆς
756 2967 908 3013 ἅπαντες
921 2999 930 3015 ,
956 2971 973 3007 ὃ
993 2971 1083 3020 ἀγα-

61 3022 115 3067 θὸς
145 3023 325 3071 Δεσπότης
351 3024 451 3069 εἰδὼς
467 3025 521 3064 ὅτι
549 3027 608 3065 καὶ
637 3028 677 3067 τὸ
701 3029 807 3080 τυχὸν
827 3029 930 3068 αὐτὸν
952 3030 1083 3069 λυποῦν
1109 3036 1134 3066 D

60 3083 247 3134 θορυθῆσαι
281 3085 480 3132 δυνήσεται·
496 3090 519 3133 ἡ
539 3086 606 3139 γὰρ
628 3093 731 3140 πεῖρα
750 3092 818 3127 τῶν
839 3090 1083 3142 παρελθόντων

60 3142 160 3190 ἱκανὴ
175 3143 305 3191 πολλὴν
327 3145 456 3184 δειλίαν
474 3146 659 3198 ε’μὸαλεῖν·
678 3150 754 3187 ἐπεὶ
774 3144 832 3187 οὖν
849 3150 939 3193 εἰκὸς
963 3145 1004 3198 ἦν
1024 3152 1082 3190 τὸν

61 3205 228 3257 μακάριον
248 3210 366 3245 τοῦτον
383 3208 449 3246 καῖ’
468 3209 536 3246 ἀπὸ
563 3212 621 3248 τοῦ
648 3210 813 3262 τυχόντος
845 3214 944 3250 ὑετοῦ
972 3227 1081 3250 κατα-

60 3259 233 3315 πλαγῆναι
250 3266 308 3304 καὶ
337 3268 528 3315 δειλιάσαι,
564 3269 620 3308 διὰ
655 3276 755 3309 τοῦτο
791 3274 808 3308 ὃ
839 3272 964 3322 ἀγαθὸς
991 3273 1080 3316 Θεὸς

61 3327 240 3378 μονονουχὶ
266 3329 400 3379 θαῤῥεῖν
430 3330 530 3368 αὐτὸν
560 3332 852 3382 παρασκευάζιιψ,
870 3333 927 3370 καὶ
953 3334 1079 3376 παντὸς

1180 415 1224 453 tis
1243 417 1455 468 perveniatis
1465 417 1664 469 fastigium,
1686 416 1723 455 in
1743 425 1900 455 nostram
1921 416 2130 467 gloriani,i11

1179 484 1451 524 :edificationem
1464 486 1643 534 Ecclesiae,
1664 486 1700 524 in
1719 486 1889 525 honorem
1901 485 2049 525 Christi.
2068 486 2131 523 Sa-

1180 567 1222 592 ne
1242 569 1306 606 ego
1323 555 1448 595 videns
1461 557 1675 609 inexplebile
1687 566 1845 596 vestrum
1864 570 1946 608 erga
1961 555 2131 608 spiritua-

1178 622 1246 660 lem
1265 623 1464 663 doctrinam
1494 626 1676 677 studium,
1705 626 1844 665 etiamsi
1872 626 2033 665 conscius
2062 626 2131 663 sim

1178 706 1314 743 magna:
1334 708 1420 732 mem
1441 695 1636 741 tenuitatis,
1658 710 1727 734 non
1751 697 1945 735 intermitto
1971 695 2134 748 quotidie

1178 761 1385 799 convivium
1396 777 1439 800 ex
1448 762 1788 816 divinisSeripturis
1799 780 1986 817 apparare,
1997 775 2029 803 et
2043 780 2133 816 qua·-

1116 860 1165 884 270
1178 844 1329 882 eumque
1349 832 1415 870 Dei
1442 833 1555 884 gratia
1578 843 1722 886 propter
1755 849 1856 872 suam
1875 836 2132 887 benignitatem

1128 897 1152 925 Α
1176 909 1209 938 et
1232 909 1386 939 vestram
1402 902 1591 940 utilitatem
1606 901 1900 955 suppeditaverit,
1920 903 2046 940 vestris
2067 918 2132 940 au-

1175 972 1276 1010 ribus
1296 974 1600 1026 proponerej—Age
1617 973 1729 1025 igitur
1747 983 1781 1013 et
1804 974 1911 1012 hodie
1932 974 2132 1012 indicemus

1175 1041 1316 1080 caritati
1355 1052 1482 1081 vcstrae
1515 1043 1728 1081 eminentem
1758 1043 1827 1081 Dei
1858 1043 2128 1095 benignitatem,

1173 1126 1282 1163 quam
1308 1112 1466 1152 humano
1499 1114 1617 1166 generi
1637 1113 1800 1163 contulit,
1824 1123 1858 1152 ct
1877 1115 1923 1153 ob
1954 1114 1993 1152 id
2019 1115 2128 1154 verba

1156 1196 1251 1232 >quae
1265 1183 1362 1221 Deus
1380 1183 1426 1221 ad
1456 1184 1530 1222 Noe'
1549 1183 1645 1222 dixit
1664 1184 1866 1222 afferamus.
1889 1185 1925 1223 8.
1946 1186 1998 1223 El
2028 1187 2127 1223 dixit

1173 1251 1280 1289 Deus
1296 1253 1350 1289 ad
1366 1254 1462 1299 Νοέ,
1490 1262 1528 1291 et
1527 1254 1643 1305 filios
1657 1255 1778 1292 illius.
1799 1255 1992 1305 Postquam
2022 1255 2128 1292 benc-

1171 1317 1267 1357 dixit
1286 1319 1405 1368 illum,
1439 1330 1472 1358 et
1491 1321 1586 1360 filios
1617 1321 1728 1370 illius,
1761 1331 1796 1360 et
1827 1322 1936 1371 dixit,
1959 1325 2129 1362 Crescite

1172 1397 1208 1427 et
1236 1391 1566 1441 multiplicamini,
1584 1401 1617 1430 et
1648 1392 1795 1431 tradidit
1827 1393 1901 1431 illis
1925 1393 2127 1431 dominium

1171 1472 1278 1511 super
1307 1459 1413 1498 bruta
1443 1461 1573 1512 omnia,
1604 1471 1885 1514 potestatemque
1910 1463 2010 1502 dedit
2031 1463 2130 1502 hisee

1172 1529 1273 1579 quasi
1295 1530 1451 1569 oleribus
1475 1531 1669 1571 herbarum
1682 1534 1791 1582 vesei,
1808 1548 1870 1572 nec
1889 1548 1958 1572 non
1978 1544 2010 1572 et
2026 1548 2126 1572 man-

1122 1581 1146 1610 Β
1176 1598 1278 1638 davit
1299 1609 1338 1639 ut
1359 1615 1481 1640 carnes
1509 1602 1544 1641 in
1561 1604 1732 1656 sanguine
1750 1619 1819 1643 non
1839 1604 2040 1655 comedant,
2061 1605 2126 1643 ad-

1170 1668 1241 1706 huc
1259 1683 1382 1721 gerens
1409 1685 1532 1710 curam
1555 1673 1646 1725 justi
1665 1683 1698 1712 et
1726 1674 1955 1726 posteritatiS,
1987 1675 2124 1713 benefi—

1169 1736 1303 1789 ciisque
1322 1749 1481 1778 nostrum
1506 1755 1618 1793 genus
1643 1742 1797 1781 ubertim
1817 1744 1987 1793 afficiens,
2008 1745 2126 1782 denuo

1170 1808 1304 1859 majora
1319 1808 1443 1861 adjicit
1455 1809 1625 1849 beneficia
1643 1821 1676 1849 et
1692 1811 1822 1862 inquit,
1844 1814 2123 1865 Di.z·itq1wD0-

1171 1879 1297 1915 minus
1311 1878 1418 1915 Deus
1445 1880 1530 1917 Νοέ
1542 1888 1582 1917 et
1602 1881 1701 1932 filiis
1715 1881 1823 1919 illius
1837 1895 1923 1919 cum
1943 1885 2039 1934 ipsc,
2061 1884 2123 1920 di-

1170 1959 1259 1984 cens
1277 1962 1285 1982 τ
1301 1948 1338 1985 9.
1355 1948 1458 1986 Ecce
1476 1957 1605 1987 statuo
1622 1955 1895 1989 testamentum
1914 1966 2037 1989 meum
2055 1966 2123 1990 vo-

1169 2017 1330 2064 biscum,
1347 2026 1383 2055 et
1398 2021 1537 2056 semini
1547 2028 1677 2057 vestro
1688 2029 1775 2071 post
1792 2023 1899 2067 ”005st
1910 2023 1946 2059 Ο.
1963 2029 1998 2059 et
2015 2025 2119 2059 omni

1168 2086 1310 2121 animoe
1328 2087 1481 2123 viventi
1499 2089 1715 2137 vobiscum,
1732 2101 1758 2124 a
1770 2088 1997 2125 volucribus
2011 2097 2047 2125 et
2060 2102 2124 2139 pe-

1166 2154 1334 2203 ceribus,
1355 2162 1393 2191 et
1417 2157 1595 2194 omnibus
1627 2158 1756 2194 bestiis
1775 2166 1898 2204 terrae,
1921 2172 2121 2210 quoecmn—

1167 2236 1242 2274 que
1263 2232 1354 2261 sunt
1371 2226 1588 2276 vobiscum,
1611 2234 1646 2263 et
1667 2229 1843 2265 omnibus
1866 2242 1952 2279 quse
1970 2242 2122 2281 egressa.

1117 2308 1140 2339 C
1165 2301 1255 2330 sunt
1274 2308 1321 2331 ex
1358 2308 1453 2332 arca
1465 2311 1480 2341 ;
1507 2296 1549 2332 11
1562 2324 1568 2332 .
1589 2303 1626 2332 et
1647 2304 1817 2334 statuam
1845 2306 2116 2336 testamentum

1166 2377 1293 2402 meum
1332 2368 1538 2404 vobiscum
1570 2382 1580 2403 .-
1619 2375 1656 2404 et
1684 2381 1761 2405 non
1796 2367 1984 2406 morietur>
2013 2370 2120 2407 ultra

1165 2435 1288 2471 omnis
1315 2447 1409 2471 caro
1428 2448 1476 2472 ex
1498 2436 1611 2487 aquis
1631 2435 1797 2480 diluvii;
1819 2450 1888 2474 nec
1908 2439 1981 2474 erit
2013 2437 2119 2474 ultra

1163 2501 1354 2539 diluvium
1368 2516 1494 2554 aquoe,
1518 2504 1624 2555 quod
1632 2517 1783 2542 omnem
1795 2513 1935 2542 terram
1945 2518 2117 2542 corrum-

1159 2579 1243 2621 pat.
1267 2570 1360 2617 Quia
1387 2571 1578 2610 verisimile
1603 2581 1677 2610 crat
1691 2574 1832 2625 justum
1860 2573 1964 2611 illum
1997 2573 2116 2611 adhue

1163 2637 1198 2676 in
1215 2651 1347 2689 angore
1368 2652 1454 2688 esse,
1475 2647 1507 2676 et
1528 2648 1680 2676 mentem
1697 2638 1795 2676 illius
1811 2638 2000 2677 formidine
2020 2648 2114 2678 tene—

1162 2706 1261 2755 ri5et
1276 2707 1306 2744 si
1329 2706 1472 2758 quando
1492 2707 1671 2758 ingrueret
1689 2722 1824 2759 parvus
1843 2708 1973 2759 aliquis
1987 2708 2114 2756 imber,

1160 2777 1321 2814 futurum
1342 2776 1478 2815 tristem
1498 2786 1530 2816 et
1556 2777 1759 2825 attonitum,
1793 2778 1895 2828 quasi
1926 2777 2043 2816 denuo
2063 2787 2115 2816 ta-

1159 2845 1204 2883 lis
1239 2855 1424 2898 tempestas
1453 2845 1629 2883 mundum
1665 2846 1870 2885 involutura
1891 2856 1978 2885 essct
1998 2863 2005 2883 :
2025 2847 2106 2885 ideo
2143 2859 2152 2864 ⁴

1162 2922 1198 2951 ut
1218 2923 1251 2951 et
1272 2913 1346 2966 ipse
1357 2913 1467 2951 fidere
1479 2922 1593 2965 posset
1607 2913 1862 2965 posteritasque
1881 2915 2006 2961 omnis,
2016 2917 2111 2967 opti—

1159 2997 1238 3022 mus
1263 2973 1370 3022 'Deus
1407 2983 1518 3035 probe
1546 2983 1658 3021 sciens
1689 2983 1795 3021 illum
1833 2984 1888 3021 vel
1926 2984 2111 3022 minimam

1158 3068 1231 3092 rem
1244 3054 1387 3092 turbare
1405 3067 1506 3106 posse
1527 3069 1533 3089 :
1558 3067 1638 3091 nam
1652 3054 1910 3105 praeteritorum
1929 3054 2110 3106 experien-

1159 3124 1204 3163 tia
1239 3124 1285 3162 ad
1304 3123 1532 3162 formidinem
1555 3122 1797 3162 incutiendam
1823 3125 1978 3162 multum
2006 3124 2110 3162 babet

1157 3193 1353 3232 momenti:
1376 3193 1492 3244 itaque
1521 3192 1603 3243 quia
1639 3193 1832 3231 verisimile
1865 3204 1938 3232 erat
1969 3194 2110 3232 beatum

1156 3264 1250 3301 hunc
1264 3276 1412 3314 parvam
1429 3261 1475 3298 ob
1494 3261 1653 3313 pluviam
1671 3262 1959 3311 surinidcnuumn,
1980 3262 2111 3300 ideireo

1154 3333 1328 3384 benignus
1347 3334 1463 3381 Deus,
1480 3332 1581 3382 quasi
1602 3332 1772 3371 fiduciam
1792 3333 1843 3370 illi
1865 3333 2110 3373 adhibiturus,

103 3442 116 3465 ¹³
141 3441 240 3475 Savil.
260 3450 291 3475 et
316 3445 458 3488 quinque
483 3446 557 3479 uss.
580 3450 798 3491 ςποιὲάπωμεν.
819 3449 930 3483 Morel.
952 3458 983 3482 et
1000 3450 1053 3484 abi
1074 3455 1287 3494 ππῡλόηομεν,
1307 3460 1338 3484 et
1358 3452 1400 3483 sit
1419 3450 1532 3493 lvgcml
1550 3463 1591 3483 tm
1610 3451 1790 3484 arbitratur
1806 3453 1957 3486 sutilius.
