2516 3791
726 149 767 178 ΙΝ
807 148 909 179 CAP.
949 149 1027 178 VH.

121 234 212 279 ξένον
232 232 478 283 ὑπομείναντες
491 262 500 279 ,
517 233 617 269 κάκεῖ
634 247 711 269 τινα
731 231 901 283 τιμωρίαν
922 231 1140 278 ὑποστήσον-

1066 147 1226 178 GENES.

1267 147 1424 177 nomn„
1464 148 1573 177 xxv.
2075 139 2161 198 273

1211 230 1273 266 die
1287 230 1448 281 judicii,
1468 243 1586 281 quam
1604 232 1729 268 vobis.
1755 230 1884 289 Ἦμος,
1907 232 2052 279 dilecte,
2075 248 2162 284 qno-

120 310 196 341 ται,
214 292 424 345 κουφοτέραν
440 292 475 330 δὲ
492 292 587 344 ὅμως
607 292 664 330 διὰ
680 292 719 330 τὸ
739 292 978 344 προλαῧόντας
995 295 1143 331 ἐνταῦθα
1165 296 1187 327 B
1211 289 1316 327 modo
1330 303 1410 327 cum
1430 288 1537 335 dicit,
1558 290 1812 328 Tolerabilius
1830 294 1901 329 erit
1916 322 1925 340 ‚
1943 294 2163 331 ostenditeos

120 354 290 400 τοσαύτης
309 355 515 405 πειραθῆναι
538 356 600 400 τῆς
619 353 912 405 ἀγανακτήσεως;
932 352 998 391 Ἵν’
1015 347 1074 390 οῦν
1092 353 1141 404 μὴ

119 414 178 452 καὶ
192 409 284 452 οὑτοι
306 413 532 457 ἐπιτείνοντες
548 413 591 452 τὰ
606 413 846 465 ἁμαρτήματα
863 414 1017 464 μείζονος
1035 429 1143 464 τιμω-

120 475 193 526 ρίας
224 474 363 517 ἑαυτοὺς
392 474 597 517 ὑπευθύνους
631 475 913 521 καταστήσωσιν,
945 477 992 518 ὡς
1017 474 1144 525 ἀγαθὸς

119 537 178 575 καὶ
202 536 443 589 φιλάνθρωπος
474 536 655 583 Δεσπότης
688 539 777 589 ὁρῶν
804 538 916 574 αὐτῶν
948 537 988 574 τὸ
1010 538 1141 585 ἀμετα-

119 599 256 645 νόητον,
280 599 317 637 ὃν
338 598 510 650 ὑπέσχετο
538 598 835 651 μακροθυμῆσειν,
857 597 980 650 χρόνον
1001 595 1141 634 συνέτῑ-

120 676 196 710 μεν.
214 658 360 712 “sto-usp
385 659 452 710 γὰρ
472 659 530 697 ἐπὶ
558 661 626 696 τῶν
648 659 710 705 τὴν
731 658 861 696 οἰκείαν
879 656 1141 708 εὐγνωμοσύνην

120 719 408 771 ἐπιδεικνυμένων
432 719 488 758 διὰ
516 719 579 766 τὴν
609 724 806 771 προσοῦσαν
828 719 922 770 αὐτῷ
943 716 1142 768 ἀγυθότητα

121 789 346 825 ἀνακαλεῖται
361 787 424 830 τὰς
438 788 521 840 παρ’
540 789 643 825 αὐτοῦ
665 785 875 838 ἀποφάσεις,
888 784 950 823 καὶ
971 785 1143 834 μεταὸαλ-

119 852 284 905 λομένους
302 852 503 905 προσίεται,
523 852 582 890 καὶ
602 855 663 898 τῆς
683 851 905 903 ἐπικειμένης
927 851 1143 889 ἀπαλλάττει

119 917 287 970 τιμωρίας
301 933 309 940 ·
330 917 420 956 οὕτω
438 917 544 955 πάλιν
563 916 704 954 ἐπειδὰν
717 915 977 967 ἐπαγγέλληται
989 915 1012 962 ἢ
1031 916 1144 967 ἀγαθά

119 1000 196 1022 τινα
216 982 429 1036 παρέξειν,ἢ
457 981 672 1036 προθεσμίαν
691 981 875 1033 μετανοίας
888 1012 897 1030 ,
917 981 973 1034 ἴδῃ
999 981 1034 1020 δὲ
1055 985 1142 1020 ἀνα-
1167 988 1191 1019 C

119 1049 207 1095 ξίους
237 1050 441 1102 γεγονότας,
462 1050 521 1088 καὶ
550 1049 627 1087 τότε
653 1049 758 1087 πάλιν
783 1050 1008 1087 ἀνακαλεῖται
1041 1051 1145 1088 αὐτοῦ

120 1117 182 1161 τὰς
209 1117 426 1170 ὑποσχέσεις.
461 1117 529 1156 Διὰ
564 1121 663 1155 τοῦτο
693 1117 752 1154 καὶ
781 1115 840 1154 διὰ
874 1120 934 1154 τοῦ
965 1117 1143 1170 προφήτου

120 1184 234 1236 ἔλεγε·
263 1183 380 1235 Πέρας
406 1182 552 1230 λαλήσω
571 1182 628 1221 ἐπὶ
658 1182 759 1230 ἔθνη,
786 1181 844 1220 καὶ
864 1182 922 1220 ἐπὶ
943 1182 1141 1233 βασιλείας,

120 1255 180 1289 τοῦ
207 1250 391 1289 ἀπολλύειν
417 1250 475 1289 καὶ
503 1249 783 1289 κατασκάπτειν·
805 1249 864 1287 καὶ
893 1249 951 1288 ἐὰν
972 1250 1143 1300 μετανοή-

121 1333 209 1357 σωσι
216 1348 226 1367 ,
236 1317 442 1368 μετανοήσω
455 1315 554 1368 κάγὼ
563 1318 614 1369 ἐφ’
623 1310 672 1360 οἶς
686 1316 840 1363 ἐλάλησα
851 1320 998 1363 ποιῆσαι
1011 1319 1124 1360 αὐτοῖς
1134 1333 1143 1341 -

121 1384 182 1422 καὶ
195 1384 312 1431 πάλιν,
327 1383 444 1437 Πέρας
461 1383 606 1430 λαλήσω
626 1382 684 1421 ἐπὶ
699 1383 778 1430 ἔθνη
795 1383 855 1421 καὶ
870 1382 926 1422 ἐπὶ
943 1383 1122 1434 βασιλείας
1133 1413 1143 1430 ,

120 1455 180 1490 τοῦ
211 1453 446 1500 ἀνοικοδομεῖν
460 1467 468 1475 ·
508 1451 567 1489 καὶ
604 1450 661 1490 ἐὰν
696 1450 902 1504 ἁμάρτωσι,
941 1452 1145 1502 μετανοήσω

121 1518 220 1571 κάγὼ
239 1520 289 1571 ἐφ’
304 1513 353 1562 οἷς
366 1519 523 1565 ἐλάλησα
540 1521 684 1565 ποι-ἧσαι
708 1520 835 1562 αὐτοῖς.
852 1513 953 1564 Εἶδες
969 1523 1043 1565 πῶς
1058 1524 1142 1574 παρ’

120 1589 222 1638 ἡμῶν
245 1586 307 1630 τὰς
327 1586 487 1639 ἀφορμὰς
513 1586 686 1637 λαμὸάνει
706 1586 767 1624 καὶ
791 1589 853 1633 τῆς
885 1589 1145 1643 φιλανθρωπίας

121 1652 164 1699 ἣν
184 1652 263 1706 περὶ
282 1655 375 1704 ἡμᾶς
399 1653 656 1700 ἐπιδείκνυται,
684 1652 744 1690 καὶ
766 1656 828 1699 τῆς
857 1655 1145 1705 ἀγανακτήσεως,

122 1719 192 1758 Διά
212 1735 264 1757 τοι
283 1723 384 1758 τοῦτο
406 1719 467 1757 καὶ
487 1724 544 1758 νῦν
567 1719 686 1766 ἐπειδὴ
709 1721 770 1757 οὐκ
787 1723 834 1764 εἷς
853 1720 927 1759 δέον
952 1723 1147 1774 ἐχρήσαντο

123 1790 167 1839 τῇ
190 1791 248 1826 τοῦ
268 1787 394 1839 χρόνου
414 1787 610 1841 παρατάσει
624 1818 634 1835 ,
655 1787 836 1839 συντέμνει
864 1789 904 1827 τὸ
922 1789 1056 1843 καιρόν.
1079 1791 1146 1829 Διὰ

123 1857 225 1892 τοῦτο
240 1854 299 1892 καὶ
315 1857 332 1892 ὁ
348 1854 518 1906 μακάριος
532 1855 670 1897 Παῦλος
683 1853 782 1906 ἔλεγε
799 1854 883 1906 πρὸς
897 1855 975 1898 τοὺς
995 1857 1146 1908 ἀναλγή-

124 1938 191 1965 τως
210 1921 465 1972 διακειμένους,
490 1921 549 1959 καὶ
567 1920 629 1968 τὴν
650 1920 705 1959 διὰ
720 1924 781 1968 τῆς
803 1922 986 1972 μετανοίας
1002 1924 1146 1975 δεδομέ-

124 2004 185 2035 νην
207 1992 291 2038 ἠμὶν
312 1988 486 2040 σωτηρίαν
506 1991 543 2026 οὐ
559 1988 805 2040 προσιεμένους
818 2005 825 2012 ·
846 1988 896 2027 Ἢ
917 1993 977 2027 τοῦ
999 1990 1148 2029 πλοότου

124 2061 187 2104 τῆς
203 2057 440 2110 χρηστότητος
461 2059 565 2095 αὐτοῦ
576 2086 585 2103 ,
599 2056 659 2094 καὶ
673 2058 735 2102 τῆς
751 2058 881 2107 ἀνοχῆς
895 2086 904 2103 ,
922 2056 982 2095 καὶ
997 2061 1058 2104 τῆς
1080 2074 1148 2109 μα-

123 2124 314 2176 κροθυμίας
332 2129 555 2176 καταφρονεῖς
568 2152 577 2169 ,
604 2124 749 2175 ἀγνοῶν,
770 2122 822 2161 ὅτι
847 2122 887 2161 τὸ
912 2125 1066 2176 χρηστὸν
1087 2132 1147 2165 τοῦ

122 2193 214 2231 Θεοῦ
228 2194 275 2234 εἷς
296 2191 480 2242 μετάνοιάν
496 2207 535 2229 σε
559 2190 634 2241 ἅγει
648 2206 657 2237 ;
673 2189 774 2228 Κατὰ
792 2190 828 2228 δὲ
844 2190 906 2238 τὴν
922 2192 1145 2245 σκληρότητα

120 2273 183 2297 σου
218 2258 277 2297 καὶ
312 2258 548 2309 ἀμετανόητον
585 2257 729 2310 καρδίαν
761 2258 978 2312 θησαυρίζεις
1009 2264 1144 2315 σεαυτῷ

121 2325 226 2378 ὀργὴν
246 2327 281 2363 ἐν
300 2324 417 2377 ἡμέρα
443 2327 546 2378 ὀργῆς
575 2323 635 2363 καὶ
660 2323 913 2377 ἀποκαλύψεως
932 2327 991 2365 καὶ
1012 2328 1142 2368 δικαιο-

121 2394 257 2447 κρισίας
278 2397 337 2431 τοῦ
361 2397 475 2441 (θεοῦ,
495 2386 595 2437 Εἶδες
616 2396 690 2437 πῶς
719 2392 779 2431 καὶ
800 2396 818 2431 ὁ
836 2395 1026 2446 θαυμάσιος
1046 2391 1143 2441 οὗτος

121 2462 183 2506 τῆς
203 2459 405 2510 οἰκουμένης
431 2459 636 2503 διδάσκαλος
655 2463 772 2513 σαφῶς
788 2465 882 2512 ἡμᾶς
903 2462 1069 2512 ἐδίδαξεν,
1089 2465 1140 2501 ὃτι

122 2529 154 2565 ot
174 2529 217 2577 τῇ
246 2525 467 2580 μακροθυμία
486 2530 545 2565 τοῦ
565 2528 658 2565 Θεοῦ
674 2529 718 2578 τῇ
747 2526 832 2580 πρὸς
850 2529 1036 2579 μετάνοιαν
1055 2535 1139 2581 ἡμῖν
1163 2533 1188 2565 Ε

121 2593 379 2647 παραογ-εθείσῃ
401 2594 450 2644 μὴ
474 2593 650 2647 χρώμενοι
670 2598 717 2638 εἷς
733 2596 821 2645 δέον,
837 2597 969 2649 μείζονι
985 2597 1064 2650 δίκῃ
1081 2599 1142 2637 καὶ

122 2660 273 2713 τιμωρία
292 2660 431 2706 ἑαυτοὺς
452 2661 661 2706 ὑπευθύνους
687 2666 898 2711 καθιστῶσι;
937 2665 1006 2704 Διὰ
1039 2670 1142 2705 τοῦτο

123 2727 182 2765 καὶ
201 2731 257 2765 νῦν
283 2730 302 2766 ὁ
325 2727 565 2781 φιλάνθρωπος
583 2729 673 2773 Θεὸς
696 2731 880 2784 μονονουχὶ
901 2733 1144 2785 ἀπολογούμε-

80 2793 85 2796 ’
123 2809 195 2840 νος,
212 2793 271 2832 καὶ
287 2793 419 2839 δεικνὺς
433 2795 496 2842 τὴν
509 2795 637 2844 αἰτίαν,
653 2797 696 2834 δι’
712 2797 755 2844 ἣν
769 2799 838 2851 πρὸ
850 2801 913 2845 τῆς
928 2803 998 2838 τῶν
1012 2802 1143 2853 καιρῶν

124 2861 409 2913 συμπληρώσεως
429 2862 581 2915 ἐπήγαγε
599 2864 657 2902 τὸν
675 2866 936 2917 κατακλυσμὸν,
953 2868 1144 2919 ἐπισημαί-

124 2943 220 2966 νεται
249 2930 332 2978 ἡμῖν
362 2930 430 2966 τῶν
465 2930 552 2968 ἐτῶν
569 2932 629 2968 τοῦ
657 2930 789 2970 δικαίου
821 2932 879 2971 τὸν
900 2934 1063 2985 ἀριθμὸν,
1083 2934 1145 2972 καί

125 3011 228 3048 φησι·
249 2996 329 3034 Νῶε
368 2995 404 3034 δὲ
431 2990 473 3043 ἦν
493 2999 579 3036 ἐτῶν
599 2997 798 3043 ἑξακοσίων.
835 3003 882 3039 Οἱ
912 3001 978 3054 γὰρ
1008 3003 1044 3040 ἐν
1074 3008 1146 3046 τοῖς

125 3062 247 3117 ἑκατῖν
266 3062 357 3101 ἔτεσι
376 3063 634 3115 μεταὸαλέσθαι
654 3066 704 3118 μὴ
723 3067 967 3119 βουληθέντες,
985 3069 1020 3107 τί
1041 3070 1146 3108 πλέον

126 3127 166 3165 ἂν
189 3127 367 3180 ἐκέρδαινον
388 3128 458 3167 ἀπὸ
476 3132 544 3168 τῶν
569 3130 678 3169 εἴκοσι
697 3134 796 3179 ἐτῶν,
818 3132 842 3179 ἢ
857 3133 898 3172 τὸ
919 3133 1064 3174 πλείονα
1085 3136 1148 3183 τὴν

127 3195 329 3247 προσθήκην
346 3201 359 3217 “
370 3196 607 3250 ἐργάσασθαι;
627 3199 771 3243 Δεικνὺς
785 3200 852 3253 γὰρ
865 3203 969 3241 αὐτοῦ
983 3204 1047 3249 τῆς
1060 3203 1149 3255 ἀφοί-

1210 350 1290 388 licct
1307 359 1441 388 tantam
1461 350 1519 388 hic
1536 365 1677 402 poenam
1696 350 1882 396 dederint,
1902 361 1937 389 et
1958 353 2160 392 incendium

1210 411 1300 448 iilud
1316 425 1447 449 novum
1461 419 1495 448 ct
1516 425 1635 449 rarum
1651 411 1820 461 tulerint,
1838 412 1912 450 illic
1931 428 2070 464 quoque
2089 430 2161 466 poe·
2177 420 2217 446 Ex
2234 423 2364 456 praescnn

1210 487 1292 510 nam
1323 474 1456 511 laturos
1487 487 1561 511 esse
1576 503 1585 519 ,
1614 482 1856 511 verumtamen
1890 474 2062 512 leviorem
2077 505 2088 524 ,
2122 490 2162 513 co
2176 472 2346 529 ᾖξήἳῇῃμ...
2355 478 2365 523 j

1210 533 1306 584 quod
1334 534 1432 585 prius
1453 534 1510 572 hic
1535 542 1666 572 tantam
1687 535 1826 587 experti
1845 535 1914 574 sint
1945 535 2161 588 indignatio·
2177 544 2231 571 ¹³¹³
2255 545 2366 571 minui-

1210 594 1320 631 nem?
1338 596 1389 632 Ne
1406 595 1516 645 igitur
1528 604 1561 632 et
1579 595 1601 632 ii
1619 605 1761 647 peccata
1776 606 2039 646 coacervantes,
2054 599 2163 650 majo·
2178 592 2225 614 ‘¹¹‘
2249 591 2363 612 “¹⁰⁸¹''

1211 654 1311 691 ribus
1328 668 1364 691 se
1394 655 1509 706 poenis
1540 655 1714 693 obnoxios
1747 657 1953 706 redderent,
1989 659 2165 697 Dominus

1211 714 1326 752 bonus
1357 724 1392 752 et
1424 715 1598 766 benignus
1627 715 1800 754 duritiam
1825 718 1968 756 illorum
1998 721 2167 772 poenitere

1211 775 1365 812 nesciam
1396 775 1691 827 videns‚tempns
1709 790 1780 826 quo
1800 792 1835 815 se
1861 780 2051 830 patientem
2070 783 2167 819 sutu-

1212 851 1293 874 rum
1334 836 1498 889 promisit
1514 866 1524 885 ,
1556 837 1749 874 imminuit.
1799 839 1890 876 Nam
1921 840 2012 877 sicut
2044 856 2165 879 eorum

1213 911 1316 935 causa
1329 898 1390 948 qui
1404 897 1709 935 admonitionibus
1724 898 1797 935 suis
1817 908 1955 951 promte
1968 911 2105 952 parent,
2121 904 2166 939 nh

1213 957 1405 996 bonitatem
1423 958 1492 996 sibi
1512 958 1729 1011 peculiarem
1747 960 1936 998 sententias
1959 976 2041 1000 suas
2059 978 2168 1001 rem·-

1214 1028 1270 1057 cat
1284 1049 1295 1069 ,
1311 1029 1346 1057 et
1362 1019 1407 1058 ad
1426 1034 1462 1058 se
1474 1033 1660 1058 conversos
1671 1019 1846 1071 admittit,
1863 1031 1969 1072 atque
1987 1024 2032 1061 ab
2051 1024 2168 1062 immi-

1214 1089 1317 1118 nente
1330 1080 1509 1133 supplicio
1524 1080 1672 1118 liberat:
1688 1081 1735 1118 ita
1745 1096 1886 1133 quoque
1899 1097 1982 1121 cum
1995 1085 2170 1136 promittit

1214 1142 1272 1180 vel
1290 1142 1381 1180 bona
1398 1141 1517 1192 aliqua
1535 1156 1571 1179 se
1589 1142 1826 1194 praebiturum
1842 1173 1853 1193 ,
1879 1144 1936 1181 vel
1954 1145 2169 1196 poenitentia*

1214 1210 1372 1253 tempus,
1390 1200 1491 1238 videt
1511 1210 1630 1239 autem
1652 1201 1732 1239 illos
1755 1201 1942 1254 indign05‚
1965 1205 2170 1243 etiamtunc

1215 1274 1355 1312 quoque
1374 1273 1455 1298 suas
1479 1259 1731 1312 promissiones
1755 1270 1910 1298 revocat.
1942 1262 2117 1308 Quocirca
2138 1272 2171 1301 et

1214 1333 1277 1372 per
1295 1318 1507 1371 prophetam
1525 1318 1668 1356 dicebat
1687 1334 1694 1355 :
1719 1319 1792 1356 Ad
1810 1332 1998 1358 summam
2033 1322 2173 1374 loquar
2187 1335 2252 1362 „lt-r.
2277 1331 2322 1361 18.
2342 1341 2370 1369 7.

1214 1393 1328 1431 super
1350 1387 1501 1431 gentes,
1529 1388 1565 1417 et
1584 1392 1698 1431 super
1725 1393 1869 1432 regna,
1896 1390 1938 1418 ut
1954 1383 2116 1433 perdam
2136 1392 2171 1420 et
2187 1373 2217 1403 3·

1213 1448 1385 1478 evertam
1404 1455 1414 1475 :
1433 1448 1469 1477 et
1486 1442 1520 1477 si
1533 1442 1802 1492 poenitentiam
1821 1444 1990 1493 egerint,
2005 1457 2120 1495 agam
2135 1453 2172 1481 et

1214 1515 1281 1554 ego
1292 1503 1561 1554 poenitentiam
1576 1514 1690 1553 super
1711 1504 1758 1539 iis
1778 1515 1864 1553 quae
1885 1503 2068 1555 loquutus
2087 1519 2171 1542 sum

1185 1588 1193 1592 —
1215 1571 1257 1601 ut
1267 1564 1451 1616 facerem
1483 1565 1536 1600 eis
1555 1578 1564 1598 :
1584 1571 1618 1600 et
1636 1562 1789 1600 iterum:
1807 1563 1879 1600 Ad
1901 1578 2093 1603 summam
2116 1567 2171 1604 lo·
2191 1577 2294 1605 [mciv
2321 1585 2351 1614 9.

1216 1639 1316 1678 quar
1334 1638 1447 1676 super
1458 1632 1591 1676 gentes
1611 1632 1646 1662 et
1664 1637 1778 1676 super
1792 1639 1932 1678 regna,
1950 1635 1992 1664 ut
2007 1629 2124 1665 reoedi
2142 1643 2172 1665 ι-
2191 1625 2237 1646 ¹⁰·

1216 1698 1299 1722 cem
1317 1699 1328 1719 :
1350 1692 1386 1721 et
1402 1686 1436 1721 si
1452 1686 1712 1734 peccaverint,
1743 1687 2013 1736 poenitentiam
2042 1695 2079 1724 et
2104 1702 2172 1739 ego

1219 1758 1335 1796 agam
1351 1758 1464 1795 super
1478 1746 1526 1781 iis
1540 1757 1626 1795 quae
1643 1744 1825 1795 loquutus
1841 1760 1925 1784 sum
1941 1755 1984 1785 ut
2000 1749 2173 1799 facerem

1219 1807 1288 1842 eis.
1314 1804 1448 1843 Vidisti
1472 1803 1653 1854 quomodo
1672 1818 1692 1841 a
1708 1805 1809 1843 nobis
1825 1807 2025 1846 occasiones
2045 1809 2174 1862 accipit

1219 1872 1292 1901 tam
1308 1862 1577 1912 misericordioe,
1591 1877 1699 1914 quam
1714 1878 1796 1916 erga
1813 1879 1876 1903 nos
1893 1865 2173 1918 declarat,quam

1219 1924 1508 1976 indignationis?
1528 1924 1666 1963 Idcirco
1685 1924 1792 1963 etiam
1811 1940 1905 1965 nunc
1924 1936 2064 1981 tempus
2081 1944 2173 1968 rese-

1220 1995 1292 2033 cat,
1313 1986 1414 2037 cnjus
1435 1985 1487 2022 illi
1507 1985 1733 2036 longitudine
1753 1987 2002 2026 abutebantur.
2043 1990 2173 2029 Beatus

1220 2059 1360 2096 quoque
1387 2044 1520 2083 Paulus
1539 2044 1586 2082 ad
1604 2045 1766 2097 stupidos
1796 2046 1899 2097 illos,
1931 2049 1992 2099 qui
2021 2051 2171 2089 salutem

1218 2120 1281 2157 per
1300 2105 1545 2158 poenitentiam
1562 2105 1665 2144 nobis
1676 2105 1798 2145 datam
1813 2122 1882 2147 non
1901 2110 2172 2161 admittunt,di-

1217 2167 1318 2204 cebat
1334 2183 1341 2203 :
1361 2167 1431 2204 An
1452 2168 1610 2204 divitias
1629 2169 1814 2207 bonitatis
1827 2172 1908 2221 ejus
1923 2180 1958 2208 et
1971 2175 2171 2223 patientioe
2189 2179 2273 2228 {ivm-
2293 2187 2320 2206 2.
2342 2180 2368 2219 j.

1218 2236 1254 2266 et
1271 2229 1583 2280 longanimitatis
1603 2233 1840 2278 contemnis,
1862 2234 2047 2283 ignorans
2067 2238 2171 2287 quod
2186 2230 2215 2250 ³'

1218 2291 1437 2342 benignitas
1454 2290 1531 2328 Dei
1548 2292 1604 2328 ad
1618 2294 1885 2343 poenitentiam
1904 2302 1940 2331 te
1951 2306 2137 2346 provocat
2153 2302 2170 2334 ?

1214 2350 1432 2388 Secundum
1446 2360 1576 2389 autem
1595 2353 1782 2390 duritiam
1799 2362 1907 2391 tuam
1920 2385 1930 2400 ,
1947 2365 1984 2393 et
1997 2359 2170 2409 impaeni-

1215 2420 1299 2450 tens
1319 2426 1398 2459 cor,
1423 2413 1665 2450 thesaurizas
1682 2415 1906 2465 tibimetipsi
1922 2419 2023 2454 iram
2044 2421 2086 2455 in
2106 2421 2168 2457 die

1214 2476 1283 2511 irae
1297 2482 1334 2512 et
1352 2474 1602 2511 revelationis
1625 2476 1722 2525 justi
1734 2476 1878 2526 judicii
1900 2478 2006 2514 Dei?
2028 2479 2165 2517 Vidisti

1213 2534 1392 2586 quomodo
1414 2543 1448 2573 et
1469 2534 1623 2572 eximius
1642 2534 1704 2572 illc
1720 2535 1845 2574 doctor
1874 2538 1971 2576 orbis
1990 2539 2083 2577 clarc
2102 2555 2165 2579 nos

1212 2596 1352 2643 docuit,
1364 2610 1422 2634 cos
1442 2595 1502 2646 qui
1520 2595 1688 2647 patientia
1703 2596 1768 2633 Dei
1787 2596 1833 2634 ad
1847 2599 2091 2649 poenitentiam
2105 2616 2166 2641 no-

1213 2656 1269 2694 bis
1289 2668 1451 2694 concessa
1470 2655 1686 2704 abutuntur,
1706 2655 1832 2707 majori
1853 2671 1962 2709 poenae
1982 2669 2014 2697 ct
2030 2661 2171 2713 suppli-

1214 2714 1270 2752 cio
1295 2713 1501 2764 semctipsos
1532 2712 1707 2750 obnoxios
1738 2713 1915 2752 reddere?
1950 2716 1997 2754 Et
2027 2717 2092 2756 hac
2122 2720 2166 2757 de

1185 2790 1187 2792 ·
1215 2790 1320 2814 causa
1334 2775 1441 2813 ctiam
1455 2787 1547 2811 nunc
1562 2773 1737 2825 benignus
1751 2775 1858 2824 Deus,
1874 2778 1976 2827 quasi
1993 2793 2066 2818 sese
2080 2796 2165 2834 pur-

1216 2851 1324 2889 gans,
1357 2835 1600 2886 rationemque
1630 2835 1802 2885 reddens,
1835 2852 1945 2888 quare
1975 2851 2165 2893 antequam

1217 2898 1432 2952 promissum
1452 2906 1592 2949 tempus
1609 2896 1836 2949 impleretur,
1855 2899 2036 2940 diluvium
2057 2904 2164 2943 indu-

1219 2960 1325 3006 xerit,
1344 2972 1517 2997 annorum
1529 2957 1616 3010 justi
1628 2971 1816 2998 numerum
1830 2959 1986 3001 declarat
1993 2974 2048 3013 ‚et
2062 2965 2166 3004 dicit:

1220 3023 1303 3059 Noe
1319 3028 1447 3058 autem
1463 3027 1548 3056 erat
1566 3032 1759 3057 annorum
1777 3031 2057 3063 sexcentorum.
2079 3029 2169 3065 Nam

1221 3081 1281 3132 qui
1298 3081 1332 3118 in
1356 3088 1496 3118 centum
1523 3078 1625 3117 annis
1657 3081 1814 3120 converti
1845 3084 2024 3123 noluerint
2039 3116 2049 3135 ,
2083 3087 2169 3138 quid

1221 3140 1377 3193 amplius
1391 3139 1603 3192 proficerent
1615 3153 1660 3179 cx
1671 3141 1774 3180 annis
1788 3141 1914 3195 viginti
1929 3175 1938 3191 ,
1952 3160 2060 3196 quam
2074 3148 2172 3198 quod

1226 3203 1328 3255 plura
1348 3200 1542 3253 adjicerent
1561 3202 1730 3253 peccata?
1749 3203 1944 3245 Enimvero
1975 3218 2173 3248 monstrans

175 3312 189 3327 ⁸
212 3302 336 3335 Omnes
361 3301 426 3334 sere
454 3308 652 3349 ἐγράσασθαι,
677 3312 796 3347 praetcr
821 3305 934 3339 Morel.
955 3308 1011 3350 qni
1039 3307 1138 3340 habet
1156 3312 1346 3352 ἐργάζεσθαι.

345 3366 440 3393 Tou.
474 3369 528 3393 lv.

1922 3380 1968 3419 ¹9
