2433 3775
243 160 301 205 28
666 173 706 202 s.
744 172 930 202 sommis
967 169 1210 201 cflRYsos‘r.

239 264 312 292 tam
334 254 478 293 illorum
494 262 648 292 mentem
663 253 816 292 aviditas
834 253 1065 306 pecuniarum
1083 252 1187 290 inve-

238 315 305 366 xit,
328 329 449 354 eruere
469 315 624 354 valuero.
648 315 730 354 Scio
748 314 855 363 enim,
874 314 945 352 scio
973 314 1046 351 fore
1064 321 1103 350 ut
1126 325 1190 364 per

237 376 390 427 gratiam
404 375 472 414 Dei
490 390 694 415 sermonum
709 384 910 413 nostrorum
926 372 1135 423 frequentia,
1157 381 1191 409 et

232 436 362 488 jejunii
392 436 552 475 studium
577 436 674 488 ipsos
700 435 758 475 vel
789 449 866 473 sero
899 448 920 471 a
948 432 1089 470 difficili
1122 431 1191 470 hoc

236 498 362 539 morbo
394 498 557 546 liberare,
576 497 808 548 perfectaeque
839 494 982 532 sanitati
1009 493 1192 531 restituere

235 558 360 610 possit,
379 567 417 596 ut
431 567 463 596 et
480 558 549 609 ipsi
561 572 581 594 a
595 556 793 608 suppliciis,
805 569 884 606 quac
896 555 940 592 iis
959 563 1083 607 parata
1096 561 1190 602 sunt,

235 618 446 667 liberentur,
459 627 492 655 et
502 631 565 655 nos
575 631 594 654 a
608 616 942 663 tristitiacruamur,
953 624 987 653 et
999 629 1064 667 pro
1077 615 1191 653 omni-

236 680 304 716 bus
331 678 482 728 gloriam
510 677 704 715 reseramus
732 678 807 714 Deo
834 676 946 724 Patri,
966 685 1000 714 et
1024 676 1133 727 Filio,
1156 684 1191 713 et

236 738 391 790 Spiritui
409 747 544 785 sancto,
566 751 661 776 nunc
693 746 728 776 et
758 751 911 790 semper,
929 747 965 776 ct
997 738 1034 776 in
1062 737 1210 789 saecula*

237 799 457 838 saeculorum.
480 802 604 838 Amen.

557 1011 765 1049 HOMILIA
806 1011 871 1050 IV.

44 1119 115 1146 0⁶¹¹-
140 1126 163 1145 ¹·
179 1117 207 1147 6·
242 1115 344 1154 Dixit
359 1129 500 1166 quoque
512 1115 608 1152 Deus
626 1130 633 1150 :
650 1114 730 1152 Fiat
744 1113 1011 1151 firmamentum
1024 1111 1060 1148 in
1074 1106 1193 1149 medio

293 1191 403 1228 aquae,
424 1186 457 1214 et
474 1175 615 1215 dividat
631 1175 722 1214 inter
738 1187 866 1225 aquam
882 1181 915 1211 et
927 1185 1059 1224 aquam
1077 1187 1083 1208 :
1102 1172 1191 1210 etfa—

292 1247 390 1276 ctum
409 1246 459 1275 est
481 1246 541 1275 ita.

296 1346 310 1380 1
326 1374 332 1380 .
355 1342 493 1382 Videns
512 1355 591 1393 ego,
612 1338 850 1389 dilectissimi,
869 1337 1022 1376 alacrem
1050 1346 1083 1376 et
1101 1351 1192 1390 quo-

238 1404 416 1443 udianum
428 1411 588 1442 vestrum
602 1395 831 1450 conventum,
849 1412 1016 1450 magnam
1032 1399 1192 1452 percipio

237 1466 470 1518 voluptatem,
485 1473 519 1501 et
538 1462 699 1501 clementi
713 1463 790 1499 Deo
807 1461 958 1512 gloriam
976 1460 1021 1498 de
1034 1461 1191 1513 profectu

237 1536 356 1565 vestro
374 1525 547 1564 referendi
563 1525 672 1562 finem
688 1537 759 1562 non
773 1522 879 1561 facio.
896 1522 990 1559 Nam
1005 1522 1098 1560 sicut
1113 1536 1191 1560 esu-

236 1588 308 1626 rire
325 1587 520 1640 corporalis
533 1585 694 1624 sanitatis
718 1583 891 1622 indicium
908 1592 972 1631 est,
987 1583 1037 1620 ita
1057 1592 1090 1621 et
1111 1592 1190 1621 stu-

237 1648 298 1687 dio
328 1662 457 1700 magno
491 1647 616 1685 audire
639 1646 766 1684 divina
788 1644 930 1695 eloquia
948 1644 1050 1682 bonae
1081 1644 1191 1682 animi

239 1710 458 1750 valetudinis
488 1708 724 1748 certissimum
750 1716 802 1745 est
822 1714 1085 1758 argumentum.
1108 1705 1193 1743 Idco

241 1780 275 1810 et
293 1771 470 1810 Dominus
499 1779 616 1808 noster
636 1770 739 1808 Jesus
756 1767 919 1805 Christus
936 1766 973 1804 in
992 1766 1066 1804 suis
1081 1766 1193 1804 beati-

44 1845 158 1874 Mauh.
179 1844 209 1874 5.
240 1832 444 1883 tudinibus,
457 1831 591 1882 quasin
605 1839 723 1868 monte
733 1827 898 1882 protulit,
913 1827 1194 1866 dicebat:Beczti

45 1887 73 1916 θ’
243 1897 310 1947 qui
342 1895 517 1932 esuriunt
549 1900 584 1930 et
607 1893 745 1929 sitiunt
762 1891 973 1942 justitiam,
1008 1891 1194 1940 quoniam

242 1958 315 2008 ipsi
327 1952 717 1999 saturabuntur-Quis
732 1951 843 2002 igitur
861 1950 971 2002 digne
988 1964 1052 1989 vos
1069 1949 1195 1988 lauda-

242 2032 279 2055 re
297 2017 426 2065 valeat,
447 2014 510 2066 qui
529 2013 637 2052 semel
655 2013 700 2050 ab
725 2011 886 2050 omnium
905 2010 1060 2049 Domino
1076 2010 1194 2048 beati-

244 2078 407 2116 tudinem
426 2074 621 2127 accepistis,
636 2082 670 2111 et
685 2073 731 2110 ab
750 2086 789 2110 eo
802 2071 943 2110 infinita
961 2072 1052 2109 bona
1073 2085 1196 2123 exspe-

244 2138 373 2177 ctatis?
390 2138 422 2175 Is
433 2137 528 2174 enim
545 2134 688 2174 Domini
706 2133 817 2172 nostri
835 2147 912 2171 mos
926 2141 992 2182 est,
1007 2141 1047 2170 ut
1061 2133 1196 2184 quoties

245 2198 343 2238 videt
361 2198 518 2236 animam
545 2196 703 2247 aliquam
727 2194 840 2232 multo
862 2192 1039 2231 desiderio
1059 2193 1197 2232 studio-

246 2275 314 2311 que
330 2259 489 2297 maximo
509 2256 757 2310 spiritualibus
775 2255 984 2303 inhiantem,
1003 2254 1197 2293 liberaliter

245 2323 345 2360 illam
368 2320 481 2373 gratia
503 2329 537 2358 et
570 2318 747 2371 opulentis
768 2317 871 2355 donis
889 2316 963 2354 suis
995 2316 1194 2369 locupletet.

247 2383 353 2422 L'nde
365 2393 399 2421 et
413 2396 477 2434 ego
497 2381 534 2419 in
553 2389 707 2419 vestram
726 2378 918 2416 utilitatem
938 2386 971 2415 et
989 2376 1196 2415 aedifieatio-

247 2459 327 2482 nem
342 2452 520 2496 exspecto,
541 2450 580 2478 ut
596 2439 738 2478 uberior
755 2448 788 2477 et
811 2438 914 2476 nohis
931 2437 1102 2475 doctrinae
1125 2452 1196 2476 ser—

246 2520 304 2543 mo
331 2503 556 2544 concedatur.
588 2504 737 2553 Propter
764 2514 827 2539 vos
851 2499 959 2549 enim,
990 2507 1023 2536 et
1053 2508 1197 2551 propter

247 2577 404 2606 vestrum
421 2565 633 2618 profectum,
655 2576 795 2601 omnem
819 2560 915 2598 hunc
933 2559 1089 2598 laborem
1109 2560 1197 2598 tolc—

248 2643 383 2677 ramus,
396 2637 436 2665 ut
456 2636 489 2664 et
503 2640 566 2664 vos
594 2624 698 2663 citius
716 2622 762 2661 ad
791 2622 909 2674 ipsum
925 2620 1071 2660 virtutis
1094 2621 1197 2659 fasti-

251 2691 349 2742 gium
374 2687 584 2737 ascendatis,
622 2685 733 2723 futuri
765 2683 848 2723 vitae
877 2682 1009 2722 divinae
1036 2682 1198 2733 magistri

249 2751 415 2790 omnibus
431 2749 493 2800 qui
524 2762 587 2788 vos
607 2746 816 2799 respiciunt,
831 2754 865 2784 et
883 2743 985 2783 nobis
1003 2744 1116 2796 major
1143 2744 1199 2783 di-

251 2812 353 2851 cendi
368 2810 499 2848 fiducia
512 2809 664 2857 accedat,
673 2807 737 2859 qui
748 2806 914 2846 videmus
923 2819 992 2844 non
1004 2805 1040 2844 in
1053 2820 1199 2854 vanum,

250 2888 312 2912 nec
331 2874 462 2911 frustra
482 2885 543 2909 nos
558 2871 732 2918 laborare,
744 2867 808 2907 sed
823 2865 981 2919 quotidie
999 2880 1116 2905 semen
1131 2866 1200 2906 hoc

249 2933 433 2986 spirituale
446 2933 480 2970 in
506 2931 607 2970 vobis
627 2945 792 2980 crescere,
812 2943 923 2981 neque
937 2928 1028 2967 sicut
1042 2927 1078 2966 in
1094 2942 1198 2966 evan-

250 2995 342 3044 gelio
362 2993 551 3032 seminanti
573 2992 701 3039 evcnit,
731 2992 779 3029 ita
808 3000 842 3029 et
863 2990 966 3029 nobis
985 2989 1197 3042 contingere.

251 3056 305 3093 lbi
328 3055 423 3093 cnixn
443 3068 511 3091 una
533 3062 669 3091 tantum
684 3067 765 3104 pars
782 3051 882 3090 salva
897 3050 979 3101 fuit,
998 3059 1068 3089 tres
1086 3050 1198 3103 perie-

60 3128 167 3157 πρηὺ.
194 3130 224 3157 13
255 3125 346 3155 runt.
367 3115 461 3163 Quia
478 3129 609 3164 semen,
631 3113 725 3164 quod
748 3127 847 3151 secus
862 3111 959 3150 viam
974 3110 1112 3162 cecidit,
1127 3112 1201 3150 sine

50 3180 155 3209 ·⁶·-'7·
256 3180 371 3216 fructu
388 3176 529 3221 mansit,
550 3184 581 3213 et
607 3174 701 3226 quod
727 3174 815 3213 inter
839 3173 968 3227 spinas,
989 3173 1200 3212 suffocatum

1222 2867 1245 2897 Ε

296 3312 306 3324 ³·
325 3298 460 3331 Coislin.
485 3304 626 3335 πὶουσὶως
650 3304 700 3335 τα,-
718 3313 777 3341 :up
806 3301 915 3331 {xxi-<im
939 3306 1096 3342 χαριζεται
1123 3300 1249 3342 δωρεὰς.

250 3359 314 3387 ἑθεν
332 3355 537 3397 προ-ιῦοιῶμεν
556 3356 602 3384 καὶ
620 3356 687 3391 ἡμῖν
705 3352 751 3382 δια
770 3356 818 3387 τῇ,
839 3354 999 3392 ἡμετέραν.

1250 169 1457 199 ARCHIEP.
1498 169 1859 199 CONSTANTINOP.

1264 251 1384 301 μάτων
1418 250 1581 301 ἐπιθυμία
1607 252 1729 303 ἤνεγκε
1766 251 1974 289 σκοτώσασα
2008 250 2064 287 τὸν
2096 252 2278 301 λογισμὸν,

1263 315 1467 363 ἀνενεγκεῖν.
1489 306 1581 350 Οἶδα
1607 313 1696 365 γὰρ,
1719 307 1794 352 οἶδα
1823 313 1876 351 ὅτι
1903 313 1991 364 μετὰ
2015 315 2078 359 τὴν
2108 317 2168 352 τοῦ
2188 315 2279 352 Θεοῦ

1261 373 1364 424 χάριν
1385 373 1445 410 καὶ
1470 377 1492 419 ἡ
1518 376 1587 412 τῶν
1617 375 1797 427 ἡμετέρων
1823 375 1934 426 λόγων
1964 375 2146 427 συνέχεια,
2173 375 2232 413 καὶ
2258 379 2280 421 ἡ

1260 432 1358 484 παρὰ
1384 436 1447 480 τῆς
1473 434 1634 481 νηστείας
1661 436 1844 485 ἐπιμέλεια
1869 436 2050 483 δυνήσεται
2079 434 2201 478 αὖτοὺς
2220 434 2282 487 ὀψὲ

1259 497 1340 545 γοῦν
1358 509 1443 533 ποτε
1459 493 1659 538 ἀπαλλάξαι
1676 499 1736 535 τοῦ
1753 498 1911 548 χαλεποῦ
1926 496 2047 535 τούτου
2069 496 2282 547 νοσήματος,

1260 553 1321 592 καὶ
1337 556 1385 598 εἷς
1400 554 1534 593 τελείαν
1553 554 1684 605 ὑγίειαν
1704 557 1948 608 ἐπαναγαγεῖν,
1967 557 2023 596 ἵνα
2038 557 2097 596 καὶ
2114 557 2209 595 αὐτοὶ
2222 559 2284 603 τῆς

1259 616 1505 670 ἐπηρτημένης
1525 622 1597 661 τοῖς
1626 616 1792 660 τοιούτοις
1820 617 1990 669 τιμωρίας
2016 620 2283 671 ἐλευθερωθῶσι,

1218 689 1240 718 ss
1261 676 1321 715 καὶ
1336 680 1438 728 ἡμεῖς
1456 680 1519 723 τῆς
1535 678 1683 729 ἀθυμίας
1702 679 1976 730 ἀπαλλαγῶμεν,
1997 678 2057 716 καὶ
2072 678 2159 731 ὑπὲρ
2176 678 2285 716 ἁπάν-

1260 753 1330 775 των
1347 737 1446 782 δόξαν
1467 738 1732 791 ἀναπέμψωμεν
1753 742 1802 790 τῷ
1829 738 1947 791 Πατρὶ
1971 739 2096 789 καὶτῷ
2123 740 2199 791 rii?
2226 739 2285 777 καὶ

1260 801 1310 851 τῷ
1330 799 1418 851 ἁγίῳ
1433 799 1633 850 Πνεύματι,
1655 804 1712 838 νῦν
1730 800 1790 839 καὶ
1813 800 1881 850 ἀεὶ,
1905 800 1965 838 καὶ
1990 803 2037 844 εἷς
2056 799 2132 844 τοὺς
2159 802 2285 843 αἷῶνας

1261 863 1330 899 τῶν
1350 859 1494 900 αἰώνων.
1519 861 1640 912 Ἀμήν.

1659 1005 1838 1042 ΟΜΙᾹΙΑ
1859 1003 1898 1042 δ’.

1263 1107 1333 1146 Καὶ
1353 1101 1446 1145 εἶπεν
1465 1111 1483 1145 ὁ
1502 1109 1611 1152 Θεός·
1636 1108 1816 1159 γενηθήτω
1837 1108 2020 1160 στερέωμα
2052 1111 2086 1146 ἐν
2108 1108 2204 1161 μέσῳ
2229 1114 2288 1148 τοῦ

1318 1169 1459 1217 ὕδατος,
1492 1169 1551 1207 καὶ
1585 1169 1675 1206 ἔστω
1713 1170 1918 1222 διαχωρίζον
1954 1171 2125 1221 ἀναμέσον
2165 1171 2287 1213 ὕδατος

1317 1229 1377 1268 καὶ
1393 1229 1516 1274 ὕδατος
1531 1246 1538 1252 ·
1559 1229 1616 1268 καὶ
1638 1229 1772 1280 ἐγένετο
1790 1229 1909 1273 οὕτως.

1317 1334 1432 1387 Ὁρῶν
1449 1336 1570 1385 ὑμῶν,
1588 1334 1784 1386 ἀγαπητοὶ,
1802 1334 1864 1382 τὴν
1883 1334 1972 1385 μετὰ
1995 1335 2187 1387 προθυμίας
2209 1338 2285 1373 καθ’

1217 1404 1242 1435 G
1265 1396 1415 1444 ἑκάστην
1443 1396 1577 1449 ἡμέραν
1600 1398 1746 1434 ἐνταῦθα
1773 1396 1988 1444 συνέλευσιν,
2017 1397 2172 1448 μεγάλην
2201 1412 2285 1448 καρ-

1265 1461 1400 1508 ποῦμαι
1422 1457 1484 1505 τὴν
1503 1457 1648 1505 ἡδονὴν,
1668 1457 1727 1495 καὶ
1746 1460 1783 1496 οὐ
1807 1457 1965 1509 παύομαι
1991 1457 2139 1502 δοξάζων
2158 1458 2215 1496 τὸν
2235 1473 2289 1510 φι-

1264 1518 1466 1571 λάνθρωπον
1487 1519 1576 1558 Θεὸν
1596 1518 1654 1556 ἐπὶ
1672 1521 1715 1569 τῇ
1731 1522 1891 1572 προκοπῇ
1910 1521 1954 1570 τῇ
1970 1519 2131 1572 ὑμετέρα.
2147 1518 2288 1571 (Ὠσπερ

1264 1579 1333 1632 γὰρ
1352 1580 1392 1618 τὸ
1409 1583 1530 1632 πεινῇν
1551 1583 1756 1631 σωματικῆς
1775 1580 1905 1624 εὐεξίας
1926 1580 2000 1618 ἐστὶ
2018 1585 2175 1631 σημεῖον,
2198 1580 2288 1618 οὕτω

1264 1641 1324 1679 καὶ
1346 1641 1386 1679 τὸ
1404 1641 1484 1692 περὶ
1500 1641 1562 1688 τὴν
1579 1640 1744 1691 ἀκρόασιν
1765 1644 1832 1678 τῶν
1858 1640 1956 1679 Οείων
1974 1641 2100 1692 λογίων
2121 1642 2289 1680 ἐσπουδα-

1265 1702 1363 1740 κέναι
1383 1705 1444 1749 τῆς
1463 1703 1554 1740 κατὰ
1569 1702 1684 1754 ψυχὴν
1702 1702 1830 1754 ὑγιείας
1849 1703 2038 1755 τεκμήριον
2058 1703 2099 1741 ἄν
2117 1719 2169 1746 τις
2191 1703 2288 1754 μέγι-

1266 1781 1345 1804 στον
1370 1764 1567 1811 ποιήσαιτο.
1585 1763 1648 1801 Διὸ
1666 1763 1726 1802 καὶ
1742 1765 1760 1800 ὃ
1777 1764 1906 1816 Κύριος
1921 1767 2022 1815 ἡμῶν
2038 1764 2172 1811 Ἰησοῦς
2198 1766 2288 1817 Χρι-

1266 1827 1345 1870 στὸς
1360 1828 1395 1865 ἐν
1419 1831 1490 1869 τοῖς
1510 1831 1745 1877 μακαρισμοῖς
1769 1825 1926 1873 ἐκείνοις,
1947 1831 2017 1870 τοῖς
2036 1825 2093 1864 ἐπὶ
2116 1829 2176 1864 τοῦ
2191 1826 2289 1877 ὄρους

1265 1888 1518 1940 γεγενημένοις,
1537 1886 1653 1939 ἔλεγε·
1677 1886 1856 1939 Μακάριοι
1882 1890 1912 1926 οἱ
1942 1891 2126 1937 πεινῶντες
2149 1887 2209 1925 καὶ
2233 1888 2287 1925 δι-

1266 1952 1397 2002 ψῶντες
1416 1949 1479 1996 τὴν
1506 1949 1748 1996 δικαιοσύνην,
1779 1948 1832 1987 ὅτι
1861 1948 1957 1986 αὐτοὶ
1979 1950 2288 2002 χορτασθήσονται.

1267 2010 1332 2055 Τίς
1351 2009 1390 2048 ἂν
1407 2005 1464 2048 οὖν
1484 2013 1573 2060 ὑμᾶς
1592 2011 1669 2047 κατ’
1690 2009 1785 2053 ἀξίαν
1812 2009 1992 2048 ἐπαινέσαι
2015 2010 2191 2059 δυνηθείη,
2213 2011 2289 2056 τοὺς

1269 2071 1360 2116 ἅπαξ
1381 2071 1477 2124 παρὰ
1494 2076 1553 2110 τοῦ
1570 2073 1638 2108 τῶν
1667 2071 1830 2109 ἁπάντων
1856 2070 2034 2109 Δεσπότου
2058 2072 2116 2110 τὸν
2138 2089 2288 2126 μακαρι-

1269 2133 1356 2184 σμὸν
1384 2133 1600 2184 δεξαμένους,
1630 2131 1752 2171 καὶτὰ
1780 2131 1886 2183 μυρία
1910 2133 2178 2184 προσδοκῶντας
2203 2137 2286 2187 παρ’

1270 2196 1374 2232 αὐτοῦ
1408 2194 1538 2246 ἀγαθά,
1563 2195 1726 2236 Τοιοῦτος
1753 2193 1820 2244 γὰρ
1844 2195 1861 2230 ὁ
1890 2193 2059 2246 ἡμέτερος
2086 2194 2288 2242 Δεσπότης·

1269 2255 1351 2294 ὅταν
1368 2254 1425 2307 ἴδῃ
1446 2254 1561 2308 ψυχὴν
1581 2256 1701 2307 πολλῷ
1720 2257 1769 2306 τῷ
1789 2252 1886 2306 πόθῳ
1911 2254 1970 2291 καὶ
1990 2254 2222 2306 ἐπιτεταμένῃ
2246 2258 2288 2306 τῇ

1268 2315 1443 2369 προθυμίᾳ
1458 2322 1528 2359 τοῖς
1546 2321 1790 2366 πνευματικοῖς
1810 2319 2031 2365 προσιοῦσαν,
2046 2315 2287 2368 ἐπιδαψιλεύε-

1267 2393 1325 2415 ται
1344 2376 1407 2423 τὴν
1428 2377 1531 2430 χάριν
1543 2407 1552 2425 ,
1575 2382 1589 2398 ⁸
1602 2376 1660 2414 καὶ
1679 2376 1846 2420 πλουσίας
1864 2379 1947 2429 παρ’
1970 2378 2093 2414 ἑαυτοῦ
2108 2377 2290 2429 χαρίζεται

1267 2439 1329 2481 τὰς
1343 2439 1485 2490 δωρεάς.
1507 2437 1613 2477 tl005¹}
1634 2438 1815 2490 προσδοκῶ
1834 2437 1893 2476 καὶ
1913 2440 1996 2489 ἡμῖν
2014 2438 2071 2476 διὰ
2090 2438 2152 2486 τὴν
2168 2438 2290 2489 ὑμετέ-

1271 2515 1331 2551 ραν
1358 2499 1526 2551 ὠφέλειαν
1557 2498 1700 2537 πλείονα
1729 2499 2060 2551 παρασχ-εΟήσεσΟαι
2084 2500 2140 2538 τὸν
2160 2502 2222 2545 τῆς
2240 2501 2289 2537 δι-

1269 2560 1459 2604 δασκαλίας
1477 2560 1577 2611 λόγον
1595 2562 1641 2604 εἷς
1659 2559 1844 2610 οἰκοδομὴν
1864 2562 1926 2606 ’.ἧς
1948 2560 2118 2614 ὑμετέρας
2138 2561 2290 2611 ἀγάπης.

1270 2623 1324 2660 Δι’
1341 2625 1430 2672 ὑμᾶς
1444 2621 1512 2674 γὰρ
1533 2622 1593 2660 καὶ
1608 2622 1669 2668 τὴν
1686 2620 1866 2674 προκοπὴν
1890 2621 1952 2667 τὴν
1968 2621 2138 2673 ὑμετέραν
2153 2621 2290 2659 ἅπαντα

1269 2687 1386 2722 τοῦτον
1413 2684 1470 2722 τὸν
1496 2683 1598 2722 πόνον
1626 2683 1866 2733 ὑπομένομεν,
1891 2681 1982 2720 ὥστε
2007 2683 2066 2720 καὶ
2093 2686 2182 2732 ὑμᾶς
2206 2682 2290 2735 πρὸς

1270 2744 1376 2791 αὐτὴν
1405 2747 1466 2791 τῆς
1488 2746 1612 2797 ἀρετῆς
1631 2743 1694 2791 τὴν
1725 2743 1876 2795 κορυφὴν
1906 2747 2028 2781 Οᾶττον
2061 2744 2292 2796 ἀναδραμεῖν,

1267 2806 1326 2844 καὶ
1347 2812 1434 2844 πᾶσι
1452 2811 1522 2847 τοῖς
1554 2806 1601 2847 εἷς
1633 2807 1723 2854 ὑμᾶς
1744 2805 1851 2856 ὁρῶσι
1874 2804 2101 2848 διδασκάλους
2131 2804 2291 2855 γενέσθαι

1268 2870 1330 2914 τῆς
1354 2866 1444 2905 κατὰ
1473 2866 1563 2904 Θεὸν
1594 2865 1790 2911 πολιτείας,
1819 2865 1878 2902 καὶ
1906 2867 2000 2915 ἡμᾶς
2023 2865 2178 2908 πλείονος
2205 2869 2292 2904 ἀπο-

1268 2928 1382 2966 λαύειν
1399 2931 1461 2974 τῆς
1479 2926 1692 2980 παρρησίας,
1714 2928 1865 2978 ὁρῶντας
1893 2927 1930 2964 οὗ
1956 2926 2089 2976 μάτην,
2109 2927 2186 2966 οὐδὲ
2215 2930 2291 2979 εἰκῇ

1268 2988 1496 3040 πονουμένους
1511 2991 1617 3038 ἡμᾶς,
1644 2986 1733 3025 ἀλλὰ
1751 2989 1828 3024 καθ’
1858 2987 2006 3034 ἑκάστην
2032 2987 2167 3039 ἡμέραν
2190 2987 2292 3032 αὐξα-

1269 3050 1409 3101 νόμενον
1427 3054 1544 3088 τοῦτον
1559 3048 1615 3086 τὸν
1637 3047 1762 3099 σπόρον
1790 3047 1847 3085 τὀν
1873 3049 2106 3098 πνευματικὸν
2120 3078 2129 3095 ,
2156 3049 2216 3087 καὶ
2242 3048 2290 3098 μὴ

1271 3112 1427 3165 καθάπερ
1449 3114 1482 3149 ἐν
1503 3113 1552 3162 τῷ
1569 3109 1756 3161 εὐαγγελίῳ
1777 3110 1833 3147 ἐπὶ
1853 3114 1911 3147 τοῦ
1927 3109 2123 3162 σπείροντος
2142 3109 2291 3160 γέγονεν,

1480 3171 1495 3191 b

1271 3173 1358 3212 οὕτω
1394 3173 1451 3211 καὶ
1508 3174 1558 3223 ἐφ’
1591 3174 1692 3221 ἡμῶν
1728 3170 1917 3220 συμῧῆναι.
1946 3171 2042 3209 Ἐκεῖ
2077 3170 2138 3220 μὲν
2160 3169 2227 3223 γὰρ
2256 3170 2290 3208 ἓν

1334 3297 1348 3319 ¹>
1367 3296 1442 3338 Regu
1463 3306 1542 3325 iuius
1561 3309 1591 3330 ς,
1624 3302 1712 3335 ημᾶς,
1740 3292 1826 3324 tusra
1845 3300 1968 3334 septem
1993 3292 2066 3323 uss.
2087 3300 2118 3324 et
2137 3291 2226 3325 Savil
2261 3301 2294 3328 τὸ

1288 3363 1343 3390 μεν
1361 3353 1415 3390 γαρ
1432 3362 1488 3380 των
1505 3353 1692 3391 τπεγτματων.
1707 3343 1818 3377 Μοΐῡὶ.
1836 3352 1866 3378 τὸ
1883 3349 1937 3386 μὲν
1954 3350 2009 3389 γὰρ
2027 3359 2157 3389 ampfn-
