2483 3791
751 189 792 218 IN
834 188 938 219 CAP.
978 187 1009 216 1.

85 289 162 322 τος,
181 272 285 324 Ὑμῖν
300 272 398 311 ἔσται
420 274 467 316 εἷς
490 273 634 324 βρῶσιν,
652 272 737 324 φησὶ
751 302 760 320 ,
775 272 835 310 καὶ
855 277 943 310 πᾶσι
966 275 1037 313 τοῖς
1055 272 1112 316 θη·

88 336 171 390 ρίοις
190 337 251 381 τῆς
279 338 365 386 γῆς,
380 334 440 372 καὶ
454 340 542 372 πᾶσι
567 338 638 376 τοῖς
657 339 827 377 πετεινοῖς
859 336 918 371 τοῦ
945 332 1112 384 οὐρανοῦ,

83 397 144 436 καὶ
178 396 283 434 παντὶ
312 397 447 449 ἑρπετῷ
477 394 618 446 ἕρποντι
650 395 708 433 ἐπὶ
741 398 802 441 τῆς
823 397 908 446 γῆς,
929 395 948 432 ὃ
978 393 1050 446 ἔχει
1078 394 1112 430 ἐν

85 461 198 510 ἑαυτῷ
227 457 344 510 ψυχὴν
367 459 478 505 ζωῆς,
507 456 567 494 καὶ
600 456 715 495 πάντα
745 456 870 508 χόρτον
900 456 1037 509 χλωρὸν
1065 456 1113 496 εἰς

31 546 39 553 ·
87 521 230 572 βρῶσιν.
258 518 380 564 Πολλὴ
400 522 460 556 τοῦ
479 519 657 556 Δεσπότου
681 518 855 556 δείκνυται
884 521 906 563 ἡ
940 516 1021 568 περὶ
1054 515 1112 554 τὸν

85 580 265 632 ἄνθρωπον
301 579 360 618 τὸν
389 580 450 618 ὑπ’
481 581 584 618 αὐτοῦ
617 578 918 631 δημιουργηθέντα
954 577 1111 629 πρόνοια.

84 641 231 688 Ἐπειδὴ
251 641 320 694 γὰρ
340 641 444 680 αὐτὸν
470 640 679 693 παρήγαγε,
695 640 754 677 καὶ
778 645 894 677 πᾶσαν
929 639 1024 689 αὐτῷ
1049 637 1112 684 τὴν

86 702 198 755 ἀρχὴν
230 707 292 750 τῆς
318 701 547 754 δημιουργίας
567 701 788 754 ἐνεχείρισεν,
819 699 876 738 ἵνα
906 698 955 750 μὴ
988 697 1113 740 εὐθέως

84 764 144 802 καὶ
161 767 200 803 ἐκ
220 763 414 816 προοιμίων
432 766 521 814 ὁρῶν
546 765 615 800 τῶν
639 762 774 807 ἀλόγων
792 761 832 799 τὸ
862 763 1014 807 πλῆθος,
1035 760 1113 797 δυσ-

83 823 256 877 χεραίνειν
286 824 371 875 ἔχῃ,
407 826 454 866 ὡς
484 825 522 862 οὗ
549 822 597 874 μὴ
627 821 816 873 δυνάμενος
848 820 995 873 ἀρκέσαι
1028 820 1114 874 πρὸς

83 885 147 934 τὴν
178 889 247 925 τῶν
278 885 451 925 τοσούτων
482 885 580 930 ζώων
615 883 760 937 τροφὴν,
787 884 869 937 πρὶν
898 883 920 930 ἢ
945 882 1036 921 Ι’κᾶν
1061 882 1114 921 ἔν-

84 962 178 986 νοιαν
193 946 294 985 αὐτόν
309 963 388 986 τινα
413 945 577 991 δέξασθαι
605 945 685 997 περὶ
715 944 837 984 τούτου
851 975 861 993 ,
881 943 1066 997 προλαέὼν
1097 947 1114 982 6

84 1009 210 1060 ἀγαθὸς
228 1008 410 1055 Δεσπότης
424 1006 746 1059 Ιπαραμυθούμενος
773 1006 889 1053 αὐτὸν,
916 1009 964 1048 ὡς
992 1008 1114 1052 εἰπεῖν,

84 1069 144 1108 καὶ
158 1068 291 1112 δεικνὺς
310 1071 357 1114 ὡς
373 1069 433 1107 καὶ
454 1069 558 1112 αὐτὸς
577 1068 637 1106 καὶ
658 1067 702 1107 τὰ
719 1068 830 1119 ἄλογα
848 1067 963 1106 πάντα
982 1066 1114 1114 πολλὴν

84 1129 153 1174 ἕξει
173 1130 234 1177 τὴν
259 1129 437 1183 ἀφθονίαν,
460 1132 523 1175 τ’ῆς
542 1133 605 1180 γ’ἧς
623 1131 672 1182 τῷ
692 1129 940 1181 προστάγματι
961 1132 1020 1166 τοῦ
1045 1131 1116 1166 Δε-

85 1191 213 1231 σπότου
235 1193 321 1244 πρὸς
350 1191 413 1238 τὴν
435 1191 623 1243 διατροφὴν
653 1191 782 1228 τούτων
811 1190 1113 1242 ὑπηρετουμένης,

85 1252 208 1301 εἰπὼν,
226 1253 332 1303 ‘Ty-iv
355 1253 454 1291 ἔσται
476 1255 525 1296 εἷς
546 1255 688 1304 βρῶσιν,
709 1251 832 1296 εὐθέως
847 1251 1025 1303 ἐπήγαγε,
1045 1252 1115 1290 Καὶ

82 1319 154 1356 τοῖς
177 1313 308 1366 Θηρίοις
330 1316 393 1360 τῆς
411 1317 492 1364 γῆς,
512 1314 571 1351 καὶ
595 1319 666 1356 τοῖς
684 1319 851 1356 πετεινοῖς
873 1317 932 1351 τοῦ
952 1316 1113 1365 οὐρανοῦ,

83 1373 144 1412 καὶ
170 1373 278 1412 παντὶ
309 1376 446 1426 ἑρπετῷ
479 1373 619 1425 ἕρποντι
644 1374 702 1412 ἐπὶ
736 1377 799 1420 τῆς
822 1377 905 1425 γῆς,
929 1374 947 1413 ὃ
973 1373 1046 1426 ἔχει
1080 1377 1115 1413 ἐν

85 1438 196 1487 ἑαυτῷ
225 1434 341 1487 ψυχὴν
380 1437 490 1482 ζωῆς,
509 1435 570 1473 καὶΙ
600 1435 717 1474 πάντα
744 1435 870 1487 χόρτον
901 1435 1038 1487 χλωρὸν
1069 1437 1116 1479 εἷς

85 1499 227 1547 βρῶσιν.
247 1496 318 1535 Καὶ
338 1495 474 1547 ἐγένετο
497 1495 600 1535 οὕτω.
622 1495 749 1534 Πάντα
777 1496 843 1534 ὅσα
870 1497 1078 1548 προσέταξεν
1098 1500 1116 1535 6

84 1557 304 1610 δημιουργὸς,
334 1557 452 1610 φησὶν,
481 1559 528 1602 εἷς
555 1557 654 1610 ἔργον
680 1557 813 1604 ἐξῆλθε,
837 1557 897 1595 καὶ
923 1558 1039 1596 πάντα
1069 1560 1116 1602 εἷς

81 1617 144 1666 τὴν
162 1618 408 1671 προσήκουσαν
428 1619 587 1663 εὐταξίαν
607 1619 830 1666 ἀποκατέστη
845 1635 852 1642 ·
868 1620 924 1656 διά
944 1636 996 1658 τοι
1014 1624 1114 1658 τοῦτο

83 1678 206 1722 εὐθέως
233 1679 409 1731 ἐπήγαγε,
439 1680 507 1719 Καὶ
541 1673 630 1718 εἶδεν
661 1683 678 1718 6
700 1680 791 1724 Θεὸς
822 1679 866 1718 τὰ
896 1680 1013 1718 πάντα
1049 1681 1113 1720 ὅσα

82 1739 241 1787 ἐποίησε,
259 1740 318 1779 καὶ
339 1740 410 1780 ἰδοὺ
430 1740 523 1779 καλὰ
542 1740 634 1780 λίαν.

135 1923 201 1967 Τίς
224 1924 264 1961 ἂν
293 1925 371 1962 κατ’
401 1923 498 1967 ἀξίαν
529 1923 738 1974 ἀνυμνήσειε
765 1925 827 1969 τῆς
853 1925 945 1968 θείας
969 1925 1112 1977 Γραφῆς

80 1985 144 2031 τὴν
174 1984 375 2037 ἀκρίὸειαν;
395 1983 485 2022 Ἰδοὺ
507 1983 574 2036 γὰρ
596 1984 656 2022 καί
670 1988 684 2003 ⁰
698 1986 845 2022 ἐνταῦθα
868 1984 924 2022 διὰ
958 1991 1040 2035 μιᾶς
1053 1985 1114 2024 λέ-

83 2045 166 2090 ξεως
192 2047 356 2091 εἰποῦσα,
373 2045 443 2083 Καὶ
467 2039 554 2082 εἶδεν
575 2047 592 2082 6
610 2045 700 2088 Θεὸς
723 2045 839 2083 πάντα
861 2046 926 2084 ὅσα
949 2046 1112 2094 ἐποίησε,

81 2106 221 2145 πάντων
241 2109 310 2144 τῶν
326 2105 415 2156 μετὰ
434 2109 544 2143 ταῦτα
559 2105 748 2157 ἀντιλέγειν
765 2106 1032 2158 ἐπιχειρούντων
1050 2106 1112 2153 τὴν

81 2169 240 2220 γλῶτταν
266 2166 488 2217 ἐπεστόμισε.
506 2167 576 2205 Καὶ
601 2161 687 2205 εἶδεν
707 2171 724 2205 6
743 2167 833 2210 Θεὸς
852 2168 896 2205 τὰ
914 2168 1031 2206 πάντα
1047 2167 1113 2206 ὅσα

80 2229 244 2277 ἐποίησε,
279 2228 388 2280 φησὶ,
425 2227 485 2266 καὶ
515 2226 587 2266 ἰδοὺ
623 2228 715 2267 καλὰ
750 2228 842 2268 λίαν.
874 2229 944 2267 Καὶ
978 2230 1113 2280 ἐγένετο

79 2290 232 2343 ἑσπέρα,
253 2289 313 2328 καὶ
338 2289 472 2342 ἐγένετο
491 2289 584 2343 πρωῒ
597 2288 741 2342 ,Ἷὴμέρα
762 2289 860 2338 ἕκτη.
877 2290 1023 2337 Ἐπειδὴ
1043 2291 1112 2345 γὰρ

79 2351 132 2403 ἐφ’
154 2350 302 2390 ἑκάστου
322 2354 391 2389 τῶν
417 2351 745 2402 δημιουργηθέντων
763 2350 880 2404 ἔλεγε,
900 2351 970 2391 Καὶ
988 2346 1075 2390 εἶδεν
1094 2355 1112 2390 6

80 2411 171 2456 Θεὸς
191 2412 245 2450 ὅτι
273 2412 393 2459 καλὸν,
415 2417 472 2451 νῦν
494 2412 551 2450 ὅτε
573 2413 618 2450 τὰ
641 2413 756 2451 πάντα
783 2413 1008 2462 συνετελέσθη
1023 2445 1032 2462 ,
1053 2413 1112 2452 καὶ

79 2471 125 2511 τὰ
140 2474 202 2518 τῆς
218 2471 321 2519 ἕκτης
339 2473 474 2525 ἡμέρας
494 2473 578 2525 ἔργα
599 2474 697 2518 τέλος
716 2474 838 2523 ἔλαὸε,
859 2475 920 2513 καὶ
939 2477 956 2513 6
973 2475 1110 2524 μέλλων

80 2533 220 2573 πάντων
243 2538 310 2573 τῶν
335 2536 660 2588 δημιουργηθέντων
676 2536 864 2575 ἀπολαύειν
881 2539 928 2580 εἷς
942 2538 982 2576 τὸ
1004 2537 1109 2589 μέσον

79 2596 268 2648 παρήχθη,
296 2596 402 2648 φησί·
437 2597 505 2635 Καὶ
528 2591 616 2636 εἶδεν
647 2601 664 2636 ὁ
697 2597 787 2641 Θεὸς
817 2597 861 2637 τὰ
893 2599 1008 2637 πάντα
1045 2598 1110 2637 ὅσα

81 2655 246 2705 ἐποίησε,
265 2657 325 2695 καὶ
351 2657 423 2696 ἰδοὺ
449 2658 541 2697 καλὰ
569 2658 660 2696 λίαν.
681 2658 815 2698 Σκόπει
836 2662 911 2703 πῶς
927 2660 1110 2699 συλλαὸὼν

77 2717 123 2756 τὰ
148 2718 449 2771 δημιουργηθέντα
475 2720 616 2758 ἅπαντα
642 2720 699 2759 διὰ
724 2723 786 2767 τῆς
822 2721 946 2766 λέξεως
981 2721 1111 2770 ταύτης

76 2781 184 2826 ἃτῆς,
205 2779 343 2825 Πάντα,
363 2787 452 2818 πᾶσι
468 2787 539 2825 τοῖς
561 2783 851 2834 δημιουργηθεῖσι
879 2783 938 2821 τὸν
967 2784 1108 2822 ἔπαινον

77 2841 341 2894 ἀπεκλήρωσεν.
363 2842 455 2882 Οὐδὲ
469 2843 538 2896 γὰρ
551 2847 697 2883 εἰποῦσα
710 2875 720 2892 ,
735 2844 894 2884 Ἄπαντα
905 2876 914 2893 ,
934 2846 1087 2899 ἠρκέσθη
1097 2876 1108 2895 ,

77 2901 155 2938 ἀλλ’
176 2901 365 2953 ἐπήγαγεν,
380 2901 478 2942 “Oea
495 2905 638 2952 ἐποίησε
650 2921 657 2929 ·
682 2906 742 2943 καὶ
761 2906 839 2945 οὐδὲ
857 2907 964 2959 μέχρι
984 2907 1105 2946 τούτου

76 2961 178 3008 ἔστη,
196 2962 307 3009 ἀλλὰ,
334 2962 402 3001 Καὶ
423 2963 494 3002 ἰδοὺ
514 2965 624 3014 καλὰ,
641 2966 700 3005 καὶ
733 2966 822 3006 Δίαν
853 2968 967 3015 καλὰ,
998 2969 1104 3020 φησὶ,

76 3024 168 3061 τοῦτ’
191 3022 286 3070 ἔστι,
315 3023 406 3061 πάνυ
429 3025 532 3063 καλά.
551 3026 667 3065 ‘'O-tow
697 3022 755 3066 οὖν
785 3026 802 3049 ¹³
812 3032 830 3066 6
860 3029 1057 3077 Δεσπότης,
1087 3033 1105 3068 6

76 3082 147 3121 ἀπὸ
161 3088 222 3122 τοῦ
242 3083 291 3135 μὴ
312 3085 409 3128 ὄντος
433 3087 482 3129 εἷς
499 3086 539 3124 τὸ
568 3081 656 3125 εἶναι
683 3089 914 3141 παραγαγὼν,
934 3090 1026 3128 καλὰ
1045 3092 1105 3129 καὶ

120 3214 138 3238 b
154 3215 194 3246 In
212 3226 277 3247 uno
293 3214 418 3248 Codice
434 3215 603 3249 Sat-iliano
620 3221 654 3250 et
670 3219 702 3250 in
728 3221 874 3263 quinque
896 3219 1020 3253 nostris
1035 3227 1090 3256 κάν

76 3271 204 3307 ἔννοιαν,
221 3266 308 3299 forte
325 3267 459 3309 motius3
474 3267 528 3300 alii
546 3273 594 3303 xxi
612 3274 733 3304 &wetm-

121 3327 133 3341 e
151 3316 287 3351 Colsl'm.
302 3324 445 3353 ἐντεῦθεν.

121 3378 134 3392 ²
153 3367 285 3412 Aliquot
300 3369 377 3403 Mss.
397 3378 449 3409 τῆς
465 3378 517 3407 τοῦ
533 3379 632 3408 πάντα
660 3382 741 3408 πᾶσι.
759 3373 835 3419 [Stu
847 3376 878 3409 it.
896 3378 1089 3416 ταὺτηςζτοῦ

1049 185 1212 216 GENES.
1252 185 1408 215 uomit„
1449 187 1493 215 x.
1536 196 1539 198 ·

2072 175 2134 236 93

1187 267 1322 318 Ecquis
1339 281 1403 320 pro
1423 266 1599 318 dignitate
1618 266 1774 316 attigerit
1795 267 2004 306 immensam
2034 269 2139 309 istam

1135 344 1160 376 c
1188 328 1411 367 bonitatem?
1442 329 1557 365 l'obt's
1584 330 1655 365 erit
1685 331 1726 364 in
1758 329 1902 377 cibum,
1941 328 2070 379 inquit,
2105 340 2141 371 ιέ

1187 392 1364 427 omnibus
1374 391 1503 427 bestiis
1515 397 1639 434 terrm,
1657 397 1695 426 et
1712 390 1888 426 omnibus
1907 390 2141 429 volatilibus

1185 451 1285 497 eceli,
1318 459 1354 489 et
1383 453 1489 488 omni
1518 450 1650 502 reptili
1668 452 1816 502 repenti
1840 463 1955 501 super
1981 459 2138 498 terram,

1186 513 1290 566 quod
1309 513 1426 551 habet
1456 516 1496 550 in
1515 516 1718 565 semetipso
1752 514 1928 550 animam
1961 515 2070 560 vitoe,
2106 523 2142 551 et

1186 588 1338 611 omnem
1377 576 1538 612 herbam
1577 576 1745 613 viridem
1773 577 1815 612 in
1843 577 1981 613 cibum.
2009 577 2142 626 Magna

1186 634 1333 672 Domini
1347 649 1429 685 erga
1450 635 1642 685 hominem,
1664 650 1770 687 quem
1791 635 1966 686 condidit,
1984 637 2143 675 ostendi-

1187 704 1244 733 tur
1264 696 1501 748 providenti-⁷1.
1530 698 1623 734 Nam
1655 707 1843 748 postquam
1871 699 1988 750 ipsum
2008 698 2143 750 produ-

1186 756 1255 804 xit,
1276 765 1310 794 et
1328 756 1444 794 omnis
1463 766 1632 795 creaturae
1654 757 1854 795 dominium
1875 759 1944 812 ipsi
1968 759 2140 811 tradidit5

1187 825 1283 854 utne
1302 817 1422 855 statim
1438 817 1484 855 ab
1499 817 1854 870 initiojtuucntorum
1875 821 2142 860 multitudinem

1186 877 1315 916 videns
1331 878 1546 916 stomachari
1564 879 1688 931 possit,
1721 879 1823 930 quasi
1860 894 1927 918 non
1963 882 2143 920 sufficeret

1186 938 1232 977 ad
1250 938 1378 976 alenda
1397 948 1448 977 tot
1475 948 1508 977 ct
1530 949 1625 978 tanta
1654 939 1824 978 animalia
1842 956 1849 977 :
1870 941 2081 993 priusquam
2101 942 2146 981 de

1187 1000 1256 1041 hoc
1273 1000 1330 1039 vel
1349 1000 1533 1051 cogitaret,
1549 1001 1666 1038 bonus
1686 1002 1784 1039 Deus
1802 1002 2055 1053 przrveniendo
2076 1003 2144 1041 dc-

1188 1062 1348 1100 mulcens
1364 1077 1458 1112 eum,
1483 1072 1523 1100 ut
1552 1063 1600 1101 ita
1623 1062 1753 1111 dicam,
1786 1072 1820 1101 et
1846 1064 2032 1103 ostendens
2071 1075 2143 1103 tam

1189 1124 1307 1176 ipsum
1331 1139 1440 1175 quam
1455 1125 1617 1177 jumenta
1636 1134 1671 1165 et,
1688 1125 1794 1163 bruta
1818 1126 1948 1173 onmia,
1969 1137 2145 1179 praecepto

1188 1185 1336 1223 Domini
1356 1199 1498 1223 omnem
1529 1185 1670 1238 copiam
1704 1186 1750 1224 ad
1781 1186 1856 1225 haec
1887 1187 2030 1237 alenda,
2051 1197 2145 1226 terra

1188 1245 1450 1298 suppeditante,
1471 1261 1546 1285 esse
1582 1247 1781 1296 habituros,
1809 1258 2000 1300 postquam
2032 1249 2142 1299 dixit,

1188 1308 1278 1345 Erit
1295 1309 1409 1345 vobis
1423 1310 1464 1344 in
1476 1310 1628 1354 cibum‚·
1644 1322 1731 1346 mox
1741 1309 1940 1361 subjungit,
1955 1311 2009 1348 Et
2023 1314 2144 1348 omni—

1189 1371 1259 1407 bus
1273 1371 1403 1407 bestiis
1427 1378 1552 1416 terroe,
1570 1379 1608 1408 et
1623 1371 1855 1409 volatilibus
1868 1372 1967 1418 eceli,
1988 1380 2024 1410 et
2035 1375 2140 1410 omni

1187 1430 1318 1482 reptili
1340 1433 1489 1482 repenti
1514 1445 1628 1483 super
1648 1440 1808 1480 terram,
1831 1434 1937 1484 quod
1955 1434 2072 1471 habet
2103 1436 2146 1471 in

1187 1495 1390 1544 semetipso
1406 1495 1582 1530 artimam
1608 1496 1717 1540 victe,
1738 1502 1775 1531 et
1809 1507 1960 1531 omnem
1983 1496 2144 1533 herbam

1188 1552 1358 1589 viridem
1374 1554 1416 1589 in
1439 1554 1582 1590 cibum.
1604 1553 1829 1603 Etfactum
1856 1561 1912 1590 est
1929 1555 1998 1590 ita.
2013 1552 2146 1591 Omnia

1189 1627 1422 1664 quaecumque
1441 1613 1635 1665 imperavit
1655 1612 1846 1662 Conditor,
1876 1612 2006 1664 inquit,
2039 1627 2146 1666 opere

1187 1674 1342 1726 perfecta
1361 1683 1460 1725 sunt,
1486 1684 1519 1712 et
1537 1675 1658 1713 omnia
1674 1674 1884 1725 congruenti
1909 1674 2034 1713 ordine
2063 1684 2145 1714 sunt

1190 1733 1395 1782 constituta,
1410 1744 1597 1787 propterea
1618 1736 1739 1774 statim
1754 1735 1877 1778 subdit
1895 1751 1902 1772 ε
1919 1737 1962 1774 51
1977 1766 1984 1773 .
2010 1737 2063 1774 Et
2077 1739 2145 1774 ‘m'-

1188 1797 1245 1834 dit
1269 1797 1378 1835 Deus
1398 1799 1532 1835 omnia
1567 1811 1818 1849 quaecumque
1831 1798 1952 1850 fecit,
1993 1806 2031 1836 et
2057 1811 2145 1836 ecce

1189 1860 1291 1896 hona
1303 1859 1437 1896 valde.

1239 1922 1276 1958 6.
1296 1919 1388 1968 Quis
1404 1933 1467 1972 pro
1482 1918 1655 1971 dignitate
1673 1919 1971 1958 laudaritdivinae
1980 1919 2143 1972 Scriptu-

1187 1995 1234 2019 rae
1253 1981 1501 2033 diligentiam?
1521 1981 1614 2019 Ecce
1632 1980 1727 2018 enim
1748 1981 1855 2019 ethic
1868 1981 1980 2019 verbo
1999 1995 2070 2019 uno
2088 1981 2144 2019 di-

1187 2056 1267 2080 cens
1284 2058 1292 2079 :
1309 2044 1364 2080 Et
1380 2043 1482 2080 vidit
1499 2043 1608 2079 Deus
1621 2043 1754 2079 omnia
1767 2043 2141 2095 quoecumqnesecit,

1187 2104 1348 2155 linguam
1363 2103 1525 2142 omnium
1542 2111 1660 2155 postea
1683 2102 1924 2141 contradicere
1938 2104 2143 2141 conantium

1187 2164 1417 2217 compescuit.
1438 2166 1494 2202 Et
1509 2164 1612 2200 vidit
1622 2164 1744 2209 Deus,
1758 2163 1886 2214 inquit,
1898 2166 2030 2201 omnia
2044 2178 2144 2216 quoe-

1186 2227 1477 2278 cumque-fecit,
1493 2233 1529 2262 et
1543 2233 1656 2262 erant
1675 2225 1790 2262 valde
1807 2227 1921 2263 bona.
1960 2226 2144 2278 Etsacta

1185 2295 1242 2324 est
1263 2299 1432 2339 vespera,
1458 2295 1495 2324 et
1509 2287 1665 2338 factum
1685 2294 1740 2324 est
1756 2300 1885 2333 mane,
1905 2287 1986 2324 dies
1999 2295 2142 2325 δεκίης.

1186 2347 1365 2395 Quoniam
1385 2347 1479 2386 enim
1497 2347 1543 2386 de
1559 2361 1773 2399 unaquaque
1802 2356 1963 2385 creatura
1986 2347 2142 2397 dicebat,

1185 2411 1240 2448 Ec
1254 2410 1358 2448 vidit
1368 2411 1476 2447 Deus
1487 2410 1593 2461 quod
1606 2417 1703 2447 esset
1715 2410 1856 2446 bonum
1867 2425 1879 2446 .·
1892 2423 1988 2447 nunc
1998 2409 2143 2460 quando

1185 2472 1306 2511 omnia
1326 2471 1502 2524 completa
1523 2480 1622 2519 sunt,
1643 2479 1676 2508 et
1689 2470 1761 2508 diei
1782 2471 1872 2508 sexti
1894 2485 2000 2523 opera
2033 2471 2142 2509 finem

1185 2543 1411 2586 acceperunt,
1432 2542 1465 2571 et
1484 2532 1547 2583 qui
1567 2532 1738 2570 creaturis
1758 2533 1926 2570 omnibus
1963 2533 2141 2570 fruiturus

1185 2606 1270 2646 erat,
1302 2595 1500 2649 productus
1528 2602 1591 2643 cst,
1623 2593 1740 2644 inquit
1767 2609 1775 2629 ε
1808 2595 1862 2632 Et
1890 2595 1995 2631 vidit
2031 2595 2139 2632 Deus

1186 2661 1317 2697 omnia
1337 2668 1587 2709 quaecumque
1587 2655 1706 2707 fecit,
1726 2663 1761 2692 et
1783 2667 1870 2691 ecce
1881 2654 2003 2692 valde
2020 2656 2135 2692 bona.

1185 2719 1380 2758 Considera
1402 2715 1580 2769 quomodo
1593 2725 1771 2753 creaturas
1783 2729 1904 2753 omncs
1924 2715 1991 2753 hoc
2011 2716 2136 2765 verbo,

1186 2784 1343 2828 Omnia,
1367 2779 1473 2818 simul
1508 2777 1727 2829 complexus,
1760 2790 1881 2814 omnes
1903 2775 2012 2814 simul
2032 2776 2141 2816 laude⁴

1182 2852 1423 2897 prosequutus
1441 2850 1504 2879 est.
1528 2841 1652 2890 Neque
1671 2839 1765 2876 enim
1784 2847 1823 2876 ut
1839 2837 1947 2888 dixit,
1977 2841 2134 2886 Omnia,

1183 2906 1378 2944 Contentus
1393 2902 1461 2940 suit
1472 2915 1511 2940 eo
1524 2900 1647 2944 verbO,
1663 2898 1723 2938 sed
1734 2898 1912 2949 subdidit,
1933 2901 2137 2951 Quoecum-

1183 2968 1368 3020 qttesecit
1388 2981 1398 3001 :
1417 2973 1450 3001 et
1469 2976 1582 3013 neque
1600 2961 1677 2998 liaec
1698 2970 1833 2999 tantum
1856 2960 1966 3006 dixit,
1997 2962 2058 3000 sed
2083 2963 2136 3000 Et

1182 3043 1268 3068 ecce
1285 3030 1398 3074 bona,
1411 3035 1444 3063 et
1467 3025 1592 3062 Valde
1608 3026 1724 3069 bona,
1755 3023 1823 3061 hoc
1855 3032 1918 3070 est,
1938 3023 2135 3062 admodum

1179 3091 1288 3129 bona.
1307 3089 1424 3141 Igitur
1438 3099 1519 3124 cum
1537 3084 1737 3134 Dominus,
1757 3085 1818 3136 qui
1839 3098 1894 3122 res
1909 3099 1953 3122 cx
1968 3085 2084 3123 nihilo
2097 3094 2134 3123 ut

1124 3221 1244 3260 πάντα)
1262 3219 1362 3261 πᾶσι]

1168 3275 1184 3299 b
1203 3272 1310 3306 Iidem
1327 3272 1405 3303 Mss.
1422 3275 1436 3304 ὸ
1454 3272 1596 3308 δεσπότης
1611 3274 1677 3315 εἴπῃ
1702 3273 1716 3303 ὸ
1737 3275 1796 3304 ἀπὸ
1814 3276 1919 3303 τοὶ...
1938 3273 2017 3304 καὶὰ
2034 3275 2070 3303 τὰ
2087 3271 2136 3306 Er,-

1122 3333 1355 3372 μιουγιγήματκ,
1377 3327 1420 3360 τίς
1442 3329 1486 3356 σ’ς’-αν
1507 3321 1582 3354 MOS
1601 3321 1699 3354 iidem
1720 3325 1806 3360 abso,-
1821 3328 1929 3364 ‚u22i23
1947 3325 1976 3364 ᾖ.
