2516 3791
683 257 723 292 ΙΝ
763 257 863 293 CA'P.
905 260 965 292 Vt.

96 351 191 395 λεσε,
211 347 272 395 τὴν
293 346 469 385 ἀπώλειαν
490 347 602 384 αὐτῶν
623 345 691 392 ἤδη
711 345 933 398 προμηνύων.
967 346 1036 384 Καὶ
1053 344 1112 383 ἵνα

95 407 206 461 μάθῃς
229 407 281 447 ὅτι
307 409 387 460 περὶ
406 407 525 446 τούτου
545 402 588 454 ἧν
609 411 626 446 ὁ
656 408 756 459 λόγος
769 438 777 453 ,
798 408 861 461 ὅρα
880 407 920 446 τὸ
939 408 1112 459 ἐπαγόμε-

94 485 161 510 νον.
195 469 262 509 Διὰ
286 469 325 507 τὸ
351 463 437 508 εἶναι
467 469 605 516 αὐτοὺς,
635 470 738 521 φησὶ,
765 468 917 521 σάρκας·
938 469 1112 515 τουτέστι,

94 531 150 569 διὰ
164 532 203 570 τὸ
221 537 404 583 σαρκικαῖς
422 530 588 582 πράξεσιν
609 529 730 573 αὐτοὺς
746 531 1111 577 καταδεδαπανῆσθαι,

93 592 152 630 καὶ
172 591 221 643 μὴ
244 594 290 635 εἷς
316 591 391 630 δέον
416 594 610 645 κεχρῆσθαι
628 595 670 642 τῇ
687 593 750 637 τῆς
765 593 878 643 ψυχῆς
898 590 1015 643 οὐσία,
1034 588 1113 628 ἀλλ’

92 656 138 697 ὡς
167 653 281 705 σάρκα
320 656 421 703 μόνον
451 653 710 706 περικειμένους
737 653 795 690 καὶ
821 653 936 704 ψυχῆς
963 651 1112 703 ἐρήμους

92 715 214 759 ὄντας,
235 713 325 753 οὕτω
351 715 408 753 τὸν
442 715 572 752 ἑαυτῶν
603 714 675 764 βίον
699 712 977 751 καταναλίσκειν.
1008 711 1111 755 Ἔθος

91 775 159 828 γὰρ
174 775 227 814 ἀεὶ
245 778 287 827 τῇ
302 774 376 827 θεία
397 776 519 826 Γραφῇ
540 774 655 825 σάρκα
673 774 751 817 τοὺς
772 772 957 825 σαρκικοὺς
976 774 1110 820 καλεῖν,

91 836 212 889 ὥσπερ
231 835 309 878 τοὺς
337 834 516 886 ἐναρέτους
535 835 706 887 ἀσάρκους
725 834 924 885 ὀνομάζειν,
953 834 1111 886 καθάπερ

91 899 109 934 ὁ
130 896 268 937 Παῧλός
296 911 400 948 φησιν
415 925 424 941 ,
454 894 576 946 Ὑμεῖς
595 895 629 934 δὲ
655 897 716 934 οὐκ
736 894 812 933 ἐστὲ
835 896 870 932 ἐν
900 894 1020 947 σαρκί·
1049 897 1111 934 οὐκ

90 958 208 1004 ἐπειδὴ
240 957 353 1011 σάρκα
386 958 423 996 οὐ
456 956 670 1009 περιέκειντο
687 985 696 1001 ,
734 957 812 994 ἀλλ’
844 956 963 1002 ἐπειδὴ
995 957 1110 1008 σάρκα

89 1018 323 1071 περικείμενοι
352 1016 517 1069 ἀνώτεροι
543 1020 611 1055 τῶν
638 1020 813 1069 σαρκικῶν
829 1011 917 1064 ἦσαν
934 1017 1111 1071 φρονημά-

89 1095 169 1118 των.
188 1080 330 1132 υΩσπερ
346 1073 404 1118 οὖν
420 1081 478 1117 καὶ
493 1079 606 1117 τοῖσδε
623 1077 680 1116 διὰ
696 1079 736 1117 τὸ
751 1081 922 1130 ὑπερορᾷν
937 1081 1006 1116 τῶν
1026 1093 1110 1130 σαρ-

89 1143 197 1179 κικῶν
218 1140 333 1193 ἔλεγεν
348 1156 356 1165 ·
376 1140 499 1190 Ἱ’μεῖς
514 1139 549 1178 δὲ
566 1140 629 1178 οὐκ
648 1139 725 1178 ἐστὲ
744 1141 779 1177 ἐν
799 1139 922 1192 σαρκί·
943 1139 1033 1177 οὕτω
1050 1139 1110 1177 καὶ

89 1203 147 1240 ἐπὶ
165 1202 306 1248 τούτων,
336 1201 455 1248 ἐπειδὴ
479 1201 560 1253 περὶ
577 1201 638 1244 τὰς
654 1201 823 1253 σαρκικὰς
836 1201 978 1252 πράξεις
997 1201 1109 1247 διηνε-

89 1266 158 1307 κῶς
182 1258 271 1310 ἦσαν
286 1262 540 1315 ἠσχολημένοι,
566 1262 696 1314 σάρκας
716 1261 837 1305 αὐτοὺς
853 1262 1008 1301 ἐκάλεσε.
1039 1260 1108 1299 Διὰ

88 1325 128 1364 τὸ
156 1319 244 1363 εἶναι
280 1323 403 1368 αὐτοὺς
430 1323 578 1377 σάρκας,
618 1325 679 1362 οὐκ
711 1323 762 1361 ἔτι
792 1324 1011 1376 συγχωρήσω
1032 1329 1108 1366 ταῖς

87 1386 275 1439 ἁμαρτίαις
294 1385 414 1429 αὐτοὺς
428 1384 782 1438 καταρῤυπαίνεσθαι.

142 1441 241 1490 Εἶδες
259 1446 527 1499 ἀγανακτήσεως
547 1445 708 1499 μέγεθος;
733 1439 817 1489 εἶδες
839 1446 985 1493 ἀπειλῆς
1002 1448 1107 1499 ὑπερ·

86 1509 218 1555 ῧολήη
247 1507 378 1546 Σκόπει
403 1510 477 1551 πῶς
498 1509 541 1558 τῇ
569 1507 696 1557 ἀπειλῇ
717 1506 777 1545 καὶ
801 1510 843 1558 τῇ
867 1507 1108 1558 ἀγανακτήσει

84 1570 148 1617 τὴν
173 1568 432 1622 φιλανθρωπίαν
460 1567 566 1619 ἔμιξε.
613 1569 779 1611 Τοιοῦτος
796 1568 865 1620 γὰρ
886 1571 904 1606 ὁ
924 1568 1107 1615 Δεσπότης

84 1635 103 1669 ὁ
132 1630 317 1682 ἡμέτερος·
360 1631 496 1668 ἀπειλεῖ
527 1629 716 1677 πολλάκις,
752 1630 819 1681 οὐχ
845 1628 901 1667 ἵνα
934 1632 981 1674 εἷς
1008 1630 1107 1682 ἔργον

85 1691 199 1743 ἀγάγῃ
227 1690 289 1738 τὴν
319 1690 467 1738 ἀπειλὴν
482 1720 492 1738 ,
520 1690 598 1728 ἀλλ’
617 1689 674 1728 ἵνα
693 1691 968 1742 διορθωσάμενος
987 1690 1107 1735 αὐτοὺς

86 1752 212 1802 μηκέτι
234 1751 297 1798 τὴν
314 1751 461 1797 ἀπειλὴν
475 1753 522 1793 εἷς
536 1751 635 1802 ἔργον
650 1750 847 1802 ῧέξενέγκῃ.
868 1752 912 1789 Εἰ
927 1751 995 1805 γὰρ
1010 1752 1107 1790 ἐδού-

85 1815 165 1852 λετο
180 1812 459 1864 τιμωρήσασθαι,
477 1811 568 1856 τίνος
587 1812 700 1850 ἕνεκεν
716 1812 776 1850 καὶ
789 1812 995 1864 προέλεγεν;
1015 1812 1107 1851 Ἀλλ’

86 1874 206 1920 ἐπειδὴ
235 1874 284 1925 μὴ
319 1872 499 1924 βούλεται,
530 1872 588 1912 διὰ
616 1876 717 1911 τοῦτο
737 1873 790 1911 ἀεὶ
812 1873 931 1923 μέλλει
947 1874 1005 1911 καὶ
1025 1876 1107 1912 ἀνα-

86 1935 273 1981 ὅάλλεται,
301 1934 361 1972 καὶ
397 1933 581 1985 προλέγει,
625 1933 786 1985 ἀφορμὴν
828 1934 995 1987 παρέχων
1037 1942 1106 1979 τοῖς

84 1996 283 2037 ὑπευθύνοις
298 2001 416 2047 φυγεῖν
432 1995 493 2045 μὲν
508 1994 572 2041 τὴν
587 1994 727 2040 κακίαν,
743 1995 882 2033 ἑλέσθαι
897 1995 932 2033 δὲ
947 1995 1010 2042 τὴν
1028 1999 1107 2050 ἀρε·

84 2057 149 2103 τὴν
164 2087 173 2104 ,
202 2057 262 2095 καὶ
287 2060 350 2103 τῆς
376 2055 547 2107 τιμωρίας
566 2055 629 2102 τὴν
649 2061 771 2107 πεῖραν
793 2057 983 2107 διαφυγεῖν.
1004 2057 1105 2096 Ἐπεὶ

83 2112 142 2156 οὖν
182 2118 351 2165 ἠπείλησε
391 2120 434 2168 τῇ
470 2116 691 2171 πανωλεθρία
732 2117 853 2160 αὐτοὺς
881 2117 1104 2170 παραδώσειν

85 2181 199 2231 (τοῦτο
219 2180 288 2231 γάρ
309 2181 400 2217 ἐστιν
414 2207 424 2224 ,
442 2180 496 2217 Οὐ
517 2177 565 2226 μὴ
589 2178 783 2230 καταμείνῃ
804 2178 844 2216 τὸ
863 2179 1012 2229 Πνεῧμά
1037 2195 1103 2230 μου

82 2242 118 2278 ἐν
140 2246 210 2284 τοῖς
236 2239 429 2292 ἀνθρώποις
454 2239 606 2286 τούτοις,
632 2239 689 2277 διὰ
715 2239 755 2278 τὸ
773 2233 861 2277 εἶναι
882 2239 1006 2284 αὐτοὺς
1024 2240 1104 2293 σάρ-

81 2318 162 2346 κας·
183 2301 259 2339 ἀντὶ
275 2305 334 2340 τοῦ
348 2330 357 2344 ,
375 2301 437 2339 οὐκ
456 2300 549 2340 ἐάσω
568 2299 690 2344 αὐτοὺς
715 2300 836 2339 λοιπὸν
852 2302 942 2352 ζῇν),
963 2303 1025 2340 οὐκ
1042 2303 1104 2353 ἀρ-

81 2364 212 2407 κεσθεὶς
242 2366 285 2414 τῇ
314 2364 383 2400 τῶν
407 2360 644 2400 πεντακοσίων
669 2363 754 2400 ἐτῶν
783 2361 1030 2415 μακροθυμίᾳ,
1051 2356 1102 2412 ῧῆ

82 2424 142 2462 διὰ
163 2424 278 2471 πάσης
304 2426 365 2470 τῆς
393 2425 483 2469 ζωῆς
510 2427 570 2461 τοῦ
599 2424 678 2461 Νῶε
704 2422 762 2461 διὰ
782 2424 846 2468 τῆς
868 2423 1102 2475 προσηγορίας

81 2484 314 2531 ἐπαιδεύοντο,
342 2488 398 2522 νῦν
423 2483 528 2522 πάλιν
558 2483 736 2522 ἐπιτείνων
758 2482 822 2531 τὴν
850 2484 1102 2536 ἀγανάκτησιν,

82 2545 202 2598 ἑτέραν
229 2548 344 2589 αὐτοῖς
364 2544 578 2597 προθεσμίαν
600 2543 706 2596 ὁρίζει
720 2544 778 2582 καὶ
795 2546 899 2597 φησίν
915 2561 923 2568 ·
953 2547 1102 2593 ἠπειλη-

83 2611 212 2657 σάμην,
237 2606 296 2644 καὶ
325 2600 433 2654 εἶπον,
452 2605 512 2643 καὶ
538 2607 646 2652 δήλην
665 2606 812 2653 ἐποίησα
828 2605 891 2654 τὴν
910 2605 999 2657 ἐμὴν
1017 2609 1102 2657 ἀγα·

81 2667 265 2716 νάκτησιν,
290 2667 332 2714 ἣν
355 2667 413 2705 διὰ
434 2667 474 2706 τὸ
495 2669 626 2714 πλῆθος
649 2670 717 2706 τῶν
742 2667 1007 2722 ἁμαρτημάτων
1031 2671 1100 2707 τῶν

81 2729 316 2781 εἰργασμένων
339 2730 536 2781 ἐπαχθῆναι
568 2731 650 2779 ὑμῖν
675 2730 768 2767 ἐστιν
791 2727 998 2767 ἀκόλουθον·
1020 2730 1098 2767 ἀλλ’

80 2790 198 2837 ἐπειδὴ
237 2790 296 2828 καὶ
324 2789 403 2834 τοὺς
432 2789 477 2828 τὰ
510 2789 634 2828 ἀνίατα
668 2789 917 2842 ἡμαρτηκότας
945 2792 1099 2836 σωθῆναι

82 2850 265 2900 βούλομαι,
286 2850 347 2888 καὶ
367 2851 499 2901 μηδένα
510 2851 740 2899 ἀπόλλυσθαι,
760 2850 817 2889 διὰ
830 2855 930 2890 τοῦτο
945 2851 1004 2890 καὶ
1019 2854 1099 2890 ἑκα-

79 2910 139 2948 τὸν
165 2911 271 2950 εἴκοσι
297 2913 381 2949 ἐτῶν
400 2910 525 2964 χρόνον
543 2912 649 2950 πάλιν
675 2912 854 2963 ἐνδίδωμι,
872 2911 942 2959 ἰ’να,
964 2915 993 2951 εἰ
1017 2912 1096 2964 βού-

79 2972 179 3010 λεσθε
203 2972 263 3010 καὶ
281 2972 325 3011 τὰ
347 2972 580 3025 ἡμαρτημένα
601 2973 835 3025 ἀπονίψασθαι
861 2973 918 3012 διὰ
950 2976 1014 3020 τῆς
1040 2975 1098 3013 ἐπὶ

79 3032 118 3070 τὸ
137 3033 271 3084 βέλτιον
299 3032 495 3083 μεταὸολῆς
507 3064 517 3081 ,
537 3034 596 3072 καὶ
611 3033 676 3080 τὴν
692 3033 819 3086 ἀρετὴν
837 3034 1018 3085 ἑλόμενοι,
1036 3039 1098 3082 τῆς

78 3091 247 3147 τιμωρίας
265 3093 330 3139 τὴν
348 3098 472 3147 πεῖραν
493 3094 676 3146 ἐκφύγητε.
696 3094 864 3134 Ἔσονται
879 3095 960 3148 γὰρ,
979 3096 1098 3148 φησὶν,

122 3245 136 3259 ¹·
151 3233 206 3267 Sic
221 3233 322 3268 Savil.
339 3242 373 3269 et
387 3246 442 3269 sex
459 3236 535 3271 Mss.
556 3238 596 3269 At
609 3235 724 3270 Morel.
743 3240 900 3282 εἰσενέγκῃ.

122 3286 138 3310 b
154 3286 256 3321 Savil.
274 3295 307 3320 et
322 3296 447 3330 septem
473 3289 550 3321 Mss.
569 3295 604 3328 ἢν
620 3293 668 3324 διὰ
692 3295 799 3328 πάσης.
817 3289 917 3330 Quod
935 3288 989 3323 hic
1006 3289 1083 3322 sub-

74 3339 184 3380 jungit
196 3337 470 3382 Chrysostomus‚
484 3339 558 3372 illos
574 3348 708 3374 centum
723 3341 839 3385 viginti
854 3353 959 3374 annos
972 3343 1005 3374 in
1018 3343 1083 3375 Ge—

78 3391 146 3421 nesi
171 3399 370 3423 memoratos
386 3399 515 3434 tempus
539 3391 686 3425 indicare
700 3405 767 3435 quo
783 3393 944 3426 diluvium
963 3402 1081 3427 vcutu-

78 3453 151 3474 rum
167 3450 235 3474 crat
246 3469 254 3484 ,
271 3441 415 3487 illudque
429 3445 570 3488 spatium
583 3444 673 3488 quod
691 3447 874 3482 intercessit
890 3458 907 3479 a
926 3454 1075 3492 tempore

1003 255 1165 292 cumas.

1211 260 1366 292 nomn„
1407 261 1518 293 xxu.
2049 251 2136 296 233

1184 346 1286 383 tians.
1306 345 1351 383 Et
1376 354 1415 383 ut
1430 345 1519 383 scias
1540 345 1606 383 hac
1625 344 1670 382 (lc
1701 358 1737 383 re
1760 358 1957 383 sermonem
1988 346 2135 397 habt-ri,

1186 406 1271 444 vide
1285 406 1374 456 quid
1395 406 1580 444 subdatur.
1597 408 1656 444 Eo
1670 407 1775 459 quod
1793 409 1879 458 ipsi,
1898 407 2028 457 iuquit,
2050 422 2136 445 car-

1189 480 1254 504 nes
1275 469 1352 505 sint
1371 483 1381 503 .·
1403 467 1470 504 hoc
1489 476 1555 518 est,
1578 482 1617 505 eo
1637 467 1732 519 quod
1751 467 1956 506 carnalibus
1972 469 2139 520 operibus

1186 527 1319 579 scipsos
1339 537 1428 566 totos
1445 527 1596 578 dedant,
1615 537 1648 567 et
1673 528 1800 567 animat
1824 528 2022 566 substantia
2042 529 2137 566 abu-

1187 597 1323 637 tantur,
1340 598 1374 627 ct
1410 589 1511 641 quasi
1543 590 1615 627 sola
1637 604 1741 627 carne
1776 589 1988 628 circumdati
2022 590 2139 628 anima

1185 658 1363 695 carerent,
1385 650 1435 687 sic
1452 650 1563 688 vitam
1584 665 1685 688 suam
1709 651 1909 689 absumant.
1945 652 2142 703 Perpetuus

1184 710 1276 746 enim
1288 711 1484 762 Scripturae
1496 725 1572 748 mos
1585 720 1648 760 est,
1663 724 1804 749 carnem
1818 725 1945 749 vocare
1959 711 2116 749 carnales
2131 727 2138 747 :

1184 770 1276 808 sicut
1292 771 1425 809 virtute
1451 780 1656 823 praestantes
1670 802 1680 818 ‚
1707 773 1822 810 earnis
1847 782 2008 825 expertes
2029 772 2142 810 nomi-

1135 723 1157 752 11

1184 840 1266 868 nat:
1294 831 1597 882 quemadmodum
1629 833 1762 870 Paulus
1782 832 1892 870 dicit:
1919 836 1992 871 Vos
2013 843 2141 871 autem
2156 848 2243 876 num,
2258 849 2288 879 3,
2309 860 2337 886 9⁴

1185 906 1262 930 non
1284 896 1430 932 estiszn
1455 907 1598 931 carne:
1625 907 1692 931 non
1715 893 1811 944 quod
1842 908 1910 932 non
1935 908 2039 931 carne
2074 896 2141 932 eir-

1184 954 1343 992 cumdati
1364 963 1500 1004 essent,
1522 954 1585 992 sed
1609 955 1690 1005 quin
1712 969 1816 993 carne
1835 955 2061 1002 circumdati,
2085 971 2142 993 su-

1184 1016 1337 1067 periores
1355 1025 1455 1053 crant
1476 1015 1679 1054 carnalibus
1703 1015 1953 1054 affectionibus
1982 1025 2015 1054 et
2033 1017 2142 1054 sensi-

1183 1077 1262 1115 bus.
1277 1078 1368 1115 Nam
1396 1077 1487 1115 sicut
1514 1077 1592 1115 istis
1617 1077 1783 1118 dicebat:
1816 1079 1890 1116 Vos
1915 1086 2044 1115 autem
2065 1092 2143 1115 non

1182 1142 1272 1176 estis
1295 1142 1336 1176 in
1351 1153 1482 1185 carne,
1509 1152 1549 1176 eo
1568 1137 1667 1189 quod
1693 1137 1848 1175 carnalia
1868 1137 2113 1190 despiciebant
2133 1155 2140 1174 :

1182 1200 1229 1237 ita
1251 1209 1284 1238 et
1305 1200 1350 1238 dc
1367 1200 1440 1238 illis
1458 1199 1608 1250 dicitur,
1625 1199 1722 1250 quod
1743 1199 1814 1237 sint
1829 1213 1963 1247 carnes,
1984 1214 2024 1237 eo
2043 1199 2142 1250 quod

1181 1264 1384 1302 carnalibus
1418 1264 1525 1303 rebus
1559 1263 1726 1302 continuo
1763 1263 1835 1301 sint
1870 1263 2048 1316 occupati.
2079 1265 2140 1302 Eo

1182 1327 1288 1378 quod
1306 1328 1380 1378 ipsi
1397 1339 1536 1364 carnes
1556 1328 1648 1372 sint,
1670 1338 1739 1363 non
1760 1324 1854 1363 ultra
1879 1324 2069 1363 concedam
2089 1325 2139 1363 eis

1180 1396 1219 1425 ut
1236 1387 1390 1440 peccatis
1408 1387 1481 1425 suis
1501 1386 1789 1437 coinquinentur.

1230 1449 1267 1486 4.
1286 1448 1422 1488 Vidisti
1440 1447 1698 1499 indignationis
1713 1447 2028 1500 magnitudinem?
2045 1447 2139 1486 vidi-

1178 1509 1223 1547 sti
1257 1509 1437 1547 minarum
1476 1508 1763 1548 vehementiam?
1799 1507 1991 1546 Considera
2031 1509 2137 1546 etiam

1178 1571 1356 1623 quomodo
1381 1570 1660 1609 interminationi
1683 1579 1716 1608 et
1739 1569 1977 1622 indignationi
2003 1570 2140 1608 miseri-

1177 1632 1338 1672 cordiam
1352 1632 1557 1670 admiscuit.
1572 1631 1673 1670 Talis
1689 1631 1785 1670 enim
1804 1640 1856 1670 est
1875 1631 2052 1669 Dominus
2074 1646 2138 1669 no-

1177 1702 1275 1731 ster:
1294 1693 1453 1731 minatur
1471 1707 1578 1745 saepe,
1600 1707 1669 1731 non
1690 1702 1729 1730 ut
1748 1706 1855 1745 opere
1873 1692 2049 1744 compleat
2069 1694 2135 1731 mi-

1178 1768 1253 1801 nas,
1270 1754 1333 1792 sed
1356 1763 1395 1792 ut
1417 1753 1583 1792 correctis
1603 1753 1705 1791 nobis
1737 1753 1852 1790 minas
1872 1767 1942 1791 non
1968 1752 2014 1790 ad
2047 1768 2138 1805 opus

1178 1813 1364 1866 perducat.
1395 1813 1537 1865 Alioqui
1556 1813 1587 1852 si
1607 1813 1737 1865 punire
1756 1813 1876 1863 vellet,
1907 1828 1971 1852 cur
1998 1814 2138 1866 praedi-

1179 1884 1270 1912 ceret
1289 1875 1306 1912 Ρ
1327 1874 1399 1913 Sed
1418 1875 1501 1925 quia
1521 1888 1589 1912 non
1610 1874 1714 1922 vult,
1741 1888 1878 1926 semper
1898 1883 2086 1912 cunctatur
2105 1885 2137 1913 et

1180 1950 1315 1974 moram
1330 1936 1451 1985 nectit,
1468 1944 1501 1973 et
1513 1934 1648 1984 differt,
1665 1943 1698 1973 ct
1713 1934 1892 1987 praedicit,
1915 1935 2137 1974 occasionem

1178 1997 1246 2036 reis
1263 2007 1430 2050 praestans
1446 2027 1458 2043 ,
1481 2006 1519 2034 ut
1533 1996 1704 2049 fugiendo
1725 1996 1899 2035 malitiam
1920 2006 1953 2035 et
1973 1997 2138 2036 sectando

1175 2059 1348 2098 virtutem
1362 2090 1371 2107 ‚
1400 2072 1522 2111 poenas
1547 2072 1616 2096 non
1634 2058 1876 2110 experiantur.
1898 2059 2025 2109 Itaque
2042 2068 2135 2111 post-

1179 2132 1287 2169 quam
1316 2117 1566 2156 interminatus
1591 2126 1643 2155 est
1674 2117 1755 2155 illos
1781 2131 1818 2156 se
1847 2118 2136 2155 exterminationi

1175 2178 1329 2230 generali
1360 2177 1576 2216 traditurum
1597 2178 1610 2229 (
1631 2177 1698 2215 boc
1716 2177 1811 2215 enim
1841 2187 1892 2216 est
1905 2208 1915 2227 ,
1936 2179 2026 2216 Non
2044 2193 2135 2230 per-

1174 2241 1346 2278 manebit
1361 2239 1525 2291 Spiritus
1547 2252 1652 2278 meus
1675 2241 1717 2277 ἱη
1737 2240 1956 2278 hominibus
1976 2242 2074 2288 istis,
2093 2255 2137 2278 eo

1175 2302 1280 2354 quod
1292 2303 1366 2354 ipsi
1377 2303 1456 2339 sint
1470 2314 1607 2339 carnes
1622 2317 1633 2337 .·
1657 2314 1698 2339 ac
1711 2300 1741 2339 si
1762 2300 1998 2348 diceret,N0n
2018 2301 2136 2339 sinam

1173 2363 1254 2401 illos
1273 2362 1420 2415 posthac
1437 2362 1593 2410 vivere),
1616 2376 1685 2400 non
1722 2371 1906 2401 contentus
1923 2363 2136 2415 quingento-

1173 2439 1254 2463 rum
1271 2438 1446 2463 annorum
1472 2423 1657 2476 patientia,
1681 2438 1750 2475 qua
1765 2438 1829 2476 per
1859 2438 2000 2462 omnem
2022 2424 2135 2463 vitam

1172 2487 1262 2537 Νοὲἑ,
1280 2485 1405 2524 audito
1428 2485 1527 2523 illius
1548 2485 1691 2523 nomine
1707 2485 1941 2534 docebantur,
1960 2499 2054 2523 nunc
2074 2486 2132 2523 itc-

1173 2561 1253 2585 rum
1270 2547 1480 2600 protrahens
1492 2555 1525 2583 et
1535 2545 1705 2584 differens
1721 2544 2016 2597 indignationem,
2034 2546 2133 2583 aliud

1172 2608 1246 2647 illis
1278 2617 1418 2660 tempus
1444 2605 1640 2659 praescribit
1668 2615 1701 2644 et
1731 2605 1846 2643 dicit:
1878 2606 2132 2645 Interminatus

1172 2684 1265 2718 sum,
1281 2679 1315 2708 et
1336 2668 1414 2706 dixi
1434 2677 1467 2706 et
1480 2667 1599 2720 palam
1612 2667 1677 2704 feci
1699 2680 1814 2704 meam
1835 2666 2130 2718 indignationem,
2172 2665 2180 2670 ⁵

1173 2745 1280 2783 quam
1299 2731 1345 2768 ob
1361 2728 1630 2767 multitudinem
1642 2735 1881 2780 peccatorum,
1901 2742 1979 2779 quae
1993 2730 2128 2781 operati

1171 2793 1270 2842 estis,
1300 2790 1402 2829 vobis
1421 2789 1544 2827 inferri
1562 2789 1700 2841 justum
1733 2797 1785 2826 est
1806 2804 1814 2824 :
1838 2788 1900 2826 sed
1919 2788 2003 2839 quia
2023 2789 2129 2828 etiam

1171 2868 1230 2893 eos
1250 2853 1310 2904 qui
1338 2850 1584 2889 incurabiliter
1606 2858 1854 2901 peccaverunt,
1870 2849 2020 2887 salutem
2041 2864 2128 2888 con-

1171 2914 1269 2965 sequi
1289 2913 1373 2951 volo
1387 2942 1397 2961 ‚
1415 2911 1625 2961 nullumque
1644 2909 1772 2961 perire,
1793 2908 1927 2948 idcirco
1948 2910 2052 2948 vobis
2074 2911 2126 2949 in-

1169 2976 1300 3027 dulgeo
1319 2983 1352 3012 ct
1375 2983 1512 3025 tempus
1537 2980 1676 3009 centum
1691 2970 1821 3021 viginti
1845 2985 2022 3015 annorum
2044 2988 2051 3008 :
2075 2982 2126 3020 ut,

1171 3037 1199 3074 si
1222 3034 1432 3082 volueritis,
1456 3041 1489 3070 et
1515 3040 1655 3084 peccata
1687 3031 1872 3070 ablueritis
1887 3032 2127 3085 resipiscendo

1172 3105 1277 3146 atque
1294 3095 1329 3131 in
1343 3093 1488 3131 meliora
1502 3105 1566 3129 vos
1583 3089 1835 3142 convertend0‚
1851 3105 1986 3130 necnon
1998 3092 2125 3130 virtuti

1128 1462 1151 1492 C

1123 2196 1148 2226 D

1120 2861 1144 2891 E

1119 3248 1186 3281 quo
1199 3238 1287 3270 Deus
1300 3234 1382 3268 ditm
1393 3237 1459 3267 ium
1475 3233 1641 3277 praedixit,
1653 3231 1695 3265 ad
1708 3232 1813 3276 ipsum
1832 3245 1931 3276 usque
1945 3232 2123 3267 diluuium:

1118 3288 1198 3322 illud
1209 3315 1217 3329 ‚
1232 3288 1367 3330 inquam
1382 3313 1389 3326 ,
1402 3293 1519 3318 contra
1535 3295 1747 3317 communem
1764 3287 1963 3317 seutentiam
1979 3287 2125 3319 estham

1117 3349 1252 3384 putatur
1268 3339 1317 3372 his
1333 3338 1473 3371 indicari
1494 3337 1637 3380 spatium
1656 3339 1730 3369 vitae
1747 3336 1890 3369 hominis
1911 3346 2021 3379 postca
2045 3350 2124 3369 eou-

1118 3389 1423 3426 ιτ;ιΙι«-ιιι1ιιιιιοι;ι«1
1441 3398 1574 3421 centum
1591 3389 1705 3431 viginti
1721 3401 1826 3421 anuos
1844 3389 2075 3431 rc‹t··g‹·nduu»;
2092 3399 2120 3420 vt

1121 3453 1156 3479 ut
1172 3446 1248 3479 :iuni
1266 3442 1493 3486 chronologici
1511 3440 1691 3486 ‹unuh-cue
1712 3443 1757 3474 sic
1784 3441 2032 3486 intellig-*udum
2059 3450 2120 3473 cst.
