2433 3775
763 198 803 227 lN
843 198 943 227 CAP.
982 197 1012 225 l.

114 279 302 332 ἐπέραστον
320 279 437 318 θυσίαν
461 281 510 333 τῷ
529 281 611 330 Θεῷ
628 279 792 332 ἀναφέρει
806 310 814 326 ,
833 279 946 323 καθὼς
965 282 983 316 ὁ
1002 277 1138 330 προφή-

112 357 174 388 της
192 340 293 392 φησί·
313 339 430 379 Θυσία
456 342 506 392 τῷ
536 342 618 392 Θεῷ
650 343 788 391 πνεῦμα
823 339 1138 393 συντετριμμένον·

113 401 258 454 καρδίαν
291 401 590 454 συντετριμμένην
619 401 680 440 καὶ
698 401 1001 453 τεταπεινωμένην
1017 403 1034 438 ὃ
1051 400 1140 443 Θεὸς

113 467 175 503 οὐκ
197 463 427 508 ἕξουδενώσει.
447 463 538 508 Τοὺς
561 463 629 517 γὰρ
662 463 883 516 εὐγνώμονας
906 467 974 502 τῶν
996 464 1140 501 οἰκετῶν
1164 468 1186 498 D

114 526 179 577 οὐχ
196 523 302 568 οὕτως
319 527 354 562 αἱ
371 524 530 568 κολάσεις
547 525 605 562 καὶ
626 527 660 563 αἱ
677 525 845 576 τιμωρίαι
865 524 1142 576 ἐπιστρέφουσιν,

113 588 161 630 ὡς
187 589 223 624 αἱ
249 585 463 638 εὐεργεσίαι,
483 585 543 624 καὶ
566 587 607 624 τὸ
634 586 781 634 εἰδέναι,
805 586 858 626 ὅτι
880 589 918 625 οὐ
936 586 1022 637 πρὸς
1045 584 1142 630 ἀξίαν

114 648 182 685 τῶν
202 646 558 698 πεπλημμελημένων
580 647 644 694 τὴν
666 646 765 693 δίκην
782 646 965 685 δεδώκασι.

169 707 420 760 Συντρίψωμεν
440 708 553 746 τοίνυν
573 709 674 759 ἡμῶν
695 708 752 746 τὸν
772 707 954 758 λογισμὸν,
974 722 1140 759 παρακα-

115 770 183 817 λῶ,
208 768 481 819 ταπεινώσωμεν
517 767 580 816 τὴν
616 768 783 815 διάνοιαν,
814 768 875 806 καὶ
899 768 1056 818 μάλιστα
1082 770 1142 805 νῦν

114 829 171 868 ὅτε
189 831 253 875 τῆς
270 829 431 876 νηστείας
452 832 470 867 ὁ
491 829 609 881 καιρὸς
631 828 765 875 πολλὴν
785 832 870 880 ἡμῖν
895 830 942 871 εἰς
960 831 1061 866 τοῦτο
1078 828 1141 875 τὴν

115 890 320 942 συμμαχίαν
338 889 500 943 εἰσφέρει.
522 889 609 928 Ἐὰν
628 889 695 941 γὰρ
717 888 825 933 οὕτως
845 881 940 940 ὦμεν
963 888 1141 940 διακείμε-

114 967 186 999 νοι,
223 950 442 1001 δυνησόμεθα
474 950 535 989 καὶ
560 951 622 995 τὰς
655 950 760 1003 εὐχὰς
792 949 882 1001 μετὰ
916 951 1049 997 πολλῆς
1080 953 1142 997 τῆς

115 1013 248 1064 νήψεως
265 1015 461 1059 ποιεῖσθαι,
476 1012 537 1050 καὶ
557 1011 862 1063 ἐξομολογούμενοι
880 1009 896 1032 ¹³

115 1073 297 1125 μελημένα
321 1073 454 1121 πολλὴν
484 1073 746 1112 ἐπισπάσασθαι
767 1072 831 1120 τὴν
862 1073 993 1112 ἄνωθεν
1025 1074 1142 1127 χάριν.

114 1135 185 1174 Καὶ
206 1134 261 1173 ἵνα
283 1135 416 1185 μάθητε
438 1133 491 1172 ὅτι
510 1141 587 1178 ταῖς
605 1133 784 1178 τοιαύταις
804 1134 991 1186 ἀρέσκεται
1014 1136 1144 1187 ψυχαῖς

113 1200 133 1236 ὁ
152 1196 354 1244 Δεσπότης,
373 1195 477 1234 ἄκουε
505 1197 610 1234 αὐτοῦ
633 1194 793 1246 λέγοντος
815 1209 823 1218 ·
852 1195 937 1234 Ἐπὶ
965 1195 1043 1234 τίνα
1063 1198 1141 1234 ἐπι-

115 1258 253 1310 ὅλέψω,
274 1255 353 1294 ἀλλ’
375 1256 396 1303 ἢ
426 1256 484 1295 ἐπὶ
503 1255 560 1295 τὸν
577 1262 701 1308 πρᾶον,
718 1256 778 1294 καὶ
797 1255 956 1309 ἡσύχιον,
982 1255 1042 1295 καὶ
1058 1255 1142 1308 τρέ-

118 1319 230 1370 μοντά
246 1334 311 1369 μου
327 1317 404 1361 τοὺς
418 1317 560 1370 λόγους;
583 1318 650 1356 Διὰ
664 1321 765 1357 τοῦτο
779 1318 839 1356 καὶ
859 1321 876 1356 ὁ
894 1318 1043 1370 Χριστὸς
1071 1319 1144 1356 δια-

906 1011 950 1050 τὰ
971 1013 1101 1063 πεπληι
1122 1034 1143 1040 -

115 1381 300 1432 λεγόμενος
314 1379 411 1429 ἔλεγε
422 1394 429 1402 ·
447 1379 586 1418 Μάθετε
599 1381 659 1418 ἀπ’
676 1381 779 1430 ἐμοῦ,
792 1379 847 1418 ὅτι
863 1379 974 1431 πρᾶός
994 1381 1067 1431 εἶμι
1083 1379 1142 1417 καὶ

116 1441 276 1486 ταπεινὸς
310 1443 353 1493 τῇ
385 1440 533 1495 καρδίᾳ,
553 1441 613 1479 καὶ
648 1440 810 1493 εὓρήσετε
840 1440 1036 1479 ἀνάπαυσιν
1067 1447 1144 1484 ταῖς

117 1506 244 1556 ψυχαῖς
259 1505 370 1554 ὑμῶν.
398 1501 444 1541 ‘O
461 1502 530 1554 γὰρ
557 1502 664 1546 ὄντως
692 1504 867 1541 ταπεινῶν
884 1502 1005 1541 ἑαυτὸν
1026 1504 1088 1541 οὔκ
1104 1501 1144 1540 ἂν

118 1564 278 1613 δυνηθείη
293 1564 378 1603 ποτὲ
393 1566 439 1609 εἷς
454 1565 563 1616 θυμὸν
578 1564 797 1617 ἐξενεχθῆναι
811 1595 820 1613 ,
836 1564 913 1604 οὐδὲ
927 1567 978 1616 τῷ
996 1564 1144 1611 πλησίον

117 1627 341 1680 ὀργισθῆναι,
367 1627 430 1671 τῆς
450 1627 565 1679 ψυχῆς
592 1625 876 1676 κατεσταλμένης
889 1655 898 1672 ,
916 1625 976 1664 καὶ
997 1625 1042 1664 τὰ
1065 1627 1143 1663 καθ’

119 1686 246 1734 ἑαυτὴν
269 1686 522 1738 σκοπουμένης.
538 1689 570 1726 Τ
573 1690 614 1733 ἧς
631 1687 666 1724 δὲ
681 1686 771 1725 οὕτω
793 1685 1014 1737 διακειμένης
1029 1687 1145 1738 ψυχῆς

118 1746 153 1785 τί
169 1747 208 1785 ἂν
233 1745 366 1798 γένοιτο
399 1746 687 1799 μακαριώτερον;
716 1746 761 1786 ‘O
782 1752 933 1790 τοιοῦτος
963 1748 997 1784 ἐν
1028 1745 1145 1796 λιμένι

119 1809 285 1856 διηνεκῶς
313 1807 465 1855 κάθηται
497 1809 625 1852 παντὸς
655 1810 828 1860 χειμῶνος
851 1807 1146 1859 ἀπηλλαγμένος,

120 1869 180 1907 καὶ
203 1871 376 1922 ἐντρυφῶν
406 1871 450 1917 τῇ
484 1868 554 1906 ἀπὸ
589 1870 657 1905 τῶν
691 1870 869 1920 λογισμῶν
902 1867 1050 1919 γαλήνη.
1077 1866 1146 1904 Διὰ

119 1934 219 1969 τοῦτο
237 1930 296 1968 καὶ
315 1933 334 1967 ὁ
356 1929 504 1982 Χριστὸς
525 1927 641 1980 ἔλεγε·
662 1928 733 1966 Καὶ
758 1928 921 1982 εὑρήσετε
950 1927 1144 1966 ἀνάπαυσιν
1165 1958 1195 1983 71

119 1996 195 2034 ταῖς
215 1992 344 2042 ψυχαῖς
366 1992 476 2041 ὑμῶν.
490 1988 633 2041 “llo-nep
649 1983 707 2027 οἶν
727 1992 744 2027 ὁ
763 1989 808 2028 τὰ
827 1990 922 2036 πάθη
941 1992 1053 2027 ταῦτα
1074 2005 1142 2027 κα-
1166 1995 1192 2025 A

119 2051 286 2094 τευνάσας
313 2052 446 2097 πολλῆς
476 2049 645 2089 ἀπολαύει
667 2052 730 2096 τῆς
760 2050 1005 2099 ἀναπαύσεως,
1037 2050 1145 2094 οὕτως

118 2113 137 2149 ὃ
163 2111 332 2164 ῥάθυμος,
370 2111 429 2149 καὶ
463 2110 744 2158 ἀναπεπτωκὼς,
777 2111 836 2149 καὶ
873 2110 921 2161 μὴ
958 2111 1145 2161 δυνάμενος

117 2172 262 2215 δεόντως
293 2174 445 2224 ἡνιοχεῖν
481 2171 527 2209 τὰ
554 2173 590 2209 ἐν
623 2174 718 2224 αὐτῷ
745 2171 936 2222 τικτόμενα
959 2172 1078 2220 πάθη,
1109 2174 1143 2210 ἐν

118 2235 267 2280 διηνεκεῖ
283 2233 380 2285 σάλῳ
396 2232 623 2281 καθέστηκεν,
641 2232 774 2271 οἴκοθεν
789 2232 848 2271 τὸν
869 2232 1023 2284 πόλεμον
1039 2233 1144 2286 ἔχων,

117 2294 177 2332 καὶ
203 2293 336 2337 οὐδενὸς
364 2293 536 2347 παρόντος
563 2293 838 2346 ταραττόμενος,
860 2293 919 2331 καὶ
946 2293 1055 2333 πολὺν
1085 2295 1143 2334 τὸν
1171 2333 1178 2342 ,

114 2358 275 2408 χειμῶνα
291 2354 474 2407 ὑπομένων
488 2371 496 2380 ·
515 2355 568 2394 διὸ
583 2355 643 2394 καὶ
659 2358 728 2394 τῶν
747 2355 916 2407 κυμάτων
931 2357 1144 2409 κορυφουμέ-

115 2433 196 2465 νων,
230 2417 290 2455 καὶ
322 2419 385 2463 τῆς
415 2419 485 2454 τῶν
516 2419 676 2470 πονηρῶν
704 2417 914 2468 πνευμάτων
941 2417 1145 2470 καταιγίδος

116 2475 280 2523 ἐπιούσης
294 2505 303 2523 ,
324 2475 495 2519 πολλάκις
513 2475 728 2529 ὑποὸρύχιος
746 2475 901 2528 γίνεται,
920 2477 1145 2516 καταδαπτι-

116 2536 253 2579 σθέντος
269 2539 328 2574 τοῦ
361 2535 514 2588 σκάφους
533 2535 591 2574 διὰ
620 2535 684 2582 τὴν
705 2535 867 2589 ἀπειρίαν
887 2541 947 2576 τοῦ
973 2537 1144 2589 κυὸερνή-

115 2614 185 2637 του.
219 2598 285 2636 Διὸ
308 2597 377 2650 χρὴ
410 2598 542 2650 νήφειν,
569 2597 630 2636 καὶ
649 2597 893 2651 ἐγρηγορέναι,
912 2599 972 2637 καὶ
1001 2601 1144 2647 διηνεκῆ

114 2659 178 2706 τὴν
195 2659 367 2712 μέριμναν
389 2658 481 2711 ἔχειν
506 2659 567 2697 καὶ
589 2659 811 2699 ἀδιάλειπτον
831 2663 894 2707 τῆς
913 2660 1006 2700 κατὰ
1026 2661 1143 2714 ψυχὴν

114 2721 301 2775 σωτηρίας.
316 2721 387 2760 Τὸν
403 2720 471 2773 γὰρ
485 2721 696 2774 Χριστιανὸν
714 2721 768 2760 ἀεὶ
787 2723 1054 2775 παρατετάχθαι
1072 2722 1142 2776 χρὴ

113 2782 200 2834 πρὸς
220 2781 264 2820 τὰ
278 2783 373 2829 πάθη
393 2784 455 2828 τῆς
475 2782 620 2834 σαρκὸς,
641 2781 700 2820 καὶ
728 2783 805 2827 τοὺς
823 2783 950 2834 νόμους
978 2783 1056 2829 τοὺς
1084 2801 1141 2823 τε·
1164 2788 1189 2820 B

112 2843 233 2886 θέντας
248 2847 332 2894 ἡμῖν
349 2842 446 2896 παρὰ
463 2847 523 2881 τοῦ
544 2849 658 2882 κοινοῦ
682 2844 822 2882 πάντων
840 2845 1020 2884 Δεσπότου
1037 2846 1143 2884 ἐναύ-

114 2905 194 2948 λους
223 2904 330 2956 ἔχειν,
356 2904 416 2942 καὶ
440 2904 572 2948 τούτοις
597 2904 833 2957 τειχίζεσθαι,
861 2906 922 2944 καὶ
950 2909 994 2956 τῇ
1027 2909 1141 2958 πολλῇ

114 2967 218 3004 αὐτοῦ
237 2965 318 3018 περὶ
331 2968 426 3015 ἡμᾶς
447 2965 670 3017 μακροθυμίᾳ
690 2968 738 3010 εἷς
757 2965 832 3004 δέον
849 2969 1061 3020 κεχρῆσθαι,
1078 2967 1138 3006 καὶ

115 3026 164 3077 μὴ
195 3025 378 3078 ἀναμένειν
399 3026 462 3074 τὴν
483 3026 540 3065 διὰ
571 3030 640 3065 τῶν
671 3028 780 3079 ἔργων
811 3034 948 3081 πεῖραν,
971 3028 1031 3067 καὶ
1058 3029 1138 3069 τότε

113 3087 381 3135 συστέλλεσθαι,
400 3086 457 3126 ἵνα
472 3088 520 3138 μὴ
537 3089 689 3141 καὶπερὶ
702 3091 803 3141 ἡμῶν
819 3088 983 3141 λέγηται,
999 3089 1136 3129 ²²⁰va

115 3148 316 3198 ἀπέκτεινεν
352 3148 494 3198 αὐτοὺς,
519 3149 599 3188 τότε
625 3149 800 3198 ἐξεζήτουν
834 3150 951 3190 αὐτόν.
970 3150 1138 3203 Ἔχοντες

115 3204 186 3258 οὗν,
207 3210 402 3261 ἀγαπητοὶ,
427 3210 612 3264 σύμμαχον
639 3215 702 3258 τῆς
728 3211 891 3258 νηστείας
919 3211 982 3260 τὴν
1000 3228 1137 3265 παρου-

116 3270 207 3319 σίαν,
221 3271 348 3315 πάντες
366 3271 425 3309 ἐπὶ
442 3271 503 3319 τὴν
525 3272 772 3324 ἐξομολόγησιν
796 3275 865 3311 τῶν
880 3275 1139 3326 πεπλημμελη·
1155 3283 1158 3291 '

163 3389 180 3413 b
196 3387 311 3422 Murci.
336 3394 375 3421 ri<
393 3392 659 3432 πλημμελήματα.
678 3387 740 3422 Alii
766 3393 805 3424 τὰ
828 3393 1123 3433 πεπλνμμελκμέψς.

1052 194 1213 224 Gumis.

2101 183 2159 228 δῦ

1210 285 1248 314 ut
1269 276 1452 328 beneficia,
1466 287 1499 316 et
1516 278 1612 330 quod
1636 280 1798 317 noverint
1819 294 1854 317 se
1875 294 1941 318 non
1967 280 2161 320 sea-undum

1209 337 1423 378 delictorum
1443 339 1567 378 merita
1587 353 1729 393 poenam
1747 339 1855 377 luere.

1253 195 1408 224 uomit„
1449 197 1487 226 ΙΧ
1500 217 1508 225 .

1265 709 1302 745 6.
1324 708 1556 745 Conteramus
1575 706 1699 758 igitur,
1723 708 1882 753 obsecro,
1913 709 2073 746 animuin
2097 723 2164 747 no-

1212 775 1338 816 strum,
1367 767 1601 805 humiliemus
1636 776 1789 805 mentem
1819 778 1852 806 et
1889 783 1982 807 nunc
2010 770 2166 808 maxime

1213 841 1293 865 cum
1307 828 1374 866 hoc
1391 827 1517 879 jejunii
1537 836 1678 880 tempus
1690 829 1798 865 multa
1811 829 1912 866 nobis
1924 830 1971 867 ad
1992 831 2058 867 hoc
2071 846 2163 883 pra:-

1213 890 1272 927 bct
1290 888 1465 927 subsidia.
1483 889 1573 927 Nam
1586 887 1615 926 si
1636 888 1684 925 ita
1702 888 1818 926 affecti
1834 889 2017 939 fuerimus,
2031 891 2165 942 poteri-

1213 964 1293 988 mus
1312 957 1346 988 e't
1362 963 1488 1001 magna
1503 948 1695 987 attentione
1718 963 1840 1001 preces
1862 949 2020 997 sundere,
2035 960 2067 988 ct
2087 965 2166 990 con-

1213 1011 1352 1050 fitentes
1362 1019 1502 1063 peccata
1515 1009 1665 1048 multam
1677 1010 1828 1061 gratiam
1836 1025 1986 1063 superne
1996 1012 2166 1051 obtinere.

1213 1072 1261 1111 Et
1276 1081 1314 1110 ut
1325 1071 1446 1111 sciatis
1458 1072 1544 1109 tales
1554 1071 1692 1109 animas
1700 1072 1775 1109 Deo
1786 1072 1937 1124 placere,
1951 1072 2035 1110 audi
2052 1072 2168 1125 ipsum

1212 1133 1390 1172 dicentem
1409 1149 1416 1169 :
1435 1133 1507 1171 Ad
1525 1146 1637 1186 quem
1653 1135 1874 1184 respiciam,
1891 1136 1966 1171 nisi
1980 1135 2035 1171 ad
2044 1135 2169 1172 humi·
2187 1145 2262 1173 lsai.
2276 1143 2323 1173 66.
2341 1154 2369 1172 ².

1215 1196 1311 1245 lem,
1348 1203 1386 1233 et
1420 1197 1605 1246 quietum,
1641 1202 1679 1231 et
1717 1202 1941 1232 trementem
1977 1209 2170 1234 sermones

1215 1261 1344 1296 meos?
1380 1255 1522 1294 Idcirco
1553 1264 1587 1294 et
1621 1254 1788 1294 Christus
1831 1256 1880 1294 ita
1920 1256 2167 1307 loquebatur:

1214 1319 1402 1366 Discitea
1419 1332 1491 1364 me,
1511 1320 1605 1370 quia
1623 1320 1727 1355 mitis
1739 1331 1844 1365 sum,
1863 1327 1899 1356 et
1913 1319 2071 1358 humilis
2086 1334 2169 1357 cor·
2185 1334 2286 1362 Mam
2323 1341 2369 1361 ιι,

1214 1380 1274 1426 de,
1293 1388 1330 1418 et
1350 1382 1556 1418 invenietis
1577 1372 1750 1432 requiem
1773 1382 1981 1418 animabus
2011 1384 2165 1419 vestris.
2188 1384 2236 1413 ²9·

1214 1442 1306 1480 Nam
1324 1441 1484 1493 quivere
1497 1440 1655 1493 seipsum
1670 1440 1850 1490 humiliat,
1865 1455 2061 1492 numquam
2073 1452 2171 1495 potc-

1215 1502 1262 1540 rit
1275 1502 1327 1540 ira
1344 1501 1576 1549 commoveri,
1589 1511 1623 1540 et
1632 1501 1800 1554 proximo
1815 1516 2033 1554 succensere,
2053 1505 2171 1542 anima

1215 1564 1290 1616 ejus
1313 1564 1350 1602 in
1370 1564 1427 1602 sui
1447 1563 1732 1602 consideratione
1763 1573 1933 1616 occupata
1951 1574 1984 1603 ct
2003 1565 2095 1604 intra
2112 1581 2169 1605 sc-

1216 1625 1330 1678 ipsam
1340 1625 1542 1663 humiliata.
1561 1625 1687 1663 Anima
1700 1633 1820 1663 autem
1833 1640 1911 1676 quae
1931 1626 1981 1664 sic
1995 1626 2169 1675 sehabet,

1217 1686 1306 1737 quid
1325 1700 1398 1725 esse
1416 1686 1530 1739 possit
1544 1685 1681 1724 beatius
1693 1685 1710 1723 Ξ)
1722 1685 1950 1737 Quicumque
1962 1687 2042 1726 talis
2059 1698 2124 1738 est,
2141 1689 2170 1726 is

1214 1747 1251 1785 in
1279 1757 1386 1800 portu
1425 1746 1593 1788 continuo
1628 1746 1726 1785 sedet
1759 1747 1804 1784 ab
1826 1747 1924 1785 omni
1965 1757 2171 1801 tempestate

1214 1808 1317 1858 liber,
1326 1817 1359 1846 et
1374 1808 1573 1846 oblectatur
1583 1807 1619 1845 in
1633 1807 1890 1860 cogitationum
1901 1810 2168 1861 tranquillitate.

1215 1868 1299 1907 Ideo
1319 1869 1487 1907 Christus
1506 1868 1647 1906 dicebat
1667 1884 1675 1904 ε
1699 1870 1752 1906 Et
1772 1872 1977 1909 invenietis
1999 1876 2169 1924 requiem

1215 1932 1424 1968 animabus
1445 1932 1599 1968 vestris.
1621 1930 1748 1980 Itaque
1767 1930 1859 1969 sicut
1879 1932 1941 1982 qui
1966 1933 2170 1973 affectiones

1214 1987 1294 2026 illas
1313 1987 1445 2040 sopivit
1466 1987 1578 2026 multa
1600 1989 1720 2039 requie
1747 1988 1893 2041 fruitur,
1922 1990 1971 2029 ita
2003 1992 2102 2031 deses
2136 2003 2169 2032 et

1214 2048 1375 2101 supinus,
1391 2057 1425 2086 et
1445 2048 1508 2099 qui
1528 2049 1652 2099 nequit
1685 2049 1834 2088 affectus
1870 2065 1954 2089 suos
1994 2061 2034 2090 ut
2069 2053 2169 2093 decet

1214 2109 1406 2159 moderari,
1430 2118 1604 2162 perpetuo
1636 2109 1963 2161 perturbationibus
1992 2114 2168 2154 obnoxius

1213 2178 1276 2219 est,
1289 2169 1389 2208 domi
1408 2169 1544 2207 bellum
1563 2169 1686 2216 habet,
1704 2170 1846 2209 nemine
1858 2182 2031 2224 praesente
2043 2176 2167 2214 turba-

1213 2239 1287 2281 tur,
1307 2240 1340 2269 et
1360 2244 1505 2284 gravem
1524 2231 1675 2269 sustInet
1695 2240 1962 2284 tempestatem:
1984 2246 2167 2288 propterea

1212 2291 1382 2333 fluetibus
1402 2306 1439 2330 se
1457 2291 1728 2341 extollentibus,
1744 2302 1778 2331 et
1794 2293 2037 2335 exorientibus
2057 2298 2168 2337 malo-

1212 2368 1294 2393 rum
1305 2354 1499 2406 spirituum
1506 2353 1686 2406 procellis,
1700 2368 1792 2407 saepe
1799 2355 1882 2393 navi
1895 2356 1941 2395 ob
1952 2357 2168 2411 imperitiam

1214 2414 1463 2468 gubernatoris
1483 2413 1660 2465 demersa,
1682 2415 1790 2454 simul
1809 2416 1884 2468 ipse
1906 2418 2164 2472 submergitur.

1214 2475 1368 2517 Proinde
1387 2475 1487 2513 decet
1505 2489 1568 2514 nos
1587 2489 1661 2515 esse
1677 2476 1813 2515 sobrios
1827 2487 1860 2516 et
1878 2478 2018 2530 vigiles,
2039 2490 2072 2519 et
2088 2497 2167 2534 per-

1212 2547 1357 2591 petuam
1369 2536 1694 2588 indesinentemque
1712 2537 1840 2576 animat·
1854 2548 1982 2578 nostrae
1996 2541 2167 2580 sollicitu-

1213 2599 1335 2638 dinem
1373 2598 1515 2636 habere.
1553 2598 1750 2637 Christiani
1786 2599 1880 2637 enim
1912 2610 1962 2639 est
1989 2601 2166 2657 'adversus

1186 2658 1188 2660 ’
1213 2659 1516 2713 concupiscentias
1528 2659 1642 2697 carnis
1657 2673 1797 2712 semper
1811 2660 1845 2697 in
1859 2660 1934 2699 acie
1945 2670 2050 2711 stare,
2070 2664 2164 2716 leges

1214 2721 1362 2761 Domini
1384 2719 1497 2759 nostri
1517 2719 1620 2757 nobis
1639 2719 1739 2758 datas
1759 2734 1897 2773 semper
1917 2721 2048 2761 habere
2070 2739 2163 2777 prae-

1213 2793 1338 2834 sentes,
1358 2792 1391 2822 et
1406 2782 1463 2820 his
1477 2781 1611 2819 muniri
1630 2789 1736 2832 atque
1756 2781 1856 2819 illius
1874 2782 2060 2823 tolerantia
2095 2799 2165 2824 non

1214 2845 1327 2894 abuti,
1349 2857 1461 2895 neque
1480 2851 1696 2894 exspectare,
1716 2841 1828 2880 donec
1846 2856 1884 2881 re
1901 2843 1979 2896 ipsa
1994 2845 2056 2884 irae
2067 2846 2165 2885 illius
2190 2877 2193 2879 >

1213 2905 1414 2958 periculum
1435 2903 1621 2953 faciamus,
1641 2911 1678 2939 ut
1698 2911 1783 2941 tunc
1801 2903 2051 2957 humiliemur,
2074 2917 2166 2946 utne

1213 2976 1248 3005 et
1268 2966 1313 3005 de
1331 2965 1435 3004 nobis
1455 2964 1612 3010 dicatur,
1632 2963 1728 3001 Cam
1746 2965 1934 3003 occideret
1958 2980 2036 3013 eos,
2073 2977 2164 3007 tunc
2180 2977 2268 3006 psal.
2294 2987 2343 3018 75.

1211 3029 1462 3081 inquirebant
1477 3038 1577 3064 eum.
1601 3024 1691 3062 Cum
1714 3024 1826 3076 igitur
1839 3025 2046 3078 adjumento
2064 3030 2164 3068 nobis
2179 3017 2229 3057 3⁷3.

1211 3103 1307 3127 nunc
1326 3087 1371 3126 sit
1398 3085 1527 3139 jejunii
1553 3093 1706 3136 tempus,
1747 3085 1935 3137 carissimi,
1967 3102 2087 3127 omnes
2119 3090 2165 3128 ad

1213 3148 1464 3188 consessionem
1484 3154 1707 3198 peccatorum
1727 3154 1927 3185 nostrorum
1943 3149 2161 3202 festinemus,
2215 3179 2366 3208 confes-io

1212 3221 1245 3250 et
1259 3210 1305 3249 ab
1327 3208 1421 3247 omni
1441 3206 1578 3246 malitia
1593 3206 1823 3258 abstinentes,
1842 3223 2068 3248 exerceamus
2090 3212 2163 3250 vir—

1213 3282 1305 3311 tutes
1319 3284 1453 3309 omnes.
1478 3269 1570 3307 Nam
1592 3267 1641 3306 sic
1657 3277 1692 3306 et
1709 3267 1834 3307 beatus
1851 3271 2022 3323 propheta
2042 3274 2161 3311 David
2178 3272 2254 3289 “¹¹⁸''

1205 3399 1216 3412 ³
1236 3388 1295 3419 Alii
1314 3392 1357 3420 ἔτι
1374 3391 1458 3419 ὅταν.

2236 3229 2368 3257 peccatu-
