2516 3791
680 154 721 187 IN
758 155 859 188 CAP.
898 155 1063 186 ΧΧΧΙΙΙ.

124 248 211 288 ἀλλὰ
249 245 381 288 δεικνὺς
414 243 498 290 ὅσην
533 247 685 281 ποιεῖται
728 240 883 286 σπουδὴν
920 243 981 278 τοῦ
1012 238 1141 289 εὖμενῆ

124 309 226 347 αὐτὸν
244 307 350 359 ἔχειν,
371 303 492 357 φησίν·
520 304 563 341 1·ζῖ
586 301 718 356 εὕρηκα
737 301 841 354 χάριν
871 299 1025 339 ἐναντίον
1056 314 1138 344 σου,

122 368 213 413 δέξαι
230 367 275 406 τὰ
294 368 389 418 δῶρα
408 367 447 404 ἐκ
478 366 547 402 τῶν
566 366 693 417 χειρῶν
714 377 794 414 μου.
814 361 961 400 Ἵίνεκεν
977 359 1045 413 γὰρ
1057 360 1140 398 τού-

121 446 179 468 του
196 422 284 467 εἶδον
305 428 345 466 τὸ
360 425 546 479 πρόσωπόν
569 440 654 470 σου,
676 427 722 468 ὡς
742 424 783 461 ἄν
803 440 855 467 τις
874 423 941 462 ἴδοι
956 421 1142 474 πρόσωπον

119 493 224 530 Θεοῦ.
244 489 371 536 Δέξαι,
391 488 494 540 φησὶ,
512 486 556 525 τὰ
568 489 651 539 παρ’
673 488 757 537 ἐμοῦ
781 501 836 523 σοι
851 486 946 537 δῶρα
964 483 1140 535 προσαγό-

120 567 218 602 μενα.
239 549 340 589 Μετὰ
365 549 537 595 τοσαύτης
565 547 633 600 γὰρ
653 545 881 601 περιχαρείας
910 539 999 584 εἶδόν
1020 560 1080 583 σου
1102 543 1143 581 τὸ

119 613 318 664 πρόσωπον,
347 612 422 662 μεθ’
453 609 535 657 ὅσης
565 609 606 647 ἄν
638 625 690 653 τις
719 608 786 647 ἴδοι
817 608 868 646 Os
856 611 909 645 εοῦ
939 605 1140 658 πρόσωπον.

117 674 230 712 Τοῦτο
251 671 436 725 θεραπείας
454 672 587 716 πολλῆς
609 669 710 708 ἕνεκα
731 667 854 720 ἐῤῥέθη
887 666 984 720 παρὰ
1001 671 1061 706 τοῦ
1089 668 1142 705 δι-

118 734 236 781 καίου,
257 733 348 772 ὥστε
364 733 466 771 αὐτὸν
486 731 756 781 καταμαλάξαι,
775 728 835 766 καὶ
857 727 941 780 πρὸς
958 727 1023 775 τὴν
1040 729 1141 767 ἀδελ-

121 794 225 846 φικὴν
241 793 374 832 εὔνοιαν
397 795 552 845 ἀγαγεῖν.
574 791 644 830 Καὶ
664 790 863 836 εὖδοκήσεις
882 804 945 838 με,
966 788 1043 827 ἀντὶ
1057 793 1118 828 τοῦ
1132 821 1141 838 ,

116 855 155 892 τὸ
175 855 320 908 ἀρέσκον
340 869 399 905 μοι
418 853 587 899 ποιήσεις.
604 851 702 891 Aut&
722 850 836 889 τοίνυν
865 849 928 894 τὰς
958 851 1139 903 εὐλογίας,

114 915 153 958 ἃς
173 914 322 968 ἐνήνοχά
342 930 418 959 σοι,
437 913 490 951 ὅτι
516 911 646 959 ἠλέησέ
674 927 718 963 με
747 915 765 950 ὁ
779 912 869 955 Θεὸς
884 942 893 959 ,
911 911 970 949 καὶ
987 911 1060 950 ἔστι
1080 929 1139 964 μοι

114 976 240 1016 πάντα.
275 975 337 1023 Μὴ
365 974 589 1028 παραιτήσῃ,
620 973 724 1026 φησὶ,
753 973 887 1012 λαὸεῖν.
918 974 1041 1012 Ταῦτα
1072 973 1140 1029 γὰρ

113 1038 227 1076 πάντα
245 1036 342 1090 παρὰ
361 1041 421 1075 τοῦ
440 1038 532 1075 Θεοῧ
550 1050 609 1086 μοι
629 1034 845 1088 δεδώρηται,
875 1034 934 1073 καὶ
961 1034 1063 1078 αὐτός
1081 1051 1140 1086 μοι

113 1100 244 1138 τούτων
282 1100 445 1138 ἁπάντων
486 1098 637 1150 χορηγὸς
663 1097 863 1149 γεγένηται.
903 1096 971 1135 Διὰ
1009 1097 1139 1136 τούτων

114 1159 231 1212 ἠρέμα
246 1162 404 1198 κάκεῖνον
433 1162 446 1178 ³
459 1157 652 1205 ἐδίδασκεν,
673 1156 756 1203 ὅσης
785 1155 942 1200 ἀξιοῦται
962 1159 1025 1203 τῆς
1041 1157 1138 1210 παρὰ

113 1224 173 1258 τοῦ
199 1221 293 1258 Θεοῦ
330 1218 514 1272 προνοίας,
545 1217 603 1256 καὶ
641 1216 878 1271 παρεσκεύαζε
907 1217 1041 1264 πολλὴν
1073 1218 1137 1265 τὴν

110 1281 191 1335 περὶ
210 1281 311 1319 αὐτὸν
338 1281 424 1318 αἰδῶ
439 1278 711 1318 ἐπιδείκνυσθαι.
734 1278 802 1317 Καὶ
820 1278 1062 1330 παρεὸιάσατο
1078 1282 1137 1318 αὗ-

111 1343 183 1390 τὸν,
216 1342 276 1381 καὶ
305 1342 443 1380 ἔλαὸεν.
475 1340 573 1393 εὈρα
601 1340 722 1379 λοιπὸν
747 1339 811 1387 τὴν
840 1341 1050 1392 μεταὸολήν.
1067 1341 1138 1380 Καὶ

1103 152 1265 184 GENES.
1304 153 1460 185 nomn..
1502 153 1627 185 Lvm.

2080 144 2169 206 (357

1215 237 1290 289 ejus
1319 251 1423 276 omne
1448 237 1608 275 officium
1637 251 1743 275 suum
1777 238 1968 277 declarare.
2001 240 2036 277 f).
2060 244 2169 280 Ι)ι’.ι·ι“ι

1214 298 1457 349 enim,inquit‚
1472 299 1567 338 Sunt
1583 300 1680 337 mihi
1696 299 1835 345 multa,
1852 301 1993 351 frater,
2009 305 2084 339 sine
2101 306 2170 339 tibi

1215 369 1293 397 tua.
1312 361 1448 398 Verum
1464 375 1576 412 neque
1594 361 1661 400 hoc
1675 361 1833 414 permisit
1847 363 1970 411 Jacob,
1988 362 2047 400 sod
2070 377 2168 402 mon-

1215 430 1328 458 strans
1362 422 1483 473 quanti
1523 422 1626 460 {aciat
1666 424 1742 475 ejus
1778 423 1996 473 amicitiam,
2032 424 2167 475 inquit:

1216 483 1278 518 10.
1299 483 1339 520 Si
1357 485 1490 520 inveni
1502 487 1674 535 gratiam
1695 498 1826 522 coram
1848 494 1897 530 te,
1917 488 2050 537 accipe
2065 487 2171 523 dona

1215 544 1263 581 de
1281 546 1459 581 manibus
1480 548 1585 582 meis.
1607 547 1710 582 Nam
1726 554 1883 597 propter·
1899 547 1971 584 hoc
1985 547 2169 584 videbam

1211 605 1357 656 faciem
1389 613 1512 650 tuam,
1538 609 1652 657 quasi
1675 607 1820 658 aliquis
1852 609 1985 645 videat
2014 609 2169 645 ‘vultum

1167 675 1190 704 E
1215 666 1304 703 Dei.
1331 665 1474 717 Accipe,
1492 666 1728 716 inquit‚‹loua
1751 682 1829 718 quw.
1856 683 1875 705 a
1906 683 1961 706 me
1992 669 2056 706 tibi
2082 669 2168 707 osse-

1215 735 1354 764 runtur.
1371 727 1464 764 Cum
1488 735 1580 764 tanta
1599 729 1693 765 euim
1709 729 1933 779 jucundiiate
1953 729 2025 767 vidi
2043 729 2169 767 faciem

1215 797 1326 835 tuam,
1348 802 1427 826 cum
1447 797 1579 839 quanta
1598 789 1678 840 quis
1701 789 1832 828 viderit
1852 791 1916 828 Dei
1938 791 2073 828 faciem.
2094 791 2169 830 Hoc

1214 849 1333 900 magni
1362 849 1519 900 obsequii
1549 850 1661 902 gratia
1697 850 1833 889 dictum
1864 861 1915 890 est
1950 867 1968 889 a
2000 854 2109 904 justo,
2130 862 2169 890 ut

1212 923 1294 948 eum
1312 909 1544 956 demulceret,
1565 921 1597 949 et
1617 911 1663 949 ad
1681 912 1870 951 fraternam
1887 913 2167 951 benevolentiam

1212 970 1366 1009 duceret.
1389 974 1424 1010 E
1429 981 1442 1011 c
1458 973 1741 1024 beneplacitum
1755 975 2002 1026 milzisacies,
2017 975 2083 1012 hoc
2101 984 2166 1022 est,

1214 1032 1370 1070 Gratum
1391 1032 1481 1070 mihi
1501 1033 1618 1071 facies.
1634 1036 1648 1072 ·1
1662 1035 1675 1071 1
1689 1064 1695 1071 .
1709 1034 1856 1087 Accipe
1874 1038 1993 1087 igitur
2009 1038 2162 1074 benedi-

1212 1096 1357 1132 ctiones
1382 1108 1479 1147 quas
1514 1095 1632 1133 attuli
1665 1098 1749 1142 tibi,
1775 1099 1870 1149 quia
1899 1100 2077 1135 misertus
2112 1107 2167 1136 est

1212 1158 1286 1192 mei
1304 1157 1427 1202 Deus,
1450 1164 1487 1193 et
1507 1164 1597 1193 sunt
1620 1158 1716 1193 mihi
1734 1159 1880 1194 omnia.
1906 1158 1961 1194 Ne
1979 1156 2165 1204 detrectes,

1211 1215 1348 1266 inquit,
1374 1216 1543 1268 accipere.
1565 1216 1650 1254 Haec
1677 1217 1771 1254 enim
1805 1217 1923 1255 omnia
1939 1232 1958 1255 a
1978 1219 2054 1256 Deo
2078 1219 2167 1258 mihi

1211 1275 1342 1314 donata
1361 1286 1454 1325 sunt,
1469 1286 1502 1314 et
1524 1277 1584 1315 hic
1600 1277 1690 1315 mihi
1708 1277 1836 1315 horum
1857 1278 2018 1317 omnium
2038 1294 2166 1334 suppe-

1211 1337 1344 1375 ditator
1374 1339 1490 1376 sactus
1520 1347 1584 1376 est.
1615 1339 1684 1376 Per
1715 1353 1794 1390 quae
1827 1339 1966 1392 placide
1998 1350 2031 1379 et
2063 1343 2166 1381 illum

111 1396 206 1442 εἶπεν
240 1403 374 1441 Ἡσαῦ.
397 1401 594 1454 ἀπάραντες
624 1400 876 1453 πορευσώμεθα
902 1403 958 1439 ἐπ’
987 1404 1197 1450 εὖθεῖαν,568
1211 1399 1346 1449 docuit,
1365 1409 1497 1451 quanta
1525 1413 1607 1452 erga
1637 1413 1674 1438 se
1703 1400 1809 1439 suerit
1837 1401 1904 1440 Dei
1931 1402 2166 1455 providentia,

112 1465 188 1503 ἀντὶ
216 1468 297 1512 τοῦ,
313 1464 433 1502 λοιπὸν
454 1465 551 1512 κοινῇ
580 1461 810 1514 ποιησώμεθα
838 1462 900 1510 τὴν
926 1464 1136 1518 ὁδοιπορίαν,

110 1524 182 1565 Ι’Ὁ
199 1525 236 1565 δὲ
267 1527 375 1572 αἰτεῖ,
395 1524 568 1576 πρόφασιν
595 1523 734 1576 εὔλογον
763 1523 1005 1580 εὑρηκώς-.“Ο
1020 1525 1137 1578 κύριός

110 1603 196 1637 μου,
216 1586 319 1639 φησὶ,
337 1585 522 1637 γινώσκει,
541 1584 594 1623 ὅτι
612 1584 658 1623 τὰ
678 1584 804 1624 παιδία
822 1584 1052 1638 ἁπαλώτερα,
1075 1587 1135 1626 καὶ

108 1647 153 1686 τὰ
168 1647 331 1701 πρόὸατα
341 1647 400 1686 καὶ
412 1650 448 1686 αἱ
464 1646 540 1698 βόες
551 1645 771 1698 λοχεύονται·
787 1646 846 1684 ἐὰν
858 1640 917 1685 οῧν
927 1647 1134 1692 καταδιώξω

110 1707 344 1760 αὖτὰὴμέραν
363 1708 461 1760 μίαν,
484 1709 750 1746 ἀποθανοῦνται.
770 1709 824 1745 Οὐ
842 1706 1012 1758 δύναμαι,
1028 1709 1132 1761 φησὶ,

110 1768 372 1821 συντομώτερον
390 1767 710 1816 ποιήσασθαιτὴν’
691 1769 835 1819 αποόημ
810 1767 907 1816 μί,αν
924 1769 1002 1807 ἀλλ’
1017 1769 1134 1822 ἠρεμα

108 1846 167 1868 και
183 1830 275 1868 κατὰ
299 1830 423 1882 μικρὸν
454 1830 699 1882 ἀναγκάζομαι
727 1830 920 1883 ὁδοιπορεῖν
941 1830 998 1868 διά
1021 1847 1058 1869 τε
1089 1831 1134 1870 τὰ

109 1891 234 1929 παιδία
264 1891 324 1928 καὶ
352 1890 397 1930 τὰ
426 1890 589 1941 ποίμνια,
612 1906 703 1929 ωστε
737 1889 786 1941 μὴ
821 1891 1055 1944 διαφθαρῆναι
1083 1896 1134 1932 τῶ

109 1951 264 2004 πλείστῳ
286 1952 449 2004 καμάτῳ.
461 1951 617 2003 Πορεύου
641 1955 712 1997 οὐν,
735 1967 851 2004 φησιν,
873 1953 990 2001 αὐτὸς,
1010 1953 1080 2006 ἐγω
1099 1954 1134 1993 δὲ

108 2013 200 2052 κατὰ
220 2014 322 2067 μέρος
342 2013 619 2066 ὑποτεμνόμενος
639 2016 707 2051 τῶν
728 2013 877 2052 παιδίων
899 2014 956 2052 τὸν
977 2014 1133 2066 κάματον

109 2074 167 2111 καὶ
197 2076 266 2112 τῶν
300 2076 486 2127 ποιμνίων,
520 2074 610 2112 οὕτω
644 2074 898 2127 καταλήψομαί
926 2091 964 2114 σε
990 2078 1038 2120 εἷς
1070 2076 1132 2124 τὴν

108 2134 229 2188 Σηείρ.
251 2136 375 2175 Ταῦτα
406 2136 557 2180 ἀκούσας
577 2138 596 2173 ὁ
622 2136 786 2188 ἀδελφὸς,
807 2136 851 2174 Εἰ
873 2135 1006 2187 βούλει,
1026 2138 1132 2190 φησὶ,

107 2196 311 2235 καταλείπω
333 2196 429 2240 τινὰς
450 2199 518 2235 τῶν
538 2196 598 2235 σὺν
621 2195 700 2247 ἐμοὶ
726 2195 815 2247 μετὰ
834 2201 895 2235 σοῦ
908 2227 917 2245 ,
933 2199 1066 2245 πολλῆς
1079 2215 1131 2236 τι-

107 2259 177 2306 μῆς
191 2257 252 2296 καὶ
273 2258 459 2310 θεραπείας
485 2257 545 2296 καὶ
570 2262 671 2297 τοῦτο
689 2259 817 2309 δεῖγμα
844 2258 1061 2310 ποιούμενος.
1085 2259 1131 2299 Ὁ

107 2316 142 2355 δὲ
172 2318 249 2356 οὐδὲ
279 2334 381 2358 τουτο
413 2318 665 2371 καταδέχεται·
694 2318 808 2371 Ἀρκεῖ
843 2334 920 2370 μοι,
939 2335 1057 2372 φησιν,
1076 2321 1131 2360 οτι

105 2373 250 2421 ὅλως
214 2382 311 2430 εὗρον
343 2379 448 2431 χάριν
467 2378 621 2418 ἐναντίον
642 2395 714 2418 σου.
732 2379 849 2418 Ἰοῦτό
878 2395 938 2431 μοι
968 2385 1011 2428 ἠν
1032 2398 1130 2434 περι-

107 2438 334 2488 σπούδαστον,
357 2441 397 2479 τὸ
425 2441 552 2491 εὖμενῆ
580 2455 619 2479 σε
652 2443 775 2494 εὑρεῖν.
795 2441 898 2480 Ἐπεὶ
930 2445 989 2480 οὐν
1008 2443 1129 2482 τούτου

105 2498 274 2551 ἐπέτυχον
287 2530 297 2549 ,
313 2501 447 2544 οὐδενὸς
461 2501 577 2553 ἑτέρου
595 2500 729 2552 δέομαι.
750 2501 820 2541 Καὶ
835 2502 975 2556 ἀπάρας
985 2534 996 2552 ‚
1012 2504 1129 2557 φησὶν,

105 2558 236 2599 ’lambe
268 2562 428 2610 ἐποίησεν
461 2565 576 2616 ἑαυτῷ
605 2562 737 2610 σκηνὰς
771 2563 831 2602 καὶ
863 2570 935 2610 τοῖς
968 2566 1129 2615 κτήνεσιν

106 2620 208 2659 αὐτοῦ
222 2637 230 2645 ·
252 2621 308 2660 διὰ
328 2626 430 2662 τοῦτο
449 2623 593 2663 ἐκάλεσε
607 2624 665 2663 τὸν
685 2623 804 2674 τόπον,
824 2626 962 2673 σκηναί.

155 2927 277 2964 Ταυτα
298 2926 333 2963 δὲ
354 2926 534 2970 ἀκούοντες
552 2927 742 2978 μιμώμεθα
763 2928 820 2966 τὸν
841 2928 974 2968 δίκαιον
993 2933 1126 2976 τοῦτον,

103 3001 160 3024 και
186 2986 358 3032 τοσαύτην
379 2986 675 3037 ἐπιδεικνυώμεθα
706 2989 1042 3042 ταπεινοφροσύνην·
1068 2991 1126 3028 καὶ

102 3040 283 3085 ἐπειδὰν
258 3047 324 3086 ωσί
343 3063 432 3091 τινες
451 3048 537 3099 πρὸς
555 3051 651 3098 ἡμᾶς
680 3050 796 3096 ἀηδῶς
816 3050 1051 3101 διακείμενοι,
1075 3052 1124 3102 μὴ

102 3107 157 3145 ἐπὶ
177 3107 320 3146 πλέον’
305 3107 507 3159 εξάπτωμεν
527 3124 584 3146 τον
604 3109 726 3159 θυμὸν,
747 3109 837 3149 ἀλλὰ
855 3113 898 3163 τῇ
918 3113 1067 3163 πολλῇ’
1053 3129 1126 3151 επι-

100 3167 208 3218 εικείᾳ
227 3169 286 3205 καὶ
306 3171 348 3218 τῇ
380 3169 678 3221 ταπεινοφροσύνῃ
694 3200 703 3217 ,
723 3172 766 3221 τῇ
799 3171 854 3209 διὰ
880 3172 1060 3222 ῥημάτων,
1081 3177 1124 3225 τῇ

144 3317 155 3330 ·
173 3307 224 3337 lta
251 3319 304 3340 sex
331 3309 427 3349 Mum
454 3310 555 3343 Savil.
579 3321 690 3345 autem
713 3322 744 3346 et
768 3313 881 3347 Mon-ct.
910 3317 1105 3350 ἑπεὸιῦασκευ.

102 3357 165 3391 scd
183 3359 297 3392 melius
314 3361 477 3404 quadrare
496 3363 624 3397 videtur
641 3367 708 3398 siue
725 3368 968 3411 praepositione,
989 3378 1020 3401 ιιι
1050 3369 1104 3401 lm-

1163 1465 1187 1493 Α
1211 1470 1243 1500 et
1264 1461 1380 1500 effecit
1395 1470 1434 1499 ut
1454 1475 1619 1513 magnam
1631 1461 1698 1500 sibi
1711 1463 1944 1501 reverentiam
1964 1464 2162 1503 exhiberet.

1209 1526 1264 1562 Et
1291 1527 1414 1576 coegit
1437 1538 1539 1571 eum,
1558 1532 1595 1562 et
1626 1527 1787 1576 accepit.
1810 1524 1906 1565 Vide
1925 1539 2019 1564 nunc
2043 1536 2163 1565 muta-

1208 1586 1352 1624 tionem.
1374 1587 1429 1624 Et
1460 1587 1560 1623 dixit
1593 1586 1703 1623 Esait'
1723 1601 1734 1621 .·
1757 1588 1933 1637 Profecti
1951 1601 2084 1626 eamus
2121 1591 2162 1626 in

1207 1656 1353 1685 rectam
1376 1663 1386 1682 :
1406 1647 1474 1685 hoc
1503 1655 1579 1693 est,
1608 1647 1714 1684 Nunc
1744 1647 1852 1684 simul
1883 1647 1948 1685 iter
1977 1649 2160 1688 faciamus.

1206 1705 1271 1744 Ille
1291 1714 1411 1743 autem
1431 1713 1595 1743 causatus
1613 1705 1801 1743 honestum
1817 1715 2029 1758 praetextum
2050 1724 2057 1744 ε
2079 1710 2161 1747 Do-

1207 1770 1334 1806 minus
1353 1780 1472 1813 meus,
1497 1766 1625 1817 inquit,
1644 1770 1716 1805 scic
1739 1768 1938 1820 quodfilt'i
1968 1773 2044 1807 mei
2059 1779 2161 1809 tene—

1205 1831 1338 1875 riores,
1355 1837 1391 1866 et
1421 1841 1508 1866 oves
1537 1837 1572 1866 ec
1605 1830 1716 1867 boves
1742 1830 1850 1881 soetoe
1868 1832 1947 1868 sint
1965 1846 1976 1866 :
1995 1833 2029 1868 si
2044 1834 2164 1883 igitur

1205 1892 1314 1943 sequi
1329 1903 1376 1927 ea
1394 1903 1531 1942 cogam
1546 1903 1622 1927 ιιηο
1640 1890 1716 1936 die,
1737 1893 1961 1929 morientur.
1980 1892 2059 1930 Non
2082 1907 2162 1945 pos-

1205 1963 1299 1999 sum,
1321 1950 1448 2002 inquit,
1470 1950 1697 1988 acceleratius
1725 1951 1838 1989 faeere
1871 1951 1947 2001 iter,
1965 1952 2026 1990 sed
2055 1967 2163 2005 cogor

1204 2011 1297 2051 lente
1313 2021 1346 2050 et
1363 2011 1584 2064 pedetentim
1603 2011 1784 2064 progredi,
1806 2022 1879 2051 tam
1907 2023 2052 2066 propter
2070 2030 2162 2068 pue—

1205 2087 1262 2111 ros
1277 2088 1383 2125 quam
1400 2083 1546 2127 propter
1560 2074 1728 2126 pecude5‚
1750 2084 1789 2112 ut
1808 2088 1879 2113 non
1898 2075 2021 2114 labore
2039 2077 2135 2129 pluri
2142 2102 2157 2107 -

1203 2148 1271 2183 mo,
1281 2144 1435 2187 pereant.
1451 2134 1555 2174 Vade
1580 2135 1703 2187 igitur,
1724 2135 1851 2187 inquit,
1866 2144 1905 2174 tu
1924 2152 1931 2172 :
1950 2151 2014 2188 ego
2044 2147 2163 2176 autem

1203 2208 1349 2246 parcens
1363 2194 1476 2232 labori
1491 2208 1683 2246 puerorum
1699 2204 1732 2233 et
1744 2195 1940 2248 pecudum,
1954 2198 2162 2236 conveniam

1204 2264 1236 2293 te
1261 2255 1296 2293 in
1323 2255 1414 2294 Se‘l'r.
1437 2255 1581 2303 Quibus
1606 2255 1738 2295 auditis
1762 2257 1871 2295 srater
1890 2287 1901 2307 ‚
1924 2258 1985 2296 15.
2019 2259 2060 2297 Si
2083 2262 2160 2305 vis,

1154 2327 1177 2357 B
1203 2314 1334 2366 inquit⁷
1353 2315 1577 2368 relinquam
1600 2315 1755 2367 aliquos
1777 2329 1949 2353 meorum
1978 2317 2084 2368 apud
2111 2326 2160 2354 te.

1202 2375 1371 2414 Faciebat
1386 2375 1454 2414 hoe
1473 2375 1509 2413 in
1532 2375 1675 2428 signum
1689 2376 1809 2427 magni
1828 2376 1974 2415 honoris
1986 2387 2020 2416 et
2038 2378 2162 2416 officii.

1202 2436 1267 2476 Ille
1299 2446 1417 2475 autem
1453 2436 1547 2475 nihil
1581 2437 1650 2475 tale
1685 2437 1820 2490 accepit
1845 2454 1853 2474 :
1876 2439 2032 2491 Sufficit
2068 2439 2161 2476 enim

1202 2499 1312 2543 mihi,
1327 2497 1456 2550 inquit,
1475 2499 1580 2551 quod
1594 2511 1686 2535 vere
1703 2501 1835 2536 inveni
1845 2502 2015 2551 graciam
2029 2514 2161 2538 coram

1202 2567 1249 2597 te.
1269 2559 1346 2597 Hoc
1377 2573 1489 2597 unum
1525 2559 1615 2597 mihi
1651 2573 1744 2597 curae
1771 2568 1856 2607 erat,
1875 2569 1914 2596 ut
1938 2560 2094 2598 amicum
2127 2571 2162 2599 tc

1202 2609 1409 2660 invenirem.
1428 2619 1607 2667 Quoniam
1625 2621 1735 2671 igitur
1749 2620 1817 2657 hoc
1833 2630 2043 2671 assequutus
2062 2636 2157 2671 sum,

1201 2695 1270 2720 non
1298 2681 1444 2719 alterius
1464 2680 1664 2733 cujuspiam
1691 2679 1844 2731 indigeo.
1870 2683 1931 2719 17.
1953 2683 2007 2720 Et
2030 2684 2159 2735 prose-

1200 2751 1298 2789 ctus,
1315 2742 1442 2793 inquit,
1456 2743 1582 2780 Jacob
1601 2742 1699 2794 fecit
1727 2744 1801 2780 sibi
1825 2745 1899 2794 ipsi
1917 2752 1953 2780 et
1971 2745 2160 2796 jumentis

1200 2806 1278 2841 suis
1305 2803 1565 2840 tabernacula
1583 2811 1810 2854 :propterea
1826 2807 2000 2843 ,νοοανὶε
2033 2805 2158 2844 locum

1200 2865 1327 2910 illum,
1353 2864 1641 2901 Tabernacula.

1254 2927 1289 2964 5.
1320 2925 1404 2964 Haec
1423 2925 1607 2963 audientes
1628 2925 1961 2980 imitemurjustum
1987 2929 2106 2979 illum,
2125 2938 2360 2978 animamqu-

1199 2986 1360 3025 eamdem
1385 2987 1617 3025 exhibeamus
1644 2986 1886 3027 humilitatem
1909 2989 2052 3029 animi·
2073 3001 2106 3030 et
2128 2992 2156 3030 si

1150 3062 1174 3093 c.
1200 3049 1259 3100 qui
1277 3058 1358 3087 sunt
1379 3049 1441 3100 qui
1461 3049 1553 3086 male
1571 3062 1653 3099 erga
1673 3063 1737 3087 nos
1755 3050 1972 3100 afficiantur,
1992 3067 2060 3091 non
2084 3067 2154 3092 ma-

1199 3111 1253 3163 gis
1269 3124 1390 3148 eorum
1404 3108 1664 3148 accendamus
1654 3124 1756 3159 iram,
1772 3111 1833 3150 sed
1851 3127 1977 3164 magna
1994 3128 2154 3152 mansue-

1200 3171 1323 3210 tudine
1335 3180 1367 3209 οι
1384 3170 1586 3208 humilitate
1601 3179 1671 3209 tam
1684 3172 1875 3211 verborum
1886 3188 1992 3225 quam
2008 3189 2153 3227 operum

1145 3317 1223 3349 bcnt
1239 3318 1312 3349 ,ΣΙ-ε,

1186 3371 1200 3393 ¹·
1214 3369 1329 3413 [savit.
1346 3375 1358 3405 ἐι
1378 3373 1390 3403 -3

1396 3385 1405 3402 -:
1425 3386 1550 3415 1212er
1542 3387 1578 3404 ι
1598 3379 1659 3406 alt
1664 3388 1682 3405 ι
1701 3373 1799 3404 Cois!
1896 3384 1942 3406 art
1948 3389 1985 3407 ι
1991 3389 2029 3407 Α(
2051 3389 2104 3407 *rm

2173 2983 2199 3009 1

2195 2993 2263 3018 »ἕης
