2483 3791
315 181 376 225 92
739 178 778 208 s,
814 177 993 209 soANMS

312 260 415 299 vmodi
431 269 514 299 sunt
532 260 625 299 oculi
645 260 869 313 spirituales:
884 274 997 312 neque
1017 261 1112 299 enim
1128 268 1267 297 tantum

313 330 480 374 praestare
507 331 652 374 possunt
674 322 873 374 corporales
898 321 938 359 hi
963 320 1070 370 oculi,
1089 320 1152 370 qui
1176 319 1265 358 visi·

313 382 399 420 bilia
429 391 590 432 cernunt,
617 391 791 433 quantum
820 382 916 419 oculi
947 380 1107 432 spiritus,
1134 378 1197 428 qui
1226 392 1266 415 ea

314 457 392 494 quae
411 457 482 481 non
499 443 667 482 videntur
685 456 800 492 neque
815 441 1027 488 subsistunt,
1040 439 1166 477 videre
1183 452 1266 490 pos-

312 512 404 541 sunt.
427 503 541 554 Igitur
570 511 611 539 ut
636 501 745 550 dixit,
763 501 987 539 Masculum
1013 507 1050 537 et
1071 500 1267 552 seminam

306 564 405 615 fecit
431 564 533 609 illos,
553 561 654 613 quasi
680 561 822 612 utrique
846 560 1128 598 benedictionem
1154 558 1266 607 daret,

314 623 403 662 dicit
427 639 435 660 z
463 625 517 662 Et
541 623 737 661 benedixit
764 623 846 661 illis
869 624 987 673 Deus,
1004 623 1149 668 dicens,
1171 622 1263 659 Cre-

310 686 422 733 scite,
443 692 481 721 et
509 684 825 735 multiplicamini
831 713 843 731 ,
860 692 896 721 et
926 684 1082 735 implete
1102 691 1260 728 terram,
1288 694 1314 724 Ι)

309 753 347 782 et
365 746 630 782 dominamini
647 745 723 793 illi,
737 753 775 782 et
791 747 978 796 imperate
991 736 1159 795 piscibus
1181 756 1266 781 ma—

308 807 375 842 ris.
396 805 488 843 Eece
515 819 624 856 quam
646 804 802 843 eminens
826 804 1040 842 benedictio.
1063 805 1155 842 Nam
1180 804 1262 852 hoc,

311 867 493 913 Crescite,
505 874 543 904 et
553 867 886 918 multiplicamini,
896 874 934 904 et
943 866 1098 917 implete
1108 874 1264 914 terram,

309 927 415 964 etiam
431 926 476 965 de
493 927 610 965 brutis
625 927 856 976 animalibus,
871 936 905 965 et
921 927 1108 979 reptilibus
1127 927 1265 964 dictum

307 997 358 1027 est
373 1005 380 1025 :
395 988 469 1038 sed,
490 990 775 1035 Dominamini,
795 997 832 1025 et
851 991 1051 1039 imperate,
1070 987 1115 1025 de
1133 988 1212 1026 viro
1231 996 1264 1024 et

305 1050 455 1087 muliere
483 1049 635 1088 dietum.
670 1049 766 1088 Vide
789 1048 1047 1099 benignitatem
1078 1048 1225 1086 Domini
1255 1063 1264 1084 z

304 1120 493 1162 antequam
519 1110 704 1148 mulierem
724 1109 914 1162 producat,
936 1108 1147 1161 participem
1163 1108 1263 1146 illam

303 1171 388 1209 facit
410 1171 565 1223 imperii,
584 1180 618 1209 et
644 1169 899 1209 benedictionis
922 1170 1057 1208 honore
1075 1169 1259 1221 dignatur.

304 1237 357 1274 Et
377 1239 574 1288 imperate,
595 1235 658 1284 ait,
677 1237 844 1287 piscibus
867 1237 1000 1281 maris,
1024 1243 1062 1272 et
1081 1235 1264 1272 volatili-

305 1298 373 1334 bus
397 1297 499 1344 eceli,
519 1305 556 1334 et
581 1298 759 1334 omnibus
777 1297 991 1347 pecoribus,
1017 1303 1055 1333 et
1075 1298 1264 1334 universae

303 1366 428 1404 terroe,
455 1367 490 1396 et
513 1360 690 1395 omnibus
709 1357 926 1409 reptilibus,
941 1371 1026 1409 quoe
1044 1365 1182 1409 repunt
1201 1371 1263 1396 su·
1286 1363 1312 1394 E

302 1433 372 1471 per
389 1427 544 1457 terram.

357 1482 397 1520 5.
428 1479 565 1520 Vidisti
587 1478 864 1517 inenarrabilem
887 1479 1121 1530 potestatem?
1141 1478 1265 1518 vidisti

304 1541 529 1594 principatus
539 1539 979 1592 magnitiidinem?vidisti
994 1539 1134 1577 condita
1146 1541 1265 1578 omnia

305 1602 373 1639 sub
407 1602 518 1653 hujus
546 1609 755 1653 potestatem
788 1599 954 1637 redacta?
988 1600 1088 1638 Nihil
1116 1601 1265 1653 posthac

305 1662 480 1701 mediocre
507 1662 551 1700 de
580 1661 745 1700 rationali
771 1661 839 1699 hoc
867 1661 1013 1699 animali
1040 1662 1262 1713 imagineris,

306 1723 368 1761 sed
397 1724 515 1774 cogita
542 1722 690 1760 honoris
722 1721 1026 1773 magnitudinem,
1053 1732 1087 1760 et
1118 1723 1266 1761 Domini

305 1798 388 1836 erga
421 1782 515 1821 illud
546 1782 852 1831 benevolentiam,
887 1782 1136 1834 obstupescens
1168 1784 1266 1821 illius

305 1845 516 1882 immensam
543 1853 577 1881 et
606 1843 883 1881 inenarrabilem
914 1843 1181 1895 benignitatem.
1202 1845 1264 1882 29.

307 1907 361 1944 Et
381 1907 480 1943 dixit
494 1906 601 1942 Deus
620 1920 631 1940 .-
649 1905 754 1942 Ecce
775 1904 864 1941 dedi
878 1906 989 1942 vobis
1010 1918 1162 1942 omnem
1185 1907 1267 1943 ber-

309 1969 399 2006 bam
419 1969 607 2011 sativam,·
626 1967 823 2004 seminans
844 1979 974 2003 semen
990 1967 1096 2017 quod
1123 1975 1181 2004 est
1204 1980 1267 2005 su·
1286 2001 1318 2024 77

305 2042 373 2080 per
393 2037 535 2066 terram
553 2042 564 2063 .·
581 2035 617 2064 et
636 2040 750 2063 omne
765 2025 927 2077 lignum,
949 2028 1054 2078 quod
1082 2028 1200 2065 babet
1225 2030 1267 2064 in
1291 2037 1316 2066 Α

308 2091 432 2140 seipso
441 2090 624 2141 fructum
649 2089 807 2124 seminis
832 2090 962 2133 sativi,
987 2090 1098 2126 vobis
1126 2091 1199 2126 erit
1226 2091 1267 2126 in

310 2152 452 2195 cibum,
468 2149 532 2186 50.
553 2156 589 2185 et
604 2147 887 2199 omnibztsferis
908 2156 1029 2196 terroe,
1043 2156 1080 2185 et
1093 2151 1267 2186 omnibus

310 2211 543 2249 volatilibus
560 2209 660 2255 eceli,
680 2216 718 2246 et
737 2210 841 2245 omni
856 2205 988 2259 reptili
1001 2212 1144 2260 repenti
1159 2223 1269 2260 super

311 2279 467 2315 terram,
485 2269 588 2321 quod
615 2269 732 2305 habet
751 2270 792 2304 in
816 2270 938 2318 seipso
960 2271 1136 2305 animam
1154 2271 1262 2315 vitoe,

313 2340 349 2370 et
370 2343 522 2368 omnem
542 2330 702 2366 herbam
718 2328 886 2365 viridem
906 2330 947 2364 in
962 2330 1103 2366 cibum.
1125 2329 1266 2382 Etsa—

312 2401 417 2430 ctum
439 2399 495 2428 cst
518 2393 585 2427 ita.
606 2388 720 2437 Vide,
741 2389 904 2436 obsecro,
923 2388 1117 2439 carissime,
1139 2390 1268 2428 verbo-

313 2467 393 2490 rum
421 2450 666 2502 diligentiam,
690 2458 723 2487 et
744 2449 961 2487 ineffabilem
980 2450 1047 2487 Dei
1068 2449 1268 2501 benignita-

313 2522 397 2561 tem,
414 2522 448 2549 et
466 2526 508 2549 nc
526 2510 616 2562 quid
636 2510 813 2548 dictorum
832 2509 1043 2561 simpliciter
1064 2521 1265 2562 praetereas.

315 2576 367 2613 Et
398 2575 523 2618 dixit,
556 2571 697 2622 inquit,
725 2572 830 2610 Deus
858 2586 868 2606 :
897 2572 1000 2609 Ecce
1036 2573 1125 2609 decli
1158 2575 1271 2611 vobis

316 2649 469 2673 omnem
487 2635 645 2671 herbam
665 2634 833 2670 sativam
851 2649 859 2669 :
877 2632 979 2683 quasi
994 2632 1038 2670 ad
1053 2633 1144 2671 duos
1158 2649 1271 2671 sermo

317 2696 377 2743 sit,
398 2694 562 2746 quamvis
581 2693 740 2732 nondum
760 2693 909 2731 muliere
928 2694 1116 2746 producta.
1136 2695 1273 2734 Deinde
1295 2703 1318 2732 B

319 2766 359 2794 ut
378 2757 493 2794 diseas
510 2756 740 2793 excellentem
761 2756 836 2807 ejus
851 2755 1046 2794 bonitatem
1063 2771 1070 2792 :
1085 2756 1169 2795 vide
1185 2771 1271 2808 quo-

320 2818 425 2857 modo
449 2817 659 2855 eminentem
682 2817 949 2869 benignitatem,
970 2826 1004 2854 et
1028 2817 1157 2855 miram
1186 2818 1273 2856 libe-

320 2881 510 2925 ralitatem,
531 2893 598 2916 non
629 2879 664 2916 in
694 2878 773 2916 viro
802 2887 835 2916 et
860 2878 1008 2915 muliere
1026 2879 1186 2917 nondum
1203 2880 1274 2918 for-

322 2950 415 2979 mata
431 2941 547 2978 solum
567 2939 733 2987 declaret,
747 2939 810 2976 sed
829 2947 862 2976 et
881 2939 916 2976 in
936 2938 1024 2990 ipsis
1041 2938 1166 2978 brutis.
1182 2941 1275 2977 Nam

324 3011 362 3039 ut
385 3001 480 3038 dixit
501 3016 508 3036 ε
532 3002 646 3038 Vobis
679 3003 750 3036 erit
779 3002 820 3036 in
849 3001 990 3046 cibum,
1020 2999 1193 3049 subdidit,
1220 3003 1272 3039 Et

324 3065 500 3100 omnibus
515 3063 644 3099 bestiis
659 3071 782 3098 ιρι-να».
797 3061 892 3099 Vide
903 3060 1031 3098 iterum
1044 3061 1151 3099 aliam
1167 3063 1274 3115 abys-

323 3138 402 3162 sum
434 3122 676 3173 benignitatis.
699 3123 776 3159 Non
809 3122 902 3159 cuim
930 3123 1045 3160 solum
1070 3123 1185 3161 brutis
1212 3124 1274 3163 do-

325 3184 491 3231 mesticis,
511 3192 543 3219 et
573 3191 688 3220 nostro
713 3183 792 3219 usui
819 3183 1066 3232 servientibus,
1081 3184 1136 3223 vel
1156 3184 1201 3223 ad
1226 3186 1275 3224 ei-

324 3246 427 3290 bum,
448 3243 502 3281 vel
516 3242 561 3280 ad
576 3242 826 3291 ministerium,
846 3242 905 3281 sed
923 3253 955 3281 ct
977 3244 1059 3283 feris
1081 3246 1274 3299 prospexit.

371 3362 386 3385 l·
404 3361 478 3392 Mss.
497 3364 544 3393 καὶ
561 3363 744 3402 &filiarum

1029 176 1253 208 CHRYSOST
1260 196 1270 207 .
1309 175 1495 207 ARCHlEP
1503 196 1511 207 .
1551 175 1885 206 CONSTANTINOP
1893 196 1902 205 .

1339 273 1441 305 σατο,
1452 259 1618 296 Τοιοῦτον
1631 257 1699 309 γὰρ
1713 261 1744 296 οἷ
1755 257 1985 309 πνευματικοὶ
1998 259 2171 310 ὀφθαλμοί
2183 275 2190 282 ·
2204 259 2282 301 ,οὐδὲ
2294 260 2362 312 γὰρ

1339 318 1446 362 οὕτως
1459 322 1490 357 οἱ
1513 319 1707 370 σωματικοὶ
1727 314 1819 358 οὗτοι
1839 320 2008 371 ὀφθαλμοὶ
2027 320 2070 358 τὰ
2089 320 2249 374 ὁρώμενα
2277 322 2361 372 βλέ-

1339 395 1416 418 πειν
1433 380 1617 425 δύνανται,
1636 381 1683 423 ὡς
1708 382 1740 418 οἱ
1760 384 1820 418 τοῦ
1841 381 2036 432 πνεύματος
2055 383 2228 434 ὀφθαλμοὶ
2245 383 2289 420 τὰ
2312 384 2360 434 μὴ

1338 439 1518 491 ὁρώμενα,
1541 439 1629 491 μηδὲ
1656 439 1700 477 τὰ
1724 443 1918 492 ὑφεστῶτα.
1948 441 2069 480 Εἰπὼν
2095 442 2222 491 τοίνυν,
2240 443 2361 496 Ἄρσεν

1338 500 1398 538 καὶ
1417 503 1503 547 θῆλυ
1533 500 1694 547 ἐποίησεν
1719 500 1862 549 αὐτοὺς,
1885 504 1932 545 ὥς
1950 502 2036 553 πρὸς
2064 503 2281 555 ἀμφοτέρους
2296 503 2361 552 τὴν

1339 562 1498 613 εὐλογίαν
1527 569 1702 611 ποιεῖται,
1722 563 1782 600 καί
1804 579 1910 615 φησι·
1928 563 1995 601 Καὶ
2023 564 2215 616 ηὗλόγησεν
2241 565 2364 611 αὐτοὺς

1337 626 1354 661 ὁ
1373 624 1480 669 Θεὸς,
1496 623 1606 676 λέγων
1619 641 1627 648 ·
1640 623 1824 668 αὒξάνεσθε
1835 655 1844 672 ,
1863 624 1923 662 καὶ
1941 624 2156 672 πληθύνεσθε
2168 656 2178 673 ,
2193 626 2252 664 καὶ
2269 628 2363 674 πλη-

2275 685 2292 707 ¹³
2303 687 2363 725 καὶ

1337 746 1462 798 ἄρχετε
1485 750 1554 786 τῶν
1576 747 1707 799 ἰχθύων
1725 749 1788 792 τῆς
1807 746 1996 792 θαλάσσης.
2018 745 2106 784 Ἰδοὺ
2129 747 2168 786 τὸ
2190 746 2362 799 ἐξαίρετον

1339 684 1474 736 ρώσατε
1509 685 1573 733 τὴν
1606 689 1683 737 γῆν,
1705 685 1764 723 καὶ
1796 685 2091 738 κατακυριεύσατε
2122 688 2243 735 αὐτῆς,

1335 810 1397 854 τῆς
1423 808 1589 859 εὐλογίας.
1615 808 1668 846 Τὸ
1699 807 1781 860 γὰρ,
1808 807 2023 856 Αὐξάνεσθε,
2048 808 2109 845 καὶ
2136 807 2362 857 πληθύνεσθε,

1336 869 1395 907 καὶ
1414 869 1625 921 πληρώσατε
1644 868 1706 916 τὴν
1725 872 1809 920 γ’ἧν,
1832 869 1890 906 καὶ
1913 868 1971 906 ἐπὶ
1991 871 2060 906 τῶν
2089 869 2224 920 ἀλόγων
2247 869 2364 917 ζώων,

1336 930 1396 967 καὶ
1417 930 1474 968 ἐπὶ
1497 934 1565 981 τῶν
1597 932 1750 982 ἑρπετῶν
1781 928 1846 966 ἴδοι
1874 945 1926 972 τις
1956 929 1996 966 ἂν
2026 929 2281 981 εἷρημένον·τὸ
2307 929 2364 977 δὲ,

1337 990 1664 1042 Κατακυριεύσατε,
1686 990 1746 1027 καὶ
1774 990 1921 1042 ἄρχετε,
1944 990 2001 1027 ἐπὶ
2025 995 2084 1028 τοῦ
2106 990 2286 1042 ἀνθρώπου
2305 991 2365 1030 καὶ

1335 1054 1398 1096 τ’ἦς
1437 1051 1610 1102 γυναικός.
1645 1051 1741 1102 “Opot
1785 1051 2049 1102 φιλανθρωπίαν
2080 1051 2274 1090 Δεσπότου·
2306 1051 2365 1091 καὶ

1335 1112 1416 1163 πρὶν
1436 1111 1458 1158 ἢ
1480 1118 1696 1163 παραγαγεῖν
1715 1111 1836 1159 αὐτὴν,
1856 1113 2016 1151 κοινωνὸν
2035 1113 2142 1159 αὐτὴν
2169 1116 2232 1159 τ’ῆς
2255 1115 2364 1166 ἀρχῆς

1335 1172 1588 1224 ἀπεργάζεται,
1608 1173 1668 1210 καὶ
1686 1174 1747 1218 τ’ῆς
1777 1171 1933 1221 εὐλογίας
1955 1173 2063 1219 αὐτὴν
2085 1173 2185 1217 ἀξιοῖ.
2215 1175 2286 1212 Καὶ
2303 1175 2365 1228 ἄρ-

1334 1250 1415 1286 χετε
1427 1265 1436 1282 ,
1455 1233 1562 1286 φησὶ,
1578 1236 1646 1271 τῶν
1676 1232 1804 1285 ἰχθύων
1822 1236 1885 1280 τῆς
1908 1233 2104 1282 θαλάσσης,
2121 1234 2180 1271 καὶ
2208 1238 2277 1273 τῶν
2299 1251 2364 1273 πε-

1334 1297 1454 1333 τεινῶν
1485 1300 1546 1333 τοῦ
1577 1297 1743 1346 οὐρανοῦ,
1761 1294 1820 1332 καὶ
1848 1293 1988 1332 πάντων
2022 1298 2092 1333 τῶν
2125 1299 2274 1344 κτηνῶν,
2305 1296 2366 1334 καὶ

1334 1356 1450 1404 πάσης
1477 1358 1540 1401 τῆς
1568 1359 1649 1407 γῆς,
1669 1355 1729 1393 καὶ
1750 1355 1890 1393 πάντων
1917 1358 1987 1393 τῶν
2017 1357 2172 1407 ἑρπετῶν
2207 1360 2276 1394 τῶν
2307 1359 2364 1408 ἕρ·-

1335 1417 1472 1455 πόντων
1494 1417 1552 1455 ἐπὶ
1567 1419 1629 1461 τῆς
1643 1419 1720 1467 γῆς.

1389 1472 1490 1522 Εἶδες
1510 1476 1664 1521 ἐξουσίαν
1681 1477 1812 1529 ἄφατον
1829 1492 1838 1524 3
1860 1469 1944 1519 εἶδες
1967 1477 2079 1527 ἀρχῆς
2096 1475 2256 1526 μέγεθος;
2279 1470 2367 1520 εἶδες

1336 1539 1451 1577 πάντα
1472 1538 1516 1576 τὰ
1535 1537 1833 1590 δημιουργηθέντα
1855 1536 1922 1574 ὑπὸ
1941 1535 2004 1581 τὴν
2033 1535 2154 1574 τούτου
2185 1537 2365 1589 ὑποταγὴν

1335 1599 1528 1651 γενόμενα,
1546 1598 1668 1645 Μηδὲν
1687 1598 1807 1636 λοιπὸν
1827 1596 1948 1648 μικρὸν
1978 1601 2177 1649 φαντασθῇς
2202 1598 2282 1650 περὶ
2305 1602 2365 1636 τοῦ

1337 1659 1426 1704 ζώου
1458 1660 1578 1698 τούτου
1600 1663 1660 1696 τοῦ
1681 1660 1842 1710 λογικοῦ,
1862 1658 1938 1695 ἀλλ’
1966 1661 2088 1696 ἐννοῶν
2111 1661 2173 1704 τῆς
2202 1662 2307 1710 τιμῆς
2327 1659 2367 1698 τὸ

1338 1720 1500 1773 μέγεθος,
1521 1721 1580 1759 καὶ
1607 1720 1671 1767 τὴν
1691 1719 1772 1772 περὶ
1793 1717 1877 1756 αὐτὸ
1909 1717 2042 1756 εὔνοιαν
2069 1722 2128 1756 τοῦ
2161 1719 2366 1766 Δεσπότου,

1337 1783 1535 1829 ἕκπλήττου
1574 1782 1638 1828 τὴν
1679 1781 1811 1832 ἄφατον
1847 1780 1951 1817 αὐτοῦ
1986 1779 2261 1832 φιλανθρωπίαν.
2296 1782 2366 1818 Καὶ

1337 1836 1431 1881 εἶπεν
1447 1846 1464 1881 ὃ
1483 1842 1591 1887 Θεός·
1616 1842 1688 1880 ἰδοὺ
1714 1841 1848 1880 δέδωκα
1867 1843 1945 1890 ὑμῖν
1973 1839 2088 1877 πάντα
2117 1839 2243 1893 χόρτον
2273 1841 2364 1880 σπό-

1343 1919 1454 1956 ριμον,
1472 1910 1610 1956 σπεῖρον
1624 1902 1765 1954 σπέρμα
1779 1932 1788 1950 ,
1807 1903 1826 1940 ὅ
1839 1904 1930 1939 ἐστιν
1944 1901 2060 1938 ἐπάνω
2077 1901 2192 1948 πάσης
2206 1905 2268 1948 τῆς
2283 1905 2368 1954 γῆς,

1340 1965 1399 2002 καὶ
1424 1972 1494 2003 πᾶν
1514 1964 1626 2010 ξύλον,
1645 1965 1662 2003 ὃ
1679 1964 1752 2016 ἔχει
1785 1964 1819 2000 ἐν
1853 1963 1966 2012 ἑαυτῷ
1999 1961 2133 2013 καρπὸν
2167 1962 2366 2014 σπέρματος

1341 2025 1534 2077 σπορίμου,
1553 2029 1632 2075 ὑμῖν
1653 2025 1750 2062 ἔσται
1778 2025 1824 2066 εἰς
1854 2024 1995 2074 βρῶσιν,
2015 2023 2074 2060 καὶ
2094 2030 2181 2062 πᾶσι
2211 2030 2282 2068 τοῖς
2301 2028 2368 2072 θη-

1342 2086 1425 2136 ρίοις
1443 2089 1506 2132 τῆς
1525 2089 1607 2137 γῆς,
1627 2085 1686 2122 καὶ
1707 2091 1795 2121 πᾶσι
1820 2088 1891 2125 τοῖς
1917 2090 2086 2127 πετεινοῖς
2117 2089 2176 2122 τοῦ
2203 2087 2367 2138 οὐρανοῦ,

1339 2146 1398 2183 καὶ
1429 2147 1534 2184 παντὶ
1569 2148 1702 2198 ἑρπετῷ
1734 2144 1875 2195 ἕρποντι
1914 2144 1971 2182 ἐπὶ
1994 2147 2055 2190 τῆς
2079 2149 2163 2196 γῆς,
2193 2146 2210 2184 ὃ
2237 2147 2310 2199 ἔχει
2331 2149 2368 2185 ἐν

1340 2209 1452 2259 ἑαυτῷ
1484 2207 1600 2258 ψυχὴν
1633 2209 1743 2253 ζωῆς,
1773 2205 1832 2242 καὶ
1861 2205 1977 2243 πάντα
2001 2206 2127 2258 χόρτον
2152 2209 2288 2259 χλωρὸν
2322 2210 2368 2252 εἷς

1341 2270 1482 2319 βρῶσιν.
1502 2267 1569 2304 Καὶ
1583 2266 1718 2318 ἐγένετο
1734 2265 1853 2309 οὕτως.
1871 2266 1948 2304 Θέα
1966 2282 2025 2317 μοι
2039 2270 2104 2305 τῶν
2122 2269 2288 2320 ῥημάτιον
2303 2268 2368 2316 τὴν

1341 2328 1533 2379 ἀκρίὸειαν,
1552 2327 1710 2378 ἀγαπητὲ
1724 2356 1732 2372 ,
1751 2327 1810 2365 καὶ
1829 2327 1890 2374 τὴν
1913 2329 2043 2379 ἄφατον
2062 2334 2121 2367 τοῦ
2139 2332 2232 2367 Θεοῦ
2250 2333 2367 2381 φιλαν-

1341 2389 1508 2443 θρωπίαν,
1526 2389 1584 2427 καὶ
1606 2388 1712 2439 μηδὲν
1727 2390 1847 2432 ἁπλῶς
1865 2388 2102 2441 παραδράμῃς
2119 2392 2186 2427 τῶν
2219 2391 2365 2444 εἰρημέ-

1340 2467 1419 2489 νων.
1442 2451 1510 2489 Καὶ
1542 2444 1636 2498 εἷπε,
1674 2450 1790 2502 φησὶν,
1823 2454 1840 2488 ὁ
1875 2450 1985 2498 Θεὸς,
2020 2450 2090 2488 ἰδοὺ
2126 2451 2262 2490 δέδωκα
2286 2455 2368 2503 ὑμῖν

1340 2512 1456 2550 πάντα
1474 2511 1599 2564 χόρτον
1616 2511 1786 2563 σπόριμον
1801 2527 1808 2533 ·
1828 2513 1875 2555 ὡς
1892 2511 1978 2562 πρὸς
1993 2511 2070 2555 τοὺς
2099 2511 2155 2550 δύο
2179 2516 2200 2558 ἦ
2222 2512 2370 2557 διάλεξις

1341 2575 1494 2627 γίνεται,
1515 2573 1573 2611 καὶ
1591 2578 1721 2619 ταῦτα,
1745 2572 1891 2623 μηδέπω
1911 2576 1973 2619 τῆς
1989 2574 2151 2624 γυναικὸς
2177 2575 2370 2627 παραχθεί-

1344 2651 1418 2682 σης.
1438 2628 1527 2673 Εἶτα
1547 2633 1603 2671 ἵνα
1627 2633 1739 2685 μάθῃς
1761 2635 1862 2671 αὐτοῦ
1885 2633 1948 2680 τὴν
1967 2633 2255 2685 ὑπερὸάλλουσαν
2279 2638 2370 2686 ἀγα-

1345 2697 1494 2743 Οότητα,
1515 2694 1579 2748 ὅρα
1595 2697 1669 2738 πῶς
1688 2696 1725 2731 οὐ
1745 2693 1850 2745 μέχρι
1869 2697 1928 2730 τοῦ
1953 2693 2135 2745 ἀνθρώπου
2152 2695 2210 2732 καὶ
2227 2698 2289 2742 ’.ἧς
2304 2711 2370 2747 γυ-

1345 2757 1461 2800 ναικὸς
1489 2760 1551 2803 τῆς
1578 2755 1725 2806 μηδέπω
1751 2754 1990 2806 παραχθείσης
2022 2754 2085 2801 τὴν
2114 2756 2373 2807 φιλανθρωπίαν

1347 2817 1601 2862 ἐπιδείκνυται,
1642 2816 1701 2853 καὶ
1739 2815 1801 2860 τὴν
1836 2814 2124 2867 ὒπερὸάλλουσαν
2159 2817 2372 2868 φιλοτιμίαν,

1348 2880 1438 2919 ἀλλὰ
1471 2879 1531 2917 καὶ
1565 2877 1690 2930 μέχρις
1723 2879 1836 2914 αὐτῶν
1872 2880 1941 2914 τῶν
1969 2876 2117 2927 ἀλόγων.
2141 2877 2262 2916 Εἰπὼν
2293 2879 2373 2933 γὰρ,

1348 2942 1453 2992 Ἱ“μῖν
1470 2939 1568 2978 ἔσται
1593 2941 1640 2982 εἷς
1662 2940 1805 2989 βρῶσιν,
1823 2936 1980 2988 ἐπήγαγε
1993 2966 2002 2983 ,
2027 2937 2095 2975 Καὶ
2113 2945 2200 2976 πᾶσι
2221 2946 2293 2982 τοῖς
2317 2943 2374 2987 οη-

1351 3004 1434 3056 ρίοις
1452 3006 1514 3049 τῆς
1534 3005 1612 3053 γ’ἧς.
1636 3000 1730 3052 ΕΌροι
1748 2999 1853 3038 πάλιν
1870 2999 1990 3050 ἑτέραν
2011 3000 2161 3038 ἅὸυσσον
2181 3002 2374 3053 φιλανθρω-

1349 3063 1442 3106 πίας.
1465 3065 1518 3100 Οὐ
1544 3062 1645 3112 μόνον
1663 3060 1755 3112 αγὰρ
1775 3064 1844 3098 τῶν
1873 3060 2008 3111 ἀλόγων
2036 3063 2104 3098 τῶν
2132 3060 2286 3112 ἡμέριον,
2315 3062 2375 3099 καὶ

1349 3125 1434 3178 πρὸς
1452 3123 1579 3176 τροφὴν
1601 3125 1685 3172 ἡμῖν
1720 3120 1949 3169 ἐπιτηδείων,
1970 3121 2030 3159 καὶ
2056 3121 2141 3172 πρὸς
2169 3122 2373 3174 ὑπηρεσίαν,

1349 3186 1512 3238 πρόνοιαν
1530 3183 1737 3229 πεποίηται,
1754 3181 1844 3220 ἀλλὰ
1873 3181 1932 3219 καὶ
1964 3183 2032 3218 τῶν
2060 3181 2200 3233 θηρίων.
2234 3183 2304 3222 Καὶ
2323 3184 2375 3227 τίς

1350 3247 1389 3285 ἂν
1409 3247 1485 3284 κατ’
1508 3244 1603 3289 ἀξίαν
1625 3243 1776 3295 ἐφίκοιτο
1794 3245 1856 3288 τ’ῆς
1876 3242 2018 3293 ἀπείρου
2045 3242 2174 3289 ταύτης
2202 3244 2373 3295 ἀγαθότη-

1413 3358 1606 3404 “1“άρι1ι·ι’>ἰ
1629 3362 1658 3391 in
1677 3359 1798 3401 dispo:
1821 3359 1893 3391 Nhs.
