2483 3791
734 175 773 203 lN'
812 174 913 204 cu).
954 174 1000 203 ll.

97 260 180 308 ὅσην
202 259 280 299 οὐδέ
301 261 392 298 ἐστιν
413 261 534 297 εἰπεῖν.
554 258 646 296 Οὐδὲ
677 258 743 310 γὰρ
763 265 837 301 ταῖς
857 257 964 310 θριξὶν
991 258 1123 308 ἐλυμή-

98 337 200 369 νατο,
223 322 299 360 ἀλλ’
319 321 465 360 ἐκύκλου
487 320 549 371 μὲν
569 319 710 366 αὐτοὺς,
734 320 792 358 καὶ
814 313 904 372 εἶχεν
925 319 1036 358 ἔνδον·
1058 334 1121 357 κα-

98 380 208 433 θάπερ
235 380 270 419 δὲ
298 380 455 428 ὑπακοὴν
474 382 656 434 πληροῦσα
672 383 694 427 ἡ
712 383 772 418 τοῦ
793 380 900 433 πυρὸς
922 380 1021 419 οὐσία
1036 410 1045 423 ,
1067 379 1125 417 καὶ

99 442 278 481 Δεσπότου
308 442 521 493 ἐπιτάγματι
557 443 840 493 ὓπηρετουμένη,
862 442 1043 493 ἀκεραίους
1069 440 1126 479 καὶ

99 503 266 546 ἀὸλαὸεῖς
279 502 506 555 ι’διεφύλαττε
536 502 614 547 τοὺς
642 503 863 554 θαυμαστοὺς
882 502 1030 547 ἐκείνους
1046 509 1125 540 παῖ’

99 565 160 607 δας
174 595 183 612 ,
204 564 263 602 καὶ
293 563 413 618 ὥσπερ
430 567 463 602 ἐν
489 567 635 616 λειμῶνι
653 566 712 602 καὶ
741 564 944 616 παραδείσῳ
968 564 1126 614 βαδίζον-

100 641 177 671 τες,
199 625 287 677 μετὰ
316 626 486 672 τοσαύτης
504 626 620 669 ἀδείας
653 626 711 664 ἐπὶ
730 629 793 672 τῆς
812 625 959 675 καμίνου
990 625 1123 676 διῆγον.

103 687 172 726 Καὶ
193 681 313 736 ’ίναμὴ
333 686 460 739 νομίσῃ
490 703 559 732 τις,
579 687 633 725 ὅτι
652 689 716 725 οὐκ
733 681 776 733 ἦν
794 685 950 738 ἐνέργεια
968 686 1075 737 πυρὸς
1090 686 1129 723 τὸ

102 746 288 800 ὁρώμενον,
309 747 365 785 διὰ
394 753 496 786 τοῦτο
515 751 533 786 ὁ
552 747 794 800 φιλάνθρωπος
807 745 990 793 Δεσπότης
1009 749 1047 784 οὐ
1064 746 1127 792 τὴν

104 807 277 861 ἐνέργειαν
295 809 397 845 αὐτοῦ
415 807 594 854 ἐπέδησεν,
611 808 689 845 ἀλλ’
706 806 804 859 ἀφεὶς
819 806 933 857 μένειν
953 806 1017 853 τὴν
1037 807 1130 858 ἐνέρ-

102 883 200 918 γειαν
222 870 326 906 αὐτοῦ
353 867 417 915 τὴν
446 867 652 915 καυστικὴν,
674 867 754 911 τοὺς
784 867 890 911 ἰδίους
916 867 1129 920 θεράποντας

102 929 294 980 ἀνωτέρους
316 932 376 975 τῆς
395 930 434 966 ἐκ
453 929 575 967 τούτου
601 928 734 980 βλάὸης
756 928 946 980 εἰργάζετο.
962 928 1053 966 Ἀλλ’
1072 927 1129 966 ἵνα

105 987 243 1040 μάθωσι
263 989 323 1027 καὶ
338 993 394 1028 οοἱ
422 990 652 1041 ἐμόαλόντες,
673 988 736 1037 δ’ση
766 995 825 1029 τοῦ
845 992 913 1028 τῶν
932 989 1022 1028 ὅλων
1038 991 1130 1029 Θεοῦ

102 1053 126 1096 ἡ
155 1049 319 1102 δύναμις,
351 1051 405 1089 ἐπ’
437 1050 577 1089 ἐκείνων
607 1050 669 1103 μὲν
701 1050 766 1097 τὴν
797 1051 927 1090 οἰκείαν
958 1051 1131 1103 ἐνέργειαν

107 1110 328 1149 ἐπεδείκνυτο
356 1110 395 1148 τὸ
414 1114 503 1165 πῦρ”
536 1112 595 1150 καὶ
613 1112 654 1150 τὸ
684 1113 767 1151 αὐτὸ
789 1111 937 1157 ἐκείνους
953 1111 1016 1164 μὲν
1031 1127 1132 1164 περι-

105 1171 265 1210 έστελλεν
297 1171 405 1220 ἔνδον,
429 1172 571 1217 τούτους
603 1173 638 1211 δὲ
667 1172 732 1218 ἔξω
758 1175 912 1217 ἑστῶτας
943 1172 1133 1226 κατέφλεγε

106 1232 166 1271 καὶ
182 1233 378 1280 ἀνήλισκεν.
394 1227 495 1278 Εἶδες
511 1237 584 1279 πῶς
595 1264 604 1278 ,
619 1234 700 1274 ὅταν
715 1234 925 1282 ὁΔεσπότης
943 1234 1133 1286 βούληται,

104 1293 250 1333 ἕκαστον
272 1296 340 1333 τῶν
359 1294 543 1347 στοιχείων
565 1295 650 1348 πρὸς
666 1295 729 1343 τὴν
749 1295 906 1334 ἐναντίαν
929 1295 1132 1347 μεθίστησιν

105 1354 243 1402 οὗσίαν;
272 1356 492 1407 Δημιουργὸς
520 1356 587 1408 γάρ
623 1360 698 1395 ἐστι
734 1356 792 1395 καὶ
834 1357 1042 1405 Δεσπότης,
1073 1357 1133 1395 καὶ

106 1415 191 1468 πρὸς
212 1416 252 1454 τὸ
281 1418 404 1455 οἰκεῖον
432 1417 569 1468 θέλημα
585 1417 725 1456 ἅπαντα
752 1420 938 1468 οἰκονομεῖ.
959 1418 1131 1457 Βούλεσθε

105 1477 165 1515 καὶ
189 1477 245 1516 ἐπὶ
274 1481 342 1516 τῶν
369 1478 502 1517 ὑδάτων
530 1479 637 1517 πάλιν
655 1480 737 1518 ἰδεῖν
756 1479 796 1518 τὸ
817 1480 900 1518 αὐτὸ
918 1483 1019 1519 τοῦτο
1037 1480 1130 1532 γινό-

107 1553 226 1588 μενον;
244 1538 413 1590 Καθάπερ
431 1540 502 1592 γὰρ
529 1541 678 1580 ἐνταῦθα
697 1541 737 1579 τὸ
765 1545 836 1594 πῦρ
857 1543 926 1579 τῶν
954 1541 1018 1591 μὲν
1037 1542 1132 1581 ἔνδον

104 1599 212 1638 ὄντων
232 1599 418 1652 ἀπέσχετο,
433 1600 492 1638 καὶ
507 1601 695 1640 ἐπελάθετο
713 1606 776 1649 τῆς
793 1601 924 1646 οἰκείας
938 1602 1110 1655 ἐνεργείας
1123 1634 1133 1650 ,

105 1661 163 1700 ἐπὶ
199 1662 330 1700 δὲττῶν
356 1661 422 1706 ἔξω
444 1662 688 1715 τυγχανόντων
728 1663 773 1702 τὰ
807 1666 932 1702 ἑαυτοῦ
959 1665 1133 1718 ἐπλήρου,

104 1720 197 1760 οὕτω
226 1722 286 1760 καὶ
323 1721 368 1760 τὰ
401 1721 511 1760 ὕδατα
545 1723 702 1776 ὀψόμεθα
719 1723 799 1768 τοὺς
817 1723 878 1775 μὲν
901 1724 1134 1778 ὓποὸρυχίους

105 1781 317 1834 ἐργαζόμενα
330 1813 339 1830 ,
355 1782 484 1835 ἑτέροις
503 1783 539 1822 δὲ
565 1788 815 1838 ὑποχωροῦντα
827 1815 837 1833 ,
856 1784 947 1823 ὥστε
968 1785 1132 1826 afflue&

104 1842 226 1886 αὐτοὺς
252 1844 410 1882 διελθεῖν.
439 1844 705 1895 Ἀναμνῆσθητέ
725 1860 784 1895 μοι
815 1849 874 1882 νῦν
903 1849 963 1884 τοῦ
992 1845 1132 1898 Φαραὼ

104 1903 165 1941 καὶ
191 1905 259 1941 τῶν
283 1904 496 1954 Αἰγυπτίων,
524 1905 584 1943 καὶ
609 1909 668 1944 τοῦ
697 1905 809 1956 δήμου
839 1908 908 1944 τῶν
942 1905 1132 1958 Ἓὸραίων,

104 1963 199 2007 ὅπως
227 1966 350 2002 ἐκεῖνοι
379 1964 442 2014 μὲν
478 1965 535 2004 διὰ
582 1965 621 2004 τὸ
654 1966 867 2018 πρόσταγμα
905 1971 966 2004 τοῦ
997 1969 1133 2005 Δεσπό-

106 2041 188 2071 του,
220 2029 279 2064 τοῦ
310 2025 463 2078 μεγάλου
495 2028 674 2071 Μωϋσέως
700 2027 982 2079 προηγουμένου,
1018 2027 1132 2066 καθοί-

107 2102 173 2138 περ
203 2086 262 2124 ἐπὶ
297 2085 422 2138 ξηρᾶς,
451 2086 540 2124 οὕτω
570 2087 741 2126 &tiemone
778 2087 835 2126 διὰ
864 2090 926 2134 τῆς
955 2088 1133 2134 θαλάσσης

73 2156 79 2162 '
108 2150 171 2193 τῆς
195 2148 358 2201 ἐρυθρᾶς·
387 2149 418 2186 οἱ
446 2147 483 2186 δὲ
505 2147 691 2199 Αἰγύπτιοι
712 2148 799 2200 μετὰ
819 2152 878 2186 τοῦ
897 2148 1036 2200 Φαραὼ
1067 2149 1131 2197 τὴν

107 2209 216 2256 αὐτὴν
252 2211 368 2253 αὐτοῖς
403 2210 516 2248 ἐλθεῖν
543 2209 619 2248 ὁδὸν
661 2210 907 2261 βουληθέντες,
925 2210 1134 2264 ὑποὸρύχιοι

104 2269 282 2321 γενόμενοι
301 2269 598 2315 κατεποντίζοντο.
615 2271 740 2315 Οὕτως
753 2264 826 2310 οἶδε
843 2271 902 2309 καὶ
915 2270 960 2309 τὰ
974 2278 1131 2324 στοιχεῖα

107 2331 277 2369 αἰδεῖσθαι
298 2330 399 2374 “robe
426 2335 486 2370 τοῦ
505 2331 685 2370 Δεσπότου
710 2332 947 2384 θεράποντας,
978 2333 1037 2370 καὶ
1066 2332 1130 2379 τὴν

104 2391 236 2430 οἰκείαν
273 2391 384 2444 ὁρμὴν
412 2391 481 2430 ἔσω
510 2393 684 2446 κατέχειν.
707 2393 925 2444 Ἀκούσωμεν
961 2393 1036 2432 ὅσοι
1067 2397 1130 2432 θυ-

107 2452 253 2503 μώδεις,
271 2453 345 2492 ὅσοι
366 2453 519 2506 ὀργίλοι,
540 2454 614 2493 ὅσοι
630 2455 698 2493 ὑπὸ
712 2458 781 2494 τῶν
797 2455 913 2494 ἄλλων
933 2458 1054 2494 παθῶν
1074 2457 1131 2494 διὰ

108 2514 277 2567 ῥαθυμίαν
298 2514 521 2566 ἁλισκόμενοι
544 2516 607 2563 τὴν
627 2519 758 2555 ἑαυτῶν
781 2516 989 2570 προδίδομεν
1008 2533 1128 2565 σωτη-

107 2575 201 2626 ρίαν,
219 2575 278 2613 καὶ
295 2575 532 2626 μιμησώμεθα
550 2580 618 2615 τῶν
642 2577 776 2629 ἀλόγων
795 2580 926 2616 τούτων
947 2578 1129 2630 στοιχείων

105 2635 170 2683 τὴν
188 2635 358 2683 τοσαύτην
375 2636 546 2685 ὑπακοὴν,
560 2641 662 2689 ἡμεῖς
675 2641 706 2677 οἱ
724 2638 817 2692 λόγῳ
831 2638 1071 2690 τετιμημένοι.
1089 2640 1131 2678 Ei

105 2696 173 2748 γὰρ
191 2696 230 2734 τὸ
249 2701 343 2748 πῦρ,
362 2698 402 2737 τὸ
420 2697 510 2736 οὕτω
537 2699 786 2747 δαπανητικὸν,
805 2699 844 2738 τὸ
860 2699 950 2738 οὕτω
969 2700 1129 2754 σφοδρὸν,

107 2758 279 2809 σωμάτων
294 2760 454 2811 φθαρτῶν
472 2759 530 2797 καὶ
545 2759 654 2804 οὕτως
665 2761 810 2799 ἁπαλῶν
826 2760 1014 2813 ἀπέσχετο,
1029 2760 1131 2804 ποίας

108 2817 147 2855 ἂν
173 2818 261 2871 τύχῃ
290 2819 497 2870 συγγνώμης
526 2821 726 2872 ἄνθρωπος,
757 2821 807 2872 μὴ
839 2823 1046 2873 βουλόμενος
1071 2823 1130 2861 τὸν

107 2881 231 2916 ἑαυτοῦ
247 2881 443 2931 χαλινῶσαι
464 2881 569 2929 θυμὸν
589 2881 646 2920 διὰ
667 2882 708 2920 τὸ
726 2882 905 2935 ἐπίταγμα
919 2887 980 2922 τοῦ
994 2883 1128 2921 Δεσπό-

107 2952 188 2983 του,
211 2939 271 2976 καὶ
289 2939 352 2986 τὴν
376 2940 482 2993 ὀργὴν
499 2941 562 2989 τὴν
590 2943 675 2996 πρὸς
693 2944 751 2982 τὸν
771 2943 918 2990 πλησίον
946 2943 1128 2990 ἐκῧαλεῖν;

111 2998 181 3036 Καὶ
208 2999 248 3038 τὸ
266 2999 307 3047 δὴ
322 2998 338 3020 b
350 3003 477 3050 μεῖζον,
500 3002 553 3040 ὅτι
574 3007 643 3055 πῦρ
659 3003 789 3051 ταύτην
813 3003 895 3056 ἔχον
911 3003 974 3051 τὴν
996 3004 1128 3049 οὐσίαν,

155 3122 337 3160 bCoislin..
358 3123 463 3164 Savil.
489 3133 523 3158 et.
549 3134 692 3169 ‹luatuor
717 3126 770 3159 aiii
798 3130 964 3173 ὃιερύλαξε.
997 3127 1112 3160 Morel.

1040 173 1200 203 Gumis.

2122 163 2143 174 .-

1246 174 1387 203 nomi.
1426 175 1506 204 (ΙΙ.
2062 179 2145 206 113

1197 271 1239 294 ue
1258 257 1399 309 capillis
1411 256 1557 308 quidem
1576 257 1718 294 illorum
1737 257 1894 304 nocebat,
1918 259 1976 294 sed
1993 260 2145 296 cin-mn-

1196 317 1271 355 ibat
1297 317 1401 367 illos,
1430 327 1464 356 et
1482 318 1574 356 intra
1596 331 1631 355 se
1657 317 1883 356 continebat:
1917 319 2006 368 ignis
2032 328 2146 356 autem

1197 378 1394 417 substantia
1418 388 1598 430 tamquam
1629 378 1868 417 obedientiam
1893 379 2086 424 exbibens,
2118 391 2146 415 «11

1199 439 1342 478 Domini
1374 439 1543 478 mandato
1574 439 1756 488 serviens,
1781 440 1910 477 illaesos
1940 449 1973 477 ct
2004 440 2151 477 iuvavum

1197 501 1361 539 servabat
1377 501 1606 539 admirabiles
1625 501 1704 539 illos
1729 516 1875 554 pueros,
1899 501 1960 553 qui
1991 502 2090 552 quasi
2118 502 2150 538 iu

1201 572 1300 615 prato
1322 573 1357 601 et
1387 564 1489 601 horto
1513 563 1750 611 ambulantes,
1778 573 1871 601 tauta
1900 563 2087 601 securitate
2117 563 2150 599 in

1198 624 1337 662 camino
1351 625 1599 662 versabantur.
1615 625 1658 663 Et
1667 640 1708 662 ne
1724 626 1805 677 quis
1818 634 1956 677 putaret
1972 624 2150 662 visibilem

1199 684 1302 722 illum
1320 686 1437 736 ignem
1453 687 1659 738 operatione
1673 701 1805 734 carcre,
1829 686 1961 724 ideireo
1977 686 2152 738 benignus

1199 745 1374 799 Dominus
1400 745 1498 782 illius
1522 746 1716 784 efficaciam
1744 762 1811 784 nou
1845 747 2031 799 impedivit
2053 764 2059 783 z
2093 748 2153 786 setl

1198 803 1274 841 vim
1302 803 1402 841 illam
1430 803 1554 842 urendi
1587 804 1735 842 illaesam
1763 807 1935 854 servavit,
1974 816 2007 844 ct
2035 822 2154 845 servos

1198 878 1280 902 suos
1302 864 1364 902 illa
1383 865 1585 918 superiores
1610 866 1708 914 fecit,
1736 875 1774 903 ut
1795 867 1896 904 nullo
1922 868 2027 905 modo
2050 868 2154 906 laede-

1198 934 1333 964 rentur.
1370 927 1547 964 Caeterum
1569 936 1607 964 ut
1634 927 1764 965 scirent
1785 927 1845 978 qui
1874 942 2000 980 pueros
2021 929 2153 981 injece—

1199 997 1292 1037 rant,
1314 997 1446 1039 quanta
1461 997 1549 1026 esset
1565 989 1725 1026 omnium
1742 989 1808 1026 Dei
1829 990 1983 1038 potentia
1995 1023 2004 1038 ‚
2023 991 2057 1028 in
2076 991 2155 1029 illos

1199 1049 1292 1100 ignis
1305 1063 1407 1087 suam
1423 1050 1666 1103 operationem
1681 1051 1862 1100 exercuit;
1887 1052 1934 1089 ita
1953 1061 1991 1089 ut
2010 1052 2069 1090 ille
2082 1052 2156 1105 ipsc·

1200 1109 1293 1162 ignis
1316 1125 1374 1149 eos
1399 1111 1496 1149 intus
1518 1111 1837 1161 circummuniret7
1867 1127 1924 1150 eos
1948 1122 2066 1151 autem
2094 1115 2154 1163 qui

1200 1172 1287 1211 foris
1314 1181 1414 1211 erant
1443 1181 1560 1211 ureret
1585 1182 1619 1211 et
1645 1183 1880 1218 consumeret.
1919 1175 2054 1213 Vidisti
2086 1190 2156 1226 quo

1200 1243 1304 1286 pacto
1319 1234 1498 1272 Dominus
1517 1233 1660 1286 quando
1673 1234 1767 1285 vult,
1789 1235 1959 1274 elementa
1979 1237 2095 1274 omnia
2120 1237 2154 1274 in

1201 1294 1415 1333 contrariam
1436 1304 1549 1334 mutet
1569 1295 1780 1334 essentiam?
1799 1297 1930 1349 Opisex
1945 1298 2039 1335 enim
2059 1306 2157 1335 estet

1201 1355 1391 1405 Dominus,
1411 1365 1446 1394 et
1460 1371 1526 1409 pro
1542 1370 1606 1395 sua
1624 1356 1806 1396 voluntate
1824 1359 1941 1396 omnia
1965 1358 2156 1411 dispensat.

1202 1416 1325 1456 Vultis
1344 1426 1378 1455 et
1397 1417 1433 1455 in
1453 1418 1555 1469 aquis
1571 1417 1729 1471 idipsum
1748 1418 1869 1457 videre
1885 1420 2019 1457 sactum
2035 1423 2050 1457 ἶ»)
2068 1421 2158 1458 Nam

1201 1477 1294 1515 sicut
1314 1477 1408 1529 ignis
1430 1478 1490 1517 hic
1506 1478 1550 1517 iis
1564 1480 1627 1530 qui
1649 1479 1744 1517 intus
1761 1489 1860 1518 erant
1879 1481 1970 1519 nihil
1995 1481 2158 1526 nocebat,

1203 1538 1263 1577 sod
1282 1539 1356 1578 illis
1380 1541 1564 1593 parcebat,
1590 1541 1725 1580 oblitus
1747 1555 1820 1580 suae
1847 1543 2063 1595 operationis
2077 1559 2089 1594 3
2125 1544 2160 1581 in

1174 1604 1180 1609 “
1202 1614 1260 1638 eos
1283 1609 1403 1640 autem
1431 1603 1492 1653 qui
1519 1602 1607 1640 foris
1627 1612 1727 1641 erant
1757 1605 1927 1642 saeviebat
1948 1619 2046 1643 merc
2071 1620 2157 1643 suo:

1204 1661 1256 1698 sie.
1275 1671 1307 1700 et
1320 1677 1431 1714 aquas
1450 1663 1657 1702 videbimus
1677 1665 1766 1703 alios
1782 1665 1929 1717 quidem
1948 1667 2161 1719 submerge-

1202 1734 1263 1770 re,
1292 1722 1373 1760 aliis
1403 1732 1520 1761 autem
1551 1724 1684 1770 cedere,
1716 1725 1765 1762 ita
1798 1734 1837 1763 ut
1863 1726 1997 1777 absque
2027 1726 2159 1764 damno

1201 1790 1391 1822 transeant.
1416 1784 1734 1822 Recordamiuihic
1748 1785 1983 1824 Pliaraoniset
1992 1786 2161 1840 AEgypti-

1203 1857 1321 1893 orum,
1339 1854 1443 1896 atque
1456 1845 1582 1898 populi
1600 1845 1844 1893 Hebraeorum,
1859 1847 2039 1898 quomodo
2059 1848 2096 1885 hi
2114 1849 2160 1887 ad
2175 1851 2275 1879 grad.
2294 1853 2337 1888 ¹4-

1202 1903 1409 1942 mandatum
1434 1905 1593 1954 Domini,
1605 1919 1734 1957 magno
1746 1909 1847 1945 Mose
1861 1907 1961 1955 duce,
1973 1922 2035 1960 per
2063 1924 2160 1948 mare

1201 1965 1367 2004 Rubrum
1398 1967 1498 2017 quasi
1524 1981 1588 2020 per
1611 1967 1750 2005 aridam
1775 1968 2009 2006 transierunt:
2041 1969 2158 2023 AEgy-

1201 2026 1267 2079 ptii
1286 2036 1418 2077 autem,
1436 2027 1497 2078 qui
1515 2027 1675 2066 eamdem
1694 2029 1791 2066 viam
1812 2043 1892 2066 cum
1907 2030 2090 2068 Pharaone
2107 2031 2160 2070 ire

1201 2087 1380 2137 volebant,
1399 2088 1502 2139 aquis
1523 2089 1642 2127 obruti
1664 2089 1838 2127 submersi
1857 2100 1951 2128 sunt.
1971 2092 2025 2129 Ita
2045 2092 2158 2130 solent

1200 2147 1370 2185 elementa
1403 2149 1555 2187 revereri
1586 2163 1704 2188 servos
1730 2151 1893 2201 Domini,
1925 2161 1960 2190 et
1985 2167 2005 2190 a
2031 2167 2095 2192 suo
2121 2169 2157 2192 se

1201 2207 1380 2246 continere
1404 2209 1553 2261 impetu.
1575 2209 1774 2250 Audiamus
1800 2225 1862 2249 nos
1877 2242 1888 2261 ,
1920 2222 2092 2265 quotquot
2108 2215 2157 2253 se-

1200 2282 1298 2306 roces
1327 2277 1361 2306 et
1381 2266 1560 2320 iracundi,
1587 2279 1622 2308 et
1646 2270 2003 2312 aliisv‘''affectionibus
2024 2276 2070 2313 ob
2090 2290 2155 2314 no-

1200 2337 1312 2367 stram
1330 2330 1514 2382 ignaviam
1534 2331 1700 2384 impliciti
1727 2342 1885 2372 nostram
1897 2335 2048 2374 salutem
2072 2351 2154 2389 pes—

1174 2440 1181 2446 ·
1200 2391 1410 2430 sumdamus
1425 2423 1434 2441 ,
1453 2402 1487 2431 et
1502 2392 1684 2431 imitemur
1703 2403 1837 2433 tantam
1852 2395 1981 2434 horum
2001 2397 2154 2436 elemen-

1155 2590 1175 2618 Β

1201 2462 1319 2492 torum
1338 2454 1476 2493 ratione
1494 2455 1693 2493 carentium
1724 2456 1964 2496 obedientiam
1979 2490 1988 2506 ,
2014 2474 2076 2498 nos
2095 2462 2156 2511 qui

1200 2515 1335 2553 ratione
1370 2515 1532 2567 insigniti
1557 2530 1695 2555 sumus.
1726 2518 1821 2556 Nam
1840 2518 1869 2556 si
1889 2519 1983 2570 ignis
1998 2550 2008 2569 ‚
2030 2521 2090 2571 qui
2107 2522 2155 2559 ita

1200 2575 1293 2615 edax
1305 2607 1315 2625 ‚
1332 2577 1381 2615 ita
1398 2577 1587 2616 vehemens
1604 2607 1615 2627 7
1632 2579 1842 2631 corporibus
1860 2582 2156 2633 corruptibilibus

1200 2647 1234 2676 et
1263 2647 1336 2676 tam
1354 2638 1482 2676 teneris
1501 2639 1678 2691 pepercit,
1707 2654 1812 2691 quam
1833 2651 1987 2679 merctur
2013 2644 2155 2682 veniam

1201 2699 1307 2737 homo
1319 2729 1329 2747 ,
1351 2713 1456 2737 suum
1475 2699 1650 2737 refrenare
1667 2692 1823 2738 furorem
1839 2711 1984 2754 propter
2002 2703 2153 2742 manda-

1199 2769 1276 2798 tum
1297 2760 1465 2808 Domini,
1485 2769 1519 2798 et
1537 2760 1627 2797 iram
1653 2774 1737 2812 erga
1753 2762 1960 2813 proximum
1980 2778 1999 2801 e
2016 2775 2159 2817 pectore

1199 2835 1264 2859 suo
1279 2821 1464 2860 eliminare
1486 2821 1607 2859 nolens
1619 2822 1637 2859 ‚⁰
1654 2822 1700 2860 Et
1721 2823 1816 2873 quod
1839 2825 1955 2877 majus
1971 2835 2043 2877 est,
2062 2827 2155 2879 ignis

1201 2891 1332 2920 tantam
1361 2882 1488 2920 urendi
1513 2882 1586 2920 vim
1607 2882 1762 2932 habens,
1791 2899 1893 2923 suam
1915 2889 2155 2939 operationem

1202 2957 1271 2981 non
1290 2943 1469 2993 ostendit3
1492 2944 1598 2981 homo
1612 2953 1748 2995 autem,
1766 2956 1991 2986 mansuetum
2011 2950 2155 2997 animal,

1203 3003 1372 3042 rationale
1402 3012 1435 3041 et
1464 3003 1680 3055 benignum,
1716 3007 1892 3046 contraria
1919 3023 1991 3047 suae
2021 3020 2156 3050 natura*

1195 3139 1207 3152 ν
1228 3126 1377 3160 Co'bert.
1396 3137 1478 3158 unus
1492 3129 1557 3164 τοὺς
1574 3134 1623 3161 τοῦ
1640 3132 1705 3161 θεοῦ
1721 3130 1828 3173 Οερὲπζ
1851 3128 1936 3162 thid.
1958 3131 2058 3164 Savil.
2076 3134 2156 3172 Rex.

110 3177 295 3220 ὃιιρὺὶαττε.
313 3177 389 3209 Mox
413 3177 512 3210 iidem
530 3184 577 3213 ἐπὶ
590 3188 643 3218 τῆς
664 3185 800 3223 καμίνου.
815 3179 931 3212 Mon-el.
950 3184 979 3213 ἐν
1001 3188 1039 3225 τῇ
1064 3196 1116 3214 ιω-
1153 3191 1234 3212 unus
1251 3187 1283 3211 et.
1303 3177 1428 3211 Coislin
1459 3184 1556 3224 ὁρμὴν
1572 3185 1648 3213 εἴσω.

110 3231 197 3269 tuive?-

155 3277 284 3313 esavit.
301 3286 335 3310 et.
359 3287 437 3312 octo
468 3281 544 3313 Mss.
571 3287 596 3316 οἱ
624 3286 888 3325 ὲμὸάλλοντις,θῑ
915 3281 1014 3325 Paulo
1045 3291 1115 3325 1³0²·-
1154 3300 1173 3325 <'·'

115 3331 317 3364 ἑτεδεῆτνυται.

330 3408 424 3432 Τίῖἢί.
451 3410 501 3436 Ιὶᾭ

1198 3233 1212 3255 Ι·
1229 3231 1284 3263 Sic
1307 3241 1421 3263 omnes
1444 3229 1510 3261 sere
1533 3239 1650 3273 praeter
1668 3233 1779 3266 Movet.
1795 3235 1850 3277 qui
1875 3235 1974 3268 habet
1991 3243 2024 3270 τὸ
2041 3240 2074 3275 δὴ
2091 3243 2161 3271 θαυ-

1205 3300 1260 3318 ἳῗΰ·

1955 3423 1979 3453 ⁴.)

2210 2106 2362 2134 Elementa

2171 2157 2268 2175 servus
2306 2148 2361 2175 Dei

2171 2194 2355 2217 reverentur.

2380 1469 2405 1486 q

2356 1486 2404 1516 '¹4⁴
