2533 3791
754 214 798 246 m
837 215 939 245 CAP.
977 214 1041 244 ut.
1080 212 1200 244 GENF.

163 302 280 357 ἐτέρου
304 300 521 354 ἀποσχέσθαι
551 297 656 338 αὐτὸν
683 297 912 351 προσέταξεν,
937 297 960 344 ἢ
989 296 1091 348 μόνον
1127 298 1188 336 τοῦ

163 364 260 409 ξύλου
273 393 283 410 ,
305 357 343 402 οὗ
365 365 427 409 τῆς
460 360 623 416 βρώσεως
645 360 917 411 κατατολμήσας
947 359 987 397 τὸ
1014 356 1186 409 ἐπιτίμιον

161 431 221 465 τοῦ
239 425 387 465 θανάτου
402 423 557 468 ἐδέξατο·
577 422 663 474 ὅπερ
679 421 919 472 ἐντελλόμενος
941 421 1036 472 αὐτῷ
1045 419 1185 473 ὥρισεν,

161 489 192 526 εἰ
210 486 391 539 παραὸαίη
405 515 415 532 ,
435 485 515 537 περὶ
533 488 593 523 τοῦ
608 487 670 531 τῆς
698 485 789 529 ζωῆς
806 482 906 527 ξύλου
924 482 1019 521 οὐδὲν
1035 482 1186 520 διαστει-

160 549 322 599 λάμενος.
339 546 486 594 Ἐπειδὴ
499 545 587 599 γὰρ,
607 548 654 590 ὡς
672 548 844 597 ἠγοῦμαι,
860 544 920 583 καὶ
934 543 1008 582 ἔστι
1021 544 1184 591 συνιδεῖν,

161 610 332 650 ἀθάνατον
365 608 466 648 αὐτὸν
498 607 789 659 ἐδημιούργησεν,
821 607 899 654 ἐξῆν
935 608 1029 657 αὐτῷ
1041 635 1051 652 ,
1089 604 1186 655 εἴπερ

161 671 341 719 ἐὸούλετο,
365 669 454 721 μετὰ
478 672 548 708 τῶν
569 669 682 707 ἄλλων
707 668 766 707 καὶ
788 667 919 706 ἐκείνου
949 664 1187 717 μεταλαμὸά-

162 748 252 780 νειν,
271 731 460 783 δυναμένου
479 732 621 776 διηνεκῆ
641 730 704 777 τὴν
736 728 827 775 ζωὴν
860 730 953 780 αὐτῷ
987 725 1164 778 προξενεῖν
1178 741 1186 748 ·

161 794 282 846 διόπερ
301 791 463 842 οὐδεμίαν
482 791 622 838 ἐντολὴν
642 789 722 841 περὶ
747 789 876 828 ἐκείνου
899 788 1051 840 δέχεται.

211 854 257 891 Εἰ
273 852 311 890 δέ
328 867 381 894 τις
400 850 558 902 βούλοιτο
579 849 760 903 περίεργος
779 848 825 886 ὣν
843 851 972 897 ζητεῖν,
993 846 1049 885 διὰ
1071 846 1106 884 τί
1130 845 1188 890 ξύ-

158 914 217 951 λον
236 915 327 959 ζωῆς
345 913 521 959 ἐκαλεῖτο,
541 911 744 961 μανθανέτω
760 909 809 961 μὴ
825 909 942 948 πάντα
970 907 1060 959 μετὰ
1084 910 1186 961 ἀκρι-

157 973 254 1017 6είας
283 979 353 1017 τοῖς
381 971 518 1016 οἰκείοις
540 974 719 1023 λογισμοῖς
750 972 1002 1009 ἀκολουθοῦντα
1021 968 1187 1008 δύνασθαι

156 1034 214 1073 τὸν
231 1034 412 1087 ἄνθρωπον
441 1033 500 1070 καὶ
532 1032 576 1070 τὰ
606 1035 665 1070 τοῦ
702 1032 796 1070 Θεοῦ
829 1030 914 1084 ἔργα
943 1029 1184 1069 κατοπτεύειν.

155 1094 278 1139 Ἔδοξε
297 1094 366 1147 γὰρ
381 1096 431 1147 τῷ
449 1093 610 1146 Δεσπότῃ
623 1124 633 1141 ,
658 1092 716 1131 ἰ’να
733 1092 932 1145 γυμνασίαν
948 1092 1012 1144 ἔχῃ
1029 1093 1185 1138 ὑπακοῆς

156 1156 216 1194 καὶ
233 1158 415 1207 παρακοῆς
445 1158 464 1193 6
490 1157 550 1194 ὕπ’
576 1156 679 1194 αὐτοῦ
709 1153 976 1207 δημιουργηθεὶς
1006 1153 1186 1206 ἄνθρωπος

157 1219 192 1256 ἐν
207 1219 257 1268 τῷ
275 1216 480 1270 παραδείσῳ
497 1215 647 1266 διάγων,
666 1215 726 1254 καὶ
745 1215 790 1254 τὰ
808 1214 867 1254 δύο
884 1218 995 1253 ταῦτα
1013 1213 1096 1259 ξύλα
1116 1216 1187 1253 ἐκεῖ

157 1276 350 1324 ἀναδεῖξαι,
371 1277 412 1315 τὸ
440 1277 502 1327 μὲν
521 1280 583 1323 τῆς
616 1278 726 1322 ζωῆς,
758 1275 872 1322 τὸδὲ,
901 1277 948 1319 ὡς
983 1277 1108 1322 εἰπεῖν,
1127 1279 1187 1314 τοῦ

156 1334 318 1373 θανάτου.
335 1334 380 1372 ‘ll
405 1334 472 1386 γὰρ
491 1334 614 1372 τούτου
643 1336 772 1386 βρῶσις
791 1334 852 1372 καὶ
866 1338 888 1380 ἡ
905 1333 1105 1385 παράὸασις
1123 1335 1187 1380 τῆς

157 1397 298 1443 ἐντολῆς
314 1395 372 1434 τὸν
388 1395 534 1435 θάνατον
550 1397 645 1447 αὐτῷ
660 1395 849 1448 ἐπήγαγεν.
865 1394 970 1433 Ἐπεὶ
989 1389 1046 1433 οὖν
1062 1394 1185 1433 τούτου

157 1455 345 1508 μετασχὼν
360 1456 482 1503 θνητὸς
495 1456 636 1508 γέγονε,
650 1455 710 1494 καὶ
730 1461 806 1499 ταῖς
821 1458 881 1494 τοῦ
898 1454 1061 1505 σώματος
1079 1455 1185 1507 ἀνάγ-

155 1531 234 1559 καις
251 1515 370 1555 λοιπὸν
391 1516 599 1566 ὑπεύθυνος,
617 1516 678 1555 καὶ
703 1515 816 1569 ἀρχὴν
845 1512 950 1554 ἔλαὸε
978 1518 1042 1562 τῆς
1067 1517 1184 1573 ἁμαρ-

154 1575 231 1621 τίας
245 1579 266 1623 ἡ
288 1577 419 1621 εἴσοδος
429 1608 440 1625 ,
461 1578 504 1616 δι’
522 1578 564 1625 ἣν
578 1578 639 1616 καὶ
653 1580 670 1616 6
690 1577 833 1621 θάνατος
845 1577 912 1616 ὑπὸ
925 1580 985 1615 τοῦ
1001 1577 1182 1617 Δεσπότου

154 1637 399 1690 συμφερόντως
428 1639 655 1692 ᾠκονομήθη,
675 1639 791 1678 οὖκέτι
815 1639 937 1677 λοιπὸν
972 1638 1114 1691 ἀφίησιν
1148 1642 1183 1679 ἐν

153 1701 204 1751 τῷ
231 1700 435 1753 παραδείσῳ
459 1700 518 1739 τὸν
534 1701 663 1751 Ἀδὰμ,
679 1702 756 1739 ἀλλ’
773 1699 917 1744 ἐξελθεῖν
934 1702 1062 1739 ἐκεῖθεν
1079 1717 1186 1754 προσ-

154 1760 296 1807 τάττει,
322 1762 472 1808 δεικνὺς,
494 1762 548 1800 ὅτι
574 1763 618 1800 δι’
645 1761 742 1800 οὐδὲν
759 1761 874 1813 ἕτερον
890 1766 990 1800 τοῦτο
1005 1760 1142 1810 ι’ποιεῖ,
1160 1762 1183 1809 ἢ

156 1822 213 1861 διὰ
228 1823 293 1870 τὴν
308 1823 569 1877 φιλανθρωπίαν
587 1823 652 1870 τὴν
675 1823 756 1875 περὶ
773 1823 886 1860 αὐτόν.
906 1823 978 1861 Καὶ
993 1822 1050 1861 ἵνα
1065 1822 1184 1873 μάθω-

158 1898 222 1932 μεν
247 1884 418 1937 ἀκριδῶς,
451 1885 638 1935 ἀναγκαῖον
657 1883 747 1922 αὐτὰ.
780 1883 886 1921 πάλιν
910 1886 1107 1935 ἀναγνῶναι
1138 1884 1184 1922 τὰ

158 1942 300 1994 ῥήματα
311 1947 374 1989 τῆς
390 1943 483 1987 θείας
498 1945 654 1996 Γραφῆς.
672 1943 743 1982 Καὶ
755 1947 828 1990 νῦν,
847 1943 950 1995 φησὶ,
969 1945 1017 1995 μή
1030 1960 1114 1983 ποτε
1129 1946 1185 1983 ἐκ-

157 2003 253 2054 τείνῃ
267 2003 330 2050 τὴν
339 2009 441 2056 χεῖρα
452 2033 462 2052 ,
477 2004 537 2041 καὶ
550 2003 642 2055 λάὸῃ
658 2003 728 2042 ἀπὸ
742 2007 802 2042 τοῦ
814 2003 912 2048 ξύλου
927 2008 988 2051 τῆς
1003 2007 1111 2054 ζωῆς,
1125 2005 1185 2044 καὶ

158 2064 250 2116 φάγῃ
261 2095 271 2111 ,
286 2065 345 2102 καὶ
362 2064 504 2110 ζήσεται
524 2066 571 2107 εἷς
590 2064 647 2102 τὸν
664 2066 788 2102 αἰῶνα.
810 2064 958 2112 Ἐπειδὴ
973 2065 1042 2117 γὰρ
1055 2096 1064 2113 ,
1080 2066 1184 2118 φησὶ,

157 2127 288 2170 πολλῆς
304 2124 472 2177 ἀκρασίας
491 2124 662 2175 δείγματα
676 2124 835 2177 παρέσχε
852 2125 909 2164 διὰ
923 2129 987 2172 τῆς
1000 2126 1067 2172 ἤδη
1080 2126 1186 2164 δοθεί-

157 2201 221 2231 σης
234 2187 374 2231 ἐντολῆς
385 2215 394 2232 ,
415 2185 475 2224 καὶ
493 2185 615 2231 θνητὸς
634 2185 788 2237 γέγονεν,
801 2185 860 2223 ἵνα
875 2185 923 2237 μὴ
937 2186 1058 2236 πάλιν,
1076 2187 1182 2239 φησὶ,

156 2247 406 2298 κατατολμήσῃ
436 2246 497 2284 καὶ
523 2246 645 2285 τούτου
672 2251 733 2285 τοῦ
766 2245 864 2290 ξύλου
894 2247 1092 2299 ἐφάψασθαι
1123 2251 1184 2286 τοῦ

154 2306 218 2354 τὴν
236 2306 327 2354 ζωὴν
345 2306 558 2360 παρέχοντος
576 2307 639 2354 τὴν
660 2308 820 2354 διηνεκῆ,
853 2308 914 2346 καὶ
951 2308 1062 2361 μέλλῃ
1099 2308 1186 2347 ἀθά-

155 2383 243 2405 νατα
271 2368 502 2419 ἁμαρτάνειν,
531 2367 664 2419 βέλτιον
685 2367 786 2406 αὐτὸν
808 2370 961 2408 ἐντεῦθεν
977 2373 991 2390 ⁶
1005 2368 1070 2414 ἔξω
1091 2372 1184 2422 βλη-

157 2430 277 2473 θῆναι·
299 2427 390 2466 ὤστε
414 2428 624 2479 κηδεμονίας
644 2431 775 2480 μᾶλλον
806 2424 848 2477 ῆν
870 2429 892 2476 ἢ
913 2431 1184 2482 ἀγανακτήσεως

158 2491 180 2535 ἡ
201 2488 329 2535 ἐκῧολὴ
347 2493 407 2527 τοῦ
422 2488 645 2541 παραδείσου,
661 2491 694 2528 T
697 2493 827 2534 οιοῧτος
845 2491 912 2545 γὰρ
932 2495 950 2530 ὁ
970 2492 1150 2541 Δεσπότης
1165 2497 1184 2532 6

155 2547 342 2600 ἡμέτερος·
362 2549 422 2587 καὶ
453 2549 713 2602 τιμωρούμενος
742 2552 804 2590 οὐκ
833 2551 974 2590 ἔλαττον
994 2551 1016 2598 ἢ
1044 2555 1182 2606 εὐεργε-

156 2612 224 2648 τῶν
242 2610 305 2657 τὴν
323 2611 404 2664 περὶ
424 2614 518 2662 ἡμᾶς
545 2612 756 2662 κηδεμονίαν
776 2613 1007 2662 ἐνδείκνυται,
1028 2615 1087 2652 καὶ
1118 2615 1181 2663 τὴν

155 2671 326 2723 τιμωρίαν
353 2671 389 2710 δὲ
413 2671 527 2710 ἕνεκεν
553 2672 730 2717 νουθεσίας
749 2677 834 2724 ἡμῖν
858 2674 992 2728 ἐπάγει.
1019 2674 1082 2719 Ὡς
1112 2676 1182 2727 εἴγε

155 2732 230 2783 ᾔδει
263 2736 359 2784 ἡμᾶς
397 2733 446 2784 μὴ
480 2733 616 2788 χείρους
652 2736 855 2786 γενομένους
894 2739 946 2789 τῷ
985 2738 1184 2790 ἀτιμωρητὶ

155 2794 378 2846 ἁμαρτάνειν,
397 2797 460 2834 οὗκ
478 2794 518 2833 ἂν
535 2795 613 2834 οὐδὲ
631 2796 892 2851 ἐτιμωρήσατο·
914 2798 1006 2837 ἀλλὰ
1027 2815 1183 2853 προανα-

156 2854 308 2893 στέλλων
334 2857 435 2906 ἧμῶν
456 2855 519 2903 τὴν
553 2857 611 2895 ἐπὶ
636 2857 676 2896 τὸ
702 2865 818 2911 χεῖρον
845 2858 1006 2912 πρόοδον,
1027 2860 1087 2898 καὶ
1115 2859 1180 2906 τὴν

156 2914 322 2969 πονηρίαν
343 2916 520 2956 ἐκκόπτων
549 2916 613 2966 τὴν
645 2919 702 2958 ἐπὶ
735 2920 775 2959 τὸ
805 2920 946 2972 πρόσω,
965 2921 1028 2968 τὴν
1049 2921 1179 2960 οἰκείαν

156 2976 415 3030 φιλανθρωπίαν
440 2979 651 3030 μιμούμενος
678 2987 903 3034 τιμωρεῖται·
931 2982 949 3021 ὃ
982 2981 1024 3029 δὴ
1047 2981 1107 3020 καὶ
1125 2985 1184 3021 νῦν

156 3037 337 3084 πεποίηκε.
356 3039 556 3091 Κηδόμενος
576 3040 644 3094 γὰρ
660 3045 721 3080 τοῦ
738 3042 1036 3094 πρωτοπλάστου,
1055 3041 1185 3090 ἐκὸλη-

157 3100 257 3143 θῆναι
274 3102 334 3136 τοῦ
348 3099 561 3151 παραδείσου
574 3101 676 3139 αὐτὸν
686 3102 888 3155 προσέταξε.
900 3103 974 3142 Καὶ
984 3103 1184 3148 ἐξαπέστει-

155 3158 214 3195 λεν
231 3159 344 3206 αὖτὸν,
366 3161 472 3213 φησὶ,
493 3161 620 3215 Κύριος
634 3166 652 3201 6
665 3164 755 3208 Θεὸς
768 3165 807 3202 ἐκ
815 3168 876 3202 τοῦ
890 3164 1104 3219 παραδείσου
1121 3166 1184 3209 τῆς

157 3221 305 3272 τρυφῆς,
322 3221 526 3274 ἐργάζεσθαι
541 3222 606 3270 τὴν
626 3223 746 3278 γῆνιέξ
769 3219 811 3272 ἧς
829 3224 975 3278 ἐλήφθη.
1007 3223 1105 3277 ονΟροι
1122 3240 1182 3277 μοι

203 3331 220 3356 ¹·
235 3332 317 3385 Tres
331 3334 408 3368 Mss-
425 3344 518 3377 ποιεῖ,
535 3337 604 3372 ἀλλ’
622 3343 652 3376 ἥ-

202 3392 214 3406 e
232 3387 295 3423 Ego
318 3389 477 3427 βληθῆναι.
502 3387 558 3422 sic
583 3399 699 3423 omnes
724 3389 790 3423 sere
813 3398 931 3433 χιι-επιει-
957 3389 1087 3428 Μοτι31.,
1106 3391 1162 3433 «ιυί

2123 204 2200 249 ιὸι

1259 311 1279 335 a
1298 297 1399 335 nullo
1417 297 1489 336 alio
1512 296 1689 336 abstinere
1709 298 1897 350 p1·aecepit‚
1912 313 2020 349 quain
2040 300 2086 338 ab
2107 302 2210 339 unico

1259 357 1372 410 ligno,
1385 358 1430 397 de
1443 373 1514 410 quo
1532 358 1617 410 quia
1630 358 1732 396 edere
1745 358 1813 396 fuit
1826 373 1952 408 ausus,
1969 373 2070 411 poena
2087 363 2210 399 mortis

1259 419 1329 472 ipsi
1348 419 1503 471 irrogata
1521 429 1594 458 est:
1615 419 1712 471 quod
1726 433 1806 458 cum
1824 420 2031 473 praeciperet
2050 421 2103 458 illi
2121 422 2208 459 defi-

1260 480 1368 531 nivit,
1382 481 1410 518 si
1426 481 1730 533 praevaricaretur,
1744 480 1790 519 de
1801 481 1900 533 ligno
1914 481 1998 520 vitae
2008 481 2097 520 nihil
2111 497 2208 535 pra:-

1259 542 1406 594 cipiens.
1431 542 1736 594 Quandoquidem
1762 542 1869 592 enim,
1903 551 1942 580 ut
1964 543 2151 592 existimo,
2177 554 2211 583 et

1258 602 1454 653 intelligere
1466 612 1530 651 est,
1545 603 1783 641 immortalem
1798 603 1902 641 illum
1915 603 2061 653 creavit,
2074 605 2212 656 potuis-

1259 672 1309 701 set
1324 663 1412 715 ipse,
1430 664 1458 702 si
1472 664 1653 711 voluisset,
1665 678 1746 703 cum
1760 665 1840 703 aliis
1853 665 1959 703 etiam
1976 665 2021 704 de
2034 665 2101 704 hoc
2114 667 2210 705 vesci

1258 723 1356 773 quod
1388 734 1595 776 perpetuam
1616 725 1671 762 illi
1700 726 1906 764 contulisset
1931 726 2071 766 vitam:
2104 741 2212 779 quare

1259 783 1400 821 nullum
1414 784 1625 822 mandatum
1638 784 1684 823 de
1702 785 1765 823 illo
1779 787 1926 838 accepit.

1311 845 1348 882 5.
1366 844 1405 882 Si
1428 854 1547 883 autem
1566 845 1725 883 curiosus
1743 846 1874 896 aliquis
1893 857 2008 899 rogat,
2031 863 2141 899 quare
2169 849 2212 887 li-

1212 921 1236 952 c
1259 916 1369 955 gnum
1401 905 1486 944 vitae
1519 906 1565 944 sit
1596 906 1816 958 appellatum
1833 922 1840 943 :
1874 907 1975 955 sciat,
2007 922 2074 946 non
2111 924 2213 961 posse

1257 965 1451 1017 hominem,
1477 967 1550 1006 suis
1576 967 1743 1006 innixum
1767 968 1976 1016 ratiociniis,
2007 970 2124 1007 omnia
2146 972 2212 1008 Dei

1257 1040 1364 1079 opera
1396 1028 1566 1067 contueri.
1596 1029 1728 1068 Visum
1759 1029 1853 1067 enim
1878 1029 1946 1067 fuit
1977 1030 2145 1079 Domino,
2175 1041 2213 1069 ut

1254 1089 1544 1128 exercitationem
1571 1089 1768 1141 quamdam
1787 1089 1997 1129 obedientia:
2019 1100 2053 1129 ct
2086 1091 2213 1129 inobe-

1255 1148 1398 1188 dientiae
1416 1151 1564 1190 haberet
1581 1151 1690 1189 homo
1705 1165 1725 1188 a
1741 1165 1778 1189 se
1794 1151 1920 1199 sactus,
1941 1161 1973 1190 et
1994 1152 2030 1189 in
2045 1152 2212 1204 paradiso

1255 1210 1399 1263 degens,
1411 1221 1449 1250 ut
1461 1212 1534 1251 duo
1547 1213 1614 1251 ista
1626 1212 1725 1264 ligna
1739 1212 1790 1250 ibi
1802 1212 2045 1263 constitueret,
2060 1212 2213 1250 alterum

1257 1272 1404 1324 quidem
1419 1274 1517 1322 vitae,
1535 1275 1689 1313 alterum
1706 1287 1806 1323 vero,
1828 1283 1869 1311 ut
1887 1275 1939 1312 sic
1958 1274 2099 1325 loquar,
2117 1288 2212 1312 mor—

1257 1333 1313 1371 tis.
1333 1335 1427 1373 Nam
1446 1335 1522 1388 ejus
1541 1349 1621 1374 esus
1639 1344 1674 1373 et
1696 1335 1912 1386 trangressio
1932 1334 2091 1373 mandati
2111 1349 2212 1374 mor—

1256 1403 1325 1433 tem
1343 1395 1398 1434 illi
1413 1396 1548 1434 attulit.
1567 1395 1723 1443 Quando
1737 1395 1860 1448 igitur,
1875 1395 1938 1433 ubi
1954 1395 1999 1435 de
2014 1396 2082 1434 hoc
2101 1410 2213 1434 come-

1255 1455 1321 1505 dit,
1338 1456 1500 1495 mortalis
1519 1457 1635 1496 factus
1658 1465 1726 1507 est,
1745 1455 1974 1508 corporisque
1997 1455 2213 1494 necessitati-

1253 1513 1322 1552 bus
1340 1514 1532 1564 obnoxius,
1548 1524 1581 1553 et
1594 1514 1714 1567 primo
1728 1523 1916 1567 peccatum
1930 1515 2129 1567 ingressum
2144 1524 2210 1561 est,

1255 1584 1400 1627 propter
1416 1575 1515 1626 quod
1532 1585 1566 1613 et
1585 1589 1680 1614 mors
1699 1590 1720 1613 a
1740 1575 1896 1613 Domino
1914 1575 2051 1613 utiliter
2068 1574 2212 1627 dispen-

1207 1649 1234 1680 D
1255 1645 1330 1674 saia
1345 1645 1408 1685 est,
1423 1650 1493 1675 non
1507 1637 1657 1689 posthac
1672 1636 1708 1674 in
1722 1637 1887 1688 paradiso
1902 1636 2071 1687 relinquit
2086 1636 2212 1686 Adam,

1254 1697 1319 1736 sed
1329 1699 1428 1736 exire
1445 1697 1530 1736 inde
1544 1698 1662 1750 jubet,
1684 1707 1885 1737 monstrans
1902 1712 1938 1736 se
1956 1707 2103 1750 propter
2121 1698 2212 1736 nihil

1255 1759 1358 1797 aliud
1387 1759 1455 1797 hoc
1483 1759 1609 1807 facere,
1642 1772 1750 1809 quam
1781 1767 1928 1810 propter
1957 1758 2213 1810 benignitatem

1254 1833 1325 1870 qua
1341 1819 1445 1857 illum
1461 1819 1757 1872 prosequebatur.
1775 1818 1823 1856 Et
1843 1828 1882 1856 ut
1898 1819 1966 1857 hoc
1981 1829 2142 1858 accurate
2157 1819 2214 1858 di-

1255 1893 1408 1928 scamus,
1420 1880 1707 1933 operaepretium
1725 1879 1830 1917 fuerit
1848 1880 1954 1918 verba
1970 1879 2105 1918 divinae
2117 1881 2214 1919 Scri-

1255 1949 1369 1992 pturae
1383 1940 1500 1979 denuo
1516 1941 1644 1992 legere.
1667 1942 1704 1978 E
1708 1949 1722 1978 t
1739 1954 1853 1987 nunc,
1876 1940 2004 1991 inquit,
2022 1956 2070 1980 ne
2088 1955 2213 1994 quan-

1256 2002 1306 2039 do
1319 2003 1502 2040 extendat
1512 2015 1674 2040 manum
1684 2031 1693 2049 ,
1702 2010 1737 2039 et
1746 2003 1969 2053 accipiatde
1979 2003 2084 2054 ligno
2098 2006 2207 2050 νέω),

1257 2071 1293 2101 et
1311 2063 1489 2101 comedat
1507 2092 1518 2112 ‚
1545 2071 1582 2100 et
1602 2065 1715 2100 vivat
1737 2064 1779 2098 in
1797 2071 1996 2101 aeternum.
2015 2064 2106 2100 Nam
2126 2064 2211 2114 quia

1255 2122 1695 2175 magnaintemperantiae‚
1722 2122 1852 2172 inquit,
1871 2122 2003 2160 indicia
2023 2123 2209 2169 exhibuit,

1254 2183 1594 2236 praevaricandoque
1608 2182 1817 2221 mandatum
1832 2183 1993 2221 mortalis
2010 2183 2125 2221 factus
2145 2193 2210 2231 est,

1254 2258 1299 2283 ne
1308 2259 1402 2284 nunc
1413 2245 1608 2296 etlignum‚
1617 2243 1714 2295 quod
1725 2243 1837 2281 vitam
1844 2243 1979 2296 praebet
1989 2244 2207 2293 continuam,

1255 2306 1428 2357 attingere
1463 2305 1605 2355 audeat,
1638 2313 1848 2357 peccaturus
1879 2315 2063 2358 perpetuo,
2099 2306 2210 2344 satius

1255 2367 1362 2406 suerit
1374 2367 1459 2406 hinc
1470 2367 1590 2419 ipsum
1600 2366 1693 2418 ejici;
1713 2365 1761 2403 ita
1773 2374 1812 2403 ut
1826 2366 1941 2417 magis
1954 2365 2190 2418 providentiae
2199 2397 2209 2415 ‚

1255 2442 1363 2480 quam
1382 2426 1638 2478 indignationis
1658 2426 1765 2464 fuerit
1780 2426 1842 2464 illa
1864 2427 2003 2479 ejectio.
2028 2427 2097 2465 Hic
2112 2427 2210 2465 enim

1255 2503 1331 2528 mos
1350 2498 1402 2528 est
1420 2487 1567 2526 Domini
1582 2486 1717 2537 nostri,
1749 2495 1788 2524 ut
1816 2486 1968 2538 puniens
1994 2500 2063 2524 non
2089 2487 2209 2524 minus

1255 2565 1363 2602 quam
1382 2548 1602 2588 benefaciens
1617 2561 1719 2585 suam
1733 2560 1816 2598 erga
1833 2560 1897 2584 nos
1910 2545 2066 2584 declaret
2086 2547 2209 2598 provi-

1254 2610 1428 2655 dentiam,
1453 2607 1586 2659 quippe
1610 2615 1644 2644 et
1667 2606 1759 2643 hanc
1788 2619 1929 2658 poenam
1956 2604 2209 2645 admonitionis

1255 2671 1370 2725 gratia
1387 2668 1490 2708 nobis
1510 2666 1695 2718 irrogavit.
1707 2665 1801 2712 Quia
1824 2665 1947 2716 utique
1962 2665 1992 2703 si
2006 2666 2209 2705 scisset-nos

1255 2746 1326 2771 non
1350 2731 1488 2784 pejores
1513 2727 1589 2765 fieri
1607 2726 1754 2778 impune
1782 2724 1976 2778 peccando,
1998 2726 2207 2777 neutiquam

1255 2793 1351 2831 ultra
1366 2790 1560 2844 puniisset:
1583 2786 1646 2825 sed
1665 2795 1704 2824 ut
1721 2785 1891 2838 reprimat
1907 2794 2067 2824 nostrum
2083 2786 2129 2824 ad
2146 2786 2207 2825 de-

1254 2854 1384 2893 teriora
1408 2861 1635 2904 progressum
1648 2876 1657 2894 ‚
1681 2855 1715 2884 et
1732 2846 1835 2884 tollat
1852 2845 2028 2884 malitiam
2056 2847 2207 2885 ulterius

1195 2904 1242 2972 ¹2¹⁸
1255 2919 1484 2965 grassantem,
1496 2920 1596 2946 suam
1606 2903 1780 2943 servando
1787 2902 2080 2952 misericordiam,
2088 2905 2204 2956 punit:

1253 2975 1290 3014 id
1303 2972 1398 3025 quod
1417 2980 1452 3009 et
1469 2981 1563 3007 nunc
1577 2966 1671 3004 fecit.
1687 2965 1820 3003 Curam
1839 2964 1935 3003 enim
1951 2978 2059 3016 agens
2080 2964 2206 3016 primi-

1252 3035 1347 3089 genii
1364 3030 1534 3077 hominis,
1555 3027 1636 3080 ejici
1662 3025 1785 3079 ipsum
1801 3032 1821 3063 e
1840 3024 2007 3077 paradiso
2022 3026 2202 3078 praecepit.

1251 3098 1315 3136 25.
1336 3096 1390 3134 Et
1406 3093 1531 3132 emisit
1550 3088 1663 3126 illum
1678 3088 1873 3125 Dominus
1892 3087 2000 3124 Deus
2020 3100 2067 3124 ex
2084 3100 2205 3138 para-

1250 3160 1334 3196 diso
1353 3154 1582 3204 voluptatis,
1603 3155 1646 3187 ut
1662 3155 1886 3200 operaretur
1899 3155 2044 3184 terram
2057 3147 2105 3184 de
2123 3160 2204 3198 qua

1250 3226 1396 3259 sumtus
1412 3222 1481 3253 est.
1495 3213 1630 3250 lterum
1644 3223 1720 3259 oro,
1735 3216 1776 3247 ut
1790 3207 1850 3247 hic
1865 3207 2202 3260 divinaeScripturae

1203 213 1241 244 5.
1281 213 1442 244 noant„
1481 214 1608 245 xvm.

1208 2391 1234 2422 Ε

1193 3335 1296 3369 habet
1312 3336 1481 3372 ἐξωσθῆναι.
