2433 3775
717 204 757 233 ΙΝ
796 203 896 233 CAP.
939 202 968 231 Ι.

76 290 200 332 ἐνιέναι
218 291 315 341 ὑμῶν
336 291 379 340 τῇ
408 287 543 339 διανοίᾳ
564 286 816 337 σπουδάζομεν,
839 283 1100 326 ὓποδεικνύντες

76 355 156 402 ὑμῖν
175 351 235 389 καὶ
261 350 306 388 τὰ
336 349 504 401 βλάπτειν
532 347 706 398 δυνάμενα
739 347 796 386 τὸν
820 346 949 398 σπόρον
979 349 1097 384 τοῦτον

76 411 133 450 τὸν
154 410 401 462 πνευματικὸν,
431 408 522 448 ὥστε
548 408 598 460 μὴ
626 409 780 456 ἁλῶναι,
812 408 900 459 μηδὲ
928 406 991 454 τὴν
1018 408 1098 458 ὑγιῆ

76 475 144 511 τῶν
165 472 346 524 δογμάτων
367 470 594 510 διδασκαλίαν
622 472 832 509 ἐπιθολῶσαι
851 473 894 520 τῇ
913 468 1009 520 λύμῃ
1030 470 1100 505 τῶν

78 533 342 586 ἐπιχειρούντων
364 531 409 570 τὰ
436 533 475 569 ἐκ
492 534 562 569 τῶν
589 530 726 569 οἰκείων
753 532 930 582 λογισμῶν
959 528 1102 567 ἐπεισά-

77 609 149 645 γειν
182 600 252 637 τοῖς
271 597 332 640 τῆς
351 591 567 639 Ἔκκλησίας
590 592 772 642 δόγμασιν.
794 587 986 643 ’Υμέτερον
1010 590 1039 626 δ’
1062 589 1103 626 ἂν

78 656 132 703 εἴη
162 656 282 694 λοιπὸν
308 655 395 706 μετὰ
416 654 593 707 ἀκριὸείας
613 653 797 706 φυλάττειν
825 653 869 690 τὰ
887 666 1102 703 παρακατα-

78 716 264 768 τιθέμενα,
293 717 353 754 καὶ
378 715 466 762 ι’τὴν
485 715 628 766 μνήμην
659 714 878 752 ἀδιάπτωτον
909 711 1105 758 διασώζειν,

78 776 135 816 ἵνα
156 778 214 815 καὶ
241 784 312 821 τοῖς
332 777 410 823 ἑξῆς
430 778 505 826 μετ’
529 774 685 818 εὐκολίας
705 774 849 821 δύνησθε
878 774 1104 824 παρακολου-

80 843 162 877 θεῖν.
185 840 228 876 Εἰ
251 838 318 890 γὰρ
339 837 388 888 μὴ
415 842 472 874 νῦν
494 836 554 874 καὶ
571 839 673 886 ἡμεῖς
693 834 937 885 καταὸαίημεν
958 833 1044 885 πρὸς
1061 832 1106 870 τὰ

82 899 255 952 βαθύτερα
273 902 341 936 τῶν
362 897 560 949 νοημάτων,
581 896 641 935 καὶ
670 898 768 947 ὑμεῖς
787 896 987 943 συντείνητε
1009 897 1105 945 ὑμῶν

81 961 145 1008 τὴν
170 960 339 1006 διάνοιαν,
369 959 425 998 ὅτε
453 958 616 1006 νηστείας
635 958 775 1010 καιρὸς,
808 957 865 997 ὅτε
904 962 1015 1010 κοῦφα
1045 955 1108 1008 μὲν

81 1025 166 1074 ἡμῖν
197 1020 242 1059 τὰ
274 1022 372 1059 κῶλα
399 1020 484 1072 πρὸς
517 1020 557 1058 τὸ
589 1019 778 1071 νήχεσθαι,
811 1018 969 1070 ὀξύτερον
1005 1017 1040 1056 δὲ
1068 1017 1108 1056 τὸ

82 1084 182 1135 ὄμμα
206 1086 268 1130 τῆς
291 1081 462 1128 διανοίας,
481 1083 532 1132 τῷ
552 1082 696 1132 πονηρῷ
715 1082 777 1126 τῆς
803 1082 935 1133 τρυφῆς
955 1079 1003 1130 μὴ
1035 1081 1109 1117 ἐνο-

82 1143 274 1196 χλούμενον
298 1142 462 1195 ῥεύματι,
484 1140 724 1195 διαρκέστερον
751 1141 786 1178 δὲ
813 1141 852 1180 τὸ
870 1144 1009 1191 πνεῦμα
1024 1139 1111 1192 πρὸς

83 1205 122 1244 τὸ
149 1205 197 1256 μὴ
218 1204 492 1255 ἀποπνίγεσθαι·
512 1202 596 1241 πότε
617 1202 835 1253 δυνησόμεθα
859 1208 873 1224 ⁶
886 1208 987 1241 τοῦτο
1005 1205 1111 1249 ποιῆ-

85 1283 161 1313 σαι;
189 1267 245 1305 ὅτε
266 1264 397 1319 τρυφὴ,
425 1264 484 1303 καὶ
517 1263 604 1315 μέθη
621 1295 629 1308 ,
657 1264 717 1302 καὶ
746 1263 945 1316 ἀδηφαγία,
975 1263 1036 1301 καὶ
1067 1262 1112 1300 τὰ
1132 1277 1157 1306 1)

86 1329 156 1367 ἀπὸ
185 1329 313 1367 τούτων
332 1326 518 1376 τικτόμενα
545 1325 657 1373 κακά,
681 1324 731 1364 Ἢ
753 1328 819 1378 οὐχ
833 1329 958 1378 ὁρᾶτε,
979 1325 1032 1364 ὅτι
1052 1325 1113 1363 καὶ

85 1391 116 1428 ot
138 1389 216 1433 τοὺς
239 1389 352 1432 λίθους
372 1387 512 1431 τούτους
538 1386 616 1430 τοὺς
643 1387 712 1425 ἀπὸ
734 1389 799 1433 τῆς
817 1386 995 1433 θαλάσσης
1017 1385 1111 1438 εὑρί-

86 1467 180 1490 σκειν
203 1449 422 1502 βουλόμενοι,
440 1449 503 1487 οὐκ
526 1448 598 1487 ἄνω
621 1447 719 1502 παρὰ
739 1448 797 1487 τὸν
827 1448 984 1499 αἰγιαλὸν
1005 1448 1113 1495 καθή-

89 1529 203 1564 μενοι,
215 1512 275 1550 καὶ
294 1512 337 1550 τὰ
356 1510 496 1561 κύματα
515 1513 741 1562 ἀριθμοῦντες
755 1540 765 1558 ,
783 1509 874 1549 οὕτω
893 1509 955 1557 τὴν
979 1509 1112 1562 εὕρεσιν

87 1577 286 1621 ποιοῦνται,
306 1573 382 1610 ἀλλ’
401 1574 449 1616 εἰς
475 1572 558 1610 αὐτὸ
576 1572 616 1610 τὸ
636 1572 739 1623 βάθος
756 1572 933 1615 καθιέντες
951 1570 1114 1621 ἑαυτοὺς,

85 1636 144 1674 καὶ
170 1637 218 1679 εἷς
247 1633 370 1677 αὐτοὺς
397 1636 444 1676 ὡς
464 1635 573 1672 εἰπεῖν
595 1632 673 1676 τοὺς
694 1632 844 1677 κόλπους
862 1636 925 1679 τῆς
959 1632 1113 1672 ἀὸύσσου

86 1696 262 1739 κατιόντες
274 1726 284 1743 ,
313 1694 402 1733 οὕτω
421 1697 489 1732 τῶν
513 1695 804 1746 σπουδαζομένων
823 1694 1115 1747 ἐπιτυγχάνουσι;

87 1757 211 1796 Καίτοι
225 1757 261 1796 τί
278 1756 368 1808 μέγα
396 1756 517 1808 ὄφελος
538 1755 726 1807 εἰσενέγκοι
747 1755 787 1794 ἂν
815 1758 863 1800 εἷς
882 1756 939 1794 τὸν
963 1755 1035 1807 βίον
1055 1756 1114 1794 τὸν

86 1818 256 1872 ἡμέτερον
278 1822 299 1865 ἡ
325 1820 394 1855 τῶν
413 1817 518 1855 λίθων
537 1816 678 1855 ἐκείνων
699 1815 855 1868 εὕρεσις;
876 1816 959 1855 Εἴθε
979 1816 1040 1868 μὲν
1056 1811 1114 1855 οὖν

90 1880 138 1931 μὴ
160 1880 315 1931 μεγάλην
334 1879 397 1925 τὴν
419 1878 554 1929 βλάὸην
581 1878 640 1915 καὶ
660 1877 794 1923 πολλὴν
812 1877 876 1924 τὴν
894 1878 1021 1928 ζημίαν
1043 1880 1115 1916 εἰσ-

89 1941 219 1994 ἔφερεν.
246 1940 424 1977 Ἐντεῦθεν
446 1937 514 1990 γὰρ
532 1937 576 1976 τὰ
595 1937 702 1989 μυρία
726 1938 884 1976 τίκτεται
900 1938 993 1977 κακὰ
1008 1969 1017 1986 ,
1047 1938 1116 1977 ἀπὸ
1137 1958 1161 1988 E

87 2004 150 2047 τῆς
166 2003 235 2038 τῶν
252 1999 444 2053 χρημάτων
467 1998 591 2049 μανίας
605 2029 614 2044 ,
636 1998 695 2037 καὶ
719 2001 781 2045 τῆς
799 1999 878 2051 περὶ
899 2004 1010 2038 ταῦτα
1031 1999 1115 2037 λύσ-

89 2078 164 2108 σης.
192 2061 281 2099 Ἀλλ’
303 2059 397 2110 ὅμως
421 2060 480 2097 καὶ
507 2058 679 2104 τοσαύτης
698 2058 732 2103 ἐξ
750 2059 890 2097 ἐκείνων
910 2060 1117 2110 τικτομένης

90 2121 244 2172 βλάὸης,
264 2121 349 2173 πρὸς
368 2119 463 2158 οὐδὲν
482 2122 640 2157 ὀκνοῦσιν
669 2121 700 2156 οἱ
729 2120 808 2171 περὶ
828 2124 938 2159 ταῦτα
963 2122 1117 2172 ἐσχόλα-

90 2182 187 2225 κότες
201 2211 210 2229 ,
242 2180 332 2220 ἀλλὰ
368 2181 428 2219 καὶ
460 2179 626 2223 κινδύνοις
657 2179 799 2224 ἑαυτοὺς
833 2180 1026 2230 ἐκδιδόασι,
1057 2182 1117 2220 καὶ

89 2242 196 2281 πολὺν
224 2241 327 2280 πόνον
346 2240 589 2290 ὑπομένουσιν,
615 2239 706 2279 ὥστε
733 2241 922 2287 δυνηθῆναι
947 2244 1057 2294 εὑρεῖν
1076 2242 1117 2280 τὸ

89 2304 307 2354 ζητούμενον.
332 2303 417 2341 Ἐπὶ
459 2302 496 2340 δὲ
523 2305 591 2341 τῶν
626 2302 723 2340 θείων
761 2304 924 2355 Γραφῶν,
956 2304 1016 2342 καὶ
1046 2307 1115 2343 τῶν

88 2367 334 2416 πνευματικῶν
350 2363 481 2402 τούτων
494 2363 556 2401 καὶ
580 2363 705 2414 τιμίων
723 2363 843 2413 λίθων,
863 2364 942 2403 οὔτε
958 2364 1115 2405 κίνδυνόν

90 2427 182 2465 ἐστιν
199 2425 380 2464 ὑπιδέσθαι
396 2455 405 2472 ,
423 2424 483 2462 καὶ
499 2427 517 2462 ὃ
531 2423 635 2468 πόνος
653 2427 690 2463 οὐ
710 2424 817 2469 πολὺς
829 2456 839 2474 ,
859 2426 919 2464 καὶ
938 2426 978 2465 τὸ
996 2426 1118 2479 κέρδος

90 2488 233 2540 ἄφατον,
263 2486 364 2538 μόνον
397 2485 454 2524 ἐὰν
485 2489 587 2537 ἡμεῖς
620 2485 709 2537 μετὰ
730 2487 925 2538 προθυμίας
943 2489 988 2526 τὰ
1017 2489 1116 2542 παρὰ
1139 2504 1165 2533 Α

91 2551 223 2586 ἑαυτῶν
243 2547 466 2599 εἷσφέρωμεν.
486 2546 531 2585 ‘H
551 2546 619 2599 γὰρ
640 2548 743 2599 χάρις
759 2547 897 2599 ἕτοιμός
913 2551 1019 2597 ἐστιν,
1041 2551 1117 2588 ἐπι-

91 2612 238 2656 ζητοῦσα
270 2607 348 2651 τοὺς
374 2606 462 2657 μετὰ
488 2608 668 2660 δαψιλείας
697 2608 804 2655 αὐτὴν
827 2609 1115 2662 ὑποδεχομένους.

89 2672 254 2712 Τοιοῦτος
281 2668 349 2721 γὰρ
369 2672 386 2706 ὁ
410 2668 592 2715 Δεσπότης
624 2673 643 2708 ὁ
673 2669 864 2723 ἡμέτερος·
887 2671 1029 2709 ἐπειδὰν
1058 2672 1114 2724 ἴδῃ

88 2731 203 2784 ψυχὴν
229 2729 501 2782 διεγηγερμένην
521 2730 579 2768 καὶ
604 2731 707 2770 πόθον
740 2731 883 2778 ζέοντα,
912 2733 970 2771 τὸν
991 2735 1116 2773 οἰκεῖον

88 2793 234 2831 πλοῦτον
267 2791 357 2840 μετὰ
386 2791 566 2844 δαψιλείας
591 2797 740 2844 χορηγεῖ
769 2792 1025 2847 ὑπερὸαίνοντα
1051 2795 1115 2843 τὴν

88 2853 224 2900 αἴτησιν
243 2856 285 2904 τῇ
306 2852 417 2905 οἰκείᾳ
438 2853 632 2906 φιλοτιμίᾳ.

140 2915 173 2952 Τ
177 2917 264 2951 αῦτα
300 2912 414 2951 τοίνυν
448 2913 593 2962 εἰδότες,
631 2914 826 2965 ἀγαπητοὶ,
861 2916 1116 2969 ἐκκαθάραντες

88 2976 185 3024 ὑμῶν
204 2974 262 3012 τὸν
288 2973 454 3025 λογισμὸν
476 2975 546 3013 ἀπὸ
573 2977 642 3012 τῶν
674 2977 848 3026 βιωτικῶν
878 2979 1113 3029 πραγμάτων,

87 3035 147 3073 καὶ
176 3034 374 3086 εὖρύναντες
393 3036 490 3085 ὑμῶν
521 3036 562 3074 τὸ
595 3035 725 3080 πλάτος
742 3040 806 3083 τῆς
826 3037 977 3081 διανοίας
991 3069 1000 3085 ,
1023 3041 1113 3090 μετὰ

86 3097 217 3142 πολλῆς
232 3099 294 3142 τῆς
307 3094 502 3148 προθυμίας
521 3095 664 3148 δέχεσθε
682 3095 727 3134 τὰ
746 3097 844 3150 παρὰ
863 3101 921 3135 τοῦ
946 3099 1112 3150 Πνεύμα-

1008 197 1164 230 onnes.
1203 197 1363 228 uomit„
1402 198 1462 227 ix.
2065 200 2123 245 7¹.)

1172 280 1280 318 menti
1310 280 1518 328 inseramus,
1542 279 1713 330 vobisque
1733 280 1838 318 ctiam
1870 280 2066 318 iudicemus
2086 296 2125 318 ea

1171 356 1250 393 quae
1281 340 1462 394 spirituali
1490 340 1616 378 semini
1650 342 1757 378 noxia
1788 354 1862 378 esse
1892 351 2038 392 possunt
2056 371 2065 389 ,
2085 355 2128 379 ne

1172 405 1261 442 torte
1285 402 1616 442 circumveniamini
1631 433 1642 452 ,
1661 416 1749 442 neve
1767 416 1850 440 sana
1877 401 2049 439 doctrina:
2066 402 2128 439 do-

1173 474 1292 516 gmata
1318 464 1576 502 labefactentur
1598 478 1661 517 per
1679 462 1917 514 quorumdam
1947 472 2127 510 conatum,

1175 525 1235 576 qui
1266 525 1432 563 Ecclesiae
1462 526 1677 578 placitorum
1707 525 1786 563 loeo
1806 523 1983 562 ratiocinii
2010 523 2064 561 sui
2087 523 2131 560 Γι-

1176 596 1317 638 gmenta
1335 586 1502 624 iuducere
1518 595 1667 625 tentant.
1688 588 1856 626 Vestrum
1875 594 1992 623 autem
2009 584 2130 632 suerit,

1176 647 1335 699 deposita
1351 648 1499 700 posthac
1518 648 1707 699 diligenter
1722 662 1864 685 servare
1883 656 1916 685 et
1933 648 2035 684 lirina
2057 660 2134 683 ine-

1177 708 1288 745 moria
1304 707 1497 754 custodire,
1518 717 1556 745 ut
1571 708 1711 746 facilius
1728 717 1762 746 ct
1776 707 1955 758 sequentia
1969 706 2135 757 consequi

1176 768 1331 820 possitis.
1348 769 1441 806 Nam
1463 768 1530 806 nisi
1552 783 1646 805 nunc
1663 768 1709 806 ad
1729 768 1959 821 profundiora
1977 768 2136 820 Scriptu-

1177 843 1298 866 rarum
1323 843 1420 866 sensa
1441 843 1505 867 nos
1524 828 1810 867 descenderimus
1823 859 1832 876 ,
1849 838 1882 866 et
1901 844 1964 867 vos
1984 838 2136 867 luentem

1177 899 1333 930 vestram
1367 891 1616 942 coaptaveritis
1631 921 1640 938 ,
1663 890 1806 941 quaudo
1836 890 1965 942 jejunii
2001 900 2137 942 tempus

1177 960 1240 1001 est,
1260 951 1402 1002 quando
1421 951 1470 989 ad
1498 951 1694 990 natandum
1725 951 1884 989 membra
1916 960 2035 988 nostra
2056 960 2139 988 sunt

1178 1012 1273 1051 levia
1287 1042 1297 1062 ,
1317 1012 1448 1051 mentis
1466 1022 1586 1051 autem
1613 1013 1739 1051 oculus
1758 1012 1908 1060 acutior,
1930 1021 2050 1064 utpote
2070 1026 2138 1050 nou

1179 1074 1346 1112 turbatus
1387 1074 1559 1112 damnoso
1595 1074 1789 1127 voluptatis
1829 1073 1931 1111 fluxu
1948 1089 1959 1122 3
1993 1073 2139 1125 spiritus

1180 1149 1336 1186 quoque,
1360 1150 1403 1174 ne
1431 1136 1639 1184 suffocetur,
1665 1134 1888 1188 expeditior:
1914 1134 2140 1185 quandonam

1182 1197 1369 1236 commode
1392 1197 1588 1250 poterimus
1607 1198 1683 1235 baec
1712 1196 1855 1235 faeere?
1885 1211 1970 1234 num
1996 1196 2140 1247 quando

1182 1256 1341 1306 deliciae,
1368 1268 1402 1296 et
1429 1258 1595 1307 ebrietas,
1618 1258 1808 1306 voracitas,
1828 1257 1974 1310 crapula
1991 1288 2000 1305 ,
2020 1266 2054 1295 et
2071 1257 2140 1294 alia

1182 1333 1259 1370 quae
1278 1319 1363 1357 inde
1380 1329 1575 1358 nascuntur
1597 1319 1690 1358 mala
1707 1320 1880 1372 regnaut?
1900 1320 1979 1357 Non
1995 1318 2141 1361 videtis,

1183 1393 1241 1418 eos
1261 1380 1321 1431 qui
1346 1380 1412 1419 hos
1436 1381 1608 1433 pretiosos
1634 1381 1772 1434 lapides
1804 1394 1850 1419 ex
1880 1380 1969 1418 mari
1996 1379 2144 1417 educere

1183 1451 1359 1492 quaerunt,
1379 1456 1449 1481 non
1481 1442 1601 1481 sedere
1618 1444 1726 1496 juxta
1745 1442 1831 1480 litus
1851 1441 1960 1480 maris
1973 1471 1982 1489 ,
2014 1441 2144 1478 fluctus

1183 1513 1409 1542 numerantes
1421 1519 1432 1554 3
1454 1503 1515 1542 sed
1535 1505 1570 1542 in
1591 1503 1813 1557 profundum
1835 1517 1870 1541 se
1889 1502 2090 1551 demittere,
2111 1510 2144 1539 et

1184 1573 1224 1602 ut
1237 1565 1288 1602 ita
1306 1565 1439 1617 dicam,
1457 1566 1558 1618 quasi
1578 1566 1613 1604 in
1634 1566 1730 1618 ipsos
1749 1565 1847 1603 sinus
1862 1563 1984 1617 abyssi
2001 1563 2146 1601 descen-

1184 1624 1308 1664 dentes
1320 1656 1331 1676 ,
1350 1627 1489 1678 assequi
1515 1627 1613 1680 quod
1644 1636 1742 1665 tanta
1777 1640 1884 1678 opera
1919 1624 2113 1676 exquirunt
2129 1625 2146 1661 Ξ)

1186 1689 1415 1739 Quamquam
1426 1687 1513 1739 quid
1526 1703 1663 1741 magnae
1678 1687 1845 1726 utilitatis
1858 1687 1944 1726 vitae
1956 1686 2042 1724 huic
2054 1695 2146 1723 attu-

1184 1749 1266 1787 lerit
1300 1749 1445 1787 illorum
1480 1749 1644 1802 lapidum
1673 1750 1856 1789 inventio?
1882 1749 2030 1787 Utinam
2061 1760 2146 1786 vero

1186 1824 1256 1848 non
1277 1810 1434 1863 ingentia
1452 1810 1583 1849 damna
1611 1811 1792 1849 inferrent.
1817 1810 1909 1847 Hinc
1927 1809 2022 1847 enim
2041 1809 2146 1846 innu-

1186 1885 1283 1909 mera
1302 1880 1497 1910 nascuntur
1515 1872 1623 1920 mala,
1638 1885 1684 1909 ex
1700 1872 1822 1909 insano
1843 1884 1971 1921 nempe
1987 1869 2146 1921 pecuniae

1187 1947 1307 1972 amore
1325 1942 1359 1971 et
1381 1947 1426 1971 ex
1444 1933 1543 1971 rabie
1569 1933 1663 1971 circa
1682 1946 1852 1985 gemmas.
1878 1934 2044 1969 Attamen
2065 1930 2147 1968 licet

1188 2004 1284 2034 tanta
1299 1995 1381 2033 inde
1398 2005 1590 2034 nascantur
1605 1996 1701 2033 mala
1717 2004 1750 2033 et
1763 1994 1909 2043 damna,
1924 1992 2024 2030 nullo
2040 1991 2147 2030 modo

1188 2069 1310 2107 segnes
1321 2066 1403 2094 sunt
1413 2057 1438 2094 ii
1453 2057 1512 2107 qui
1531 2057 1604 2094 illis
1613 2065 1756 2106 vacant,
1767 2055 1829 2093 sed
1845 2054 2004 2107 pericula
2017 2053 2148 2091 adeunt

1187 2117 1418 2168 laboremque
1434 2118 1589 2155 multum
1606 2117 1820 2168 suscipiunt,
1839 2124 1879 2152 ut
1898 2115 2058 2153 invenire
2067 2128 2149 2167 pos-

1187 2178 1260 2216 sint
1278 2178 1318 2216 id
1335 2177 1432 2229 quod
1444 2187 1622 2228 quaerunt.
1642 2178 1683 2215 In
1700 2176 1836 2215 divinis
1852 2185 1971 2214 autem
1987 2176 2149 2228 Scriptu—

1187 2238 1249 2288 ris,
1281 2248 1316 2277 et
1342 2239 1379 2277 in
1402 2239 1653 2291 spiritualibus
1673 2247 1707 2276 et
1726 2237 1890 2290 pretiosis
1916 2236 1988 2275 illis
2018 2236 2150 2289 lapidi-

1187 2300 1256 2338 bus
1269 2331 1280 2350 ,
1308 2315 1420 2352 neque
1450 2301 1651 2354 periculum
1689 2299 1862 2352 suspicari
1894 2299 1978 2336 licet
1991 2328 2001 2347 ,
2036 2312 2150 2349 neque

1188 2363 1324 2401 multus
1337 2372 1387 2401 est
1398 2363 1514 2412 labor,
1526 2361 1587 2401 sed
1606 2362 1747 2400 lucrum
1766 2360 1959 2409 ineffabile,
1972 2359 2000 2397 si
2018 2373 2057 2397 ea
2072 2368 2147 2397 tan-

1187 2433 1265 2462 tum
1283 2438 1361 2475 quae
1379 2433 1499 2462 nostra
1527 2431 1609 2461 sunt
1630 2437 1713 2460 cum
1730 2421 1913 2460 alacritate
1943 2421 2144 2458 afferamus.

1190 2485 1317 2523 Gratia
1335 2485 1431 2523 enim
1449 2493 1500 2522 est
1517 2493 1651 2536 parata,
1672 2496 1834 2533 quaerens
1853 2496 1911 2519 eos
1929 2481 1992 2532 qui
2012 2496 2048 2519 se
2063 2495 2144 2518 cum
2159 2485 2256 2555 (ξῖειίει
2270 2497 2348 2535 ‘³¹¹⁸‘ss

2160 2538 2214 2595 ‘¹80
2225 2538 2350 2598 euSSUS‘Llll:

1188 2618 1306 2647 noster
1321 2625 1328 2644 :
1343 2607 1373 2646 si
1386 2607 1518 2645 viderit
1534 2606 1690 2643 animam
1704 2604 1865 2656 vigilem,
1877 2613 1910 2642 et
1926 2603 2143 2641 desiderium
2160 2611 2252 2648 piant.

1188 2547 1371 2585 alacritate
1382 2546 1588 2598 suscipiant.
1606 2546 1658 2583 Ita
1678 2544 1772 2582 enim
1792 2544 1950 2582 sehabet
1969 2543 2144 2582 Dominus

1188 2670 1339 2718 fervens,
1349 2678 1382 2707 et
1398 2669 1405 2705 i
1411 2682 1470 2721 pse
1485 2681 1570 2707 suas
1590 2666 1738 2704 divitias
1755 2665 1913 2716 largiter,
1930 2664 2022 2702 ultra
2038 2665 2146 2703 etiam

1187 2746 1296 2783 quam
1317 2731 1469 2784 petitum
1491 2729 1551 2778 sit,
1574 2726 1779 2780 suppeditat
1803 2740 1869 2778 pro
1889 2740 1952 2764 sua
1975 2726 2144 2777 magnisi-

1189 2802 1316 2832 centia.

1241 2918 1277 2954 9.
1300 2915 1384 2952 Haec
1404 2913 1515 2965 igitur
1533 2925 1614 2949 eum
1634 2908 2056 2960 sciamus‚dilectissimi,
2078 2925 2145 2963 pu-

1187 2977 1334 3015 rificatis
1356 2973 1630 3026 cogitationibus
1649 2970 1776 3009 vesu-is
1791 2985 1810 3008 a
1828 2970 2057 3009 saecularibus
2080 2986 2144 3009 nc-

1187 3039 1305 3091 gotiis,
1325 3046 1358 3075 et
1374 3044 1494 3088 aperta
1514 3032 1640 3070 mentis
1653 3040 1778 3070 vestrae
1798 3031 2001 3081 latitudine,
2016 3047 2143 3084 magua

1184 3101 1366 3138 alacritate
1377 3095 1545 3146 suscipite
1564 3108 1642 3144 qum
1655 3108 1674 3131 a
1689 3092 1828 3145 Spiritu
1841 3103 1960 3131 saneto
1978 3094 2144 3146 suppedi-

87 3172 144 3200 τος
170 3155 436 3209 χορηγούμενα,
455 3155 512 3194 ἵνα
540 3157 698 3208 καθάπερ
726 3159 771 3208 γῆ
792 3159 926 3210 λιπαρὰ
943 3160 1001 3197 καὶ
1018 3161 1110 3212 γόνι-
1134 3173 1157 3203 Β
1185 3170 1316 3208 tantur,
1334 3167 1373 3195 ut
1393 3157 1483 3195 sicut
1507 3164 1597 3193 terra
1617 3153 1763 3207 pinguis
1783 3152 1825 3191 et*
1838 3154 1940 3192 ferax
1958 3155 2142 3208 multipli-

132 3283 148 3306 Ι)
163 3279 302 3315 Coislin.
320 3290 354 3314 et
370 3281 452 3315 alius
470 3289 524 3322 τὴν
538 3292 661 3327 μνήμην
677 3287 888 3319 &amanam-ov.

1134 3290 1184 3319 τῆς
1207 3288 1321 3326 τρυφῆς
1345 3284 1389 3321 μὴ
1415 3280 1619 3322 ἐνοχλούμενοι
1643 3281 1791 3324 ῥεύματι·
1817 3280 2024 3322 &capuana-pov
2049 3277 2079 3308 δὲ
2106 3281 2139 3308 τὸ

130 3343 143 3357 c
161 3334 200 3365 In
216 3333 354 3368 Coislin.
378 3334 448 3367 haec
476 3336 608 3369 diverso
633 3335 750 3370 ordine
772 3337 896 3379 jacent,
911 3334 958 3368 sic
978 3347 984 3366 :
1005 3339 1093 3369 τοῦτο
1128 3337 1244 3374 πνεῦμα
1261 3337 1334 3374 πρὸς
1353 3337 1388 3364 τὸ
1402 3337 1448 3372 μὴ
1474 3335 1696 3372 ἀποπνίγεσθαι.
1713 3332 1778 3363 οὐδὲ
1798 3334 1856 3374 γὰρ
1874 3335 1942 3363 τότε
1958 3335 2136 3368 mmmm-⁴,

87 3394 205 3424 ποιῆσαι
230 3391 288 3420 νῦν·
315 3392 365 3421 ὅτε
377 3391 514 3434 ὀξύτερον
531 3395 565 3423 τὸ
583 3393 670 3431 ὄμμα
688 3398 740 3428 τῆς
754 3392 897 3430 διανοίας,
922 3396 963 3432 τῷ
975 3397 1093 3430 πονηρῷ
1127 3392 1177 3422 ὅτε
1193 3391 1288 3429 τρυφὴ
1309 3390 1368 3418 καί.
1388 3382 1483 3416 Idem
1500 3393 1578 3414 mox
1595 3385 1668 3428 πρὸς
1684 3386 1735 3419 τὸν
1753 3384 1893 3423 αἱγιαλέν.
