2516 3791
126 1379 201 1417 Cap.
220 1385 270 1406 2¹·

127 1868 262 1898 Gen-18.

127 1912 175 1947 24.

131 2714 237 2740 Omnia
255 2712 315 2739 Deo

132 2753 294 2791 possibilia.

324 113 418 160 536

324 214 482 251 Sarrum
506 225 662 250 uxorem
679 211 720 248 A
725 213 867 249 brahoe.
888 208 983 247 Vide
1004 205 1181 257 quomodo
1202 206 1274 242 Do-

324 273 442 311 minus
470 273 592 311 volens
623 273 761 324 justum
787 284 851 322 per
872 268 990 306 omnia
1023 265 1172 303 reddere
1192 263 1274 300 illu-

324 335 506 384 striorem,
524 334 690 386 precibus
715 330 927 383 patriarchae
954 327 1104 364 salutem
1128 323 1222 375 regis
1241 331 1275 360 et
1298 324 1322 354 C

324 395 486 433 omnium
501 408 578 444 quae
591 393 628 430 in
643 392 748 429 domo
762 390 859 427 illius
875 385 1117 434 erant‚donat.
1137 384 1274 422 Oravit

324 455 441 503 enim,
465 453 604 503 inquit,
636 451 846 488 Abraham
874 449 1028 491 Deum,
1052 454 1089 481 ec
1118 444 1275 481 sanavit

325 517 431 552 Deus
450 515 492 551 A
496 512 696 556 bimelech,
711 518 746 548 et
769 521 927 546 uxorem
942 507 1038 557 ejus,
1055 512 1091 542 et
1105 502 1274 541 ancillas

324 577 417 626 ejus,
436 582 472 610 et
491 579 718 625 pepererunt
730 586 740 605 .-
756 570 849 620 quia
867 566 1101 604 concludens
1117 564 1274 603 conclu-

324 643 427 671 serat
445 635 636 671 Dominus
666 631 900 667 extrinsecus
931 640 1081 664 omnem
1111 626 1274 663 vulvam

325 699 366 732 in
387 696 500 732 domo
515 693 556 730 A
560 691 761 730 himelech.
781 689 989 741 Propterea,
1007 686 1173 737 quamvis
1192 686 1275 723 alie-

325 770 390 794 nus
415 764 501 793 esset
527 768 548 791 a
572 761 715 806 peccato
740 765 823 799 rex,
842 750 987 802 plagam
1011 748 1103 785 hanc
1130 746 1276 785 induxit

325 817 437 857 bonus
462 815 657 861 Dominus,
677 822 717 851 ut
735 811 901 864 precibus
914 809 1003 861 justi
1023 822 1180 846 annuens
1199 822 1276 846 eam

325 877 496 926 solveret,
513 885 546 914 et
569 876 707 927 justum
721 872 909 911 clariorem
923 879 957 907 et
978 868 1207 906 illustriorem
1223 867 1275 905 ef-

326 940 458 978 ficeret.
481 940 573 977 Nam
595 951 732 989 semper
756 935 875 974 omnia
894 933 942 971 ita
962 932 1047 970 facit
1069 940 1102 969 et
1129 940 1274 978 tractat,

326 1010 359 1038 et
377 1000 518 1051 singula
536 999 730 1051 dispensat,
753 1006 790 1034 ut
806 996 867 1047 qui
883 994 951 1033 sibi
973 992 1152 1039 serviunt,
1175 991 1276 1042 quasi

326 1060 517 1098 luminaria
536 1060 733 1105 reluceant,
750 1067 919 1095 eteorum
939 1054 1055 1093 virtus
1070 1052 1204 1103 ubique
1223 1066 1277 1090 ce·
1300 1062 1324 1092 D

326 1121 492 1158 lebretur.
515 1120 563 1158 Et
591 1119 690 1169 vide,
715 1119 880 1165 obsecro,
910 1115 1058 1164 dilecte,
1088 1123 1276 1165 postquam

323 1183 463 1233 justum
477 1181 525 1218 ita
541 1180 708 1218 liberavit
725 1195 745 1217 a
761 1177 943 1223 molestiis,
953 1174 1131 1227 quomodo
1147 1174 1276 1212 iterum

326 1259 465 1282 summa
493 1245 668 1283 bonorum
690 1245 786 1296 justo
821 1241 987 1288 traditur,
1009 1237 1276 1291 pollicitationis

326 1306 489 1353 effectus,
504 1314 538 1343 et
558 1319 652 1342 nunc
676 1303 844 1342 eveniunt
870 1315 948 1352 quae
973 1300 1061 1338 olim
1084 1299 1138 1336 illi
1163 1313 1183 1336 a
1199 1300 1276 1337 Deo

326 1367 499 1419 promissa
527 1375 621 1404 sunt.
653 1367 688 1402 1.
718 1367 771 1403 Et
796 1366 1002 1409 Dominus,
1025 1360 1154 1411 inquit,
1180 1363 1274 1398 visi-

327 1431 423 1466 tavit
436 1428 608 1473 sarram,
625 1429 723 1464 sicut
743 1427 856 1471 dixit,
870 1433 906 1462 et
914 1425 1019 1475 fecit
1036 1422 1163 1460 Sarrae
1179 1423 1276 1459 sicut

326 1490 506 1540 loquutus
525 1496 594 1525 est.
614 1490 652 1524 2
675 1488 729 1524 Et
745 1488 933 1535 concepit,
950 1484 1169 1534 peperitque
1187 1481 1276 1518 Sar-

324 1563 371 1586 ra
392 1549 568 1586 Abrahae
582 1549 719 1599 filium
749 1548 790 1582 in
809 1552 1016 1590 senectute,
1041 1546 1082 1579 in
1113 1551 1278 1593 tempore

327 1612 427 1646 sicut
442 1609 622 1659 loquutus
634 1615 689 1644 est
704 1608 737 1642 ei
751 1606 957 1642 Dominus.
975 1601 1077 1648 Quid
1095 1610 1160 1650 est,
1174 1602 1280 1639 Sicut

326 1670 506 1720 loquutus
527 1676 600 1713 est,
621 1676 664 1715 et,
689 1666 793 1704 Sicut
820 1666 944 1702 dixit?
964 1660 1278 1708 Quemadmodum

325 1729 456 1779 inquit,
481 1727 667 1780 promisit,
690 1725 832 1777 quando
858 1724 1015 1776 hospitio
1040 1731 1208 1773 exceptus
1228 1731 1279 1759 est
1301 1718 1325 1747 h

326 1805 407 1827 cum
427 1789 561 1841 angelis
577 1787 675 1841 apud
695 1801 865 1838 quercum
876 1785 1053 1823 Mambre.
1073 1784 1165 1821 Nam
1181 1783 1279 1833 quod

327 1851 422 1888 dixit
443 1866 450 1886 ε
472 1853 521 1887 In
544 1858 710 1900 tempore
729 1849 800 1886 hoc
820 1849 993 1891 veniam,
1012 1853 1047 1883 et
1068 1847 1140 1882 erit
1153 1844 1279 1883 Sarroe

316 1912 431 1964 filius
451 1927 461 1947 .·
485 1911 552 1948 hoc
579 1923 672 1948 nunc
702 1923 807 1961 opere
835 1907 1024 1960 impletum
1040 1914 1104 1943 est.
1128 1905 1176 1942 Et
1201 1919 1278 1955 quae

327 1984 451 2012 natura
468 1974 680 2025 denegabat,
699 1987 738 2010 ea
754 1972 927 2011 videbant
949 1969 1126 2017 evenisse,
1140 1982 1210 2007 non
1229 1983 1279 2006 se-

327 2035 485 2072 cundum
506 2035 704 2072 humanum
731 2042 764 2070 et
791 2032 936 2070 solitum
960 2044 1106 2077 morem,
1126 2029 1189 2067 sed
1216 2043 1280 2081 per

328 2095 491 2133 divinam
514 2095 677 2146 gratiam.
704 2095 742 2131 5.
772 2095 826 2131 Et
855 2095 1011 2131 vocavit
1041 2104 1179 2128 nomen
1193 2090 1280 2142 filii

329 2159 401 2202 sui,
416 2170 528 2207 quem
541 2158 685 2207 peperit
706 2157 778 2206 ipsi
793 2154 926 2198 Sarra,
949 2155 1077 2190 Isaac.
1100 2152 1177 2188 Non
1200 2151 1279 2187 abs·

330 2230 398 2266 que
412 2230 515 2253 causa
530 2215 739 2266 assignavit,
760 2215 879 2264 Quem
893 2215 1037 2264 peperit
1057 2207 1129 2262 ipsi
1143 2211 1277 2249 Sarra:

330 2291 398 2314 non
412 2277 507 2314 enim
520 2276 614 2313 dixit
629 2274 851 2327 simpliciter,
869 2275 1026 2311 Vocavit
1048 2285 1186 2309 nomen
1194 2272 1280 2324 filii
1293 2296 1339 2320 455

329 2340 389 2374 sui
395 2354 410 2381 ;
431 2337 493 2374 sed
509 2336 652 2389 adjecit,
677 2337 797 2386 Quem
815 2336 960 2386 peperit
980 2335 1051 2384 ipsi
1071 2332 1203 2377 Sarra,
1224 2331 1279 2369 in—
1304 2335 1328 2361 Λ

328 2398 478 2435 fecunda
491 2397 553 2435 illa
570 2407 603 2435 et
622 2396 756 2436 vetula.
779 2397 818 2433 4.
836 2396 889 2432 Et
910 2393 1148 2431 circumcidit
1168 2407 1275 2440 eum,

329 2457 458 2508 inquit,
475 2459 536 2495 clie
550 2467 699 2503 octavo,
717 2459 814 2495 sicut
823 2462 1054 2507 proeceperat
1069 2454 1274 2491 Dominus.

328 2518 387 2556 Sic
412 2519 505 2556 enini
535 2527 752 2570 praeceptum
779 2524 981 2567 acceperat,
1004 2523 1044 2551 ut
1072 2513 1131 2551 die
1154 2523 1278 2552 octavo

329 2579 668 2617 circumciderentur
683 2578 745 2629 qui
771 2576 919 2629 posthac
942 2583 1177 2613 nascerentur.
1196 2575 1279 2613 Por-

329 2655 368 2678 ro
394 2651 433 2678 ut
455 2641 618 2679 ulterius.
629 2640 808 2678 discamus
840 2637 1057 2675 ineffabilem
1085 2637 1280 2688 potentiam

330 2703 416 2749 Dei,
433 2712 465 2740 et
481 2717 521 2740 ea
539 2717 616 2752 quae
629 2701 728 2753 apud
747 2699 907 2738 homines
924 2697 1160 2750 impossibilia
1178 2707 1278 2746 sunt,

331 2763 428 2816 apud
446 2778 527 2800 cum
548 2762 731 2814 possibilia
746 2775 819 2798 esse
836 2776 842 2796 ε
860 2759 995 2797 idcirco
1020 2758 1121 2796 nobis
1143 2766 1281 2810 tempus

333 2822 526 2872 assignavit
546 2822 674 2858 iterum
693 2819 818 2857 divina
837 2817 1041 2869 Scriptura,
1055 2824 1087 2853 et
1106 2823 1185 2867 post
1200 2829 1282 2867 par-

334 2893 409 2921 tum
431 2882 532 2919 (locet
560 2895 620 2918 nos
640 2881 696 2917 his
722 2878 841 2917 verbis
867 2894 873 2913 :
898 2878 932 2915 5.
960 2877 1169 2914 Abraham
1199 2884 1281 2913 erat

333 2955 525 2980 annorum
544 2949 710 2985 centum,
729 2938 886 2991 quando
908 2945 1023 2974 natus
1043 2943 1098 2972 est
1119 2937 1153 2972 ei
1167 2936 1282 2971 Isaac

322 3005 438 3056 filius
453 3015 555 3039 suus.
571 3003 608 3038 (3.
620 3002 732 3037 Dixit
747 3008 874 3036 autem
889 2998 1029 3035 Sarra:
1043 2996 1283 3048 Risumfecit

335 3065 430 3101 mihi
460 3064 678 3100 Dominus:
704 3075 794 3097 nam
825 3062 891 3111 qui
925 3058 1079 3103 audiet,
1101 3057 1283 3109 gaudebit

335 3138 496 3161 mecum.
517 3121 617 3168 Quid
629 3130 693 3169 cst,
706 3121 946 3172 Ri5umsecit
965 3119 1061 3156 mihi
1071 3118 1284 3155 Dominus?
1310 3116 1330 3145 Β

336 3184 484 3222 Laetitiae
499 3182 634 3221 occasio
649 3181 735 3218 mihi
752 3189 872 3231 partus
886 3188 948 3217 est.
967 3178 1014 3216 Et
1031 3177 1121 3228 quid
1135 3176 1281 3226 mirum,

334 3245 363 3281 si
392 3244 477 3281 mihi
511 3242 709 3293 gaudium‘.³
735 3242 866 3277 Omnes
893 3239 998 3277 ctiam
1031 3238 1091 3288 qui
1123 3237 1282 3281 audient,

335 3305 471 3344 habebo
501 3303 806 3354 congratulantes,
834 3315 898 3338 non
934 3299 1015 3349 quia
1048 3298 1187 3351 peperi,
1216 3297 1277 3336 scd

751 129 787 158 S.
825 124 1011 157 JOANNIS
1046 123 1286 155 CHRYsosT.

1332 122 1354 151 Α
1364 119 1534 150 RCHIEP.
1574 118 1934 150 CONSTANTffioP.

1346 204 1421 244 πῶς
1440 201 1496 239 διὰ
1516 200 1654 238 πάντων
1674 202 1964 253 περιφανέστερον
1986 201 2042 238 τὸν
2070 200 2202 240 δίκαιον
2223 201 2367 246 ποιῆσαι

1348 261 1554 312 βουλόμενος
1581 263 1599 298 6
1632 261 1836 310 Δεσπότης,
1867 268 1942 304 ταῖς
1975 266 2185 313 προσευχαῖς
2215 266 2275 299 τοῦ
2299 277 2367 299 πα·

1346 321 1513 373 τριᾶρχου
1532 320 1595 368 τὴν
1616 320 1790 372 σωτηρίαν
1807 324 1867 358 τοῦ
1887 321 2056 372 βασιλέως
2070 321 2129 359 καὶ
2143 321 2282 359 πάντων
2299 324 2367 358 τῶν

1346 383 1382 418 ἐν
1398 383 1448 431 τῷ
1468 380 1552 432 οἴκῳ
1568 382 1672 418 αὐτοῦ
1692 380 1885 432 χαρίζεται.
1900 380 2131 432 Προσηύξατο
2145 380 2230 432 γὰρ,
2251 380 2368 432 φησὶν,

1346 440 1507 492 Ἀδραὰμ
1521 439 1605 491 πρὸς
1625 439 1684 477 τὸν
1712 441 1816 486 Θεὸν,
1839 441 1898 478 καὶ
1915 441 2038 478 ἰάσατο
2060 443 2078 478 6
2096 441 2186 484 Θεὸς
2204 440 2262 478 τὸν
2277 440 2368 479 Ἀὸι-

1348 501 1479 553 μέλεχ,
1508 500 1567 538 καὶ
1598 499 1661 546 τὴν
1692 506 1839 551 γυναῖκα
1869 503 1994 547 αὐτοῦ,
2014 500 2153 544 καὶτὰς
2183 500 2370 543 παιδίσκας

1348 563 1451 599 αὐτοῦ
1465 591 1474 610 ,
1501 561 1560 599 καὶ
1576 560 1727 598 ἔτικτον·
1743 561 1796 598 ὅτι
1818 561 2008 612 συγκλείων
2024 560 2223 599 συνέκλεισε
2242 561 2370 612 Κύριος

1347 622 1468 667 ἔξωθεν
1490 628 1607 660 πᾶσαν
1626 621 1761 672 μήτραν
1782 622 1817 659 ἐν
1832 624 1882 673 τῷ
1899 623 1984 673 οἴκῳ
2002 625 2061 659 τοῦ
2085 622 2281 674 Ἀὸιμέλεχ.
2302 621 2370 659 Διὰ

1347 688 1468 730 τοῦτο,
1490 681 1604 721 καίτοι
1627 684 1689 728 τῆς
1711 681 1883 734 ἁμαρτίας
1903 683 2000 726 ἐκτὸς
2019 682 2204 734 γενομένου
2223 685 2282 720 τοῦ
2305 685 2371 733 βα-

1349 744 1487 790 σιλέως,
1506 742 1567 790 τὴν
1590 742 1760 794 τιμωρίαν
1776 742 1906 790 ταύτην
1928 745 2022 795 αὐτῷ
2045 742 2218 793 ἐπήγαγεν
2240 745 2257 780 6
2285 746 2372 793 ἀγα-

1349 804 1404 847 θὸς
1428 802 1703 849 Δεσπότης,’ἵνα
1728 808 1803 846 ταῖς
1824 809 2036 855 προσευχαῖς
2060 806 2120 840 τοῦ
2139 803 2272 841 δικαίου
2292 805 2370 841 ἐπι-

1348 864 1469 908 νεύσας
1480 893 1490 911 ,
1507 863 1597 902 οὕτω
1613 864 1676 911 τὴν
1692 863 1790 901 λύσιν
1808 865 1967 916 ἐπαγάγῃ
1979 894 1989 912 ,
2006 864 2064 902 καὶ
2080 863 2370 915 περιφανέστερον

1348 924 1407 962 καὶ
1437 923 1679 976 λαμπρότερον
1713 924 1771 960 τὸν
1800 924 1931 962 δίκαιον
1961 924 2218 976 ἀπεργάσηται.
2247 925 2371 962 Πάντα

1347 985 1414 1036 γὰρ
1437 985 1490 1022 ἀεὶ
1506 989 1598 1022 ποιεῖ
1617 984 1674 1021 καὶ
1694 984 1999 1035 πραγματεύεται,
2020 985 2077 1022 καὶ
2099 984 2206 1028 οὕτως
2226 984 2371 1023 ἕκαστον

1348 1048 1553 1096 οἷκονομεῖ,·
1570 1043 1663 1081 ὥστε
1697 1043 1775 1087 τοὺς
1809 1046 1903 1095 αὐτῷ
1935 1044 2156 1087 δουλεύοντας
2172 1073 2182 1092 ,
2214 1044 2371 1096 καθάπερ

1348 1108 1550 1159 φωστῆρας,
1575 1104 1664 1142 οὕτω
1691 1104 1915 1154 διαλάμπειν,
1935 1104 1994 1142 καὶ
2013 1103 2076 1151 τὴν
2095 1103 2226 1142 τούτων
2246 1104 2372 1156 ἀρετὴν

1347 1169 1528 1217 πανταχοῦ
1549 1165 1745 1211 κατάδηλον
1764 1164 1932 1216 γίνεσθαι.
1963 1165 2034 1204 Καὶ
2063 1164 2127 1217 ὅρα
2153 1180 2213 1215 μοι
2234 1165 2371 1214 λοιπὸν,

1349 1225 1529 1278 ἀγαπητὲ,
1550 1224 1641 1276 μετὰ
1674 1225 1738 1273 τὴν
1768 1228 1837 1263 τῶν
1861 1227 2029 1278 λυπηρῶν
2051 1225 2271 1277 ἀπαλλαγὴν,
2299 1229 2374 1270 πῶς

1347 1288 1451 1326 πάλιν
1469 1287 1663 1338 διαδέχεται
1687 1287 1745 1324 τὸν
1773 1286 1904 1325 δίκαιον
1923 1290 1944 1333 ἡ
1966 1286 2109 1339 κορωνὶς
2129 1289 2197 1324 τῶν
2217 1288 2371 1337 ἀγαθῶν,

1348 1352 1370 1395 ἡ
1406 1352 1468 1395 τῆς
1500 1347 1709 1398 ἐπαγγελίας
1741 1347 1948 1400 ὑπόσχεσις,
1975 1348 2034 1386 καὶ
2062 1349 2109 1391 εἷς
2135 1348 2234 1399 ἔργον
2254 1347 2374 1386 λοιπὸν

1349 1408 1440 1460 ἐξῄει
1469 1408 1512 1446 τὰ
1532 1409 1642 1446 πάλαι
1662 1408 1757 1460 παρὰ
1775 1411 1836 1445 τοῦ
1863 1410 1955 1447 Θεοῦ
1980 1408 2239 1459 ἐπαγγελθέντα
2266 1409 2373 1459 αὐτῷ.

1349 1469 1419 1508 Καὶ
1448 1469 1596 1520 Κύριος,
1625 1469 1745 1521 φησὶν,
1771 1469 1989 1521 ἐπεσκέψατο
2008 1471 2070 1516 τὴν
2099 1469 2253 1522 Σάῤῥαν,
2285 1469 2375 1507 καθὰ

1349 1524 1424 1568 εἶπε
1440 1560 1449 1578 ,
1471 1530 1530 1568 καὶ
1567 1530 1710 1575 ἐποίησε
1742 1532 1785 1580 τῇ
1818 1530 1942 1581 Σάῤῥα
1956 1560 1966 1578 ,
2000 1529 2090 1568 καθὰ
2123 1531 2284 1576 ἐλάλησε.
2306 1529 2375 1568 Καὶ

1349 1591 1572 1628 συλλαὸοῦσα
1592 1590 1688 1628 ἔτεκε
1707 1590 1830 1643 Σάῤῥα
1850 1593 1899 1642 τῷ
1919 1591 2079 1642 Ἀδραὰμ
2097 1592 2169 1629 υἱὸν
2185 1593 2232 1634 εἷς
2250 1592 2289 1629 τὸ
2307 1594 2351 1641 γῆ
2365 1613 2375 1618 -

1353 1666 1430 1702 ρας,
1455 1653 1502 1694 εἷς
1523 1651 1580 1688 τὸν
1597 1650 1731 1703 καιρὸν,
1749 1650 1840 1688 καθὰ
1865 1650 2033 1697 ἐλάλησεν
2055 1653 2148 1703 αὐτῷ
2170 1651 2308 1703 Κύριος.
2329 1651 2376 1689 Τί

1317 1718 1323 1725 “
1351 1713 1444 1759 ἐστι,
1464 1710 1564 1749 Καθὰ
1589 1710 1754 1758 ἐλάλησε,
1774 1710 1846 1758 καὶ,
1868 1710 1970 1748 Kone&
1990 1705 2091 1758 εἷπε,
2113 1711 2293 1763 Καθάπερ,
2314 1727 2378 1763 φη-

1352 1773 1418 1820 σὶν,
1451 1773 1642 1824 ὑπέσχετο,
1667 1772 1771 1818 ἡνίκα
1790 1771 1982 1819 ἐπεξενώθη
2016 1771 2105 1823 μετὰ
2129 1776 2198 1810 τῶν
2219 1772 2376 1823 ἀγγέλων

1351 1836 1398 1877 εἰς
1423 1832 1485 1880 τὴν
1504 1834 1584 1885 δρῦν
1604 1832 1667 1879 τὴν
1684 1832 1866 1884 Μαμὸρῆ,
1889 1831 2035 1884 εἰρηκὼς
2055 1832 2107 1870 ὅτι
2136 1834 2199 1875 Εἰς
2222 1831 2279 1869 τὸν
2297 1848 2377 1870 και-

1353 1894 1408 1946 ρὸν
1442 1897 1561 1932 τοῦτον
1597 1893 1803 1944 ἐλεύσομαι,
1838 1894 1897 1931 καὶ
1931 1893 2030 1931 ἔσται
2064 1896 2106 1941 τῇ
2138 1893 2261 1945 Σάῤῥᾳ
2291 1893 2373 1936 υἱός.

1350 1957 1474 1993 Ταῦτα
1493 1954 1605 1992 τοίνυν
1623 1956 1670 1997 εἰς
1684 1953 1782 2005 ἔργον
1800 1953 1941 2003 ἐξῆλθε,
1961 1954 2021 1991 καὶ
2045 1953 2089 1991 τὰ
2105 1955 2148 2004 τῇ
2166 1953 2266 2005 φύσει
2284 1955 2375 1999 ἀπη-

1350 2015 1542 2068 γορευμένα
1556 2046 1565 2063 ,
1597 2019 1707 2052 ταῦτα
1738 2014 1854 2066 ἑώρων
1875 2017 1922 2058 εἷς
1948 2014 2046 2066 ἔργον
2070 2014 2314 2063 ἐκὸεὸηκότα,
2336 2016 2374 2052 οὐ

1352 2076 1443 2114 κατὰ
1462 2075 1683 2127 ἀνθρωπίνην
1699 2075 1919 2134 ἀκολουθίαν,
1936 2075 2026 2113 ἀλλὰ
2041 2074 2131 2113 κατὰ
2148 2075 2241 2113 θείαν
2260 2074 2375 2127 χάριν.

1353 2136 1421 2174 Καὶ
1440 2136 1584 2174 ἐκάλεσε
1599 2137 1638 2174 τὸ
1653 2136 1763 2185 ὄνομα
1777 2139 1836 2174 τοῦ
1854 2137 1927 2173 υἱοῦ
1943 2137 2047 2173 αὐτοῦ
2063 2164 2073 2182 ,
2094 2136 2130 2173 ὃν
2150 2136 2264 2173 ἔτεκεν
2281 2138 2376 2187 αὐτῷ

1353 2196 1494 2249 Σάῤῥα,
1523 2197 1658 2235 Ἰσαάκ.
1695 2198 1777 2247 Οὐχ
1809 2197 1928 2239 ἁπλῶς
1961 2196 2209 2247 ἐπεσημήνατο
2244 2200 2264 2242 ἡ
2302 2196 2377 2234 θεία

1353 2260 1381 2296 Γ
1386 2259 1476 2310 ραφὴ
1508 2258 1567 2306 τὸ,
1586 2258 1654 2296 “Ov
1687 2259 1803 2295 ἔτεκεν
1832 2259 1926 2308 αὐτῷ
1947 2258 2090 2310 Σάρρα·
2112 2260 2149 2296 οὐ
2183 2257 2249 2309 γὰρ
2281 2251 2376 2295 εἶπεν

1353 2320 1490 2368 ἁπλῶς,
1523 2318 1694 2357 Ἐκάλεσε
1727 2319 1766 2356 τὸ
1794 2318 1904 2369 ὄνομα
1930 2323 1990 2356 τοῦ
2019 2321 2094 2356 υἱοῦ
2125 2320 2255 2366 αὐτοῦ,
2286 2318 2376 2356 ἀλλὰ

1351 2380 1580 2432 προσέθηκεν,
1607 2379 1676 2418 “Ον
1699 2379 1813 2418 ἔτεκεν
1838 2382 1932 2432 αὐτῷ
1954 2379 2100 2431 Σάῤῥα,
2121 2381 2214 2416 τοῦτ’
2241 2379 2334 2417 ἔστιν
2353 2382 2375 2425 ἡ

1351 2447 1482 2493 στεῖρα,
1494 2444 1515 2487 ἡ
1528 2441 1666 2492 ἄγονος,
1680 2444 1702 2486 ἡ
1719 2446 1945 2492 γεγηρακυῑα.
1962 2441 2031 2478 Καὶ
2049 2439 2252 2492 περιέτεμεν
2261 2440 2375 2486 αὐτὸν,

1351 2502 1457 2554 φησὶ,
1477 2504 1520 2553 τῇ
1547 2500 1663 2553 ἡμέρᾳ
1683 2505 1725 2553 τῇ
1756 2501 1860 2553 ὀγδόῃ
1875 2532 1884 2549 ,
1906 2500 1997 2539 καθὰ
2016 2501 2210 2538 ἐνετείλατο
2232 2501 2376 2552 Κύριος.

1351 2562 1456 2601 Οὕτω
1469 2562 1535 2615 γὰρ
1554 2557 1596 2609 ἦν
1616 2562 1882 2613 διαταξάμενος,
1897 2562 1988 2600 ὥστε
2012 2565 2054 2613 τῇ
2072 2561 2188 2613 ἡμέρᾳ
2209 2565 2252 2613 τῇ
2272 2562 2375 2612 ὀγδόῃ

1350 2625 1618 2678 περιτέμνεσθαι
1630 2624 1750 2662 λοιπὸν
1766 2623 1809 2662 τὰ
1823 2623 2023 2674 τικτόμενα.
2041 2617 2129 2660 Εἶτα
2142 2622 2198 2660 ἵνα
2211 2621 2376 2672 μάθωμεν

1351 2686 1470 2724 λοιπὸν
1503 2685 1566 2731 τὴν
1595 2684 1724 2736 ἄφατον
1754 2684 1899 2734 δύναμιν
1929 2687 1988 2721 τοῦ
2015 2685 2135 2730 Θεοῦ,
2165 2682 2217 2720 ὅτι
2241 2683 2300 2720 καὶ
2333 2682 2376 2720 τὰ

1353 2747 1448 2798 παρὰ
1484 2745 1677 2797 ἀνθρώποις
1709 2744 1862 2783 ἀδύνατα
1898 2747 1979 2796 παρ’
2014 2746 2106 2796 αὐτῷ
2137 2743 2291 2789 δυνατὰ,
2321 2743 2377 2781 διὰ

1353 2812 1455 2845 τοῦτο
1489 2807 1546 2844 καὶ
1577 2807 1634 2844 τὸν
1654 2805 1776 2858 χρόνον
1808 2809 1891 2856 ἡμῖν
1923 2805 2027 2843 πάλιν
2058 2804 2326 2855 ἐπισημαίνεται
2355 2807 2376 2849 ἡ

1355 2868 1429 2907 θεία
1459 2867 1581 2920 spuo->1
1598 2897 1607 2915 ,
1628 2867 1686 2905 καὶ
1708 2866 1798 2917 μετὰ
1829 2868 1886 2905 τὸν
1906 2866 2007 2904 τόκον
2027 2865 2184 2903 διδάσκει
2209 2868 2303 2915 ἡμᾶς
2322 2864 2377 2903 λε’·

1351 2944 1478 2979 γουσα·
1501 2928 1658 2980 Ἀδραὰμ
1684 2928 1718 2966 δὲ
1754 2922 1796 2974 ἦν
1829 2929 1914 2965 ἐτῶν
1945 2927 2081 2974 ἑκατὸν,
2111 2926 2215 2972 ἡνίκα
2242 2924 2378 2976 ἐγένετο

1352 2991 1446 3040 αὐτῷ
1467 2988 1588 3027 Ἰσαὰκ
1608 2991 1625 3025 6
1651 2989 1722 3031 υἱὸς
1742 2990 1862 3026 αὐτοῦ.
1888 2981 1978 3026 Eine
2007 2987 2042 3024 δὲ
2071 2987 2194 3039 Σάρρα
2212 3002 2219 3008 ·
2240 2986 2378 3036 γέλωτά

1353 3065 1410 3100 μοι
1438 3049 1598 3095 ἐποίησεν
1624 3053 1642 3087 ὁ
1674 3049 1800 3101 Κύριος
1817 3065 1825 3072 ·
1845 3049 1879 3091 ὃς
1905 3047 1973 3099 γὰρ
1999 3047 2038 3084 ἂν
2070 3047 2225 3098 ἀκούσῃ,
2246 3061 2378 3097 συγχα-

1355 3110 1465 3163 ρεῖταί
1491 3125 1562 3161 μοι.
1585 3110 1632 3149 Τί
1653 3111 1728 3148 ἐστι
1742 3140 1751 3158 ,
1771 3109 1915 3148 Γέλωτά
1933 3123 1991 3158 μοι
2009 3107 2170 3153 ἐποίησεν
2191 3110 2208 3144 6
2230 3106 2378 3157 Κύριος,

1355 3172 1582 3224 Εὐφροσύνης
1609 3172 1770 3214 ὑπόθεσίς
1797 3186 1856 3222 μοι
1871 3174 1889 3208 6
1907 3170 2006 3212 τόκος
2029 3168 2135 3207 ἐστίν.
2153 3169 2223 3207 Καὶ
2240 3168 2274 3205 τί
2300 3171 2381 3205 θαυ-

1355 3233 1499 3283 μαστὸν,
1530 3234 1560 3270 εἷ
1587 3232 1690 3280 ἐμοί,
1716 3231 1941 3274 Καὶιπάντας
1960 3231 2038 3273 τοὺς
2058 3229 2243 3272 ἀκούοντας
2276 3244 2379 3273 συνη-

1355 3294 1516 3345 δομένους
1544 3294 1626 3342 ἔξω,
1647 3296 1708 3332 οὐκ
1725 3293 1844 3340 ἐπειδὴ
1868 3293 1996 3341 ἔτεκον,
2025 3293 2101 3331 ἀλλ’
2120 3290 2239 3337 ἐπειδὴ
2272 3289 2379 3331 οὕτως
