2566 3791
806 259 850 289 tm
889 258 989 289 CAP.
1033 259 1076 287 V.
1115 257 1278 289 GENES.
1317 258 1474 289 nomn..
1511 258 1605 289 xxi.

192 343 279 398 πρὸς
306 341 363 380 τὸν
392 344 461 380 τῶν
488 339 667 393 ὀνομάτων
690 341 884 393 κατάλογον
909 344 1120 394 ἀφορῶντες,
1155 342 1214 379 καὶ

192 403 397 450 ἐξεπιπολῆς
414 409 485 447 τοῖς
503 401 774 455 ἀνεγνωσμένοις
794 403 1025 455 προσέχοντες
1040 402 1215 454 νομίζουσι

194 464 302 515 μηδὲν
318 464 422 503 πλέον
439 465 530 517 ἔχειν
546 464 589 503 τὰ
609 464 792 517 εἰρημένα,
810 466 887 502 ἀλλ’
910 465 931 511 ἢ
951 466 1071 508 ἁπλῶς
1088 465 1217 515 ὀνομά-

191 541 261 563 των
291 519 378 564 εἶναι
405 525 654 578 προσηγορίας·
685 524 754 576 ἐγὼ
788 525 824 563 δὲ
856 527 1053 577 παρακαλῶ
1083 525 1217 569 πάντας

192 588 282 637 ὑμᾶς
300 587 348 637 μὴ
365 588 483 630 ἁπλῶς
502 586 736 641 παρατρέχειν
765 586 809 625 τὰ
835 587 872 624 ἐν
903 593 979 631 ταῖς
1000 585 1106 630 θείαις
1126 588 1216 637 Γρα-

194 654 273 700 φαῑς
297 649 455 698 κείμενα.
479 649 592 687 Οὐδὲν
611 649 679 701 γὰρ
704 650 772 687 τῶν
795 650 942 687 ἐνταῦθα
962 647 1214 699 γεγραμμένων

194 709 300 756 ἐστὶν,
332 711 350 748 ὃ
377 710 425 760 μὴ
445 709 554 748 πολὺν
578 709 762 761 νοημάτων
789 711 937 747 πλοῦτον
971 707 1062 760 ἔχει·
1094 708 1214 755 ἐπειδὴ

193 770 261 823 γὰρ
283 771 461 821 Πνεύματι
488 771 567 824 θείῳ
587 770 810 823 ἐνηχούμενοι
827 769 978 814 ἐξέθεντο
997 772 1028 807 οἱ
1049 769 1216 820 μακάριοι

193 834 369 883 προρῆται
383 862 392 879 ,
428 831 485 870 διὰ
521 835 622 870 τοῦτο
660 832 720 869 ἅτε
755 830 935 881 Πνεόματι
972 830 1216 881 γεγραμμέναι

192 890 298 930 πολὺν
315 892 452 944 ἔχουσιν
472 891 747 943 ἐγκεκρυμμένον
762 890 946 944 θησαυρόν.
972 891 1040 929 Καὶ
1061 890 1109 940 μὴ
1130 894 1215 928 θαυ-

193 952 327 1004 μάσῃς,
354 955 384 991 εἰ
406 955 441 990 ἐν
464 956 512 1005 τῷ
537 951 722 1004 καταλόγῳ
745 954 813 989 τῶν
830 951 1011 1002 ὀνομάτων
1030 956 1086 990 νῦν
1104 953 1214 1003 ἐπαγ-

191 1012 361 1064 γέλλομαι
379 1016 460 1064 ὑμῖν
480 1013 654 1052 δεικνύναι
677 1012 784 1052 πολὺν
807 1012 1086 1065 ἐγκεκρυμμένον
1107 1013 1217 1050 πλοῦ-

2213 248 2236 260 19

2147 264 2241 293 213

1287 341 1381 389 dem,
1406 342 1537 380 multos
1564 341 1751 379 nominum
1780 342 1982 393 catalogum
2016 344 2240 396 respicientes

1287 411 1321 441 et
1347 403 1508 442 lectionis
1539 402 1740 455 superficiei
1769 402 1965 452 haerentes,
1994 413 2119 456 putare
2152 406 2241 443 nihil

1289 464 1445 517 amplius
1461 465 1497 502 in
1515 463 1633 513 dictis,
1650 477 1757 514 quain
1774 478 1870 502 mera
1889 465 2030 504 nomina
2050 480 2124 504 esse
2147 483 2154 503 :
2177 482 2242 515 ego

1290 535 1409 564 autem
1423 539 1485 565 vos
1501 540 1621 564 omnes
1637 526 1794 575 obscero,
1815 540 1858 564 ne
1875 526 2086 579 simpliciter
2103 541 2142 565 ea
2163 542 2242 578 qua:

1291 586 1326 624 iu
1361 587 1558 639 Scripturis
1591 587 1700 626 sacris
1732 596 1893 626 contenta
1924 597 2008 626 sunt
2040 589 2240 627 transeatis.

1240 661 1264 691 Ε
1290 647 1391 685 Nihil
1415 647 1509 685 enim
1533 647 1593 686 hic
1621 649 1794 701 scriptum
1819 658 1883 696 est,
1900 648 2000 700 quod
2025 663 2095 688 non
2114 646 2246 688 multas

1289 721 1457 746 sensuum
1478 708 1606 746 habeat
1625 708 1773 748 divitias
1789 726 1796 746 ε
1811 709 2101 762 quandoquidem
2119 711 2246 749 divino

1288 766 1429 818 Spiritu
1443 767 1554 806 asssati
1570 769 1753 820 propheta:
1771 769 1908 820 loquuti
1924 779 2021 820 sunt,
2039 770 2118 809 idco
2140 781 2247 824 utpo-

1285 835 1322 864 te
1350 841 1371 865 a
1399 827 1536 879 Spiritu
1567 828 1707 881 scriptae
1731 831 1909 880 ingentem
1942 831 1978 868 in
2003 845 2039 869 se
2067 832 2247 871 continent

1290 886 1508 926 thesaurum.
1526 888 1572 926 Et
1586 903 1629 927 ne
1648 890 1788 927 mireris
1807 890 1906 941 quod
1922 890 1957 928 in
1971 891 2039 929 bac
2059 893 2247 931 nominum

1289 949 1553 988 enumeratione
1567 950 1700 988 multas
1713 950 1929 1002 latentesque
1945 950 2094 990 divitias
2108 962 2247 991 senten-

1289 1010 1423 1050 tiarum
1448 1011 1553 1051 vobis
1585 1026 1642 1050 me
1672 1021 1897 1050 ostensurum
1924 1012 2104 1064 pollicear.
2124 1015 2248 1065 Neque

192 1091 250 1114 τον
273 1075 469 1127 νοημάτων.
489 1074 582 1114 Οὐδὲ
601 1075 668 1128 γὰρ
693 1074 863 1122 συλλαὸὴ,
891 1075 969 1113 οὐδὲ
999 1073 1123 1126 κεραία
1150 1073 1214 1124 μία
1228 1104 1275 1129 ,m
1290 1073 1386 1111 enim
1403 1073 1462 1113 vel
1489 1073 1645 1126 syllaba,
1664 1072 1722 1111 vel
1747 1073 1911 1126 apiculus
1929 1082 1981 1112 est
1999 1073 2035 1112 in
2055 1074 2164 1113 sacris
2186 1075 2248 1112 Li-

192 1137 284 1175 ἐστὶν
303 1137 486 1189 ἐγκειμένη
504 1136 599 1188 παρὰ
614 1140 657 1187 τῇ
678 1138 801 1189 Γραφῇ
817 1167 826 1185 ,
857 1130 880 1188 ᾗ
906 1135 955 1187 μὴ
977 1135 1082 1180 πολὺς
1110 1140 1123 1156 ³
1138 1138 1215 1175 ἐνα-

190 1198 352 1238 πόκειται
372 1199 542 1250 θησαυρὸς
567 1200 601 1237 ἐν
621 1201 671 1251 τῷ
693 1198 802 1250 βάθει.
822 1199 891 1237 Διά
908 1214 962 1236 τοι
979 1202 1079 1237 τοῦτο
1106 1214 1215 1251 προσ-

192 1260 271 1306 ·ἡκει
296 1263 390 1311 ἡμᾶς
423 1261 489 1300 ὑπὸ
518 1264 580 1306 τῆς
610 1259 739 1298 ἄνωθεν
770 1260 914 1312 χάριτος
947 1259 1214 1312 ὁδηγουμένους,

191 1322 253 1359 καὶ
275 1321 338 1367 τὴν
363 1320 460 1373 παρὰ
478 1323 537 1360 τοῦ
557 1321 655 1372 ἁγίου
677 1320 883 1371 Πνεύματος
913 1322 1088 1373 ἔλλαμψιν
1117 1320 1215 1366 δεξα-

193 1382 335 1434 μένους,
364 1382 472 1426 οὔτως
501 1382 634 1421 ἐπιέναι
652 1381 697 1420 τὶ
717 1386 792 1421 θεῖα
820 1382 933 1433 λόγια.
954 1381 1047 1420 Οὐδὲ
1066 1381 1135 1434 γὰρ
1154 1397 1214 1421 σο·

192 1444 272 1497 φίας
299 1444 516 1496 ἀνθρωπίνης
537 1445 645 1482 δεῖται
663 1448 685 1491 ἡ
703 1443 778 1482 θεία
797 1442 921 1496 Γραφὴ
949 1443 1035 1495 πρὸς
1054 1442 1118 1490 τὴν
1149 1460 1216 1483 κα-

191 1505 354 1551 τανόησιν
371 1508 439 1543 τῶν
458 1506 723 1557 γεγραμμένων,
743 1504 834 1544 ἀλλὰ
850 1508 912 1552 τῆς
930 1508 989 1544 τοῦ
1010 1505 1216 1556 Πνεύματος

192 1565 463 1618 ἀποκαλύψεως,
488 1566 544 1604 ἵνα
567 1566 625 1604 τὸν
656 1567 767 1614 ἀληθῆ
797 1569 875 1605 νοῦν
901 1569 972 1605 τῶν
1004 1567 1215 1618 ἐγκειμένων

190 1626 452 1677 καταμαθόντες
468 1627 601 1674 πολλὴν
617 1629 744 1666 ἐκεῖθεν
759 1626 935 1679 δεξώμεθα
950 1627 1013 1676 τὴν
1033 1629 1105 1681 ὠφε
1129 1644 1215 1668 ειαν.

193 1687 265 1726 ιἘἰ
290 1688 358 1741 γὰρ
383 1689 417 1726 ἐν
446 1695 517 1731 τοῖς
549 1690 725 1740 βιωτικοῖς
752 1688 939 1740 πράγμασι
968 1688 1014 1727 τὰ
1044 1690 1111 1728 ὑπὸ
1146 1692 1216 1728 τῶν

192 1749 382 1801 ἀνθρώπων
417 1749 672 1800 συντελούμενα
699 1757 928 1802 γραμματεῖα
963 1750 1133 1794 πολλάκις
1165 1754 1216 1804 τῷ

194 1810 308 1863 χρόνῳ
328 1810 582 1863 διαφθαρέντα,
612 1811 679 1848 ὑπὸ
706 1814 765 1848 τοῦ
793 1812 992 1862 ἐγκειμένου
1021 1813 1147 1864 χρόνου
1166 1816 1217 1867 τῷ

194 1872 367 1923 προοιμίῳ
384 1875 444 1910 τοῦ
468 1871 709 1923 γραμματείου
723 1899 732 1917 ,
748 1872 808 1909 καὶ
828 1873 897 1911 ἀπὸ
917 1879 998 1923 μιᾶς
1017 1874 1216 1922 οσυλλαὸἧς

194 1932 328 1977 πολλὴν
346 1933 426 1983 307.ss
448 1932 510 1979 τὴν
533 1932 645 1984 ἰσχύν·
664 1934 783 1985 πολλῷ
804 1935 935 1983 μᾶλλον
954 1935 1011 1972 ἐπὶ
1027 1937 1094 1973 τῶν
1115 1935 1214 1975 θείων

195 1993 343 2045 Γραρῶν
363 1995 430 2031 τῶν
451 1993 635 2044 Πνεύματι
651 1993 739 2047 ἁγίῳ
755 1995 990 2046 συγκειμένων
1004 1997 1106 2035 τοῦτό
1121 1998 1214 2036 ἐστιν

196 2057 319 2107 εὑρεῖν,
343 2055 445 2105 μόνον
466 2054 524 2092 ἐὰν
545 2055 722 2107 νήφωμεν,
744 2055 804 2093 καὶ
825 2055 873 2106 μὴ
894 2057 1013 2100 ἁπλῶς
1033 2059 1215 2111 παρατρέ-

193 2132 326 2168 χωμεν,
347 2116 436 2154 ἀλλὰ
463 2116 692 2160 συντείνοντες
718 2120 819 2167 ἡμῶν
839 2117 898 2155 τὸν
918 2119 1086 2169 λογισμὸν
1109 2136 1216 2159 κατο-

194 2177 398 2227 πτεύσωμεν
418 2177 554 2215 ἅπαντα
575 2176 665 2228 μετὰ
692 2177 895 2230 ἀκριὸείας,
926 2178 986 2216 καὶ
1008 2180 1057 2229 μὴ
1078 2181 1215 2233 χείρους

192 2238 368 2290 γινώμεθα
384 2239 452 2275 τῶν
468 2237 548 2290 περὶ
564 2238 608 2277 τὰ
620 2238 769 2285 αἰσθητὰ
784 2238 956 2285 τοσαύτην
977 2239 1041 2286 τὴν
1059 2241 1214 2290 σπουδὴν

192 2299 494 2350 ἐπιδεικνυμένων.
518 2300 587 2338 Καὶ
603 2299 670 2352 γὰρ
687 2303 718 2338 οἱ
737 2299 800 2347 τὴν
821 2301 1036 2351 μεταλλικὴν
1053 2304 1119 2352 γῆν
1139 2305 1214 2342 ἀνο-

192 2361 368 2412 ρύττοντες
397 2361 434 2398 οὐ
468 2360 573 2412 μέχρι
602 2363 664 2407 τῆς
690 2360 890 2413 ἐπιφανείας
921 2360 1100 2411 ἵστανται,
1135 2363 1215 2402 ἀλλ’

191 2422 354 2461 “effaetam
393 2421 482 2460 πολὺ
520 2422 622 2473 βάθος
651 2421 865 2471 κατέλθωσι,
900 2423 960 2462 καὶ
1001 2424 1214 2464 καταλαὸεῖν

192 2489 363 2534 δυνηθῶσι
379 2491 438 2526 τοῦ
456 2487 600 2539 χρυσίου
619 2488 664 2527 τὰ
683 2489 875 2540 ψήγματα,
895 2488 984 2540 μετὰ
1003 2492 1133 2529 πολλοῦ
1153 2495 1213 2530 τοῦ

191 2555 296 2593 πόνου
314 2554 373 2592 καὶ
397 2556 459 2600 τῆς
481 2553 631 2598 εὐτονίας
653 2557 716 2601 τῆς
731 2557 795 2606 γῆς
813 2555 1022 2607 χωρίζουσι,
1042 2556 1102 2595 καὶ
1122 2557 1212 2608 μετὰ

190 2623 248 2661 τὸν
273 2621 380 2661 πολὺν
411 2623 538 2660 ἐκεῖνον
561 2621 677 2668 πόνον,
705 2623 872 2675 βραχεῖάν
896 2638 975 2661 τινα
1004 2626 1072 2662 τῶν
1097 2625 1212 2663 πόνων

190 2688 386 2740 εὑρίσκουσι
415 2688 639 2741 παραμυθίαν
653 2704 660 2711 ·
692 2689 752 2727 καὶ
772 2688 866 2740 ὅμως
885 2689 1013 2734 εἰδότες
1030 2690 1083 2729 ὅτι
1109 2691 1212 2731 ἐλάτ-

188 2773 270 2795 τονα
290 2759 358 2795 τῶν
379 2756 492 2795 πόνων
511 2761 726 2809 καρποῦνται
751 2757 814 2805 τὴν
833 2757 1019 2810 ὠφέλειαν,
1041 2759 1211 2804 πολλάκις

190 2823 226 2862 ’δὲ
245 2823 304 2862 καὶ
323 2822 410 2874 μετὰ
426 2823 488 2871 τὴν
511 2823 644 2871 πολλὴν
671 2824 862 2878 ἀγρυπνίαν
883 2825 942 2863 καὶ
959 2825 1018 2863 τὸν
1038 2826 1210 2877 κάματον,

191 2890 250 2929 καὶ
267 2893 329 2936 τῆς
348 2889 556 2942 προσδοκίας
576 2890 779 2945 διήμαρτον,
807 2890 866 2929 καὶ
897 2890 973 2930 οὐδὲ
1003 2890 1111 2936 οὕτως
1132 2893 1211 2945 ἀφί-

191 2971 356 3004 στανται,
389 2956 478 2995 ἀλλὰ
504 2960 547 3008 τῇ
580 2956 696 2996 ἐλπίδι
727 2957 953 3010 τρεφόμενοι,
990 2961 1059 2996 τῶν
1093 2959 1208 2998 πόνων

191 3021 349 3069 αἴσθησιν
379 3023 417 3061 οὐ
446 3022 694 3073 λαμὸάνουσιν.
716 3026 760 3063 Εἰ
783 3024 896 3063 τοίνυν
915 3026 1040 3063 ἐκεῖνοι
1063 3026 1147 3078 Δπερὶ
1165 3026 1210 3064 τὰ

1239 1141 1265 1171 Λ
1290 1134 1390 1185 teris,
1404 1134 1439 1173 in
1455 1136 1557 1188 cujus
1568 1133 1748 1188 profundo
1761 1148 1830 1172 non
1844 1134 1891 1173 sit
1908 1135 2053 1187 grandis
2068 1136 2249 1189 quispiam

1289 1195 1505 1235 thesaurus:
1527 1195 1679 1249 proinde
1706 1210 1772 1248 par
1803 1204 1856 1234 est
1889 1210 1952 1234 nos
1982 1195 2106 1235 divina
2135 1199 2249 1250 gratia

1288 1255 1429 1307 ductos,
1443 1266 1477 1295 et
1493 1257 1633 1310 Spiritu
1647 1265 1768 1295 sancto
1785 1256 1985 1295 illustratos
2002 1257 2142 1309 eloquia
2153 1258 2249 1297 divi-

1289 1331 1334 1357 na
1363 1317 1474 1357 adire.
1504 1320 1629 1370 Neque
1652 1332 1742 1371 opus
1773 1318 1880 1356 habet
1909 1317 2035 1357 divina
2061 1319 2249 1373 Scriptura

1289 1379 1476 1418 hominum
1504 1379 1688 1433 sapientia,
1708 1388 1748 1417 ut
1768 1379 2008 1432 intelligatur,
2030 1380 2093 1419 sed
2115 1381 2249 1420 revela-

1290 1441 1386 1480 tione
1404 1440 1574 1495 Spiritus,
1596 1450 1636 1480 ut
1661 1441 1790 1479 hausto
1819 1440 1902 1480 inde
1919 1456 2003 1482 vero
2029 1456 2149 1494 sensu,
2170 1458 2250 1481 ma-

1291 1517 1402 1556 gnum
1435 1503 1539 1542 nohis
1564 1502 1650 1541 hinc
1669 1502 1813 1541 lucrum
1839 1513 2026 1542 accrescat.
2049 1505 2141 1543 Nam
2161 1505 2189 1542 si
2213 1505 2250 1543 in

1290 1564 1520 1604 saecularibus
1539 1563 1690 1616 negotiis
1705 1563 1854 1616 scripta,
1881 1579 1960 1616 quae
1977 1565 2024 1603 ab
2044 1565 2250 1604 hominibus

1291 1627 1543 1676 conficiuntur,
1559 1640 1653 1678 saepe
1674 1634 1834 1678 tempore
1855 1635 2034 1679 corrupta,
2050 1641 2071 1666 a
2093 1636 2251 1680 tempore

1291 1686 1395 1725 initio
1425 1685 1653 1724 instrumenti
1686 1693 1822 1736 notato,
1852 1693 1885 1724 et
1918 1685 1965 1723 ab
1992 1699 2063 1724 una
2093 1686 2248 1740 syllaba,

1292 1748 1448 1787 multum
1474 1747 1646 1785 momenti
1670 1746 1805 1784 habent
1825 1762 1832 1783 :
1852 1746 1967 1784 multo
1986 1747 2100 1800 magis
2123 1747 2192 1786 boc
2212 1748 2249 1786 in

1291 1808 1489 1862 Scripturis
1517 1807 1654 1847 divinis
1677 1821 1699 1845 a
1724 1806 1864 1859 Spiritu
1897 1816 2018 1846 sancto
2043 1808 2251 1860 compositis

1290 1869 1483 1916 invenitur,
1509 1866 1616 1905 modo
1644 1866 1756 1905 sobrii
1794 1866 1920 1915 simus,
1939 1876 1973 1904 et
2009 1881 2079 1905 non
2116 1877 2250 1906 temere

1290 1927 1624 1984 praetergrediamur
1640 1942 1648 1964 :
1666 1926 1728 1965 sed
1756 1926 1889 1965 intenta
1915 1936 2032 1966 mente
2058 1927 2248 1980 diligenter

1289 1990 1410 2030 omnia
1425 1989 1702 2038 consideremus,
1713 1996 1747 2026 et
1758 2001 1829 2026 non
1844 1987 2118 2040 negligentiores
2134 1989 2248 2028 simus

1289 2051 1372 2090 aliis
1405 2050 1469 2102 qui
1499 2059 1598 2088 tanto
1630 2048 1752 2087 studio
1789 2047 1825 2086 in
1862 2048 2051 2088 sensilibus
2081 2058 2246 2089 utuntur.

1291 2112 1487 2151 Enimvero
1506 2111 1569 2162 qui
1583 2109 1727 2148 metalla
1745 2108 1933 2159 effodiunt,
1948 2123 2018 2148 non
2040 2109 2076 2148 in
2096 2112 2247 2163 superfi-

1289 2174 1342 2214 cie
1360 2182 1514 2221 manent,
1529 2172 1591 2210 sed
1608 2185 1691 2209 cum
1706 2169 1881 2223 profunde
1893 2170 2091 2209 admodum
2104 2171 2247 2211 descen-

1288 2235 1418 2286 derint,
1435 2243 1469 2273 et
1489 2233 1569 2272 auri
1588 2240 1747 2271 ramenta
1768 2231 1923 2269 nancisci
1945 2231 2141 2285 potuerint,
2165 2247 2247 2271 ma-

1287 2311 1357 2350 gno
1372 2296 1494 2335 labore
1507 2303 1540 2333 et
1550 2292 1740 2332 sedulitate
1752 2306 1791 2330 ea
1809 2306 1830 2330 a
1842 2300 1936 2330 terra
1953 2302 2132 2345 separant,
2149 2303 2247 2346 post-

1287 2374 1356 2411 que
1394 2357 1550 2397 multum
1581 2354 1687 2393 illum
1715 2353 1894 2402 laborem,
1913 2353 2059 2392 brevem
2086 2354 2249 2405 aliquam

1286 2420 1453 2459 laborum
1471 2415 1660 2456 inveniunt
1683 2414 1981 2465 consolationem,
1999 2424 2248 2454 verumtamen

1285 2482 1367 2521 licet
1386 2481 1424 2519 hi
1450 2479 1576 2528 sciant,
1596 2491 1633 2515 se
1651 2476 1846 2515 utilitatem
1862 2485 2092 2528 percepturos
2110 2476 2244 2515 labori-

1284 2544 1352 2583 bus
1379 2556 1450 2582 non
1471 2538 1756 2593 respondentem,
1778 2551 1940 2589 saepeque
1963 2536 2070 2575 etiam
2093 2546 2173 2589 post
2191 2546 2244 2576 tot

1284 2604 1432 2657 vigilias
1448 2611 1482 2642 et
1500 2601 1660 2648 labores,
1679 2597 1942 2650 exspectatione
1967 2611 2029 2635 sua
2056 2598 2243 2636 frustratos

1286 2680 1371 2715 esse,
1394 2677 1508 2714 neque
1538 2660 1588 2699 sic
1620 2659 1808 2705 desistunt,
1834 2656 1897 2695 sed
1928 2671 1991 2709 spe
2023 2656 2184 2707 aluntur,
2210 2667 2243 2697 et

1286 2742 1390 2766 sensu
1419 2723 1554 2764 laboris
1575 2728 1708 2759 carent.
1732 2717 1843 2767 Quod
1868 2718 1897 2755 si
1921 2717 1976 2755 illi
2008 2727 2146 2757 tanttun
2168 2733 2243 2772 prae

1285 2804 1322 2828 se
1351 2788 1469 2826 ferunt
1501 2782 1661 2822 studium
1684 2780 1721 2818 in
1749 2778 2061 2831 corruptibilibus,
2080 2779 2240 2830 incertis,

1285 2860 1320 2889 et
1341 2846 1498 2895 caducis,
1518 2843 1631 2882 multo
1660 2840 1772 2892 magis
1791 2838 1892 2878 <lecet
1914 2853 1992 2890 nos,
2018 2840 2081 2879 uhi
2103 2840 2241 2879 divitiae

1284 2909 1417 2950 auferri
1428 2911 1661 2958 nequeunt,et
1673 2901 1861 2939 thesaurus
1873 2900 2014 2938 absumi
2026 2914 2095 2939 non
2110 2910 2239 2954 potest,

1281 2981 1317 3011 et
1345 2985 1406 3024 spe
1438 2981 1507 3006 non
1541 2965 1739 3010 aberratur,
1760 2975 1825 3014 par
1847 2960 1906 3015 yel
1933 2962 2049 3014 majus
2077 2962 2239 3001 studium

1283 3034 1469 3081 adhibere,
1487 3038 1526 3066 ut
1550 3026 1636 3065 binc
1661 3024 1782 3076 aliquo
1800 3023 1920 3061 fructu
1947 3032 2130 3076 percepto,
2145 3023 2238 3062 desi-

1241 1826 1264 1856 B

189 3089 324 3142 φθαρτὰ
344 3089 402 3127 καὶ
422 3089 586 3142 ἐπίκηρα,
606 3090 685 3129 ἔνθα
698 3091 758 3130 καὶ
772 3091 900 3140 ἀδηλία
922 3091 1057 3139 πολλὴ,
1077 3091 1210 3130 τοσαύ-
1233 3104 1260 3134 D
1282 3097 1404 3137 derata
1417 3089 1555 3141 assequi
1571 3086 1763 3141 possimus,
1777 3084 1969 3137 agnitaque
1988 3085 2161 3123 ineffabili
2177 3086 2238 3124 be-

189 3170 251 3201 την
267 3155 519 3194 ἐπιδείκνυνται
535 3155 600 3203 τὴν
620 3157 788 3204 σπουδὴν,
809 3158 929 3209 πολλῷ
949 3159 1080 3208 μᾶλλον
1099 3173 1210 3210 προσ,-

190 3222 267 3268 ήκει
300 3225 391 3274 ἡμᾶς
415 3222 500 3261 ὅπου
527 3224 586 3262 καὶ
612 3227 631 3263 ὃ
649 3226 795 3268 πλοῦτος
822 3224 1070 3277 ἀναφαίρετος,
1105 3226 1165 3263 καὶ
1193 3228 1211 3263 ὁ

236 3352 249 3367 ¹
271 3344 350 3387 3Ρὲ-
367 3357 449 3379 unus
462 3352 647 3384 ἐναπόιιειται
663 3353 788 3388 πλοῦτος
803 3354 832 3382 ἐν
848 3357 901 3393 τῷ.

237 3398 252 3420 b
276 3403 308 3431 U
324 3405 380 3444 γὰρ
398 3405 426 3432 ἐν
443 3409 502 3438 τοῖς
515 3407 663 3444 βιωτικοῖς
687 3407 845 3446 πράγμασι
868 3409 931 3433 etc.
951 3399 1056 3432 multa
1073 3396 1192 3431 desum

181 3449 187 3479 i
204 3461 222 3481 u
241 3448 362 3483 Cusslin
386 3464 455 3495 quae
472 3451 543 3495 plus
557 3464 657 3495 quam
673 3452 846 3487 dimidiam
863 3455 1017 3497 paginam
1035 3451 1193 3485 efficiunt.

1285 3157 1456 3211 nignitate
1480 3151 1566 3197 Dei,
1596 3147 1729 3201 gratias
1754 3154 1897 3198 agentes
1922 3145 2078 3185 Domino
2105 3156 2237 3195 nostro,

1286 3222 1361 3274 ejus
1380 3215 1483 3256 nobis
1504 3213 1663 3252 savorem
1682 3208 1927 3258 conciliemus,
1948 3217 1982 3246 et
2001 3207 2135 3246 diaboli
2153 3209 2236 3247 reti-

1269 3349 1283 3365 o
1308 3336 1368 3372 Alii
1385 3337 1532 3372 συλλαὸῆς
1546 3335 1688 3368 πολλάκις
1703 3332 1830 3367 πολλήν.

1272 3395 1285 3412 ‘¹
1309 3392 1364 3425 Sic
1386 3386 1488 3422 savit.
1507 3394 1541 3418 et.
1565 3392 1691 3426 septem
1710 3382 1788 3413 Mss-
1818 3378 1933 3413 Mor-el,
1954 3383 2070 3415 enach
2098 3385 2133 3418 ,νς
2163 3382 2236 3413 mii·

1230 3452 1333 3490 γῆθος.
1352 3443 1446 3476 Unus
1462 3440 1540 3474 Ὴεε.
1559 3438 1675 3472 ἐπειδάν
1698 3440 1734 3473 εὶς
1755 3437 1856 3476 βάθος.
