2516 3791
831 177 873 207 ιΝ
910 174 1108 206 crunsm
1146 173 1295 206 sunno
1333 173 1414 204 vu.
2066 159 2146 220 781

482 335 496 352 ²
512 330 678 370 ΛΟΓΟΣ
705 329 744 374 ζ’.
1141 325 1189 390 ⁶1⁴
1538 323 1707 363 SERMO
1736 324 1817 363 Vll.

104 457 173 496 Διὰ
192 455 226 494 τί
243 454 339 500 ξύλον
356 455 509 507 γνωστὸν
532 457 640 493 καλοῦ
659 454 718 494 καὶ
738 455 890 505 πονηροῦ
913 454 1071 491 καλεῖται
1089 451 1130 488 τὸ
1208 449 1338 501 Quare
1356 449 1505 500 lignum
1526 450 1697 487 scientiae
1719 449 1811 485 bom·
1828 455 1864 486 et
1885 446 1980 485 mali
1999 453 2161 485 vocetur

158 517 269 563 ξύλον,
287 516 346 555 καὶ
371 516 405 555 τί
432 515 518 556 ποτέ
537 517 632 564 ἐστι,
664 516 824 568 Σήμερον
854 515 930 565 μετ’
952 515 1036 564 ἐμοῦ
1067 511 1129 563 ἔσῃ
1258 510 1408 562 lignum
1439 509 1542 547 illud
1559 525 1570 545 .·
1588 517 1624 548 et
1656 509 1752 561 quid
1781 510 1844 555 sit,
1879 506 1995 547 Hodie
2022 520 2160 545 mecum

158 580 193 618 ἐν
211 580 262 631 τῷ
279 577 492 631 παραδείσῳ.
1257 572 1327 610 eris
1345 571 1381 609 in
1401 570 1582 624 paradiso.

160 702 282 742 Πολλὰ
321 701 545 757 παρεκάλεσα
583 701 664 754 χθὲς
695 701 761 748 τὴν
790 699 960 752 ὑμετέραν
991 698 1133 751 ἀγάπην
1260 698 1297 733 1.
1315 695 1488 735 Hesterno
1502 694 1562 734 die
1576 694 1758 734 caritatem
1775 703 1930 734 vestram
1945 694 2070 733 multis
2085 694 2164 733 hor-

110 766 308 818 μεμνῆσθαι
345 765 414 801 τῶν
452 762 668 817 εἰρημένων,
697 761 757 801 καὶ
787 762 913 807 διπλῆν
940 762 976 800 ἐν
1003 761 1135 814 ἑσπέρᾳ
1205 766 1301 797 tatus
1319 772 1421 807 sum,
1441 766 1481 795 ut
1501 770 1646 806 eorum,
1665 770 1744 807 quae
1768 755 1864 794 dicta
1884 755 2034 806 fuerant,
2050 769 2165 794 recor-

109 830 315 878 παραθεῖναι
340 825 404 872 τὴν
428 826 619 878 τράπεζαν,
643 824 706 872 τὴν
733 826 802 862 τῶν
831 822 1044 877 βρωμάτων,
1074 823 1135 861 καὶ
1207 819 1398 867 dammim,
1416 833 1457 858 ac
1476 817 1659 871 duplicem
1678 817 1819 870 vesperi
1839 831 1996 856 mensam
2013 830 2166 869 appone·

108 887 173 934 τὴν
206 885 276 924 ἀπὸ
308 888 377 924 τῶν
403 885 515 937 λόγων
534 885 784 938 προστιθέντας
802 884 971 924 ἑστίασιν.
990 884 1039 924 Τί
1057 878 1136 932 οῧν;
1206 881 1308 931 retis,
1330 894 1439 919 unam
1461 879 1641 930 ciborum,
1676 888 1710 918 et
1739 878 1886 917 alteram
1907 877 1939 916 ei
1964 891 2168 916 sermonum

107 947 295 994 ἐποιήσατε
322 950 442 997 τοῦτο,
471 947 532 986 καὶ
553 946 777 1000 παρεθήκατε
803 946 928 993 διπλῆν
956 945 1020 994 τὴν
1053 946 1137 998 τρά-
1208 941 1459 995 adjungeretis.
1480 939 1580 988 Quid
1598 939 1734 992 igitur?
1751 954 1838 978 num
1856 939 1924 978 hoc
1940 939 2084 988 fecistis,
2100 939 2168 977 du-

108 1012 235 1058 πεζαν;
262 1002 353 1048 Οἶδα
370 1009 425 1049 ὅτι
454 1010 641 1058 ἐποιήσατε
655 1037 665 1054 ,
693 1008 754 1047 καὶ
783 1009 847 1047 οὐκ
864 1007 997 1056 ἐκείνης
1018 1008 1136 1060 μόνον,
1159 1015 1183 1046 Β
1210 1004 1409 1057 plicemquc
1428 1016 1586 1042 mensam
1611 1000 1853 1055 apposuistis?
1870 1001 1951 1040 Scio
1977 1015 2041 1040 vos
2061 1000 2097 1039 id
2116 1001 2168 1038 fe-

110 1070 201 1109 ἀλλὰ
227 1070 287 1108 καὶ
317 1070 446 1119 ταύτης
475 1070 676 1123 μετέσχετε.
708 1071 762 1109 Οὐ
791 1068 860 1124 γὰρ
892 1069 933 1117 δὴ
963 1070 1044 1123 περὶ
1077 1069 1140 1116 τὴν
1210 1065 1313 1115 cisse,
1328 1078 1441 1117 neque
1454 1073 1593 1102 tantum
1610 1063 1720 1114 illius,
1737 1062 1799 1101 sed
1815 1061 1923 1115 hujus
1938 1062 2046 1101 etiam
2062 1060 2171 1101 fuisse

111 1133 246 1172 ἐλάττω
267 1133 543 1181 σπουδάσαντες,
568 1135 632 1179 τῆς
659 1132 832 1184 βελτίονος
859 1131 1024 1184 ἐμέλλετε
1051 1134 1139 1184 ἀμε-
1210 1126 1411 1181 participes.
1443 1126 1566 1177 Neque
1595 1124 1690 1164 enim
1721 1137 1805 1162 cum
1837 1122 2005 1161 deteriori
2032 1131 2171 1161 tantum

111 1196 196 1233 λεῖν.
230 1194 299 1233 Καὶ
330 1194 398 1248 γὰρ
425 1194 570 1247 βελτίων
591 1193 724 1242 ἐκείνης
753 1194 855 1243 αὕτη.
886 1193 962 1242 Τὴν
987 1194 1050 1245 μὲν
1073 1193 1142 1246 γὰρ
1210 1187 1373 1227 studium
1403 1184 1674 1235 adhibuissetis,
1694 1184 1809 1222 multo
1839 1183 2016 1236 potiorem
2046 1193 2170 1222 conte-

114 1256 288 1309 μαγείρων
328 1256 519 1304 συνέῡηκαν
551 1262 666 1310 χεῖρες
679 1286 689 1303 ,
722 1255 854 1303 ταύτην
884 1255 920 1294 δὲ
953 1258 1140 1309 προφητῶν
1212 1264 1332 1289 mnere
1350 1248 1537 1288 debuistis.
1557 1247 1652 1286 Nam
1667 1246 1745 1284 haec
1763 1245 1826 1284 illa
1842 1245 1968 1284 melior
1986 1254 2057 1284 cst:
2073 1245 2173 1284 illam

111 1317 379 1371 παρεσκεύασαν
407 1318 586 1369 γλῶσσαιζ·
610 1316 669 1356 καὶ
694 1320 716 1363 ἦ
744 1317 806 1368 μὲν
826 1316 870 1355 τὰ
896 1316 966 1356 ἀπὸ
991 1319 1055 1363 τῆς
1078 1318 1143 1369 γῆς
1210 1313 1304 1351 enim
1318 1325 1446 1350 manus
1459 1310 1707 1348 instruxerunt
1720 1307 2174 1360 coquorum,hanclinguae

112 1377 187 1431 ἔχει
205 1378 460 1430 βλαστήματα,
477 1382 499 1426 ἠ
516 1377 552 1417 δὲ
568 1379 625 1418 τὸν
640 1378 775 1432 καρπὸν
790 1378 849 1417 τὸν
862 1379 932 1417 ἀπὸ
948 1381 1007 1416 τοῦ
1030 1378 1141 1417 Πνεύ-
1211 1373 1469 1428 prophetarum
1489 1378 1661 1425 pararunt
1680 1385 1688 1407 ε
1709 1369 1746 1408 in
1774 1369 1836 1408 illa
1866 1379 1969 1409 terrae
1999 1370 2090 1408 setus
2120 1369 2174 1408 in-

114 1456 241 1493 ματος·
261 1440 320 1479 καὶ
350 1440 480 1488 ταύτης
515 1439 578 1492 μὲν
608 1443 671 1488 τῆς
693 1439 868 1492 τραπέζης
899 1440 986 1492 πρὸς
1013 1439 1141 1493 φθορὰν
1211 1443 1308 1486 sunt,
1326 1434 1362 1473 in
1384 1434 1451 1473 ista
1472 1432 1632 1486 Spiritus
1650 1431 1788 1471 fructus
1806 1431 1926 1470 :illius
1954 1445 2084 1470 mensae
2105 1430 2176 1470 cibi

113 1502 288 1554 ἐπείγεται
315 1501 360 1541 τὰ
387 1502 480 1542 σιτία
495 1530 505 1548 ,
525 1501 569 1540 τὰ
597 1501 633 1540 δὲ
663 1500 798 1549 ἐκείνης
820 1500 907 1555 πρὸς
925 1499 1142 1555 ἀφθαρσίαν·
1211 1504 1405 1550 properant
1421 1494 1469 1534 ad
1487 1492 1766 1546 corruptionem,
1792 1492 1903 1546 hujus
1923 1491 2033 1545 dapes
2052 1491 2098 1530 ad
2116 1492 2176 1530 in-

113 1564 173 1603 καὶ
190 1564 278 1611 αὕτη
309 1563 371 1617 μὲν
400 1562 464 1611 τὴν
490 1567 669 1618 παροῦσαν
696 1566 798 1616 ἡμῶν
820 1569 1007 1616 συγκρατεῖ
1037 1562 1144 1612 ζωὴν,
1213 1557 1478 1611 corruptionem
1493 1572 1501 1594 :
1515 1556 1577 1595 illa
1595 1563 1808 1609 praesentem
1826 1554 1940 1594 vitam
1957 1563 2092 1604 tuetur,
2112 1554 2177 1593 ista

114 1625 229 1674 ἐκείνη
256 1626 292 1666 δὲ
311 1625 397 1678 πρὸς
414 1625 478 1674 τὴν
499 1625 693 1678 με’λλουσαν
711 1628 806 1677 ἡμᾶς
823 1626 956 1677 ὁδηγεῖ.
980 1624 1065 1664 (Ότι
1082 1625 1144 1676 μὲν
1214 1635 1278 1660 nos
1294 1619 1341 1659 ad
1357 1619 1518 1658 futuram
1531 1616 1687 1657 deducit.
1711 1617 1814 1655 Hanc
1829 1616 1948 1668 itaque
1963 1630 2026 1655 vos
2046 1617 2178 1654 instru-

114 1682 174 1726 οῧν
200 1687 424 1740 παρεθήκατε
443 1688 518 1738 μετ’
544 1687 677 1735 ἐκείνης
703 1686 763 1726 καὶ
794 1685 946 1734 ταύτην,
973 1680 1063 1735 οἶδα,
1085 1688 1147 1725 οὐκ
1166 1700 1190 1733 C
1215 1681 1311 1722 xissc
1342 1695 1427 1720 cum
1461 1680 1524 1719 illa
1544 1679 1658 1732 probe
1689 1678 1778 1729 scio,
1801 1691 1871 1716 non
1899 1692 1945 1718 ex
1966 1677 2179 1730 pedissequo

116 1750 301 1789 ἀκόλουθον
331 1752 430 1801 ὑμῶν
456 1748 658 1801 ἐρωτήσας,
691 1751 754 1788 οὐκ
786 1748 944 1798 οἰκέτην,
973 1747 1064 1787 ἀλλὰ
1088 1749 1146 1789 τὸν
1214 1752 1349 1793 vestro,
1368 1757 1432 1782 nec
1451 1756 1497 1781 ex
1514 1741 1652 1780 famulo
1670 1739 1884 1788 sciscitatus,
1905 1738 1966 1778 scd
1987 1753 2033 1778 ex
2054 1739 2180 1777 nuntio

115 1811 246 1852 τούτων
268 1810 477 1864 σαφέστερον
512 1811 670 1864 ἄγγελον.
703 1810 794 1850 Τίνα
823 1810 864 1859 δὴ
896 1814 1042 1859 τοῦτον;
1074 1811 1146 1851 Τὸν
1214 1805 1273 1844 his
1303 1804 1470 1844 omnibus
1507 1802 1673 1842 fideliori.
1712 1801 1772 1841 Ex
1809 1814 1966 1854 quonam
2004 1800 2178 1839 tandem?

117 1873 239 1927 κρότον
267 1876 336 1912 τῶν
363 1872 572 1927 εἰρημένων,
592 1872 650 1912 τὸν
669 1871 807 1913 ἔπαινον
822 1873 882 1914 τὸν
902 1873 959 1912 ἐπὶ
982 1876 1026 1926 τῇ
1047 1874 1147 1912 διδα-
1216 1867 1276 1906 EX
1305 1867 1434 1920 plausu
1467 1865 1652 1912 nimirum,
1684 1877 1756 1916 quo
1787 1877 1827 1902 ea
1859 1876 1936 1915 quae
1968 1862 2066 1902 dicta
2097 1862 2178 1900 sue-

119 1935 259 1989 σκαλίᾳ.
281 1935 428 1983 Ἐπειδὴ
445 1935 511 1987 γὰρ
534 1929 630 1974 εἶπον
649 1934 748 1988 χθὲς,
775 1936 829 1975 ὅτι
852 1934 869 1956 b
885 1935 1032 1980 ἕκαστος
1049 1937 1146 1987 ὑμῶν
1215 1938 1312 1980 rant,
1346 1937 1380 1967 et
1408 1942 1453 1967 ex
1482 1926 1602 1977 laude,
1634 1939 1705 1978 qua
1735 1924 1937 1963 doctrinam
1966 1924 2070 1965 vobis
2104 1933 2177 1962 tra-

117 1997 304 2045 ποιησάτω
329 1997 394 2045 τὴν
420 1996 532 2035 οἰκίαν
554 1999 659 2036 αὐτοῦ
687 1998 890 2046 ἐκκλησίαν,
914 1997 1005 2051 μέγα
1023 1999 1148 2037 ἀναχε-
1217 1991 1332 2030 ditam
1364 1988 1655 2029 commendastis.
1695 1987 1788 2026 Cum
1822 1985 1921 2025 enim
1951 1985 2031 2025 heri
2063 1985 2179 2024 dixis-

120 2060 295 2114 κράγατε,
315 2059 498 2107 δηλοῦντες
521 2058 585 2106 τὴν
609 2059 737 2108 ἡδονὴν
759 2058 822 2108 τὴν
841 2059 898 2098 ἐπὶ
919 2065 991 2104 τοῖς
1010 2060 1149 2113 εἷρημέ-
1217 2067 1314 2103 sem,
1338 2051 1490 2105 quisquc
1515 2058 1681 2089 vestrum
1704 2047 1854 2087 domum
1874 2062 1978 2088 suam
1995 2047 2181 2086 ecclesiam

119 2137 199 2166 νοις.
222 2121 266 2161 Ὁ
285 2120 321 2160 δὲ
342 2123 418 2172 μεθ’
440 2122 566 2168 ἡδονῆς
586 2121 719 2160 ἀκούων
736 2123 806 2160 τῶν
821 2121 1033 2174 λεγομένων,
1051 2117 1150 2166 οὗτος
1217 2113 1364 2166 efficiat,
1382 2126 1512 2165 magna
1530 2125 1619 2151 voce
1640 2109 1862 2149 acclamastis
1875 2139 1887 2161 ,
1906 2123 1948 2148 ac
1963 2108 2180 2162 voluptatis,

116 2182 176 2222 ’καὶ
204 2182 290 2235 πρὸς
319 2181 383 2230 τὴν
415 2185 485 2220 τῶν
517 2182 626 2235 ἔργων
659 2181 821 2227 ἐπίδειξιν
852 2183 1146 2237 παρεσκεύασται,
1218 2190 1289 2228 qua
1315 2189 1380 2215 vos
1400 2174 1464 2213 illa
1482 2173 1593 2212 verba
1612 2170 1862 2225 perfuderant,
1883 2169 2184 2222 significationem

117 2244 186 2283 Διὰ
215 2247 326 2282 ταῦτα
362 2243 422 2282 καὶ
447 2243 600 2296 τήμερον
635 2243 893 2298 προθυμότερον
915 2245 1148 2297 ἀπεδυσάμην
1217 2236 1381 2277 dedistis.
1399 2236 1510 2274 Porro
1523 2234 1553 2273 is
1572 2233 1634 2285 qui
1657 2246 1740 2271 cum
1756 2231 1942 2285 voluptate
1957 2245 2037 2282 quae
2054 2230 2180 2269 dicun-

116 2306 202 2358 πρὸς
236 2306 300 2354 τὴν
331 2306 569 2347 διδασκαλίαν.
608 2306 713 2347 Ἀλλὰ
743 2307 942 2360 διεγέρθητε
980 2308 1040 2346 χαὶ
1078 2312 1147 2348 νῦν,
1218 2308 1279 2339 tur
1297 2297 1423 2348 audit,
1445 2297 1476 2336 is
1508 2310 1544 2335 se
1572 2293 1620 2335 ad
1650 2308 1758 2348 opera
1789 2292 1995 2333 exhibenda
2013 2301 2182 2346 paratum

118 2367 211 2406 Οὐδὲ
254 2368 322 2423 γὰρ
365 2368 423 2407 τὸν
463 2367 609 2422 λε’γοντα
650 2369 915 2423 διεγηγερμένον
950 2363 1041 2409 εἶναι
1076 2370 1146 2425 χρὴ
1169 2396 1195 2426 D
1218 2359 1386 2401 ostendit.
1416 2361 1609 2412 Propterea
1637 2355 1814 2410 promtius
1843 2354 1953 2394 hodie
1977 2368 2034 2393 me
2052 2353 2097 2392 ad
2117 2353 2181 2392 do-

121 2428 246 2480 μόνον,
281 2429 372 2469 σ’λλὰ
405 2429 466 2468 καὶ
492 2429 571 2474 τοὺς
599 2431 787 2475 ἀκούοντας
819 2431 1023 2484 ἐναγωνίους
1059 2427 1147 2472 εἶναι
1219 2422 1371 2462 cendum
1399 2418 1555 2463 acciDXi·
1591 2419 1731 2458 vesum
1762 2416 1889 2470 erigite
1916 2430 2011 2455 nunc
2041 2429 2181 2466 quoque

120 2491 210 2543 χρὴ,
242 2490 302 2529 καὶ
329 2489 408 2535 τοὺς
441 2491 629 2536 ἀκούοντας
664 2494 817 2543 μᾶλλον,
841 2492 864 2540 ἢ
897 2493 957 2533 τὸν
986 2494 1146 2547 λέγοντα,
1218 2493 1353 2524 mentes
1382 2491 1672 2532 vestrasznequc
1701 2478 1796 2517 enim
1825 2478 1941 2517 solum
1974 2477 2178 2528 loquentem

121 2551 245 2602 Ἡμεῖς
269 2550 330 2603 μὲν
354 2551 422 2604 γὰρ
443 2552 524 2604 μίαν
544 2553 671 2606 ἔχομεν
690 2553 856 2604 σπουδὴν,
871 2556 1085 2597 καταὸαλεῖν
1102 2557 1147 2595 τὰ
1217 2555 1332 2586 erecta
1347 2553 1464 2584 mente
1483 2549 1621 2595 oportet
1633 2553 1717 2588 esse,
1731 2552 1860 2577 verum
1876 2538 1984 2576 etiam
1998 2536 2179 2576 auditores

121 2611 311 2651 δεσποτικὰ
334 2612 521 2665 χρήματα·
549 2618 629 2666 ὑμῖν
657 2616 694 2655 δὲ
724 2615 853 2654 πλείων
875 2619 893 2654 ὁ
919 2615 1039 2666 πόνος,
1055 2616 1147 2657 ὥστε
1218 2617 1367 2647 attentos
1394 2619 1481 2655 esse,
1505 2615 1632 2654 eosque
1660 2600 1818 2653 amplius
1848 2613 1956 2650 quam
1985 2607 2173 2638 oratorem.

123 2674 183 2712 καὶ
207 2673 437 2718 ὑποδέξασθαι
456 2675 566 2726 αὐτὰ,
583 2677 643 2716 καὶ
658 2677 747 2730 μετὰ
761 2679 894 2725 πολλῆς
912 2682 1066 2731 τηρῆσαι
1085 2682 1148 2727 τῆς
1217 2672 1310 2710 Nam
1329 2682 1392 2707 nos
1411 2665 1557 2719 quidem
1578 2662 1616 2701 id
1643 2676 1756 2700 unum
1775 2660 1975 2711 studemus,
1999 2669 2039 2698 ut
2057 2659 2175 2699 domi-

125 2734 325 2786 ἀσφαλείας.
351 2735 513 2776 Ἐπίθετε
545 2737 657 2778 τοίνυν
685 2739 776 2790 μετὰ
812 2739 876 2788 τὴν
904 2740 1070 2793 ἀκρόασιν
1102 2741 1148 2780 τὰ
1219 2732 1336 2771 nicam
1354 2726 1543 2783 pecuniam
1569 2724 1782 2764 collocemus
1799 2735 1886 2761 :vos
1905 2735 1989 2761 vero
2007 2722 2177 2774 majorem

126 2795 270 2847 κλεῖθρα
302 2801 378 2840 ταῖς
407 2797 544 2852 θύραις,
576 2798 656 2845 τοὺς
685 2801 854 2854 μοχλούς·
881 2802 940 2840 χαὶ
961 2802 1150 2854 λογισμοὺς
1219 2793 1377 2832 laborem
1396 2787 1590 2837 adhibetis7
1608 2795 1648 2824 ut
1667 2798 1745 2824 cam
1763 2792 1948 2837 exceptam
1967 2797 2049 2822 cum
2064 2784 2178 2822 multa

125 2856 203 2901 τοὺς
218 2856 399 2910 φοὸεροὺς,
423 2860 582 2914 καθάπερ
607 2862 702 2907 τινὰς
730 2863 907 2916 φύλακας,
927 2865 1147 2917 πανταχόθεν
1219 2854 1382 2893 cautione
1409 2848 1568 2890 servetis.
1604 2847 1799 2896 Postquam
1831 2843 2175 2897 igituraudieritis,

123 2918 359 2971 περιστήσατε
375 2922 419 2971 τῇ
434 2922 542 2973 ψυχῇ.
558 2923 628 2962 Καὶ
640 2923 708 2977 γὰρ
722 2925 949 2979 ἀναίσχυντος
963 2929 980 2965 ὁ
995 2911 1148 2975 κλέπτης
1219 2929 1312 2955 seras
1330 2913 1430 2954 ostiis
1445 2920 1480 2951 ct
1496 2918 1614 2950 vectes
1629 2907 1764 2958 obdito,
1784 2921 1826 2946 ac
1843 2907 2019 2946 terribiles
2039 2908 2174 2959 cogita-

123 2980 287 3027 ἐστὶ,καὶ
303 2981 487 3026 διαπαντὸς
501 2985 688 3035 ἀγρυπνεῖ,
701 2986 761 3024 καὶ
780 2972 934 3040 συνεγῶς
945 2987 1147 3037 ἐπιτίθεται,
1218 2976 1331 3014 tiones
1348 2971 1508 3022 undique
1535 2968 1662 3007 animae
1684 2975 1867 3018 tamquam
1886 2966 2051 3005 custodes
2070 2980 2175 3017 quos-

123 3041 188 3080 κᾶν
205 3042 375 3086 πολλάκις
405 3044 584 3097 ἀποτύχῃ,
611 3047 781 3093 πολλάκις
801 3034 982 3102 ἑπιγ-ειρεῖ.
1007 3049 1147 3090 Ἔστω-
1169 3061 1194 3093 Ε
1219 3036 1303 3076 dam
1336 3032 1517 3087 apponite.
1540 3028 1727 3081 Siquidem
1755 3027 1945 3080 impudens
1966 3036 2018 3066 est
2047 3028 2120 3078 fur,
2143 3039 2177 3067 ct

125 3118 188 3141 σαν
208 3102 320 3143 τοίνυν
347 3104 488 3157 φοςεροὶ
509 3108 540 3146 οἱ
563 3107 730 3159 φύλακες.
751 3109 815 3148 κᾶν
829 3094 930 3149 {edm
949 3110 1008 3150 τὸν
1026 3111 1147 3150 &0260-
1217 3107 1387 3154 perpetuo
1419 3095 1561 3148 vigilat,
1581 3107 1623 3132 ac
1641 3092 1844 3144 frequenter
1865 3092 2038 3144 impetum
2065 3092 2148 3130 facit
2165 3108 2172 3128 ε

123 3163 183 3201 λον
202 3163 344 3202 ἐλθόντα
374 3165 434 3203 καὶ
463 3167 670 3218 βουλόμενον
689 3169 846 3221 ἁρπάσαι
872 3187 908 3209 τι
935 3174 1004 3211 τῶν
1033 3187 1145 3211 κατα-
1218 3179 1251 3209 et
1269 3165 1434 3221 quamvis
1453 3176 1546 3216 saepe
1567 3161 1722 3211 aberret,
1744 3174 1836 3213 saepe
1856 3160 2074 3213 aggreditur.
2099 3160 2176 3198 Ad—

130 3339 135 3344 .
170 3293 184 3309 ⁸
200 3284 375 3345 InCodice
389 3287 469 3332 Reg.
494 3290 579 3322 2342
597 3291 770 3325 hicsermo
784 3296 1060 3338 praetermittitur,
1079 3307 1139 3329 nec
1174 3306 1259 3326 mum
1281 3292 1453 3325 ecclesiam
1481 3289 1621 3335 efficiat.
1639 3289 1712 3322 Hoc
1736 3286 1822 3321 dixit
1849 3286 1947 3329 paulo
1980 3293 2056 3318 autc
2083 3284 2181 3319 finem

129 3348 161 3370 ¹¹¹
178 3347 259 3370 “ne
269 3337 409 3373 alimum
424 3342 572 3384 ponitur,
1174 3344 1387 3390 praecedentis
1406 3342 1560 3377 homiliae,

175 3390 190 3413 ⁵
214 3398 344 3431 Εκαστος
367 3395 450 3435 ὑμῶν
466 3402 546 3437 etc„
566 3400 791 3442 unusquisque
809 3407 952 3433 vestrum
970 3413 1063 3432 suum
1081 3402 1139 3431 ‹10-

2177 445 2249 472 Cen.
2266 452 2338 481 ις).

2180 485 2290 515 Luc-23
2309 484 2356 524 43.
