2516 3791
710 193 750 222 ΙΝ
791 194 890 223 ΟΑΡ.
934 191 1058 223 xxxh

145 274 209 324 ὅση
237 281 296 314 τοῦ
319 277 496 313 Δεσπότου
521 277 543 320 ἡ
562 274 719 324 δύναμις,
739 276 798 312 καὶ
824 277 870 318 ὡς
892 277 957 327 οὐχ
984 269 1052 313 οἶόν
1073 274 1109 311 τέ
1138 289 1170 310 τι

144 341 259 376 λαθεῖν
276 337 334 375 τὸν
358 334 550 386 ἀκοίμητον
566 335 757 387 ὀφθαλμόν.
776 336 844 374 Διὰ
860 336 960 376 τοῦτό
979 351 1064 388 φησι
1082 351 1088 357 ·
1106 336 1170 372 κᾶν

146 398 456 450 διαχωρισθῶμεν,
474 396 537 434 κᾶν
564 396 685 447 μηδεὶς
704 396 818 449 ἕτερος
833 400 851 435 6
874 399 1098 450 μαρτυρῆσαι
1113 397 1175 433 δυ-

144 459 299 509 νάμενος,
319 458 420 501 αὐτὸς
442 457 540 495 ἔσται
570 457 705 510 μάρτυς
725 460 742 495 6
761 463 945 511 πανταχοῦ
965 457 1086 510 παρών
1103 473 1109 479 ·
1131 457 1173 494 δι’

144 519 290 558 ἑκάστου
309 521 376 556 τῶν
395 518 562 571 ῥημάτων
579 518 752 569 ἐνέφηνεν,
765 518 819 558 ὅτι
839 522 901 565 τῆς
918 520 1102 571 πανταχοῦ
1117 521 1179 568 γῆς

143 583 218 619 ἐστι
238 579 431 626 Δεσπότης.
452 581 520 618 Καὶ
537 573 631 617 εἶπεν
650 578 780 617 'laxe-'26
795 595 802 602 ·
822 579 894 619 ἰδοὺ
909 583 932 626 ἡ
956 580 1070 626 στήλη
1088 577 1178 625 αὕτη

144 648 326 695 μαρτυρεῖ.
355 635 444 679 Εἶτα
469 641 574 679 πάλιν
598 644 616 679 ὃ
640 640 764 679 Αάςαν
794 641 898 693 φησίν
917 657 924 664 ·
948 641 1007 680 ἐάν
1044 656 1081 678 τε
1110 639 1178 693 γὰρ

142 703 210 755 ἐγὼ
231 703 280 754 μὴ
302 702 413 740 διαδῶ
442 702 526 753 πρὸς
547 701 598 749 σὲ,
617 702 706 752 μήτε
725 701 767 740 σὺ
789 701 914 754 διαὸῇς
929 702 1016 755 πρὸς
1038 701 1100 752 ἐμὲ
1118 703 1175 739 τὸν

145 764 264 814 βουνὸν
294 766 412 801 τοῦτον
433 762 492 800 καὶ
521 762 584 808 τὴν
603 762 734 809 στήλην
765 762 896 809 ταύτην
922 764 979 802 ἐπὶ
1009 762 1136 814 κακίᾳ,
1157 765 1175 799 6

144 825 233 868 Θεὸς
259 823 438 875 Ἀδραὰμ,
459 822 517 860 καὶ
534 825 552 860 6
574 823 664 865 Θεὸς
687 822 821 875 λαχὼρ
841 823 953 875 κρίνοι
981 824 1047 862 ἀνὰ
1069 824 1175 875 μέσον

142 888 257 935 ἡμῶν.
273 884 348 923 Θεά
371 887 445 926 πῶς
461 882 550 934 μετὰ
570 886 630 922 τοῦ
651 884 784 935 πατρὸς
806 883 865 922 καὶ
882 883 939 921 τὸν
957 884 1102 923 πάππον
1117 885 1175 922 τὸν

143 949 266 984 ἑαυτοῦ
286 947 454 997 συνῆψεν,
480 945 625 996 ἀδελφὸν
647 944 709 995 μὲν
727 950 786 984 τοῦ
806 946 1026 999 πατριάρχου
1047 945 1177 998 τυγχά-

141 1022 264 1054 νοντα,
290 1008 414 1045 ἑαυτοῢ
444 1004 479 1044 δὲ
507 1005 664 1044 πάππον.
696 1004 740 1044 Ὁ
762 1006 851 1049 Θεὸς
878 1006 1055 1060 Ἀδραὰμ,
1081 1008 1141 1046 καὶ
1161 1011 1178 1046 6

142 1067 231 1110 Θεὸς
262 1065 396 1119 Ναχὼρ
424 1066 534 1118 κρίνοι
563 1066 628 1104 ἀνὰ
655 1066 759 1117 μέσον
792 1070 906 1118 ἡμῶν.
942 1069 1012 1106 Καὶ
1040 1069 1176 1120 ὤμοσεν

144 1128 275 1166 'lambe
296 1129 387 1166 κατὰ
402 1132 461 1166 τοῦ
482 1126 588 1179 ’ρόῧου
609 1133 668 1166 τοῦ
684 1128 818 1180 πατρὸς
838 1131 943 1168 αὐτοῦ
966 1130 1102 1178 Ἰσαὰκ,
1117 1130 1177 1168 καὶ

144 1189 242 1227 ἔθυσε
261 1188 381 1228 θυσίαν
402 1191 437 1227 ἐν
466 1191 516 1240 τῷ
543 1188 634 1241 ὄρει,
660 1189 718 1226 καὶ
744 1190 888 1229 ἐκάλεσε
907 1190 986 1235 τοὺς
1012 1192 1178 1244 ἀδελφοὺς

145 1251 263 1297 αὐτοῦ,
283 1249 342 1287 καὶ
369 1249 495 1301 ἔφαγον
518 1248 577 1287 καὶ
597 1249 706 1296 ἔπιον,
729 1250 788 1288 καὶ
814 1252 1051 1302 ἐκοιμήθησαν
1073 1255 1107 1291 ἐν
1127 1257 1177 1306 τῷ

1168 1345 1178 1363 2

145 1373 196 1423 τῷ
216 1373 298 1422 Θεῷ
326 1370 384 1408 ἐπὶ
412 1377 483 1415 τοῖς
512 1370 779 1423 γεγονόσι·Καὶ
805 1372 950 1425 ἔφαγον,
979 1375 1038 1413 καὶ
1067 1375 1176 1422 ἔπιον,

142 1431 202 1470 καὶ
221 1431 459 1483 ἐκοιμήθησαν
487 1434 520 1470 ἐν
548 1433 598 1484 τῷ
623 1431 707 1484 ὄρει.
725 1431 891 1478 Ἀναστὰς
915 1434 950 1473 δὲ
974 1436 1097 1474 Αοίὸαν
1127 1439 1176 1489 τῷ

141 1492 235 1547 πρωῒ
259 1492 471 1545 κατεφίλησε
499 1491 579 1537 τοὺς
597 1492 688 1537 υἱοὺς
716 1495 833 1544 αὐτοῦ,
859 1496 920 1534 καὶ
949 1497 1011 1542 τὰς
1035 1499 1178 1550 θυγατέ-

142 1570 202 1607 ρας
230 1556 353 1602 αὐτοῦ,
380 1554 440 1592 καὶ
471 1553 659 1605 εὐλόγησεν
689 1555 822 1599 αὐτούς.
851 1557 921 1595 Καὶ
942 1559 1177 1613 ἀποστραφεὶς

141 1616 266 1655 Λαίαν
285 1617 441 1662 ἀπῆλθεν
459 1618 506 1659 εἷς
522 1616 578 1654 τὸν
600 1609 693 1654 οἶκον
720 1618 838 1656 αὐτοῦ.
863 1612 983 1669 Εἶδες,
1004 1620 1176 1672 ἀγαπητὲ,

141 1676 234 1723 πόση
257 1681 317 1714 τοῦ
341 1679 434 1715 Θεοῦ
450 1679 472 1722 ἡ
503 1675 628 1728 σοφία,
644 1676 739 1721 ὅπως
761 1677 853 1716 κατὰ
882 1681 1007 1719 ταύτὸν
1033 1682 1093 1719 καὶ
1113 1682 1177 1729 τὴν

143 1310 228 1363 ὄρει.
254 1310 382 1349 Ἐθυσε
405 1309 527 1348 Θυσίαν
550 1311 585 1347 ἐν
615 1313 663 1362 τῷ
684 1310 775 1362 ὄρει·
796 1313 1050 1365 ηὐχαρίστησε,
1072 1316 1157 1366 φησὶ

141 1737 223 1790 περὶ
245 1736 301 1775 τὸν
324 1736 455 1775 δίκαιον
482 1737 648 1790 πρόνοιαν
667 1737 886 1788 ἐπεδείξατο,
909 1744 1070 1781 κάκεῖνον
1092 1743 1177 1781 ἀπέ-

140 1815 248 1845 στησε
274 1801 338 1845 τῆς
359 1801 438 1836 κατ’
462 1800 565 1837 αὐτοῦ
588 1799 738 1847 ἀδικίας,
760 1801 820 1838 καὶ
848 1803 892 1839 δι’
910 1796 957 1840 ὧν
979 1805 1074 1856 αὐτῷ
1103 1821 1174 1843 πα-

143 1858 313 1911 ρεγγύησε
330 1859 378 1910 μὴ
392 1861 548 1906 λαλῆσαι
563 1860 700 1914 πονηρὰ
713 1861 805 1900 κατὰ
818 1867 878 1902 τοῦ
894 1863 1039 1912 Ἰακὼὸ,
1054 1867 1101 1910 εἷς
1113 1865 1175 1913 τὴν

141 1923 204 1966 τῆς
226 1919 435 1972 θεογνωσίας
452 1920 527 1958 ὁδὸν
546 1920 638 1959 κατὰ
658 1923 782 1975 μικρὸν
801 1923 903 1962 αὐτὸν
927 1925 1096 1978 ε’νήγαγε,
1116 1927 1175 1966 καὶ

141 1984 158 2018 ὃ
175 1981 336 2034 καθάπερ
356 1981 474 2034 θηρίον
495 1982 711 2034 ἐπιτρέχων,
731 1983 791 2021 καὶ
814 1984 943 2035 φθάσαι
969 1987 1175 2039 βουλόμενος

139 2041 202 2079 καὶ
217 2043 364 2090 ἀνελεῖν,
383 2042 692 2094 ἀπολογησάμενος
706 2044 766 2083 καὶ
781 2047 1026 2098 καταφιλήσας
1036 2049 1095 2086 καὶ
1113 2049 1175 2094 τὰς

140 2102 331 2156 θυγατέρας
352 2104 412 2142 καὶ
435 2103 514 2147 τοὺς
535 2102 628 2148 υἱοὺς
651 2107 785 2155 αὐτῶν,
811 2107 920 2152 οὕτως
942 2109 1058 2148 οἴκαδε
1090 2112 1174 2150 ὑπέ-

139 2165 285 2216 στρεψε,
301 2163 410 2215 Τάχα
431 2165 479 2206 εἷς
503 2163 591 2202 πολὺ
613 2168 724 2216 μῆκος
743 2167 801 2205 τὸν
822 2168 924 2220 λόγον
943 2170 1172 2223 ἐξετείναμεν,

138 2224 229 2262 ἀλλὰ
249 2227 311 2271 τῆς
334 2223 488 2277 ἱστορίας
516 2227 562 2268 εἷς
584 2225 648 2272 τὴν
674 2226 830 2279 ἀνάγκην
848 2231 942 2280 ἡμᾶς
959 2231 1088 2279 ταύτην
1106 2248 1173 2271 κα-

137 2284 373 2332 ταστησάσης.
403 2284 535 2338 Διόπερ
571 2286 718 2325 ἐνταῦθα
746 2288 938 2335 στήσαντες
967 2291 1025 2330 τὸν
1058 2293 1172 2346 λόγον,

139 2346 250 2383 ἐκεῖνο
267 2344 574 2398 παρακαλέσωμεν
592 2349 688 2397 ὑμῶν
704 2347 768 2396 τὴν
786 2349 941 2401 ἀγάπην,
952 2351 1042 2392 ὥστε
1056 2355 1172 2394 πάντα

139 2411 251 2444 ποιεῖν
278 2406 337 2443 καὶ
359 2406 690 2458 πραγματεύεσθαι,
711 2408 768 2448 ἵνα
795 2410 858 2458 τὴν
885 2413 1015 2452 ἄνωθεν
1036 2414 1171 2455 εὔνοιαν

139 2465 433 2517 ἐπισπασώμεθα.
467 2467 552 2506 Ἐὰν
598 2467 667 2522 γὰρ
698 2471 825 2511 ἐκεῖνον
858 2473 995 2525 ἔχωμεν
1030 2477 1171 2528 εὐμενῆ,

138 2527 255 2565 πάντα
279 2530 364 2578 ἡμῖν
386 2526 487 2581 ῥᾴδια
512 2527 611 2567 ἔσται
628 2530 688 2568 καὶ
707 2531 854 2581 εὔκολα,
871 2535 932 2573 καὶ
957 2536 1054 2574 οὐδὲν
1076 2541 1171 2589 ἡμᾶς

138 2591 206 2627 τῶν
224 2591 258 2626 ἐν
274 2591 325 2641 τῷ
344 2588 491 2640 παρόντι
522 2589 588 2643 βίῳ
616 2593 771 2639 λυπῆσαι
801 2595 998 2645 δυνήσεται,
1027 2598 1090 2636 κᾶν
1111 2601 1168 2638 λυ-

138 2649 249 2701 πηρὸν
266 2643 353 2687 εἶναι
369 2649 468 2702 δοκῇ.
487 2651 520 2688 Τ
522 2651 652 2699 οσαύτη-
668 2652 736 2706 γὰρ
751 2658 813 2701 τῆς
829 2657 934 2695 αὐτοῦ
949 2658 1127 2709 δυνάμεως
1142 2665 1163 2708 ἡ

139 2709 335 2761 ὑπερὸολὴ,
362 2712 409 2753 ὡς
430 2711 490 2748 καὶ
511 2711 596 2750 αὐτὰ
625 2713 670 2751 τὰ
697 2716 838 2769 λυπηρὰ
868 2720 914 2761 εἷς
946 2719 986 2757 τὸ
1010 2721 1162 2760 ε’ναντίον

138 2770 371 2823 περιτρέπειν,
397 2771 480 2810 ὅταν
513 2774 690 2824 βούληται.
726 2778 832 2816 Οὕτω
863 2779 922 2818 καὶ
956 2781 1096 2826 Παῦλος
1129 2785 1163 2822 ἐν

139 2832 294 2884 θλίψεσιν
327 2831 374 2869 ὢν
405 2833 523 2885 ἔχαιρε
542 2836 602 2873 καὶ
623 2837 795 2888 ἠγάλλετο
810 2843 853 2892 τῇ
879 2843 1072 2897 προσδοκία
1093 2848 1161 2884 τῶν

139 2891 380 2944 ἀποκειμένων
405 2894 561 2943 ἀμοιὸῶν
586 2898 828 2950 πτερούμενος.
852 2901 921 2940 Διὰ
942 2907 1043 2944 τοῦτο
1062 2906 1123 2944 καὶ
1143 2910 1161 2945 6

138 2953 318 3006 προφήτης
345 2954 474 3005 ἔλεγεν,
502 2954 564 2992 Ἐν
591 2956 706 3009 θλίψει
737 2961 927 3007 ἐπλάτυνάς
957 2981 1033 3015 μοι,
1068 2967 1163 3005 διδά-

138 3029 230 3052 σκων
250 3017 362 3065 ἡμᾶς,
376 3014 431 3053 ὅτι
448 3016 482 3052 ἐν
502 3017 586 3068 αὐτῇ
610 3019 653 3068 τῇ
676 3020 789 3071 θλίψει
808 3024 1025 3075 τυγχάνοντα
1045 3028 1161 3074 ἀδείας

139 3075 200 3113 καὶ
230 3075 378 3119 ἀνέσεως
404 3077 505 3114 αὐτὸν
529 3079 716 3118 ἀπολαύειν
735 3085 991 3135 παρεσκεύαζεν
1016 3091 1034 3126 6
1059 3091 1160 3135 Θεός.

140 3137 306 3174 Τοιοῦτον
329 3136 441 3174 τοίνυν
459 3137 596 3189 ἔχοντες
614 3141 809 3191 Δεσπότην,
825 3145 915 3183 οὕτω
935 3147 1090 3199 δυνατὸν,
1109 3150 1164 3190 οὕ-

141 3211 209 3239 τως
238 3195 436 3248 εὐμήχανον
465 3198 525 3236 καὶ
559 3201 684 3252 σοφὸν,
714 3202 805 3241 οὕτω
834 3205 1090 3262 φιλάνθρωπον,
1121 3212 1166 3251 τὰ

142 3257 225 3308 παρ’
243 3259 375 3294 ἑαυτῶν
390 3258 616 3311 εἷσφέρωμεν,
639 3263 699 3301 καὶ
715 3267 777 3311 τῆς
792 3267 918 3318 ἀρετῆς
933 3269 1039 3309 πολὺν
1059 3272 1167 3311 ποιώ-

144 3320 234 3367 μεθα
252 3317 366 3368 λόγον,
387 3318 442 3356 ἰ’να
460 3321 519 3358 καὶ
538 3325 606 3360 τῶν
632 3325 778 3364 ἐνταῦθα
806 3326 867 3366 καὶ
881 3331 950 3368 τῶν
970 3333 1168 3383 μελΛόντων

143 3377 363 3430 ἐπιτύχωμεν
382 3382 532 3431 ἀγαθῶν,
545 3382 664 3435 χάριτι
684 3386 744 3426 καὶ
763 3389 1006 3445 φιλανθρωπίᾳ
1025 3400 1081 3434 τοῦ
1096 3397 1168 3435 Κυ-

332 3457 427 3483 Tou.
463 3460 514 3484 iv.

1099 190 1258 220 Genus.

1302 190 1462 220 nomn„
1505 191 1608 221 nvn.
2108 180 2202 244 (λῃ,

1248 282 1281 310 ta
1300 283 1385 311 esset
1409 274 1552 312 Domini
1569 275 1738 327 potentia,
1755 285 1786 312 et
1802 277 1898 325 quod
1919 278 2138 328 impossibile
2158 282 2198 316 sit

1247 333 1383 383 aliquid
1407 336 1586 374 occultum
1618 349 1691 373 esse
1709 335 1813 373 oculo
1833 337 1895 387 qui
1915 337 2109 376 dormitare
2139 354 2201 377 ne—

1248 394 1335 443 quit.
1375 395 1562 447 Propterea
1596 397 1714 448 inquit
1740 414 1750 436 ε
1787 397 1937 435 Etiamsi
1973 412 2176 451 septu-eninr
2194 431 2201 443 ,

1201 465 1223 494 1⁴2
1249 453 1385 492 etiamsi
1420 457 1540 495 nullus
1567 458 1659 496 alins
1687 458 1779 497 adsit
1798 459 1859 510 qni
1881 459 2062 498 testificari
2084 461 2206 513 possit,

1251 514 1310 552 ille
1330 517 1425 554 testis
1445 518 1512 555 erit
1536 520 1667 570 ubique
1694 535 1846 572 praesens
1866 538 1872 557 :
1897 522 2112 573 persingula
2137 537 2207 560 ver⁴

1248 576 1292 613 lm
1323 576 1426 614 dni-et
1466 579 1582 630 ipsum
1617 582 1724 619 totius
1759 592 1858 620 terra:
1895 598 1968 620 csse
1999 583 2206 621 Dominum.

1249 636 1314 673 51.
1332 639 1385 675 Et
1406 639 1504 677 ‹lis-ic
1520 642 1645 679 Jacob
1666 658 1675 677 :
1694 644 1796 680 Ecce
1815 645 1927 681 collis
1951 645 2018 681 ille
2032 653 2206 682 testatur.

1250 699 1313 735 52.
1332 700 1485 737 Deinde
1497 703 1782 741 ilerumLaban
1797 707 1923 757 inquit
1942 722 1952 740 .·
1969 707 2009 742 Si
2024 709 2125 743 enim
2140 720 2209 758 ego

1249 772 1328 795 non
1357 764 1549 799 transiero
1571 764 1625 800 ad
1643 772 1679 801 te
1693 794 1704 810 ,
1730 779 1854 816 neque
1879 774 1919 802 tu
1953 775 2129 804 transeas
2157 768 2211 804 ad

1247 834 1308 858 me
1324 822 1464 859 collem
1485 824 1588 862 hunc
1607 833 1643 862 et
1667 826 1891 863 columnam
1911 828 2014 864 laune
2034 831 2074 864 in
2091 829 2208 865 mali-

1247 882 1305 918 tia.
1318 896 1328 916 :
1346 881 1410 918 55.
1430 883 1535 920 Deus
1552 884 1777 931 Abrakmn,
1795 894 1831 923 et
1844 887 1950 924 Deus
1973 888 2132 925 Al'acltor
2144 891 2206 939 ju-

1247 942 1347 980 dicet
1369 945 1472 982 inter
1498 959 1577 983 nos.
1597 946 1693 984 N‘ide
1723 947 1903 998 quomodo
1933 963 2014 986 curn
2045 958 2143 1000 patre
2177 959 2209 986 et

1247 1017 1357 1041 avum
1384 1019 1487 1043 suum
1511 1007 1718 1059 conjunxit,
1739 1009 1800 1059 qui
1829 1010 1935 1048 frater
1966 1010 2033 1048 snit
2053 1011 2208 1062 patriar-

1188 1106 1216 1118 Γ,
1249 1063 1339 1111 char,
1363 1065 1474 1118 ipsius
1505 1077 1623 1105 antem
1652 1084 1754 1108 avus.
1785 1072 1892 1109 Deus
1922 1071 2151 1117 Abraham,
2173 1081 2208 1110 et

1188 1105 1232 1171 ’Ἅι
1249 1126 1359 1164 Deus
1376 1129 1536 1166 Nat-hor
1544 1131 1695 1182 judicet
1724 1134 1826 1170 inter
1852 1145 1935 1170 nos.
1955 1133 2018 1170 54.
2034 1135 2085 1170 Et
2097 1136 2210 1185 jura-

1252 1190 1305 1225 vit
1324 1190 1448 1227 Jacob
1463 1194 1724 1242 pertimerem
1746 1194 1822 1230 Det
1838 1197 1961 1244 patris
1982 1197 2042 1232 sui
2065 1197 2181 1233 Isaac
2198 1225 2207 1239 ,

1249 1258 1283 1286 el
1299 1250 1538 1303 sacrificavit
1555 1254 1792 1306 sacrificium
1810 1257 1852 1291 in
1867 1264 1998 1293 monte
2011 1271 2021 1291 .·
2038 1264 2074 1293 et
2090 1270 2210 1294 voca-

1251 1313 1303 1348 νίι
1311 1312 1467 1363 fratres
1483 1326 1596 1351 suos:
1621 1323 1656 1352 et
1677 1317 1937 1365 comederunt,
1958 1326 1994 1354 et
2016 1319 2207 1361 biberunt,

1246 1379 1283 1408 et
1305 1372 1545 1411 dormierunt
1567 1377 1609 1411 in
1627 1385 1767 1414 monte.
1790 1377 2037 1430 Sacrificavit
2052 1380 2207 1432 sacrifi-

1247 1434 1349 1469 cium
1369 1434 1409 1469 in
1430 1443 1560 1472 monce
1573 1451 1583 1471 .·
1602 1435 1748 1487 gratias,
1768 1437 1896 1488 inquit,
1919 1439 1990 1491 egit
2009 1441 2086 1477 Deo
2105 1440 2151 1478 ol)
2173 1454 2211 1478 ea

1247 1506 1325 1542 quae
1336 1492 1558 1545 acciderant,
1574 1497 1625 1534 Et
1636 1499 1896 1546 comederunt,
1914 1509 1951 1538 et
1968 1503 2160 1548 biberunt,
2175 1511 2210 1539 et

1247 1553 1486 1593 dormierunt
1519 1559 1562 1593 in
1592 1567 1733 1598 monte.
1770 1560 1834 1598 55.
1870 1561 2044 1600 Surrexit
2082 1571 2212 1601 autem

1249 1615 1389 1652 Laban
1422 1631 1553 1664 manre,
1566 1627 1600 1656 ct
1630 1620 1828 1658 osculatus
1847 1630 1904 1659 est
1919 1623 2035 1674 filios
2061 1637 2148 1662 suos
2175 1633 2211 1661 et

1240 1675 1356 1727 filias
1376 1690 1483 1723 suas,
1510 1686 1544 1715 et
1567 1680 1761 1718 benedixit
1778 1696 1854 1719 eos.
1871 1684 1922 1720 Et
1942 1697 2114 1722 reversus
2134 1687 2210 1723 La-

1251 1737 1328 1773 ban
1354 1739 1451 1775 abiit
1480 1741 1522 1775 ιἰι
1545 1740 1672 1778 Iocum
1703 1756 1827 1780 suum.
1855 1743 2018 1792 Vidisti,
2051 1745 2180 1784 dilecte
2198 1776 2209 1794 ,

1249 1807 1380 1848 quanta
1394 1799 1459 1836 Dei
1478 1800 1663 1852 sapientia,
1676 1803 1854 1854 quomodo
1873 1819 1943 1842 uno
1956 1805 2047 1844 facto
2061 1815 2094 1844 et
2108 1821 2210 1845 suam

1249 1871 1332 1909 erga
1352 1859 1491 1911 justum
1517 1860 1716 1902 declaravit
1736 1865 2001 1916 providentiam
2018 1897 2028 1915 ,
2054 1877 2087 1906 et
2105 1867 2210 1906 illum

1248 1919 1294 1957 ab
1311 1920 1485 1972 injustitia
1504 1921 1660 1961 abduxit
1679 1953 1689 1973 ,
1710 1925 1794 1963 etin
1813 1925 1945 1965 divinae
1964 1928 2097 1966 notitiae
2112 1929 2209 1968 viam

1250 1981 1425 2033 paulatim
1445 1981 1589 2021 induxit
1606 1984 1808 2035 Labanum,
1835 1987 2098 2028 interminando
2117 1991 2148 2028 ei
2166 2005 2209 2030 ne

1247 2041 1335 2092 quid
1353 2042 1438 2080 mali
1461 2053 1583 2082 contra
1603 2045 1715 2084 Jacob
1734 2046 1964 2097 loqueretur:
1981 2050 2089 2100 etqui
2105 2052 2207 2101 quasi

1246 2103 1318 2140 fera
1337 2105 1543 2142 accurrebat
1572 2114 1605 2143 et
1635 2106 1934 2158 comprehendere
1949 2118 2056 2160 atque
2071 2110 2206 2150 interfi-

1245 2177 1322 2201 cere
1340 2164 1496 2214 volebat,
1513 2164 1644 2204 desinit
1662 2166 1698 2204 in
1725 2167 1978 2218 defensionem,
1997 2179 2030 2209 et
2050 2171 2086 2209 in
2112 2172 2206 2211 filio-

1243 2238 1324 2262 rum
1345 2224 1576 2277 filiarumque
1588 2226 1905 2281 deosculationem,
1929 2240 1963 2269 et
1987 2232 2037 2270 sic
2055 2231 2205 2271 domum

1243 2284 1367 2323 redit?
1389 2286 1495 2324 Forte
1525 2288 1705 2340 prolixius
1736 2303 1850 2328 sermo
1880 2305 1916 2329 se
1934 2292 2119 2342 extendit,
2140 2294 2204 2332 sed

1242 2345 1415 2397 ignoscite
1433 2363 1440 2384 :
1460 2362 1530 2386 non
1550 2349 1617 2388 hoc
1636 2359 1761 2402 sponte
1779 2351 1992 2392 admisimus
2006 2383 2017 2404 ,
2039 2354 2100 2393 sed
2121 2369 2202 2393 coe-

1243 2407 1296 2459 git
1314 2422 1378 2446 nos
1390 2408 1548 2448 historiae
1564 2410 1669 2449 ratio.
1689 2411 1773 2450 Ideo
1792 2412 1851 2451 hic
1869 2414 2018 2452 missum
2036 2416 2202 2455 facientes
2216 2429 2336 2458 Mora'is
2354 2441 2403 2459 ι-ι-

1241 2482 1452 2520 sermonem,
1473 2485 1615 2510 oramus
1635 2471 2007 2524 vestram⁴caritatem,
2027 2486 2064 2514 ut
2081 2478 2199 2516 omnia
2215 2471 2351 2499 “⁰¹¹²¹³⁰·

1239 2529 1410 2569 faciamus
1425 2541 1458 2569 et
1476 2541 1682 2581 tractemus,
1698 2548 1769 2584 quo
1789 2549 1980 2587 supernam
1997 2537 2098 2575 nobis
2119 2553 2199 2577 con-

1239 2592 1402 2631 ciliemus
1428 2594 1723 2633 benevolentiam.
1745 2596 1839 2633 Nam
1860 2596 1889 2633 si
1914 2597 2032 2635 Deum
2063 2598 2198 2638 habue-

1238 2652 1353 2692 rimus
1380 2655 1538 2692 amicum
1555 2684 1567 2705 ,
1586 2655 1706 2693 onmia
1726 2655 1829 2693 nobis
1859 2656 1976 2696 facilia
2005 2668 2108 2698 erunt
2131 2676 2139 2697 :
2163 2671 2197 2700 et

1236 2713 1330 2751 nihil
1358 2729 1420 2753 nos
1449 2715 1486 2752 in
1508 2716 1673 2767 praesenti
1705 2716 1778 2755 vita
1809 2717 2017 2758 contristare
2038 2722 2192 2772 poterit,

1237 2775 1404 2826 quamvis
1417 2776 1654 2828 injucundum
1674 2791 1747 2815 esse
1767 2777 1945 2816 videatur.
1967 2780 1998 2817 T
2001 2790 2082 2819 anta
2096 2782 2192 2821 enim

1236 2836 1312 2887 ejus
1341 2836 1487 2875 virtutis
1515 2846 1567 2875 est
1592 2837 1822 2887 excellentia,
1843 2848 1882 2877 ut
1912 2840 2019 2887 etiam
2043 2855 2083 2880 ea
2109 2857 2189 2894 quae

1190 2611 1214 2642 C

1234 2894 1349 2932 tristia
1365 2904 1460 2945 sunt,
1476 2895 1637 2948 jucunda
1655 2897 1770 2934 facere
1784 2907 1900 2948 queat.
1916 2898 1976 2937 Sic
1994 2908 2027 2938 et
2052 2901 2188 2941 Paulus
2201 2915 2394 2946 Rom‚5,2.3.

1236 2955 1271 2993 in
1292 2955 1546 2994 afflictionibus
1562 2957 1733 2996 exsistens
1744 2957 1922 3010 gaudebat
1935 2969 1969 2999 et
1985 2961 2189 3001 exsultabat

1235 3018 1497 3071 exspectatione
1528 3019 1764 3071 repositorum
1796 3021 1974 3061 bonorum
1999 3023 2187 3063 animatus.

1237 3080 1425 3132 Propterea
1447 3088 1479 3116 et
1508 3079 1676 3131 propheta
1707 3080 1848 3120 dicebat
1867 3098 1875 3118 :
1898 3085 1947 3120 In
1977 3085 2191 3139 qfflictione
2208 3098 2327 3133 marl,
2361 3105 2390 3123 2.

1237 3141 1416 3178 dilatasti
1442 3142 1564 3181 milu‘c
1587 3140 1717 3180 docens
1747 3157 1831 3192 nos,
1852 3145 1968 3183 Deum
1990 3160 2027 3184 se
2056 3147 2093 3185 iu
2115 3148 2189 3200 ipsa

1236 3203 1426 3241 afflictione
1451 3202 1604 3242 liberum
1629 3213 1662 3242 et
1697 3205 1932 3256 tranquillum
1958 3207 2190 3246 constituisse.

1239 3265 1270 3301 T
1274 3263 1365 3301 alem
1382 3262 1492 3315 igitur
1507 3263 1675 3302 habentes
1687 3266 1897 3315 Dominum,
1916 3276 1985 3304 tam
1999 3276 2191 3319 potentem,

1192 3340 1215 3368 1)
1241 3341 1312 3369 tam
1332 3331 1549 3383 sapientem,
1566 3341 1709 3384 tamque
1730 3333 2007 3382 misericordem,
2023 3334 2119 3384 qnod
2135 3349 2197 3373 no-

1242 3407 1355 3437 strum
1368 3406 1419 3436 cst
1436 3397 1638 3446 afferamus,
1655 3398 1868 3451 virtutisque
1888 3414 2052 3451 magn-”nn
2070 3399 2197 3439 habea-

2015 3467 2067 3514 43
