2516 3791
108 2403 198 2432 Rom.
209 2400 296 2433 828.

304 159 395 216 744
724 168 762 199 S·

301 256 478 307 quomodo
492 256 559 308 ipsi
574 263 792 293 accusatores
810 253 866 291 sui
882 253 1042 304 ipsorum
1054 251 1138 288 sint.
1155 248 1251 289 Vide

299 325 431 367 quanta
443 326 493 355 est
506 315 725 354 conscientiae
745 312 984 365 reprehensio.
1004 309 1160 348 Omnino
1179 310 1246 347 sci-

301 378 346 415 tis
361 407 370 425 ,
389 392 454 415 vos
481 376 695 429 injustitiam
716 383 749 412 et
767 381 951 425 peecatum
975 379 1136 423 operatos
1159 383 1249 418 esse,

301 438 463 488 malaque
479 437 509 475 ei
530 436 744 474 exhibuisse.
762 435 815 471 Et
831 447 932 470 nunc
948 434 1079 483 accipe
1098 433 1251 483 injusti-

303 502 398 536 tiam
417 511 612 536 servorum
626 497 702 533 Dei
718 496 842 545 patris
861 495 927 530 tui.
945 491 1058 531 Vides
1073 489 1251 543 quomodo

799 167 976 199 JOANNIS
1012 165 1253 196 CHRYSOST.
1294 164 1497 194 ARCHIEP.
1536 164 1886 195 CONSTANTINOP-

1322 248 1497 300 ἁμαρτίαν
1530 248 1759 301 εἰργάσασθε,
1788 249 1843 288 ὅτι
1862 250 1998 303 πονηρὰ
2025 248 2245 294 ἐνεδείξασθε.
2277 249 2347 288 Καὶ

1324 313 1381 347 νῦν
1401 308 1494 346 δέξαι
1513 307 1576 354 τὴν
1608 308 1742 347 ἀδικίαν
1767 312 1835 348 τῶν
1853 310 2072 362 θεραπόντων
2091 315 2150 348 τοῦ
2174 311 2266 349 Θεοῦ
2289 316 2349 349 τοῦ

1321 367 1452 422 πατρός
1472 384 1546 406 σου.
1569 363 1670 412 Εἶδες
1685 372 1776 416 πῶς,
1798 371 1930 415 οὐδενὸς
1950 371 2202 423 ἀναγκάζοντος
2215 399 2224 415 ,
2253 371 2349 409 αὐτοὶ

1323 430 1454 467 ἑαυτῶν
1475 428 1664 480 κατήγοροι
1679 428 1849 479 γίνονται,
1873 429 1932 468 καί
1950 447 2052 482 φασιν
2064 446 2071 454 ·
2090 426 2183 469 εἶπεν
2200 435 2217 469 ὃ
2232 432 2349 483 πατήρ

1323 489 1517 542 σου,Ἄ’ρες
1543 492 1679 537 αὐτοῖς,
1709 489 1761 527 ὅτι
1787 491 1924 543 πονηροί
1954 507 2009 529 σοι
2039 491 2265 538 ἐνεδείξαντο,
2291 492 2350 529 καὶ

302 559 401 595 nullo
420 567 563 609 cogente
590 556 645 594 sui
664 554 799 607 peceati
816 563 897 591 sunt
910 562 1035 601 testes,
1052 562 1086 590 et
1103 552 1250 589 dicunt:
1266 573 1314 599 542
1325 551 1418 595 δέξαι
1439 550 1502 597 τὴν
1524 550 1660 588 ἀδικίαν
1675 553 1743 588 τῶν
1765 551 1984 603 θεραπόντων
2006 557 2066 590 τοῦ
2094 554 2186 590 Θεοῦ
2203 557 2264 591 τοῦ
2286 568 2351 590 πα-

302 619 406 656 Dixit
418 627 519 670 pater
533 626 615 655 tuus
631 647 640 664 ‚
658 617 823 653 Dimitte
837 617 892 652 eis
905 644 915 660 ,
941 616 1034 666 quia
1054 613 1163 650 mala
1183 614 1253 650 tibi
1280 610 1304 639 Α
1324 611 1404 663 τρός
1422 627 1495 649 σου.
1519 610 1610 649 Ἀλλ’
1629 614 1647 649 ὁ
1668 611 1866 662 θαυμαστὸς
1883 606 1981 655 οὗτος
2006 612 2065 650 καὶ
2086 612 2279 663 πανάρετος
2296 627 2353 650 το-

302 681 575 724 ε.ι·1ιι“1)ιιενιιητ,
599 685 635 715 et
655 679 785 727 accipe
804 677 1036 727 injustitiam
1058 687 1253 711 servorum

302 746 378 781 Dei
396 747 518 796 patris
539 746 605 781 tui.
628 741 699 780 Sed
716 741 841 779 beatus
862 740 922 778 hic
940 749 975 778 et
993 749 1088 777 totus
1108 739 1255 778 virtuti-

301 807 367 844 bus
381 806 509 854 clarus,
524 814 663 842 tantum
676 803 809 850 aberat,
822 811 861 839 ut
876 801 1032 852 aliquam
1046 800 1255 838 memoriam

301 867 467 905 retineret
488 879 611 903 eorum
635 878 711 915 quae
742 863 778 900 in
810 876 846 901 se
878 863 1054 910 fecerant,
1077 871 1116 898 ut
1147 860 1253 898 etiam

302 927 422 965 verbis
437 941 559 965 eorum
578 924 712 963 auditis
728 924 959 962 conturbatus
980 921 1036 959 sit.
1054 923 1090 959 E
1094 930 1107 959 t
1113 921 1232 975 flevit
1238 951 1251 968 ,

303 987 431 1038 inquit,
445 988 475 1025 J
475 988 603 1038 oseph,
620 986 863 1037 loquentibus
879 983 959 1020 illis
969 995 1110 1020 secum.
1128 981 1191 1019 18.
1202 983 1256 1019 Et

303 1057 518 1094 venerunt,
550 1056 586 1085 et
607 1048 810 1092 dixerunt,
833 1046 936 1082 Ecce
969 1057 1037 1081 nos
1057 1045 1171 1093 servi*
1187 1045 1254 1080 tui.

304 1109 401 1148 Vide
427 1117 599 1160 quantum
628 1107 746 1145 valeat
775 1106 913 1153 virtus,
937 1118 1046 1155 quam
1073 1103 1196 1141 valida
1224 1112 1258 1141 et

305 1168 596 1221 inexpugnabilis
612 1167 677 1218 sit,
691 1176 724 1205 et
741 1176 873 1217 quanta
892 1164 1038 1202 malitiae
1052 1164 1255 1202 infirmitas.

304 1229 399 1267 Ecce
418 1230 512 1267 enim
525 1259 534 1276 ‚
554 1229 633 1275 ille,
647 1228 706 1278 qui
717 1228 794 1264 haec
808 1226 954 1277 quidem
975 1240 1098 1278 passus
1114 1234 1166 1262 est
1175 1256 1186 1275 7
1204 1239 1258 1263 re-

306 1300 391 1342 gnat
412 1307 419 1327 :
441 1290 504 1341 qui
522 1299 640 1327 autem
656 1289 704 1325 ita
720 1288 926 1325 afflixerunt
945 1287 1113 1334 fratrem,
1133 1286 1259 1324 famuli

305 1351 383 1403 ejus
416 1365 489 1389 esse
517 1359 640 1398 orant,
664 1363 770 1400 quem
800 1348 837 1385 in
859 1347 1066 1387 servitutem
1089 1361 1259 1400 exposue-

306 1421 399 1449 rant.

361 1476 399 1513 5.
432 1475 571 1513 Verum
603 1481 642 1510 tu
675 1471 760 1510 audi
799 1470 1024 1510 elementiam
1058 1470 1191 1522 Joseph
1223 1470 1260 1508 in

306 1534 445 1583 fratres,
465 1549 535 1572 non
553 1533 771 1571 recordantis
791 1533 1018 1584 injuriarum,
1032 1541 1065 1569 et
1080 1531 1260 1582 quomodo

307 1597 472 1634 omnihus
492 1595 609 1633 modis
629 1609 686 1632 eos
698 1594 870 1632 consolari
891 1593 991 1641 velit,
1006 1602 1039 1630 et
1051 1593 1100 1630 eis
1114 1608 1260 1645 persua·
1284 1621 1288 1624 -

306 1656 408 1700 dere,
429 1656 528 1707 quasi
543 1655 634 1693 nihil
655 1655 690 1692 in
705 1669 740 1692 sc
759 1653 996 1706 peccaverint.
1014 1653 1113 1690 Dicit
1131 1653 1225 1691 enim
1248 1669 1256 1690 ε

307 1718 370 1754 19.
393 1718 453 1755 Ne
470 1718 660 1760 timeatis5
678 1716 754 1753 Dei
771 1717 874 1752 enim
895 1727 980 1751 sum
997 1727 1079 1765 ego,
1098 1714 1160 1751 ΞΟ.
1185 1715 1260 1751 Vos

306 1779 504 1829 cogitastis
524 1785 660 1814 contra
673 1790 732 1813 me
742 1775 849 1813 mala
856 1791 871 1820 ;
886 1776 993 1812 Deus
1008 1783 1137 1812 autem
1155 1777 1258 1826 cogi—

307 1842 404 1876 tavit
415 1853 485 1890 pro
502 1852 562 1876 me
576 1841 618 1874 in
635 1839 750 1883 bona,
769 1836 1142 1889 quonzodosacturn,
1162 1838 1260 1873 sicut

307 1901 420 1936 hodie
439 1899 601 1943 videtis,
636 1907 678 1935 ut
707 1906 893 1949 pascatur
916 1897 1080 1948 populus
1104 1896 1258 1934 multus.

309 1961 362 1997 Ne
379 1958 545 2003 timeatis,
562 1957 693 2008 inquit,
712 1971 825 2007 neque
839 1957 938 1994 anxii
957 1956 1055 1994 sitis:
1069 1958 1146 1994 Dei
1159 1959 1261 1994 enim

306 2034 392 2058 sum
409 2034 476 2072 ego
488 2050 500 2065 ‚
515 2028 548 2056 et
561 2018 758 2056 Dominum
777 2032 897 2056 meum
911 2017 1033 2055 imitor
1043 2048 1052 2065 ‚
1074 2032 1115 2055 ac
1126 2017 1261 2055 henefi-

307 2079 361 2117 cia
375 2079 566 2131 rependere
593 2078 718 2116 studeo
737 2079 782 2116 iis
797 2078 859 2129 qui
874 2093 943 2116 non
964 2077 1106 2116 ferenda
1137 2088 1261 2115 eontra

308 2153 364 2177 me
387 2141 545 2177 fecerunt
563 2155 570 2174 :
586 2140 662 2176 Dei
681 2142 782 2177 enim
804 2153 887 2177 sum
913 2153 991 2190 ego.
1022 2138 1160 2176 Deinde
1179 2153 1261 2176 cum

308 2210 536 2239 monstrasset
554 2210 684 2251 quanta
701 2215 781 2238 eum
800 2199 1046 2237 benevolentia
1065 2213 1260 2251 prosequu-

309 2269 367 2298 tus
386 2270 490 2309 esset‚
506 2260 595 2298 dicit
613 2277 620 2297 :
635 2262 710 2300 Vos
730 2259 823 2297 mala
840 2269 955 2296 mente
971 2259 1048 2295 haec
1067 2268 1189 2296 eontra
1206 2273 1261 2296 me

310 2321 464 2370 fecistis,
486 2323 582 2359 Deus
598 2330 714 2358 autem
732 2319 767 2356 in
786 2320 922 2357 bonum
938 2319 1028 2356 mihi
1045 2319 1163 2356 omnia
1181 2333 1260 2357 ver-

311 2382 366 2420 tit.
399 2382 535 2420 Idcirco
567 2391 601 2419 et
631 2381 764 2418 Paulus
798 2380 938 2417 dicebat
962 2395 970 2415 x
998 2381 1261 2431 Diligentibus

311 2445 438 2481 Deum
455 2447 586 2480 omnia
604 2451 859 2494 cooperantur
870 2443 911 2478 in
928 2443 1082 2478 bonum.
1103 2443 1258 2487 Omnia,

309 2504 438 2555 inquit.
459 2503 560 2550 Quid
576 2513 645 2551 cst,
671 2506 839 2541 Omnia?
860 2502 906 2540 Et
927 2501 1075 2540 adversa
1089 2532 1099 2551 ‚
1129 2510 1163 2539 et
1184 2516 1261 2553 quae

309 2566 517 2604 contristare
532 2565 712 2613 videntur,
727 2564 834 2602 etiam
851 2563 916 2601 ista
934 2563 969 2600 in
986 2563 1120 2601 honum
1135 2572 1260 2601 mutat.

310 2626 387 2663 Hoc
418 2626 542 2676 utique
571 2634 604 2662 et
635 2625 670 2662 in
701 2625 769 2662 hoc
797 2625 894 2677 justo
916 2624 1049 2661 sactum
1069 2632 1133 2661 est.
1169 2625 1262 2661 Nam

311 2702 388 2738 quae
403 2702 420 2724 a
433 2687 603 2724 fratribus
623 2687 712 2724 faeta
729 2695 824 2735 sunt,
840 2700 879 2722 ea
897 2685 1053 2723 maxime
1069 2698 1219 2736 regnum
1230 2684 1261 2722 ei

312 2748 544 2785 conciliarunt
565 2756 708 2799 propter
726 2746 791 2784 Dei
806 2746 1030 2798 sapientiam,
1051 2759 1130 2796 quae
1145 2745 1263 2783 omnia

314 2809 406 2846 mala
426 2809 458 2845 in
471 2809 604 2845 bouum
622 2816 828 2845 commutat.
847 2810 896 2845 Ut
907 2815 1116 2859 pascatur,
1132 2806 1263 2856 inquit,

312 2870 474 2920 populus
499 2870 651 2906 multus.
672 2870 750 2906 Non
773 2868 890 2905 solum
921 2877 1037 2907 vestra
1062 2881 1165 2905 causa
1190 2867 1265 2905 haec

315 2930 349 2966 in
373 2929 506 2966 bonum
527 2929 656 2978 vertit,
689 2929 750 2966 sed
766 2938 804 2966 ut
831 2938 864 2966 ct
886 2929 1001 2966 omnis
1028 2928 1089 2966 ille
1110 2928 1264 2980 populus

313 2990 409 3041 pasci
425 2989 547 3041 possit.
565 2992 626 3026 Ἥ.
648 2992 700 3027 Et
721 2991 819 3027 dizit
835 2990 968 3027 eis:]Ve
987 2992 1154 3026 timeatis
1173 3005 1184 3024 .·
1197 3003 1264 3041 ego

311 3065 473 3102 pascum
488 3065 572 3097 vos,
590 3060 622 3088 et
641 3052 775 3088 domus
790 3060 955 3089 avrestras.
973 3053 1026 3088 Et
1042 3050 1267 3088 consolatus

313 3121 367 3149 est
383 3127 468 3158 eos,
500 3121 535 3149 et
567 3113 746 3163 loquutus
769 3122 823 3150 est
843 3116 883 3149 in
916 3127 981 3150 cor
1007 3126 1148 3149 eorum..
1170 3110 1267 3158 Quid

315 3172 445 3222 igitur,
462 3171 596 3222 inquit,
612 3172 768 3209 timetis?
784 3172 861 3222 Ego
873 3171 1110 3224 suppeditabo
1120 3171 1267 3210 alimen-

315 3242 348 3269 ta
385 3232 505 3278 vobis,
529 3241 562 3269 ct
594 3232 759 3269 omuibus
782 3232 839 3282 qui
873 3233 1059 3271 vobiscum
1091 3241 1182 3270 sunt.
1214 3233 1267 3270 Et

316 3294 539 3331 consolatus
561 3302 615 3331 est
639 3308 701 3331 eos
713 3324 723 3339 ,
740 3302 775 3331 et
791 3294 970 3345 loquutus
988 3303 1042 3332 est
1065 3297 1106 3331 in
1125 3308 1190 3333 cor
1205 3307 1266 3331 eo-

315 3367 411 3391 rum.
446 3355 520 3391 Non
555 3353 763 3404 simpliciter
792 3368 848 3392 eos
872 3355 1069 3393 consolatus
1098 3364 1167 3399 est,
1205 3354 1265 3393 sed

1325 675 1444 709 σοῦτον
1459 671 1593 723 ἀπέσχε
1621 675 1680 709 τοῦ
1711 671 1853 722 μνήμην
1879 671 1956 709 τινὰ
1970 671 2187 718 ποιήσασθαι
2215 675 2282 710 τῶν
2304 676 2352 716 εἷς

1325 732 1426 770 αὐτὸν
1449 732 1698 784 εἰργασμένων,
1722 732 1776 771 ὅτι
1806 732 1866 770 καὶ
1891 733 1977 785 πρὸς
2004 733 2047 771 τὰ
2077 733 2218 785 ῥήματα
2240 736 2350 772 αὐτῶν

1325 792 1509 844 συνεχύθη.
1536 793 1607 831 Καὶ
1637 793 1784 831 ἔκλαυσε
1800 823 1809 839 ,
1831 793 1956 845 φησὶν,
1977 793 2108 846 Ἰωσὴφ
2121 825 2130 843 ,
2156 794 2352 833 λαλούντων

1326 855 1439 891 αὐτῶν
1455 854 1540 907 πρὸς
1559 853 1671 892 αὐτόν.
1692 854 1761 892 Καὶ
1781 854 1936 899 ἐλθόντες
1955 848 2068 893 εἷπον·
2087 855 2138 893 ’ἴδε
2150 886 2159 903 ,
2181 859 2280 906 ἡμεῖς
2299 871 2352 894 σοι

1325 914 1471 952 οἰκέται.
1501 914 1596 965 ζὈροι
1617 913 1723 953 πόσον
1753 915 1847 953 ἐστὶν
1875 915 1999 966 ἀρετὴ,
2025 919 2099 959 πῶς
2126 916 2266 968 ἰσχυρὸν
2293 917 2354 954 καὶ

1327 974 1483 1025 ἄμαχον,
1503 975 1563 1012 καὶ
1582 975 1644 1021 ὅση
1665 977 1728 1020 τ’ἧς
1752 975 1876 1019 κακίας
1890 980 1912 1022 ἡ
1933 976 2103 1015 ἀσθένεια.
2121 976 2210 1015 Ἰδοὺ
2228 978 2315 1028 γὰρ,
2336 979 2354 1014 ὃ

1328 1034 1390 1085 μὲν
1419 1038 1572 1073 τοσαῦτα
1598 1035 1778 1079 πεπονθὼς
1806 1036 2008 1087 βασιλεύει,
2041 1040 2072 1075 οἱ
2094 1037 2129 1075 δὲ
2150 1041 2260 1075 ταῦτα
2280 1038 2354 1075 δια-

1328 1095 1442 1139 θέντες
1472 1096 1530 1134 τὸν
1561 1096 1724 1148 ἀδελφὸν,
1753 1097 1882 1135 οἰκέται
1916 1091 2001 1135 εἶναι
2029 1100 2269 1150 παρακαλοῦσι
2294 1102 2353 1136 τοῦ

1329 1160 1412 1209 παρ’
1437 1159 1550 1196 αὐτῶν
1579 1160 1627 1201 εἷς
1647 1157 1804 1196 δουλείαν
1825 1157 2034 1202 ἐκδοθέντος.

1383 1466 1477 1504 Ἀλλ’
1498 1466 1601 1506 ἄκουε
1628 1469 1687 1505 τοῦ
1716 1465 1848 1519 Ἰωσὴφ
1877 1465 1939 1514 τὴν
1965 1465 2045 1518 περὶ
2078 1466 2156 1510 τοὺς
2192 1467 2357 1519 ἀδελφοὺς

1332 1527 1569 1576 ἀνεξικακίαν,
1589 1527 1649 1565 καὶ
1668 1529 1760 1572 ὅπως
1789 1529 1845 1566 διὰ
1881 1528 2019 1566 πάντων
2042 1527 2164 1571 αὐτοὺς
2189 1543 2355 1580 παραμυ-

1330 1587 1501 1633 θήσασθαι
1523 1587 1704 1638 βούλεται,
1724 1589 1784 1626 καὶ
1817 1593 1960 1633 πεῖσαι,
1993 1590 2039 1633 ὡς
2059 1588 2155 1626 οὐδὲν
2179 1590 2226 1632 εἷς
2256 1588 2357 1626 αὐτὸν

1330 1647 1570 1699 ἡμαρτήκασι.
1596 1647 1664 1685 Καί
1683 1664 1790 1700 φησι,
1817 1648 1878 1696 Μὴ
1898 1649 2077 1701 φοὸεῐσθε·
2097 1651 2155 1686 τοῦ
2175 1648 2243 1701 γὰρ
2266 1651 2358 1687 Θεοῦ

1332 1710 1404 1758 εἶμι
1424 1707 1503 1760 ἐγώ.
1523 1707 1646 1759 Ἱ”μεῖς
1677 1709 1927 1748 ἐδουλεύσασθε
1956 1709 2037 1747 κατ’
2057 1711 2141 1760 ἐμοῦ
2160 1709 2313 1760 πονηρά·
2342 1712 2360 1746 ὁ

1331 1769 1367 1807 δὲ
1397 1770 1487 1812 Θεὸς
1520 1769 1749 1808 ἐδουλεύσατο
1773 1771 1852 1822 περὶ
1873 1773 1957 1821 ἐμοῦ
1979 1773 2025 1814 εἷς
2042 1770 2174 1821 ἀγαθὰ,
2193 1769 2286 1813 ὅπως
2319 1769 2358 1807 ἂν

1330 1833 1457 1882 γενηθῇ
1491 1833 1537 1873 ὡς
1568 1831 1738 1882 σήμερον,
1763 1830 1818 1868 ἵνα
1838 1833 2010 1885 διατραφῇ
2041 1831 2125 1874 λαὸς
2154 1830 2272 1874 πολύς.
2297 1830 2358 1876 Μὴ

1332 1890 1550 1939 δειλιάσητε,
1567 1892 1674 1944 φησὶ,
1698 1891 1786 1942 μηδὲ
1809 1891 1991 1943 ἐναγώνιοι
2006 1891 2241 1943 γένἠσθε·τοῦ
2267 1893 2359 1931 Θεοῦ

1329 1951 1396 2003 γάρ
1417 1954 1488 2002 εἰμι
1508 1951 1577 2003 ἐγὼ
1590 1982 1600 1999 ,
1620 1953 1680 1991 καὶ
1700 1953 1756 1990 τὸν
1778 1953 1962 2000 Δεσπότην
1980 1953 2038 1991 τὸν
2059 1954 2140 2003 ἐμὸν
2162 1957 2358 2004 μιμοῦμαι,

1329 2012 1389 2050 καὶ
1410 2013 1620 2065 εὐεργεσίαις
1641 2013 1850 2064 ἀμείὸεσθαι
1873 2014 2057 2058 σπουδάζω
2075 2012 2154 2056 τοῦς
2172 2013 2216 2052 τὰ
2233 2013 2361 2060 ἀνήκε-

1331 2072 1396 2112 στά
1431 2089 1474 2123 με
1505 2073 1701 2117 διαθέντας·
1726 2076 1800 2112 Τοῦ
1833 2073 1901 2126 γὰρ
1932 2076 2023 2113 Θεοῦ
2062 2076 2135 2124 εἰμι
2164 2073 2243 2125 ἐγώ.
2269 2068 2359 2112 Εἶτα

1333 2132 1464 2177 δεικνὺς
1480 2133 1563 2181 ὅσης
1577 2134 1748 2172 ἀπολαύει
1761 2135 1857 2187 παρὰ
1875 2138 1934 2172 τοῦ
1954 2136 2046 2172 Θεοῦ
2068 2134 2199 2178 εὐνοίας
2210 2165 2219 2182 ,
2235 2134 2339 2186 φησίν
2352 2150 2359 2157 ·

1331 2198 1429 2245 ὑμεῖς
1459 2202 1594 2247 πονηρᾷ
1622 2195 1746 2247 γνώμῃ
1767 2195 1809 2233 τὰ
1836 2197 1912 2234 κατ’
1940 2195 2002 2246 ἐμὲ
2020 2195 2249 2248 εἰργάσασθε,
2277 2199 2294 2234 ὁ
2324 2195 2360 2233 δὲ

1332 2255 1422 2298 Θεὸς
1442 2257 1488 2299 εἷς
1505 2256 1619 2306 ἀγαθά
1640 2272 1698 2305 μοι
1717 2256 1833 2294 πάντα
1854 2255 2075 2308 περιέστησε.
2105 2255 2173 2293 Διὰ
2188 2260 2288 2294 τοῦτο
2301 2257 2360 2295 καὶ

1286 2320 1310 2350 C
1332 2316 1470 2358 Παῦλος
1486 2315 1601 2365 ἔλεγε,
1622 2317 1706 2360 Τοῖς
1734 2319 1898 2368 ἀγαπῶσι
1917 2317 1975 2354 τὸν
1990 2315 2081 2354 Θεὸν
2106 2317 2222 2354 πάντα
2245 2333 2362 2371 συνερ-

1332 2381 1385 2426 γεῖ
1399 2377 1447 2418 εἷς
1465 2375 1606 2426 ἀγαθόν.
1625 2377 1767 2422 Πάντα,
1787 2377 1884 2429 φησί.
1897 2377 1944 2415 Τί
1960 2379 2054 2424 ἐστι,
2070 2377 2214 2423 Πάντα;
2236 2377 2306 2415 Καὶ
2317 2376 2361 2415 τὰ

1334 2435 1471 2473 ἐναντία
1482 2467 1492 2484 ,
1507 2437 1566 2474 καὶ
1585 2435 1629 2473 τὰ
1645 2438 1765 2475 λυπεῖν
1783 2438 1967 2484 δοκοῦντα,
1980 2436 2040 2475 καὶ
2050 2440 2160 2475 ταῦτα
2171 2439 2219 2481 εἷς
2234 2438 2361 2488 ἀγαθὸν

1335 2498 1538 2549 μεθίστησιν
1550 2514 1557 2522 ·
1579 2499 1597 2537 ὃ
1614 2499 1654 2545 δὴ
1673 2499 1731 2537 καὶ
1753 2500 1811 2537 ἐπὶ
1835 2504 1895 2537 τοῦ
1915 2499 2106 2550 θαυμασίου
2121 2499 2242 2537 τούτου
2258 2498 2361 2550 γεγέ-

1334 2576 1449 2607 νηται.
1470 2560 1527 2599 Τὰ
1548 2560 1616 2613 γὰρ
1631 2561 1726 2613 παρὰ
1741 2564 1809 2599 τῶν
1824 2562 1980 2613 ἀδελφῶν
2000 2561 2215 2613 γεγενημένα
2226 2590 2236 2609 ‚
2249 2565 2361 2599 ταῦτα

1334 2621 1485 2672 μάλιστα
1506 2624 1600 2674 αὐτῷ
1625 2622 1689 2669 τὴν
1720 2622 1896 2674 βασιλείαν
1922 2621 2150 2675 προεξένησε,
2170 2624 2231 2667 τῆς
2251 2624 2362 2673 εὔμη-

1333 2682 1441 2734 χάνου
1462 2686 1520 2720 τοῦ
1547 2685 1638 2721 Θεοῦ
1660 2683 1781 2735 σοφίας
1804 2682 1918 2720 πάντα
1944 2682 1988 2720 τὰ
2019 2681 2154 2734 πονηρὰ
2176 2685 2222 2726 εἷς
2249 2682 2362 2734 ἀγαθὰ

1337 2742 1634 2793 μεταὲαλλούσης.
1658 2743 1734 2781 Ἵνα
1765 2744 1936 2796 διατραφῇ
1949 2772 1958 2788 ,
1994 2743 2099 2795 φησὶ,
2132 2743 2213 2786 λαὸς
2237 2744 2357 2786 πολύς.

1337 2804 1389 2841 Οὐ
1408 2802 1508 2852 μόνον
1537 2805 1633 2854 ὑμῶν
1655 2803 1768 2841 ἕνεκεν
1792 2808 1902 2841 ταῦτα
1931 2805 1977 2846 εἰς
2006 2804 2132 2855 ἀγαθὸν
2154 2802 2361 2854 μετέὸαλεν,

1338 2865 1413 2902 ἀλλ’
1432 2864 1488 2901 ἵνα
1511 2864 1569 2902 καὶ
1589 2871 1656 2908 πᾶς
1679 2859 1774 2908 οὗτος
1805 2867 1822 2902 ὃ
1851 2864 1934 2907 λαὸς
1953 2866 2185 2916 διατραφῆναι
2220 2866 2360 2916 δυνηθῇ.

1338 2925 1407 2964 Καὶ
1431 2919 1525 2963 εἶπεν
1544 2927 1675 2969 αὐτοῖς·
1705 2926 1752 2976 μὴ
1770 2926 1946 2978 φοὲεῖσθε·
1970 2925 2038 2976 ἐγὼ
2059 2925 2233 2978 διαθρέψω
2251 2928 2363 2976 ὑμᾶς,

1338 2986 1397 3025 καὶ
1426 2986 1488 3030 τὰς
1521 2986 1630 3030 οἰκίας
1659 2990 1767 3037 ὑμῶν.
1794 2987 1863 3025 Καὶ
1885 2988 2122 3039 παρεκάλεσεν
2144 2986 2283 3034 αὐτοὺς,
2303 2987 2361 3024 καὶ

1337 3047 1504 3094 ἐλάλησεν
1523 3049 1635 3086 αὐτῶν
1653 3051 1700 3091 εἷς
1720 3048 1784 3095 τὴν
1800 3048 1957 3100 καρδίαν.
1974 3048 2021 3087 Τι’
2036 3048 2148 3086 τοίνυν
2166 3048 2360 3093 δεδοίκατε;

1339 3109 1433 3160 Ἐγὼ
1458 3112 1538 3160 ὑμῖν
1554 3110 1744 3162 χορηγήσει)
1769 3110 1812 3148 τὰ
1838 3111 1923 3163 πρὸς
1947 3109 2089 3162 τροφὴν,
2108 3109 2166 3146 καὶ
2186 3116 2272 3147 πᾶσι
2292 3115 2362 3152 τοῖς

1339 3173 1414 3221 μεθ’
1437 3173 1545 3221 ὑμῶν.
1579 3173 1648 3209 Καὶ
1670 3171 1905 3224 παρεκάλεσεν
1932 3169 2073 3217 αὐτοὺς,
2108 3171 2166 3208 καὶ
2195 3170 2361 3217 ἐλάλησεν

1338 3233 1450 3269 αὐτῶν
1475 3233 1522 3273 εἷς
1537 3232 1600 3278 τὴν
1613 3232 1773 3283 καρδίαν.
1795 3234 1875 3283 Οὐχ
1895 3231 2014 3274 ἁπλῶς
2036 3230 2157 3274 αὐτοῦς
2170 3230 2362 3282 παρεκάλε-

1339 3308 1396 3330 σεν
1410 3323 1418 3339 ,
1437 3292 1526 3331 ἀλλὰ
1546 3292 1698 3343 τοσαύτῃ
1716 3292 1890 3346 ἐχρήσατο
1905 3295 1947 3343 τῇ
1966 3293 2117 3343 σπουδῇ,
2137 3291 2227 3329 ὥστε
2246 3297 2361 3329 πᾶσαν

1338 3355 1451 3392 αὐτῶν
1472 3354 1534 3400 τὴν
1553 3353 1702 3404 ἀθυμίαν
1720 3353 1858 3397 ἐξελεῖν.
1878 3353 1947 3391 Καὶ
1968 3353 2170 3403 κατῴκησεν
2183 3351 2313 3404 Ἰωσὴφ
2329 3353 2361 3389 ἐν
