2433 3775
725 206 768 235 m
799 198 906 235 cir.
949 205 979 234 ι.

78 293 116 332 τὸ
130 294 200 346 φῶς
215 294 312 344 ὑμῶν
329 293 521 343 ἔμπροσθεν
535 292 603 327 τῶν
617 288 924 340 ἀνθρώπιι)ν,ὅπως
938 286 1039 326 ἴδωσι
1054 287 1097 326 τὰ

78 353 168 392 καλὰ
189 353 273 406 ἔργα
291 355 403 403 ὑμῶν,
425 352 484 390 καὶ
507 350 676 395 δοξάσωσι
696 349 752 387 τὸν
768 349 912 401 Πατέρα
931 352 1028 400 ὑμῶν
1041 349 1098 388 τὸν

77 416 112 452 ἐν
132 419 202 457 τοῖς
221 412 468 465 οὖρανοῖς.“ον
483 411 551 463 γὰρ
568 410 695 463 τρόπον
711 412 835 449 ἐκεῖνοι
848 410 904 448 διὰ
920 410 983 457 τήν
997 426 1099 448 τινων

77 474 247 528 ῥᾳθυμίαν
262 471 808 524 σκανδαλιζόμενοιτὴνγλῶτταν
829 475 989 510 ἀκονοῦσι
1009 471 1100 509 κατὰ

76 541 135 576 τοῦ
158 536 335 576 Δεσπότου
358 540 418 574 τοῦ
445 534 617 586 ἡμετέρου
632 549 639 557 ·
670 534 760 570 οὕτω
774 563 783 581 ,
817 533 937 585 φησὶν,
961 531 1100 570 ἐπειδὰν

77 598 138 647 τὴν
168 598 293 651 ἀρετὴν
323 597 486 648 μετίητε,
507 598 653 648 ὁρῶντες
685 597 775 646 ὑμᾶς
796 597 828 632 οἱ
847 593 1043 646 ἅνθρωποι,
1064 593 1101 630 οὐ

79 660 184 714 μέχρι
211 662 272 707 τῆς
294 659 464 712 ὑμετέρας
498 657 671 709 εὐφημίας
699 657 878 702 ἵστανται,
905 655 982 692 ἀλλ’
1017 655 1100 691 ὅταν

79 722 196 759 ἴδωσιν
218 724 315 772 ὑμῶν
343 720 408 758 ῧιϊᾶι
441 718 525 770 ἔργα
543 718 729 767 λάμποντα
751 715 810 753 καὶ
839 713 1100 764 καταυγάζοντα

78 785 175 833 ὑμῶν
195 781 256 824 τὰς
274 782 368 832 ὄψεις
382 809 392 827 ,
413 781 460 822 εἰς
476 777 673 829 δοξολογίαν
693 781 866 815 κινοῦνται
884 778 944 812 τοῦ
961 772 1101 825 Πατρὸς

77 844 173 892 ὑμῶν
192 846 251 880 τοῦ
272 843 306 878 ἐν
333 843 506 890 οὐρανοῖς·
540 837 659 876 τούτου
689 837 724 874 δὲ
754 838 812 873 ὑπ’
833 835 973 874 ἐκείνων
1002 849 1098 885 γινο-

76 902 178 952 μένου
192 932 201 948 ,
217 901 323 939 πάλιν
340 904 424 951 ἡμῖν
444 898 489 936 τὰ
508 902 570 945 τῆς
588 898 737 950 ἀμοιὸἧς
755 895 1077 940 πολυπλασιάζεται
1090 926 1100 942 ,

75 962 135 1000 καὶ
150 961 237 1014 ὑπὲρ
256 964 318 1008 τῆς
335 960 472 999 ἐκείνων
490 959 662 1012 εὐφημίας
687 957 732 996 τὰ
753 957 862 1011 μυρία
881 960 966 1008 ἡμῖν
987 955 1100 1008 ἀγαθὰ

75 1022 255 1076 χαρίζεται
285 1026 303 1061 6
336 1021 534 1068 Δεσπότης·
570 1020 662 1064 Τοὺς
691 1019 893 1064 δοξάζοντας
929 1034 972 1069 με
1007 1018 1077 1070 γὰρ
1090 1048 1100 1065 ,

75 1083 181 1136 φησὶ,
211 1083 355 1127 δοξάσω.
392 1082 515 1120 Πάντα
548 1081 660 1119 τοίνυν
695 1083 872 1132 ποιῶμεν,
905 1079 1099 1131 ἀγαπητοὶ,

75 1143 165 1183 ὥστε
190 1144 391 1188 δοξάζεσθαι
406 1143 462 1181 τὸν
478 1142 649 1196 ἡμέτερον
669 1141 867 1189 Δεσπότην,
889 1141 948 1179 καὶ
980 1139 1102 1192 μηδενὶ

76 1206 270 1258 σκανδάλου
290 1206 406 1244 αἰτίαν
438 1204 666 1257 παρέχωμεν.
703 1205 818 1242 Τοῦτο
840 1204 908 1256 γὰρ
935 1205 1103 1249 διηνεκῶς

74 1271 167 1318 ἡμᾶς
187 1261 344 1306 διδάσκει
361 1270 380 1305 6
399 1269 460 1313 τῆς
489 1265 692 1317 οἰκουμένης
716 1265 924 1308 διδάσκαλος
942 1267 960 1302 6
981 1264 1102 1315 μακά-

77 1344 146 1380 ριος
174 1329 331 1374 Παῦλος,
353 1327 435 1366 ποτὲ
465 1326 528 1378 μὲν
544 1327 654 1378 λέγων
668 1343 675 1350 ·
699 1328 742 1364 Εἰ
763 1329 890 1379 βρῶμα
911 1325 1100 1364 σκανδαλί-

75 1392 124 1434 ζει
143 1389 200 1427 τὸν
217 1388 361 1441 ἀδελφόν
383 1404 468 1439 μου,
487 1390 526 1425 οὐ
547 1386 596 1439 μὴ
613 1386 714 1439 φάγω
729 1386 814 1439 κρέα
835 1389 882 1431 εἰς
901 1387 959 1426 τὸν
974 1390 1102 1425 αἰῶνα·

76 1450 134 1487 καὶ
154 1450 259 1488 πάλιν
280 1451 314 1486 ἐν
336 1449 444 1501 ἑτέρῳ
461 1448 565 1500 φησίν
578 1463 585 1471 ·
606 1447 711 1486 Οὕτω
730 1447 766 1486 δὲ
783 1448 1040 1502 ἁμαρτάνοντες
1057 1449 1104 1491 εἷς

75 1510 153 1555 τοὺς
178 1511 360 1563 ἀδελφοὺς,
392 1511 451 1549 καὶ
470 1509 655 1553 τύπτοντες
684 1511 796 1547 αὐτῶν
815 1509 878 1557 τὴν
907 1509 1103 1560 συνείδησιν

76 1575 298 1621 ἀσθενοῦσαν,
316 1575 361 1616 εἷς
379 1573 528 1625 Χριστὸν
541 1572 770 1624 ἁμαρτάνετε.
787 1572 928 1624 Σφοδρὰ
940 1576 962 1620 ἡ
976 1571 1102 1618 ἀπειλὴ

76 1635 135 1672 καὶ
160 1634 317 1686 μεγάλην
348 1636 479 1687 ἔχουσα
504 1633 566 1681 τὴν
587 1634 808 1686 κατάκρισιν.
831 1633 893 1681 Μὴ
915 1633 984 1687 γὰρ
1002 1633 1104 1685 νομί-

76 1711 160 1748 σῃς,
181 1695 297 1748 φησὶν,
319 1699 364 1740 εἷς
381 1698 508 1734 ἐκεῖνον
531 1694 632 1745 μόνον
651 1695 925 1748 περιστήσεσθαι
938 1694 1001 1742 τὴν
1019 1694 1104 1745 βλά-

76 1756 160 1804 ὅην·
190 1759 236 1800 εἷς
262 1757 363 1795 αὐτὸν
383 1756 553 1795 διαὸαίνει
578 1755 636 1794 τὸν
656 1756 806 1808 Χριστὸν
835 1757 892 1795 τὸν
909 1757 952 1794 δι’
975 1758 1103 1794 ἐκεῖνον

77 1818 330 1871 σταυρωθέντα.
357 1820 399 1856 Εἰ
415 1818 527 1857 τοίνυν
547 1821 565 1856 6
583 1817 764 1864 Δεσπότης
781 1834 840 1857 σου
861 1820 1104 1871 σταυρωθῆναι

78 1881 120 1918 δι’
142 1880 244 1918 αὐτὸν
260 1883 298 1918 οὗ
312 1880 556 1931 παρῃτήσατο,
565 1878 605 1918 σὺ
616 1882 677 1918 οὐκ
690 1881 798 1932 ἀνέχῃ
814 1879 928 1918 πάντα
939 1882 1104 1926 ποιῆσαι,

77 1940 167 1980 ὥστε
193 1941 367 1992 μηδεμίαν
386 1943 478 1992 αὐτῷ
497 1941 691 1978 σκανδάλου
713 1940 872 1993 ἀφορμὴν
894 1939 1104 1992 ι’ποιρέχειη

79 2003 148 2040 Καὶ
177 2005 358 2055 πανταχοῦ
383 2002 538 2054 εὑρήσεις
570 2002 671 2040 αὐτὸν
692 2006 804 2040 ταῦτα
823 2002 1105 2054 συμβουλεύοντα

77 2070 148 2107 τοῖς
175 2063 466 2113 μαθητευομένοις
480 2079 488 2086 ·
517 2066 618 2101 τοῦτο
638 2063 705 2115 γάρ
725 2067 829 2110 ἐστιν,
848 2064 866 2102 ὃ
885 2063 1023 2115 συνέχει
1041 2062 1104 2110 τὴν

78 2124 170 2171 ζωὴν
189 2125 252 2172 τὴν
273 2126 460 2176 ἡμετέραν.
487 2124 555 2161 Διὰ
583 2128 685 2163 τοῦτο
706 2125 766 2162 καὶ
786 2126 941 2177 ἀλλαχοῦ
962 2123 1104 2176 γράφων

77 2186 191 2236 ἔλεγε·
211 2185 270 2232 Μὴ
300 2184 370 2223 ετιὶι
393 2187 526 2222 ἑαυτῶν
547 2183 693 2229 ἕκαστος
720 2192 902 2231 σκοπεῖτε,
932 2184 1023 2223 ἀλλὰ
1045 2184 1104 2222 καὶ

77 2245 121 2284 τὰ
147 2245 272 2298 ἑτέρων
293 2244 438 2288 ἕκαστος
454 2260 461 2268 ·
481 2244 540 2282 καὶ
567 2245 673 2284 πάλιν
705 2245 868 2298 ἑτέρωθι·
895 2245 1022 2284 Πάντα
1045 2261 1104 2295 μοι

77 2306 220 2354 ἔξεστιν,
236 2307 313 2344 ἀλλ’
333 2310 370 2345 οὐ
387 2306 502 2346 πάντα
531 2308 716 2359 οἰκοδομεῖ.
738 2301 839 2352 Εἶδες
859 2307 994 2347 σύνεσιν
1015 2309 1104 2344 ἀπο-

76 2367 240 2414 στολικήν
255 2384 264 2415 ;
278 2369 323 2406 Εἰ
341 2367 401 2406 καὶ
421 2368 532 2413 ἔξεστί
547 2385 626 2420 μοι,
647 2369 752 2421 φησὶ,
767 2369 802 2406 τὶ
822 2367 1079 2420 διαπράξασθαι
1094 2395 1104 2413 ,

76 2428 134 2466 καὶ
164 2428 271 2479 μηδέν
304 2443 363 2479 μοι
395 2433 495 2468 τοῦτο
526 2429 755 2481 λυμαίνεται,
782 2430 872 2469 ἀλλὰ
899 2429 956 2468 διὰ
980 2431 1020 2469 τὸ
1054 2431 1102 2481 μὴ

77 2489 222 2528 ἕπεσθαι
241 2489 304 2537 τὴν
319 2493 378 2528 τοῦ
398 2491 544 2537 πλησίον
564 2491 764 2542 οἰκοδομὴν,
783 2494 845 2531 οὗκ
874 2491 913 2529 ἂν
937 2491 1102 2544 ἀνασχοί-

76 2566 145 2600 μην
171 2551 253 2589 αὐτὸ
268 2550 410 2603 πρᾶξαι.
433 2546 532 2595 Εἶδες
551 2552 668 2605 ψυχὴν
686 2552 929 2607 φιλόστοργον,
952 2553 1012 2592 καὶ
1029 2556 1104 2598 πῶς

75 2613 228 2663 οὐδαμοῦ
247 2611 286 2649 τὸ
306 2615 429 2651 ἑαυτοῦ
447 2620 589 2660 σκοπεῖ,
607 2614 697 2652 ἀλλὰ
717 2613 775 2652 διὰ
793 2614 933 2652 πάντων
952 2615 1104 2654 δείκνυσι

77 2673 244 2724 μεγίστην
272 2673 399 2725 ἀρετὴν
424 2674 553 2721 ταύτην
576 2669 692 2724 οὖσαν,
715 2674 754 2713 τὸ
782 2677 844 2722 τῆς
864 2679 934 2714 τῶν
955 2677 1102 2724 πλησίον

74 2735 258 2785 οἰκοδομῆς
273 2736 406 2781 πολλὴν
425 2740 599 2774 ποιεῖσθαι
618 2735 681 2783 τὴν
701 2736 866 2789 πρόνοιαν
882 2754 891 2784 ;
914 2739 1038 2777 Ταῦτα
1059 2737 1101 2785 δὴ

74 2796 188 2834 πάντα
218 2795 447 2847 γινώσκοντες
479 2797 750 2850 φυλαττώμεθα,
793 2801 1008 2852 παρακαλῶ,
1044 2800 1104 2838 καὶ

75 2856 290 2908 ἀπεχώμεθα
303 2860 372 2895 τῶν
386 2859 615 2909 λυμαίνεσθαι
630 2860 687 2899 τὸν
697 2862 845 2900 πλοῦτον
854 2865 917 2909 τῆς
929 2862 1104 2915 ἡμετέρας

76 2919 201 2968 ἀρετῆς
221 2918 433 2969 δυναμένων,
456 2920 516 2957 καὶ
534 2921 710 2971 μηδέποτέ
725 2938 759 2959 τι
778 2922 1005 2974 πράττωμεν,
1020 2924 1038 2962 ὃ
1053 2926 1103 2976 τῷ

75 2978 224 3025 πλησίον
253 2979 404 3032 παρέχει
436 2981 516 3020 τινὰ
550 2982 697 3033 βλάῆην.
730 2985 844 3022 Τοῦτο
879 2985 947 3037 γὰρ
978 2986 1038 3024 καὶ
1064 2985 1104 3024 τὸ

76 3039 271 3091 ἁμάρτημα
291 3040 475 3089 ἐπιτείνει,
496 3043 556 3080 καὶ
574 3043 638 3091 τὴν
658 3043 802 3083 κόλασιν
821 3050 906 3096 ἡμῖν
925 3047 1104 3099 σφοδροτέ·

77 3116 138 3153 ραν
154 3100 321 3153 προξενεῖ.
348 3102 417 3140 Καὶ
436 3103 526 3153 μηδὲ
543 3108 603 3142 τοῦ
622 3107 788 3158 τυχόντος
816 3111 1103 3161 καταφρονῶμεν,

78 3161 341 3215 μηδὲλέγωμεν
360 3164 405 3202 τὰ
432 3165 551 3218 ψυχρὰ
581 3168 696 3205 ἐκεῖνα
727 3169 887 3220 ῥήματα,
916 3170 951 3208 τί
986 3170 1023 3208 δέ
1044 3186 1103 3222 μοι

79 3218 190 3269 μέλει,
210 3220 268 3259 ἐὰν
293 3225 311 3260 6
343 3224 438 3261 δεῖνα
469 3225 766 3275 σκανδαλίζηται;
797 3228 845 3266 Τί
867 3228 997 3280 λέγεις,
1027 3229 1104 3268 εἶπέ

124 3349 138 3364 ·
156 3340 269 3374 ΜΟΙὊΙ-
289 3349 328 3378 τὰ
341 3349 420 3379 καλὰ
435 3351 519 3392 ἔργα.
536 3348 576 3380 In
593 3347 664 3381 aliis
679 3353 759 3384 καλά
776 3349 880 3386 deest.

127 3391 144 3416 b
164 3391 276 3426 Mon-ct.
295 3405 471 3440 παρασχεῖν,
491 3397 544 3431 alii
563 3405 714 3444 παρέχειν-

1020 204 1182 234 GENES.

1224 203 1379 233 nonu..
1420 203 1500 233 vn.
2068 189 2119 234 01

1173 286 1352 334 Christus,
1379 286 1520 328 dicebat
1540 301 1546 322 ε
1568 287 1713 324 Luceat
1742 287 1809 323 ltu⁴
1837 296 1969 325 vestra
1998 303 2129 326 coram
2145 298 2258 326 Μημὴ,
2280 297 2307 326 5.

1173 349 1408 393 hominibus,
1427 355 1467 384 ut
1492 347 1655 384 videant
1673 360 1789 397 opera
1809 355 1942 384 vestra
1958 350 2072 393 boma,
2094 359 2128 386 rt
2149 339 2194 367 ¹⁶·

1172 409 1390 461 glorificent
1407 409 1567 446 Patrem
1591 416 1765 445 vestrum
1781 409 1848 459 qui
1863 409 1905 443 in
1933 409 2037 445 omlis
2062 418 2130 446 est.

1175 472 1265 509 Nam
1275 468 1637 521 quemadmodumilli
1649 468 1851 519 aliquorum
1862 467 2131 516 inertiuoss'ensi‚

1174 530 1335 582 lingnam
1356 539 1488 568 acuunt
1507 538 1629 568 contra
1649 529 1844 567 Dominum
1865 538 2025 567 nostrum
2044 545 2051 565 :
2067 530 2129 575 sic,

1175 592 1304 643 inquit,
1322 592 1349 630 si
1365 592 1537 631 virtutem
1557 590 1798 638 exercueritis,
1817 591 1878 641 qui
1898 589 2053 629 viderint
2068 605 2132 629 vos

1174 653 1350 703 homines,
1376 667 1446 691 non
1474 667 1536 692 vos
1556 662 1693 690 tantum
1725 651 1937 699 laudabunt,
1957 652 2019 690 sed
2049 666 2132 690 cum

1175 714 1424 765 conspexerint
1443 728 1549 765 opera
1567 723 1683 751 vestra
1703 714 1873 761 lucentia,
1896 723 1928 751 ct
1950 714 2056 752 facies
2074 728 2130 752 ve-

1175 785 1263 812 stras
1284 773 1515 822 illustrantia,
1538 774 1583 811 ad
1609 773 1721 824 gloria
1741 774 1970 811 afficiendum
1991 776 2131 813 Patrem

1173 844 1331 873 vestrum
1362 834 1422 884 qui
1444 835 1478 872 in
1502 834 1597 872 caelis
1615 843 1678 882 est,
1706 845 1960 886 prorumpent3
1982 850 2132 886 cumque

1174 895 1242 933 hoc
1260 895 1307 933 ab
1326 895 1399 933 illis
1428 895 1503 943 flet,
1532 909 1676 933 rursum
1707 904 1823 933 nostra
1845 896 1991 947 praemia
2025 910 2131 948 auge-

1175 957 1324 1007 buntur,
1342 965 1376 996 et
1399 956 1511 994 multa
1534 956 1638 994 nobis
1656 957 1750 994 bona
1772 955 1937 994 concedet
1958 958 2067 1006 Deus,
2090 972 2133 995 co

1176 1019 1273 1069 qnod
1312 1019 1358 1056 ab
1398 1018 1469 1056 illis
1512 1017 1702 1056 laudetur:
1720 1019 1800 1056 Eos
1839 1017 1934 1054 enim
1972 1021 2040 1069 qui
2074 1033 2133 1056 me
2152 1042 2176 1062 1,
2192 1035 2266 1069 usg-
2284 1045 2310 1063 2,

1173 1080 1419 1133 glorificant,
1440 1079 1504 1130 ait⁷
1533 1079 1777 1132 glorificabo,
1798 1078 1899 1117 Nihil
1931 1078 2042 1129 igitur
2063 1094 2131 1118 non
2146 1077 2195 1104 30-

1175 1155 1337 1193 agamus,
1361 1140 1496 1190 dilecti,
1514 1149 1553 1178 ut
1572 1140 1794 1192 glorificetur
1809 1140 1986 1177 Dominus
1999 1149 2130 1188 noster,

1176 1211 1209 1240 et
1226 1203 1316 1240 nulli
1336 1203 1451 1241 simus
1469 1201 1676 1240 offendiculi
1705 1200 1854 1240 occasio.
1874 1201 1915 1239 ld
1938 1201 2032 1253 quod
2054 1216 2134 1254 per·

1176 1272 1282 1316 petuo
1301 1278 1364 1302 nos
1382 1263 1484 1302 docet
1515 1263 1685 1314 magister
1709 1262 1807 1307 orbis
1826 1262 1951 1300 beatus
1980 1263 2135 1311 Paulus,

1175 1323 1264 1362 dum
1279 1324 1329 1362 sic
1345 1325 1395 1362 ait
1410 1325 1470 1363 :Si
1489 1326 1597 1363 cibus
1616 1325 1785 1377 offendit
1794 1325 1971 1376 fratrem
1991 1338 2130 1369 meum,
2156 1349 2180 1366 ,,
2202 1339 2270 1367 em,
2285 1338 2313 1367 3,

1179 1400 1389 1438 numquam
1417 1389 1458 1423 in
1478 1395 1664 1424 (eternum
1681 1399 1838 1423 carnem
1855 1386 2068 1423 comedam.
2089 1385 2135 1422 Et
2155 1381 2200 1410 ¹3·

1178 1447 1309 1485 iterum
1333 1448 1368 1486 in
1388 1448 1459 1486 alio
1479 1449 1557 1486 loco
1578 1448 1694 1499 inquit
1712 1464 1719 1484 :
1736 1448 1798 1486 Sic
1823 1457 1951 1490 autem
1965 1462 2135 1500 peccan—
2154 1464 2196 1490 [1,.
2214 1474 2240 1490 v,
2263 1471 2296 1490 12

1179 1517 1233 1548 tes
1243 1512 1285 1546 in
1285 1511 1453 1562 fratres,
1463 1519 1498 1548 et
1512 1512 1769 1562 percutientes
1789 1510 1988 1561 infirmam
2007 1523 2138 1547 eorum

1177 1574 1470 1619 conscientiam,
1504 1574 1545 1609 in
1578 1572 1776 1609 Christum
1810 1573 1996 1622 peccatis.
2028 1571 2137 1609 Mina·

1179 1632 1249 1670 illae
1270 1632 1496 1671 vehementes
1515 1641 1612 1677 sunt,
1631 1641 1664 1670 et
1684 1645 1852 1683 magnam
1871 1645 1989 1669 seeum
2010 1632 2139 1670 conde-

1178 1694 1397 1733 mnationem
1407 1695 1571 1732 afferunt.
1580 1695 1635 1732 Ne
1646 1693 1814 1746 opineris,
1823 1693 1952 1744 inquit,
1967 1693 2139 1731 damnum

1178 1756 1247 1794 hoc
1273 1756 1320 1794 ad
1346 1757 1450 1794 illum
1477 1756 1538 1806 qui
1573 1755 1768 1793 offenditur
1795 1755 1911 1793 solum
1943 1755 2136 1807 pertinc1·e;

1178 1817 1304 1855 transit
1335 1817 1443 1855 etiam
1473 1817 1521 1854 ad
1543 1817 1729 1854 Christum
1748 1816 1882 1868 ipsum,
1907 1817 1968 1867 qui
1994 1826 2139 1869 propter

1178 1877 1282 1916 illum
1312 1878 1508 1916 crucifixus
1542 1886 1605 1915 est.
1636 1877 1751 1928 Igitur
1781 1877 1811 1914 si
1842 1877 2020 1915 Dominus
2052 1887 2135 1915 tuus

1178 1948 1322 1991 propter
1350 1939 1455 1976 illum
1487 1938 1649 1989 crucifigi
1681 1951 1749 1975 non
1783 1938 1975 1986 recusavit3
2005 1952 2073 1976 non
2099 1948 2137 1976 tu

1178 1999 1296 2041 omnia
1322 2000 1412 2037 feres
1436 2013 1479 2037 ne
1500 2013 1609 2050 quam
1639 1997 1799 2036 scandali
1835 1998 2054 2036 occasionem
2083 1999 2138 2037 illi

1179 2060 1358 2111 praebeas?
1376 2060 1450 2097 Hoc
1470 2060 1603 2110 ubique
1632 2059 1792 2097 invenies
1825 2059 1930 2097 illum
1948 2059 2138 2112 discipulis

1178 2121 1369 2158 consilium
1397 2121 1483 2158 dare
1503 2136 1510 2156 :
1530 2120 1598 2157 hoc
1629 2119 1723 2157 enim
1745 2119 1910 2170 estquod
1939 2121 2051 2158 vitam
2078 2135 2139 2158 no-

1179 2190 1290 2219 stram
1309 2190 1507 2220 conservat.
1528 2182 1720 2233 Propterea
1741 2190 1775 2218 et
1792 2180 1881 2218 alibi
1902 2181 2060 2219 scribens
2083 2182 2139 2219 di-

1181 2243 1295 2293 cebat,
1317 2245 1377 2282 Ne
1397 2258 1483 2296 quoe
1512 2251 1646 2281 vestra
1676 2251 1767 2281 sunt
1796 2244 2037 2281 considerate
2054 2247 2138 2281 sin—
2154 2259 2301 2298 Pl11l1·p.2.
2309 2259 2336 2299 4,

1176 2305 1274 2356 guli,
1298 2305 1367 2342 sed
1396 2318 1482 2357 quoe
1515 2305 1708 2348 aliorum;
1728 2312 1762 2341 ct
1780 2303 1911 2355 iterum
1939 2304 2010 2342 alio
2028 2305 2105 2343 loco
2126 2322 2133 2341 :

1181 2368 1328 2404 Omnia
1344 2368 1440 2404 mihi
1456 2368 1588 2413 licent,
1607 2367 1675 2404 sed
1689 2380 1766 2403 non
1779 2380 1837 2403 om
1846 2369 1913 2404 nia
1925 2368 2133 2418 (edificant.
2154 2392 2178 2410 1,
2198 2382 2269 2411 cor,
2289 2389 2335 2411 10,

1178 2427 1292 2467 Vides
1309 2428 1542 2481 apostolicam
1573 2427 1816 2479 sapientiam?
1837 2427 1987 2465 Etiamsi
2013 2428 2132 2474 liceat,
2150 2425 2200 2454 ²3·

1177 2489 1307 2540 inquit,
1328 2489 1416 2527 mihi
1439 2488 1579 2540 aliquid
1600 2489 1728 2537 facere,
1759 2488 1920 2540 nihilque
1939 2489 2022 2527 hinc
2046 2490 2134 2527 mihi

1177 2550 1299 2589 damni
1322 2549 1565 2589 accedat2sed
1584 2550 1668 2600 quia
1690 2549 1758 2587 hoc
1781 2563 1849 2586 non
1865 2550 1971 2601 juvat
1989 2550 2036 2587 ad
2054 2565 2135 2602 pro-

1178 2612 1267 2651 ximi
1285 2613 1574 2659 (edificationem,
1584 2624 1806 2661 nequaquam
1819 2611 1886 2647 hoc
1901 2611 2015 2648 facere
2030 2611 2134 2649 susti-

1177 2674 1329 2712 nuerim.
1351 2674 1464 2713 Vides
1485 2673 1640 2710 animam
1658 2686 1720 2709 nos
1741 2681 1933 2721 amantem,
1955 2673 2134 2724 quomodo

1177 2751 1352 2787 nusquam
1373 2735 1471 2786 quod
1490 2748 1595 2772 suum
1627 2743 1678 2771 est
1703 2733 1844 2783 quaerit,
1876 2733 1938 2771 sed
1966 2735 2133 2772 omnibus

1177 2798 1295 2836 modis
1317 2797 1485 2845 ostendit,
1503 2796 1674 2833 virtutem
1692 2794 1797 2845 longe
1815 2795 2011 2833 maximam
2034 2797 2134 2834 illam
2151 2814 2159 2819 ·

1177 2874 1262 2908 esse,
1279 2873 1444 2911 magnam
1470 2871 1593 2896 curam
1619 2869 1739 2907 gerere
1755 2865 1794 2893 ut
1807 2856 1996 2908 proximus
2023 2857 2133 2895 aedifi-

1177 2921 1304 2959 cetur?
1321 2921 1405 2958 Haec
1417 2949 1426 2965 ,
1455 2919 1600 2956 obsecro
1612 2947 1622 2964 ,
1651 2916 1770 2954 omnia
1795 2917 1944 2955 scientes
1962 2918 2131 2956 observe—

1176 2996 1270 3027 mus,
1287 2993 1544 3030 cai-eamusque
1561 2979 1606 3016 ab
1627 2979 1670 3016 iis
1688 2993 1767 3031 qnae
1783 2978 2006 3031 spiritualem
2024 2979 2134 3017 virtu-

1176 3052 1252 3081 tum
1273 3052 1473 3081 nostrarum
1491 3040 1698 3078 thesaurum
1714 3039 1945 3093 pessumdare
1963 3050 2109 3093 possunt
2125 3057 2132 3076 ε

1176 3114 1209 3143 et
1224 3105 1317 3143 nihil
1337 3117 1507 3154 umquam
1527 3102 1712 3151 faciamus,
1735 3116 1807 3153 quo
1826 3102 2000 3140 damnum
2019 3102 2133 3153 quod-

1175 3167 1262 3205 libet
1281 3165 1447 3218 proximo
1468 3165 1651 3202 inferatur.
1679 3164 1755 3202 Hoc
1774 3163 1868 3202 enim
1891 3173 1923 3201 et
1951 3172 2133 3215 peccatum

1175 3237 1294 3279 auget,
1317 3236 1349 3265 ct
1366 3226 1510 3277 gravius
1529 3225 1631 3264 nobis
1647 3225 1795 3264 adducit
1812 3225 2039 3278 supplicium.
2065 3225 2133 3262 Ne-

1166 3359 1176 3371 “’
1200 3349 1315 3383 Mors-l.
1335 3355 1374 3384 τὰ
1393 3353 1509 3384 ἑαυτοῦ.
