2483 3791
695 244 735 273 ΙΝ
772 243 874 273 CAP.
915 242 959 271 ΙΙ.

58 331 188 377 σπότης
206 335 438 383 παραγαγεῖν,
458 332 476 368 ὁ
490 329 606 368 πάντα
626 327 683 366 διὰ
702 327 760 365 τὸν
778 323 1079 378 δημιουργηθέντα

997 239 1140 270 Gumis
1149 259 1158 269 .

1198 239 1355 270 noun..
1394 240 1472 270 xv.
2024 232 2110 294 ¹39

1147 322 1357 376 produceret
1375 322 1574 374 inquirebat
1598 339 1604 360 :
1626 323 1687 374 qui
1703 324 1821 361 onmia
1835 334 1978 376 propter
1995 327 2108 365 homi—

59 395 116 434 ὑπ’
137 394 242 430 αὐτοῦ
264 392 467 442 οἰκονομῶν,
495 389 555 428 καὶ
580 395 696 428 πᾶσαν
726 388 790 435 τὴν
816 387 929 426 κτίσιν
949 386 1078 433 ταύτην
1090 414 1137 439 117
1147 398 1228 422 nem
1247 399 1268 422 a
1289 399 1326 422 se
1348 384 1543 423 formatum
1570 384 1764 437 dispensat,
1783 394 1816 422 ct
1847 395 1991 438 propter
2012 387 2109 426 hunc

56 453 118 502 τὴν
137 452 318 506 ὁρωμένην
338 451 396 490 διὰ
422 456 540 490 τοῦτον
561 448 792 502 παραγαγὼν,
813 448 902 498 μετὰ
929 451 998 485 τῶν
1021 447 1081 485 ἄλ·
1103 451 1128 480 Λ
1147 460 1290 484 omnem
1323 446 1506 485 visibilem
1533 456 1733 485 creaturam
1764 446 1949 499 produxit,
1971 447 2000 485 is
2026 462 2108 486 cum

57 516 125 553 λων
142 514 305 553 ἁπάντων
325 513 385 552 καὶ
412 511 474 559 τὴν
507 518 656 563 γυναῖκα
688 512 905 563 δημιουργεῖ.
925 509 996 548 Καὶ
1016 507 1080 560 ὅρα

55 578 130 620 πῶς
157 575 246 627 μετὰ
264 574 443 626 ἀκριόείας
462 576 556 625 ἡμᾶς
575 573 730 612 διδάσκει
753 573 811 610 καὶ
832 575 893 618 τῆς
910 572 1082 621 δημιουρ-

55 637 134 689 γίας
173 639 280 683 αὐτῆς
306 636 370 682 τὴν
404 636 604 674 διάπλασιν.
639 633 788 680 Ἐπειδὴ
823 633 893 685 γὰρ
928 630 1082 675 ἐδίδαξεν

55 701 172 749 ἡμᾶς,
193 698 246 736 ὅτι
266 697 428 749 βούλεται
450 696 574 748 βοηθὸν
600 698 694 747 αὐτῷ
715 699 934 746 παραγαγεῖν
961 692 1081 743 ὅμοιον

57 761 171 811 αὐτῷ·
209 759 270 797 καὶ
297 758 366 811 γὰρ
394 757 558 809 ἀνωτέρω
593 756 710 807 ἔλεγε,
743 754 958 803 Ποιήσωμεν
987 754 1081 804 αὐτῷ

59 820 183 871 βοηθὸν
211 822 287 857 κατ’
314 818 432 865 αὐτὸν,
458 817 517 855 καὶ
544 816 693 856 ἐνταῦθά
723 830 842 867 φησιν,
859 815 940 866 Οὐχ
960 813 1081 866 εὑρέθη

59 880 182 931 βοηθὸς
203 879 318 930 ὅμοιος
340 881 450 933 αὐτῷ·
474 878 532 916 διὰ
560 881 663 916 τοῦτο
681 878 722 914 ἐκ
747 879 809 922 τῆς
837 874 958 919 οὐσίας
979 874 1084 912 αὐτοῦ

57 940 185 988 ταύτης
203 939 265 987 τὴν
287 940 472 978 διάπλασιν
487 939 691 992 ἐργάζεται,
710 937 770 975 καί
788 951 891 990 φησι·
912 935 982 974 Καὶ
996 934 1083 974 ἐπέ-

58 1003 162 1041 ὅαλεν
183 1006 200 1040 ὃ
218 1002 308 1044 Θεὸς
328 1000 491 1040 ἔκστασιν
519 1000 577 1038 ἐπὶ
600 999 658 1038 τὸν
684 998 796 1049 Ἀδὰμ
810 1027 820 1046 ,
844 997 903 1036 καὶ
932 996 1083 1035 ὕπνωσε.

59 1063 128 1102 Καὶ
143 1062 247 1101 {taes
269 1062 352 1113 μίαν
368 1065 436 1100 τῶν
457 1063 616 1114 πλευρῶν
633 1063 735 1099 αὐτοῦ
746 1090 755 1107 ,
778 1059 838 1097 καὶ
854 1058 1083 1110 ἀνεπλήρωσε

58 1124 172 1176 σάρκα
197 1126 270 1162 ἀντ’
293 1125 410 1170 αὐτῆς.
427 1122 497 1161 Καὶ
515 1121 722 1174 ᾠκοδόμησε
741 1119 866 1172 Κύριος
881 1123 898 1158 ὃ
918 1120 1006 1163 Θεὸς
1020 1119 1085 1166 τὴν

58 1184 224 1237 πλευρὰν,
243 1185 284 1231 ἣν
302 1184 424 1223 ἔλαὸεν
454 1184 596 1222 ἀπὸτοῦ
616 1182 727 1233 Ἀδὰμ
740 1211 749 1229 ,
770 1184 817 1226 εἷς
837 1187 1007 1233 γυναῖκα,
1025 1181 1085 1220 καὶ

59 1245 188 1296 ἤγαγεν
209 1238 317 1292 αὐτὴν
338 1245 423 1296 πρὸς
449 1245 507 1283 τὸν
528 1243 652 1294 Ἀδάμ.
675 1243 824 1295 Μεγάλη
851 1244 920 1280 τῶν
943 1242 1085 1295 εἰρημέ-

60 1322 126 1344 νων
143 1310 164 1353 ἡ
182 1306 326 1357 δύναμις
338 1337 347 1353 ,
363 1306 422 1344 καὶ
437 1305 553 1344 πάντα
568 1304 735 1356 λογισμὸν
752 1303 968 1356 ἀνθρώπινον
981 1306 1086 1358 ὑπερ-

61 1365 241 1405 emisenum.
268 1366 360 1405 Οὐδὲ
380 1366 448 1418 γὰρ
468 1366 612 1404 δυνατὸν
633 1366 758 1417 ἑτέρως
783 1364 913 1404 τούτων
935 1364 1086 1404 συνιέναι

59 1426 99 1465 τὸ
118 1427 280 1478 μεγέθος,
306 1426 356 1478 μὴ
378 1433 448 1470 τοῖς
470 1429 532 1472 τῆς
557 1426 708 1469 πίστεως
727 1427 919 1477 ὀφθαλμοῖς
945 1425 1085 1464 ἅπαντα

60 1487 360 1527 κατοπτεύσαντα.
377 1487 446 1526 Καὶ
469 1487 640 1526 ἐπέὸαλεν
654 1490 672 1525 ὁ
686 1487 796 1534 Θεὸς,
815 1486 934 1540 φησὶν,
957 1485 1087 1524 ἔκστα-

60 1564 115 1588 σιν
134 1550 192 1587 ἐπὶ
209 1550 266 1588 τὸν
293 1548 402 1600 Ἀδὰμ
414 1578 423 1595 ,
443 1550 504 1587 καὶ
522 1549 693 1587 ὕπνωσεν.
705 1547 804 1600 εὈρα
821 1547 885 1595 τὴν
905 1547 1086 1599 ἀκρίέειαν

60 1611 121 1655 τῆς
145 1608 382 1651 διδασκαλίας.
405 1608 599 1660 Ἀμφότεροι
615 1607 766 1646 τέθεικεν
785 1609 803 1644 ὁ
833 1606 1004 1659 μακάριος
1027 1600 1085 1645 05-

59 1683 116 1712 τος
131 1670 332 1721 προφήτης,
352 1671 484 1720 μᾶλλον
503 1668 538 1706 δὲ
558 1668 598 1706 τὸ
615 1670 761 1719 Πνεῦμα
777 1668 816 1707 τὸ
836 1668 932 1720 ἅγιον
950 1667 1007 1706 διὰ
1025 1671 1087 1716 τῆς

58 1729 179 1768 τούτου
197 1730 374 1781 γλώττης,
396 1732 559 1769 παιδεῦον
572 1733 666 1781 ἡμᾶς
679 1731 748 1767 τῶν
765 1729 1006 1781 γεγενημένων
1022 1729 1087 1776 τὴν

59 1793 277 1830 ἀκολουθίαν.
293 1791 483 1839 Ἐπέὲαλε,
497 1791 615 1843 φησὶν,
635 1790 797 1830 ἔκστασιν
812 1791 870 1830 ἐπὶ
883 1791 940 1828 τὸν
958 1791 1084 1841 Ἀδὰμ,

59 1853 119 1891 καὶ
137 1852 306 1891 ὕπνωσεν.
323 1853 416 1892 Οὔτε
428 1852 589 1895 ἔκστασις
604 1852 708 1902 μόνον
726 1846 768 1899 ἦν
786 1851 826 1890 τὸ
843 1852 995 1902 συμὸὰν,
1010 1852 1086 1891 οὔτε

61 1912 165 1956 ὕπνος
179 1917 197 1952 ὃ
213 1914 378 1961 συνήθης·
400 1915 477 1952 ἀλλ’
502 1913 622 1959 ἐπειδὴ
641 1915 659 1950 ὁ
685 1911 789 1964 σοφὸς
809 1913 868 1950 καὶ
892 1913 1088 1965 εὐμήχανος

60 1977 122 2021 τῆς
154 1975 327 2026 ἡμετέρας
358 1974 491 2027 φύσεως
525 1974 735 2026 δημιουργὸς
770 1973 914 2024 ἔμελλεν
953 1977 993 2012 ἐκ
1025 1978 1089 2021 τῆς

59 2037 212 2088 πλευρᾶς
230 2038 333 2074 αὐτοῦ
350 2036 432 2086 μίαν
461 2038 706 2088 ἀφαιρεῖσθαι,
728 2035 785 2073 ἵνα
807 2035 856 2086 μὴ
878 2038 900 2082 ἡ
928 2035 1088 2082 αἴσθησις

58 2097 181 2143 ὀδύνην
199 2099 293 2149 αὐτῷ
309 2097 520 2150 ἐργάσηται,
540 2097 598 2134 καὶ
618 2097 706 2147 μετὰ
729 2100 842 2134 ταῦτα
857 2097 947 2148 πρὸς
968 2096 1030 2143 τὴν
1051 2097 1086 2142 ἐξ

57 2158 191 2204 ἐκείνης
209 2161 270 2204 τῆς
294 2160 446 2210 πλευρᾶς
463 2157 793 2208 ἱὶδιαπλεπιτ’τομένην
823 2159 987 2209 ἀπεχθῶς
1017 2158 1084 2209 ἔχῃ

57 2221 272 2264 διακεῖσθαι,
310 2219 369 2257 καὶ
403 2219 535 2270 μισ-ἡσῃ
565 2218 606 2256 τὸ
638 2218 880 2269 πλαττόμενον
912 2220 996 2262 ζῶον
1024 2222 1087 2266 τῆς

56 2281 178 2327 ὀδύνης
208 2279 453 2331 μεμνημένος,
475 2279 531 2318 διὰ
550 2283 652 2317 τοῦτο
673 2284 834 2318 τοσοῦτον
860 2281 955 2332 αὐτῷ
981 2279 1086 2318 ὕπνον

54 2341 243 2393 ἐπήγαγεν,
266 2341 431 2380 ἔκστασιν
462 2340 655 2389 ἐπιὸαλὼν,
676 2340 736 2379 καὶ
758 2340 878 2394 ὥσπερ
895 2341 993 2394 κάρῳ
1017 2342 1086 2381 τινὶ

55 2406 319 2455 κατασχεθῆναι
334 2402 555 2455 προστάξας,
574 2402 631 2441 ἵνα
646 2402 822 2454 μηδεμίαν
846 2402 1008 2451 αἴσθησιν
1028 2403 1086 2442 δέ·

54 2462 155 2510 ξηται
173 2466 233 2501 τοῦ
249 2464 451 2515 γινομένου,
472 2463 563 2502 ἀλλὰ
585 2463 742 2516 καθάπερ
766 2463 928 2517 τεχνίτης
945 2464 1086 2517 ἄριστος

52 2525 112 2562 καὶ
132 2524 304 2576 ἀφέληται
321 2525 361 2563 τὸ
381 2525 512 2572 δοκοῦν,
529 2524 588 2562 καὶ
619 2524 860 2577 ἀναπληρώσῃ
879 2526 918 2563 τὸ
949 2527 1084 2574 λεῖπον,

56 2585 116 2624 καὶ
136 2585 228 2624 οὕτω
263 2586 302 2624 τὸ
325 2585 454 2638 ληφθὲν
486 2585 731 2638 δημιουργήσῃ
756 2585 848 2624 κατὰ
866 2585 930 2634 τὴν
955 2587 1084 2627 οἰκείαν

58 2646 334 2698 φιλανθρωπίαν.
368 2646 546 2686 Ἔπέὸαλε
580 2647 670 2700 γὰρ,
689 2647 807 2699 φησὶν,
831 2647 995 2686 ἔκστασιν
1027 2649 1085 2687 ἐπὶ

51 2707 108 2746 τὸν
132 2706 262 2759 Ἀδὰμ,
279 2708 338 2745 καὶ
359 2707 509 2747 ὕπνωσε.
526 2708 596 2747 Καὶ
613 2708 717 2746 ἔλαὸε
733 2707 815 2758 μίαν
835 2710 903 2746 τῶν
924 2711 1084 2762 πλευρῶν

52 2770 177 2814 αὐτοῦ,
207 2768 267 2807 καὶ
301 2769 530 2822 ἀνεπλήρωσε
549 2770 666 2821 σάρκα
687 2770 761 2806 ἀντ’
794 2771 921 2818 αὐτῆς’
944 2771 1001 2810 ἵνα
1033 2771 1083 2823 μὴ

51 2828 115 2880 ἔχῃ
139 2828 229 2880 μετὰ
244 2829 306 2877 τὴν
328 2834 387 2869 τοῦ
408 2829 516 2868 ὕπνου
531 2830 740 2883 ἀπαλλαγὴν
763 2832 803 2870 ἐκ
819 2835 880 2871 τοῦ
903 2832 1084 2877 λείποντος

56 2889 280 2930 αἰσθάνεσθαι
302 2894 362 2930 τοῦ
383 2891 626 2943 γεγενημένου.
644 2893 688 2931 Ei
706 2892 775 2946 γὰρ
799 2892 860 2931 καὶ
889 2895 924 2932 ἐν
944 2897 994 2947 τῷ
1020 2897 1083 2942 τῆς

51 2951 266 3004 ἀφαιρέσεως
284 2956 396 3007 καιρῷ
432 2952 616 3005 ἠγνόησεν,
633 2955 710 2993 ἀλλ’
733 2954 829 3006 ὅμως
848 2954 974 3005 ἔμελλε
993 2956 1083 3007 μετὰ

49 3017 162 3050 ταῦτα
186 3012 431 3064 ἐπιγινώσκειν
449 3014 490 3052 τὸ
509 3011 662 3065 γεγονὸς.
680 3014 748 3061 Ἵνῖ
765 3011 823 3054 οῧν
846 3016 936 3066 μήτε
965 3019 1000 3055 ἐν
1030 3019 1082 3069 τῷ

51 3075 275 3127 ἀφαιρεῖσθαι
290 3075 414 3121 ὀδύνην
433 3077 528 3129 αὐτῷ
543 3077 720 3129 ἐμποιήσῃ
733 3107 743 3126 ,
759 3077 849 3128 μήτε
867 3078 956 3128 μετὰ
971 3082 1082 3117 ταῦτα

53 3137 73 3179 ἡ
90 3133 244 3187 ἔλλειψις
261 3136 410 3187 ἀθυμίαν
433 3136 647 3188 ἐργάσηται,
663 3139 846 3190 ἀμφότερα
865 3139 974 3182 οὕτως
985 3139 1078 3191 ᾠκο-

49 3188 181 3245 νόμησε
193 3224 202 3242 ,
222 3196 281 3234 καὶ
299 3197 511 3248 ἀφελόμενος
533 3198 731 3247 ἀνωδύνως,
753 3199 812 3238 καὶ
831 3199 1023 3253 πληρώσας
1039 3201 1080 3241 τὸ

1147 507 1228 546 aliis
1247 508 1415 547 omnibus
1429 517 1463 546 et
1476 507 1660 546 mulierem
1680 508 1819 546 format.
1836 507 1882 546 Et
1902 508 1986 546 vide
2000 523 2109 560 quam

1148 568 1339 620 diligenter
1367 569 1614 608 formationem
1642 583 1705 607 nos
1731 569 1867 607 doceat.
1890 570 1981 608 Nam
2011 579 2110 622 post-

1149 644 1257 680 quam
1278 644 1340 667 nos
1360 629 1496 678 docuit,
1516 645 1553 669 se
1571 631 1662 670 velle
1681 631 1878 684 producere
1897 631 1950 669 illi
1967 631 2111 684 adjuto-

1150 689 1245 727 rium
1262 690 1380 728 simile
1396 691 1464 743 ipsi
1484 707 1492 727 :
1512 706 1594 729 nam
1614 693 1778 744 superius
1794 692 1949 741 dixerat,
1968 695 2110 732 Facia-

1152 763 1236 787 mus
1257 751 1321 787 illi
1344 752 1584 803 adjutorium
1610 754 1821 790 secundum
1844 754 2026 791 ill11m.·ct
2053 754 2111 793 ln'c

1152 810 1284 861 inquit,
1303 812 1395 848 lVon
1409 814 1681 850 inveniebatur
1692 814 1998 865 adjutorsimilis
2015 815 2077 852 illi
2097 831 2108 851 .-

1152 884 1230 908 eam
1239 871 1286 909 ob
1301 885 1446 910 eausam
1456 886 1502 910 ex
1515 872 1613 910 illius
1628 872 1825 910 substantia
1845 874 1957 925 ipsam
1970 875 2110 924 format,

1152 941 1186 970 et
1220 933 1337 983 inquit
1364 949 1372 970 :
1401 934 1465 971 at.
1494 935 1547 972 Et
1581 937 1742 972 immisit
1778 936 1971 973 Dominus
2004 938 2113 976 Deus

1152 1011 1351 1036 excessum
1375 1001 1416 1035 in
1436 998 1589 1043 Adam,
1611 1008 1647 1037 et
1668 1000 1863 1037 dormivit.
1889 1002 1941 1038 Et
1966 1005 2113 1053 accepit

1154 1072 1276 1096 unam
1313 1068 1510 1097 costarum
1538 1061 1660 1107 illius,
1686 1069 1723 1098 et
1751 1061 1923 1112 implevit
1956 1076 2114 1100 carnem

1107 1127 1129 1157 B
1151 1133 1224 1171 pro
1247 1120 1334 1158 illa.
1354 1123 1417 1159 9⁶2.
1442 1121 1751 1174 AEdificavitque
1777 1122 1972 1159 Dominus
2006 1125 2112 1161 Deus

1154 1189 1317 1228 costam,
1329 1196 1447 1234 quam
1459 1185 1606 1235 accepit
1619 1184 1666 1220 de
1679 1182 1832 1232 Adam,
1843 1186 1884 1221 in
1897 1184 2108 1232 mulierem,

1155 1247 1191 1276 et
1219 1240 1332 1277 duxit
1360 1241 1474 1278 illam
1505 1242 1559 1278 ad
1585 1240 1736 1279 Adam.
1758 1244 1890 1293 Magna
1921 1244 2113 1282 verborum

1153 1299 1210 1338 vis
1239 1309 1302 1349 est,
1319 1310 1352 1339 et
1376 1316 1519 1340 omnem
1549 1302 1749 1341 humanum
1770 1313 1912 1356 captum
1929 1313 2111 1344 transcen-

1152 1360 1251 1400 dens.
1265 1363 1346 1400 Non
1365 1363 1460 1401 enim
1478 1364 1582 1402 aliter
1605 1373 1754 1416 possunt
1772 1365 1849 1402 haec
1867 1378 1996 1416 magna
2012 1366 2115 1404 intel—

1153 1423 1231 1475 ligi,
1251 1438 1360 1475 quam
1388 1423 1474 1463 fidei
1506 1425 1621 1464 oculis
1653 1435 1850 1479 conspecta.
1869 1428 1922 1464 Et
1956 1429 2117 1466 immisit

1154 1485 1415 1536 Deus,inquit,
1428 1500 1626 1525 excessum
1640 1489 1682 1524 in
1696 1487 1847 1533 Adam,
1863 1496 1899 1525 et
1913 1488 2112 1529 dormivit.

1154 1545 1251 1585 Vide
1262 1561 1370 1597 quam
1382 1556 1546 1586 accurata
1563 1549 1608 1586 sit
1631 1557 1664 1586 et
1676 1548 1810 1586 eximia
1823 1548 1995 1587 doctrina.
2007 1551 2114 1588 L‘tra-

1155 1620 1224 1657 que
1253 1607 1374 1660 posuit
1397 1608 1522 1647 beatus
1554 1609 1617 1647 ille
1648 1609 1836 1662 propheta,
1857 1610 1929 1648 imo
1956 1611 2115 1663 Spiritus

1156 1678 1298 1706 sanctus
1313 1684 1376 1721 per
1391 1670 1490 1708 illius
1509 1671 1685 1723 linguam,
1702 1670 1833 1709 docens
1853 1685 1917 1709 nos
1938 1673 2115 1711 factorum

1156 1730 1294 1770 seriem.
1316 1733 1498 1778 Immisit,
1521 1732 1649 1784 inquit,
1669 1746 1867 1770 excessum
1894 1737 1936 1771 in
1960 1734 2111 1783 Adam,

1156 1800 1194 1829 et
1219 1793 1414 1832 dormivit.
1427 1793 1537 1839 Quod
1562 1803 1646 1831 tunc
1672 1793 1793 1841 fiebat,
1812 1808 1924 1846 neque
1950 1809 2115 1834 excessus

1109 1869 1133 1900 c
1155 1852 1273 1890 solum
1303 1863 1399 1901 erat,
1424 1868 1538 1904 neque
1567 1868 1712 1892 somnus
1743 1855 1868 1893 solitus
1897 1870 1905 1891 :
1933 1856 1996 1894 sed
2029 1857 2113 1906 quia

1156 1915 1294 1967 sapiens
1313 1924 1348 1952 et
1361 1914 1471 1953 solers
1490 1924 1618 1954 nostrae
1640 1925 1776 1954 naturae
1786 1917 1919 1969 opifex
1941 1931 2049 1956 unam
2068 1932 2114 1957 ex

1154 1976 1260 2014 costis
1280 1976 1379 2014 illius
1393 1976 1583 2015 ablaturus
1599 1986 1685 2025 erat,
1700 1987 1738 2015 ut
1755 1992 1798 2016 ne
1815 1978 1998 2017 sentiendo
2013 1979 2112 2018 dolo-

1153 2051 1244 2087 rem,
1262 2037 1405 2075 mulieri
1420 2052 1465 2076 ex
1478 2047 1573 2076 costa
1593 2051 1655 2076 sua
1671 2039 1831 2076 formatae
1846 2049 1966 2091 postea
1979 2040 2113 2079 doloris

1153 2113 1288 2138 memor
1299 2100 1454 2137 infensus
1464 2109 1770 2152 esset,eapropter,
1782 2100 1941 2139 immisso
1954 2116 2112 2150 excessu,

1151 2170 1250 2198 tanto
1268 2161 1374 2198 illum
1392 2174 1515 2198 somno
1535 2161 1724 2212 oppressit,
1743 2170 1782 2199 ut
1801 2162 1900 2213 quasi
1923 2162 2114 2213 gravedine

1152 2221 1307 2273 quadam
1322 2230 1516 2273 correptus,
1530 2221 1672 2259 nullum
1686 2222 1735 2259 rei
1753 2237 1831 2273 quae
1851 2223 1958 2260 fiebat
1970 2238 2113 2262 sensum

1152 2290 1306 2333 caperet,
1329 2280 1391 2319 sed
1413 2281 1506 2319 sicut
1526 2281 1682 2333 optimus
1697 2282 1828 2320 artifex
1847 2283 2001 2321 auferret
2016 2284 2114 2335 quod

1152 2344 1222 2382 sibi
1247 2343 1454 2393 videbatur,
1477 2352 1510 2381 et
1535 2344 1715 2396 suppleret
1736 2344 1798 2382 uhi
1820 2344 1910 2396 quid
1929 2344 2064 2395 deerat,
2080 2354 2115 2384 et

1151 2404 1252 2456 quod
1276 2405 1359 2443 inde
1389 2415 1578 2454 sumserat,
1600 2405 1797 2444 secundum
1824 2420 1926 2444 suam
1945 2406 2114 2446 formaret

1152 2466 1392 2505 clementiam.
1426 2468 1617 2513 Immisit,
1653 2466 1770 2517 inquit
1782 2496 1794 2516 ‚
1835 2481 2032 2506 excessum
2071 2471 2112 2506 in

1152 2527 1304 2574 Adam,
1321 2535 1358 2565 et
1374 2527 1571 2564 dormivit.
1583 2525 1826 2579 Accepitque
1841 2542 1961 2565 unam
1981 2537 2109 2566 costa-

1107 2593 1132 2624 D
1151 2602 1237 2627 rum
1264 2588 1392 2634 illius,
1420 2595 1457 2624 et
1478 2587 1652 2638 implevit
1671 2601 1828 2625 carnem
1854 2602 1925 2639 pro
1954 2589 2027 2625 illa
2045 2605 2053 2625 :
2071 2598 2112 2630 ut

1151 2664 1195 2688 ne
1209 2658 1345 2702 posset,
1367 2648 1526 2686 discusso
1541 2661 1683 2697 somno,
1705 2648 1798 2698 quod
1818 2649 1949 2686 lactum
1974 2659 2046 2687 erat
2066 2664 2111 2690 ex

1150 2711 1289 2750 defectu
1319 2709 1459 2748 sentire.
1484 2709 1577 2746 Nam
1595 2709 1758 2760 quamvis
1784 2724 1823 2747 eo
1850 2719 2019 2763 tempore,
2039 2725 2110 2762 quo

1149 2772 1388 2815 auferebatur,
1408 2769 1601 2821 ignoravit,
1623 2779 1743 2822 postea
1764 2779 1880 2808 tamen
1902 2771 2109 2823 cogniturus
2142 2792 2151 2798 -

1150 2832 1380 2883 erat.'ltaque
1405 2840 1506 2868 utne
1526 2830 1629 2868 illum
1660 2831 1694 2868 in
1729 2831 1937 2880 auferendo,
1965 2831 2107 2882 dolore,

1150 2909 1265 2946 neque
1289 2893 1336 2932 ob
1357 2891 1573 2930 ablationem
1596 2891 1740 2929 tristitia
1767 2892 1938 2941 afficeret,
1960 2903 2108 2944 utraque

1151 2957 1202 2996 sic
1215 2954 1451 3007 dispensavit,
1464 2962 1546 2990 utet
1565 2952 1651 2990 citra
1664 2953 1861 2991 cruciatum
1879 2954 1976 2992 illius
1993 2955 2108 2992 aufer-

1150 3025 1217 3065 ret,
1232 3025 1266 3054 et
1283 3015 1428 3067 impleto
1447 3027 1487 3050 eo
1506 3012 1583 3049 loco
1598 3011 1692 3049 unde
1708 3012 1915 3061 abstulerat,
1932 3014 2107 3052 factorum

1150 3091 1292 3116 sensum
1318 3074 1498 3128 percipere
1519 3086 1589 3110 non
1617 3072 1756 3111 sineret.
1787 3074 1903 3125 Igitur
1926 3084 2107 3127 acceptam

1149 3138 1241 3176 hanc
1261 3146 1394 3175 costam
1409 3133 1602 3172 :edificavit
1622 3135 1796 3173 Dominus
1810 3134 1907 3173 Deus
1928 3136 1963 3174 in
1980 3136 2109 3174 mulie-

1149 3213 1238 3237 rem.
1259 3195 1481 3235 Admirabile
1499 3194 1651 3245 dictum,
1673 3205 1829 3234 nostram
1854 3197 2025 3235 rationem
2045 3197 2106 3235 ni-

49 3255 184 3303 λεῖπον,
212 3256 272 3294 καὶ
293 3257 342 3307 μὴ
365 3259 599 3311 συγχωρήσας
622 3260 767 3311 μηδενὸς
797 3260 899 3298 αὐτὸν
924 3263 995 3300 τῶν
1021 3278 1078 3312 γε»
1103 3272 1126 3302 Ε
1149 3260 1220 3298 mia
1252 3256 1460 3296 excellentia
1491 3256 1647 3296 vincens.
1677 3256 1866 3310 Ejusmodi
1896 3257 1987 3296 enim
2024 3268 2107 3296 sunt

50 3316 248 3366 γενημένων
283 3317 442 3365 αἴσθησιν
476 3320 650 3364 δέξασθαι.
686 3320 814 3358 Ααὸὼν
860 3315 932 3367 οῧν,
974 3323 1078 3373 φησὶ,

97 3432 109 3447 ⁸
126 3421 261 3454 COislln-
288 3425 546 3466 διαπλαττομένη
562 3431 596 3458 τὸ
618 3432 691 3465 ζῶον
709 3431 844 3468 ἀπεχθῶς
861 3431 924 3468 ῥ’χν.

1150 3319 1266 3359 omnia
1300 3331 1379 3369 quae
1402 3317 1494 3356 fiunt
1515 3332 1535 3355 a
1555 3317 1723 3356 Domino.
1746 3317 1848 3357 Istud
1870 3318 1976 3363 enim,
1997 3332 2103 3369 quain
