2483 3791
765 236 804 264 ΙΝ
843 236 943 265 ΟΑΡ.
985 234 1049 264 ΙΙΙ.

146 318 248 357 Εασιν
276 320 339 365 τῆς
374 319 514 364 ἐντολῆς
545 318 812 370 ὓπηρετήσατο,
846 318 923 356 ἀλλ’
957 318 1033 357 οὐδὲ
1065 316 1171 359 οὕτως

146 379 327 423 ἀνεύθυνος
341 378 417 430 ἔσῃ.
441 379 741 431 Ἀξιοπιστοτέραν
763 379 830 431 γὰρ
845 383 951 432 ἐχρῆν
972 379 1172 431 ἡγήσασθαι

143 441 207 488 τὴν
228 444 312 494 παρ’
335 443 418 492 ἐμοῦ
435 441 589 489 ἐντολὴν,
609 442 669 480 καὶ
688 444 726 480 οὐ
742 442 844 492 μόνον
866 441 966 480 αὐτόν
986 457 1024 480 σε
1044 455 1174 494 παραι-

144 503 319 550 τήσασθαι
334 502 397 550 τὴν
415 505 559 554 βρῶσιν,
578 503 668 542 ἀλλὰ
685 504 743 542 καὶ
766 507 808 556 τῇ
826 503 964 555 γυναικὶ
979 502 1088 547 δεῖξαι
1103 503 1172 539 τῶν

145 564 406 618 ἡμαρτημένων
426 565 465 602 τὸ
486 563 641 615 μέγεθος.
662 565 806 617 Κεφαλὴ
829 565 898 619 γὰρ
920 559 951 602 εἷ
969 567 1033 610 τῆς
1052 563 1173 615 γύναι-

146 626 224 673 κὸς,
256 625 317 664 καὶ
343 625 400 663 διὰ
425 625 464 663 σὲ
499 625 614 672 ἐκείνη
644 626 830 678 παρήχθη·
854 625 896 663 σὺ
919 625 954 664 δὲ
986 624 1050 671 τὴν
1077 622 1173 667 τάξιν

146 686 406 740 ιὀἰνε’στρε’,ἶ,ιας,
428 687 488 725 καὶ
520 689 558 725 οὐ
584 686 687 737 μόνον
716 687 852 733 ἐκείνην
882 687 920 725 οὐ
955 686 1174 738 διώρθωσας,

149 749 239 788 ἀλλὰ
260 750 320 788 καὶ
340 748 670 800 συγκατεσπᾶσθης·
690 748 749 786 καὶ
773 748 846 787 δέον
866 748 908 786 τὸ
924 747 1045 786 λοιπὸν
1071 749 1176 796 σῶμα

149 815 192 863 τῇ
213 813 346 863 κεφαλῇ
362 810 507 848 ἕπεσθαι
518 838 528 855 ,
544 810 582 848 τὸ
598 809 751 848 ἐναντίον
771 809 910 860 γέγονε,
925 809 984 847 καὶ
1003 812 1025 855 ἡ
1040 806 1174 860 κεφαλὴ

148 875 199 925 τῷ
220 873 332 924 λοιπῷ
360 870 500 921 σώματι
520 870 794 918 ἐξηκολούθησε,
821 870 881 908 καὶ
900 870 944 908 τὰ
973 870 1045 908 ἄνω
1078 869 1176 907 κάτω

148 950 187 985 γε
174 934 280 1009 ζ’.γονε
297 932 364 971 Διὰ
384 936 504 977 τοῦτο,
520 931 639 978 ἐπειδὴ
656 930 719 978 τὴν
736 931 831 976 τάξιν
852 931 991 969 ἅπασαν
1013 930 1175 982 ἀνέστρε-

148 998 239 1048 ψας,
259 997 294 1034 ἐν
315 993 447 1037 τούτοις
467 997 495 1031 εἰ
521 996 595 1040 νῦν,
617 996 636 1031 ὁ
655 993 722 1045 πρὸ
759 993 882 1031 τούτου
909 992 1062 1042 τοσαύτῃ
1096 990 1177 1043 δόξῃ

149 1056 272 1109 περιὸε
275 1054 459 1107 ὃλημένος.
475 1054 541 1099 Τίς
564 1070 602 1092 σε
629 1059 686 1092 οὐν
710 1056 788 1092 κατ’
803 1053 900 1098 ἀξίαν
926 1053 1093 1107 ὀδύρηται
1115 1057 1178 1100 τῆς

152 1118 367 1170 ἀφαιρέσεως
391 1133 460 1155 των
490 1116 662 1155 τοσούτων
698 1117 855 1167 ἀγαθων;
885 1115 977 1154 Ἀλλ’
1012 1115 1126 1166 ὅμως,
1149 1117 1179 1153 εἰ

152 1179 211 1218 καὶ
230 1178 342 1217 ταῦτοί
363 1193 416 1216 σοι
438 1170 578 1216 ἅπαντα
598 1177 823 1228 συμὲέὸηκε,
847 1176 969 1227 μηδενὶ
990 1176 1097 1229 ἑτέρῳ
1115 1177 1177 1223 τὴν

153 1240 269 1278 αἰτίαν
289 1239 480 1292 ἐπίγραφε,
505 1238 595 1276 ἀλλὰ
616 1241 732 1291 σαυτῷ
759 1238 818 1276 καὶ
852 1240 895 1290 τῇ
929 1241 973 1290 σῇ
1006 1238 1177 1292 ῥᾳθυμίᾳ·

155 1305 194 1340 οὐ
212 1301 280 1354 γὰρ
303 1301 356 1347 ἂν,
376 1303 406 1338 εἶ
427 1300 475 1351 μὴ
499 1299 716 1348 ἠὸουλήθης,
730 1303 752 1346 ἡ
775 1299 860 1349 γυνή
886 1315 923 1338 σε
954 1299 1106 1345 ἠδύνατο
1133 1302 1179 1343 εἷς

155 1365 213 1402 τὸν
238 1363 374 1402 ὄλισθον
405 1366 524 1400 τοῦτον
556 1363 712 1414 ἀγαγεῖν.
746 1362 808 1408 Μὴ
845 1361 914 1413 γὰρ
942 1361 1179 1413 παρεκάλεσε;

158 1425 207 1477 μὴ
232 1425 300 1477 γὰρ
331 1424 511 1476 διελέχθη,
534 1424 583 1474 μὴ
617 1424 684 1475 γὰρ
717 1423 921 1470 ἠπάτησεν,
943 1422 1082 1461 Ἔδωκε
1112 1423 1180 1474 μό-

157 1501 228 1533 νον,
256 1485 317 1524 καὶ
343 1485 469 1528 εὐθέως
508 1483 597 1536 μετὰ
626 1484 798 1531 τοσαύτης
837 1484 994 1528 εὐκολίας
1029 1484 1086 1522 ἐπὶ
1119 1484 1181 1531 τὴν

157 1546 352 1598 μετάληψιν
384 1546 564 1598 ὑπήχθης,
596 1545 760 1595 οὐδεμίαν
803 1545 946 1596 μνήμην
979 1546 1182 1594 ποιησάμε-

156 1624 211 1652 νος
245 1610 309 1654 τῆς
346 1608 434 1658 ἐμῆς
467 1608 628 1655 ἐντολῆς,
666 1608 742 1644 ἀλλ’
781 1606 946 1657 ἐνόμισας
979 1609 1184 1654 ἠπεπτῆσθαι

156 1668 242 1722 παρ’
262 1671 366 1719 ἐμοῦ,
389 1668 448 1706 καὶ
471 1668 528 1706 διὰ
547 1673 648 1707 τοῦτο
675 1667 723 1719 μὴ
751 1668 1022 1720 συγχωρηθῆναί
1042 1683 1096 1706 σοι
1121 1668 1184 1716 τὴν

159 1733 302 1785 βρῶσιν,
333 1729 390 1768 ἵνα
429 1729 478 1781 μὴ
515 1729 683 1781 μειζόνων
716 1729 898 1782 ἐπιτύχῃς.
937 1730 1007 1769 Καὶ
1040 1732 1115 1774 πῶς
1145 1730 1185 1768 ἃν

157 1792 233 1845 ἔχοι
257 1792 358 1865 λόγον
389 1794 473 1843 παρ’
505 1793 589 1842 ἐμοῦ
620 1790 825 1837 ἠπατῆσθαί
847 1807 906 1838 σε,
925 1795 985 1829 τοῦ
1016 1791 1187 1834 τοσαύτας

158 1852 358 1905 εὐεργεσίας
380 1855 428 1895 εἰς
457 1868 496 1890 σε
529 1851 788 1902 καταθεμένου,
809 1852 878 1889 Καὶ
905 1856 1006 1890 τοῦτο
1038 1852 1074 1890 δὲ
1105 1853 1189 1890 αὐτὸ

159 1915 244 1961 ὅσης
272 1918 314 1961 ἠν
346 1914 545 1965 εὐεργεσίας
563 1913 727 1963 μέγεθος,
749 1912 789 1950 τὸ
807 1913 996 1965 προλαὸεῖν
1025 1913 1085 1951 καὶ
1109 1915 1188 1951 δια-

162 1975 366 2014 στείλασθαι
394 1975 457 2021 τὴν
492 1973 682 2026 ἀποχὴν,ι
671 1989 760 2012 ωστε
789 1973 838 2024 μὴ
877 1974 1012 2018 τούτοις
1045 1990 1191 2026 περιττε·

163 2041 249 2081 σεῖν,
267 2030 316 2078 οἷς
344 2039 400 2073 νῦν
422 2036 543 2074 ἑαυτὸν
566 2034 795 2086 περιέδαλες,
817 2034 923 2073 Ἀλλὰ
938 2031 1055 2074 πάντα
1081 2040 1191 2073 ταῦτα

164 2099 247 2149 παρ’
267 2096 364 2135 οὐδὲν
393 2097 552 2146 θέμενος,
575 2094 648 2134 ἰδοὺ
670 2095 727 2133 διὰ
754 2099 818 2142 τῆς
835 2095 958 2148 πείρας
977 2096 1104 2146 ἔμαθες
1122 2098 1190 2133 τῶν

165 2157 426 2211 ἡμαρτημένων
449 2174 516 2200 σοι,
534 2157 574 2196 τὸ
608 2157 771 2208 μέγεθος·
792 2157 913 2195 λοιπὸν
945 2156 1034 2207 μηδὲ
1063 2160 1106 2208 τῇ
1128 2174 1190 2208 γυ-

165 2220 260 2257 ναικὶ
279 2218 367 2271 μόνῃ
394 2218 456 2266 τὴν
477 2219 592 2257 αἰτίαν
611 2217 801 2270 ἐπίγραφε,
824 2219 914 2256 ἀλλὰ
934 2218 993 2256 καὶ
1011 2221 1054 2270 τῇ
1086 2222 1192 2271 ῥᾳθυ-

169 2281 232 2335 μία
252 2283 295 2333 τῇ
317 2284 456 2319 σαυτοῦ.

221 2411 370 2459 Ἐπειδὴ
384 2412 496 2451 τοίνυν
514 2412 710 2464 ἀρκούντως
720 2413 805 2466 πρὸς
819 2414 877 2452 τὸν
892 2413 1002 2464 Ἀδὰμ
1015 2413 1194 2466 διελέχθη,

168 2473 228 2511 καὶ
247 2473 310 2520 τὴν
330 2474 517 2524 ὁμολογίαν
535 2476 664 2518 ἐκεῖνος
684 2475 876 2521 ἐποιήσατο
896 2478 965 2514 τῶν
984 2475 1196 2526 ἡμαρτημέ-

167 2550 250 2582 νων,
266 2537 312 2578 ὡς
325 2534 464 2585 ἐνόμισε
480 2534 544 2580 τὴν
556 2535 670 2573 αἰτίαν
687 2538 735 2580 εἷς
752 2536 814 2583 τὴν
834 2542 983 2587 γυναῖκα
1014 2537 1174 2588 μεταθείς
1188 2553 1194 2559 ·

167 2595 233 2648 ὅρα
271 2597 328 2634 τὸν
365 2597 492 2648 ἀγαθὸν
523 2597 720 2645 Δεσπότην,
736 2597 828 2649 πόσῃ
867 2600 910 2649 τῇ
937 2597 1197 2650 συγκαταίῗάσει

169 2657 276 2695 πάλιν
292 2657 484 2709 κέχρηται,
498 2658 559 2696 καὶ
580 2657 669 2702 ἀξιοῖ
689 2658 748 2696 καὶ
764 2658 895 2706 ταύτην
915 2661 977 2706 ἰ’-’ῆς
997 2660 1079 2711 παρ’
1095 2661 1197 2697 αὐτοῦ

171 2719 398 2771 ἀποκρίσεως.
423 2720 492 2758 Καὶ
514 2713 611 2766 εἷπε,
634 2735 759 2772 φησιν,
778 2723 795 2757 ὁ
815 2720 905 2763 Θεὸς
925 2723 967 2772 τῇ
990 2721 1148 2771 γυναικί·
1166 2721 1200 2757 τί

944 2782 1129 2795 θθθθθ

171 2859 234 2890 την
253 2842 368 2880 mitia)
382 2858 648 2895 μεταφεροντος,
661 2859 721 2882 καὶ
733 2858 773 2881 'to
797 2850 866 2882 πᾶν
882 2843 1131 2895 ἱπῑγράφον’ός
1147 2858 1200 2882 6οῑ

1090 233 1251 263 CRM-15.

1213 2881 1262 2904 1¹⁴0

1293 233 1449 262 ιιωιιι..
1490 233 1600 262 xvii.
2113 218 2196 264 165

1246 330 1324 353 rens
1339 315 1507 368 praedixi,
1524 330 1565 353 ne
1584 315 1616 353 in
1641 315 1714 354 liare
1743 315 1964 353 incideretis:
1982 316 2099 366 itaque
2119 317 2199 354 liret

1247 376 1376 414 mulier
1387 376 1452 414 tibi
1463 375 1509 414 ad
1523 376 1836 428 transgressionem
1851 375 2009 414 mandati
2021 377 2199 414 ministra·

1248 439 1308 486 rit,
1325 446 1363 475 tu
1382 447 1568 490 propterea
1591 438 1710 476 insons
1730 452 1799 476 non
1819 438 1898 476 eris.
1920 438 2094 489 Majorein
2108 438 2201 475 enini

1250 497 1358 536 fidem
1381 498 1549 537 mandato
1565 513 1643 537 meo
1662 508 1695 537 te
1716 499 1845 537 habere
1863 498 2063 552 oportebat,
2085 507 2117 535 et
2135 512 2200 535 ιιυιι

1250 560 1364 598 solum
1385 569 1424 598 ut
1444 569 1482 598 tu
1500 561 1575 613 ipse
1586 561 1633 598 ab
1652 575 1712 599 esu
1728 575 1882 609 caveres,
1898 560 1956 599 sed
1975 569 2009 598 ct
2025 569 2062 598 ut
2079 559 2203 597 mulie-

1251 635 1323 658 rem
1344 621 1488 660 doceres
1513 630 1736 674 peccatorum
1761 621 2057 674 magnitudinem.
2089 623 2204 673 Caput

1250 682 1345 719 enim
1374 696 1410 720 es
1438 682 1620 730 mulieris,
1639 693 1674 721 et
1702 693 1846 735 propter
1876 693 1910 721 te
1941 683 2002 721 illa
2032 681 2204 735 producta
2223 691 2250 718 3.

1251 751 1302 779 est
1318 751 1379 780 :tu
1401 751 1519 780 autem
1541 743 1704 781 ordinem
1736 744 1925 793 invertisti,
1947 754 1980 782 et
2001 758 2069 782 non
2090 743 2205 781 solum

1251 802 1350 840 illam
1370 817 1439 841 non
1459 803 1661 853 correxisti,
1678 804 1740 842 sed
1761 814 1795 842 et
1815 805 1888 856 ipse
1907 805 2014 842 simul
2038 805 2206 857 abreptus

1251 878 1286 902 es
1301 880 1309 900 :
1324 878 1365 902 ac
1382 878 1464 902 cum
1483 873 1659 917 oporteret
1679 879 1809 917 corpus
1828 865 2006 915 reliquum
2023 866 2131 917 capiti
2143 867 2206 903 ol»-

1250 927 1362 978 sequi,
1378 926 1522 965 diverso
1540 927 1647 966 modo
1671 942 1723 966 res
1743 927 1874 978 evenit,
1892 928 2102 980 corporique
2121 929 2203 965 reli-

1251 1004 1322 1040 quo
1338 999 1445 1042 caput
1473 989 1711 1041 obsequutum
1726 998 1790 1036 est,
1803 998 1926 1041 etqua:
1942 1003 2083 1027 sursum
2097 999 2207 1033 erant,

1253 1052 1288 1089 in
1307 1051 1472 1089 infimum
1488 1051 1604 1089 locum
1622 1060 1809 1090 venerunt.
1830 1051 2018 1103 Propterea
2038 1050 2205 1101 quoniam

1254 1122 1368 1151 totum
1388 1113 1552 1152 ordinem
1584 1113 1779 1161 invertisti,
1800 1127 1840 1151 eo
1859 1126 1950 1150 nunc
1970 1112 2133 1150 redactus
2155 1127 2205 1156 es,

1254 1175 1313 1226 qui
1333 1184 1434 1213 antea
1452 1184 1548 1213 tanta
1568 1174 1681 1226 gloria
1702 1173 1850 1212 vestitus
1870 1188 1958 1211 eras.
1984 1174 2074 1221 Quis
2096 1183 2128 1211 te
2148 1188 2207 1211 sa-

1254 1235 1299 1274 tis
1328 1235 1438 1287 digne
1474 1235 1729 1288 deploraverit,
1767 1234 1822 1273 cui
1853 1244 1903 1273 tot
1934 1244 1966 1272 ct
1996 1244 2091 1272 tanta
2119 1235 2209 1273 bona

1254 1297 1371 1335 ablata
1400 1298 1506 1335 sunt?
1525 1300 1782 1337 Verumtamen
1802 1296 1883 1334 licet
1902 1297 1979 1334 haec
1998 1296 2115 1334 omnia
2145 1296 2210 1333 tibi

1255 1358 1461 1405 acciderint,
1490 1358 1580 1396 nulli
1608 1368 1724 1396 tamen
1746 1353 1848 1396 alteri
1870 1372 2012 1396 causam
2033 1357 2209 1405 adscribe,

1257 1419 1319 1459 sed
1345 1420 1485 1472 tibiipsi
1509 1430 1542 1458 et
1563 1429 1628 1458 tuae
1648 1420 1800 1471 ignaviae
1818 1420 2048 1470 :neutiquam
2067 1420 2159 1457 enim
2182 1430 2214 1457 te

1259 1482 1434 1519 nolentem
1468 1481 1597 1519 mulier
1618 1481 1653 1519 in
1683 1490 1816 1519 tantam
1836 1481 2037 1519 induxisset
2061 1482 2211 1519 ruinam.

1260 1545 1355 1582 Num
1375 1543 1514 1582 hortata
1536 1544 1610 1581 est?
1629 1557 1713 1581 nunt
1732 1543 1924 1582 disseruit?
1946 1557 2031 1581 num
2050 1542 2185 1595 decepit
2199 1544 2215 1579 1¹

1261 1605 1372 1644 Dedit
1403 1615 1540 1644 tantum
1556 1636 1566 1654 ,
1592 1615 1624 1643 et
1651 1605 1770 1643 statim
1799 1615 1944 1656 tamque
1965 1605 2069 1643 facile
2087 1605 2130 1642 ad
2151 1620 2214 1642 su-

1261 1667 1430 1705 mendum
1461 1666 1581 1704 cibum
1605 1666 1781 1705 adductus
1817 1680 1866 1716 es,
1891 1666 2027 1704 nullam
2059 1666 2214 1704 mandati

1262 1728 1317 1766 vel
1337 1727 1546 1766 memoriam
1565 1727 1677 1766 fecisti
1697 1743 1703 1763 :
1720 1727 1854 1780 putasti
1874 1743 1893 1765 a
1909 1742 1965 1766 me
1979 1737 2012 1765 te
2030 1726 2215 1780 deceptum

1263 1803 1351 1839 esse,
1378 1798 1409 1826 et
1428 1798 1617 1841 propterea
1637 1788 1759 1826 cibum
1774 1788 1870 1826 hunc
1891 1788 1958 1826 tibi
1982 1802 2051 1826 non
2072 1802 2217 1826 conces—

1263 1850 1362 1899 sisse,
1382 1858 1421 1887 ut
1442 1863 1485 1887 ne
1506 1849 1703 1900 majoribus
1722 1849 1901 1887 fruereris.
1930 1848 1976 1886 Et
1995 1863 2065 1900 qua
2085 1849 2220 1888 ratione

1264 1924 1327 1963 ego
1344 1920 1377 1948 te
1397 1910 1574 1959 fallerem,
1593 1910 1654 1961 qui
1675 1918 1726 1948 tot
1747 1909 1783 1947 in
1802 1919 1836 1947 te
1855 1909 2027 1949 beneficia
2054 1911 2187 1949 contuli
2203 1913 2220 1948 ,Ὗ

1264 1972 1312 2011 Et
1331 1973 1420 2011 istuc
1441 1972 1559 2024 ipsum
1588 1980 1721 2022 quanta
1739 1971 1979 2010 beneficentiae
2012 1972 2222 2024 magnitudo

1265 2044 1352 2083 erat,
1368 2043 1406 2072 ut
1432 2033 1658 2087 praedjcendo
1687 2032 1945 2084 distinguerem
1973 2048 1992 2071 a
2019 2048 2088 2085 quo
2109 2034 2221 2073 absti—

1267 2095 1423 2136 nendum
1443 2105 1531 2134 esset
1543 2125 1554 2144 ,
1575 2104 1614 2132 ut
1636 2108 1705 2133 non
1725 2094 1900 2133 incideres
1930 2095 1966 2132 in
1989 2110 2068 2146 quae
2088 2095 2221 2134 incidi-

1266 2159 1335 2198 sti?
1358 2157 1427 2198 Sed
1453 2157 1530 2195 haec
1552 2156 1670 2195 omnia
1697 2156 1803 2194 nihili
1832 2156 1996 2195 faciebas.
2018 2157 2110 2196 Ecce
2131 2172 2223 2196 nunc

1267 2220 1486 2275 experientia
1500 2229 1533 2257 te
1551 2218 1667 2269 docet,
1685 2228 1814 2270 quanta
1836 2228 2060 2271 peccatorum
2082 2229 2222 2258 tuorum

1267 2284 1313 2322 sit
1349 2281 1585 2333 magnitudo:
1606 2280 1785 2332 reliquum
1816 2289 1882 2330 est,
1918 2289 1955 2317 ut
1985 2280 2049 2318 soli
2082 2281 2224 2319 mulieri

1269 2345 1414 2398 culpam
1432 2357 1499 2382 non
1519 2341 1716 2389 adscribas,
1732 2340 1794 2379 sed
1813 2350 1847 2380 et
1867 2341 2090 2393 negligentiae
2116 2352 2196 2380 tuae.

1323 2408 1357 2445 5.
1392 2405 1507 2457 Igitur
1537 2404 1621 2442 satis
1653 2401 1831 2441 Adamum
1872 2402 2092 2454 alloquutus,
2128 2414 2224 2457 post-

1270 2483 1377 2521 quam
1399 2466 1652 2506 confessionem
1671 2464 1733 2502 ille
1748 2463 1978 2511 delictorum,
1999 2474 2036 2502 ut
2063 2467 2224 2517 putabat,

1270 2530 1394 2578 edidit,
1419 2537 1560 2581 peccato
1581 2526 1616 2564 in
1637 2525 1824 2563 mulierem
1844 2526 2014 2563 translato
2036 2543 2042 2562 τ
2062 2525 2145 2564 vide
2163 2527 2224 2565 bo-

1272 2607 1358 2631 num
1386 2589 1597 2634 Dominum,
1617 2595 1749 2638 quanta
1769 2586 1896 2624 iterum
1918 2585 2140 2638 indulgentia
2170 2587 2225 2626 di-

1273 2662 1402 2706 gnatur
1421 2651 1528 2690 etiam
1547 2648 1646 2686 illam
1667 2661 1731 2686 suo
1751 2660 1930 2699 responso.
1957 2650 2017 2686 15.
2036 2649 2089 2686 Et
2109 2649 2223 2694 elixis,

1274 2715 1404 2766 inquit,
1416 2714 1521 2751 Deus
1543 2709 1806 2748 mulier-2⁴:010·
1821 2710 2036 2761 hocsecz'sti
2050 2714 2066 2746 Ρ
2085 2709 2226 2748 Audisti

1274 2777 1393 2815 virum
1413 2775 1448 2812 in
1469 2783 1501 2811 te
1521 2771 1662 2824 culpam
1683 2770 1965 2818 transferentem,
1982 2780 2016 2808 et
2028 2771 2146 2809 omnia
2162 2772 2227 2810 tibi

1273 2836 1548 2882 adsciibcntem,
1565 2846 1642 2883 quae
1658 2830 1749 2883 ipsi
1740 2844 1774 2868 in
1790 2829 2002 2883 adjutricem
2020 2831 2103 2870 data
2119 2847 2166 2879 es,
2175 2843 2227 2870 at-

172 2906 216 2956 τῇ
236 2919 322 2956 προς
344 2904 506 2955 βοηθειαν
528 2906 632 2943 αὐτου
651 2905 817 2956 δεδομένη
831 2933 840 2949 ,
858 2921 917 2943 χαι,
936 2905 993 2943 διὰ
1009 2909 1110 2943 τοῖτο
1130 2921 1200 2942 πα·
1227 2918 1251 2946 Α
1275 2914 1343 2952 que
1361 2898 1441 2936 ldeo
1461 2893 1618 2940 ('Ondlta,
1639 2901 1677 2930 ut
1693 2891 1764 2930 lUlS
1780 2891 1945 2930 Solatlls
1936 2906 2053 2944 Ipsum
2074 2895 2131 2931 sot
2135 2908 2223 2938 οΠ5,

176 2965 343 3018 ραχθείσῃ
357 2995 367 3013 ,
384 2963 442 3002 ἵνα
462 2964 527 3011 τὴν
546 2965 644 3018 παρὰ
661 2982 790 3011 σαυτης
811 2965 1036 3042 παραμυθίαν
1059 2965 1198 3017 εἰσαγα-

174 3043 238 3079 γης
257 3027 370 3078 αὐτῶ,
390 3026 480 3065 οἵα
461 3025 503 3073 οὴ
530 3026 700 3078 ὁμογενὴς
725 3043 785 3066 και
805 3031 868 3074 της
884 3030 945 3066 αὐτ
949 3031 989 3074 ἧς
1018 3029 1114 3065 αὐτο)
1133 3027 1197 3079 φύ-

167 3102 262 3130 σεως
279 3091 504 3126 κοινωνοῦσα.
524 3092 538 3108 “
550 3088 654 3132 Τίνος
680 3083 738 3127 ουν
758 3088 873 3128 ἕνεκεν
894 3092 995 3127 τοῦτο
1014 3088 1201 3134 ἐποίησας,

176 3141 206 3186 ὦ
218 3148 340 3200 γύναι;
368 3149 429 3187 καὶ
446 3148 504 3188 διὰ
517 3149 552 3188 τί
567 3150 626 3188 καὶ
645 3153 758 3203 σαυτῇ
774 3151 833 3188 καὶ
852 3153 903 3202 τῷ
921 3151 1020 3201 ἀνδρὶ
1032 3151 1203 3195 τοσαύτης

177 3209 343 3262 αἰσχύνης
362 3209 458 3248 αἷτία
476 3211 669 3258 κατέστης;
688 3211 736 3250 Τί
762 3226 816 3250 σοι
849 3211 888 3249 τὸ
920 3211 1040 3262 ὄφελος
1066 3210 1204 3261 γέγονεν

180 3270 250 3308 ἀπὸ
267 3274 330 3318 τῆς
359 3270 531 3320 τοσαύτης
553 3272 743 3324 ἀκρασίας,
764 3272 798 3310 τί
826 3287 880 3310 σοι
910 3275 972 3318 τῆς
1002 3272 1140 3317 ἀπάτης
1167 3271 1205 3308 τὸ

228 3375 245 3398 b
259 3373 376 3407 Morel.
396 3382 588 3421 ἀνέστρεψας.
608 3376 745 3410 Coistin.
766 3383 966 3423 ἀπὲττρεψας.
987 3377 1049 3410 Sex
1068 3377 1142 3409 Mss.
1162 3384 1193 3406 et

184 3424 286 3459 Savil.
301 3432 514 3472 ἀντίστρεψας.

1231 3443 1262 3458 Ι]

1273 3383 1283 3396 ιι
1302 3369 1403 3403 Saxil.
1423 3376 1455 3399 et
1477 3364 1614 3409 quidum
1633 3365 1708 3397 mss.
1729 3380 1803 3402 τινος
1831 3380 1876 3398 π.
1898 3370 1986 3398 ἐνῆκε.

1271 3441 1298 3462 ‚·.
1320 3439 1343 3456 τ’
1365 3435 1451 3456 τούτο

1276 2971 1397 3015 utpote
1418 2956 1578 2997 eundem
1599 2963 1761 2992 naturam
1781 2967 1866 2991 cum
1886 2953 1962 3006 ipso
1981 2955 2118 2992 sortiti
2154 2957 2226 2993 Cur

1276 3024 1342 3061 hoc
1362 3019 1487 3062 fecisti,
1510 3034 1530 3055 υ
1551 3015 1696 3054 mulier.
1688 3014 1706 3036 ⁹
1729 3029 1792 3053 cur
1810 3023 1844 3052 et
1866 3015 1948 3060 tibi,
1971 3025 2003 3053 et
2024 3016 2101 3053 viro
2124 3026 2227 3055 tanta

1277 3081 1493 3123 confusionis
1511 3080 1598 3116 sacta
1618 3091 1654 3114 es
1673 3076 1823 3115 ειιιεῑοΓἿ
1839 3077 1927 3123 Qua
1949 3077 2082 3114 utilitas
2101 3092 2144 3115 cx
2166 3078 2196 3115 li.
2194 3093 2230 3114 ιι

1277 3140 1547 3195 intemperantia
1563 3137 1628 3175 tibi
1649 3137 1829 3176 acorevit?
1845 3137 1940 3188 quod
1963 3151 2007 3175 ex
2031 3137 2096 3175 hoe
2116 3152 2230 3175 errore

1278 3208 1418 3245 lucrum
1435 3201 1499 3239 tibi
1528 3198 1687 3246 accessit,
1708 3212 1779 3248 quo
1800 3208 1925 3250 sponte
1944 3198 2107 3251 decepta,
2126 3200 2231 3236 etiam

1280 3267 1398 3304 virum
1417 3263 1493 3315 ejus
1522 3259 1607 3298 mali
1636 3259 1847 3311 participent
1867 3259 2008 3296 fecisti?
2031 3260 2127 3306 Quid
2151 3275 2232 3308 ergo

2007 3380 2091 3398 39⁴7:
2110 3381 2205 3399 ‘0:771
2220 3386 2233 3389 “

1478 3426 1528 3453 ἐπ’)
1545 3434 1630 3456 ητις,
1647 3420 1668 3451 ὦ
1686 3422 1784 3460 qia-zzz,

2226 659 2233 676 Ι
2273 649 2341 676 Cor,
2360 657 2367 675 Ι
2381 657 2404 675 t.
