2433 3775
808 178 852 207 ΙΝ
890 178 990 208 CAP.
1033 177 1060 207 l.

155 264 288 318 ἡμέρας
307 264 365 302 καὶ
388 265 428 303 τὸ
446 263 544 307 τέλος
563 265 625 310 τῆς
644 264 766 306 νυκτὸς
793 262 876 314 μίαν
897 261 1073 315 ἐμφαίνων
1091 260 1181 299 ὠνό-

157 343 279 379 μασεν,
298 326 355 365 ἵνα
373 325 469 370 τάξιν
488 325 567 365 τινὰ
598 324 661 363 καὶ
681 324 886 364 ἀκολουθίαν
907 323 1080 375 ἐπιστήσῃ
1113 327 1184 366 τοῖς

155 388 364 441 ὁρωμένοις,
389 387 448 426 καὶ
478 385 634 438 μηδεμία
663 385 838 438 ζσύγχυσις
869 380 904 437 ᾗ.
936 384 1027 422 Ἀλλ’
1056 383 1184 422 εἰδέναι

156 449 282 502 ἔχομεν
311 448 553 500 διδασκόμενοι
574 447 672 500 παρὰ
692 451 751 485 τοῦ
771 446 975 498 Πνεύματος
988 448 1047 483 τοῦ
1064 445 1184 496 ἁγίου,

157 509 215 548 διὰ
248 511 311 555 τῆς
346 511 406 547 τοῦ
437 506 610 559 μακαρίου
644 505 765 544 τούτου
799 505 976 557 προφήτου
1009 503 1184 556 γλώττης,

156 570 235 608 τίνα
269 569 331 620 μὲν
359 568 450 607 κατὰ
478 568 541 615 τὴν
563 567 707 620 πρώτην
737 565 996 618 ἐδημιουργήθη
1027 565 1186 617 ἡμέραν,

158 630 236 669 τίνα
264 629 300 668 δὲ
330 631 364 668 ἐν
388 635 463 672 ταῖς
493 628 629 672 ἄλλαις.
654 628 724 667 Καὶ
756 631 857 665 τοῦτο
877 625 912 664 δὲ
943 625 1027 662 αὐτὸ
1047 629 1110 671 τῆς
1128 629 1188 664 τοῦ

159 690 402 743 φιλανθρώπου
438 691 532 728 Θεοῦ
561 692 633 728 ἐστι
667 686 997 740 ᾱσυγκαταῦάσεως.
1030 688 1084 724 Οὐ
1119 685 1188 738 γὰρ

161 751 285 804 ἠπόρει
313 755 335 798 ἡ
367 750 631 799 παντοδύναμος
665 751 768 787 αὐτοῦ
788 748 892 800 χεὶρ,
913 747 972 785 καὶ
1002 750 1023 794 ἡ
1047 746 1189 799 ἄπειρος

162 813 287 864 σοφία,
303 812 362 849 καὶ
380 814 413 849 ἐν
430 817 495 862 μιᾷ
514 810 631 863 ἡμέρα
647 810 691 848 τὰ
705 809 821 848 πάντα
842 814 1073 861 παραγαγεῖν.
1091 809 1139 847 Τί
1154 808 1189 848 δὲ

159 873 271 925 λέγω,
303 874 339 910 ἐν
360 879 424 923 μιᾷ
450 871 586 924 ἡμέρᾳ,
608 870 677 910 Καὶ
710 873 744 910 ἐν
774 870 945 923 ἀκαριαίᾳ
977 872 1080 922 ῥοπῇ.
1097 869 1190 909 Ἀλλ’

160 934 280 982 ἐπειδὴ
308 936 346 973 οὗ
378 933 434 972 διὰ
467 932 530 981 τὴν
553 935 676 972 ἑαυτοῦ
698 933 820 985 χρείαν
838 931 1045 984 θπαρήγαγέ
1063 949 1098 971 τι
1120 936 1188 972 τῶν

161 995 267 1040 ὄντων
281 1011 288 1018 ·
309 996 443 1040 οὐδενὸς
461 994 528 1047 γὰρ
545 995 655 1033 δεῖται
677 993 839 1041 ἀνενδεὴς
867 993 914 1032 ὤν
929 1010 936 1017 ·
954 993 1045 1033 ἀλλὰ
1064 996 1188 1047 φιλαν-

162 1057 298 1110 θρωπίᾳ
313 1056 380 1095 τινὶ
390 1087 400 1104 ,
420 1057 480 1095 καὶ
494 1056 684 1108 ἀγαθότητι
698 1054 742 1094 τὰ
762 1055 876 1094 πάντα
892 1055 1100 1103 ἐτεκτήνατο
1112 1071 1120 1078 ·
1134 1055 1190 1094 διὰ

162 1124 262 1158 τοῦτο
279 1118 370 1157 κατὰ
402 1118 504 1171 μέρος
525 1118 750 1171 δημιουργεῖ,
769 1118 829 1156 καὶ
860 1117 1088 1157 διδασκαλίαν
1105 1121 1190 1168 ἡμῖν

164 1184 258 1232 σαφῆ
278 1183 346 1219 τῶν
366 1179 556 1231 γινομένων
574 1178 795 1231 παραδίδωσι
822 1178 879 1217 διὰ
899 1181 962 1224 τ’ἧς
987 1182 1046 1217 τοῦ
1069 1194 1190 1229 μακα-

166 1241 238 1294 ρίου
264 1240 442 1294 προφήτου
471 1239 651 1291 γλώττης,
678 1239 736 1278 ἵνα
765 1239 932 1291 μαθόντες
961 1240 1114 1292 ἀκριῧῶς
1142 1238 1190 1290 μὴ

165 1302 438 1357 προσπταίωμεν
457 1307 526 1344 τοῖς
542 1301 576 1345 ἐξ
598 1301 822 1354 ἀνθρωπίνων
841 1303 1018 1352 λογισμῶν
1034 1300 1194 1351 κινουμέ-

165 1380 245 1407 νοις.
265 1365 306 1402 Ei
320 1362 399 1415 γὰρ,
421 1362 624 1401 καὶτούτων
645 1362 735 1402 οὕτω
754 1362 1010 1415 γεγενημένων,
1029 1361 1195 1405 εἷσίτινες

165 1429 196 1465 οἱ
225 1424 408 1476 αὐτόματα
432 1424 589 1475 λέγοντες
608 1426 815 1475 γεγενῆσθαι
835 1424 951 1462 πάντα
970 1424 1014 1462 τὰ
1035 1423 1138 1473 ὄντα,
1167 1425 1196 1462 εἷ

169 1486 218 1538 μὴ
234 1485 383 1536 τοσαύτῃ
403 1485 580 1539 ἐχρήσατο
599 1488 641 1537 τῇ
664 1485 924 1536 συγκαταὸάσει
941 1486 1000 1524 καὶ
1022 1487 1196 1524 διδασκα-

168 1547 247 1600 λίᾳ,
262 1547 296 1586 τί
315 1547 378 1586 οὐκ
397 1546 436 1585 ἂν
452 1547 650 1598 ἐτοἋμησαν
670 1549 701 1585 οἱ
721 1546 812 1585 κατὰ
838 1549 901 1593 τῆς
923 1549 1055 1586 ἑαυτῶν
1075 1563 1195 1596 σωτη-

173 1608 247 1661 ρίας
261 1609 400 1648 ἅπαντα
414 1608 474 1648 καὶ
491 1607 606 1660 λέγειν
619 1608 678 1647 καὶ
695 1608 862 1662 πράττειν
879 1609 1144 1659 σπουδάζοντες

227 1739 275 1778 Τί
297 1739 364 1792 γὰρ
390 1739 430 1777 ἂν
458 1739 510 1787 εἴη
545 1739 754 1793 ἀθλιώτερον
782 1738 842 1778 καὶ
880 1739 1106 1793 ἀνοήτοτερον
1131 1742 1200 1779 τῶν

173 1806 283 1841 ταῦτα
299 1802 412 1854 λέγειν
430 1801 712 1854 ἐπιχειρούντων,
726 1801 786 1840 καὶ
802 1801 985 1853 αὐτόματα
997 1801 1201 1854 φασκόντων

174 1867 377 1917 γεγενῆσθαι
395 1863 439 1902 τὰ
456 1864 560 1911 ὄντα,
584 1863 644 1901 καὶ
663 1867 726 1910 τῆς
740 1868 800 1902 τοῦ
821 1865 913 1902 Θεοῦ
931 1863 1094 1915 προνοίας
1111 1867 1203 1902 ἀπο-

176 1926 387 1980 στερούντων
416 1924 479 1971 τὴν
513 1931 629 1962 πᾶσαν
668 1924 912 1978 δημιουργίαν;
945 1926 1029 1969 Πῶς
1065 1924 1133 1978 γὰρ
1164 1925 1204 1963 ἂν

177 1988 251 2040 ἔχοι
270 1987 369 2037 λόγον
383 2017 392 2034 ,
421 1985 497 2023 εἶπέ
519 2001 597 2036 μοι,
618 1985 662 2024 τὰ
683 1991 836 2025 τοσαῦτα
859 1992 1035 2039 στοιχεῖα,
1055 1987 1116 2026 καὶ
1140 1986 1203 2034 τὴν

176 2047 348 2095 τοσαύτην
368 2046 600 2097 διακόσμησιν
620 2048 700 2086 ἄνευ
713 2047 805 2090 τινὸς
822 2051 882 2086 τοῦ
895 2047 1130 2100 κυὸερνῶντος
1144 2047 1204 2086 καὶ

177 2109 221 2148 τὰ
243 2109 359 2147 πάντα
389 2110 623 2159 ΙΊκρατοῦντος
649 2111 885 2159 ἡνιοχεῖσθαι;
919 2108 990 2146 Καὶ
1023 2113 1106 2153 ναῦς
1141 2108 1203 2160 μὲν

177 2171 240 2208 οὐκ
268 2169 308 2207 ἄν
328 2184 413 2208 ποτε
440 2168 600 2216 δυνηθείη
624 2168 838 2220 κυὸερνήτου
866 2168 976 2221 χωρὶς
992 2168 1037 2207 τὰ
1057 2172 1119 2216 τῆς
1141 2174 1206 2209 θα-

176 2232 304 2279 λάττης
340 2230 483 2282 κύματα
513 2229 730 2282 διαδραμεῖν,
752 2230 829 2269 οὐδὲ
857 2229 1076 2284 στρατιώτης
1101 2231 1206 2285 ἐργά-

177 2292 294 2338 ζεσθαί
312 2309 347 2330 τι
364 2295 519 2345 γενναῖον
541 2291 589 2342 μὴ
611 2295 670 2330 τοῦ
691 2296 969 2344 στρατηγοῦντος
990 2293 1204 2345 ἐφεστῶτος,

177 2354 254 2394 οὐδὲ
278 2354 370 2393 οἰκία
394 2353 600 2393 συνεστάναι
622 2352 670 2405 μὴ
690 2357 750 2392 τοῦ
766 2352 782 2374 ¹³
795 2353 924 2402 ταύτην
946 2355 1206 2406 οἷκονομοῦντος

177 2416 367 2470 παρόντος·
395 2419 413 2454 ὁ
441 2414 476 2454 δὲ
510 2415 652 2469 ἄπειρος
683 2410 781 2461 οἶτος
805 2416 960 2467 κόσμος,
998 2417 1058 2455 καὶ
1083 2423 1105 2467 ἡ
1137 2422 1206 2458 τῶν

178 2477 360 2530 στοιχείων
372 2477 501 2516 τούτων
513 2478 744 2529 διακόσμησις
754 2478 875 2521 ἁπλῶς
893 2478 953 2517 καὶ
971 2481 1019 2523 ὡς
1032 2479 1132 2533 ἔτυχε
1146 2481 1208 2534 φέ-

180 2543 300 2592 ρεσθαι
319 2539 488 2588 ἠδύνατο,
512 2539 561 2590 μή
577 2555 668 2584 τινος
684 2539 780 2583 ὄντος
792 2543 852 2579 τοῦ
871 2543 1024 2593 ἡνιοχεῖν
1034 2540 1078 2579 τὰ
1091 2542 1208 2581 πάντα

179 2600 371 2652 δυναμένου
383 2631 392 2648 ,
415 2600 475 2639 καὶ
494 2600 585 2639 κατὰ
605 2599 668 2648 τὴν
686 2601 816 2640 οἰκείαν
838 2601 986 2655 εσοφίαν
1005 2603 1209 2656 συνέχοντος

179 2663 239 2702 καὶ
271 2662 563 2707 διαὸαστάζοντος
595 2662 735 2702 ἅπαντα
767 2663 812 2702 τὰ
843 2663 1024 2716 ὁρώμενα,
1044 2664 1151 2704 Ἀλλὰ
1174 2666 1209 2704 τί

179 2724 376 2777 περαιτέρω
397 2726 658 2777 φιλονεικοῦμεν
677 2730 787 2764 ταῦτα
805 2725 971 2764 δεικνύειν
987 2725 1149 2774 ἐκείνοις,
1167 2727 1207 2776 ἃ,

180 2786 272 2826 κατὰ
298 2786 362 2834 τὴν
382 2786 574 2839 παροιμίαν
588 2817 598 2835 ,
618 2787 678 2825 καὶ
696 2789 837 2840 τυφλοῖς
857 2789 947 2835 δῆλα
973 2787 1209 2839 καθέστηκεν,

226 2903 242 2928 d
259 2901 395 2936 Coislin.
415 2908 675 2947 συγκαταθάπως,
692 2910 742 2939 καὶ
758 2911 816 2951 γὰρ
836 2912 931 2951 ἤρκει.

228 2963 239 2976 ²
255 2955 357 2989 Savil.
388 2963 421 2988 et
445 2956 559 2990 Morel.
587 2965 621 2990 et
645 2956 773 3001 aliquot
800 2959 879 2990 Mss,
904 2960 1061 3002 mprjyzyz'
1088 2972 1115 2991 τι
1137 2966 1196 2991 τῶν

185 3014 288 3044 ὄντων.
305 3007 443 3043 Coislin.
460 3016 495 3042 et
515 3009 571 3042 alii
589 3018 747 3057 παρήγαγε
762 3015 803 3046 τὰ
822 3014 905 3045 ὄντα.
924 3007 1021 3042 Colb.
1040 3018 1198 3054 παρήγαγε

184 3068 224 3097 τὰ
238 3068 349 3097 πάντα.

227 3124 242 3139 κ
258 3113 361 3147 Savil.
400 3122 434 3146 et
456 3115 603 3146 maxima
629 3125 706 3157 pars
734 3114 1041 3156 Manuscriptorum
1069 3116 1196 3159 διακρα-

186 3172 317 3204 τεῦντος.
332 3165 449 3200 Morel,
467 3174 501 3198 et
516 3165 570 3198 alii
588 3172 777 3212 κρατοῦντος.
794 3167 870 3198 Mox
883 3165 999 3199 Morel.
1017 3170 1108 3213 χωρὶς
1127 3169 1200 3200 ταύ-

188 3233 240 3257 της
257 3221 325 3252 θαλ.
343 3217 443 3251 male.
457 3217 519 3250 Alii
536 3225 572 3250 ut
587 3219 620 3250 in
638 3226 743 3251 textu.

232 3270 249 3295 b
271 3270 364 3303 Unus
379 3269 592 3303 colbertinus
614 3269 728 3304 Codex
753 3275 984 3314 οἰκονομοῦντος.
1002 3269 1064 3303 Alii
1087 3281 1201 3303 omnes

191 3332 265 3352 cum
286 3321 379 3354 Editi
406 3330 477 3355 tum
492 3322 568 3355 Mss.
588 3326 820 3367 οἰκοδομοῦντος,
843 3321 909 3356 Sed
929 3334 1039 3356 veram
1061 3333 1129 3355 csse
1155 3321 1202 3355 le-

190 3374 335 3405 ctionem
349 3373 534 3407 Colbertini
551 3375 685 3409 Codicis
711 3377 876 3408 existimo.
896 3375 1087 3408 Secundum
1106 3374 1203 3407 aliam

1101 177 1264 208 GENES.

2184 167 2205 178 ‚-

1305 178 1459 208 llOMlL.
1500 179 1564 208 ΙΙΙ.
2154 180 2206 211 ¹21²)

1257 261 1338 298 dies
1355 274 1468 300 unus.
1483 261 1609 299 Finem
1624 259 1695 300 diei
1712 269 1744 300 et
1761 261 1870 300 finem
1890 263 2002 301 noctis
2014 278 2127 302 unum
2144 278 2209 302 ex-

1256 336 1374 375 presse
1395 322 1605 371 nominavit,
1624 331 1664 360 ut
1684 321 1844 360 ordinem
1862 322 2016 374 aliquem
2038 334 2070 362 et
2090 339 2207 363 conse-

1257 382 1439 433 quentiam
1471 391 1637 421 statueret
1669 382 1880 432 visibilium,
1912 383 2080 434 nullaque
2113 385 2210 423 {ieret

1258 444 1429 484 confusio,
1447 446 1584 485 Verum
1599 443 1779 482 discamus
1793 452 1931 497 oportet
1946 458 1965 481 a
1982 445 2119 497 Spiritu
2137 459 2213 483 san-

1258 515 1314 545 cto
1327 521 1391 559 per
1403 506 1563 559 linguam
1574 506 1669 545 beati
1684 505 1792 559 hujus
1805 505 2085 559 proplictae,quze
2097 506 2213 558 primo

1258 567 1316 605 die
1343 568 1484 607 condita
1516 577 1621 617 sunt,
1643 577 1676 606 et
1705 582 1784 619 qum
1814 567 1905 606 aliis.
1931 568 2025 606 Nam
2058 577 2092 606 et
2123 568 2214 606 istuc

1259 629 1376 681 ipsum
1393 630 1600 668 clementem
1619 630 1736 668 Deum
1757 643 1831 667 sese
1848 638 2137 681 attemperantem
2151 643 2212 667 ex-

1260 690 1372 728 hibet.
1394 692 1517 742 Neque
1535 691 1629 729 enim
1649 691 1751 743 inops
1777 699 1851 729 erat
1876 690 2098 743 omnipotens
2116 690 2213 728 illius

1262 765 1388 789 manus
1411 761 1445 791 et
1465 751 1605 789 infinita
1626 751 1797 804 sapientia
1811 782 1822 801 ,
1847 760 1886 789 ut
1909 766 1979 790 uon
2007 761 2121 804 posset
2142 767 2213 790 uno

1262 810 1321 849 die
1338 811 1536 864 producere
1564 812 1695 850 omnia.
1716 811 1815 858 Quid
1838 811 1918 849 dico
1932 842 1941 860 ‚
1963 826 2032 851 uuo
2059 813 2149 851 die?
2168 813 2217 852 Et

1262 873 1418 925 simplici
1450 882 1627 912 momento
1658 882 1806 925 poterat.
1828 873 1898 911 Sed
1929 873 2216 925 quandoquidem

1263 949 1319 973 res
1349 948 1419 973 non
1453 935 1499 973 ob
1533 948 1635 972 suam
1662 934 1852 972 utilitatem
1883 934 2080 987 produxit;
2104 950 2217 987 neque
2260 944 2415 972 curnem

1261 997 1357 1035 euim
1392 996 1468 1035 ulla
1500 1010 1537 1035 re
1565 1010 1655 1048 opus
1682 996 1789 1034 habet
1804 1012 1815 1046 3
1851 995 1914 1035 sed
1941 996 1988 1034 ob
2023 1011 2124 1035 suam
2155 987 2417 1054 l'e‘ilssiutonbnrii,

1261 1059 1469 1111 nignitatcm
1485 1068 1519 1097 et
1536 1058 1731 1097 bonitatem
1744 1057 1905 1097 condidit
1925 1059 2042 1097 omnia
2059 1075 2066 1095 :
2083 1059 2217 1097 idcirco
2229 1070 2275 1096 ‹tit-
2295 1070 2390 1105 pmuu
2404 1086 2413 1090 -

1263 1121 1481 1159 successione
1508 1119 1664 1172 quadam
1687 1128 1720 1158 et
1750 1134 1813 1173 per
1839 1128 1956 1172 partes
1988 1120 2162 1168 condidit,
2186 1113 2316 1160 et¹⁰''“·

1263 1182 1446 1220 doctinam
1474 1182 1578 1220 nobis
1606 1181 1830 1220 manifestam
1862 1180 1907 1219 de
1935 1182 2041 1220 rebus
2069 1182 2222 1221 conditis

1267 1258 1327 1297 per
1344 1243 1507 1295 linguam
1537 1243 1631 1282 beati
1652 1242 1760 1295 hujus
1779 1242 1960 1295 prophetae
1983 1243 2158 1292 tradidit,
2184 1254 2222 1283 ut

1265 1304 1343 1343 haec
1374 1312 1538 1343 accurate
1558 1303 1682 1353 docti,
1704 1317 1774 1341 non
1800 1304 2001 1342 incidamus
2031 1305 2067 1343 in
2099 1319 2222 1344 corum

1265 1365 1476 1404 sententiam
1502 1365 1566 1417 qui
1599 1363 1767 1403 humanis
1797 1365 1993 1404 ratiociniis
2022 1376 2220 1405 moventur.

1267 1427 1305 1465 Si
1324 1441 1499 1478 namque,
1521 1427 1579 1465 his
1601 1426 1664 1464 illo
1684 1425 1792 1464 modo
1811 1426 1978 1478 peractis,
1999 1441 2068 1466 non
2096 1427 2223 1466 desunt

1267 1489 1329 1542 qui
1352 1489 1498 1527 fortuito
1530 1502 1584 1527 res
1609 1501 1731 1527 omnes
1760 1487 1870 1526 factas
1892 1502 1966 1527 esse
1996 1499 2175 1527 asserant:
2197 1490 2226 1529 si

1268 1565 1341 1590 non
1354 1560 1429 1589 tam
1452 1559 1683 1604 attemperata
1697 1549 1846 1588 docendi
1866 1550 2002 1589 ratione
2020 1564 2083 1589 nos
2101 1551 2136 1589 di
2142 1566 2226 1603 gna-

1268 1623 1328 1652 tus
1345 1622 1447 1663 essct,
1466 1612 1557 1664 quid
1579 1626 1649 1650 non
1678 1611 1827 1650 fuissent
1851 1612 1943 1662 ausi,
1960 1612 2024 1664 qui
2057 1613 2228 1652 adversus

1270 1676 1421 1714 salutem
1434 1689 1535 1713 suam
1549 1687 1697 1725 quaeque
1711 1682 1744 1711 et
1757 1673 1876 1712 dicere
1891 1683 1924 1712 et
1938 1674 2054 1713 facere
2064 1674 2227 1714 student?

1325 1737 1363 1774 4.
1380 1735 1479 1783 Quid
1496 1735 1590 1774 enim
1609 1734 1774 1773 miserius
1793 1744 1826 1773 et
1848 1735 2073 1788 insipientius
2092 1736 2150 1787 iis,
2168 1737 2229 1788 qui

1274 1802 1360 1840 talia
1387 1801 1508 1840 dicere
1538 1808 1725 1850 attentant,
1748 1809 1781 1838 et
1802 1800 1982 1838 affirmant
2004 1815 2059 1840 res
2084 1802 2232 1840 fortuito

1275 1863 1377 1912 fieri,
1407 1861 1645 1912 fraudantque
1679 1874 1823 1900 omnem
1864 1862 2076 1901 creationem
2107 1862 2232 1902 divina

1276 1923 1527 1978 providentia?
1549 1924 1632 1970 Quo
1652 1930 1755 1974 pacto
1780 1921 1874 1960 enim
1902 1923 2030 1962 rationi
2050 1934 2231 1964 consenta-
2242 1936 2350 1963 conum
2382 1946 2429 1963 eos

1277 1999 1382 2024 neum
1398 1983 1518 2033 fuerit,
1533 1983 1604 2032 dic,
1627 1996 1707 2032 oro,
1725 1991 1821 2021 tanta
1840 1983 2024 2033 elementa,
2041 1994 2074 2024 et
2092 1995 2227 2025 tantum
2239 1979 2431 2048 (Γῖὲῗωὶῖΐὲἑῗ

1276 2056 1443 2086 ornatum
1472 2046 1606 2096 absque
1640 2044 1759 2095 aliquo
1789 2044 2010 2084 moderatore
2048 2056 2081 2085 et
2113 2050 2231 2088 omnia
2243 2064 2268 2090 rt
2294 2062 2408 2089 dicunt.

1278 2115 1507 2147 conservante
1521 2105 1737 2158 gubernari?
1750 2105 1796 2144 Et
1809 2106 1912 2146 navis
1925 2122 2119 2159 numquam
2136 2120 2229 2163 pote-

1276 2169 1325 2207 rit
1339 2169 1474 2220 absque
1492 2167 1728 2220 gubernatore
1749 2167 1858 2206 maris
1877 2167 2008 2207 fluctus
2036 2184 2230 2224 permeare,

1277 2230 1450 2281 milesque
1480 2228 1573 2267 nihil
1604 2237 1790 2267 strenuum
1820 2236 1854 2266 et
1885 2230 2067 2282 egregium
2102 2232 2236 2284 absque

1278 2291 1441 2346 praetoris
1460 2290 1571 2328 ductu
1589 2298 1623 2328 et
1639 2289 1811 2342 auspiciis
1831 2290 1932 2341 gerit,
1950 2301 1982 2329 et
2003 2292 2131 2332 domus
2152 2309 2235 2334 cou-

1277 2363 1372 2393 stare
1397 2351 1539 2404 nequit,
1570 2350 1639 2389 nisi
1675 2351 1769 2390 adsit
1794 2351 1857 2402 qui
1881 2365 1959 2390 eam
1985 2353 2234 2395 administret:

1280 2415 1438 2454 mundus
1457 2423 1577 2453 autem
1601 2414 1662 2453 hic
1686 2415 1901 2465 immensus,
1928 2425 1962 2454 et
1981 2416 2235 2457 elementorum

1282 2477 1429 2516 illorum
1448 2484 1604 2527 ornatus,
1622 2475 1770 2514 fortuito
1791 2484 1824 2514 et
1841 2485 1971 2516 temere
1989 2478 2071 2517 ferri
2090 2479 2233 2531 poterit,

1282 2541 1380 2580 nullo
1402 2540 1592 2579 exsistente
1618 2540 1680 2591 qui
1711 2541 1829 2579 omnia
1854 2542 1966 2593 possit
1989 2543 2181 2591 moderari,
2203 2553 2235 2582 et

1282 2603 1345 2656 qui
1364 2618 1427 2656 per
1444 2616 1546 2640 suam
1564 2601 1776 2654 sapientiam
1799 2617 1838 2640 ea
1857 2603 2032 2642 contineat
2048 2613 2081 2643 et
2099 2618 2237 2643 conscr-

1282 2665 1368 2706 vet?
1398 2667 1536 2705 Verum
1576 2662 1666 2714 quid
1699 2663 1850 2701 ulterius
1888 2664 2134 2704 contendimus
2166 2666 2237 2705 illis

1283 2727 1434 2781 probare
1454 2739 1508 2774 ea,
1530 2738 1607 2775 quae
1626 2733 1660 2762 et
1680 2724 1781 2764 caecis
1797 2755 1807 2774 ‚
1831 2733 1870 2763 ut
1890 2725 1924 2764 in
1952 2726 2142 2779 proverbio
2169 2737 2234 2775 est,

1282 2787 1470 2842 perspicua
1498 2784 1604 2824 sunt?
1620 2786 1783 2824 Attamen
1809 2799 1852 2824 ne
1870 2787 2077 2827 omittamus
2098 2803 2234 2843 prepo-

1225 1755 1248 1785 B

1229 2915 1308 2937 vero
1330 2903 1505 2937 lectionem
1532 2914 1599 2935 non
1623 2910 1733 2945 potest
1759 2905 1922 2937 sententia
1947 2905 2123 2949 quadrare.
2149 2908 2236 2941 Num

1229 2955 1362 2989 dicatur
1383 2967 1450 2989 non
1466 2966 1559 2998 posse
1576 2953 1715 2987 domum
1731 2955 1930 2997 consistere,
1946 2959 2007 2991 nisi
2023 2958 2112 2992 adsit
2126 2961 2180 3003 qui
2201 2961 2239 2993 il·

1230 3009 1296 3042 lam
1322 3006 1519 3042 construat?
1535 3008 1595 3039 llic
1618 3006 1660 3040 de
1681 3007 1784 3041 domo
1805 3009 1873 3052 jam
1895 3018 2022 3043 structa
2040 3014 2159 3056 agitur,
2185 3013 2241 3047 ubi

1232 3060 1342 3093 nullus
1358 3059 1443 3093 ultra
1459 3057 1663 3092 architectus
1679 3058 2134 3104 desideratur-,Quamobrem
2148 3075 2241 3099 tetus

1234 3114 1422 3157 lutei-pres,
1438 3113 1493 3155 qui
1512 3115 1733 3155 οἰκοδομοῦντος
1748 3112 1890 3157 legerat,
1906 3123 1941 3148 ut
1954 3115 2097 3159 aliquem
2111 3130 2240 3150 sensum

1234 3166 1376 3207 eliceret,
1387 3166 1432 3197 ita
1445 3165 1544 3197 rcrtit
1557 3180 1563 3197 ;
1581 3163 1628 3196 Et
1643 3164 1758 3197 domus
1770 3177 1837 3198 non
1850 3170 2041 3209 exstruitur,
2055 3170 2121 3200 nisi
2133 3172 2175 3202 sit
2186 3172 2245 3214 qni

1232 3218 1381 3260 (edificet
1392 3243 1399 3257 ‚
1419 3217 1513 3260 quasi
1538 3227 1618 3250 vero
1645 3223 1815 3253 συνεστάναι
1841 3227 2006 3253 exstruere
2032 3221 2242 3265 significaret.

1235 3270 1356 3302 Sensus
1372 3279 1451 3309 ergo
1468 3275 1534 3307 est,
1554 3268 1632 3302 Nec
1647 3269 1762 3303 domus
1781 3273 1954 3305 consistere
1968 3281 2087 3316 potest,
2103 3276 2170 3307 nisi
2185 3277 2249 3306 ml-

1239 3325 1280 3353 sit
1298 3322 1358 3365 qui
1377 3321 1472 3352 illam
1493 3320 1712 3355 administret.

1314 3375 1387 3405 Duo
1404 3372 1480 3405 Mss.
1500 3378 1601 3419 οορίαν
1618 3378 1745 3419 ἔχοντος.
