2516 3791
788 362 1417 452 EDITIONIS
1472 354 2020 465 VENETAE-

594 573 1000 643 OBSERVATA
1047 593 1187 642 nno
1237 592 1309 641 IN
1354 593 1768 641 VERsloNEM
1810 592 2161 657 LATlNAM.

359 971 436 1014 Pag.
462 972 536 1004 390.
561 973 598 1004 Β.
620 973 650 1007 Ι.
672 971 788 1005 Nulla
803 970 887 1003 mihi
910 969 981 1016 ejus
1004 973 1051 1003 rei
1064 982 1146 1004 cura
1162 972 1222 1004 vel
1241 973 1337 1004 ratio.
1354 969 1416 1003 ssis
1437 968 1547 1005 verbis
1568 968 1713 1004 Latinus
1728 970 1899 1014 Inter-pres
1919 970 2099 1015 quemdam
2120 981 2252 1004 servare
2266 969 2404 1003 modum

670 1034 957 1069 voluissevidetur
969 1033 1004 1069 in
1014 1033 1196 1068 Abrahami
1209 1034 1252 1068 ad
1265 1035 1383 1069 saram
1398 1034 1506 1068 cultus
1519 1033 1686 1079 officiique
1697 1034 1797 1078 pleno
1812 1045 1975 1069 sermone.
1987 1036 2075 1068 Nam
2085 1036 2122 1068 in
2133 1035 2250 1069 Graeco
2261 1034 2407 1080 Chryso-

666 1096 766 1131 stomi
779 1098 886 1142 justus
901 1095 956 1130 ille
972 1096 1129 1130 ancillam
1146 1098 1233 1141 Agar
1249 1097 1416 1140 apertiore
1430 1104 1626 1141 contemptu
1641 1096 1834 1140 deprimens
1848 1095 2036 1138 inducitur,
2060 1105 2098 1130 ut
2114 1108 2251 1131 uxorem
2274 1096 2403 1141 placet:

666 1161 714 1192 ait
730 1158 854 1204 quippe
871 1171 880 1191 ι
898 1159 1032 1195 Nullus
1046 1158 1130 1192 mihi
1142 1159 1325 1204 (ancillae)
1343 1158 1444 1205 hujus
1459 1171 1541 1193 cura
1556 1167 1607 1193 est
1621 1172 1632 1192 .·
1648 1163 1740 1198 οὐδείς
1754 1174 1808 1203 μοι
1823 1162 1936 1199 ταύτης
1952 1164 2048 1204 λόγος.

358 1223 394 1255 P.
419 1223 495 1256 470.
522 1223 559 1255 Β.
586 1223 638 1254 Η.
666 1221 849 1267 Numquid
861 1221 999 1254 verbum
1015 1221 1092 1255 est?
1106 1220 1239 1255 Ph'rasis
1255 1220 1441 1264 obscurior,
1458 1220 1522 1262 nisi
1538 1222 1605 1266 ejus
1621 1233 1735 1255 sensus
1751 1220 1793 1255 ei
1806 1222 1890 1255 serie
1911 1223 2074 1257 orationis
2092 1230 2240 1255 eruatur.
2264 1222 2406 1267 Vulgata

667 1283 782 1327 habet,
793 1283 976 1327 Numqug'd
990 1295 1059 1316 non
1071 1284 1208 1317 verbum
1222 1283 1300 1317 est?
1308 1284 1402 1328 quasi
1415 1269 1542 1316 diceret
1556 1281 1667 1318 David
1679 1296 1687 1315 z
1702 1281 1851 1316 Verbum
1863 1290 1996 1318 tantum
2008 1283 2136 1327 protuli
2149 1296 2156 1315 :
2171 1283 2253 1332 quid
2265 1284 2407 1328 amplius

669 1344 736 1378 hoc
751 1352 818 1388 est,
835 1356 935 1389 quam
958 1355 1049 1378 mera
1072 1344 1176 1379 animi
1198 1353 1233 1378 et.
1253 1356 1367 1380 sensus
1382 1346 1448 1378 mei
1461 1343 1686 1389 significatio?
1701 1346 1822 1380 Annon
1845 1344 1924 1379 licet
1947 1346 2040 1389 quod
2061 1346 2168 1379 sentio
2191 1345 2328 1390 eloqui?
2348 1347 2407 1380 sed

669 1419 766 1454 reddi
781 1428 893 1464 posset
906 1419 1042 1454 Ebraeus
1069 1421 1148 1456 ΝἹΠ
1173 1420 1258 1457 ἾΖΠ
1281 1402 1392 1459 κῇῆ
1415 1421 1482 1454 sic:
1502 1420 1635 1454 Annon
1659 1433 1764 1455 causa
1795 1421 1872 1454 est?
1886 1421 1929 1455 In
1953 1421 2187 1465 explanatione
2216 1421 2313 1468 hujus
2343 1422 2410 1457 loci

668 1480 799 1515 videtur
813 1491 926 1517 tamen
940 1481 1202 1527 Chrysostomus
1217 1481 1376 1517 inhaerere
1392 1483 1501 1516 sensui
1514 1481 1675 1526 Vulgatae.

359 1615 506 1660 Reliquis
519 1616 588 1659 jam
602 1627 715 1650 sumus
730 1617 791 1650 usi.
