<?xml version="1.0" encoding="UTF-8"?>
<!DOCTYPE html PUBLIC "-//W3C//DTD XHTML 1.0 Transitional//EN"
    "http://www.w3.org/TR/xhtml1/DTD/xhtml1-transitional.dtd">
<html xmlns="http://www.w3.org/1999/xhtml" xml:lang="en" lang="en">
 <head>
  <title>
</title>
<meta http-equiv="Content-Type" content="text/html;charset=utf-8" />
  <meta name='ocr-system' content='tesseract 3.04.00' />
  <meta name='ocr-capabilities' content='ocr_page ocr_carea ocr_par ocr_line ocrx_word'/>
</head>
<body>
  <div class='ocr_page' id='page_1' title='image "./operaomniaquaeex04johnuoft_0553.png"; bbox 0 0 2516 3791; ppageno 0'>
   <div class='ocr_carea' id='block_1_1' title="bbox 699 185 1119 219">
    <p class='ocr_par' dir='ltr' id='par_1_1' title="bbox 699 185 1119 219">
     <span class='ocr_line' id='line_1_1' title="bbox 699 185 1119 219; baseline 0.012 -5"><span class='ocrx_word' id='word_1_1' title='bbox 699 185 739 215; x_wconf 67' lang='lat' dir='ltr'>lx</span> <span class='ocrx_word' id='word_1_2' title='bbox 779 188 879 217; x_wconf 67' lang='lat' dir='ltr'>ew.</span> <span class='ocrx_word' id='word_1_3' title='bbox 920 189 995 219; x_wconf 78' lang='lat' dir='ltr'>XX.</span> <span class='ocrx_word' id='word_1_4' title='bbox 1034 189 1119 219; x_wconf 53' lang='lat' dir='ltr'>GE&amp;</span> 
     </span>
    </p>
   </div>
   <div class='ocr_carea' id='block_1_2' title="bbox 65 266 1132 3125">
    <p class='ocr_par' dir='ltr' id='par_1_2' title="bbox 91 266 1117 548">
     <span class='ocr_line' id='line_1_2' title="bbox 93 266 1116 320; baseline 0.003 -14"><span class='ocrx_word' id='word_1_5' title='bbox 93 269 240 320; x_wconf 70' lang='grc' dir='ltr'>ἡσυχίας</span> <span class='ocrx_word' id='word_1_6' title='bbox 270 266 453 317; x_wconf 77' lang='grc' dir='ltr'>δεξάμενος</span> <span class='ocrx_word' id='word_1_7' title='bbox 478 267 540 314; x_wconf 88' lang='grc' dir='ltr'>τὴν</span> <span class='ocrx_word' id='word_1_8' title='bbox 561 268 777 320; x_wconf 78' lang='grc' dir='ltr'>παραίνεσιν,</span> <span class='ocrx_word' id='word_1_9' title='bbox 799 271 887 320; x_wconf 85' lang='grc' dir='ltr'>μετὰ</span> <span class='ocrx_word' id='word_1_10' title='bbox 907 272 1036 309; x_wconf 87' lang='grc' dir='ltr'>πολλοῦ</span> <span class='ocrx_word' id='word_1_11' title='bbox 1056 276 1116 309; x_wconf 83' lang='grc' dir='ltr'>τοῦ</span> 
     </span>
     <span class='ocr_line' id='line_1_3' title="bbox 94 328 1116 384; baseline 0.004 -19"><span class='ocrx_word' id='word_1_12' title='bbox 94 328 198 381; x_wconf 70' lang='grc' dir='ltr'>φόὸου</span> <span class='ocrx_word' id='word_1_13' title='bbox 218 328 257 366; x_wconf 90' lang='grc' dir='ltr'>τὸ</span> <span class='ocrx_word' id='word_1_14' title='bbox 283 328 502 380; x_wconf 74' lang='grc' dir='ltr'>προσταχθὲν</span> <span class='ocrx_word' id='word_1_15' title='bbox 523 331 569 372; x_wconf 84' lang='grc' dir='ltr'>εἷς</span> <span class='ocrx_word' id='word_1_16' title='bbox 599 329 698 381; x_wconf 85' lang='grc' dir='ltr'>ἔργον</span> <span class='ocrx_word' id='word_1_17' title='bbox 721 331 851 382; x_wconf 85' lang='grc' dir='ltr'>ἀγάγῃ.</span> <span class='ocrx_word' id='word_1_18' title='bbox 886 331 1022 375; x_wconf 74' lang='grc' dir='ltr'>Εὐθέως</span> <span class='ocrx_word' id='word_1_19' title='bbox 1049 332 1116 384; x_wconf 81' lang='grc' dir='ltr'>γὰρ</span> 
     </span>
     <span class='ocr_line' id='line_1_4' title="bbox 91 388 1117 441; baseline 0.004 -14"><span class='ocrx_word' id='word_1_20' title='bbox 91 388 251 441; x_wconf 85' lang='grc' dir='ltr'>ὀρθρίσας</span> <span class='ocrx_word' id='word_1_21' title='bbox 269 388 476 441; x_wconf 73' lang='grc' dir='ltr'>Ἀὸιμέλεχ,</span> <span class='ocrx_word' id='word_1_22' title='bbox 495 389 613 441; x_wconf 75' lang='grc' dir='ltr'>φησὶν,</span> <span class='ocrx_word' id='word_1_23' title='bbox 632 390 778 429; x_wconf 82' lang='grc' dir='ltr'>ἐκάλεσε</span> <span class='ocrx_word' id='word_1_24' title='bbox 801 392 880 435; x_wconf 78' lang='grc' dir='ltr'>τοὺς</span> <span class='ocrx_word' id='word_1_25' title='bbox 901 393 1028 436; x_wconf 85' lang='grc' dir='ltr'>παῖδας</span> <span class='ocrx_word' id='word_1_26' title='bbox 1052 394 1117 431; x_wconf 85' lang='grc' dir='ltr'>αὖ-</span> 
     </span>
     <span class='ocr_line' id='line_1_5' title="bbox 91 446 1116 504; baseline 0.005 -18"><span class='ocrx_word' id='word_1_27' title='bbox 91 453 169 495; x_wconf 89' lang='grc' dir='ltr'>τοῦ,</span> <span class='ocrx_word' id='word_1_28' title='bbox 188 449 246 486; x_wconf 83' lang='grc' dir='ltr'>καὶ</span> <span class='ocrx_word' id='word_1_29' title='bbox 263 449 412 497; x_wconf 84' lang='grc' dir='ltr'>ἐλάλησε</span> <span class='ocrx_word' id='word_1_30' title='bbox 427 449 541 488; x_wconf 87' lang='grc' dir='ltr'>πάντα</span> <span class='ocrx_word' id='word_1_31' title='bbox 559 450 602 487; x_wconf 74' lang='grc' dir='ltr'>τὰ</span> <span class='ocrx_word' id='word_1_32' title='bbox 620 450 760 504; x_wconf 79' lang='grc' dir='ltr'>ῥήματα</span> <span class='ocrx_word' id='word_1_33' title='bbox 780 455 890 490; x_wconf 89' lang='grc' dir='ltr'>ταῦτα</span> <span class='ocrx_word' id='word_1_34' title='bbox 909 455 957 496; x_wconf 88' lang='grc' dir='ltr'>εἰς</span> <span class='ocrx_word' id='word_1_35' title='bbox 977 455 1020 491; x_wconf 81' lang='grc' dir='ltr'>τὰ</span> <span class='ocrx_word' id='word_1_36' title='bbox 1041 446 1116 491; x_wconf 71' lang='grc' dir='ltr'>ὦτα</span> 
     </span>
     <span class='ocr_line' id='line_1_6' title="bbox 92 511 220 548; baseline 0 -1"><span class='ocrx_word' id='word_1_37' title='bbox 92 511 220 548; x_wconf 81' lang='grc' dir='ltr'>αὐτῶν.</span> 
     </span>
    </p>

    <p class='ocr_par' dir='ltr' id='par_1_3' title="bbox 65 569 1116 3125">
     <span class='ocr_line' id='line_1_7' title="bbox 140 569 1116 624; baseline 0.002 -16"><span class='ocrx_word' id='word_1_38' title='bbox 140 569 237 622; x_wconf 67' lang='grc' dir='ltr'>εὈρα</span> <span class='ocrx_word' id='word_1_39' title='bbox 252 574 326 614; x_wconf 84' lang='grc' dir='ltr'>πῶς</span> <span class='ocrx_word' id='word_1_40' title='bbox 345 570 454 622; x_wconf 79' lang='grc' dir='ltr'>κήρυξ</span> <span class='ocrx_word' id='word_1_41' title='bbox 473 571 604 623; x_wconf 89' lang='grc' dir='ltr'>γίνεται</span> <span class='ocrx_word' id='word_1_42' title='bbox 621 572 742 610; x_wconf 84' lang='grc' dir='ltr'>λοιπὸν</span> <span class='ocrx_word' id='word_1_43' title='bbox 761 576 779 611; x_wconf 94' lang='lat'>6</span> <span class='ocrx_word' id='word_1_44' title='bbox 800 573 962 624; x_wconf 75' lang='grc' dir='ltr'>βασιλεὺς</span> <span class='ocrx_word' id='word_1_45' title='bbox 984 577 1046 620; x_wconf 79' lang='grc' dir='ltr'>τῆς</span> <span class='ocrx_word' id='word_1_46' title='bbox 1056 576 1116 611; x_wconf 91' lang='grc' dir='ltr'>τοῦ</span> 
     </span>
     <span class='ocr_line' id='line_1_8' title="bbox 90 633 1116 685; baseline 0.002 -15"><span class='ocrx_word' id='word_1_47' title='bbox 90 633 222 670; x_wconf 83' lang='grc' dir='ltr'>δικαίου</span> <span class='ocrx_word' id='word_1_48' title='bbox 257 635 403 685; x_wconf 78' lang='grc' dir='ltr'>ἀρετῆς,</span> <span class='ocrx_word' id='word_1_49' title='bbox 426 634 484 671; x_wconf 83' lang='grc' dir='ltr'>καὶ</span> <span class='ocrx_word' id='word_1_50' title='bbox 514 639 620 672; x_wconf 82' lang='grc' dir='ltr'>πᾶσιν</span> <span class='ocrx_word' id='word_1_51' title='bbox 652 634 754 672; x_wconf 77' lang='grc' dir='ltr'>αὐτὸν</span> <span class='ocrx_word' id='word_1_52' title='bbox 786 635 982 680; x_wconf 88' lang='grc' dir='ltr'>κατάδηλον</span> <span class='ocrx_word' id='word_1_53' title='bbox 1013 640 1116 672; x_wconf 85' lang='grc' dir='ltr'>ποιεῖ.</span> 
     </span>
     <span class='ocr_line' id='line_1_9' title="bbox 91 693 1116 746; baseline 0.002 -15"><span class='ocrx_word' id='word_1_54' title='bbox 91 693 251 737; x_wconf 80' lang='grc' dir='ltr'>Καλέσας</span> <span class='ocrx_word' id='word_1_55' title='bbox 264 694 349 745; x_wconf 79' lang='grc' dir='ltr'>γὰρ,</span> <span class='ocrx_word' id='word_1_56' title='bbox 370 694 477 746; x_wconf 81' lang='grc' dir='ltr'>φησὶ,</span> <span class='ocrx_word' id='word_1_57' title='bbox 494 695 628 738; x_wconf 80' lang='grc' dir='ltr'>πάντας</span> <span class='ocrx_word' id='word_1_58' title='bbox 649 694 726 738; x_wconf 79' lang='grc' dir='ltr'>τοὺς</span> <span class='ocrx_word' id='word_1_59' title='bbox 745 696 872 738; x_wconf 86' lang='grc' dir='ltr'>παῖδας</span> <span class='ocrx_word' id='word_1_60' title='bbox 892 698 997 733; x_wconf 84' lang='grc' dir='ltr'>αὐτοῦ</span> <span class='ocrx_word' id='word_1_61' title='bbox 1012 725 1021 742; x_wconf 90' lang='grc'>,</span> <span class='ocrx_word' id='word_1_62' title='bbox 1040 697 1116 741; x_wconf 83' lang='grc' dir='ltr'>διη-</span> 
     </span>
     <span class='ocr_line' id='line_1_10' title="bbox 86 754 1115 806; baseline 0 -14"><span class='ocrx_word' id='word_1_63' title='bbox 86 754 220 804; x_wconf 78' lang='grc' dir='ltr'>γήσατο</span> <span class='ocrx_word' id='word_1_64' title='bbox 238 755 353 792; x_wconf 86' lang='grc' dir='ltr'>πάντα</span> <span class='ocrx_word' id='word_1_65' title='bbox 380 754 423 793; x_wconf 83' lang='grc' dir='ltr'>τὰ</span> <span class='ocrx_word' id='word_1_66' title='bbox 443 755 528 806; x_wconf 83' lang='grc' dir='ltr'>πρὸς</span> <span class='ocrx_word' id='word_1_67' title='bbox 558 755 659 793; x_wconf 80' lang='grc' dir='ltr'>αὐτὸν</span> <span class='ocrx_word' id='word_1_68' title='bbox 679 755 774 806; x_wconf 89' lang='grc' dir='ltr'>παρὰ</span> <span class='ocrx_word' id='word_1_69' title='bbox 798 758 858 792; x_wconf 87' lang='grc' dir='ltr'>τοῦ</span> <span class='ocrx_word' id='word_1_70' title='bbox 888 757 981 793; x_wconf 82' lang='grc' dir='ltr'>Θεοῦ</span> <span class='ocrx_word' id='word_1_71' title='bbox 1002 755 1115 800; x_wconf 88' lang='grc' dir='ltr'>δηλω-</span> 
     </span>
     <span class='ocr_line' id='line_1_11' title="bbox 86 814 1114 866; baseline 0 -14"><span class='ocrx_word' id='word_1_72' title='bbox 86 814 187 852; x_wconf 82' lang='grc' dir='ltr'>θέντα</span> <span class='ocrx_word' id='word_1_73' title='bbox 200 845 209 862; x_wconf 84' lang='lat'>,</span> <span class='ocrx_word' id='word_1_74' title='bbox 222 815 279 852; x_wconf 82' lang='grc' dir='ltr'>ἵνα</span> <span class='ocrx_word' id='word_1_75' title='bbox 294 815 422 858; x_wconf 86' lang='grc' dir='ltr'>πάντες</span> <span class='ocrx_word' id='word_1_76' title='bbox 440 817 549 865; x_wconf 83' lang='grc' dir='ltr'>γνῶσι</span> <span class='ocrx_word' id='word_1_77' title='bbox 564 815 623 852; x_wconf 84' lang='grc' dir='ltr'>καὶ</span> <span class='ocrx_word' id='word_1_78' title='bbox 642 818 702 852; x_wconf 87' lang='grc' dir='ltr'>τοῦ</span> <span class='ocrx_word' id='word_1_79' title='bbox 719 816 812 853; x_wconf 90' lang='grc' dir='ltr'>Θεοῦ</span> <span class='ocrx_word' id='word_1_80' title='bbox 831 814 918 866; x_wconf 83' lang='grc' dir='ltr'>πρὸς</span> <span class='ocrx_word' id='word_1_81' title='bbox 933 814 1034 852; x_wconf 85' lang='grc' dir='ltr'>αὐτὸν</span> <span class='ocrx_word' id='word_1_82' title='bbox 1052 815 1114 862; x_wconf 79' lang='grc' dir='ltr'>τὴν</span> 
     </span>
     <span class='ocr_line' id='line_1_12' title="bbox 87 869 1115 927; baseline 0.002 -15"><span class='ocrx_word' id='word_1_83' title='bbox 87 875 235 922; x_wconf 83' lang='grc' dir='ltr'>εὔνοιαν,</span> <span class='ocrx_word' id='word_1_84' title='bbox 256 876 314 913; x_wconf 81' lang='grc' dir='ltr'>καὶ</span> <span class='ocrx_word' id='word_1_85' title='bbox 340 878 402 921; x_wconf 79' lang='grc' dir='ltr'>τ’ἧς</span> <span class='ocrx_word' id='word_1_86' title='bbox 427 874 589 926; x_wconf 82' lang='grc' dir='ltr'>προνοίας</span> <span class='ocrx_word' id='word_1_87' title='bbox 609 869 650 921; x_wconf 74' lang='grc' dir='ltr'>ἧς</span> <span class='ocrx_word' id='word_1_88' title='bbox 678 875 832 918; x_wconf 74' lang='grc' dir='ltr'>ἀξιοῦται</span> <span class='ocrx_word' id='word_1_89' title='bbox 852 875 948 927; x_wconf 74' lang='grc' dir='ltr'>παρὰ</span> <span class='ocrx_word' id='word_1_90' title='bbox 969 879 1027 914; x_wconf 88' lang='grc' dir='ltr'>τοῦ</span> <span class='ocrx_word' id='word_1_91' title='bbox 1049 879 1115 914; x_wconf 87' lang='grc' dir='ltr'>Δε-</span> 
     </span>
     <span class='ocr_line' id='line_1_13' title="bbox 85 935 1113 988; baseline 0.001 -14"><span class='ocrx_word' id='word_1_92' title='bbox 85 935 214 974; x_wconf 87' lang='grc' dir='ltr'>σπότου</span> <span class='ocrx_word' id='word_1_93' title='bbox 241 935 297 973; x_wconf 79' lang='grc' dir='ltr'>διὰ</span> <span class='ocrx_word' id='word_1_94' title='bbox 317 935 380 981; x_wconf 75' lang='grc' dir='ltr'>τὴν</span> <span class='ocrx_word' id='word_1_95' title='bbox 402 938 471 973; x_wconf 84' lang='grc' dir='ltr'>τῶν</span> <span class='ocrx_word' id='word_1_96' title='bbox 491 935 630 987; x_wconf 88' lang='grc' dir='ltr'>τρόπων</span> <span class='ocrx_word' id='word_1_97' title='bbox 652 936 791 986; x_wconf 82' lang='grc' dir='ltr'>ἀρετήν.</span> <span class='ocrx_word' id='word_1_98' title='bbox 809 936 1057 988; x_wconf 67' lang='grc' dir='ltr'>Ἐφοὸήθησαν</span> <span class='ocrx_word' id='word_1_99' title='bbox 1078 937 1113 975; x_wconf 84' lang='grc' dir='ltr'>δὲ</span> 
     </span>
     <span class='ocr_line' id='line_1_14' title="bbox 85 990 1113 1050; baseline 0.001 -15"><span class='ocrx_word' id='word_1_100' title='bbox 85 997 214 1040; x_wconf 87' lang='grc' dir='ltr'>πάντες</span> <span class='ocrx_word' id='word_1_101' title='bbox 239 998 269 1034; x_wconf 79' lang='grc' dir='ltr'>οἱ</span> <span class='ocrx_word' id='word_1_102' title='bbox 295 997 472 1048; x_wconf 81' lang='grc' dir='ltr'>ἄνθρωποι</span> <span class='ocrx_word' id='word_1_103' title='bbox 492 995 639 1048; x_wconf 65' lang='grc' dir='ltr'>σφόδρα.</span> <span class='ocrx_word' id='word_1_104' title='bbox 672 990 754 1034; x_wconf 57' lang='lat' dir='ltr'>Ei&amp;</span> <span class='ocrx_word' id='word_1_105' title='bbox 741 1012 773 1040; x_wconf 71' lang='grc' dir='ltr'>ες</span> <span class='ocrx_word' id='word_1_106' title='bbox 800 999 874 1040; x_wconf 84' lang='grc' dir='ltr'>πῶς</span> <span class='ocrx_word' id='word_1_107' title='bbox 902 999 968 1050; x_wconf 74' lang='grc' dir='ltr'>οὐχ</span> <span class='ocrx_word' id='word_1_108' title='bbox 993 999 1113 1042; x_wconf 81' lang='grc' dir='ltr'>ἁπλῶς</span> 
     </span>
     <span class='ocr_line' id='line_1_15' title="bbox 84 1056 1112 1108; baseline 0.004 -14"><span class='ocrx_word' id='word_1_109' title='bbox 84 1057 161 1095; x_wconf 86' lang='grc' dir='ltr'>οὐδὲ</span> <span class='ocrx_word' id='word_1_110' title='bbox 186 1059 263 1108; x_wconf 77' lang='grc' dir='ltr'>εἰκῇ</span> <span class='ocrx_word' id='word_1_111' title='bbox 289 1057 348 1100; x_wconf 81' lang='grc' dir='ltr'>τὰς</span> <span class='ocrx_word' id='word_1_112' title='bbox 368 1056 644 1107; x_wconf 70' lang='grc' dir='ltr'>μεταναστάσεις</span> <span class='ocrx_word' id='word_1_113' title='bbox 664 1058 816 1096; x_wconf 82' lang='grc' dir='ltr'>ἐποιεῖτο</span> <span class='ocrx_word' id='word_1_114' title='bbox 844 1062 862 1097; x_wconf 94' lang='lat'>6</span> <span class='ocrx_word' id='word_1_115' title='bbox 892 1059 1045 1103; x_wconf 83' lang='grc' dir='ltr'>δίκαιος·</span> <span class='ocrx_word' id='word_1_116' title='bbox 1038 1090 1046 1105; x_wconf 96' lang='lat'>,</span> <span class='ocrx_word' id='word_1_117' title='bbox 1071 1061 1112 1098; x_wconf 83' lang='grc' dir='ltr'>Εἰ</span> 
     </span>
     <span class='ocr_line' id='line_1_16' title="bbox 82 1117 1111 1173; baseline 0.003 -17"><span class='ocrx_word' id='word_1_118' title='bbox 82 1117 150 1170; x_wconf 84' lang='grc' dir='ltr'>γὰρ</span> <span class='ocrx_word' id='word_1_119' title='bbox 169 1118 228 1156; x_wconf 85' lang='grc' dir='ltr'>ἐπι</span> <span class='ocrx_word' id='word_1_120' title='bbox 244 1121 306 1165; x_wconf 77' lang='grc' dir='ltr'>τῆς</span> <span class='ocrx_word' id='word_1_121' title='bbox 324 1121 457 1164; x_wconf 82' lang='grc' dir='ltr'>σκηνῆς</span> <span class='ocrx_word' id='word_1_122' title='bbox 474 1121 536 1165; x_wconf 82' lang='grc' dir='ltr'>τῆς</span> <span class='ocrx_word' id='word_1_123' title='bbox 562 1118 734 1171; x_wconf 84' lang='grc' dir='ltr'>προτέρας</span> <span class='ocrx_word' id='word_1_124' title='bbox 757 1119 877 1170; x_wconf 88' lang='grc' dir='ltr'>ἔμενε,</span> <span class='ocrx_word' id='word_1_125' title='bbox 896 1121 1000 1159; x_wconf 80' lang='grc' dir='ltr'>πόθεν</span> <span class='ocrx_word' id='word_1_126' title='bbox 1017 1125 1111 1173; x_wconf 80' lang='grc' dir='ltr'>εἰχον</span> 
     </span>
     <span class='ocr_line' id='line_1_17' title="bbox 83 1180 1132 1232; baseline 0.003 -15"><span class='ocrx_word' id='word_1_127' title='bbox 83 1180 232 1223; x_wconf 83' lang='grc' dir='ltr'>ἅπαντες</span> <span class='ocrx_word' id='word_1_128' title='bbox 278 1181 309 1218; x_wconf 75' lang='grc' dir='ltr'>οἱ</span> <span class='ocrx_word' id='word_1_129' title='bbox 343 1182 376 1218; x_wconf 82' lang='grc' dir='ltr'>ἐν</span> <span class='ocrx_word' id='word_1_130' title='bbox 416 1180 582 1232; x_wconf 85' lang='grc' dir='ltr'>Γεράροις</span> <span class='ocrx_word' id='word_1_131' title='bbox 618 1196 769 1231; x_wconf 89' lang='grc' dir='ltr'>γνωναι,</span> <span class='ocrx_word' id='word_1_132' title='bbox 805 1180 890 1227; x_wconf 78' lang='grc' dir='ltr'>ὅσης</span> <span class='ocrx_word' id='word_1_133' title='bbox 922 1184 940 1219; x_wconf 98' lang='lat'>6</span> <span class='ocrx_word' id='word_1_134' title='bbox 981 1182 1132 1228; x_wconf 88' lang='grc' dir='ltr'>δίκαιος</span> 
     </span>
     <span class='ocr_line' id='line_1_18' title="bbox 82 1239 1108 1294; baseline 0.003 -16"><span class='ocrx_word' id='word_1_135' title='bbox 82 1240 253 1279; x_wconf 79' lang='grc' dir='ltr'>ἀπολαύει</span> <span class='ocrx_word' id='word_1_136' title='bbox 265 1244 326 1288; x_wconf 68' lang='grc' dir='ltr'>τῆς</span> <span class='ocrx_word' id='word_1_137' title='bbox 342 1240 439 1293; x_wconf 84' lang='grc' dir='ltr'>παρὰ</span> <span class='ocrx_word' id='word_1_138' title='bbox 454 1239 471 1261; x_wconf 79' lang='lat'>¹³</span> <span class='ocrx_word' id='word_1_139' title='bbox 484 1244 543 1278; x_wconf 87' lang='grc' dir='ltr'>τοῦ</span> <span class='ocrx_word' id='word_1_140' title='bbox 557 1243 650 1279; x_wconf 86' lang='grc' dir='ltr'>Θεοῦ</span> <span class='ocrx_word' id='word_1_141' title='bbox 664 1242 842 1293; x_wconf 69' lang='grc' dir='ltr'>προνοίας,</span> <span class='ocrx_word' id='word_1_142' title='bbox 859 1242 1108 1294; x_wconf 76' lang='grc' dir='ltr'>Ἐφοὸήθησαν</span> 
     </span>
     <span class='ocr_line' id='line_1_19' title="bbox 81 1302 1109 1355; baseline 0.002 -15"><span class='ocrx_word' id='word_1_143' title='bbox 81 1303 116 1341; x_wconf 81' lang='grc' dir='ltr'>δὲ</span> <span class='ocrx_word' id='word_1_144' title='bbox 145 1303 270 1347; x_wconf 89' lang='grc' dir='ltr'>πάντες</span> <span class='ocrx_word' id='word_1_145' title='bbox 299 1306 330 1341; x_wconf 85' lang='grc' dir='ltr'>οἱ</span> <span class='ocrx_word' id='word_1_146' title='bbox 357 1303 533 1354; x_wconf 83' lang='grc' dir='ltr'>ἅνθρωποι</span> <span class='ocrx_word' id='word_1_147' title='bbox 553 1302 702 1354; x_wconf 84' lang='grc' dir='ltr'>σφόδρα.</span> <span class='ocrx_word' id='word_1_148' title='bbox 724 1302 841 1346; x_wconf 80' lang='grc' dir='ltr'>Πολὺς</span> <span class='ocrx_word' id='word_1_149' title='bbox 870 1305 984 1341; x_wconf 85' lang='grc' dir='ltr'>αὐτῶν</span> <span class='ocrx_word' id='word_1_150' title='bbox 1004 1303 1109 1355; x_wconf 75' lang='grc' dir='ltr'>φόὸος</span> 
     </span>
     <span class='ocr_line' id='line_1_20' title="bbox 79 1359 1103 1415; baseline 0.001 -14"><span class='ocrx_word' id='word_1_151' title='bbox 79 1364 362 1410; x_wconf 84' lang='grc' dir='ltr'>κατεσκεδάσΟη,</span> <span class='ocrx_word' id='word_1_152' title='bbox 382 1363 462 1414; x_wconf 75' lang='grc' dir='ltr'>περὶ</span> <span class='ocrx_word' id='word_1_153' title='bbox 484 1366 544 1400; x_wconf 91' lang='grc' dir='ltr'>τοῦ</span> <span class='ocrx_word' id='word_1_154' title='bbox 576 1363 706 1407; x_wconf 85' lang='grc' dir='ltr'>παντὸς</span> <span class='ocrx_word' id='word_1_155' title='bbox 733 1363 952 1415; x_wconf 87' lang='grc' dir='ltr'>ἠγωνίασαν.</span> <span class='ocrx_word' id='word_1_156' title='bbox 990 1359 1103 1413; x_wconf 70' lang='grc' dir='ltr'>Εἶτα,</span> 
     </span>
     <span class='ocr_line' id='line_1_21' title="bbox 79 1423 1107 1477; baseline 0 -14"><span class='ocrx_word' id='word_1_157' title='bbox 79 1424 250 1464; x_wconf 82' lang='grc' dir='ltr'>Ἐκάλεσε</span> <span class='ocrx_word' id='word_1_158' title='bbox 263 1455 272 1472; x_wconf 91' lang='grc'>,</span> <span class='ocrx_word' id='word_1_159' title='bbox 290 1424 407 1476; x_wconf 75' lang='grc' dir='ltr'>φησὶν,</span> <span class='ocrx_word' id='word_1_160' title='bbox 429 1423 617 1476; x_wconf 69' lang='grc' dir='ltr'>Ἀέιμέλεχ</span> <span class='ocrx_word' id='word_1_161' title='bbox 632 1424 690 1462; x_wconf 85' lang='grc' dir='ltr'>τὸν</span> <span class='ocrx_word' id='word_1_162' title='bbox 707 1425 877 1477; x_wconf 66' lang='grc' dir='ltr'>Ἀδραάμ.</span> <span class='ocrx_word' id='word_1_163' title='bbox 894 1425 1026 1464; x_wconf 83' lang='grc' dir='ltr'>Ἔννόει</span> <span class='ocrx_word' id='word_1_164' title='bbox 1048 1441 1107 1476; x_wconf 88' lang='grc' dir='ltr'>μοι</span> 
     </span>
     <span class='ocr_line' id='line_1_22' title="bbox 81 1485 1106 1538; baseline 0.001 -15"><span class='ocrx_word' id='word_1_165' title='bbox 81 1488 156 1536; x_wconf 84' lang='grc' dir='ltr'>μεθ’</span> <span class='ocrx_word' id='word_1_166' title='bbox 175 1485 259 1533; x_wconf 80' lang='grc' dir='ltr'>ὅσης</span> <span class='ocrx_word' id='word_1_167' title='bbox 277 1485 398 1524; x_wconf 85' lang='grc' dir='ltr'>λοιπὸν</span> <span class='ocrx_word' id='word_1_168' title='bbox 415 1488 478 1531; x_wconf 72' lang='grc' dir='ltr'>τῆς</span> <span class='ocrx_word' id='word_1_169' title='bbox 496 1485 721 1537; x_wconf 78' lang='grc' dir='ltr'>περιφανείας</span> <span class='ocrx_word' id='word_1_170' title='bbox 737 1489 755 1524; x_wconf 93' lang='lat'>6</span> <span class='ocrx_word' id='word_1_171' title='bbox 775 1485 905 1529; x_wconf 85' lang='grc' dir='ltr'>δίκαιος</span> <span class='ocrx_word' id='word_1_172' title='bbox 927 1487 1106 1538; x_wconf 84' lang='grc' dir='ltr'>εἰσάγεται</span> 
     </span>
     <span class='ocr_line' id='line_1_23' title="bbox 78 1545 1105 1599; baseline 0.001 -14"><span class='ocrx_word' id='word_1_173' title='bbox 78 1547 163 1598; x_wconf 87' lang='grc' dir='ltr'>πρὸς</span> <span class='ocrx_word' id='word_1_174' title='bbox 181 1546 239 1584; x_wconf 88' lang='grc' dir='ltr'>τὸν</span> <span class='ocrx_word' id='word_1_175' title='bbox 260 1545 411 1598; x_wconf 83' lang='grc' dir='ltr'>βασιλέα</span> <span class='ocrx_word' id='word_1_176' title='bbox 423 1575 433 1593; x_wconf 90' lang='grc'>,</span> <span class='ocrx_word' id='word_1_177' title='bbox 451 1549 469 1584; x_wconf 91' lang='lat'>6</span> <span class='ocrx_word' id='word_1_178' title='bbox 484 1546 552 1598; x_wconf 88' lang='grc' dir='ltr'>πρὸ</span> <span class='ocrx_word' id='word_1_179' title='bbox 569 1549 694 1598; x_wconf 78' lang='grc' dir='ltr'>μικροῦ</span> <span class='ocrx_word' id='word_1_180' title='bbox 715 1549 798 1599; x_wconf 88' lang='grc' dir='ltr'>παρ’</span> <span class='ocrx_word' id='word_1_181' title='bbox 824 1549 937 1590; x_wconf 80' lang='grc' dir='ltr'>αὐτοῖς</span> <span class='ocrx_word' id='word_1_182' title='bbox 956 1549 1105 1586; x_wconf 84' lang='grc' dir='ltr'>εὖκατα·</span> 
     </span>
     <span class='ocr_line' id='line_1_24' title="bbox 78 1603 1105 1659; baseline 0.001 -15"><span class='ocrx_word' id='word_1_183' title='bbox 78 1607 246 1658; x_wconf 79' lang='grc' dir='ltr'>φρόνητος</span> <span class='ocrx_word' id='word_1_184' title='bbox 264 1605 507 1657; x_wconf 83' lang='grc' dir='ltr'>νομιζόμενος,</span> <span class='ocrx_word' id='word_1_185' title='bbox 523 1605 583 1644; x_wconf 81' lang='grc' dir='ltr'>καὶ</span> <span class='ocrx_word' id='word_1_186' title='bbox 598 1603 757 1659; x_wconf 78' lang='grc' dir='ltr'>καθάπερ</span> <span class='ocrx_word' id='word_1_187' title='bbox 774 1607 909 1653; x_wconf 85' lang='grc' dir='ltr'>ἀλήτης</span> <span class='ocrx_word' id='word_1_188' title='bbox 928 1607 987 1645; x_wconf 85' lang='grc' dir='ltr'>καὶ</span> <span class='ocrx_word' id='word_1_189' title='bbox 1003 1607 1105 1651; x_wconf 82' lang='grc' dir='ltr'>ξένος.</span> 
     </span>
     <span class='ocr_line' id='line_1_25' title="bbox 78 1667 1107 1721; baseline 0 -15"><span class='ocrx_word' id='word_1_190' title='bbox 78 1667 213 1719; x_wconf 78' lang='grc' dir='ltr'>Ἀθρόον</span> <span class='ocrx_word' id='word_1_191' title='bbox 233 1668 372 1706; x_wconf 88' lang='grc' dir='ltr'>πάντων</span> <span class='ocrx_word' id='word_1_192' title='bbox 394 1667 662 1719; x_wconf 81' lang='grc' dir='ltr'>συνδραμόντων</span> <span class='ocrx_word' id='word_1_193' title='bbox 682 1670 842 1706; x_wconf 84' lang='grc' dir='ltr'>καλεῖται</span> <span class='ocrx_word' id='word_1_194' title='bbox 854 1672 872 1706; x_wconf 91' lang='lat'>6</span> <span class='ocrx_word' id='word_1_195' title='bbox 884 1669 1107 1721; x_wconf 76' lang='grc' dir='ltr'>πατριάρχης</span> 
     </span>
     <span class='ocr_line' id='line_1_26' title="bbox 77 1727 1105 1781; baseline 0.004 -17"><span class='ocrx_word' id='word_1_196' title='bbox 77 1727 174 1765; x_wconf 69' lang='grc' dir='ltr'>οὐδὲν</span> <span class='ocrx_word' id='word_1_197' title='bbox 194 1727 325 1765; x_wconf 81' lang='grc' dir='ltr'>τούτων</span> <span class='ocrx_word' id='word_1_198' title='bbox 345 1728 444 1771; x_wconf 82' lang='grc' dir='ltr'>εἰδὼς</span> <span class='ocrx_word' id='word_1_199' title='bbox 464 1727 549 1771; x_wconf 83' lang='grc' dir='ltr'>τέως</span> <span class='ocrx_word' id='word_1_200' title='bbox 565 1757 574 1775; x_wconf 89' lang='grc'>,</span> <span class='ocrx_word' id='word_1_201' title='bbox 604 1729 664 1766; x_wconf 82' lang='grc' dir='ltr'>καὶ</span> <span class='ocrx_word' id='word_1_202' title='bbox 685 1729 856 1780; x_wconf 85' lang='grc' dir='ltr'>ἐμάνθανε</span> <span class='ocrx_word' id='word_1_203' title='bbox 879 1730 1000 1768; x_wconf 86' lang='grc' dir='ltr'>λοιπὸν</span> <span class='ocrx_word' id='word_1_204' title='bbox 1020 1731 1105 1781; x_wconf 91' lang='grc' dir='ltr'>παρ’</span> 
     </span>
     <span class='ocr_line' id='line_1_27' title="bbox 78 1788 1105 1842; baseline 0.002 -16"><span class='ocrx_word' id='word_1_205' title='bbox 78 1791 181 1826; x_wconf 76' lang='grc' dir='ltr'>αὐτοῦ</span> <span class='ocrx_word' id='word_1_206' title='bbox 201 1793 261 1826; x_wconf 83' lang='grc' dir='ltr'>τοῦ</span> <span class='ocrx_word' id='word_1_207' title='bbox 287 1789 457 1840; x_wconf 82' lang='grc' dir='ltr'>βασιλέως</span> <span class='ocrx_word' id='word_1_208' title='bbox 486 1788 531 1827; x_wconf 82' lang='grc' dir='ltr'>τὰ</span> <span class='ocrx_word' id='word_1_209' title='bbox 551 1789 648 1842; x_wconf 81' lang='grc' dir='ltr'>παρὰ</span> <span class='ocrx_word' id='word_1_210' title='bbox 666 1793 726 1828; x_wconf 86' lang='grc' dir='ltr'>τοῦ</span> <span class='ocrx_word' id='word_1_211' title='bbox 754 1792 848 1829; x_wconf 90' lang='grc' dir='ltr'>Θεοῦ</span> <span class='ocrx_word' id='word_1_212' title='bbox 869 1792 912 1829; x_wconf 83' lang='grc' dir='ltr'>δι’</span> <span class='ocrx_word' id='word_1_213' title='bbox 935 1791 1037 1830; x_wconf 76' lang='grc' dir='ltr'>αὐτὸν</span> <span class='ocrx_word' id='word_1_214' title='bbox 1058 1793 1105 1834; x_wconf 88' lang='grc' dir='ltr'>εἰς</span> 
     </span>
     <span class='ocr_line' id='line_1_28' title="bbox 76 1844 1102 1903; baseline 0.003 -16"><span class='ocrx_word' id='word_1_215' title='bbox 76 1851 205 1888; x_wconf 85' lang='grc' dir='ltr'>ἐκεῖνον</span> <span class='ocrx_word' id='word_1_216' title='bbox 221 1849 448 1902; x_wconf 82' lang='grc' dir='ltr'>γεγενημένα.</span> <span class='ocrx_word' id='word_1_217' title='bbox 467 1844 558 1889; x_wconf 55' lang='lat' dir='ltr'>Eius</span> <span class='ocrx_word' id='word_1_218' title='bbox 575 1851 642 1903; x_wconf 83' lang='grc' dir='ltr'>γὰρ</span> <span class='ocrx_word' id='word_1_219' title='bbox 665 1853 759 1903; x_wconf 78' lang='grc' dir='ltr'>αὐτῷ</span> <span class='ocrx_word' id='word_1_220' title='bbox 775 1868 782 1875; x_wconf 92' lang='grc'><strong><em>·</em></strong></span> <span class='ocrx_word' id='word_1_221' title='bbox 801 1852 836 1889; x_wconf 88' lang='grc' dir='ltr'>τί</span> <span class='ocrx_word' id='word_1_222' title='bbox 856 1855 957 1891; x_wconf 85' lang='grc' dir='ltr'>τοῦτο</span> <span class='ocrx_word' id='word_1_223' title='bbox 982 1852 1102 1899; x_wconf 81' lang='grc' dir='ltr'>ἐποίη-</span> 
     </span>
     <span class='ocr_line' id='line_1_29' title="bbox 76 1911 1104 1964; baseline 0.002 -14"><span class='ocrx_word' id='word_1_224' title='bbox 76 1927 138 1956; x_wconf 89' lang='grc' dir='ltr'>σας</span> <span class='ocrx_word' id='word_1_225' title='bbox 153 1915 260 1963; x_wconf 73' lang='grc' dir='ltr'>ἡμῖν,</span> <span class='ocrx_word' id='word_1_226' title='bbox 282 1912 316 1950; x_wconf 84' lang='grc' dir='ltr'>τί</span> <span class='ocrx_word' id='word_1_227' title='bbox 336 1911 540 1964; x_wconf 81' lang='grc' dir='ltr'>ἡμάρτομεν</span> <span class='ocrx_word' id='word_1_228' title='bbox 559 1914 608 1955; x_wconf 86' lang='grc' dir='ltr'>εἷς</span> <span class='ocrx_word' id='word_1_229' title='bbox 624 1912 680 1960; x_wconf 78' lang='grc' dir='ltr'>σὲ,</span> <span class='ocrx_word' id='word_1_230' title='bbox 700 1912 753 1950; x_wconf 79' lang='grc' dir='ltr'>ὅτι</span> <span class='ocrx_word' id='word_1_231' title='bbox 773 1913 948 1964; x_wconf 80' lang='grc' dir='ltr'>ἐπήγαγες</span> <span class='ocrx_word' id='word_1_232' title='bbox 963 1914 1018 1951; x_wconf 81' lang='grc' dir='ltr'>ἐπ’</span> <span class='ocrx_word' id='word_1_233' title='bbox 1040 1913 1104 1964; x_wconf 81' lang='grc' dir='ltr'>ἐμὲ</span> 
     </span>
     <span class='ocr_line' id='line_1_30' title="bbox 75 1972 1104 2026; baseline 0.004 -17"><span class='ocrx_word' id='word_1_234' title='bbox 75 1972 134 2010; x_wconf 82' lang='grc' dir='ltr'>καὶ</span> <span class='ocrx_word' id='word_1_235' title='bbox 156 1973 214 2010; x_wconf 81' lang='grc' dir='ltr'>ἐπὶ</span> <span class='ocrx_word' id='word_1_236' title='bbox 237 1973 301 2020; x_wconf 75' lang='grc' dir='ltr'>τὴν</span> <span class='ocrx_word' id='word_1_237' title='bbox 322 1972 502 2024; x_wconf 87' lang='grc' dir='ltr'>βασιλείαν</span> <span class='ocrx_word' id='word_1_238' title='bbox 530 1989 595 2024; x_wconf 92' lang='grc' dir='ltr'>μου</span> <span class='ocrx_word' id='word_1_239' title='bbox 613 1973 788 2025; x_wconf 81' lang='grc' dir='ltr'>ἁμαρτίαν</span> <span class='ocrx_word' id='word_1_240' title='bbox 816 1975 996 2026; x_wconf 84' lang='grc' dir='ltr'>μεγάλην;</span> <span class='ocrx_word' id='word_1_241' title='bbox 1016 1973 1104 2025; x_wconf 81' lang='grc' dir='ltr'>Ἔρ-</span> 
     </span>
     <span class='ocr_line' id='line_1_31' title="bbox 73 2032 1103 2086; baseline 0.001 -15"><span class='ocrx_word' id='word_1_242' title='bbox 73 2049 146 2084; x_wconf 85' lang='grc' dir='ltr'>γον,</span> <span class='ocrx_word' id='word_1_243' title='bbox 179 2032 198 2070; x_wconf 82' lang='grc' dir='ltr'>ὃ</span> <span class='ocrx_word' id='word_1_244' title='bbox 230 2033 340 2077; x_wconf 82' lang='grc' dir='ltr'>οὐδεὶς</span> <span class='ocrx_word' id='word_1_245' title='bbox 373 2034 532 2080; x_wconf 78' lang='grc' dir='ltr'>ποιήσει,</span> <span class='ocrx_word' id='word_1_246' title='bbox 564 2034 733 2080; x_wconf 83' lang='grc' dir='ltr'>ἐποίησας</span> <span class='ocrx_word' id='word_1_247' title='bbox 764 2039 861 2086; x_wconf 80' lang='grc' dir='ltr'>ἡμῖν.</span> <span class='ocrx_word' id='word_1_248' title='bbox 897 2035 944 2074; x_wconf 90' lang='grc' dir='ltr'>Τί</span> <span class='ocrx_word' id='word_1_249' title='bbox 982 2036 1103 2073; x_wconf 80' lang='grc' dir='ltr'>ἐνιδὼν</span> 
     </span>
     <span class='ocr_line' id='line_1_32' title="bbox 74 2093 1102 2149; baseline 0.003 -18"><span class='ocrx_word' id='word_1_250' title='bbox 74 2093 242 2140; x_wconf 85' lang='grc' dir='ltr'>ἐποίησας</span> <span class='ocrx_word' id='word_1_251' title='bbox 261 2097 363 2132; x_wconf 87' lang='grc' dir='ltr'>τοῦτο</span> <span class='ocrx_word' id='word_1_252' title='bbox 371 2110 381 2140; x_wconf 84' lang='lat'>3</span> <span class='ocrx_word' id='word_1_253' title='bbox 400 2094 468 2132; x_wconf 84' lang='grc' dir='ltr'>Διὰ</span> <span class='ocrx_word' id='word_1_254' title='bbox 492 2094 549 2143; x_wconf 84' lang='grc' dir='ltr'>τί,</span> <span class='ocrx_word' id='word_1_255' title='bbox 576 2096 682 2147; x_wconf 76' lang='grc' dir='ltr'>φησὶ,</span> <span class='ocrx_word' id='word_1_256' title='bbox 703 2095 855 2149; x_wconf 84' lang='grc' dir='ltr'>τοσαύτῃ</span> <span class='ocrx_word' id='word_1_257' title='bbox 889 2112 932 2147; x_wconf 91' lang='grc' dir='ltr'>με</span> <span class='ocrx_word' id='word_1_258' title='bbox 952 2096 1102 2148; x_wconf 69' lang='grc' dir='ltr'>περιδα-</span> 
     </span>
     <span class='ocr_line' id='line_1_33' title="bbox 73 2154 1101 2207; baseline 0.004 -16"><span class='ocrx_word' id='word_1_259' title='bbox 73 2155 145 2192; x_wconf 89' lang='grc' dir='ltr'>λεῖν</span> <span class='ocrx_word' id='word_1_260' title='bbox 165 2155 320 2207; x_wconf 75' lang='grc' dir='ltr'>ἁμαρτίᾳ</span> <span class='ocrx_word' id='word_1_261' title='bbox 347 2154 570 2204; x_wconf 75' lang='grc' dir='ltr'>ἠὸουλήθης;</span> <span class='ocrx_word' id='word_1_262' title='bbox 591 2155 682 2200; x_wconf 87' lang='grc' dir='ltr'>τίνος</span> <span class='ocrx_word' id='word_1_263' title='bbox 701 2157 828 2204; x_wconf 82' lang='grc' dir='ltr'>ἕνεκεν,</span> <span class='ocrx_word' id='word_1_264' title='bbox 849 2158 908 2195; x_wconf 81' lang='grc' dir='ltr'>καὶ</span> <span class='ocrx_word' id='word_1_265' title='bbox 928 2156 962 2194; x_wconf 87' lang='grc' dir='ltr'>τί</span> <span class='ocrx_word' id='word_1_266' title='bbox 981 2157 1101 2203; x_wconf 81' lang='grc' dir='ltr'>ἐννοή-</span> 
     </span>
     <span class='ocr_line' id='line_1_34' title="bbox 73 2215 1100 2268; baseline 0.002 -16"><span class='ocrx_word' id='word_1_267' title='bbox 73 2230 135 2258; x_wconf 90' lang='grc' dir='ltr'>σας</span> <span class='ocrx_word' id='word_1_268' title='bbox 162 2219 263 2253; x_wconf 90' lang='grc' dir='ltr'>τοῦτο</span> <span class='ocrx_word' id='word_1_269' title='bbox 296 2215 515 2262; x_wconf 74' lang='grc' dir='ltr'>πεποίηκας,</span> <span class='ocrx_word' id='word_1_270' title='bbox 549 2215 644 2268; x_wconf 72' lang='lat' dir='ltr'>“Opoe</span> <span class='ocrx_word' id='word_1_271' title='bbox 672 2219 746 2260; x_wconf 83' lang='grc' dir='ltr'>πῶς</span> <span class='ocrx_word' id='word_1_272' title='bbox 775 2218 832 2256; x_wconf 84' lang='grc' dir='ltr'>διὰ</span> <span class='ocrx_word' id='word_1_273' title='bbox 865 2219 934 2255; x_wconf 79' lang='grc' dir='ltr'>τῶν</span> <span class='ocrx_word' id='word_1_274' title='bbox 963 2216 1100 2255; x_wconf 79' lang='grc' dir='ltr'>οἰκείων</span> 
     </span>
     <span class='ocr_line' id='line_1_35' title="bbox 73 2275 1101 2330; baseline 0.003 -17"><span class='ocrx_word' id='word_1_275' title='bbox 73 2275 239 2327; x_wconf 80' lang='grc' dir='ltr'>ῥημάτων</span> <span class='ocrx_word' id='word_1_276' title='bbox 252 2276 406 2314; x_wconf 86' lang='grc' dir='ltr'>δείκνυσι</span> <span class='ocrx_word' id='word_1_277' title='bbox 426 2276 490 2324; x_wconf 85' lang='grc' dir='ltr'>τὴν</span> <span class='ocrx_word' id='word_1_278' title='bbox 505 2277 604 2330; x_wconf 84' lang='grc' dir='ltr'>παρὰ</span> <span class='ocrx_word' id='word_1_279' title='bbox 617 2282 677 2316; x_wconf 90' lang='grc' dir='ltr'>τοῦ</span> <span class='ocrx_word' id='word_1_280' title='bbox 692 2280 785 2318; x_wconf 87' lang='grc' dir='ltr'>Θεοῦ</span> <span class='ocrx_word' id='word_1_281' title='bbox 805 2279 954 2326; x_wconf 83' lang='grc' dir='ltr'>ἀπειλὴν</span> <span class='ocrx_word' id='word_1_282' title='bbox 970 2278 1034 2325; x_wconf 84' lang='grc' dir='ltr'>τὴν</span> <span class='ocrx_word' id='word_1_283' title='bbox 1052 2281 1101 2322; x_wconf 87' lang='grc' dir='ltr'>εἷς</span> 
     </span>
     <span class='ocr_line' id='line_1_36' title="bbox 72 2333 1100 2393; baseline 0.003 -19"><span class='ocrx_word' id='word_1_284' title='bbox 72 2337 176 2375; x_wconf 84' lang='grc' dir='ltr'>αὐτὸν</span> <span class='ocrx_word' id='word_1_285' title='bbox 202 2337 453 2388; x_wconf 82' lang='grc' dir='ltr'>γεγενημένην.</span> <span class='ocrx_word' id='word_1_286' title='bbox 470 2337 618 2386; x_wconf 80' lang='grc' dir='ltr'>Ἐπειδὴ</span> <span class='ocrx_word' id='word_1_287' title='bbox 642 2339 709 2392; x_wconf 81' lang='grc' dir='ltr'>γὰρ</span> <span class='ocrx_word' id='word_1_288' title='bbox 734 2333 829 2378; x_wconf 64' lang='grc' dir='ltr'>εἶπεν</span> <span class='ocrx_word' id='word_1_289' title='bbox 848 2342 962 2393; x_wconf 81' lang='grc' dir='ltr'>αὐτῷ,</span> <span class='ocrx_word' id='word_1_290' title='bbox 983 2339 1036 2378; x_wconf 76' lang='grc' dir='ltr'>ὅτι</span> <span class='ocrx_word' id='word_1_291' title='bbox 1056 2341 1100 2379; x_wconf 90' lang='grc' dir='ltr'>Εἰ</span> 
     </span>
     <span class='ocr_line' id='line_1_37' title="bbox 71 2397 1101 2451; baseline 0.004 -16"><span class='ocrx_word' id='word_1_292' title='bbox 71 2397 120 2448; x_wconf 86' lang='grc' dir='ltr'>μὴ</span> <span class='ocrx_word' id='word_1_293' title='bbox 145 2398 319 2443; x_wconf 80' lang='grc' dir='ltr'>ἀποδίδως</span> <span class='ocrx_word' id='word_1_294' title='bbox 335 2429 344 2447; x_wconf 93' lang='grc'>,</span> <span class='ocrx_word' id='word_1_295' title='bbox 372 2400 530 2451; x_wconf 81' lang='grc' dir='ltr'>ἀποθανῇ</span> <span class='ocrx_word' id='word_1_296' title='bbox 559 2399 600 2437; x_wconf 84' lang='grc' dir='ltr'>σὺ</span> <span class='ocrx_word' id='word_1_297' title='bbox 621 2400 681 2438; x_wconf 78' lang='grc' dir='ltr'>καὶ</span> <span class='ocrx_word' id='word_1_298' title='bbox 700 2401 816 2439; x_wconf 84' lang='grc' dir='ltr'>πάντα</span> <span class='ocrx_word' id='word_1_299' title='bbox 849 2401 891 2439; x_wconf 86' lang='grc' dir='ltr'>τὰ</span> <span class='ocrx_word' id='word_1_300' title='bbox 911 2401 956 2440; x_wconf 85' lang='grc' dir='ltr'>σὰ</span> <span class='ocrx_word' id='word_1_301' title='bbox 969 2432 978 2450; x_wconf 93' lang='grc'>,</span> <span class='ocrx_word' id='word_1_302' title='bbox 998 2405 1101 2439; x_wconf 87' lang='grc' dir='ltr'>τοῦτο</span> 
     </span>
     <span class='ocr_line' id='line_1_38' title="bbox 70 2459 1099 2536; baseline 0.004 -39"><span class='ocrx_word' id='word_1_303' title='bbox 70 2459 156 2498; x_wconf 80' lang='grc' dir='ltr'>αὐτὸ</span> <span class='ocrx_word' id='word_1_304' title='bbox 158 2460 370 2535; x_wconf 82' lang='grc' dir='ltr'>ἑρμηνεύων</span> <span class='ocrx_word' id='word_1_305' title='bbox 387 2464 405 2499; x_wconf 94' lang='lat'>6</span> <span class='ocrx_word' id='word_1_306' title='bbox 421 2460 609 2536; x_wconf 72' lang='grc' dir='ltr'>Αὸιμέλεχ</span> <span class='ocrx_word' id='word_1_307' title='bbox 624 2461 730 2513; x_wconf 80' lang='grc' dir='ltr'>φησί·</span> <span class='ocrx_word' id='word_1_308' title='bbox 744 2463 792 2501; x_wconf 90' lang='grc' dir='ltr'>Τί</span> <span class='ocrx_word' id='word_1_309' title='bbox 810 2463 970 2515; x_wconf 79' lang='grc' dir='ltr'>ἥμαρτον</span> <span class='ocrx_word' id='word_1_310' title='bbox 986 2465 1033 2506; x_wconf 85' lang='grc' dir='ltr'>εἷς</span> <span class='ocrx_word' id='word_1_311' title='bbox 1048 2463 1099 2511; x_wconf 86' lang='grc' dir='ltr'>σὲ,</span> 
     </span>
     <span class='ocr_line' id='line_1_39' title="bbox 69 2520 1098 2576; baseline 0.004 -18"><span class='ocrx_word' id='word_1_312' title='bbox 69 2520 122 2558; x_wconf 78' lang='grc' dir='ltr'>ὅτι</span> <span class='ocrx_word' id='word_1_313' title='bbox 153 2521 329 2573; x_wconf 81' lang='grc' dir='ltr'>ἐπήγαγες</span> <span class='ocrx_word' id='word_1_314' title='bbox 355 2522 412 2559; x_wconf 77' lang='grc' dir='ltr'>ἐπ’</span> <span class='ocrx_word' id='word_1_315' title='bbox 446 2521 509 2572; x_wconf 82' lang='grc' dir='ltr'>ἐμὲ</span> <span class='ocrx_word' id='word_1_316' title='bbox 545 2522 605 2560; x_wconf 85' lang='grc' dir='ltr'>καὶ</span> <span class='ocrx_word' id='word_1_317' title='bbox 635 2523 692 2561; x_wconf 82' lang='grc' dir='ltr'>ἐπὶ</span> <span class='ocrx_word' id='word_1_318' title='bbox 726 2523 790 2571; x_wconf 82' lang='grc' dir='ltr'>τὴν</span> <span class='ocrx_word' id='word_1_319' title='bbox 819 2524 1000 2576; x_wconf 86' lang='grc' dir='ltr'>βασιλείαν</span> <span class='ocrx_word' id='word_1_320' title='bbox 1033 2540 1098 2575; x_wconf 91' lang='grc' dir='ltr'>μου</span> 
     </span>
     <span class='ocr_line' id='line_1_40' title="bbox 69 2581 1099 2638; baseline 0.006 -20"><span class='ocrx_word' id='word_1_321' title='bbox 69 2581 245 2633; x_wconf 82' lang='grc' dir='ltr'>ἁμαρτίαν</span> <span class='ocrx_word' id='word_1_322' title='bbox 263 2583 444 2633; x_wconf 74' lang='grc' dir='ltr'>μεγάλην,</span> <span class='ocrx_word' id='word_1_323' title='bbox 463 2583 525 2630; x_wconf 83' lang='grc' dir='ltr'>Μὴ</span> <span class='ocrx_word' id='word_1_324' title='bbox 546 2583 614 2635; x_wconf 84' lang='grc' dir='ltr'>γὰρ</span> <span class='ocrx_word' id='word_1_325' title='bbox 631 2583 755 2636; x_wconf 79' lang='grc' dir='ltr'>μέχρις</span> <span class='ocrx_word' id='word_1_326' title='bbox 774 2587 860 2636; x_wconf 82' lang='grc' dir='ltr'>ἐμοῦ</span> <span class='ocrx_word' id='word_1_327' title='bbox 880 2589 953 2638; x_wconf 73' lang='grc' dir='ltr'>εἶχε</span> <span class='ocrx_word' id='word_1_328' title='bbox 974 2601 1099 2633; x_wconf 87' lang='grc' dir='ltr'>στηναι</span> 
     </span>
     <span class='ocr_line' id='line_1_41' title="bbox 67 2641 1099 2699; baseline 0.005 -20"><span class='ocrx_word' id='word_1_329' title='bbox 67 2641 112 2679; x_wconf 86' lang='grc' dir='ltr'>τὰ</span> <span class='ocrx_word' id='word_1_330' title='bbox 130 2645 193 2688; x_wconf 75' lang='grc' dir='ltr'>τῆς</span> <span class='ocrx_word' id='word_1_331' title='bbox 212 2643 404 2695; x_wconf 87' lang='grc' dir='ltr'>τιμωρίας·</span> <span class='ocrx_word' id='word_1_332' title='bbox 396 2673 406 2691; x_wconf 90' lang='grc'>,</span> <span class='ocrx_word' id='word_1_333' title='bbox 432 2644 538 2682; x_wconf 86' lang='grc' dir='ltr'>Πασά</span> <span class='ocrx_word' id='word_1_334' title='bbox 563 2661 628 2695; x_wconf 88' lang='grc' dir='ltr'>μου</span> <span class='ocrx_word' id='word_1_335' title='bbox 645 2648 667 2692; x_wconf 83' lang='grc' dir='ltr'>ἡ</span> <span class='ocrx_word' id='word_1_336' title='bbox 686 2646 889 2697; x_wconf 86' lang='grc' dir='ltr'>βασιλεία</span> <span class='ocrx_word' id='word_1_337' title='bbox 867 2648 976 2699; x_wconf 89' lang='grc' dir='ltr'>αρδην</span> <span class='ocrx_word' id='word_1_338' title='bbox 992 2645 1099 2697; x_wconf 85' lang='grc' dir='ltr'>ἔμελ-</span> 
     </span>
     <span class='ocr_line' id='line_1_42' title="bbox 69 2703 1099 2759; baseline 0.007 -20"><span class='ocrx_word' id='word_1_339' title='bbox 69 2704 126 2739; x_wconf 89' lang='grc' dir='ltr'>λεν</span> <span class='ocrx_word' id='word_1_340' title='bbox 145 2703 402 2755; x_wconf 77' lang='grc' dir='ltr'>ἀφανίζεσθαι’</span> <span class='ocrx_word' id='word_1_341' title='bbox 387 2720 426 2742; x_wconf 87' lang='grc' dir='ltr'>εκ</span> <span class='ocrx_word' id='word_1_342' title='bbox 445 2707 507 2751; x_wconf 84' lang='grc' dir='ltr'>τ’ῆς</span> <span class='ocrx_word' id='word_1_343' title='bbox 528 2706 666 2753; x_wconf 80' lang='grc' dir='ltr'>ἀπάτης</span> <span class='ocrx_word' id='word_1_344' title='bbox 687 2722 749 2752; x_wconf 87' lang='grc' dir='ltr'>της</span> <span class='ocrx_word' id='word_1_345' title='bbox 767 2707 864 2759; x_wconf 85' lang='grc' dir='ltr'>παρὰ</span> <span class='ocrx_word' id='word_1_346' title='bbox 884 2711 945 2746; x_wconf 84' lang='grc' dir='ltr'>σοῦ</span> <span class='ocrx_word' id='word_1_347' title='bbox 958 2723 1099 2759; x_wconf 79' lang='grc' dir='ltr'>γεγενη-</span> 
     </span>
     <span class='ocr_line' id='line_1_43' title="bbox 69 2764 1097 2815; baseline 0.007 -15"><span class='ocrx_word' id='word_1_348' title='bbox 69 2764 188 2813; x_wconf 85' lang='grc' dir='ltr'>μένης.</span> <span class='ocrx_word' id='word_1_349' title='bbox 207 2764 255 2802; x_wconf 72' lang='lat' dir='ltr'>&#39;li</span> <span class='ocrx_word' id='word_1_350' title='bbox 274 2768 332 2802; x_wconf 80' lang='grc' dir='ltr'>οὖν</span> <span class='ocrx_word' id='word_1_351' title='bbox 352 2766 472 2804; x_wconf 80' lang='grc' dir='ltr'>ἐνιδὼν</span> <span class='ocrx_word' id='word_1_352' title='bbox 492 2766 658 2814; x_wconf 82' lang='grc' dir='ltr'>ἐποίησας</span> <span class='ocrx_word' id='word_1_353' title='bbox 681 2771 800 2815; x_wconf 77' lang='grc' dir='ltr'>τοῦτο,</span> <span class='ocrx_word' id='word_1_354' title='bbox 821 2768 984 2807; x_wconf 83' lang='grc' dir='ltr'>Σκόπει’</span> <span class='ocrx_word' id='word_1_355' title='bbox 969 2772 1097 2807; x_wconf 89' lang='grc' dir='ltr'>ενταῦ-</span> 
     </span>
     <span class='ocr_line' id='line_1_44' title="bbox 66 2825 1096 2882; baseline 0.007 -21"><span class='ocrx_word' id='word_1_356' title='bbox 66 2827 130 2869; x_wconf 86' lang='grc' dir='ltr'>θα,</span> <span class='ocrx_word' id='word_1_357' title='bbox 148 2825 330 2875; x_wconf 82' lang='grc' dir='ltr'>ἀγαπητὲ,</span> <span class='ocrx_word' id='word_1_358' title='bbox 348 2831 409 2864; x_wconf 89' lang='grc' dir='ltr'>τοῦ</span> <span class='ocrx_word' id='word_1_359' title='bbox 429 2827 562 2866; x_wconf 83' lang='grc' dir='ltr'>δικαίου</span> <span class='ocrx_word' id='word_1_360' title='bbox 583 2829 623 2867; x_wconf 83' lang='grc' dir='ltr'>τὸ</span> <span class='ocrx_word' id='word_1_361' title='bbox 641 2829 824 2882; x_wconf 75' lang='grc' dir='ltr'>φρόνημα,</span> <span class='ocrx_word' id='word_1_362' title='bbox 841 2845 935 2873; x_wconf 86' lang='grc' dir='ltr'>οπως</span> <span class='ocrx_word' id='word_1_363' title='bbox 953 2831 987 2868; x_wconf 84' lang='grc' dir='ltr'>ἐν</span> <span class='ocrx_word' id='word_1_364' title='bbox 1002 2830 1096 2875; x_wconf 81' lang='grc' dir='ltr'>τάξει</span> 
     </span>
     <span class='ocr_line' id='line_1_45' title="bbox 67 2885 1090 2942; baseline 0.008 -20"><span class='ocrx_word' id='word_1_365' title='bbox 67 2885 258 2937; x_wconf 88' lang='grc' dir='ltr'>ἀπολογίας</span> <span class='ocrx_word' id='word_1_366' title='bbox 288 2887 514 2926; x_wconf 85' lang='grc' dir='ltr'>διδασκαλίαν</span> <span class='ocrx_word' id='word_1_367' title='bbox 553 2891 670 2934; x_wconf 82' lang='grc' dir='ltr'>αὐτοῖς</span> <span class='ocrx_word' id='word_1_368' title='bbox 704 2891 912 2942; x_wconf 87' lang='grc' dir='ltr'>θεογνωσίας</span> <span class='ocrx_word' id='word_1_369' title='bbox 947 2892 1090 2941; x_wconf 85' lang='grc' dir='ltr'>εἰσάγει.</span> 
     </span>
     <span class='ocr_line' id='line_1_46' title="bbox 66 2940 1094 3020; baseline 0.009 -37"><span class='ocrx_word' id='word_1_370' title='bbox 66 2940 115 2984; x_wconf 61' lang='lat' dir='ltr'>Is</span> <span class='ocrx_word' id='word_1_371' title='bbox 100 2950 162 2984; x_wconf 89' lang='grc' dir='ltr'>πα</span> <span class='ocrx_word' id='word_1_372' title='bbox 183 2947 272 3020; x_wconf 86' lang='grc' dir='ltr'>γὰρ,</span> <span class='ocrx_word' id='word_1_373' title='bbox 292 2948 398 3000; x_wconf 81' lang='grc' dir='ltr'>φησὶ,</span> <span class='ocrx_word' id='word_1_374' title='bbox 422 2965 559 3000; x_wconf 90' lang='grc' dir='ltr'>μηποτε</span> <span class='ocrx_word' id='word_1_375' title='bbox 589 2954 650 2990; x_wconf 79' lang='grc' dir='ltr'>οὐκ</span> <span class='ocrx_word' id='word_1_376' title='bbox 683 2952 756 2990; x_wconf 86' lang='grc' dir='ltr'>ἔστι</span> <span class='ocrx_word' id='word_1_377' title='bbox 782 2953 962 2991; x_wconf 72' lang='grc' dir='ltr'>Θεοσέὸεια</span> <span class='ocrx_word' id='word_1_378' title='bbox 991 2955 1025 2991; x_wconf 87' lang='grc' dir='ltr'>ἐν</span> <span class='ocrx_word' id='word_1_379' title='bbox 1044 2956 1094 3006; x_wconf 83' lang='grc' dir='ltr'>τῷ</span> 
     </span>
     <span class='ocr_line' id='line_1_47' title="bbox 65 3007 1096 3067; baseline 0.01 -23"><span class='ocrx_word' id='word_1_380' title='bbox 65 3007 163 3060; x_wconf 88' lang='grc' dir='ltr'>τόπῳ</span> <span class='ocrx_word' id='word_1_381' title='bbox 183 3008 314 3060; x_wconf 84' lang='grc' dir='ltr'>τούτῳ,</span> <span class='ocrx_word' id='word_1_382' title='bbox 334 3010 398 3059; x_wconf 82' lang='grc' dir='ltr'>εμέ</span> <span class='ocrx_word' id='word_1_383' title='bbox 418 3026 456 3048; x_wconf 87' lang='grc' dir='ltr'>τε</span> <span class='ocrx_word' id='word_1_384' title='bbox 484 3012 734 3051; x_wconf 85' lang='grc' dir='ltr'>ἀποκτενοῦσιν</span> <span class='ocrx_word' id='word_1_385' title='bbox 759 3014 874 3052; x_wconf 80' lang='grc' dir='ltr'>ἕνεκεν</span> <span class='ocrx_word' id='word_1_386' title='bbox 893 3017 957 3061; x_wconf 78' lang='grc' dir='ltr'>τῆς</span> <span class='ocrx_word' id='word_1_387' title='bbox 973 3031 1096 3067; x_wconf 83' lang='grc' dir='ltr'>γυναι-</span> 
     </span>
     <span class='ocr_line' id='line_1_48' title="bbox 66 3067 1093 3125; baseline 0.011 -21"><span class='ocrx_word' id='word_1_388' title='bbox 66 3067 124 3110; x_wconf 79' lang='grc' dir='ltr'>κός</span> <span class='ocrx_word' id='word_1_389' title='bbox 144 3083 230 3118; x_wconf 69' lang='grc' dir='ltr'>μου,</span> <span class='ocrx_word' id='word_1_390' title='bbox 248 3069 478 3121; x_wconf 83' lang='grc' dir='ltr'>Ἐναγώνιος,</span> <span class='ocrx_word' id='word_1_391' title='bbox 496 3072 582 3123; x_wconf 79' lang='grc' dir='ltr'>φησὶ</span> <span class='ocrx_word' id='word_1_392' title='bbox 594 3103 606 3120; x_wconf 85' lang='grc'>,</span> <span class='ocrx_word' id='word_1_393' title='bbox 627 3073 771 3124; x_wconf 86' lang='grc' dir='ltr'>γέγονα,</span> <span class='ocrx_word' id='word_1_394' title='bbox 798 3075 935 3125; x_wconf 79' lang='grc' dir='ltr'>μήποτε</span> <span class='ocrx_word' id='word_1_395' title='bbox 954 3080 968 3096; x_wconf 78' lang='lat'>³</span> <span class='ocrx_word' id='word_1_396' title='bbox 980 3075 1037 3114; x_wconf 80' lang='grc' dir='ltr'>διὰ</span> <span class='ocrx_word' id='word_1_397' title='bbox 1053 3077 1093 3115; x_wconf 87' lang='grc' dir='ltr'>τὸ</span> 
     </span>
    </p>
   </div>
   <div class='ocr_carea' id='block_1_3' title="bbox 67 3171 1081 3431">
    <p class='ocr_par' dir='ltr' id='par_1_4' title="bbox 109 3171 727 3222">
     <span class='ocr_line' id='line_1_49' title="bbox 109 3171 727 3222; baseline 0.013 -19"><span class='ocrx_word' id='word_1_398' title='bbox 109 3172 126 3196; x_wconf 75' lang='lat' dir='ltr'>b</span> <span class='ocrx_word' id='word_1_399' title='bbox 141 3171 296 3215; x_wconf 82' lang='lat' dir='ltr'><strong>Quinque</strong></span> <span class='ocrx_word' id='word_1_400' title='bbox 307 3174 386 3206; x_wconf 85' lang='lat' dir='ltr'>Mss.</span> <span class='ocrx_word' id='word_1_401' title='bbox 406 3180 459 3209; x_wconf 83' lang='grc' dir='ltr'>τοῦ</span> <span class='ocrx_word' id='word_1_402' title='bbox 472 3180 537 3210; x_wconf 78' lang='grc' dir='ltr'>θεοῦ</span> <span class='ocrx_word' id='word_1_403' title='bbox 549 3181 727 3222; x_wconf 73' lang='grc' dir='ltr'>παρῥησίας.</span> 
     </span>
    </p>

    <p class='ocr_par' dir='ltr' id='par_1_5' title="bbox 67 3229 1081 3431">
     <span class='ocr_line' id='line_1_50' title="bbox 109 3229 1078 3274; baseline 0.008 -18"><span class='ocrx_word' id='word_1_404' title='bbox 109 3233 123 3248; x_wconf 75' lang='lat'>⁵·</span> <span class='ocrx_word' id='word_1_405' title='bbox 137 3231 190 3257; x_wconf 73' lang='grc' dir='ltr'>Διὰ</span> <span class='ocrx_word' id='word_1_406' title='bbox 203 3230 238 3258; x_wconf 81' lang='grc' dir='ltr'>τὸ</span> <span class='ocrx_word' id='word_1_407' title='bbox 263 3230 308 3260; x_wconf 82' lang='grc' dir='ltr'>ἔτι</span> <span class='ocrx_word' id='word_1_408' title='bbox 332 3235 369 3264; x_wconf 86' lang='grc' dir='ltr'>τῆ</span> <span class='ocrx_word' id='word_1_409' title='bbox 383 3231 479 3265; x_wconf 71' lang='grc' dir='ltr'>πλάνη</span> <span class='ocrx_word' id='word_1_410' title='bbox 496 3231 574 3271; x_wconf 72' lang='grc' dir='ltr'>υμᾶς</span> <span class='ocrx_word' id='word_1_411' title='bbox 590 3243 663 3264; x_wconf 77' lang='grc' dir='ltr'>κατε</span> <span class='ocrx_word' id='word_1_412' title='bbox 652 3234 700 3273; x_wconf 67' lang='grc' dir='ltr'>ὲιχ</span> <span class='ocrx_word' id='word_1_413' title='bbox 689 3234 782 3271; x_wconf 75' lang='grc' dir='ltr'>εσθαι,</span> <span class='ocrx_word' id='word_1_414' title='bbox 800 3241 838 3261; x_wconf 84' lang='lat' dir='ltr'>eo</span> <span class='ocrx_word' id='word_1_415' title='bbox 859 3232 952 3274; x_wconf 85' lang='lat' dir='ltr'>quod</span> <span class='ocrx_word' id='word_1_416' title='bbox 965 3229 1078 3263; x_wconf 82' lang='lat' dir='ltr'>adhuc</span> 
     </span>
     <span class='ocr_line' id='line_1_51' title="bbox 67 3275 1079 3324; baseline 0.01 -19"><span class='ocrx_word' id='word_1_417' title='bbox 67 3285 172 3307; x_wconf 81' lang='lat' dir='ltr'>errore</span> <span class='ocrx_word' id='word_1_418' title='bbox 187 3275 391 3311; x_wconf 77' lang='lat' dir='ltr'>detinemini.</span> <span class='ocrx_word' id='word_1_419' title='bbox 415 3279 494 3312; x_wconf 85' lang='lat' dir='ltr'>Haec</span> <span class='ocrx_word' id='word_1_420' title='bbox 517 3279 743 3314; x_wconf 78' lang='lat' dir='ltr'>Abrahamum</span> <span class='ocrx_word' id='word_1_421' title='bbox 765 3280 955 3324; x_wconf 74' lang='lat' dir='ltr'>loquentem</span> <span class='ocrx_word' id='word_1_422' title='bbox 979 3282 1079 3316; x_wconf 82' lang='lat' dir='ltr'>indu-</span> 
     </span>
     <span class='ocr_line' id='line_1_52' title="bbox 67 3319 1077 3374; baseline 0.011 -17"><span class='ocrx_word' id='word_1_423' title='bbox 67 3319 396 3371; x_wconf 79' lang='lat' dir='ltr'>citChrysostomus,</span> <span class='ocrx_word' id='word_1_424' title='bbox 414 3330 506 3374; x_wconf 85' lang='lat' dir='ltr'>quasi</span> <span class='ocrx_word' id='word_1_425' title='bbox 527 3331 679 3366; x_wconf 62' lang='lat' dir='ltr'>tidelicet</span> <span class='ocrx_word' id='word_1_426' title='bbox 697 3333 886 3368; x_wconf 81' lang='lat' dir='ltr'>Abimelech</span> <span class='ocrx_word' id='word_1_427' title='bbox 905 3344 939 3369; x_wconf 83' lang='lat' dir='ltr'>et</span> <span class='ocrx_word' id='word_1_428' title='bbox 952 3335 1077 3370; x_wconf 87' lang='lat' dir='ltr'>subditi</span> 
     </span>
     <span class='ocr_line' id='line_1_53' title="bbox 68 3379 1081 3431; baseline 0.013 -22"><span class='ocrx_word' id='word_1_429' title='bbox 68 3379 157 3411; x_wconf 87' lang='lat' dir='ltr'>circa</span> <span class='ocrx_word' id='word_1_430' title='bbox 183 3379 374 3424; x_wconf 79' lang='lat' dir='ltr'>religionem</span> <span class='ocrx_word' id='word_1_431' title='bbox 393 3392 555 3418; x_wconf 82' lang='lat' dir='ltr'>errarent.</span> <span class='ocrx_word' id='word_1_432' title='bbox 577 3384 617 3418; x_wconf 89' lang='lat' dir='ltr'>Id</span> <span class='ocrx_word' id='word_1_433' title='bbox 641 3393 751 3419; x_wconf 86' lang='lat' dir='ltr'>tamen</span> <span class='ocrx_word' id='word_1_434' title='bbox 781 3385 961 3431; x_wconf 80' lang='lat' dir='ltr'>Scripturae</span> <span class='ocrx_word' id='word_1_435' title='bbox 986 3391 1081 3422; x_wconf 81' lang='lat' dir='ltr'>seriei</span> 
     </span>
    </p>
   </div>
   <div class='ocr_carea' id='block_1_4' title="bbox 1129 184 2145 229">
    <p class='ocr_par' dir='ltr' id='par_1_6' title="bbox 1129 184 2145 229">
     <span class='ocr_line' id='line_1_54' title="bbox 1129 184 2145 229; baseline 0.01 -10"><span class='ocrx_word' id='word_1_436' title='bbox 1129 189 1195 219; x_wconf 71' lang='lat' dir='ltr'>ns.</span> <span class='ocrx_word' id='word_1_437' title='bbox 1239 189 1393 220; x_wconf 61' lang='lat' dir='ltr'>noant„</span> <span class='ocrx_word' id='word_1_438' title='bbox 1434 190 1541 220; x_wconf 63' lang='lat' dir='ltr'>xiv.</span> <span class='ocrx_word' id='word_1_439' title='bbox 2057 184 2110 228; x_wconf 81' lang='grc'>5’·’</span> <span class='ocrx_word' id='word_1_440' title='bbox 2103 185 2145 229; x_wconf 77' lang='lat'>»3</span> 
     </span>
    </p>
   </div>
   <div class='ocr_carea' id='block_1_5' title="bbox 1121 266 2162 3124">
    <p class='ocr_par' dir='ltr' id='par_1_7' title="bbox 1121 266 2162 3124">
     <span class='ocr_line' id='line_1_55' title="bbox 1193 266 2162 325; baseline 0.01 -17"><span class='ocrx_word' id='word_1_441' title='bbox 1193 272 1360 322; x_wconf 78' lang='lat' dir='ltr'>loquitur,</span> <span class='ocrx_word' id='word_1_442' title='bbox 1381 272 1469 310; x_wconf 89' lang='lat' dir='ltr'>utin</span> <span class='ocrx_word' id='word_1_443' title='bbox 1488 272 1605 324; x_wconf 87' lang='lat' dir='ltr'>quiete</span> <span class='ocrx_word' id='word_1_444' title='bbox 1625 282 1766 324; x_wconf 83' lang='lat' dir='ltr'>accepta</span> <span class='ocrx_word' id='word_1_445' title='bbox 1787 272 2049 325; x_wconf 77' lang='lat' dir='ltr'>admonitione,</span> <span class='ocrx_word' id='word_1_446' title='bbox 2072 266 2162 318; x_wconf 40' lang='lat' dir='ltr'>nias</span> 
     </span>
     <span class='ocr_line' id='line_1_56' title="bbox 1192 332 2142 386; baseline 0.005 -16"><span class='ocrx_word' id='word_1_447' title='bbox 1192 345 1261 383; x_wconf 83' lang='lat' dir='ltr'>gno</span> <span class='ocrx_word' id='word_1_448' title='bbox 1293 332 1421 371; x_wconf 88' lang='lat' dir='ltr'>timore</span> <span class='ocrx_word' id='word_1_449' title='bbox 1451 333 1622 386; x_wconf 86' lang='lat' dir='ltr'>imperata</span> <span class='ocrx_word' id='word_1_450' title='bbox 1648 333 1765 371; x_wconf 82' lang='lat' dir='ltr'>saciat.</span> <span class='ocrx_word' id='word_1_451' title='bbox 1793 337 1829 372; x_wconf 79' lang='grc' dir='ltr'>ὅ.</span> <span class='ocrx_word' id='word_1_452' title='bbox 1863 335 1952 373; x_wconf 84' lang='lat' dir='ltr'>Nam</span> <span class='ocrx_word' id='word_1_453' title='bbox 1983 338 2122 375; x_wconf 76' lang='lat' dir='ltr'>Statim</span> <span class='ocrx_word' id='word_1_454' title='bbox 2135 369 2142 381; x_wconf 82' lang='lat'><em>‚</em></span> 
     </span>
     <span class='ocr_line' id='line_1_57' title="bbox 1192 393 2147 447; baseline 0.006 -17"><span class='ocrx_word' id='word_1_455' title='bbox 1192 393 1306 444; x_wconf 90' lang='lat' dir='ltr'>inquit</span> <span class='ocrx_word' id='word_1_456' title='bbox 1324 424 1335 443; x_wconf 85' lang='lat'><em>,</em></span> <span class='ocrx_word' id='word_1_457' title='bbox 1372 408 1488 432; x_wconf 83' lang='lat' dir='ltr'>mane</span> <span class='ocrx_word' id='word_1_458' title='bbox 1527 409 1685 447; x_wconf 82' lang='lat' dir='ltr'><strong><em>surgens</em></strong></span> <span class='ocrx_word' id='word_1_459' title='bbox 1727 395 1769 433; x_wconf 86' lang='lat' dir='ltr'><em>A</em></span> <span class='ocrx_word' id='word_1_460' title='bbox 1772 397 1962 434; x_wconf 80' lang='lat' dir='ltr'>bi&#39;melech</span> <span class='ocrx_word' id='word_1_461' title='bbox 1990 403 2147 436; x_wconf 75' lang='lat' dir='ltr'>vocavit</span> 
     </span>
     <span class='ocr_line' id='line_1_58' title="bbox 1188 456 2148 508; baseline 0.006 -18"><span class='ocrx_word' id='word_1_462' title='bbox 1188 466 1326 504; x_wconf 82' lang='lat' dir='ltr'>pueros</span> <span class='ocrx_word' id='word_1_463' title='bbox 1341 468 1447 501; x_wconf 81' lang='lat' dir='ltr'>suos,</span> <span class='ocrx_word' id='word_1_464' title='bbox 1463 464 1500 494; x_wconf 81' lang='lat' dir='ltr'>et</span> <span class='ocrx_word' id='word_1_465' title='bbox 1518 456 1699 508; x_wconf 81' lang='lat' dir='ltr'><em>loquutus</em></span> <span class='ocrx_word' id='word_1_466' title='bbox 1715 465 1770 495; x_wconf 86' lang='lat' dir='ltr'>est</span> <span class='ocrx_word' id='word_1_467' title='bbox 1785 460 1917 495; x_wconf 83' lang='lat' dir='ltr'>omnia</span> <span class='ocrx_word' id='word_1_468' title='bbox 1930 460 2053 496; x_wconf 85' lang='lat' dir='ltr'>verba</span> <span class='ocrx_word' id='word_1_469' title='bbox 2067 459 2148 496; x_wconf 72' lang='lat' dir='ltr'>ltaec</span> 
     </span>
     <span class='ocr_line' id='line_1_59' title="bbox 1191 517 1528 555; baseline 0.015 -5"><span class='ocrx_word' id='word_1_470' title='bbox 1191 517 1232 551; x_wconf 80' lang='lat' dir='ltr'>in</span> <span class='ocrx_word' id='word_1_471' title='bbox 1255 529 1368 554; x_wconf 84' lang='lat' dir='ltr'>aures</span> <span class='ocrx_word' id='word_1_472' title='bbox 1385 530 1528 555; x_wconf 86' lang='lat' dir='ltr'>eorum.</span> 
     </span>
     <span class='ocr_line' id='line_1_60' title="bbox 1243 575 2144 633; baseline 0.007 -21"><span class='ocrx_word' id='word_1_473' title='bbox 1243 577 1279 612; x_wconf 69' lang='lat'>4.</span> <span class='ocrx_word' id='word_1_474' title='bbox 1305 575 1399 614; x_wconf 80' lang='lat' dir='ltr'>vide</span> <span class='ocrx_word' id='word_1_475' title='bbox 1419 577 1597 627; x_wconf 85' lang='lat' dir='ltr'>quomodo</span> <span class='ocrx_word' id='word_1_476' title='bbox 1614 592 1676 616; x_wconf 80' lang='lat' dir='ltr'>rex</span> <span class='ocrx_word' id='word_1_477' title='bbox 1691 578 1731 616; x_wconf 89' lang='lat' dir='ltr'>fit</span> <span class='ocrx_word' id='word_1_478' title='bbox 1747 593 1860 631; x_wconf 83' lang='lat' dir='ltr'>praeco</span> <span class='ocrx_word' id='word_1_479' title='bbox 1880 579 2024 617; x_wconf 84' lang='lat' dir='ltr'>virtutis</span> <span class='ocrx_word' id='word_1_480' title='bbox 2033 581 2121 633; x_wconf 86' lang='lat' dir='ltr'>justi</span> <span class='ocrx_word' id='word_1_481' title='bbox 2133 611 2144 630; x_wconf 89' lang='lat'><em>‚</em></span> 
     </span>
     <span class='ocr_line' id='line_1_61' title="bbox 1142 637 2147 679; baseline 0.011 -11"><span class='ocrx_word' id='word_1_482' title='bbox 1142 638 1164 668; x_wconf 85' lang='lat' dir='ltr'>E</span> <span class='ocrx_word' id='word_1_483' title='bbox 1190 642 1222 671; x_wconf 88' lang='lat' dir='ltr'>et</span> <span class='ocrx_word' id='word_1_484' title='bbox 1251 648 1332 672; x_wconf 90' lang='lat' dir='ltr'>eum</span> <span class='ocrx_word' id='word_1_485' title='bbox 1365 637 1532 675; x_wconf 87' lang='lat' dir='ltr'>omnibus</span> <span class='ocrx_word' id='word_1_486' title='bbox 1566 640 1792 678; x_wconf 73' lang='lat' dir='ltr'>manifestum</span> <span class='ocrx_word' id='word_1_487' title='bbox 1831 639 1961 677; x_wconf 85' lang='lat' dir='ltr'><strong>reddit.</strong></span> <span class='ocrx_word' id='word_1_488' title='bbox 2001 641 2147 679; x_wconf 62' lang='lat' dir='ltr'>Vocatis</span> 
     </span>
     <span class='ocr_line' id='line_1_62' title="bbox 1190 694 2146 751; baseline 0.009 -20"><span class='ocrx_word' id='word_1_489' title='bbox 1190 694 1299 744; x_wconf 86' lang='lat' dir='ltr'>euim,</span> <span class='ocrx_word' id='word_1_490' title='bbox 1311 695 1440 746; x_wconf 84' lang='lat' dir='ltr'>inquit,</span> <span class='ocrx_word' id='word_1_491' title='bbox 1454 698 1619 736; x_wconf 82' lang='lat' dir='ltr'>omnibus</span> <span class='ocrx_word' id='word_1_492' title='bbox 1631 699 1748 751; x_wconf 85' lang='lat' dir='ltr'>pueris</span> <span class='ocrx_word' id='word_1_493' title='bbox 1759 701 1844 750; x_wconf 83' lang='lat' dir='ltr'>suis,</span> <span class='ocrx_word' id='word_1_494' title='bbox 1856 701 2013 738; x_wconf 85' lang='lat' dir='ltr'>narravit</span> <span class='ocrx_word' id='word_1_495' title='bbox 2027 702 2146 740; x_wconf 79' lang='lat' dir='ltr'>omnia</span> 
     </span>
     <span class='ocr_line' id='line_1_63' title="bbox 1189 755 2145 806; baseline 0.008 -14"><span class='ocrx_word' id='word_1_496' title='bbox 1189 755 1291 793; x_wconf 88' lang='lat' dir='ltr'>sibia</span> <span class='ocrx_word' id='word_1_497' title='bbox 1314 757 1388 794; x_wconf 87' lang='lat' dir='ltr'>Deo</span> <span class='ocrx_word' id='word_1_498' title='bbox 1408 758 1652 806; x_wconf 83' lang='lat' dir='ltr'>manifestata,</span> <span class='ocrx_word' id='word_1_499' title='bbox 1675 769 1712 797; x_wconf 92' lang='lat' dir='ltr'>ut</span> <span class='ocrx_word' id='word_1_500' title='bbox 1731 773 1852 797; x_wconf 85' lang='lat' dir='ltr'>omnes</span> <span class='ocrx_word' id='word_1_501' title='bbox 1878 762 2006 799; x_wconf 82' lang='lat' dir='ltr'>seirent</span> <span class='ocrx_word' id='word_1_502' title='bbox 2023 772 2055 800; x_wconf 91' lang='lat' dir='ltr'>et</span> <span class='ocrx_word' id='word_1_503' title='bbox 2080 763 2145 801; x_wconf 87' lang='lat' dir='ltr'>Dei</span> 
     </span>
     <span class='ocr_line' id='line_1_64' title="bbox 1189 816 2145 870; baseline 0.009 -18"><span class='ocrx_word' id='word_1_504' title='bbox 1189 829 1271 867; x_wconf 82' lang='lat' dir='ltr'>erga</span> <span class='ocrx_word' id='word_1_505' title='bbox 1287 816 1391 854; x_wconf 92' lang='lat' dir='ltr'>illum</span> <span class='ocrx_word' id='word_1_506' title='bbox 1406 818 1688 857; x_wconf 76' lang='lat' dir='ltr'>benevolentiam</span> <span class='ocrx_word' id='word_1_507' title='bbox 1699 849 1709 868; x_wconf 85' lang='lat'><strong><em>,</em></strong></span> <span class='ocrx_word' id='word_1_508' title='bbox 1727 829 1760 858; x_wconf 89' lang='lat' dir='ltr'>et</span> <span class='ocrx_word' id='word_1_509' title='bbox 1773 830 1947 870; x_wconf 87' lang='lat' dir='ltr'>quantum</span> <span class='ocrx_word' id='word_1_510' title='bbox 1964 823 2038 860; x_wconf 92' lang='lat' dir='ltr'>Deo</span> <span class='ocrx_word' id='word_1_511' title='bbox 2052 838 2145 862; x_wconf 69' lang='grc' dir='ltr'>ειη-ω</span> 
     </span>
     <span class='ocr_line' id='line_1_65' title="bbox 1187 879 2145 933; baseline 0.01 -20"><span class='ocrx_word' id='word_1_512' title='bbox 1187 885 1275 914; x_wconf 85' lang='lat' dir='ltr'>esset</span> <span class='ocrx_word' id='word_1_513' title='bbox 1298 887 1442 930; x_wconf 85' lang='lat' dir='ltr'>propter</span> <span class='ocrx_word' id='word_1_514' title='bbox 1463 879 1576 933; x_wconf 82' lang='lat' dir='ltr'>ipsius</span> <span class='ocrx_word' id='word_1_515' title='bbox 1595 894 1711 918; x_wconf 87' lang='lat' dir='ltr'>mores</span> <span class='ocrx_word' id='word_1_516' title='bbox 1731 889 1763 918; x_wconf 90' lang='lat' dir='ltr'>et</span> <span class='ocrx_word' id='word_1_517' title='bbox 1785 881 1967 919; x_wconf 71' lang='lat' dir='ltr'>virtutem,</span> <span class='ocrx_word' id='word_1_518' title='bbox 1996 885 2028 921; x_wconf 88' lang='lat' dir='ltr'><em>T</em></span> <span class='ocrx_word' id='word_1_519' title='bbox 2027 886 2145 923; x_wconf 85' lang='lat' dir='ltr'>imue-</span> 
     </span>
     <span class='ocr_line' id='line_1_66' title="bbox 1185 942 2143 983; baseline 0.009 -10"><span class='ocrx_word' id='word_1_520' title='bbox 1185 946 1275 975; x_wconf 83' lang='lat' dir='ltr'>runt</span> <span class='ocrx_word' id='word_1_521' title='bbox 1305 947 1435 977; x_wconf 86' lang='lat' dir='ltr'>autem</span> <span class='ocrx_word' id='word_1_522' title='bbox 1469 954 1600 979; x_wconf 87' lang='lat' dir='ltr'>omnes</span> <span class='ocrx_word' id='word_1_523' title='bbox 1633 943 1807 979; x_wconf 79' lang='lat' dir='ltr'>homines</span> <span class='ocrx_word' id='word_1_524' title='bbox 1842 942 1972 979; x_wconf 84' lang='lat' dir='ltr'>valde.</span> <span class='ocrx_word' id='word_1_525' title='bbox 2010 945 2143 983; x_wconf 58' lang='lat' dir='ltr'>vidisti</span> 
     </span>
     <span class='ocr_line' id='line_1_67' title="bbox 1184 1000 2146 1054; baseline 0.009 -19"><span class='ocrx_word' id='word_1_526' title='bbox 1184 1000 1363 1048; x_wconf 85' lang='lat' dir='ltr'>quomodo</span> <span class='ocrx_word' id='word_1_527' title='bbox 1378 1015 1446 1039; x_wconf 93' lang='lat' dir='ltr'>non</span> <span class='ocrx_word' id='word_1_528' title='bbox 1461 1002 1591 1040; x_wconf 83' lang='lat' dir='ltr'>frustra</span> <span class='ocrx_word' id='word_1_529' title='bbox 1608 1012 1640 1040; x_wconf 91' lang='lat' dir='ltr'>et</span> <span class='ocrx_word' id='word_1_530' title='bbox 1653 1002 1786 1054; x_wconf 84' lang='lat' dir='ltr'>absque</span> <span class='ocrx_word' id='word_1_531' title='bbox 1799 1016 1904 1040; x_wconf 87' lang='lat' dir='ltr'>causa</span> <span class='ocrx_word' id='word_1_532' title='bbox 1917 1003 2016 1041; x_wconf 78' lang='lat' dir='ltr'>toties</span> <span class='ocrx_word' id='word_1_533' title='bbox 2037 1014 2146 1044; x_wconf 77' lang='lat' dir='ltr'>trans-</span> 
     </span>
     <span class='ocr_line' id='line_1_68' title="bbox 1184 1059 2144 1114; baseline 0.007 -17"><span class='ocrx_word' id='word_1_534' title='bbox 1184 1059 1363 1111; x_wconf 85' lang='lat' dir='ltr'>migrabat</span> <span class='ocrx_word' id='word_1_535' title='bbox 1387 1063 1537 1114; x_wconf 74' lang='lat' dir='ltr'>justus?</span> <span class='ocrx_word' id='word_1_536' title='bbox 1576 1065 1668 1102; x_wconf 79' lang='lat' dir='ltr'>Nam</span> <span class='ocrx_word' id='word_1_537' title='bbox 1695 1064 1723 1102; x_wconf 87' lang='lat' dir='ltr'>si</span> <span class='ocrx_word' id='word_1_538' title='bbox 1760 1064 1794 1102; x_wconf 92' lang='lat' dir='ltr'>in</span> <span class='ocrx_word' id='word_1_539' title='bbox 1824 1063 2052 1103; x_wconf 84' lang='lat' dir='ltr'>tabernaculo</span> <span class='ocrx_word' id='word_1_540' title='bbox 2080 1082 2144 1104; x_wconf 86' lang='lat' dir='ltr'>sno</span> 
     </span>
     <span class='ocr_line' id='line_1_69' title="bbox 1184 1121 2143 1178; baseline 0.009 -21"><span class='ocrx_word' id='word_1_541' title='bbox 1184 1121 1300 1172; x_wconf 84' lang='lat' dir='ltr'>primo</span> <span class='ocrx_word' id='word_1_542' title='bbox 1312 1123 1510 1173; x_wconf 85' lang='lat' dir='ltr'>mansisset,</span> <span class='ocrx_word' id='word_1_543' title='bbox 1526 1124 1620 1163; x_wconf 88' lang='lat' dir='ltr'>unde</span> <span class='ocrx_word' id='word_1_544' title='bbox 1631 1125 1827 1178; x_wconf 84' lang='lat' dir='ltr'>potuissent</span> <span class='ocrx_word' id='word_1_545' title='bbox 1839 1126 2011 1163; x_wconf 82' lang='lat' dir='ltr'>Geraritae</span> <span class='ocrx_word' id='word_1_546' title='bbox 2023 1141 2143 1166; x_wconf 85' lang='lat' dir='ltr'>omnes</span> 
     </span>
     <span class='ocr_line' id='line_1_70' title="bbox 1121 1182 2141 1242; baseline 0.009 -24"><span class='ocrx_word' id='word_1_547' title='bbox 1121 1217 1169 1242; x_wconf 57' lang='lat'>⁴62</span> <span class='ocrx_word' id='word_1_548' title='bbox 1183 1182 1273 1220; x_wconf 87' lang='lat' dir='ltr'>scire</span> <span class='ocrx_word' id='word_1_549' title='bbox 1292 1193 1463 1234; x_wconf 87' lang='lat' dir='ltr'>quantam</span> <span class='ocrx_word' id='word_1_550' title='bbox 1477 1186 1597 1238; x_wconf 90' lang='lat' dir='ltr'>justus</span> <span class='ocrx_word' id='word_1_551' title='bbox 1616 1186 1714 1239; x_wconf 86' lang='lat' dir='ltr'>apud</span> <span class='ocrx_word' id='word_1_552' title='bbox 1742 1188 1860 1225; x_wconf 90' lang='lat' dir='ltr'>Deum</span> <span class='ocrx_word' id='word_1_553' title='bbox 1878 1186 2023 1224; x_wconf 83' lang='lat' dir='ltr'>haberet</span> <span class='ocrx_word' id='word_1_554' title='bbox 2042 1188 2141 1226; x_wconf 88' lang='lat' dir='ltr'>fidu-</span> 
     </span>
     <span class='ocr_line' id='line_1_71' title="bbox 1133 1243 2139 1287; baseline 0.005 -5"><span class='ocrx_word' id='word_1_555' title='bbox 1133 1254 1158 1282; x_wconf 83' lang='grc' dir='ltr'>Α</span> <span class='ocrx_word' id='word_1_556' title='bbox 1183 1243 1295 1281; x_wconf 71' lang='lat' dir='ltr'>ciam?</span> <span class='ocrx_word' id='word_1_557' title='bbox 1308 1246 1341 1282; x_wconf 93' lang='lat' dir='ltr'><em>T</em></span> <span class='ocrx_word' id='word_1_558' title='bbox 1339 1248 1533 1285; x_wconf 82' lang='lat' dir='ltr'>imuerunt</span> <span class='ocrx_word' id='word_1_559' title='bbox 1542 1256 1672 1285; x_wconf 82' lang='lat' dir='ltr'>autem</span> <span class='ocrx_word' id='word_1_560' title='bbox 1681 1262 1813 1286; x_wconf 87' lang='lat' dir='ltr'>omnes</span> <span class='ocrx_word' id='word_1_561' title='bbox 1825 1249 1998 1286; x_wconf 76' lang='lat' dir='ltr'>homines</span> <span class='ocrx_word' id='word_1_562' title='bbox 2010 1250 2139 1287; x_wconf 79' lang='lat' dir='ltr'>valde.</span> 
     </span>
     <span class='ocr_line' id='line_1_72' title="bbox 1182 1305 2139 1356; baseline 0.009 -16"><span class='ocrx_word' id='word_1_563' title='bbox 1182 1305 1337 1356; x_wconf 85' lang='lat' dir='ltr'>Magnus</span> <span class='ocrx_word' id='word_1_564' title='bbox 1352 1306 1388 1344; x_wconf 90' lang='lat' dir='ltr'>in</span> <span class='ocrx_word' id='word_1_565' title='bbox 1407 1321 1466 1345; x_wconf 90' lang='lat' dir='ltr'>eos</span> <span class='ocrx_word' id='word_1_566' title='bbox 1481 1308 1589 1346; x_wconf 84' lang='lat' dir='ltr'>timor</span> <span class='ocrx_word' id='word_1_567' title='bbox 1605 1309 1787 1347; x_wconf 89' lang='lat' dir='ltr'>immissus</span> <span class='ocrx_word' id='word_1_568' title='bbox 1807 1308 1852 1346; x_wconf 88' lang='lat' dir='ltr'>de</span> <span class='ocrx_word' id='word_1_569' title='bbox 1865 1323 1985 1346; x_wconf 88' lang='lat' dir='ltr'>rerum</span> <span class='ocrx_word' id='word_1_570' title='bbox 2001 1324 2139 1349; x_wconf 85' lang='lat' dir='ltr'>summa</span> 
     </span>
     <span class='ocr_line' id='line_1_73' title="bbox 1180 1366 2136 1422; baseline 0.009 -20"><span class='ocrx_word' id='word_1_571' title='bbox 1180 1366 1336 1404; x_wconf 81' lang='lat' dir='ltr'>faciebat</span> <span class='ocrx_word' id='word_1_572' title='bbox 1373 1371 1510 1407; x_wconf 82' lang='lat' dir='ltr'>anxios.</span> <span class='ocrx_word' id='word_1_573' title='bbox 1535 1371 1659 1408; x_wconf 82' lang='lat' dir='ltr'>Postea</span> <span class='ocrx_word' id='word_1_574' title='bbox 1679 1370 1839 1422; x_wconf 86' lang='lat' dir='ltr'>sequitur</span> <span class='ocrx_word' id='word_1_575' title='bbox 1862 1386 1870 1406; x_wconf 90' lang='lat'>:</span> <span class='ocrx_word' id='word_1_576' title='bbox 1904 1372 1941 1408; x_wconf 78' lang='lat'>9.</span> <span class='ocrx_word' id='word_1_577' title='bbox 1974 1374 2136 1411; x_wconf 71' lang='lat' dir='ltr'>l&#39;ocavit</span> 
     </span>
     <span class='ocr_line' id='line_1_74' title="bbox 1178 1427 2138 1484; baseline 0.008 -21"><span class='ocrx_word' id='word_1_578' title='bbox 1178 1427 1411 1467; x_wconf 81' lang='lat' dir='ltr'>Abimelech</span> <span class='ocrx_word' id='word_1_579' title='bbox 1426 1431 1714 1470; x_wconf 75' lang='lat' dir='ltr'>Abrahamum.</span> <span class='ocrx_word' id='word_1_580' title='bbox 1738 1431 1932 1471; x_wconf 84' lang='lat' dir='ltr'>Considera</span> <span class='ocrx_word' id='word_1_581' title='bbox 1949 1432 1985 1470; x_wconf 93' lang='lat' dir='ltr'>in</span> <span class='ocrx_word' id='word_1_582' title='bbox 2007 1443 2138 1484; x_wconf 82' lang='lat' dir='ltr'>quanta</span> 
     </span>
     <span class='ocr_line' id='line_1_75' title="bbox 1178 1487 2139 1546; baseline 0.007 -21"><span class='ocrx_word' id='word_1_583' title='bbox 1178 1487 1293 1539; x_wconf 86' lang='lat' dir='ltr'>gloria</span> <span class='ocrx_word' id='word_1_584' title='bbox 1306 1490 1426 1542; x_wconf 90' lang='lat' dir='ltr'>justus</span> <span class='ocrx_word' id='word_1_585' title='bbox 1444 1501 1566 1543; x_wconf 86' lang='lat' dir='ltr'>postea</span> <span class='ocrx_word' id='word_1_586' title='bbox 1579 1491 1678 1545; x_wconf 87' lang='lat' dir='ltr'>apud</span> <span class='ocrx_word' id='word_1_587' title='bbox 1697 1506 1816 1544; x_wconf 88' lang='lat' dir='ltr'>regem</span> <span class='ocrx_word' id='word_1_588' title='bbox 1831 1492 1927 1543; x_wconf 78' lang='lat' dir='ltr'>agit,</span> <span class='ocrx_word' id='word_1_589' title='bbox 1946 1493 2009 1543; x_wconf 90' lang='lat' dir='ltr'>qui</span> <span class='ocrx_word' id='word_1_590' title='bbox 2030 1494 2139 1546; x_wconf 86' lang='lat' dir='ltr'>paulo</span> 
     </span>
     <span class='ocr_line' id='line_1_76' title="bbox 1177 1551 2139 1606; baseline 0.008 -20"><span class='ocrx_word' id='word_1_591' title='bbox 1177 1557 1279 1588; x_wconf 87' lang='lat' dir='ltr'>antea</span> <span class='ocrx_word' id='word_1_592' title='bbox 1311 1551 1358 1588; x_wconf 90' lang='lat' dir='ltr'>ab</span> <span class='ocrx_word' id='word_1_593' title='bbox 1385 1553 1552 1592; x_wconf 85' lang='lat' dir='ltr'>omnibus</span> <span class='ocrx_word' id='word_1_594' title='bbox 1582 1553 1764 1606; x_wconf 80' lang='lat' dir='ltr'>despectui</span> <span class='ocrx_word' id='word_1_595' title='bbox 1797 1553 2014 1602; x_wconf 84' lang='lat' dir='ltr'>habebatur,</span> <span class='ocrx_word' id='word_1_596' title='bbox 2037 1556 2139 1606; x_wconf 88' lang='lat' dir='ltr'>quasi</span> 
     </span>
     <span class='ocr_line' id='line_1_77' title="bbox 1178 1613 2138 1666; baseline 0.008 -20"><span class='ocrx_word' id='word_1_597' title='bbox 1178 1623 1256 1648; x_wconf 89' lang='lat' dir='ltr'>erro</span> <span class='ocrx_word' id='word_1_598' title='bbox 1272 1619 1305 1648; x_wconf 86' lang='lat' dir='ltr'>et</span> <span class='ocrx_word' id='word_1_599' title='bbox 1321 1613 1539 1665; x_wconf 84' lang='lat' dir='ltr'>peregrinus.</span> <span class='ocrx_word' id='word_1_600' title='bbox 1562 1615 1680 1666; x_wconf 87' lang='lat' dir='ltr'>Igitur</span> <span class='ocrx_word' id='word_1_601' title='bbox 1705 1627 1786 1652; x_wconf 90' lang='lat' dir='ltr'>cum</span> <span class='ocrx_word' id='word_1_602' title='bbox 1807 1628 1928 1652; x_wconf 89' lang='lat' dir='ltr'>omnes</span> <span class='ocrx_word' id='word_1_603' title='bbox 1954 1617 2138 1654; x_wconf 73' lang='lat' dir='ltr'>convenis-</span> 
     </span>
     <span class='ocr_line' id='line_1_78' title="bbox 1178 1675 2136 1728; baseline 0.006 -20"><span class='ocrx_word' id='word_1_604' title='bbox 1178 1680 1264 1720; x_wconf 83' lang='lat' dir='ltr'>sent,</span> <span class='ocrx_word' id='word_1_605' title='bbox 1284 1683 1430 1712; x_wconf 74' lang='lat' dir='ltr'>vocatur</span> <span class='ocrx_word' id='word_1_606' title='bbox 1451 1676 1570 1713; x_wconf 87' lang='lat' dir='ltr'>statim</span> <span class='ocrx_word' id='word_1_607' title='bbox 1585 1675 1804 1728; x_wconf 76' lang='lat' dir='ltr'>patriarcha,</span> <span class='ocrx_word' id='word_1_608' title='bbox 1819 1676 1882 1725; x_wconf 89' lang='lat' dir='ltr'>qui</span> <span class='ocrx_word' id='word_1_609' title='bbox 1900 1676 1991 1713; x_wconf 88' lang='lat' dir='ltr'>nihil</span> <span class='ocrx_word' id='word_1_610' title='bbox 2008 1677 2136 1714; x_wconf 88' lang='lat' dir='ltr'>horum</span> 
     </span>
     <span class='ocr_line' id='line_1_79' title="bbox 1178 1731 2135 1788; baseline 0.007 -21"><span class='ocrx_word' id='word_1_611' title='bbox 1178 1731 1310 1769; x_wconf 90' lang='lat' dir='ltr'>sciebat</span> <span class='ocrx_word' id='word_1_612' title='bbox 1323 1763 1332 1780; x_wconf 86' lang='lat'>‚</span> <span class='ocrx_word' id='word_1_613' title='bbox 1346 1732 1544 1785; x_wconf 88' lang='lat' dir='ltr'>didicitque</span> <span class='ocrx_word' id='word_1_614' title='bbox 1558 1745 1677 1787; x_wconf 88' lang='lat' dir='ltr'>postea</span> <span class='ocrx_word' id='word_1_615' title='bbox 1694 1749 1713 1773; x_wconf 90' lang='lat' dir='ltr'>a</span> <span class='ocrx_word' id='word_1_616' title='bbox 1727 1748 1810 1786; x_wconf 85' lang='lat' dir='ltr'>rege</span> <span class='ocrx_word' id='word_1_617' title='bbox 1828 1735 1906 1787; x_wconf 84' lang='lat' dir='ltr'>ipso</span> <span class='ocrx_word' id='word_1_618' title='bbox 1918 1765 1930 1785; x_wconf 82' lang='lat'><em>‚</em></span> <span class='ocrx_word' id='word_1_619' title='bbox 1952 1750 2030 1787; x_wconf 56' lang='lat' dir='ltr'>qua*</span> <span class='ocrx_word' id='word_1_620' title='bbox 2046 1751 2135 1788; x_wconf 87' lang='lat' dir='ltr'>pro-</span> 
     </span>
     <span class='ocr_line' id='line_1_80' title="bbox 1177 1795 2133 1843; baseline 0.004 -15"><span class='ocrx_word' id='word_1_621' title='bbox 1177 1799 1254 1843; x_wconf 89' lang='lat' dir='ltr'>pter</span> <span class='ocrx_word' id='word_1_622' title='bbox 1275 1806 1311 1830; x_wconf 86' lang='lat' dir='ltr'>se</span> <span class='ocrx_word' id='word_1_623' title='bbox 1329 1807 1349 1830; x_wconf 87' lang='lat' dir='ltr'>a</span> <span class='ocrx_word' id='word_1_624' title='bbox 1370 1795 1445 1832; x_wconf 89' lang='lat' dir='ltr'>Deo</span> <span class='ocrx_word' id='word_1_625' title='bbox 1463 1795 1517 1832; x_wconf 86' lang='lat' dir='ltr'>illi</span> <span class='ocrx_word' id='word_1_626' title='bbox 1538 1796 1630 1833; x_wconf 86' lang='lat' dir='ltr'>sacta</span> <span class='ocrx_word' id='word_1_627' title='bbox 1649 1804 1758 1833; x_wconf 84' lang='lat' dir='ltr'>erant.</span> <span class='ocrx_word' id='word_1_628' title='bbox 1793 1796 1907 1833; x_wconf 70' lang='lat' dir='ltr'>Dixit</span> <span class='ocrx_word' id='word_1_629' title='bbox 1940 1799 2043 1834; x_wconf 87' lang='lat' dir='ltr'>enim</span> <span class='ocrx_word' id='word_1_630' title='bbox 2071 1800 2106 1834; x_wconf 85' lang='lat' dir='ltr'>ei</span> <span class='ocrx_word' id='word_1_631' title='bbox 2123 1813 2133 1832; x_wconf 83' lang='lat'>.-</span> 
     </span>
     <span class='ocr_line' id='line_1_81' title="bbox 1130 1853 2136 1909; baseline 0.007 -20"><span class='ocrx_word' id='word_1_632' title='bbox 1130 1860 1152 1889; x_wconf 89' lang='lat' dir='ltr'>B</span> <span class='ocrx_word' id='word_1_633' title='bbox 1183 1853 1312 1903; x_wconf 84' lang='lat' dir='ltr'>Quare</span> <span class='ocrx_word' id='word_1_634' title='bbox 1330 1855 1403 1893; x_wconf 78' lang='lat' dir='ltr'>hoc</span> <span class='ocrx_word' id='word_1_635' title='bbox 1413 1856 1555 1908; x_wconf 80' lang='lat' dir='ltr'>fecisti</span> <span class='ocrx_word' id='word_1_636' title='bbox 1571 1859 1700 1895; x_wconf 82' lang='lat' dir='ltr'>nobis?</span> <span class='ocrx_word' id='word_1_637' title='bbox 1717 1857 1813 1909; x_wconf 85' lang='lat' dir='ltr'>quid</span> <span class='ocrx_word' id='word_1_638' title='bbox 1829 1860 2073 1908; x_wconf 78' lang='lat' dir='ltr'>peccavimus</span> <span class='ocrx_word' id='word_1_639' title='bbox 2094 1861 2136 1896; x_wconf 84' lang='lat' dir='ltr'>in</span> 
     </span>
     <span class='ocr_line' id='line_1_82' title="bbox 1178 1916 2134 1971; baseline 0.007 -21"><span class='ocrx_word' id='word_1_640' title='bbox 1178 1921 1235 1960; x_wconf 84' lang='lat' dir='ltr'>te,</span> <span class='ocrx_word' id='word_1_641' title='bbox 1257 1916 1363 1966; x_wconf 86' lang='lat' dir='ltr'>quod</span> <span class='ocrx_word' id='word_1_642' title='bbox 1377 1917 1566 1956; x_wconf 75' lang='lat' dir='ltr'>induxisti</span> <span class='ocrx_word' id='word_1_643' title='bbox 1585 1932 1698 1969; x_wconf 85' lang='lat' dir='ltr'>super·</span> <span class='ocrx_word' id='word_1_644' title='bbox 1715 1932 1775 1955; x_wconf 86' lang='lat' dir='ltr'>me</span> <span class='ocrx_word' id='word_1_645' title='bbox 1788 1926 1823 1955; x_wconf 83' lang='lat' dir='ltr'>et</span> <span class='ocrx_word' id='word_1_646' title='bbox 1844 1931 1958 1970; x_wconf 84' lang='lat' dir='ltr'>super</span> <span class='ocrx_word' id='word_1_647' title='bbox 1974 1933 2134 1971; x_wconf 81' lang='lat' dir='ltr'>regnum</span> 
     </span>
     <span class='ocr_line' id='line_1_83' title="bbox 1176 1980 2132 2031; baseline 0.006 -20"><span class='ocrx_word' id='word_1_648' title='bbox 1176 1988 1302 2012; x_wconf 88' lang='lat' dir='ltr'>meum</span> <span class='ocrx_word' id='word_1_649' title='bbox 1313 1986 1516 2027; x_wconf 84' lang='lat' dir='ltr'>peccatum</span> <span class='ocrx_word' id='word_1_650' title='bbox 1536 1983 1747 2031; x_wconf 81' lang='lat' dir='ltr'>magnum?</span> <span class='ocrx_word' id='word_1_651' title='bbox 1768 1980 1883 2025; x_wconf 87' lang='lat' dir='ltr'>Rem,</span> <span class='ocrx_word' id='word_1_652' title='bbox 1907 1993 2025 2031; x_wconf 86' lang='lat' dir='ltr'>quam</span> <span class='ocrx_word' id='word_1_653' title='bbox 2046 1981 2132 2018; x_wconf 88' lang='lat' dir='ltr'>nul-</span> 
     </span>
     <span class='ocr_line' id='line_1_84' title="bbox 1177 2035 2133 2091; baseline 0.006 -18"><span class='ocrx_word' id='word_1_654' title='bbox 1177 2035 1236 2074; x_wconf 88' lang='lat' dir='ltr'>lus</span> <span class='ocrx_word' id='word_1_655' title='bbox 1259 2039 1437 2089; x_wconf 79' lang='lat' dir='ltr'>jaceret,</span> <span class='ocrx_word' id='word_1_656' title='bbox 1448 2040 1588 2091; x_wconf 81' lang='lat' dir='ltr'>fecisti</span> <span class='ocrx_word' id='word_1_657' title='bbox 1621 2042 1742 2078; x_wconf 87' lang='lat' dir='ltr'>nobis.</span> <span class='ocrx_word' id='word_1_658' title='bbox 1768 2040 1831 2077; x_wconf 91' lang='grc'>10.</span> <span class='ocrx_word' id='word_1_659' title='bbox 1865 2040 1968 2090; x_wconf 83' lang='lat' dir='ltr'>Quid</span> <span class='ocrx_word' id='word_1_660' title='bbox 1993 2043 2133 2080; x_wconf 78' lang='lat' dir='ltr'>videns</span> 
     </span>
     <span class='ocr_line' id='line_1_85' title="bbox 1162 2096 2132 2150; baseline 0.007 -17"><span class='ocrx_word' id='word_1_661' title='bbox 1162 2096 1302 2147; x_wconf 81' lang='lat' dir='ltr'>fecisti</span> <span class='ocrx_word' id='word_1_662' title='bbox 1320 2099 1420 2135; x_wconf 83' lang='lat' dir='ltr'>hoc?</span> <span class='ocrx_word' id='word_1_663' title='bbox 1438 2098 1558 2144; x_wconf 85' lang='lat' dir='ltr'>Quare</span> <span class='ocrx_word' id='word_1_664' title='bbox 1580 2099 1617 2136; x_wconf 93' lang='lat' dir='ltr'>in</span> <span class='ocrx_word' id='word_1_665' title='bbox 1633 2108 1772 2137; x_wconf 90' lang='lat' dir='ltr'>tantum</span> <span class='ocrx_word' id='word_1_666' title='bbox 1781 2129 1794 2150; x_wconf 85' lang='grc'>,</span> <span class='ocrx_word' id='word_1_667' title='bbox 1818 2099 1933 2150; x_wconf 87' lang='lat' dir='ltr'>inquit</span> <span class='ocrx_word' id='word_1_668' title='bbox 1950 2129 1960 2147; x_wconf 89' lang='lat'>,</span> <span class='ocrx_word' id='word_1_669' title='bbox 1985 2101 2132 2140; x_wconf 78' lang='lat' dir='ltr'>voluisti</span> 
     </span>
     <span class='ocr_line' id='line_1_86' title="bbox 1174 2157 2133 2213; baseline 0.008 -19"><span class='ocrx_word' id='word_1_670' title='bbox 1174 2170 1230 2194; x_wconf 91' lang='lat' dir='ltr'>me</span> <span class='ocrx_word' id='word_1_671' title='bbox 1248 2157 1403 2196; x_wconf 90' lang='lat' dir='ltr'>incidere</span> <span class='ocrx_word' id='word_1_672' title='bbox 1423 2160 1636 2212; x_wconf 79' lang='lat' dir='ltr'>peccatum?</span> <span class='ocrx_word' id='word_1_673' title='bbox 1652 2174 1716 2198; x_wconf 90' lang='lat' dir='ltr'>cur</span> <span class='ocrx_word' id='word_1_674' title='bbox 1735 2170 1769 2199; x_wconf 89' lang='lat' dir='ltr'>et</span> <span class='ocrx_word' id='word_1_675' title='bbox 1790 2161 1878 2212; x_wconf 87' lang='lat' dir='ltr'>quid</span> <span class='ocrx_word' id='word_1_676' title='bbox 1892 2162 2050 2213; x_wconf 86' lang='lat' dir='ltr'>cogitans</span> <span class='ocrx_word' id='word_1_677' title='bbox 2065 2163 2133 2202; x_wconf 88' lang='lat' dir='ltr'>hoc</span> 
     </span>
     <span class='ocr_line' id='line_1_87' title="bbox 1175 2217 2133 2274; baseline 0.008 -20"><span class='ocrx_word' id='word_1_678' title='bbox 1175 2217 1314 2255; x_wconf 76' lang='lat' dir='ltr'>fecisti?</span> <span class='ocrx_word' id='word_1_679' title='bbox 1351 2219 1448 2259; x_wconf 87' lang='lat' dir='ltr'>Vide</span> <span class='ocrx_word' id='word_1_680' title='bbox 1466 2220 1645 2271; x_wconf 89' lang='lat' dir='ltr'>quomodo</span> <span class='ocrx_word' id='word_1_681' title='bbox 1671 2235 1734 2274; x_wconf 89' lang='lat' dir='ltr'>per</span> <span class='ocrx_word' id='word_1_682' title='bbox 1763 2221 1872 2259; x_wconf 74' lang='lat' dir='ltr'>verba</span> <span class='ocrx_word' id='word_1_683' title='bbox 1904 2236 1968 2260; x_wconf 91' lang='lat' dir='ltr'>sua</span> <span class='ocrx_word' id='word_1_684' title='bbox 2000 2223 2133 2262; x_wconf 84' lang='lat' dir='ltr'>indicat</span> 
     </span>
     <span class='ocr_line' id='line_1_88' title="bbox 1173 2277 2133 2330; baseline 0.008 -15"><span class='ocrx_word' id='word_1_685' title='bbox 1173 2277 1301 2326; x_wconf 88' lang='lat' dir='ltr'>minas,</span> <span class='ocrx_word' id='word_1_686' title='bbox 1324 2293 1403 2330; x_wconf 86' lang='lat' dir='ltr'>quae</span> <span class='ocrx_word' id='word_1_687' title='bbox 1420 2295 1441 2318; x_wconf 87' lang='lat' dir='ltr'>a</span> <span class='ocrx_word' id='word_1_688' title='bbox 1455 2282 1531 2319; x_wconf 91' lang='lat' dir='ltr'>Deo</span> <span class='ocrx_word' id='word_1_689' title='bbox 1541 2281 1609 2319; x_wconf 90' lang='lat' dir='ltr'>sibi</span> <span class='ocrx_word' id='word_1_690' title='bbox 1626 2291 1708 2319; x_wconf 88' lang='lat' dir='ltr'>sunt</span> <span class='ocrx_word' id='word_1_691' title='bbox 1725 2282 1836 2320; x_wconf 83' lang='lat' dir='ltr'>sactae.</span> <span class='ocrx_word' id='word_1_692' title='bbox 1848 2282 2027 2329; x_wconf 89' lang='lat' dir='ltr'>Quoniam</span> <span class='ocrx_word' id='word_1_693' title='bbox 2039 2285 2133 2323; x_wconf 89' lang='lat' dir='ltr'>enim</span> 
     </span>
     <span class='ocr_line' id='line_1_89' title="bbox 1171 2338 2132 2393; baseline 0.009 -16"><span class='ocrx_word' id='word_1_694' title='bbox 1171 2338 1314 2379; x_wconf 82' lang='lat' dir='ltr'>dixerat</span> <span class='ocrx_word' id='word_1_695' title='bbox 1323 2341 1366 2392; x_wconf 78' lang='lat' dir='ltr'>ei,</span> <span class='ocrx_word' id='word_1_696' title='bbox 1383 2343 1496 2393; x_wconf 87' lang='lat' dir='ltr'>Quod</span> <span class='ocrx_word' id='word_1_697' title='bbox 1507 2346 1542 2381; x_wconf 87' lang='lat' dir='ltr'>si</span> <span class='ocrx_word' id='word_1_698' title='bbox 1554 2357 1632 2381; x_wconf 87' lang='lat' dir='ltr'>non</span> <span class='ocrx_word' id='word_1_699' title='bbox 1650 2345 1879 2391; x_wconf 84' lang='lat' dir='ltr'>reddideris,</span> <span class='ocrx_word' id='word_1_700' title='bbox 1903 2349 2075 2385; x_wconf 86' lang='lat' dir='ltr'>morieris</span> <span class='ocrx_word' id='word_1_701' title='bbox 2092 2356 2132 2385; x_wconf 85' lang='lat' dir='ltr'>tu</span> 
     </span>
     <span class='ocr_line' id='line_1_90' title="bbox 1173 2404 2131 2457; baseline 0.008 -19"><span class='ocrx_word' id='word_1_702' title='bbox 1173 2410 1209 2439; x_wconf 85' lang='lat' dir='ltr'>et</span> <span class='ocrx_word' id='word_1_703' title='bbox 1227 2405 1359 2440; x_wconf 85' lang='lat' dir='ltr'>omnia</span> <span class='ocrx_word' id='word_1_704' title='bbox 1378 2412 1445 2442; x_wconf 85' lang='lat' dir='ltr'>tua</span> <span class='ocrx_word' id='word_1_705' title='bbox 1464 2419 1474 2440; x_wconf 90' lang='lat'><em>:</em></span> <span class='ocrx_word' id='word_1_706' title='bbox 1504 2404 1571 2443; x_wconf 91' lang='lat' dir='ltr'>hoc</span> <span class='ocrx_word' id='word_1_707' title='bbox 1590 2404 1709 2457; x_wconf 89' lang='lat' dir='ltr'>ipsum</span> <span class='ocrx_word' id='word_1_708' title='bbox 1733 2404 1967 2457; x_wconf 84' lang='lat' dir='ltr'>interpretans</span> <span class='ocrx_word' id='word_1_709' title='bbox 1987 2407 2131 2446; x_wconf 82' lang='lat' dir='ltr'>Abime-</span> 
     </span>
     <span class='ocr_line' id='line_1_91' title="bbox 1171 2461 2131 2518; baseline 0.006 -18"><span class='ocrx_word' id='word_1_710' title='bbox 1171 2461 1252 2501; x_wconf 86' lang='lat' dir='ltr'>lech</span> <span class='ocrx_word' id='word_1_711' title='bbox 1270 2463 1360 2502; x_wconf 86' lang='lat' dir='ltr'>dicit</span> <span class='ocrx_word' id='word_1_712' title='bbox 1377 2481 1385 2501; x_wconf 92' lang='lat'>:</span> <span class='ocrx_word' id='word_1_713' title='bbox 1411 2466 1515 2516; x_wconf 85' lang='lat' dir='ltr'>Quid</span> <span class='ocrx_word' id='word_1_714' title='bbox 1521 2469 1682 2518; x_wconf 75' lang='lat' dir='ltr'>peccavi</span> <span class='ocrx_word' id='word_1_715' title='bbox 1695 2469 1736 2504; x_wconf 90' lang='lat' dir='ltr'>in</span> <span class='ocrx_word' id='word_1_716' title='bbox 1755 2474 1805 2516; x_wconf 84' lang='lat' dir='ltr'>te,</span> <span class='ocrx_word' id='word_1_717' title='bbox 1823 2467 1929 2518; x_wconf 85' lang='lat' dir='ltr'>quod</span> <span class='ocrx_word' id='word_1_718' title='bbox 1941 2469 2131 2508; x_wconf 66' lang='lat' dir='ltr'>induxisti</span> 
     </span>
     <span class='ocr_line' id='line_1_92' title="bbox 1171 2534 2130 2579; baseline 0.005 -17"><span class='ocrx_word' id='word_1_719' title='bbox 1171 2538 1285 2576; x_wconf 87' lang='lat' dir='ltr'>super</span> <span class='ocrx_word' id='word_1_720' title='bbox 1313 2539 1373 2563; x_wconf 85' lang='lat' dir='ltr'>me</span> <span class='ocrx_word' id='word_1_721' title='bbox 1401 2534 1438 2563; x_wconf 84' lang='lat' dir='ltr'>et</span> <span class='ocrx_word' id='word_1_722' title='bbox 1464 2540 1577 2579; x_wconf 86' lang='lat' dir='ltr'>super</span> <span class='ocrx_word' id='word_1_723' title='bbox 1605 2541 1764 2579; x_wconf 84' lang='lat' dir='ltr'>regnum</span> <span class='ocrx_word' id='word_1_724' title='bbox 1784 2541 1910 2565; x_wconf 83' lang='lat' dir='ltr'>meum</span> <span class='ocrx_word' id='word_1_725' title='bbox 1926 2538 2130 2579; x_wconf 85' lang='lat' dir='ltr'>peccatum</span> 
     </span>
     <span class='ocr_line' id='line_1_93' title="bbox 1171 2587 2126 2640; baseline 0.004 -17"><span class='ocrx_word' id='word_1_726' title='bbox 1171 2591 1380 2640; x_wconf 77' lang='lat' dir='ltr'>magnum?</span> <span class='ocrx_word' id='word_1_727' title='bbox 1404 2587 1593 2638; x_wconf 87' lang='lat' dir='ltr'>Numquid</span> <span class='ocrx_word' id='word_1_728' title='bbox 1625 2588 1721 2626; x_wconf 88' lang='lat' dir='ltr'>solus</span> <span class='ocrx_word' id='word_1_729' title='bbox 1740 2602 1862 2640; x_wconf 82' lang='lat' dir='ltr'>poenas</span> <span class='ocrx_word' id='word_1_730' title='bbox 1889 2602 1985 2626; x_wconf 88' lang='lat' dir='ltr'>eram</span> <span class='ocrx_word' id='word_1_731' title='bbox 2016 2589 2126 2627; x_wconf 87' lang='lat' dir='ltr'>datu—</span> 
     </span>
     <span class='ocr_line' id='line_1_94' title="bbox 1170 2648 2126 2700; baseline 0.003 -15"><span class='ocrx_word' id='word_1_732' title='bbox 1170 2648 1259 2685; x_wconf 75' lang='lat' dir='ltr'>rus?</span> <span class='ocrx_word' id='word_1_733' title='bbox 1291 2649 1407 2686; x_wconf 91' lang='lat' dir='ltr'>Omne</span> <span class='ocrx_word' id='word_1_734' title='bbox 1438 2662 1588 2700; x_wconf 86' lang='lat' dir='ltr'>regnum</span> <span class='ocrx_word' id='word_1_735' title='bbox 1615 2662 1736 2686; x_wconf 89' lang='lat' dir='ltr'>meum</span> <span class='ocrx_word' id='word_1_736' title='bbox 1767 2648 1875 2686; x_wconf 88' lang='lat' dir='ltr'>simul</span> <span class='ocrx_word' id='word_1_737' title='bbox 1907 2649 2126 2700; x_wconf 88' lang='lat' dir='ltr'>perdendum</span> 
     </span>
     <span class='ocr_line' id='line_1_95' title="bbox 1170 2707 2128 2760; baseline 0.003 -14"><span class='ocrx_word' id='word_1_738' title='bbox 1170 2717 1244 2746; x_wconf 90' lang='lat' dir='ltr'>erat</span> <span class='ocrx_word' id='word_1_739' title='bbox 1266 2722 1311 2746; x_wconf 81' lang='lat' dir='ltr'>ex</span> <span class='ocrx_word' id='word_1_740' title='bbox 1329 2707 1534 2760; x_wconf 86' lang='lat' dir='ltr'>deceptione</span> <span class='ocrx_word' id='word_1_741' title='bbox 1563 2723 1671 2759; x_wconf 88' lang='lat' dir='ltr'>qnam</span> <span class='ocrx_word' id='word_1_742' title='bbox 1697 2708 1823 2745; x_wconf 88' lang='lat' dir='ltr'>fecisti.</span> <span class='ocrx_word' id='word_1_743' title='bbox 1864 2709 1967 2759; x_wconf 83' lang='lat' dir='ltr'>Quid</span> <span class='ocrx_word' id='word_1_744' title='bbox 1992 2712 2128 2749; x_wconf 78' lang='lat' dir='ltr'>vidisti</span> 
     </span>
     <span class='ocr_line' id='line_1_96' title="bbox 1170 2769 2126 2824; baseline 0.004 -17"><span class='ocrx_word' id='word_1_745' title='bbox 1170 2778 1212 2808; x_wconf 88' lang='lat' dir='ltr'>ut</span> <span class='ocrx_word' id='word_1_746' title='bbox 1231 2771 1302 2807; x_wconf 77' lang='lat' dir='ltr'>hoc</span> <span class='ocrx_word' id='word_1_747' title='bbox 1311 2771 1498 2823; x_wconf 82' lang='lat' dir='ltr'>faceres?</span> <span class='ocrx_word' id='word_1_748' title='bbox 1531 2769 1723 2808; x_wconf 85' lang='lat' dir='ltr'>Considera</span> <span class='ocrx_word' id='word_1_749' title='bbox 1750 2769 1809 2807; x_wconf 90' lang='lat' dir='ltr'>hic</span> <span class='ocrx_word' id='word_1_750' title='bbox 1824 2800 1833 2813; x_wconf 83' lang='lat'><strong>‚</strong></span> <span class='ocrx_word' id='word_1_751' title='bbox 1864 2769 2015 2818; x_wconf 86' lang='lat' dir='ltr'>dilecte,</span> <span class='ocrx_word' id='word_1_752' title='bbox 2037 2773 2126 2824; x_wconf 82' lang='lat' dir='ltr'>justi</span> 
     </span>
     <span class='ocr_line' id='line_1_97' title="bbox 1169 2829 2126 2884; baseline 0.003 -16"><span class='ocrx_word' id='word_1_753' title='bbox 1169 2830 1408 2883; x_wconf 84' lang='lat' dir='ltr'>prudentiam,</span> <span class='ocrx_word' id='word_1_754' title='bbox 1423 2829 1602 2881; x_wconf 87' lang='lat' dir='ltr'>quomodo</span> <span class='ocrx_word' id='word_1_755' title='bbox 1618 2830 1866 2868; x_wconf 85' lang='lat' dir='ltr'>satisfactionis</span> <span class='ocrx_word' id='word_1_756' title='bbox 1881 2831 1958 2869; x_wconf 92' lang='lat' dir='ltr'>loco</span> <span class='ocrx_word' id='word_1_757' title='bbox 1975 2833 2011 2870; x_wconf 91' lang='lat' dir='ltr'>in</span> <span class='ocrx_word' id='word_1_758' title='bbox 2025 2834 2126 2884; x_wconf 84' lang='lat' dir='ltr'>agni-</span> 
     </span>
     <span class='ocr_line' id='line_1_98' title="bbox 1168 2890 2122 2945; baseline 0.003 -15"><span class='ocrx_word' id='word_1_759' title='bbox 1168 2892 1302 2930; x_wconf 90' lang='lat' dir='ltr'>tionem</span> <span class='ocrx_word' id='word_1_760' title='bbox 1335 2891 1403 2929; x_wconf 83' lang='lat' dir='ltr'>Dei</span> <span class='ocrx_word' id='word_1_761' title='bbox 1428 2891 1507 2929; x_wconf 91' lang='lat' dir='ltr'>illos</span> <span class='ocrx_word' id='word_1_762' title='bbox 1540 2890 1752 2929; x_wconf 86' lang='lat' dir='ltr'>introducat.</span> <span class='ocrx_word' id='word_1_763' title='bbox 1783 2893 1843 2929; x_wconf 92' lang='grc'>11.</span> <span class='ocrx_word' id='word_1_764' title='bbox 1867 2893 1965 2930; x_wconf 71' lang='lat' dir='ltr'>Dixi</span> <span class='ocrx_word' id='word_1_765' title='bbox 2000 2898 2122 2945; x_wconf 77' lang='lat' dir='ltr'>enjm,</span> 
     </span>
     <span class='ocr_line' id='line_1_99' title="bbox 1169 2953 2125 3005; baseline 0.002 -13"><span class='ocrx_word' id='word_1_766' title='bbox 1169 2953 1300 3005; x_wconf 81' lang='lat' dir='ltr'>inquit,</span> <span class='ocrx_word' id='word_1_767' title='bbox 1322 2954 1427 2990; x_wconf 87' lang='lat' dir='ltr'>Num</span> <span class='ocrx_word' id='word_1_768' title='bbox 1439 2953 1552 3005; x_wconf 84' lang='lat' dir='ltr'>sorte</span> <span class='ocrx_word' id='word_1_769' title='bbox 1572 2966 1650 2990; x_wconf 88' lang='lat' dir='ltr'>non</span> <span class='ocrx_word' id='word_1_770' title='bbox 1668 2961 1724 2990; x_wconf 78' lang='lat' dir='ltr'>est</span> <span class='ocrx_word' id='word_1_771' title='bbox 1745 2955 1861 2990; x_wconf 88' lang='lat' dir='ltr'>timor</span> <span class='ocrx_word' id='word_1_772' title='bbox 1879 2955 1955 2991; x_wconf 85' lang='lat' dir='ltr'>Dei</span> <span class='ocrx_word' id='word_1_773' title='bbox 1973 2970 2015 2992; x_wconf 82' lang='lat' dir='ltr'>in</span> <span class='ocrx_word' id='word_1_774' title='bbox 2043 2957 2125 3005; x_wconf 64' lang='lat' dir='ltr'>(oco</span> 
     </span>
     <span class='ocr_line' id='line_1_100' title="bbox 1169 3015 2125 3066; baseline 0.003 -13"><span class='ocrx_word' id='word_1_775' title='bbox 1169 3018 1256 3061; x_wconf 80' lang='lat' dir='ltr'>isto,</span> <span class='ocrx_word' id='word_1_776' title='bbox 1284 3028 1418 3066; x_wconf 84' lang='lat' dir='ltr'>meque</span> <span class='ocrx_word' id='word_1_777' title='bbox 1437 3015 1611 3052; x_wconf 84' lang='lat' dir='ltr'>occident</span> <span class='ocrx_word' id='word_1_778' title='bbox 1626 3021 1782 3064; x_wconf 85' lang='lat' dir='ltr'>propter</span> <span class='ocrx_word' id='word_1_779' title='bbox 1803 3021 1987 3053; x_wconf 81' lang='lat' dir='ltr'>uxorem?</span> <span class='ocrx_word' id='word_1_780' title='bbox 2014 3018 2125 3064; x_wconf 88' lang='lat' dir='ltr'>Quasi</span> 
     </span>
     <span class='ocr_line' id='line_1_101' title="bbox 1168 3074 2125 3124; baseline 0.003 -10"><span class='ocrx_word' id='word_1_781' title='bbox 1168 3075 1321 3123; x_wconf 87' lang='lat' dir='ltr'>diceret,</span> <span class='ocrx_word' id='word_1_782' title='bbox 1343 3074 1463 3114; x_wconf 85' lang='lat' dir='ltr'>Valde</span> <span class='ocrx_word' id='word_1_783' title='bbox 1496 3087 1635 3112; x_wconf 88' lang='lat' dir='ltr'>mecum</span> <span class='ocrx_word' id='word_1_784' title='bbox 1663 3074 1794 3112; x_wconf 74' lang='lat' dir='ltr'>anxius</span> <span class='ocrx_word' id='word_1_785' title='bbox 1813 3075 1886 3124; x_wconf 87' lang='lat' dir='ltr'>fui,</span> <span class='ocrx_word' id='word_1_786' title='bbox 1914 3090 1957 3114; x_wconf 88' lang='lat' dir='ltr'>ne</span> <span class='ocrx_word' id='word_1_787' title='bbox 1975 3078 2065 3116; x_wconf 85' lang='lat' dir='ltr'>sorte</span> <span class='ocrx_word' id='word_1_788' title='bbox 2086 3093 2125 3116; x_wconf 91' lang='lat' dir='ltr'>eo</span> 
     </span>
    </p>
   </div>
   <div class='ocr_carea' id='block_1_6' title="bbox 1110 3177 2124 3432">
    <p class='ocr_par' dir='ltr' id='par_1_8' title="bbox 1110 3177 2124 3432">
     <span class='ocr_line' id='line_1_102' title="bbox 1110 3177 2124 3226; baseline 0.005 -14"><span class='ocrx_word' id='word_1_789' title='bbox 1110 3190 1178 3212; x_wconf 90' lang='lat' dir='ltr'>non</span> <span class='ocrx_word' id='word_1_790' title='bbox 1201 3178 1577 3213; x_wconf 71' lang='lat' dir='ltr'>consonat2exhibetur</span> <span class='ocrx_word' id='word_1_791' title='bbox 1590 3177 1678 3210; x_wconf 87' lang='lat' dir='ltr'>enim</span> <span class='ocrx_word' id='word_1_792' title='bbox 1710 3178 1900 3213; x_wconf 65' lang='lat' dir='ltr'>Abimeiech</span> <span class='ocrx_word' id='word_1_793' title='bbox 1932 3185 2025 3226; x_wconf 86' lang='lat' dir='ltr'>quasi</span> <span class='ocrx_word' id='word_1_794' title='bbox 2057 3196 2124 3217; x_wconf 90' lang='lat' dir='ltr'>non</span> 
     </span>
     <span class='ocr_line' id='line_1_103' title="bbox 1112 3229 2123 3277; baseline 0.004 -13"><span class='ocrx_word' id='word_1_795' title='bbox 1112 3231 1215 3264; x_wconf 87' lang='lat' dir='ltr'>modo</span> <span class='ocrx_word' id='word_1_796' title='bbox 1234 3231 1301 3264; x_wconf 86' lang='lat' dir='ltr'>veri</span> <span class='ocrx_word' id='word_1_797' title='bbox 1327 3233 1386 3264; x_wconf 88' lang='lat' dir='ltr'>Dei</span> <span class='ocrx_word' id='word_1_798' title='bbox 1404 3231 1531 3271; x_wconf 88' lang='lat' dir='ltr'>cultor,</span> <span class='ocrx_word' id='word_1_799' title='bbox 1550 3229 1608 3263; x_wconf 86' lang='lat' dir='ltr'>sed</span> <span class='ocrx_word' id='word_1_800' title='bbox 1631 3233 1731 3264; x_wconf 87' lang='lat' dir='ltr'>etiam</span> <span class='ocrx_word' id='word_1_801' title='bbox 1757 3235 1842 3276; x_wconf 75' lang='lat' dir='ltr'>:equi</span> <span class='ocrx_word' id='word_1_802' title='bbox 1869 3246 1997 3267; x_wconf 83' lang='lat' dir='ltr'>amans.</span> <span class='ocrx_word' id='word_1_803' title='bbox 2024 3236 2123 3277; x_wconf 85' lang='lat' dir='ltr'>Quod</span> 
     </span>
     <span class='ocr_line' id='line_1_104' title="bbox 1113 3282 2122 3327; baseline 0.001 -10"><span class='ocrx_word' id='word_1_804' title='bbox 1113 3286 1200 3317; x_wconf 83' lang='lat' dir='ltr'>enim</span> <span class='ocrx_word' id='word_1_805' title='bbox 1219 3283 1385 3316; x_wconf 81' lang='lat' dir='ltr'>Abraham</span> <span class='ocrx_word' id='word_1_806' title='bbox 1404 3283 1498 3324; x_wconf 84' lang='lat' dir='ltr'>dicit,</span> <span class='ocrx_word' id='word_1_807' title='bbox 1519 3282 1718 3327; x_wconf 73' lang='lat' dir='ltr'>Numfhrle</span> <span class='ocrx_word' id='word_1_808' title='bbox 1731 3295 1807 3316; x_wconf 69' lang='grc' dir='ltr'>ἠοη</span> <span class='ocrx_word' id='word_1_809' title='bbox 1823 3294 1872 3318; x_wconf 78' lang='lat' dir='ltr'>est</span> <span class='ocrx_word' id='word_1_810' title='bbox 1893 3289 1989 3318; x_wconf 82' lang='lat' dir='ltr'>timor</span> <span class='ocrx_word' id='word_1_811' title='bbox 2007 3287 2072 3319; x_wconf 65' lang='lat' dir='ltr'>Det</span> <span class='ocrx_word' id='word_1_812' title='bbox 2089 3290 2122 3318; x_wconf 82' lang='lat' dir='ltr'>in</span> 
     </span>
     <span class='ocr_line' id='line_1_105' title="bbox 1115 3334 2124 3382; baseline 0.002 -14"><span class='ocrx_word' id='word_1_813' title='bbox 1115 3337 1187 3368; x_wconf 87' lang='lat' dir='ltr'>Ioco</span> <span class='ocrx_word' id='word_1_814' title='bbox 1205 3335 1295 3367; x_wconf 78' lang='lat' dir='ltr'>isto?</span> <span class='ocrx_word' id='word_1_815' title='bbox 1312 3335 1346 3368; x_wconf 88' lang='lat' dir='ltr'>id</span> <span class='ocrx_word' id='word_1_816' title='bbox 1360 3334 1546 3369; x_wconf 82' lang='lat' dir='ltr'>dubitantis</span> <span class='ocrx_word' id='word_1_817' title='bbox 1569 3347 1662 3368; x_wconf 85' lang='lat' dir='ltr'>more</span> <span class='ocrx_word' id='word_1_818' title='bbox 1689 3335 1773 3369; x_wconf 83' lang='lat' dir='ltr'>dicit</span> <span class='ocrx_word' id='word_1_819' title='bbox 1786 3363 1793 3377; x_wconf 86' lang='lat'>‚</span> <span class='ocrx_word' id='word_1_820' title='bbox 1813 3340 1888 3380; x_wconf 82' lang='lat' dir='ltr'>quia</span> <span class='ocrx_word' id='word_1_821' title='bbox 1904 3338 2076 3382; x_wconf 74' lang='lat' dir='ltr'>religiones</span> <span class='ocrx_word' id='word_1_822' title='bbox 2093 3347 2124 3370; x_wconf 82' lang='lat' dir='ltr'>et</span> 
     </span>
     <span class='ocr_line' id='line_1_106' title="bbox 1115 3387 1792 3432; baseline -0.001 -11"><span class='ocrx_word' id='word_1_823' title='bbox 1115 3400 1224 3421; x_wconf 80' lang='lat' dir='ltr'>mores</span> <span class='ocrx_word' id='word_1_824' title='bbox 1241 3389 1348 3432; x_wconf 75' lang='lat' dir='ltr'>gentis</span> <span class='ocrx_word' id='word_1_825' title='bbox 1369 3387 1518 3421; x_wconf 84' lang='lat' dir='ltr'>nondum</span> <span class='ocrx_word' id='word_1_826' title='bbox 1541 3397 1695 3430; x_wconf 79' lang='lat' dir='ltr'>expertus</span> <span class='ocrx_word' id='word_1_827' title='bbox 1711 3397 1792 3421; x_wconf 80' lang='lat' dir='ltr'>erat.</span> 
     </span>
    </p>
   </div>
  </div>
 </body>
</html>
