2516 3791
112 1307 213 1346 Capul
227 1304 275 1345 3-'1-

296 183 390 232 662
716 197 754 227 5.

295 285 419 324 dianas
431 281 650 321 turbationes
660 289 693 318 et
705 276 972 317 amaritudines.
986 274 1060 310 Nec
1069 283 1166 308 mare
1176 268 1244 306 ssu-

296 347 411 386 ctibus
425 345 474 382 ita
492 342 708 391 intumescit,
728 349 767 377 ut
782 339 888 376 talem
903 335 1059 373 animam
1073 346 1094 369 a
1113 329 1246 382 cogita-

297 404 454 442 tionibus
464 412 496 440 et
506 399 751 439 affectionibus
766 395 938 441 infestari,
947 401 978 430 et
990 392 1026 429 in
1040 404 1160 429 omnes
1174 398 1247 427 tam

298 479 380 503 suos
401 477 507 515 quam
531 462 662 499 alienos
692 458 784 496 male
814 455 909 493 affici
938 452 1115 493 videmus.
1142 451 1191 489 Et
1218 450 1248 488 si

297 524 441 576 quando
461 531 596 575 partem
626 519 773 556 illorum
799 516 934 554 auferat
957 514 1090 565 aliquis
1109 512 1249 561 (multa

297 585 392 623 enim
406 583 585 625 accidunt,
596 589 629 618 et
639 578 743 617 multi
759 576 987 623 insidiantur,
997 588 1124 627 nempe
1137 573 1250 611 famu-

296 644 414 682 lorum
427 640 644 692 malignitas,
658 637 926 691 potentiumque
940 633 1109 673 violentia
1124 637 1150 682 )‚
1167 640 1251 669 tunc

297 705 420 754 utique
439 702 595 742 invenies
614 701 695 738 illos
712 699 826 739 vitam
841 697 910 735 sibi
925 696 1088 734 acerbam
1103 693 1246 732 ducere.

298 765 476 812 Qualibus
486 764 597 815 igitur
614 761 778 800 lamentis
796 759 884 798 tales
897 772 967 796 nou
984 758 1116 795 suerint
1134 755 1249 806 digni,

792 193 982 226 JOANNIS
1014 187 1267 221 CnanosT.

1218 816 1224 822 .
1261 797 1308 821 572

1310 183 1500 215 ARCBIEP
1509 202 1518 212 .
1558 182 1918 213 CONSTANTINOP-

1315 265 1479 312 δύναται,
1495 264 1585 302 ἀλλὰ
1601 265 1836 318 καθημερινὰς
1852 265 2009 317 ταραχὰς
2029 264 2088 303 καὶ
2112 264 2245 311 ἀηδίας.
2265 262 2335 302 Καὶ

1317 328 1383 378 οὐχ
1400 324 1490 363 οὕτω
1510 324 1574 372 τὴν
1595 325 1770 364 θάλαττάν
1791 328 1884 364 ἐστιν
1903 327 1987 363 ἰδεῖν
2017 326 2100 376 πρὸς
2127 324 2171 362 τὰ
2195 323 2336 375 κύματα

1319 385 1592 441 κορυφουμένην,
1611 388 1657 429 ὡς
1689 385 1753 432 τὴν
1772 387 1936 433 τοιαύτην
1965 386 2080 439 ψυχὴν
2099 387 2166 424 ὑπὸ
2192 388 2261 423 τῶν
2279 386 2337 422 λο-

1315 450 1452 500 γισμῶν
1478 446 1538 484 καὶ
1569 450 1638 485 τῶν
1674 450 1794 486 παθῶν
1824 447 2136 500 πολιορκουμένην,
2160 446 2220 484 καὶ
2253 445 2338 498 πρὸς

1315 510 1472 552 ἅπαντας
1491 507 1550 547 καὶ
1570 508 1713 552 οἰκείους
1728 508 1788 547 καὶ
1811 508 2012 560 ἀλλοτρίους
2031 509 2146 554 ἀηδῶς
2162 506 2339 557 διακειμέ-

1316 587 1393 618 νην.
1412 570 1483 608 Καὶ
1501 569 1558 609 ἐάν
1579 585 1663 608 ποτε
1683 569 1748 607 κᾶν
1771 568 1872 622 μέρος
1900 585 1934 606 τι
1951 568 2080 607 τούτων
2103 567 2271 619 ὖφέληταί
2289 583 2342 609 τις

1316 630 1458 681 (πολλὰ
1471 630 1538 683 γὰρ
1562 630 1607 669 τά
1630 630 1893 682 συμπίπτοντα,
1913 628 1973 667 καὶ
1995 629 2118 667 πολλοὶ
2137 631 2168 667 οἳ
2188 625 2343 680 ἐφεδρεύ-

1318 708 1429 739 οντες,
1465 691 1525 730 καὶ
1549 693 1691 730 οἰκετῶν
1723 691 1942 745 κακουργίαι,
1972 690 2032 728 καὶ
2067 688 2341 727 δυναστευόντων

1318 753 1522 806 ἐπήρειαι),
1553 753 1631 792 τότε
1664 753 1730 801 δὴ,
1762 753 1840 792 τότε
1881 753 2037 805 εὑρήσεις
2064 750 2143 794 τοὺς
2170 750 2345 791 τοιούτους

1329 817 1338 829 7

297 827 358 878 qui
378 826 496 864 omnia
516 826 630 863 facere
651 823 794 862 student
809 835 886 872 quae
903 819 970 857 sibi
991 826 1251 866 noceant‚et'1n
1274 834 1299 862 Α
1320 814 1467 853 αὸίωτον
1490 815 1546 853 τὸν
1567 814 1639 865 βίον
1658 814 1883 865 ἡγουμένους.
1908 813 2026 852 Ποίων
2046 806 2103 851 οῧν
2126 814 2187 850 οὐκ
2210 811 2250 848 ἂν
2279 814 2344 848 εἷεν

297 887 489 940 perniciem
509 887 634 924 animce
647 899 717 923 suae
734 883 817 921 talia
835 881 1000 931 colligere
1012 878 1165 917 volunt?
1180 879 1252 917 Ve-

299 963 392 995 rum,
409 948 439 986 si
451 947 608 996 videtur,
619 946 751 983 talibus
766 943 912 993 relictis,
930 941 976 980 ad
988 940 1175 979 historiam
1187 939 1252 991 ju-

301 1009 346 1047 sti
357 1009 466 1061 hujus
487 1007 685 1055 redeamus,
697 1015 730 1044 et
748 1005 935 1043 videamus
953 1001 1178 1053 sequentium
1195 1013 1254 1037 se-

301 1070 400 1108 riem.
422 1071 574 1119 Erexit,
593 1067 728 1119 inquit,
754 1067 882 1104 altare
908 1064 943 1101 in
969 1071 1070 1116 parte
1101 1061 1195 1113 agri,
1219 1070 1256 1099 et

303 1131 499 1167 invocavit
514 1129 642 1165 Deum
657 1125 795 1171 Israel,
809 1133 842 1161 et
852 1131 970 1175 postea
986 1122 1020 1158 in
1034 1119 1182 1158 Secimis
1193 1118 1255 1156 do-

303 1189 480 1228 micilium
507 1189 638 1226 hahere
668 1186 794 1224 voluit.
815 1185 886 1223 Sed
908 1183 991 1222 vide
1016 1183 1143 1219 iterum
1165 1194 1255 1231 quo-

305 1251 410 1288 modo
417 1252 536 1303 justus
547 1259 579 1287 et
592 1249 650 1287 hic
658 1262 759 1286 suam
770 1244 1077 1284 mansuetudinem
1088 1242 1256 1281 declarat.

307 1312 354 1350 Et
373 1310 461 1362 quid
477 1310 632 1348 accidit?
654 1311 688 1346 1.
710 1310 878 1361 Egressa
892 1316 947 1345 est
964 1314 1108 1350 autem,
1130 1303 1258 1354 inquit,

308 1374 516 1426 Dinafilia
528 1374 621 1418 Ιζὶιε,
637 1380 676 1408 ιιι
689 1369 959 1421 videretfilias
975 1368 1258 1419 indigenarum.

309 1437 348 1472 Q.
366 1435 421 1471 Et
441 1442 481 1471 ut
501 1434 603 1470 vidit
617 1446 702 1469 eam
718 1431 761 1479 S)
775 1431 884 1467 chem
887 1429 1003 1481 filius
1023 1428 1059 1465 E
1064 1440 1157 1473 mor,
1174 1427 1262 1463 dor-
1285 1441 1306 1470 B

310 1498 419 1533 mivit
432 1509 518 1532 cum
531 1507 590 1539 ea,
604 1495 642 1530 5.
655 1501 689 1529 et
701 1493 839 1528 ditm-it
856 1492 1063 1541 virginem,
1075 1496 1109 1525 et
1126 1488 1263 1539 loquu—

311 1564 372 1593 tus
386 1563 442 1592 est
455 1557 618 1606 eiju.2·ta
636 1560 797 1589 mentem
816 1552 991 1601 virginis.
1002 1547 1137 1587 Vidisti
1153 1561 1263 1597 quan-

310 1624 388 1652 tum
415 1614 460 1651 sit
477 1614 647 1664 juventus
670 1612 821 1659 malum,
837 1609 979 1659 quando
995 1617 1096 1645 rcctae
1119 1606 1266 1644 rationis

310 1675 408 1712 freno
434 1673 552 1710 caret?
573 1672 678 1711 Vidit
696 1671 788 1709 enim
806 1669 997 1721 virginem,
1013 1677 1046 1705 et
1062 1677 1156 1705 totus
1178 1681 1264 1719 pro-

311 1745 390 1787 pter
402 1743 585 1786 aspectum
599 1746 718 1770 amore
733 1739 931 1783 correptus,
944 1728 1267 1781 concupiscentiam

312 1810 418 1849 opere
433 1795 683 1847 complevit‚E
687 1802 700 1830 t
719 1794 899 1845 loquutus
911 1799 967 1828 est
981 1793 1016 1828 ei
1022 1793 1143 1843 juxta
1164 1804 1268 1828 men-

318 1867 393 1896 tem
413 1859 592 1908 virginis.
614 1854 714 1903 Quid
730 1863 796 1903 est,
817 1854 943 1892 Juxta
962 1860 1129 1889 mentem
1150 1854 1270 1903 virgi-

319 1922 404 1957 nis?
435 1917 615 1964 Quoniam
640 1915 785 1969 juvenis
821 1923 894 1952 erat
924 1913 1042 1966 puella
1058 1943 1069 1963 ,
1097 1911 1273 1965 ejusmodi

319 1978 582 2030 verha‚inquit‚
602 1992 684 2016 cum
702 1991 741 2015 ea
760 1977 930 2027 loquutus
944 1984 1006 2024 est,
1025 1988 1102 2025 quae
1118 1973 1273 2012 sufficie-

319 2042 407 2079 bant
423 2041 468 2078 ad
487 2039 750 2078 conciliandum
763 2037 830 2075 sibi
845 2051 935 2074 eam.
953 2038 1001 2074 Et
1019 2035 1136 2087 inquit
1151 2034 1197 2072 ad
1210 2049 1274 2087 pa-

324 2111 415 2139 trem
436 2117 443 2137 :
464 2102 502 2138 4.
526 2101 674 2151 Accipe
690 2100 785 2136 mihi
803 2098 975 2149 puellam
999 2098 1101 2134 hanc
1118 2099 1159 2133 in
1180 2109 1276 2133 uxo-

1321 874 1454 926 θρήνων
1489 877 1520 913 οἱ
1548 879 1695 913 τοιοῦτοι
1727 875 1837 922 ἄξιοι,
1868 876 1899 912 οἱ
1927 876 2004 912 καθ’
2038 875 2168 911 ἑαυτῶν
2207 872 2346 909 ἅπαντα

1319 935 1486 988 πράττειν
1516 937 1786 984 σπουδάζοντες,
1821 936 1880 974 καὶ
1912 935 1970 974 ἐπὶ
1991 935 2083 986 λύμῃ
2116 937 2178 980 τῆς
2214 935 2345 971 ἑαυτῶν

1320 998 1435 1050 ψυχῆς
1460 1000 1572 1034 ταῦτα
1592 996 1768 1047 συλλέγειν
1791 996 1993 1047 βουλόμενοι
2010 995 2145 1042 ,Ἀλλ’,
2174 997 2204 1032 εἰ
2235 995 2346 1039 δοκεῖ,

1320 1057 1459 1101 τούτους
1471 1056 1735 1105 καταλιπόντες,
1745 1057 1805 1095 ἐπὶ
1816 1056 1880 1102 τὴν
1890 1056 1982 1094 κατὰ
1989 1057 2046 1094 τὸν
2056 1056 2186 1094 δίκαιον
2195 1054 2348 1107 ἱστορίαν

1322 1119 1582 1170 ἐπανέλθωμεν,
1600 1118 1659 1156 καὶ
1684 1118 1812 1169 ἴδωμεν
1839 1121 1908 1155 τῶν
1941 1117 2017 1164 ἑξῆς
2047 1117 2109 1163 τὴν
2133 1116 2348 1154 ἀκολουθίαν.

1322 1181 1501 1228 Ἔστησε,
1522 1180 1626 1232 φησὶ,
1640 1179 1883 1232 θυσιαστήριον
1904 1180 1937 1216 ἓν
1955 1181 1997 1230 τῇ
2016 1178 2130 1229 μερίδι
2147 1183 2208 1216 τοῦ
2222 1179 2349 1228 ἀγροῦ,

1325 1243 1384 1282 καὶ
1417 1241 1655 1280 ἐπεκαλέσατο
1684 1241 1740 1279 τὸν
1763 1240 1853 1279 Θεὸν
1877 1239 2044 1292 Ἰσραὴλ,
2074 1239 2132 1277 καὶ
2164 1239 2284 1277 λοιπὸν
2317 1239 2351 1276 ἐν

1327 1304 1499 1354 Σηκίμοις
1516 1302 1580 1349 τὴν
1603 1301 1737 1349 οἴκησιν
1758 1301 1988 1340 ἕὸουλεύσατο
2006 1300 2233 1347 ποιήσασθαι.
2261 1299 2351 1338 Ἀλλ’

1327 1366 1392 1419 ὅρα
1427 1365 1532 1403 πάλιν
1552 1364 1645 1407 ὅπως
1670 1367 1688 1402 ὃ
1717 1364 1847 1407 δίκαιος
1875 1364 1934 1401 καὶ
1961 1365 2107 1400 ἐνταῦθα
2129 1362 2192 1409 τὴν
2225 1361 2354 1400 οἰκείαν

1329 1425 1517 1465 ἐπιείκειαν
1564 1424 1809 1463 ἐπιδείκνυται.
1838 1424 1886 1462 Τί
1924 1423 2011 1475 γάρ;
2041 1423 2211 1469 Ἐξῆλθε,
2248 1423 2355 1475 φησὶ,

1329 1490 1435 1526 Δεῖνα
1466 1490 1488 1533 ἠ
1518 1485 1670 1539 θυγάτηρ
1701 1486 1831 1532 Λείας,
1866 1486 1948 1522 ἰδεῖν
1976 1484 2039 1528 τὰς
2066 1484 2254 1535 θυγατέρας
2287 1486 2355 1522 τῶν

1331 1547 1522 1601 ἐγχωρίων.
1543 1547 1614 1586 Καὶ
1628 1546 1710 1585 ἰδὼν
1729 1546 1836 1592 αὐτὴν
1855 1546 1980 1598 Συχὲμ
1994 1549 2011 1583 ὃ
2027 1545 2098 1588 υἱὸς
2112 1544 2251 1597 Ἐμὼρ,
2268 1548 2357 1584 ἐκοι-

1333 1610 1428 1660 μήθη
1450 1610 1524 1658 μετ’
1548 1610 1673 1655 αὐτῆς,
1692 1607 1751 1645 καὶ
1773 1607 1956 1658 ἠγάπησε,
1971 1605 2056 1657 φησι
2069 1637 2079 1654 ,
2095 1605 2158 1652 τὴν
2175 1607 2357 1658 παρθένον,

1332 1668 1392 1706 καὶ
1408 1668 1577 1714 ἐλάλησεν
1598 1670 1683 1719 αὐτῇ
1700 1667 1792 1705 κατὰ
1810 1666 1873 1714 τὴν
1904 1666 2055 1704 διάνοιαν
2083 1669 2146 1712 τῆς
2176 1665 2358 1718 παρθένου.

1332 1723 1434 1772 Εἶδες
1463 1728 1541 1767 ὅσον
1569 1729 1660 1767 ἐστὶν
1680 1733 1702 1775 ἡ
1723 1728 1843 1774 νεότης
1874 1729 1994 1773 κακὸν,
2014 1728 2181 1766 ἃέπειδὰν
2213 1727 2261 1779 μὴ
2295 1728 2359 1780 ἔχη

1333 1790 1490 1843 χαλινὸν,
1509 1789 1567 1827 τὸν
1595 1790 1673 1828 εὐσε
1682 1793 1720 1836 ,ἦ
1740 1789 1929 1840 λογισμόν,
1948 1783 2032 1828 Εἷδε
2051 1789 2141 1842 γὰρ,
2170 1789 2255 1841 φησὶ
2268 1819 2277 1835 ,
2297 1788 2360 1835 τὴν

1335 1851 1455 1903 κόρην,
1472 1850 1531 1888 καὶ
1547 1849 1625 1894 ὅλος
1652 1850 1719 1888 ὑπὸ
1743 1852 1806 1895 τῆς
1833 1850 1944 1902 ὅψεως
1973 1849 2098 1901 ἔρωτος
2116 1849 2283 1901 γεγονὼς,
2299 1849 2361 1896 τὴν

1337 1910 1524 1962 ἐπιθυμίαν
1558 1912 1606 1954 εἷς
1638 1909 1736 1963 ἔργον
1769 1909 1939 1962 ἐξήγαγε,
1973 1911 2044 1948 Καὶ
2078 1911 2245 1957 ἐλάλησεν
2277 1912 2363 1961 αὐτῇ

1338 1972 1431 2011 κατὰ
1450 1971 1513 2019 τὴν
1534 1972 1687 2010 διάνοιαν
1705 1974 1768 2018 τῆς
1790 1971 1974 2024 παρθένου.
1997 1972 2044 2010 Τί
2073 1973 2164 2019 ἐστι,
2181 1970 2284 2009 Κατὰ
2302 1971 2365 2019 τὴν

1341 2033 1492 2073 διάνοιαν
1525 2035 1587 2079 τῆς
1613 2032 1801 2085 παρθένου,
1840 2031 1988 2079 Ἐπειδὴ
2016 2031 2079 2070 νέα
2117 2026 2158 2079 ἦν
2195 2035 2218 2079 ἡ
2255 2032 2366 2084 κόρη,

1342 2099 1476 2142 ἐκεῖνα,
1496 2093 1614 2146 φησὶν,
1642 2095 1728 2144 αὐτῇ
1757 2092 1916 2145 διελέχθη
1931 2123 1940 2140 ,
1959 2093 1981 2130 ἃ
2010 2088 2052 2140 ἦν
2083 2093 2188 2132 ἱκανὰ
2211 2093 2367 2131 ἐπισπά-

326 2173 420 2196 rem.
436 2157 587 2196 Audivit
601 2166 719 2194 autem
731 2155 842 2195 Jacob
853 2155 1041 2202 sactum‚et
1056 2164 1140 2192 tunc
1152 2155 1277 2192 leviter
1299 2166 1323 2197 c
1345 2159 1471 2195 σασθαι
1491 2153 1551 2192 καὶ
1571 2155 1658 2191 ἑλεῖν
1685 2153 1804 2200 αὐτήν.
1822 2153 1894 2191 Καί
1922 2169 2006 2205 φησι
2028 2155 2114 2206 πρὸς
2135 2155 2192 2192 τὸν
2211 2153 2367 2207 πατέρα·

327 2220 423 2267 tulit,
445 2227 651 2270 exspectans
675 2217 827 2253 fratrum
846 2215 921 2266 ejus
938 2214 1145 2253 adventum.
1165 2214 1280 2252 Erant

329 2279 423 2318 enim
444 2279 480 2316 in
507 2277 656 2330 pascuis.
680 2277 714 2314 5.
738 2277 791 2313 Et
819 2275 944 2320 siluit,
973 2274 1107 2325 inquit,
1137 2276 1276 2321 Jacob,

332 2343 454 2378 donec
479 2341 658 2376 venirent
689 2337 762 2374 illi.
778 2338 816 2373 6.
836 2337 933 2373 Cum
958 2344 1085 2372 callem
1110 2338 1280 2373 venisset

332 2402 454 2438 Emor
471 2399 670 2445 adJacob‚
682 2398 720 2433 7.
737 2403 926 2433 venerunt
944 2395 1136 2447 etfratres
1149 2396 1278 2440 Dinoe,

332 2471 460 2499 etcum
472 2461 709 2497 audivissent
717 2471 800 2508 quoe
807 2457 921 2508 sacta
934 2464 1045 2493 erant
1057 2458 1182 2493 sorori
1193 2469 1282 2504 suae,

334 2523 552 2573 compuncti
577 2527 681 2557 sunt.
709 2516 809 2565 Quid
837 2525 901 2562 est,
921 2517 1151 2567 Compuncti
1170 2520 1284 2554 sunt?

336 2581 540 2621 Contristati
555 2589 635 2618 sunt
639 2610 650 2630 ,
664 2592 809 2629 remque
823 2577 1083 2615 intolerabilem
1096 2591 1168 2615 esse
1183 2587 1285 2630 puta-

336 2652 464 2682 verunt
478 2651 510 2680 et
525 2640 786 2693 gravissimam,
801 2647 943 2689 eratque
959 2638 1009 2676 eis
1027 2638 1197 2676 moerendi
1215 2653 1286 2676 ma-

337 2718 404 2755 gna
429 2702 574 2741 occasio.
596 2703 746 2753 ,Magna
767 2699 875 2749 enim,
891 2698 1018 2750 inquit,
1035 2713 1098 2737 eos
1127 2702 1287 2738 tristitia

337 2766 553 2817 afficiebat,
571 2763 675 2815 quod
688 2776 767 2799 rem
782 2770 929 2813 turpem
931 2761 1089 2813 fecerat
1106 2763 1149 2797 in
1161 2761 1289 2799 Israel

338 2827 364 2864 S
359 2827 518 2874 yclzem,
530 2827 596 2876 qui
611 2824 942 2860 clormiveratcum
951 2822 1050 2874 filia
1063 2822 1202 2860 Jacob.
1219 2822 1289 2862 Vi-

339 2886 401 2924 des
417 2886 574 2923 filiorum
588 2884 838 2922 continentiam
850 2883 868 2920 ‘:’
884 2882 1164 2935 Turpitudinem
1178 2884 1291 2921 maxi-

341 2961 436 2984 mam
463 2947 530 2983 hoc
555 2946 687 2983 sactum
710 2943 933 2997 reputabant.
957 2942 1092 2982 Vidisti
1113 2944 1291 2995 quomodo

340 3010 458 3061 justus
473 3021 598 3060 pueros
615 3021 695 3043 suos
706 3005 837 3043 erudiit
849 3004 1100 3043 advirtutem?
1113 3004 1292 3056 quomodo

346 3071 430 3108 item
453 3070 547 3107 filius
575 3068 685 3105 linior
708 3082 808 3105 suam
840 3065 1158 3119 concupiscentiam
1189 3081 1294 3119 opere

347 3131 538 3183 complens,
549 3129 587 3166 fit
603 3129 690 3180 patri
704 3137 736 3165 et
751 3127 812 3165 toti
822 3127 955 3166 civitati
969 3126 1134 3179 perniciei
1147 3128 1293 3166 auctor?

347 3193 418 3231 Sed
446 3192 545 3244 prius
565 3189 754 3228 audiamus
778 3203 856 3239 quae
877 3188 989 3226 Emor
1004 3188 1051 3226 ad
1072 3203 1131 3227 eos
1151 3189 1294 3238 dixerit,

1345 2216 1443 2256 Λάὸε
1468 2231 1526 2266 μοι
1540 2214 1603 2260 τὴν
1621 2214 1809 2261 παιδίσκην
1826 2214 1954 2262 ταύτην
1975 2216 2022 2258 εἷς
2037 2221 2196 2266 γυναῖκα.
2217 2215 2371 2254 Ἤκουσε

1346 2276 1382 2314 δὲ
1402 2280 1420 2314 ὃ
1435 2274 1565 2313 Ἰακὼὸ
1586 2275 1625 2313 τὸ
1638 2274 1775 2326 γεγονὸς
1789 2303 1798 2321 ,
1819 2275 1878 2312 καὶ
1894 2275 1979 2318 τέως
1997 2275 2117 2327 πράως
2136 2277 2268 2328 ἔφερεν,
2285 2279 2368 2314 ἄνα-

1349 2338 1460 2389 μένων
1477 2339 1544 2373 τῶν
1559 2337 1715 2387 ἀδελφῶν
1737 2336 1843 2382 αὐτ-ἧς
1862 2335 1924 2382 τὴν
1944 2336 2149 2388 παρουσίαν.
2169 2331 2286 2375 *He-:m
2304 2337 2373 2390 γὰρ

1349 2400 1383 2436 ἐν
1403 2402 1473 2440 τοῖς
1502 2396 1685 2447 ποιμνίοις.
1707 2395 1776 2434 Καὶ
1804 2395 2077 2448 παρεσιώπησε,
2103 2397 2221 2450 φησὶν,
2243 2397 2374 2436 ’lanc->6

1350 2459 1413 2502 ἕως
1432 2462 1490 2496 τοῦ
1506 2459 1614 2495 ἐλθεῖν
1639 2456 1770 2499 αὐτούς.
1793 2457 2086 2509 Παραγενομένου
2109 2458 2144 2497 δὲ
2165 2462 2223 2497 τοῦ
2251 2459 2376 2513 Ἐμὼρ

1350 2521 1435 2572 πρὸς
1455 2520 1512 2558 τὸν
1536 2517 1667 2556 ’Iambe
1681 2547 1690 2565 ,
1711 2512 1814 2564 ἦλθον
1843 2518 1902 2556 καὶ
1921 2521 1952 2556 οἱ
1972 2519 2112 2571 ἀδελφοὶ
2141 2522 2203 2565 τ’ἧς
2232 2521 2374 2564 Δείνας·

1351 2582 1410 2619 καὶ
1436 2579 1642 2622 ἀκούσαντες
1661 2578 1705 2616 τὰ
1727 2577 1942 2629 γεγενημένα
1972 2581 2020 2622 εἷς
2044 2579 2107 2626 τὴν
2138 2580 2287 2631 ἀδελφὴν
2310 2583 2375 2619 αὖ-

1352 2644 1436 2690 τῶν,
1458 2639 1707 2692 κατενύγησαν.
1730 2638 1778 2677 Τί
1811 2641 1902 2687 ε’στι,
1928 2639 2198 2691 Κατενύγησαν;
2222 2640 2377 2688 Ἔλυπή-

1355 2706 1478 2750 θησαν,
1507 2702 1568 2739 οὐκ
1605 2700 1746 2738 ἀνεκτὸν
1780 2701 1894 2742 αὐτοῖς
1928 2699 2049 2752 ὤφθη,
2071 2701 2161 2739 ἀλλὰ
2193 2701 2253 2739 καὶ
2287 2702 2378 2740 πάνυ

1354 2762 1521 2816 χαλεπὸν,
1543 2760 1602 2799 καὶ
1617 2760 1728 2807 λύπης
1751 2762 1865 2803 αὐτοῖς
1888 2760 2046 2804 ὑπόθεσις
2060 2761 2192 2812 γέγονε.
2215 2763 2380 2814 Λυπηρὸν

1313 2850 1336 2879 υ
1356 2824 1445 2877 γὰρ,
1461 2823 1578 2876 φησὶν,
1596 2826 1638 2869 ἠν
1661 2822 1775 2864 αὐτοῖς
1794 2820 1944 2873 σφόδρα,
1965 2820 2017 2859 ὅτι
2037 2822 2197 2874 ἄσχημον
2220 2823 2381 2870 ἐποίησεν

1610 2881 1755 2934 Συχὲμ,
1792 2882 1970 2933 κοιμηθεὶς
2003 2882 2092 2933 μετὰ
2123 2886 2184 2929 τῆς
2217 2883 2383 2935 Θυγατρὸς

1359 2945 1502 2985 ’laxi-36.
1519 2945 1628 2997 εΟρόζς
1656 2947 1724 2982 τῶν
1756 2944 1890 2982 παίδων
1912 2943 1973 2991 τὴν
2004 2943 2248 2997 σωφροσύνηνς
2271 2945 2384 2996 Μεγί-

1362 3023 1448 3053 στην
1465 3005 1564 3059 ὔὸριν
1597 3006 1637 3044 τὸ
1663 3011 1812 3058 πρᾶγμα
1831 3004 2042 3055 ἐλογίσαντο.
2061 2998 2161 3047 Εἶδες
2188 3006 2261 3048 πῶς
2282 3005 2344 3055 μὲν
2367 3009 2386 3044 ὃ

1363 3068 1493 3110 δίκαιος
1511 3066 1590 3110 τοὺς
1620 3069 1742 3104 ἑαυτοῦ
1770 3067 1897 3108 παῖδας
1917 3064 2118 3103 ἐπαίδευσεν
2140 3067 2187 3108 εἷς
2214 3064 2277 3112 τὴν
2306 3069 2385 3117 ἀρ..-

1359 2889 1393 2924 ἐν
1424 2883 1570 2936 Ἰσραὴλ

1364 3129 1446 3176 τήν,
1471 3131 1545 3171 πῶς
1577 3127 1613 3165 δὲ
1645 3130 1662 3165 ὁ
1688 3131 1747 3165 τοῦ
1779 3126 1904 3179 Ἐμὼρ
1934 3127 2005 3169 υἱὸς
2038 3127 2084 3170 εἷς
2117 3125 2214 3180 ἔργον
2245 3126 2385 3178 ἀγαγὼν

1366 3191 1468 3227 αὐτοῦ
1491 3188 1553 3236 τὴν
1574 3187 1771 3238 ἐπιθυμίαν,
1793 3189 1843 3239 τῷ
1876 3186 1986 3238 πατρὶ
2016 3186 2075 3225 καὶ
2099 3187 2195 3238 πάσῃ
2223 3190 2264 3238 τῇ
2287 3187 2386 3226 πόλει

393 3353 404 3365 τ·
422 3343 631 3384 [Scripsimus
643 3343 755 3375 ἐπειδάν
769 3352 843 3372 cum
857 3341 956 3375 Coisl.
971 3349 1003 3374 et
1018 3353 1085 3375 var,
1106 3342 1180 3374 lect.
1198 3344 1230 3375 in
1244 3353 1347 3385 marg.
1367 3341 1466 3376 Sax‘il.
1483 3341 1651 3374 Edcbatur
1666 3343 1792 3384 ὲπειόή.]
