2516 3791
704 203 746 233 tx
785 203 885 234 mt‘.
927 202 989 233 Vl.

127 285 196 337 γὼν
210 285 318 338 ἔλεγε,
334 287 384 332 Γῆ
408 280 455 333 εἷ,
474 286 535 324 καὶ
555 288 601 330 εἰς
619 289 684 338 γῆν
703 287 877 339 ἀπελεύσῃ
891 302 898 310 ·
922 287 1012 325 οὕτω
1028 286 1069 333 δὴ
1089 286 1149 324 καὶ

127 350 290 394 ἐνταῦθα,
316 347 435 394 ἐπειδὴ
461 341 502 394 ἦν
529 348 641 395 πολλὴ
671 349 739 386 τῶν
773 351 890 386 κακῶν
918 352 939 395 ἠ
968 347 1148 395 ἐπίτασις,

125 409 241 461 φησὶν,
255 408 412 461 Ἐφθάρη
428 409 463 448 δὲ
477 414 499 457 ἡ
514 411 572 461 γῆ.
591 409 660 448 Καὶ
675 410 738 462 οὐχ
753 410 872 452 ἁπλῶς
890 402 997 456 εἶπεν,
1014 409 1148 461 Ἰὗφθά-

127 486 168 522 ρη
189 469 224 507 δὲ
242 473 264 517 ἡ
282 473 328 522 γῆ
341 500 350 514 ,
370 472 467 515 ἀλλ’,
487 470 667 508 Ἐναντίον
686 475 746 508 τοῦ
765 473 876 518 Θεοῦ,
905 470 964 508 καὶ
990 470 1146 516 ἐπλήσθη

125 534 146 577 ἡ
167 533 211 582 γῆ
235 531 381 575 ἀδικίας.
405 533 468 585 Τῷ
496 533 622 579 εἰπεῖν,
642 531 822 583 Ἔφθάρη,
851 538 966 569 πᾶσαν
993 531 1057 576 τὴν
1082 546 1147 568 κα-

125 591 202 630 κίαν
224 594 338 630 αὐτῶν
357 593 530 645 ἐνέφηνεν.
551 593 642 632 Οὐδὲ
666 593 734 645 γάρ
754 595 846 631 ἐστιν
865 594 990 638 εἰπεῖν,
1014 591 1068 630 ὅτι
1099 592 1148 628 ἑνὶ

125 653 184 691 καὶ
211 653 271 692 δύο
299 655 551 705 ἁμαρτήμασιν
581 654 783 697 ὑπευθύνους
809 651 950 696 ἑαυτοὺς
977 651 1148 698 κατέστη-

127 730 211 761 σαν,
232 714 322 753 ἀλλὰ
348 715 463 759 πάσας
488 715 550 758 τὰς
568 714 789 767 παρανομίας
816 712 904 764 μετὰ
927 713 1058 757 πολλῆς
1086 715 1149 758 τῆς

127 775 306 829 δαψιλείας
321 776 566 828 διεπράττοντο
580 792 587 799 ·
608 775 660 814 διὸ
677 774 737 813 καὶ
755 774 909 825 ἐπήγαγε
923 803 932 821 ,
949 772 1018 812 Καὶ
1034 773 1147 820 ἐπλή-

125 840 190 883 σθη
207 841 228 883 ἡ
258 839 302 884 γῆ
333 837 480 879 ἀδικίας.
507 839 587 888 Οὐχ
616 837 755 882 ἁπλῶς,
787 834 864 873 οὐδὲ
889 837 937 877 ὼς
965 833 1066 886 ἔτυχε
1084 834 1147 882 τὴν

122 897 249 935 κακίαν
282 897 507 944 ἐπετήδευον,
543 896 622 935 ἀλλ’
661 896 809 943 ἑκάστην
844 894 1021 949 ἁμαρτίαν
1058 894 1148 945 μετὰ

124 958 257 1004 πολλῆς
285 961 347 1003 τῆς
376 958 568 1002 ἐπιτάσεως
597 957 847 996 ἐπεδείκνυντο.
884 955 953 995 Καὶ
983 955 1046 1009 ὅρα
1073 959 1148 1000 πῶς

123 1018 244 1056 λοιπὸν
266 1019 343 1057 οὐδὲ
365 1019 505 1071 μνήμης
526 1018 647 1062 αὐτοὺς
665 1021 771 1071 ψιλῆς
795 1017 942 1062 ἀξιῶσαι
965 1017 1149 1069 ἀνέχεται,

107 1110 109 1112 .
125 1079 216 1118 ἀλλὰ
237 1082 286 1132 τῷ
302 1083 364 1127 τῆς
382 1083 445 1132 γῆς
461 1080 606 1130 ὀνόματι
627 1078 750 1123 αὐτοὺς
769 1081 886 1124 καλεῖ,
907 1080 1069 1117 δεικνῦσα
1087 1079 1148 1116 καὶ

124 1142 188 1185 τῆς
206 1141 329 1184 κακίας
355 1141 418 1187 τὴν
445 1140 652 1193 ὑπερὸολὴν,
675 1140 734 1178 καὶ
747 1143 815 1186 ’τῆς
831 1144 890 1178 τοῦ
908 1141 1001 1178 Θεοῦ
1018 1141 1147 1190 ἀγανα-

125 1201 280 1247 κτήσεως
297 1202 337 1240 τὸ
366 1202 519 1254 μέγεθος.
537 1201 694 1255 Ἐφθάρη
716 1201 751 1239 δὲ
773 1203 795 1247 ἡ
824 1203 887 1251 γῆ,
908 1199 1030 1252 φησὶν,
1051 1201 1147 1237 ε’ναν-

124 1262 198 1300 τίον
219 1266 279 1300 τοῦ
296 1265 388 1303 Θεοῦ
399 1294 408 1312 ,
424 1266 516 1301 τοῦτ’
535 1264 626 1302 ἔστιν
639 1294 648 1311 ,
670 1262 878 1305 ἀπεναντίας
895 1267 963 1304 τοῖς
979 1264 1038 1299 τοῦ
1053 1262 1146 1299 Θεοῦ

124 1325 392 1377 προστάγμασιν
412 1326 550 1364 ἅπαντα
570 1325 817 1379 διεπράττοντο
830 1355 838 1371 ,
866 1327 1148 1366 καταπατοῦντες

124 1390 184 1424 τοῦ
205 1387 296 1424 Θεοῦ
315 1386 376 1430 τὰς
396 1387 548 1436 ἐντολὰς,
566 1387 651 1426 ι”κα“ι
671 1387 728 1431 τὸν
749 1388 783 1424 ἐν
805 1387 848 1437 τῇ
869 1384 970 1438 φύσει
989 1383 1147 1434 κείμενον

124 1450 168 1498 τῇ
191 1447 388 1499 ἀνθρωπίνῃ
413 1448 621 1487 διδάσκαλον
641 1447 697 1486 διὰ
724 1450 787 1494 τῆς
815 1446 944 1490 οἰκείας
977 1445 1149 1500 ῥᾳθυμίας

125 1507 393 1559 προδεδωκότες.
424 1509 494 1548 Καὶ
523 1509 695 1557 ἐπλήσθη,
717 1508 844 1562 φησὶν,
872 1511 894 1555 ἡ
925 1510 969 1560 γῆ
1000 1506 1148 1551 ἀδικίας.

126 1562 238 1612 Εἶδες,
255 1569 428 1620 ἀγαπητὲ,
447 1569 526 1609 ὅσον
547 1571 654 1609 κακὸν
675 1570 831 1623 ἁμαρτία
844 1600 854 1617 ,
873 1573 948 1613 πῶς
963 1568 1022 1607 καὶ
1042 1569 1150 1615 αὐτῆς

122 1632 187 1675 τῆς
217 1632 464 1683 προσηγορίας,
495 1632 555 1669 καὶ
587 1637 647 1671 τοῦ
682 1631 884 1684 ἀνθρώπους
920 1631 1150 1681 ὀνομάζεσθαι

123 1692 242 1730 λοιπὸν
270 1693 424 1737 ἀναξίους
456 1693 708 1746 ἀπεργάζεται;
725 1693 847 1732 Ἄκουε
867 1693 972 1731 πάλιν
992 1691 1053 1729 καὶ
1081 1695 1150 1729 τῶν

125 1752 212 1799 ἑξῆς.
234 1754 302 1792 Καὶ
321 1748 391 1792 εἶδε
410 1754 536 1807 Κύριος
552 1758 570 1792 ὁ
585 1755 674 1799 Θεὸς
695 1753 758 1800 τὴν
777 1756 862 1805 γῆν,
891 1753 951 1792 καὶ
971 1747 1014 1799 ἦν
1043 1768 1150 1791 κατε-

125 1815 317 1866 φθαρμένη.
349 1815 447 1869 ΊΟρα
479 1816 586 1854 πάλιν
618 1818 684 1867 γ’ἧν
715 1815 840 1859 αὐτοὺς
865 1813 1150 1865 ὀνομαζομένους.

128 1868 236 1920 Εἶτα,
258 1875 377 1922 ἐπειδὴ
396 1876 457 1914 καὶ
473 1876 566 1920 ἅπαξ
595 1876 654 1914 καὶ
677 1876 835 1928 δεύτερον
863 1875 922 1913 καὶ
949 1875 1064 1926 τρίτον
1085 1877 1148 1924 γῆν

121 1936 249 1978 αὐτοὺς
264 1937 465 1987 ὠνόμασεν,
489 1939 545 1976 ἵνα
567 1938 614 1989 μή
637 1953 688 1980 τις
709 1937 869 1988 ὑπολάὸῃ
896 1937 976 1990 περὶ
997 1939 1060 1982 τῆς
1086 1940 1151 1988 γῆς

125 1999 188 2042 τῆς
208 2000 374 2044 αἰσθητῆς
389 2002 500 2037 ταῦτα
519 2001 689 2050 εἰρῆσθαι,
707 1998 826 2051 φησὶν,
844 1997 928 2036 εΌτι
947 1997 1151 2049 κατέφθειρε

126 2064 225 2096 π’ἴισα
255 2059 340 2110 σὰρξ
366 2059 430 2106 τὴν
459 2060 534 2098 ὁδὸν
568 2061 670 2098 αὐτοῦ
695 2060 753 2097 ἐπὶ
784 2061 846 2105 τῆς
867 2061 945 2109 γῆς.
979 2056 1070 2096 Οὐδὲ
1090 2061 1149 2095 ν’ὖν

128 2118 327 2169 ἀνθρώπους
346 2119 468 2163 αὐτοὺς
486 2119 631 2158 καλέσαι
647 2119 877 2167 κατηξίωσεν,
907 2117 998 2156 ἀλλὰ
1018 2120 1068 2169 τῷ
1087 2121 1149 2164 τῆς

125 2180 253 2230 σαρκὸς
274 2180 417 2231 ὀνόματι
439 2182 541 2232 μόνον
561 2181 772 2226 ἐνδείξασθαι
792 2175 877 2231 ἦμῖν
896 2179 1074 2230 βούλεται,
1095 2179 1148 2217 ὅτι

123 2241 164 2277 οὐ
180 2241 259 2293 περὶ
274 2243 336 2286 τῆς
355 2244 419 2292 γῆς
440 2242 549 2280 ταῦτά
569 2258 694 2295 φησιν,
712 2241 803 2280 ἀλλὰ
821 2241 902 2293 περὶ
929 2243 999 2278 τῶν
1017 2239 1150 2292 ἀνθρώ·

124 2316 199 2338 πων
219 2304 287 2339 τῶν
312 2302 426 2354 σάρκα
445 2303 711 2356 περικειμένων,
731 2303 791 2341 καὶ
810 2308 884 2345 ταῖς
899 2300 1037 2352 γηΐναις
1057 2300 1149 2353 πρά-

124 2361 214 2404 ξεσιν
233 2363 373 2407 ἑαυτοὺς
390 2364 724 2403 καταναλωσάντων.
741 2363 844 2407 ’Έθος
857 2362 925 2414 γὰρ
941 2363 985 2413 τῇ
1003 2363 1030 2400 Γ
1034 2365 1144 2414 ραφῆ,

124 2422 283 2474 καθάπερ
302 2424 470 2468 πολλάκις
489 2425 630 2472 εἴπομεν
651 2425 709 2464 ἐπὶ
725 2427 787 2471 τῆς
806 2424 976 2478 ὑμετέρας
992 2422 1144 2474 ἀγάπης,

124 2482 203 2526 τοὺς
234 2485 398 2536 σαρκικὸν
427 2485 589 2537 φρόνημα
620 2485 916 2536 ἐπιδειξαμένους,
947 2485 1006 2523 καὶ
1036 2483 1144 2536 μηδὲν

124 2545 256 2595 ὑψηλὸν
273 2547 547 2597 φανταζομένους
569 2550 617 2599 τῷ
637 2551 698 2594 τῆς
723 2547 851 2600 σαρκὸς
868 2546 1013 2598 ὀνόματι
1029 2561 1144 2599 προσ-

124 2605 318 2658 ἀγορεύειν,
343 2609 501 2660 καθάπερ
529 2609 588 2647 καὶ
612 2611 630 2647 ὁ
657 2608 825 2663 μακάριος
850 2608 991 2653 Παῦλός
1019 2623 1142 2661 φησιν·

123 2667 170 2704 Οἱ
191 2666 226 2706 δὲ
252 2669 286 2705 ἐν
307 2669 410 2720 σαρκὶ
439 2669 533 2714 ὄντες
557 2671 640 2723 Θεῷ
670 2670 793 2724 ἀρέσαι
822 2670 860 2707 οὒ
888 2669 1064 2708 δύνανται.
1095 2669 1143 2708 Τί

121 2721 202 2777 οῧνς
218 2729 317 2774 αὐτὸς
330 2732 349 2768 ὁ
361 2735 472 2768 ταῦτα
484 2731 595 2783 λέγων
606 2731 683 2784 οὐχὶ
699 2731 812 2785 σάρκα
826 2731 1020 2784 περιέκειτο
1030 2748 1040 2779 ;
1051 2731 1142 2770 Ἀλλ’

123 2791 161 2827 οὐ
178 2790 277 2829 τοῦτο’
292 2807 394 2844 φησιν
406 2821 416 2839 ,
438 2792 492 2831 ὅτι
508 2796 538 2832 οἱ
553 2793 667 2846 σάρκα
685 2793 940 2846 περικείμενοι,
955 2795 992 2832 οὐ
1012 2793 1140 2832 δύναν-

122 2866 180 2888 ται
209 2852 330 2905 ἀρέσαι
359 2847 452 2892 οὗτοι
470 2857 520 2908 τῷ
546 2857 653 2907 Θεῷ,
686 2855 764 2894 ἀλλ’
788 2855 842 2894 ὅτι
868 2857 900 2893 οἱ
923 2855 1057 2906 μηδένα
1078 2857 1140 2901 τῆς

124 2913 250 2965 ἀρετῆς
277 2914 376 2965 λόγον
403 2915 624 2966 ποιούμενοι,
652 2916 743 2956 ἀλλὰ
771 2917 888 2956 πάντα
911 2916 956 2955 τὰ
987 2916 1139 2969 σαρκικὰ

122 2978 341 3026 φρονοῦντες,
362 2976 422 3014 καὶ
438 2976 516 3030 περὶ
535 2976 596 3021 τὰς
615 2977 745 3026 ταύτης
762 2978 886 3025 ἡδονὰς
904 2978 1139 3029 καταοῒτιῖψε-

121 3051 193 3083 vot,
213 3036 271 3073 καὶ
293 3037 465 3088 μηδεμίαν
485 3042 547 3086 τῆς
568 3041 684 3091 ψυχῆς
699 3042 761 3086 τ’ἧς
779 3038 967 3090 ἀσωμάτου
985 3039 1046 3078 καὶ
1065 3055 1138 3077 νοε-

122 3103 184 3147 ρᾶς
200 3098 363 3150 φροντίδα
383 3098 595 3150 ποιούμενοι.
619 3100 721 3139 Ἐπεὶ
741 3094 799 3138 οῦν
821 3101 878 3140 διὰ
903 3103 972 3138 τῶν
992 3100 1138 3153 εἰρημέ-

120 3174 189 3196 νων
210 3159 358 3205 ἐδίδαξεν
376 3165 470 3212 ἡμᾶς
494 3163 516 3207 ἡ
538 3161 612 3200 θεία
632 3162 756 3216 Γραφὴ
777 3164 846 3199 τῶν
872 3163 1139 3215 ἁμαρτημάτων

121 3218 162 3256 τὸ
180 3221 324 3268 πλῆθος,
342 3223 404 3268 τῆς
432 3222 556 3266 κακίας
576 3222 640 3270 τὴν
659 3222 854 3275 ὑπερῧολὴν
867 3252 877 3270 ,
908 3226 970 3270 τῆς
1001 3225 1088 3275 ἀγαν
1097 3240 1137 3261 :t-

1028 202 1190 233 sul-:NES-

1233 203 1392 232 nonu..
1433 202 1558 233 xxtv.

2083 190 2169 253 257

1223 286 1289 324 suit
1303 316 1313 334 ‚
1331 285 1474 324 dicebat
1492 302 1498 322 :
1522 287 1640 324 Terra
1660 299 1716 334 es,
1740 296 1774 323 el
1796 289 1835 322 in
1859 294 1998 324 terram
2020 291 2143 326 abibis
2163 306 2168 324 ε
2191 297 2264 322 (lu-nv
2283 297 2296 323 ἲ
2326 306 2370 333 «o-

1224 347 1271 385 ita
1292 356 1326 385 ct
1344 346 1418 395 hic,
1440 347 1523 398 quia
1538 346 1735 400 plurimum
1753 346 1978 384 invaluerant
2000 348 2100 396 vitia,
2121 349 2173 386 in—

1223 407 1324 458 quit,
1348 408 1540 460 Corrupta
1561 416 1691 446 autem
1710 416 1793 446 erat
1813 416 1928 446 terra.
1950 408 2072 459 Neque
2089 409 2173 447 sini-

1222 469 1364 520 pliciter
1391 468 1505 507 dicit:
1539 471 1730 521 Corrupta
1756 478 1885 508 autem
1916 478 1999 508 erat
2037 478 2139 508 terra
2163 487 2172 505 .-

1224 530 1300 579 sed,
1325 532 1466 568 Coram
1487 532 1572 568 Deo
1588 547 1598 566 :
1617 539 1651 568 et
1672 532 1833 583 impleta
1854 541 1936 570 erat
1954 540 2058 570 terra
2071 535 2173 585 inju-

1227 593 1350 627 stitia.
1371 591 1531 628 Dicendo
1546 592 1639 629 enim
1654 622 1663 639 ‚
1684 594 1876 644 Corrupta
1893 602 1991 638 erat,
2015 594 2172 646 omnige-

1225 663 1306 686 nam
1333 650 1478 688 illorum
1502 651 1677 690 malitiam
1700 654 1861 705 emphasi
1891 654 2046 704 quadam
2067 655 2171 693 dixit.

1222 711 1300 747 Non
1333 710 1427 748 enim
1442 711 1514 748 dici
1548 721 1673 763 potest,
1701 728 1758 751 eos
1793 714 1898 752 unius
1928 716 1985 753 vel
2017 716 2173 754 dum-um

1220 779 1447 821 peccatorum
1475 780 1610 809 tantum
1634 787 1710 810 reos
1730 773 1855 821 fuisse,
1875 775 1938 813 sed
1963 791 2084 814 omnes
2106 777 2174 815 ini-

1220 831 1373 882 quitates
1391 832 1526 883 absque
1547 833 1652 871 modo
1672 834 1890 872 commisisse
1911 851 1918 871 ε
1942 836 2020 873 ideo
2039 838 2173 886 subdit,

1222 893 1259 930 E
1263 900 1276 929 t
1296 893 1457 945 impleta
1478 902 1561 931 erat
1582 903 1686 932 terra
1710 897 1917 944 injustitia.
1936 898 2014 934 h‘on
2032 898 2169 945 obiter,

1222 967 1334 1005 neque
1349 954 1546 1006 vulgariter
1561 955 1709 993 malitia?
1730 956 1934 1006 studebant,
1953 957 2015 996 scd
2034 969 2174 1011 peccata

1221 1029 1372 1066 qumque
1401 1015 1550 1054 ferventi
1580 1017 1804 1055 contentione
1834 1018 1997 1069 agebant.
2021 1019 2068 1057 Et
2092 1020 2175 1058 vide

1220 1075 1399 1127 quomodo
1417 1077 1499 1116 illos
1516 1087 1637 1131 postea
1660 1092 1703 1116 ne
1717 1079 1817 1116 tenui
1838 1079 1982 1130 quidem
2004 1082 2174 1119 memoria

1219 1138 1413 1190 dignatur,
1435 1139 1495 1178 sed
1516 1140 1659 1178 nomine
1679 1149 1779 1178 terrae
1803 1151 1928 1192 vocat,
1950 1142 2055 1180 simul
2078 1142 2175 1181 indi-

1221 1214 1303 1238 cans
1317 1210 1350 1238 et
1365 1210 1589 1253 peccatorum
1606 1202 1818 1253 gravitatem
1835 1212 1867 1241 et
1879 1203 1943 1241 Dei
1959 1204 2176 1255 indignatio-

1221 1274 1313 1299 nem.
1324 1263 1517 1315 Corrupta
1527 1272 1611 1302 erat
1623 1272 1751 1302 autem
1765 1273 1880 1315 terra,
1895 1265 2025 1316 inquit,
2043 1280 2177 1304 coram

1222 1324 1323 1375 Deo,
1341 1324 1411 1363 hoc
1426 1334 1490 1373 est,
1509 1339 1609 1364 secus
1627 1340 1735 1377 quam
1750 1335 1969 1379 praeceptum
1981 1336 2056 1365 erat
2071 1341 2090 1365 a
2103 1328 2177 1365 Deo

1221 1385 1341 1423 omnia
1372 1386 1569 1437 faciebant,
1597 1386 1764 1425 mandata
1778 1388 1845 1426 Dei
1869 1389 2126 1438 conculcantes,
2144 1398 2178 1427 et

1223 1446 1434 1498 magistrum
1460 1456 1596 1486 naturae
1626 1448 1790 1486 humanae
1822 1448 1970 1488 insitum
1995 1464 2058 1502 per
2084 1449 2178 1488 desi-

1222 1507 1319 1546 diam
1337 1509 1614 1548 amittentes.Et
1632 1511 1794 1563 impleta
1809 1520 1893 1549 erat
1908 1520 2026 1560 terra,
2044 1511 2175 1562 inquit,

1223 1571 1431 1622 injustitia.
1451 1570 1604 1620 Vidisti,
1620 1570 1767 1619 dilecte,
1785 1581 1958 1623 quantum
1977 1572 2114 1610 malum
2133 1573 2179 1611 sit

1223 1640 1409 1683 peccatum
1423 1661 1433 1681 ,
1453 1631 1631 1682 quomodo
1653 1631 1692 1670 id
1712 1632 1859 1680 efficiat,
1876 1642 1915 1671 ut
1936 1633 2097 1672 homines
2115 1649 2179 1672 suo

1224 1693 1366 1731 nomine
1385 1693 1506 1731 vocari
1524 1707 1593 1731 non
1616 1693 1686 1731 sint
1704 1693 1831 1745 digni?
1845 1694 1940 1732 Audi
1960 1710 2083 1734 rursus
2101 1710 2179 1746 quae

1225 1762 1443 1804 sequuntur:
1461 1755 1524 1790 12
1539 1755 1593 1791 Et
1611 1755 1715 1792 vidit
1740 1755 1932 1793 Dominus
1960 1756 2070 1794 Deus
2106 1765 2179 1794 ter-

1224 1826 1309 1850 ram
1323 1842 1332 1860 ,
1352 1822 1389 1851 et
1411 1822 1494 1851 erat
1519 1823 1715 1866 corrupta.
1734 1814 1832 1854 Vide
1850 1815 1979 1853 iterum
2000 1816 2180 1867 quomodo

1223 1887 1282 1911 cos
1310 1882 1443 1911 terram
1469 1883 1581 1912 vocet.
1602 1874 1651 1912 Et
1674 1884 1808 1927 postea,
1840 1889 1922 1913 curn
1950 1877 2057 1914 semel
2076 1886 2181 1928 atque

1223 1934 1353 1973 iterum
1369 1944 1403 1974 et
1421 1936 1525 1974 tertio
1543 1936 1744 1975 nominavit
1759 1945 1904 1986 terram,
1921 1947 1960 1975 ut
1975 1952 2017 1976 ne
2035 1938 2116 1990 quis
2134 1939 2180 1978 de

1223 2005 1316 2034 terra
1341 1997 1499 2035 sensibili
1522 2011 1604 2035 eum
1626 1997 1762 2035 dixisse
1788 1998 2011 2050 suspicetur,
2034 1999 2150 2051 inquit
2169 2017 2176 2037 ε

1227 2058 1329 2108 Quia
1345 2067 1570 2111 corruperat
1590 2061 1714 2096 omnis
1742 2073 1834 2097 caro
1854 2062 1963 2098 viam
1984 2074 2094 2098 suam
2114 2076 2177 2100 szc-

1220 2134 1290 2171 per
1310 2129 1466 2159 terram.
1486 2121 1607 2171 Neque
1634 2133 1728 2158 nune
1754 2120 1911 2159 hominis
1941 2121 2178 2173 appellatione

1221 2193 1281 2218 eos
1302 2180 1484 2232 dignatur,
1503 2179 1567 2219 sed
1583 2194 1726 2218 carnem
1743 2189 1868 2219 vocat:
1885 2196 1955 2232 quo
1972 2196 2036 2220 nos
2051 2182 2178 2222 docere

1221 2242 1349 2289 voluit,
1373 2256 1409 2280 se
1423 2255 1492 2280 non
1505 2240 1550 2279 de
1566 2250 1659 2279 terra
1674 2241 1752 2280 haec
1769 2242 1901 2291 dicere,
1917 2242 1979 2281 sed
1995 2243 2040 2282 de
2058 2243 2176 2283 homi-

1219 2303 1326 2341 nibus
1345 2317 1448 2342 carne
1468 2302 1621 2353 amictis,
1640 2313 1673 2341 et
1692 2304 1917 2342 terrestribus
1934 2306 2085 2357 negotiis
2103 2321 2178 2345 sese

1219 2373 1311 2403 totos
1331 2363 1633 2418 impendentibus.
1662 2366 1740 2403 Mos
1765 2365 1862 2403 enim
1885 2366 2079 2419 Scripturae
2106 2378 2173 2418 est,

1218 2435 1258 2464 ut
1278 2440 1368 2479 saepe
1387 2425 1527 2464 caritati
1546 2435 1672 2464 vestrae
1691 2425 1786 2476 dixi,
1806 2427 1960 2465 camalia
1983 2429 2171 2480 sapientes,

1216 2497 1250 2526 et
1269 2488 1360 2526 nihil
1373 2487 1528 2526 sublime
1543 2487 1749 2539 cogitantes,
1763 2488 1880 2526 carnis
1895 2489 2038 2527 nomine
2050 2491 2173 2542 appel-

1215 2549 1304 2598 lare,
1320 2550 1411 2587 sicut
1429 2557 1463 2586 et
1485 2548 1610 2586 beatus
1628 2547 1762 2585 Paulus
1782 2548 1916 2598 inquit:
1946 2551 2022 2600 Qui
2040 2561 2170 2590 autem
2187 2562 2275 2592 Ram.
2294 2562 2320 2594 8.
2343 2564 2372 2593 8.

1215 2613 1258 2647 in
1289 2623 1408 2648 carne
1444 2617 1548 2654 sunt,
1580 2609 1667 2646 Deo
1698 2609 1855 2660 placere
1887 2623 1964 2647 non
1995 2623 2168 2662 possunt.

1214 2670 1316 2717 Quid
1331 2669 1468 2721 igitur?
1488 2683 1556 2706 non
1576 2668 1643 2705 suit
1661 2668 1697 2705 in
1716 2682 1820 2707 carne
1837 2678 1870 2707 et
1887 2670 1916 2707 is
1934 2671 1997 2721 qui
2014 2671 2090 2710 haec
2108 2673 2170 2711 di-

1213 2731 1341 2770 cebat?
1358 2732 1437 2769 Non
1460 2729 1525 2767 hoc
1545 2728 1667 2779 dixit,
1690 2729 1788 2780 quod
1810 2730 1871 2780 qui
1891 2744 1996 2769 carne
2015 2733 2168 2772 circum-

1215 2793 1289 2830 dati
1322 2792 1392 2830 sint
1410 2793 1486 2829 Deo
1513 2790 1650 2842 placere
1678 2803 1746 2827 non
1776 2791 1925 2843 possint,
1955 2793 2018 2831 sed
2049 2793 2094 2832 de
2124 2795 2168 2833 iis

1216 2854 1374 2905 loquitur
1391 2852 1453 2904 qui
1471 2852 1608 2890 nullam
1628 2851 1773 2889 virtutis
1788 2852 1959 2892 rationem
1975 2854 2118 2905 habent,
2135 2866 2169 2895 et

1215 2916 1305 2954 nihil
1323 2915 1390 2953 nisi
1419 2913 1559 2952 carnale
1587 2912 1786 2965 sapientes,
1820 2915 1935 2953 carnis
1967 2916 2167 2969 voluptates

1214 2986 1405 3026 sectantur,
1429 2975 1636 3024 nullamque
1651 2973 1778 3011 animm
1800 2975 2013 3028 incorporem
2035 2987 2068 3015 et
2088 2979 2163 3030 spi-

1213 3039 1353 3078 ritualis
1377 3050 1500 3075 curam
1523 3044 1661 3087 gerunt.
1695 3036 1822 3087 Itaque
1849 3038 1932 3088 quia
1960 3038 2065 3077 dictis
2088 3040 2163 3078 istis

1212 3100 1335 3138 divina
1353 3097 1536 3149 Scriptura
1553 3095 1674 3133 docuit
1686 3110 1748 3134 nos
1758 3106 1982 3149 peccatorum
1999 3100 2165 3138 multitu-

1173 3174 1179 3182 ·
1214 3161 1350 3208 dinem,
1376 3157 1523 3196 malitia:
1543 3170 1738 3206 excessum,
1760 3157 2015 3209 indignationis
2031 3160 2164 3199 divina:

1214 3219 1519 3273 magnitudinem,
1541 3226 1574 3256 ct
1600 3217 1697 3268 quod
1722 3218 1768 3257 ob
1799 3219 1957 3259 studium
1990 3222 2163 3261 malorum

167 3336 180 3350 ⁸
197 3330 251 3360 ’τὸν
274 3331 304 3359 ἐν
328 3328 408 3371 φύσει
433 3332 564 3370 κείμενον
590 3336 626 3374 τῇ·
648 3333 817 3374 ἀνθρωπίνῃ
843 3331 1028 3369 ὅιδάτιαλον,
1052 3340 1123 3360 nm-
1158 3339 1256 3372 quam
1282 3325 1447 3370 eleganter
1463 3335 1549 3368 serpe
1574 3324 1789 3358 commendat
1805 3324 2076 3370 Chrysostomus.

118 3381 254 3422 gsscrum
273 3385 400 3410 naturae
417 3377 572 3412 humana»
588 3381 738 3422 insitum,
754 3378 788 3412 id
804 3386 853 3413 est
866 3379 1122 3423 conscientiam,

332 3435 426 3460 ΤΟΜ.
460 3438 515 3462 HV·

1939 3427 1982 3462 18
