2516 3791
691 207 732 237 lx
771 208 873 238 CAP.
915 208 1010 237 vm.

112 289 258 337 ἠλέησεν
289 289 389 328 αὐτὸν
421 291 454 328 ἐν
483 288 885 342 τοσαύτῃ“στενοχι·)ρίᾳ
908 290 1144 342 τυγχρίνοντα,

111 351 171 388 καὶ
190 352 225 388 ἐν
249 350 431 404 ἀμηχανίᾳ
457 354 661 388 καθεστῶτα
676 380 685 396 ,
706 352 767 389 καὶ
798 354 859 390 οὒκ
897 352 1012 390 εἰδότα
1036 351 1144 404 μέχρι

108 411 200 454 τίνος
215 411 383 458 στήσεται
410 411 454 449 τὰ
469 411 574 449 δεινοί.
594 411 727 450 Ἰἰννόει
749 413 816 464 γάρ
837 428 896 463 μοι
921 413 1038 456 ποίους
1060 416 1142 450 ἀνε-

110 472 198 510 κίνει
220 474 296 511 καθ’
317 473 438 511 ἑαυτὸν
460 472 647 523 λογισμοὺς
671 473 758 523 μετὰ
790 474 851 517 τὰς
879 474 1140 525 τεσσαράκοντα

107 533 244 585 ἡμέρας
263 534 323 572 καὶ
344 533 406 577 τὰς
423 534 686 585 τεσσαράκοντα
705 534 850 582 νύκτας,
873 535 912 578 ἃς
929 538 951 581 ἠ
971 537 1040 571 τῶν
1059 534 1140 572 ὑδά-

110 610 178 632 των
200 594 288 648 φορὰ
322 595 550 647 κατεφέρετο,
579 598 667 648 δρῶν
693 595 750 635 ἐπὶ
779 596 902 634 ἑκατὸν
923 595 1140 641 πεντήκοντα

107 653 244 705 ἡμέρας
259 655 316 692 ἐπὶ
341 658 401 694 τοῦ
422 657 524 694 αὐτοῦ
544 654 671 707 μέτρου
700 654 744 692 τὰ
772 655 879 693 ὕδατα
898 653 1065 705 μένοντα,
1080 654 1139 691 καὶ

108 715 185 754 οὐδὲ
203 715 290 760 ὅλως
309 717 458 768 λήγοντα
472 732 480 739 ·
502 718 561 755 καὶ
584 716 623 755 τὸ
647 716 688 762 δὴ
707 715 972 769 χαλεπώτερον,
989 715 1042 753 ὅτι
1062 716 1138 753 οὐδὲ

109 777 228 822 αὐτοῖς
263 779 452 830 ὀφθαλμοῖς
486 772 579 829 εἶχεν
608 777 689 815 ἰδεῖν
720 776 764 814 τὰ
789 776 1004 828 γεγενημένα
1019 805 1028 822 ,
1059 777 1135 814 ἀλλ’

108 838 411 889 ἐγκεκλεισμένος,
452 839 512 876 καὶ
544 841 582 876 οὐ
620 837 808 888 δυνάμενός
838 841 940 875 ποθεν
972 840 1016 888 τῇ
1060 838 1138 889 ὄψει

106 899 296 937 ὑποόαλεῖν
311 900 354 938 τὰ
373 898 607 951 κατειληφότα
629 899 740 945 δεινὰ,
769 898 908 949 μείζονα
931 898 992 946 τὴν
1015 899 1137 947 ὀδύνην

104 959 277 1010 ὑπέμενε,
312 960 372 998 καὶ
409 960 585 1012 βαρύτερα
611 961 687 998 καθ’
723 959 874 1006 ἑκάστην
908 960 1135 1012 ἀνελογίζετο.

106 1020 203 1072 Ἐγὼ
230 1020 265 1060 δὲ
282 1021 341 1060 καὶ
356 1021 524 1071 θαυμάζω
543 1024 617 1064 πῶς
636 1020 703 1058 ὑπὸ
720 1023 782 1067 τῆς
808 1021 956 1071 ἀθυμίας
977 1024 1083 1068 αὖτ’ἧς
1098 1025 1136 1061 οὐ

105 1082 284 1129 κατεπόθη
295 1111 304 1127 ,
326 1085 374 1126 εἷς
384 1082 517 1121 ἔννοιαν
535 1081 721 1135 ἐρχόμενος
734 1082 795 1120 καὶ
808 1086 869 1129 τῆς
885 1083 1060 1128 ἀπωλείας
1075 1089 1135 1122 τοῦ

103 1146 174 1182 τῶν
191 1143 380 1196 ἀνθρώπιον
400 1144 538 1195 γένους,
559 1143 617 1182 καὶ
636 1147 699 1190 τῆς
714 1143 898 1194 μονώσεως
915 1147 977 1190 τῆς
988 1145 1135 1193 οἰκείας,

105 1204 163 1242 καὶ
179 1208 241 1251 τῆς
254 1207 412 1257 χαλεπῆς
432 1204 564 1252 ἐκείνης
580 1206 768 1256 διαγωγῆς.
787 1204 878 1242 Ἀλλ’
900 1208 920 1251 ἡ
938 1205 1032 1243 αἰτία
1047 1206 1135 1244 πάν-

104 1282 174 1304 των
189 1268 282 1319 αὐτῷ
301 1269 369 1304 τῶν
390 1268 528 1317 ἀγαθῶν
547 1271 569 1314 ἡ
587 1267 704 1310 πίστις
722 1263 763 1315 ἦν
785 1270 805 1313 ἡ
823 1269 871 1311 εἰς
889 1267 947 1305 τὸν
964 1268 1068 1316 Θεὸν,
1089 1268 1134 1306 δι’

102 1328 145 1374 ἣν
156 1328 215 1366 καὶ
229 1331 366 1380 ἀντεῖχε
381 1327 440 1365 καὶ
456 1328 572 1366 πάντα
586 1328 750 1380 γενναίως
763 1329 874 1381 ἔφερε,
889 1330 948 1366 καὶ
959 1333 1002 1380 τῇ
1018 1330 1133 1367 ἐλπίδι

102 1389 310 1442 τρεφόμενος
329 1388 461 1432 οὐδενὸς
478 1389 649 1441 ἐτι-ᾔσθετο
658 1393 727 1428 τῶν
746 1393 925 1442 λυπηρῶν.
943 1390 1044 1429 Ἐπεὶ
1072 1385 1130 1429 οἶν

102 1450 146 1489 τὰ
166 1452 249 1504 παρ’
269 1453 392 1488 ἑαυτοῦ
422 1451 600 1503 παρέσχε,
628 1450 686 1488 καὶ
706 1450 769 1498 τὴν
792 1450 971 1502 ὑπομονὴν
991 1453 1129 1491 ἐπεδεί-

103 1511 203 1559 ξατο,
221 1511 281 1550 καὶ
301 1512 429 1563 δαψιλῆ
452 1511 515 1558 τὴν
535 1511 652 1550 πίστιν
673 1511 851 1563 εἰσήνεγκε
864 1542 873 1559 ,
905 1512 1039 1560 πολλὴν
1066 1514 1129 1561 τὴν

100 1572 286 1625 καρτερίαν
327 1572 604 1623 ἐπιδειξάμενος,
631 1573 755 1612 σκόπει
793 1577 853 1611 τοῦ
886 1575 1016 1625 ἀγαθοῦ
1037 1577 1130 1614 Θεοῦ

100 1633 164 1680 τὴν
184 1634 318 1680 πολλὴν
338 1635 416 1687 περὶ
437 1636 540 1674 αὐτὸν
562 1634 838 1688 φιλανθρωπίαν.
860 1635 930 1673 Καὶ
952 1637 1129 1687 ἐμνήσθη,

100 1694 204 1746 φησὶν
217 1725 226 1741 ,
245 1696 365 1740 ὁΘεὸς
381 1699 440 1734 τοῦ
459 1697 551 1734 Νῶε.
575 1699 656 1748 Οὐχ
677 1697 796 1739 ἁπλῶς
814 1690 890 1734 εἷπε
902 1727 912 1744 ,
933 1697 1004 1735 Καὶ
1023 1699 1129 1748 ἐμνή-

97 1759 183 1801 σθη·
215 1758 292 1794 ἀλλ’
326 1756 444 1803 ἐπειδὴ
477 1757 704 1810 προλαὸοῦσα
739 1760 761 1803 ἡ
797 1757 873 1795 θεία
915 1758 1036 1810 Γραφὴ
1064 1759 1127 1805 τὴν

101 1817 294 1869 μαρτυρίαν
316 1817 380 1864 τὴν
407 1817 504 1870 παρὰ
535 1823 594 1857 τοῦ
627 1820 719 1857 Θεοῦ
753 1818 862 1865 δήλην
881 1821 965 1868 ἡμῖν
984 1819 1127 1866 ἐποίησε

99 1878 179 1930 περὶ
197 1883 257 1917 τοῦ
276 1879 409 1917 δικαίου
419 1910 428 1927 ,
445 1882 462 1898 *
477 1879 635 1931 λέγοντος
645 1908 653 1924 ,
665 1880 812 1918 Εἶσελθε
827 1882 873 1922 εἷς
886 1879 949 1927 τὴν
965 1881 1128 1927 κιὸωτὸν,

97 1940 151 1978 ὅτι
174 1956 212 1978 σε
227 1934 314 1979 εἶδον
338 1941 469 1979 δίκαιον
486 1942 520 1979 ἐν
541 1945 583 1991 τῇ
606 1947 706 1993 γενεᾷ
726 1941 855 1993 ταύτῃ,
874 1941 933 1980 διὰ
953 1946 1053 1981 τοῦτο
1070 1947 1125 1981 νῦν

98 2017 204 2053 φησι·
222 2002 290 2039 Καὶ
312 2002 468 2052 ἐμνήσθη
484 2003 606 2045 ὁΘεὸς
627 2007 686 2041 τοῦ
707 2005 809 2049 Νῶε,
830 2005 921 2041 τοῦτ’
944 2003 1041 2049 ἔστι,
1064 2006 1127 2049 τῆς

99 2063 313 2116 μαρτυρίας,
343 2067 384 2110 ἦν
419 2064 499 2115 περὶ
533 2066 636 2103 αὐτοῦ
668 2064 875 2112 ἐποιήσατο,
906 2066 1103 2115 ἀνεμνήσθη
1117 2097 1126 2113 ,

98 2125 156 2161 καὶ
188 2127 226 2163 οὐ
249 2126 418 2176 περιεῖδεν
442 2126 498 2164 ἐπὶ
519 2124 607 2163 πολὺ
627 2125 684 2163 τὸν
711 2125 862 2174 δίκαιον,
894 2126 984 2165 ἀλλὰ
1021 2128 1125 2181 μέχρι

95 2185 258 2224 τοσούτου
278 2186 570 2239 μακροθυμήσας,
591 2187 716 2238 μέχρις
745 2187 802 2225 ὅτε
831 2190 1007 2240 ἀντισχεῖν
1036 2190 1122 2235 ἠδύ-

94 2262 198 2292 νατο,
220 2247 298 2284 τότε
315 2248 434 2286 λοιπὸν
468 2247 531 2294 τὴν
550 2250 634 2300 παρ’
655 2250 778 2287 ἑαυτοῦ
814 2250 976 2302 δωρεῖται
1007 2250 1116 2303 χάριν.

97 2307 210 2351 Εἰδὼς
229 2307 298 2360 γὰρ
318 2309 418 2359 ημῶν
439 2311 500 2355 τῆς
527 2308 660 2360 φύσεως
686 2309 750 2356 τὴν
769 2310 960 2358 ἀσθένειαν,
981 2311 1122 2350 ἐπειδὰν

93 2369 308 2421 συγχωρήσῃ
326 2370 522 2422 πειρασμόν
534 2386 613 2408 τινα
629 2372 875 2424 ἐπενεχθῆναι,
887 2371 994 2424 μέχρι
1006 2373 1123 2412 τοσού-

93 2444 153 2466 του
186 2430 326 2481 ἀφίησι,
358 2430 480 2482 μέχρις
503 2430 562 2470 ὅτε
588 2425 659 2470 οἶδε
675 2433 884 2482 δυναμένους
904 2436 1121 2485 ὑπενεγκεῖν,

94 2490 150 2526 ἵνα
175 2490 233 2528 καὶ
259 2493 344 2541 ἡμῖν
376 2493 439 2537 τῆς
474 2492 658 2545 καρτερίας
691 2494 864 2546 ἀρκοῦσαν
883 2495 946 2542 τὴν
968 2496 1120 2545 ἀμοιὸἦν

93 2551 301 2604 χαρίσηται,
317 2553 377 2591 καὶ
389 2553 453 2599 τὴν
464 2554 593 2592 οἰκείαν
606 2555 869 2609 φιλανθρωπίαν
886 2557 1100 2605 ἐπιδείξηται
1112 2575 1120 2580 ·

94 2615 253 2667 καθάπερ
272 2613 330 2651 καὶ
348 2614 485 2658 Παῦλός
503 2631 606 2668 φησι·
624 2617 757 2660 Πιστὸς
775 2616 811 2654 δὲ
835 2621 853 2655 ὁ
873 2618 983 2665 Θεὸς,
1005 2619 1040 2663 ὃς
1059 2622 1121 2658 οὐκ

93 2672 190 2712 ἐάσει
206 2674 219 2692 '¹
231 2677 321 2725 ὑμᾶς
338 2678 569 2729 πειρασθῆναι
587 2676 674 2730 ὑπὲρ
691 2678 708 2716 ὃ
728 2678 871 2717 δύνασθε
883 2709 892 2724 ,
914 2679 1004 2718 ἀλλὰ
1018 2681 1122 2727 ποιή-

92 2751 144 2774 σει
166 2735 226 2774 σὺν
245 2740 294 2790 τῷ
312 2741 498 2789 πειρασμῷ
518 2738 577 2776 καὶ
596 2738 660 2786 τὴν
677 2740 840 2789 ἔκὸασιν,
868 2746 928 2780 τοῦ
954 2742 1120 2781 δύνασθαι

93 2798 183 2846 ὑμᾶς
196 2798 405 2849 ὑπενεγκεῖν.
423 2798 527 2837 Ἐπεὶ
558 2795 617 2837 οῦν
650 2801 746 2839 καὶὸ
767 2802 897 2846 δίκαιος
927 2797 1023 2847 οὗτος
1054 2804 1117 2851 τὴν

92 2872 136 2894 κα
160 2857 275 2911 τερίαν
297 2859 356 2897 καὶ
389 2859 452 2907 τὴν
482 2861 660 2912 ὑπομονὴν
691 2863 909 2912 ἐπεδείξατο,
930 2864 1048 2903 πίστει
1073 2869 1116 2917 τῇ

91 2919 139 2960 εἷς
151 2918 209 2956 τὸν
225 2919 314 2957 Θεὸν
332 2919 392 2966 τὴν
422 2923 456 2959 ἐν
478 2925 520 2973 τῇ
541 2923 682 2975 κιὸωτῷ
701 2924 834 2971 οἴκησιν
856 2925 1114 2978 ἀνασχόμενος,
1131 2959 1178 2984 248

965 2972 972 2978 ’
1143 2996 1168 3024 Α
1192 2974 1316 3012 divina
1362 2973 1546 3023 Scriptura
1565 2987 1572 3006 :
1590 2972 1642 3008 Et
1673 2973 1848 3008 omnium
1866 2973 2073 3024 serarum,
2109 2985 2144 3012 et

91 2979 160 3017 Καὶ
179 2980 352 3030 ἐμνήσθη,
378 2983 501 3034 φησὶν,
520 2988 538 3022 ὃ
556 2985 645 3028 Θεὸς
667 2990 726 3023 τοῦ
746 2988 838 3025 Νῶε.
861 2981 949 3026 Εἶτα
969 2987 1026 3026 ἵνα
1048 2989 1115 3039 μοί-

89 3043 150 3091 θης
166 3043 270 3079 αὐτοῦ
291 3045 353 3089 τῆς
375 3045 634 3098 φιλανθρωπίας
653 3045 717 3093 τὴν
744 3047 917 3094 deuexo-ov,
938 3049 1115 3102 προσέθη-

89 3115 147 3139 κεν
175 3105 197 3148 ἠ
228 3103 302 3142 θεία
342 3106 483 3157 Γραφή·
505 3106 575 3144 Καὶ
608 3107 746 3146 πάντων
772 3112 841 3147 τῶν
876 3110 1024 3162 θηρίων,
1056 3111 1115 3148 καὶ

90 3162 229 3200 πάντων
262 3167 332 3203 τῶν
367 3169 525 3216 κτηνῶν,
556 3168 616 3206 καὶ
644 3169 786 3207 πάντων
821 3172 890 3208 τῶν
926 3175 1092 3210 πετεινῶν
1106 3203 1115 3219 ,

91 3223 150 3260 καὶ
175 3224 314 3262 πάντων
335 3229 403 3264 τῶν
423 3229 600 3280 ἑρπετῶν,
625 3229 689 3268 ὅσα
718 3225 760 3277 ἦν
783 3234 858 3281 μετ’
877 3234 980 3271 αὐτοῦ
1009 3234 1044 3270 ἐν
1071 3237 1113 3284 τῇ

135 3338 146 3351 ·
172 3328 264 3361 Unus
281 3337 462 3376 στενοχωρίᾳ
478 3337 665 3379 ὑπάρχοντα-

139 3382 154 3394 ⁸
179 3382 188 3423 [
206 3381 307 3415 Savil.
326 3384 358 3415 iu
377 3395 480 3426 marg.
499 3397 516 3418 e
534 3399 604 3422 var.
625 3386 700 3420 lect.
721 3390 873 3432 λέγουσα]

340 3442 434 3466 TUM.
471 3444 525 3468 lV.

1049 207 1134 236 CER
1145 207 1211 236 Es,

1255 205 1408 238 nomi„
1454 208 1579 237 xxvi.
2076 198 2166 258 289

1174 293 1195 321 Β
1221 290 1426 339 constituti,
1455 289 1721 341 ignorantisquc
1749 290 1975 341 quandonam
2004 294 2172 331 molestia—

1219 350 1288 389 illae
1301 351 1406 389 linem
1420 351 1596 389 habitura}
1608 359 1734 389 essent.
1747 351 1939 389 Considera
1952 352 2025 400 hic,
2040 368 2170 404 quaem,

1217 412 1339 462 quales
1357 421 1440 450 tunc
1459 412 1557 450 illius
1576 413 1708 450 suerint
1728 412 1959 464 cogitationes
1989 423 2067 465 post
2082 429 2171 465 qua-

1214 472 1380 524 draginta
1397 472 1473 512 dics
1489 483 1523 512 et
1540 473 1775 526 quadraginta
1799 483 1932 523 noctes,
1953 475 2086 525 quibus
2105 476 2171 513 im-

1217 544 1298 585 petu
1335 549 1464 585 magno
1500 535 1632 588 pluviae
1662 535 1888 586 ingruebant,
1922 549 2002 573 cum
2037 535 2172 574 videret

1213 594 1342 632 dicbus
1358 604 1499 632 eentum
1513 595 1771 647 quinquaginta
1791 595 1824 633 in
1843 595 1965 634 eadem
1983 596 2171 634 altitudin(¹

1214 668 1356 693 mancre
1375 670 1500 705 aquas,
1518 670 1629 707 neque
1648 657 1793 694 omnino
1809 656 1978 695 desistere
1997 674 2005 694 :
2027 667 2059 695 et
2074 660 2169 709 quod

1213 716 1328 753 multo
1345 717 1503 767 gravius,
1519 730 1629 767 neque
1645 718 1759 755 oculis
1772 717 1895 755 videre
1906 719 2023 770 potuit
2036 734 2075 757 ea
2091 734 2168 770 qua¹

1213 775 1303 812 sacta
1316 785 1414 825 sunt,
1428 775 1490 814 sed
1505 776 1679 826 inclusus,
1694 791 1774 814 cum
1788 792 1855 815 non
1869 788 1985 829 posset
2000 795 2169 831 umquam

1211 836 1325 874 oculis
1346 837 1484 888 assequi
1504 846 1637 888 quanta
1651 847 1766 875 essent
1782 839 1890 886 mala,
1910 841 2079 890 majorem
2093 857 2169 878 sus-

1214 897 1348 935 tinebat
1365 897 1540 946 dolorem,
1566 898 1800 949 gravioraque
1827 899 1987 950 quotidie
2010 901 2168 953 suspira-

1212 958 1331 996 batur.
1352 959 1430 1010 Ego
1449 974 1533 998 vero
1552 959 1711 997 admiror
1730 959 1909 1010 quomodo
1932 975 2005 1012 prae
2025 962 2168 999 tristitia

1176 1043 1185 1053 ι
1210 1034 1278 1058 non
1300 1021 1405 1058 suerit
1424 1021 1613 1074 absorptus
1626 1051 1637 1071 ,
1657 1035 1740 1059 cum
1760 1030 1917 1059 mentem
1942 1021 2043 1060 illius
2063 1024 2164 1060 subi—

1209 1091 1287 1119 rent
1317 1082 1465 1120 humani
1491 1083 1629 1133 generis
1651 1082 1829 1131 interitus,
1854 1096 1916 1120 sua
1947 1083 2115 1134 solitudo,
2136 1096 2169 1122 et

1207 1144 1370 1183 difficilis
1388 1145 1450 1182 illa
1471 1145 1608 1182 vita.At
1625 1158 1730 1182 causa
1740 1144 1917 1183 bonorum
1937 1145 2097 1184 omnium
2112 1147 2165 1185 illi

1207 1205 1275 1244 fuit
1294 1220 1356 1243 sua
1379 1206 1413 1244 in
1433 1207 1549 1244 Deum
1571 1205 1674 1255 fides,
1694 1220 1756 1258 per
1775 1219 1885 1256 quam
1910 1215 1945 1243 et
1961 1207 2110 1251 restitit,
2133 1218 2165 1246 et

1207 1267 1325 1305 omnia
1339 1267 1476 1305 fortiter
1492 1267 1574 1305 tulit
1588 1283 1596 1303 :
1611 1281 1762 1318 cumque
1776 1281 1837 1320 spe
1850 1277 2066 1320 pasceretur,
2076 1269 2165 1306 nilul

1206 1329 1305 1366 triste
1320 1328 1504 1366 sentiebat.
1520 1328 1701 1375 Quoniam
1717 1328 1827 1381 igitur
1851 1328 1950 1380 quod
1972 1343 2076 1367 suum
2094 1341 2168 1368 erat

1206 1389 1394 1441 praestitit,
1426 1398 1499 1428 tam
1531 1390 1741 1442 patientiam
1773 1390 2004 1428 monstrando
2017 1421 2027 1440 ,
2060 1406 2167 1442 quani

1205 1450 1356 1488 multam
1377 1450 1486 1488 fidem
1501 1450 1696 1498 asserendo,
1714 1465 1847 1489 necnon
1878 1451 2006 1489 miram
2025 1452 2166 1489 sortitu-

1203 1510 1324 1549 dinem
1350 1527 1422 1565 prae
1440 1526 1475 1550 se
1490 1512 1652 1562 ferendo,
1675 1511 1760 1551 vide
1780 1521 1913 1564 quanta
1933 1513 1977 1551 sit
1998 1514 2063 1551 Dei
2084 1528 2165 1563 erga

1204 1572 1323 1625 ipsum
1355 1573 1572 1625 benignitas.
1598 1576 1652 1612 Et
1669 1575 1895 1612 recordatus
1927 1583 2005 1621 est,
2027 1575 2165 1626 inquit,

1205 1635 1312 1673 Deus
1329 1637 1424 1674 Noe.
1447 1636 1527 1673 Non
1547 1635 1762 1688 simpliciter
1781 1645 1814 1673 et
1832 1635 1966 1687 absque
1984 1650 2088 1674 causa
2109 1637 2165 1675 di-

1204 1695 1270 1743 xit,
1290 1697 1584 1735 Etrecordatus
1597 1705 1653 1734 esc
1669 1713 1679 1732 .·
1703 1696 1764 1734 sed
1792 1696 1876 1747 quia
1909 1697 2010 1749 prius
2037 1697 2163 1750 divina

1155 1767 1179 1796 D
1202 1756 1390 1808 Scriptura
1409 1756 1655 1795 declaraverat
1671 1757 1772 1794 nobis
1789 1757 2030 1795 testimonium
2051 1757 2097 1795 de
2105 1760 2144 1811 ju
2156 1783 2164 1787 -

1204 1825 1257 1854 sto
1269 1817 1343 1865 illo,
1353 1816 1487 1865 dioens,
1500 1819 1707 1869 Ingredere
1723 1820 1764 1854 in
1775 1831 1910 1854 arcam
1922 1821 2017 1869 quia
2033 1827 2070 1855 te
2080 1821 2166 1857 vidi

1196 1880 1347 1930 justum
1362 1881 1403 1914 in
1415 1881 1665 1930 generatione
1684 1879 1773 1924 hac,
1796 1887 1982 1930 eapropter
1997 1893 2091 1918 nunc
2112 1880 2163 1918 in-

1202 1938 1307 1990 quit:
1326 1940 1379 1977 Et
1396 1939 1622 1977 recordatus
1653 1947 1708 1977 est
1735 1940 1843 1977 Deus
1872 1941 1978 1985 lt'oe',
2004 1940 2072 1979 hoc
2099 1952 2162 1985 est,

1203 2000 1394 2038 testimonii
1408 1999 1507 2050 quod
1527 1999 1572 2037 de
1593 2000 1656 2038 illo
1672 2000 1922 2052 perhibuerat,
1941 2014 2054 2052 neque
2070 2003 2162 2040 mul-

1201 2069 1237 2098 to
1257 2070 1414 2113 tempore
1429 2061 1587 2112 neglexit
1605 2061 1760 2113 justum,
1783 2061 1844 2099 sed
1861 2061 2020 2110 distulit,
2036 2078 2161 2113 quam-

1199 2121 1264 2161 diu
1284 2122 1345 2160 ille
1361 2123 1452 2160 serre
1468 2122 1602 2174 potuit,
1616 2130 1650 2159 et
1665 2131 1750 2159 tunc
1769 2122 1799 2159 ei
1817 2137 1922 2160 suum
1944 2123 2159 2162 beneficium

1199 2192 1234 2221 et
1251 2183 1402 2234 gratiam
1421 2182 1626 2234 impartitus
1644 2191 1707 2220 est.
1726 2183 1819 2220 Nam
1837 2183 1949 2221 sciens
1970 2183 2160 2222 infirmita-

1200 2253 1271 2282 tem
1292 2253 1416 2282 nostrae
1437 2253 1589 2294 namne,
1611 2243 1784 2295 siquando
1803 2244 1980 2296 permittit
1995 2246 2158 2283 tentatio-

1199 2320 1279 2344 nem
1291 2306 1588 2356 inferri,eousque
1605 2305 1888 2356 sinit,quousque
1902 2305 1968 2344 scit
1984 2321 2046 2344 uos
2057 2322 2159 2359 posse

1199 2367 1384 2417 sustinere,
1403 2376 1443 2405 ut
1458 2376 1496 2404 et
1516 2366 1785 2405 retributionem
1813 2381 1891 2417 quae
1922 2376 2048 2405 nostra?
2075 2383 2156 2406 con-

1199 2437 1303 2479 gruat
1313 2426 1516 2464 fortitudini
1539 2426 1694 2474 tribuat,
1710 2435 1743 2463 et
1759 2440 1858 2463 suam
1874 2426 2155 2465 misericordiam

1198 2488 1369 2527 declaret:
1386 2488 1524 2526 sicutet
1538 2487 1671 2525 Paulus
1690 2487 1807 2538 inquit
1823 2503 1830 2523 :
1850 2488 2000 2525 Fidelis
2025 2498 2153 2526 autem

1198 2551 1319 2596 Deus,
1335 2551 1404 2602 qui
1417 2562 1494 2586 non
1507 2551 1606 2586 sinet
1620 2561 1692 2585 vos
1706 2551 1850 2585 tentari
1866 2562 1981 2599 supra
1996 2549 2038 2584 id
2048 2551 2153 2600 quod

1194 2613 1373 2663 potestis,
1388 2610 1456 2647 sed
1461 2610 1582 2660 faciet
1592 2622 1677 2645 cum
1687 2611 1902 2645 tentatione
1907 2618 2151 2659 proventum,

1196 2671 1523 2723 utserrepossitis.
1538 2667 1717 2713 Quoniam
1732 2667 1967 2718 igiturjustus
1980 2668 2040 2706 ille
2050 2670 2151 2707 forti—

1197 2730 1359 2769 tudinem
1370 2739 1403 2767 et
1416 2727 1623 2781 patientiam
1636 2741 1708 2779 prae
1719 2741 1754 2764 se
1765 2727 1977 2776 ferebat‚sua
1986 2729 2020 2766 in
2034 2730 2150 2768 Deum

1196 2791 1268 2829 fide
1289 2804 1378 2828 arcae
1406 2788 1506 2827 sedes
1525 2798 1558 2826 et
1578 2787 1683 2825 tat-dia
1708 2787 1897 2836 sustinens,
1919 2799 2064 2842 propter
2082 2791 2150 2829 hoe

1194 2852 1322 2904 inquit,
1340 2853 1392 2890 Et
1420 2850 1643 2888 recordatus
1668 2857 1722 2886 est
1745 2849 1852 2886 Deus
1886 2851 1983 2888 Noe.
2008 2851 2155 2890 Deinde*

1194 2923 1233 2951 ut
1248 2913 1363 2952 discas
1382 2912 1553 2964 abyssum
1569 2909 1702 2946 divinae
1717 2909 1988 2959 misericordiae,
2008 2912 2146 2951 addidit

1193 3037 1363 3072 omnium
1378 3034 1639 3083 jumentorum
1643 3059 1655 3075 ,
1671 3038 1707 3067 et
1723 3033 1893 3068 omnium
1905 3033 2142 3079 volatilium,

1190 3105 1224 3134 ει
1241 3096 1410 3133 omnium
1427 3091 1639 3142 reptilium,
1659 3104 1907 3143 quoecumque
1931 3103 2041 3131 emm
2055 3109 2140 3132 cum

1188 3166 1258 3203 illo
1279 3166 1321 3200 in
1341 3175 1446 3199 arca.
1467 3158 1563 3197 N'idc
1581 3157 1759 3209 quomodo
1777 3159 1896 3203 omnia
1920 3160 1955 3198 in
1972 3161 2140 3201 honorem
2156 3189 2202 3215 hm

2182 1825 2256 1851 Gen.
2280 1836 2307 1863 7.
2340 1835 2362 1852 1.

2175 2505 2197 2523 Ι.
2221 2496 2289 2524 Γον,
2309 2509 2352 2526 ιι».

2174 2537 2217 2564 ¹3.

2186 3106 2291 3133 Ouinia
2318 3109 2345 3133 in

2205 3148 2343 3174 ΙΙυῃιιΓι-Ηι

2205 3192 2281 3216 usim
2307 3189 2344 3215 [a-

1189 3229 1344 3269 hominis
1357 3226 1451 3264 facit.
1469 3225 1560 3263 Nam
1575 3223 1669 3262 sicut
1684 3238 1766 3263 cum
1783 3224 1990 3265 hominibus
2008 3229 2069 3279 qui
2085 3229 2141 3267 di-
2156 3237 2209 3257 ⁸¹³-

1179 3338 1194 3360 ¹=
1219 3335 1273 3368 S⁴c
1288 3333 1415 3375 aliquot
1432 3331 1509 3363 Mss.
1527 3337 1560 3361 et
1585 3330 1632 3362 sic
1656 3329 1730 3374 legit
1751 3332 1930 3374 Interpres.
1947 3332 2015 3365 Sed
2039 3334 2139 3366 Savil.

1137 3399 1168 3422 ct
1186 3386 1298 3421 Slorel.
1320 3392 1396 3428 ἡμᾶς
1417 3391 1449 3416 cl.
1471 3386 1632 3426 ἓυνάμεθα.

1923 3442 1968 3466 20
