2516 3791
128 762 166 789 Ps
179 762 211 787 il.
236 759 257 798 2.
280 767 303 787 2.

321 162 413 225 (390
748 176 767 206 S
778 197 786 205 .

322 259 452 298 omnia.
468 257 608 297 Deinde
637 258 759 297 volens
786 271 868 296 eum
907 256 1080 306 benignus
1106 255 1210 291 Deus·
1235 252 1272 289 in

825 174 1007 206 JOANNJS
1042 171 1282 202 CHRYSOST.
1324 169 1526 199 ARCtuEP.
1564 170 1917 200 CONSTANTINOP-

1349 251 1588 303 διεπράττετο.
1626 245 1718 290 Εἶτα
1739 252 1945 303 βουλόμενος
1974 253 2074 292 αὐτὸν
2094 256 2113 291 6
2134 254 2373 308 φιλάνθρωπος

322 320 450 373 majori
484 319 671 358 securitate
697 320 910 357 constituere
928 347 939 365 ,
972 329 1042 353 non
1071 314 1237 352 liberavit
1255 328 1275 351 a
1300 322 1322 351 E
1348 312 1438 356 Θεὸς
1470 315 1504 351 ἐν
1537 312 1672 351 πλείονι
1700 316 1923 361 καταστῆσαι
1952 314 2073 365 ἀδείᾳ,
2105 315 2168 353 οὐκ
2194 315 2373 362 ἀπήλλαξε

323 382 504 429 servitute,
534 395 646 432 neque
665 381 865 418 libertatem
899 377 930 415 ei
953 376 1063 414 dedit.
1081 375 1151 414 Hic
1180 375 1276 414 enim

322 457 399 481 mos
414 452 465 481 est
480 444 569 490 Deo,
588 451 626 479 ut
640 455 711 479 non
725 441 850 477 liberet
869 453 889 476 a
905 437 1073 491 perieulis
1090 437 1186 476 viros
1201 436 1275 475 vir-

321 513 396 542 tute
417 504 543 551 claros,
574 515 686 552 neque
719 515 738 539 e
765 499 1018 538 tentationibus
1040 498 1175 536 eximat
1184 513 1194 548 ;
1215 496 1277 536 sed

322 565 358 603 in
387 565 474 617 ipsis
513 562 767 601 tentationibus
809 571 950 599 tantum
978 575 1086 599 suum
1117 560 1278 599 ostendat

324 625 516 673 auxilium,
539 633 579 661 ut
598 623 809 661 tentationes
839 622 925 675 ipsae
947 622 996 660 eis
1030 622 1117 660 fiant
1141 621 1276 660 occasio

323 685 538 724 festivitatis.
563 687 711 737 Propter
735 684 804 722 hoc
824 693 856 722 et
872 684 997 722 beatus
1029 684 1148 722 David
1176 683 1275 722 diee-

324 748 384 785 bat
403 763 410 784 :
431 750 480 785 In
501 747 752 785 tribulatione
777 746 956 784 dilatasti
978 760 1047 783 me.
1062 745 1142 783 Non
1163 744 1277 783 tribu-

323 809 506 857 lationem,
524 807 653 858 inquit‚
671 806 863 854 abstulisti,
883 820 995 857 neque
1010 806 1056 843 ab
1080 820 1120 843 ea
1146 806 1278 843 libcra-

324 879 401 908 tum
421 869 459 907 in
475 868 733 920 tranquillitate
752 881 825 906 esse
840 867 987 905 voluisti
1006 883 1013 904 :
1035 866 1097 904 sed
1116 866 1156 904 id
1183 866 1279 917 quod

325 940 376 969 est
391 929 618 976 miraculum,
635 937 668 966 et
680 942 851 980 pel-quam
871 942 1006 976 rarum,
1029 927 1064 964 in
1085 927 1202 965 medio
1217 927 1280 964 tri-

324 990 520 1029 bulationis
536 988 778 1037 constitutum,
789 988 1059 1040 absquepavore
1067 1002 1140 1025 esse
1156 1002 1212 1026 me
1228 988 1279 1025 se-

324 1052 402 1090 cisti
419 1068 425 1087 :
445 1050 535 1088 illud
552 1064 634 1088 sane
649 1059 682 1087 et
709 1050 767 1087 hic
789 1049 868 1086 fecit
896 1048 1071 1099 benignus
1091 1049 1278 1086 Dominus.

1295 1089 1342 1114 595

1347 377 1410 420 τῆς
1438 373 1614 420 δουλείας,
1643 373 1720 413 οὐδὲ
1739 377 1773 413 ἐν
1795 375 1972 429 ἐλευθερίᾳ
1989 375 2249 429 παρεσκεύασεν
2272 370 2373 414 εἶναι.

1349 435 1464 472 Τοῦτο
1480 434 1548 486 γὰρ
1568 435 1663 488 αὐτῷ
1679 434 1752 478 ἔθος
1771 435 1826 473 ἀεὶ
1841 464 1851 482 ,
1871 435 1950 480 τοὺς
1969 436 2149 487 ἐναρέτους
2168 436 2294 489 ἄνδρας
2313 439 2375 475 οὐκ

1352 495 1588 534 ἀπαλλάττειν
1604 499 1673 534 τῶν
1693 496 1859 534 κινδύνων
1871 527 1881 544 ,
1909 496 1985 536 οὐδὲ
2002 498 2198 549 ἐλευθεροῦν
2217 500 2285 535 τῶν
2301 513 2376 535 πει-

1353 559 1510 610 ρασμῶν,
1541 558 1617 595 ἀλλ’
1651 558 1685 594 ἐν
1716 558 1832 600 αὐτοῖς
1867 563 1939 600 τοῖς
1969 563 2178 609 πειρασμοῖς
2205 556 2376 604 τοσαύτην

1350 618 1607 657 ἐπιδείκνυσθαι
1627 617 1690 665 τὴν
1708 618 1837 656 οἰκείαν
1859 618 1982 670 ῥοπὴν,
2000 621 2048 662 ὡς
2064 618 2186 662 αὐτοὺς
2204 617 2280 662 τοὺς
2301 634 2377 656 πει-

1351 679 1504 732 ρασμοὺς
1523 680 1685 718 ὑπόθεσιν
1711 682 1826 723 αὐτοῖς
1843 681 1964 731 ἑορτῆς
1985 679 2154 731 γίνεσθαι.
2189 679 2259 717 Διὰ
2278 682 2381 718 τοῦτο

1350 741 1409 779 καὶ
1436 744 1454 779 6
1483 741 1653 793 μακάριος
1672 741 1782 779 Δαυὶδ
1801 740 1939 792 ἔλεγεν,
1972 743 2036 779 Ἐν
2054 740 2168 793 θλίψει
2189 741 2381 784 ἐπλάτυνάς

1353 819 1408 853 με.
1437 803 1531 854 Οὐχὶ
1552 802 1616 848 τὴν
1636 802 1752 854 θλίψιν
1774 802 1980 849 ἀπήλασας,
2003 802 2129 854 φησὶν,
2158 801 2235 841 οὐδὲ
2251 802 2380 848 ταύτης

1353 863 1556 907 ἀπαλλάξας
1585 865 1620 901 ἐν
1641 864 1755 903 ἀνέσει
1779 880 1822 914 με
1845 857 1932 901 εἶναι
1950 863 2146 911 πεποίηκας
2160 894 2170 912 ,
2197 865 2273 902 ἀλλ’
2294 863 2380 914 ὅπερ

1353 924 1427 962 ἐστὶ
1447 925 1646 975 θαυμαστὸν
1663 925 1721 963 καὶ
1742 925 1947 977 παράδοξον,
1970 926 2004 963 ἐν
2028 925 2125 977 μέσῳ
2147 928 2216 963 τῶν
2232 925 2382 978 θλίψεων

1353 986 1570 1037 τυγχάνοντα
1597 987 1632 1023 ἐν
1659 986 1758 1038 ἀδείᾳ
1779 980 1867 1024 εἶναι
1895 986 2171 1039 παρεσκεύασας.
2203 988 2316 1025 Τοῦτο
2338 985 2381 1033 δὴ

1355 1046 1414 1084 καὶ
1437 1048 1583 1084 ἐνταῦθα
1611 1053 1704 1085 ποιεῖ
1735 1051 1752 1085 ὃ
1775 1047 2017 1099 φιλάνθρωπος
2045 1047 2237 1093 Δεσπότης.
2269 1046 2382 1085 Εὖλό-

326 1114 359 1151 5.
384 1114 592 1150 Benedixit
623 1113 725 1149 enim
753 1111 910 1148 domum
939 1111 1117 1161 AEgyptii
1128 1118 1284 1162 propter
1308 1128 1333 1156 Α
1355 1124 1442 1159 γησε
1464 1108 1532 1160 γὰρ
1560 1109 1617 1147 τὸν
1649 1102 1741 1146 οἷκον
1775 1112 1835 1146 τοῦ
1856 1108 2050 1160 Αἰγυπτίου
2074 1108 2129 1146 διὰ
2153 1109 2212 1147 τὸν
2236 1108 2381 1160 Ἰωσήφ.

327 1175 485 1225 Josepk.
510 1172 556 1210 Et
574 1172 701 1210 didicit
722 1180 842 1223 postea
855 1170 1047 1219 barbarus,
1064 1185 1144 1208 eum
1159 1170 1220 1221 qui
1244 1179 1283 1208 ut

328 1249 452 1272 servus
468 1233 681 1282 habebatur,
703 1234 779 1270 Deo
792 1230 1023 1284 peculiariter
1041 1241 1182 1283 gratum
1199 1246 1284 1282 esse,

329 1298 384 1333 Et
402 1298 576 1348 permisit
596 1298 727 1332 omnia
746 1309 831 1347 quoe
851 1296 1019 1332 habebat
1038 1297 1080 1331 in
1105 1295 1285 1332 manibus

330 1358 476 1408 Joseph
492 1373 506 1402 ,-
523 1359 561 1395 6.
583 1365 619 1394 et
637 1370 714 1393 non
736 1357 881 1394 sciebat
902 1356 1129 1407 quidquam,
1147 1363 1288 1406 proeter

327 1432 469 1470 panem
485 1432 597 1470 quem
609 1416 1164 1464 comedebat.Quasidominum
1179 1415 1288 1454 totius

328 1479 458 1517 domus
498 1479 693 1518 constituit.
729 1478 784 1516 En
813 1493 935 1517 servus
964 1487 997 1516 et
1028 1478 1193 1530 captivus
1219 1477 1287 1515 sub

330 1555 437 1578 mauu
455 1555 519 1579 sua
538 1541 643 1578 habet
662 1540 780 1577 omnia
799 1554 876 1590 quae
894 1548 992 1577 erant
1004 1539 1155 1577 domini.
1170 1540 1288 1577 Tanta

328 1616 383 1640 res
405 1612 455 1640 est
472 1603 587 1640 virtus
607 1617 615 1637 :
639 1615 721 1638 nam
738 1601 955 1651 ubicumque
973 1600 1032 1637 illa
1060 1600 1280 1651 apparuerit,

328 1663 498 1701 omnibus
527 1662 735 1700 dominatur
763 1670 796 1699 et
815 1661 999 1713 praevalet.
1023 1660 1166 1698 Etenim
1195 1660 1287 1698 sicut

327 1722 459 1760 oriente
472 1722 544 1760 sole
559 1722 714 1759 tenebra:
731 1721 985 1768 discutiuntur,
998 1721 1049 1758 ita
1065 1729 1098 1758 et
1114 1734 1211 1758 nune
1223 1735 1286 1773 ap-

326 1793 473 1836 parente
488 1783 619 1822 virtute
639 1797 657 1820 e
676 1781 792 1820 medio
825 1781 964 1819 tollitur
996 1781 1114 1819 omnis
1134 1781 1283 1819 malitia.

379 1847 415 1883 4.
431 1844 502 1883 Sed
521 1844 615 1881 mala
633 1843 746 1881 bestia
766 1842 948 1893 diabolus,
968 1842 1178 1895 utprimum
1195 1842 1287 1880 vidit

323 1908 461 1959 justum
479 1915 621 1957 gratum
638 1919 728 1954 esse⁷
747 1914 780 1943 et
793 1919 857 1957 per
873 1919 909 1942 ea
929 1919 1007 1956 quse
1025 1913 1198 1957 putantur
1215 1918 1288 1942 esse

328 1968 476 2007 adversa
506 1967 693 2006 clariorem
718 1967 810 2013 fieri,
831 1966 952 2004 fremit
985 1965 1153 2004 dentibus
1174 1975 1208 2004 et
1234 1966 1288 2004 in-

330 2029 442 2068 sanit:
463 2043 575 2080 neque
596 2027 718 2067 videre
733 2037 848 2081 potest
865 2028 1004 2080 justum
1035 2024 1198 2078 quotidie
1213 2042 1287 2065 ma-

331 2091 386 2140 gis
407 2105 446 2128 ac
467 2090 580 2140 magis
618 2090 819 2138 clarescere,
854 2089 916 2127 sed
944 2089 1163 2141 profundum
1185 2089 1288 2127 bara-

332 2151 454 2188 thrum
476 2150 611 2199 effodit,
633 2160 666 2188 ct
684 2150 925 2202 praecipitium
953 2159 1070 2202 parat,
1089 2164 1160 2200 quo
1185 2150 1289 2188 illum

334 2211 504 2259 maximo,
525 2220 564 2248 ut
583 2211 790 2254 arbitratur,
811 2210 942 2248 damno
961 2210 1095 2248 afficiat
1113 2226 1123 2259 3
1148 2220 1180 2248 et
1201 2220 1289 2248 tem-

283 2308 286 2309 .
336 2281 507 2325 pcstatcm
541 2272 694 2320 excitat,
731 2285 811 2321 quae
842 2271 952 2322 possit
990 2271 1185 2309 violentum
1221 2271 1289 2323 ipsi

335 2333 564 2384 naufragium
583 2347 705 2384 parere
724 2348 730 2368 :
750 2331 809 2369 sed
825 2331 1032 2369 didicitnou
1048 2341 1127 2383 post
1141 2332 1289 2383 longum

336 2404 487 2446 tempus‘,
508 2408 544 2431 se
562 2403 682 2431 contra
696 2392 883 2430 stimulum
905 2392 1100 2440 calcitrare,
1121 2401 1153 2429 et
1170 2401 1289 2430 contra

335 2470 437 2493 suum
449 2453 899 2507 caputopcrari0111uia.Et
908 2453 1289 2504 eratJoseplz,inquit,

332 2517 448 2567 pulch
455 2518 681 2568 erspeciesst
684 2516 879 2566 formosus
887 2514 1181 2566 aspectu.Quare
1190 2514 1270 2551 nobi
1275 2529 1290 2552 s

335 2577 471 2629 corpori
477 2592 492 2614 s
501 2575 808 2629 pulchritudinem
819 2575 955 2613 narrat?
964 2574 1199 2613 Utdiscamus
1210 2590 1291 2613 eum

337 2653 405 2677 non
426 2638 540 2676 solum
555 2638 671 2675 anima
691 2637 884 2690 pulchrum
903 2636 1024 2682 fuisse,
1042 2635 1103 2674 sed
1116 2645 1149 2674 et
1169 2650 1286 2689 corpo-

338 2715 385 2738 re.
412 2701 450 2737 Iu
474 2700 549 2752 ipso
568 2700 662 2737 enim
678 2699 764 2737 ssore
786 2698 900 2736 aetatis
920 2706 994 2736 erat
1011 2714 1019 2735 :
1038 2697 1182 2749 juvenis
1200 2707 1290 2749 erat,

337 2770 370 2798 ‹·t
404 2762 575 2798 Pulcher
603 2763 739 2812 specie,
772 2769 808 2797 et
828 2761 1032 2813 formosus
1066 2760 1185 2811 facie.
1208 2759 1293 2797 Haec

338 2830 455 2858 autern
475 2821 573 2873 prius
593 2821 750 2858 narravit
768 2820 813 2858 dc
833 2835 872 2858 eo
890 2821 1074 2872 Scriptura
1086 2850 1095 2868 ,
1112 2829 1151 2857 ut
1170 2819 1293 2858 doceat

339 2896 402 2919 uos
416 2882 620 2934 ,lffgyptiam
638 2881 869 2919 adolescentis
881 2881 1294 2934 pulchritudinecaptam

337 2942 381 2980 ad
414 2943 581 2979 illicitum
602 2956 680 2979 cuin
717 2942 946 2980 concubitum
967 2942 1147 2979 incitasse.
1173 2942 1209 2979 7.
1241 2943 1293 2980 Et

335 3005 487 3055 sactum
508 3012 563 3041 est
575 3013 658 3056 post
674 3005 767 3042 lzcec.
780 3003 877 3049 Quid
889 3006 1054 3053 est‚Post
1069 3005 1178 3041 ha’c?
1194 3003 1294 3041 Post-

338 3079 445 3114 quam
465 3064 494 3102 ei
520 3065 719 3102 concredita
745 3075 898 3117 potestas
918 3065 1026 3103 totius
1043 3064 1182 3113 domus,
1202 3073 1295 3116 post-

339 3140 446 3175 quam
471 3134 602 3162 tantum
622 3126 793 3163 honorem
809 3140 827 3162 a
849 3125 994 3163 (lotuiuo
1014 3140 1077 3163 suo
1099 3138 1293 3175 consequu-

341 3196 396 3223 tus
413 3195 475 3232 cst,
508 3188 646 3238 lujat-it
681 3200 778 3223 ιιι-οι·
811 3187 959 3223 domini
984 3189 1043 3223 sui
1061 3186 1191 3223 oculos
1207 3198 1295 3222 suos

1358 1169 1429 1208 Καὶ
1450 1169 1621 1220 ἐμάνθανε
1641 1169 1762 1207 λοιπὸν
1781 1169 1841 1207 καὶ
1861 1172 1878 1207 6
1898 1169 2086 1222 βάρὸαρος,
2113 1168 2167 1206 ὅτι
2192 1171 2260 1207 τῶν
2278 1169 2383 1221 ᾠκει-

1358 1229 1501 1281 ωμένων
1534 1230 1608 1268 ἐστὶ
1633 1233 1684 1282 τῷ
1710 1232 1793 1283 Θεῷ
1824 1233 1841 1268 6
1869 1230 2091 1281 νομιζόμενος
2122 1230 2277 1278 οἰκέτης,
2312 1230 2384 1268 Καὶ

1360 1292 1552 1343 ἐπέτρεψε,
1583 1292 1710 1344 φησὶν,
1733 1291 1872 1330 ἅπαντα
1900 1292 1966 1330 ὅσα
1992 1286 2034 1338 ἦν
2061 1293 2155 1344 αὐτῷ
2183 1292 2240 1330 διὰ
2268 1291 2384 1343 χειρὸς

1361 1353 1492 1406 Ἰωσήφ
1506 1369 1514 1377 ·
1547 1354 1605 1391 καὶ
1622 1355 1685 1392 οὐκ
1701 1354 1776 1405 ᾔδει
1793 1353 1900 1400 οὐδὲν,
1918 1353 2009 1401 πλὴν
2025 1357 2085 1392 τοῦ
2101 1353 2205 1406 ἄρτου
2222 1347 2260 1392 οῧ
2273 1353 2383 1400 ἤσθιε.

1361 1415 1559 1467 Μονονουχὶ
1603 1416 1773 1463 δεσπότην
1805 1415 1905 1453 αὐτὸν
1948 1415 2144 1462 κατέστησε
2180 1415 2295 1462 πάσης
2323 1417 2385 1461 τῆς
2425 1423 2429 1431 ’

1363 1479 1484 1515 ἑαυτοῦ
1515 1477 1637 1520 οἰκίας.
1673 1477 1742 1514 Καὶ
1762 1471 1803 1524 ἦν
1831 1480 1849 1514 ὁ
1873 1478 2013 1525 δοῦλος,
2039 1480 2057 1515 6
2077 1476 2299 1529 αἰχμάλωτος
2319 1475 2387 1514 ὑπὸ

1361 1538 1425 1585 τὴν
1456 1541 1580 1577 ἑαυτοῦ
1601 1545 1704 1591 χεῖρα
1722 1539 1812 1591 ἔχων
1831 1539 1945 1577 πάντα
1964 1538 2008 1577 τὰ
2026 1542 2085 1576 τοῖ’
2107 1538 2286 1576 δεσπότου.
2309 1540 2380 1577 Το-

1362 1599 1484 1637 σοῦτόν
1509 1601 1603 1637 ἐστιν
1628 1600 1757 1651 ἀρετή·
1784 1600 1869 1638 ὅπου
1889 1600 1956 1652 γὰρ
1971 1599 2032 1637 ἐὰν
2056 1599 2144 1645 αὕτη
2165 1602 2255 1652 φανῇ
2269 1631 2278 1647 ,
2298 1600 2384 1638 πάν-

1360 1675 1429 1698 των
1455 1659 1673 1711 περιγίνεται
1702 1660 1762 1698 καὶ
1788 1666 1919 1713 κρατεῖ.
1953 1659 2093 1712 ςΏσπερ
2108 1660 2174 1712 γὰρ
2195 1663 2255 1697 τοῦ
2275 1661 2388 1713 φωτὸς

1361 1720 1605 1765 ἀνατείλαντος
1636 1721 1872 1759 ἀπελαύνεται
1896 1720 1935 1759 τὸ
1961 1721 2107 1768 σκότος,
2133 1721 2223 1760 οὕτω
2242 1722 2302 1759 καὶ
2327 1727 2385 1761 νῦν

1360 1783 1423 1827 τῆς
1445 1781 1570 1831 ἀρετῆς
1590 1780 1755 1833 φανείσης
1777 1781 1934 1820 ἐκποδὼν
1949 1788 2047 1819 πᾶσα
2065 1781 2171 1819 κακία
2189 1781 2333 1833 γίνεται.

1414 1841 1520 1879 Ἀλλὰ
1542 1841 1581 1879 τὸ
1608 1841 1756 1893 πονηρὸν
1787 1842 1903 1894 θηρίον
1923 1844 1940 1880 6
1961 1841 2119 1884 διάέολος
2134 1872 2144 1890 ,
2175 1841 2386 1893 θεασάμενος

1360 1906 1420 1941 τοῦ
1450 1902 1583 1941 δικαίου
1608 1903 1671 1950 τὴν
1689 1903 1933 1955 εὐδοκίμησιν,
1953 1902 2012 1940 καὶ
2036 1902 2090 1940 ὅτι
2116 1902 2160 1940 δι’
2181 1904 2293 1941 αὐτῶν
2316 1907 2386 1942 τῶν

1360 1963 1596 2016 νομιζομένων
1614 1966 1782 2018 λυπηρῶν
1802 1964 2092 2017 περιφανέστερος
2106 1963 2248 2015 ἐγίνετο,
2262 1965 2386 2016 τρίζων

1361 2025 1439 2069 τοὺς
1458 2025 1598 2069 ὀδόντας
1615 2025 1673 2064 καὶ
1697 2025 1874 2077 μεμηνὼς,
1907 2025 1965 2064 καὶ
2000 2024 2076 2063 οὐδὲ
2098 2024 2209 2077 φέρων
2225 2027 2309 2077 ὃρᾷν
2327 2025 2387 2063 τὸν

1362 2085 1493 2125 δίκαιον
1508 2085 1598 2125 οὕτω
1613 2086 1692 2125 καθ’
1707 2087 1857 2133 ἑκάστην
1880 2086 2018 2139 ἡμέραν
2036 2085 2282 2137 λαμπρότερον
2295 2085 2386 2136 γινό-

1363 2164 1464 2198 μενον
1485 2177 1494 2196 ,
1529 2147 1650 2199 βόθρον
1676 2149 1771 2200 αὐτῷ
1792 2148 1972 2199 ἀνορύττει
1990 2147 2114 2198 βαθὺν,
2141 2147 2200 2185 καὶ
2220 2147 2387 2198 κρημνὸν,

1362 2211 1408 2251 ὡς
1428 2208 1578 2257 ἐνόμιζε,
1601 2207 1764 2259 μέγιστον
1784 2211 1878 2260 αὐτῷ
1895 2208 2059 2245 τίκτοντα
2073 2208 2131 2246 τὸν
2150 2207 2303 2260 ὄλεθρον,
2327 2208 2387 2245 καὶ

1361 2270 1522 2320 χειμῶνα
1549 2268 1820 2315 κατασκευάζει,
1863 2269 2008 2320 σφοδρὸν
2036 2269 2130 2320 αὐτῷ
2157 2268 2196 2306 τὸ
2223 2269 2387 2319 ναυάγιον

1363 2329 1577 2383 ἐργάσασθαι
1606 2331 1815 2379 δυνάμενον·
1849 2331 1925 2368 ἀλλ’
1957 2330 2144 2381 ἐμάνθανεν
2168 2331 2230 2368 οὐκ
2248 2332 2295 2373 εἷς
2320 2346 2387 2380 μα-

1363 2391 1450 2443 κρὰν
1462 2421 1471 2437 ,
1488 2391 1542 2430 ὅτι
1561 2391 1646 2442 πρὸς
1665 2391 1792 2443 κέντρα
1805 2391 1981 2437 λακτίζει,
1998 2391 2057 2429 καὶ
2072 2391 2163 2430 κατὰ
2182 2395 2242 2438 τῆς
2260 2391 2388 2434 οἰκείας

1363 2454 1516 2504 κεφαλῆς
1535 2452 1672 2490 ἅπαντα
1687 2452 1954 2505 διαπράττεται.
1983 2452 2052 2490 Καὶ
2069 2446 2111 2499 ἦν
2127 2451 2274 2504 Ἰωσὴφ,
2290 2452 2387 2504 φησὶ,

1364 2513 1467 2557 καλὸς
1485 2517 1534 2566 τῷ
1557 2513 1653 2562 εἴδει,
1666 2513 1725 2551 καὶ
1741 2517 1865 2566 ὡραῖος
1880 2517 1923 2565 τῇ
1944 2515 2032 2567 ὄψει.
2052 2513 2156 2557 Τίνος
2172 2513 2286 2551 ἕνεκεν
2302 2518 2388 2564 ἡμῖν

1363 2574 1425 2622 τὴν
1446 2575 1634 2628 εὐμορφίαν
1650 2578 1708 2612 τοῦ
1732 2576 1894 2626 σώματος
1910 2576 2103 2626 διηγεῖται;
2124 2574 2202 2612 Ἵνα
2223 2574 2388 2625 μάθωμεν

1363 2636 1415 2674 ὅτι
1435 2638 1472 2674 οὗ
1489 2637 1590 2687 μόνον
1605 2639 1647 2687 τῇ
1665 2636 1755 2675 κατὰ
1774 2636 1888 2689 ψυχὴν
1910 2637 2080 2690 εὐμορφίᾳ
2095 2631 2136 2683 ἦν
2155 2635 2274 2684 καλὸς,
2297 2636 2388 2674 ἀλλὰ

1365 2698 1423 2736 καὶ
1442 2701 1491 2750 τῷ
1521 2698 1670 2749 σώματι.
1709 2700 1772 2737 Ἔν
1802 2700 1895 2750 αὐτῷ
1914 2698 1980 2750 γὰρ
1996 2700 2046 2749 τῷ
2066 2697 2159 2735 ἄνθει
2174 2700 2235 2744 τῆς
2251 2697 2389 2744 ἡλικίας

1366 2761 1438 2803 νέος
1456 2754 1521 2806 ἦν,
1553 2760 1611 2798 καὶ
1638 2759 1752 2803 Καλὸς
1775 2762 1825 2812 τῷ
1851 2760 1958 2807 εἴδει,
1990 2760 2048 2798 καὶ
2076 2761 2202 2811 ὡραῖος
2229 2761 2272 2811 τῇ
2299 2759 2386 2811 ὄψει.

1366 2823 1492 2859 Ταῦτα
1524 2820 1559 2859 δὲ
1583 2821 1809 2872 προλαὸοῧσα
1833 2821 2003 2871 διηγεῖται
2032 2821 2113 2873 περὶ
2138 2823 2244 2859 αὐτοῦ
2267 2824 2288 2867 ἡ
2314 2820 2389 2858 θεία

1368 2882 1513 2935 Γραφὴ,
1544 2882 1600 2920 ἵνα
1627 2882 1747 2934 διδάξῃ
1776 2885 1869 2933 ἡμᾶς
1898 2885 1942 2925 ὡς
1963 2883 2093 2920 ἁλοῦσα
2115 2885 2165 2935 τῷ
2182 2882 2304 2920 κάλλει
2330 2887 2389 2920 τοῦ

1366 2945 1545 2982 νεανίσκου
1569 2947 1589 2989 ἡ
1621 2943 1798 2994 Αἰγυπτία
1824 2944 1909 2995 πρὸς
1940 2943 2002 2990 τὴν
2026 2943 2227 2995 παράνομον
2254 2943 2387 2988 ἐκείνην

1368 3003 1459 3055 μίξιν
1476 3004 1576 3042 αὐτὸν
1595 3004 1723 3042 ἐκάλει.
1766 3004 1833 3042 Καὶ
1854 3004 1989 3054 ἐγένετο
2002 3034 2011 3051 ,
2027 3004 2132 3056 φησὶ,
2156 3003 2244 3055 μετὰ
2259 3007 2385 3041 ταῦτα.

1367 3067 1414 3104 Τί
1433 3068 1517 3111 ἐστι,
1538 3066 1639 3104 Μετὰ
1659 3070 1792 3113 ταῦ-τας
1815 3065 1914 3104 Μετὰ
1932 3066 1971 3104 τὸ
1989 3066 2104 3110 πάσης
2119 3068 2180 3111 τῆς
2199 3065 2308 3108 οἰκίας
2325 3065 2387 3111 τὴν

1367 3127 1520 3171 ἐξουσίαν
1537 3127 1637 3165 αὐτὸν
1655 3129 1940 3178 ἐμπιστευθῆναι,
1956 3127 2014 3164 καὶ
2031 3127 2118 3177 μετὰ
2133 3127 2173 3165 τὸ
2187 3129 2221 3165 ἐν
2236 3125 2386 3177 τοσαύτῃ

1368 3183 1454 3226 εἶναι
1474 3192 1558 3240 τιμῇ
1581 3188 1766 3234 ἀξιωθῆναι
1786 3188 1881 3240 παρὰ
1899 3192 1958 3227 τοῦ
1980 3188 2165 3235 δεσπότου,
2193 3187 2388 3226 Ἔπέὸαλεν

339 3252 377 3284 in
400 3248 556 3298 Joseph.
579 3246 670 3285 Vide
688 3247 996 3299 intemperantiam
1013 3247 1152 3285 lasciva·
1171 3246 1295 3284 mulie·
1319 3266 1343 3295 D
1368 3255 1388 3298 ἡ
1410 3251 1495 3302 γυνὴ
1523 3255 1581 3288 τοῦ
1602 3250 1719 3303 κυρίου
1741 3252 1845 3288 αὐτοῦ
1872 3248 1949 3293 τοὺς
1976 3249 2172 3301 ὀφθαλμοὺς
2200 3249 2305 3294 αὐτῆς
2330 3248 2388 3285 ἐπὶ

341 3309 399 3345 ris.
425 3309 501 3345 Non
520 3308 629 3347 subiit
663 3308 713 3345 illi
737 3308 769 3346 iu
792 3317 941 3346 inculcul
975 3324 1010 3347 sc
1037 3308 1158 3346 haberi
1178 3306 1296 3345 ‹loun—

341 3391 430 3420 uun,
458 3391 523 3414 uon
554 3375 722 3427 cogitarit
762 3376 861 3412 illum
903 3390 974 3413 esse
1003 3391 1162 3421 serium,
1197 3375 1256 3413 scil
1281 3390 1299 3412 a

1368 3313 1424 3351 τὸν
1446 3312 1588 3363 'lom-Ap.
1626 3311 1722 3363 '‘Opnt
1742 3312 1803 3358 τὴν
1833 3311 2006 3348 ἀναίδειαν
2026 3313 2088 3356 τῆς
2106 3310 2300 3349 ἀκολάστου
2327 3325 2389 3360 γυ-

1369 3373 1494 3417 ναικός.
1524 3374 1604 3423 Οὐχ
1631 3372 1682 3410 ὅτι
1709 3372 1873 3411 δέσποινα
1898 3365 1984 3410 εἶναι
2003 3371 2178 3421 ἐνομίζετο
2198 3373 2231 3409 ἐν
2252 3369 2385 3427 διανοίᾳ
