2516 3791
837 155 876 185 is
916 155 1111 186 GENESU!
1151 155 1298 186 senno
1340 153 1383 185 v.
2042 149 2130 210 773

83 242 124 288 ’ςῆ
152 242 287 293 χρυσῆ,
309 241 330 285 ἡ
356 238 530 285 ἔστησας,
558 238 596 275 οὐ
620 242 898 290 προσκυνοῦμεν·
929 242 1016 290 ὁμοῦ
1043 240 1102 278 καὶ
1114 238 1161 306 δί
1179 247 1254 289 tur,
1287 237 1493 290 adjecerunt
1513 240 1593 277 :Et
1622 243 1655 277 si
1684 255 1775 287 non,
1811 250 1942 280 notum
1971 248 2018 282 sit
2052 249 2135 292 tibi,

80 306 138 341 τοῦ
162 304 254 340 Θεοῦ
274 300 337 348 τὴν
360 299 504 351 δύναμιν
528 299 834 352 ἀνακηρύττοντες,
853 301 913 339 καὶ
928 301 968 340 τὸ
981 300 1101 353 παρά-

80 379 197 414 στημα
224 366 284 409 τῆς
316 364 446 400 ἑαυτῶν
474 360 664 404 δεικνύντες
693 363 825 414 ψυχῆς,
848 361 903 400 ἵνα
922 361 994 413 μὴ,
1015 361 1102 415 ὅπερ

79 424 136 462 ἐπὶ
163 427 222 461 τοῦ
245 422 328 461 ’1ὼὸ
347 415 440 462 εἶπεν
458 426 476 461 ὁ
492 421 650 465 διοίὸολος
668 426 892 476 συκοφαντῶν
907 453 916 471 ,
932 422 1033 462 τοῦτό
1048 438 1101 466 τις

77 485 136 523 καὶ
164 484 243 537 περὶ
268 483 398 522 τούτων
429 483 525 535 εἴπῃ.
566 482 613 521 Τί
630 483 665 521 δὲ
686 484 766 536 περὶ
786 489 846 523 τοῦ
866 484 949 523 ’1ὼὸ
968 477 1062 522 εἶπεν
1082 486 1100 522 ὁ

77 546 255 592 διάὸολοςς
270 545 324 584 ὅτι
338 547 391 583 Οὐ
411 545 542 599 δωρεὰν
566 544 707 583 σε’ὅεταί
727 561 765 584 σε
782 545 884 584 Ἰώὸ·
906 544 1098 598 περιέφρα-

74 607 132 652 ξας
146 606 213 660 γὰρ
229 608 333 646 αὐτοῦ
348 607 391 646 τὰ
407 606 474 646 ἔσω
489 607 547 645 καὶ
566 606 610 644 τὰ
627 606 703 652 ἔξω.
723 607 790 645 Ἵν’
806 602 863 646 οἶν
877 607 925 658 μὴ
942 606 1002 645 καὶ
1018 606 1099 660 περὶ

74 669 204 707 τούτων
227 669 290 721 ἔχῃ
309 685 361 712 τις
379 671 480 707 τοῦτο
494 668 621 719 λέγειν,
640 670 764 706 ἐκεῖνοι
777 667 1011 722 προλαὸόντες
1028 667 1099 706 ἐνέ-

74 729 205 782 φραξαν
222 730 262 768 τὸ
276 729 506 782 ἀναίσχυντον
522 729 647 780 στόμα.
669 728 763 767 Ἀλλ’
776 728 862 782 ὅπερ
879 728 1011 780 ἔλεγον,
1032 728 1097 767 κᾶν

74 791 298 843 αἰχμάλιιπος
318 785 340 842 ᾖ
360 807 423 838 τις,
443 790 507 829 κᾶν
524 791 654 838 δοῦλος,
674 789 738 828 κᾶν
755 790 857 837 ξένος,
878 789 942 828 κᾶν
963 790 1020 828 ἐπὶ
1035 792 1099 836 τῆς

72 853 256 904 ἀλλοτρίας
285 851 446 904 διατρίὸῃ
478 854 563 902 γῆς,
594 852 653 890 καὶ
681 851 744 899 τὴν
772 851 902 904 ἀρετὴν
929 852 992 905 ἔχῃ
1021 854 1098 916 μεθ’

72 917 214 962 ἑαυτοῦ,
244 914 384 952 πάντων
406 912 577 965 βασιλέων
599 913 870 968 βασιλικώτερος
889 913 998 953 ἔσται.
1033 915 1096 952 Εἰ-

71 975 125 1020 δες
139 975 197 1013 καὶ
216 974 280 1021 τὴν
300 977 368 1012 τῶν
388 977 562 1026 γυναικῶν
579 975 736 1014 δουλείαν
758 979 934 1024 λυθεῖσαν,
954 975 1014 1014 καὶ
1033 975 1096 1023 τὴν

69 1038 137 1074 τῶν
167 1038 330 1084 οἰκετῶν,
363 1035 423 1074 καὶ
451 1035 516 1082 τὴν
552 1039 621 1075 τῶν
647 1038 871 1090 ἀρχομένων,
901 1037 1012 1089 Δεῧρό
1042 1053 1096 1076 σοι

71 1097 170 1142 δείξω
187 1097 309 1136 λοιπὸν
325 1096 384 1135 καὶ
399 1097 457 1135 τὸν
472 1100 541 1135 τῶν
557 1098 686 1151 Θηρίων
702 1099 807 1151 φόὸον
827 1098 1095 1150 ἐκὸεὸλημένον.

71 1160 260 1198 Ἐνέὃαλον
289 1159 347 1197 τὸν
375 1159 510 1206 Δανιὴλ
530 1161 577 1203 εἷς
599 1159 656 1198 τὸν
676 1161 805 1199 λάκκον
826 1161 884 1200 ἐπὶ
906 1163 970 1207 τῆς
989 1162 1096 1207 αὐτῆς

71 1220 277 1264 Βαὸυλῶνός
292 1237 375 1260 ποτε
387 1237 395 1244 “
422 1223 498 1259 ἀλλ’
516 1222 577 1260 οὐκ
593 1222 748 1272 ἐτόλμων
769 1223 926 1275 ἅψασθαι
945 1225 976 1261 οἱ
994 1222 1094 1262 λεόν-

69 1297 126 1324 τες
149 1284 265 1320 αὐτοῦ.
305 1281 381 1329 Τὴν
412 1282 564 1334 ἀρχαίαν
593 1282 661 1337 γὰρ
686 1283 746 1322 καὶ
771 1283 956 1335 βασιλικὴν
979 1283 1095 1322 εἰκόνα

71 1344 337 1395 διαλάμπουσαν
363 1338 454 1383 εἶδον
474 1347 508 1383 ἐν
527 1346 634 1398 αὐτῷ,
653 1346 804 1390 ἐκείνους
818 1345 897 1389 τοὺς
911 1349 1096 1399 χαρακτῆ-

71 1421 130 1458 ρας
145 1405 303 1450 ἐὸλεπον,
322 1404 378 1449 οὒς
394 1405 510 1457 ἑώρων
529 1405 585 1444 ἐπὶ
604 1409 665 1444 τοῦ
683 1406 796 1458 Ἀδὰμ
815 1407 884 1460 πρὸ
898 1409 961 1453 τῆς
980 1408 1095 1459 ἁμαρ-

67 1466 153 1510 τίας.
187 1467 257 1505 Καὶ
285 1467 353 1520 γὰρ
385 1467 474 1518 μετὰ
503 1470 565 1515 τ’ἧς
598 1470 705 1515 αὐτῆς
735 1471 913 1521 ὑποταγῆς
939 1468 1096 1513 ἐλθόντες

68 1529 153 1580 πρὸς
176 1529 234 1568 τὸν
261 1528 393 1580 Ἀδὰμ,
413 1529 456 1567 τὰ
472 1529 628 1580 ὀνόματα
651 1529 811 1575 ἐδέξαντο
826 1529 917 1569 τότε.
945 1530 1014 1569 Καὶ
1034 1532 1096 1569 οὐκ

68 1591 214 1629 ἐνταῦθα
246 1590 370 1641 μόνον,
400 1591 488 1630 ἀλλὰ
517 1592 577 1630 καὶ
601 1592 659 1630 ἐπὶ
674 1596 734 1631 τοῦ
756 1593 930 1647 μακαρίου
950 1592 1094 1631 Παύλου

68 1655 169 1690 τοῦτο
186 1652 316 1704 γέγονε.
337 1652 406 1691 Καὶ
422 1652 489 1704 γὰρ
501 1654 629 1696 ἐκεῖνος
644 1655 691 1696 εἰς
706 1653 770 1700 τὴν
787 1654 975 1717 βαρὸάροὶν
989 1657 1094 1701 νῆσον

69 1714 244 1760 ἐκπεσὼν,
258 1713 484 1767 παρεκάθητο
511 1721 604 1767 πυρᾷ
624 1715 911 1767 θερμαινόμενος·
930 1719 1005 1754 εἶτα
1025 1714 1096 1754 ἀπὸ

69 1779 138 1813 τῶν
171 1775 353 1828 φρυγάνων
373 1775 606 1822 ἐκπηδήσασα
631 1776 705 1828 ἔχις
725 1776 888 1815 καθίκετο
910 1778 1014 1815 αὐτοῦ
1033 1779 1096 1824 τῆς

69 1836 198 1889 χειρός.
231 1836 278 1875 Τί
299 1831 355 1876 οὖν
377 1836 466 1887 μετὰ
488 1840 599 1875 ταῦτα
619 1837 774 1889 ἐγίνετο;
790 1837 957 1883 Ἐξέπεσε
972 1837 1012 1876 τὸ
1031 1841 1092 1885 θη-

72 1897 142 1949 ρίον
172 1898 304 1941 εὐθέως.
341 1898 490 1946 Ἐπειδὴ
512 1898 578 1951 γὰρ
598 1899 775 1951 ἁμαρτίαν
800 1902 866 1952 οὐχ
885 1895 999 1952 εὗρεν,
1017 1900 1093 1940 οὐδὲ

71 1960 186 1998 δακεῖν
204 1958 365 2011 ἴσχυσεν·
385 1959 464 1998 ἀλλ’
479 1959 599 2013 ὥσπερ
623 1964 736 2011 ἡμεῖς,
754 1962 895 2000 ἐπειδάν
914 1978 991 2000 τινα
1010 1962 1094 2002 σκό-

69 2021 172 2057 πελον
204 2022 295 2059 λεῖον
330 2020 532 2072 βουλώμεθα
560 2021 750 2068 ἀναὸἧναι,
776 2024 976 2074 μηδαμόθεν
997 2023 1093 2076 εὑρί-

69 2096 208 2126 σκοντες
225 2082 435 2130 ἀντιλαὸὰς,
457 2083 724 2135 καταπίπτομεν
741 2085 876 2132 εὐθέως,
896 2085 960 2124 κᾶν
981 2087 1092 2126 πέλα-

68 2157 125 2193 γος
143 2144 369 2193 ὑποκείμενον
386 2138 422 2195 ᾗ,
442 2145 506 2182 κᾶν
524 2145 696 2197 βάραθρον
712 2161 719 2168 ·
736 2146 827 2185 οὕτω
844 2147 902 2186 καὶ
917 2147 958 2186 τὸ
975 2148 1092 2201 θηρίον

67 2205 198 2253 ἐκεῖνο,
217 2205 275 2242 καὶ
294 2209 405 2244 ταῦτα
429 2213 540 2260 πυρᾶς
559 2207 792 2258 ὑποκειμένης
805 2239 815 2257 ,
831 2211 894 2262 οὐχ
913 2210 1010 2262 εὑρὸν
1029 2214 1092 2258 τῆς

66 2262 240 2315 ἁμαρτίας
257 2264 319 2311 τὴν
337 2264 541 2314 ἀντιλαὸὴν,
558 2266 633 2304 οὐδὲ
652 2266 737 2305 ὅπου
753 2267 830 2312 τοὺς
848 2269 990 2313 ὀδόντας
1007 2272 1091 2308 ἀπε-

66 2323 178 2375 ρείσῃ,
198 2325 389 2364 κατέπεσεν
410 2328 456 2370 εἷς
472 2325 535 2373 τὴν
558 2326 684 2381 πυρὰν,
704 2328 764 2367 καὶ
782 2329 962 2382 διεφθάρη.
995 2330 1089 2370 Βού-

66 2385 119 2420 λει
148 2385 207 2423 καὶ
232 2386 347 2438 τρίτον
378 2387 465 2425 εἴπω
487 2403 541 2426 σοι
558 2388 684 2440 τρόπον
706 2390 915 2442 ἀπολογίας;
948 2387 1011 2436 Εἷς
1026 2392 1091 2443 μέν

66 2448 153 2494 ἐστι,
170 2447 208 2485 τὸ
228 2447 277 2499 μὴ
297 2447 374 2492 τοὺς
392 2448 577 2500 προτέρους
596 2451 839 2504 ἡμαρτηκέναι
863 2453 978 2504 μόνον,
999 2454 1090 2493 ἀλλὰ

66 2509 125 2548 καὶ
147 2509 225 2553 τοὺς
246 2511 322 2561 μετ’
340 2510 509 2553 ἐκείνους·
533 2511 708 2564 δεύτερος,
734 2513 774 2552 τὸ
798 2513 877 2559 τοὺς
896 2521 1090 2569 κατωρθω-

64 2570 189 2618 κότας,
220 2572 279 2610 καὶ
309 2575 419 2610 ταῦτα
449 2575 484 2611 ἐν
503 2575 553 2624 τῷ
578 2573 725 2625 παρόντι
742 2575 984 2628 διατρίὸοντας
1008 2578 1088 2631 βίῳ,

64 2633 273 2685 κουφοτέρας
291 2637 498 2686 πειραθῆναι
516 2638 577 2681 τῆς
600 2635 755 2680 δουλείας
768 2652 775 2659 ·
797 2639 930 2689 μᾶλλον
951 2639 986 2678 δὲ
1007 2642 1087 2679 ὁλο-

65 2693 194 2745 κλῆρου
221 2694 349 2742 ταύτης
379 2696 644 2747 ἀπαλλαγῆναι,
677 2697 834 2751 καθάπερ
861 2693 921 2738 οὖν
949 2701 1009 2740 καὶ
1028 2702 1088 2741 ἐπὶ

65 2757 133 2792 τῶν
151 2760 321 2806 γυναικῶν
335 2787 345 2804 ,
365 2757 423 2795 καὶ
440 2757 497 2794 ἐπὶ
517 2761 584 2796 τῶν
606 2759 833 2812 ἀρχομένων,
861 2762 920 2800 καὶ
939 2764 998 2802 ἐπὶ
1017 2767 1087 2803 τῶν

64 2815 193 2868 θηρίων
219 2816 405 2867 ἐδείξαμεν.
440 2818 566 2869 Τρίτος
591 2823 666 2870 μετ’
690 2822 861 2871 ἐκείνους,
881 2823 920 2862 τὸ
941 2825 1086 2876 μείζονα

1116 1722 1140 1752 C

1113 2280 1137 2310 D

1177 313 1260 348 νεῖ,
1274 302 1368 352 quia
1383 301 1475 339 deos
1492 309 1577 340 tuos
1589 316 1667 339 non
1684 303 1862 351 colimus,
1877 312 1912 342 et
1930 307 2139 357 imaginem

1175 374 1350 407 auream,
1371 375 1489 414 quam
1503 366 1690 409 statuisti,
1709 378 1788 402 non
1806 366 2016 404 adoramus
2029 383 2043 411 ‚·
2061 369 2139 418 qui-

1176 421 1243 460 bus
1265 422 1386 461 verbis
1413 423 1520 461 simul
1549 433 1583 462 et
1603 424 1796 478 praedicant
1823 427 1888 464 Dei
1917 427 2087 467 virtutem
2107 439 2141 468 et

1175 495 1380 534 generosam
1396 484 1522 521 animm
1539 499 1610 523 suae
1628 485 1801 525 fiduciam
1816 502 1887 540 prae
1902 502 1939 526 se
1954 489 2085 537 serunt,
2098 504 2141 528 ne

1172 545 1263 583 forte
1279 544 1324 583 de
1344 544 1414 583 illis
1440 545 1519 597 quis
1544 546 1661 584 dicere
1690 559 1829 600 posset,
1849 564 1928 600 quas
1947 550 2139 589 adversum

1172 605 1242 645 Joh
1263 606 1431 644 diabolus
1462 608 1714 647 calumniando
1738 611 1910 662 jactabat.
1935 611 2034 658 Quid
2055 626 2138 650 vero

1167 666 1310 706 dicebat
1327 667 1520 707 diabolus?
1541 671 1631 708 Non
1650 674 1774 723 gratis
1796 673 1889 711 colit
1912 682 1948 710 te
1969 675 2044 711 Joh
2061 690 2070 711 .·
2086 678 2136 713 si·
2151 684 2221 712 Job.
2245 695 2270 714 ι.
2288 694 2317 724 9.

1168 730 1325 782 quidem
1353 733 1514 769 munisti
1532 746 1592 770 res
1620 735 1716 785 ejus,
1747 748 1832 786 qztoe
1852 737 1971 781 intra,
1992 744 2027 773 et
2051 751 2136 788 quoe
2157 732 2203 754 ‘⁰'

1169 799 1283 829 extra
1310 801 1414 830 sunt.
1437 793 1490 830 Ne
1512 792 1622 844 igitur
1653 793 1698 832 de
1725 794 1781 832 his
1803 795 1909 833 etiam
1943 795 2034 834 illud
2063 797 2135 836 dici

1166 861 1297 904 posset,
1315 853 1368 890 illi
1382 863 1668 904 antevortunt,ct
1684 855 1874 908 impudens
1888 872 1926 895 os
1948 857 2129 897 obturant.
2190 877 2340 906 Virtutem

1167 913 1238 952 Sed
1255 923 1293 952 ιιῑ
1312 914 1490 966 dicebam,
1515 916 1597 955 licet
1624 918 1789 970 captivus
1811 919 1856 957 sit
1881 919 2024 970 aliquis,
2051 921 2133 959 licet
2147 921 2198 988 {15¹}
2247 926 2342 989 ὓῖιῖἒζ

1167 989 1315 1027 servus,
1333 977 1417 1016 licet
1445 979 1672 1031 peregrinus,
1692 980 1774 1019 licet
1796 981 1831 1019 in
1854 981 1966 1020 aliena
1992 983 2133 1034 regione
2147 983 2235 1032 est'et
2251 1013 2340 1040 supe-

1167 1046 1341 1087 versetur,
1369 1048 1402 1077 et
1434 1040 1603 1079 virtutem
1645 1056 1762 1080 secum
1794 1042 1936 1093 habeat,
1971 1045 2133 1097 superior
2147 1046 2209 1113 {30‘
2266 1045 2340 1080 ’Ψ-

1166 1099 1334 1137 omnibus
1354 1100 1420 1138 erit
1439 1102 1596 1152 regibus.
1624 1102 1738 1142 Vides
1762 1113 1794 1142 et
1816 1104 2007 1142 mulierum
2029 1107 2131 1143 solu-
2158 1096 2215 1113 '⁰⁵'

1166 1168 1239 1197 tam
1251 1173 1326 1198 esse
1344 1161 1566 1209 servitutem,
1583 1172 1618 1201 et
1634 1164 1868 1212 famulorum,
1884 1174 1917 1203 et
1933 1179 2055 1204 eorum
2071 1167 2133 1218 qui

1165 1221 1391 1274 principibus
1407 1223 1584 1262 subsunt?
1599 1227 1674 1277 Age
1687 1225 1854 1278 deinceps
1868 1227 2054 1266 ostendam
2068 1229 2136 1268 tibi

1165 1291 1299 1321 metum
1308 1297 1449 1335 quoque
1456 1284 1653 1324 bestiarum
1661 1301 1736 1326 esse
1746 1287 1953 1340 depulsum.
1962 1290 2002 1328 In
2012 1290 2134 1346 eadem

1165 1343 1349 1393 quondam
1377 1345 1565 1398 Babylone
1591 1348 1770 1401 conjectus
1802 1350 1920 1388 fuerat
1948 1350 1983 1389 in
2013 1352 2134 1391 lacum

1166 1404 1296 1442 Daniel
1315 1421 1322 1441 :
1345 1405 1408 1444 sed
1425 1420 1509 1445 eum
1527 1408 1645 1448 leones
1663 1411 1838 1463 attingere
1853 1426 1921 1450 non
1941 1412 2132 1452 audebant.

1163 1464 1347 1505 Videbant
1365 1467 1461 1506 enim
1477 1469 1662 1521 antiquam
1677 1481 1711 1510 et
1727 1473 1863 1524 regiam
1886 1474 2077 1526 imaginem
2097 1477 2132 1514 in

1163 1525 1241 1580 ipso
1271 1528 1521 1581 refulgentem,
1545 1531 1716 1584 illamque
1744 1534 1896 1572 formam
1924 1536 2128 1586 cernebant,

1162 1601 1271 1638 quam
1291 1588 1327 1627 in
1349 1591 1488 1630 Adamo
1506 1592 1671 1632 viderant
1687 1603 1767 1632 ante
1786 1605 1985 1647 peccatum.
2010 1597 2131 1648 Siqui-

1163 1648 1245 1687 dem
1268 1665 1351 1689 eum
1375 1652 1499 1691 eadem
1527 1655 1757 1707 subjectione,
1778 1671 1861 1695 cum
1880 1657 1926 1696 ad
1951 1658 2132 1698 Adamum

1163 1713 1402 1763 accessissent,
1423 1714 1569 1753 nomina
1591 1725 1668 1754 tum
1687 1728 1910 1771 acceperunt.
1934 1721 2058 1771 Neque
2071 1721 2132 1759 hic

1163 1772 1298 1824 solum;
1320 1773 1383 1812 sed
1396 1785 1430 1814 et
1447 1775 1484 1815 in
1499 1776 1603 1815 beato
1618 1778 1732 1817 Paulo
1748 1779 1843 1818 idem
1859 1780 2022 1833 contigit.
2037 1782 2131 1821 Nam
2145 1788 2217 1818 Act.
2237 1790 2288 1820 28.

1163 1843 1197 1871 et
1213 1834 1274 1872 ille
1287 1849 1371 1874 eum
1390 1835 1426 1874 in
1445 1837 1683 1878 barbarorum
1704 1840 1859 1880 insulam
1876 1843 2009 1895 ejectus
2027 1854 2130 1895 esset,

1162 1909 1262 1948 pyrae
1279 1897 1472 1945 assidebat,
1495 1909 1536 1938 ut
1568 1901 1745 1941 calefieret
1761 1919 1768 1940 ε
1784 1903 1914 1942 deinde
1935 1905 2131 1957 praesiliens

1161 1971 1180 1994 e
1205 1959 1394 1998 sarmentis
1423 1961 1547 2014 vipera
1578 1977 1726 2002 manum
1761 1965 1836 2018 ejus
1859 1966 2004 2005 invasit.
2031 1968 2132 2015 Quid

1161 2032 1245 2071 ergo
1272 2030 1393 2073 postea
1429 2024 1605 2076 contigit?
1626 2026 1823 2065 Confestim
1841 2028 1955 2066 bestia
1985 2030 2127 2069 cecidit.

1160 2081 1254 2118 Nam
1275 2082 1445 2132 quoniam
1475 2095 1660 2137 peccatum
1684 2101 1753 2126 non
1777 2089 1930 2137 invenit,
1961 2104 2005 2129 ne
2030 2106 2131 2130 mor-

1159 2140 1245 2180 dere
1260 2143 1407 2194 quidem
1426 2147 1566 2199 potuit:
1583 2148 1646 2187 sed
1673 2150 1980 2200 quemadmodum
2001 2167 2080 2203 nos,
2101 2154 2132 2192 si

1160 2203 1307 2253 quando
1321 2205 1449 2244 laevem
1467 2207 1626 2259 aliquem
1647 2211 1836 2263 scopulum
1861 2212 2050 2252 ascendere
2068 2228 2132 2254 vo—

1158 2263 1292 2315 lumus,
1304 2266 1392 2305 dum
1406 2282 1585 2321 nusquam
1599 2273 1811 2325 reperimus,
1824 2276 1920 2327 quod
1935 2277 2131 2329 apprehen-

1158 2339 1239 2364 sum
1258 2336 1454 2380 teneamus,
1472 2342 1615 2384 repente
1643 2335 1880 2386 concidimus,
1898 2338 1974 2376 sive
1993 2338 2028 2376 in
2046 2340 2131 2377 suh-

1157 2387 1291 2439 jeetum
1310 2391 1471 2444 pelagus,
1496 2393 1573 2432 sive
1601 2395 1637 2433 in
1657 2397 1901 2450 praecipitium
1919 2415 1927 2435 :
1947 2400 1996 2438 sic
2019 2410 2052 2438 et
2069 2401 2129 2439 illa

1157 2449 1285 2498 bestia,
1302 2466 1386 2491 cum
1403 2455 1563 2508 subjecta
1582 2467 1671 2495 esset
1691 2473 1796 2511 pyra,
1814 2460 1914 2510 quod
1930 2472 2128 2513 peccatum,

1158 2511 1217 2549 cui
1233 2511 1440 2564 adhaereret,
1456 2530 1524 2554 non
1544 2517 1770 2569 invenissset,
1793 2534 1908 2571 neque
1930 2522 2128 2560 euidentes

1157 2572 1336 2625 infigeret,
1369 2576 1406 2614 in
1436 2591 1564 2629 pyram
1595 2579 1745 2627 decidit,
1777 2589 1810 2618 et
1842 2581 2029 2621 interemta
2059 2593 2123 2621 est.

1158 2635 1226 2675 Vis
1239 2635 1391 2675 alterum
1410 2638 1517 2676 etiam
1541 2640 1605 2677 tibi
1622 2640 1835 2680 defensionis
1855 2657 1966 2695 genus
1987 2645 2022 2682 in
2043 2659 2123 2683 me-

1156 2695 1256 2734 dium
1290 2698 1468 2736 afferam?
1494 2701 1617 2739 Unum
1644 2701 1791 2753 quidem
1823 2713 1888 2753 est,
1927 2704 2024 2755 quod
2055 2720 2126 2744 non

1156 2757 1292 2809 priores
1317 2768 1456 2797 tantum
1485 2761 1679 2812 peccarint,
1708 2763 1772 2801 sed
1799 2773 1832 2802 et
1852 2765 1916 2815 qui
1937 2775 2017 2817 post
2047 2767 2126 2805 illos

1157 2817 1231 2855 nati
1256 2828 1338 2856 sunt
1354 2834 1360 2854 :
1376 2819 1528 2857 alterurn
1553 2834 1653 2868 vero,
1678 2821 1774 2872 quod
1794 2823 1857 2874 qui
1877 2824 1966 2882 bene
1989 2840 2024 2863 se
2044 2839 2121 2877 ges·

63 2879 131 2915 τῶν
152 2879 303 2929 ἀγαθῶν,
322 2873 369 2915 ὧν
389 2881 421 2916 οἱ
439 2879 535 2931 παρὰ
549 2879 612 2927 τὴν
633 2881 746 2934 ἀρχὴν
762 2884 978 2938 ἁμαρτόντες
993 2890 1088 2938 ἡμᾶς
1111 2895 1135 2925 Ε
1157 2879 1287 2928 serint,
1308 2879 1416 2931 idque
1437 2880 1526 2918 dum
1555 2881 1591 2919 in
1621 2882 1687 2920 hac
1721 2883 1794 2922 vita
1814 2896 2055 2936 versarentur,
2074 2888 2123 2926 le-

61 2935 244 2984 ἐξέὸαλον,
266 2937 544 2989 παραγενόμενον
570 2942 655 2989 ἡμῖν
674 2942 888 2995 ὑποσχέσθαι
917 2946 976 2985 τὸν
1000 2947 1087 2998 Χρι-

62 2997 141 3035 στὸν
174 2999 286 3048 ἀγαθὰ
316 3001 386 3036 νῦν.
419 2999 466 3037 Τί
495 2999 562 3052 γὰρ
591 3003 745 3052 θρηνεῖς,
772 3005 847 3043 εἶπέ
867 3021 951 3057 μοι,
973 3007 1027 3047 ὅτι
1046 3025 1084 3047 σε

62 3058 228 3108 ἁμαρτὼν
246 3063 264 3097 ὁ
288 3058 397 3110 Ἀδὰμ
424 3059 565 3104 ἐξέὸαλε
594 3066 653 3100 τοῦ
678 3065 914 3115 παραδείσου;
947 3069 1084 3123 Κατόρ-

61 3118 183 3160 θωσον,
200 3118 259 3154 καὶ
278 3118 432 3164 ζήλωσον
453 3118 494 3156 σὺ
516 3119 642 3170 ἀρετήν
654 3135 661 3143 ·
685 3122 744 3159 καὶ
764 3122 841 3174 οὐχὶ
859 3126 1083 3177 παράδεισον,

62 3177 139 3212 ἀλλ’
169 3177 268 3215 αὐτὸν
289 3178 417 3231 ἀνοίγω
441 3194 495 3217 σοι
519 3180 577 3218 τὸν
598 3182 753 3234 οὐρανὸν,
775 3184 835 3222 καὶ
852 3186 947 3225 οὐδὲν
965 3189 1006 3226 ἐκ
1021 3192 1084 3236 τῆς

61 3236 120 3271 τοῦ
148 3236 421 3285 πρωτοπλάστου
451 3243 632 3290 παρακοῆς
654 3240 782 3292 ἀφίημί
805 3258 844 3281 σε
865 3249 986 3284 παθεῖν
1015 3248 1082 3286 δει-

61 3294 128 3332 νόν.
144 3296 292 3347 Θρηνεῖς
309 3298 361 3336 ὅτι
377 3314 415 3337 σε
432 3302 493 3346 τῆς
507 3302 619 3352 ἀρχῆς
635 3303 703 3339 τῶν
721 3303 847 3355 θηρίων
865 3307 1080 3359 παρέλυσεν,

60 3349 151 3390 Ἰδού
175 3369 226 3392 σοι
246 3355 303 3392 καὶ
323 3356 488 3406 δαίμονας
502 3359 697 3408 ὑποτάττω,
714 3361 774 3399 ἐὰν
788 3365 978 3417 προσέχῃς.
1005 3369 1079 3406 Πα-

1157 2940 1293 2979 viorem
1323 2941 1554 2993 experiantur
1585 2944 1796 2983 servitutem
1818 2962 1825 2982 :
1845 2947 1904 2984 vel
1929 2948 2047 3000 potius
2079 2949 2124 2987 ab

1157 3001 1218 3039 illa
1239 3003 1377 3054 integra
1406 3003 1616 3052 liberentur,
1645 3016 1684 3044 ut
1705 3007 1811 3045 etiam
1841 3008 1876 3046 in
1895 3010 2122 3059 mulieribus,

1155 3073 1188 3102 et
1212 3064 1246 3101 in
1275 3064 1444 3114 subditis,
1470 3074 1503 3103 et
1532 3066 1567 3103 in
1592 3066 1723 3106 belluis
1757 3083 1776 3106 a
1806 3070 1909 3108 nobis
1942 3081 2122 3110 ostensum

1156 3133 1218 3163 est.
1244 3125 1411 3163 Tertium
1427 3139 1510 3163 vcro
1527 3136 1606 3179 post
1631 3128 1708 3177 illa,
1732 3129 1828 3180 quod
1851 3131 2016 3170 Christus
2040 3148 2120 3171 cum

1159 3185 1374 3235 advenisset,
1396 3187 1530 3239 majora
1551 3189 1759 3237 nune-bona
1783 3191 1829 3229 sit
1851 3192 1953 3230 nobis
1974 3193 2118 3245 pollici-

1156 3255 1231 3296 tus,
1258 3259 1365 3298 quam
1385 3261 1424 3285 ea
1447 3247 1581 3298 quihus
1598 3250 1741 3303 spoliati
1762 3252 1895 3290 suimus
1917 3253 1962 3290 ab
1983 3253 2037 3303 iis,
2057 3255 2117 3305 qui

1154 3322 1172 3344 a
1198 3307 1377 3359 principio
1397 3319 1598 3360 peccarant.
1630 3310 1730 3358 Quid
1752 3313 1860 3363 enim,
1879 3329 2008 3364 quaeso,
2023 3329 2115 3353 nun«-

1154 3370 1285 3422 luges?
1305 3384 1348 3408 an
1376 3370 1469 3420 quod
1499 3373 1655 3412 admisso
1688 3385 1829 3427 peccato
1855 3391 1872 3413 c
1896 3376 2060 3427 paradiso
2085 3387 2117 3414 tc
