2566 3791
724 182 765 213 ΙΝ
803 182 904 213 CM‘.

104 277 186 329 παρ’
218 272 346 313 ἑαυτῶν
375 266 622 313 ἐπιδείξασθαι.
651 266 711 314 Μὴ
740 266 807 319 γὰρ
835 264 1125 319 χρήματαῑ1ἔπε-

104 353 178 375 στιν
201 335 347 373 ἐνταῦθα
369 332 588 376 δαπανῆσαι,
610 327 659 380 μὴ
682 327 750 381 γὰρ
770 327 846 366 ὁδὸν
871 327 1009 380 μακρὰν
1029 326 1126 366 στεί-

103 401 247 443 λασθαι;
277 392 326 445 μὴ
353 392 422 445 γὰρ
455 390 579 438 ὀδύνην
612 390 672 429 καὶ
710 389 901 441 ἀλγήματα
926 388 1074 441 παρέχει
1103 392 1125 436 ἡ

104 455 235 510 ἰατρεία
256 454 361 502 αὕτη,
380 454 448 492 Καὶ
470 452 646 495 ἀδάπανός
662 453 756 497 ἐστι,
779 452 838 489 καὶ
855 450 1048 498 ἀνώδυνος,
1067 451 1127 489 καὶ

100 525 246 571 ταχεῖαν
264 516 469 570 παρέχουσα
484 514 547 561 τ“,ν
571 513 770 567 θεραπείαν.
796 513 888 566 Πρὸς
905 513 972 567 γὰρ
991 512 1049 551 τὸν
1065 513 1125 550 τό-

101 595 156 618 νον
172 583 233 626 τῆς
252 578 437 621 διαθέσεως
458 582 517 616 τοῦ
536 575 756 629 προσιόντος,
781 574 870 613 οὕτω
891 574 948 613 καὶ
972 573 1016 612 τὰ
1035 573 1126 626 φάρ-

100 657 197 692 μακα
216 643 284 678 τῶν
310 638 520 692 τραυμάτων
539 638 720 691 χαρίζεται
742 640 760 675 ὃ
777 635 969 683 Δεσπότης.
988 634 1032 673 Ὁ
1048 634 1124 673 τοί·

99 718 158 740 νυν
189 700 395 753 βουλόμενος
421 704 543 738 θᾶττον
564 698 650 752 πρὸς
667 699 799 751 ὑγίειαν
821 698 1039 742 ἐπανελθεῖν,
1065 695 1124 733 καὶ

100 763 144 801 τὰ
171 766 232 809 τῆς
259 763 374 814 ψυχῆς
401 761 486 808 ἕλκη
514 764 736 814 θεραπεῦσαι,
757 757 847 810 μετὰ
863 757 1000 809 νήψεως
1016 771 1122 808 προσ-

101 824 192 870 ιέτω,
212 823 351 861 πάντων
366 821 486 860 ἑαυτὸν
505 819 707 866 ἀποστήσας
721 822 789 857 τῶν
808 820 996 870 βιωτικῶν,
1009 817 1122 869 θερμὰ

100 884 232 936 δάκρυα
251 883 445 935 προχεέτω,
474 881 684 934 προσεδρίαν
706 879 838 927 πολλὴν
856 878 1120 927 ἐπιδεικνύσθω,

96 945 212 984 πίστιν
232 945 361 996 ἀκριὸἧ
383 944 581 996 εἷσφερέτω,
598 942 657 980 καὶ
673 940 843 994 θαρρείτω
862 945 921 980 τοῦ
939 943 1058 994 ἰατροῦ
1077 944 1120 994 τῇ

93 1007 199 1059 τέχνῃ
214 1035 223 1053 ,
257 1005 316 1044 καὶ
350 1007 573 1057 παραχρῆμα
603 1006 666 1050 τ’ἧς
700 1002 830 1055 ὑγιείας
869 1002 1120 1041 ἀπολαύσεται.

95 1063 194 1111 Εἶδες
214 1070 331 1121 ἰατροῦ
350 1065 552 1119 φιλοτιμίαν
571 1065 701 1110 παντὸς
722 1063 855 1118 πατρὸς
874 1063 1119 1116 φιλοστοργίαν

94 1129 395 1183 ἀποκρύπτοντος,
412 1128 474 1175 Μὴ
498 1128 566 1180 γὰρ
588 1127 676 1181 βαρύ
698 1144 733 1165 τι
754 1128 813 1166 καὶ
832 1125 984 1178 ἐπαχθὲς
1004 1125 1020 1145 b
1034 1128 1118 1180 παρ’

91 1195 193 1241 ἡμῶν
218 1193 394 1238 ἐπιζητεῖ,
419 1189 640 1240 οΣιυντριὸὴν
673 1188 836 1243 καρδίας,
857 1189 1027 1240 λογισμοῦ
1056 1203 1121 1226 κα-

92 1252 243 1301 τάνυξιν,
259 1251 446 1303 ὁμολογίαν
462 1251 684 1302 πταίσματος
698 1282 708 1300 ,
724 1250 933 1305 προσεδρίαν
951 1265 1121 1288 συντετα-

95 1314 223 1365 μένην·
250 1313 310 1353 καὶ
329 1315 367 1352 οὐ
387 1313 490 1365 μόνον
508 1317 577 1352 τῶν
603 1312 814 1366 τραυμάτων
839 1312 903 1359 τὴν
932 1311 1119 1364 θεραπείαν

945 179 1006 211 tv.
1045 179 1208 211 GENES.

1247 180 1403 211 ttoMtt..
1443 182 1517 212 XX·
2069 189 2157 237 907

1152 269 1176 299 Ι)
1200 264 1498 317 suscipiendum?
1520 279 1606 303 utuu
1624 264 1784 305 dolorem
1804 276 1838 305 ct
1856 269 2038 308 cruciatus
2058 272 2161 310 assei-t

1200 325 1276 364 lime
1299 325 1507 365 medicina?
1544 327 1690 379 Absque
1707 337 1829 366 sumtu
1852 338 1886 367 ct
1914 331 2074 370 cruciatu
2109 343 2161 372 est

1201 401 1352 439 praescns
1372 387 1621 440 pharmacum,
1644 397 1678 426 et
1706 403 1812 440 quam
1835 388 2019 428 celerrime
2046 400 2159 429 curat.

1201 448 1345 487 Etenim
1360 448 1557 487 secundum
1579 449 1748 488 affectum
1763 459 1796 489 et
1813 450 1975 488 animum
1990 453 2160 492 acceden-

1201 510 1260 559 tis,
1287 511 1338 548 sic
1357 519 1391 549 et
1410 510 1566 550 remedia
1584 512 1776 551 vulnerum
1798 512 1952 564 largitur
1967 514 2158 554 Dominus.

1199 571 1317 621 Igitur
1336 572 1396 623 qui
1420 573 1498 611 vult
1519 574 1640 612 statim
1661 573 1706 612 ad
1723 575 1909 614 sanitatem
1929 575 2060 624 redire,
2081 577 2158 615 ani-

1200 646 1337 684 maaeque
1363 648 1487 672 curare
1517 635 1654 683 ulcera,
1689 636 1807 674 sobria
1835 646 1951 677 mente
1976 638 2158 677 medicum

1198 694 1316 743 adeat,
1335 695 1381 733 ab
1392 695 1559 733 omuibus
1569 697 1801 735 saecularibus
1811 699 1906 737 curis
1920 714 1956 737 se
1971 699 2157 748 abdicans,

1198 756 1334 794 calidas
1353 757 1531 808 lacrymas
1550 757 1758 810 profundat,
1775 760 2022 800 assiduitatem
2039 762 2156 815 pluri-

1197 831 1293 855 mam
1314 832 1384 870 prae
1400 832 1436 856 se
1451 818 1551 867 serat,
1569 819 1680 858 fidem
1699 820 1842 859 firmam
1859 823 1998 872 afferat,
2019 839 2059 862 ac
2078 839 2154 862 me-

1196 877 1268 917 dici
1284 879 1441 917 confidat
1459 881 1552 931 arti,
1587 890 1621 919 ct
1643 881 1807 933 protinus
1826 884 2015 922 sanitatem
2034 900 2155 924 consc-

1195 950 1335 992 quetur.
1359 941 1498 981 Vidisti
1520 941 1648 981 medici
1670 942 1879 994 bonitatem,
1914 945 1960 983 ad
1991 961 2098 997 quam
2124 949 2153 986 si

1195 1002 1357 1041 omnium
1370 1013 1516 1056 patrum
1533 1019 1636 1043 amor
1656 1006 1869 1056 conseratur,
1890 1006 2153 1048 obscurabitur.

1195 1065 1290 1102 Num
1312 1078 1420 1116 grave
1437 1065 1579 1117 aliquid
1598 1076 1632 1104 et
1655 1068 1845 1106 molestum
1867 1082 1887 1106 a
1913 1069 2016 1109 nobis
2032 1072 2153 1122 requi-

1195 1126 1266 1164 rit?
1293 1127 1551 1166 Contritionem
1570 1128 1701 1178 cordis,
1731 1131 2041 1182 compunctionem
2057 1147 2155 1171 men-

1195 1187 1261 1238 tis,
1298 1188 1554 1228 confessionem
1579 1190 1703 1243 lapsus
1719 1221 1730 1240 ,
1763 1191 2010 1231 assiduitatem
2043 1194 2155 1232 conti-

1195 1263 1328 1288 nuam:
1353 1259 1386 1288 et
1406 1264 1475 1289 non
1498 1251 1613 1289 solum
1628 1251 1784 1304 largitur
1804 1253 1996 1291 vulnerum
2018 1268 2154 1304 curam,

1195 1320 1229 1349 et
1248 1326 1267 1349 a
1285 1312 1440 1364 peccatis
1460 1312 1613 1352 mundos
1633 1313 1774 1363 reddit,
1803 1313 1866 1352 sed
1893 1324 1928 1353 et
1956 1330 2058 1363 eum,
2093 1316 2155 1367 qui

89 1375 271 1427 χαρίζεται
284 1404 295 1422 ,
317 1375 377 1413 καὶ
398 1377 466 1412 τῶν
496 1374 755 1427 ἡμαρτημένων
786 1372 956 1426 καθαροὺς
976 1372 1121 1411 ἀποδεί-
1133 1400 1180 1425 ‚75
1195 1383 1296 1412 antea
1307 1374 1504 1413 innumeris
1517 1384 1739 1427 peccatorum
1753 1377 1904 1415 sarcinis
1921 1378 2154 1429 gravabatur,

90 1453 222 1486 κνυσιν,
243 1436 334 1476 ἀλλὰ
353 1436 414 1474 καὶ
433 1436 489 1474 τὸν
509 1436 578 1488 πρὸ
595 1436 717 1475 τούτῑυ
735 1435 868 1488 μυρίοις
885 1434 1120 1488 βαρυνόμενον

89 1498 240 1552 φορτίοις
266 1498 533 1550 ἁμαρτημάτων
556 1497 689 1537 δίκαιον
711 1498 962 1550 ἀπεργάζεται.
986 1495 1035 1536 Ὢ
1063 1514 1120 1551 φι-

93 1558 316 1611 λανθρωπίας
348 1558 491 1611 μέγεθος
506 1575 514 1582 ·
539 1558 569 1597 ὢ
591 1559 804 1611 ἀγαθότητος
821 1558 1014 1612 ὑπερὲολή.
1047 1560 1118 1599 Τὸν

86 1620 342 1673 ἡμαρτηκότα,
374 1620 514 1659 ἐπειδὰν
553 1621 756 1673 ὁμολογήσῃ
795 1619 839 1659 τὰ
881 1620 1118 1672 ἡμαρτημένα

85 1680 298 1734 συγγνώμην
317 1687 332 1702 ³
345 1681 512 1730 αἰτήσας,
535 1682 594 1721 καὶ
617 1683 682 1730 τὴν
698 1685 745 1726 εἷς
764 1683 804 1722 τὸ
827 1682 904 1728 ἑξῆς
923 1682 1117 1735 ἀσφάλειαν

86 1743 313 1791 ἐπιδείξηται,
329 1744 452 1796 ἀθρόον
473 1744 606 1784 δίκαιον
627 1744 827 1797 ἀποφαίνει.
844 1744 914 1782 Καὶ
926 1743 983 1782 ἵνα
1005 1745 1118 1797 μάθῃς

85 1808 187 1844 τοῦτο
215 1809 352 1858 σαφῶς,
375 1806 479 1845 ἄκουε
509 1812 569 1846 τοῦ
600 1807 780 1859 προφήτου
807 1805 968 1857 λέγοντος
985 1821 992 1828 ·
1025 1805 1118 1858 Λέγε

86 1865 128 1904 σὺ
155 1865 218 1909 τὰς
247 1867 394 1917 ἀνομίας
428 1883 488 1905 σου
525 1869 680 1919 πρῶτος,
709 1865 767 1904 ἵνα
801 1867 1003 1918 δικαιωθῇς.
1037 1869 1118 1920 Οὐχ

87 1927 207 1969 ἁπλῶς
226 1920 324 1975 εἶπε,
351 1927 432 1979 λέγε
449 1927 492 1966 σὺ
514 1928 576 1971 τὰς
606 1927 752 1978 ἀνομίας
776 1944 856 1975 σου,
889 1928 980 1966 ἀλλὰ
1001 1945 1117 1981 προσ-

87 1987 213 2034 έθηκε,
240 1989 405 2041 Πρῶτος,
430 1989 614 2037 τουτέστι,
645 1989 694 2040 μὴ
725 1988 916 2041 ἀναμείνῃς
938 1989 996 2028 τὸν
1019 1991 1119 2041 ἐλεγ-

85 2063 216 2100 χοντα,
240 2048 329 2099 μηδὲ
352 2049 470 2101 ἐκδέξῃ
491 2051 549 2089 τὸν
569 2050 764 2102 κατήγορον
781 2066 788 2073 ·
806 2051 910 2094 αὐτὸς
928 2049 1117 2103 προλαὸὼν

85 2108 270 2161 Ιἰπῖρπασον
290 2108 352 2157 τὴν
373 2112 634 2163 πρωτολογίαν,
656 2111 715 2150 ἵνα
736 2112 948 2164 ἀποκλείσῃς
966 2117 1026 2151 τοῦ
1050 2127 1115 2150 κα-

83 2170 235 2223 τηγόρου
253 2169 316 2216 τὴν
341 2171 511 2222 γλῶτταν.

136 2232 236 2280 Εἶδες
258 2238 422 2276 δικαστοῦ
441 2238 725 2291 φιλανθρωπίαν;
747 2239 833 2278 Ἐπὶ
859 2238 922 2290 μὲν
949 2238 1017 2292 γὰρ
1043 2242 1112 2278 τῶν

82 2297 310 2350 ἀνθρωπίνων
341 2299 600 2354 δικαστηρίων,
634 2301 717 2340 ὅταν
745 2317 798 2345 τις
829 2307 931 2340 τοῦτο
967 2304 1114 2348 ποιῆσαι

81 2359 334 2408 καταδέξηται,
361 2360 421 2398 καὶ
452 2361 530 2406 τοὺς
558 2363 723 2416 ἐλέγχους
754 2362 941 2416 προλαὲὼν
983 2365 1112 2415 ὁμολο-

80 2421 173 2472 γήσῃ
206 2421 251 2460 τὰ
282 2423 519 2474 εἰργασμένα,
555 2425 618 2469 τὰς
652 2425 716 2476 μὲν
752 2426 924 2478 βασάνους
958 2426 1019 2464 καὶ
1050 2425 1113 2470 τὰς

81 2482 302 2528 ἐπαλλήλους
327 2484 498 2537 τιμωρίας
517 2485 599 2530 ἴσως
619 2487 794 2540 διαφυγεῖν
819 2487 1024 2536 δυνήσεται,
1051 2487 1112 2526 καὶ

82 2548 194 2582 ταῦτα
213 2546 243 2582 εἰ
264 2543 396 2597 ἡμέρου
418 2546 508 2591 τινὸς
533 2547 684 2601 ἐπιτύχῃ
702 2549 884 2596 δικαστοῦ,
904 2549 969 2597 τὴν
992 2549 1112 2600 μέντοι

85 2604 262 2657 ἀπόφασιν
297 2605 385 2653 ετὴν
416 2608 502 2660 πρὸς
541 2609 687 2649 θάνατον
731 2610 936 2663 ἀπάγουσαν
971 2611 1112 2655 πάντως

82 2665 244 2718 δέχεται·
262 2667 319 2706 ἐπὶ
338 2667 374 2706 δὲ
392 2674 453 2709 τοῦ
469 2671 715 2725 φιλανθρώπου
730 2673 822 2711 Θεοῦ
836 2673 896 2711 καὶ
915 2677 976 2712 τοῦ
994 2675 1112 2726 ἰατροῦ

80 2730 150 2766 τῶν
169 2729 348 2782 ἡμετέρων
375 2733 498 2784 ψυχῶν
520 2733 650 2786 ἄφατος
668 2737 690 2781 ἡ
710 2734 896 2786 ἀγαθότης,
917 2735 976 2774 καὶ
994 2736 1112 2775 πάντα

81 2788 181 2841 λόγον
202 2791 493 2844 ὓπερὸαίνουσαὴ
510 2795 705 2847 φιλοτιμία.
720 2795 807 2834 Ἐὰν
821 2795 891 2848 γὰρ
913 2796 1111 2848 προλαὸόν-

81 2866 137 2894 τες
164 2853 222 2891 τὸν
251 2853 422 2893 ἀντίδικον
450 2856 508 2895 τὸν
528 2857 718 2911 ἡμέτερον,
737 2858 796 2897 τὸν
817 2859 980 2898 διάὸολον
1005 2859 1111 2911 λέγω,

80 2913 138 2951 τὸν
153 2915 188 2952 ἐν
203 2914 315 2967 ἐκείνῃ
335 2919 379 2968 τῇ
398 2917 516 2972 ἡμέρα
529 2919 620 2958 κατὰ
635 2920 823 2974 πρόσωπον
842 2923 945 2972 ἡμῶν
963 2921 1110 2972 ἱστάμε-

80 2989 158 3022 νον,
187 2975 246 3013 καὶ
265 2976 333 3023 ἤδη
356 2980 390 3016 ἐν
415 2981 466 3031 τῷ
485 2980 632 3032 παρόντι
653 2981 740 3034 βίῳ,
761 2983 830 3035 πρὸ
850 2986 914 3030 τῆς
931 2983 981 3026 εἷς
999 2983 1038 3021 τὸ
1058 2984 1110 3020 δι-

79 3037 267 3089 καστήριον
283 3039 428 3087 εἰσόδου,
439 3041 714 3095 ὁμολογήσωμεν
730 3044 776 3083 τὰ
788 3045 1038 3097 πεπραγμένα,
1051 3045 1112 3083 καὶ

77 3098 142 3145 τὴν
159 3099 399 3154 πρωτολογίαν
417 3103 654 3157 ἁρπάσωμεν,
675 3106 736 3145 καὶ
756 3107 853 3146 αὐτοὶ
881 3109 1014 3145 ἑαυτῶν
1040 3123 1109 3145 κα-

118 3215 132 3230 ·
149 3206 228 3249 Reg.
242 3215 275 3239 et
289 3207 390 3240 Savil.
407 3214 517 3249 ἔξεο-τι.
533 3209 671 3244 Coislin.
683 3220 716 3244 et
731 3220 797 3245 tres
810 3212 866 3245 aiii
883 3218 957 3247 ἐστι’.
973 3211 1090 3246 Morel.

76 3261 185 3292 ἔπεστι.
201 3258 304 3292 Paulo
320 3269 396 3302 post
408 3261 546 3295 coislin.
565 3267 754 3304 ἀδαπάνητός
769 3271 843 3299 ἐστι·

119 3312 136 3336 b
152 3309 290 3346 Coislin.
309 3317 382 3359 παρ’
400 3319 484 3358 ἡμῶν
501 3322 595 3356 ζητεῖ.

118 3373 131 3388 c
149 3363 290 3397 coislin.
309 3373 342 3397 et
366 3365 448 3399 alius
463 3372 618 3413 συντριέὴν
634 3372 773 3408 διανοίας.

118 3426 131 3442 ι
147 3416 228 3461 Reg.
248 3429 331 3450 unus
355 3427 389 3451 et
406 3418 543 3455 Coislin.
570 3426 693 3461 αἰτήσας
714 3429 768 3461 τὴν
794 3426 833 3460 εἰς
858 3428 892 3458 τὸ
919 3425 983 3463 ἑξῆς
999 3428 1095 3470 ἀτρά-

1145 1440 1170 1468 Α
1191 1435 1331 1487 justum
1351 1435 1474 1474 efficit.
1509 1437 1541 1474 Ο
1561 1436 1817 1476 misericordiae
1840 1439 2150 1491 magnitudinem!

1194 1510 1215 1534 o
1235 1496 1406 1536 bonitatis
1431 1496 1699 1537 excellentiam!
1720 1499 1794 1546 Qui
1813 1501 1990 1553 peccavit,
2010 1500 2155 1552 quando

1193 1558 1385 1596 confitetur
1403 1568 1562 1611 peccata,
1584 1559 1727 1598 veniam
1747 1561 1849 1614 petit,
1878 1571 1913 1600 et
1934 1563 2082 1615 posthac
2101 1576 2156 1600 se-

1194 1620 1381 1659 curitatem
1401 1636 1475 1674 prae
1493 1636 1531 1660 se
1555 1622 1635 1673 fert,
1659 1633 1802 1676 repente
1816 1625 1937 1676 justus
1957 1623 2123 1662 redditur
2142 1623 2151 1664 ἶ

1195 1682 1241 1720 Et
1257 1697 1329 1734 quo
1350 1683 1445 1721 clare
1461 1683 1529 1721 hoc
1543 1683 1676 1731 discas,
1694 1684 1779 1724 audi
1800 1686 2016 1738 prophetam
2031 1686 2154 1724 dicen-

1192 1753 1265 1782 tem
1284 1761 1293 1782 :
1324 1746 1402 1783 Dic
1422 1754 1463 1783 tu
1476 1748 1585 1797 prior
1603 1749 1830 1800 iniquitates
1848 1757 1949 1796 tuas,
1980 1758 2022 1787 ut
2036 1751 2152 1801 justi-

1181 1806 1333 1858 ficeris.
1353 1807 1433 1844 Non
1446 1807 1659 1859 simpliciter
1673 1808 1805 1859 inquit,
1826 1811 1903 1848 Dic
1915 1819 1957 1848 tu
1967 1813 2154 1863 iniquita-

1193 1876 1248 1905 tes
1267 1876 1367 1916 tuas,
1389 1866 1450 1905 scd
1468 1867 1610 1920 adjecit,
1630 1871 1750 1907 Prior
1765 1885 1776 1906 :
1796 1870 1865 1909 hoc
1883 1880 1948 1921 est,
1969 1885 2012 1909 ne
2027 1885 2152 1924 exspe-

1192 1937 1264 1966 ctes
1286 1937 1321 1966 te
1339 1938 1560 1980 arguentem,
1580 1944 1624 1969 ne
1646 1932 1864 1983 praestoleris
1883 1942 2124 1971 accusatorem
2142 1950 2150 1971 :

1190 1991 1267 2043 ipse
1295 1990 1467 2043 praeveni,
1493 2000 1527 2029 ct
1549 2006 1634 2045 rape
1653 1994 1826 2033 sermonis
1845 1995 2082 2048 principium,
2112 2005 2153 2034 ut

1190 2051 1409 2090 accusatoris
1430 2052 1593 2104 linguam
1607 2055 1786 2094 occludas.

1138 2114 1162 2144 B

1240 2240 1278 2277 4.
1307 2237 1445 2278 Vidisti
1456 2237 1596 2278 ,Iudicis
1613 2239 1902 2292 benignitatem?
1921 2241 1963 2281 In
1982 2241 2152 2283 humanis

1186 2298 1334 2350 quidem
1346 2299 1498 2351 judiciis
1513 2300 1542 2338 si
1562 2301 1642 2352 quis
1657 2301 1727 2339 hoc
1740 2301 1885 2354 faceret,
1907 2313 1942 2342 et
1957 2313 2039 2342 ante
2058 2305 2150 2344 alla-

1186 2369 1260 2399 tam
1275 2360 1523 2413 probationem
1541 2361 1698 2400 facinora
1720 2364 1960 2414 confiteretur,
1985 2368 2151 2417 quamvis

1186 2422 1285 2476 apud
1300 2423 1499 2462 humanum
1512 2423 1661 2462 fortasse
1669 2424 1831 2477 judicem
1845 2435 2019 2465 tormenta
2035 2437 2069 2466 et
2079 2429 2150 2467 sibi

1186 2484 1414 2524 succedentes
1436 2499 1559 2538 poenas
1582 2486 1771 2538 effugeret,
1797 2496 1916 2526 tamen
1936 2490 2150 2528 sententiam

1186 2547 1376 2600 capitalem
1399 2547 1544 2586 omnino
1563 2547 1599 2585 in
1620 2561 1728 2586 suum
1748 2559 1856 2601 caput
1875 2559 2067 2588 accerseret
2084 2567 2092 2587 :
2113 2561 2149 2589 at

2167 1765 2355 1804 Isai.43.26,

1185 2608 1429 2648 misericordis
1453 2608 1520 2646 Dei
1532 2616 1566 2645 et
1578 2607 1782 2647 animarum
1793 2619 1995 2648 nostrarum
2010 2611 2147 2650 Medici
2176 2660 2185 2665 ᾖ

1186 2680 1282 2710 tanta
1307 2680 1359 2709 est
1376 2679 1519 2720 tamque
1533 2669 1727 2708 ineffabilis
1739 2669 1880 2709 bonitas
1893 2681 1928 2709 et
1941 2672 2145 2723 clementia,

1186 2742 1224 2771 ut
1237 2746 1380 2771 omnem
1400 2731 1508 2769 etiam
1527 2745 1727 2769 sermonem
1743 2731 1903 2770 excedat.
1924 2734 2018 2772 Nam
2036 2734 2066 2772 si
2081 2735 2144 2774 ad-

1184 2795 1386 2835 versarium
1417 2801 1580 2831 nostrum
1607 2793 1920 2844 praeverterimus,
1957 2794 2146 2836 djabolum

1135 2868 1159 2898 c
1185 2857 1283 2907 dieo,
1308 2855 1422 2907 quiin
1441 2854 1501 2892 die
1515 2853 1578 2892 illo
1593 2853 1639 2891 ob
1654 2853 1781 2892 faciem
1797 2863 1955 2894 nostram
1969 2856 2091 2905 stabit,
2112 2867 2146 2896 et

1180 2921 1257 2972 jam
1281 2918 1317 2956 in
1336 2916 1502 2971 praesenti
1521 2916 1608 2965 vita,
1632 2925 1822 2967 antequam
1844 2916 1891 2955 ad
1910 2917 2070 2957 tribunal
2091 2919 2146 2957 in-

1186 2981 1404 3034 grediamur,
1423 2978 1581 3017 facinora
1601 2978 1749 3016 confessi
1765 2978 1953 3029 fuerimus,
1973 2979 2145 3020 dicendi-

1184 3058 1254 3094 que
1276 3040 1494 3094 priucipium
1515 3038 1756 3091 rapuerimus,
1791 3049 1954 3079 nostrum
1983 3042 2145 3095 ipsorum

1184 3104 1267 3143 sacti
1287 3111 1523 3149 accusatores,
1543 3099 1578 3137 in
1598 3109 1733 3138 tantam
1756 3100 2039 3142 misericordiam
2061 3119 2145 3157 pro-

1128 3217 1210 3247 istm
1232 3213 1444 3249 ἐπιῖείξασθαι.

1171 3265 1188 3289 ¹>
1204 3263 1258 3296 Sic
1273 3260 1390 3299 savit„
1406 3257 1543 3291 Coislin.
1557 3264 1591 3290 et
1607 3266 1672 3291 tres
1688 3257 1755 3292 alii.
1767 3260 1881 3293 Morcl.
1900 3269 1934 3294 et
1947 3262 2028 3308 Reg.
2044 3263 2145 3310 5¹:³2-

1128 3333 1176 3352 σου
1195 3323 1234 3350 τὰ.
1258 3317 1463 3359 πρωτολόγια.

1173 3380 1185 3394 ⁰
1206 3367 1265 3401 Alii
1291 3374 1346 3405 τήν
1362 3370 1409 3400 ἐπὶ
1427 3369 1554 3398 θάνατον
1568 3369 1709 3407 ἄγουσα-ι.
