2516 3791
689 193 729 222 ΙΝ
769 193 869 223 CM).
912 193 1068 222 xxvitt.

109 275 167 313 καὶ
190 275 320 322 πολλὴν
338 275 410 327 ἔχει
432 275 494 322 τὴν
513 275 708 326 μεταὸολὴν
733 277 791 315 καὶ
807 277 868 323 τὴν
886 277 1130 328 μετάπτωσιν·

108 339 250 374 τοιαῦτα
261 336 329 390 γὰρ
341 337 479 375 ἅπαντα
490 337 534 374 τὰ
549 337 762 389 ἀνθρώπινα,
774 338 837 375 κᾶν
852 340 1000 376 πλοῦτον
1017 338 1130 390 εἴπῃς,

108 397 171 435 κᾶν
197 399 412 446 δυναστείαν,
437 399 500 437 κᾶν
527 399 624 444 δόξαν
654 400 899 451 ἀνθρωπίνην·
927 401 1003 438 ἀλλ’
1030 402 1132 438 αἰτῶ-

107 475 168 508 μεν
194 459 236 498 τὰ
257 460 309 498 ἀεὶ
329 460 494 510 μένοντα,
524 460 566 499 τὰ
592 461 740 514 διαρκῆ,
763 462 821 499 καὶ
843 461 1042 512 μεταῧολὴν
1070 464 1132 500 οὐκ

106 521 334 572 ἓπιστοίμενα.
363 523 431 560 Καὶ
450 522 577 566 εἰδότες
598 527 658 561 τοῦ
673 523 845 574 ἡμετέρου
869 523 1047 561 Δεσπότου
1069 521 1132 570 τὴν

106 583 328 633 ἀγαθότητα,
356 584 488 635 μηδένα
509 584 691 636 ποιώμεθα
715 585 815 637 λόγον
837 587 906 622 τῶν
928 583 1131 637 παρόντων,

105 645 195 683 ἀλλὰ
223 653 338 685 πᾶσαν
357 650 456 699 ἡμῶν
483 647 546 694 τὴν
573 647 725 695 σπουδὴν
751 650 798 691 εἷς
818 648 876 685 τὸν
902 648 970 684 τῶν
987 647 1132 698 ἐπουρα-

105 705 186 744 νίων
213 707 317 746 πόθον
346 709 634 759 μεταστήσωμεν.
654 711 695 747 Et
717 709 784 761 γὰρ
809 708 881 746 Τὸν
905 707 1002 753 ἥλιον
1027 708 1131 744 αὐτοῦ

106 768 286 807 ἀνατέλλει
314 769 371 807 ἐπὶ
396 769 566 822 πονηροὺς
591 770 651 808 καὶ
676 769 837 820 ἀγαθοὺς,
856 768 915 806 καὶ
939 768 1058 820 βρέχει
1075 767 1133 806 ἐπὶ

106 828 259 873 δικαίους
285 829 344 868 καὶ
368 830 524 877 ἀδίκους,
551 831 670 883 πολλῷ
699 832 830 881 μᾶλλον
855 829 931 872 τοὺς
953 828 1134 880 ἀπεχομέ-

103 906 182 934 νους
200 892 262 936 τῆς
282 890 449 943 πονηρίας
463 892 523 929 καὶ
542 891 605 938 τὴν
623 891 760 930 ἀδικίαν
776 891 963 943 φεύγοντας
979 893 1016 929 οὐ
1033 906 1133 944 περι-

103 952 244 1004 όψεται,
268 951 359 990 ἀλλὰ
385 955 517 999 πολλῆς
533 952 675 997 ἀξιώσει
699 957 762 1000 τῆς
780 952 943 1006 προνοίας
958 984 966 999 ,
991 952 1050 991 καὶ
1067 952 1131 1000 τὴν

104 1014 226 1052 ἑαυτοῦ
254 1013 465 1064 κηδεμονίαν
485 1017 519 1052 ἐν
537 1014 649 1053 ἅπασι
674 1014 830 1066 παρέξει.
853 1013 973 1067 (Όπερ
995 1013 1133 1060 εἰδότες,

103 1075 298 1126 ἀγαπητοὶ,
319 1075 368 1126 μὴ
385 1079 589 1128 ἀπιστῶμεν
615 1083 690 1120 ταῖς
707 1081 766 1114 τοῦ
791 1079 882 1115 Θεοῦ
907 1076 1132 1128 ὑποσχέσεσι,

104 1135 192 1186 μηδὲ
221 1138 360 1175 ἐναντία
391 1132 438 1176 ὧν
470 1138 628 1177 ἐκέλευσε
659 1137 965 1191 διαπραττώμεθα.
993 1137 1048 1176 Τὰ
1067 1137 1134 1191 γὰρ

104 1202 160 1236 νῦν
183 1201 266 1252 παρ’
287 1199 390 1250 ἡμῶν
409 1200 574 1252 γινόμενα
599 1200 695 1239 οὐδὲν
719 1200 956 1238 ἀπιστούντων
984 1200 1133 1246 διενήνο-

102 1275 174 1311 χεν.
190 1259 305 1298 “Orsua
324 1260 392 1314 γὰρ
409 1262 510 1304 αὐτὸς
528 1262 591 1312 μὲν
611 1263 872 1314 ἐπαγγέλληται
886 1261 931 1299 τὰ
947 1261 1132 1312 μέλλοντα,

235 1323 249 1334 Ν

103 1324 203 1371 ἡμεῖς
231 1321 266 1360 οὲ
286 1322 337 1372 μὴ
355 1320 370 1341 ¹³
384 1322 591 1374 βουλώμεθα
621 1326 758 1376 θαρρεῖν
775 1322 934 1370 ἐκείνοις,
952 1322 1042 1361 ἀλλὰ
1062 1329 1133 1367 τοῖς

102 1386 270 1434 παροῦσιν
297 1377 391 1434 ὦμεν
420 1384 708 1438 προσηλωμένοι,
729 1391 826 1424 ποῖον
855 1384 970 1437 ἕτερον
1005 1385 1131 1435 δεῖγμα

103 1444 267 1488 ἀπιστίας
298 1444 419 1483 λοιπόν
450 1462 502 1489 τις
527 1446 766 1494 ἐπιζητήσειε,
799 1449 868 1484 τῶν
909 1446 1129 1498 πραγμάτων

102 1504 215 1541 αὐτῶν
241 1503 408 1558 λαμπρὰν
431 1505 600 1557 ἀφιέντων
624 1506 762 1558 φωνήν,
786 1505 856 1544 Καὶ
875 1505 998 1553 πάλιν,
1025 1507 1128 1544 αὐτοῦ

101 1565 297 1609 κελεύοντος
328 1566 436 1617 μηδὲν
457 1570 569 1615 ζητεῖν
604 1569 686 1620 παρ’
719 1569 823 1606 αὐτοῦ
847 1569 914 1605 τῶν
950 1567 1126 1619 ἐπικήρων

102 1627 232 1665 τούτων
261 1627 320 1665 καὶ
349 1630 542 1679 βιωτικῶν,
570 1630 646 1668 ἀλλ’
680 1628 819 1667 ἐκείνων
847 1631 997 1680 μᾶλλον,
1027 1632 1129 1680 ἡμεῖς

102 1691 163 1726 ἀπ’
191 1689 348 1733 ἐναντίας
368 1692 460 1742 αὐτῷ
481 1690 682 1743 ἐρχόμενοι,
708 1691 797 1743 ἅπερ
827 1684 901 1729 εἶπε
922 1691 971 1742 μὴ
1000 1693 1128 1738 ζητεῖν,

102 1750 216 1788 ἐκεῖνα
243 1753 429 1802 ζητοῦμεν,
460 1752 521 1790 καὶ
559 1753 648 1804 ἅπερ
677 1746 751 1791 εἶπε
782 1754 917 1800 ζητεῖν,
947 1755 1060 1790 ἐκεῖνα
1089 1753 1127 1790 οὐ

101 1815 281 1863 ζητοῦμεν.
301 1812 372 1852 Καὶ
398 1816 506 1851 ταῦτα
528 1814 835 1867 διαπραττόμενοι,
864 1813 924 1852 καὶ
950 1813 1040 1852 οὕτω
1069 1817 1129 1868 ῥα·

102 1873 218 1925 θύμως
245 1874 289 1913 τὰ
316 1878 393 1912 καθ’
428 1875 569 1920 ἑαυτοὺς
601 1877 830 1924 διοικοῦντες,
858 1875 917 1913 καὶ
954 1876 1128 1928 παροργί-

101 1938 213 1980 ζοντες
239 1936 297 1974 τὸν
326 1936 456 1990 ἥμερον
485 1939 544 1975 καὶ
582 1940 740 1992 προσηνῆ
775 1937 978 1985 Δεσπότην,
1011 1937 1130 1992 ὥσπερ

100 1996 344 2048 ἐπιλαθόμενοι
368 2001 436 2036 τῶν
466 2002 549 2050 παρ’
571 2002 672 2050 ἡμῶν
692 1999 902 2051 γινομένων,
929 2002 992 2046 τὴν
1013 1999 1127 2037 αἰτίαν

100 2060 268 2109 ζητοῦμεν
297 2063 358 2107 τῆς
391 2062 467 2098 καθ’
494 2064 595 2112 ἡμῶν
631 2060 918 2113 ἀγανακτήσεως,
948 2061 1008 2100 καὶ
1039 2061 1128 2105 τίνος

100 2120 213 2159 ἕνεκεν
237 2124 331 2172 ἡμᾶς
358 2122 527 2166 πολλάκις
549 2130 696 2176 περιορᾷ
721 2123 892 2168 ποικίλοις
921 2129 1128 2177 πειρασμοῖς

100 2182 392 2236 περιπίπτοντας,
427 2184 486 2222 καὶ
516 2186 578 2223 οὐκ
608 2187 788 2236 ἐννοοῦμεν
816 2185 856 2223 τὸ
887 2185 1030 2236 μέγεθος
1058 2187 1126 2222 τῶν

101 2246 184 2294 ἡμῖν
204 2244 476 2296 ἡμαρτημένων,
505 2247 582 2284 ἀλλ’
611 2245 744 2289 ἑκόντες
766 2245 903 2290 ἑαυτοὺς
929 2248 1127 2298 παραλογι-

100 2305 240 2356 ζόμεθα.
258 2306 334 2355 Διὸ,
350 2309 560 2361 παρακαλῶ,
579 2311 691 2346 ταῦτα
709 2308 825 2347 πάντα
842 2308 1125 2359 ἀποσεισάμενοι,

101 2366 208 2418 μηδὲν
235 2367 349 2420 ἕτερον
374 2370 436 2414 τ’ῆς
460 2368 588 2412 οἰκείας
618 2368 792 2421 σωτηρίας
816 2371 1056 2421 προτιμῶμεν.
1080 2369 1128 2408 Τί

100 2428 166 2481 γὰρ
184 2428 369 2480 ὠφελεῖται
398 2429 599 2481 ἅνθρωπος,
630 2430 688 2468 ἐὰν
717 2430 779 2481 μὲν
802 2430 860 2468 τὸν
889 2429 1019 2481 κόσμον
1046 2430 1126 2469 ὅλον

100 2489 276 2542 κερδήσῃ,
311 2489 373 2537 τὴν
404 2489 439 2528 δὲ
471 2490 586 2542 ψυχὴν
622 2493 724 2529 αὐτοῦ
759 2492 940 2543 ζημιωθῇ;
980 2491 1050 2530 Καὶ
1083 2491 1127 2530 τὰ

99 2550 246 2602 περιττὰ
267 2554 336 2589 τῶν
356 2551 549 2604 χρημάτων
569 2552 637 2598 ἤδη
658 2550 864 2603 κενώσωμεν
889 2555 936 2596 εἰς
951 2551 1029 2597 τοὺς
1055 2553 1128 2592 δεο-

101 2612 242 2662 μένους,
278 2612 337 2650 καὶ
364 2612 496 2659 πολλὴν
521 2615 554 2652 ἐν
586 2612 696 2651 ἅπασι
726 2613 788 2660 τὴν
818 2613 1021 2666 φιλοσοφίαν
1052 2615 1127 2653 ἐπι-

100 2672 288 2724 δειξώμεθα
311 2675 373 2720 τῆς
409 2674 559 2724 ματαίας
578 2674 703 2722 εδόξης
731 2680 1047 2727 καταφρονοῦντες,
1069 2677 1125 2716 τὸν

102 2734 313 2787 ἀνθρώπινον
344 2738 449 2787 τῦφον
478 2740 780 2782 καταπατοῦντες,
813 2735 873 2774 καὶ
902 2736 1033 2784 πολλὴν
1062 2737 1125 2785 τὴν

102 2795 241 2846 ἀγάπην
262 2795 347 2847 πρὸς
373 2797 541 2843 ἀλλήλους
563 2796 859 2848 ἐπιδεικνύμενοι·
889 2796 946 2834 ἵνα
976 2799 1036 2836 καὶ
1057 2801 1125 2837 τῶν

101 2858 247 2894 ἐνταῦθα
269 2856 328 2894 καὶ
347 2860 416 2894 τῶν
433 2857 627 2908 μελλόντων
646 2861 784 2911 ἀγαθῶν
808 2860 1006 2897 ἀπολαῦσαι
1022 2861 1123 2907 δυνη-

100 2920 226 2968 θῶμεν,
260 2917 382 2970 χοίριτι
417 2919 476 2956 καὶ
505 2920 748 2974 φιλανθρωπίᾳ
777 2925 836 2959 τοῦ
864 2921 994 2974 Κυρίου
1022 2926 1123 2973 ἡμῶν

101 2979 216 3026 Ἰησοῦ
252 2980 424 3032 Χριστοῦ,
451 2983 525 3030 μεθ’
561 2974 598 3018 οῧ
633 2984 682 3033 τῷ
702 2983 838 3037 Πατρὶ,
875 2983 948 3034 ἅμα
968 2986 1018 3036 τῷ
1037 2985 1126 3037 ἁγίῳ

101 3039 293 3091 Πνεύματι,
318 3041 415 3088 δόξα,
435 3041 578 3094 κράτος,
606 3042 716 3092 τιμὴ,
735 3048 792 3082 νῦν
814 3045 874 3082 καὶ
895 3046 970 3095 ἀεὶ,
996 3046 1054 3084 καὶ
1079 3048 1126 3089 εἷς

100 3100 177 3144 τοὺς
194 3104 320 3146 αἰῶνας
340 3105 408 3141 τῶν
430 3102 575 3141 αἰώνων.
599 3102 719 3154 Ἀμήν.

146 3372 162 3395 Ι»
178 3370 391 3414 [Scripsimus
407 3377 588 3415 βουλώμεθα
601 3383 676 3405 cum
690 3371 791 3406 Coisl.
807 3371 978 3406 Edcbutur
991 3378 1108 3417 βρυλοί-

101 3429 191 3464 ¹us'ht.
205 3424 214 3465 ]

1108 193 1271 222 CRM-ts.

1513 191 1602 222 mv.
2063 184 2155 229 01⁷)

1203 285 1274 314 tam
1296 275 1433 313 liberali
1450 284 1483 313 et
1504 283 1598 313 tanta
1618 275 1751 314 virtute
1767 278 1947 328 prrestanti
1976 278 2158 331 hujusmo—

1201 337 1239 375 di
1265 346 1400 389 petere,
1417 351 1495 388 quai
1514 351 1595 375 cum
1615 337 1779 390 praesenti
1802 338 1872 376 vita
1897 338 2158 390 dissolvuntur,

1316 193 1470 222 tumn..

1202 406 1235 434 et
1253 411 1417 448 magnam
1439 398 1719 436 vicissitudinem
1739 407 1771 436 et
1793 400 2022 438 mutationem
2045 416 2158 454 expe-

1202 458 1344 496 riuntur
1365 475 1372 495 :
1394 458 1432 497 id
1464 473 1575 510 genus
1603 459 1697 497 enim
1729 469 1810 498 sunt
1844 461 2000 500 humana
2021 464 2160 508 omnia,

1201 518 1276 555 sive
1287 518 1434 557 divitias
1453 519 1611 571 dixeris,
1631 521 1706 559 sive
1719 522 1930 574 potentiam,
1944 523 2018 562 sive
2035 525 2159 562 liuma-

1202 593 1285 616 nam
1316 580 1492 630 gloriam:
1514 581 1574 618 scd
1601 591 1762 633 petamus
1793 597 1931 636 semper
1955 586 2158 634 manentia,

1203 640 1431 690 sufficieutia,
1450 641 1710 680 vicissitudinis
1726 645 1851 682 nescia.
1871 645 1915 682 lit
1931 646 2077 685 scientes
2094 649 2161 686 Do·

1202 699 1291 737 mini
1315 701 1425 738 nostri
1441 701 1654 750 bonitatem,
1674 704 1778 741 niliili
1795 705 1990 757 pendamus
2010 723 2142 760 prcrsen

1199 760 1271 808 tia,
1291 761 1353 799 sed
1372 776 1475 800 omne
1509 772 1671 801 nostrum
1699 765 1860 802 studium
1893 767 1927 804 in
1964 769 2160 807 caelestium

1199 822 1417 860 desiderium
1439 824 1707 863 transferamus.
1733 826 1822 863 Nam
1845 827 1873 863 si
1900 829 2025 866 Solem
2049 844 2161 868 sunm

1201 887 1294 921 oriri
1307 886 1410 936 facit
1422 898 1536 937 super
1547 886 1672 924 malos
1689 888 1865 934 ethonos,
1886 897 1920 925 et
1935 890 2034 940 pluit
2049 905 2162 943 super

1194 947 1321 997 justos
1348 954 1384 983 et
1412 948 1599 998 injustos,
1621 947 1735 984 multo
1764 949 1879 999 magis
1902 950 2119 990 abstinentes
2140 968 2160 990 a

1203 1007 1360 1056 malitia,
1377 1016 1410 1044 et
1435 1008 1649 1060 injustitiam
1677 1009 1853 1061 fugientes
1875 1025 1942 1048 non
1966 1011 2158 1065 despiciet:

1201 1068 1264 1106 sed
1285 1069 1396 1106 multa
1413 1068 1540 1121 dignos
1558 1069 1664 1108 ducet
1678 1070 1899 1123 providentia
1912 1102 1923 1123 ,
1938 1082 1969 1110 et
1985 1088 2048 1111 sua
2064 1076 2161 1113 solli-

1206 1130 1365 1168 citudine
1390 1131 1486 1168 omni
1511 1139 1668 1184 tempore
1688 1132 1910 1184 dignabitur.
1932 1134 1974 1172 ld
1994 1135 2159 1183 scientes,

1154 1203 1177 1233 c
1201 1191 1339 1239 dilecti,
1352 1206 1395 1230 ne
1417 1191 1592 1230 inereduli
1607 1193 1718 1232 simus
1737 1193 1872 1233 divinis
1892 1196 2157 1247 pollicitationi-

1198 1252 1286 1303 bus,
1304 1267 1416 1305 neque
1430 1254 1604 1292 contraria
1619 1255 1664 1293 iis
1675 1270 1755 1307 qua:
1776 1256 1956 1309 illejussit
1970 1258 2156 1297 faciamus.

1198 1314 1394 1354 Enimvero
1426 1324 1599 1366 quantum
1625 1316 1671 1355 ad
1701 1330 1739 1354 ea
1771 1331 1849 1368 quae
1881 1332 1975 1357 nunc
2007 1334 2027 1357 a
2055 1320 2159 1358 nobis

1197 1376 1307 1425 fiunt,
1330 1376 1424 1414 nihil
1453 1377 1500 1414 ab
1525 1377 1732 1416 infidelibus
1758 1378 1972 1419 differimus.
2000 1381 2156 1429 Quando

1196 1438 1290 1476 enim
1320 1438 1396 1490 ipse
1424 1437 1570 1490 quidem
1598 1439 1719 1477 futura
1748 1441 1850 1479 nobis
1878 1442 2073 1494 promittit,
2095 1458 2159 1481 nos

1197 1508 1316 1537 autem
1330 1499 1498 1537 nolumus
1514 1499 1624 1538 fidere
1639 1500 1738 1539 illius
1757 1503 2054 1554 promissionibus
2065 1534 2076 1554 ,
2097 1504 2159 1542 sed

1199 1561 1436 1613 praesentibus
1451 1575 1576 1599 sumus
1590 1562 1692 1600 affixi
1706 1593 1717 1613 ,
1739 1563 1838 1614 quod
1851 1564 1952 1602 aliud
1967 1565 2157 1603 inereduli-

1203 1622 1283 1660 tatis
1314 1622 1491 1661 indicium
1529 1623 1650 1662 adhuc
1690 1625 1904 1676 requiritur,
1933 1627 2040 1664 rebus
2072 1628 2159 1680 ipsis

1201 1693 1274 1722 tam
1302 1684 1396 1722 clara
1419 1700 1505 1724 voce
1530 1687 1806 1724 attestantibus?
1823 1687 1869 1725 Et
1885 1689 2158 1736 rursum,Cliri-

1202 1754 1255 1784 sto
1274 1746 1422 1798 jubente
1448 1761 1511 1785 nos
1541 1747 1633 1785 nihil
1651 1762 1669 1785 a
1690 1762 1726 1786 se
1746 1758 1862 1801 petere
1881 1749 2065 1801 fragilium
2087 1750 2156 1789 lio—

1203 1820 1283 1845 rum
1303 1816 1336 1845 et
1354 1809 1623 1860 temporalium,
1640 1809 1701 1847 sed
1723 1810 1842 1862 potius
1867 1811 1929 1848 illa
1957 1812 2157 1863 postulare,

1204 1883 1266 1907 nos
1285 1869 1316 1907 ei
1344 1880 1598 1923 repugnantes,
1624 1886 1703 1922 qua:
1724 1882 1840 1924 petere
1864 1873 2048 1925 prohibuit
2063 1905 2073 1924 ,
2097 1875 2156 1912 illa

1202 1931 1396 1982 quaerimus
1417 1948 1424 1969 :
1446 1942 1479 1970 et
1494 1948 1572 1984 quae
1583 1933 1690 1985 jussit
1705 1935 1816 1985 quaeri
1830 1965 1840 1985 ,
1856 1935 1918 1972 illa
1939 1950 2006 1973 uon
2028 1937 2157 1987 querri-

1202 2007 1292 2031 mus.
1310 1993 1357 2031 Et
1376 1994 1451 2032 haec
1466 1994 1653 2045 facientes,
1674 2004 1707 2033 et
1724 2005 1795 2033 tam
1816 1996 1917 2048 pigre
1933 1997 2158 2050 segniterque

1202 2063 1320 2092 nostra
1356 2054 1597 2103 instituentes,
1627 2065 1660 2094 et
1679 2057 1929 2096 exacerbantes
1967 2058 2092 2096 mitem
2125 2068 2157 2097 ct

1201 2116 1399 2154 humanum
1425 2117 1642 2167 Dominum,
1668 2118 1768 2169 quasi
1796 2119 1899 2157 obliti
1928 2135 2051 2158 corum
2081 2135 2158 2171 quse

1201 2191 1264 2216 nos
1282 2178 1487 2228 fecerimus,
1510 2192 1654 2217 causam
1681 2179 1877 2230 quaerimus
1898 2181 1974 2233 ejus
1993 2195 2075 2233 erga
2096 2196 2159 2220 nos

1200 2238 1479 2290 indignationis,
1499 2248 1533 2277 et
1552 2254 1662 2291 quare
1678 2254 1741 2278 nos
1757 2255 1849 2294 saepe
1863 2241 2055 2294 despiciat,
2077 2258 2157 2281 cum

1200 2300 1236 2338 in
1258 2299 1378 2339 varias
1401 2300 1596 2339 incidimus
1616 2302 1824 2341 tentationes
1839 2319 1847 2339 :
1860 2313 1894 2341 ct
1913 2318 1982 2342 non
2000 2304 2158 2356 cogitan-

1201 2371 1252 2400 tes
1272 2371 1502 2414 pcccatorum
1527 2373 1729 2402 nostrorum
1749 2365 2034 2417 magnitudinem
2049 2397 2058 2415 ,
2078 2380 2158 2404 nos-

1200 2423 1368 2474 metipsos
1382 2421 1478 2459 ultro
1493 2420 1705 2475 decipimus.
1720 2423 1858 2462 Idcirco
1877 2424 2040 2474 obsecro,
2062 2434 2100 2462 ut
2115 2424 2157 2462 iis

1200 2487 1366 2525 omnihus
1393 2486 1676 2539 repulsis,niliil
1704 2487 1810 2525 saluti
1839 2497 1966 2525 nostrae
1991 2488 2156 2539 praefera-

1200 2562 1293 2586 mus.
1323 2550 1427 2599 Quid
1452 2548 1548 2586 enim
1575 2549 1732 2600 prodest
1769 2549 1936 2595 homini,
1966 2551 1999 2586 si
2035 2557 2155 2586 totum

1200 2611 1387 2647 mundum
1401 2610 1585 2656 lucretur,
1597 2613 1739 2646 animoe
1753 2623 1847 2646 vero
1859 2623 1938 2647 511ae
1954 2610 2157 2648 detrimen-

1200 2681 1279 2710 tum
1292 2675 1470 2724 patiatur
1482 2676 1498 2708 Ρ
1511 2670 1556 2708 Et
1570 2684 1808 2723 supervacuas
1821 2671 1970 2708 divitias
1982 2671 2056 2723 jam
2067 2686 2155 2710 eva—

1199 2747 1344 2771 cuemus
1364 2733 1400 2770 in
1421 2746 1613 2785 pauperes,
1631 2746 1872 2783 magnumque
1886 2733 2065 2784 sapientiae
2081 2742 2156 2771 stu-

1198 2794 1250 2832 dii
1272 2794 1449 2847 specimen
1484 2794 1518 2830 in
1548 2794 1712 2831 omnibus
1743 2794 1998 2844 exhibeamus,
2026 2809 2155 2833 vanam

1197 2855 1349 2907 gloriam
1369 2854 1621 2907 despicientes,
1641 2853 1841 2892 humanum
1860 2856 1991 2893 fastum
2012 2856 2155 2894 concul-

1196 2925 1335 2967 canteS,
1361 2925 1393 2953 et
1422 2929 1524 2953 omne
1550 2914 1708 2952 caritatis
1731 2915 1892 2954 studium
1916 2917 1993 2955 alii·
2011 2917 2045 2955 in
2065 2917 2154 2955 alios·

1195 2987 1320 3016 mutuo
1345 2976 1610 3029 impendentes:
1629 2985 1667 3013 ut
1696 2985 1729 3013 et
1753 2977 1986 3029 praesentibus
2006 2987 2038 3016 et
2057 2978 2152 3016 futu-

1193 3038 1243 3076 ris
1272 3038 1374 3076 l›onis
1405 3036 1537 3089 perfrui
1564 3050 1787 3088 mercamur,
1811 3038 1925 3088 gratia
1954 3047 1988 3077 et
2010 3039 2151 3077 miseri—

1194 3100 1313 3138 cordia
1348 3098 1493 3137 Domini
1528 3097 1639 3135 nostri
1671 3099 1755 3138 Jesu
1793 3099 1950 3148 Christi,
1981 3101 2037 3138 cui
2071 3116 2151 3138 cum

1194 3162 1297 3199 Patre
1316 3170 1349 3198 et
1368 3169 1488 3198 sancto
1514 3158 1652 3211 Spiritu
1689 3159 1735 3197 sit
1769 3160 1905 3211 gloria,
1934 3161 2149 3214 imperium,

1194 3223 1307 3260 honor
1321 3253 1330 3270 ,
1352 3235 1444 3259 nunc
1459 3230 1492 3258 et
1506 3234 1664 3273 semper,
1680 3221 1759 3260 etin
1776 3222 1904 3262 saecula
1921 3224 2146 3263 saeculorum.

1197 3278 1325 3313 Amen.

1190 3383 1202 3397 ι·
1216 3371 1277 3404 Alii
1291 3373 1373 3411 δόξης
1384 3373 1596 3415 ὑπερορῶντες.

2173 2561 2286 2589 .ῙῘιιΙΙῘῐ.
2311 2560 2354 2588 tsi,

2172 2607 2197 2629 ’ὶί
2218 2623 2223 2628 .
