2516 3791
632 172 677 203 IN
714 173 816 205 CAP.
855 173 1034 204 xxxvtt.

79 260 266 312 βούλομαι,
282 256 342 296 καὶ
364 257 425 303 τῆς
451 254 656 300 ἀκολουθίας
674 259 744 295 τῶν
763 255 885 310 πρῴην
899 260 986 307 ἡμῖν
1001 258 1101 308 εἰρη-

77 321 187 373 μένων
201 318 409 369 λαὸόμενος,
435 318 476 355 ἐκ
500 319 567 355 τῶν
596 316 795 370 πρόσφατον
812 316 1102 369 ἀναγνωσθέντων

75 382 136 430 τὴν
163 379 316 419 ἑστίασιν
341 381 422 429 ὑμῖν
439 381 646 431 παραθεῖναι
674 378 806 426 ταύτην
822 379 886 426 τὴν
906 394 1104 430 πνευματι-

75 442 151 490 κήν.
173 440 291 480 Ἱκανὰ
322 439 389 492 γὰρ
419 439 463 478 τὰ
499 439 650 492 σημερον
677 439 942 491 ἀναγνωσθέντα
966 438 1102 483 διδάξαι

74 503 204 546 πάντας
217 506 332 552 ἡμᾶς,
347 501 412 547 ὅση
431 504 493 548 τῆς
514 500 706 553 βασκανίας
722 501 814 540 ἐστὶν
842 503 864 548 ἡ
892 500 986 552 λύμη
999 531 1010 549 ,
1042 500 1101 539 καὶ

73 564 164 606 ὅπως
182 564 222 602 τὸ
235 562 389 616 ὀλέθριον
408 566 508 601 τοῦτο
527 563 635 607 πάθος
653 562 693 601 τὸ
711 566 770 600 τοῦ
786 562 908 615 φθόνου
923 561 982 600 καὶ
997 561 1101 614 μέχρι

72 627 134 671 τῆς
150 624 348 676 συγγενείας
368 626 475 670 αὐτῆς
491 623 632 663 ἐκταθὲν
653 624 717 671 τὴν
741 623 871 662 οἰκείαν
901 622 999 676 ἰσχὺν
1017 625 1099 662 ἐπε-

73 685 220 730 δείξατο.
245 685 336 724 ’An'
348 685 404 724 ἵνα
421 685 501 737 δόξῃ
522 685 613 724 κατὰ
632 684 836 724 ἀκολουθίαν
854 687 872 722 ὃ
891 685 991 737 λόγος
1011 700 1100 738 προ-

71 747 182 793 ϊέναι,
198 748 384 799 ἀναγκαῖον
404 749 511 792 αὐτῆς
531 747 687 799 ἅψασθαι
717 748 778 792 τῆς
807 748 918 798 ἀρχῆς
933 749 993 785 τοῦ
1017 749 1097 784 ἀνα-

70 809 285 860 γνώσματος.
320 802 432 847 Αῧται
461 807 516 855 δὲ,
549 807 654 860 φησὶν
667 837 677 854 ,
711 810 746 846 αἱ
779 807 930 859 γενέσεις
957 808 1098 848 'lam-36.

71 870 165 922 ‘'Opoe
190 871 248 909 τὸν
277 870 475 920 θαυμαστὸν
504 874 622 908 τοῦτον
654 869 852 922 προφήτην,
877 871 971 914 ὅπως
990 873 1099 923 ε’παγ-

69 931 271 982 γειλάμενος
294 933 378 981 ἡμῖν
397 931 591 982 διηγεῖσθαι
610 933 670 968 τοῦ
691 930 822 968 'lame'
851 930 915 978 τὴν
933 933 1096 984 γενεαλο-

69 992 159 1043 γίαν,
180 991 302 1035 εὐθέως
332 991 389 1030 ἐπὶ
409 991 472 1039 τὴν
492 990 646 1044 ἱστορίαν
670 995 729 1030 τοῦ
748 991 870 1036 παιδὸς
903 992 1096 1047 ἀνέδραμε·

68 1053 128 1090 καὶ
148 1052 268 1099 εἰπὼν,
288 1046 400 1091 Λῧται
423 1055 457 1091 αἱ
477 1053 628 1104 γενέσεις
647 1052 796 1100 'lanc-25,
812 1053 871 1092 καὶ
893 1055 1096 1093 καταλιπὼν

68 1114 262 1165 διηγεῖσθαι
281 1117 364 1166 ἡμῖν
394 1114 588 1159 ἀκολούθως
610 1114 688 1159 τούς
709 1131 747 1153 τε
769 1115 803 1159 ἐξ
825 1116 930 1154 αὐτοῦ
951 1116 1095 1168 τεχθέν-

65 1192 146 1220 τας,
160 1175 238 1220 τούς
264 1192 302 1214 τε
326 1176 359 1220 ἐξ
379 1176 517 1214 ἐκείνων
538 1176 644 1214 πάλιν
663 1176 894 1227 γεννωμένους
914 1177 1096 1231 (καθάπερ

66 1237 124 1275 καὶ
145 1238 201 1276 ἐπὶ
224 1242 283 1277 τοῦ
300 1237 413 1277 Ἡσαῦ
428 1241 530 1276 τοῦτο
556 1238 787 1286 πεποίηκεν),
806 1238 863 1276 ἐπὶ
890 1238 946 1277 τὸν
964 1237 1094 1292 Ἰωσὴφ

65 1300 186 1344 ευθέως
205 1299 350 1339 ἔσπευσε
363 1330 373 1348 ,
389 1300 447 1339 τὸν
478 1299 573 1345 νέον,
592 1299 651 1337 τὸν
670 1300 811 1338 πάντων
833 1303 902 1338 τῶν
919 1301 1092 1353 ἀδελφῶν,

64 1362 110 1403 ὡς
131 1363 237 1399 εἰπεῖν
249 1391 258 1408 ,
274 1361 440 1412 ἔσχατον,
456 1360 516 1398 καί
531 1376 636 1413 φησιν
647 1376 654 1384 ·
671 1359 804 1413 Ἰωσὴφ
821 1361 996 1400 δεκαεπτὰ
1006 1364 1092 1401 ἐτῶν

64 1415 105 1467 ἦν
121 1422 316 1472 ποιμαίνων
334 1421 424 1472 μετὰ
442 1424 511 1460 τῶν
534 1423 690 1474 ἀδελφῶν
720 1423 824 1460 αὐτοῦ
850 1421 895 1460 τὰ
913 1422 1090 1475 πρόὸατα.

62 1483 95 1521 Τ
99 1481 166 1525 ι’νος
183 1482 298 1520 ἕνεκεν
321 1483 380 1521 καὶ
404 1486 472 1521 τῶν
491 1485 575 1521 ἐτῶν
600 1483 657 1522 τὸν
685 1483 832 1535 ἀριθμὸν
850 1487 936 1535 ἡμῖν
955 1485 1091 1536 σημαί-

61 1559 128 1591 νει;
147 1543 224 1583 Ἵνα
256 1544 367 1597 μάθῃς
400 1547 446 1587 ὡς
479 1544 574 1584 οὐδὲν
593 1548 615 1591 ἡ
640 1544 759 1593 νεότης
783 1545 932 1597 κώλυμα
956 1547 1091 1598 γίνεται

61 1605 146 1659 πρὸς
163 1605 302 1657 ἀρετὴν,
321 1607 381 1644 καὶ
403 1606 460 1645 ἵνα
480 1609 518 1645 ἐκ
537 1606 738 1660 περιουσίας
756 1611 846 1660 γνῷς
863 1609 922 1646 καὶ
937 1613 998 1648 τοῦ
1013 1609 1089 1648 νέου

60 1665 123 1712 τὴν
143 1668 228 1719 πρὸς
260 1667 317 1705 τὸν
345 1667 480 1719 πατέρα
513 1667 685 1716 ὑπακοὴν,
719 1668 779 1707 καὶ
803 1668 867 1715 τὴν
897 1669 984 1722 πρὸς
1012 1669 1091 1713 τοὺς

61 1728 226 1780 ἀδελφοὺς
254 1728 428 1778 ὁμόνοιαν,
461 1728 630 1767 κάκείνων
652 1730 692 1768 τὸ
710 1729 882 1784 ἀνήμερον
897 1746 904 1753 ·
924 1730 984 1768 καὶ
1015 1733 1089 1775 πῶς

60 1789 136 1828 οὐδὲ
155 1790 240 1843 πρὸς
258 1791 315 1830 τὸν
331 1790 420 1829 οὕτω
435 1791 515 1843 περὶ
538 1790 660 1834 αὐτοὺς
688 1792 920 1843 διακείμενον,
940 1791 1001 1830 καὶ
1021 1793 1090 1831 ἀπὸ

58 1852 120 1896 τῆς
132 1851 271 1897 ἡλικίας
286 1854 391 1899 αὐτῆς
402 1855 448 1896 εἷς
463 1853 680 1903 συμπάθειαν
696 1852 818 1896 αὐτοὺς
833 1853 1088 1906 ἐφελκύσασθαι

58 1912 246 1962 δυνάμενον
263 1913 578 1965 παραφυλάξασθαι
596 1913 659 1960 τὴν
675 1914 814 1965 ἀγάπην
828 1914 1087 1963 ἦὸουλῆθησαν,

57 1974 134 2011 ἀλλ’
155 1973 190 2017 ἐξ
213 1975 326 2013 αὐτῶν
347 1979 415 2013 τῶν
440 1976 632 2028 προοιμίων
666 1979 813 2027 ὁρῶντες
843 1977 903 2015 καὶ
922 1982 982 2016 τοῦ
1000 1992 1087 2014 παι-

55 2034 110 2077 δὸς
137 2035 176 2073 τὸ
204 2036 289 2087 πρὸς
307 2036 371 2082 τὴν
395 2037 520 2089 ἀρετὴν
549 2038 752 2090 ἐπιῤῥεπὲς,
772 2038 832 2076 καὶ
863 2041 922 2077 τοῦ
957 2039 1087 2090 πατρὸς

52 2094 114 2142 τὴν
131 2096 211 2149 περὶ
230 2098 332 2136 αὐτὸν
348 2098 494 2144 εὔνοιαν,
515 2100 562 2142 εἷς
582 2098 644 2145 τὴν
662 2099 741 2137 κατ’
762 2101 867 2137 αὐτοῦ
892 2099 1085 2151 βασκανίαν

51 2155 276 2208 διηγείροντο.
297 2159 549 2210 “Κατ·ἡνεγκαν
571 2159 638 2212 γὰρ
658 2159 788 2212 Ἰωσὴφ
808 2160 914 2212 ψόγον
935 2161 1085 2213 πονηρὸν

49 2216 136 2269 πρὸς
156 2217 302 2271 Ἰσραὴλ
328 2220 385 2258 τὸν
402 2220 537 2273 πατέρα
558 2224 685 2260 αὐτῶν.
705 2221 800 2274 ζὈρα
818 2225 943 2265 κακίας
971 2225 1083 2275 ὑπερ-

50 2276 168 2325 ίῗολήν·
189 2280 248 2318 καὶ
269 2279 332 2327 τὴν
352 2285 412 2320 τοῦ
433 2281 564 2334 πατρὸς
593 2282 733 2333 ἀγάπην
756 2284 984 2322 διασαλεῧσαι
1003 2285 1082 2321 ἕπε-

49 2338 200 2391 χείρουν,
221 2342 281 2379 καὶ
300 2342 344 2381 τὰ
364 2342 412 2393 μὴ
435 2343 518 2381 ὄντα
535 2343 750 2382 πλάττονται
785 2345 876 2382 κατὰ
899 2347 959 2382 τοῦ
981 2345 1082 2383 ἀδελ-

51 2403 112 2451 φοῦ
125 2430 135 2447 ,
154 2406 298 2441 τοσοῦτο
319 2403 422 2452 μόνον
438 2403 596 2448 ἀνύοντες
610 2435 619 2452 ,
635 2404 714 2444 ὅσον
736 2406 794 2444 τὸν
817 2407 941 2444 οἰκεῖον
958 2406 1079 2459 φθόνον

49 2461 245 2509 κατάδηλον
268 2468 424 2511 ποι-ἧσαι.
452 2466 522 2504 Καὶ
545 2465 603 2504 ἵνα
624 2466 738 2518 μάθῃς
751 2495 760 2512 ,
780 2467 834 2505 ὅτι
856 2472 957 2506 τοῦτο
976 2467 1080 2519 μόνον

47 2522 255 2574 ἐκέρδαινον,
273 2525 312 2563 τὸ
332 2526 482 2578 φανερὰν
503 2529 635 2565 ἑαυτῶν
649 2531 796 2574 ποιῆσαι
811 2527 876 2575 τὴν
891 2528 1079 2568 λανθάνου-

47 2597 112 2621 σαν
128 2583 284 2634 γνώμην,
302 2586 366 2639 ὅρα
379 2587 437 2625 τὸν
457 2587 593 2639 πατέρα
611 2587 670 2626 καὶ
688 2588 778 2639 μετὰ
790 2588 854 2635 τὴν
870 2589 956 2643 παρ’
967 2591 1078 2629 αὐτῶν

47 2643 213 2691 διαὸολὴν
229 2645 432 2699 ἑξεχόμενον
458 2651 517 2686 τοῦ
544 2648 688 2695 παιδὸς,
720 2649 780 2688 καὶ
810 2650 952 2689 πάντων
975 2651 1079 2689 αὐτὸν

47 2706 288 2756 προκρίνοντα.
321 2708 450 2747 Ἰακὼὸ
484 2709 543 2755 δὲ,
579 2710 696 2762 φησὶν,
725 2711 848 2763 ἠγάπα
869 2713 927 2751 τὸν
948 2711 1078 2766 Ἰωσὴφ

45 2766 143 2817 παρὰ
161 2768 293 2812 πάντας
308 2769 384 2814 τοὺς
400 2770 491 2814 υἱοὺς
505 2772 622 2819 αὐτοῦ,
633 2773 686 2811 ὅτι
701 2773 771 2817 υἱὸς
785 2773 902 2826 γήρως
918 2767 960 2821 ἦν
971 2775 1076 2827 αὐτῷ.

45 2827 216 2875 Ἐποίησε
234 2828 268 2866 δὲ
290 2832 382 2883 αὐτῷ
395 2835 529 2882 χιτῶνα
545 2833 714 2873 ποικίλον.
734 2837 767 2874 Τ
771 2834 782 2873 ί
806 2837 914 2884 ἐστιν,
932 2835 1077 2887 Ἠγάπα

44 2887 100 2925 τὸν
118 2888 250 2941 Ἰωσὴφ
272 2890 369 2943 παρὰ
388 2892 521 2937 πάντας
539 2893 617 2938 τοὺς
637 2894 729 2940 υἱοὺς
759 2897 883 2945 αὐτοῦ,
920 2897 973 2935 ὅτι
1004 2898 1077 2943 υἱὸς

42 2947 158 3000 γήρως
184 2944 226 2996 ἦν
249 2953 363 3003 αὐτῷ;
394 2951 541 2999 Ἐπειδὴ
571 2955 656 3007 πρὸς
674 2959 724 3009 τῷ
742 2957 856 3006 τέλει,
877 2959 983 3011 φησὶ,
1015 2961 1076 2998 καὶ

42 3009 77 3046 ἐν
109 3011 200 3062 αὐτῷ
220 3014 270 3063 τῷ
289 3013 380 3065 γήρᾳ
396 3008 437 3060 ἦν
458 3015 592 3066 τεχθεὶς
603 3046 613 3063 ,
629 3017 686 3054 διὰ
700 3022 802 3057 τοῦτο
815 3021 949 3070 μᾶλλον
960 3020 1073 3059 ἁπάν-

41 3084 110 3107 των
126 3073 227 3111 αὐτὸν
240 3073 374 3124 ἠγάπα.
397 3074 466 3112 Καὶ
480 3075 549 3128 γὰρ
566 3078 709 3116 ποθεινά
728 3095 802 3122 πως
816 3074 904 3119 εἶναι
922 3081 1014 3120 δοκεῖ
1028 3081 1073 3120 τὰ

1079 172 1244 204 Gumis.

2037 163 2131 226 <575

1177 269 1239 295 vos
1258 255 1426 294 inducere
1444 257 1538 306 volo,
1557 265 1591 295 et
1610 270 1826 309 prosequens
1839 272 1878 296 ea
1898 273 1977 309 quae
1994 260 2133 311 pridem

1175 316 1279 354 vobis
1291 316 1453 364 dicta,ex
1470 317 1526 355 his
1538 332 1617 368 quae
1634 317 2134 360 nunclectasuntconvivium

1176 377 1280 415 vobis
1297 378 1363 416 hoc
1383 393 1580 431 proponere
1609 378 1806 431 spirituale.
1830 380 2022 418 Sufficiunt
2040 381 2134 420 enim

1114 475 1161 500 5⁸3
1177 452 1256 489 quae
1281 438 1388 477 hodie
1407 440 1496 478 lecta
1523 448 1603 478 sunt
1619 438 1665 477 ad
1683 438 1885 478 docendum
1908 455 1971 479 nos
1989 456 2110 480 omnes
2123 473 2133 492 ,

1126 512 1151 542 Λ
1177 509 1350 550 quantum
1371 500 1517 539 invidia„¹
1542 501 1715 539 damnum
1734 501 1800 549 sit,
1820 510 1853 539 ct
1875 502 2053 553 quomodo
2073 503 2132 542 in-

1175 560 1281 599 vidia:
1299 562 1473 614 pernicies
1487 562 1591 600 etiam
1612 577 1721 613 usque
1735 562 1780 601 ad
1798 573 1987 614 cognatum
2005 579 2133 617 magna

1175 621 1211 660 vi
1236 636 1272 660 se
1300 622 1512 661 extenderit.
1541 625 1680 663 Verum
1705 633 1743 661 ut
1768 623 1934 662 videatur
1952 640 1997 663 ex
2014 640 2136 665 conse-

1173 684 1316 734 quentia
1347 699 1462 722 sermo
1493 683 1682 737 progredi,
1703 699 1816 737 operm
1846 687 1999 737 pretium
2030 688 2134 727 suerit

1173 744 1317 783 initium
1344 746 1505 784 lectionis
1529 755 1680 797 tangere.
1712 749 1750 783 9.
1781 748 1854 783 Jlae
1874 756 2003 785 autem
2025 759 2129 796 sunt,

1172 806 1302 859 inquit,
1323 811 1592 861 genera-tiones
1606 808 1746 846 Jacob.
1767 809 1797 847 V
1807 808 1862 846 ide
1880 809 2132 849 admirabilem

1171 868 1267 908 hunc
1283 871 1505 923 proplietam,
1521 869 1700 921 quomodo
1719 884 1799 906 cum
1824 870 2007 922 promittat
2029 872 2132 910 nobis

1171 932 1415 983 genealogiam
1441 931 1565 980 Jacob,
1594 931 1714 968 statim
1741 930 1786 968 ad
1818 930 2001 969 historiam
2030 933 2131 984 pueri

1170 1003 1343 1044 recurrat,
1366 1003 1399 1032 et
1417 1002 1605 1046 postquam
1624 992 1789 1041 dixisset,
1813 994 1884 1030 llce
1908 1002 1996 1030 sunt
2017 1008 2131 1045 gene-

1170 1057 1340 1093 rationes
1359 1056 1499 1102 Jacob,
1525 1053 1693 1092 derelicta
1711 1053 1894 1091 confestim
1911 1054 2127 1104 narratione,

1170 1117 1317 1167 quinam
1332 1118 1466 1156 scilicet
1482 1131 1526 1155 ex
1541 1117 1603 1154 illo
1618 1115 1704 1165 nati,
1716 1115 1891 1153 etiterum
1906 1115 2027 1167 quiex
2038 1116 2131 1155 natis

1167 1178 1214 1215 ab
1232 1192 1271 1216 eo
1291 1178 1400 1231 geniti
1426 1178 1540 1226 (sicut
1569 1192 1692 1229 supra,
1721 1191 1802 1214 cum
1821 1175 1866 1214 de
1884 1176 1981 1214 Esau
2013 1191 2130 1216 sermo

1119 1253 1143 1283 Β
1167 1248 1271 1290 esset,
1292 1240 1404 1288 fecit),
1427 1238 1473 1277 ad
1492 1238 1624 1291 Joscph
1644 1238 1766 1275 statim
1787 1237 2021 1287 festinaverit,
2043 1238 2130 1275 ado-

1167 1300 1369 1352 lescentem,
1399 1299 1561 1338 omnium
1593 1300 1746 1337 fratrum
1776 1298 1848 1336 fere
1881 1307 2128 1350 postremum5

1166 1375 1249 1400 nam
1263 1361 1354 1400 dicit
1368 1363 1417 1400 :J
1416 1362 1531 1413 oseplz
1549 1361 1680 1399 decem
1695 1369 1731 1397 et
1746 1368 1890 1412 septem
1904 1368 1988 1397 erat
2004 1374 2128 1398 anno-

1164 1437 1249 1460 rum
1261 1436 1425 1475 pascens
1445 1436 1531 1460 cum
1548 1423 1751 1475 fratribus
1773 1423 1853 1458 suis
1875 1434 1977 1458 oves.
2010 1421 2129 1467 Quam

1163 1484 1210 1522 ob
1228 1499 1371 1523 eausam
1390 1483 1494 1522 nobis
1510 1497 1687 1522 annorum
1715 1481 1879 1534 designat
1900 1496 2092 1520 numerum
2109 1483 2127 1521 Ρ

1162 1546 1213 1584 Ut
1232 1546 1322 1584 scias
1334 1544 1608 1584 adolescentiam
1629 1557 1698 1581 non
1717 1557 1791 1581 esse
1808 1542 1956 1581 virtutis
1976 1542 2128 1595 impedi-

1163 1616 1347 1645 mentum:
1371 1615 1404 1645 et
1426 1615 1465 1644 ut
1495 1604 1636 1658 plenius
1667 1604 1757 1642 scias
1783 1603 2016 1641 adolescentis
2045 1618 2128 1656 erga

1163 1677 1300 1720 patrem
1315 1667 1566 1715 obedientiam,
1584 1674 1616 1703 et
1632 1665 1669 1702 in
1683 1665 1808 1702 fratres
1825 1664 2123 1716 benevolentiam,

1163 1729 1309 1767 illorum
1329 1738 1448 1767 autem
1476 1727 1774 1766 inhumanitatem
1792 1743 1799 1762 :
1821 1735 1856 1763 et
1884 1725 2062 1776 quomodo
2083 1741 2126 1764 ne

1162 1789 1199 1827 id
1217 1790 1363 1841 quidem
1394 1788 1560 1828 cohibere
1580 1802 1638 1826 eos
1667 1789 1798 1840 potuit,
1819 1787 1916 1838 quod
1937 1787 1984 1824 ita
2006 1787 2040 1825 in
2061 1802 2120 1826 eos

1161 1852 1310 1890 affectus
1327 1860 1440 1901 esset,
1463 1864 1527 1888 nec
1546 1850 1580 1887 in
1598 1858 1672 1887 tam
1692 1858 1810 1887 tenera
1831 1858 1944 1897 aetate,
1961 1864 2042 1900 quae
2061 1849 2124 1888 de-

1161 1913 1268 1951 bebat
1290 1927 1347 1952 eos
1375 1913 1423 1951 ad
1446 1910 1790 1950 commiserationem
1820 1925 2030 1963 provocare,
2054 1912 2124 1949 fra-

1161 1984 1300 2013 ternum
1321 1988 1480 2012 amorem
1509 1982 1720 2011 servarunt:
1737 1972 1798 2010 sed
1830 1986 1916 2009 mox
1941 1972 1986 2010 ab
2019 1972 2122 2011 initio

1160 2035 1320 2075 videntes
1338 2045 1371 2074 et
1390 2035 1491 2088 pueri
1509 2035 1639 2073 bonam
1651 2033 1833 2082 indolem,
1856 2042 1889 2071 et
1910 2034 2022 2085 patris
2039 2048 2123 2086 erga

1158 2097 1263 2136 illum
1288 2097 1594 2145 benevolentiam,
1619 2096 1655 2134 in
1686 2094 1861 2133 invidiam
1888 2104 2008 2133 contra
2039 2109 2122 2133 cum

1158 2160 1301 2198 excitati
1317 2168 1410 2197 sunt.
1428 2159 1664 2197 Detulerunt
1683 2159 1800 2202 enim,
1825 2156 1953 2207 inquit,
1975 2157 2122 2209 Joseph

1158 2222 1206 2258 de
1216 2223 1381 2272 pessimo
1394 2222 1558 2258 crimine
1571 2218 1677 2270 apud
1691 2217 1820 2255 Israel
1828 2226 1981 2268 patrem
1992 2231 2118 2256 suum.

1157 2280 1252 2321 Vide
1270 2280 1416 2319 malitiae
1434 2279 1663 2318 eminentiam
1679 2294 1687 2315 :
1705 2278 1818 2331 patris
1840 2278 2023 2316 caritatem
2039 2293 2121 2331 per-

1155 2343 1301 2381 turbare
1329 2341 1569 2390 attentabant;
1591 2349 1625 2378 et
1650 2354 1728 2392 quae
1761 2353 1830 2377 non
1859 2349 1958 2377 erant
1978 2340 2121 2392 fingunt

1155 2414 1277 2444 contra
1295 2405 1442 2443 fratrem
1460 2420 1467 2440 :
1482 2403 1523 2442 id
1541 2403 1656 2441 solum
1677 2401 1881 2449 efficientes,
1901 2411 1940 2439 ut
1957 2402 2121 2454 ipsorum

1154 2465 1293 2504 invidia
1325 2465 1511 2504 manifesta
1540 2462 1757 2502 redderetur.
1778 2462 1826 2500 Et
1847 2472 1886 2500 ut
1911 2461 2031 2500 discas
2062 2477 2120 2501 eos

1154 2527 1245 2566 nihil
1266 2526 1369 2565 aliud
1395 2525 1628 2572 lucrifecisse,
1642 2538 1750 2575 quam
1768 2523 1863 2574 quod
1884 2524 1985 2575 prius
2007 2523 2116 2560 laten-

1152 2599 1222 2629 tem
1238 2603 1389 2642 pravam
1404 2596 1559 2625 mentem
1573 2586 1693 2638 palam
1707 2584 1866 2632 fecerint,
1881 2583 1964 2621 vide
1978 2592 2117 2635 patrem

1150 2651 1259 2690 etiam
1286 2659 1366 2703 post
1394 2662 1519 2687 eorum
1546 2645 1807 2685 accusationem
1834 2644 1948 2696 magis
1977 2644 2117 2682 haeren-

1103 2728 1128 2759 ι)
1152 2722 1222 2751 tem
1241 2712 1333 2762 filio,
1357 2720 1391 2749 et
1413 2711 1490 2763 jam
1509 2708 1674 2761 praeferre
1687 2720 1768 2744 eum
1786 2705 1964 2743 omnibus.
1986 2706 2022 2743 5.
2042 2707 2116 2744 Ja-

1151 2776 1221 2812 cob
1233 2782 1377 2819 autem,
1390 2770 1539 2821 inquies,
1548 2769 1684 2806 dilect-it
1696 2768 1725 2806 J
1726 2768 1840 2819 oseph
1852 2780 1969 2819 supra
1981 2780 2114 2804 omnes

1150 2836 1255 2887 filios
1277 2847 1380 2880 suos,
1404 2829 1715 2884 qztoniamfilius
1735 2829 2043 2886 senectutis-erat
2061 2829 2109 2864 ei.

1148 2898 1259 2935 Fecit
1293 2902 1424 2932 antem
1452 2895 1488 2930 ei
1522 2892 1695 2928 tunicam
1723 2891 1896 2927 variam.
1921 2887 2021 2936 Quid
2043 2896 2110 2934 est,

1147 2958 1297 2995 Dilesit
1319 2955 1465 3006 Joseph
1485 2966 1598 3004 super
1619 2964 1751 2988 omnes
1769 2950 1876 3002 filios
1896 2964 1998 2996 suos,
2017 2964 2111 3002 quo-

1146 3021 1252 3056 niam
1257 3017 1374 3070 filius
1390 3015 1597 3053 senectutis
1616 3020 1699 3050 erat
1712 3014 1748 3050 ei
1760 3016 1776 3048 Ρ
1788 3011 1880 3058 Quia
1895 3020 2109 3064 postremus,

1143 3089 1176 3119 et
1197 3080 1231 3117 in
1247 3079 1323 3132 ipsa
1341 3083 1517 3116 senectute
1535 3082 1640 3112 natus
1659 3082 1710 3112 est
1729 3073 1774 3123 ei,
1790 3082 1938 3126 propter
1951 3073 2020 3111 hoc
2036 3088 2094 3111 ma

1282 174 1444 204 notuit„
1484 174 1576 205 th.

1111 2000 1135 2031 C

84 3203 97 3217 ²
116 3202 304 3237 Κατὴνῑγκκν
320 3205 385 3229 elc-
405 3193 608 3231 Detulerunt
625 3199 750 3244 Joseph
767 3202 808 3234 de
828 3204 970 3247 pessimo
986 3206 1049 3236 cri·
1084 3212 1225 3256 Vulgata
1247 3223 1254 3242 2
1279 3218 1312 3243 et
1334 3208 1387 3241 hic
1404 3215 1454 3240 est.
1476 3218 1571 3239 verus
1595 3205 1692 3249 hujus
1708 3203 1772 3238 loci
1791 3217 1905 3238 seusus
1922 3202 2107 3236 secundum

41 3245 128 3275 mine
144 3247 237 3289 apud
250 3247 362 3280 Isme'l
375 3257 503 3293 patrem
526 3263 633 3284 suum.
657 3250 712 3286 Sic
729 3254 832 3287 LXX.
851 3256 890 3288 In
910 3253 1050 3290 ttebraeo

27 3302 72 3336 ,et
93 3294 165 3327 aliis
183 3298 386 3331 versionibus
408 3300 526 3345 legitur
542 3304 647 3345 ipsum
670 3304 852 3347 Josephum
876 3317 1048 3341 accusasse

40 3345 157 3380 fratres
169 3360 244 3382 suos
254 3349 340 3393 apud
358 3359 484 3395 patrem
498 3352 539 3386 dc
556 3356 698 3397 pessimo
711 3357 849 3390 crimine
863 3375 868 3392 :
882 3357 929 3392 sic
947 3361 1046 3393 etiam

1085 3264 1285 3298 nebi-nicam
1311 3260 1423 3295 fidem.
1453 3258 1537 3292 Vide
1563 3260 1596 3292 in
1616 3259 1775 3302 Hexaplis
1797 3259 1920 3291 uostris
1945 3255 1987 3288 ad
2014 3255 2102 3287 hunc

1084 3315 1215 3350 locum.
