2516 3791
667 234 709 263 ΙΝ
747 234 849 264 CAP.
891 233 987 264 Vnt.

83 317 168 364 ὅολὴ
185 317 321 369 γέγονε,
338 316 398 353 καὶ
417 315 523 353 πόσον
537 313 655 361 ἔληξεν
685 319 705 362 ἡ
736 318 805 353 τῶν
834 315 968 354 ὑδάτων
991 315 1108 368 φύσις,

1026 231 1168 263 GENES
1177 252 1185 262 .

1227 232 1382 263 tiOMlL.
1421 233 1549 263 XXVI.
2039 239 2120 284 291

1180 315 1270 353 sacta
1296 314 1459 365 mutatio,
1474 323 1509 353 et
1531 323 1663 367 quanta
1681 315 1789 353 simul
1810 329 1986 367 aquarum
2005 328 2129 358 natura

81 381 128 423 ὡς
152 378 209 416 ἐπὶ
244 376 289 415 τὰ
307 377 371 429 ὄρη
390 374 454 422 τὴν
481 375 632 414 κιίωτὸν
651 375 803 415 καθίσαι.
833 376 1009 429 Ἀνωτέρω
1039 375 1107 429 γὰρ
1120 406 1168 432 249
1180 374 1336 423 desierit,
1368 385 1409 414 ut
1437 390 1544 428 supra
1570 384 1706 415 montes
1729 390 1811 415 arca
1838 376 2018 416 resideret.
2041 379 2130 426 Quae

81 442 226 478 εἰποῦσα
247 442 269 486 ἡ
287 437 430 491 Γραφὴ,
446 437 498 476 ὅτι
527 436 611 476 δέκα
629 436 732 476 πέντε
751 438 877 490 πήχεις
904 438 1021 476 ἐπάνω
1038 439 1106 474 τῶν
1132 444 1155 472 Λ
1180 451 1287 488 supra
1300 435 1651 490 dixeratScriptura,
1665 437 1865 489 quindecim
1881 438 2011 477 cubitis
2025 454 2130 493 super

80 500 187 553 ὀρέων
203 499 324 552 ὑψώθη
344 499 384 537 τὸ
397 499 490 548 ὕδωρ
502 528 511 543 ,
535 504 592 538 νῧν
608 515 727 551 φησιν,
746 499 799 537 ὅτι
830 500 988 538 ἐκάθισεν
1006 502 1027 544 ἡ
1054 515 1107 536 κι-

80 561 190 604 ὅωτὸς
204 561 261 599 ἐπὶ
276 559 319 598 τὰ
337 560 400 612 ὄρη
421 559 465 598 τὰ
490 560 658 614 Ἁραρὰτ,
688 561 747 598 καὶ
766 560 858 599 κατὰ
880 561 1004 614 μικρὸν
1032 562 1106 598 λοι-

80 622 145 661 πὸν
165 621 270 675 μέχρι
286 626 346 660 τοῦ
362 622 506 660 δεκάτου
528 623 634 673 μηνὸς
654 623 864 670 ἠλαττοῦτο,
888 622 948 659 καὶ
965 621 1043 658 τότε
1055 622 1106 671 τῷ

80 683 215 736 δεκάτῳ
234 683 317 733 μηνὶ
341 683 504 735 ὤφθησαν
522 686 557 721 αἱ
572 684 720 736 κεφαλαὶ
747 686 815 721 τῶν
836 683 954 735 ὀρέων.
972 682 1106 720 Ἐννόει

81 758 142 793 μοι
165 746 225 779 τοῦ
242 741 376 781 δικαίου
396 741 459 787 τὴν
487 741 654 789 εὐτονίαν,
682 743 756 784 πῶς
784 740 965 791 διήρκεσεν
994 742 1028 778 ἐν
1048 755 1107 777 το·-

80 802 215 846 σούτοις
234 802 320 853 μησὶ
332 801 534 855 καθάπερέν
550 801 664 853 σκότῳ
676 798 1023 850 κατακεκλεισμένος.
1039 800 1107 837 Καὶ

81 867 113 914 ἐγ
123 864 236 910 ε’νετο,
252 863 355 915 φησὶ,
377 863 466 913 μετὰ
491 863 553 905 τὰς
579 862 842 915 τεσσαράκοντα
868 861 1024 913 ἠμέρας,
1049 860 1108 898 καὶ

81 924 206 977 ἀνέῳξε
223 926 303 963 Νῶε
316 924 378 970 τὴν
400 923 520 975 θυρίδα
537 926 599 970 τῆς
618 923 769 961 κιῧωτοῧ
784 953 793 968 ,
808 923 850 970 ἣν
868 923 1029 970 ἐποίησε,
1049 921 1108 960 καὶ

82 986 264 1025 ἀπέστειλε
301 985 359 1024 τὸν
392 984 527 1037 κόρακα
547 985 646 1030 ἰδεῖν,
677 987 707 1022 εἰ
734 984 910 1022 κεκόπακε
938 984 977 1023 τὸ
1003 984 1108 1037 ὕδωρ.

81 1047 178 1101 υΟρα
197 1048 254 1085 τὸν
275 1046 406 1085 δίκαιον
427 1045 562 1084 οὐδέπω
585 1048 770 1097 τολμῶντα
798 1049 1035 1085 κατοπτεῦσαι
1067 1045 1111 1083 δι’

84 1112 226 1156 ἑαυτοῦ,
245 1107 335 1147 ἀλλὰ
356 1108 413 1146 τὸν
435 1107 571 1161 κόρακα
590 1107 795 1152 ἀπέστειλε,
824 1108 868 1145 δι’
889 1107 1019 1146 ἐκείνου
1041 1121 1110 1157 μα-

85 1174 153 1207 θεῖν
172 1169 399 1220 βουλόμενος,
420 1167 453 1206 εἴ
478 1168 555 1206 τινά
582 1169 656 1207 ἐστι
684 1169 926 1221 προσδοκῆσαι
955 1167 1115 1221 χρηστὴν

88 1230 311 1282 μεταὸολήν·
342 1230 417 1269 Καὶ
448 1229 612 1278 ἐξελθὼν,
644 1229 767 1281 φησὶν,
794 1232 856 1268 οὐκ
888 1229 1116 1282 ἀνέστρεψεν,

86 1292 152 1335 ἕως
170 1295 229 1330 τοῦ
252 1291 509 1344 ξηρανθῆναιτὸ
529 1290 621 1343 ὕδωρ
638 1291 707 1328 ἀπὸ
725 1294 789 1337 τῆς
805 1293 880 1343 γῆς.
897 1293 976 1329 Οὖκ
995 1290 1116 1338 ἐπειδὴ

89 1353 178 1403 μετὰ
199 1357 310 1390 ταῦτα
326 1352 536 1403 ἀνέστρεψε,
554 1351 612 1398 τὸ,
630 1351 726 1396 Ἕως
739 1380 748 1397 ,
769 1352 981 1403 προσέθηκεν
1001 1355 1023 1398 ἠ
1045 1352 1118 1390 θεία

93 1415 214 1467 Γραφή
231 1430 239 1438 ·
263 1416 338 1453 ἀλλ’
362 1414 492 1465 ἰδίωμα
516 1414 616 1453 τοῦτο’
636 1416 709 1452 ἐστι
740 1418 802 1461 τῆς
837 1414 929 1458 θείας
963 1416 1118 1467 Γραφῆς,

92 1477 161 1516 Καὶ
180 1478 359 1529 πολλαχοῦ
380 1476 420 1514 ἄν
444 1491 496 1519 τις
525 1475 618 1527 εὕροι
651 1475 782 1522 ταύτην
814 1475 878 1522 τὴν
917 1477 1120 1524 συνήθειαν,

90 1538 150 1576 καὶ
172 1540 250 1585 ε’νῆν
274 1536 388 1576 πολλὰ
407 1538 551 1575 τοιαῦτα
580 1539 690 1589 εὑρεῖν
724 1537 783 1575 καὶ
822 1543 1041 1590 παραγαγεῖν
1073 1539 1122 1581 εἰς

91 1598 212 1649 μέσον·
235 1599 310 1636 ἀλλ’
331 1597 387 1636 ἵνα
422 1597 471 1649 μὴ
504 1597 619 1636 πάντα
652 1600 736 1651 παρ’
757 1600 859 1648 ἡμῶν
891 1598 1122 1648 μανθάνοντες

93 1659 320 1713 ῥᾳθυμότεροι
347 1659 512 1712 γίνησθε,
541 1661 623 1710 ὑμῖν
649 1659 962 1710 καταλιμπάνομεν
983 1660 1121 1711 διερευ-

92 1724 215 1759 νᾶσθαι
234 1721 297 1768 τὴν
318 1720 479 1773 Γραφὴν,
505 1720 565 1758 καὶ
588 1723 698 1772 εὑρεῖν
730 1719 816 1758 ὅπου
848 1725 920 1764 τοῖς
956 1720 1123 1772 ἷδιώμασι

93 1782 228 1826 τούτοις
247 1782 430 1835 κέχρηται.
457 1781 556 1826 Τέως
572 1781 606 1819 δὲ
619 1784 713 1832 ἡμᾶς
729 1784 918 1834 ἀναγκαῖον
939 1784 1048 1820 εἰπεῖν
1061 1781 1124 1829 τὴν

95 1842 227 1890 αἰτίαν,
249 1844 292 1881 δι’
312 1844 354 1890 ἣν
374 1845 436 1881 οὐκ
455 1843 643 1894 ἀνέστρεψε
661 1843 700 1880 τὸ
720 1843 849 1894 ὄρνεον.
874 1842 976 1886 Ἴσως
995 1843 1125 1890 ληξάνῖ

96 1919 165 1941 των
186 1906 254 1941 τῶν
274 1904 408 1941 ὑδάτων
426 1904 620 1956 ἀκάθαρτον
634 1902 670 1941 ὂν
684 1904 723 1941 τὸ
736 1903 869 1955 ὄρνεον,
889 1905 948 1942 καὶ
967 1904 1125 1955 σώμασιν

97 1964 240 2016 ἐντυχὸν
258 1969 329 2007 τοῖς
347 1980 384 2002 τε
407 1964 654 2017 ἀνθρωπίνοις,
675 1969 745 2008 τοῖς
760 1981 796 2002 τε
812 1969 880 2004 τῶν
897 1965 1030 2018 ἀλόγων
1044 1997 1053 2014 ,
1068 1966 1127 2004 καὶ

98 2025 160 2071 τὴν
189 2024 408 2071 κατάλληλον
433 2025 528 2077 εὑρὸν
558 2027 672 2077 ἑαυτῷ
706 2025 850 2078 τροφὴν,
883 2026 1127 2076 ἐναπέμεινεν·

96 2086 181 2138 ὅπερ
200 2086 259 2124 καὶ
277 2086 359 2124 αὐτὸ
373 2089 410 2124 οὐ
426 2086 549 2137 μικρὸν
569 2086 699 2136 ἐγίνετο
718 2089 768 2138 τῷ
791 2087 914 2139 δικαίῳ
935 2088 1126 2141 τεκμήριον

97 2150 159 2192 τῆς
174 2150 330 2199 χρηστῆς
349 2146 498 2190 ἐλπίδος.
521 2148 565 2185 Εἰ
583 2146 650 2199 γὰρ
674 2146 722 2197 μὴ
742 2152 843 2186 τοῦτο
867 2142 922 2194 ἦν,
945 2147 1032 2199 μηδὲ
1050 2143 1128 2200 εὗρε

99 2208 227 2259 μικράν
240 2223 318 2245 τινα
338 2207 577 2259 παραμυθίαν,
589 2208 801 2260 ὑπέστρεψεν
816 2209 868 2247 οἷν.
880 2210 950 2247 Καὶ
967 2208 1129 2249 ὅτιτοῒὶτό

99 2272 190 2308 ἐστιν
211 2268 351 2316 ἀληθὲς,
375 2270 527 2306 ἐντεῦθεν
545 2269 666 2307 λοιπον
695 2269 757 2316 τὴν
786 2270 946 2322 χρηστὴν
975 2273 1127 2323 προσδο-

99 2330 178 2368 κίαν
198 2329 357 2382 ἐσχηκὼς
387 2333 405 2368 ὁ
438 2330 568 2374 δίκαιος
602 2330 775 2382 ἐκπέμπει
800 2331 862 2379 τὴν
900 2333 1126 2386 περιστερὰν,

100 2392 215 2444 ὄρνεον
234 2391 364 2443 ἥμερον
384 2391 444 2429 καὶ
463 2391 707 2444 φιλοσύνηθες,
743 2392 802 2430 καὶ
836 2393 969 2441 πολλὴν
1001 2396 1129 2446 εὔγνω-

104 2449 254 2499 μοσύψι-,ν
283 2449 559 2500 ἐπιδεικνύμενον
581 2479 591 2496 ,
627 2450 686 2488 καὶ
720 2453 782 2489 οὐκ
813 2451 1022 2504 ἀνεχόμενον
1054 2454 1129 2492 ἕτε-

105 2517 162 2561 ρον
188 2525 222 2547 τι
241 2513 410 2548 σιτεῖσθαι
431 2509 452 2555 ἢ
470 2509 656 2565 σπέρματα
669 2527 676 2534 ·
691 2515 759 2550 τῶν
776 2511 844 2566 γὰρ
864 2516 1025 2566 καθαρῶν
1044 2530 1124 2567 τυγ-

104 2570 216 2622 χάνει.
245 2570 315 2608 Καὶ
351 2570 533 2610 ἀπέστειλε
561 2572 624 2619 τὴν
650 2574 880 2627 περιστερὰν,
909 2575 1010 2627 φησὶ,
1042 2578 1126 2628 παρ’

106 2633 209 2669 αὐτοῦ
222 2660 231 2676 ,
251 2632 346 2679 ἰδεῖν,
365 2634 395 2670 εἰ
412 2633 586 2673 κεκόπακε
603 2635 643 2673 τὸ
661 2634 753 2687 ὕδωρ
774 2636 844 2674 ἀπὸ
863 2636 1051 2688 προσώπου
1067 2642 1129 2684 τῆς

103 2695 180 2742 γῆς.
215 2692 283 2730 Καὶ
318 2693 367 2743 μὴ
395 2697 538 2748 εὑροῦσα
565 2698 586 2742 ἡ
619 2696 810 2749 περιστερὰ
837 2697 1032 2736 ἀνάπαυσιν
1059 2705 1129 2743 τοῖς

104 2754 205 2792 ποσὶν
224 2756 329 2800 αὗτῆς
342 2784 350 2799 ,
376 2754 570 2808 ὑπέστρεψε
594 2757 679 2809 πρὸς
700 2758 804 2796 αὐτὸν
821 2761 868 2802 εἰς
884 2758 947 2806 τὴν
962 2761 1128 2810 κιὲωτὸν,

104 2814 157 2852 ὅτι
179 2814 271 2868 ὕδωρ
291 2810 332 2862 ἦν
348 2816 404 2854 ἐπὶ
433 2823 503 2854 πᾶν
531 2817 571 2856 τὸ
599 2818 785 2871 πρόσωπον
812 2823 875 2866 τ’ῆς
908 2823 984 2871 γῆς.
1018 2821 1131 2866 Ἄξιον

107 2877 253 2913 ἐνταῦθα
272 2877 554 2929 διερευνήσασθαι
572 2883 646 2923 πῶς
666 2879 828 2931 ἀνωτέρω
844 2882 988 2920 εἰποῦσα
1004 2885 1025 2929 ἡ
1047 2885 1130 2935 ἁγία

110 2935 248 2988 Γραφὴ,
267 2937 321 2976 ὅτι
340 2940 376 2976 αἱ
395 2939 543 2990 κεφαλαὶ
564 2943 632 2979 τῶν
653 2941 759 2993 ὀρέων
777 2941 961 2994 ὤφθησαν,
988 2948 1046 2982 νῦν
1066 2960 1131 2996 φη-

107 3013 174 3045 σιν,
201 2998 254 3036 ὅτι
287 3000 352 3051 οὐχ
381 3003 526 3052 εὑροῦσα
554 3003 576 3047 ἡ
607 3002 795 3054 περιστερὰ
827 3003 1024 3042 ἀνάπαυσιν
1047 3005 1132 3044 ὑπέ-

107 3062 232 3112 στρεψε
248 3060 333 3113 πρὸς
348 3061 449 3099 αὐτὸν
469 3063 515 3105 Εἷς
543 3061 606 3110 τὴν
627 3064 789 3112 κιὲωτὸν,
813 3064 866 3102 ὅτι
897 3066 937 3103 τὸ
972 3065 1064 3118 ὕδωρ
1087 3062 1130 3115 ἦν

108 3121 164 3158 ἐπὶ
180 3127 249 3158 πᾶν
269 3122 310 3160 τὸ
326 3121 510 3173 πρόσωπον
533 3127 595 3171 τῆς
616 3128 692 3176 γῆς.
722 3125 823 3164 Μετὰ
853 3126 1032 3179 ἀκριῧείας
1049 3132 1131 3167 ἀνα-

106 3185 242 3232 γνῶμεν
267 3182 307 3220 τὸ
337 3184 531 3235 εἰρημένον,
551 3186 610 3223 καὶ
630 3187 794 3238 εἰσόμεθα
825 3189 888 3235 τὴν
920 3189 1047 3227 αἰτίαν.
1079 3192 1132 3229 Οὐ

107 3237 298 3295 γὰρεῖπεν
320 3245 457 3293 ἁπλῶς,
488 3248 568 3299 Οὐχ
599 3250 746 3301 εὑροῦσα
779 3251 987 3297 ἀνάπαυσιν,
1022 3251 1133 3299 ἀλλὰ,

110 3305 192 3346 Τοῖς
208 3304 307 3342 ποσὶν
325 3307 450 3353 αὐτῆς,
474 3308 703 3359 προσέθηκεν,
732 3309 789 3348 ἵνα
809 3310 928 3363 διδάξῃ
951 3315 1061 3362 ἡμᾶς,
1084 3313 1136 3351 ὅτι

110 3366 140 3402 εἰ
159 3365 217 3402 καὶ
234 3365 351 3412 ἔληξεν
371 3369 409 3404 ἐκ
432 3369 556 3421 μέρους
575 3370 618 3407 τὰ
638 3370 747 3408 ὕδατα
766 3373 825 3410 καὶ
847 3376 882 3411 αἱ
899 3373 1048 3425 κεφαλαὶ
1069 3378 1137 3412 τῶν

111 3426 216 3475 ὀρέων
238 3426 421 3477 ὤφθησαν,
458 3431 533 3467 &W
559 3430 608 3467 ἔτι
639 3431 708 3469 ἀπὸ
743 3436 803 3478 τῆς
840 3435 1044 3483 πλησμονῆς
1071 3438 1139 3472 τῶν

1182 506 1316 534 inontcs
1329 498 1519 535 exaltatam
1534 498 1641 537 fnisse
1649 513 1797 549 aquam:
1811 513 1903 537 nunc
1917 499 2006 538 dicit
2020 500 2131 539 sedis-

1182 571 1347 595 scurram
1359 573 1464 611 super
1476 568 1611 597 montes
1626 562 1766 609 Ararat,
1781 569 1814 598 et
1828 561 1998 613 paulatim
2011 571 2130 614 postea

1181 631 1308 668 aquam
1326 633 1436 669 usque
1453 619 1499 657 ad
1517 619 1695 658 decimum
1711 635 1866 660 mensem
1879 621 2089 672 decrevisse,
2100 633 2133 662 et

1182 679 1325 716 tandem
1334 679 1473 718 decimo
1499 694 1617 719 meuse
1634 682 1708 720 visa
1719 683 1828 721 fuisse
1840 683 2023 722 cacumina
2035 699 2133 723 mon-

1182 739 1284 776 tium.
1306 740 1511 790 Considera,
1529 755 1660 791 quaeso,
1673 744 1760 794 justi
1781 745 2025 794 constantiam,
2043 760 2133 798 quo-

1182 799 1289 838 modo
1308 800 1438 838 durare
1466 801 1622 853 potuerit
1649 811 1700 840 tot
1719 805 1914 855 mensibus,
1945 806 2007 856 qui
2032 807 2132 856 quasi

1183 860 1217 899 in
1247 861 1400 899 tenebris
1429 871 1504 899 crat
1531 862 1699 901 inclusus.
1730 866 1766 901 6.
1796 866 1849 902 Et
1868 867 2029 917 sactum
2060 876 2130 913 est,

1183 923 1316 973 inquit,
1334 932 1420 975 post
1450 925 1717 976 quadraginta
1747 925 1842 973 dies,
1873 929 2025 977 aperuit
2053 929 2136 966 No&

1173 987 1397 1039 fenestram
1413 1000 1530 1033 arete,
1551 987 1846 1039 qzcamsecerat,
1866 1000 1902 1025 et
1917 991 2041 1026 emisit
2055 1002 2137 1027 cor-

1190 1061 1292 1097 νιιιη,
1317 1055 1357 1084 ιιι
1383 1048 1536 1085 videret
1567 1061 1660 1085 num
1690 1057 1875 1086 cessasset
1895 1063 2015 1101 aqua.
2047 1049 2141 1088 Ecce

1185 1109 1304 1160 justus
1331 1108 1393 1146 ille
1421 1107 1580 1147 nondum
1599 1123 1661 1161 per
1682 1123 1719 1148 se
1742 1109 1850 1147 audet
1869 1110 2056 1162 respicere,
2077 1111 2142 1150 scd

1141 1175 1164 1204 B
1190 1183 1339 1208 corvum
1368 1169 1498 1219 mittit,
1527 1184 1568 1207 ac
1595 1184 1657 1223 per
1685 1170 1790 1208 illum
1819 1170 1957 1209 discere
1983 1172 2077 1222 vult,
2099 1186 2143 1210 an

1191 1230 1284 1268 bona
1321 1244 1441 1268 rerum
1479 1230 1629 1269 mutatio
1660 1230 1780 1282 aliqua
1815 1231 1860 1269 sit
1896 1233 2143 1285 exspectanda.

1193 1293 1230 1329 7.
1245 1292 1280 1329 E
1285 1300 1297 1329 ι
1311 1305 1494 1344 egressas,
1510 1292 1639 1343 inquit,
1654 1306 1731 1330 non
1745 1294 1873 1341 rediit,
1889 1295 2010 1332 donec
2024 1297 2145 1333 sicca-

1194 1360 1300 1390 retur
1318 1366 1424 1405 aqua
1443 1367 1469 1390 a
1491 1361 1605 1391 terra.
1634 1352 1773 1405 Adjecit
1791 1354 1976 1407 Scriptura
1994 1354 2147 1394 verbum

1194 1413 1276 1461 hoc,
1292 1415 1443 1461 Donec,
1461 1427 1528 1451 non
1549 1412 1647 1464 quod
1664 1423 1785 1466 postea
1798 1413 1962 1463 redierit3
1976 1414 2038 1453 sed
2056 1414 2149 1454 idio-

1195 1489 1252 1512 ma
1264 1483 1315 1512 est
1328 1474 1522 1528 Scripturae
1537 1474 1680 1514 divinae.
1690 1474 1736 1513 Et
1748 1475 1841 1514 hanc
1858 1476 2150 1515 consuetudinem

1195 1550 1286 1589 saepe
1305 1536 1384 1587 quis
1399 1535 1568 1583 inveniet,
1583 1545 1796 1588 possentque
1816 1536 1930 1574 multa
1948 1536 2033 1575 talia
2050 1537 2151 1576 inve-

1195 1597 1278 1646 niri,
1294 1597 1384 1635 acin
1403 1596 1564 1635 medium
1579 1597 1701 1635 afferri
1716 1596 1795 1635 :sed
1818 1611 1860 1636 ne
1878 1598 1997 1636 omnia
2013 1613 2034 1636 a
2051 1599 2152 1637 nobis

1195 1657 1369 1696 discentes
1387 1658 1661 1709 negligentiores
1674 1658 1847 1708 evadatis,
1863 1659 1967 1699 vobis
1983 1659 2153 1711 relinqui-

1196 1734 1292 1769 mus,
1322 1729 1363 1757 ut
1391 1720 1615 1772 Scripturam
1646 1720 1869 1770 scrutemini,
1899 1729 1933 1758 et
1964 1720 2154 1759 inveniatis

1198 1780 1347 1818 ubinam
1369 1780 1650 1833 proprietatibus
1665 1789 1699 1818 et
1721 1780 1954 1820 idiomatibus
1983 1781 2152 1834 hujusce-

1199 1842 1298 1880 modi
1314 1851 1449 1879 utatur.
1469 1843 1549 1881 Jam
1576 1851 1695 1880 autem
1716 1855 1831 1894 opcrae
1851 1843 2008 1895 pretium
2031 1843 2152 1894 fuerit,

1199 1913 1240 1941 ut
1259 1902 1402 1941 dicatur
1431 1917 1535 1941 causa
1567 1917 1676 1954 quare
1706 1918 1774 1942 non
1802 1903 1948 1942 redierit
1965 1904 2042 1942 haec
2061 1904 2153 1943 avis.

1200 1965 1376 2003 Fortassis
1394 1965 1471 2003 avis
1491 1964 1568 2014 illa,
1593 1965 1646 2002 uti
1666 1973 1717 2003 est
1742 1963 1940 2014 immunda,
1962 1979 2045 2003 cum
2059 1964 2155 2005 desi·

1201 2026 1308 2064 issent
1321 2040 1434 2077 aqum,
1448 2025 1573 2063 incidit
1588 2025 1624 2064 in
1637 2025 1811 2064 cadavera
1825 2026 2014 2064 hominum
2028 2036 2062 2065 et
2071 2027 2158 2065 bru-

1200 2096 1333 2135 torum,
1363 2087 1509 2137 quibus,
1547 2087 1692 2125 invento
1726 2087 1795 2125 sihi
1827 2088 2035 2138 congruenti
2061 2088 2155 2138 cibo,

1200 2146 1465 2198 inseditzquod
1490 2147 1598 2185 etiam
1624 2147 1744 2199 ipsum
1775 2161 1842 2185 non
1871 2162 2027 2200 parvum
2057 2149 2159 2187 bonae

1201 2208 1275 2260 spei
1295 2217 1546 2259 argumentum
1566 2208 1636 2245 suit
1651 2208 1758 2260 justo.
1785 2207 1928 2259 Alioqui
1954 2209 2064 2259 enim,
2090 2209 2159 2247 nisi

1202 2269 1477 2307 consolationem
1489 2269 1682 2307 invenisset
1697 2269 1868 2321 aliquam,
1883 2284 2021 2308 reversa
2038 2271 2160 2322 utique

1203 2331 1335 2369 fuisset.
1368 2333 1483 2381 Atque
1512 2339 1552 2368 ut
1582 2330 1651 2368 hoc
1671 2345 1745 2369 esse
1765 2345 1889 2369 verum
1911 2331 2015 2381 scias,
2039 2341 2160 2384 postea

1198 2392 1317 2444 justus
1335 2392 1481 2430 meliore
1499 2405 1562 2444 spe
1589 2401 1770 2444 concepta,
1790 2392 1918 2430 emittit
1936 2392 2156 2443 columbam,

1202 2468 1306 2492 avem
1334 2453 1458 2491 mitem
1478 2462 1512 2491 ct
1537 2453 1768 2503 familiarem,
1789 2468 1868 2505 quae
1888 2454 2017 2492 miram
2036 2469 2108 2507 prae
2123 2469 2159 2493 se

1202 2516 1270 2553 fert
1292 2514 1623 2561 mansuetudinem,
1645 2523 1678 2551 et
1698 2528 1775 2564 quae
1794 2514 1934 2552 nonnisi
1962 2515 2159 2553 seminibus

1203 2576 1298 2629 pasci
1322 2575 1438 2624 solita,
1458 2589 1504 2613 ex
1523 2574 1624 2627 puris
1643 2583 1694 2612 est
1720 2575 1861 2612 avibus.
1878 2574 1914 2614 8.
1931 2577 1986 2613 Et
2014 2578 2155 2623 emisit,

1203 2637 1332 2689 inquit,
1345 2637 1564 2675 columbam
1576 2650 1599 2674 a
1612 2650 1662 2684 se,
1675 2645 1716 2674 ut
1730 2637 1893 2684 videret,
1907 2651 1998 2674 nam
2013 2650 2158 2675 cessas-

1204 2708 1260 2738 set
1281 2712 1386 2750 aqua
1408 2698 1557 2750 asacie
1584 2705 1706 2734 terrae.
1730 2698 1767 2735 9.
1793 2697 1851 2734 At
1879 2697 2059 2735 columba
2080 2711 2159 2735 non

1205 2765 1366 2798 inventa
1385 2762 1518 2810 requie
1536 2759 1698 2810 pedibus
1714 2760 1806 2803 suis,
1829 2758 1944 2795 rediit
1963 2759 2018 2796 ad
2034 2761 2158 2811 ipsam

1205 2825 1247 2859 in
1265 2835 1412 2866 arcam,
1432 2822 1524 2872 quia
1550 2833 1654 2871 aqua
1675 2827 1757 2856 erat
1780 2832 1895 2870 super
1912 2833 2064 2857 omnem
2087 2821 2162 2873 sa-

1205 2885 1302 2921 ciem
1335 2883 1535 2920 tert-ce.Par
1553 2889 1619 2927 est,
1642 2888 1681 2917 ut
1709 2879 1768 2916 hic
1789 2878 2034 2930 disquiramus
2064 2894 2155 2931 quo-

1206 2944 1313 2982 modo
1329 2957 1411 2981 cum
1430 2955 1536 2994 supra
1554 2940 1686 2978 dixerit
1702 2939 1884 2993 Scriptura
1903 2949 2035 2989 sancta,
2051 2954 2159 2979 cacu-

1206 3006 1303 3044 mina
1334 3004 1509 3042 montium
1537 3002 1645 3040 fuisse
1664 3001 1762 3051 visa,
1780 3015 1876 3040 nunc
1893 3001 1995 3052 dicit,
2018 3002 2156 3040 colum-

1204 3069 1303 3117 bam,
1330 3080 1399 3105 non
1427 3065 1569 3103 inventa
1602 3063 1734 3114 requie,
1758 3062 1803 3101 ad
1825 3063 1943 3116 ipsum
1971 3063 2007 3101 in
2039 3077 2157 3101 arcam

1206 3128 1367 3173 rediisse,
1391 3126 1473 3177 quia
1500 3139 1591 3175 aqua
1620 3133 1695 3162 erat
1722 3138 1830 3177 super
1859 3138 2000 3163 omnem
2032 3124 2159 3162 faciem

1206 3199 1320 3228 terrae.
1351 3188 1552 3239 Diligenter
1575 3186 1735 3238 legamus
1763 3185 1851 3237 quid
1878 3186 1924 3223 sit
1947 3184 2100 3235 dictum,
2125 3194 2160 3223 et

1210 3251 1360 3289 sciemus
1390 3261 1544 3286 causam.
1579 3248 1656 3285 Non
1687 3246 1783 3284 enim
1812 3245 2025 3298 simpliciter
2047 3245 2157 3296 dixit,

1160 3317 1184 3346 E
1212 3313 1301 3350 Non
1327 3313 1485 3348 inventa
1516 3310 1660 3360 requie,
1689 3307 1752 3345 sed
1776 3306 1958 3359 apposuit,
1991 3307 2161 3345 Pedibus

1213 3375 1306 3418 suis,
1329 3380 1367 3408 ut
1385 3370 1509 3408 doceat
1539 3383 1616 3418 nos,
1637 3367 1778 3406 tametsi
1805 3367 1981 3405 desierant
1999 3381 2044 3405 cx
2065 3375 2164 3419 parte

1215 3433 1332 3483 aliqua
1347 3445 1457 3482 aqua‘,
1475 3439 1506 3469 ct
1524 3429 1705 3469 cacumina
1724 3427 1899 3467 montium
1916 3435 2164 3480 apparuerant,

1890 3494 1950 3520 20.
