<?xml version="1.0" encoding="UTF-8"?>
<!DOCTYPE html PUBLIC "-//W3C//DTD XHTML 1.0 Transitional//EN"
    "http://www.w3.org/TR/xhtml1/DTD/xhtml1-transitional.dtd">
<html xmlns="http://www.w3.org/1999/xhtml" xml:lang="en" lang="en">
 <head>
  <title>
</title>
<meta http-equiv="Content-Type" content="text/html;charset=utf-8" />
  <meta name='ocr-system' content='tesseract 3.04.00' />
  <meta name='ocr-capabilities' content='ocr_page ocr_carea ocr_par ocr_line ocrx_word'/>
</head>
<body>
  <div class='ocr_page' id='page_1' title='image "./operaomniaquaeex04johnuoft/operaomniaquaeex04johnuoft_0397.png"; bbox 0 0 2516 3791; ppageno 0'>
   <div class='ocr_carea' id='block_1_1' title="bbox 699 254 1000 284">
    <p class='ocr_par' dir='ltr' id='par_1_1' title="bbox 699 254 1000 284">
     <span class='ocr_line' id='line_1_1' title="bbox 699 254 1000 284; baseline -0.003 -1"><span class='ocrx_word' id='word_1_1' title='bbox 699 254 738 283; x_wconf 64' lang='grc' dir='ltr'>ΙΝ</span> <span class='ocrx_word' id='word_1_2' title='bbox 778 254 880 284; x_wconf 44' lang='lat' dir='ltr'>(rw.</span> <span class='ocrx_word' id='word_1_3' title='bbox 922 254 1000 284; x_wconf 76' lang='lat' dir='ltr'>Ml.</span> 
     </span>
    </p>
   </div>
   <div class='ocr_carea' id='block_1_2' title="bbox 115 332 1142 875">
    <p class='ocr_par' dir='ltr' id='par_1_2' title="bbox 115 332 1142 875">
     <span class='ocr_line' id='line_1_2' title="bbox 123 332 1141 392; baseline -0.005 -14"><span class='ocrx_word' id='word_1_4' title='bbox 123 338 324 392; x_wconf 75' lang='grc' dir='ltr'>ἀμὸλυνθέν.</span> <span class='ocrx_word' id='word_1_5' title='bbox 362 332 461 381; x_wconf 73' lang='grc' dir='ltr'>Εἶδες</span> <span class='ocrx_word' id='word_1_6' title='bbox 503 337 691 387; x_wconf 82' lang='grc' dir='ltr'>σύνδεσμον</span> <span class='ocrx_word' id='word_1_7' title='bbox 736 337 875 388; x_wconf 76' lang='grc' dir='ltr'>ἀγάπης</span> <span class='ocrx_word' id='word_1_8' title='bbox 914 337 1034 389; x_wconf 84' lang='grc' dir='ltr'>ἀνδρὸς</span> <span class='ocrx_word' id='word_1_9' title='bbox 1082 336 1141 373; x_wconf 79' lang='grc' dir='ltr'>καὶ</span> 
     </span>
     <span class='ocr_line' id='line_1_3' title="bbox 121 391 1142 453; baseline -0.004 -15"><span class='ocrx_word' id='word_1_10' title='bbox 121 399 296 453; x_wconf 84' lang='grc' dir='ltr'>γυναικός;</span> <span class='ocrx_word' id='word_1_11' title='bbox 325 393 411 442; x_wconf 77' lang='grc' dir='ltr'>εἶδες</span> <span class='ocrx_word' id='word_1_12' title='bbox 431 399 489 437; x_wconf 78' lang='grc' dir='ltr'>καὶ</span> <span class='ocrx_word' id='word_1_13' title='bbox 509 398 639 446; x_wconf 84' lang='grc' dir='ltr'>ἄνδρα,</span> <span class='ocrx_word' id='word_1_14' title='bbox 659 391 714 436; x_wconf 70' lang='grc' dir='ltr'>οἶα</span> <span class='ocrx_word' id='word_1_15' title='bbox 733 398 923 450; x_wconf 69' lang='grc' dir='ltr'>ἐθάρρησεν</span> <span class='ocrx_word' id='word_1_16' title='bbox 953 398 1142 437; x_wconf 77' lang='grc' dir='ltr'>ὑποθέσθαι</span> 
     </span>
     <span class='ocr_line' id='line_1_4' title="bbox 119 457 1140 512; baseline -0.004 -14"><span class='ocrx_word' id='word_1_17' title='bbox 119 463 162 512; x_wconf 80' lang='grc' dir='ltr'>τῇ</span> <span class='ocrx_word' id='word_1_18' title='bbox 181 459 336 511; x_wconf 83' lang='grc' dir='ltr'>γυναικὶ,</span> <span class='ocrx_word' id='word_1_19' title='bbox 356 459 415 498; x_wconf 83' lang='grc' dir='ltr'>καὶ</span> <span class='ocrx_word' id='word_1_20' title='bbox 430 464 575 511; x_wconf 89' lang='grc' dir='ltr'>γυναῖκα</span> <span class='ocrx_word' id='word_1_21' title='bbox 591 457 666 497; x_wconf 81' lang='grc' dir='ltr'>οἵαν</span> <span class='ocrx_word' id='word_1_22' title='bbox 683 457 822 509; x_wconf 77' lang='grc' dir='ltr'>δέχεται</span> <span class='ocrx_word' id='word_1_23' title='bbox 840 458 902 505; x_wconf 75' lang='grc' dir='ltr'>τὴν</span> <span class='ocrx_word' id='word_1_24' title='bbox 922 458 1140 509; x_wconf 69' lang='grc' dir='ltr'>συμίουλήν;</span> 
     </span>
     <span class='ocr_line' id='line_1_5' title="bbox 119 518 1140 570; baseline -0.003 -11"><span class='ocrx_word' id='word_1_25' title='bbox 119 522 195 560; x_wconf 80' lang='grc' dir='ltr'>Οὐκ</span> <span class='ocrx_word' id='word_1_26' title='bbox 216 519 372 558; x_wconf 78' lang='grc' dir='ltr'>ἀνανεύει</span> <span class='ocrx_word' id='word_1_27' title='bbox 399 519 477 557; x_wconf 82' lang='grc' dir='ltr'>οὐδὲ</span> <span class='ocrx_word' id='word_1_28' title='bbox 507 518 747 570; x_wconf 74' lang='grc' dir='ltr'>δυσχεραίνει,</span> <span class='ocrx_word' id='word_1_29' title='bbox 770 519 861 558; x_wconf 76' lang='grc' dir='ltr'>ἀλλὰ</span> <span class='ocrx_word' id='word_1_30' title='bbox 879 519 996 558; x_wconf 78' lang='grc' dir='ltr'>πάντα</span> <span class='ocrx_word' id='word_1_31' title='bbox 1023 524 1140 563; x_wconf 89' lang='grc' dir='ltr'>ποιεῖ,</span> 
     </span>
     <span class='ocr_line' id='line_1_6' title="bbox 117 579 1142 633; baseline -0.003 -15"><span class='ocrx_word' id='word_1_32' title='bbox 117 581 207 619; x_wconf 80' lang='grc' dir='ltr'>ὥστε</span> <span class='ocrx_word' id='word_1_33' title='bbox 225 580 264 618; x_wconf 84' lang='grc' dir='ltr'>τὸ</span> <span class='ocrx_word' id='word_1_34' title='bbox 286 581 404 632; x_wconf 72' lang='grc' dir='ltr'>δρᾶμα</span> <span class='ocrx_word' id='word_1_35' title='bbox 423 583 551 619; x_wconf 81' lang='grc' dir='ltr'>λαθεῖν.</span> <span class='ocrx_word' id='word_1_36' title='bbox 566 579 801 618; x_wconf 84' lang='grc' dir='ltr'>Ἀκουέτωσαν</span> <span class='ocrx_word' id='word_1_37' title='bbox 820 580 938 633; x_wconf 75' lang='grc' dir='ltr'>ἄνδρες</span> <span class='ocrx_word' id='word_1_38' title='bbox 953 580 1012 617; x_wconf 84' lang='grc' dir='ltr'>καὶ</span> <span class='ocrx_word' id='word_1_39' title='bbox 1025 583 1142 630; x_wconf 85' lang='grc' dir='ltr'>γυναῖ-</span> 
     </span>
     <span class='ocr_line' id='line_1_7' title="bbox 118 639 1141 691; baseline -0.004 -11"><span class='ocrx_word' id='word_1_40' title='bbox 118 658 174 685; x_wconf 86' lang='grc' dir='ltr'>κες</span> <span class='ocrx_word' id='word_1_41' title='bbox 186 669 195 686; x_wconf 91' lang='grc'>,</span> <span class='ocrx_word' id='word_1_42' title='bbox 215 643 275 679; x_wconf 78' lang='grc' dir='ltr'>καὶ</span> <span class='ocrx_word' id='word_1_43' title='bbox 292 641 531 691; x_wconf 87' lang='grc' dir='ltr'>μιμείσθωσαν</span> <span class='ocrx_word' id='word_1_44' title='bbox 546 640 676 678; x_wconf 86' lang='grc' dir='ltr'>τούτων</span> <span class='ocrx_word' id='word_1_45' title='bbox 692 640 754 686; x_wconf 68' lang='grc' dir='ltr'>τὴν</span> <span class='ocrx_word' id='word_1_46' title='bbox 775 640 950 690; x_wconf 77' lang='grc' dir='ltr'>ὁμόνοιαν,</span> <span class='ocrx_word' id='word_1_47' title='bbox 969 643 1030 686; x_wconf 72' lang='grc' dir='ltr'>τῆς</span> <span class='ocrx_word' id='word_1_48' title='bbox 1051 639 1141 690; x_wconf 83' lang='grc' dir='ltr'>ἀγοί-</span> 
     </span>
     <span class='ocr_line' id='line_1_8' title="bbox 117 700 1140 753; baseline -0.003 -13"><span class='ocrx_word' id='word_1_49' title='bbox 117 719 184 750; x_wconf 78' lang='grc' dir='ltr'>πης</span> <span class='ocrx_word' id='word_1_50' title='bbox 203 704 260 742; x_wconf 81' lang='grc' dir='ltr'>τὸν</span> <span class='ocrx_word' id='word_1_51' title='bbox 280 703 482 753; x_wconf 80' lang='grc' dir='ltr'>σύνδεσμον,</span> <span class='ocrx_word' id='word_1_52' title='bbox 505 704 567 747; x_wconf 65' lang='grc' dir='ltr'>τῆς</span> <span class='ocrx_word' id='word_1_53' title='bbox 586 701 763 743; x_wconf 71' lang='grc' dir='ltr'>εὐσεὸείας</span> <span class='ocrx_word' id='word_1_54' title='bbox 791 700 854 746; x_wconf 75' lang='grc' dir='ltr'>τὴν</span> <span class='ocrx_word' id='word_1_55' title='bbox 887 701 1059 745; x_wconf 79' lang='grc' dir='ltr'>ἐπίτασιν,</span> <span class='ocrx_word' id='word_1_56' title='bbox 1080 701 1140 737; x_wconf 80' lang='grc' dir='ltr'>καὶ</span> 
     </span>
     <span class='ocr_line' id='line_1_9' title="bbox 117 759 1138 814; baseline -0.005 -12"><span class='ocrx_word' id='word_1_57' title='bbox 117 763 338 809; x_wconf 81' lang='grc' dir='ltr'>ζηλούτωσαν</span> <span class='ocrx_word' id='word_1_58' title='bbox 357 765 419 809; x_wconf 83' lang='grc' dir='ltr'>τ’ἧς</span> <span class='ocrx_word' id='word_1_59' title='bbox 438 762 555 814; x_wconf 79' lang='grc' dir='ltr'>Σάρας</span> <span class='ocrx_word' id='word_1_60' title='bbox 571 761 634 808; x_wconf 78' lang='grc' dir='ltr'>τὴν</span> <span class='ocrx_word' id='word_1_61' title='bbox 661 760 896 813; x_wconf 83' lang='grc' dir='ltr'>σωφροσύνην.</span> <span class='ocrx_word' id='word_1_62' title='bbox 915 759 1002 799; x_wconf 64' lang='grc' dir='ltr'>ςὈτι</span> <span class='ocrx_word' id='word_1_63' title='bbox 1027 759 1086 798; x_wconf 82' lang='grc' dir='ltr'>καὶ</span> <span class='ocrx_word' id='word_1_64' title='bbox 1103 761 1138 797; x_wconf 82' lang='grc' dir='ltr'>ἐν</span> 
     </span>
     <span class='ocr_line' id='line_1_10' title="bbox 115 819 1140 875; baseline -0.004 -14"><span class='ocrx_word' id='word_1_65' title='bbox 115 824 206 875; x_wconf 76' lang='grc' dir='ltr'>γήρᾳ</span> <span class='ocrx_word' id='word_1_66' title='bbox 224 824 314 861; x_wconf 76' lang='grc' dir='ltr'>οὕτω</span> <span class='ocrx_word' id='word_1_67' title='bbox 333 823 455 861; x_wconf 82' lang='grc' dir='ltr'>κάλλει</span> <span class='ocrx_word' id='word_1_68' title='bbox 475 822 724 873; x_wconf 80' lang='grc' dir='ltr'>διαλάμπουσα</span> <span class='ocrx_word' id='word_1_69' title='bbox 745 820 850 872; x_wconf 78' lang='grc' dir='ltr'>μέχρι</span> <span class='ocrx_word' id='word_1_70' title='bbox 874 819 952 858; x_wconf 86' lang='grc' dir='ltr'>τότε</span> <span class='ocrx_word' id='word_1_71' title='bbox 972 820 1140 870; x_wconf 83' lang='grc' dir='ltr'>διέμεινεν</span> 
     </span>
    </p>
   </div>
   <div class='ocr_carea' id='block_1_3' title="bbox 116 881 1183 935">
    <p class='ocr_par' dir='ltr' id='par_1_3' title="bbox 116 881 1183 935">
     <span class='ocr_line' id='line_1_11' title="bbox 116 881 1183 935; baseline -0.003 -13"><span class='ocrx_word' id='word_1_72' title='bbox 116 884 342 935; x_wconf 81' lang='grc' dir='ltr'>ἁμιλλωμένη</span> <span class='ocrx_word' id='word_1_73' title='bbox 363 889 438 926; x_wconf 86' lang='grc' dir='ltr'>ταῖς</span> <span class='ocrx_word' id='word_1_74' title='bbox 456 887 515 921; x_wconf 77' lang='grc' dir='ltr'>τοῦ</span> <span class='ocrx_word' id='word_1_75' title='bbox 548 882 680 920; x_wconf 85' lang='grc' dir='ltr'>δικαίου</span> <span class='ocrx_word' id='word_1_76' title='bbox 712 885 851 933; x_wconf 85' lang='grc' dir='ltr'>ἀρεταῖς</span> <span class='ocrx_word' id='word_1_77' title='bbox 864 897 871 904; x_wconf 95' lang='grc'><em>·</em></span> <span class='ocrx_word' id='word_1_78' title='bbox 897 882 941 919; x_wconf 88' lang='grc' dir='ltr'>δι’</span> <span class='ocrx_word' id='word_1_79' title='bbox 963 881 980 920; x_wconf 87' lang='grc' dir='ltr'>ὃ</span> <span class='ocrx_word' id='word_1_80' title='bbox 1000 882 1059 920; x_wconf 81' lang='grc' dir='ltr'>καὶ</span> <span class='ocrx_word' id='word_1_81' title='bbox 1079 897 1139 919; x_wconf 91' lang='grc' dir='ltr'>το-</span> <span class='ocrx_word' id='word_1_82' title='bbox 1159 895 1183 924; x_wconf 91' lang='lat'>1)</span> 
     </span>
    </p>
   </div>
   <div class='ocr_carea' id='block_1_4' title="bbox 72 942 1138 1543">
    <p class='ocr_par' dir='ltr' id='par_1_4' title="bbox 72 942 1138 1543">
     <span class='ocr_line' id='line_1_12' title="bbox 115 942 1138 996; baseline -0.005 -11"><span class='ocrx_word' id='word_1_83' title='bbox 115 945 243 991; x_wconf 85' lang='grc' dir='ltr'>σαύτης</span> <span class='ocrx_word' id='word_1_84' title='bbox 274 944 406 990; x_wconf 79' lang='grc' dir='ltr'>ἠξιώθη</span> <span class='ocrx_word' id='word_1_85' title='bbox 425 950 439 965; x_wconf 74' lang='lat'>³</span> <span class='ocrx_word' id='word_1_86' title='bbox 454 947 516 990; x_wconf 77' lang='grc' dir='ltr'>τῆς</span> <span class='ocrx_word' id='word_1_87' title='bbox 535 942 632 996; x_wconf 79' lang='grc' dir='ltr'>παρὰ</span> <span class='ocrx_word' id='word_1_88' title='bbox 662 946 722 981; x_wconf 81' lang='grc' dir='ltr'>τοῦ</span> <span class='ocrx_word' id='word_1_89' title='bbox 747 944 840 981; x_wconf 77' lang='grc' dir='ltr'>Θεοῦ</span> <span class='ocrx_word' id='word_1_90' title='bbox 859 942 1022 994; x_wconf 83' lang='grc' dir='ltr'>προνοίας</span> <span class='ocrx_word' id='word_1_91' title='bbox 1038 973 1047 990; x_wconf 93' lang='grc'>,</span> <span class='ocrx_word' id='word_1_92' title='bbox 1078 942 1138 981; x_wconf 80' lang='grc' dir='ltr'>καὶ</span> 
     </span>
     <span class='ocr_line' id='line_1_13' title="bbox 112 1003 1137 1056; baseline -0.001 -13"><span class='ocrx_word' id='word_1_93' title='bbox 112 1008 174 1052; x_wconf 79' lang='grc' dir='ltr'>τῆς</span> <span class='ocrx_word' id='word_1_94' title='bbox 188 1005 315 1043; x_wconf 76' lang='grc' dir='ltr'>ἄνωθεν</span> <span class='ocrx_word' id='word_1_95' title='bbox 331 1005 492 1056; x_wconf 72' lang='grc' dir='ltr'>ἀμοιὸἧς.</span> <span class='ocrx_word' id='word_1_96' title='bbox 508 1004 640 1051; x_wconf 78' lang='grc' dir='ltr'>Μηδεὶς</span> <span class='ocrx_word' id='word_1_97' title='bbox 656 1003 769 1042; x_wconf 88' lang='grc' dir='ltr'>τοίνυν</span> <span class='ocrx_word' id='word_1_98' title='bbox 790 1003 960 1042; x_wconf 82' lang='grc' dir='ltr'>αἰτιάσθω</span> <span class='ocrx_word' id='word_1_99' title='bbox 976 1009 1035 1042; x_wconf 80' lang='grc' dir='ltr'>τοῦ</span> <span class='ocrx_word' id='word_1_100' title='bbox 1052 1004 1137 1042; x_wconf 84' lang='grc' dir='ltr'>κοίλ-</span> 
     </span>
     <span class='ocr_line' id='line_1_14' title="bbox 113 1063 1136 1119; baseline 0 -15"><span class='ocrx_word' id='word_1_101' title='bbox 113 1069 192 1110; x_wconf 88' lang='grc' dir='ltr'>λους</span> <span class='ocrx_word' id='word_1_102' title='bbox 212 1065 274 1113; x_wconf 83' lang='grc' dir='ltr'>τὴν</span> <span class='ocrx_word' id='word_1_103' title='bbox 301 1065 503 1119; x_wconf 70' lang='grc' dir='ltr'>εὐμορφίαν,</span> <span class='ocrx_word' id='word_1_104' title='bbox 527 1065 614 1116; x_wconf 82' lang='grc' dir='ltr'>μηδὲ</span> <span class='ocrx_word' id='word_1_105' title='bbox 635 1063 766 1115; x_wconf 84' lang='grc' dir='ltr'>λεγέτω</span> <span class='ocrx_word' id='word_1_106' title='bbox 786 1066 901 1102; x_wconf 80' lang='grc' dir='ltr'>ἐκεῖνα</span> <span class='ocrx_word' id='word_1_107' title='bbox 922 1064 966 1104; x_wconf 76' lang='grc' dir='ltr'>τὰ</span> <span class='ocrx_word' id='word_1_108' title='bbox 986 1065 1136 1112; x_wconf 86' lang='grc' dir='ltr'>ἀνόνητα</span> 
     </span>
     <span class='ocr_line' id='line_1_15' title="bbox 72 1124 1135 1179; baseline 0 -15"><span class='ocrx_word' id='word_1_109' title='bbox 72 1170 78 1175; x_wconf 45' lang='grc'>,</span> <span class='ocrx_word' id='word_1_110' title='bbox 115 1127 278 1178; x_wconf 77' lang='grc' dir='ltr'>ῥήματα,</span> <span class='ocrx_word' id='word_1_111' title='bbox 297 1126 349 1164; x_wconf 82' lang='grc' dir='ltr'>ὅτι</span> <span class='ocrx_word' id='word_1_112' title='bbox 370 1126 432 1173; x_wconf 66' lang='grc' dir='ltr'>τὴν</span> <span class='ocrx_word' id='word_1_113' title='bbox 454 1127 548 1164; x_wconf 87' lang='grc' dir='ltr'>δεῖνα</span> <span class='ocrx_word' id='word_1_114' title='bbox 574 1125 613 1163; x_wconf 86' lang='grc' dir='ltr'>τὸ</span> <span class='ocrx_word' id='word_1_115' title='bbox 639 1124 764 1169; x_wconf 85' lang='grc' dir='ltr'>κάλλος</span> <span class='ocrx_word' id='word_1_116' title='bbox 792 1125 953 1164; x_wconf 82' lang='grc' dir='ltr'>ἀπώλεσε</span> <span class='ocrx_word' id='word_1_117' title='bbox 970 1142 977 1150; x_wconf 91' lang='grc'><em>·</em></span> <span class='ocrx_word' id='word_1_118' title='bbox 1007 1126 1067 1164; x_wconf 82' lang='grc' dir='ltr'>καὶ</span> <span class='ocrx_word' id='word_1_119' title='bbox 1091 1129 1135 1179; x_wconf 84' lang='grc' dir='ltr'>τῇ</span> 
     </span>
     <span class='ocr_line' id='line_1_16' title="bbox 115 1185 1135 1238; baseline -0.001 -12"><span class='ocrx_word' id='word_1_120' title='bbox 115 1190 197 1226; x_wconf 81' lang='grc' dir='ltr'>δεῖνι</span> <span class='ocrx_word' id='word_1_121' title='bbox 219 1187 258 1226; x_wconf 87' lang='grc' dir='ltr'>τὸ</span> <span class='ocrx_word' id='word_1_122' title='bbox 277 1187 401 1231; x_wconf 82' lang='grc' dir='ltr'>κάλλος</span> <span class='ocrx_word' id='word_1_123' title='bbox 430 1187 567 1238; x_wconf 86' lang='grc' dir='ltr'>γέγονεν</span> <span class='ocrx_word' id='word_1_124' title='bbox 585 1185 724 1238; x_wconf 77' lang='grc' dir='ltr'>ὀλέθρου</span> <span class='ocrx_word' id='word_1_125' title='bbox 752 1187 873 1224; x_wconf 85' lang='grc' dir='ltr'>αἴτιον.</span> <span class='ocrx_word' id='word_1_126' title='bbox 894 1189 947 1225; x_wconf 87' lang='grc' dir='ltr'>Οὐ</span> <span class='ocrx_word' id='word_1_127' title='bbox 978 1186 1017 1224; x_wconf 88' lang='grc' dir='ltr'>τὸ</span> <span class='ocrx_word' id='word_1_128' title='bbox 1047 1187 1135 1225; x_wconf 74' lang='grc' dir='ltr'>κοίλ-</span> 
     </span>
     <span class='ocr_line' id='line_1_17' title="bbox 114 1247 1135 1300; baseline -0.001 -13"><span class='ocrx_word' id='word_1_129' title='bbox 114 1251 171 1293; x_wconf 90' lang='grc' dir='ltr'>λος</span> <span class='ocrx_word' id='word_1_130' title='bbox 191 1249 300 1287; x_wconf 85' lang='grc' dir='ltr'>αἴτιον</span> <span class='ocrx_word' id='word_1_131' title='bbox 316 1264 324 1272; x_wconf 92' lang='grc'>·</span> <span class='ocrx_word' id='word_1_132' title='bbox 359 1248 408 1299; x_wconf 87' lang='grc' dir='ltr'>μὴ</span> <span class='ocrx_word' id='word_1_133' title='bbox 429 1247 562 1300; x_wconf 81' lang='grc' dir='ltr'>γένοιτο</span> <span class='ocrx_word' id='word_1_134' title='bbox 579 1264 586 1271; x_wconf 88' lang='grc'><em>·</em></span> <span class='ocrx_word' id='word_1_135' title='bbox 626 1248 724 1300; x_wconf 84' lang='grc' dir='ltr'>ἔργον</span> <span class='ocrx_word' id='word_1_136' title='bbox 746 1247 813 1300; x_wconf 85' lang='grc' dir='ltr'>γάρ</span> <span class='ocrx_word' id='word_1_137' title='bbox 843 1249 916 1286; x_wconf 85' lang='grc' dir='ltr'>ε’στι</span> <span class='ocrx_word' id='word_1_138' title='bbox 956 1248 1015 1286; x_wconf 78' lang='grc' dir='ltr'>καὶ</span> <span class='ocrx_word' id='word_1_139' title='bbox 1036 1254 1135 1288; x_wconf 76' lang='grc' dir='ltr'>τοῦτο</span> 
     </span>
     <span class='ocr_line' id='line_1_18' title="bbox 114 1307 1134 1361; baseline 0 -14"><span class='ocrx_word' id='word_1_140' title='bbox 114 1315 172 1349; x_wconf 74' lang='grc' dir='ltr'>τοῦ</span> <span class='ocrx_word' id='word_1_141' title='bbox 203 1311 315 1348; x_wconf 80' lang='grc' dir='ltr'>Θεοῦ·</span> <span class='ocrx_word' id='word_1_142' title='bbox 349 1309 426 1346; x_wconf 89' lang='grc' dir='ltr'>ἀλλ’</span> <span class='ocrx_word' id='word_1_143' title='bbox 462 1313 483 1356; x_wconf 79' lang='grc' dir='ltr'>ἡ</span> <span class='ocrx_word' id='word_1_144' title='bbox 508 1307 708 1361; x_wconf 79' lang='grc' dir='ltr'>προαίρεσις</span> <span class='ocrx_word' id='word_1_145' title='bbox 733 1311 755 1354; x_wconf 88' lang='grc' dir='ltr'>ἡ</span> <span class='ocrx_word' id='word_1_146' title='bbox 780 1308 1012 1361; x_wconf 68' lang='grc' dir='ltr'>διεφθαρμένη</span> <span class='ocrx_word' id='word_1_147' title='bbox 1038 1309 1134 1347; x_wconf 84' lang='grc' dir='ltr'>αἰτία</span> 
     </span>
     <span class='ocr_line' id='line_1_19' title="bbox 113 1362 1133 1419; baseline -0.001 -10"><span class='ocrx_word' id='word_1_148' title='bbox 113 1371 251 1409; x_wconf 74' lang='grc' dir='ltr'>πάντων</span> <span class='ocrx_word' id='word_1_149' title='bbox 270 1372 338 1408; x_wconf 83' lang='grc' dir='ltr'>τῶν</span> <span class='ocrx_word' id='word_1_150' title='bbox 364 1370 480 1408; x_wconf 81' lang='grc' dir='ltr'>κακῶν</span> <span class='ocrx_word' id='word_1_151' title='bbox 497 1371 602 1407; x_wconf 85' lang='grc' dir='ltr'>ἐστιν.</span> <span class='ocrx_word' id='word_1_152' title='bbox 631 1362 734 1411; x_wconf 71' lang='grc' dir='ltr'>Εἶδες</span> <span class='ocrx_word' id='word_1_153' title='bbox 752 1367 814 1415; x_wconf 81' lang='grc' dir='ltr'>τὴν</span> <span class='ocrx_word' id='word_1_154' title='bbox 831 1369 1027 1419; x_wconf 86' lang='grc' dir='ltr'>θαυμασίαν</span> <span class='ocrx_word' id='word_1_155' title='bbox 1043 1370 1133 1408; x_wconf 88' lang='grc' dir='ltr'>ταύ-</span> 
     </span>
     <span class='ocr_line' id='line_1_20' title="bbox 113 1429 1134 1482; baseline 0.001 -13"><span class='ocrx_word' id='word_1_156' title='bbox 113 1449 175 1478; x_wconf 85' lang='grc' dir='ltr'>την</span> <span class='ocrx_word' id='word_1_157' title='bbox 210 1437 357 1482; x_wconf 89' lang='grc' dir='ltr'>γυναῖκα</span> <span class='ocrx_word' id='word_1_158' title='bbox 395 1429 607 1482; x_wconf 86' lang='grc' dir='ltr'>ἑκατέρωθεν</span> <span class='ocrx_word' id='word_1_159' title='bbox 641 1430 933 1480; x_wconf 76' lang='grc' dir='ltr'>διαλάμπουσαν,</span> <span class='ocrx_word' id='word_1_160' title='bbox 967 1430 1026 1468; x_wconf 79' lang='grc' dir='ltr'>καὶ</span> <span class='ocrx_word' id='word_1_161' title='bbox 1063 1430 1134 1470; x_wconf 76' lang='grc' dir='ltr'>ἀπὸ</span> 
     </span>
     <span class='ocr_line' id='line_1_21' title="bbox 112 1489 1133 1543; baseline -0.003 -12"><span class='ocrx_word' id='word_1_162' title='bbox 112 1497 171 1531; x_wconf 80' lang='grc' dir='ltr'>τοῦ</span> <span class='ocrx_word' id='word_1_163' title='bbox 200 1494 261 1538; x_wconf 80' lang='grc' dir='ltr'>τῆς</span> <span class='ocrx_word' id='word_1_164' title='bbox 290 1493 403 1543; x_wconf 71' lang='grc' dir='ltr'>ψυχῆς</span> <span class='ocrx_word' id='word_1_165' title='bbox 433 1491 580 1534; x_wconf 84' lang='grc' dir='ltr'>κάλλους</span> <span class='ocrx_word' id='word_1_166' title='bbox 615 1491 674 1528; x_wconf 84' lang='grc' dir='ltr'>καὶ</span> <span class='ocrx_word' id='word_1_167' title='bbox 709 1489 779 1528; x_wconf 84' lang='grc' dir='ltr'>ἀπὸ</span> <span class='ocrx_word' id='word_1_168' title='bbox 807 1493 868 1528; x_wconf 80' lang='grc' dir='ltr'>τοῦ</span> <span class='ocrx_word' id='word_1_169' title='bbox 897 1493 960 1536; x_wconf 81' lang='grc' dir='ltr'>τ’ῆς</span> <span class='ocrx_word' id='word_1_170' title='bbox 1000 1490 1133 1542; x_wconf 71' lang='grc' dir='ltr'>ὅψεως,</span> 
     </span>
    </p>
   </div>
   <div class='ocr_carea' id='block_1_5' title="bbox 112 1551 1178 1606">
    <p class='ocr_par' dir='ltr' id='par_1_5' title="bbox 112 1551 1178 1606">
     <span class='ocr_line' id='line_1_22' title="bbox 112 1551 1178 1606; baseline -0.003 -14"><span class='ocrx_word' id='word_1_171' title='bbox 112 1555 171 1593; x_wconf 85' lang='grc' dir='ltr'>καὶ</span> <span class='ocrx_word' id='word_1_172' title='bbox 200 1556 276 1592; x_wconf 73' lang='grc' dir='ltr'>κατ’</span> <span class='ocrx_word' id='word_1_173' title='bbox 311 1554 404 1606; x_wconf 71' lang='grc' dir='ltr'>ἴχνος</span> <span class='ocrx_word' id='word_1_174' title='bbox 431 1557 490 1591; x_wconf 77' lang='grc' dir='ltr'>τοῦ</span> <span class='ocrx_word' id='word_1_175' title='bbox 520 1552 653 1590; x_wconf 82' lang='grc' dir='ltr'>δικαίου</span> <span class='ocrx_word' id='word_1_176' title='bbox 686 1551 943 1603; x_wconf 73' lang='grc' dir='ltr'>πορευομένην,</span> <span class='ocrx_word' id='word_1_177' title='bbox 987 1551 1130 1600; x_wconf 86' lang='grc' dir='ltr'>Ταύτην</span> <span class='ocrx_word' id='word_1_178' title='bbox 1153 1558 1178 1589; x_wconf 86' lang='lat' dir='ltr'><strong>E</strong></span> 
     </span>
    </p>
   </div>
   <div class='ocr_carea' id='block_1_6' title="bbox 109 1611 1131 2214">
    <p class='ocr_par' dir='ltr' id='par_1_6' title="bbox 109 1611 1131 2214">
     <span class='ocr_line' id='line_1_23' title="bbox 112 1611 1129 1667; baseline -0.002 -13"><span class='ocrx_word' id='word_1_179' title='bbox 112 1616 349 1667; x_wconf 87' lang='grc' dir='ltr'>μιμείσθωσαν</span> <span class='ocrx_word' id='word_1_180' title='bbox 390 1616 426 1653; x_wconf 79' lang='grc' dir='ltr'>αἱ</span> <span class='ocrx_word' id='word_1_181' title='bbox 458 1620 628 1666; x_wconf 89' lang='grc' dir='ltr'>γυναῖκες.</span> <span class='ocrx_word' id='word_1_182' title='bbox 652 1611 741 1650; x_wconf 81' lang='grc' dir='ltr'>Ἰδοὺ</span> <span class='ocrx_word' id='word_1_183' title='bbox 774 1613 841 1665; x_wconf 83' lang='grc' dir='ltr'>γὰρ</span> <span class='ocrx_word' id='word_1_184' title='bbox 866 1613 926 1650; x_wconf 81' lang='grc' dir='ltr'>καὶ</span> <span class='ocrx_word' id='word_1_185' title='bbox 951 1612 1045 1666; x_wconf 80' lang='grc' dir='ltr'>ὥρας</span> <span class='ocrx_word' id='word_1_186' title='bbox 1074 1615 1129 1652; x_wconf 83' lang='grc' dir='ltr'>εὐ-</span> 
     </span>
     <span class='ocr_line' id='line_1_24' title="bbox 112 1674 1130 1729; baseline -0.003 -13"><span class='ocrx_word' id='word_1_187' title='bbox 112 1676 261 1729; x_wconf 65' lang='grc' dir='ltr'>μορφία,</span> <span class='ocrx_word' id='word_1_188' title='bbox 291 1675 351 1714; x_wconf 78' lang='grc' dir='ltr'>καὶ</span> <span class='ocrx_word' id='word_1_189' title='bbox 380 1675 584 1727; x_wconf 89' lang='grc' dir='ltr'>στείρωσις,</span> <span class='ocrx_word' id='word_1_190' title='bbox 611 1674 670 1712; x_wconf 81' lang='grc' dir='ltr'>καὶ</span> <span class='ocrx_word' id='word_1_191' title='bbox 701 1674 823 1726; x_wconf 79' lang='grc' dir='ltr'>χρόνος</span> <span class='ocrx_word' id='word_1_192' title='bbox 855 1679 1039 1722; x_wconf 75' lang='grc' dir='ltr'>τοσοῦτος,</span> <span class='ocrx_word' id='word_1_193' title='bbox 1071 1676 1130 1713; x_wconf 83' lang='grc' dir='ltr'>καὶ</span> 
     </span>
     <span class='ocr_line' id='line_1_25' title="bbox 110 1735 1131 1790; baseline -0.004 -14"><span class='ocrx_word' id='word_1_194' title='bbox 110 1737 291 1790; x_wconf 86' lang='grc' dir='ltr'>περιουσία</span> <span class='ocrx_word' id='word_1_195' title='bbox 312 1736 448 1784; x_wconf 81' lang='grc' dir='ltr'>πολλὴ,</span> <span class='ocrx_word' id='word_1_196' title='bbox 475 1736 534 1774; x_wconf 76' lang='grc' dir='ltr'>καὶ</span> <span class='ocrx_word' id='word_1_197' title='bbox 566 1735 820 1786; x_wconf 87' lang='grc' dir='ltr'>μετανάστασις</span> <span class='ocrx_word' id='word_1_198' title='bbox 853 1735 1004 1782; x_wconf 84' lang='grc' dir='ltr'>τοσαύτη</span> <span class='ocrx_word' id='word_1_199' title='bbox 1023 1765 1033 1783; x_wconf 92' lang='grc'>,</span> <span class='ocrx_word' id='word_1_200' title='bbox 1070 1735 1131 1773; x_wconf 74' lang='grc' dir='ltr'>καὶ</span> 
     </span>
     <span class='ocr_line' id='line_1_26' title="bbox 111 1796 1130 1849; baseline -0.004 -11"><span class='ocrx_word' id='word_1_201' title='bbox 111 1799 313 1849; x_wconf 81' lang='grc' dir='ltr'>ἀποδημία,</span> <span class='ocrx_word' id='word_1_202' title='bbox 335 1797 394 1836; x_wconf 73' lang='grc' dir='ltr'>καὶ</span> <span class='ocrx_word' id='word_1_203' title='bbox 422 1796 611 1848; x_wconf 70' lang='grc' dir='ltr'>πειρασμοὶ</span> <span class='ocrx_word' id='word_1_204' title='bbox 642 1801 796 1847; x_wconf 75' lang='grc' dir='ltr'>συνεχεῖς</span> <span class='ocrx_word' id='word_1_205' title='bbox 824 1796 884 1834; x_wconf 84' lang='grc' dir='ltr'>καὶ</span> <span class='ocrx_word' id='word_1_206' title='bbox 913 1796 1130 1843; x_wconf 84' lang='grc' dir='ltr'>ἐπάλληλοι·</span> 
     </span>
     <span class='ocr_line' id='line_1_27' title="bbox 110 1856 1130 1909; baseline -0.003 -11"><span class='ocrx_word' id='word_1_207' title='bbox 110 1860 169 1898; x_wconf 81' lang='grc' dir='ltr'>καὶ</span> <span class='ocrx_word' id='word_1_208' title='bbox 197 1859 292 1897; x_wconf 77' lang='grc' dir='ltr'>οὐδὲν</span> <span class='ocrx_word' id='word_1_209' title='bbox 313 1859 440 1897; x_wconf 84' lang='grc' dir='ltr'>τούτων</span> <span class='ocrx_word' id='word_1_210' title='bbox 462 1859 569 1903; x_wconf 72' lang='grc' dir='ltr'>αὐτῆς</span> <span class='ocrx_word' id='word_1_211' title='bbox 587 1857 644 1894; x_wconf 83' lang='grc' dir='ltr'>τὸν</span> <span class='ocrx_word' id='word_1_212' title='bbox 663 1857 828 1907; x_wconf 86' lang='grc' dir='ltr'>λογισμὸν</span> <span class='ocrx_word' id='word_1_213' title='bbox 858 1856 1130 1909; x_wconf 85' lang='grc' dir='ltr'>παρεσάλευσεν,</span> 
     </span>
     <span class='ocr_line' id='line_1_28' title="bbox 111 1917 1129 1971; baseline -0.003 -12"><span class='ocrx_word' id='word_1_214' title='bbox 111 1923 186 1960; x_wconf 87' lang='grc' dir='ltr'>ἀλλ’</span> <span class='ocrx_word' id='word_1_215' title='bbox 208 1920 324 1971; x_wconf 86' lang='grc' dir='ltr'>ἔμενεν</span> <span class='ocrx_word' id='word_1_216' title='bbox 343 1918 606 1971; x_wconf 84' lang='grc' dir='ltr'>ἀπερίτρεπτος.</span> <span class='ocrx_word' id='word_1_217' title='bbox 628 1917 697 1954; x_wconf 67' lang='lat' dir='ltr'>Atei</span> <span class='ocrx_word' id='word_1_218' title='bbox 714 1933 767 1955; x_wconf 88' lang='grc' dir='ltr'>τοι</span> <span class='ocrx_word' id='word_1_219' title='bbox 784 1922 884 1956; x_wconf 74' lang='grc' dir='ltr'>τοῦτο</span> <span class='ocrx_word' id='word_1_220' title='bbox 900 1920 959 1955; x_wconf 89' lang='grc' dir='ltr'>καὶ</span> <span class='ocrx_word' id='word_1_221' title='bbox 974 1921 1034 1965; x_wconf 78' lang='grc' dir='ltr'>τῆς</span> <span class='ocrx_word' id='word_1_222' title='bbox 1046 1921 1129 1957; x_wconf 80' lang='grc' dir='ltr'>ὓπο-</span> 
     </span>
     <span class='ocr_line' id='line_1_29' title="bbox 111 1977 1131 2033; baseline -0.003 -13"><span class='ocrx_word' id='word_1_223' title='bbox 111 1985 217 2033; x_wconf 79' lang='grc' dir='ltr'>μονῆς</span> <span class='ocrx_word' id='word_1_224' title='bbox 240 1981 336 2025; x_wconf 81' lang='grc' dir='ltr'>ἀξίαν</span> <span class='ocrx_word' id='word_1_225' title='bbox 353 1981 415 2027; x_wconf 70' lang='grc' dir='ltr'>τὴν</span> <span class='ocrx_word' id='word_1_226' title='bbox 432 1978 583 2030; x_wconf 67' lang='grc' dir='ltr'>ἀμοιὸὴν</span> <span class='ocrx_word' id='word_1_227' title='bbox 603 1977 806 2028; x_wconf 80' lang='grc' dir='ltr'>ἐκομίσατο,</span> <span class='ocrx_word' id='word_1_228' title='bbox 826 1979 860 2015; x_wconf 82' lang='grc' dir='ltr'>ἐν</span> <span class='ocrx_word' id='word_1_229' title='bbox 884 1979 1023 2031; x_wconf 50' lang='grc' dir='ltr'>ἐσχάτῳ</span> <span class='ocrx_word' id='word_1_230' title='bbox 1039 1979 1131 2031; x_wconf 72' lang='grc' dir='ltr'>γήρα</span> 
     </span>
     <span class='ocr_line' id='line_1_30' title="bbox 110 2038 1130 2101; baseline -0.003 -20"><span class='ocrx_word' id='word_1_231' title='bbox 110 2045 180 2082; x_wconf 85' lang='grc' dir='ltr'>ἀπὸ</span> <span class='ocrx_word' id='word_1_232' title='bbox 199 2043 332 2095; x_wconf 77' lang='grc' dir='ltr'>μήτρας</span> <span class='ocrx_word' id='word_1_233' title='bbox 354 2038 610 2092; x_wconf 72' lang='grc' dir='ltr'>πεπηρωμένης</span> <span class='ocrx_word' id='word_1_234' title='bbox 624 2069 634 2087; x_wconf 95' lang='grc'>,</span> <span class='ocrx_word' id='word_1_235' title='bbox 653 2039 712 2077; x_wconf 86' lang='grc' dir='ltr'>καὶ</span> <span class='ocrx_word' id='word_1_236' title='bbox 733 2038 1130 2101; x_wconf 42' lang='grc' dir='ltr'>νηδύοςωνενεκρωμένης</span> 
     </span>
     <span class='ocr_line' id='line_1_31' title="bbox 110 2100 1129 2153; baseline -0.006 -10"><span class='ocrx_word' id='word_1_237' title='bbox 110 2111 219 2143; x_wconf 85' lang='grc' dir='ltr'>τεκεῖν</span> <span class='ocrx_word' id='word_1_238' title='bbox 240 2106 432 2149; x_wconf 85' lang='grc' dir='ltr'>δυνηθεῖσα.</span> <span class='ocrx_word' id='word_1_239' title='bbox 452 2102 578 2144; x_wconf 68' lang='grc' dir='ltr'>ζὈπως</span> <span class='ocrx_word' id='word_1_240' title='bbox 606 2101 659 2147; x_wconf 84' lang='grc' dir='ltr'>ἂν,</span> <span class='ocrx_word' id='word_1_241' title='bbox 686 2100 805 2152; x_wconf 76' lang='grc' dir='ltr'>φησὶν,</span> <span class='ocrx_word' id='word_1_242' title='bbox 838 2103 873 2138; x_wconf 80' lang='grc' dir='ltr'>εὖ</span> <span class='ocrx_word' id='word_1_243' title='bbox 899 2117 958 2151; x_wconf 87' lang='grc' dir='ltr'>μοι</span> <span class='ocrx_word' id='word_1_244' title='bbox 985 2101 1129 2153; x_wconf 81' lang='grc' dir='ltr'>γένηται</span> 
     </span>
     <span class='ocr_line' id='line_1_32' title="bbox 109 2161 1128 2214; baseline -0.003 -9"><span class='ocrx_word' id='word_1_245' title='bbox 109 2166 165 2204; x_wconf 74' lang='grc' dir='ltr'>διὰ</span> <span class='ocrx_word' id='word_1_246' title='bbox 185 2166 222 2204; x_wconf 79' lang='grc' dir='ltr'>σὲ</span> <span class='ocrx_word' id='word_1_247' title='bbox 235 2195 244 2212; x_wconf 94' lang='grc'>,</span> <span class='ocrx_word' id='word_1_248' title='bbox 275 2164 334 2203; x_wconf 84' lang='grc' dir='ltr'>καὶ</span> <span class='ocrx_word' id='word_1_249' title='bbox 353 2164 494 2210; x_wconf 79' lang='grc' dir='ltr'>ζήσεται</span> <span class='ocrx_word' id='word_1_250' title='bbox 510 2166 531 2209; x_wconf 78' lang='grc' dir='ltr'>ἡ</span> <span class='ocrx_word' id='word_1_251' title='bbox 551 2161 646 2214; x_wconf 76' lang='grc' dir='ltr'>ψυχή</span> <span class='ocrx_word' id='word_1_252' title='bbox 678 2177 743 2211; x_wconf 88' lang='grc' dir='ltr'>μου</span> <span class='ocrx_word' id='word_1_253' title='bbox 766 2161 882 2199; x_wconf 81' lang='grc' dir='ltr'>ἕνεκεν</span> <span class='ocrx_word' id='word_1_254' title='bbox 900 2167 971 2201; x_wconf 78' lang='grc' dir='ltr'>σοῦ.</span> <span class='ocrx_word' id='word_1_255' title='bbox 1002 2162 1128 2209; x_wconf 83' lang='grc' dir='ltr'>Οὐδὲν,</span> 
     </span>
    </p>
   </div>
   <div class='ocr_carea' id='block_1_7' title="bbox 1038 254 1195 283">
    <p class='ocr_par' dir='ltr' id='par_1_7' title="bbox 1038 254 1195 283">
     <span class='ocr_line' id='line_1_33' title="bbox 1038 254 1195 283; baseline -0.013 -2"><span class='ocrx_word' id='word_1_256' title='bbox 1038 254 1195 283; x_wconf 58' lang='lat' dir='ltr'>(nimis.</span> 
     </span>
    </p>
   </div>
   <div class='ocr_carea' id='block_1_8' title="bbox 1138 2199 1186 2222">
    <p class='ocr_par' dir='ltr' id='par_1_8' title="bbox 1138 2199 1186 2222">
     <span class='ocr_line' id='line_1_34' title="bbox 1138 2199 1186 2222; baseline 0 0"><span class='ocrx_word' id='word_1_257' title='bbox 1138 2199 1186 2222; x_wconf 70' lang='lat'>325</span> 
     </span>
    </p>
   </div>
   <div class='ocr_carea' id='block_1_9' title="bbox 1241 252 1578 282">
    <p class='ocr_par' dir='ltr' id='par_1_9' title="bbox 1241 252 1578 282">
     <span class='ocr_line' id='line_1_35' title="bbox 1241 252 1578 282; baseline 0.003 -1"><span class='ocrx_word' id='word_1_258' title='bbox 1241 252 1394 282; x_wconf 67' lang='lat' dir='ltr'>nomn„</span> <span class='ocrx_word' id='word_1_259' title='bbox 1436 252 1578 282; x_wconf 70' lang='lat' dir='ltr'><strong>XXXH·</strong></span> 
     </span>
    </p>
   </div>
   <div class='ocr_carea' id='block_1_10' title="bbox 1200 254 2166 2202">
    <p class='ocr_par' dir='ltr' id='par_1_10' title="bbox 1200 254 2166 2202">
     <span class='ocr_line' id='line_1_36' title="bbox 2073 254 2160 302; baseline 0 0"><span class='ocrx_word' id='word_1_260' title='bbox 2073 254 2097 285; x_wconf 53' lang='grc' dir='ltr'>ἶ)</span> <span class='ocrx_word' id='word_1_261' title='bbox 2105 261 2126 302; x_wconf 89' lang='grc'>7</span> <span class='ocrx_word' id='word_1_262' title='bbox 2137 260 2160 302; x_wconf 91' lang='lat'><em>7</em></span> 
     </span>
     <span class='ocr_line' id='line_1_37' title="bbox 1213 333 2163 386; baseline 0.003 -15"><span class='ocrx_word' id='word_1_263' title='bbox 1213 334 1337 372; x_wconf 88' lang='lat' dir='ltr'>mortis</span> <span class='ocrx_word' id='word_1_264' title='bbox 1349 349 1361 383; x_wconf 79' lang='lat'>3</span> <span class='ocrx_word' id='word_1_265' title='bbox 1383 333 1543 372; x_wconf 83' lang='lat' dir='ltr'>nondum</span> <span class='ocrx_word' id='word_1_266' title='bbox 1563 342 1663 372; x_wconf 86' lang='lat' dir='ltr'>erant</span> <span class='ocrx_word' id='word_1_267' title='bbox 1682 347 1778 372; x_wconf 80' lang='lat' dir='ltr'>aereae</span> <span class='ocrx_word' id='word_1_268' title='bbox 1813 342 1922 386; x_wconf 66' lang='lat' dir='ltr'>portae</span> <span class='ocrx_word' id='word_1_269' title='bbox 1954 337 2163 386; x_wconf 66' lang='lat' dir='ltr'>confracta-5</span> 
     </span>
     <span class='ocr_line' id='line_1_38' title="bbox 1213 393 2162 446; baseline 0.003 -13"><span class='ocrx_word' id='word_1_270' title='bbox 1213 394 1371 433; x_wconf 87' lang='lat' dir='ltr'>nondum</span> <span class='ocrx_word' id='word_1_271' title='bbox 1387 403 1461 432; x_wconf 87' lang='lat' dir='ltr'>erat</span> <span class='ocrx_word' id='word_1_272' title='bbox 1475 394 1620 432; x_wconf 87' lang='lat' dir='ltr'>aculeus</span> <span class='ocrx_word' id='word_1_273' title='bbox 1635 395 1712 446; x_wconf 86' lang='lat' dir='ltr'>ejus</span> <span class='ocrx_word' id='word_1_274' title='bbox 1727 393 2067 435; x_wconf 86' lang='lat' dir='ltr'>hebetatus.Vidisti</span> <span class='ocrx_word' id='word_1_275' title='bbox 2085 398 2162 436; x_wconf 80' lang='lat' dir='ltr'>vin-</span> 
     </span>
     <span class='ocr_line' id='line_1_39' title="bbox 1215 454 2160 504; baseline 0.003 -12"><span class='ocrx_word' id='word_1_276' title='bbox 1215 455 1338 492; x_wconf 89' lang='lat' dir='ltr'>culum</span> <span class='ocrx_word' id='word_1_277' title='bbox 1361 454 1519 493; x_wconf 85' lang='lat' dir='ltr'>caritatis</span> <span class='ocrx_word' id='word_1_278' title='bbox 1539 455 1610 493; x_wconf 89' lang='lat' dir='ltr'>viri</span> <span class='ocrx_word' id='word_1_279' title='bbox 1629 464 1662 492; x_wconf 90' lang='lat' dir='ltr'>et</span> <span class='ocrx_word' id='word_1_280' title='bbox 1676 454 1860 493; x_wconf 75' lang='lat' dir='ltr'>mulieris?</span> <span class='ocrx_word' id='word_1_281' title='bbox 1881 455 2004 494; x_wconf 80' lang='lat' dir='ltr'>vidisti</span> <span class='ocrx_word' id='word_1_282' title='bbox 2027 458 2160 504; x_wconf 89' lang='lat' dir='ltr'>virum,</span> 
     </span>
     <span class='ocr_line' id='line_1_40' title="bbox 1211 516 2163 568; baseline 0.005 -16"><span class='ocrx_word' id='word_1_283' title='bbox 1211 516 1331 565; x_wconf 79' lang='lat' dir='ltr'>qualia</span> <span class='ocrx_word' id='word_1_284' title='bbox 1352 516 1493 554; x_wconf 88' lang='lat' dir='ltr'>mulieri</span> <span class='ocrx_word' id='word_1_285' title='bbox 1510 530 1698 568; x_wconf 82' lang='lat' dir='ltr'><strong>suggerere</strong></span> <span class='ocrx_word' id='word_1_286' title='bbox 1711 516 1757 554; x_wconf 91' lang='lat' dir='ltr'>sit</span> <span class='ocrx_word' id='word_1_287' title='bbox 1775 530 1894 566; x_wconf 91' lang='lat' dir='ltr'>ausus,</span> <span class='ocrx_word' id='word_1_288' title='bbox 1911 526 1945 555; x_wconf 89' lang='lat' dir='ltr'>et</span> <span class='ocrx_word' id='word_1_289' title='bbox 1962 518 2067 568; x_wconf 88' lang='lat' dir='ltr'>quale</span> <span class='ocrx_word' id='word_1_290' title='bbox 2083 533 2163 557; x_wconf 92' lang='lat' dir='ltr'>con-</span> 
     </span>
     <span class='ocr_line' id='line_1_41' title="bbox 1211 576 2164 632; baseline 0.007 -20"><span class='ocrx_word' id='word_1_291' title='bbox 1211 576 1331 613; x_wconf 90' lang='lat' dir='ltr'>silium</span> <span class='ocrx_word' id='word_1_292' title='bbox 1348 577 1520 629; x_wconf 79' lang='lat' dir='ltr'>acceperit</span> <span class='ocrx_word' id='word_1_293' title='bbox 1542 577 1694 615; x_wconf 76' lang='lat' dir='ltr'>mulier?</span> <span class='ocrx_word' id='word_1_294' title='bbox 1710 578 1786 615; x_wconf 84' lang='lat' dir='ltr'>Non</span> <span class='ocrx_word' id='word_1_295' title='bbox 1805 578 1938 627; x_wconf 88' lang='lat' dir='ltr'>renuit,</span> <span class='ocrx_word' id='word_1_296' title='bbox 1958 593 2070 630; x_wconf 90' lang='lat' dir='ltr'>neque</span> <span class='ocrx_word' id='word_1_297' title='bbox 2083 594 2164 632; x_wconf 84' lang='lat' dir='ltr'>gra-</span> 
     </span>
     <span class='ocr_line' id='line_1_42' title="bbox 1214 636 2165 686; baseline 0.006 -13"><span class='ocrx_word' id='word_1_298' title='bbox 1214 637 1327 674; x_wconf 70' lang='lat' dir='ltr'>vatim</span> <span class='ocrx_word' id='word_1_299' title='bbox 1340 638 1407 674; x_wconf 89' lang='lat' dir='ltr'>sert</span> <span class='ocrx_word' id='word_1_300' title='bbox 1421 653 1427 673; x_wconf 93' lang='lat'><strong>:</strong></span> <span class='ocrx_word' id='word_1_301' title='bbox 1443 636 1503 674; x_wconf 89' lang='lat' dir='ltr'>sed</span> <span class='ocrx_word' id='word_1_302' title='bbox 1517 638 1632 675; x_wconf 89' lang='lat' dir='ltr'>omnia</span> <span class='ocrx_word' id='word_1_303' title='bbox 1650 639 1750 686; x_wconf 86' lang='lat' dir='ltr'>facit,</span> <span class='ocrx_word' id='word_1_304' title='bbox 1766 638 1813 676; x_wconf 81' lang='lat' dir='ltr'>ita</span> <span class='ocrx_word' id='word_1_305' title='bbox 1831 647 1867 676; x_wconf 93' lang='lat' dir='ltr'>ut</span> <span class='ocrx_word' id='word_1_306' title='bbox 1884 639 2004 678; x_wconf 85' lang='lat' dir='ltr'>sabula</span> <span class='ocrx_word' id='word_1_307' title='bbox 2020 650 2054 678; x_wconf 90' lang='lat' dir='ltr'>et</span> <span class='ocrx_word' id='word_1_308' title='bbox 2066 640 2165 679; x_wconf 81' lang='lat' dir='ltr'>fictio</span> 
     </span>
     <span class='ocr_line' id='line_1_43' title="bbox 1214 696 2166 747; baseline 0.008 -14"><span class='ocrx_word' id='word_1_309' title='bbox 1214 696 1275 734; x_wconf 86' lang='lat' dir='ltr'>illa</span> <span class='ocrx_word' id='word_1_310' title='bbox 1288 697 1406 734; x_wconf 83' lang='lat' dir='ltr'>lateat.</span> <span class='ocrx_word' id='word_1_311' title='bbox 1424 697 1582 735; x_wconf 80' lang='lat' dir='ltr'>Audiant</span> <span class='ocrx_word' id='word_1_312' title='bbox 1600 699 1666 735; x_wconf 84' lang='lat' dir='ltr'>viri</span> <span class='ocrx_word' id='word_1_313' title='bbox 1686 708 1719 736; x_wconf 91' lang='lat' dir='ltr'>et</span> <span class='ocrx_word' id='word_1_314' title='bbox 1739 699 1916 747; x_wconf 85' lang='lat' dir='ltr'>mulieres,</span> <span class='ocrx_word' id='word_1_315' title='bbox 1933 710 1965 738; x_wconf 88' lang='lat' dir='ltr'>ct</span> <span class='ocrx_word' id='word_1_316' title='bbox 1981 701 2166 740; x_wconf 82' lang='lat' dir='ltr'>imitentur</span> 
     </span>
     <span class='ocr_line' id='line_1_44' title="bbox 1213 758 2163 813; baseline 0.006 -18"><span class='ocrx_word' id='word_1_317' title='bbox 1213 758 1341 795; x_wconf 86' lang='lat' dir='ltr'>horum</span> <span class='ocrx_word' id='word_1_318' title='bbox 1356 758 1594 807; x_wconf 78' lang='lat' dir='ltr'>concordiam,</span> <span class='ocrx_word' id='word_1_319' title='bbox 1609 759 1795 797; x_wconf 90' lang='lat' dir='ltr'>vinculum</span> <span class='ocrx_word' id='word_1_320' title='bbox 1811 760 1982 806; x_wconf 87' lang='lat' dir='ltr'>caritatis,</span> <span class='ocrx_word' id='word_1_321' title='bbox 1999 762 2163 813; x_wconf 84' lang='lat' dir='ltr'>pietatem</span> 
     </span>
     <span class='ocr_line' id='line_1_45' title="bbox 1213 818 2164 873; baseline 0.005 -18"><span class='ocrx_word' id='word_1_322' title='bbox 1213 818 1399 869; x_wconf 82' lang='lat' dir='ltr'>insignem,</span> <span class='ocrx_word' id='word_1_323' title='bbox 1410 827 1444 856; x_wconf 92' lang='lat' dir='ltr'>et</span> <span class='ocrx_word' id='word_1_324' title='bbox 1458 818 1554 862; x_wconf 75' lang='lat' dir='ltr'>Sarae</span> <span class='ocrx_word' id='word_1_325' title='bbox 1569 818 1821 856; x_wconf 78' lang='lat' dir='ltr'>continentiam</span> <span class='ocrx_word' id='word_1_326' title='bbox 1837 821 2068 870; x_wconf 85' lang='lat' dir='ltr'>aemulentur;</span> <span class='ocrx_word' id='word_1_327' title='bbox 2085 837 2164 873; x_wconf 80' lang='lat' dir='ltr'>qua:</span> 
     </span>
     <span class='ocr_line' id='line_1_46' title="bbox 1211 879 2163 931; baseline 0.005 -14"><span class='ocrx_word' id='word_1_328' title='bbox 1211 879 1331 917; x_wconf 82' lang='lat' dir='ltr'>vetula</span> <span class='ocrx_word' id='word_1_329' title='bbox 1352 880 1387 917; x_wconf 91' lang='lat' dir='ltr'>in</span> <span class='ocrx_word' id='word_1_330' title='bbox 1416 888 1512 917; x_wconf 89' lang='lat' dir='ltr'>tanta</span> <span class='ocrx_word' id='word_1_331' title='bbox 1544 888 1728 917; x_wconf 82' lang='lat' dir='ltr'>venustate</span> <span class='ocrx_word' id='word_1_332' title='bbox 1762 894 1987 931; x_wconf 89' lang='lat' dir='ltr'>permanens,</span> <span class='ocrx_word' id='word_1_333' title='bbox 2008 885 2163 922; x_wconf 79' lang='lat' dir='ltr'>certabat</span> 
     </span>
     <span class='ocr_line' id='line_1_47' title="bbox 1210 939 2164 993; baseline 0.003 -14"><span class='ocrx_word' id='word_1_334' title='bbox 1210 955 1292 979; x_wconf 91' lang='lat' dir='ltr'>cum</span> <span class='ocrx_word' id='word_1_335' title='bbox 1307 941 1405 993; x_wconf 85' lang='lat' dir='ltr'>justo</span> <span class='ocrx_word' id='word_1_336' title='bbox 1420 940 1618 979; x_wconf 84' lang='lat' dir='ltr'>virtutibus</span> <span class='ocrx_word' id='word_1_337' title='bbox 1633 939 1733 978; x_wconf 88' lang='lat' dir='ltr'>:ideo</span> <span class='ocrx_word' id='word_1_338' title='bbox 1747 949 1781 978; x_wconf 92' lang='lat' dir='ltr'>et</span> <span class='ocrx_word' id='word_1_339' title='bbox 1797 949 1932 978; x_wconf 84' lang='lat' dir='ltr'>tantam</span> <span class='ocrx_word' id='word_1_340' title='bbox 1947 943 2023 993; x_wconf 83' lang='lat' dir='ltr'>ejus</span> <span class='ocrx_word' id='word_1_341' title='bbox 2042 957 2164 982; x_wconf 84' lang='lat' dir='ltr'>curam</span> 
     </span>
     <span class='ocr_line' id='line_1_48' title="bbox 1209 1002 2164 1054; baseline 0.004 -15"><span class='ocrx_word' id='word_1_342' title='bbox 1209 1002 1337 1040; x_wconf 86' lang='lat' dir='ltr'>habuit</span> <span class='ocrx_word' id='word_1_343' title='bbox 1356 1003 1467 1050; x_wconf 87' lang='lat' dir='ltr'>Deus,</span> <span class='ocrx_word' id='word_1_344' title='bbox 1489 1010 1698 1053; x_wconf 86' lang='lat' dir='ltr'>tantumque</span> <span class='ocrx_word' id='word_1_345' title='bbox 1716 1015 1868 1054; x_wconf 87' lang='lat' dir='ltr'>superne</span> <span class='ocrx_word' id='word_1_346' title='bbox 1881 1002 1934 1039; x_wconf 89' lang='lat' dir='ltr'>illi</span> <span class='ocrx_word' id='word_1_347' title='bbox 1948 1004 2164 1044; x_wconf 86' lang='lat' dir='ltr'>retributum</span> 
     </span>
     <span class='ocr_line' id='line_1_49' title="bbox 1209 1063 2164 1116; baseline 0.003 -14"><span class='ocrx_word' id='word_1_348' title='bbox 1209 1074 1273 1103; x_wconf 89' lang='lat' dir='ltr'>est.</span> <span class='ocrx_word' id='word_1_349' title='bbox 1291 1064 1426 1103; x_wconf 88' lang='lat' dir='ltr'>Nullus</span> <span class='ocrx_word' id='word_1_350' title='bbox 1437 1063 1548 1116; x_wconf 84' lang='lat' dir='ltr'>igitur</span> <span class='ocrx_word' id='word_1_351' title='bbox 1559 1072 1699 1102; x_wconf 89' lang='lat' dir='ltr'>accuset</span> <span class='ocrx_word' id='word_1_352' title='bbox 1710 1063 2029 1115; x_wconf 84' lang='lat' dir='ltr'>pulchritudinem,</span> <span class='ocrx_word' id='word_1_353' title='bbox 2043 1066 2164 1105; x_wconf 87' lang='lat' dir='ltr'>nullus</span> 
     </span>
     <span class='ocr_line' id='line_1_50' title="bbox 1207 1124 2164 1177; baseline 0.002 -14"><span class='ocrx_word' id='word_1_354' title='bbox 1207 1125 1285 1164; x_wconf 82' lang='lat' dir='ltr'>haec</span> <span class='ocrx_word' id='word_1_355' title='bbox 1302 1125 1444 1163; x_wconf 85' lang='lat' dir='ltr'>inutilia</span> <span class='ocrx_word' id='word_1_356' title='bbox 1466 1125 1577 1163; x_wconf 87' lang='lat' dir='ltr'>verba</span> <span class='ocrx_word' id='word_1_357' title='bbox 1594 1124 1691 1163; x_wconf 88' lang='lat' dir='ltr'>dicat</span> <span class='ocrx_word' id='word_1_358' title='bbox 1708 1140 1715 1160; x_wconf 92' lang='lat'>:</span> <span class='ocrx_word' id='word_1_359' title='bbox 1732 1124 1833 1162; x_wconf 87' lang='lat' dir='ltr'>Hanc</span> <span class='ocrx_word' id='word_1_360' title='bbox 1851 1125 2009 1176; x_wconf 84' lang='lat' dir='ltr'>perdidit</span> <span class='ocrx_word' id='word_1_361' title='bbox 2029 1126 2164 1177; x_wconf 75' lang='lat' dir='ltr'>forma,</span> 
     </span>
     <span class='ocr_line' id='line_1_51' title="bbox 1207 1184 2160 1239; baseline 0.002 -16"><span class='ocrx_word' id='word_1_362' title='bbox 1207 1186 1292 1224; x_wconf 85' lang='lat' dir='ltr'>huic</span> <span class='ocrx_word' id='word_1_363' title='bbox 1319 1186 1551 1238; x_wconf 83' lang='lat' dir='ltr'>pulchritudo</span> <span class='ocrx_word' id='word_1_364' title='bbox 1574 1198 1677 1223; x_wconf 86' lang='lat' dir='ltr'>causa</span> <span class='ocrx_word' id='word_1_365' title='bbox 1696 1184 1764 1222; x_wconf 82' lang='lat' dir='ltr'>fuit</span> <span class='ocrx_word' id='word_1_366' title='bbox 1781 1184 1956 1223; x_wconf 85' lang='lat' dir='ltr'>interitus.</span> <span class='ocrx_word' id='word_1_367' title='bbox 1977 1187 2056 1224; x_wconf 85' lang='lat' dir='ltr'>Non</span> <span class='ocrx_word' id='word_1_368' title='bbox 2077 1188 2160 1239; x_wconf 88' lang='lat' dir='ltr'>pul-</span> 
     </span>
     <span class='ocr_line' id='line_1_52' title="bbox 1207 1246 2162 1298; baseline 0.002 -14"><span class='ocrx_word' id='word_1_369' title='bbox 1207 1247 1375 1285; x_wconf 88' lang='lat' dir='ltr'>chritudo</span> <span class='ocrx_word' id='word_1_370' title='bbox 1395 1247 1428 1284; x_wconf 91' lang='lat' dir='ltr'>in</span> <span class='ocrx_word' id='word_1_371' title='bbox 1451 1260 1555 1284; x_wconf 87' lang='lat' dir='ltr'>causa</span> <span class='ocrx_word' id='word_1_372' title='bbox 1572 1256 1644 1284; x_wconf 85' lang='lat' dir='ltr'>est:</span> <span class='ocrx_word' id='word_1_373' title='bbox 1659 1246 1775 1296; x_wconf 63' lang='lat' dir='ltr'>absit,</span> <span class='ocrx_word' id='word_1_374' title='bbox 1800 1259 1890 1298; x_wconf 86' lang='lat' dir='ltr'>opus</span> <span class='ocrx_word' id='word_1_375' title='bbox 1909 1246 2004 1284; x_wconf 90' lang='lat' dir='ltr'>enim</span> <span class='ocrx_word' id='word_1_376' title='bbox 2023 1248 2089 1285; x_wconf 91' lang='lat' dir='ltr'>Dei</span> <span class='ocrx_word' id='word_1_377' title='bbox 2111 1258 2162 1286; x_wconf 88' lang='lat' dir='ltr'>est</span> 
     </span>
     <span class='ocr_line' id='line_1_53' title="bbox 1208 1306 2161 1359; baseline 0.002 -14"><span class='ocrx_word' id='word_1_378' title='bbox 1208 1316 1240 1345; x_wconf 91' lang='lat' dir='ltr'>et</span> <span class='ocrx_word' id='word_1_379' title='bbox 1256 1307 1348 1359; x_wconf 87' lang='lat' dir='ltr'>ipsa:</span> <span class='ocrx_word' id='word_1_380' title='bbox 1360 1306 1422 1345; x_wconf 89' lang='lat' dir='ltr'>sed</span> <span class='ocrx_word' id='word_1_381' title='bbox 1437 1321 1602 1359; x_wconf 83' lang='lat' dir='ltr'>perversa</span> <span class='ocrx_word' id='word_1_382' title='bbox 1620 1307 1786 1346; x_wconf 82' lang='lat' dir='ltr'>voluntas</span> <span class='ocrx_word' id='word_1_383' title='bbox 1807 1306 1984 1345; x_wconf 88' lang='lat' dir='ltr'>malorum</span> <span class='ocrx_word' id='word_1_384' title='bbox 2001 1308 2161 1347; x_wconf 90' lang='lat' dir='ltr'>omnium</span> 
     </span>
     <span class='ocr_line' id='line_1_54' title="bbox 1208 1367 2160 1408; baseline 0.002 -2"><span class='ocrx_word' id='word_1_385' title='bbox 1208 1382 1310 1406; x_wconf 87' lang='lat' dir='ltr'>causa</span> <span class='ocrx_word' id='word_1_386' title='bbox 1331 1377 1393 1406; x_wconf 80' lang='lat' dir='ltr'>est.</span> <span class='ocrx_word' id='word_1_387' title='bbox 1417 1367 1553 1408; x_wconf 83' lang='lat' dir='ltr'>Vidisti</span> <span class='ocrx_word' id='word_1_388' title='bbox 1576 1367 1827 1406; x_wconf 84' lang='lat' dir='ltr'>admirabilem</span> <span class='ocrx_word' id='word_1_389' title='bbox 1856 1368 1948 1406; x_wconf 75' lang='lat' dir='ltr'>lianc</span> <span class='ocrx_word' id='word_1_390' title='bbox 1977 1369 2160 1408; x_wconf 90' lang='lat' dir='ltr'>mulierem</span> 
     </span>
     <span class='ocr_line' id='line_1_55' title="bbox 1207 1428 2162 1480; baseline 0.002 -14"><span class='ocrx_word' id='word_1_391' title='bbox 1207 1430 1374 1480; x_wconf 84' lang='lat' dir='ltr'>utrinque</span> <span class='ocrx_word' id='word_1_392' title='bbox 1393 1429 1621 1478; x_wconf 73' lang='lat' dir='ltr'>relucentem,</span> <span class='ocrx_word' id='word_1_393' title='bbox 1636 1438 1669 1466; x_wconf 92' lang='lat' dir='ltr'>et</span> <span class='ocrx_word' id='word_1_394' title='bbox 1687 1428 1733 1466; x_wconf 92' lang='lat' dir='ltr'>ob</span> <span class='ocrx_word' id='word_1_395' title='bbox 1755 1428 2062 1480; x_wconf 87' lang='lat' dir='ltr'>pulchritudinem</span> <span class='ocrx_word' id='word_1_396' title='bbox 2083 1431 2162 1468; x_wconf 88' lang='lat' dir='ltr'>ani-</span> 
     </span>
     <span class='ocr_line' id='line_1_56' title="bbox 1207 1488 2160 1542; baseline 0.001 -15"><span class='ocrx_word' id='word_1_397' title='bbox 1207 1503 1286 1539; x_wconf 83' lang='lat' dir='ltr'>mae,</span> <span class='ocrx_word' id='word_1_398' title='bbox 1297 1499 1331 1527; x_wconf 90' lang='lat' dir='ltr'>et</span> <span class='ocrx_word' id='word_1_399' title='bbox 1343 1489 1390 1527; x_wconf 88' lang='lat' dir='ltr'>ob</span> <span class='ocrx_word' id='word_1_400' title='bbox 1402 1489 1659 1527; x_wconf 83' lang='lat' dir='ltr'>formositatem</span> <span class='ocrx_word' id='word_1_401' title='bbox 1668 1488 1770 1526; x_wconf 86' lang='lat' dir='ltr'>faciei</span> <span class='ocrx_word' id='word_1_402' title='bbox 1783 1488 2027 1541; x_wconf 72' lang='lat' dir='ltr'>vestigiajiisti</span> <span class='ocrx_word' id='word_1_403' title='bbox 2039 1491 2160 1542; x_wconf 77' lang='lat' dir='ltr'>proxi-</span> 
     </span>
     <span class='ocr_line' id='line_1_57' title="bbox 1207 1548 2160 1600; baseline 0.002 -14"><span class='ocrx_word' id='word_1_404' title='bbox 1207 1562 1264 1587; x_wconf 91' lang='lat' dir='ltr'>me</span> <span class='ocrx_word' id='word_1_405' title='bbox 1276 1549 1504 1600; x_wconf 73' lang='lat' dir='ltr'>sequentem?</span> <span class='ocrx_word' id='word_1_406' title='bbox 1514 1549 1614 1587; x_wconf 91' lang='lat' dir='ltr'>Hanc</span> <span class='ocrx_word' id='word_1_407' title='bbox 1625 1548 1809 1586; x_wconf 84' lang='lat' dir='ltr'>imitentur</span> <span class='ocrx_word' id='word_1_408' title='bbox 1824 1548 2001 1587; x_wconf 88' lang='lat' dir='ltr'>mulieres.</span> <span class='ocrx_word' id='word_1_409' title='bbox 2018 1549 2160 1588; x_wconf 87' lang='lat' dir='ltr'>Etenim</span> 
     </span>
     <span class='ocr_line' id='line_1_58' title="bbox 1206 1608 2158 1659; baseline 0.001 -12"><span class='ocrx_word' id='word_1_410' title='bbox 1206 1623 1269 1647; x_wconf 91' lang='lat' dir='ltr'>nec</span> <span class='ocrx_word' id='word_1_411' title='bbox 1294 1609 1490 1647; x_wconf 72' lang='lat' dir='ltr'>venustatis</span> <span class='ocrx_word' id='word_1_412' title='bbox 1517 1608 1638 1659; x_wconf 88' lang='lat' dir='ltr'>decor,</span> <span class='ocrx_word' id='word_1_413' title='bbox 1654 1622 1717 1647; x_wconf 92' lang='lat' dir='ltr'>nec</span> <span class='ocrx_word' id='word_1_414' title='bbox 1734 1608 1913 1656; x_wconf 88' lang='lat' dir='ltr'>sterilitas,</span> <span class='ocrx_word' id='word_1_415' title='bbox 1931 1623 1994 1647; x_wconf 89' lang='lat' dir='ltr'>nec</span> <span class='ocrx_word' id='word_1_416' title='bbox 2020 1619 2158 1648; x_wconf 88' lang='lat' dir='ltr'>tantum</span> 
     </span>
     <span class='ocr_line' id='line_1_59' title="bbox 1205 1668 2160 1721; baseline 0.004 -15"><span class='ocrx_word' id='word_1_417' title='bbox 1205 1678 1359 1721; x_wconf 87' lang='lat' dir='ltr'>tempus,</span> <span class='ocrx_word' id='word_1_418' title='bbox 1379 1684 1443 1708; x_wconf 87' lang='lat' dir='ltr'>nec</span> <span class='ocrx_word' id='word_1_419' title='bbox 1470 1670 1682 1709; x_wconf 86' lang='lat' dir='ltr'>facultatum</span> <span class='ocrx_word' id='word_1_420' title='bbox 1709 1668 1944 1720; x_wconf 85' lang='lat' dir='ltr'>abundantia,</span> <span class='ocrx_word' id='word_1_421' title='bbox 1967 1684 2079 1721; x_wconf 90' lang='lat' dir='ltr'>neque</span> <span class='ocrx_word' id='word_1_422' title='bbox 2110 1681 2160 1710; x_wconf 92' lang='lat' dir='ltr'>tot</span> 
     </span>
     <span class='ocr_line' id='line_1_60' title="bbox 1205 1730 2160 1783; baseline 0.002 -15"><span class='ocrx_word' id='word_1_423' title='bbox 1205 1731 1447 1782; x_wconf 83' lang='lat' dir='ltr'>migrationes,</span> <span class='ocrx_word' id='word_1_424' title='bbox 1467 1745 1580 1782; x_wconf 89' lang='lat' dir='ltr'>neque</span> <span class='ocrx_word' id='word_1_425' title='bbox 1599 1730 1913 1783; x_wconf 81' lang='lat' dir='ltr'>peregrinationeS,</span> <span class='ocrx_word' id='word_1_426' title='bbox 1933 1740 1966 1768; x_wconf 88' lang='lat' dir='ltr'>et</span> <span class='ocrx_word' id='word_1_427' title='bbox 1985 1732 2160 1770; x_wconf 65' lang='lat' dir='ltr'>continuae</span> 
     </span>
     <span class='ocr_line' id='line_1_61' title="bbox 1205 1788 2158 1841; baseline 0.002 -14"><span class='ocrx_word' id='word_1_428' title='bbox 1205 1790 1406 1841; x_wconf 61' lang='lat' dir='ltr'>crebraeque</span> <span class='ocrx_word' id='word_1_429' title='bbox 1417 1790 1638 1840; x_wconf 84' lang='lat' dir='ltr'>tentationes,</span> <span class='ocrx_word' id='word_1_430' title='bbox 1650 1789 1707 1827; x_wconf 72' lang='lat' dir='ltr'>vel</span> <span class='ocrx_word' id='word_1_431' title='bbox 1717 1788 1897 1840; x_wconf 88' lang='lat' dir='ltr'>quidquid</span> <span class='ocrx_word' id='word_1_432' title='bbox 1913 1789 1992 1838; x_wconf 91' lang='lat' dir='ltr'>tale,</span> <span class='ocrx_word' id='word_1_433' title='bbox 2004 1800 2158 1830; x_wconf 82' lang='lat' dir='ltr'>mentem</span> 
     </span>
     <span class='ocr_line' id='line_1_62' title="bbox 1205 1849 2155 1902; baseline 0.004 -15"><span class='ocrx_word' id='word_1_434' title='bbox 1205 1851 1280 1902; x_wconf 85' lang='lat' dir='ltr'>ejus</span> <span class='ocrx_word' id='word_1_435' title='bbox 1300 1865 1442 1889; x_wconf 80' lang='lat' dir='ltr'>movere</span> <span class='ocrx_word' id='word_1_436' title='bbox 1455 1859 1647 1902; x_wconf 88' lang='lat' dir='ltr'>potueruut</span> <span class='ocrx_word' id='word_1_437' title='bbox 1661 1865 1668 1886; x_wconf 81' lang='grc' dir='ltr'>ε</span> <span class='ocrx_word' id='word_1_438' title='bbox 1684 1849 1882 1889; x_wconf 89' lang='lat' dir='ltr'>immobilis</span> <span class='ocrx_word' id='word_1_439' title='bbox 1896 1850 1989 1888; x_wconf 91' lang='lat' dir='ltr'>enim</span> <span class='ocrx_word' id='word_1_440' title='bbox 2011 1852 2155 1891; x_wconf 64' lang='lat' dir='ltr'>mansit.</span> 
     </span>
     <span class='ocr_line' id='line_1_63' title="bbox 1205 1908 2158 1963; baseline 0.004 -17"><span class='ocrx_word' id='word_1_441' title='bbox 1205 1908 1311 1946; x_wconf 82' lang='lat' dir='ltr'>Unde</span> <span class='ocrx_word' id='word_1_442' title='bbox 1327 1909 1373 1946; x_wconf 89' lang='lat' dir='ltr'>ob</span> <span class='ocrx_word' id='word_1_443' title='bbox 1389 1909 1610 1961; x_wconf 82' lang='lat' dir='ltr'>patientiam,</span> <span class='ocrx_word' id='word_1_444' title='bbox 1624 1908 1771 1960; x_wconf 84' lang='lat' dir='ltr'>dignam</span> <span class='ocrx_word' id='word_1_445' title='bbox 1788 1910 1983 1948; x_wconf 89' lang='lat' dir='ltr'>mercedem</span> <span class='ocrx_word' id='word_1_446' title='bbox 2000 1921 2158 1963; x_wconf 86' lang='lat' dir='ltr'>reporta-</span> 
     </span>
     <span class='ocr_line' id='line_1_64' title="bbox 1204 1969 2158 2019; baseline 0.004 -13"><span class='ocrx_word' id='word_1_447' title='bbox 1204 1969 1277 2007; x_wconf 80' lang='lat' dir='ltr'>vit:</span> <span class='ocrx_word' id='word_1_448' title='bbox 1294 1969 1329 2007; x_wconf 89' lang='lat' dir='ltr'>in</span> <span class='ocrx_word' id='word_1_449' title='bbox 1350 1978 1507 2007; x_wconf 80' lang='lat' dir='ltr'>extrema</span> <span class='ocrx_word' id='word_1_450' title='bbox 1528 1969 1623 2007; x_wconf 91' lang='lat' dir='ltr'>enim</span> <span class='ocrx_word' id='word_1_451' title='bbox 1643 1979 1831 2019; x_wconf 87' lang='lat' dir='ltr'>senectute,</span> <span class='ocrx_word' id='word_1_452' title='bbox 1853 1985 1898 2008; x_wconf 80' lang='lat' dir='ltr'>ex</span> <span class='ocrx_word' id='word_1_453' title='bbox 1913 1971 2025 2009; x_wconf 77' lang='lat' dir='ltr'>vulva</span> <span class='ocrx_word' id='word_1_454' title='bbox 2045 1972 2158 2010; x_wconf 89' lang='lat' dir='ltr'>sterili</span> 
     </span>
     <span class='ocr_line' id='line_1_65' title="bbox 1204 2031 2159 2084; baseline 0.003 -17"><span class='ocrx_word' id='word_1_455' title='bbox 1204 2039 1237 2068; x_wconf 93' lang='lat' dir='ltr'>et</span> <span class='ocrx_word' id='word_1_456' title='bbox 1257 2039 1357 2068; x_wconf 90' lang='lat' dir='ltr'>utero</span> <span class='ocrx_word' id='word_1_457' title='bbox 1377 2039 1536 2068; x_wconf 91' lang='lat' dir='ltr'>emortuo</span> <span class='ocrx_word' id='word_1_458' title='bbox 1551 2045 1674 2082; x_wconf 85' lang='lat' dir='ltr'>parere</span> <span class='ocrx_word' id='word_1_459' title='bbox 1687 2031 1816 2082; x_wconf 87' lang='lat' dir='ltr'>potuit.</span> <span class='ocrx_word' id='word_1_460' title='bbox 1834 2033 1883 2069; x_wconf 76' lang='lat' dir='ltr'>L&#39;t</span> <span class='ocrx_word' id='word_1_461' title='bbox 1899 2033 2008 2078; x_wconf 70' lang='lat' dir='ltr'>milei,</span> <span class='ocrx_word' id='word_1_462' title='bbox 2028 2032 2159 2084; x_wconf 89' lang='lat' dir='ltr'>inquit,</span> 
     </span>
     <span class='ocr_line' id='line_1_66' title="bbox 1205 2092 2156 2144; baseline 0.003 -17"><span class='ocrx_word' id='word_1_463' title='bbox 1205 2092 1298 2128; x_wconf 80' lang='lat' dir='ltr'>bene</span> <span class='ocrx_word' id='word_1_464' title='bbox 1314 2094 1362 2129; x_wconf 80' lang='lat' dir='ltr'>sit</span> <span class='ocrx_word' id='word_1_465' title='bbox 1378 2100 1534 2142; x_wconf 82' lang='lat' dir='ltr'>propter</span> <span class='ocrx_word' id='word_1_466' title='bbox 1555 2100 1605 2140; x_wconf 85' lang='lat' dir='ltr'>te,</span> <span class='ocrx_word' id='word_1_467' title='bbox 1625 2099 1661 2128; x_wconf 86' lang='lat' dir='ltr'>et</span> <span class='ocrx_word' id='word_1_468' title='bbox 1678 2093 1784 2128; x_wconf 76' lang='lat' dir='ltr'>vivet</span> <span class='ocrx_word' id='word_1_469' title='bbox 1810 2094 1945 2128; x_wconf 83' lang='lat' dir='ltr'>anima</span> <span class='ocrx_word' id='word_1_470' title='bbox 1963 2107 2049 2130; x_wconf 82' lang='lat' dir='ltr'>mea</span> <span class='ocrx_word' id='word_1_471' title='bbox 2062 2107 2156 2144; x_wconf 89' lang='lat' dir='ltr'>pro-</span> 
     </span>
     <span class='ocr_line' id='line_1_67' title="bbox 1200 2151 2157 2202; baseline 0.005 -15"><span class='ocrx_word' id='word_1_472' title='bbox 1200 2160 1286 2202; x_wconf 79' lang='lat' dir='ltr'>pter</span> <span class='ocrx_word' id='word_1_473' title='bbox 1303 2160 1350 2190; x_wconf 87' lang='lat' dir='ltr'>te.</span> <span class='ocrx_word' id='word_1_474' title='bbox 1365 2151 1478 2198; x_wconf 85' lang='lat' dir='ltr'>Quasi</span> <span class='ocrx_word' id='word_1_475' title='bbox 1488 2151 1622 2189; x_wconf 89' lang='lat' dir='ltr'>diceret</span> <span class='ocrx_word' id='word_1_476' title='bbox 1635 2167 1643 2187; x_wconf 92' lang='lat'>:</span> <span class='ocrx_word' id='word_1_477' title='bbox 1657 2151 1757 2189; x_wconf 83' lang='lat' dir='ltr'>Nihil</span> <span class='ocrx_word' id='word_1_478' title='bbox 1771 2151 1872 2188; x_wconf 86' lang='lat' dir='ltr'>aliud</span> <span class='ocrx_word' id='word_1_479' title='bbox 1888 2152 2052 2190; x_wconf 88' lang='lat' dir='ltr'>relictum</span> <span class='ocrx_word' id='word_1_480' title='bbox 2066 2154 2157 2192; x_wconf 86' lang='lat' dir='ltr'>mihi</span> 
     </span>
    </p>
   </div>
   <div class='ocr_carea' id='block_1_11' title="bbox 108 2211 2155 2279">
    <p class='ocr_par' dir='ltr' id='par_1_11' title="bbox 108 2211 2155 2279">
     <span class='ocr_line' id='line_1_68' title="bbox 108 2211 2155 2279; baseline 0.001 -30"><span class='ocrx_word' id='word_1_481' title='bbox 108 2228 224 2279; x_wconf 58' lang='grc' dir='ltr'>φησὶν,</span> <span class='ocrx_word' id='word_1_482' title='bbox 256 2225 371 2278; x_wconf 61' lang='grc' dir='ltr'>ἕτερον</span> <span class='ocrx_word' id='word_1_483' title='bbox 391 2223 638 2263; x_wconf 61' lang='grc' dir='ltr'>ὑπολέλειπταί</span> <span class='ocrx_word' id='word_1_484' title='bbox 669 2238 729 2272; x_wconf 62' lang='grc' dir='ltr'>μοι</span> <span class='ocrx_word' id='word_1_485' title='bbox 748 2225 795 2265; x_wconf 67' lang='grc' dir='ltr'>εἷς</span> <span class='ocrx_word' id='word_1_486' title='bbox 829 2224 1020 2275; x_wconf 57' lang='grc' dir='ltr'>σωτηρίαν,</span> <span class='ocrx_word' id='word_1_487' title='bbox 1043 2223 1064 2270; x_wconf 78' lang='grc' dir='ltr'>ἢ</span> <span class='ocrx_word' id='word_1_488' title='bbox 1087 2225 1126 2263; x_wconf 70' lang='grc' dir='ltr'>τὸ</span> <span class='ocrx_word' id='word_1_489' title='bbox 1151 2235 1176 2264; x_wconf 61' lang='grc' dir='ltr'>Α</span> <span class='ocrx_word' id='word_1_490' title='bbox 1202 2211 1315 2250; x_wconf 85' lang='lat' dir='ltr'>estad</span> <span class='ocrx_word' id='word_1_491' title='bbox 1333 2212 1500 2261; x_wconf 87' lang='lat' dir='ltr'>salutem,</span> <span class='ocrx_word' id='word_1_492' title='bbox 1520 2225 1628 2262; x_wconf 89' lang='lat' dir='ltr'>quam</span> <span class='ocrx_word' id='word_1_493' title='bbox 1647 2220 1685 2248; x_wconf 91' lang='lat' dir='ltr'>ut</span> <span class='ocrx_word' id='word_1_494' title='bbox 1701 2211 1942 2250; x_wconf 53' lang='lat' dir='ltr'>dicam-Soror</span> <span class='ocrx_word' id='word_1_495' title='bbox 1959 2228 2041 2266; x_wconf 78' lang='lat' dir='ltr'>eJus</span> <span class='ocrx_word' id='word_1_496' title='bbox 2058 2229 2155 2252; x_wconf 79' lang='lat' dir='ltr'>sum.</span> 
     </span>
    </p>
   </div>
   <div class='ocr_carea' id='block_1_12' title="bbox 105 2282 1127 2946">
    <p class='ocr_par' dir='ltr' id='par_1_12' title="bbox 105 2282 1127 2581">
     <span class='ocr_line' id='line_1_69' title="bbox 108 2282 1127 2338; baseline -0.004 -11"><span class='ocrx_word' id='word_1_497' title='bbox 108 2286 145 2327; x_wconf 77' lang='grc' dir='ltr'>σὲ</span> <span class='ocrx_word' id='word_1_498' title='bbox 179 2288 389 2338; x_wconf 79' lang='grc' dir='ltr'>βουληθῆναι</span> <span class='ocrx_word' id='word_1_499' title='bbox 415 2287 536 2332; x_wconf 87' lang='grc' dir='ltr'>εἰπεῖν,</span> <span class='ocrx_word' id='word_1_500' title='bbox 552 2283 607 2323; x_wconf 73' lang='grc' dir='ltr'>ὅτι</span> <span class='ocrx_word' id='word_1_501' title='bbox 627 2282 771 2335; x_wconf 62' lang='grc' dir='ltr'>Ἀδελφὴ</span> <span class='ocrx_word' id='word_1_502' title='bbox 794 2284 898 2321; x_wconf 77' lang='grc' dir='ltr'>αὐτοῦ</span> <span class='ocrx_word' id='word_1_503' title='bbox 919 2286 1003 2334; x_wconf 84' lang='grc' dir='ltr'>εἰμι.</span> <span class='ocrx_word' id='word_1_504' title='bbox 1023 2284 1127 2328; x_wconf 87' lang='grc' dir='ltr'>Ἴσως</span> 
     </span>
     <span class='ocr_line' id='line_1_70' title="bbox 105 2343 1127 2400; baseline -0.002 -14"><span class='ocrx_word' id='word_1_505' title='bbox 105 2348 173 2400; x_wconf 73' lang='grc' dir='ltr'>γὰρ</span> <span class='ocrx_word' id='word_1_506' title='bbox 192 2346 418 2399; x_wconf 70' lang='grc' dir='ltr'>διαφεύξομαι</span> <span class='ocrx_word' id='word_1_507' title='bbox 433 2346 490 2384; x_wconf 83' lang='grc' dir='ltr'>τὸν</span> <span class='ocrx_word' id='word_1_508' title='bbox 505 2343 790 2397; x_wconf 79' lang='grc' dir='ltr'>προσδοκώμενον</span> <span class='ocrx_word' id='word_1_509' title='bbox 806 2344 974 2393; x_wconf 87' lang='grc' dir='ltr'>κίνδυνον,</span> <span class='ocrx_word' id='word_1_510' title='bbox 994 2345 1053 2384; x_wconf 86' lang='grc' dir='ltr'>καὶ</span> <span class='ocrx_word' id='word_1_511' title='bbox 1069 2345 1127 2384; x_wconf 81' lang='grc' dir='ltr'>διὰ</span> 
     </span>
     <span class='ocr_line' id='line_1_71' title="bbox 107 2404 1126 2457; baseline -0.002 -10"><span class='ocrx_word' id='word_1_512' title='bbox 107 2409 145 2448; x_wconf 80' lang='grc' dir='ltr'>σὲ</span> <span class='ocrx_word' id='word_1_513' title='bbox 163 2408 282 2447; x_wconf 85' lang='grc' dir='ltr'>λοιπὸν</span> <span class='ocrx_word' id='word_1_514' title='bbox 302 2408 473 2457; x_wconf 82' lang='grc' dir='ltr'>ζήσομαι,</span> <span class='ocrx_word' id='word_1_515' title='bbox 503 2406 563 2444; x_wconf 77' lang='grc' dir='ltr'>καὶ</span> <span class='ocrx_word' id='word_1_516' title='bbox 596 2405 649 2444; x_wconf 78' lang='grc' dir='ltr'>σοὶ</span> <span class='ocrx_word' id='word_1_517' title='bbox 682 2406 746 2452; x_wconf 82' lang='grc' dir='ltr'>τὴν</span> <span class='ocrx_word' id='word_1_518' title='bbox 778 2404 867 2454; x_wconf 85' lang='grc' dir='ltr'>μετὰ</span> <span class='ocrx_word' id='word_1_519' title='bbox 898 2411 1010 2445; x_wconf 81' lang='grc' dir='ltr'>ταῦτα</span> <span class='ocrx_word' id='word_1_520' title='bbox 1035 2405 1126 2454; x_wconf 73' lang='grc' dir='ltr'>ζωὴν</span> 
     </span>
     <span class='ocr_line' id='line_1_72' title="bbox 108 2466 1125 2521; baseline -0.003 -13"><span class='ocrx_word' id='word_1_521' title='bbox 108 2469 386 2521; x_wconf 66' lang='grc' dir='ltr'>Ιἐ’πιγροίψομαι.</span> <span class='ocrx_word' id='word_1_522' title='bbox 405 2467 526 2506; x_wconf 83' lang='grc' dir='ltr'>Ἱκανὰ</span> <span class='ocrx_word' id='word_1_523' title='bbox 550 2466 594 2505; x_wconf 78' lang='grc' dir='ltr'>τὰ</span> <span class='ocrx_word' id='word_1_524' title='bbox 619 2466 761 2520; x_wconf 75' lang='grc' dir='ltr'>ῥήματα</span> <span class='ocrx_word' id='word_1_525' title='bbox 789 2466 1044 2518; x_wconf 79' lang='grc' dir='ltr'>ἐφελκύσασθαι</span> <span class='ocrx_word' id='word_1_526' title='bbox 1062 2467 1125 2515; x_wconf 81' lang='grc' dir='ltr'>τὴν</span> 
     </span>
     <span class='ocr_line' id='line_1_73' title="bbox 106 2527 834 2581; baseline -0.003 -15"><span class='ocrx_word' id='word_1_527' title='bbox 106 2535 251 2581; x_wconf 80' lang='grc' dir='ltr'>γυναῖκα</span> <span class='ocrx_word' id='word_1_528' title='bbox 264 2560 273 2576; x_wconf 91' lang='grc'>,</span> <span class='ocrx_word' id='word_1_529' title='bbox 292 2529 351 2566; x_wconf 80' lang='grc' dir='ltr'>καὶ</span> <span class='ocrx_word' id='word_1_530' title='bbox 377 2530 422 2571; x_wconf 85' lang='grc' dir='ltr'>εἷς</span> <span class='ocrx_word' id='word_1_531' title='bbox 441 2527 658 2578; x_wconf 76' lang='grc' dir='ltr'>συμπάθειαν</span> <span class='ocrx_word' id='word_1_532' title='bbox 679 2529 834 2579; x_wconf 83' lang='grc' dir='ltr'>ἀγαγεῖν.</span> 
     </span>
    </p>

    <p class='ocr_par' dir='ltr' id='par_1_13' title="bbox 105 2587 1127 2946">
     <span class='ocr_line' id='line_1_74' title="bbox 158 2587 1126 2640; baseline -0.001 -10"><span class='ocrx_word' id='word_1_533' title='bbox 158 2593 272 2630; x_wconf 77' lang='grc' dir='ltr'>Τοῦτο</span> <span class='ocrx_word' id='word_1_534' title='bbox 288 2592 424 2636; x_wconf 84' lang='grc' dir='ltr'>ἀληθῶς</span> <span class='ocrx_word' id='word_1_535' title='bbox 446 2588 668 2636; x_wconf 85' lang='grc' dir='ltr'>συνοικέσιον,</span> <span class='ocrx_word' id='word_1_536' title='bbox 684 2588 724 2626; x_wconf 78' lang='grc' dir='ltr'>τὸ</span> <span class='ocrx_word' id='word_1_537' title='bbox 744 2587 793 2639; x_wconf 81' lang='grc' dir='ltr'>μὴ</span> <span class='ocrx_word' id='word_1_538' title='bbox 811 2587 913 2638; x_wconf 88' lang='grc' dir='ltr'>μόνον</span> <span class='ocrx_word' id='word_1_539' title='bbox 933 2591 968 2627; x_wconf 83' lang='grc' dir='ltr'>ἐν</span> <span class='ocrx_word' id='word_1_540' title='bbox 989 2589 1126 2640; x_wconf 82' lang='grc' dir='ltr'>ἀνέσει,</span> 
     </span>
     <span class='ocr_line' id='line_1_75' title="bbox 106 2649 1124 2705; baseline -0.002 -14"><span class='ocrx_word' id='word_1_541' title='bbox 106 2652 197 2691; x_wconf 79' lang='grc' dir='ltr'>ἀλλὰ</span> <span class='ocrx_word' id='word_1_542' title='bbox 215 2651 274 2690; x_wconf 80' lang='grc' dir='ltr'>καὶ</span> <span class='ocrx_word' id='word_1_543' title='bbox 294 2653 328 2689; x_wconf 83' lang='grc' dir='ltr'>ἐν</span> <span class='ocrx_word' id='word_1_544' title='bbox 350 2657 420 2694; x_wconf 88' lang='grc' dir='ltr'>τοῖς</span> <span class='ocrx_word' id='word_1_545' title='bbox 448 2649 615 2692; x_wconf 86' lang='grc' dir='ltr'>κινδύνοις</span> <span class='ocrx_word' id='word_1_546' title='bbox 634 2651 767 2693; x_wconf 82' lang='grc' dir='ltr'>ἑαυτοῖς</span> <span class='ocrx_word' id='word_1_547' title='bbox 785 2649 1124 2705; x_wconf 77' lang='grc' dir='ltr'>συμπεριφέρεσθαι·</span> 
     </span>
     <span class='ocr_line' id='line_1_76' title="bbox 106 2710 1125 2766; baseline 0 -15"><span class='ocrx_word' id='word_1_548' title='bbox 106 2717 206 2752; x_wconf 73' lang='grc' dir='ltr'>τοῦτο</span> <span class='ocrx_word' id='word_1_549' title='bbox 225 2712 361 2764; x_wconf 84' lang='grc' dir='ltr'>ἀγάπης</span> <span class='ocrx_word' id='word_1_550' title='bbox 384 2710 527 2764; x_wconf 80' lang='grc' dir='ltr'>γνησίας</span> <span class='ocrx_word' id='word_1_551' title='bbox 544 2710 746 2762; x_wconf 77' lang='grc' dir='ltr'>τεκμήριον,</span> <span class='ocrx_word' id='word_1_552' title='bbox 768 2713 870 2748; x_wconf 81' lang='grc' dir='ltr'>τοῦτο</span> <span class='ocrx_word' id='word_1_553' title='bbox 891 2711 1006 2764; x_wconf 68' lang='grc' dir='ltr'>φιλίας</span> <span class='ocrx_word' id='word_1_554' title='bbox 1025 2713 1125 2766; x_wconf 85' lang='grc' dir='ltr'>ἄκρι-</span> 
     </span>
     <span class='ocr_line' id='line_1_77' title="bbox 106 2771 1126 2826; baseline 0 -14"><span class='ocrx_word' id='word_1_555' title='bbox 106 2775 277 2820; x_wconf 70' lang='grc' dir='ltr'>ὃεστάτης</span> <span class='ocrx_word' id='word_1_556' title='bbox 295 2773 488 2826; x_wconf 70' lang='grc' dir='ltr'>γνώρισμα.</span> <span class='ocrx_word' id='word_1_557' title='bbox 509 2774 589 2824; x_wconf 76' lang='grc' dir='ltr'>Οὐχ</span> <span class='ocrx_word' id='word_1_558' title='bbox 615 2771 704 2810; x_wconf 80' lang='grc' dir='ltr'>οὕτω</span> <span class='ocrx_word' id='word_1_559' title='bbox 736 2771 890 2822; x_wconf 77' lang='grc' dir='ltr'>διάδημα</span> <span class='ocrx_word' id='word_1_560' title='bbox 909 2773 967 2811; x_wconf 80' lang='grc' dir='ltr'>ἐπὶ</span> <span class='ocrx_word' id='word_1_561' title='bbox 985 2777 1048 2820; x_wconf 75' lang='grc' dir='ltr'>τῆς</span> <span class='ocrx_word' id='word_1_562' title='bbox 1069 2790 1126 2813; x_wconf 89' lang='grc' dir='ltr'>κε-</span> 
     </span>
     <span class='ocr_line' id='line_1_78' title="bbox 105 2832 1127 2886; baseline -0.001 -14"><span class='ocrx_word' id='word_1_563' title='bbox 105 2835 216 2886; x_wconf 75' lang='grc' dir='ltr'>φαλῆς</span> <span class='ocrx_word' id='word_1_564' title='bbox 244 2833 399 2883; x_wconf 85' lang='grc' dir='ltr'>κείμενον</span> <span class='ocrx_word' id='word_1_565' title='bbox 430 2832 591 2886; x_wconf 83' lang='grc' dir='ltr'>λαμπρὸν</span> <span class='ocrx_word' id='word_1_566' title='bbox 616 2832 768 2870; x_wconf 87' lang='grc' dir='ltr'>δείκνυσι</span> <span class='ocrx_word' id='word_1_567' title='bbox 798 2832 856 2870; x_wconf 84' lang='grc' dir='ltr'>τὸν</span> <span class='ocrx_word' id='word_1_568' title='bbox 892 2832 1061 2884; x_wconf 80' lang='grc' dir='ltr'>βασιλέα,</span> <span class='ocrx_word' id='word_1_569' title='bbox 1080 2836 1127 2877; x_wconf 78' lang='grc' dir='ltr'>ὥς</span> 
     </span>
     <span class='ocr_line' id='line_1_79' title="bbox 106 2892 1125 2946; baseline 0 -13"><span class='ocrx_word' id='word_1_570' title='bbox 106 2895 168 2942; x_wconf 77' lang='grc' dir='ltr'>τὴν</span> <span class='ocrx_word' id='word_1_571' title='bbox 190 2894 363 2945; x_wconf 79' lang='grc' dir='ltr'>μακαρίαν</span> <span class='ocrx_word' id='word_1_572' title='bbox 387 2893 515 2940; x_wconf 90' lang='grc' dir='ltr'>ταύτην</span> <span class='ocrx_word' id='word_1_573' title='bbox 532 2896 705 2944; x_wconf 73' lang='grc' dir='ltr'>περιφανῆ</span> <span class='ocrx_word' id='word_1_574' title='bbox 725 2892 784 2930; x_wconf 88' lang='grc' dir='ltr'>καὶ</span> <span class='ocrx_word' id='word_1_575' title='bbox 802 2892 968 2946; x_wconf 79' lang='grc' dir='ltr'>λαμπρὰν</span> <span class='ocrx_word' id='word_1_576' title='bbox 988 2894 1125 2933; x_wconf 78' lang='grc' dir='ltr'>ἀπέδει·</span> 
     </span>
    </p>
   </div>
   <div class='ocr_carea' id='block_1_13' title="bbox 107 2953 1173 3005">
    <p class='ocr_par' dir='ltr' id='par_1_14' title="bbox 107 2953 1173 3005">
     <span class='ocr_line' id='line_1_80' title="bbox 107 2953 1173 3005; baseline 0.001 -11"><span class='ocrx_word' id='word_1_577' title='bbox 107 2957 159 3000; x_wconf 85' lang='grc' dir='ltr'>ξεν</span> <span class='ocrx_word' id='word_1_578' title='bbox 169 2959 190 3002; x_wconf 83' lang='grc' dir='ltr'>ἡ</span> <span class='ocrx_word' id='word_1_579' title='bbox 202 2954 338 3001; x_wconf 78' lang='grc' dir='ltr'>ὑπακοὴ</span> <span class='ocrx_word' id='word_1_580' title='bbox 355 2953 441 3001; x_wconf 69' lang='grc' dir='ltr'>αὕτη</span> <span class='ocrx_word' id='word_1_581' title='bbox 454 2984 464 2998; x_wconf 91' lang='grc'>,</span> <span class='ocrx_word' id='word_1_582' title='bbox 479 2954 520 3000; x_wconf 79' lang='grc' dir='ltr'>ἣν</span> <span class='ocrx_word' id='word_1_583' title='bbox 534 2953 615 3005; x_wconf 82' lang='grc' dir='ltr'>περὶ</span> <span class='ocrx_word' id='word_1_584' title='bbox 629 2953 692 2999; x_wconf 77' lang='grc' dir='ltr'>τὴν</span> <span class='ocrx_word' id='word_1_585' title='bbox 704 2953 905 3004; x_wconf 64' lang='grc' dir='ltr'>συμὸουλὴν</span> <span class='ocrx_word' id='word_1_586' title='bbox 919 2958 979 2991; x_wconf 75' lang='grc' dir='ltr'>τοῦ</span> <span class='ocrx_word' id='word_1_587' title='bbox 993 2955 1126 2994; x_wconf 87' lang='grc' dir='ltr'>δικαίου</span> <span class='ocrx_word' id='word_1_588' title='bbox 1151 2966 1173 2995; x_wconf 78' lang='grc' dir='ltr'>Β</span> 
     </span>
    </p>
   </div>
   <div class='ocr_carea' id='block_1_14' title="bbox 105 3008 1126 3370">
    <p class='ocr_par' dir='ltr' id='par_1_15' title="bbox 105 3008 1126 3370">
     <span class='ocr_line' id='line_1_81' title="bbox 106 3008 1125 3067; baseline -0.001 -12"><span class='ocrx_word' id='word_1_589' title='bbox 106 3016 312 3061; x_wconf 81' lang='grc' dir='ltr'>ἐπεδείξατο.</span> <span class='ocrx_word' id='word_1_590' title='bbox 333 3014 422 3053; x_wconf 83' lang='grc' dir='ltr'>Τίνα</span> <span class='ocrx_word' id='word_1_591' title='bbox 439 3008 495 3052; x_wconf 63' lang='grc' dir='ltr'>οὖν</span> <span class='ocrx_word' id='word_1_592' title='bbox 512 3013 551 3052; x_wconf 83' lang='grc' dir='ltr'>τὸ</span> <span class='ocrx_word' id='word_1_593' title='bbox 574 3013 700 3060; x_wconf 86' lang='grc' dir='ltr'>ταύτης</span> <span class='ocrx_word' id='word_1_594' title='bbox 719 3013 926 3058; x_wconf 79' lang='grc' dir='ltr'>καταπειθὲς</span> <span class='ocrx_word' id='word_1_595' title='bbox 946 3015 1125 3067; x_wconf 83' lang='grc' dir='ltr'>λογιζόμε-</span> 
     </span>
     <span class='ocr_line' id='line_1_82' title="bbox 105 3074 1124 3128; baseline 0 -14"><span class='ocrx_word' id='word_1_596' title='bbox 105 3094 160 3116; x_wconf 90' lang='grc' dir='ltr'>νον</span> <span class='ocrx_word' id='word_1_597' title='bbox 189 3079 250 3115; x_wconf 75' lang='grc' dir='ltr'>οὐκ</span> <span class='ocrx_word' id='word_1_598' title='bbox 282 3075 464 3122; x_wconf 69' lang='grc' dir='ltr'>ἐκστήσεις</span> <span class='ocrx_word' id='word_1_599' title='bbox 497 3074 548 3118; x_wconf 84' lang='grc' dir='ltr'>τίς</span> <span class='ocrx_word' id='word_1_600' title='bbox 576 3074 644 3128; x_wconf 76' lang='grc' dir='ltr'>γὰρ</span> <span class='ocrx_word' id='word_1_601' title='bbox 677 3074 716 3112; x_wconf 72' lang='grc' dir='ltr'>ἂν</span> <span class='ocrx_word' id='word_1_602' title='bbox 751 3077 829 3112; x_wconf 84' lang='grc' dir='ltr'>κατ’</span> <span class='ocrx_word' id='word_1_603' title='bbox 863 3075 960 3120; x_wconf 81' lang='grc' dir='ltr'>ἀξίαν</span> <span class='ocrx_word' id='word_1_604' title='bbox 995 3076 1124 3124; x_wconf 87' lang='grc' dir='ltr'>ταύτην</span> 
     </span>
     <span class='ocr_line' id='line_1_83' title="bbox 106 3135 1126 3188; baseline -0.002 -12"><span class='ocrx_word' id='word_1_605' title='bbox 106 3138 329 3183; x_wconf 78' lang='grc' dir='ltr'>ἐπαινέσειεν,</span> <span class='ocrx_word' id='word_1_606' title='bbox 356 3136 542 3187; x_wconf 71' lang='grc' dir='ltr'>ἥτιςμετὰ</span> <span class='ocrx_word' id='word_1_607' title='bbox 559 3135 732 3182; x_wconf 86' lang='grc' dir='ltr'>τοσαύτην</span> <span class='ocrx_word' id='word_1_608' title='bbox 753 3136 992 3188; x_wconf 75' lang='grc' dir='ltr'>σωφροσύνην,</span> <span class='ocrx_word' id='word_1_609' title='bbox 1013 3138 1070 3175; x_wconf 76' lang='grc' dir='ltr'>καὶ</span> <span class='ocrx_word' id='word_1_610' title='bbox 1091 3140 1126 3176; x_wconf 82' lang='grc' dir='ltr'>ἐν</span> 
     </span>
     <span class='ocr_line' id='line_1_84' title="bbox 106 3196 1124 3252; baseline 0.001 -16"><span class='ocrx_word' id='word_1_611' title='bbox 106 3199 225 3252; x_wconf 65' lang='grc' dir='ltr'>ἡλικία</span> <span class='ocrx_word' id='word_1_612' title='bbox 242 3198 383 3249; x_wconf 79' lang='grc' dir='ltr'>τοιαύτῃ</span> <span class='ocrx_word' id='word_1_613' title='bbox 411 3197 499 3249; x_wconf 75' lang='grc' dir='ltr'>ὑπὲρ</span> <span class='ocrx_word' id='word_1_614' title='bbox 518 3201 577 3235; x_wconf 74' lang='grc' dir='ltr'>τοῦ</span> <span class='ocrx_word' id='word_1_615' title='bbox 595 3197 652 3235; x_wconf 73' lang='grc' dir='ltr'>τὸν</span> <span class='ocrx_word' id='word_1_616' title='bbox 682 3196 814 3234; x_wconf 84' lang='grc' dir='ltr'>δίκαιον</span> <span class='ocrx_word' id='word_1_617' title='bbox 837 3197 1025 3245; x_wconf 78' lang='grc' dir='ltr'>διασῶσαι,</span> <span class='ocrx_word' id='word_1_618' title='bbox 1045 3198 1124 3237; x_wconf 78' lang='grc' dir='ltr'>ὅσον</span> 
     </span>
     <span class='ocr_line' id='line_1_85' title="bbox 107 3257 1123 3309; baseline 0.001 -12"><span class='ocrx_word' id='word_1_619' title='bbox 107 3263 154 3303; x_wconf 84' lang='grc' dir='ltr'>εἰς</span> <span class='ocrx_word' id='word_1_620' title='bbox 173 3259 234 3306; x_wconf 81' lang='grc' dir='ltr'>τὴν</span> <span class='ocrx_word' id='word_1_621' title='bbox 250 3259 377 3296; x_wconf 83' lang='grc' dir='ltr'>οἰκείαν</span> <span class='ocrx_word' id='word_1_622' title='bbox 396 3258 551 3309; x_wconf 80' lang='grc' dir='ltr'>γνώμην,</span> <span class='ocrx_word' id='word_1_623' title='bbox 569 3258 627 3295; x_wconf 74' lang='grc' dir='ltr'>καὶ</span> <span class='ocrx_word' id='word_1_624' title='bbox 659 3259 704 3301; x_wconf 87' lang='grc' dir='ltr'>εἷς</span> <span class='ocrx_word' id='word_1_625' title='bbox 728 3257 888 3309; x_wconf 71' lang='grc' dir='ltr'>μοιχείαν</span> <span class='ocrx_word' id='word_1_626' title='bbox 908 3259 1034 3307; x_wconf 70' lang='grc' dir='ltr'>ἑαυτὴν</span> <span class='ocrx_word' id='word_1_627' title='bbox 1050 3260 1123 3304; x_wconf 81' lang='grc' dir='ltr'>ἐξέ-</span> 
     </span>
     <span class='ocr_line' id='line_1_86' title="bbox 108 3318 1124 3370; baseline 0 -11"><span class='ocrx_word' id='word_1_628' title='bbox 108 3324 226 3367; x_wconf 72' lang='grc' dir='ltr'>δωκεν,</span> <span class='ocrx_word' id='word_1_629' title='bbox 260 3320 316 3357; x_wconf 73' lang='grc' dir='ltr'>καὶ</span> <span class='ocrx_word' id='word_1_630' title='bbox 348 3318 524 3362; x_wconf 79' lang='grc' dir='ltr'>συνουσίας</span> <span class='ocrx_word' id='word_1_631' title='bbox 559 3319 726 3370; x_wconf 73' lang='grc' dir='ltr'>ἠνέσχετο</span> <span class='ocrx_word' id='word_1_632' title='bbox 762 3318 998 3370; x_wconf 60' lang='grc' dir='ltr'>βαρῧαρικῆς,</span> <span class='ocrx_word' id='word_1_633' title='bbox 1021 3321 1124 3360; x_wconf 62' lang='grc' dir='ltr'>Ἀλλὰ</span> 
     </span>
    </p>
   </div>
   <div class='ocr_carea' id='block_1_15' title="bbox 151 3438 628 3484">
    <p class='ocr_par' dir='ltr' id='par_1_16' title="bbox 151 3438 628 3484">
     <span class='ocr_line' id='line_1_87' title="bbox 151 3438 628 3484; baseline -0.002 -12"><span class='ocrx_word' id='word_1_634' title='bbox 151 3452 163 3465; x_wconf 78' lang='lat'>³</span> <span class='ocrx_word' id='word_1_635' title='bbox 181 3438 239 3470; x_wconf 71' lang='lat' dir='ltr'>Alii</span> <span class='ocrx_word' id='word_1_636' title='bbox 258 3449 307 3477; x_wconf 67' lang='grc' dir='ltr'>τῆς</span> <span class='ocrx_word' id='word_1_637' title='bbox 324 3445 373 3472; x_wconf 67' lang='lat'>:03</span> <span class='ocrx_word' id='word_1_638' title='bbox 390 3444 464 3473; x_wconf 64' lang='grc' dir='ltr'>Θεοῦ</span> <span class='ocrx_word' id='word_1_639' title='bbox 483 3444 628 3484; x_wconf 56' lang='grc' dir='ltr'>προνοίας.</span> 
     </span>
    </p>
   </div>
   <div class='ocr_carea' id='block_1_16' title="bbox 1199 2271 2156 2570">
    <p class='ocr_par' dir='ltr' id='par_1_17' title="bbox 1199 2271 2156 2570">
     <span class='ocr_line' id='line_1_88' title="bbox 1201 2271 2156 2325; baseline 0.002 -14"><span class='ocrx_word' id='word_1_640' title='bbox 1201 2273 1375 2311; x_wconf 88' lang='lat' dir='ltr'>Fortassis</span> <span class='ocrx_word' id='word_1_641' title='bbox 1393 2272 1488 2310; x_wconf 91' lang='lat' dir='ltr'>enim</span> <span class='ocrx_word' id='word_1_642' title='bbox 1509 2272 1681 2323; x_wconf 81' lang='lat' dir='ltr'>effugiam</span> <span class='ocrx_word' id='word_1_643' title='bbox 1704 2271 1906 2325; x_wconf 86' lang='lat' dir='ltr'>perieulum</span> <span class='ocrx_word' id='word_1_644' title='bbox 1924 2274 2022 2325; x_wconf 87' lang='lat' dir='ltr'>quod</span> <span class='ocrx_word' id='word_1_645' title='bbox 2039 2277 2156 2314; x_wconf 84' lang='lat' dir='ltr'>refor—</span> 
     </span>
     <span class='ocr_line' id='line_1_89' title="bbox 1201 2333 2155 2386; baseline 0.003 -15"><span class='ocrx_word' id='word_1_646' title='bbox 1201 2333 1312 2383; x_wconf 89' lang='lat' dir='ltr'>mido,</span> <span class='ocrx_word' id='word_1_647' title='bbox 1331 2342 1364 2371; x_wconf 90' lang='lat' dir='ltr'>et</span> <span class='ocrx_word' id='word_1_648' title='bbox 1382 2333 1532 2386; x_wconf 83' lang='lat' dir='ltr'>posthae</span> <span class='ocrx_word' id='word_1_649' title='bbox 1549 2342 1693 2385; x_wconf 87' lang='lat' dir='ltr'>propter</span> <span class='ocrx_word' id='word_1_650' title='bbox 1711 2342 1745 2371; x_wconf 88' lang='lat' dir='ltr'>tc</span> <span class='ocrx_word' id='word_1_651' title='bbox 1759 2333 1896 2383; x_wconf 79' lang='lat' dir='ltr'>vivam,</span> <span class='ocrx_word' id='word_1_652' title='bbox 1918 2344 1952 2372; x_wconf 89' lang='lat' dir='ltr'>et</span> <span class='ocrx_word' id='word_1_653' title='bbox 1972 2335 2039 2373; x_wconf 90' lang='lat' dir='ltr'>tibi</span> <span class='ocrx_word' id='word_1_654' title='bbox 2059 2337 2155 2386; x_wconf 85' lang='lat' dir='ltr'>quod</span> 
     </span>
     <span class='ocr_line' id='line_1_90' title="bbox 1199 2395 2156 2448; baseline 0.002 -15"><span class='ocrx_word' id='word_1_655' title='bbox 1199 2395 1381 2447; x_wconf 87' lang='lat' dir='ltr'>reliquum</span> <span class='ocrx_word' id='word_1_656' title='bbox 1394 2395 1477 2434; x_wconf 84' lang='lat' dir='ltr'>vitae</span> <span class='ocrx_word' id='word_1_657' title='bbox 1491 2395 1597 2433; x_wconf 87' lang='lat' dir='ltr'>fuerit</span> <span class='ocrx_word' id='word_1_658' title='bbox 1612 2405 1796 2448; x_wconf 87' lang='lat' dir='ltr'>acceptum</span> <span class='ocrx_word' id='word_1_659' title='bbox 1815 2396 1976 2436; x_wconf 83' lang='lat' dir='ltr'>referam.</span> <span class='ocrx_word' id='word_1_660' title='bbox 1992 2398 2156 2436; x_wconf 80' lang='lat' dir='ltr'>Sufficie-</span> 
     </span>
     <span class='ocr_line' id='line_1_91' title="bbox 1199 2456 2155 2498; baseline 0.003 -3"><span class='ocrx_word' id='word_1_661' title='bbox 1199 2457 1286 2495; x_wconf 87' lang='lat' dir='ltr'>bant</span> <span class='ocrx_word' id='word_1_662' title='bbox 1297 2457 1375 2495; x_wconf 83' lang='lat' dir='ltr'>haec</span> <span class='ocrx_word' id='word_1_663' title='bbox 1392 2457 1503 2496; x_wconf 74' lang='lat' dir='ltr'>verba</span> <span class='ocrx_word' id='word_1_664' title='bbox 1519 2456 1565 2494; x_wconf 88' lang='lat' dir='ltr'>ad</span> <span class='ocrx_word' id='word_1_665' title='bbox 1582 2457 1921 2496; x_wconf 80' lang='lat' dir='ltr'>commiserationem</span> <span class='ocrx_word' id='word_1_666' title='bbox 1942 2459 2064 2497; x_wconf 81' lang='lat' dir='ltr'>uxoris</span> <span class='ocrx_word' id='word_1_667' title='bbox 2079 2474 2155 2498; x_wconf 89' lang='lat' dir='ltr'>mo-</span> 
     </span>
     <span class='ocr_line' id='line_1_92' title="bbox 1199 2517 1804 2570; baseline 0 -14"><span class='ocrx_word' id='word_1_668' title='bbox 1199 2518 1366 2567; x_wconf 68' lang='lat' dir='ltr'>vendam,</span> <span class='ocrx_word' id='word_1_669' title='bbox 1384 2527 1417 2557; x_wconf 90' lang='lat' dir='ltr'>et</span> <span class='ocrx_word' id='word_1_670' title='bbox 1436 2517 1482 2556; x_wconf 87' lang='lat' dir='ltr'>ad</span> <span class='ocrx_word' id='word_1_671' title='bbox 1503 2518 1804 2570; x_wconf 85' lang='lat' dir='ltr'>persuadendum.</span> 
     </span>
    </p>
   </div>
   <div class='ocr_carea' id='block_1_17' title="bbox 1199 2587 2154 3369">
    <p class='ocr_par' dir='ltr' id='par_1_18' title="bbox 1199 2587 2154 3369">
     <span class='ocr_line' id='line_1_93' title="bbox 1253 2587 2154 2638; baseline 0.003 -12"><span class='ocrx_word' id='word_1_672' title='bbox 1253 2591 1292 2627; x_wconf 84' lang='lat'>6.</span> <span class='ocrx_word' id='word_1_673' title='bbox 1315 2588 1390 2626; x_wconf 88' lang='lat' dir='ltr'>Hoc</span> <span class='ocrx_word' id='word_1_674' title='bbox 1412 2602 1496 2626; x_wconf 86' lang='lat' dir='ltr'>vere</span> <span class='ocrx_word' id='word_1_675' title='bbox 1515 2596 1566 2625; x_wconf 87' lang='lat' dir='ltr'>est</span> <span class='ocrx_word' id='word_1_676' title='bbox 1589 2587 1812 2638; x_wconf 82' lang='lat' dir='ltr'>conjugium,</span> <span class='ocrx_word' id='word_1_677' title='bbox 1834 2587 1976 2638; x_wconf 87' lang='lat' dir='ltr'>quando</span> <span class='ocrx_word' id='word_1_678' title='bbox 2008 2603 2076 2628; x_wconf 89' lang='lat' dir='ltr'>non</span> <span class='ocrx_word' id='word_1_679' title='bbox 2096 2605 2154 2629; x_wconf 90' lang='lat' dir='ltr'>so-</span> 
     </span>
     <span class='ocr_line' id='line_1_94' title="bbox 1200 2647 2152 2701; baseline 0.001 -14"><span class='ocrx_word' id='word_1_680' title='bbox 1200 2650 1276 2688; x_wconf 87' lang='lat' dir='ltr'>lum</span> <span class='ocrx_word' id='word_1_681' title='bbox 1291 2649 1326 2687; x_wconf 90' lang='lat' dir='ltr'>in</span> <span class='ocrx_word' id='word_1_682' title='bbox 1341 2648 1587 2701; x_wconf 84' lang='lat' dir='ltr'>prosperitate,</span> <span class='ocrx_word' id='word_1_683' title='bbox 1601 2647 1664 2685; x_wconf 88' lang='lat' dir='ltr'>sed</span> <span class='ocrx_word' id='word_1_684' title='bbox 1678 2648 1758 2685; x_wconf 82' lang='lat' dir='ltr'>etin</span> <span class='ocrx_word' id='word_1_685' title='bbox 1773 2647 1940 2699; x_wconf 87' lang='lat' dir='ltr'>periculis</span> <span class='ocrx_word' id='word_1_686' title='bbox 1957 2649 2063 2687; x_wconf 88' lang='lat' dir='ltr'>simul</span> <span class='ocrx_word' id='word_1_687' title='bbox 2077 2665 2152 2688; x_wconf 89' lang='lat' dir='ltr'>am-</span> 
     </span>
     <span class='ocr_line' id='line_1_95' title="bbox 1200 2708 2154 2760; baseline 0.001 -11"><span class='ocrx_word' id='word_1_688' title='bbox 1200 2710 1423 2750; x_wconf 85' lang='lat' dir='ltr'>bulant:hoc</span> <span class='ocrx_word' id='word_1_689' title='bbox 1438 2723 1612 2760; x_wconf 82' lang='lat' dir='ltr'>germanae</span> <span class='ocrx_word' id='word_1_690' title='bbox 1638 2708 1794 2746; x_wconf 86' lang='lat' dir='ltr'>caritatis</span> <span class='ocrx_word' id='word_1_691' title='bbox 1811 2708 1983 2747; x_wconf 88' lang='lat' dir='ltr'>indicium</span> <span class='ocrx_word' id='word_1_692' title='bbox 2000 2719 2068 2759; x_wconf 73' lang='lat' dir='ltr'>est,</span> <span class='ocrx_word' id='word_1_693' title='bbox 2084 2711 2154 2750; x_wconf 90' lang='lat' dir='ltr'>hoc</span> 
     </span>
     <span class='ocr_line' id='line_1_96' title="bbox 1200 2769 2154 2824; baseline -0.001 -13"><span class='ocrx_word' id='word_1_694' title='bbox 1200 2772 1302 2824; x_wconf 87' lang='lat' dir='ltr'>signo</span> <span class='ocrx_word' id='word_1_695' title='bbox 1321 2770 1515 2810; x_wconf 84' lang='lat' dir='ltr'>certissime</span> <span class='ocrx_word' id='word_1_696' title='bbox 1535 2769 1786 2807; x_wconf 86' lang='lat' dir='ltr'>internoscitur</span> <span class='ocrx_word' id='word_1_697' title='bbox 1803 2769 1972 2807; x_wconf 84' lang='lat' dir='ltr'>amicitia.</span> <span class='ocrx_word' id='word_1_698' title='bbox 2002 2772 2081 2809; x_wconf 80' lang='lat' dir='ltr'>Non</span> <span class='ocrx_word' id='word_1_699' title='bbox 2101 2773 2154 2815; x_wconf 79' lang='lat' dir='ltr'>sic</span> 
     </span>
     <span class='ocr_line' id='line_1_97' title="bbox 1200 2829 2154 2884; baseline 0 -14"><span class='ocrx_word' id='word_1_700' title='bbox 1200 2832 1364 2871; x_wconf 88' lang='lat' dir='ltr'>diadema</span> <span class='ocrx_word' id='word_1_701' title='bbox 1380 2831 1414 2869; x_wconf 91' lang='lat' dir='ltr'>in</span> <span class='ocrx_word' id='word_1_702' title='bbox 1432 2830 1546 2883; x_wconf 86' lang='lat' dir='ltr'>capite</span> <span class='ocrx_word' id='word_1_703' title='bbox 1562 2830 1719 2882; x_wconf 88' lang='lat' dir='ltr'>positum</span> <span class='ocrx_word' id='word_1_704' title='bbox 1734 2843 1852 2880; x_wconf 84' lang='lat' dir='ltr'>regem</span> <span class='ocrx_word' id='word_1_705' title='bbox 1867 2829 2032 2880; x_wconf 73' lang='lat' dir='ltr'>illustrat,</span> <span class='ocrx_word' id='word_1_706' title='bbox 2047 2842 2154 2884; x_wconf 78' lang='lat' dir='ltr'>atque</span> 
     </span>
     <span class='ocr_line' id='line_1_98' title="bbox 1202 2890 2154 2944; baseline 0 -12"><span class='ocrx_word' id='word_1_707' title='bbox 1202 2892 1402 2932; x_wconf 84' lang='lat' dir='ltr'>obedientia</span> <span class='ocrx_word' id='word_1_708' title='bbox 1430 2891 1507 2937; x_wconf 87' lang='lat' dir='ltr'>illa,</span> <span class='ocrx_word' id='word_1_709' title='bbox 1530 2906 1599 2942; x_wconf 89' lang='lat' dir='ltr'>qua</span> <span class='ocrx_word' id='word_1_710' title='bbox 1621 2890 1769 2929; x_wconf 91' lang='lat' dir='ltr'>consilio</span> <span class='ocrx_word' id='word_1_711' title='bbox 1790 2890 1878 2942; x_wconf 88' lang='lat' dir='ltr'>justi</span> <span class='ocrx_word' id='word_1_712' title='bbox 1910 2893 2043 2944; x_wconf 81' lang='lat' dir='ltr'>paruit,</span> <span class='ocrx_word' id='word_1_713' title='bbox 2061 2894 2154 2932; x_wconf 88' lang='lat' dir='ltr'>hanc</span> 
     </span>
     <span class='ocr_line' id='line_1_99' title="bbox 1201 2951 2152 2992; baseline 0 0"><span class='ocrx_word' id='word_1_714' title='bbox 1201 2954 1341 2992; x_wconf 85' lang='lat' dir='ltr'>beatam</span> <span class='ocrx_word' id='word_1_715' title='bbox 1360 2953 1528 2991; x_wconf 84' lang='lat' dir='ltr'>seminam</span> <span class='ocrx_word' id='word_1_716' title='bbox 1541 2952 1715 2989; x_wconf 85' lang='lat' dir='ltr'>illustrem</span> <span class='ocrx_word' id='word_1_717' title='bbox 1732 2959 1764 2989; x_wconf 88' lang='lat' dir='ltr'>et</span> <span class='ocrx_word' id='word_1_718' title='bbox 1778 2951 1912 2989; x_wconf 79' lang='lat' dir='ltr'>claram</span> <span class='ocrx_word' id='word_1_719' title='bbox 1930 2952 2152 2992; x_wconf 83' lang='lat' dir='ltr'>demonstra-</span> 
     </span>
     <span class='ocr_line' id='line_1_100' title="bbox 1202 3012 2152 3066; baseline 0 -12"><span class='ocrx_word' id='word_1_720' title='bbox 1202 3016 1266 3055; x_wconf 82' lang='lat' dir='ltr'>vit.</span> <span class='ocrx_word' id='word_1_721' title='bbox 1278 3015 1394 3062; x_wconf 91' lang='lat' dir='ltr'>Quem</span> <span class='ocrx_word' id='word_1_722' title='bbox 1409 3014 1518 3065; x_wconf 83' lang='lat' dir='ltr'>igitur</span> <span class='ocrx_word' id='word_1_723' title='bbox 1534 3027 1601 3051; x_wconf 89' lang='lat' dir='ltr'>non</span> <span class='ocrx_word' id='word_1_724' title='bbox 1617 3012 1898 3064; x_wconf 83' lang='lat' dir='ltr'>obstupefaceret</span> <span class='ocrx_word' id='word_1_725' title='bbox 1912 3013 1987 3052; x_wconf 81' lang='lat' dir='ltr'>haec</span> <span class='ocrx_word' id='word_1_726' title='bbox 2003 3016 2152 3066; x_wconf 84' lang='lat' dir='ltr'>parendi</span> 
     </span>
     <span class='ocr_line' id='line_1_101' title="bbox 1201 3071 2152 3129; baseline 0.001 -15"><span class='ocrx_word' id='word_1_727' title='bbox 1201 3075 1376 3114; x_wconf 73' lang='lat' dir='ltr'>facilitas?</span> <span class='ocrx_word' id='word_1_728' title='bbox 1399 3074 1477 3125; x_wconf 86' lang='lat' dir='ltr'>quis</span> <span class='ocrx_word' id='word_1_729' title='bbox 1503 3073 1594 3111; x_wconf 77' lang='lat' dir='ltr'>lianc</span> <span class='ocrx_word' id='word_1_730' title='bbox 1613 3073 1699 3111; x_wconf 82' lang='lat' dir='ltr'>satis</span> <span class='ocrx_word' id='word_1_731' title='bbox 1718 3071 1933 3123; x_wconf 79' lang='lat' dir='ltr'>laudaverit,</span> <span class='ocrx_word' id='word_1_732' title='bbox 1959 3075 2055 3125; x_wconf 89' lang='lat' dir='ltr'>quod</span> <span class='ocrx_word' id='word_1_733' title='bbox 2074 3087 2152 3129; x_wconf 88' lang='lat' dir='ltr'>post</span> 
     </span>
     <span class='ocr_line' id='line_1_102' title="bbox 1203 3133 2153 3183; baseline 0 -8"><span class='ocrx_word' id='word_1_734' title='bbox 1203 3146 1334 3175; x_wconf 85' lang='lat' dir='ltr'>tantam</span> <span class='ocrx_word' id='word_1_735' title='bbox 1353 3133 1624 3183; x_wconf 81' lang='lat' dir='ltr'>continentiam,</span> <span class='ocrx_word' id='word_1_736' title='bbox 1645 3142 1679 3171; x_wconf 92' lang='lat' dir='ltr'>et</span> <span class='ocrx_word' id='word_1_737' title='bbox 1698 3133 1734 3171; x_wconf 88' lang='lat' dir='ltr'>in</span> <span class='ocrx_word' id='word_1_738' title='bbox 1757 3133 1816 3171; x_wconf 83' lang='lat' dir='ltr'>tali</span> <span class='ocrx_word' id='word_1_739' title='bbox 1839 3143 1940 3173; x_wconf 64' lang='lat' dir='ltr'>aetate</span> <span class='ocrx_word' id='word_1_740' title='bbox 1959 3135 2005 3173; x_wconf 82' lang='lat' dir='ltr'>ad</span> <span class='ocrx_word' id='word_1_741' title='bbox 2027 3136 2094 3175; x_wconf 87' lang='lat' dir='ltr'>hoe</span> <span class='ocrx_word' id='word_1_742' title='bbox 2114 3148 2153 3175; x_wconf 83' lang='lat' dir='ltr'>ut</span> 
     </span>
     <span class='ocr_line' id='line_1_103' title="bbox 1199 3193 2151 3249; baseline 0 -14"><span class='ocrx_word' id='word_1_743' title='bbox 1199 3200 1335 3249; x_wconf 85' lang='lat' dir='ltr'>justum</span> <span class='ocrx_word' id='word_1_744' title='bbox 1352 3204 1478 3242; x_wconf 79' lang='lat' dir='ltr'>servet,</span> <span class='ocrx_word' id='word_1_745' title='bbox 1496 3203 1667 3245; x_wconf 83' lang='lat' dir='ltr'>quantum</span> <span class='ocrx_word' id='word_1_746' title='bbox 1685 3208 1728 3231; x_wconf 81' lang='lat' dir='ltr'>ex</span> <span class='ocrx_word' id='word_1_747' title='bbox 1746 3193 1858 3246; x_wconf 86' lang='lat' dir='ltr'>ipsius</span> <span class='ocrx_word' id='word_1_748' title='bbox 1871 3195 2054 3233; x_wconf 78' lang='lat' dir='ltr'>voluntate</span> <span class='ocrx_word' id='word_1_749' title='bbox 2067 3212 2151 3249; x_wconf 90' lang='lat' dir='ltr'>pen-</span> 
     </span>
     <span class='ocr_line' id='line_1_104' title="bbox 1203 3254 2151 3306; baseline -0.002 -10"><span class='ocrx_word' id='word_1_750' title='bbox 1203 3259 1323 3306; x_wconf 76' lang='lat' dir='ltr'>debat,</span> <span class='ocrx_word' id='word_1_751' title='bbox 1335 3256 1440 3294; x_wconf 80' lang='lat' dir='ltr'>etiam</span> <span class='ocrx_word' id='word_1_752' title='bbox 1453 3254 1628 3292; x_wconf 83' lang='lat' dir='ltr'>adulterio</span> <span class='ocrx_word' id='word_1_753' title='bbox 1642 3269 1678 3292; x_wconf 84' lang='lat' dir='ltr'>se</span> <span class='ocrx_word' id='word_1_754' title='bbox 1695 3254 1859 3306; x_wconf 74' lang='lat' dir='ltr'>exposuit</span> <span class='ocrx_word' id='word_1_755' title='bbox 1872 3265 1904 3292; x_wconf 88' lang='lat' dir='ltr'>ct</span> <span class='ocrx_word' id='word_1_756' title='bbox 1917 3255 2151 3294; x_wconf 74' lang='lat' dir='ltr'>barbarorum</span> 
     </span>
     <span class='ocr_line' id='line_1_105' title="bbox 1204 3314 2154 3369; baseline 0 -15"><span class='ocrx_word' id='word_1_757' title='bbox 1204 3316 1404 3369; x_wconf 71' lang='lat' dir='ltr'>congressui</span> <span class='ocrx_word' id='word_1_758' title='bbox 1419 3316 1435 3352; x_wconf 48' lang='grc' dir='ltr'>’ᾗ</span> <span class='ocrx_word' id='word_1_759' title='bbox 1453 3314 1523 3353; x_wconf 77' lang='lat' dir='ltr'>Sed</span> <span class='ocrx_word' id='word_1_760' title='bbox 1545 3315 1725 3367; x_wconf 78' lang='lat' dir='ltr'>paulisper</span> <span class='ocrx_word' id='word_1_761' title='bbox 1746 3325 1933 3367; x_wconf 76' lang='lat' dir='ltr'>exspecta,</span> <span class='ocrx_word' id='word_1_762' title='bbox 1954 3326 1985 3353; x_wconf 82' lang='lat' dir='ltr'>et</span> <span class='ocrx_word' id='word_1_763' title='bbox 2015 3317 2154 3355; x_wconf 41' lang='lat' dir='ltr'>videbi*</span> 
     </span>
    </p>
   </div>
   <div class='ocr_carea' id='block_1_18' title="bbox 1201 3436 1573 3481">
    <p class='ocr_par' dir='ltr' id='par_1_19' title="bbox 1201 3436 1573 3481">
     <span class='ocr_line' id='line_1_106' title="bbox 1201 3436 1573 3481; baseline 0 -15"><span class='ocrx_word' id='word_1_764' title='bbox 1201 3438 1215 3461; x_wconf 73' lang='grc' dir='ltr'>Ι·</span> <span class='ocrx_word' id='word_1_765' title='bbox 1234 3436 1295 3468; x_wconf 59' lang='grc' dir='ltr'>ΕΗΔ</span> <span class='ocrx_word' id='word_1_766' title='bbox 1315 3436 1387 3466; x_wconf 52' lang='lat' dir='ltr'>uss,</span> <span class='ocrx_word' id='word_1_767' title='bbox 1408 3440 1573 3481; x_wconf 51' lang='lat' dir='ltr'>²³²&#39;&#39;l‚‘·&#39;‘&#39;.3&#39;‘¹&#39;</span> 
     </span>
    </p>
   </div>
  </div>
 </body>
</html>
