2516 3791
647 227 688 256 IN
728 226 828 256 cn’.
870 223 1011 254 xxvn.

73 314 286 366 καθήμενος,
323 311 431 355 οὕτως
470 309 563 348 ἕλκει
592 310 649 348 τὸν
680 308 837 361 παρόντα
877 307 950 359 βίον
990 305 1108 351 πάσης

73 377 254 428 ειταραῂῑς
282 373 380 417 ε’κτὸς
399 371 465 417 ὧν,
497 370 556 408 καὶ
582 371 619 408 οὐ
648 370 752 422 μόνον
775 373 897 415 τοῦτο,
926 367 1017 406 ἀλλὰ
1049 365 1108 404 καὶ

74 440 142 475 τῶν
157 435 338 474 ἀθανάτων
355 433 414 473 καὶ
436 431 644 485 ἀπορρήτων
671 434 809 483 ἀγαθῶν
829 432 892 477 τὴν
914 428 1106 468 ἀπόλαυσιν

72 500 186 550 ἑαυτῷ
206 496 263 535 διὰ
285 496 425 534 πάντων
442 493 621 548 προξενεῖ·
643 487 691 532 ὧν
710 492 846 545 γένοιτο
859 491 994 532 πάντας
1013 492 1107 540 ἡμᾶς

73 563 249 612 ἐπιτυχεῖν
263 589 271 601 ,
289 557 410 612 χάριτι
429 556 488 595 καὶ
504 555 749 609 φιλανθρωπία
770 558 830 592 τοῦ
856 550 986 604 Κυρίου
1004 551 1106 600 ἡμῶν

73 621 190 667 Ἰησοῦ
222 621 396 672 Χριστοῦ,
427 619 503 670 μεθ’
535 611 574 655 οῦ
600 619 650 669 τῷ
676 615 813 668 Πατρὶ,
844 615 919 664 ἅμα
944 615 995 666 τῷ
1019 610 1107 664 ἁγίῳ

76 681 280 734 Πνεύματι,
303 680 402 726 δόξα,
427 679 574 731 κράτος,
593 676 702 729 τιμὴ,
722 681 778 716 νῦν
804 674 864 714 καὶ
887 673 961 722 ἀεὶ,
981 671 1041 710 καὶ
1061 674 1108 715 εἷς

74 743 152 788 τοὺς
173 745 301 787 αἰῶνας
322 745 391 780 τῶν
412 740 559 780 αἰώνων.
579 738 701 790 Ἀμήν.

450 915 642 954 ὉΜῙΛΙΑ
670 913 731 953 νδ’.

79 1028 269 1068 Καλέσασα
291 1028 327 1066 δὲ
350 1027 523 1067 Ῥεὸέκκα
541 1027 600 1065 τὸν
618 1026 690 1066 υἱὸν
717 1027 825 1072 αὐτῆς
845 1025 903 1064 τὸν
926 1025 1109 1079 νεώτερον,

481 1082 576 1127 εἶπεν
596 1089 705 1140 αὐτῷ.

132 1214 255 1253 Emere
275 1213 356 1265 χθὲς
382 1212 443 1251 καὶ
462 1210 550 1251 ι’τοῦ
572 1211 722 1250 τελώνου
745 1212 808 1259 τὴν
829 1211 962 1259 πολλὴν
985 1214 1112 1264 εὔγνω-

79 1275 246 1328 μοσύνην,
262 1275 322 1313 καὶ
339 1277 399 1313 τοῦ
415 1273 595 1312 Δεσπότου
611 1273 676 1320 τὴν
691 1274 822 1326 ἄφατον
836 1273 1111 1327 φιλανθρωπίαν,

79 1337 139 1376 καὶ
167 1339 236 1375 τῶν
257 1335 435 1375 Ἰουδαίων
466 1335 529 1382 τὴν
550 1335 838 1389 ὑπερὸάλλουσαν
863 1335 1110 1382 ἀναισθησίαν;

1051 221 1211 251 (juxt-35.

1255 219 1420 250 noun„
1461 217 1552 247 Liv.
2039 200 2131 244 (303

1178 317 1248 354 que
1267 301 1515 354 nausragium3
1537 297 1598 337 scd
1615 297 1716 349 quasi
1739 297 1775 334 in
1800 296 2056 347 ti·.··nquillitate
2074 310 2134 334 na-

1178 365 1322 413 vigans,
1338 362 1398 402 rel
1421 362 1454 399 in
1477 359 1618 413 placido
1634 366 1738 411 portu
1755 356 1897 405 sedens,
1915 357 1961 394 ita
1985 371 2134 409 praesen-

1177 433 1247 462 tem
1268 424 1378 462 vitam
1397 422 1506 462 trahit
1522 451 1531 467 ‚
1545 435 1613 459 non
1631 419 1746 457 solum
1762 419 1808 456 ab
1831 418 1927 456 omni
1947 418 2134 470 perturba—

1177 485 1271 523 tione
1291 485 1394 533 liber,
1413 483 1475 521 sed
1500 491 1533 520 et
1558 480 1817 519 immortalium
1843 489 1876 517 et
1900 479 2134 518 ineffabilium

1175 547 1350 586 bonorum
1370 547 1507 584 fruetus
1522 545 1589 584 sibi
1613 559 1674 598 per
1695 544 1813 582 onmia
1836 544 2029 582 concilians
2047 559 2054 580 τ
2072 545 2134 595 qui

1176 608 1279 646 nobis
1297 607 1465 646 omnibus
1481 606 1731 654 concedantur,
1747 605 1858 654 gratia
1879 615 1911 643 et
1935 605 2135 643 misericor-

1174 669 1234 708 dia
1251 669 1397 707 Domini
1425 668 1535 706 nostri
1557 670 1641 707 ,lesu
1661 667 1814 713 Christi,
1835 668 1981 718 quicmn
2012 668 2132 714 Patri,

1177 741 1209 769 et
1230 739 1350 770 sancto
1372 729 1523 782 Spiritui
1546 729 1591 766 sit
1612 728 1748 779 gloria,
1771 728 1899 774 honor,
1918 729 2109 781 imperium
2123 759 2133 777 ‚

1178 805 1272 830 nunc
1292 800 1327 829 et
1345 805 1506 843 semper,
1522 798 1556 827 et
1575 789 1610 827 in
1629 788 1758 826 soecula
1776 790 1998 828 sacculorum.
2012 794 2133 829 Amen.

1482 910 1694 951 HOMILIA
1725 911 1824 949 LIV.

1180 1028 1339 1068 Rebecca
1357 1037 1476 1067 autem
1491 1036 1616 1068 vocato
1631 1027 1708 1066 filio
1723 1040 1787 1066 suo
1799 1027 1941 1079 juniore
1952 1057 1962 1077 ,
1976 1026 2070 1066 dixit
2090 1027 2133 1065 ei.
2151 1032 2230 1103 [Fen.

2157 1083 2202 1111 {2-

1236 1218 1269 1253 1.
1285 1214 1438 1255 Vidistis
1456 1214 1533 1253 heri
1549 1212 1732 1267 publicani
1755 1212 1845 1251 bene
1866 1213 2033 1252 affectum
2054 1214 2135 1251 ani-

1179 1290 1294 1325 mum,
1321 1285 1355 1314 et
1376 1276 1522 1315 Domini
1537 1275 1755 1313 ineffabilem
1778 1275 2080 1322 misericordiam,
2104 1285 2137 1313 et

1179 1337 1388 1377 Judaeorum
1424 1337 1669 1390 stup3ditatem
1705 1337 1952 1375 immensam?
1983 1337 2138 1377 Υἰάἰεῑίε

80 1399 205 1438 Εἴδετε
234 1401 309 1442 πῶς
345 1397 501 1441 ἅπαντας
533 1401 628 1449 ἡμᾶς
659 1397 862 1436 ἐπαίδευσεν
891 1401 909 1436 ὁ
941 1398 1112 1451 μακάριος
1123 1425 1170 1449 512
1181 1399 1359 1451 quomodo
1377 1413 1498 1437 omnes
1515 1413 1578 1437 nos
1594 1397 1902 1437 crudieritheatus
1922 1399 2115 1437 Matthaeus
2129 1429 2138 1447 ,

78 1462 276 1507 Ματθαῖος,
299 1459 343 1496 δι’
365 1452 413 1496 ὧν
435 1457 526 1496 οὕτω
544 1458 680 1511 ταχέως
697 1458 894 1506 ὑπήκουσε,
912 1461 956 1498 δι’
977 1453 1026 1496 ὧν
1046 1475 1110 1499 το-
1136 1465 1161 1492 Α
1180 1461 1302 1499 statim
1320 1461 1487 1499 obediens
1502 1491 1512 1508 ,
1534 1470 1567 1498 ct
1588 1469 1722 1498 tantam
1738 1475 1882 1498 morum
1903 1461 2138 1499 mutationem

81 1520 213 1566 σαύτην
231 1519 430 1564 ἐπεδείξατο
459 1520 523 1566 τὴν
555 1519 766 1570 μεταὸολὴν,
786 1520 839 1559 ὅτι
858 1523 892 1559 ἐν
918 1523 961 1573 τῇ
989 1536 1113 1574 προαι-

84 1581 176 1635 ρέσει
193 1587 307 1620 κεῖται
326 1584 369 1632 τῇ
386 1580 542 1634 ἡμετέρᾳ
557 1611 566 1628 ,
593 1581 682 1631 μετὰ
700 1581 763 1629 τὴν
785 1581 914 1620 ἄνωθεν
928 1582 1052 1636 χάριν,
1069 1581 1114 1620 τὰ

82 1647 145 1690 τῆς
172 1646 314 1698 ἀρετ-ἧς,
337 1642 398 1680 καὶ
422 1645 484 1688 τῆς
506 1642 632 1687 κακίας
646 1658 653 1666 ·
672 1643 732 1681 καὶ
751 1642 803 1681 ὅτι
819 1644 879 1682 καὶ
897 1644 1115 1683 σπουδάσαν-

83 1721 139 1749 τες
167 1704 341 1756 δυνάμεθα
369 1705 528 1756 γενέσθαι
559 1704 731 1756 ε’νάρετοι,
762 1705 822 1743 καὶ
854 1706 1116 1758 ῥᾳθυμήσαντες

85 1767 190 1805 πάλιν
210 1768 258 1810 εἷς
279 1766 336 1804 τὸν
359 1769 421 1812 τῆς
444 1765 618 1819 ἁμαρτίας
640 1767 794 1819 κρημνὸν
826 1767 1114 1821 καταφερόμεθα,

85 1830 200 1866 Ἰὀῦτο
218 1828 286 1880 γάρ
305 1830 399 1866 ἐστιν
414 1821 442 1880 ᾧ
456 1831 525 1865 τῶν
544 1827 679 1879 ἀλόγων
695 1828 946 1880 διεστήκαμεν,
965 1830 1004 1868 τὸ
1022 1829 1115 1882 λόγῳ

84 1893 295 1941 τετιμῆσθαι
313 1893 408 1940 ἡμᾶς
422 1888 519 1941 παρὰ
538 1892 598 1927 τοῦ
615 1889 859 1944 φιλανθρώπου
875 1892 980 1938 Θεοῦ,
1000 1891 1058 1929 καὶ
1081 1894 1115 1930 ἐν

85 1954 129 2003 τῇ
158 1950 256 2004 φύσει
280 1953 323 2001 τῇ
348 1950 505 2005 ’ἡμετέρα
535 1953 779 1991 ἐναποκεῖσθαι
810 1952 874 2000 τὴν
903 1955 1030 2005 γνῶσιν
1058 1957 1118 1992 τοῦ

86 2014 205 2057 καλοῦ,
223 2012 283 2050 καὶ
301 2015 360 2050 τοῦ
380 2016 544 2065 πονηροῦ.
566 2013 700 2060 Μηδεὶς
717 2012 830 2052 τοίνυν
849 2014 1116 2067 προφασιζέσθω

86 2075 133 2116 ὡς
149 2074 192 2111 δι’
209 2073 350 2125 ἄγνοιαν
376 2076 502 2127 ἀρετῆς
522 2075 676 2124 ἀμελῶν,
698 2074 720 2121 ἢ
740 2075 796 2113 διὰ
815 2075 856 2113 τὸ
878 2075 927 2127 μὴ
945 2076 1038 2128 ἔχειν
1057 2075 1116 2114 τὸν

87 2134 336 2174 ὑποδεικνύντα
359 2134 422 2180 τὴν
445 2134 574 2181 ταύτης
593 2135 682 2174 ὁδόν.
703 2137 889 2190 Ἀρκοῦντα
905 2137 973 2191 γὰρ
989 2138 1116 2190 ἔχομεν

89 2195 296 2234 διδάσκαλον
315 2196 355 2234 τὸ
376 2196 546 2243 συνειδὸς,
567 2197 627 2234 καὶ
643 2199 707 2249 οὐχ
726 2193 796 2236 οἷόν
812 2198 851 2236 τέ
868 2214 946 2236 τινα
965 2202 1113 2237 ἀπεστε-
1139 2213 1162 2242 Β

90 2261 292 2310 ρ’ἧσθαιτῆς
314 2260 442 2296 ἐκεῖθεν
463 2257 632 2309 βοηθείας.
652 2259 724 2298 Καὶ
742 2259 810 2314 γὰρ
830 2260 905 2311 ἅμα
923 2263 966 2313 τῇ
989 2261 1118 2301 πλάσει

87 2324 147 2358 τοῦ
173 2318 356 2372 ἀνθρώπου
396 2319 456 2358 καὶ
489 2323 511 2367 ἡ
553 2323 682 2372 γνῶσις
708 2323 776 2359 τῶν
807 2323 990 2375 πρακτέων
1024 2325 1117 2373 αὐτῷ

88 2380 292 2429 ἕναπετέθη,
305 2380 363 2419 ἵνα
380 2381 444 2429 τὴν
462 2381 592 2420 οἰκείαν
611 2383 878 2435 εὐγνωμοσύνην
898 2385 1120 2437 ἐπιδειξάμε-

89 2457 158 2489 νος,
189 2442 351 2496 καθάπερ
384 2444 418 2481 ἐν
451 2442 653 2497 παλαίστρᾳ
677 2445 765 2494 τινὶ,
793 2449 844 2498 τῷ
875 2446 1023 2500 παρόντι
1055 2447 1120 2500 βίῳ

90 2502 397 2555 ἐγγυμνασάμενος
409 2504 496 2556 πρὸς
513 2504 591 2548 τοὺς
609 2509 672 2553 τῆς
686 2508 812 2559 ἀρετ-’ῆς
824 2507 960 2556 πόνους,
974 2508 1019 2547 τὰ
1032 2508 1122 2562 ὑπὲρ

91 2568 154 2612 τῆς
173 2566 299 2617 ἀρετῆς
319 2564 467 2618 βραδεῖα
487 2565 695 2617 κομίσηται,
716 2568 776 2606 καὶ
799 2571 834 2607 ἐν
855 2571 982 2622 βραχεῖ
1005 2571 1121 2623 χρόνῳ

92 2626 268 2674 πονήσας,
290 2629 324 2666 ἐν
350 2628 502 2673 διηνεκεῖ
522 2631 572 2681 τῷ
593 2631 692 2667 αἰῶνι
716 2633 784 2668 τῶν
810 2631 989 2683 στεφάνων
1017 2632 1121 2676 ἀξιω-

93 2687 188 2736 θείη,
215 2688 276 2726 καὶ
301 2689 335 2726 ἐν
370 2691 420 2741 τῷ
456 2690 614 2744 ἐπικήρῳ
633 2690 744 2743 τούτῳ
770 2694 871 2731 αἰῶνι
899 2692 962 2740 τὴν
994 2693 1120 2746 ἀρετὴν

93 2748 273 2800 ἑλόμενος,
291 2751 325 2788 ἐν
344 2756 414 2794 τοῖς
430 2750 586 2804 ἀπείροις
606 2752 666 2790 καὶ
683 2752 806 2798 ἀϊδίοις
825 2755 929 2793 αἰῶσι
947 2758 1016 2794 τῶν
1035 2759 1123 2795 ἀθα-

94 2809 205 2847 νάτων
225 2811 362 2861 ἀγαθῶν
380 2811 552 2863 ἀπολαύῃ.
574 2812 690 2867 ”Οπερ
709 2814 850 2862 εἰδότες,
867 2817 1056 2867 ἀγαπητοὶ,
1072 2817 1121 2870 μὴ

1181 1536 1254 1574 pra:
1270 1537 1306 1560 se
1320 1523 1433 1561 serens
1449 1538 1457 1559 :
1473 1522 1557 1574 quia
1576 1522 1612 1560 in
1631 1522 1815 1561 voluntate
1829 1532 1966 1573 nostra,
1985 1532 2064 1575 post
2079 1537 2137 1560 su-

1181 1599 1329 1637 pernam
1350 1584 1518 1636 gratiam,
1536 1584 1612 1622 sitae
1629 1593 1710 1622 sunt
1730 1593 1762 1622 et
1778 1585 1929 1622 virtutes
1942 1615 1951 1630 ,
1972 1594 2004 1622 et
2020 1585 2106 1623 vitia
2126 1601 2133 1620 :

1181 1655 1215 1683 ct
1237 1646 1320 1697 quia
1339 1645 1458 1684 studio
1479 1654 1599 1683 nostro
1619 1659 1809 1697 possumus
1837 1645 1915 1683 fieri
1943 1645 2138 1683 virtutihus
2179 1653 2281 1682 Graux
2297 1655 2342 1681 d.-

1183 1706 1363 1758 conspicui
1374 1721 1385 1755 3
1397 1714 1431 1743 et
1448 1714 1570 1743 contra
1585 1704 1722 1742 desides
1737 1705 1838 1754 sacti,
1850 1705 1885 1743 in
1900 1705 2032 1757 peceati
2049 1720 2138 1758 pra‘-
2153 1707 2226 1766 ἷιᾟιξ
2252 1698 2340 1723 ³²¹⁸*

1183 1767 1347 1819 cipitium
1368 1766 1522 1804 deferri?
1542 1765 1618 1804 Hoc
1634 1765 1728 1804 enim
1745 1775 1796 1804 est
1815 1780 1885 1817 quo
1904 1780 1923 1803 a
1943 1766 2057 1805 brutis
2071 1765 2140 1804 dis-

1183 1828 1352 1879 serimus,
1378 1828 1463 1880 quia
1491 1827 1627 1866 ratione
1652 1827 1815 1879 insigniti
1842 1842 1967 1865 sumus
1993 1842 2014 1866 a
2033 1828 2139 1866 beni-

1184 1904 1253 1941 gno
1275 1891 1350 1928 Deo
1364 1920 1372 1935 ‚
1395 1899 1429 1928 ct
1456 1889 1492 1927 in
1513 1898 1637 1927 natura
1657 1897 1776 1927 nostra
1798 1888 1904 1926 insita
1924 1898 1976 1927 est
1995 1889 2140 1927 scientia

1182 1952 1268 1990 boni
1287 1961 1322 1990 et
1337 1951 1434 1990 mali.
1449 1951 1581 1989 Nullus
1600 1964 1683 2002 ergo
1704 1960 1894 2003 praetcxat,
1911 1965 1948 1989 se
1969 1965 2013 1990 ex
2033 1951 2138 2003 igno-

1183 2013 1298 2051 rantia
1318 2013 1490 2053 virtutem
1511 2012 1709 2064 negligere,
1725 2012 1782 2051 vel
1806 2012 1890 2064 quia
1910 2012 2051 2050 nullum
2070 2013 2139 2051 ha-

1184 2075 1265 2113 beat
1282 2075 1349 2114 viae
1366 2075 1494 2113 (lucem
1512 2083 1546 2112 et
1569 2082 1931 2112 commonstratorem.
1947 2074 2139 2112 Sufficien—
2180 2089 2341 2116 constan-

2262 2130 2348 2156 susti—

1184 2145 1254 2174 tem
1275 2136 1368 2173 enim
1392 2135 1603 2187 magistrum
1625 2135 1800 2172 hahemus
1820 2135 2071 2173 conscientiam
2079 2166 2089 2185 ,
2109 2146 2141 2174 et
2158 2131 2195 2178 Ψ

2158 2181 2236 2200 ciens
2280 2181 2343 2197 nla-

1184 2196 1262 2234 fieri
1282 2209 1352 2234 non
1372 2205 1500 2248 potest,
1516 2205 1556 2234 ut
1571 2196 1650 2247 quis
1664 2195 1727 2233 illo
1746 2195 1951 2249 adjumento
1965 2197 2138 2249 privetur.
2157 2215 2257 2251 gum-¹

1183 2257 1278 2295 Nam
1301 2257 1410 2295 simul
1438 2270 1519 2295 cum
1544 2257 1755 2295 formatione
1784 2257 1939 2296 hominis
1970 2258 2073 2297 insita
2093 2269 2144 2298 est

1183 2318 1239 2357 illi
1261 2318 1404 2357 scientia
1426 2318 1698 2368 faciendorum,
1720 2327 1759 2356 ut
1779 2327 1915 2358 rectum
1940 2335 2044 2359 suum
2068 2322 2144 2360 ani-

1185 2393 1287 2418 mum
1300 2379 1485 2418 declarans
1506 2379 1543 2417 in
1566 2379 1728 2432 praesenti
1745 2379 1838 2431 vita,
1861 2382 1963 2432 quasi
1985 2382 2020 2420 in
2036 2383 2143 2435 palze-

1185 2450 1257 2480 stra
1284 2440 1439 2493 quadam
1464 2441 1678 2479 exercitatus
1703 2440 1749 2478 ad
1778 2441 1954 2480 virtutum
1981 2442 2142 2493 labores,

1185 2502 1374 2556 probitatis
1392 2502 1608 2554 virtutisque
1627 2502 1774 2555 praemia
1795 2512 1967 2555 reportet,
1990 2514 2022 2541 et
2046 2504 2146 2543 brevi

1186 2574 1344 2617 tempore
1360 2565 1396 2602 in
1410 2564 1598 2603 laboribus
1612 2563 1762 2601 decurso
1772 2594 1783 2613 ,
1798 2573 1986 2616 perpetuas
2000 2578 2148 2604 coronas

1188 2636 1388 2675 mereatur,
1407 2636 1512 2677 atque
1537 2626 1572 2663 in
1601 2626 1701 2663 fluxo
1726 2625 1794 2663 hoc
1823 2625 1950 2663 saeculo
1976 2625 2146 2665 virtutem

1187 2688 1431 2740 amplexatus,
1459 2687 1598 2725 aeternis
1634 2685 1737 2724 bonis
1770 2686 1806 2724 in
1844 2686 1984 2724 infinita
2018 2688 2147 2726 saecula

1187 2750 1337 2788 fmatur.
1371 2748 1416 2787 Id
1442 2761 1526 2786 sane
1551 2747 1718 2796 scientes,
1746 2748 1886 2796 fratres,
1916 2757 2072 2787 nostram
2105 2764 2148 2788 ne

1190 2810 1380 2863 perdamus
1407 2809 1649 2857 nobilitatem,
1674 2822 1718 2847 ne
1751 2809 1863 2847 simus
1904 2818 1982 2862 post
2016 2819 2149 2850 tantam

92 2871 277 2923 προδῶμεν
308 2873 411 2922 ἡμῶν
437 2871 500 2919 τὴν
522 2873 713 2925 εὐγένειαν,
743 2875 792 2927 μὴ
824 2877 1022 2929 ἀγνώμονες
1043 2879 1123 2932 περὶ
1146 2898 1170 2930 C
1191 2870 1461 2910 beneficentiam
1481 2870 1630 2921 ingrati,
1659 2884 1701 2907 ne
1727 2878 1902 2909 sectemur
1921 2871 2122 2924 voluptates
2136 2903 2147 2923 ,

92 2930 155 2978 τὴν
170 2930 343 2979 τοσαύτην
360 2933 557 2986 εὐεργεσίαν
575 2935 774 2987 γενώμεθα,
794 2939 883 2989 μηδὲ
899 2940 939 2978 τὸ
957 2940 1125 2993 πρόσκαι-

95 3007 152 3045 ρον
171 2993 234 3038 τῆς
254 2992 423 3040 δοκούσης
446 2995 573 3042 ἡδονῆς
596 2997 883 3047 μεταδιώξαντες,
903 3002 1044 3048 διηνεκῆ
1062 3003 1124 3050 τὴν

93 3053 215 3101 ὀδύνην
235 3055 367 3098 ἑαυτοῖς
385 3056 705 3108 κατασκευάσωμεν
721 3074 728 3082 ·
744 3060 836 3100 ἀλλὰ
856 3062 914 3101 τὸν
934 3063 1125 3115 ἀκοίμητον

93 3113 269 3164 ὀφθαλμὸν
291 3113 349 3151 τὸν
368 3113 413 3152 τὰ
435 3115 618 3168 ἀπόρρητα
639 3120 702 3164 τῆς
725 3118 877 3164 διανοίας
894 3122 1126 3174 ἐπιστάμενον

139 3228 152 3242 1·
166 3219 231 3252 Sex
246 3219 324 3253 Mss.
341 3225 644 3268 ταραχῆςελεὺθερος
658 3228 708 3257 ὧν.

1193 2944 1272 2982 quae
1286 2938 1359 2967 tam
1373 2928 1473 2967 brevi
1490 2937 1647 2980 tempore
1658 2927 1802 2978 durant,
1816 2940 2028 2983 perpetuum
2045 2931 2150 2970 dolo-

1195 3006 1272 3030 rem
1292 2991 1395 3030 nobis
1419 2999 1632 3028 accersentes
1650 3006 1657 3026 :
1683 2989 1745 3028 sed.
1762 2999 1842 3028 ante
1863 3005 1927 3031 nos
1942 3007 2080 3046 semper
2099 2994 2154 3032 in-

1196 3062 1332 3092 tuentes
1367 3051 1514 3090 oculum
1542 3051 1645 3088 illum
1681 3052 1744 3102 qui
1773 3066 1970 3104 numquam
2001 3056 2151 3107 sopitur,

1197 3123 1261 3174 qui
1287 3131 1321 3160 et
1342 3119 1550 3159 abscondita
1577 3118 1693 3157 cordis
1720 3120 1845 3170 novit,
1870 3135 1924 3159 res
1946 3132 2081 3161 nostras
2111 3124 2155 3162 ita

1150 3237 1259 3261 tarum
1277 3236 1415 3261 numero
1437 3226 1492 3263 sit,
1516 3223 1666 3257 nondum
1691 3223 1863 3268 explorare
1880 3228 1994 3269 potui,
2012 3227 2162 3271 suspicor

141 3271 157 3294 b
174 3269 236 3301 nic
259 3281 541 3305 commemoratur
560 3273 694 3307 homilia
713 3273 766 3307 nbi
785 3275 826 3307 de
840 3277 1020 3319 publicano
1036 3290 1106 3323 poe-
1150 3289 1260 3314 tamen
1287 3290 1326 3311 ex
1356 3278 1551 3310 amiSSffl'ssm
1579 3278 1718 3310 flumem
1743 3289 1823 3312 (⁸⁵⁵0-
1856 3284 2081 3322 Ljyuwywbmu
2112 3280 2162 3311 ΜΕ

97 3323 236 3364 nitente,
252 3321 292 3355 (le
309 3324 499 3358 Judaeorum
517 3326 724 3370 stupiditate,
738 3328 844 3372 deque
860 3330 1008 3365 Mauhaei
1029 3345 1107 3376 apo-
1151 3332 1389 3377 gratilmlt'nem
1415 3338 1560 3362 verterat
1578 3338 1670 3362 xetus
1686 3331 1750 3362 lut(
1763 3343 1863 3374 rpres.
1885 3344 1943 3364 nec
1964 3341 2049 3364 rect:—
2067 3345 2141 3365 sanc
2157 3344 2161 3359 ;

98 3374 172 3418 stoli
193 3376 371 3408 vocatione
395 3376 552 3417 agebatur
569 3391 573 3396 ·
592 3391 632 3411 an
652 3391 728 3412 xero
747 3380 814 3414 lu‘c1'
834 3381 970 3416 homilia
988 3394 1024 3415 cx
1042 3384 1110 3417 cdi-

1155 3397 1214 3417 nos
1232 3385 1258 3416 Iu
1271 3395 1310 3415 m·
1328 3384 1489 3428 qlfimtwn
1508 3385 1654 3414 (mimum
1674 3385 1844 3417 τοτιὶιῃιις,

1931 3452 1998 3495 ›²10-
