2516 3791
309 200 403 259 564
746 213 784 243 s.
822 213 1004 243 JOANMS
1042 211 1281 242 cuaYsosT.

305 307 462 346 ternam,
493 296 550 335 vel
576 295 791 348 sepulcrum,
816 295 871 333 vel
890 302 1103 332 senectutem
1123 292 1256 343 ipsam,

304 357 367 395 sed
384 357 418 395 in
437 357 506 395 hoc
525 356 713 394 dumtaxat
736 355 866 405 figebat
886 363 1052 397 mentem,
1077 351 1256 401 quomodo

303 419 453 470 implere
480 426 596 469 posset
621 416 716 466 quod
742 431 761 452 a
782 414 935 452 Domino
963 414 1077 449 fuerat
1101 412 1258 463 impera-

303 488 391 516 tum.
411 479 458 516 Et
478 478 602 515 videre
616 485 688 514 erat
708 489 781 512 rem
795 488 923 525 magno
936 471 1098 525 periculo
1114 471 1255 523 plenam

303 539 482 577 hominem
510 538 545 574 in
565 535 838 588 provectissima
865 541 1017 581 senecta,
1043 546 1122 570 cum
1144 546 1256 571 uxore

301 601 407 638 etiam
442 600 517 649 ipsa
553 596 664 634 aetatis
692 603 867 646 provectae
898 603 932 632 ct
959 594 1082 631 multis
1109 593 1255 631 famulis

301 676 337 697 se
363 660 432 696 alio
452 657 642 694 transferre
655 687 666 702 ,
690 656 848 694 nescium
870 654 1014 692 ubinam
1034 653 1176 691 errandi
1196 654 1255 691 fu-

302 730 401 756 turus
425 718 507 755 finis
533 726 631 755 esset.
649 716 755 764 Quod
778 716 806 754 si
830 715 911 767 quis
931 725 965 753 et
986 714 1076 752 illud
1095 715 1255 767 pruden-

300 789 352 817 ter
381 778 571 831 expendat,
595 787 734 829 quantae
754 792 816 830 per
837 776 930 815 illud
948 786 1087 829 tempus
1109 776 1252 815 viarum
1265 810 1314 834 3¹3

297 840 526 878 difficultates
545 848 643 876 erant
659 852 790 889 :neque
805 837 914 883 enim,
936 838 1027 875 sicut
1045 851 1151 884 nunc,
1167 837 1250 874 lice-
1277 849 1303 877 A

298 898 358 935 bat
387 897 569 949 impavide
597 911 678 934 cum
700 897 780 934 aliis
808 895 956 945 versari,
988 905 1020 933 et
1051 905 1124 933 tam
1150 896 1254 933 facile

298 958 530 1010 profectiones
557 957 748 1009 suscipere,
778 970 859 993 cum
892 956 1032 1006 singula
1060 956 1136 993 loca
1167 970 1252 1007 pro-

299 1020 386 1071 priis
412 1019 673 1071 principatibus
696 1017 864 1055 distincta
890 1026 1016 1066 essent,
1046 1031 1254 1067 necesseque

297 1091 385 1119 esset
413 1081 480 1118 iter
504 1080 691 1131 agentibus
718 1079 763 1117 ab
783 1079 861 1116 aliis
892 1078 937 1116 ad
963 1079 1052 1116 alios
1075 1078 1254 1130 principes

298 1142 467 1186 tiansir,e
488 1149 521 1179 et
541 1142 612 1178 fere
639 1139 797 1191 quotidie
828 1138 872 1176 de
898 1153 1007 1189 regno
1037 1139 1072 1176 in
1104 1153 1254 1191 iegnum

301 1203 488 1256 progredi:
518 1211 591 1239 erat
616 1201 727 1251 igitur
748 1210 780 1238 ct
808 1201 877 1238 hoc
902 1200 1125 1238 obstaculum
1143 1201 1253 1252 justo,

301 1265 368 1302 nisi
390 1273 529 1302 tantum
556 1252 737 1300 habuisset
752 1262 883 1300 amolis
903 1270 936 1299 et
962 1261 1126 1298 mandata
1147 1262 1253 1315 per-fi

299 1325 417 1362 ciendi
453 1323 682 1361 desiderium.
714 1325 852 1362 V·e1um
885 1322 1050 1360 onmibus
1082 1322 1154 1360 illis
1187 1323 1253 1361 im-

300 1385 528 1437 pedimentis,
550 1384 651 1434 quasi
674 1397 807 1421 araneae
827 1383 905 1420 telae
926 1391 1054 1431 essent,
1078 1382 1254 1435 disruptis

301 1456 485 1498 menteque
510 1445 580 1483 fide
603 1445 766 1482 roborata
781 1443 921 1496 ,probe
946 1443 1060 1481 fidens
1088 1443 1254 1495 dignitati

301 1507 554 1560 promittentis,
575 1507 640 1543 iter
668 1519 853 1557 aggressus
867 1514 966 1544 est.
975 1507 1061 1543 .Et
1089 1509 1250 1557 accepit,
1279 1513 1302 1543 B

302 1569 432 1619 inquit,
454 1569 607 1606 Abram
629 1568 770 1605 Saram
797 1581 849 1604 ua
853 1581 954 1604 orem
980 1581 1105 1611 suam,
1129 1576 1164 1604 et
1183 1569 1257 1605 Lot

299 1630 439 1682 filiurn
444 1631 582 1679 fratris
596 1632 668 1675 sui,
686 1631 982 1680 universamque
994 1629 1256 1665 substantiam

300 1704 420 1741 quam
447 1691 697 1741 possederant
726 1692 767 1726 in
784 1690 980 1734 Charran‚
1010 1697 1046 1725 et
1069 1691 1187 1726 exivit
1214 1699 1255 1727 ut

299 1752 606 1804 proficisceretur
628 1753 670 1787 in
687 1759 829 1787 terram
846 1750 1054 1786 Chanaan.

353 1819 390 1860 6.
406 1819 500 1859 Vide
521 1819 713 1871 Scripturae
733 1817 973 1870 diligentiam,
995 1818 1174 1869 quomodo
1190 1833 1256 1857 no-

301 1882 358 1919 bis
377 1881 494 1918 omnia
514 1889 646 1926 narrat,
672 1888 710 1917 ut
738 1894 800 1932 per
829 1880 946 1917 omnia
968 1879 1148 1917 discamus
1168 1881 1257 1933 justi

303 1941 468 1992 pietatem
487 1953 528 1976 ac
540 1938 758 1990 religionem.
779 1938 957 1989 Accepit,
975 1938 1102 1988 inquit,
1117 1939 1256 1976 Saram

303 2014 466 2041 uxorem
486 2014 611 2048 suam,
633 2008 669 2037 et
684 2001 755 2036 Lot
764 1999 901 2051 filium
912 2000 1057 2050 fratris
1072 2002 1147 2045 sui,
1172 2002 1257 2036 ani-

304 2075 529 2113 versaqute
545 2062 802 2098 substantiam
817 2073 934 2111 quam
947 2061 1200 2110 possederant
1216 2063 1257 2097 in

304 2123 496 2159 Charran.
517 2121 594 2157 Non
615 2118 825 2170 simpliciter
844 2117 938 2155 dixit
961 2134 968 2154 :
992 2121 1134 2156 Omnia
1150 2133 1257 2171 quse-

302 2197 465 2234 eumque
490 2181 739 2232 possederant
759 2183 800 2216 in
821 2181 1003 2217 Charran
1020 2195 1030 2215 .·
1061 2179 1122 2217 sed
1141 2190 1180 2216 ut
1203 2180 1256 2216 di-

303 2258 441 2281 scamus
461 2241 553 2279 nihil
574 2255 618 2277 ex
638 2239 740 2277 bouis
760 2239 966 2277 Chaldaicis
985 2240 1160 2291 accepisse
1186 2255 1254 2292 pa—
1280 2255 1304 2285 C

304 2304 512 2349 irim-cham,
535 2300 594 2339 sed
615 2300 768 2352 paternis
795 2299 866 2337 illis
892 2300 1058 2337 omuibus
1077 2300 1177 2337 fratri
1202 2315 1257 2338 re-

305 2364 397 2402 lictis
424 2363 566 2410 exiisse,
590 2375 627 2398 ea
657 2361 773 2398 solum
792 2374 910 2397 secum
934 2360 1101 2397 ferentem
1124 2376 1202 2411 qua³
1223 2371 1259 2399 et

305 2426 339 2463 iu
356 2426 513 2463 Charran
539 2421 753 2475 possidebat.
776 2422 821 2459 Et
842 2421 910 2458 boc
944 2421 1092 2459 faciebat
1118 2422 1172 2459 vir
1194 2422 1256 2459 ad-

305 2485 503 2532 mirandus,
525 2498 591 2521 non
615 2482 710 2533 quod
732 2482 791 2520 illa
808 2484 925 2533 magni
941 2483 1067 2519 faceret
1085 2483 1142 2520 vel
1160 2484 1257 2533 quod

302 2562 431 2585 avarus
458 2555 547 2583 esset
564 2562 571 2582 :
590 2544 649 2583 sed
670 2554 709 2582 ut
731 2559 776 2582 ex
795 2543 1022 2581 facultatibus
1048 2544 1119 2581 illis
1140 2555 1257 2597 posset

303 2608 470 2646 munibus
485 2605 616 2655 testari,
638 2614 767 2656 quauta
788 2604 852 2642 Dei
873 2618 955 2655 erga
976 2618 1011 2641 se
1031 2604 1151 2642 fuisset
1171 2620 1255 2657 pro-

304 2669 473 2707 videntia.
491 2669 562 2714 Qui
588 2667 682 2704 cuim
709 2681 755 2704 ex
781 2675 871 2704 terra
901 2665 1151 2703 Chaldaeorum
1175 2682 1255 2705 eum

303 2731 443 2780 «duxit,
461 2740 494 2767 et
510 2730 638 2766 iterum
652 2727 732 2765 inde
744 2727 1028 2779 migrarejussit,
1045 2727 1118 2779 ipse
1127 2737 1159 2765 et
1173 2728 1256 2765 sub-

306 2791 470 2829 stantiam
491 2790 588 2827 illius
606 2787 766 2839 quotidie
780 2788 946 2839 augebat,
968 2797 1000 2825 et
1020 2802 1159 2826 omnem
1181 2803 1255 2827 mo-

307 2851 441 2889 lestiam
459 2850 648 2887 auferebat.
664 2850 786 2899 Itaque
800 2848 894 2899 quod
910 2848 984 2886 baec
1001 2863 1117 2887 secum
1139 2850 1256 2898 ferret,

305 2921 338 2948 et
356 2926 416 2963 per
437 2919 545 2947 totam
561 2910 657 2947 viam
676 2909 725 2946 sic
747 2907 962 2960 procederet,
986 2909 1160 2962 specimen
1183 2919 1256 2948 erat

307 2972 372 3022 piae
393 2970 633 3021 religioszeque
653 2970 791 3007 mentis.
812 2969 1037 3021 Quicumque
1058 2970 1154 3008 enim
1176 2985 1258 3009 eum
1282 2988 1307 3018 1)

306 3047 320 3068 x
337 3032 466 3078 idebat,
483 3031 606 3068 merito
627 3045 770 3068 causam
787 3031 1002 3081 inquirebat,
1021 3033 1258 3084 quarejustus

308 3093 366 3129 ille
386 3092 679 3144 peregrinaretur.
698 3091 834 3129 Deinde
856 3091 1068 3144 intelligens,
1091 3107 1172 3131 eum
1184 3094 1258 3146 jus-

308 3169 346 3190 su
358 3153 422 3190 lici
443 3152 476 3189 iu
493 3153 641 3189 alienam
658 3162 799 3199 terram,
817 3153 948 3191 relictis
964 3153 1257 3206 propriis,trans-

309 3217 369 3262 ire,
397 3229 459 3266 per
477 3229 581 3265 opera
600 3214 673 3265 ipsa
697 3213 890 3251 docebatur
910 3224 942 3252 et
968 3215 1126 3254 discebat
1150 3232 1255 3268 quam

309 3277 363 3327 pia
389 3285 477 3312 esset
510 3275 592 3326 justi
617 3275 836 3319 obedientia,
861 3285 892 3313 et
912 3291 1018 3326 quam
1047 3277 1170 3327 iugens
1191 3279 1255 3315 Dei

308 3351 387 3385 erga
424 3336 523 3372 illum
548 3335 783 3386 providentia.
816 3338 861 3373 Et
885 3340 1023 3381 afluit,
1052 3338 1186 3389 iuquit,
1214 3349 1253 3377 nl

307 3399 614 3449 straliciscerelm-
658 3399 695 3432 ιίι
738 3406 875 3434 terram
916 3400 1121 3437 Chanaan.
1155 3400 1255 3441 t'nde

1322 212 1531 241 ARcfflEP.
1572 212 1927 246 CONSTANTINOP-

1330 291 1394 339 χὴν
1406 322 1415 339 ,
1435 293 1524 343 μήτε
1543 293 1651 346 τάφον
1663 325 1673 344 ,
1707 296 1795 346 μήτε
1814 296 1854 334 τὸ
1873 300 1984 349 γῆρας
2002 299 2086 336 αὐτὸ
2104 299 2351 350 λογισάμενος,

1330 354 1377 396 εἷς
1408 355 1518 391 ἐκεῖνο
1546 354 1648 404 μόνον
1679 356 1805 394 ἔτεινεν
1836 360 1941 396 αὐτου
1968 357 2032 405 τὴν
2060 359 2233 408 διάνοιαν,
2261 360 2354 404 ὅπως

1329 414 1458 465 δυνηθῃ
1489 416 1676 467 πληρῶσαι
1693 417 1734 454 τὸ
1761 418 1979 470 προσταχθὲν
2007 419 2105 472 παρὰ
2133 423 2193 457 τοῦ
2218 420 2353 459 Δεσπό-

1327 488 1400 512 του.
1427 474 1498 512 Και
1525 479 1568 522 ἠν
1601 477 1683 514 ἰδεῖν
1705 483 1853 528 πρᾶγμα
1881 480 2012 517 πολλοῦ
2031 479 2208 531 θαύματος
2226 480 2352 532 γέμον,

1327 534 1544 587 ἅνθρωπον’
1529 552 1563 574 εν
1586 536 1704 588 γήρᾳ
1700 538 1882 590 Βαθυτάτῳ
1903 539 1992 588 μετὰ
2016 541 2197 590 γυναικὸς,
2215 557 2274 579 και
2292 543 2352 578 αὖ·

1325 598 1387 641 τῆς
1402 595 1659 648 προὸεὸηκυίας
1677 597 1797 635 λοιπὸν
1809 627 1819 644 ,
1841 597 1899 635 καὶ
1914 599 2065 650 πλήθους
2085 602 2227 638 οἰκετῶν
2246 617 2351 651 μετα-

1325 655 1550 706 νιστάμενον,
1571 656 1629 694 καὶ
1653 656 1748 703 οὐδὲ,
1769 657 1854 696 ὅπου
1883 658 1981 704 λήξει
2005 661 2100 712 αὐτῷ
2122 659 2166 698 τὰ
2183 664 2244 706 τῆς
2260 661 2352 699 πλά-

1326 732 1408 764 νης,
1442 717 1567 755 εἰδότα.
1590 719 1634 755 lit
1665 717 1702 754 δέ
1731 734 1782 761 τις
1812 719 1952 756 κάκεῖνο
1977 723 2126 763 συνετῶς
2154 721 2350 769 λογίσαιτο,

1326 777 1417 825 πόση
1444 781 1520 816 κατ’
1543 781 1671 816 ἐκεῖνον
1695 779 1753 817 τὸν
1778 779 1899 831 καιρὸν
1927 781 2015 818 ὁδῶν
2042 784 2064 826 ἡ
2095 782 2259 819 δυσκολία
2288 777 2350 829 ἦν·

1327 838 1403 876 οὐδὲ
1429 839 1496 890 γὰρ
1524 840 1684 891 καθάπερ
1709 844 1767 877 νῦν
1796 840 1884 890 μετὰ
1918 841 2033 884 ἀδείας
2061 841 2146 888 ἐξῆν,
2167 841 2350 894 ἐπιμίγνυ-

1326 898 1406 936 σθαί
1434 915 1525 947 τισι,
1556 900 1616 938 καὶ
1647 900 1756 944 οὕτως
1783 901 1932 944 εὐκόλως
1955 901 2017 945 τὰς
2047 903 2246 952 ἀποδημίας
2271 919 2352 941 ποι-

1325 963 1456 1007 εἷο-θαι,
1483 963 1546 1006 τῆς
1575 962 1686 1013 ἀρχῆς
1720 961 1810 999 κατὰ
1837 962 1962 1005 τόπους
1989 962 2093 1009 οὔσης
2118 963 2352 1037 διῃρημένης,

1325 1035 1384 1056 και
1422 1022 1712 1071 ἀναγκαζομένων
1740 1025 1809 1060 τῶν
1841 1023 1930 1060 διοδε
1919 1022 2060 1061 -υόντων
2081 1025 2150 1062 ἀπὸ
2176 1023 2353 1076 ἀρχόντων

1325 1082 1372 1124 εἷς
1387 1081 1557 1133 ἄρχοντας
1574 1083 1793 1134 μεταπηδᾶν,
1810 1098 1870 1120 και
1885 1085 1961 1120 καθ’
1979 1084 2130 1131 ἑκάστην
2147 1085 2304 1136 σχεδὸν>
2286 1085 2356 1123 απὸ

1326 1141 1505 1192 βασιλείας
1522 1144 1568 1185 εἷς
1587 1142 1768 1193 βασιλείαν
1785 1143 2030 1193 μεταὸαίνειν·
2049 1144 2109 1181 καὶ
2127 1149 2229 1182 τοῦτο
2241 1144 2354 1182 τοίνυν

1325 1203 1440 1241 ἱκανὸν
1458 1197 1499 1249 ἦν
1524 1185 1672 1254 κώλυμα
1688 1206 1737 1255 τῷ
1757 1203 1899 1255 δικαίῳ,
1917 1204 1988 1255 εἴγε
2009 1203 2057 1255 μὴ
2075 1204 2181 1242 πολὺν
2206 1199 2279 1258 εἶχε
2296 1205 2354 1243 τὸν

1324 1264 1447 1309 πόθον,
1467 1264 1525 1303 καὶ
1553 1263 1616 1310 τὴν
1647 1267 1686 1303 ἐκ
1716 1268 1776 1302 τοῦ
1804 1265 2042 1316 ἐπιτάγματος
2073 1265 2242 1312 ὑπακοήν.
2262 1266 2354 1303 Ἀλλ’

1324 1320 1438 1371 οὗτος,
1460 1325 1618 1378 καθάπερ
1641 1325 1811 1377 ἀράγνην,
1832 1341 1942 1363 ταυτα
1960 1325 2076 1363 πάντα
2097 1327 2292 1371 διασπάσας
2310 1326 2354 1364 τὰ

1324 1387 1538 1437 κωλυματα,
1563 1387 1623 1424 καὶ
1652 1403 1694 1438 τῃ
1728 1387 1847 1425 πίστει
1875 1388 2057 1439 νευρωθεὶς
2081 1389 2139 1426 τὸν
2168 1389 2353 1440 λογισμὸν,

1325 1448 1384 1485 καὶ
1426 1463 1476 1485 τι)
1519 1447 1693 1498 ἀξιωματι
1733 1451 1793 1485 τοῦ
1831 1448 2131 1499 ἐπαγγειλαμένου
2161 1448 2353 1496 πεποιθὼς,

1324 1508 1455 1555 ἥπτετο
1483 1510 1544 1554 τῆς
1577 1508 1786 1560 ὁδοιπορίας.
1818 1509 1887 1546 Καὶ
1917 1509 2040 1556 ἔλαὸε,
2069 1509 2194 1560 φησὶν,
2214 1509 2354 1562 Ἄὸραμ

1327 1570 1444 1621 Σάραν
1476 1569 1539 1616 τὴν
1569 1575 1718 1621 γυναῖκα
1747 1572 1873 1618 αὐτοῦ,
1895 1570 1955 1608 καὶ
1984 1569 2069 1608 Λὼτ
2098 1571 2156 1608 τὸν
2187 1571 2258 1609 υἱὸν
2292 1576 2353 1609 τοῦ

1325 1632 1472 1683 ἀδελφοῦ
1488 1633 1590 1669 αὐτοῦ
1602 1661 1612 1678 ,
1632 1631 1691 1668 καὶ
1710 1631 1825 1669 πάντα
1844 1631 1887 1668 τὰ
1910 1632 2113 1684 ὑπάρχοντα
2135 1634 2245 1670 αὐτῶν
2260 1662 2270 1679 ,
2288 1632 2354 1671 ὅσα

1325 1691 1517 1738 ἐκτήσαντο
1533 1694 1568 1729 ἐν
1589 1691 1751 1744 Χαρρὰν,
1768 1691 1828 1729 καὶ
1857 1691 1978 1738 ἐξῆλθε
1997 1695 2207 1744 πορευθῆναι
2224 1696 2271 1737 εἷς
2287 1697 2351 1745 γῆν

1326 1752 1484 1791 Χαναάν.

1377 1813 1475 1866 υΟρα
1491 1817 1553 1861 τ’ῆς
1567 1815 1711 1866 Γραφῆς
1731 1813 1792 1860 τὴν
1811 1814 2004 1866 ἀκρίὸειαν,
2020 1817 2094 1858 πῶς
2111 1818 2196 1866 ἡμῖν
2214 1817 2352 1855 ἅπαντα

1327 1876 1519 1925 διηγεῖται,
1543 1874 1599 1912 ἵνα
1627 1876 1683 1912 διὰ
1713 1875 1854 1913 πάντων
1879 1876 2044 1926 μάθωμεν
2072 1880 2132 1914 τοῦ
2161 1877 2295 1915 δικαίου
2315 1878 2356 1915 τὸ

1327 1936 1494 1988 φιλόθεον.
1523 1936 1593 1975 Καὶ
1612 1936 1737 1984 thee,
1763 1936 1870 1989 φησι,
1891 1936 2011 1988 Σάραν
2029 1936 2091 1984 τὴν
2121 1944 2270 1987 γυναῖκα
2289 1941 2353 1976 αὐ-

1326 2001 1406 2045 τοῦ,
1427 1997 1486 2035 καὶ
1506 1997 1590 2036 Λὼτ
1609 1997 1666 2035 τὸν
1689 1997 1760 2035 υἱὸν
1777 2001 1836 2036 τοῦ
1856 1998 2003 2048 ἀδελφοῦ
2024 1999 2145 2043 αὐτοῦ,
2163 1997 2222 2036 καὶ
2238 1999 2353 2037 πάντα

1325 2059 1388 2097 ὅσα
1413 2059 1604 2106 ἐκτήσαντο
1624 2061 1658 2097 ἐν
1684 2058 1842 2110 Χαῤῥάν.
1863 2059 1945 2109 Οὐχ
1963 2060 2083 2101 ἁπλῶς
2109 2053 2203 2106 εἷπε,
2221 2059 2353 2097 ’Πάντα

1324 2119 1389 2157 ὅσα
1419 2119 1611 2165 ἐκτήσαντο
1643 2121 1676 2157 ἐν
1706 2118 1869 2170 Χαῤῥὰν,
1900 2118 1979 2156 ἀλλ’
1997 2118 2052 2156 ἵνα
2085 2119 2268 2170 μάθωμεν,
2301 2119 2354 2158 ὅτι

1326 2178 1421 2218 οὐδὲν
1440 2182 1508 2216 τῶν
1527 2180 1597 2217 ἀπὸ
1615 2181 1682 2217 τῶν
1703 2178 1891 2217 Χαλδαίων
1920 2180 2118 2230 ἐπηγάγετο
2137 2183 2155 2217 ὁ
2175 2180 2353 2233 πατριάρ-

1326 2256 1411 2292 χης,
1434 2238 1523 2277 ἀλλὰ
1545 2240 1684 2277 πάντων
1714 2239 1854 2277 ἐκείνων
1877 2242 1945 2276 τῶν
1976 2240 2149 2293 πατρῴων
2179 2257 2352 2293 παραχω-

1329 2301 1436 2354 ρήσας
1457 2303 1505 2352 τῷ
1530 2301 1685 2352 ἀδελφῷ,
1702 2299 1809 2342 οὕτως
1825 2298 1917 2350 ἐξῄει
1935 2302 2049 2338 ἐκεῖνα
2078 2301 2167 2351 μόνα
2187 2303 2351 2355 ἐπιφερό-

1329 2378 1428 2413 μενος
1441 2391 1450 2409 ,
1470 2361 1534 2399 ὅσα
1552 2363 1597 2403 εἰς
1615 2360 1677 2407 τὴν
1699 2361 1842 2412 Χαῤῥὰν
1872 2360 2026 2407 ἠδυνήθη
2056 2360 2266 2406 κτήσασθαι.
2284 2361 2354 2400 Καὶ

1326 2428 1426 2464 τοῦτο
1448 2424 1483 2461 δὲ
1510 2422 1617 2461 ἐποίει
1643 2426 1660 2460 ὃ
1685 2422 1876 2472 θαυμάσιος
1895 2416 2012 2467 οὗτος,
2033 2423 2109 2474 οὐχὶ
2127 2422 2207 2475 περὶ
2226 2424 2355 2460 πολλοῦ

1325 2486 1528 2535 ποιούμενος
1550 2488 1678 2531 ταῦτα,
1697 2483 1772 2521 οὐδὲ
1798 2487 1842 2526 ὡς
1872 2483 2134 2535 φιλοχρήματος
2157 2483 2353 2535 τυγχάνων,

1329 2548 1404 2585 ἀλλ’
1422 2546 1477 2584 ἵνα
1491 2552 1597 2584 πᾶσιν
1612 2545 1675 2597 ἔχῃ
1695 2544 1867 2582 δεικνύναι
1884 2544 1941 2583 διὰ
1955 2547 2018 2589 τῆς
2033 2544 2231 2597 περιουσίας
2248 2546 2353 2582 αὐτοῦ

1328 2612 1386 2645 τοῦ
1411 2610 1502 2646 Θεοῦ
1524 2606 1586 2653 τὴν
1614 2605 1694 2658 περὶ
1723 2605 1824 2643 αὐτὸν
1853 2605 2028 2658 πρόνοιαν.
2057 2605 2102 2643 Ὁ
2130 2604 2198 2656 γὰρ
2224 2607 2263 2642 ἐκ
2291 2608 2353 2651 τῆς

1328 2668 1515 2706 Χαλδαίων
1537 2669 1601 2718 γῆς
1621 2666 1722 2704 αὐτον
1751 2665 1970 2711 ἀναστήσας,
1988 2681 2047 2703 και
2073 2666 2178 2703 πάλιν
2199 2667 2352 2702 ἐντεῦθεν

1330 2732 1591 2778 μετοικισθηναι
1606 2726 1812 2778 προστάξας,
1831 2725 1931 2769 αυτὸς
1949 2730 1990 2772 ἠν
2011 2729 2028 2763 ὁ
2048 2742 2107 2763 και
2126 2725 2190 2771 τὴν
2208 2740 2351 2778 περιου-

1329 2791 1404 2829 σίαν
1444 2792 1538 2827 αὐτῶ
1576 2787 1686 2832 αὔξων
1719 2789 1771 2838 ἐφ’
1807 2787 1979 2833 ἑκάστης,
2009 2803 2068 2824 και
2098 2786 2238 2824 ἅπασαν
2271 2787 2354 2825 δυσ-

1329 2851 1446 2890 κολίαν
1477 2851 1652 2901 ἀναιρῶν·
1681 2848 1771 2886 ὥστε
1798 2848 1857 2885 καὶ
1887 2851 1990 2885 τοῦτο
2021 2847 2104 2885 αὐτὸ
2136 2848 2262 2898 δεῖγμα
2292 2849 2355 2893 τῆς

1330 2911 1486 2964 φιλοθέου
1510 2913 1613 2949 αὐτοῦ
1634 2909 1777 2961 γνώμης
1804 2908 1991 2960 ἐτύγχανε,
2010 2913 2162 2946 τοσαῦτα
2188 2909 2354 2960 ἐπιφερό-

1330 2988 1446 3024 μενον,
1468 2987 1557 3009 ουτω
1585 2971 1641 3008 διὰ
1660 2971 1775 3042 πάσης
1797 2969 1881 3007 ἰεναι
1897 2972 1959 3015 τῆς
1979 2970 2068 3007 ὁδοῦ.
2087 2967 2265 3011 Ἕκαστος
2283 2969 2351 3020 γὰρ

1329 3050 1396 3072 των
1419 3032 1577 3086 ορώντων
1605 3031 1747 3074 εἰκότως
1765 3031 1827 3077 τὴν
1849 3030 1962 3068 αἰτίαν
1990 3029 2174 3080 μανθάνειν
2195 3029 2357 3068 ἐδουλετο

1327 3098 1390 3142 τ’ἧς
1405 3099 1462 3132 τοῦ
1479 3094 1611 3132 δικαίου
1626 3091 1833 3142 ἀποδημίας.
1846 3093 1888 3129 F:
1881 3106 1934 3128 ιτα
1948 3089 2242 3140 πυνθανόμενος(
2230 3090 2282 3128 ότι
2296 3095 2354 3129 του

1328 3159 1420 3195 Θεου
1449 3155 1674 3197 κελευσαντος
1703 3154 1760 3191 ἐπι
1787 3152 1850 3197 τὴν
1879 3150 2064 3202 ἀλλοτρίαν
2087 3151 2293 3200 μεθίστατο,
2310 3151 2354 3188 τὰ

1329 3220 1438 3255 οἰκεῖα
1465 3215 1686 3262 καταλιπὼν,
1715 3215 1758 3252 δι’
1780 3215 1891 3251 αὐτῶν
1912 3214 1979 3249 τῶν
2006 3212 2115 3264 ἔργων
2135 3213 2355 3258 ἐδιδάσκετο,

1330 3279 1387 3316 καὶ
1402 3282 1462 3324 τῆς
1478 3294 1513 3315 τε
1531 3279 1686 3322 ὑπακοῆς
1702 3279 1761 3313 τοῦ
1779 3275 1914 3312 δικαίου
1930 3273 1967 3310 τὸ
1994 3274 2150 3325 φιλόθεον
2170 3273 2354 3323 ἐμάνθανε,

1329 3340 1388 3379 καὶ
1416 3343 1476 3384 τῆς
1498 3339 1576 3390 περὶ
1601 3337 1702 3375 αὐτὸν
1722 3336 1883 3389 προνοίας
1914 3338 1973 3371 τοῦ
1995 3337 2086 3372 (θεοῦ
2115 3334 2178 3380 τὴν
2202 3334 2350 3385 ὓπερῧο-

1332 3402 1406 3448 λήν.
1432 3401 1500 3439 Καὶ
1522 3400 1637 3445 εξῆ)θ;
1652 3429 1659 3440 ,
1682 3398 1785 3449 φησί,
1809 3399 2016 3447 πορευθῆναι
2045 3397 2091 3438 εἰς
2112 3398 2174 3445 γῆν
2198 3395 2354 3435 Χαναάν.
