2516 3791
786 118 832 148 IN
868 117 967 148 CAP.
1010 117 1072 148 Vl.

207 207 256 257 τῷ
284 203 429 256 παρόντι
448 201 513 254 βίῳ
532 202 782 254 διαλεχθῶμεν.
805 200 908 244 Ἴσως
937 200 1004 253 γάρ
1033 216 1121 245 τινες
1154 206 1227 245 τοῖς

1112 116 1273 147 GENES.

1316 114 1471 146 nomn.
1511 116 1639 147 xxm.
2156 106 2243 164 24²3

1299 208 1332 237 et
1356 199 1473 238 dixit:
1505 200 1652 238 Delebo
1671 201 1863 238 hominem
1884 214 1997 252 quem
2015 202 2117 253 feci,
2139 217 2164 239 a
2172 206 2245 255 sa-

208 264 370 315 μέλλουσι
397 262 457 302 καὶ
498 261 547 313 μὴ
576 261 762 314 ὁρωμένοις
792 262 1043 301 διαπιστοῦσιν.
1074 261 1222 312 Ἰδωμεν
1248 273 1272 304 Ε
1299 263 1356 299 cie
1375 269 1484 298 terroe
1504 276 1513 296 :
1534 269 1568 299 et
1586 269 1785 299 monstrans
1802 260 2054 312 indignationis
2074 275 2147 298 suat
2168 276 2243 299 ma—

207 325 316 363 τοίνυν
335 325 374 362 ἔκ
391 325 461 362 τῶν
482 324 629 361 ἐνταῦθα
645 321 850 374 γινομένων,
865 322 942 360 τίνα
968 321 1031 374 μὲν
1047 322 1126 366 τοὺς
1139 322 1224 375 πρὸς

205 385 267 433 τὴν
285 375 410 424 κακίαν
427 383 733 436 αὐτομολήσαντας
749 383 922 428 διεδέξατο
933 414 942 432 ,
961 384 1064 422 τίνων
1082 383 1116 422 δὲ
1131 387 1149 422 ὁ
1162 383 1224 430 τὴν

205 445 330 499 ἀρετὴν
347 444 508 496 ἐλόμενος
525 443 670 492 ἠξιώθη.
690 443 837 491 Ἐπειδὴ
857 444 924 496 γὰρ
939 444 996 483 διὰ
1014 444 1077 491 τὴν
1093 443 1226 491 πολλὴν

205 509 267 553 τῆς
286 506 411 550 κακίας
427 505 586 545 ἐπίτασιν
607 505 811 558 ἀπεφήνατο
827 508 845 544 ὂ
861 503 988 556 ἀγαθὸς
1005 503 1095 547 Θεὸς
1110 519 1226 542 πανω-

205 566 326 619 λεθρία
345 567 385 605 τὸ
401 569 471 605 τῶν
487 565 678 620 ἀνθρώπων
698 565 795 617 γένος
817 563 1078 611 καταδικάσειν,
1104 562 1226 608 εἰπὼν,

208 627 411 680 Ἀπαλείψω
430 627 488 666 τὸν
505 627 698 680 ἄνθρωπον,
710 626 747 664 ὃν
768 624 937 672 ἐποίησα,
955 623 1024 662 ἀπὸ
1039 621 1226 676 προσώπου

209 691 272 734 τῆς
289 689 372 739 γῆς,
394 687 453 726 καὶ
483 686 615 731 δεικνὺς
643 689 706 733 τῆς
734 684 1003 737 ἀγανακτήσεως
1033 685 1138 722 αὐτοῦ
1162 682 1227 729 τὴν

208 747 417 799 ὑπερδολὴν,
442 749 480 786 οὐ
494 745 585 784 κατὰ
609 750 669 785 τοῦ
687 748 755 784 τῶν
775 744 966 797 ἀνθρώπων
987 743 1106 795 γένους
1125 742 1227 793 μόνον

208 808 272 855 τὴν
288 808 461 860 ἀπόφασιν
483 807 674 858 ἐξήνεγκεν,
701 806 792 844 ἀλλὰ
812 805 872 844 καὶ
890 804 982 844 κατὰ
1001 805 1142 844 πάντων
1159 807 1227 843 τῶν

1295 320 1535 371 gnitndjncm‚
1556 334 1625 360 non
1638 330 1758 360 contra
1775 321 1971 359 humanum
1984 321 2173 360 dumtaxat
2192 337 2249 371 ge-

1297 395 1365 419 nus
1384 382 1592 420 sententiam
1612 382 1777 435 protulit,
1793 381 1856 420 sed
1875 391 1909 420 et
1928 391 2048 421 contra
2062 383 2248 435 omniajn-

1299 451 1430 490 menta,
1449 451 1483 480 et
1504 443 1660 495 reptilia,
1681 453 1715 482 et
1729 443 1887 482 volatilia
1906 459 1913 480 :
1936 458 2018 482 cum
2039 444 2134 483 enim
2155 445 2248 497 peri-

1300 502 1370 540 turi
1383 511 1416 540 et
1430 502 1682 555 submergendi
1693 504 1852 543 homines
1866 513 1992 554 essent,
2005 514 2149 558 propter
2161 519 2248 557 quos

1299 563 1374 601 lirec
1392 564 1483 602 sacta
1503 574 1598 613 sunt,
1610 566 1692 616 jure
1704 579 1744 603 ac
1759 565 1884 604 merito
1900 565 1962 604 illa
1980 579 2123 617 quoque
2136 580 2248 619 poenm

1299 625 1477 662 consortio
1493 625 1595 677 paria
1615 626 1711 663 fuere
1728 641 1735 661 :
1758 626 1868 675 igitur
1881 640 1962 664 cum
1978 627 2145 665 sententia
2162 641 2248 665 non-

1298 683 1389 722 dum
1408 685 1585 736 praefinita
1615 694 1718 734 esset,
1747 699 1816 735 qua
1842 687 1903 724 alii
1926 687 1972 724 ab
1989 687 2069 725 aliis
2087 702 2249 726 secerne-

1300 754 1437 794 rentur,
1461 754 1500 783 ut
1517 745 1634 784 discas
1651 759 1760 796 quarn
1785 759 1853 784 non
1875 747 1920 784 sit
1943 760 2173 798 personarum
2192 763 2250 786 ac-

1300 814 1420 858 ceptor
1441 807 1553 856 Dens,
1576 805 1684 844 sedin
1700 805 1808 844 eorda
1823 814 1941 843 nostra
1955 806 2156 858 ingrediens
2172 810 2250 846 nul-

209 872 357 917 κτηνῶν,
373 869 433 908 καὶ
447 871 515 907 τῶν
533 870 701 921 ἑρπετῶν,
711 866 771 905 καὶ
785 869 854 905 τῶν
875 868 1040 904 πετεινῶν
1055 882 1062 890 ·
1077 869 1146 904 τῶν
1161 866 1228 919 γὰρ
1240 896 1288 921 207
1301 867 1381 905 lum
1401 866 1587 919 despiciat,
1606 875 1640 904 et
1660 866 1690 905 si
1706 867 1764 905 vel
1782 880 1931 919 parvam
1948 867 2140 917 quamdam
2154 882 2254 907 occa-

209 929 413 983 ἀνθρώπων,
433 929 475 967 δι’
491 928 548 973 οὓς
564 931 676 966 ταῦτα
703 927 890 980 παρήχθη,
911 926 1125 966 ἀπόλλυσθαι
1147 929 1229 978 μελ-
1253 935 1278 963 Λ
1301 928 1435 966 sionem
1450 941 1513 965 nos
1528 928 1730 976 asseramus,
1750 927 1969 966 ineffabilem
1982 941 2083 966 suam
2099 928 2253 968 declaret

208 991 351 1037 λόντων,
374 990 433 1028 καὶ
453 989 674 1043 ὑποὸρυχίων
691 989 866 1041 γίνεσθαι,
890 988 1031 1032 εἰκότως
1046 988 1106 1027 καὶ
1120 993 1231 1027 ταῦτα

208 1053 272 1097 τῆς
292 1051 461 1102 τιμωρίας
479 1050 766 1097 συναπήλαυσεν·
790 1050 910 1098 ἐπειδὴ
930 1044 988 1089 οὖν
1015 1053 1037 1097 ἠ
1059 1050 1234 1102 ἀπόφασις

211 1113 369 1165 ἀόριστος
383 1107 440 1162 ἦν,
458 1112 516 1151 καὶ
531 1113 691 1163 οὐδεμίαν
708 1112 836 1164 ἔχουσα
853 1111 1032 1163 διαίρεσιν,
1047 1111 1104 1150 ἵνα
1120 1111 1233 1163 μάθῃς

211 1173 252 1212 τὸ
272 1173 596 1226 ἄπροσωπόληπτον
615 1176 675 1211 τοῦ
697 1174 809 1218 Θεοῦ,
830 1172 890 1211 καὶ
909 1172 964 1211 ὅτι
982 1177 1058 1216 ταῖς
1075 1171 1234 1224 καρδίαις

213 1240 289 1279 ταῖς
306 1234 494 1288 ἡμετέραις
512 1233 711 1285 ἐμὸατεύων
730 1234 852 1272 οὐδένα
865 1239 1035 1286 περιορᾷ,
1058 1233 1148 1272 ἀλλὰ
1169 1234 1234 1272 κᾶν

213 1296 343 1348 μικράν
363 1311 440 1334 τινα
459 1294 617 1348 ἀφορμὴν
639 1294 721 1347 εὕρῃ
750 1296 836 1347 παρ’
851 1297 953 1345 ἡμῶν
973 1295 1235 1347 εἰσφερομένην,

213 1357 344 1409 ἄφατον
363 1358 466 1395 αὐτοῦ
488 1355 720 1395 ἐπιδείκνυται
738 1354 802 1402 τὴν
821 1355 1098 1408 φιλανθρωπίαν,
1130 1356 1234 1408 φησιν

213 1421 236 1464 ἡ
260 1418 380 1471 Γραφὴ
396 1449 405 1466 ,
422 1417 480 1456 ἵνα
499 1417 548 1468 μὴ
565 1417 763 1468 νομίσωμεν
779 1417 833 1456 ὅτι
848 1417 1024 1463 παντελὴς
1040 1417 1235 1468 ἀφανισμὸς

213 1479 346 1529 γίνεται
368 1481 428 1518 τοῦ
443 1480 511 1516 τῶν
539 1477 730 1530 ἀνθρώπων
745 1478 881 1531 γένους,
904 1477 994 1516 ἀλλὰ
1013 1481 1163 1530 γνῶμεν,
1183 1479 1237 1517 ὅτι

214 1539 271 1578 διὰ
297 1539 361 1586 τὴν
390 1539 519 1578 οἰκείαν
545 1540 648 1578 αὐτοῦ
676 1539 877 1591 ἀγαθότητα
907 1539 1031 1591 ἀφίησι
1061 1540 1235 1591 σπινθῆρά

214 1616 293 1638 τινα
318 1601 507 1648 σώζεσθαι,
530 1600 589 1640 καὶ
616 1599 712 1653 ῥίζαν
739 1601 790 1652 τῷ
808 1602 877 1638 τῶν
900 1599 1092 1653 ἀνθρώπων
1124 1600 1237 1652 γένει,

212 1661 304 1699 ὥστε
322 1661 428 1699 πάλιν
445 1663 492 1706 εἷς
512 1661 664 1713 μακροὺς
683 1664 871 1708 ἐκταθῆναι
890 1661 1056 1704 κλάδους·
1077 1663 1158 1700 Νῶε
1181 1661 1215 1700 δὲ
1227 1692 1237 1708 ,

215 1723 332 1774 φησιν,
349 1716 426 1775 εῧρε
443 1722 548 1774 χάριν
568 1722 721 1761 ἐναντίον
740 1727 800 1761 τοῦ
817 1724 923 1762 Θεοῦ.

267 1782 399 1821 Σκόπει
420 1786 483 1830 τῆς
500 1784 643 1835 Γραφῆς
661 1783 724 1830 τὴν
744 1783 937 1835 ἆκρίὸειαν,
961 1783 1053 1826 ὅπως
1072 1785 1148 1822 οὐδὲ
1173 1784 1236 1831 τὴν

215 1848 387 1895 τυχοῦσαν
422 1843 601 1889 συλλαὸήν
633 1844 726 1882 ἐστιν
763 1845 872 1896 εὑρεῖν
911 1844 1030 1888 ἁπλῶς
1061 1845 1236 1895 κειμένην,

216 1903 364 1949 Ἐπειδὴ
380 1903 447 1955 γὰρ
466 1902 617 1948 ἐδίδαξεν
632 1906 726 1954 ἡμᾶς
739 1903 802 1950 τὴν
815 1903 1010 1957 ὑπερὸολὴν
1033 1907 1093 1951 τ’ἧς
1114 1905 1239 1949 κακίας

216 1965 286 2001 τῶν
319 1962 522 2016 ἀνθρώπων,
556 1963 616 2002 καὶ
652 1966 714 2009 τῆς
741 1963 913 2017 τιμωρίας
939 1965 979 2003 τὸ
1011 1965 1152 2016 μέγεθος
1177 1969 1238 2012 τῆς

220 2025 412 2074 μελλούσης
430 2024 620 2075 ἐπάγεσθαι
639 2030 710 2068 τοῖς
729 2025 859 2072 ταύτης
877 2025 1040 2079 ἐργάταις
1052 2056 1061 2073 ,
1083 2027 1238 2066 διδάσκει

217 2089 311 2136 ἡμᾶς
336 2085 394 2122 καὶ
411 2085 469 2123 τὸν
496 2087 531 2123 ἐν
546 2084 698 2138 τοσούτῳ
716 2086 842 2132 πλήθει
869 2086 1056 2133 δυνηθέντα
1075 2087 1139 2134 τὴν
1160 2089 1239 2140 ἀρε-

217 2145 280 2191 τὴν
299 2144 461 2197 ἀκέραιον
481 2146 663 2184 διασῶσαι.
678 2146 783 2185 Ἔστι
798 2145 861 2196 μὲν
878 2145 947 2198 γὰρ
968 2147 1028 2185 καὶ
1056 2149 1134 2186 καθ’
1154 2150 1238 2186 ἑαυ-

216 2205 280 2252 τὴν
296 2208 318 2252 ἡ
338 2205 442 2258 ἀρετὴ
480 2206 677 2257 θαυμαστή.
696 2205 813 2245 ‘'O-tw
849 2205 885 2245 δὲ
912 2206 972 2245 καὶ
992 2208 1026 2245 ἐν
1053 2208 1150 2261 μέσῳ
1169 2211 1238 2247 τῶν

216 2266 418 2305 κωλυόντων
430 2267 612 2319 τυγχ-άνων
629 2282 680 2310 τις
697 2266 827 2315 ταύτην
844 2267 960 2320 μετίῃ,
971 2270 1092 2321 πολλῷ
1106 2271 1240 2320 μᾶλλον

216 2327 501 2380 θαυμαστοτέραν
530 2327 638 2375 αὐτὴν
665 2328 861 2381 ἀποφαίνει.
887 2329 955 2368 Διὰ
987 2334 1088 2369 τοῦτο
1117 2329 1237 2383 ὥσπερ

217 2389 441 2438 θαυμάζουσα
473 2388 531 2426 τὸν
565 2388 699 2427 δίκαιον
726 2393 748 2437 ἡ
778 2389 854 2428 θεία
882 2391 1005 2443 Γραφή
1036 2407 1153 2444 φησιν,
1184 2392 1238 2432 ὅτι

219 2447 347 2498 μεταξὺ
367 2450 435 2486 τῶν
449 2447 620 2488 τοσούτων
641 2449 698 2487 διὰ
714 2449 779 2496 τὴν
795 2450 922 2489 κακίαν
939 2452 1135 2502 μελλόντων
1154 2455 1239 2505 ἀγα-

217 2508 414 2555 νακτήσεως
439 2513 645 2572 πειρᾶσθαί,
664 2511 746 2549 Νῶε
773 2510 809 2549 δὲ
836 2505 914 2565 εἶρε
945 2513 1050 2567 χάριν
1085 2513 1238 2553 ἐναντίον

218 2569 347 2623 Κυρίου
374 2572 434 2608 τοῦ
460 2572 564 2609 Θεοῦ.
588 2572 678 2622 Εὗρε
705 2571 823 2624 χάριν,
846 2573 938 2621 ἀλλ’,
972 2573 1152 2613 Ἔναντίον
1179 2580 1240 2614 τοῦ

217 2632 327 2670 Θεοῦ·
351 2633 416 2683 οὐχ
433 2631 552 2676 ἅπλῶς
566 2662 575 2679 ,
600 2626 692 2686 Εὗρε
711 2632 831 2686 χάριν,
852 2634 946 2682 ἀλλ’,
967 2633 1149 2674 Ἐναντίον
1168 2638 1240 2675 Κυ-

219 2691 292 2744 ρίου
310 2695 370 2730 τοῦ
385 2694 496 2731 Θεοῦ·
520 2693 578 2731 ἵνα
602 2696 696 2744 ἡμᾶς
720 2693 840 2747 διδάξῃ
859 2694 914 2734 ὅτι
934 2695 996 2734 ἕνα
1018 2700 1138 2735 τοῦτον
1169 2691 1241 2750 εἶχε

217 2751 275 2789 τὸν
302 2752 444 2801 σκοπὸν,
471 2752 562 2791 ὥστε
595 2754 653 2792 τὸν
683 2754 874 2806 ἀκοίμητον
908 2757 1037 2796 ἐκεῖνον
1064 2759 1240 2809 ὀφθαλμὸν

219 2813 404 2860 ἐπαινέτην
426 2813 532 2866 ἔχειν,
548 2814 607 2853 καὶ
621 2815 728 2860 οὐδεὶς
749 2817 845 2869 αὐτῷ
862 2816 963 2869 λόγος
991 2821 1055 2865 τῆς
1080 2820 1151 2857 τῶν
1178 2821 1242 2856 ἀν·

220 2872 368 2925 θρώπων
395 2874 511 2922 δόξης,
539 2875 615 2915 οὐδὲ
635 2878 698 2923 τῆς
717 2877 859 2928 ἀτιμίας
874 2908 884 2926 ,
907 2878 968 2917 καὶ
990 2883 1052 2918 τοῦ
1079 2878 1242 2932 γέλωτος.

222 2935 325 2978 Εἰκὸς
342 2935 409 2989 γὰρ
424 2936 526 2975 αὐτὸν
542 2937 750 2981 ἀπεναντίας
766 2938 878 2978 ἅπασι
894 2939 958 2987 τὴν
974 2939 1100 2992 ἀρετὴν
1120 2940 1242 2991 μετιέ-

223 3010 276 3033 οαι
301 2997 507 3048 βουλόμενον
525 2997 658 3044 πολλὴν
677 2998 861 3049 ὑπομένειν
875 3000 941 3047 τὴν
955 3000 1083 3052 χλεύην
1107 3000 1167 3038 καὶ
1183 3000 1242 3039 τὸν

221 3055 358 3106 γέλωτα
370 3087 380 3105 ,
395 3057 536 3096 πάντων
553 3060 623 3096 τῶν
639 3058 701 3106 τὴν
720 3059 847 3099 κακίαν
865 3061 1053 3112 μετιόντων
1073 3060 1242 3100 εἰωθότων

224 3116 279 3153 ἀεὶ
296 3117 550 3157 ’ἐπισκώπτειν
568 3119 648 3164 τοὺς
666 3120 797 3167 ταύτην
826 3121 961 3173 φεύγειν
993 3121 1222 3172 βουλομένους
1234 3152 1244 3169 ,

225 3175 283 3213 καὶ
304 3177 428 3229 ἀρετὴν
443 3179 682 3231 αἱρουμένους,
701 3180 786 3232 ὅπερ
806 3181 866 3220 καὶ
885 3184 945 3219 νῦν
963 3180 1134 3223 πολλάκις
1154 3180 1243 3231 γίνε-

271 3294 284 3305 ⁴
301 3282 354 3313 Sic
371 3282 470 3317 Savil.
487 3292 519 3316 et
535 3287 658 3327 septeni
675 3286 750 3319 Mss.
771 3286 811 3319 In
828 3285 942 3318 Mon-el.
964 3293 1115 3320 noim-ew.

1302 987 1597 1034 misericordiam,
1616 988 1732 1039 inquit
1743 989 1944 1041 Scriptura,
1959 998 2054 1026 utne
2068 998 2181 1028 totum
2195 1004 2253 1041 ge-

1302 1064 1368 1088 nus
1398 1049 1597 1088 humanum
1626 1048 1843 1088 abolendum
1868 1058 2047 1102 putemus,
2077 1050 2138 1088 sed
2162 1051 2255 1089 scia-

1305 1124 1397 1159 mus,
1412 1110 1531 1164 ipsum
1547 1123 1611 1162 per
1626 1124 1727 1148 suam
1741 1110 1934 1149 bonitatem
1950 1110 2149 1161 relinquere
2162 1112 2255 1150 scin-

1304 1173 1418 1210 tillam
1440 1181 1473 1210 et
1495 1171 1651 1210 radicem
1671 1171 1863 1222 quamdam
1887 1171 2037 1219 salvam,
2069 1181 2108 1210 ut
2126 1172 2255 1211 iterum

1303 1233 1504 1271 humanum
1538 1246 1649 1285 genus
1687 1233 1723 1270 in
1754 1232 1926 1286 'proceros
1960 1232 2103 1271 extendi
2147 1234 2256 1286 possit

1305 1308 1421 1333 ramos
1446 1311 1453 1331 τ
1488 1296 1584 1343 Noe,
1615 1293 1745 1345 inquit,
1765 1296 1913 1332 invenit
1936 1296 2105 1345 gratiam
2126 1308 2257 1332 coram

1306 1357 1400 1394 Deo.

1363 1777 1399 1811 9.
1429 1772 1524 1811 Vide
1545 1773 1740 1825 Scriptura:
1761 1772 1999 1824 diligentiam,
2022 1772 2199 1823 quomodo
2219 1787 2262 1811 ne

1312 1834 1488 1887 syllabam
1503 1834 1648 1886 quidem
1665 1847 1771 1872 unam
1784 1834 1945 1872 inutilem
1960 1834 2148 1872 contineat.
2168 1834 2259 1872 Nam

1311 1905 1499 1947 postquam
1519 1909 1582 1934 nos
1600 1895 1722 1933 docuit
1737 1895 1949 1947 gravitatem
1963 1895 2129 1946 nequitiae
2146 1895 2263 1933 homi-

1312 1970 1411 2006 num,
1430 1966 1464 1995 et
1485 1971 1596 2009 poenae
1617 1956 1900 2007 magnitudinem
1920 1956 2092 2008 improbis
2111 1956 2262 1994 inseren-

1311 2017 1409 2067 dam,
1425 2017 1560 2056 indicat
1580 2017 1684 2055 nobis
1699 2031 1781 2055 eum
1793 2017 1905 2068 quiin
1917 2026 2014 2054 tanta
2030 2017 2262 2055 multitudine

1311 2077 1467 2130 potuerit
1498 2078 1671 2115 sinceram
1699 2091 1841 2116 servare
1866 2076 2048 2116 virtutem.
2081 2076 2146 2115 Est
2167 2078 2262 2116 enim

1312 2138 1426 2176 virtus
1446 2139 1553 2176 etiam
1576 2151 1640 2190 per
1667 2137 1820 2189 seipsam
1837 2137 2077 2176 admirabilis.
2106 2137 2213 2185 Quod
2232 2139 2260 2175 si

1312 2199 1393 2251 quis
1411 2199 1511 2238 illam
1536 2199 1574 2237 in
1598 2197 1715 2237 medio
1736 2198 2006 2252 prohibentium
2024 2200 2128 2249 colat,
2148 2200 2262 2238 multo

1263 2275 1286 2305 c
1311 2259 1615 2299 admirabiliorem
1629 2259 1744 2313 ipsam
1755 2259 1919 2298 ostendit.
1938 2262 2127 2314 Propterea
2137 2259 2262 2299 divina

1311 2323 1499 2375 Scriptura
1521 2321 1623 2373 quasi
1642 2321 1853 2359 admirando
1864 2322 2004 2374 justum
2017 2321 2106 2360 dicit
2119 2321 2164 2360 de
2182 2322 2259 2369 illo,

1312 2383 1348 2422 in
1370 2383 1490 2421 medio
1508 2382 1656 2421 illorum
1674 2382 1736 2433 qui
1756 2382 2038 2434 indignationem
2054 2383 2120 2421 Dei
2137 2397 2262 2435 exper-

1312 2444 1383 2483 turi
1396 2452 1495 2482 erant
1504 2451 1678 2492 versante,
1693 2443 1779 2481 Noc?
1793 2451 1922 2481 autem
1935 2446 2081 2481 invenit
2092 2446 2262 2495 gratiam

1313 2519 1445 2544 coram
1474 2506 1645 2542 Domino
1669 2504 1766 2542 Deo.
1798 2505 1955 2541 Invenit
1981 2506 2167 2555 gratiam,
2188 2503 2262 2551 sed,

1315 2568 1456 2606 Coram
1480 2567 1592 2603 Deo:
1630 2578 1700 2602 non
1728 2563 1951 2617 simpliciter,
1986 2566 2140 2602 Invenit
2169 2578 2264 2617 gra-

1315 2631 1425 2675 tiam,
1439 2625 1515 2676 sed,
1532 2627 1675 2664 Coram
1686 2626 1858 2663 Domino
1871 2626 1957 2662 Deo
1968 2640 1978 2660 .·
1994 2633 2034 2662 ut
2046 2638 2110 2662 nos
2124 2624 2262 2678 doceat,

1314 2689 1433 2741 ipsum
1452 2700 1565 2725 unum
1583 2685 1750 2723 habuisse
1767 2698 1929 2737 scopum,
1958 2694 1996 2722 ut
2015 2684 2060 2722 ab
2081 2684 2143 2723 illo
2161 2685 2264 2723 oculo

1315 2747 1531 2795 laudaretur,
1541 2745 1603 2797 qui
1616 2744 1809 2783 dormitare
1818 2744 2001 2797 sopirique
2015 2745 2136 2794 nescit,
2157 2745 2265 2783 nihil-

1316 2823 1384 2860 que
1396 2807 1574 2847 curavisse
1581 2806 1776 2844 humanam
1786 2804 1948 2856 gloriam,
1954 2805 2265 2857 velignominiam.

1317 2870 1374 2908 vel
1396 2869 1609 2907 irrisionem.
1643 2865 1850 2904 Verisimile
1869 2866 1965 2904 enim
1983 2875 2034 2904 est
2053 2880 2151 2917 eum,
2185 2880 2267 2904 cum

1317 2941 1444 2986 praeter
1463 2943 1597 2969 morem
1619 2928 1780 2966 omnium
1798 2927 1969 2966 virtutem
1989 2929 2133 2974 coleret,
2160 2927 2268 2965 fuisse

1266 3000 1292 3030 D
1318 2992 1577 3032 subsannatum
1598 2998 1631 3026 et
1650 2988 1794 3026 irrisum
1813 2987 1860 3026 ab
1877 2988 2044 3027 omnibus
2072 2988 2268 3039 nequitiam

1320 3052 1550 3101 sectantibus,
1567 3049 1628 3101 qui
1640 3057 1896 3088 consueverant
1911 3063 1971 3088 eos
1984 3050 2046 3101 qui
2062 3049 2161 3087 illam
2178 3049 2269 3087 vita·

1320 3124 1412 3165 rent,
1435 3122 1470 3152 et
1502 3113 1673 3151 virtutem
1701 3110 2004 3163 amplexarentur,
2029 3109 2202 3159 irridere;
2232 3110 2270 3147 id

1321 3175 1418 3228 quod
1442 3183 1473 3213 et
1494 3186 1587 3212 nunc
1608 3185 1702 3224 saepe
1728 3171 1804 3210 fieri
1828 3171 1925 3210 solet.
1950 3171 2194 3223 Videmusque
2220 3185 2272 3207 se-
