2516 3791
755 184 798 213 IN
836 183 932 213 CAP.
969 182 1098 213 xxV1.

1135 179 1294 211 GENES.

1333 179 1489 209 uomit„
1531 179 1607 207 ru.
2102 165 2184 228 ὂψ

145 279 241 332 Ὅρα
260 280 334 321 πῶς
351 277 419 316 ὑπὸ
437 279 496 316 τοῦ
518 275 711 318 συνειδότος
725 274 940 325 ὠθούμενοι,
959 274 1018 313 καὶ
1037 272 1172 317 οὐδενὸς
1197 272 1221 305 C
1246 270 1338 309 alius
1348 280 1465 321 cogat,
1482 269 1538 309 vel
1549 269 1638 307 sacta
1651 268 1806 320 objiciat.
1825 269 1917 306 Nam
1945 269 2012 306 nisi
2029 271 2196 322 injuriam

145 340 262 393 ἑτέρου
281 338 621 389 καταναγκάζοντος,
638 335 715 375 οὐδὲ
745 335 789 374 τὰ
820 335 1037 387 γεγενημένα
1068 334 1171 385 ἐξαγ-

143 401 342 453 γέλλοντος,
363 399 460 438 αὐτοὶ
481 397 621 441 ἑαυτοὺς
643 398 798 450 ἐλέγχειν
818 396 1026 446 ἐπείγονται.
1048 398 1088 434 [ζί
1104 395 1173 447 γὰρ

146 461 195 513 μὴ
212 461 422 508 ἠδικήσατε,
444 460 547 513 φησὶ,
563 459 654 503 τίνος
669 459 781 497 ἕνεκεν
802 458 861 497 καὶ
881 457 1053 504 συνθήκας
1069 459 1176 495 ἀπαι-

143 528 235 562 τεῖτε
255 522 352 575 παρὰ
370 526 430 560 τοῦ
450 521 601 568 δικαίου;
622 520 728 559 Ἀλλὰ
755 518 908 558 τοιοῦτόν
931 520 1024 556 ἐστιν
1043 521 1064 564 ἡ
1095 518 1171 555 ἀδι-

145 583 223 623 κία·
257 586 334 623 καθ’
357 583 506 630 ἑκάστην
537 582 672 634 ἡμέραν
702 580 902 625 καταξαίνει
930 579 970 618 τὸ
1002 578 1153 622 συνειδὸς
1166 608 1175 625 ,

146 646 206 684 καὶ
223 649 388 697 σιγῶντος
406 648 466 683 τοῦ
483 642 714 695 ἠδικημένου,
734 645 765 680 οἱ
781 642 844 689 τὴν
865 641 1001 680 ἀδικίαν
1021 639 1174 692 ἐργασά-

147 723 244 758 μενοι
263 706 326 754 τὴν
356 706 454 752 δίκην
484 703 670 758 ἐφεστάναι
697 703 908 754 νομίζοντες,
942 704 994 754 ἐφ’
1027 700 1176 746 ἑκάστης

146 767 280 821 ἡμέρας
291 767 468 818 ἐναγώνιοι
484 766 655 817 γίνονται,
674 764 734 803 καὶ
754 763 936 815 μονονουχὶ
953 760 1176 814 ὑπογράφου-

147 846 202 869 σιν
229 832 361 872 ἑαυτοῖς
379 828 443 875 τὴν
473 827 650 873 ἐκδίκησιν
676 829 746 864 τῶν
776 823 1047 877 ἡμαρτημένων.
1063 825 1114 861 ιὈ
1135 822 1176 870 δὴ

148 891 207 929 καὶ
226 884 320 929 οὗτοι
341 890 525 940 μαθόντες,
546 887 723 929 Γενέσθω,
744 886 870 939 φησὶν,
902 885 970 939 ἀρὰ
990 885 1055 924 ἀνὰ
1073 884 1178 936 μέσον

147 953 248 1003 ἡμῶν
265 951 323 989 καὶ
341 950 407 988 ἀνὰ
428 949 532 1001 μέσον
555 964 628 987 σου.
645 942 735 987 Εἶτα
749 947 930 999 λέγουσιν,
949 946 1071 985 ὁποίαν
1094 945 1177 998 βού-

147 1014 268 1051 λονται
286 1011 444 1064 γενέσθαι
458 1010 520 1057 τὴν
541 1010 640 1061 ἀράν.
661 1009 732 1048 Καὶ
752 1008 987 1059 διαθησόμεθα
1009 1007 1180 1053 διαθήκην

150 1073 239 1124 μετὰ
254 1076 315 1111 σοῦ’
330 1104 339 1120 ,
360 1072 408 1123 μὴ
428 1071 586 1118 ποιήσειν
608 1073 684 1122 μεθ’
711 1074 813 1122 ἡμῶν
832 1069 958 1115 κακὸν,
977 1068 1064 1107 διότι
1078 1072 1181 1120 ἡμεῖς

148 1137 212 1174 οὐκ
231 1134 489 1186 ἐῧδελυξάμεθά
509 1149 561 1172 σε.
584 1133 683 1185 ”Ορα
706 1135 780 1176 πῶς
805 1131 945 1170 ἐναντία
962 1133 1095 1173 ἑαυτοῖς
1114 1129 1182 1167 ὑπὸ

150 1200 209 1235 τοῦ
231 1196 376 1249 θορύίου
387 1195 446 1234 καὶ
462 1199 523 1242 τῆς
538 1194 688 1246 ἀγωνίας
704 1193 927 1247 φθέγγονται·
949 1192 1009 1240 Μὴ
1022 1191 1182 1238 ποιήσειν

151 1261 226 1309 μεθ’
247 1261 349 1309 ἡμῶν
368 1256 487 1295 κακόν.
508 1256 611 1299 Τίνος
629 1256 743 1294 ἕνεκεν
762 1254 853 1293 οὕτω
870 1255 1031 1308 φοὸεῖσθε
1051 1252 1108 1291 τὸν
1126 1252 1179 1290 δί-

151 1335 249 1358 καιον
262 1349 271 1365 ,
291 1321 438 1371 ὁρῶντες
457 1318 516 1356 καὶ
532 1318 618 1369 πρὸς
636 1316 714 1360 τοὺς
733 1315 989 1367 ἐπηρεάζοντας
1007 1313 1181 1360 τοσαύτην

151 1379 213 1427 τὴν
230 1379 418 1418 ἐπιείκειαν
439 1377 741 1428 ἐπιδεικνύμενον;
761 1378 852 1415 Ἀλλ’
871 1379 889 1414 ὁ
908 1376 1098 1419 ἀδέκαστος
1128 1376 1182 1413 δι-

152 1440 284 1488 καστὴς
296 1469 306 1487 ,
325 1439 365 1478 τὸ
381 1439 532 1482 συνειδὸς
545 1470 554 1487 ,
572 1437 696 1481 αὐτοὺς
712 1437 866 1490 διήγειρε
881 1465 890 1482 ,
907 1436 966 1475 καὶ
986 1438 1034 1480 εἷς
1051 1436 1182 1474 ἔννοιαν

151 1502 323 1555 ἤρχοντο,
350 1502 436 1548 ὅσην
464 1500 544 1553 περὶ
575 1500 633 1538 τὸν
667 1499 798 1537 δίκαιον
830 1497 895 1545 τὴν
931 1497 1182 1549 ἀγνωμοσύνην

152 1562 391 1609 ἐπεδείξαντο,
425 1562 483 1600 καὶ
516 1560 572 1599 διὰ
601 1564 704 1599 τοῦτο
732 1560 800 1599 ὑπὸ
829 1564 890 1598 τοῦ
910 1559 1017 1612 φόὸου
1037 1559 1096 1598 καὶ
1121 1562 1184 1606 τῆς

153 1624 283 1668 δειλίας
318 1626 356 1663 οὐ
391 1626 600 1676 συνορῶσιν,
633 1622 726 1666 ὅπως
759 1621 898 1660 ἐναντία
931 1620 1084 1673 λέγουσι.
1119 1621 1182 1668 Μὴ

153 1686 310 1732 ποιήσειν
328 1715 337 1732 ,
358 1685 464 1738 φησὶ,
491 1685 596 1724 κακὸν
618 1687 692 1736 μεθ’
713 1686 832 1735 ἡμῶν,
860 1683 981 1722 καθότι
1010 1686 1113 1734 ἡμεῖς
1146 1698 1183 1721 σε

154 1749 216 1786 οὐκ
232 1746 500 1797 ἐὸδελυξάμεθα.
518 1746 622 1789 Τίνος
639 1739 697 1783 οὖν
709 1745 823 1783 ἕνεκεν
840 1744 1068 1791 ἀπηλάσατες
1090 1743 1182 1783 Ἀλλ’

154 1810 172 1846 ὃ
190 1806 319 1850 δίκαιος
337 1809 398 1846 οὐκ
418 1810 558 1846 ἀπαιτεῖ
589 1806 750 1852 εὐθύνας,
771 1805 849 1844 οὐδὲ
879 1804 1018 1858 ἐλέγχει
1037 1804 1081 1842 τὰ
1099 1807 1184 1857 παρ’

155 1869 270 1906 αὐτῶν
289 1867 469 1920 εἰρημένα.
490 1867 559 1906 Καὶ
579 1867 614 1906 ὃν
634 1866 761 1919 τρόπον
774 1896 783 1914 ,
810 1866 934 1919 φησὶν,
955 1866 1183 1919 ἐχρησάμεθά

155 1945 210 1968 σοι
229 1930 363 1975 καλῶς,
385 1928 444 1966 καὶ
465 1927 757 1979 ἐξαπεστείλαμέν
781 1943 819 1966 σε
850 1930 925 1978 μετ’
945 1927 1105 1980 εἰρήνης,
1125 1927 1185 1966 καὶ

154 1995 213 2029 νῦν
234 1990 275 2030 σὺ
291 1989 520 2042 εὐλογημένος
535 1990 602 2028 ὑπὸ
619 1989 761 2042 Κυρίου.
778 1989 886 2041 (Ορᾷς
902 1988 954 2027 ὅτι
973 1990 1036 2036 τὴν
1056 1989 1185 2027 ἄνωθεν

157 2052 256 2099 δίκην
274 2052 460 2090 ἐδεδίεσαν.
482 2051 650 2107 νῌδεισαν
669 2051 735 2103 γὰρ
755 2050 808 2089 ὅτι
826 2050 911 2088 “Ίκᾶν
928 2050 1028 2094 αὐτὸς
1045 2051 1087 2088 δι’
1108 2052 1185 2088 ἐπι-

156 2113 284 2152 είκειαν
302 2113 350 2164 μὴ
374 2113 550 2164 ἀμύνηται
570 2112 614 2150 τὰ
634 2115 681 2155 εἷς
701 2112 802 2150 αὐτὸν
831 2112 1068 2163 γεγενημένα,
1098 2111 1188 2150 ἀλλὰ

156 2178 174 2213 ὁ
189 2174 362 2221 τοσαύτην
381 2174 462 2226 περὶ
483 2174 585 2212 αὐτὸν
604 2173 768 2226 πρόνοιαν
798 2172 1077 2223 ἐπιδεικνύμενος
1090 2202 1099 2219 ,
1128 2175 1188 2210 εὖ-

156 2235 257 2280 θύνας
280 2234 404 2279 αὐτοὺς
425 2234 614 2280 ἀπαιτήσει
631 2236 701 2271 τῶν
728 2236 775 2277 εἷς
803 2233 860 2271 τὸν
893 2233 1024 2271 δίκαιον
1043 2248 1188 2284 γεγενη-

159 2298 283 2349 μένων.
318 2297 386 2336 Διὰ
413 2300 516 2335 τοῦτο
549 2295 820 2348 ἐξευμενίζοντες
846 2295 906 2333 τὸν
938 2294 1070 2334 δίκαιον
1082 2324 1091 2342 ,
1130 2295 1189 2334 καὶ

157 2358 328 2405 συνθήκας
348 2360 508 2397 ἀπαιτεῖν
537 2357 758 2409 ἐπείγονται,
790 2360 876 2409 ὁμοῦ
910 2356 970 2395 καὶ
999 2356 1087 2408 ὑπὲρ
1117 2359 1187 2394 τῶν

156 2421 223 2468 ἤδη
243 2419 484 2472 γεγενημένων
504 2419 795 2471 ἀπολογούμενοι,
813 2418 873 2457 καὶ
899 2418 988 2470 ὑπὲρ
1015 2421 1082 2457 τῶν
1112 2418 1189 2464 ἑξῆς

156 2481 220 2529 τὴν
241 2482 432 2534 ἀσφάλειαν
464 2484 598 2524 ἑαυτοῖς
616 2479 911 2533 περιποιούμενοι.
932 2480 1003 2518 Καὶ
1027 2479 1190 2526 ἐποίησεν

158 2545 292 2590 αὐτοῖς,
314 2543 421 2596 φησὶ,
440 2542 547 2596 δοχὴν
561 2574 570 2590 ,
589 2542 650 2580 καὶ
666 2542 794 2595 ἔφαγον
813 2541 873 2580 καὶ
892 2541 988 2580 ἔπιον
1000 2557 1007 2565 ·
1028 2541 1086 2580 καὶ
1103 2545 1191 2580 ἀνα-

158 2606 301 2650 στάντες
319 2604 336 2626 b
349 2608 399 2658 τῷ
418 2605 529 2657 πρωῒ,
546 2604 683 2655 ὤμοσεν
700 2603 845 2646 ἕκαστος
864 2603 949 2655 πρὸς
964 2601 1022 2640 τὸν
1043 2602 1191 2649 πλησίον

159 2670 263 2706 αὐτοῦ
277 2699 286 2715 ,
304 2667 363 2706 καὶ
382 2665 623 2711 ἐξαπέστειλεν
643 2664 767 2709 αὐτοὺς
787 2663 911 2703 Ἰσαὰκ
925 2693 934 2710 ,
954 2663 1014 2703 καὶ
1033 2663 1195 2718 ἀπῴχον-

159 2743 199 2766 το
223 2730 282 2767 ἀπ’
307 2730 412 2768 αὐτοῦ
444 2728 532 2779 μετὰ
564 2727 750 2779 σωτηρίας.
770 2725 865 2779 ’Όρα
883 2729 944 2764 τοῧ
975 2724 1108 2763 δικαίου
1128 2724 1192 2772 τὴν

161 2789 434 2841 φιλοφροσύνην,
470 2791 545 2832 πῶς
580 2788 831 2839 ἀμνησικάκως
860 2789 976 2830 αὐτοῖς
1007 2785 1168 2839 διελέχθη
1181 2816 1190 2834 ,

161 2849 221 2887 καὶ
239 2852 277 2888 οὐ
297 2850 400 2900 μόνον
419 2850 530 2896 λήθην
554 2849 745 2896 ἐποιήσατο
778 2851 847 2887 τῶν
879 2850 926 2892 εἷς
960 2848 1063 2887 αὐτὸν
1093 2864 1192 2900 γεγε-

161 2910 320 2961 νημένων
334 2942 342 2957 ,
380 2909 471 2949 ἀλλὰ
489 2910 548 2948 καὶ
566 2910 700 2957 πολλὴν
719 2910 800 2963 περὶ
822 2909 945 2954 αὐτοὺς
964 2909 1028 2957 τὴν
1055 2909 1192 2962 φιλοξε-

160 2970 236 3009 νίαν
275 2970 525 3009 ἐπιδείκνυται.
564 2970 737 3018 Ἐποίησε
778 2971 846 3024 γὰρ
862 3001 872 3018 ,
911 2971 1016 3024 φησὶν
1030 3001 1042 3018 ,
1079 2972 1195 3014 αὐτοῖς

162 3033 287 3085 δοχὴν,
307 3034 366 3071 καὶ
386 3034 514 3086 ἔφαγον
532 3032 591 3070 καὶ
607 3032 714 3070 ἔπιον.
732 3032 800 3070 Διὰ
817 3035 880 3079 τῆς
899 3031 1087 3076 ἑστιάσεως
1099 3034 1192 3079 πλη-

1246 331 1426 378 fecissetis,
1445 345 1553 382 quare
1571 331 1692 382 ajusto
1709 329 1826 382 petitis
1850 338 1889 366 ut
1906 328 2042 368 ineatur
2056 330 2196 369 foedus?

1245 392 1316 431 sod
1335 392 1381 430 ita
1397 406 1434 430 sc
1464 391 1568 429 habet
1588 390 1758 442 injustitia
1777 405 1786 427 ε
1805 389 1966 441 quotidie
1987 391 2196 429 conscientia

1247 452 1398 498 mordet,
1419 462 1452 490 et
1470 452 1594 490 silente
1618 466 1658 490 co
1677 451 1739 502 qui
1773 452 1928 489 ostensus
1956 459 2021 496 est,
2059 465 2198 504 poenam

1245 522 1350 562 atque
1367 513 1537 551 rationem
1555 512 1649 563 exigi
1670 522 1793 565 putant
1812 512 1874 564 qui
1893 511 2103 565 injustitiam
2118 523 2200 552 sunt

1246 573 1379 625 operati
1402 573 1589 624 :quotidie
1619 582 1820 625 anguntur,
1847 583 1881 612 ct
1913 573 2013 625 quasi
2040 574 2200 613 sibimet-

1246 634 1334 686 ipsis
1351 634 1585 686 praescribunt
1612 644 1833 686 pcccatorum
1852 649 2000 673 suorum
2015 634 2198 673 ultionem.

1247 695 1381 735 Idcum
1395 704 1430 733 et
1441 695 1496 733 illi
1509 694 1729 741 didicissent,
1745 698 1825 742 Sit,
1843 696 2020 746 inquiunt,
2032 710 2202 735 exsecra-

1249 759 1301 794 t1'0
1319 759 1420 794 inter
1438 769 1506 793 nos
1525 765 1559 793 et.
1577 759 1679 793 inter
1694 764 1739 793 te.
1760 755 1897 794 Deinde
1915 756 2039 795 dicunt
2059 757 2202 808 qualem

1249 817 1524 855 exsecrationem
1551 816 1626 853 ficri
1647 816 1772 855 velint.
1794 819 1830 855 E
1835 827 1846 853 l
1871 820 2052 856 inIbimus
2067 819 2203 872 ftrdus

1251 887 1446 926 tecum‚ut
1472 893 1520 916 ne
1535 879 1684 932 seceris
1710 880 1819 915 nobis
1844 880 2004 926 malum,
2021 883 2116 918 sicut
2137 893 2205 918 nos

1253 951 1330 975 non
1349 950 1479 975 sumus
1500 946 1536 975 te
1562 937 1788 974 abominati.
1812 936 1908 976 Vide
1932 939 2111 988 quomodo
2138 955 2205 992 pu-

1251 998 1394 1050 gnantia
1431 998 1520 1036 inter
1551 1012 1587 1036 se
1618 1012 1689 1050 prae
1721 998 1848 1036 mentis
1867 1012 1995 1050 angore
2019 1009 2053 1038 et
2079 1002 2205 1039 turba-

1253 1059 1346 1098 tione
1378 1059 1573 1110 loquuntur
1595 1059 1683 1098 :Ne
1707 1059 1856 1114 seceris
1898 1062 2007 1098 nobis
2043 1063 2202 1100 malum.

1253 1122 1372 1169 Quare
1391 1120 1442 1158 sic
1462 1120 1630 1159 timuistis
1652 1121 1812 1173 justum,
1836 1119 1997 1159 videntes
2029 1137 2111 1160 eum
2131 1131 2205 1160 tan-

1253 1190 1324 1219 tam
1343 1196 1414 1233 pra:
1442 1196 1478 1220 sc
1497 1182 1586 1219 serre
1610 1180 1919 1219 mansuetudinem
1951 1196 2034 1234 erga
2059 1197 2119 1221 cos
2148 1186 2209 1233 qui

1254 1241 1494 1280 lacessebant?
1513 1241 1583 1281 Sed
1613 1242 1842 1294 incorruptus
1871 1242 2001 1295 judex,
2025 1243 2207 1282 conscicn-

1252 1303 1316 1352 tia,
1335 1317 1394 1342 eos
1417 1303 1599 1353 excitavit,
1623 1313 1658 1342 et
1688 1302 2013 1343 animadverterunt
2036 1315 2208 1356 quantum

1253 1378 1335 1416 erga
1362 1366 1501 1417 justum
1525 1364 1654 1416 ingrati
1670 1364 1832 1403 suerint:
1858 1375 2041 1418 propterea
2064 1381 2137 1419 prce
2162 1367 2207 1405 ti-

1254 1440 1351 1464 more
1375 1435 1480 1476 atque
1504 1426 1695 1464 formidine
1710 1439 1780 1464 non
1805 1426 1991 1466 attendunt
2008 1442 2045 1466 se
2069 1428 2210 1467 diversa

1254 1496 1287 1524 et
1305 1487 1499 1539 pugnantia
1514 1487 1629 1538 loqui.
1650 1488 1885 1542 Neseceris,
1909 1488 2038 1540 inquit,
2063 1490 2211 1528 malum

1256 1549 1468 1596 no'biscum,
1481 1549 1578 1587 sicut
1593 1562 1662 1586 nos
1679 1558 1712 1586 ce
1730 1563 1807 1587 non
1825 1551 2042 1588 abominati
2060 1564 2203 1589 sumus.

1255 1609 1374 1656 Quare
1390 1608 1503 1661 igitur
1521 1608 1714 1660 abegistis?
1744 1610 1883 1649 Verum
1898 1609 2018 1661 justus
2036 1624 2105 1647 non
2124 1611 2211 1662 petit

1255 1661 1440 1717 rationem,
1458 1684 1573 1721 neque
1603 1670 1819 1722 expostulat,
1833 1684 1947 1721 neque
1973 1685 2094 1709 eorum
2115 1671 2210 1710 dicta

1254 1731 1385 1783 arguit.
1405 1733 1458 1768 Et
1470 1730 1815 1782 q110m0d0,inquit,
1827 1733 1922 1769 bene
1933 1740 1968 1770 te
1987 1734 2047 1770 usi
2058 1744 2188 1770 sumus
2198 1762 2208 1781 ,

1254 1801 1290 1830 et
1309 1793 1522 1831 dimisimus
1554 1800 1589 1830 le
1607 1805 1693 1830 eum
1708 1800 1998 1844 pa1737vetdr‘zunc
2025 1803 2063 1832 lu
2093 1796 2210 1832 hene-

1253 1854 1377 1892 dictus
1396 1868 1420 1890 a
1439 1854 1619 1891 Domino.
1645 1853 1760 1892 Vides
1796 1868 1855 1892 eos
1879 1868 2068 1907 supernam
2093 1854 2212 1893 vindi-

1253 1923 1343 1952 ctam
1357 1915 1529 1953 timuisse.
1559 1917 1693 1955 Norant
1711 1915 1805 1954 enim
1824 1915 1919 1966 quod
1941 1916 2022 1955 licet
2041 1916 2115 1969 ipse
2129 1929 2213 1969 pro-

1255 1985 1333 2029 pter
1365 1976 1621 2015 humanitatem
1660 1991 1761 2015 suam
1788 1991 1857 2015 non
1880 1977 2110 2016 ulcisceretur
2135 1991 2212 2028 quae

1257 2037 1422 2085 fecerant,
1438 2052 1519 2076 eum
1536 2046 1627 2075 certe
1645 2037 1706 2088 qui
1725 2046 1857 2075 tantam
1884 2040 1961 2091 ejus
1987 2053 2110 2077 curam
2129 2052 2210 2090 age-

1257 2099 1332 2145 bat,
1353 2099 1588 2151 repetiturum
1607 2113 1680 2136 esse
1711 2099 1882 2137 rationem
1913 2113 2036 2138 eorum
2067 2114 2146 2150 quae
2176 2101 2212 2139 in

1255 2159 1393 2211 justum
1415 2160 1504 2197 saeta
1519 2159 1679 2196 fuerant:
1696 2167 1884 2210 eapropter
1898 2160 2036 2211 justum
2056 2160 2212 2212 placant,

1260 2229 1294 2258 et
1311 2229 1454 2272 pactum
1479 2219 1570 2257 inire
1595 2233 1677 2257 cum
1702 2233 1743 2257 eo
1769 2219 1928 2266 student,
1951 2219 2060 2258 simul
2090 2230 2123 2259 et
2150 2236 2216 2273 pro

1261 2281 1305 2320 iis
1329 2295 1408 2333 quae
1434 2281 1525 2320 facta
1549 2290 1651 2319 erant
1681 2281 1852 2319 rationem
1888 2280 2089 2329 reddentes,
2117 2291 2151 2320 et
2179 2282 2215 2320 in

1261 2343 1423 2380 futurum
1450 2341 1672 2380 securitatem
1703 2341 1773 2380 sihi
1801 2341 2041 2380 conciliantes,
2068 2343 2132 2381 30.
2163 2345 2219 2381 Et

1214 2426 1240 2456 Α
1254 2405 1353 2458 fecit
1381 2406 1449 2451 eis,
1480 2402 1613 2454 inquit,
1645 2404 1876 2449 convivium,
1909 2413 1947 2441 et
1974 2404 2219 2441 comederunt

1262 2475 1300 2504 et
1315 2468 1493 2504 biberunt
1512 2477 1526 2503 .·
1553 2467 1618 2504 51.
1651 2475 1686 2503 e!
1705 2479 1791 2503 cum
1810 2465 2063 2502 surrexissent
2089 2479 2216 2511 mane,

1258 2529 1407 2580 juravit
1433 2529 1698 2579 unusquisque
1722 2527 1895 2578 proximo
1917 2538 2001 2571 5110,
2022 2534 2057 2562 e!
2075 2524 2218 2564 dimisit

1263 2602 1327 2627 eos
1347 2591 1476 2633 Isaac,
1505 2598 1540 2625 ec
1569 2588 1822 2625 discesserunt
1840 2588 1887 2623 ab
1908 2599 1950 2622 eo
1972 2599 2057 2622 cum
2075 2586 2214 2623 salute.

1264 2649 1361 2690 Vide
1374 2649 1464 2701 justi
1482 2648 1750 2700 benignitatem,
1771 2645 1950 2697 quomodo
1966 2661 2046 2684 cum
2067 2646 2118 2684 eis
2134 2646 2217 2684 abs—

1264 2725 1333 2762 que
1353 2709 1556 2750 vindieandi
1585 2707 1778 2761 cupiditate
1806 2707 1964 2758 loquitur
1983 2723 1992 2744 :
2014 2717 2046 2746 et
2065 2721 2134 2746 non
2158 2722 2216 2746 so-

1265 2772 1342 2810 lum
1375 2769 1601 2809 obliviscitur
1630 2782 1753 2806 eorum
1780 2782 1858 2819 quae
1886 2769 1922 2806 in
1957 2782 1993 2807 se
2021 2769 2124 2817 facta,
2156 2769 2218 2807 sed

1266 2847 1391 2886 magna
1426 2830 1666 2884 hospitalitate
1697 2829 1780 2867 illos
1810 2830 1958 2883 excipit.
1986 2832 2094 2869 Fecit
2125 2830 2218 2868 enim

1267 2898 1320 2934 eis
1354 2895 1588 2938 convivium,
1625 2900 1661 2929 et
1694 2891 1941 2929 comederunt
1971 2901 2006 2937 et
2028 2893 2216 2929 biberunt.

1267 2955 1442 2995 Convivio
1457 2953 1540 2992 satis
1561 2961 1662 2990 certa
1676 2950 1736 2989 dat
1761 2961 1981 3004 argumenta,
2000 2966 2036 2991 se
2055 2965 2123 2990 non
2147 2952 2220 2989 fore

1268 3030 1459 3055 memorem
1477 3028 1599 3052 eorum
1615 3026 1693 3063 quoe
1709 3012 1744 3049 in
1761 3026 1797 3051 se
1820 3013 2077 3051 commiserant.
2091 3014 2147 3050 Et
2163 3013 2220 3049 di-

164 3097 356 3146 ροφορῆσαι
389 3094 514 3137 αὐτοὺς
548 3094 730 3145 βούλεται,
763 3095 810 3136 ὡς
845 3093 1012 3144 οὐδεμίαν
1050 3092 1193 3144 μνήμην
1221 3103 1244 3132 B
1270 3087 1371 3123 misit
1395 3097 1472 3131 eOS,
1491 3081 1619 3132 inquit,
1642 3088 1679 3118 et
1704 3080 1879 3118 abierunt
1903 3095 1989 3118 cum
2010 3080 2148 3118 salute.
2168 3078 2223 3117 Si-

163 3161 314 3193 ποιεῖται
332 3157 401 3193 τῶν
421 3157 469 3198 εἷς
486 3155 588 3192 αὐτὸν
606 3153 843 3207 εἰργασμένων
862 3153 960 3206 παρὰ
978 3156 1105 3193 αὐτῶν.
1126 3157 1196 3199 Καὶ

167 3214 403 3259 ἐξαπέστειλεν
422 3215 545 3259 αὐτοὺς
559 3246 568 3262 ,
587 3216 673 3268 φησὶ
689 3246 698 3264 ,
718 3214 777 3253 καὶ
797 3214 986 3268 ἀπῴχοντο
1005 3216 1095 3267 μετὰ
1122 3231 1192 3254 σω-

212 3346 455 3389 azscripsimus
481 3353 534 3381 κάν
557 3359 634 3379 cum
652 3346 752 3381 Coisl.
771 3345 872 3381 Savil.
892 3354 925 3380 et
939 3345 1058 3381 Morel.
1075 3351 1124 3381 καὶ
1139 3351 1176 3381 εἰ.

173 3396 349 3431 Exciderat
366 3404 389 3433 εἰ
405 3400 438 3432 'm
454 3398 590 3444 Montf.]

1270 3148 1451 3202 gnificavit
1476 3160 1538 3199 per
1557 3146 1624 3184 hoc
1650 3144 1774 3184 divina
1801 3146 2000 3198 Scriptura,
2020 3158 2078 3183 eos
2097 3156 2224 3195 magno

1271 3228 1351 3252 cum
1370 3212 1495 3250 timore
1523 3208 1720 3257 advenisse,
1739 3208 1938 3261 periculum
1969 3216 2221 3260 exspectantes,

1259 3346 1274 3368 b
1300 3342 1412 3387 [Coisl.
1429 3350 1459 3374 et
1478 3340 1562 3374 Bibl.
1579 3347 1612 3375 τὸ
1627 3340 1696 3387 πρ]
