2516 3791
79 1820 168 1847 Jacob
197 1823 267 1858 petss

301 173 393 220 652
722 190 759 221 s.

300 281 361 310 tuo
389 272 728 324 adjuverpraesidio.
759 274 796 310 9.
823 274 934 310 Dixit
963 271 1056 308 euim
1084 271 1208 306 Jacob
1234 285 1244 304 :

298 335 405 371 Deus
421 337 546 385 patris
574 336 647 370 mei
674 334 894 377 Abraham,
925 340 960 368 et
992 332 1098 367 Deus
1122 332 1246 381 patris

297 397 372 431 mei
392 397 519 439 Isaac,
546 403 587 431 tu
605 397 672 444 qui
696 395 830 430 dis-isti
849 392 957 436 mihi,
986 391 1090 428 Vade
1111 392 1154 427 in
1173 399 1246 427 ter-

297 468 381 491 ram
399 457 614 492 nativitatis
635 463 726 496 tuae;
743 452 803 503 qui
823 451 976 489 evocasti
996 450 1244 501 me‚inquit,de

294 523 384 551 terra
401 514 528 561 aliena,
551 522 583 550 et
597 512 794 564 praecepisti
815 520 853 548 ut
869 510 1021 548 redirem
1040 511 1087 549 ad
1107 520 1243 563 patrem

294 589 425 622 meum,
440 584 470 612 et
497 575 676 611 interram
693 572 892 611 nativitatis
915 588 922 608 z
943 573 1006 609 10.
1024 573 1127 611 Satis
1147 573 1243 609 mihi

293 638 341 673 sit
357 637 405 672 de
424 637 528 671 omni
551 636 708 685 justitia
725 643 760 671 et
777 637 959 679 veritate,
981 648 1098 686 qnam
1112 635 1243 685 fecisti

289 708 406 746 puero
421 703 496 732 tuo.
515 694 680 732 Sufficiat
698 693 802 742 mihi,
823 694 956 745 inquit,
979 693 1025 731 ad
1038 693 1242 732 subsidium
1263 717 1287 748 C

290 756 324 792 in
341 755 503 807 prcesenfi
530 764 697 808 tempore.
719 755 790 801 Qui
818 755 914 792 enim
935 769 1047 805 usque
1075 754 1121 792 ad
1152 768 1241 807 prze-

288 830 365 853 scus
382 824 520 868 tempus
534 825 668 854 tantam
681 829 762 867 erga
779 829 835 853 me
848 815 1035 853 declarasti
1050 814 1240 867 providen-

287 877 387 925 tiam,
410 886 508 929 potes
526 877 633 914 etiam
653 890 748 914 nunc
776 876 910 928 eripere
930 890 985 913 me
1013 875 1059 912 ab
1084 875 1243 926 urgenti-

286 938 354 975 bus
384 937 562 989 periculis.
583 939 661 976 Non
693 937 788 975 enim
818 937 953 988 ignoro,
981 935 1078 987 quod
1097 938 1146 972 In
1165 939 1239 974 isto

289 1000 428 1037 haculo
452 1013 535 1036 meo
556 1002 720 1037 transivi
746 999 961 1037 Jordtznem
980 1014 990 1033 :
1012 996 1074 1035 sed
1092 1006 1241 1049 propter

286 1069 383 1097 tuam
403 1060 448 1098 de
468 1075 523 1098 me
542 1059 832 1105 sollicitudinem,
853 1059 915 1109 qui
935 1058 1105 1095 baculum
1123 1058 1240 1096 solum

287 1130 425 1172 gestans
442 1121 538 1159 abivi
551 1121 586 1158 in
599 1130 730 1159 terram
744 1120 929 1168 alienam„
945 1121 1029 1157 ‘⁷1an
1041 1133 1130 1157 cum
1142 1120 1239 1157 dua-

287 1183 355 1219 bus
375 1184 510 1219 turmis
530 1183 684 1219 adveni.
708 1182 767 1218 Tu
800 1179 912 1231 igitur
927 1209 937 1228 ,
970 1179 1149 1229 Domine,
1175 1179 1237 1230 qui

285 1251 417 1279 tantam
435 1242 524 1279 mihi
540 1242 775 1280 substantiam
792 1241 942 1292 largitus
959 1254 1006 1289 es,
1021 1240 1082 1291 qui
1098 1249 1237 1278 tantum

284 1303 539 1340 incrementum
576 1302 718 1352 dedjsti,
737 1316 832 1340 nunc
864 1305 925 1340 11.
959 1304 1078 1353 Eripe
1104 1316 1164 1339 me
1190 1303 1238 1339 de

286 1378 404 1401 manu
431 1365 578 1415 fratris
613 1366 687 1400 mei
722 1365 830 1401 Esait'
852 1379 863 1398 .-
898 1365 993 1415 quia
1021 1365 1135 1400 timeo
1169 1376 1235 1414 ego
1259 1382 1282 1411 D

285 1439 384 1469 eum,
408 1439 455 1462 ne
467 1470 473 1476 ¹
477 1425 580 1474 forte
593 1426 785 1475 percutiat
808 1438 879 1469 me,
899 1433 936 1461 et
959 1431 1120 1461 matrem
1149 1437 1236 1461 cum

281 1488 423 1536 pueris.
450 1487 513 1522 122.
542 1486 574 1522 T
573 1499 597 1522 ιι
625 1486 759 1522 dixisti
778 1499 788 1519 :
813 1485 1068 1535 Benefaciam
1092 1486 1173 1530 tibi,
1199 1492 1236 1521 et

281 1559 426 1597 ponam
443 1558 572 1582 semen
592 1553 700 1582 tuum
709 1547 808 1582 sicut
826 1558 988 1581 arenam
1000 1546 1132 1591 maris,
1150 1558 1235 1596 quoe

285 1608 480 1643 numerari
497 1607 629 1656 nequit
638 1619 718 1656 prce
734 1605 992 1643 multitudine.

797 191 974 221 Joxxxts
1009 190 1088 219 Cnn

333 1802 369 1838 52.
385 1799 481 1839 Vide
491 1799 581 1852 justi
608 1799 817 1851 religiosum
836 1799 1010 1849 animum,
1024 1807 1058 1837 et
1078 1798 1230 1851 probum

84 1876 96 1889 α
132 1861 191 1889 Deo
237 1868 267 1889 1¹¹
280 1862 464 1899 affectum:
483 1861 661 1913 quomodo
679 1875 749 1899 non
767 1860 867 1898 aliud
886 1861 1082 1899 Dominum
1102 1875 1229 1913 preca-

79 1914 142 1931 suas

80 1947 230 1972 missiones

78 1987 207 2024 inipleat.

80 2427 261 2464 v.13.--19.

200 1914 267 1940 pro-

280 1931 350 1970 tur,
367 1936 476 1973 quam
489 1932 527 1959 ut
538 1936 618 1960 suas
630 1921 880 1974 promissiones
895 1921 1102 1973 adimpleat.
1123 1921 1171 1959 Et
1186 1921 1230 1959 de

278 1983 458 2035 prioribus
471 1983 632 2020 exhibita
653 1982 850 2034 gratiarum
868 1982 1016 2031 actione,
1031 1982 1230 2020 confessus-

276 2058 344 2094 que
363 2058 398 2081 se
413 2043 550 2080 nudum
565 2052 597 2080 et
620 2043 787 2080 omnibus
803 2042 1014 2080 destitutum
1034 2042 1069 2080 in
1093 2051 1228 2080 tantam
1250 2051 1275 2080 E

275 2104 477 2156 pewenisse
487 2103 755 2152 abundantiam,
771 2103 949 2154 supplicat
962 2112 1001 2140 ut
1014 2102 1057 2141 de
1071 2103 1228 2154 periculo

278 2178 314 2202 se
338 2164 473 2201 liberet.
490 2165 637 2201 Dixisti
656 2163 764 2211 enim,
778 2162 906 2213 inquit,
932 2165 1083 2200 Ponam
1100 2177 1230 2201 semen

278 2234 386 2263 tuum
400 2227 496 2262 sicut
507 2237 667 2262 arenam
675 2226 898 2274 rnaris‚quoe
912 2224 1150 2261 dinumerari
1164 2238 1227 2260 ne-

278 2289 374 2336 quit.
389 2285 478 2322 Cum
495 2284 603 2336 igitur
617 2283 811 2322 orationem
822 2297 922 2320 suam
932 2283 977 2321 ad
994 2285 1108 2320 Deum
1124 2283 1228 2320 fecis—

277 2355 339 2394 set,
359 2355 391 2384 et
405 2345 698 2397 supplicationem
714 2357 861 2396 precum
880 2343 1080 2391 obtulisset,
1096 2343 1180 2380 facit
1195 2350 1228 2381 et

278 2420 382 2443 suum
397 2406 568 2443 officium.
590 2404 635 2442 Et
651 2403 803 2455 acceptis
820 2402 1228 2453 munerilms,inquit,ex

278 2467 322 2504 iis
355 2481 432 2517 quae
458 2466 639 2515 afferebat,
653 2465 750 2502 misit
768 2464 881 2510 fratri,
902 2478 984 2501 cum
1016 2474 1228 2516 segregasset

277 2542 354 2579 quae
371 2527 607 2575 mitterentur,
622 2535 656 2564 et
671 2525 836 2563 mandata
854 2524 1023 2573 dedisset,
1037 2525 1084 2562 ita
1099 2534 1135 2562 ut
1148 2525 1228 2577 pla-

278 2599 417 2627 caretur
434 2589 540 2627 etiam
561 2603 624 2640 per
641 2587 748 2625 chtba
778 2586 918 2624 animus
935 2585 1069 2632 fratris,
1089 2595 1121 2623 et
1142 2601 1226 2624 suus
1237 2622 1284 2648 564

278 2651 502 2688 nuntiaretur
519 2650 705 2687 adventus.
731 2650 796 2687 90
823 2649 952 2685 Dicite
971 2646 1078 2695 enim,
1099 2646 1226 2698 inquit,
1251 2659 1274 2687 Α

279 2713 380 2750 Ecce
391 2724 488 2762 puer
508 2719 595 2748 tuus
617 2710 775 2747 advenit
793 2716 879 2760 post
900 2721 991 2753 nos;
1012 2716 1049 2744 ut
1070 2707 1226 2759 primum

279 2771 483 2809 redderetur
498 2771 649 2820 amicus,
667 2780 699 2808 et
713 2779 796 2808 tunc
815 2769 849 2806 in
871 2768 996 2806 faciem
1015 2769 1091 2820 ejus
1105 2783 1228 2806 occur-

282 2842 385 2870 reret.
419 2833 590 2871 Posthac
612 2834 727 2878 enim,
753 2830 880 2880 inquit,
916 2830 1056 2866 videbo
1085 2831 1229 2879 faciem

284 2897 387 2946 ejus:
400 2894 512 2946 sorte
527 2895 628 2930 enim
647 2901 803 2943 accepta
825 2893 896 2928 erit
921 2893 968 2943 ei·
972 2891 1097 2941 facies
1130 2905 1227 2929 mea.

282 2958 324 2993 Ql
338 2956 407 2993 .Et
428 2955 703 2991 antecedebant
729 2954 832 2989 dona
851 2952 1060 2989 secundum
1082 2952 1228 3003 faciem

277 3019 372 3069 ejus.
389 3017 523 3054 Verum
545 3013 640 3060 vide,
662 3014 821 3061 obsecro,
845 3012 1062 3050 ineffabilem
1080 3012 1145 3049 Dei
1159 3012 1228 3051 cle-

277 3078 458 3122 mentiam,
482 3085 514 3113 ct
535 3074 711 3125 quomodo
728 3089 864 3126 semper
885 3087 1041 3125 congruo
1071 3083 1228 3126 tempore

275 3153 375 3177 suam
390 3138 545 3176 declarat
559 3135 830 3188 providentiam.
846 3137 937 3173 Nam
953 3134 997 3172 dc
1018 3135 1138 3173 Laban
1150 3136 1228 3186 qui-

275 3202 355 3240 dem
373 3198 668 3252 quoniamjustus
687 3197 775 3235 nihil
793 3197 860 3235 tale
880 3197 1141 3249 suspicabatur,
1165 3212 1223 3236 ne-

314 3347 326 3360 0
344 3334 456 3378 [Coisl.
485 3339 635 3369 ὶαανουταῖ
656 3347 718 3374 μοι,
745 3340 777 3365 et
795 3332 893 3375 paulo
917 3341 990 3375 post
1020 3338 1118 3377 ἀρκεῖς
1142 3345 1195 3375 μοι
1222 3338 1275 3371 τήν

270 3393 315 3421 ἐπὶ
333 3387 411 3428 τοῦ]

1099 189 1231 218 YSOST
1240 208 1248 217 .
1290 188 1491 220 ARCHIEP.
1529 191 1878 223 CONSTANTINOP-

1294 285 1384 308 νων
1405 273 1466 323 ἀρε
1470 271 1544 319 τὴν,
1562 289 1622 311 και
1652 274 1708 312 διὰ
1726 275 1788 322 τὴν
1808 275 1905 330 παρὰ
1924 281 1983 316 σοῦ
2000 279 2232 329 γεγενημένην
2253 281 2338 320 ὑπό-

1319 345 1438 381 σχεσιν
1461 331 1623 376 δίκαιος*
1607 350 1646 371 αν
1663 333 1735 382 εἴην
1752 335 1891 383 ἁπάσης
1911 339 2108 376 ἄπολαυσαι
2123 341 2339 391 συμμαχίας,

1321 385 1409 430 Εἰπε
1429 392 1519 445 γὰρ,
1553 409 1671 445 φησιν,
1697 395 1839 434 Ιακώὸ·
1871 400 1889 435 6
1921 397 2009 442 Θεὸς
2037 403 2096 437 τοῦ
2122 400 2253 453 πατρός
2275 416 2342 451 μου

1316 452 1493 505 Ἀδραὰμ,
1508 470 1568 492 και
1587 457 1604 492 6
1623 455 1712 499 Θεὸς
1725 461 1786 495 τοῦ
1804 457 1956 508 πατρός
1950 474 2015 496 ιιου
2031 458 2176 507 Ἰσαὰκ,
2197 477 2238 498 συ
2251 476 2341 512 ,φη-

1315 513 1380 562 σὶν,
1412 517 1430 552 6
1455 515 1556 561 Θεὸς,
1577 518 1594 553 6
1615 516 1719 554 εἰπών
1743 532 1821 567 μοι·
1847 517 2021 570 ἀπότρεχε
2040 521 2088 562 εἷς
2106 519 2169 566 τὴν
2191 536 2254 570 γην
2277 537 2339 567 της

1312 574 1477 622 γενέσεώς
1492 591 1552 614 σου
1563 591 1570 598 ·
1587 578 1604 613 ὃ
1620 577 1818 623 ἀναστήσας
1839 582 1881 627 με
1893 606 1902 623 ,
1924 578 2040 629 φησὶν,
2057 580 2126 617 ἀπὸ
2140 582 2202 624 τῆς
2226 580 2338 627 ξένης,

1311 636 1370 674 καὶ
1396 636 1593 687 προστάξας
1618 639 1816 676 ἐπανελθεῖν
1841 639 1925 690 πρὸς
1943 639 2002 677 τὸν
2021 640 2156 692 πατέρα
2175 642 2233 680 τὸν
2252 642 2338 680 ἴδιον

1311 697 1370 734 καὶ
1395 699 1442 741 εἷς
1462 696 1526 743 τὴν
1552 701 1616 749 γῆν
1637 702 1699 745 τῆς
1717 699 1884 751 γενέσεως
1898 715 1905 723 ·
1927 704 1942 720 ‘²
1956 699 2169 739 Ἱκανούσθω
2190 719 2248 753 μοι
2269 703 2339 742 ἀπὸ

1311 757 1425 804 πάσης
1456 759 1697 808 δικαιοσύνης,
1728 760 1788 798 καὶ
1813 761 1994 809 ἀληθείας,
2023 756 2064 808 ἧς
2097 763 2263 810 ἐποίησας
2288 766 2338 816 τῷ

1309 818 1409 856 παιδί
1423 835 1495 858 σου.
1515 819 1722 871 Ἀρκείσθω,
1742 821 1850 873 φησὶ,
1867 822 1953 874 πρὸς
1969 822 2032 869 τὴν
2052 823 2111 861 ἐπὶ
2127 827 2186 861 τοῦ
2202 825 2336 877 παρόν-

1309 892 1366 921 τος
1390 884 1512 931 καιροῦ
1547 882 1764 933 συμμαχίαν.
1786 881 1831 920 O
1863 883 1931 936 γὰρ
1949 883 2057 935 μέχρι
2083 900 2142 922 του
2166 885 2336 936 παρόντος

1308 939 1480 988 τοσαύτην
1499 942 1758 993 ἐπιδειξάμενος
1775 960 1856 996 περι
1875 944 1937 995 ἐμὲ
1955 945 2177 996 κηδεμονίαν,
2194 946 2335 989 δυνατὸς

1309 1004 1338 1038 εἰ
1358 1001 1417 1039 καὶ
1436 1017 1494 1039 νυν
1511 1001 1706 1055 ἐξαρπάσαι
1730 1020 1774 1054 με
1795 1007 1864 1042 τῶν
1885 1006 2111 1056 ἐπικειμένων
2135 1021 2194 1056 μοι
2214 1007 2335 1044 κινδύ-

1308 1077 1387 1100 νων.
1407 1063 1499 1101 Οὐδὲ
1522 1064 1591 1116 γὰρ
1610 1065 1745 1116 ἀγνοῶ,
1765 1065 1818 1103 ὅτι
1844 1065 1904 1103 Ἐν
1923 1068 1967 1117 τῇ
1999 1067 2116 1119 ῥάὸδῳ
2138 1084 2203 1117 μου
2224 1068 2332 1120 ταύτῃ

2052 1107 2123 1142 &xlm

1309 1124 1446 1170 διῆλθον
1480 1125 1538 1164 τὸν
1568 1125 1749 1179 Ἰορδάνην
1778 1131 1917 1165 τοῦτον·
1946 1127 2017 1165 νυνὶ
2048 1142 2084 1166 οε
2105 1128 2161 1166 οιὰ
2181 1128 2244 1175 τὴν
2267 1129 2334 1176 σὴν

1306 1186 1387 1239 περὶ
1407 1186 1469 1237 ἐμὲ
1489 1187 1664 1239 πρόνοιαν,
1679 1191 1697 1226 6
1708 1187 1771 1235 τὴν
1793 1187 1985 1239 βακτηρίαν
2000 1188 2108 1239 μόνην
2122 1190 2333 1241 ἐπιφερόμε-

1306 1262 1377 1293 νος,
1399 1246 1504 1294 ἠνίκα
1534 1251 1582 1292 εἷς
1601 1247 1663 1296 τὴν
1692 1247 1877 1300 ἀλλοτρίαν
1907 1248 2046 1301 ἀπῄειν,
2077 1254 2135 1287 νῦν
2165 1250 2255 1301 μετὰ
2275 1251 2334 1289 δύο

1306 1308 1538 1360 παρεμὸολῶν
1558 1309 1792 1361 παραγέγονά.
1810 1308 1860 1347 Σὺ
1883 1302 1954 1356 οὖν,
1969 1309 2152 1358 Δέσποτα,
2167 1313 2187 1348 6
2202 1310 2334 1358 ταύτην

1307 1383 1366 1419 μοι
1395 1369 1458 1415 τὴν
1489 1370 1651 1422 εὐπορίαν
1681 1369 1937 1422 χαρισάμενος,
1971 1374 1989 1409 6
2020 1373 2069 1414 εἷς
2094 1372 2256 1410 τοσοῦτόν
2287 1388 2331 1423 με

1307 1430 1494 1478 αὐξηθῆναι
1526 1431 1813 1482 παρασκευάσας,
1834 1430 1875 1469 σὺ
1903 1436 1960 1470 ν’ῠν
1977 1431 2117 1476 Ἐξελοῧ
2135 1448 2180 1481 με
2201 1435 2240 1471 ἐκ
2256 1449 2331 1485 χει-

1307 1492 1361 1545 ρὸς
1380 1508 1438 1531 του
1460 1494 1634 1545 ἀδελφου
1629 1508 1694 1530 μου
1710 1492 1845 1539 ἹΙσαῦ,
1866 1508 1919 1530 οτι
1941 1492 2143 1544 φοὲοῦμαι’
2128 1492 2196 1544 εγὼ
2211 1494 2328 1541 αὐτὸν,

1305 1553 1441 1604 μήποτε
1454 1554 1591 1606 πατάξῃ
1614 1569 1670 1604 με,
1685 1553 1745 1592 καὶ
1759 1553 1894 1605 μητέρα
1913 1553 1970 1592 ἐπι
1985 1553 2128 1597 τέκνοις.
2144 1554 2195 1592 Συ
2210 1558 2328 1597 εἶπας·

1305 1617 1341 1652 εὖ
1366 1629 1405 1652 σε
1428 1614 1585 1661 ποιήσω,
1604 1615 1664 1652 καὶ
1689 1614 1786 1661 θήσω
1802 1614 1842 1652 τὸ
1861 1613 2001 1666 σπέρμα
2028 1629 2087 1652 σου
2107 1616 2154 1657 ὣς
2171 1614 2236 1660 τὴν
2257 1615 2330 1666 ἄμ-

1305 1690 1370 1726 μον
1400 1691 1462 1722 της
1489 1674 1724 1722 θαλάσσης,
1703 1689 1724 1722 η
1746 1677 1809 1712 οὔκ
1841 1674 2118 1725 ἀριθμηθήσεται
2147 1674 2242 1714 ᾱὺπὸ
2269 1691 2330 1714 του

1304 1737 1467 1784 πλήθους.

1355 1797 1452 1850 αΟρα
1484 1802 1544 1837 τοῦ
1572 1797 1704 1837 δικαίου
1721 1798 1760 1836 τὸ
1779 1797 1933 1850 φιλόθεον
1957 1797 2016 1835 καὶ
2035 1796 2098 1844 τὴν
2118 1796 2250 1844 πολλὴν
2274 1797 2328 1835 εὔ-

1302 1858 1540 1909 γνωμοσύνην,
1559 1862 1634 1903 πῶς
1659 1858 1756 1898 οὐδὲν
1787 1859 1903 1911 ἕτερον
1935 1857 2023 1902 ἀξιοῖ
2041 1858 2100 1897 τὸν
2132 1857 2327 1904 Δεσπότην,

1301 1919 1323 1966 ἢ
1356 1920 1418 1964 τὰς
1449 1921 1578 1964 οἰκείας
1601 1920 1806 1972 ὑποσχέσεις
1835 1921 2037 1971 πληρῶσαι.
2067 1919 2138 1958 Καὶ
2165 1918 2224 1956 ἐπὶ
2256 1925 2327 1962 τοῖς

1300 1980 1534 2031 προλαὸοῦσιν
1553 1980 1776 2034 εὐχαριστίαν
1802 1980 2082 2031 ἐπιδειξάμενος,
2108 1980 2168 2018 καὶ
2193 1982 2323 2030 ὁμολο-

1298 2041 1409 2093 γήσας
1428 2041 1482 2080 ὅτι
1500 2043 1652 2094 Εγυμνὸν
1671 2042 1754 2080 ὄντα
1774 2042 1834 2080 καὶ
1854 2041 2113 2095 ἀπερριμμένον
2130 2043 2177 2085 εἷς
2199 2041 2327 2080 τοσαύ-

1297 2117 1361 2148 την
1379 2103 1578 2154 περιουσίαν
1598 2102 1826 2149 κατέστησεν,
1845 2102 1990 2140 ἱκετεύει
2011 2107 2070 2140 τοῦ
2086 2102 2243 2140 κινδύνου
2264 2103 2326 2140 αὐ-

1298 2163 1356 2201 τὸν
1369 2162 1576 2214 ἐξαρπάσαι.
1598 2158 1711 2207 Εἷπας
1725 2163 1805 2214 γὰρ,
1821 2162 1936 2214 φησὶν,
1953 2162 2006 2200 ὅτι
2023 2163 2119 2209 θήσω
2134 2164 2172 2201 τὸ
2183 2163 2324 2215 σπέρμα

1299 2239 1359 2260 σου
1375 2225 1421 2266 ὡς
1441 2224 1501 2270 τὴν
1522 2224 1638 2274 ἅμμον
1657 2227 1718 2270 τῆς
1746 2223 1944 2270 θαλάσσης,
1966 2224 1988 2270 ἣ
2009 2224 2070 2261 οὐκ
2089 2223 2321 2275 ἐξαριθμηθῆ-

1299 2299 1408 2322 σεται.
1428 2284 1670 2360 Ποιησάμενος
1690 2283 1725 2322 δὲ·
1748 2283 1810 2330 τὴν
1829 2284 1914 2335 πρὸς
1932 2283 1989 2321 τὸν
2010 2283 2192 2331 Δεσπότην
2209 2285 2324 2336 παρά-

1299 2345 1434 2391 κλησιν,
1458 2345 1516 2382 καὶ
1541 2345 1604 2391 τὴν
1630 2343 1808 2396 ἱκετηρίαν
1827 2348 1889 2391 τῆς
1908 2348 2106 2396 προσευχῆς
2136 2345 2322 2396 ἀνενεγκας

1298 2408 1348 2442 τῶ
1375 2406 1558 2458 Δεσπότῃ,
1591 2406 1651 2444 καὶ
1676 2405 1720 2443 τὰ
1751 2407 1833 2455 παρ’
1860 2406 1982 2442 ἑαυτοῦ
2001 2405 2220 2456 προστίθησι.
2252 2406 2322 2444 Καὶ

1298 2466 1431 2512 λαοων,
1450 2483 1556 2518 φησι,
1576 2467 1690 2518 δῶρα,
1711 2465 1745 2510 ἐξ
1774 2469 1820 2503 ὡν
1842 2465 2045 2519 ἐπεφέρετο,
2074 2466 2257 2504 απεστειλε
2272 2482 2324 2504 τω

1299 2529 1435 2580 ἀδελφῦ
1448 2557 1457 2573 ,
1472 2528 1593 2567 διελων
1614 2527 1658 2565 τὰ
1677 2526 1939 2573 ἀποσταλέντα,
1967 2527 2026 2565 καὶ
2045 2528 2185 2570 ἐντολὰς
2214 2529 2322 2566 δεδω-

1298 2605 1388 2635 κως,
1416 2589 1506 2628 ὥστε
1535 2605 1594 2627 και
1623 2589 1680 2627 διὰ
1698 2604 1766 2626 των
1791 2588 1901 2662 λόγων
1921 2587 2228 2638 ἐξευμενίσασθαι,
2259 2588 2321 2627 καὶ

1298 2654 1450 2700 μηνῦσαι
1469 2650 1531 2698 την
1551 2653 1672 2688 εαυτου
1700 2649 1904 2701 παρουσίαν.
1934 2649 2066 2687 Εἴπατε
2084 2649 2170 2703 γὰρ,
2200 2666 2319 2703 φησιν,

1296 2711 1349 2750 ὅτι
1375 2711 1446 2749 ἰδου
1472 2714 1489 2749 6
1509 2717 1590 2755 παῖς
1620 2727 1680 2750 σου
1697 2709 1926 2762 παραγίνεται
1952 2709 2063 2748 ὀπίσω
2082 2713 2210 2760 ἡμῶν·
2230 2710 2321 2749 ὥστε

1298 2772 1463 2824 πρότερον
1491 2772 1793 2823 ἐξευμενίσασθαι,
1819 2773 1877 2809 καὶ
1905 2770 1982 2808 τότε
2008 2771 2070 2816 τὴν
2091 2769 2183 2809 κατὰ
2208 2770 2319 2822 πρόσ-

1298 2848 1392 2870 ωπον
1422 2836 1525 2872 αὐτοῦ
1549 2833 1708 2883 γενέσθαι
1734 2831 1933 2884 συντυχίαν.
1965 2831 2067 2870 Μετὰ
2100 2835 2199 2870 τοῦτο
2231 2831 2319 2883 γὰρ,

1300 2893 1418 2944 φησὶν,
1439 2894 1568 2946 ὄψομαι
1589 2894 1628 2932 τὸ
1646 2893 1832 2946 πρόσωπον
1857 2894 1960 2930 αὐτοῦ
1975 2908 1982 2916 ·
2004 2892 2084 2935 ἴσως
2102 2891 2190 2943 γὰρ,
2208 2891 2319 2943 φησὶ,

1298 2955 1520 3006 προσδέξεται
1545 2955 1584 2993 τὸ
1604 2955 1789 3008 πρόσωπόν
1818 2969 1893 3005 μου.
1916 2954 1984 2992 Καὶ
2003 2952 2255 3004 προεπορεύετο
2273 2952 2318 2990 τὰ

1297 3017 1390 3067 δῶρα
1419 3017 1509 3054 κατὰ
1525 3017 1710 3068 πρόσωπον
1734 3017 1852 3054 αὐτοῦ.
1872 3015 1963 3053 Ἀλλ’
1995 3014 2057 3066 ὅρα
2085 3029 2144 3064 μοι
2171 3015 2317 3050 ἐνταῦθα

1294 3077 1399 3114 πάλιν
1417 3081 1477 3115 τοῦ
1503 3079 1595 3116 Θεοῦ
1622 3077 1685 3124 τὴν
1703 3078 1832 3129 ἄφατον
1852 3073 2126 3128 φιλανθρωπίαν,
2145 3073 2204 3110 καὶ
2223 3074 2316 3117 ὅπως

1294 3136 1346 3175 ἀεὶ
1359 3138 1585 3184 καταλλήλως
1599 3138 1661 3184 τὴν
1670 3137 1798 3175 οἰκείαν
1814 3135 1976 3187 πρόνοιαν
1994 3134 2215 3172 ἐνδείκνυται.
2231 3134 2316 3171 Ἐπὶ

1293 3197 1355 3248 μὲν
1371 3199 1437 3250 γὰρ
1455 3202 1514 3237 τοῦ
1533 3200 1667 3247 Λάὸαν,
1695 3197 1814 3244 ἐπειδὴ
1841 3200 1859 3235 6
1884 3196 2015 3238 δίκαιος
2047 3194 2143 3234 οὐδὲν
2163 3199 2313 3234 τοιοῦτον

1354 3330 1370 3355 ⁴¹
1386 3331 1449 3363 Sex
1463 3331 1538 3362 Mss.
1558 3336 1617 3365 ἀπὸ
1632 3335 1685 3364 τοῦ
1700 3334 1827 3368 πλήθους
1839 3357 1847 3371 ,
1862 3329 1947 3362 sorte
1964 3329 2088 3362 melius.

1355 3388 1366 3403 ⁰
1383 3381 1447 3415 Sex
1463 3383 1539 3415 Mss.
1556 3387 1663 3425 γυμνὸν
1678 3385 1749 3415 ὄντα
1764 3386 1812 3415 καὶ
1828 3386 1940 3425 ἔρημον
1957 3388 2003 3420 εἰς.
