2433 3775
736 187 778 218 IN
815 185 914 218 CAP.
957 187 987 217 1.

102 273 174 313 θεία
205 271 350 326 Γραφὴ,
383 271 536 324 ἀκριὸῶς
554 274 639 321 ἡμῖν
664 271 804 308 ἅπαντα
832 272 1003 321 διηγεῖται
1029 269 1119 307 κατὰ

99 334 160 381 τὴν
176 332 272 377 τάξιν
290 335 360 370 τῶν
378 331 581 384 γεγονότων,
609 330 666 370 ἵνα
698 330 887 383 ἀναστείλῃ
918 333 986 369 τῶν
1007 329 1120 381 μάτην

97 392 337 445 φθεγγομένων
361 392 423 436 τὰς
446 392 515 430 ἀπὸ
543 394 612 429 τῶν
630 390 790 430 ιὀἰκείων
809 393 986 442 λογισμῶν
1006 392 1118 441 ληρω-

97 453 170 497 δίας
183 456 253 490 τῶν
269 452 382 503 λέγειν
398 452 678 504 ἐπιχειρούντων,
695 451 755 490 Bu
775 453 837 496 τῆς
852 454 912 488 τοῦ
926 450 1026 497 ἡλίου
1042 465 1121 487 συν-

97 512 210 564 εργίας
230 513 281 550 δεῖ
303 512 388 564 πρὸς
415 512 478 560 τὴν
507 514 575 550 τῶν
594 515 739 565 καρπῶν
757 511 1020 563 τελεσφόρησιν.
1040 510 1121 549 Εἰσὶ

97 573 134 612 δέ
153 577 268 617 ςτινες
286 573 319 611 οἳ
344 573 403 611 καὶ
433 576 502 611 τῶν
531 574 668 626 ἄστρων
688 573 758 611 τισὶ
781 576 891 610 ταῦτα
917 571 1120 623 ἐπιγράφειν

96 636 322 688 ἐπιχειροῦσι.
354 635 423 673 Διὰ
447 638 550 673 τοῦτο
569 635 726 673 διδάσκει
745 637 839 685 ἡμᾶς
859 634 898 671 τὸ
917 634 1062 681 Πνεῦμα
1081 631 1121 668 τὸ

99 696 208 747 ἅγιον,
231 695 285 732 ὅτι
312 696 380 749 πρὸ
405 698 466 741 τῆς
496 697 564 733 τῶν
585 694 766 746 στοιχείων
794 693 924 732 τούτων
953 693 1120 742 δημιουρ-

98 757 193 808 γίας,
213 760 264 810 τῷ
290 758 382 809 λόγῳ
397 759 500 794 αὐτοῦ
519 756 578 794 καὶ
598 758 648 806 τῷ
671 754 918 806 προστάγματι
939 752 1078 790 εἴκουσα
1098 755 1119 797 ἡ

98 821 142 868 yffi
170 818 284 855 πάντα
313 818 358 856 τὰ
386 818 573 868 σπέρματα
597 816 816 862 άέκδίδωσιν,
841 814 974 856 οὐδενὸς
1002 812 1120 864 ἑτέρου

98 880 256 925 δεηθεῖσα
271 878 356 930 πρὸς
372 879 569 928 συνεργίαν.
588 876 742 929 Ἠρκεσε
756 876 824 927 γὰρ
841 877 927 926 αὐτῇ
943 874 1019 913 ἀντὶ
1034 873 1122 911 πάν-

96 954 164 976 των
191 939 230 976 τὸ
250 941 346 990 ρῆμα
365 941 475 977 ἐκεῖνο
494 938 533 976 τὸ
551 937 650 989 λέγον
665 953 672 960 ·
692 935 933 983 Βλαστησάτω
949 939 970 982 ἡ
992 937 1036 986 γῆ
1057 936 1119 985 βο*-

96 998 202 1045 τάνην
218 999 355 1051 χόρτου.
377 1000 719 1041 Κατακολουθοῧντες
736 997 849 1036 τοίνυν
865 1001 907 1049 τῇ
931 989 1006 1048 Οεῗᾳ
1026 997 1121 1047 Γρα-

95 1063 156 1111 φῇ,
176 1059 351 1110 μηδέποτε
367 1059 572 1112 ἀνεχώμεθα
591 1061 660 1097 τῶν
677 1059 796 1102 ἁπλῶς
817 1058 859 1097 τὰ
875 1056 1120 1110 παριστάμενα

94 1120 277 1172 λεγόντων.
307 1121 382 1160 Κᾶν
401 1120 468 1173 γὰρ
499 1121 675 1174 ἄνθρωποι
706 1120 769 1166 τὴν
792 1122 857 1171 γ’ἧν
882 1119 1118 1171 ἐργάζωνται,

94 1182 158 1220 κᾶν
183 1182 247 1229 τὴν
266 1183 335 1221 ἀπὸ
351 1186 420 1221 τῶν
449 1182 584 1234 ἀλόγων
603 1182 784 1235 συνεργίαν
800 1182 927 1234 ἔχωσι,
946 1180 1006 1218 καὶ
1031 1185 1116 1217 πολ-

94 1243 158 1291 λὴν
182 1247 224 1294 τῇ
244 1248 288 1296 γῇ
317 1232 520 1296 ἐπιμέλειαν
542 1243 801 1290 ἐπιδείξωνται,
832 1242 895 1281 κᾶν
926 1242 1037 1294 ἀέρων
1057 1243 1117 1280 εὐ-

96 1305 224 1358 κρασία
244 1306 408 1357 γένηται,
436 1305 495 1344 καὶ
524 1305 639 1343 πάντα
665 1304 709 1342 τὰ
739 1304 830 1342 ἄλλα
852 1302 1055 1354 συνδράμῃ,
1088 1303 1118 1339 εἰ

95 1366 144 1415 μὴ
163 1365 203 1403 τὸ
227 1370 336 1416 νεῦμα
370 1371 430 1404 τοῦ
458 1365 636 1403 Δεσπότου
659 1364 810 1416 γένοιτο,
830 1363 946 1401 πάντα
963 1365 1038 1413 εἰκῇ
1059 1362 1118 1400 καὶ

95 1426 221 1476 μάτην,
241 1426 299 1464 καὶ
318 1426 414 1465 οὐδὲν
435 1427 534 1465 ἔσται
553 1426 657 1465 πλέον
675 1429 745 1464 τῶν
764 1426 902 1463 πολλῶν
924 1423 1038 1461 πόνων
1058 1423 1118 1461 καὶ

94 1487 276 1537 καμάτων,
311 1487 360 1537 μὴ
390 1491 453 1534 τῆς
488 1487 618 1526 ἄνωθεν
651 1486 769 1539 χειρὸς
791 1483 1116 1536 συνεφαπτομένης,

94 1547 153 1585 καὶ
183 1546 246 1594 τὴν
270 1547 518 1599 τελεσφόρησιν
546 1547 779 1600 χαριζομένης
810 1552 881 1589 τοῖς
910 1544 1116 1596 γινομένοις.

93 1607 158 1651 Τίς
184 1611 245 1647 οὐκ
271 1608 311 1646 ἂν
337 1609 528 1661 ἐκπλαγείη
559 1609 618 1647 καὶ
638 1607 846 1658 θαυμάσειεν
864 1608 1000 1654 ἐννοῶν,
1023 1607 1118 1650 ὅπως

92 1673 152 1707 τοῦ
177 1669 356 1708 Δεσπότου
384 1670 423 1708 τὸ
454 1674 552 1723 ῥῆμα
580 1670 620 1708 τὸ
638 1670 750 1720 λέγον,
772 1667 1008 1720 βλαστησάτω
1028 1671 1049 1713 ἡ
1071 1671 1116 1720 yffi

94 1730 242 1780 βοτάνην
261 1730 401 1784 χόρτου,
418 1733 466 1774 εἷς
484 1730 589 1774 αὐτὰς
617 1733 680 1777 τῆς
708 1732 773 1781 γῆς
799 1729 862 1773 τὰς
879 1729 1029 1781 λαγόνας
1048 1745 1117 1767 κα-

91 1792 221 1839 τελθὸν,
237 1792 397 1843 καθάπερ
413 1792 537 1846 πέπλῳ
556 1792 624 1830 τινὶ
641 1794 855 1843 θαυμαστῷ,
874 1789 965 1828 οὕτω
984 1793 1026 1842 τῇ
1048 1793 1116 1829 τῶν

93 1853 204 1890 ἀνθῶν
231 1853 389 1905 ποικιλία
407 1857 469 1900 τῆς
490 1856 554 1905 γῆς
577 1853 617 1892 τὸ
644 1852 830 1904 πρόσωπον
849 1850 1117 1902 κατεκόσμησε;

94 1914 166 1952 Καὶ
181 1908 222 1960 ffiv
249 1915 331 1952 ἰδεῖν
362 1914 483 1967 ἀθρόον
501 1913 565 1960 τὴν
589 1913 757 1966 πρότερον
777 1913 933 1964 ἄμορφον
954 1911 1013 1950 καὶ
1033 1913 1120 1950 ἀκα-

94 1974 329 2012 τασκεύαστον
354 1979 516 2013 τοσοῦτον
535 1973 724 2024 δεξαμένην
749 1974 788 2012 τὸ
808 1974 953 2020 κάλλος,
982 1975 1028 2015 ὡς
1061 1989 1118 2023 μι-

94 2039 176 2087 κροῦ
196 2037 266 2073 δεῖν
283 2036 497 2086 ἁμιλλᾶσθαι
512 2038 562 2087 τῷ
583 2036 729 2087 οὐρανῷ.
752 2034 920 2087 Καθάπερ
936 2035 1004 2085 γὰρ
1026 2036 1119 2072 ἐκεῖ·

94 2111 148 2139 νος
166 2098 242 2146 μετ’
264 2097 302 2134 οὐ
318 2095 406 2134 πολὺ
441 2096 561 2146 μέλλει
578 2099 786 2146 κοσμεῖσθαι
813 2099 856 2147 τῇ
888 2098 956 2132 τῶν
979 2094 1116 2145 ἄστρων

92 2155 266 2207 ποικιλίᾳ,
285 2155 375 2195 οὕτω
394 2156 454 2194 καὶ
471 2156 557 2203 αὐτὴ
572 2160 615 2208 τῇ
632 2157 781 2208 διαφορᾷ
796 2159 865 2193 τῶν
882 2157 993 2193 ἀνθῶν
1007 2154 1116 2198 οὕτως

92 2216 371 2263 ἐκαλλωπίσατο,
400 2219 448 2260 ὡς
481 2216 540 2254 καὶ
569 2215 627 2253 τὸν
648 2216 857 2269 δημιουργὸν
894 2218 941 2259 εἷς
976 2216 1116 2254 ἔπαινον

90 2281 102 2297 ³
115 2278 208 2330 ἄγειν
223 2293 230 2300 ·
251 2272 331 2316 Εἶδε
347 2276 414 2329 γὰρ
425 2309 434 2323 ,
455 2278 571 2330 φησὶν,
587 2281 605 2316 ὁ
618 2277 707 2320 Θεὸς
718 2307 728 2325 ,
748 2277 802 2315 ὅτι
817 2277 935 2316 καλόν.

143 2394 243 2444 ,Εἶδες
263 2404 338 2444 πῶς
367 2403 443 2439 καθ’
464 2401 609 2440 ἕκαστον
638 2404 706 2440 τῶν
732 2401 923 2453 γινομένων
943 2401 1112 2441 δείκνυσιν

89 2463 295 2500 ἐπαινοῦντα
322 2462 379 2500 τὸν
414 2463 636 2515 δημιουργὸν,
670 2462 727 2500 ἵνα
748 2463 837 2513 μετὰ
864 2466 976 2501 ταῦτα
998 2466 1019 2509 ἡ
1044 2465 1112 2500 τῶν

90 2522 280 2574 ἀνθρώπων
300 2522 418 2575 φύσις,
451 2527 562 2561 ταῦτα
584 2523 842 2575 διδασκομένη,
877 2526 917 2562 ἐκ
947 2527 1015 2562 τῶν
1045 2525 1111 2570 δη-

89 2584 362 2635 μιουργημάτων
382 2584 558 2637 ἀνατρέχῃ
583 2584 669 2636 πρὸς
699 2585 756 2622 τὸν
777 2585 1111 2637 δημιουργήσαντα,

88 2647 134 2684 Εἰ
163 2645 230 2697 γὰρ
262 2645 306 2684 τὰ
342 2646 637 2698 δημιουργήματα
665 2650 810 2684 τοιαῦτα
832 2646 914 2684 ὄντα
947 2654 1027 2698 νικᾷ
1046 2646 1110 2693 τὴν

88 2706 189 2758 φύσιν
207 2706 271 2754 τὴν
291 2707 525 2759 ἀνθρωπίνην,
547 2707 605 2745 καὶ
621 2707 729 2751 οὐδεὶς
749 2707 789 2744 ἂν
811 2707 899 2746 αὐτὰ
918 2709 996 2745 κατ’
1014 2707 1111 2751 ἀξίαν

90 2767 270 2806 ἐπαινέσαι
290 2768 495 2815 δυνήσεται·
515 2768 550 2806 τί
580 2768 619 2806 ἄν
637 2784 688 2811 τις
718 2771 826 2807 εἰπεῖν
850 2768 1010 2815 δυνηθείη
1031 2769 1112 2820 περὶ

89 2830 193 2867 αὐτοῦ
213 2832 273 2866 τοῦ
301 2830 534 2881 &notorio-(033
563 2829 632 2868 Καὶ
651 2824 720 2867 εἶδε
733 2859 742 2877 ,
762 2829 878 2882 φησὶν,
898 2833 915 2868 ὁ
934 2830 1039 2877 Θεὸς,
1059 2829 1111 2868 ὅτι

88 2889 207 2926 καλόν.
227 2889 296 2927 Καὶ
316 2889 452 2941 ἐγένετο
469 2890 599 2943 ἑσπέρα
613 2919 622 2936 ,
639 2891 698 2929 καὶ
715 2890 850 2942 ἐγένετο
866 2888 960 2943 πρωῒ
971 2921 981 2937 ,
997 2890 1113 2942 ἡμέρα

87 2949 201 3001 τρίτη.
220 2948 236 2969 b
252 2949 363 3002 “Ορᾷς
382 2953 456 2994 πῶς
474 2953 517 3002 τῇ
540 2951 699 3003 συνεχείᾳ
718 2954 781 2997 τῆς
799 2951 1027 2995 διδασκαλίας
1046 2953 1112 3001 ἐμ-

87 3011 196 3057 πῆξαι
217 3011 377 3062 βούλεται
403 3015 447 3063 τῇ
465 3012 599 3064 διανοίᾳ
626 3017 678 3064 τῇ
692 3013 848 3065 ’ἡμετέρᾳ
876 3016 944 3051 τῶν
963 3013 1110 3064 λεγομέ-

87 3088 154 3110 νων
187 3073 250 3119 τὴν
285 3073 448 3123 δύναμιν,
466 3073 600 3127 Ἐχρῆν
628 3073 694 3126 γὰρ
727 3076 850 3121 εἰπεῖν,
884 3074 944 3112 καὶ
975 3073 1111 3125 ἐγένετο

136 3199 152 3222 b
167 3197 221 3230 Sic
238 3200 348 3231 omnia
366 3198 564 3242 exemplaria
582 3208 700 3242 praeter
715 3199 832 3233 Morel.
850 3200 882 3233 in
898 3212 964 3244 quo
987 3205 1097 3235 οἰκείων

91 3247 191 3281 deest.
210 3250 284 3282 Mox
302 3253 334 3282 in
351 3249 423 3284 aliis
439 3251 593 3284 omnibus
610 3258 759 3298 συνεργίας
774 3255 826 3286 δεῖ.

137 3311 149 3324 ·
165 3300 309 3340 Quidam
327 3303 402 3335 MSS.
425 3319 496 3341 τινες
517 3309 562 3338 ὅτι
579 3310 645 3342 καὶ,
661 3303 756 3336 male.

137 3351 149 3369 ‘¹
165 3351 265 3385 Sat-it,
283 3361 316 3385 ct
335 3354 471 3388 Coistin.
489 3354 608 3398 aliique
625 3355 700 3388 Mss.
720 3358 876 3390 ἐκδίδωσιν.
895 3355 1011 3389 Morel.
1030 3361 1093 3389 ἑπι-

1027 185 1188 216 GENES.

1228 187 1387 217 nonni„
1431 187 1475 217 v.
2085 176 2145 234 ⁴²⁸5

1192 277 1225 306 et
1233 269 1391 307 suturam
1402 269 1578 320 ingratam
1590 268 1778 306 bominum
1798 278 1950 308 mentem
1967 272 2148 323 corrigens

1191 327 1314 366 divina
1333 328 1533 380 Scriptura,
1553 327 1746 378 diligenter
1766 327 1884 366 omnia
1906 328 2007 366 nobis
2023 345 2148 369 sccun-

1189 388 1276 426 ‹lum
1297 388 1458 427 ordinem
1478 389 1653 426 factorum
1674 398 1807 437 narrat,
1827 397 1865 426 ut
1883 400 2083 441 compescat
2100 400 2149 428 te-

1191 449 1389 488 meritatem
1416 458 1449 487 et
1479 448 1710 487 deliramenta
1737 463 1860 486 eorum
1890 449 1951 499 qni
1979 450 2147 500 figmenta

1191 525 1253 547 sua
1264 510 1450 549 venditant
1466 520 1500 548 et
1513 510 1633 549 dicere
1648 509 1793 559 audent,
1806 510 1891 548 solis
1901 511 2149 562 cooperatione

1191 570 1237 608 ad
1254 571 1437 608 fructuum
1461 580 1675 623 proventum
1695 585 1785 623 opus
1804 585 1888 609 esse.
1913 571 2003 609 Sunt
2018 580 2051 609 et
2072 571 2147 621 alii,
2193 583 2280 610 liram
2299 595 2348 619 qu.

2161 626 2243 650 astris
2269 630 2350 651 [¹¹11oe

1191 630 1251 680 qui
1276 630 1350 668 hwc
1379 631 1484 668 astris
1514 631 1694 682 aliquibus
1727 630 1929 669 adscribere
1965 632 2141 670 nituntur.

1192 750 1381 787 mationem
1398 751 1529 788 horum
1553 752 1806 790 elementorum
1824 754 1976 791 sermoni
1997 764 2030 792 et
2050 770 2146 806 prat-

1191 819 1292 861 cepto
1310 810 1376 847 Dei
1389 811 1692 862 obtemperantem
1704 812 1866 850 tellurem
1881 814 1999 851 omnia
2015 815 2148 853 semina

1191 869 1358 919 edidisse,
1378 871 1477 908 nullo
1497 871 1569 908 alio
1597 871 1642 908 ad
1664 873 1945 924 cooperationem
1975 889 2064 926 opus
2084 876 2150 913 ha—

1191 930 1345 968 bentem.
1358 931 1570 970 Sufficiebat
1581 931 1677 969 enim
1691 933 1720 970 ei
1738 947 1802 985 pro
1818 935 1984 972 omnibus
2000 936 2150 974 verbnm

1191 990 1283 1029 illud
1303 1006 1311 1027 :
1333 992 1531 1030 Germinet
1545 1001 1648 1030 terra
1665 994 1825 1032 herbam
1842 996 1953 1045 faeni.
1974 996 2150 1042 Quocirca

1191 1051 1323 1090 divinae
1345 1052 1541 1105 Scriptura}
1560 1053 1711 1105 vestigia
1734 1067 1939 1105 sequamur,
1958 1070 2070 1107 neque
2097 1057 2146 1095 fe-

1192 1126 1312 1149 ramus
1343 1126 1401 1150 eos
1430 1113 1491 1163 qui
1513 1113 1664 1152 adversa
1697 1114 1770 1152 illis
1805 1124 1934 1154 temere
1958 1117 2147 1156 blaterant.

1192 1175 1283 1211 Nam
1306 1174 1442 1212 etiamsi
1465 1175 1626 1214 homines
1653 1184 1782 1215 terram
1803 1187 2007 1229 operentur,
2029 1188 2061 1216 et
2089 1180 2148 1231 ju-

1191 1244 1390 1272 mentorum
1421 1235 1560 1274 auxilio
1582 1237 1762 1287 fruantur,
1796 1247 1829 1275 et
1859 1253 2025 1289 magnam
2048 1249 2148 1278 terra:

1191 1309 1313 1333 curam
1332 1295 1500 1345 habeant,
1519 1297 1584 1335 etsi
1600 1292 1728 1349 magna
1749 1298 1794 1336 sit
1808 1299 1881 1336 caeli
1901 1300 2101 1352 temperies,
2117 1310 2148 1339 et

1190 1357 1307 1395 omnia
1321 1358 1390 1395 alia
1413 1369 1638 1408 concurrant,
1659 1360 1726 1398 nisi
1748 1369 1855 1398 nutus
1877 1362 2021 1399 Domini
2051 1376 2149 1401 acce-

1189 1417 1265 1468 dat,
1285 1418 1404 1457 omnia
1423 1419 1493 1457 alia
1525 1420 1657 1458 frustra
1682 1430 1715 1458 et
1748 1421 1783 1459 in
1808 1436 1941 1460 vanum
1961 1422 2097 1472 cedent,
2117 1433 2150 1461 et

1190 1479 1281 1516 nihil
1300 1480 1463 1532 proficiet
1481 1479 1602 1531 quivis
1621 1481 1723 1520 labor
1737 1491 1771 1520 et
1794 1482 1915 1531 sudor,
1936 1483 2003 1521 nisi
2024 1498 2150 1522 manus

1190 1540 1337 1577 Domini
1352 1555 1503 1593 superne
1519 1541 1682 1594 adjuvet,
1705 1552 1738 1580 et
1752 1543 2000 1595 perfectionem
2019 1545 2075 1583 his
2094 1560 2150 1583 re-

1189 1600 1257 1638 bus
1287 1601 1434 1639 tribuat.
1452 1602 1543 1649 Quis
1568 1616 1636 1640 non
1659 1603 1919 1656 obstupesceret
1938 1614 1971 1642 et
1989 1604 2151 1643 admira-

1191 1669 1301 1710 retur,
1326 1662 1485 1714 cogitans
1504 1663 1687 1714 quomodo
1709 1664 1861 1703 verbum
1878 1665 2025 1703 Domini
2047 1666 2150 1713 illud,

1193 1722 1394 1761 Germinet
1413 1732 1516 1762 terra
1537 1726 1696 1762 herbam
1713 1726 1824 1777 soeni,
1849 1726 1884 1764 in
1915 1726 1991 1779 ipsa
2013 1727 2149 1765 viscera

1140 1822 1170 1846 ³7
1190 1792 1291 1820 terrae
1319 1783 1521 1834 descendat,
1552 1794 1586 1823 et
1611 1786 1713 1836 qnasi
1746 1786 1954 1825 admirabili
1992 1787 2149 1839 quodam

1142 1860 1168 1889 Α
1192 1843 1307 1895 peplo,
1336 1853 1437 1882 terrae
1469 1845 1596 1883 faciem
1631 1846 1742 1884 variis
1776 1847 1926 1885 floribus
1966 1848 2112 1887 adornet
2131 1849 2148 1886 ἶ)

1191 1904 1393 1955 Videreque
1411 1915 1486 1943 erat
1504 1906 1624 1943 subito
1641 1915 1784 1955 terram,
1813 1922 1892 1958 qnae
1911 1917 2013 1946 antea
2039 1909 2149 1953 infor-

1191 1964 1259 2003 mis
1278 1974 1312 2003 et
1333 1965 1464 2004 inculta
1486 1976 1573 2016 erat,
1594 1976 1728 2005 tantam
1747 1969 1923 2021 accepisse
1947 1970 2149 2022 pulchritu-

1189 2026 1322 2075 dinem,
1344 2036 1383 2064 ut
1415 2027 1515 2078 quasi
1537 2042 1620 2066 cum
1650 2028 1734 2066 caelo
1765 2038 1923 2067 certaret.
1945 2031 2038 2068 Nam
2057 2031 2149 2070 sicut

1191 2087 1318 2125 caelum
1332 2088 1440 2139 paulo
1459 2098 1538 2140 post
1557 2089 1757 2127 ornandum
1780 2101 1853 2128 erat
1881 2101 2059 2130 astrorum
2079 2108 2145 2132 va-

1189 2148 1323 2196 rietate,
1344 2149 1394 2186 sic
1408 2158 1442 2186 et
1463 2149 1568 2187 tellus
1600 2150 1731 2188 florum
1761 2152 1952 2204 multijuga
1975 2154 2148 2192 varietate

1188 2209 1395 2257 ornabatur,
1411 2209 1461 2246 ita
1474 2218 1514 2247 ut
1531 2219 1565 2247 et
1583 2210 1718 2262 Opifex
1734 2211 1770 2248 in
1791 2212 1934 2251 laudem
1954 2214 2030 2266 ejus
2057 2230 2144 2267 pro-

1187 2279 1390 2322 rumperet:
1411 2270 1544 2308 etenim
1557 2271 1677 2317 Vidit,
1702 2272 1766 2322 ait,
1786 2274 1908 2323 Deus,
1923 2276 2028 2325 quod
2045 2284 2144 2314 esset

1192 2332 1346 2368 bonum.

1240 2398 1277 2436 5.
1309 2397 1447 2437 Vidisti
1477 2398 1656 2449 quomodo
1688 2413 1752 2452 per
1783 2401 1924 2453 singula
1950 2416 2029 2453 quae
2055 2403 2146 2441 sacta

1186 2467 1280 2508 sunt,
1295 2458 1459 2497 ostendat
1482 2459 1688 2498 laudantem
1709 2461 1901 2514 Opificem,
1925 2472 1964 2500 ut
1984 2463 2146 2502 homines

1185 2520 1404 2572 postea,haec
1416 2520 1601 2567 edocti‚ex
1620 2523 1790 2560 creaturis
1810 2524 1855 2560 ad
1877 2524 2077 2561 Creatorem
2093 2539 2145 2561 re-

1185 2582 1389 2620 currerent?
1408 2582 1500 2619 Nam
1518 2581 1547 2618 si
1569 2591 1738 2620 creaturae
1761 2583 1967 2635 hujusmodi
1992 2584 2080 2634 sint,
2105 2594 2144 2622 nt

1184 2643 1230 2680 ab
1250 2643 1394 2682 homine
1406 2657 1470 2695 pro
1485 2642 1663 2693 dignitate
1678 2644 1820 2682 laudari
1838 2654 2009 2695 nequeant
2027 2661 2034 2681 :
2052 2646 2143 2696 quid

1138 2720 1160 2748 Β
1184 2705 1229 2744 de
1247 2706 1377 2758 opifice
1392 2706 1468 2757 ipso
1483 2704 1602 2742 dicere
1616 2705 1696 2755 quis
1712 2705 1841 2757 poterit
1852 2706 1868 2742 Ξ)
1879 2707 1933 2743 Et
1948 2707 2064 2752 vidit,
2078 2708 2142 2751 ait,

1185 2769 1292 2806 Deus
1320 2767 1425 2820 quod
1451 2775 1548 2804 esset
1572 2767 1727 2803 bonum.
1748 2768 1810 2803 15.
1831 2768 1885 2804 Et
1905 2768 2064 2819 sactum
2085 2778 2162 2817 est-

1185 2843 1356 2880 vespere,
1385 2837 1420 2866 et
1440 2829 1601 2881 factum
1635 2835 1691 2864 est
1721 2841 1849 2874 mane,
1881 2829 1962 2866 dies
1995 2832 2140 2868 tertius.

1186 2890 1299 2929 Vides
1320 2888 1500 2940 quomodo
1522 2886 1681 2925 iterando
1703 2888 1903 2939 frequenter
1921 2888 2138 2936 doctrinam,

1185 2951 1292 2989 menti
1308 2959 1434 2988 nostrae
1447 2948 1625 2986 dictorum
1646 2948 1722 2985 vim
1743 2948 1890 3001 infigere
1904 2950 2009 2988 vult?
2023 2952 2140 3003 opor-

1184 3011 1280 3049 tebat
1300 3009 1393 3047 enim
1412 3008 1529 3045 dicere
1547 3022 1555 3042 ε
1573 3007 1618 3044 Et
1634 3007 1746 3044 factus
1766 3016 1815 3044 est
1827 3006 1904 3045 dies
1919 3007 2053 3045 tertius.
2069 3009 2140 3046 Sed

1183 3071 1266 3110 vide
1284 3069 1461 3121 quomodo
1487 3067 1531 3105 de
1551 3067 1702 3119 singulis
1722 3067 1848 3106 diebus
1869 3068 1918 3106 sic
1940 3068 2034 3107 dicat
2055 3085 2062 3105 :
2088 3071 2141 3106 Et

1139 3202 1262 3233 δι’ῑωςιν.
1279 3196 1368 3229 Ibid.
1383 3195 1484 3229 Savil.
1503 3202 1550 3230 καὶ
1573 3199 1653 3230 οὐδὲν
1679 3201 1761 3231 ἔσται
1786 3212 1814 3232 τι
1840 3201 1927 3231 πλέον
1945 3207 2001 3232 τῶν
2024 3203 2126 3232 πολλῶ

1130 3257 1252 3295 μόχθων
1277 3255 1325 3283 καὶ
1353 3255 1508 3291 καμάτων,
1530 3246 1562 3280 id
1580 3247 1669 3292 quod
1686 3247 1825 3282 habetur
1840 3249 1938 3282 iufra.

1177 3314 1189 3328 ¹
1208 3302 1268 3334 Alii
1287 3308 1416 3343 ἀγαγεῖν.

1174 3356 1190 3380 b
1208 3354 1266 3387 Alii
1284 3359 1350 3399 ὅρα,

2244 677 2248 690 Ι
2301 676 2323 691 21
2339 682 2348 686 ·

1145 697 1167 724 1)
1193 690 1382 741 Propterea
1400 690 1501 728 docet
1522 705 1584 728 nos
1614 691 1770 743 Spiritus
1794 701 1949 741 sanctus,
1970 702 2050 731 ante
2067 694 2145 731 sor·
2160 668 2332 734 :filiciani
