2566 3791
200 1894 293 1920 Prtw.

213 2919 256 2934 χιιι
267 2907 330 2933 [lite.

821 271 858 301 S.
896 272 1083 302 JOANNIS

396 254 490 313 204

394 351 620 403 diligentiore
639 352 882 403 inquisitione,
905 364 944 392 ut
964 355 1152 406 possimus,
1178 353 1345 391 omnibus

394 413 532 464 liquido
549 414 758 466 exploratis,
782 415 935 453 multum
959 415 1043 452 hinc
1055 414 1220 451 utilitatis
1243 412 1346 450 nobis

393 475 531 514 afferre.
554 478 617 514 25.
650 477 776 521 Dixit,
797 476 924 525 inquit,
963 477 1131 513 Lamech
1163 475 1346 512 uxoribus

396 540 475 575 suis
507 537 611 574 Adoe
631 546 667 575 et
693 537 806 575 Sellae
829 552 840 572 .·
858 537 1010 574 Audite
1030 549 1165 573 vocem
1195 549 1343 581 meam,

398 611 537 635 uxores
556 599 725 635 Lamech
738 626 750 643 ,
775 599 934 634 auribus
945 599 1130 649 percipite
1152 610 1346 635 sermones

397 673 500 696 meos
518 674 528 694 .-
550 661 642 710 quia
660 660 792 695 virum
812 659 936 696 occidi
953 661 994 696 in
1009 659 1157 697 vulnus
1177 659 1287 704 mihi,
1311 665 1347 695 et

395 719 728 758 adolescentulum
746 721 788 757 ἰη
803 721 1023 758 cicatricem
1043 721 1150 759 mihi.
1170 720 1233 757 <24
1247 720 1348 770 Quia

395 784 534 832 septies
563 781 660 818 ultio
678 789 807 819 sumta
825 790 882 819 est
897 782 944 819 de
964 783 1079 829 Cain,
1105 784 1153 820 de
1178 784 1348 820 Lamech

395 855 490 879 vero
507 845 723 894 septuagies
739 845 889 894 septies.
900 843 1071 893 Obsecro,
1089 854 1205 882 mente
1218 844 1349 882 intenta

396 911 516 952 estote,
536 911 570 940 et
597 902 716 940 omnia
735 917 814 953 quae
835 903 882 941 ad
901 905 1084 943 saeculares
1115 920 1218 944 curas
1238 906 1349 958 perti-

397 974 494 1014 nent,
518 974 734 1017 seponentes,
749 979 831 1003 cum
849 965 1034 1017 diligentia
1053 981 1132 1017 quae
1149 967 1320 1005 dicuntur
1339 997 1348 1015 ‚

397 1035 674 1080 perscrutemur,
698 1036 738 1064 ut
761 1027 852 1064 nihil
884 1042 1007 1065 eorum
1040 1043 1103 1066 nos
1131 1029 1260 1078 lateat,
1289 1028 1350 1066 sed

398 1096 572 1140 quantum
593 1102 781 1140 possumus
802 1087 847 1125 ad
866 1087 1084 1140 profundum
1100 1088 1262 1140 ingressi,
1294 1103 1351 1127 oc-

398 1149 535 1188 cultum
570 1149 778 1188 thesaurum
806 1150 928 1187 venari
953 1149 1130 1203 possimus
1161 1150 1198 1188 in
1227 1150 1351 1202 paucis

397 1212 471 1250 illis
488 1211 606 1250 verbis
620 1212 797 1250 latentem.
822 1212 935 1249 Dixit
962 1221 1106 1261 autem,
1129 1211 1256 1263 inquit⁷
1272 1213 1350 1250 La-

401 1275 509 1312 mech
544 1276 727 1312 uxoribus
753 1275 834 1311 suis
859 1272 962 1311 Adoe
981 1281 1017 1310 et
1038 1273 1150 1311 Sellae
1169 1288 1180 1308 .·
1200 1272 1351 1311 Audite

401 1350 537 1374 vocem
554 1349 693 1383 meam,
717 1348 855 1373 uxores
877 1336 1062 1381 Lamech,
1087 1336 1246 1373 auribus
1266 1350 1351 1387 per-

399 1400 514 1449 cipite
532 1411 725 1436 sermones
738 1410 852 1435 meos.
873 1396 1079 1446 Considera,
1099 1396 1258 1447 obsecro,
1275 1406 1350 1435 sta-

399 1459 466 1496 tim
485 1458 530 1496 ab
544 1458 661 1507 initio,
674 1467 846 1509 quantum
872 1457 926 1495 illi
945 1456 1120 1510 profuerit
1139 1470 1242 1509 poena
1264 1457 1352 1495 Cain

400 1520 567 1572 irrogata.
596 1521 677 1558 Non
697 1519 813 1557 solum
837 1519 931 1556 euim
951 1532 1019 1556 non
1046 1527 1226 1569 exspectat
1255 1527 1294 1556 ut
1309 1519 1354 1556 ab

398 1581 469 1620 alio
487 1591 672 1633 arguatur,
691 1580 785 1632 quod
804 1579 839 1618 in
853 1579 946 1618 idem
960 1587 993 1617 et
1009 1578 1154 1630 gravius
1172 1588 1354 1631 peccatum

397 1643 519 1694 lapsus
549 1641 607 1691 sit,
640 1641 700 1679 sed
720 1640 820 1678 nullo
852 1639 907 1678 vel
937 1648 1123 1676 accusante
1152 1638 1208 1676 vel
1239 1639 1354 1676 incre-

398 1713 516 1756 pante,
530 1703 604 1755 ipse
621 1702 848 1754 semetipsum
866 1699 1094 1738 manifestum
1109 1700 1206 1748 facit,
1231 1709 1353 1738 etcon-

398 1765 520 1803 fitetur
537 1779 616 1816 quae
634 1764 725 1801 facta
742 1762 827 1812 sint,
848 1761 1131 1811 mulieribusque
1155 1770 1274 1798 narrat
1290 1760 1354 1798 de-

397 1826 474 1864 licti
492 1823 788 1876 magnitudinem,
805 1822 907 1874 quasi
924 1821 1018 1859 illud
1035 1821 1130 1872 quod
1145 1836 1164 1859 a
1180 1822 1353 1874 propheta

376 1913 381 1918 -
401 1887 541 1925 dictum
555 1895 619 1936 est,
639 1885 791 1937 implens
810 1899 817 1920 ε
834 1885 972 1922 Justus
998 1885 1060 1921 sui
1092 1885 1210 1935 ipsius
1243 1896 1355 1921 aecu-

399 1958 508 1989 sator
540 1957 596 1987 est
628 1950 669 1985 in
698 1948 889 1999 principio
921 1947 1119 1983 sermonis.
1153 1944 1356 1982 Plurimum

400 2012 494 2051 enim
510 2010 556 2049 ad
574 2008 795 2048 emendanda
814 2016 958 2060 peccata
971 2006 1067 2045 valet
1082 2006 1263 2044 confessio.
1275 2005 1355 2045 Uti-

400 2088 470 2124 que
486 2073 578 2111 sicut
597 2070 742 2123 gravius
762 2078 812 2107 est
833 2068 984 2121 peccatis
1000 2068 1100 2121 ipsis,
1116 2077 1196 2120 post
1214 2076 1356 2120 peccata

401 2135 602 2185 commissa,
626 2141 768 2185 peccata
796 2129 968 2168 inficiari:
993 2129 1031 2167 id
1048 2128 1145 2180 quod
1171 2127 1358 2166 fratricida

402 2196 463 2233 ille
493 2194 632 2246 agebat,
651 2202 685 2232 et
714 2200 860 2243 rogatus
874 2205 893 2228 a
913 2189 1141 2228 misericorde
1157 2191 1232 2227 Deo
1246 2220 1256 2238 ,
1286 2202 1356 2226 non

402 2257 518 2295 solum
548 2269 617 2293 non
634 2253 812 2291 consessus
839 2261 890 2290 est
908 2251 946 2289 id
973 2250 1069 2301 quod
1097 2265 1204 2287 ausus
1243 2251 1358 2287 fuerat

400 2324 543 2368 patrare
563 2312 713 2359 facinus,
735 2310 796 2349 sed
824 2319 856 2348 et
875 2312 950 2348 Deo
971 2308 1113 2346 mentiri
1139 2323 1245 2347 ausus
1272 2318 1323 2346 est
1347 2324 1354 2345 z

401 2384 434 2413 et
450 2374 530 2412 ideo
546 2382 585 2411 ut
617 2373 888 2426 prolongaretur
915 2370 988 2409 vita
1022 2384 1097 2418 sua,
1118 2370 1213 2407 fecit.
1242 2369 1359 2421 Igitur

403 2435 559 2474 Lamech
577 2435 612 2472 in
629 2434 691 2471 illa
704 2433 782 2486 ipsa
797 2440 937 2485 peecata
956 2430 1147 2468 inciderat:
1165 2429 1225 2468 scd
1241 2431 1360 2469 animo

407 2505 590 2549 reputans,
616 2494 837 2546 negationem
869 2493 1013 2544 gravius
1038 2492 1093 2530 illi
1114 2506 1256 2544 parasse
1280 2507 1363 2544 sup-

404 2558 566 2611 plicium,
588 2556 722 2595 vocatis
750 2554 962 2593 mulieribus
995 2553 1083 2604 suis,
1113 2553 1214 2592 nullo
1246 2568 1363 2606 repre—

404 2619 580 2658 hendente
594 2619 651 2658 vel
669 2625 851 2669 arguente,
872 2615 948 2668 ipsc
967 2630 1029 2654 sua
1043 2615 1164 2667 lingua
1185 2617 1363 2654 cteonses-

406 2683 541 2721 sionem
562 2689 788 2734 peccatorum
808 2677 896 2729 edit,
914 2687 948 2716 et
975 2678 1153 2716 conferens
1180 2692 1260 2728 quae
1276 2692 1295 2715 a
1329 2692 1365 2715 sc

410 2746 501 2783 facta
521 2752 725 2791 erant70um
739 2741 781 2779 iis
802 2754 879 2791 quae
898 2754 917 2777 a
940 2739 1043 2789 Cain,
1060 2753 1201 2791 poenam
1225 2739 1365 2791 sibiipsi

1356 351 1404 374 173

1368 388 1394 416 Α

212 2824 297 2851 ivn-...1
318 2830 398 2846 neca-
412 2806 551 2844 definit.
576 2803 713 2844 Vidisti
730 2801 992 2855 providentiam
1007 2800 1167 2848 Domini,
1183 2800 1365 2852 quomodo

211 2877 253 2890 sn·
288 2864 401 2890 tinisa-ii-

415 2882 525 2921 poenae
546 2866 644 2904 illius
658 2864 794 2904 occasio
813 2872 894 2901 sunt
913 2862 1177 2910 misericordiae,
1205 2871 1237 2900 ct
1261 2862 1365 2900 mise-

416 2928 567 2967 ricordia
586 2941 654 2964 non
671 2926 784 2963 solum
800 2924 844 2962 ad
867 2924 970 2962 illum
988 2923 1158 2977 pertingit
1186 2923 1245 2975 qui
1262 2938 1364 2975 poena

417 2989 594 3042 plectitur,
611 2987 671 3025 sed
691 2996 724 3024 ct
744 2986 868 3024 multis
882 2984 960 3023 aliis
975 2985 1062 3022 utile
1080 2984 1191 3023 efficit
1206 2984 1297 3022 illud
1312 2999 1366 3022 rc-

419 3051 592 3093 medinm,
628 3048 731 3086 modo
763 3047 876 3085 velint
903 3046 984 3084 inde
1013 3047 1170 3085 fructum
1207 3046 1365 3098 capere?

418 3112 524 3152 Unde
545 3111 651 3158 cuim,
675 3109 747 3158 die,
767 3123 896 3160 quaeso,
927 3108 1081 3147 Lamech
1095 3107 1140 3145 ad
1168 3107 1260 3145 lianc
1286 3120 1367 3145 con—

419 3174 604 3211 sessionem
627 3171 802 3208 adductus
824 3179 910 3208 esset
930 3200 938 3217 ,
961 3169 1029 3206 nisi
1054 3183 1175 3207 eorum
1203 3182 1283 3219 quae
1316 3167 1368 3205 illi

418 3235 654 3285 contigerunt„
693 3231 900 3269 memoriam
936 3230 1129 3279 habuisset,
1160 3244 1236 3281 quae
1271 3229 1369 3267 illius

417 3301 584 3339 continuo
618 3307 770 3336 mentem
795 3298 1042 3336 concutiebat?
1069 3300 1181 3336 Deli-it
1198 3328 1209 3349 ,
1238 3297 1367 3349 inquit:
1397 3309 1419 3337 Ιί

463 3429 474 3439 -·
493 3416 555 3447 Sex
575 3418 647 3446 Mos.
667 3420 699 3445 ct
713 3413 813 3446 sanxit.
832 3418 908 3451 ὑμῖν.
932 3413 1037 3446 tidem
1056 3426 1132 3447 mox
1151 3420 1291 3449 ἐντεῦθεν.
1311 3412 1424 3446 Mon-1.

420 3474 557 3503 ivussz.

1118 271 1360 301 CHRYSOST.
1400 271 1606 302 ARCHIEP.
1645 272 2007 303 CONSTANTINOP.

1419 356 1566 399 νηθῆναι
1609 354 1698 405 μετὰ
1733 355 1921 408 σαφηνείας
1953 356 2091 394 ἅπαντα
2121 355 2444 408 διερευνησαμένους

1420 413 1554 460 πολλὴν
1592 420 1606 436 ¹¹
1623 419 1706 466 ἡμῖν
1741 415 1805 463 τὴν
1841 417 2011 469 ὠφέλειαν
2047 419 2198 455 ἐντεῦθεν
2233 423 2443 470 παρασχεῖν.

1421 469 1509 513 Eine
1532 475 1614 527 γὰρ,
1642 477 1749 529 φησὶ,
1768 477 1898 530 Λάμεχ
1929 483 2005 521 ταῖς
2034 481 2157 516 ἑαυτοῦ
2189 477 2341 529 γυναιξὶν
2362 478 2445 528 ’Aee'

1420 536 1479 574 καὶ
1496 537 1629 590 Σελλᾷ·
1645 537 1816 577 ἀκούσατέ
1831 555 1895 589 μου
1909 543 1971 585 τῆς
1986 541 2118 590 φωνῆς,
2133 545 2293 590 γυναῖκες
2304 539 2446 590 Λάμεχ,

1421 599 1629 638 ἔνωτίσασθέ
1649 616 1714 651 μου
1740 599 1818 644 τοὺς
1831 600 1972 652 λόγους·’
1992 600 2046 639 ὅτι
2065 600 2174 653 ἄνδρα
2192 601 2379 639 ἀπέκτεινα
2399 603 2447 642 εἷς

1419 665 1559 713 τραῦμα
1579 662 1674 712 ἐμοὶ,
1695 662 1754 700 καὶ
1786 661 1964 700 νεανίσκον
1985 664 2031 705 εἷς
2064 660 2224 712 μώλωπα
2250 661 2338 712 ἐμοί.
2363 661 2447 700 εὈτι

1421 723 1565 768 ἑπτάκις
1582 723 1801 770 ἐκδεδίκηται
1825 726 1864 762 ἐκ
1882 723 1990 770 Κάϊν,
2012 726 2050 762 ἐκ
2078 722 2113 760 δὲ
2141 722 2270 775 Λάμεχ
2297 723 2447 773 ἑὸδομη-

1421 785 1582 829 κοντάκις
1609 786 1709 823 ἑπτά.
1748 784 1955 824 Συντείνατέ
1980 801 2038 835 μοι
2062 783 2126 831 τὴν
2146 784 2446 835 διάνοιαν,παρα·

1422 848 1541 895 καλῶ,
1556 847 1615 886 καὶ
1629 848 1745 886 πάντα
1759 848 1817 886 τὸν
1838 848 1999 898 βιωτικὸν
2019 846 2185 898 λογισμὸν
2202 846 2427 895 ἀπωσάμενοι
2439 876 2448 892 ,

1425 909 1513 960 μετὰ
1528 910 1706 962 ἇκριδείας
1725 908 1769 946 τὰ
1789 909 1955 961 εἰρημένα
1975 907 2293 962 διερευνησώμεθα,
2314 906 2369 945 ἵνα
2382 923 2448 958 μη-

1425 968 1479 1007 δὲν
1499 972 1592 1020 ἡμᾶς
1616 972 1732 1008 λαθεῖν
1757 971 1903 1023 δυνηθῇ,
1924 969 2001 1008 ἀλλ’
2017 970 2095 1008 ὅσον
2113 973 2197 1020 ἡμῖν
2218 963 2287 1007 οἶόν
2302 983 2339 1005 τε
2365 968 2450 1020 πρὸς

1424 1030 1463 1068 τὸ
1484 1031 1587 1081 βάθος
1614 1031 1696 1069 αὐτὸ
1716 1032 1890 1076 καθιέντες
1909 1030 2066 1079 ἑαυτοὺς,
2086 1035 2235 1082 θηρᾶσαι
2251 1031 2451 1080 δυνηθῶμεν

1423 1092 1480 1130 τὸν
1513 1093 1792 1144 ἐγκεκρυμμένον
1826 1093 1996 1143 θησαυρὸν
2031 1098 2102 1135 τοῖς
2137 1091 2284 1145 βραχέσι
2320 1091 2452 1134 τούτοις

1426 1152 1590 1204 ῥήμασιν.
1611 1146 1700 1191 Eine
1722 1153 1776 1199 δὲ,
1796 1153 1900 1206 φησὶ,
1921 1153 2052 1204 Λάμεχ
2068 1158 2144 1195 ταῖς
2162 1155 2284 1190 ἑαυτοῦ
2300 1151 2452 1202 γυναιξὶν

1424 1216 1507 1267 Ἀδᾷ
1525 1214 1584 1253 καὶ
1604 1215 1739 1267 Σελλᾷ·
1768 1214 1939 1253 ἀκούσατέ
1959 1230 2023 1265 μου
2041 1215 2104 1259 τῆς
2126 1216 2242 1265 φωνῆς
2258 1243 2267 1260 ,
2295 1219 2453 1263 γυναῖκες

1424 1276 1555 1328 Λάμεχ
1567 1307 1576 1324 ,
1611 1275 1820 1316 ἐνωτίσασθέ
1853 1292 1918 1326 μου
1951 1273 2030 1319 τοὺς
2059 1274 2192 1326 λόγους.
2225 1273 2358 1312 Σκόπει
2394 1290 2452 1324 μοι

1425 1338 1548 1382 εὐθέως
1569 1342 1607 1378 ἐκ
1637 1339 1830 1393 προοιμίων
1850 1338 1956 1376 πόσον
1986 1337 2100 1385 ὤνησε
2124 1340 2243 1375 τοῦτον
2269 1340 2291 1383 ἡ
2321 1338 2367 1379 εἷς
2395 1336 2453 1375 τὸν

1427 1400 1516 1438 Κάῖν
1535 1400 1750 1453 γεγενημένη
1773 1399 1941 1452 τιμωρία.
1961 1401 2014 1437 Οὐ
2034 1398 2135 1449 μόνον
2156 1397 2222 1449 γὰρ
2245 1399 2282 1436 οὐ
2303 1396 2455 1448 περιμέ*

1427 1478 1477 1500 νει
1494 1463 1552 1501 τὸν
1566 1462 1651 1516 παρ’
1674 1461 1791 1514 ἑτέρου
1810 1461 1965 1514 ἔλεγχόν,
1984 1463 2030 1503 ὡς
2048 1459 2098 1512 τῷ
2114 1461 2208 1512 αὐτῷ
2226 1459 2455 1511 ἁμαρτήματι

1427 1524 1449 1571 ἢ
1472 1524 1531 1562 καὶ
1548 1523 1679 1576 χείρονι
1698 1521 1909 1575 περιπεσὼν,
1925 1522 2016 1560 ἀλλὰ
2033 1521 2092 1559 καὶ
2110 1519 2254 1571 μηδενὸς
2275 1521 2456 1571 ἐγκαλοῦν-

1428 1601 1501 1631 τος,
1520 1585 1608 1636 μηδὲ
1624 1588 1869 1635 ἐπιτιμῶντος,
1885 1584 1984 1627 αὐτὸς
2004 1582 2123 1621 ἑαυτὸν
2136 1582 2330 1628 κατάδηλον
2346 1586 2456 1628 ποιεῖ,

1430 1644 1487 1683 καὶ
1510 1643 1705 1696 ἐξαγορεύει
1725 1643 1770 1681 τὰ
1790 1641 2020 1697 εἰργασμένα,
2049 1641 2109 1679 καὶ
2126 1647 2202 1683 ταῖς
2229 1639 2361 1691 γυναιξὶ
2381 1640 2456 1686 ’διη-

1429 1713 1542 1758 γεῑται
1572 1710 1631 1744 τοῦ
1658 1707 1728 1752 πλη
1735 1705 1964 1756 μμελήματος
2007 1703 2048 1741 τὸ
2081 1703 2221 1755 μέγεθος
2234 1732 2243 1749 ,
2275 1701 2456 1753 μονονουχὶ

1428 1769 1537 1806 ἐκεῖνο
1565 1768 1708 1818 πληρῶν
1728 1767 1767 1805 τὸ
1786 1765 1964 1817 εἰρημένον
1985 1764 2081 1816 παρὰ
2111 1769 2171 1803 τοῦ
2186 1762 2384 1815 προφήτου,
2404 1762 2458 1800 ὅτι

1429 1827 1570 1870 Δίκαιος
1598 1829 1720 1865 ἑαυτοῦ
1750 1825 1943 1879 κατήγορος
1968 1827 2003 1863 ἔν
2022 1824 2256 1879 πρωτολογία.
2282 1824 2456 1875 Μέγιστον

1428 1888 1496 1942 γάρ
1515 1890 1608 1928 ἐστιν
1626 1890 1674 1932 εἷς
1693 1887 1872 1939 διόρθωσιν
1891 1888 1960 1924 τῶν
1984 1886 2244 1937 ἡμαρτημένων
2274 1889 2297 1931 ἦ
2333 1886 2457 1936 ὁμολο-

1430 1950 1500 2003 γία.
1520 1950 1658 2002 εὨσπερ
1680 1942 1738 1988 οἶν
1761 1948 1950 2001 βαρύτερον
1969 1949 2038 1985 τῶν
2055 1946 2313 2000 ἡμαρτημένων
2330 1946 2460 1998 τυγχά-

1428 2028 1479 2051 νει
1495 2012 1534 2050 τὸ
1557 2010 1645 2063 μετὰ
1659 2010 1723 2058 τὴν
1743 2009 1866 2063 πρᾶξιν
1885 2012 1948 2056 τῆς
1968 2008 2142 2060 ἁμαρτίας
2161 2007 2218 2046 ἐπὶ
2236 2006 2299 2055 τὴν
2317 2007 2459 2061 ἄρνησιν

1430 2074 1609 2127 ἔρχεσθαι·
1631 2072 1715 2124 ὅπερ
1738 2071 1797 2110 καὶ
1816 2075 1833 2110 ὁ
1850 2070 2098 2124 ἀδελφοκτόνος
2117 2069 2270 2113 ι’ἐκεῖνος
2288 2069 2437 2109 πέπονθε
2450 2100 2460 2116 ,

1430 2135 1489 2173 καὶ
1504 2133 1728 2185 ἐρωτώμενος
1747 2132 1843 2184 παρὰ
1857 2135 1917 2170 τοῦ
1938 2131 2181 2184 φιλανθρώπου
2201 2134 2312 2180 Θεοῦ,
2333 2132 2370 2169 οὖ
2399 2132 2462 2182 μό-

1430 2210 1486 2233 νον
1512 2197 1575 2246 οὖχ
1606 2195 1813 2246 ὡμολόγησε
1840 2194 1879 2231 τὸ
1911 2193 1970 2231 ὑπ’
2000 2195 2104 2231 αὐτοῦ
2150 2192 2342 2243 τολμηθὲν,
2371 2194 2461 2232 ἀλλὰ

1431 2255 1489 2294 καὶ
1521 2256 1691 2305 ἐτόλμησε
1716 2254 1909 2306 ψεύσασθαι
1937 2256 2041 2304 Θεῷ,
2075 2253 2135 2291 καὶ
2169 2253 2225 2291 διὰ
2257 2259 2357 2292 τοῦτο
2388 2271 2462 2292 πα-

1435 2320 1625 2369 ραταθῆναι
1658 2318 1760 2354 αὐτοῦ
1786 2314 1848 2361 τὴν
1882 2314 1972 2362 ζωὴν
1995 2313 2171 2360 ἐποίησεν.
2194 2313 2238 2353 Ὁ
2257 2314 2368 2352 τοίνυν
2388 2317 2463 2354 Λά-

1435 2395 1504 2430 μεχ
1541 2384 1612 2420 τοῖς
1641 2378 1755 2420 αὗτοῖς
1775 2375 1989 2429 περιπεσὼν,
2023 2375 2083 2413 καὶ
2119 2377 2166 2418 εἷς
2186 2375 2319 2422 ἐκείνην
2355 2375 2463 2414 ἐλθὼν

1434 2440 1498 2487 τὴν
1520 2439 1663 2483 ἔννοιαν,
1679 2438 1732 2476 ὅτι
1752 2439 1879 2476 ἐκεῖνον
1895 2441 1916 2483 ἡ
1944 2436 2086 2489 ἄρνησις
2101 2437 2351 2489 χαλεπωτέραν
2367 2437 2464 2481 δέξα-

1437 2506 1517 2540 σθαι
1532 2499 1772 2552 παρεσκεύασε
1789 2498 1850 2546 τὴν
1865 2497 2057 2551 τιμωρίαν,
2077 2497 2228 2541 καλέσας
2254 2497 2316 2542 τὰς
2344 2500 2465 2537 ἑαυτοῦ

1437 2568 1622 2614 γυναῖκας,
1649 2560 1782 2602 οὐδενὸς
1804 2557 2126 2610 καταναγκάζοντος
2139 2589 2149 2606 ,
2169 2558 2243 2597 οὐδὲ
2265 2558 2464 2610 διελέγχον-

1437 2639 1514 2671 τος,
1548 2623 1650 2666 αὐτὸς
1677 2620 1734 2659 διὰ
1758 2623 1820 2666 τῆς
1847 2619 1976 2663 οἰκείας
1995 2619 2154 2672 γλώττης
2173 2620 2232 2658 καὶ
2259 2619 2321 2667 τὴν
2341 2623 2466 2670 ὁμολο-

1437 2684 1516 2736 γίαν
1544 2686 1611 2721 τῶν
1639 2681 1898 2733 ἡμαρτημένων
1917 2686 2092 2726 ποιεῖται,
2125 2681 2184 2718 καὶ
2212 2681 2403 2732 συγκρίνων
2422 2681 2466 2719 τὰ

1438 2748 1496 2785 ὑπ’
1515 2747 1618 2784 αὐτοῦ
1641 2744 1853 2797 εἰργασμένα
1869 2749 1939 2786 τοῖς
1958 2742 2054 2794 παρὰ
2075 2747 2134 2780 τοῦ
2154 2741 2242 2780 Κάϊν
2261 2743 2466 2795 πεπραγμέ-

1439 2824 1530 2855 νοις,
1550 2811 1662 2861 ἑαυτῷ
1693 2807 1756 2854 τὴν
1788 2805 1960 2859 τιμωρίαν
1988 2804 2107 2858 ὁρίζει.
2129 2798 2230 2847 Εἶδες
2257 2805 2467 2855 κηδεμονίαν

1440 2869 1636 2916 Δεσπότου,
1658 2872 1732 2912 πῶς
1753 2868 1811 2907 καὶ
1831 2869 1866 2904 αἱ
1885 2866 2052 2919 τιμωρίαι
2076 2869 2178 2904 αὐτοῦ
2208 2866 2469 2918 φιλανθρωπίας

1440 2931 1617 2973 ὑποθέσεις
1637 2931 1701 2969 εἷο-ἰ
1713 2961 1722 2977 ,
1743 2930 1802 2969 καὶ
1820 2930 1873 2969 ὅτι
1889 2931 1926 2967 οὐ
1948 2928 2053 2982 μέχρι
2071 2933 2131 2966 τοῦ
2145 2927 2208 2975 τὴν
2225 2927 2395 2980 τιμωρίαν
2409 2930 2468 2966 δε-

1439 2992 1587 3045 χομένου
1608 2992 1651 3030 τὰ
1670 2995 1732 3038 τῆς
1753 2990 2013 3044 φιλανθρωπίας
2031 2989 2195 3037 ἵσταται,
2219 2990 2309 3028 ἀλλὰ
2323 2990 2382 3027 καὶ
2399 2996 2470 3033 τοῖς

1440 3057 1573 3097 λοιποῖς
1597 3054 1770 3107 χρήσιμον
1791 3052 2044 3095 κατασκευάζει
2063 3051 2103 3089 τὸ
2120 3051 2317 3103 φάρμακον,
2337 3053 2367 3088 εἷ
2388 3053 2471 3101 βου-

1442 3117 1575 3162 ληθεῖεν
1593 3115 1655 3162 τὴν
1676 3113 1712 3158 ἐξ
1733 3115 1835 3152 αὐτοῦ
1859 3113 2028 3165 ὠφέλειαν
2053 3111 2329 3163 nupia-'maweu
2360 3112 2470 3150 Πόθεν

1441 3176 1528 3227 γὰρ,
1550 3175 1624 3213 εἰπέ
1642 3191 1718 3226 μοι,
1739 3177 1756 3212 ὃ
1790 3173 1919 3224 Λάμεχ
1945 3173 2107 3224 ἑτέρωθεν
2128 3171 2186 3210 ἐπὶ
2218 3171 2281 3219 τὴν
2297 3172 2470 3220 τοσαύτην

1443 3236 1687 3288 ἐξομολόγησιν
1709 3235 1852 3287 ἐπείχθη
1865 3264 1874 3282 ,
1898 3237 1927 3272 εἰ
1947 3234 1995 3285 μὴ
2015 3234 2076 3281 τὴν
2095 3237 2134 3273 ἐκ
2156 3236 2224 3271 τῶν
2242 3233 2362 3287 ἐκείνῳ
2380 3251 2470 3285 συμ-

1445 3298 1579 3336 ὅάντων
1599 3297 1795 3348 ὑπόμνησιν
1813 3290 1884 3347 εἶχε
1910 3296 2074 3342 διηνεκῶς
2103 3297 2205 3333 αὐτοῦ
2236 3295 2298 3342 τὴν
2316 3297 2469 3334 διάνοιαν

1507 3414 1522 3436 t·
1540 3412 1619 3453 Πομ.
1639 3423 1721 3443 unus
1739 3417 1843 3448 ἐκεῖνος
1860 3416 2028 3447 πεποίηκεν.
2051 3410 2126 3441 Mox
2145 3409 2231 3442 idem
2249 3417 2282 3441 ct.
2301 3409 2404 3443 Savil.
2422 3426 2470 3454 ,ffl-

1463 3469 1635 3510 >usim->xm
1656 3471 1735 3499 ὕει).
1756 3471 1814 3497 tw)
1830 3467 1905 3497 Λξε).
1926 3468 1937 3495 ἐ
1957 3466 2078 3508 ἀῦῑλρίἧ
2099 3477 2162 3502 που,
2183 3467 2213 3496 ο)
2229 3470 2329 3504 μονον.
